4458 6696
799 389 864 441 3|
1534 386 1591 442 S.
1634 379 1915 440 JOANNIS
1947 374 2439 436 CllRYSOSTOlIl
2477 372 2798 431 ARCHIEP.
2839 368 3370 432 CONSTANTINOP.
4029 373 4100 430 ις

808 499 861 557 in
892 500 1130 558 nuditate
1156 500 1419 572 degebant
1447 542 1459 562 ,
1486 497 1862 568 pmphetarum
1889 536 1904 559 ,
1933 494 2352 564 patriarcharum
2380 531 2396 558 ,

807 596 1072 665 justorum
1105 613 1119 652 :
1147 606 1204 650 et
1232 608 1417 648 omnes
1445 593 1588 659 ipsos
1613 589 1852 643 invenies
1878 603 1986 642 non
2012 587 2080 642 de
2110 585 2359 641 divitibus
2382 625 2396 641 .

810 703 917 741 non
943 687 1012 742 de
1034 686 1385 758 gaudentibus
1405 724 1420 748 ,
1449 681 1543 736 sed
1571 681 1638 736 de
1668 680 1946 750 egentibus
1970 721 1985 746 ,
2019 677 2281 732 tribulatis
2302 715 2317 738 ,
2349 681 2402 728 et

815 779 1127 846 angustiatis
1155 792 1292 832 esse.

883 871 974 924 H.
1013 869 1138 923 Hzre
1175 865 1312 936 apud
1353 865 1579 932 tcipsum
1621 862 1917 932 colligens,
1951 858 2174 914 Domino
2199 853 2400 926 gratias

811 975 912 1029 age
939 1000 958 1026 ,
986 959 1124 1028 quod
1159 968 1210 1012 te
1238 957 1394 1024 hujus
1426 955 1545 1007 fecit
1575 954 1735 1008 sortis
1759 996 1774 1018 ,
1805 967 1911 1006 non
1938 963 2132 1004 exosus
2155 987 2170 1010 ,
2211 945 2304 1000 sed
2346 953 2402 1000 et

811 1050 967 1105 valde
991 1049 1217 1118 diligens
1247 1065 1260 1101 :
1291 1063 1411 1101 nam
1454 1056 1507 1100 et
1547 1047 1665 1100 illos
1695 1053 1772 1098 tot
1799 1041 1976 1112 gravia
2007 1039 2110 1107 pati
2140 1053 2243 1090 non
2273 1051 2398 1104 per—

808 1142 1080 1204 misisset,
1115 1141 1215 1194 nisi
1247 1142 1595 1194 vehementer
1618 1143 1887 1198 amasset,
1919 1130 2167 1201 quoniam
2203 1129 2398 1183 clario-

807 1249 895 1289 res
925 1234 1066 1302 ipsos
1095 1249 1187 1302 per
1215 1233 1330 1286 haec
1368 1231 1505 1285 mala
1545 1227 1818 1282 reddebat.
1861 1222 2069 1278 Nullum
2108 1220 2397 1289 gratiarum

809 1329 1006 1381 actioni
1039 1344 1130 1396 par
1157 1327 1353 1381 bonum
1382 1342 1396 1390 ;
1425 1319 1870 1394 quemadmodum
1900 1314 2227 1383 bIaSphcmia
2251 1312 2401 1381 pejus

811 1418 966 1471 nihil.
1018 1417 1096 1471 Ne
1139 1416 1504 1475 admiremur,
1551 1408 1692 1479 quod
1735 1405 2098 1477 spiritualibus
2142 1402 2401 1456 instantes

808 1508 973 1562 nndta
1006 1510 1268 1576 patiamur
1292 1506 1534 1559 adversa.
1568 1500 1637 1557 Ut
1680 1500 1820 1556 enim
1867 1498 2100 1550 latrones
2125 1535 2141 1561 ,
2173 1510 2279 1550 non
2310 1494 2400 1549 ubi

809 1601 1009 1653 fumum
1036 1609 1090 1652 et
1119 1598 1283 1665 palea}
1309 1603 1364 1650 et
1389 1595 1628 1648 calamus
1651 1633 1668 1658 ,
1691 1590 1784 1645 sed
1805 1590 1896 1644 ubi
1919 1603 2107 1642 aurum
2133 1597 2186 1641 et
2205 1601 2397 1656 argen-

805 1699 916 1742 tum
945 1729 962 1755 ,
995 1688 1065 1742 ibi
1095 1688 1300 1741 fodiunt
1324 1695 1380 1741 et
1403 1683 1618 1739 assidue
1647 1681 1864 1751 vigilant
1893 1697 1906 1732 :
1944 1679 2022 1733 sic
2061 1687 2116 1732 et
2154 1677 2398 1734 diabolus

803 1779 867 1831 iis
896 1777 1127 1832 maxime
1154 1777 1334 1841 instat,
1359 1775 1451 1844 qui
1493 1771 1786 1841 spiritualia
1835 1769 2104 1838 attingunt
2145 1769 2353 1838 negotia
2381 1784 2398 1833 ;

805 1868 877 1922 ibi
903 1868 1083 1922 multa:
1111 1867 1346 1930 insidim,
1373 1865 1458 1919 ubi
1483 1865 1647 1916 virtus
1680 1880 1694 1916 :
1727 1861 1836 1914 illic
1869 1861 2062 1914 invidia
2089 1901 2106 1926 ,
2134 1859 2224 1913 ubi
2250 1860 2399 1914 elec-

805 1975 1050 2031 mosyna.
1081 1960 1183 2014 Sed
1214 1967 1298 2014 est
1325 1957 1478 2010 nobis
1501 1955 1664 2010 telum
1689 1955 1978 2008 maximum
2003 1994 2018 2018 ,
2045 1953 2189 2022 quod
2210 1967 2399 2006 omnes

806 2050 944 2104 tales
970 2049 1242 2104 machinas
1274 2047 1532 2115 repellere
1564 2045 1779 2109 valeat,
1821 2055 1879 2098 ttt
1922 2059 2017 2113 per
2057 2043 2173 2096 lucc
2219 2043 2398 2096 omnia

807 2143 915 2199 Deo
943 2143 1143 2213 gratias
1169 2157 1410 2212 agamus.
1445 2139 1582 2194 Abel
1609 2181 1624 2204 ,
1652 2138 1740 2193 dic
1763 2138 1892 2192 mihi
1919 2179 1934 2202 ,
1964 2151 2141 2190 nonne
2180 2135 2247 2188 de
2288 2135 2397 2201 pri-

805 2236 967 2288 mitiis
997 2235 1108 2288 Deo
1136 2234 1444 2287 Sacriﬁcaus
1466 2273 1482 2296 ,
1521 2232 1751 2284 fraterna
1793 2227 1985 2283 cecidit
2025 2242 2186 2280 manu
2219 2225 2238 2295 (
2267 2224 2395 2278 Gen.

803 2328 836 2380 4
863 2328 911 2396 )?
937 2326 1030 2380 sed
1063 2334 1238 2378 tamen
1275 2326 1412 2378 Deus
1441 2322 1681 2392 permisit
1709 2362 1724 2386 ,
1759 2335 1866 2374 non
1895 2335 2019 2374 cum
2051 2331 2274 2388 perosus
2305 2317 2394 2386 qui

803 2432 862 2472 se
889 2416 1207 2481 honoravit,
1242 2415 1334 2469 scd
1365 2413 1520 2468 valde
1549 2413 1775 2484 diligens
1806 2430 1818 2466 :
1861 2421 1914 2467 et
1955 2419 2151 2480 pra-ter
2190 2410 2399 2479 specio-

807 2509 1006 2563 sissimi
1038 2508 1178 2562 illius
1219 2506 1467 2562 sacriﬁcii
1503 2521 1755 2560 coronam
1781 2545 1798 2570 ,
1831 2504 2054 2558 alteram
2095 2503 2254 2557 etiam
2299 2501 2398 2570 ipsi

805 2615 904 2669 per
933 2599 1245 2670 martyrium
1277 2598 1540 2668 praebens.
1569 2595 1744 2650 Moses
1764 2595 1972 2650 cuidam
1999 2593 2188 2662 injuria
2211 2591 2402 2646 aﬂ'ecto

799 2693 1048 2762 opitulari
1080 2693 1284 2758 voluit,
1326 2704 1381 2747 et
1423 2691 1557 2746 mori
1601 2690 1931 2760 periclitatus
1969 2699 2091 2753 est,
2137 2700 2192 2742 et
2231 2688 2400 2757 patria

801 2783 1000 2839 excidit
1029 2784 1048 2855 (
1078 2782 1246 2837 Exod.
1275 2783 1311 2836 2
1339 2783 1379 2854 ),
1414 2783 1662 2852 Deosque
1693 2781 1932 2851 permisit
1961 2821 1976 2845 ,
2008 2789 2064 2834 ut
2093 2788 2398 2834 sanctorum

806 2875 1114 2944 patientiam
1146 2874 1339 2930 discas.
1372 2874 1430 2928 Si
1459 2874 1602 2928 enim
1631 2873 1842 2941 praescii
1874 2872 2002 2926 nihil
2029 2886 2126 2926 nos
2147 2884 2398 2940 passuros

802 2967 926 3019 mali
951 3007 966 3028 ,
999 2967 1076 3019 sic
1102 2967 1393 3036 spiritualia
1425 2965 1781 3034 attigissemus
1807 2963 2017 3034 negotia
2043 3003 2058 3029 ,
2102 2963 2233 3017 nihil
2275 2977 2394 3016 ma-

801 3074 967 3128 gnum
1009 3057 1184 3113 facere
1230 3058 1324 3112 visi
1373 3071 1612 3111 essemus
1638 3097 1654 3122 ,
1704 3055 1810 3110 tale
1855 3056 2159 3111 securitatis
2204 3055 2398 3125 pignus

805 3150 1065 3205 habentes
1096 3169 1108 3202 :
1143 3165 1283 3204 nunc
1311 3165 1440 3204 vero
1469 3150 1590 3204 hinc
1629 3150 1866 3203 maxime
1903 3148 2244 3202 admirabiles
2274 3154 2400 3201 sunt

801 3242 892 3306 qui
921 3243 1043 3295 talia
1077 3242 1273 3296 faciunt
1298 3284 1311 3302 ,
1339 3239 1483 3309 quod
1507 3250 1562 3295 et
1579 3240 1812 3311 pericula
1837 3250 1891 3294 et
1911 3239 2104 3293 damna
2129 3279 2146 3304 ,
2173 3248 2229 3292 et
2255 3252 2400 3292 mor-

802 3339 902 3395 tes,
923 3341 975 3386 et
997 3332 1194 3387 infinita
1226 3331 1577 3402 przcvidentes
1595 3331 1754 3395 mala,
1776 3342 1950 3384 tamen
1969 3327 2404 3398 hujusmodioffi-

801 3423 902 3476 ciis
933 3439 1037 3476 non
1067 3423 1327 3477 absistaut
1347 3465 1361 3486 ,
1395 3437 1565 3490 neque
1605 3422 1856 3475 timorum
1875 3423 1891 3453 ¹
1919 3419 2403 3488 exspectationibus

803 3514 1078 3580 segniores
1095 3512 1217 3566 facti
1239 3513 1362 3566 sint.
1384 3511 1533 3567 Sicut
1549 3511 1708 3582 igitur
1723 3520 1832 3564 tres
1850 3510 1994 3578 pueri
2017 3509 2264 3564 dicebant
2280 3527 2292 3561 :
2308 3508 2404 3563 Est

807 3603 948 3656 Deus
977 3604 1028 3655 in
1058 3603 1179 3656 cazlo
1205 3613 1379 3672 potens
1409 3603 1599 3670 eripere
1625 3618 1716 3655 nos
1743 3616 1763 3654 :
1791 3611 1837 3654 et
1863 3602 1907 3654 si
1932 3617 2032 3654 non
2059 3643 2075 3668 ,
2120 3610 2295 3654 notum
2337 3601 2401 3654 sit

804 3694 893 3746 tibi
921 3735 938 3758 ,
967 3709 1059 3747 rex
1081 3734 1095 3760 ,
1122 3693 1259 3762 quod
1287 3693 1386 3747 diis
1411 3693 1507 3746 tuis
1535 3709 1634 3746 non
1660 3693 1903 3746 servimus
1927 3734 1941 3757 ,
1971 3703 2016 3746 et
2042 3709 2248 3746 auream
2269 3694 2394 3745 ima-

805 3787 971 3856 ginem
994 3826 1009 3851 ,
1034 3802 1186 3856 quam
1205 3785 1405 3838 erexiin
1422 3827 1436 3849 ,
1464 3802 1563 3838 non
1587 3784 1860 3840 adoramus
1884 3785 1902 3855 (
1925 3785 2058 3839 Dan.
2083 3785 2136 3840 5.
2162 3787 2250 3841 l7.
2275 3785 2364 3856 18)
2385 3804 2397 3839 :

808 3888 862 3932 et
891 3887 944 3931 tu
979 3879 1134 3947 igitur
1161 3877 1376 3947 quando
1405 3877 1530 3945 quid
1561 3876 1686 3931 boni
1718 3876 2012 3930 secundum
2059 3877 2228 3930 Deum
2275 3891 2402 3944 ope-

807 3952 911 4022 rari
959 3968 1126 4022 debes
1149 4009 1164 4032 ,
1198 3968 1360 4020 multa
1390 3967 1634 4036 prospice
1664 3967 1920 4035 pericula,
1957 3965 2124 4020 multa
2166 3965 2356 4020 damna
2383 4006 2399 4030 ,

811 4059 1006 4112 nmltas
1032 4067 1274 4121 mortes;
1314 4069 1367 4110 et
1416 4073 1482 4110 ue
1526 4057 1774 4122 mireris,
1816 4072 1990 4125 neque
2034 4057 2399 4126 perturberis,

809 4151 854 4203 si
889 4149 1002 4203 lure
1029 4149 1288 4202 accidant.
1321 4146 1464 4212 Fili,
1501 4148 1704 4218 inquit,
1735 4148 1976 4201 accedens
2013 4149 2082 4201 ad
2118 4149 2403 4201 servitutem

807 4240 906 4294 Dei
931 4281 944 4303 ,
977 4256 1211 4309 praepara
1240 4241 1464 4292 animam
1494 4250 1636 4292 luant
1661 4239 1730 4291 ad
1759 4239 2084 4293 tentalionem
2113 4239 2130 4310 (
2156 4237 2315 4293 Ercli.
2342 4237 2399 4291 2.

811 4334 833 4386 1
865 4338 908 4399 ).
943 4331 1110 4386 Nemo
1139 4345 1330 4400 nempe
1358 4347 1591 4401 pugnare
1617 4331 1914 4386 decernens
1937 4373 1952 4395 ,
1983 4331 2184 4401 absque
2212 4331 2401 4385 vulne-

811 4425 959 4480 ribus
987 4439 1236 4479 coronam
1267 4435 1541 4492 reportare
1569 4433 1860 4493 exspectat.
1892 4424 1960 4478 Et
1981 4431 2036 4474 ttt
2061 4421 2253 4494 igitur,
2273 4422 2404 4476 cha-

813 4516 1024 4569 rissime
1043 4554 1057 4577 ,
1081 4529 1202 4568 cmn
1223 4515 1437 4568 diabolo
1463 4517 1586 4569 totis
1607 4515 1807 4570 viribus
1835 4529 2068 4584 pugnare
2096 4528 2399 4582 aggressus,

813 4621 881 4660 ne
906 4605 1064 4658 vitam
1107 4619 1348 4658 securam
1389 4615 1441 4658 et
1483 4605 1688 4660 deliciis
1728 4606 1940 4674 plenam
1988 4606 2252 4676 sequaris.
2281 4603 2398 4658 Non

811 4697 955 4749 enim
984 4694 1070 4750 hic
1100 4695 1193 4748 tibi
1239 4695 1614 4750 retributiones
1656 4704 1711 4748 et
1752 4697 2167 4764 promissiones,
2211 4695 2308 4751 sed
2349 4696 2400 4750 in

814 4787 995 4840 futuro
1021 4785 1218 4840 satculo
1264 4784 1442 4839 omnia
1491 4785 1745 4853 prrcclara
1788 4786 1928 4840 Deus
1967 4786 2227 4855 promisit.
2267 4786 2400 4841 Cum

815 4879 974 4948 igitur
1002 4879 1083 4933 vel
1113 4878 1226 4948 ipse
1251 4877 1450 4932 bonum
1482 4876 1671 4931 feceris
1696 4919 1710 4940 ,
1739 4884 1793 4930 ct
1816 4877 2080 4932 contraria
2110 4880 2398 4948 receperis,

818 4971 903 5024 vel
931 4970 1091 5023 alium
1125 4969 1225 5024 hoc
1255 4967 1454 5023 videris
1495 4969 1782 5034 patientem
1811 5009 1827 5032 ,
1865 4968 2034 5036 gaude
2075 4977 2130 5023 et
2176 4969 2355 5023 laetare
2386 4987 2399 5022 :

817 5059 1032 5128 majoris
1059 5061 1198 5115 enim
1229 5061 1320 5115 tibi
1352 5058 1718 5114 retributionis
1745 5060 1962 5113 materia
1991 5067 2091 5112 est.
2121 5059 2196 5114 Ne
2222 5061 2403 5114 conci-

815 5150 955 5214 das,
1008 5166 1176 5218 neque
1219 5151 1394 5204 solvas
1437 5150 1599 5203 animi
1651 5148 1930 5215 studium,
1979 5163 2149 5218 neque
2193 5150 2404 5219 Segnior

820 5241 918 5293 tias
942 5281 957 5303 ,
989 5239 1081 5293 sed
1113 5240 1285 5308 potius
1311 5245 1444 5296 insta
1465 5256 1586 5295 cum
1613 5241 1801 5312 majori
1824 5240 2118 5296 alacritate.
2145 5241 2402 5307 Quoniam

818 5342 874 5385 et
925 5331 1149 5401 apostoli
1196 5346 1316 5383 cum
1373 5333 1770 5400 prmdicabant,
1823 5334 1922 5388 etsi
1967 5331 2401 5402 ﬂagellarentur,

819 5421 1198 5488 lapidarcntur,
1231 5436 1475 5475 carceres
1518 5427 1766 5480 continue
1808 5425 2131 5488 habitarent,
2175 5438 2278 5478 non
2319 5437 2406 5476 so-

821 5512 928 5568 lum
975 5521 1091 5582 post
1135 5511 1492 5582 periculorum
1543 5513 1948 5578 liberationem,
1990 5513 2084 5570 sed
2113 5523 2168 5570 et
2193 5515 2244 5569 in
2278 5514 2403 5584 ipsis

883 5686 902 5718 ⁸
937 5694 1063 5738 Unus
1084 5689 1233 5741 habet
1259 5703 1271 5738 :
1298 5697 1456 5752 Neque
1487 5688 1823 5739 (intenderam.
1861 5687 1992 5740 Alter

2035 5703 2047 5739 :
2084 5699 2240 5755 Neque
2281 5705 2383 5743 mor

823 5751 956 5799 imm.

2513 490 2765 560 periculis
2789 506 2913 548 cum
2940 491 3142 564 majore
3183 489 3455 546 alacritate
3496 482 3738 540 veritatis
3774 490 4098 556 praeconium

2509 584 2878 640 enuntiabant.
2913 584 2982 640 Et
3008 585 3190 640 videre
3217 591 3302 637 est
3324 578 3543 635 Paulum
3588 578 3641 631 in
3681 578 3797 648 ipso
3834 593 4051 635 carcere
4077 623 4095 648 ,

2510 675 2562 728 in
2595 675 2725 743 ipsis
2749 677 2954 732 catenis
2984 678 3330 732 instruentem
3353 711 3371 738 ,
3399 669 3697 725 initiantem
3725 710 3741 735 ,
3783 680 3840 728 et
3885 672 3940 726 in
3980 671 4099 727 foro

2504 765 2746 832 judiciali
2773 783 2989 823 rursum
3019 768 3156 824 idem
3185 764 3466 820 facientem
3493 801 3512 827 ,
3541 769 3596 815 et
3632 760 3686 816 in
3729 761 4005 834 naufragio
4045 773 4100 818 et

2510 855 2562 909 in
2589 866 2909 927 tempestate
2932 901 2948 926 ,
2979 869 3033 915 et
3062 859 3114 912 in
3144 854 3395 928 periculis
3419 853 3734 908 innumeris.
3777 853 3858 909 Tu
3885 871 4099 926 quoque

2509 957 2724 1004 sanctos
2763 951 2897 1005 istos
2943 951 3232 1014 tumulare,
3272 954 3328 1002 et
3366 960 3398 1000 a
3441 942 3597 999 bonis
3634 945 3920 1014 operibus,
3968 946 4094 1001 dum

2510 1051 2682 1110 potes,
2732 1057 2800 1097 ne
2843 1043 3057 1098 excidas
3088 1044 3105 1074 ¹
3136 1061 3151 1097 :
3183 1051 3236 1096 et
3263 1041 3386 1094 licet
3429 1037 3622 1092 millies
3667 1038 4094 1107 interpellantem

2511 1141 2562 1186 te
2595 1133 2867 1189 diabolum
2909 1136 3137 1198 videris,
3180 1145 3438 1200 nusquam
3485 1129 3733 1184 absistas.
3781 1130 3858 1185 Tu
3879 1133 4093 1201 quidem

2509 1228 2764 1294 pecunias
2852 1230 3126 1298 perferens
3171 1267 3188 1292 ,
3261 1227 3398 1280 forte
3462 1223 3788 1293 naufragium
3855 1225 4023 1282 fecisti
4075 1245 4091 1293 ;

2510 1315 2706 1371 Paulus
2749 1327 2928 1373 autem
2972 1318 3218 1374 omnibus
3264 1315 3504 1386 pecuniis
3551 1315 3831 1382 pretiosius
3873 1319 4093 1374 verbum

2510 1405 2687 1461 ferens
2707 1449 2721 1472 ,
2753 1408 2978 1464 Romam
3005 1410 3180 1464 abibat
3206 1451 3220 1471 ,
3262 1417 3318 1462 et
3342 1409 3392 1461 in
3419 1407 3749 1476 naufragium
3780 1409 3961 1465 incidit
3989 1454 4004 1476 ,
4039 1421 4095 1467 ct

2511 1497 2714 1552 infinita
2742 1500 2906 1555 subiit
2933 1499 3288 1554 incommoda.
3320 1499 3386 1552 Et
3413 1498 3514 1553 hoc
3539 1499 3653 1566 ipse
3685 1499 3974 1556 declaravit
4014 1504 4096 1558 di-

2507 1605 2635 1647 cens
2662 1609 2675 1645 :
2707 1591 2911 1662 Swpius
2936 1593 3183 1646 voluimus
3207 1591 3375 1645 venire
3425 1590 3495 1643 ad
3536 1606 3621 1644 vos
3641 1631 3656 1655 ,
3709 1591 3796 1645 sed
3833 1592 4095 1654 impedivit

2507 1700 2600 1738 nos
2622 1693 2824 1739 satanas
2856 1684 2876 1756 (
2902 1687 2953 1740 l.
2980 1685 3158 1739 Thess.
3184 1683 3240 1749 2,
3272 1683 3337 1738 18
3361 1682 3379 1752 )
3409 1700 3423 1736 :
3450 1690 3505 1736 et
3546 1682 3684 1737 Deus
3703 1687 3946 1753 permisit
3972 1727 3987 1751 ,
4025 1703 4092 1740 cx

2508 1778 2959 1845 superabundanti
2988 1793 3138 1832 suam
3159 1776 3533 1832 demonstrans
3554 1775 3804 1831 virtutem
3831 1787 3885 1831 et
3908 1788 4092 1833 osten-

2509 1867 2642 1922 dens
2669 1909 2684 1934 ,
2713 1870 2852 1938 quod
2885 1869 3089 1924 inﬁnita
3115 1868 3342 1923 faciente
3380 1866 3592 1922 diabolo
3635 1877 3692 1923 et
3729 1870 4046 1938 prohibente
4073 1911 4092 1938 ,

2508 1960 2639 2012 nihil
2665 1976 2727 2013 ex
2758 1961 2857 2014 hoc
2884 1961 3190 2029 praedicatio
3213 1958 3550 2012 minuebatur
3571 2000 3586 2025 ,
3616 1969 3707 2014 aut
3735 1961 4091 2032 interrumpe-

2508 2050 2680 2102 batur.
2710 2049 2912 2104 idcirco
2942 2053 2993 2104 in
3022 2050 3270 2105 omnibus
3290 2049 3484 2104 Paulus
3510 2049 3620 2103 Deo
3642 2051 3840 2121 gratias
3862 2052 4050 2122 agebat
4074 2094 4090 2117 ,

2506 2142 2684 2194 sciens
2709 2142 2849 2210 quod
2880 2143 3244 2210 probatiorem
3273 2158 3368 2212 per
3396 2142 3511 2197 haze
3538 2157 3597 2197 se
3622 2143 3761 2199 Deus
3789 2145 4046 2200 reddebat
4075 2165 4088 2199 :

2505 2238 2560 2282 et
2587 2230 2746 2283 studii
2797 2231 2881 2284 sui
2937 2231 3326 2286 vehementiam
3371 2232 3424 2286 in
3476 2233 3728 2288 omnibus
3769 2233 4089 2299 exhibebat,

2505 2321 2650 2376 nullo
2675 2321 2864 2376 horum
2906 2323 3408 2392 impedimentorum
3432 2324 3717 2379 cohibitus.
3745 2325 3964 2392 Quoties
3991 2325 4092 2393 igi-

2506 2423 2589 2467 tur
2619 2413 2854 2469 frustrati
2884 2415 3138 2471 fuerimus
3166 2457 3182 2482 ,
3213 2417 3372 2471 toties
3401 2417 3690 2486 spiritualia
3716 2431 3877 2487 Opera
3903 2433 4094 2488 aggre-

2509 2507 2762 2562 diamur:
2806 2524 2980 2578 neque
3012 2509 3254 2564 dicamus
3277 2551 3292 2574 ,
3336 2525 3501 2579 quare
3538 2510 3680 2564 Deus
3717 2509 4092 2580 impedimenta

2509 2602 2790 2669 permisit?
2832 2611 3048 2672 propter
3087 2603 3190 2659 hoc
3234 2604 3376 2658 enim
3424 2604 3709 2674 permisit,
3757 2614 3816 2658 ut
3857 2606 4090 2660 studium

2509 2700 2654 2744 tuum
2685 2691 2853 2746 multo
2875 2693 3042 2762 magis
3066 2693 3406 2749 demonstres
3429 2736 3445 2760 ,
3472 2703 3527 2748 et
3563 2695 3784 2748 multum
3831 2709 4088 2751 amorem.

2505 2781 2746 2834 Amantis
2774 2782 2916 2835 enim
2959 2783 3191 2838 maxime
3227 2792 3310 2838 est
3336 2825 3350 2849 ,
3398 2799 3688 2854 numquam
3729 2785 3796 2840 ab
3826 2787 3888 2840 iis
3917 2827 3932 2850 ,
3973 2802 4093 2856 quze

2504 2879 2683 2924 amato
2711 2871 3047 2940 complacent
3066 2913 3082 2938 ,
3111 2872 3393 2928 absistere.
3423 2875 3593 2929 Mollis
3618 2877 3760 2930 enim
3790 2885 3843 2931 et
3873 2878 4092 2946 ignavus

2503 2976 2568 3014 ex
2600 2962 2772 3030 primo
2801 2964 2980 3017 statim
3012 2964 3212 3034 impetu
3251 2967 3533 3030 concidet;
3580 2967 3874 3022 vehemens
3914 2979 4089 3024 autem

2503 3063 2556 3108 et
2581 3055 2844 3109 excitatus
2867 3096 2880 3118 ,
2914 3056 3014 3110 etsi
3043 3057 3235 3112 millies
3275 3058 3640 3130 iuterpelletur
3665 3101 3682 3126 ,
3728 3069 3878 3114 tanto
3924 3063 4090 3132 magis

2503 3146 2700 3200 divinis
2725 3147 2886 3201 rebus
2915 3147 3134 3202 instabit
3158 3190 3173 3214 ,
3203 3159 3458 3218 quantum
3487 3151 3538 3203 in
3578 3166 3638 3205 se
3663 3160 3746 3205 est
3779 3153 3955 3206 omnia
3984 3153 4088 3206 im-

2508 3239 2658 3307 plens
2679 3277 2698 3302 ,
2718 3245 2773 3292 et
2799 3240 2850 3292 in
2878 3236 3123 3294 omnibus
3147 3241 3344 3310 gratias
3369 3255 3532 3311 agens
3559 3258 3573 3295 :
3603 3240 3702 3296 hoc
3729 3251 3780 3296 et
3812 3257 3908 3297 nos
3933 3243 4092 3298 facia-

2508 3346 2648 3386 mus.
2681 3331 2901 3400 Magnus
2928 3331 3208 3385 thesaurus
3232 3333 3516 3401 gratiarum
3548 3333 3686 3388 actio
3709 3372 3727 3400 ,
3769 3349 3972 3404 magna:
4009 3335 4093 3390 di-

2509 3421 2652 3475 vitiae
2673 3461 2689 3486 ,
2721 3421 3148 3490 inconsumptum
3177 3423 3373 3476 bonum
3393 3465 3407 3488 ,
3441 3431 3704 3476 armatura
3739 3422 3885 3476 fortis
3913 3441 3926 3476 :
3954 3425 4089 3478 sicut

2508 3523 2562 3568 et
2591 3513 2918 3583 blasphemia
2947 3523 3260 3582 praesentem
3283 3513 3543 3584 jacturam
3573 3513 3796 3567 intendit
3819 3556 3834 3578 ,
3862 3523 3914 3568 ct
3941 3515 4086 3583 plura

2505 3618 2663 3672 quam
2691 3619 2811 3672 qua:
2853 3602 3216 3673 perdidimus,
3259 3605 3475 3673 insuper
3513 3604 3690 3674 perire
3733 3605 3876 3661 facit.
3909 3606 4089 3660 Perdiv

2506 3695 2629 3749 disti
2659 3697 2956 3765 pecunias?
2985 3698 3028 3751 si
3057 3700 3253 3767 gratias
3278 3699 3492 3768 quidem
3520 3701 3690 3768 egeris
3709 3742 3724 3766 ,
3753 3701 3981 3754 animam
4012 3701 4090 3753 lu-

2509 3793 2692 3840 cratus
2716 3802 2773 3840 es
2796 3828 2812 3853 ,
2844 3799 2898 3841 et
2928 3790 3161 3855 majores
3204 3799 3389 3842 nactus
3428 3806 3486 3844 es
3532 3791 3740 3844 divitias
3768 3832 3782 3855 ,
3829 3793 3950 3860 quia
3995 3791 4088 3843 Dei

2509 3877 2933 3932 benevolentiam
2977 3879 3069 3932 tibi
3109 3879 3424 3948 ampliorem
3477 3881 3814 3944 conciliasti;
3874 3882 3917 3934 si
3961 3897 4090 3934 vero

2509 3967 2960 4038 blasphemaveris
2981 4010 2996 4034 ,
3029 3969 3247 4036 insuper
3285 3978 3341 4024 et
3378 3971 3598 4024 salutem
3643 3979 3786 4024 tuam
3821 3971 4039 4024 amisisti
4068 4010 4086 4036 ,

2509 4073 2681 4125 neque
2724 4058 2840 4114 illas
2884 4059 3231 4127 recuperasti,
3273 4068 3327 4115 et
3362 4075 3520 4130 quam
3559 4059 3788 4114 habuisti
3834 4061 4086 4125 animam,

2509 4151 2644 4204 hanc
2671 4164 2882 4219 quoque
2904 4149 3166 4204 occidisti.

2580 4241 2668 4295 12.
2690 4239 2929 4307 Prwcipil
2959 4251 3011 4293 ut
3049 4240 3332 4310 blasphemi
3371 4241 3713 4311 corripiantur
3747 4251 3795 4295 et
3827 4242 4085 4308 vapulem.

2507 4332 2699 4387 —Scd
2746 4340 3024 4402 postquam
3064 4333 3132 4388 dc
3174 4334 3502 4404 blasphemia
3553 4335 3704 4390 nobis
3747 4337 3906 4390 verba
3951 4351 4091 4389 nunc

2508 4422 2643 4476 facta
2686 4431 2829 4485 sunt,
2858 4436 3016 4476 unam
3053 4437 3082 4475 a
3120 4422 3273 4478 vobis
3301 4425 3548 4478 omnibus
3573 4433 3750 4494 petere
3777 4424 3898 4479 volo
3930 4425 4091 4478 retri-

2509 4511 2778 4566 butionem
2811 4526 2906 4580 pro
2927 4511 3183 4567 concione
3207 4513 3304 4567 hac
3345 4524 3504 4584 atque
3547 4529 3824 4569 sermone:
3847 4519 3916 4568 'ut
3943 4514 3993 4566 in
4020 4513 4086 4566 ci-

2509 4602 2670 4654 vitate
2715 4601 3140 4669 blasphemantes
3180 4602 3307 4656 mihi
3343 4603 3632 4674 eastigetis.
3684 4603 3738 4659 Si
3786 4603 4089 4674 quempiam

2508 4691 2561 4745 in
2591 4691 2730 4745 bivio
2759 4700 2816 4744 et
2844 4692 2958 4744 foro
2982 4691 3094 4746 Deo
3116 4692 3566 4760 blasphemantem
3593 4694 3844 4759 audieris,
3875 4692 4090 4756 accede,

2510 4782 2723 4850 increpa
2746 4800 2756 4834 :
2782 4790 2836 4835 et
2863 4781 2907 4834 si
2937 4781 3157 4835 verbera
3191 4782 3429 4849 infligere
3457 4791 3717 4854 oporteat,
3747 4799 3813 4837 ne
3842 4797 4092 4838 recuses:

2510 4874 2674 4942 ipsius
2697 4873 2882 4928 faciem
2911 4874 3061 4942 alapa
3098 4883 3314 4942 percute
3338 4917 3351 4939 ,
3391 4887 3610 4931 contere
3639 4891 3698 4930 os
3729 4875 3893 4944 ipsius
3923 4917 3938 4940 ,
3973 4891 4090 4943 pcr-

2507 4966 2755 5019 cussione
2771 4980 2982 5018 manum
3000 4973 3142 5017 tttam
3161 4966 3449 5020 sanctiﬁca.
3467 4967 3531 5020 Et
3546 4967 3588 5020 si
3609 4966 3696 5020 ulli
3711 4966 4090 5029 accusaverim,

2508 5064 2562 5108 et
2589 5055 2632 5108 si
2662 5056 2712 5109 in
2734 5054 2990 5123 judicium
3017 5056 3306 5120 traxerint,
3346 5071 3605 5126 sequere:
3647 5065 3700 5108 et
3726 5055 3769 5107 si
3801 5068 3985 5122 pmnas
4006 5055 4093 5121 ju-

2509 5145 2608 5198 dcx
2638 5160 2734 5212 pro
2761 5145 3008 5198 tribunali
3039 5149 3424 5216 repoposcerit,
3444 5147 3658 5200 diccum
3683 5143 4091 5213 libcrtate,quod

2511 5235 2819 5303 angelorum
2860 5235 3058 5306 lli-gem
3105 5236 3571 5308 blasphemaverit.
3621 5233 3678 5288 Si
3721 5234 3861 5288 enim
3916 5250 4091 5303 regem

2513 5335 2669 5379 terrze
2711 5327 3145 5396 blasphemantes
3175 5330 3346 5399 puniri
3377 5334 3588 5394 oportet
3610 5367 3624 5389 ,
3651 5325 3814 5380 multo
3837 5328 4001 5395 magis
4033 5327 4095 5378 il-

2511 5416 2618 5471 lum
2674 5421 2992 5475 contumelia
3026 5421 3339 5474 allicientes.
3387 5417 3683 5471 Commune
3724 5416 3926 5472 crimen
3974 5426 4094 5482 est,

2513 5511 2720 5580 publica
2753 5513 2966 5584 injuria,
2989 5515 3180 5582 cuique
3203 5525 3457 5564 accusare
3483 5509 3679 5564 volenti
3713 5510 3852 5566 licet.
3885 5510 4096 5564 Discant

2580 5693 2595 5723 ¹
2633 5699 2732 5740 Duo
2756 5700 2860 5739 Mss.
2889 5698 2942 5739 et
2980 5689 3140 5748 s‘avil.,
3173 5697 3222 5737 In
3249 5687 3378 5738 bonis
3402 5685 3626 5748 operibus
3663 5699 3913 5747 mustum
3933 5697 4093 5746 quam

2515 5752 2599 5803 diu
2623 5752 2896 5814 spiravert's.
