4458 6704
149 552 212 608 3|
1210 533 1299 588 AD
1339 532 1664 591 POPULUM
1709 527 2210 585 ANTiOCﬂENUM
2250 527 2480 583 HOMIL.
2521 530 2562 583 1.
3525 527 3597 582 3-3

153 664 368 737 μένων,
419 662 529 717 τῶν
575 654 906 737 θλιϐομένων
940 649 1036 737 καὶ
1082 649 1596 721 στενοχωρουμένων
1644 648 1826 707 ὄντας.

227 757 317 804 ια’.
336 749 524 803 Ταῦτα
537 744 685 814 παρά
703 735 913 808 σεαυτῷ
927 736 1121 804 λέγων,
1135 735 1524 806 εὐχαρίστησον
1539 733 1616 804 τῷ
1626 736 1692 786 Δε
1700 731 1830 784 σπό-

149 852 245 906 τῃ.
282 837 367 889 ὅτι
394 852 452 887 σε
474 833 572 900 τῆς
589 828 782 899 μοίρας
809 822 1015 891 ταύτης
1033 820 1442 892 ἐποίησεν,οὐχὶ
1474 818 1668 890 μισῶν,
1690 814 1829 870 ἀλλά

155 901 253 975 κᾶι
305 921 516 990 σφόδρα
547 913 738 984 φιλῶν,
780 910 904 964 ἐπεὶ
949 908 1234 972 κάκείνους
1263 910 1364 962 οὐκ
1403 907 1553 977 ἠφίει
1598 901 1832 957 τοσαῦτα

157 1009 398 1077 πάσχειν
424 1002 595 1063 δεινά,
619 1001 666 1052 εί
703 997 779 1069 μὴ
814 997 880 1052 ἀν
923 995 1017 1049 καὶ
1042 995 1245 1066 σφόδρα
1273 995 1464 1064 ἐφίλει,
1482 995 1565 1046 ὅτι
1583 991 1833 1077 λαμπρο-

156 1096 216 1146 τέ
225 1109 358 1163 ρους
375 1104 401 1132 ι
423 1088 621 1150 αὐτοὺς
654 1085 744 1139 διά
768 1084 876 1138 τῶν
899 1083 1084 1138 κακῶν
1106 1083 1313 1137 τούτων
1339 1079 1641 1154 εἰργάζετο.
1669 1071 1835 1128 Οὐδὲν

159 1159 514 1250 εὐχαριστίας
537 1175 649 1227 ἴσον
669 1173 894 1243 ἀγαθὸν,
933 1171 1122 1244 ῶσπερ
1156 1168 1501 1243 βλασφημίας
1533 1167 1712 1250 χεῖρον
1740 1159 1834 1214 οὐ-

161 1247 277 1317 δέν’
298 1247 414 1332 [171
435 1258 511 1327 μὴ
534 1255 926 1323 θαυμάσωμεν,
953 1253 1034 1304 δτι
1057 1253 1442 1320 πνευματικοῖς
1462 1247 1833 1317 ἐπιτιθέμενοι

164 1349 461 1422 πράγμασι
497 1341 667 1396 πολλά
691 1341 971 1411 πάσχομεν
996 1337 1162 1393 δεινά.
1195 1337 1406 1410 Ὠσπερ
1433 1335 1544 1408 7&9
1574 1336 1624 1388 οί
1644 1333 1841 1407 λῃσταὶ

161 1439 267 1492 οὐκ
299 1433 430 1487 ἔνθα
454 1431 644 1501 χόρτος
672 1430 764 1482 καὶ
802 1429 982 1499 ἄχυρα
1008 1429 1100 1480 καὶ
1132 1427 1374 1498 καλάμη,
1405 1425 1519 1479 ἀλλ’
1549 1422 1676 1478 ἔνθα
1710 1438 1841 1493 χρυ-

167 1525 283 1576 σίον
303 1519 400 1573 καὶ
427 1520 710 1591 ἀργύριον,
737 1518 854 1570 ἐκεῖ
889 1515 1244 1587 διορύττουσι,
1279 1515 1374 1568 καὶ
1407 1510 1645 1582 συνεχῶς
1670 1512 1841 1581 ἀγρυ-

163 1607 426 1662 πνοῦσιψ
481 1604 625 1657 οῦτω
671 1603 763 1656 καὶ
804 1605 834 1656 6
874 1601 1116 1665 διάϐολος
1147 1600 1352 1662 τούτοις
1399 1598 1628 1670 μάλιστα
1665 1595 1840 1648 ἐπιτί-

164 1697 320 1749 θεται
353 1694 468 1755 τοῖς
503 1689 884 1760 πνευματικῶν
921 1687 1246 1756 ἁπτομένοις
1281 1683 1646 1754 πραγμάτων.
1695 1682 1842 1734 Ἐκεῖ

164 1783 360 1838 πολλαὶ
411 1780 467 1834 αἱ
520 1777 822 1838 ἐπιϐουλαὶ,
873 1774 998 1828 ἔνθα
1050 1774 1218 1844 ἀρετή
1245 1787 1259 1800 ·
1306 1773 1424 1823 ἐκεῖ
1470 1770 1660 1838 φθόνος
1711 1767 1840 1820 ἔνθα

165 1861 533 1934 ἐλεημοσύνη.
565 1862 704 1914 Ἀλλ’
735 1861 882 1915 ἐστιν
913 1862 1042 1930 ἡμῖν
1063 1859 1121 1911 ἒν
1139 1857 1300 1911 ὅπλον
1328 1856 1582 1928 μέγιστον
1607 1855 1636 1906 6
1666 1853 1844 1914 πάσας

166 1950 354 2002 ἱκανὸν
385 1949 486 2012 τὰς
526 1948 782 2011 τοιαύτας
833 1945 1080 2017 μηχανάς
1131 1942 1598 2014 ἀποκρούσασθαι,
1649 1938 1711 1991 τὸ
1756 1935 1845 1990 διά

165 2037 390 2089 πάντων
417 2035 625 2088 τούτων
652 2034 994 2104 εὐχαριστεῖν
1013 2031 1091 2102 τῷ
1112 2029 1251 2101 Θεῷ.
1287 2031 1348 2082 '0
1374 2027 1564 2089 Ἅϐελ,
1586 2023 1706 2078 είπέ
1730 2038 1841 2093 μοι,

162 2124 286 2192 οὐχὶ
308 2121 418 2175 τῶν
445 2120 735 2193 πρωτείων
762 2119 841 2190 τῷ
859 2118 978 2190 Θεῷ
998 2117 1409 2188 ἀπαρξάμενος,
1426 2113 1533 2167 ὐπὸ
1556 2107 1848 2179 ἀδελφικῆς

164 2212 330 2263 ἔπεσε
351 2209 566 2280 χειρόςς
595 2208 711 2262 ἀλλ’
734 2209 884 2278 ὅμως
899 2208 927 2260 6
952 2204 1086 2268 Θεὸς
1109 2202 1509 2274 συνεχώρησεν,
1528 2199 1649 2269 οὐχὶ
1673 2196 1847 2270 μισῶν

162 2300 256 2350 τὸν
289 2297 622 2367 τιμήσαντα,
657 2295 793 2350 ἀλλά
823 2294 918 2348 καὶ
953 2292 1156 2363 σφόδρα
1197 2290 1402 2362 φιλῶν,
1451 2289 1546 2341 καί¹
1594 2285 1729 2356 πρὸς
1768 2283 1848 2355 τῷ

163 2387 265 2455 τῆς
292 2384 590 2455 καλλίστης
614 2383 828 2453 ἐκείνης
859 2381 1050 2446 Θυσίας
1084 2379 1334 2450 στεφάνῳ
1362 2378 1457 2432 καὶ
1483 2379 1672 2447 ἕτερον
1701 2371 1847 2443 αὐτῷ

162 2475 256 2526 τὸν
286 2472 398 2526 ἀπὸ
434 2471 532 2526 τοῦ
565 2470 866 2542 μαρτυρίου
896 2468 1150 2539 παρέχων
1181 2467 1465 2536 στέφανον.
1507 2465 1565 2518 '0
1609 2463 1847 2533 Μωῡσῆς

163 2565 434 2634 ἠθέλησεν
461 2561 798 2629 ἀδικουμένῳ
822 2556 1085 2629 βοηθῆσαί
1114 2572 1223 2609 τινι
1263 2554 1360 2608 καί⁹
1388 2553 1516 2624 περὶ
1541 2550 1650 2605 τῶν
1683 2551 1847 2621 ἐσχά-

164 2669 276 2705 των
305 2648 654 2704 ἐκινδύνευσε
683 2645 778 2698 καὶ
805 2645 905 2714 τῆς
941 2644 1198 2713 πατρίδος
1239 2640 1466 2705 ἐξέπεσε
1486 2656 1498 2668 ·
1533 2638 1628 2691 καὶ⁵
1659 2640 1689 2690 6
1719 2636 1850 2698 Θεὸς

167 2734 574 2806 συνεχώρησεν,
610 2732 699 2786 ἵνα
731 2730 909 2802 μάθῃς
946 2729 1055 2783 τῶν
1099 2729 1272 2797 ἁγίων
1317 2725 1415 2797 τὴν
1455 2725 1754 2796 ὑπομονήν.
1787 2724 1852 2776 Εἰ

165 2827 279 2896 γὰρ
291 2822 606 2894 προειδότες
628 2820 705 2883 ώς
726 2820 877 2874 οὐδὲν
902 2816 1203 2890 πεισόμεθα
1226 2817 1255 2856 δ
1279 2816 1470 2880 δεινὸν,
1499 2813 1670 2878 οὕτως
1690 2811 1855 2883 61:16-

171 2913 313 2985 μεθα
336 2910 450 2964 τῶν
480 2907 867 2979 πνευματικῶν
901 2905 1264 2977 πραγμάτων,
1293 2903 1444 2958 οὐδὲν
1470 2901 1615 2974 μέγα
1639 2901 1704 2955 ἀν
1737 2899 1851 2952 660'-

169 3003 345 3071 ξαμεν
383 3000 582 3062 ποιεῖν,
613 2995 867 3066 ἐνέχυρον
894 2995 992 3066 τῆς
1026 2994 1325 3063 ἀσφαλείας
1349 2993 1563 3063 ἔχοντες
1589 2987 1848 3043 τοιοῦτον·

167 3090 290 3141 νυνὶ
341 3087 402 3140 δέ
454 3083 708 3139 ἐντεῦθεν
758 3083 995 3153 μάλιστα
1041 3081 1108 3136 ἀν
1162 3077 1274 3135 εἶεν
1331 3077 1632 3150 θαυμαστοὶ
1674 3077 1723 3129 οί
1782 3073 1852 3128 τά

167 3173 397 3228 τοιαῦτα
429 3173 783 3242 πράττοντες,
807 3171 889 3223 ὅτι
919 3170 1014 3222 καὶ
1047 3167 1324 3230 κινδύνους
1383 3167 1476 3220 καὶ
1527 3163 1730 3234 ζημίας
1760 3163 1853 3215 καὶ

170 3262 442 3322 θανάτους
500 3259 592 3313 καί
611 3259 779 3330 μυρία
799 3261 944 3312 κακά
966 3255 1361 3326 προορώμενοι,
1384 3256 1532 3324 ὅμως
1551 3250 1658 3305 τῶν
1683 3250 1850 3304 τοιού-

168 3367 280 3401 των
330 3348 434 3400 οὐκ
476 3346 774 3415 ἀφίσταντο
827 3343 1288 3416 κατορθωμάτων,
1338 3340 1457 3394 οὐδὲ
1503 3339 1854 3410 ὁκνηρότεροι

169 3437 418 3504 ἐγίνοντο
444 3436 565 3498 ταῖς
593 3433 702 3486 τῶν
735 3432 914 3501 φόϐων
938 3431 1286 3504 προσδοκίαις
1309 3441 1356 3484 ο.
1385 3429 1653 3500 Καθάπερ
1679 3421 1773 3480 οῦν
1805 3426 1856 3478 οί

167 3527 323 3593 τρεῖς
363 3522 553 3584 παῖδες
593 3521 799 3589 ἔλεγον·
839 3522 1005 3574 Ἐστι
1046 3519 1190 3585 Θεὸς
1215 3519 1285 3572 ἐν
1319 3515 1553 3587 οὐρανῷ
1597 3513 1858 3580 δυνατὸς

166 3609 493 3673 ἐξελέσθαι
533 3607 724 3676 ἡμᾶς’
774 3607 872 3661 καὶ
919 3607 1031 3661 ἐὰν
1075 3606 1185 3675 μὴ,
1220 3604 1494 3676 γνωστὸν
1535 3604 1693 3657 ἔστω
1731 3617 1852 3665 σοι,

165 3696 465 3762 βασιλεῦ,
499 3696 585 3749 ὅτι
619 3695 743 3760 τοῖς
786 3694 942 3760 θεοῖς
984 3711 1101 3747 σου
1133 3695 1205 3746 οὐ
1231 3691 1619 3760 λατρεύομεν,
1651 3689 1748 3743 καί
1782 3687 1856 3756 τῇ

169 3785 360 3837 εἰκόνι
392 3781 467 3852 τῇ
511 3779 714 3851 χρυσῇ
751 3774 791 3850 ᾗ
825 3780 1093 3846 ἕστησας
1125 3781 1196 3832 οὺ
1225 3777 1720 3846 προσκυνοῦμεν*
1758 3775 1853 3827 καὶ

173 3873 240 3923 σὺ
278 3870 484 3931 τοίνυν,
533 3869 658 3921 ὅταν
697 3865 898 3939 μέλλῃς
939 3865 992 3918 τί
1035 3881 1162 3918 ποτε
1208 3861 1535 3935 ἐργάζεσθαι
1565 3861 1674 3914 τῶν
1714 3859 1853 3914 κατά

170 3957 327 4016 Θεὸν,
372 3956 600 4018 πολλοὺς
653 3955 862 4026 προόρα
889 3952 1186 4014 κινδύνους,
1234 3949 1435 4011 πολλάς
1461 3948 1686 4020 ζημίας,
1730 3947 1855 4002 πολ-

170 4043 300 4107 λοὺς
321 4043 615 4106 θανάτους·
641 4044 737 4096 καὶ
769 4041 844 4113 μὴ
863 4041 1090 4105 ξενίζου,
1114 4037 1247 4109 μηδέ
1273 4035 1508 4109 θορυϐοῦ
1531 4035 1859 4107 συμϐαινόν-

169 4151 283 4188 των
303 4134 532 4188 τούτων.
553 4133 771 4187 Τέκνον
788 4131 918 4203 γὰρ,
942 4130 1126 4200 φησιν,
1141 4130 1192 4181 εί
1210 4129 1520 4196 προσέρχῃ
1541 4125 1860 4178 δουλεύειν

172 4222 256 4286 τῷ
280 4223 497 4290 Κυρίῳ,
519 4221 841 4290 ἐτοῖμασον
869 4217 982 4285 τὴν
1010 4215 1223 4285 ψυχήν
1248 4227 1364 4269 σου
1389 4215 1476 4280 είς
1503 4213 1856 4282 πειρασμόν.

174 4311 367 4374 Οὐδεὶς
409 4311 590 4362 τοίνυν
622 4305 912 4362 πυκτεύειν
953 4303 1274 4376 αἱρούμενος
1319 4301 1490 4372 χωρὶς
1529 4301 1860 4373 τραυμάτων

177 4400 467 4469 προσδοκᾷ
497 4398 758 4466 στέφανον
806 4391 1195 4461 ἀναδήσασθαι.
1241 4391 1352 4444 Καὶ
1382 4391 1446 4445 σύ
1474 4389 1682 4453 τοίνυν,
1721 4389 1860 4457 ἀγα-

177 4485 344 4554 πητὴ
388 4484 526 4556 πρὸς
547 4485 638 4537 τὸν
669 4481 910 4536 διάϐολον
938 4476 1370 4550 παγκρατιάζειν
1404 4475 1856 4546 καταδεξάμενος,

181 4574 259 4645 μὴ
291 4574 386 4626 τὸν
417 4572 700 4626 ἀκίνδυνον
738 4571 833 4624 καὶ
876 4569 1090 4638 τρυφῆς
1141 4567 1383 4639 γέμοντα
1407 4565 1569 4619 δίωκε
1613 4563 1760 4634 βίον·
1797 4562 1856 4615 οὐ

176 4664 290 4732 γὰρ
323 4661 562 4715 ἐνταῦθά
594 4677 678 4714 σοι
724 4659 823 4721 τὰς
854 4656 1087 4728 ἀμοιϐὰς
1111 4657 1205 4709 καὶ
1231 4655 1332 4719 τὰς
1372 4653 1710 4724 ὑποσχέσεις,
1743 4650 1859 4703 ἀλλ’

178 4753 261 4815 εἰς
307 4751 402 4804 τὸν
450 4750 713 4819 μέλλοντα
760 4746 931 4800 αἰῶνα
979 4744 1196 4798 ἅπαντα
1239 4743 1505 4812 ὑπέσχετο
1548 4742 1577 4794 6
1618 4738 1751 4801 Θεὸς
1792 4737 1862 4790 τά

175 4838 435 4910 λαμπρά.
461 4838 631 4889 Ὀταν
658 4832 750 4888 οῦν
779 4835 812 4903 ἢ
852 4834 1015 4895 αὐτός
1030 4846 1083 4885 τι
1119 4832 1350 4902 ποιήσας
1369 4828 1591 4898 ἀγαθὸν,
1616 4826 1684 4880 τά
1711 4828 1862 4879 ἐναν·

177 4929 270 4980 τὶα
293 4924 599 4994 ἀπολάϐῃς,
624 4923 657 4991 ἦ
689 4923 774 4975 Et:
785 4939 874 4992 ρον
910 4919 1072 4973 τοῦτο
1096 4921 1374 4989 πάσχοντα
1401 4917 1518 4988 ἴδῃς
1537 4955 1550 4978 ,
1569 4913 1860 4986 εὐφραίνου

179 5014 278 5068 καὶ
317 5015 481 5083 χαῖρε
503 5027 516 5040 ·
564 5011 810 5081 μείζονκ
838 5009 945 5077 γὰρ
980 5007 1213 5076 ἀμοιϐῆς
1242 5004 1499 5067 ὑπόθεσις
1530 5004 1591 5057 τὸ
1629 5000 1862 5075 πρᾶγμά

181 5120 265 5155 σοι
295 5099 541 5168 γίνεται·
583 5098 643 5150 οὐ
688 5096 762 5166 μὴ
796 5093 1113 5164 καταπέσῃς
1152 5093 1202 5154 ἀ,
1255 5093 1387 5161 μηδὲ
1423 5089 1733 5160 καταλύσῃς
1763 5089 1860 5158 τὴν

180 5187 519 5259 προθυμίαν,
555 5185 690 5256 μηδὲ
715 5183 1075 5254 ὀκνηρότερος
1105 5180 1258 5252 γένῃ,
1294 5179 1430 5232 ἀλλὰ
1467 5178 1664 5249 μᾶλλον
1687 5175 1862 5229 ἐπιτί-

180 5277 311 5330 θεσο
341 5274 485 5346 μετά
507 5273 748 5336 πλείονος
772 5273 871 5342 τῆς
893 5267 1219 5341 προθυμίας.
1262 5268 1415 5319 Ἐπεὶ
1441 5268 1532 5320 καὶ
1559 5267 1606 5318 οῖ
1633 5263 1864 5317 ἀτώστο-

179 5366 263 5417 λοι
298 5363 463 5434 ἡνίκα
487 5363 804 5431 ἐκήρυττον,
837 5357 1237 5429 μαστιζόμενοι,
1259 5352 1627 5423 λιθαζόμενοι,
1653 5350 1864 5419 δεσμω-

178 5455 348 5522 τήρια
385 5450 623 5518 συνεχῶς
661 5447 956 5510 οἰκοῦντες,
989 5446 1050 5498 οὐ
1085 5443 1243 5516 μόνον
1293 5441 1427 5512 μετά
1459 5440 1557 5508 τὴν
1590 5439 1698 5492 τῶν
1745 5456 1865 5492 κιν-

181 5541 357 5595 δύνων
399 5537 743 5607 ἀπαλλαγὴν,
796 5537 931 5589 ἀλλά
974 5537 1067 5589 καὶ
1114 5535 1171 5587 ἐν
1212 5531 1393 5593 αὐτοῖς
1437 5530 1548 5591 τοῖς
1599 5527 1867 5589 κινδύνοις

184 5633 328 5705 μετὰ
362 5629 611 5702 μείζονος
639 5628 741 5699 τῆς
775 5627 1083 5699 προθυμίας
1127 5626 1188 5678 τὸ
1215 5625 1315 5695 τῆς
1360 5620 1617 5692 ἀληθείας
1659 5622 1867 5691 κατήγ-

245 5774 273 5802 ⁸
298 5771 517 5820 Savilius
543 5773 596 5818 et
630 5768 715 5817 alii
746 5765 942 5828 quidam
968 5767 1168 5815 codices
1190 5767 1296 5828 οὐχὶ
1327 5766 1480 5828 μισῶν
1501 5762 1684 5828 ἠφίει...
1713 5765 1864 5812 δεινά·

179 5834 289 5882 ἀλλ’
328 5833 493 5888 ἐπειδή
532 5831 716 5893 σφρδρα
753 5825 917 5893 ἐφίλει,
953 5825 1470 5893 λαμπροτέροῦςζῐυίηι
1493 5827 1680 5886 aliquot
1705 5839 1870 5874 manu-

181 5893 356 5956 sm'ipli
381 5895 546 5955 ὥσπερ
567 5890 648 5939 οὖν
660 5890 990 5953 βλασφημίας.

245 5957 270 5993 ἓν
305 5957 402 6002 Alii
427 5955 720 6002 πεισόμενοι.

252 5969 270 5993 η
305 5969 402 6002 ,λιιι
427 5969 720 6014 πεισομενοι.

252 6017 434 6065 ΙἘηιιε
487 6014 638 6063 habet
682 6013 783 6069 ταῖς
825 6015 920 6061 τῶν
962 6015 1171 6074 φοϐερῶν
1220 6011 1553 6075 προσδοκίαις.

184 6082 281 6127 :7”
309 6078 481 6127 τόνων.

243 6099 281 6124 ι]
339 6095 481 6125 ονων.

243 6145 272 6186 Δ
309 6095 446 6190 fune
474 6137 646 6197 γ-ἰηττσ
699 6141 759 6186 ui;
791 6138 836 6193 7.;
877 6137 1160 6199 una-2‘42.
1190 6138 1522 6194 τιίιι.‹’,”ιίτιισ

1593 6012 1720 6060 alter
1771 6027 1841 6057 ται

1935 641 2124 709 γελλον
2159 641 2440 713 κήρυγμα.
2483 644 2591 696 Καὶ
2628 641 2773 695 ἔστιν
2814 640 2940 693 ἰδεῖν
2993 637 3204 692 Παῦλον
3238 636 3297 690 ἐν
3342 637 3488 708 αὐτῷ
3527 641 3604 709 τῷ

1933 728 2315 799 δεσμωτηρίῳ,
2341 731 2398 782 ἐν
2431 730 2619 793 αὐταῖς
2645 732 2764 793 ταῖς
2793 730 3015 782 ἁλύσεσι
3042 726 3382 798 κατηχοῦντα
3399 764 3414 786 ,
3440 742 3605 794 μυστ-

1943 814 2303 884 αγωγοῦντα,
2358 819 2461 870 καὶ
2515 819 2573 869 ἐν
2619 815 2954 887 δικαστηρίῳ
2996 815 3159 869 πάλιν
3195 812 3257 866 τὸ
3291 811 3422 865 αὐτὸ
3451 810 3608 865 τοῦτο

1938 893 2214 957 ποιοῦντα,
2239 893 2332 945 καὶ
2347 893 2406 945 ἐν
2427 894 2687 965 ναυαγίῳ,
2711 897 2804 950 καὶ
2824 899 2882 951 ἐν
2901 898 3149 969 χειμῶνι,
3179 898 3294 972 [18]
3319 903 3414 954 καὶ
3430 902 3487 952 ἐν
3512 919 3610 971 μυ-

1939 980 2074 1050 ρίοις
2093 977 2378 1042 κινδύνοις.
2406 980 2515 1033 Καὶ
2535 982 2600 1034 σύ
2621 982 2842 1047 τούτους
2870 984 3104 1055 ζήλωσιν
3122 989 3249 1051 τοὺς
3277 987 3489 1057 ἁγίους,
3515 989 3608 1040 καὶ

1933 1066 2041 1121 τῶν
2064 1065 2284 1134 ἀγαθῶν
2304 1065 2613 1136 έργων,ἐως
2637 1067 2704 1122 ἂν
2717 1069 2921 1137 δύναιο,
2941 1072 3015 1143 μὴ
3037 1073 3297 1147 ἐκπέσῃς·
3326 1087 3350 1112 ο
3375 1075 3478 1128 κᾶν
3503 1091 3607 1144 μυ-

1939 1161 2120 1233 ριάκις
2145 1159 2260 1233 ἴδῃς
2283 1156 2650 1213 διακόπτοντά
2677 1174 2737 1210 σε
2757 1155 2849 1210 τόν
2872 1158 3140 1222 διάϐολον,
3166 1156 3434 1229 μηδέποτε
3478 1157 3612 1208 ἀπο-

1938 1251 2090 1320 στῇς.
2137 1250 2209 1302 Σὺ
2249 1249 2347 1320 μὲν
2390 1248 2500 1320 γὰρ
2516 1248 2773 1320 χρήματα
2811 1245 3160 1317 διακομίζων,
3201 1247 3332 1308 ῐσως
3366 1242 3611 1313 ναυαγίῳ

1938 1340 2265 1413 περιέπεσες
2287 1355 2302 1370 ·
2335 1342 2365 1394 6
2389 1339 2448 1393 δέ
2485 1338 2718 1404 Παῦλος,
2755 1337 2785 1391 6
2837 1336 3054 1392 πάντων
3083 1335 3381 1406 χρημάτων
3417 1333 3612 1404 τιμιώ-

1937 1444 2096 1498 τερον
2116 1423 2206 1499 ἦν,
2229 1427 2324 1482 τὸν
2344 1426 2502 1496 λόγον
2531 1424 2814 1497 βαστάζων
2833 1426 2914 1489 είς
2935 1423 3035 1494 τὴν
3064 1422 3280 1492 Ῥώμην
3304 1423 3490 1493 ἀπῄει,
3515 1420 3610 1471 κ-ιὶ

1939 1517 2180 1586 ναυαγίῳ
2205 1515 2522 1588 περιέπεσε,
2559 1514 2654 1567 καὶ
2686 1514 2854 1585 μυρία
2881 1511 3090 1580 ὑπέστη
3119 1509 3284 1563 δεινά.
3314 1509 3426 1561 Καὶ
3455 1505 3614 1563 τοῦτο

1939 1604 2101 1666 αὐτὸς
2131 1603 2398 1673 ἐδήλωσεν
2425 1601 2616 1663 εἰπὼν,
2645 1601 2726 1654 ὅτι
2751 1598 3059 1664 Πολλάκις
3098 1595 3486 1664 ἠθελήσαμεν
3515 1592 3617 1645 ἐλ-

1942 1690 2068 1745 θεῖν
2087 1691 2237 1758 πρὸς
2265 1688 2444 1759 ὑμᾶς,
2481 1687 2580 1742 καί
2602 1687 2898 1756 ἐνέκοψεν
2918 1685 3076 1755 ἡμᾶς
3110 1687 3143 1739 ό
3186 1680 3479 1747 Σατανᾶς.
3505 1679 3618 1733 Καὶ

1942 1779 1971 1830 6
1997 1778 2130 1841 Θεὸς
2157 1777 2557 1849 συνεχώρησεν,
2589 1778 2655 1830 ἐκ
2689 1775 3005 1847 περιουσίας
3034 1774 3134 1843 τὴν
3168 1771 3360 1826 ἐαυτοῦ
3390 1771 3618 1838 δύναμιν

1944 1862 2140 1931 δηλῶν,
2166 1864 2259 1915 καὶ
2284 1863 2499 1926 δεικνὺς
2521 1863 2602 1916 ὅτι
2627 1863 2721 1915 καὶ
2744 1861 2910 1932 μυρία
2935 1859 3216 1923 ποιοῦντος
3245 1859 3338 1912 τοῦ
3368 1855 3618 1911 διαϐόλου

1948 1950 2041 2001 καὶ
2085 1948 2406 2012 κωλύοντος,
2450 1949 2602 2001 οὐδὲν
2643 1948 2815 2020 ταύτῃ
2852 1947 2922 2000 τά
2955 1946 3046 2000 τοῦ
3080 1945 3434 2015 κηρύγματος
3457 1942 3624 2013 ἠλατ-

1947 2033 2107 2086 τοῦτο
2150 2033 2166 2072 ί
2225 2036 2320 2087 καὶ
2348 2034 2680 2088 διεκόπτετο.
2715 2036 2813 2088 Διά
2845 2035 3004 2088 τοῦτο
3035 2035 3094 2086 ἐν
3124 2033 3329 2087 ἀπασιν
3355 2033 3384 2084 6
3409 2029 3621 2093 Παῦλος

1949 2119 2270 2190 ηὐχαρίστει
2299 2120 2381 2190 τῷ
2413 2120 2552 2190 Θεῷ,
2593 2121 2747 2185 εἰδὼς
2775 2123 2858 2174 ὅτι
2895 2119 3324 2190 εὐδοκιμώτερον
3350 2118 3510 2170 αὐτὸν
3533 2116 3624 2169 διά

1949 2206 2154 2262 τούτων
2180 2206 2487 2279 εἰργάζετο,
2521 2208 2616 2262 καὶ
2641 2208 2740 2279 τῆς
2770 2207 3077 2278 προθυμίας
3107 2205 3275 2259 αὐτοῦ
3308 2203 3371 2257 τὸ
3397 2202 3625 2274 σφοδρὸν

1948 2293 2007 2346 ἐν
2031 2294 2234 2348 ἅπασιν
2257 2295 2555 2362 ἐδείκνυεν,
2575 2296 2752 2350 οὐδενὶ
2787 2295 2993 2348 τούτων
3024 2294 3132 2347 τῶν
3161 2292 3500 2363 κωλυμάτων
3529 2293 3625 2357 ἐγ-

1950 2383 2302 2454 κοπτόμενος.
2351 2384 2576 2448 Ὁσάκις
2622 2379 2717 2438 οῦν
2770 2384 2838 2438 ἂν
2881 2383 3265 2453 ἀποτύχωμεν,
3301 2379 3626 2442 τοσαυτάκις

1951 2469 2252 2542 ἁπτώμεθα
2289 2473 2399 2527 τῶν
2433 2471 2822 2543 πνευματικῶν
2861 2470 3060 2542 ἔργων,
3110 2470 3204 2523 καὶ
3245 2469 3320 2539 μὴ
3349 2468 3625 2536 λέγωμεν,

1949 2556 2094 2620 τίνος
2137 2558 2323 2612 ἐνεκεν
2377 2559 2758 2630 συνεχώρησεν
2805 2559 2836 2612 6
2880 2557 3014 2622 Θεὸς
3045 2558 3113 2611 τά
3161 2556 3494 2626 κωλύματα;
3541 2553 3630 2606 διά

1951 2643 2111 2696 τοῦτο
2155 2645 2265 2714 γὰρ
2309 2647 2706 2717 συνεχώρησεν,
2751 2645 2842 2700 ἵνα
2881 2663 2976 2699 σου
3007 2645 3107 2716 τὴν
3155 2641 3468 2714 προθυμίαν
3518 2643 3631 2703 τοῖς

1957 2729 2170 2795 πολλοῖς
2200 2732 2349 2803 δείξῃ
2381 2732 2580 2803 μᾶλλον
2640 2733 2736 2787 καὶ
2757 2733 2821 2787 τὸ
2853 2732 2988 2786 πολὺ
3016 2732 3236 2803 φίλτρον
3253 2743 3268 2760 ⁶
3301 2729 3582 2800 φιλοῦντος
3605 2732 3630 2768 ε

1955 2817 2064 2889 γὰρ
2095 2819 2330 2889 μάλιστα
2369 2820 2524 2874 τοῦτό
2555 2823 2693 2888 ἐστι,
2735 2821 2796 2875 τὸ
2838 2819 3111 2892 μηδέποτε
3150 2818 3478 2888 ἀφίστασθαι
3521 2815 3632 2868 τῶν

1954 2902 2032 2975 τῷ
2061 2905 2371 2979 φιλουμένῳ
2402 2907 2722 2964 δοκούντων.
2765 2908 2826 2961 '0
2857 2909 2956 2979 μὲν
2978 2908 3087 2979 7&9
3113 2906 3308 2977 χαῦνος
3341 2906 3436 2958 καὶ
3467 2903 3634 2975 ῥᾴθυ-

1957 3008 2056 3061 μος
2099 2993 2164 3045 ἐκ
2204 2995 2428 3065 πρώτης
2458 2995 2661 3060 εὐθέως
2690 2996 3044 3050 ἀναπεσεῖται
3084 2995 3181 3065 τῆς
3217 2991 3557 3064 προσϐολῆς⁹
3601 2992 3632 3044 6

1953 3077 2010 3132 δὲ
2037 3079 2266 3150 σφοδρὸς
2288 3082 2384 3136 καὶ
2403 3082 2848 3154 διεγηγερμένος,
2872 3082 2976 3136 κᾶν
2998 3082 3257 3152 μυριάκις
3273 3079 3631 3148 ἐγκόπτηται.

1955 3166 2192 3237 τοσούτῳ
2217 3167 2480 3238 μειζόνως
2503 3169 2823 3241 ἐπιθήσεται
2851 3171 2968 3232 τοῖς
2994 3167 3136 3223 κατά
3160 3167 3294 3221 Θεὸν
3317 3166 3630 3238 πράγμασι,

1954 3253 2024 3316 τά
2069 3256 2198 3326 παρ’
2233 3257 2429 3310 ἐαυτοῦ
2477 3258 2655 3312 πάντα
2702 3257 2947 3329 πληρῶν,
2987 3257 3083 3312 καὶ
3127 3259 3185 3310 ἐν
3221 3255 3424 3310 ἀπασιν
3477 3255 3634 3324 εὐχα-

1959 3341 2177 3411 ριστῶν.
2207 3343 2376 3397 Τοῦτο
2403 3344 2468 3415 δὴ
2497 3345 2591 3399 καὶ
2625 3347 2786 3416 ἡμεῖς
2823 3343 3088 3415 ποιῶμεν.
3138 3344 3332 3412 Μέγας
3361 3342 3635 3413 θησαυρὸς

1958 3430 1992 3500 ἡ
2021 3430 2357 3501 εὐχαριστία,
2391 3433 2562 3503 μέγας
2591 3433 2850 3498 πλοῦτος,
2893 3431 3169 3486 ἀνάλωτον
3205 3428 3432 3498 ἀγαθὸν,
3468 3428 3635 3481 ὅπλον

1961 3519 2207 3592 ίσχυρόνο
2239 3520 2429 3593 ῶσπερ
2471 3516 2564 3575 οὖν
2607 3524 2642 3593 ὴ
2693 3520 3012 3592 βλασφημία
3042 3521 3142 3592 τὴν
3174 3513 3340 3572 οὖσαν
3378 3517 3638 3569 ἐπιτείνει

1959 3603 2184 3676 ζημίαν,
2200 3607 2295 3660 καὶ
2318 3601 2393 3662 ὧν
2417 3607 2776 3679 ἀπωλέσαμεν
2793 3607 3016 3662 πλείονα
3041 3603 3448 3679 προσαπολέσαι
3470 3603 3634 3657 ποιεῖ.

1971 3694 2284 3758 Ἀπώλεσας
2313 3698 2607 3768 χρήματα;
2653 3697 2721 3752 ἀν
2754 3697 2856 3768 μὲν
2883 3698 3310 3768 εὐχαριστήσῃς,
3344 3695 3641 3767 ἐκέρδανας

1958 3780 2056 3852 τὴν
2094 3781 2272 3852 ψυχὴν
2309 3783 2402 3835 καὶ
2431 3783 2658 3853 μείζονα
2705 3787 2922 3854 ἐκτήσω
2952 3784 3046 3838 τὸν
3095 3782 3346 3848 πλοῦτον,
3371 3782 3465 3836 τοῦ
3503 3781 3640 3836 Θεοῦ

1958 3869 2128 3921 πλείω
2159 3869 2258 3940 τὴν
2305 3868 2517 3923 εὐνοιαν
2563 3871 3045 3940 ἐπισπασάμενος·
3100 3869 3168 3923 ἂν
3216 3869 3639 3940 βλασφημήσῃς,

1960 3955 2394 4027 προσαπώλεσας
2427 3957 2522 4010 καὶ
2547 3956 2646 4027 τὴν
2695 3957 2972 4028 σωτηρίαν
3003 3956 3105 4015 τὴν
3144 3956 3364 4021 σαυτοῦ,
3398 3955 3494 4010 καὶ
3519 3956 3642 4010 οὐδὲ

1960 4045 2144 4097 ἐκεῖνα
2165 4045 2469 4116 ἀνεκτήσω,
2506 4045 2600 4099 καὶ
2625 4046 2692 4116 ἦν
2725 4042 2869 4116 εἶχες
2890 4044 3090 4116 ψυχὴν,
3137 4045 3232 4099 καὶ
3264 4044 3470 4116 ταύτην
3502 4061 3638 4098 κατ-

1961 4130 2179 4195 έθυσας.

2035 4219 2123 4274 ιϐ’.
2157 4219 2296 4274 Ἀλλ’
2315 4219 2502 4292 ἐπειδὴ
2527 4221 2654 4292 περὶ
2675 4221 3028 4292 βλασφημίας
3046 4221 3178 4292 ἡμῖν
3193 4221 3223 4274 ό
3251 4220 3406 4289 λόγος
3427 4220 3644 4290 ἐγένετο

1960 4307 2091 4372 νῦν,
2134 4308 2265 4378 μίαν
2303 4309 2446 4379 ὑμᾶς
2477 4308 2724 4372 ἅπαντας
2759 4308 2982 4377 αἰτῆσαι
3013 4307 3274 4378 βούλομαι
3328 4309 3488 4378 χάριν
3520 4308 3642 4360 ἀντὶ

1960 4395 2060 4465 τῆς
2080 4396 2422 4468 δημηγορίας
2442 4396 2668 4468 ταύτης,
2693 4397 2786 4450 καὶ
2815 4398 2914 4467 τῆς
2941 4395 3252 4460 διαλέξεως,
3282 4397 3369 4450 ἵνα
3393 4415 3484 4467 μοι
3515 4399 3641 4460 τούς

1961 4483 2021 4537 ἐν
2050 4487 2117 4556 τῇ
2161 4486 2312 4538 πόλει
2352 4485 2806 4556 βλασφημοῦντας
2831 4483 3221 4555 σωφρονίσητε.
3251 4485 3371 4539 Κᾶν
3401 4486 3640 4555 ἀκούσῃς

1959 4571 2104 4634 τινὸς
2137 4571 2196 4624 ἐν
2240 4571 2486 4642 ἀμφόδῳ.
2524 4572 2557 4642 ἢ
2585 4574 2643 4625 ἐν
2669 4572 2847 4643 ἀγορᾷ
2890 4572 3033 4642 μέσῃ
3069 4571 3518 4642 βλασφημοῦντος
3551 4572 3642 4624 τὸν

1960 4658 2115 4722 Θεὸν,
2150 4659 2438 4730 πρόσελθε,
2467 4661 2813 4732 ἐπιτίμησον,
2847 4660 2952 4714 κᾶν
2979 4660 3192 4731 πληγὰς
3221 4660 3490 4714 ἐπιθεῖναι
3523 4661 3639 4730 δέῃ,

1965 4747 2040 4817 μὴ
2070 4748 2383 4818 παραιτήσῃ
2404 4764 2419 4778 ·
2454 4747 2684 4818 ρἀισον
2735 4747 2902 4800 αὐτοῦ
2947 4747 3048 4818 τὴν
3083 4747 3226 4817 ὸψιν,
3269 4748 3554 4820 σύντριψον
3581 4750 3644 4802 τὸ

1964 4833 2158 4904 στόμα,
2187 4834 2416 4902 ἀγίασόν
2450 4851 2545 4888 σου
2580 4834 2678 4907 τὴν
2707 4839 2865 4907 χεῖρα
2901 4835 2992 4889 διά
3017 4838 3116 4906 τῆς
3150 4836 3385 4906 πληγῆς,
3416 4837 3519 4889 κάν
3552 4836 3643 4904 ἐγ-

1963 4920 2167 4975 καλῶσί
2211 4938 2379 4986 τινες,
2416 4923 2523 4977 κᾶν
2553 4925 2635 4987 εἰς
2662 4924 3014 4995 δικαστήριον
3055 4924 3308 4986 ἕλκωσιν,
3339 4923 3642 4994 ἀκολούθη-

1964 5025 2076 5062 σον·
2103 5009 2206 5064 κάν
2233 5011 2327 5064 ἐπὶ
2353 5010 2449 5065 τοῦ
2484 5010 2728 5083 βήματος
2753 5010 2984 5074 εὐθύνας
3004 5014 3033 5065 6
3059 5011 3317 5080 δικαστὴς
3338 5011 3639 5083 ἀπαιτήσῃ,

1963 5097 2084 5151 είπὲ
2108 5098 2248 5169 μετὰ
2265 5100 2595 5172 παρρησίας,
2611 5100 2690 5152 ὅτι
2711 5100 2800 5152 τὸν
2819 5099 3043 5169 βασιλέα
3058 5099 3166 5151 τῶν
3182 5098 3426 5166 ἀγγέλων
3448 5098 3642 5150 ἐϐλασο

1963 5187 2239 5257 φήμησεν.
2285 5186 2347 5239 El
2369 5187 2476 5259 7&9
2509 5188 2599 5240 τὸν
2628 5189 2719 5240 ἐπί
2740 5187 2841 5256 γῆς
2866 5183 3090 5254 βασιλέα
3111 5186 3238 5246 τοὺς
3262 5183 3642 5256 βλασφημοῦν-

1964 5286 2064 5333 τας
2095 5267 2419 5334 κολάζεσθαι
2439 5268 2567 5338 χρὴ.
2585 5267 2762 5337 πολλῷ
2785 5266 2984 5336 μᾶλλον
3006 5269 3133 5332 τοὺς
3157 5269 3364 5323 ἐκεῖνον
3389 5272 3643 5343 ὑϐρίζον-

1963 5373 2082 5420 τας.
2115 5357 2307 5412 Κοινόν
2340 5358 2458 5410 ἐστι
2494 5354 2558 5407 τὸ
2587 5354 2856 5423 ἔγκλημα,
2905 5354 3163 5424 δημόσιον
3187 5356 3246 5410 τὸ
3272 5358 3537 5430 ἀδίκημα,
3559 5361 3644 5427 ἔξ-

1966 5459 2112 5496 εστιν
2141 5441 2356 5512 ἑκάστῳ
2387 5440 2496 5494 τῶν
2531 5440 2868 5510 βουλομένων
2897 5445 3226 5514 κατηγορεῖν
3245 5460 3261 5476 ⁸
3291 5447 3637 5516 μανθανέτω-

1968 5548 2067 5584 σαν
2080 5530 2173 5583 καὶ
2203 5528 2549 5582 ἰουδαῖοικαὶ
2574 5527 2852 5598 Ἕλληνες,
2885 5527 3096 5601 [19]ὃτι
3128 5533 3373 5603 σωτῆρές
3401 5536 3504 5588 εξσι
3537 5539 3637 5603 τῆς

1965 5619 2171 5679 πόλεως
2198 5618 2248 5669 oi
2278 5613 2612 5687 Χριστιανοὶ,
2636 5617 2728 5668 καὶ
2757 5616 3056 5687 κηδεμόνες
3091 5620 3183 5672 καὶ
3207 5623 3510 5690 προστάται
3542 5626 3635 5675 καὶ

1964 5706 2295 5766 διδάτκα).οι,
2331 5705 2422 5757 καὶ
2462 5702 2883 5774 μανθανέτωσαν
2916 5708 3052 5761 αὐτὸ
3076 5707 3234 5761 τοῦτο
3262 5711 3310 5762 οἱ
3340 5710 3632 5766 ἀκόλαστοι

2012 5887 2060 5955 ’,⁸
2089 5886 2196 5955 l_)ug
2218 5902 2331 5955 mss.
2362 5893 2413 5955 (fl
2442 5887 2601 5955 .Savil.
2637 5887 2823 5955 ἀγαθῶν
2843 5887 2989 5950 ἔργων
3012 5885 3210 5947 ἀντέχου
3235 5886 3321 5940 ἕως
3341 5884 3397 5932 ἀν
3424 5884 3644 5944 ἐμπηέης,

1971 5949 2074 6012 κάν.
2104 5949 2233 6012 νΙῃΙί-πτι
2259 5947 2451 6010 plurimi
2475 5960 2589 6012 mss.
2614 5947 2914 6012 περιέπεσαςζ

1855 6030 1871 6065 ;
1980 6074 1996 6083 η
2043 6005 2286 6085 {‘Aliqu'n'l
2315 6023 2426 6056 mw
2456 6005 2752 6071 κηρύγματος
2789 6011 2981 6058 ἔλαττον
3027 6005 3329 6056 διακείσεται.
3361 6008 3466 6058 MOI
3497 6009 3648 6072 aliqui

1989 6074 1996 6083 ο

1975 6089 2044 6118 οτι
2070 6087 2402 6133 οοκιμωτερον.

2045 6135 2068 6171 ἕ
2097 6137 2241 6182 κδ’-εξ.
2274 6143 2321 6181 οδί
2351 6141 2471 6180 μύκης
2504 6153 2561 6180 ιηί
2585 6149 2678 6185 που
2702 6155 2753 6176 τι
2783 6151 2808 6180 ,ι
2842 6150 2878 6178 τοι
2907 6133 3068 6180 ,Ι“;.’ίοι”
3113 6145 3366 6190 ιιέουιιίης,
