4458 6698
741 489 810 546 35
1491 491 1550 547 S.
1571 491 1854 548 JOANNlS
1894 489 2365 548 CllRYSUSTOMI
2389 487 2501 543 Am

2263 489 2365 546 3M1
2389 487 2705 543 ARCHIEP.
2738 490 3274 555 CONSTAN'l'INOP.
3953 511 4023 566 50

742 613 884 654 nunc
914 600 1273 670 iniucundius.
1319 602 1776 667 Quemadmodum
1804 618 1930 672 apes
1962 603 2326 658 bombizantes

741 693 975 758 alveare,
1004 693 1082 748 sic
1102 692 1276 748 fomm
1305 709 1397 762 per
1421 694 1658 760 singulos
1683 695 1797 748 dies
1813 694 1957 748 cives
1980 695 2330 749 circumvola-

743 783 869 836 bant
892 825 906 847 ,
939 795 993 837 et
1027 799 1214 838 omnes
1245 784 1310 837 de
1351 785 1448 837 hac
1495 800 1594 837 nos
1641 785 1981 840 multitudine
2026 787 2211 840 beatos
2239 799 2332 836 vo-

741 876 958 928 cabaut.

812 967 1232 1020 Antiocltenorunt
1254 967 1515 1019 calamitas
1535 979 1644 1036 post
1666 969 1883 1037 dejectas
1903 979 2113 1022 statuas.
2136 997 2204 1007 —-
2222 965 2326 1021 Sed

741 1073 867 1111 ecce
893 1073 1030 1110 nttuc
1057 1057 1156 1110 hoc
1177 1057 1388 1110 alveare
1406 1055 1702 1112 solitarium
1726 1058 1984 1114 redditum
2003 1068 2084 1110 est
2108 1074 2122 1110 :
2145 1070 2330 1124 quem-

739 1148 1025 1202 admodum
1066 1149 1205 1201 enim
1235 1163 1363 1217 apes
1394 1150 1509 1202 illas
1541 1149 1714 1203 fumus
1735 1192 1749 1212 ,
1785 1152 1861 1203 sic
1888 1150 1982 1202 bas
2008 1162 2136 1214 apes
2171 1146 2330 1198 timor

741 1238 938 1309 fugavit
971 1256 984 1291 :
1019 1239 1125 1292 itno
1155 1240 1331 1308 potius
1360 1241 1500 1308 quod
1531 1241 1597 1294 de
1630 1239 1920 1295 Jerusalem
1959 1238 2214 1308 preplteta
2246 1238 2329 1289 lu-

739 1344 871 1396 gens
893 1329 1060 1395 dixit,
1090 1330 1192 1382 hoc
1221 1340 1274 1384 et
1305 1345 1402 1384 nos
1439 1332 1503 1385 ad
1548 1345 1776 1399 praesens
1815 1338 2022 1397 tempus
2051 1329 2290 1382 dicemus
2309 1368 2324 1392 ,

739 1419 904 1474 Facta
941 1431 1012 1476 est
1051 1421 1196 1475 nobis
1234 1423 1408 1476 civitas
1438 1431 1491 1474 ut
1519 1422 1818 1475 terebinthus
1845 1421 2049 1490 objectis
2081 1421 2216 1488 foliis
2236 1461 2251 1483 ,
2285 1430 2330 1473 et

738 1523 994 1582 tamquam
1022 1513 1198 1566 hortus
1223 1530 1403 1583 aquam
1425 1530 1522 1565 non
1548 1511 1732 1564 habens
1753 1509 1903 1580 (lsai.
1929 1511 1974 1564 1.
2003 1509 2115 1579 30).
2136 1510 2334 1578 Quem-

737 1603 1025 1658 admodum
1048 1605 1188 1657 enim
1216 1603 1398 1657 hortus
1422 1601 1702 1656 deficiente
1729 1602 2034 1670 irrigatione
2060 1602 2198 1656 foliis
2227 1604 2336 1672 pri-

739 1705 888 1749 vatas
925 1704 981 1749 et
1021 1696 1276 1749 fructibus
1318 1695 1486 1748 uttdas
1532 1695 1751 1747 arbores
1797 1693 2012 1747 exhibet
2057 1711 2070 1747 :
2117 1694 2236 1748 talis
2280 1702 2336 1748 et

738 1786 924 1838 civitas
954 1786 1107 1838 nobis
1134 1785 1264 1838 facta
1294 1793 1394 1839 est.
1427 1784 1690 1852 Supremo
1725 1783 1866 1836 enim
1895 1783 2150 1839 destituta
2186 1785 2336 1838 auxi-

739 1875 842 1936 lio,
884 1875 1117 1927 solitaria
1168 1875 1458 1939 remansit,
1504 1874 1754 1928 omnibus
1793 1873 1905 1929 fere
1946 1874 2335 1930 habitatoribus

738 1965 953 2018 nudata.
994 1965 1132 2020 Nihil
1171 1969 1340 2035 patria
1366 1966 1602 2032 dulcius,
1634 1967 1729 2022 sed
1760 1983 1904 2022 nunc
1937 1967 2069 2021 nihil
2104 1969 2334 2021 amarius

735 2057 931 2111 factum
961 2069 1062 2112 est.
1103 2058 1303 2114 Omnes
1332 2069 1528 2113 terram
1563 2076 1682 2129 quae
1716 2076 1775 2115 se
1810 2062 1928 2115 tulit
1958 2069 2224 2129 tamquam
2255 2061 2334 2114 la-

737 2164 932 2218 queum
965 2151 1206 2220 fugiunt,
1238 2151 1496 2206 deserunt
1535 2162 1802 2220 tamquam
1833 2147 2160 2216 barathrum,
2195 2161 2332 2204 tatu-

738 2258 898 2310 quant
928 2242 996 2296 ab
1025 2244 1144 2311 igne
1186 2243 1452 2297 resiliunt.
1484 2243 1550 2295 Et
1588 2243 1724 2297 sicut
1749 2243 1909 2296 domo
1937 2243 2058 2310 igne
2087 2249 2330 2308 correpta

738 2349 842 2388 non
873 2344 1077 2388 tantum
1106 2335 1323 2390 domum
1357 2335 1672 2396 habitantes,
1699 2333 1790 2387 sed
1816 2344 1869 2387 et
1895 2347 2081 2386 omnes
2104 2332 2328 2400 proximi

734 2440 855 2478 cmn
899 2427 1063 2478 multa
1106 2440 1166 2479 se
1208 2424 1468 2492 recipiunt
1506 2423 1871 2484 festinatione,
1900 2421 2100 2475 nudum
2135 2435 2330 2490 corpus

735 2531 947 2570 servare
973 2516 1247 2570 studentes
1270 2533 1283 2567 :
1313 2517 1389 2570 sic
1408 2527 1458 2570 et
1483 2531 1621 2570 nunc
1640 2516 1765 2569 dum
1789 2515 1934 2584 regia
1961 2516 2035 2568 ira
2060 2523 2329 2584 tamquam

736 2607 949 2662 ﬂamma
975 2607 1216 2676 quzedam
1239 2621 1469 2676 superne
1499 2616 1858 2676 exspectatur,
1886 2607 2194 2676 priusquam
2219 2619 2335 2659 sen-

737 2698 838 2752 sim
885 2698 1234 2767 progrediens
1275 2698 1341 2750 ad
1389 2699 1530 2766 ipsos
1583 2697 1853 2767 perveniat
1901 2698 2070 2766 ignis,
2115 2697 2337 2766 quilibet

738 2789 884 2858 prius
904 2789 1072 2853 exire,
1098 2797 1151 2842 et
1178 2789 1374 2842 nudum
1399 2804 1592 2857 corpus
1615 2804 1831 2843 servare
1853 2787 2066 2842 festinat
2089 2806 2102 2841 :
2131 2801 2183 2842 et
2209 2790 2338 2842 :cni-

738 2894 858 2948 gma
882 2894 1019 2932 nunc
1041 2879 1176 2932 facta
1198 2891 1278 2932 est
1306 2879 1516 2934 miseria
1547 2890 1724 2933 nostra
1755 2879 1907 2933 :sine
1931 2879 2168 2933 hostibus
2193 2879 2332 2947 fuga,

739 2970 854 3023 sine
877 2984 1046 3040 pugna
1071 2969 1484 3038 transmigratio,
1509 2978 1560 3022 et
1581 2969 1696 3024 sine
1718 2968 1863 3022 urbis
1883 2968 2093 3023 excidio
2116 2969 2337 3036 eaptivi-

743 3072 822 3116 tas
852 3078 866 3114 :
897 3077 1001 3116 non
1028 3063 1258 3116 vidimus
1296 3061 1629 3116 barbaricum
1661 3063 1865 3131 ignem,
1898 3075 2070 3129 neque
2101 3060 2332 3115 hostium

740 3155 917 3208 vultus
953 3154 1344 3223 spectavimus.
1382 3163 1435 3208 et
1473 3167 1533 3207 ea
1571 3168 1688 3222 qua:
1723 3151 1864 3221 capti
1903 3152 2151 3220 patimur.
2181 3151 2334 3204 Nune

738 3260 928 3300 omnes
957 3244 1169 3298 discunt
1199 3242 1526 3297 calamitates
1557 3249 1765 3296 uestras
1794 3260 1807 3295 :
1836 3251 2050 3296 nostros
2073 3241 2216 3296 enim
2243 3256 2334 3295 ex-

740 3335 883 3389 sules
909 3334 1278 3402 suscipientes,
1311 3333 1379 3387 ab
1409 3333 1511 3387 illis
1537 3332 1768 3386 civitatis
1793 3332 1998 3386 cladem
2030 3331 2269 3386 audiunt.

810 3425 866 3478 2.
899 3424 1005 3479 Sed
1047 3440 1150 3478 non
1193 3439 1353 3492 super
1396 3423 1498 3478 hoc
1535 3422 1864 3488 confundor,
1897 3437 1996 3476 nec
2029 3424 2288 3476 erubesco
2322 3439 2336 3474 :

743 3531 930 3570 omnes
958 3515 1254 3583 intelligant
1291 3515 1520 3568 civitatis
1549 3513 1814 3582 pericula,
1848 3521 1903 3565 ut
1939 3511 2095 3566 matri
2133 3513 2339 3566 condo-

744 3609 952 3668 leutes,
981 3620 1318 3660 communem
1357 3605 1424 3657 ab
1461 3603 1604 3657 omni
1648 3613 1787 3656 terra
1829 3603 1892 3656 ad
1944 3603 2106 3656 Deum
2154 3618 2338 3656 vocent

745 3698 1023 3759 extollant,
1054 3706 1108 3751 et
1137 3695 1458 3750 unanimiter
1481 3709 1815 3748 communem
1845 3693 2080 3746 omnium
2111 3701 2336 3748 matrem

742 3796 797 3840 et
817 3788 1055 3840 altricem
1078 3801 1105 3838 a
1125 3786 1375 3840 ctelorum
1401 3785 1544 3852 Rege
1565 3783 1873 3852 deposcant.
1905 3783 2056 3837 Prius
2077 3799 2335 3838 concussa

743 3887 827 3933 est
858 3879 1009 3930 nobis
1043 3876 1198 3940 urbs,
1230 3890 1371 3928 nunc
1410 3875 1538 3943 ipsa:
1581 3875 1938 3929 habitatorum
1979 3875 2171 3929 anima:
2203 3890 2338 3944 qna-

743 3972 946 4022 tiuntur
992 3983 1008 4022 :
1050 3975 1175 4020 tunc
1216 3966 1497 4019 domorum
1545 3964 1886 4019 fundamenta
1931 3965 2339 4033 quatiebantur,

743 4074 885 4112 nunc
912 4059 1020 4126 ipsa
1050 4056 1306 4125 cujusque
1332 4056 1511 4110 cordis
1540 4056 1646 4108 ima
1673 4063 2100 4120 commoventur,
2129 4063 2184 4107 et
2210 4069 2342 4122 quo-

747 4147 876 4200 tidie
907 4157 1031 4200 ante
1057 4145 1242 4199 oculos
1278 4154 1492 4198 nostros
1525 4159 1712 4198 omnes
1753 4153 1978 4198 mortem
2016 4144 2303 4212 aspicimus
2325 4184 2340 4208 ,

746 4239 798 4291 in
826 4238 1082 4290 continuo
1112 4235 1340 4289 vivimus
1368 4235 1588 4300 timore,
1617 4244 1669 4288 et
1695 4233 1824 4288 Cain
1866 4249 2077 4303 pcenatn
2108 4236 2343 4289 sustine-

745 4345 884 4390 mus,
915 4328 1041 4381 olim
1073 4341 1346 4381 carcerem
1379 4325 1737 4396 habitantibus
1767 4325 2118 4380 miserabilius
2145 4325 2339 4388 affecti,

745 4430 799 4473 et
847 4418 1155 4472 obsessione
1200 4417 1445 4471 inusitata
1488 4415 1714 4484 quadam
1755 4423 1810 4469 et
1846 4430 1983 4469 ttova
2021 4415 2264 4478 obsessi,
2293 4428 2346 4468 et

745 4526 902 4580 quant
932 4511 1216 4578 cogitatum
1246 4509 1317 4562 sit
1344 4508 1605 4578 graviore.
1650 4508 1858 4561 Etenim
1890 4507 1966 4561 illi
2007 4507 2222 4577 quidem
2255 4509 2343 4578 qui

747 4602 815 4654 ab
854 4602 1092 4654 hostibus
1130 4599 1232 4652 hoc
1269 4600 1542 4668 patiuntur
1585 4598 1720 4651 intra
1762 4612 1942 4650 muros
1981 4606 2185 4650 tantum
2212 4611 2344 4650 coa-

750 4694 1035 4748 clnduutur
1067 4711 1081 4745 :
1111 4693 1263 4745 nobis
1291 4707 1418 4746 vero
1446 4691 1616 4744 forum
1647 4707 1854 4760 quoque
1893 4691 2222 4745 inaccessum
2247 4732 2260 4754 ,
2292 4698 2347 4743 et

752 4787 806 4840 itt
835 4786 997 4840 dozno
1032 4785 1258 4852 quisque
1288 4797 1382 4835 sua
1423 4781 1658 4835 inclusus
1682 4793 1795 4846 est;
1834 4797 1896 4835 ac
1934 4783 2071 4835 sicut
2109 4781 2346 4834 obsessis

750 4887 922 4932 tutum
964 4891 1072 4928 non
1113 4882 1196 4928 est
1235 4887 1416 4926 muros
1455 4873 1786 4940 transgredi,
1830 4873 2069 4926 hostibus
2111 4872 2346 4925 exterius

751 4964 1253 5024 circumsidentibus
1277 5003 1292 5026 ,
1339 4963 1418 5016 sic
1461 4977 1631 5030 neque
1669 4962 1847 5014 mul.is
1881 4964 2062 5016 urbem
2100 4963 2346 5016 habitau-

752 5063 882 5114 tium
911 5067 1078 5112 tutum
1107 5057 1268 5110 domo
1295 5054 1466 5119 exire,
1498 5067 1598 5106 nec
1627 5053 1678 5105 itt
1719 5052 1893 5104 medio
1920 5068 2196 5121 apparere,
2226 5069 2346 5121 pro-

751 5162 869 5223 pter
893 5165 987 5204 eos
1010 5151 1098 5220 qtti
1129 5147 1364 5216 undique
1393 5155 1501 5198 tum
1540 5152 1722 5197 sontes
1748 5153 1857 5196 tum
1885 5143 2122 5198 insontes
2147 5159 2346 5198 venan-

752 5254 840 5298 tur
859 5285 874 5308 ,
907 5252 961 5296 et
984 5257 1050 5296 ex
1079 5239 1253 5294 medio
1281 5240 1493 5308 rapiunt
1520 5236 1636 5289 foro
1656 5277 1670 5300 ,
1694 5245 1748 5288 et
1778 5235 1827 5288 in
1849 5234 2106 5303 judicium
2135 5250 2346 5304 quoquo

754 5335 915 5392 modo
945 5348 1007 5387 ac
1032 5342 1232 5386 temere
1263 5330 1497 5384 trahunt.
1529 5329 1816 5398 Propterea
1855 5327 2003 5380 liberi
2030 5342 2150 5380 cum
2181 5328 2347 5381 servis

751 5427 868 5479 suis
895 5421 1177 5488 compediti
1206 5421 1346 5473 intus
1369 5419 1590 5481 sedent,
1617 5418 1736 5487 quis
1766 5415 2188 5485 comprehensus
2213 5416 2308 5470 fuit
2327 5456 2343 5481 ,

753 5517 872 5585 quis
916 5512 1175 5568 abductus
1202 5551 1216 5575 ,
1247 5510 1364 5578 quis
1403 5509 1617 5577 punitus
1659 5508 1844 5571 hodie,
1875 5505 2142 5577 quomodo
2167 5515 2223 5561 et
2247 5523 2346 5576 qua

755 5611 983 5672 ratione,
1017 5604 1246 5660 sollicite
1275 5612 1594 5672 quzercntes,
1624 5611 1675 5655 et
1701 5601 1910 5656 curiose
1935 5601 2285 5662 sciscitantes,
2317 5615 2347 5653 a

769 5704 948 5774 ptibus
984 5699 1105 5754 talia
1143 5712 1332 5752 secure
1371 5694 1577 5748 discere
1623 5704 1837 5762 possunt
1869 5712 1882 5748 :
1912 5703 1966 5748 et
1999 5693 2143 5746 mnni
2177 5702 2350 5747 morte

773 5792 1195 5848 uiset-abiliorem
1237 5787 1436 5856 degunt
1481 5785 1680 5848 vitam,
1723 5786 2028 5853 alienasque
2068 5784 2348 5838 lamentari

778 5884 1005 5940 niserias
1029 5879 1261 5946 quotidie
1288 5876 1476 5940 eoaeti,
1511 5883 1558 5929 ct
1595 5891 1688 5944 pro
1721 5875 1888 5929 salute
1916 5888 2007 5927 sua
2038 5881 2344 5936 trementes,

2440 607 2494 654 et
2521 601 2746 654 mortuis
2769 602 2901 656 nilul
2925 607 3112 660 melius
3142 609 3415 678 habentes,
3439 613 3578 683 quod
3606 613 3802 669 dudum
3834 617 4024 675 timore

2435 691 2628 744 mortui
2665 695 2790 746 sint.
2831 693 2887 748 Si
2923 698 3041 764 quis
3071 715 3198 754 vero
3221 705 3311 772 qui
3339 715 3486 760 extra
3515 708 3754 761 timorem
3779 717 3832 762 et
3854 723 4022 778 anguo

2434 781 2588 833 suam
2614 779 2753 835 hanc
2773 783 2862 848 δίεν
2894 782 2946 836 in
2969 783 3142 840 forum
3171 793 3463 858 procedere
3491 795 3736 861 voluerit,
3759 806 3862 849 tam
3886 799 4022 851 tristi

2433 882 2651 942 aspectu
2683 874 2862 927 statim
2893 875 2944 928 in
2970 874 3190 931 domum
3219 896 3369 936 suam
3411 887 3722 951 retruditur,
3753 888 3834 942 vix
3861 904 4022 942 unum

2434 961 2568 1016 forte
2592 963 2675 1017 vel
2703 963 2838 1017 duos
2863 979 3090 1020 cernens
3120 970 3418 1036 inclinatae,
3447 985 3501 1028 et
3527 991 3649 1029 eum
3681 979 3843 1031 multa
3874 977 4022 1032 ince-

2433 1053 2624 1108 dentes
2646 1056 2879 1122 tristitia,
2906 1057 2992 1111 ubi
3020 1067 3145 1114 ante
3173 1076 3375 1129 paucos
3395 1065 3512 1119 dies
3537 1068 3813 1123 ﬂuviorum
3839 1085 4024 1126 cursus

2434 1143 2718 1199 multitudo
2757 1147 3070 1214 superabat,
3098 1151 3191 1202 sed
3225 1167 3365 1206 nunc
3408 1155 3563 1210 nobis
3595 1171 3782 1212 omnes
3823 1160 3894 1213 illi
3927 1177 4023 1214 ex-

2435 1234 2571 1300 pulsi
2600 1245 2742 1290 sunt.
2773 1237 2838 1290 Et
2865 1237 3005 1292 sicut
3031 1253 3151 1292 cum
3182 1255 3247 1295 ex
3278 1242 3423 1312 sylva
3455 1247 3636 1300 multa:
3663 1250 3858 1316 passim
3883 1253 4025 1305 exci-

2433 1326 2630 1380 duntur
2655 1328 2898 1395 arbores,
2931 1331 3169 1400 ingratus
3197 1333 3439 1388 redditur
3462 1348 3727 1405 aspectus,
3758 1349 4024 1409 tamquam

2434 1419 2624 1486 capitis
2667 1422 2830 1475 multa
2867 1422 3074 1476 calvitio
3115 1422 3363 1480 habentis
3390 1443 3403 1478 :
3431 1426 3507 1480 sic
3548 1437 3601 1481 et
3630 1431 3776 1482 urbis
3816 1433 4024 1498 solum,

2437 1508 2744 1566 hominibus
2789 1512 3012 1580 ablatis,
3047 1521 3104 1568 et
3142 1515 3323 1582 paucis
3369 1513 3565 1584 passim
3612 1522 4024 1586 apparentibus,

2438 1601 2700 1671 ingratum
2730 1620 2871 1659 nunc
2897 1604 3090 1659 factum
3116 1613 3217 1672 est,
3246 1614 3300 1658 et
3328 1607 3548 1661 multam
3573 1613 3912 1665 cernentibus
3935 1616 4028 1666 tri-

2437 1695 2596 1748 stitite
2621 1696 2902 1766 caliginem
2931 1697 3173 1752 oll‘undit.
3215 1697 3326 1751 Non
3358 1707 3559 1752 tantum
3591 1715 3717 1753 vero
3744 1711 3903 1765 terra,
3933 1705 4027 1758 sed

2439 1796 2493 1838 et
2533 1786 2644 1853 ipsa
2685 1789 2827 1842 aeris
2863 1797 3046 1842 natura
3069 1831 3082 1854 ,
3115 1798 3170 1843 et
3214 1791 3465 1844 solarium
3502 1791 3770 1846 radiorum
3801 1794 4028 1849 circulus

2439 1891 2580 1930 nunc
2618 1878 2748 1930 mihi
2791 1893 3020 1934 merere
3063 1888 3116 1933 et
3157 1880 3399 1933 obtusior
3437 1880 3614 1936 lucere
3644 1878 3850 1936 videtur
3880 1899 3892 1934 :
3921 1899 4027 1937 non

2438 1969 2718 2024 elementis
2742 1980 2982 2024 naturam
3010 1971 3354 2035 mutantibus,
3383 1971 3478 2027 sed
3508 1973 3700 2026 nostris
3723 1974 3908 2037 oculis,
3937 1976 4030 2042 qui

2441 2061 2666 2117 tristitia:
2697 2063 2836 2117 nube
2863 2063 3054 2116 turbati
3079 2074 3222 2127 sunt,
3252 2079 3356 2117 non
3384 2064 3679 2119 valentibus
3703 2080 3834 2134 pure
3861 2081 4032 2133 neque

2438 2168 2559 2206 cum
2581 2153 2770 2208 eodem
2791 2154 2981 2208 affectu
3005 2155 3272 2208 radiorum
3304 2155 3482 2208 lumen
3509 2155 3796 2224 suscipere.
3819 2157 3929 2210 lloe
3951 2167 4033 2210 est

2437 2243 2578 2311 quod
2615 2245 2743 2297 olim
2787 2245 3042 2312 propheta
3077 2246 3286 2313 lugebat
3314 2245 3498 2298 dicens
3529 2264 3542 2300 :
3575 2247 3776 2299 Occidet
3806 2249 3928 2316 ipsis
3955 2250 4032 2301 sol

2433 2335 2488 2387 in
2527 2335 2768 2398 meridie,
2799 2345 2849 2388 et
2887 2335 3288 2389 obtenebrabitur
3316 2337 3422 2388 dies
3475 2337 3493 2404 (
3515 2337 3666 2390 Amos
3696 2338 3751 2392 8.
3793 2339 3882 2406 9).
3923 2339 4032 2394 lloc

2434 2433 2613 2479 autem
2657 2425 2901 2491 dicebat,
2943 2442 3048 2480 non
3091 2426 3231 2495 quod
3273 2436 3474 2480 astrum
3518 2429 3893 2493 occultaretur,
3932 2444 4030 2484 nec

2435 2515 2578 2585 quod
2607 2517 2724 2571 dies
2751 2528 3119 2583 evanesceret,
3143 2517 3235 2572 sed
3257 2519 3397 2588 quod
3424 2527 3713 2574 mterentes
3733 2535 3800 2572 ne
3817 2520 4029 2589 quidem

2439 2606 2491 2660 in
2536 2608 2759 2662 meridie
2803 2617 3022 2678 propter
3061 2608 3262 2662 doloris
3291 2609 3570 2678 caliginem
3611 2609 3782 2663 lucem
3813 2625 4033 2664 cernere

2441 2707 2660 2765 possent
2702 2699 2886 2768 :quod
2932 2708 2986 2753 et
3032 2714 3172 2752 nunc
3217 2698 3411 2753 factum
3456 2709 3538 2752 est
3571 2717 3585 2752 :
3616 2708 3669 2752 et
3703 2714 4033 2768 quocumque

2440 2789 2560 2856 quis
2581 2791 2905 2860 respexerit,
2937 2790 3050 2845 sive
3073 2791 3123 2844 in
3155 2800 3348 2844 terram
3367 2830 3382 2854 ,
3415 2791 3528 2844 sive
3558 2791 3608 2843 in
3637 2791 3862 2859 parietes
3881 2832 3894 2854 ,
3925 2790 4034 2843 sive

2442 2879 2494 2931 in
2523 2879 2670 2932 urbis
2693 2880 2966 2933 columnas
2989 2920 3002 2936 .
3035 2879 3148 2934 sive
3185 2880 3234 2932 in
3280 2880 3550 2948 proximos
3573 2921 3588 2940 ,
3618 2889 3824 2934 noctem
3853 2888 3906 2933 et
3933 2881 4032 2932 ob-

2439 2970 2748 3023 scuritatem
2791 2971 3104 3038 profundam
3153 2986 3376 3024 cernere
3423 2971 3633 3024 videtur
3677 2989 3694 3025 :
3739 2972 3818 3024 sic
3856 2971 4034 3025 omnia

2443 3058 2624 3112 multatt
2654 3058 2811 3127 plena
2850 3068 2975 3113 sunt
3002 3059 3248 3114 tristitiae.
3278 3059 3558 3114 Silentium
3597 3061 3792 3129 ubique
3817 3061 4035 3116 horrore

2438 3148 2656 3216 plenum
2688 3157 2743 3202 et
2783 3149 3046 3213 solitudo,
3077 3159 3130 3204 et
3159 3149 3527 3204 desiderabilis
3557 3149 3644 3203 ille
3680 3150 4034 3206 multitudinis

2441 3241 2698 3294 tumultus
2739 3240 3036 3296 exstinctus
3079 3251 3160 3295 est
3193 3258 3206 3293 :
3240 3252 3506 3310 tamquam
3550 3243 3796 3295 omnibus
3834 3252 4030 3296 terram

2443 3330 2816 3394 subeuntibus,
2851 3331 2921 3384 ita
2950 3345 3090 3384 nunc
3121 3331 3386 3385 civitatem
3418 3331 3746 3384 taciturnitas
3773 3332 4030 3398 enminet,

2445 3421 2587 3472 saxis
2618 3436 2806 3474 omnes
2846 3422 3048 3474 similes
3094 3432 3254 3482 sunt,
3288 3433 3342 3475 et
3377 3435 3639 3490 tamquam
3668 3423 3896 3491 quodam
3936 3423 4034 3477 lin—
4077 3444 4086 3452 ·

2445 3527 2562 3581 guae
2588 3512 2798 3566 vinculo
2819 3512 3120 3567 calamitate
3147 3514 3384 3577 cohibiti,
3411 3511 3876 3580 profundissimum
3909 3513 4037 3567 reti-

2446 3611 2574 3656 nent
2618 3603 2922 3664 silentiutu,
2969 3613 3224 3671 quantum
3270 3602 3314 3657 si
3361 3605 3539 3656 hostes
3582 3603 3940 3672 ingruissent,
3981 3612 4035 3658 et

2443 3708 2630 3747 omnes
2668 3693 2824 3746 simul
2865 3693 2984 3762 igne
3023 3705 3076 3747 et
3119 3693 3260 3748 ferro
3296 3695 3741 3764 absumpsissent.
3777 3695 3926 3750 Nunc
3951 3695 4035 3750 di-

2441 3783 2592 3838 cendi
2621 3793 2830 3853 tempus
2851 3793 2933 3838 est
2964 3801 2975 3836 :
3008 3783 3194 3838 Mittite
3215 3785 3284 3838 ad
3311 3786 3701 3850 (autentatrices,
3727 3796 3772 3839 et
3797 3787 3995 3840 veniant
4015 3802 4036 3841 :

2442 3885 2489 3928 et
2517 3877 2584 3928 ad
2617 3893 2703 3929 ea:
2723 3917 2736 3941 ,
2769 3892 2880 3944 qua:
2907 3877 3156 3945 sapientes
3185 3887 3328 3936 sunt,
3359 3888 3405 3930 et
3435 3880 3766 3946 vociferantur
3805 3878 3947 3945 (λεν.
3979 3879 4033 3932 9.

2445 3967 2556 4035 17).
2589 3967 2862 4021 Deducant
2887 3969 3023 4021 oculi
3055 3970 3216 4022 vestri
3258 3969 3542 4038 lacryntas,
3577 3977 3631 4022 et
3662 3968 3924 4036 palpebrae
3948 3984 4030 4020 ve-

2446 4067 2570 4110 strae
2595 4057 2829 4111 deﬂuant
2853 4059 3021 4126 aquis.
3045 4057 3243 4124 Colles,
3271 4059 3466 4112 sumite
3493 4057 3782 4127 planctum,
3808 4065 3861 4110 et
3887 4072 4030 4110 mon-

2450 4157 2548 4212 tcs,
2580 4149 2798 4202 luctum.
2830 4149 3142 4204 Creaturam
3173 4165 3388 4205 omnem
3429 4151 3484 4204 in
3530 4149 3790 4203 malorum
3830 4159 4039 4203 nostro-

2449 4254 2563 4290 rum
2594 4239 2986 4292 miserationcm
3025 4255 3298 4294 vocemus.
3333 4240 3535 4294 Civitas
3564 4249 3670 4292 tam
3715 4255 3901 4309 magna
3928 4281 3942 4305 ,
3985 4250 4038 4294 et

2450 4327 2784 4382 orientalium
2812 4339 2971 4398 caput
2995 4372 3009 4392 ,
3042 4345 3071 4384 e
3098 4331 3276 4385 medio
3305 4331 3414 4385 tolli
3447 4341 3708 4384 terrarum
3739 4329 3869 4384 orbe
3898 4332 4036 4398 peri-

2449 4417 2692 4474 clitatur:
2719 4436 2858 4475 nunc
2879 4437 2996 4490 qua:
3019 4423 3214 4475 multos
3240 4422 3468 4476 habebat
3495 4422 3652 4486 filios,
3683 4430 3899 4489 repente
3925 4422 4038 4475 sine

2453 4507 2572 4562 ﬁtiis
2604 4509 2738 4564 facta
2778 4521 2893 4576 est,
2921 4523 2978 4566 et
3009 4513 3096 4581 qui
3137 4514 3446 4574 auxilietur,
3478 4528 3658 4567 nemo.
3689 4513 3872 4566 Lmsus
3899 4514 4038 4566 enim

2451 4609 2532 4653 e~t
2557 4601 2644 4668 qtti
2675 4618 2777 4654 non
2809 4601 2968 4656 habet
2995 4618 3175 4670 parem
3207 4605 3367 4656 ullttnt
3400 4618 3562 4670 super
3595 4614 3788 4656 terram
3823 4621 3836 4655 :
3873 4603 4043 4670 Impe-

2453 4699 2597 4742 rator
2619 4691 2759 4743 enim
2785 4702 2884 4756 est,
2913 4691 3178 4761 fastigium
3203 4703 3257 4748 et
3286 4703 3449 4760 caput
3486 4693 3723 4746 omnium
3750 4708 3910 4762 super
3933 4704 4039 4746 ter-

2452 4795 2564 4831 ram
2598 4777 2890 4833 hominum.
2920 4781 3205 4851 Propterea
3227 4783 3292 4836 ad
3315 4797 3604 4851 supernum
3630 4783 3825 4851 Regem
3848 4781 4040 4835 eoufu-

2451 4870 2677 4938 giautns.
2709 4869 2854 4923 illum
2886 4871 2936 4923 in
2965 4872 3218 4925 auxilium
3249 4872 3589 4934 invocemus;
3620 4871 3717 4924 nisi
3757 4886 4038 4938 supernam

2453 4977 2801 5031 assequamur
2841 4963 3096 5031 gratiam,
3135 4965 3276 5019 nulla
3326 4965 3734 5020 commissnrum
3781 4964 4040 5031 reparatio

2455 5052 2788 5118 relinquitur.

2526 5142 2577 5196 3.
2609 5139 2909 5194 Voluissem
2940 5141 3025 5196 hic
3054 5144 3366 5198 eoncionent
3401 5143 3611 5197 solvere
3641 5160 3655 5194 :
3689 5142 3873 5194 nolunt
3902 5144 4042 5195 eniut

2452 5232 2778 5302 gementium
2823 5233 2983 5288 animi
3031 5235 3218 5306 longos
3263 5233 3552 5290 extendere
3599 5247 3910 5291 sermones;
3951 5233 4042 5287 sed

2454 5329 2592 5379 sient
2631 5325 2799 5379 nubes
2839 5326 3079 5393 qumdam
3115 5327 3280 5381 densa
3302 5367 3317 5390 ,
3345 5333 3400 5378 et
3434 5324 3536 5376 sub
3572 5323 3798 5376 solarem
3841 5323 4043 5375 radium

2454 5432 2704 5479 ctu-rens,
2735 5432 2946 5470 ontnem
2987 5429 3280 5471 retrorsum
3325 5413 3666 5483 splendorem
3705 5414 3893 5467 avertit
3922 5430 3934 5464 :
3969 5413 4045 5465 sie

2455 5520 2507 5562 ct
2541 5508 2765 5562 tristitia:
2793 5508 3002 5571 nebula,
3033 5524 3157 5563 cum
3189 5516 3312 5560 ante
3345 5505 3581 5558 animum
3615 5515 3850 5560 nostrum
3882 5514 4046 5558 stete-

2457 5599 2544 5662 l'll,
2577 5615 2680 5651 ttott
2712 5601 2834 5654 sinit
2865 5601 3070 5653 facilem
3104 5612 3224 5653 esse
3253 5595 3509 5648 orationis
3547 5610 3780 5661 cursum,
3811 5595 3902 5649 sed
3935 5595 4045 5648 suf-

2457 5687 2626 5749 foeat,
2665 5699 2720 5743 et
2761 5706 2879 5744 cum
2919 5689 3084 5743 multa
3131 5687 3180 5740 vi
3230 5686 3370 5738 intus
3415 5685 3672 5753 reprimit.
3715 5685 3776 5738 Et
3813 5684 3912 5738 hoc
3941 5699 4042 5736 non

2457 5781 2750 5836 dicentibus
2785 5791 2988 5836 tantum
3012 5821 3026 5842 ,
3059 5777 3154 5832 sed
3198 5785 3253 5831 et
3285 5774 3618 5830 audientibus
3655 5775 3880 5834 accidit;
3911 5775 4047 5826 sicut

2463 5872 2602 5925 enim
2635 5871 2699 5927 ab
2738 5873 2918 5926 animo
2947 5869 3172 5926 dicentis
3203 5883 3307 5922 nott
3336 5867 3577 5922 concedit
3621 5866 3786 5938 ipsam
3816 5880 3934 5920 ettm
3966 5863 4045 5918 fn—
