4458 6682
733 487 804 540 57
1509 487 1568 541 S.
1603 486 1888 544 .IOAN‘NIS
1907 487 2398 544 CHRYSOSTOMI
2435 489 2760 546 ARCIIIEP.
2803 487 3345 547 CONSTANTINOI‘.
4125 496 4199 552 53

736 601 837 672 τὴν
864 601 1041 672 αὐγὴν
1065 604 1246 656 πᾶσαν
1273 605 1352 664 εἰς
1373 601 1634 653 τοὺπίσω·
1658 602 1801 654 οὑτω
1825 603 1888 674 δὴ
1925 603 2017 656 καὶ
2048 603 2284 673 ἀθυμίας
2326 603 2416 654 νέ-

735 707 858 758 φος,
903 689 1123 744 ἐπειδὰν
1155 693 1252 760 στῇ
1298 691 1403 760 πρὸ
1443 689 1540 758 τῆς
1583 690 1762 760 ψυχῆς
1799 695 1901 763 τῆς
1955 693 2266 762 ἡμετέρας,
2315 691 2415 744 οὑκ

736 777 965 848 ἀφίησιν
991 777 1210 832 εὔκολον
1241 775 1493 844 γενέσθαι
1519 777 1617 848 τὴν
1645 777 1738 829 τοῦ
1769 778 1930 848 λόγου
1975 779 2244 840 διάϐασιν,
2299 777 2418 830 ἀλλ’

737 865 1031 933 ἀποπνίγει
1083 865 1174 916 καὶ
1206 863 1418 933 συνέχει
1449 863 1590 933 μετά
1620 865 1822 936 πολλῆς
1852 868 1952 938 τῆς
1979 868 2224 937 ἀνάγκης
2273 865 2419 918 ἔνδον

738 953 922 1005 αὑτόν.
953 951 1064 1004 Καὶ
1096 950 1255 1003 τοῦτο
1281 951 1381 1002 οὐκ
1410 951 1503 1003 ἐπὶ
1535 951 1647 1005 τῶν
1673 953 1958 1022 λεγόντων,
2009 953 2144 1008 ἀλλά
2187 954 2284 1007 καὶ
2327 953 2420 1006 ἐπὶ

736 1039 846 1092 τῶν
877 1039 1185 1092 ἀκουόντων
1214 1038 1445 1102 γίνεται.
1471 1039 1686 1111 Ὥσπερ
1715 1041 1824 1112 γάρ
1845 1041 1952 1094 ἀπὸ
1976 1041 2076 1110 τῆς
2109 1041 2204 1093 τοῦ
2231 1041 2418 1108 λέγον-

735 1139 830 1187 τος
853 1126 1031 1197 ιξδελχῆς
1058 1127 1156 1178 οὐκ
1189 1125 1419 1196 ἀφίησιν
1465 1129 1628 1182 αὑτὸν
1667 1129 1970 1198 ἐκπηδῆσαι
2003 1130 2120 1199 μετ’
2145 1129 2418 1192 εὐκολίας,

737 1209 913 1274 οὕτως
951 1213 1072 1264 οὑδέ
1115 1215 1195 1275 είς
1243 1212 1346 1284 τὴν
1389 1213 1498 1266 τῶν
1527 1215 1832 1268 ἀκουόντων
1873 1214 2112 1268 διάνοιαν
2159 1217 2420 1286 ἐμπεσεῖν

742 1303 1018 1371 συγχωρεῖ
1071 1301 1209 1370 μετὰ
1259 1302 1360 1373 τῆς
1395 1303 1598 1366 οἰκείας
1622 1302 1923 1372 δυνάμεως.
1964 1302 2065 1355 Διά
2115 1303 2274 1356 τοῦτο
2327 1303 2422 1356 καὶ

755 1388 998 1441 Ἰουδαῖοί
1023 1407 1154 1442 ποτε
1181 1391 1260 1461 τῷ
1285 1391 1442 1462 πηλῷ
1476 1393 1568 1446 καὶ
1615 1395 1680 1462 τῇ
1725 1391 1974 1464 πλινθείᾳ
2011 1393 2352 1456 δουλεύοντες
2370 1404 2422 1456 ιι,

740 1475 838 1528 τοῦ
859 1475 1106 1538 Μωσέως
1135 1477 1397 1540 πολλάκις
1432 1478 1640 1547 μεγάλα
1665 1479 1793 1548 περὶ⁸
1833 1481 1934 1549 τῆς
1965 1479 2143 1533 αὐτῶν
2174 1479 2422 1548 λέγοντος

745 1564 1020 1634 σωτηρίας
1069 1565 1289 1618 ἀκούειν
1316 1565 1414 1617 οὐκ
1453 1564 1748 1634 ἠνείχοντο,
1794 1566 1894 1636 τῆς
1937 1567 2174 1637 ἀθυμίας
2226 1567 2424 1621 ἀϐατον

743 1653 1007 1722 ποιούσης
1035 1652 1113 1722 τῷ
1143 1653 1286 1722 λόγῳ
1315 1653 1413 1723 τὴν
1437 1653 1698 1716 διάνοιαν,
1731 1655 1826 1707 καὶ
1851 1655 1950 1726 τὴν
1977 1656 2148 1726 ἀκοὴν
2177 1657 2426 1727 ἐμφρατ-

742 1740 960 1808 τούσης.
1007 1739 1342 1810 Ἢϐουλόμην
1371 1741 1470 1810 μὲν
1499 1737 1593 1796 οὖν
1625 1743 1718 1796 καὶ
1747 1744 1910 1807 αὑτὸς
1933 1743 2163 1798 ἐνταῦθα
2189 1745 2426 1798 καταλῦ-

744 1842 832 1878 σαι
856 1825 924 1878 τά
951 1826 1237 1896 εἰρημένα·
1271 1826 1388 1880 ἀλλ’
1404 1829 1667 1900 ἐννοήσας
1705 1831 1786 1883 δτι
1820 1831 1920 1884 οὑκ
1953 1831 2302 1900 ἀντιφράττει
2334 1832 2428 1900 μό-

741 1931 829 1966 νον
857 1915 1086 1985 νεφέλης
1115 1915 1276 1984 φύσις
1307 1916 1407 1987 τὴν
1439 1919 1517 1982 εἰς
1546 1919 1607 1970 τὸ
1633 1920 1821 1988 πρόσω
1850 1918 2022 1989 φορὰν
2051 1918 2153 1989 τῆς
2191 1920 2426 1980 ἀκτῖνος,

745 2002 885 2056 ἀλλά
915 2003 1012 2056 καὶ
1034 2003 1344 2056 τούναντίον
1373 2006 1511 2076 αὑτὴ
1542 2007 1739 2075 πάσχει
1765 2006 2045 2068 πολλάκις·
2087 2005 2304 2058 ἐπειδάν
2323 2008 2430 2073 γάρ

745 2091 776 2142 ὁ
807 2091 958 2160 ἣλιος
982 2091 1308 2162 θερμότερος
1345 2091 1668 2162 προσπεσὼν
1688 2093 1950 2162 διηνεκῶς
1975 2092 2139 2164 τρίϐῃ
2167 2093 2228 2144 τὸ
2247 2093 2427 2159 νέφος,

751 2180 915 2248 μέσον
944 2197 1002 2233 τε
1034 2181 1166 2233 αὐτὸ
1199 2180 1450 2251 διέρρηξε
1490 2181 1769 2243 πολλάκις,
1794 2183 1888 2234 καὶ
1923 2181 2118 2252 ἀθρόον
2145 2181 2430 2250 ἐκλάμψας

748 2269 972 2339 φαιδρὸς
999 2273 1119 2332 ταῖς
1150 2269 1258 2322 τῶν
1289 2269 1539 2340 ὁρώντων
1573 2271 1912 2342 προσέπεσεν
1937 2272 2112 2340 ὄψεσι·
2141 2273 2300 2324 τοῦτο
2333 2273 2428 2325 καὶ

745 2355 907 2417 αὐτὸς
939 2357 1225 2426 προσδοκῶ
1257 2359 1500 2427 ποιήσειν
1531 2360 1792 2429 σήμερον,
1829 2359 1923 2411 καὶ
1965 2357 2060 2412 τοῦ
2108 2358 2268 2425 λόγου
2304 2375 2427 2410 συν-

744 2443 886 2511 εχῶς
917 2444 1232 2513 ὁμιλοῦντος
1271 2446 1424 2515 ὑμῶν
1453 2449 1573 2509 ταῖς
1607 2447 1833 2517 ψυχαῖς,
1869 2449 1962 2500 καὶ
1985 2448 2078 2500 ἐπὶ
2121 2447 2304 2500 πλεῖον
2337 2449 2426 2499 ἐν·

744 2528 1133 2601 διατρίϐοντος,
1160 2533 1494 2604 ῥαγήσεσθαι
1518 2532 1720 2596 ἐλπίζω
1749 2534 1846 2604 τῆς
1880 2533 2118 2604 ἀθυμίας
2151 2535 2212 2587 τὸ
2245 2533 2426 2602 νέφος,

749 2617 844 2668 καὶ
881 2616 1258 2688 καταλάμψειν
1299 2618 1454 2688 ὑμῶν
1491 2619 1588 2688 τὴν
1624 2619 1864 2672 διάνοιαν
1904 2623 1972 2690 τῇ
2014 2619 2240 2691 εἰωθυία
2269 2619 2430 2672 πάλιν

749 2703 1090 2775 διδασκαλίᾳ.
1123 2705 1259 2758 Ἀλλ’
1288 2705 1500 2759 ἐπίδοτέ
1540 2723 1628 2776 μοι
1661 2707 1760 2776 τὴν
1788 2707 1965 2778 ψυχὴν
2007 2707 2102 2776 τὴν
2134 2708 2432 2778 ὑμετέραν,

751 2789 966 2843 ἐπίδοτέ
1008 2809 1097 2861 μοι
1135 2791 1234 2862 τὴν
1267 2793 1439 2863 ἀκοὴν
1490 2793 1709 2864 μικρόν·
1741 2793 2140 2860 άποτινάξασθε
2168 2795 2267 2864 τὴν
2300 2792 2435 2846 ἀθυ-

753 2877 904 2946 μίαν·
955 2879 1047 2930 ἐπὶ
1093 2877 1154 2930 τὸ
1201 2877 1468 2948 πρότερον
1510 2879 1630 2941 ἔθος
1673 2880 2078 2948 ἐπανέλθωμεν.
2115 2880 2210 2932 καὶ
2243 2878 2434 2947 ὥσπερ

751 2961 1023 3032 εἰώθαμεν
1051 2965 1138 3016 ἀεὶ
1165 2963 1280 3034 μετ’
1306 2963 1572 3033 εὐθυμίας
1595 2965 1826 3018 ἐνταῦθα
1851 2965 2272 3033 παραγίνεσθαι,
2290 2962 2432 3016 οὕτω

753 3053 847 3104 καὶ
895 3051 989 3104 νῦν
1033 3052 1298 3122 ποιῶμεν,
1324 3052 1383 3104 τὸ
1422 3053 1530 3104 πᾶν
1554 3053 1647 3104 ἐπὶ
1673 3052 1764 3104 τὸν
1797 3051 1929 3104 Θεὸν
1957 3051 2232 3121 ῥίψαντες.
2262 3047 2432 3104 Τοῦτο

755 3139 851 3190 καὶ
880 3137 1016 3208 πρὸς
1043 3139 1215 3209 αὑτὴν
1249 3141 1380 3208 ἡμῖν
1403 3140 1502 3210 τῆς
1529 3140 1816 3209 συμφορᾶς
1847 3137 2206 3207 συμϐαλεῖται
2233 3136 2329 3208 τὴν
2345 3135 2434 3190 λύ·

755 3244 860 3280 σιν.
883 3229 981 3278 Ἂν
1002 3227 1110 3298 γάρ
1138 3227 1222 3298 ἱδῃ
1253 3225 1392 3297 μετά
1419 3225 1708 3298 ἀκριϐείας
1730 3227 2110 3296 ἀκροωμένους
2135 3225 2244 3279 τῶν
2265 3223 2432 3278 αὑτοῦ

753 3313 948 3382 λόγων,
979 3315 1074 3366 καὶ
1097 3313 1196 3384 τὴν
1227 3313 1545 3382 φιλοσοφίαν
1571 3314 1702 3383 ἡμῖν
1730 3313 1830 3366 οὐκ
1866 3313 2232 3382 ἐλεγχομένην
2249 3314 2316 3382 τῇ
2339 3311 2434 3364 τοῦ

755 3400 950 3471 καιροῦ
993 3399 1268 3472 δυσκολίᾳ,
1309 3400 1522 3470 ταχέως
1545 3399 1920 3470 ἀντιλήψεται,
1949 3400 2046 3452 καὶ
2088 3400 2305 3468 ποιήσει
2337 3397 2436 3468 τὴν

753 3489 994 3559 γαλήνην
1005 3489 1101 3542 καὶ
1113 3487 1410 3558 μεταϐολὴν
1423 3487 1634 3557 ἀγαθὴν
1647 3487 1756 3541 ἀπὸ
1765 3487 1858 3540 τοῦ
1873 3488 2136 3558 παρόντος
2149 3503 2208 3556 χε
2217 3505 2233 3538 ι
2241 3485 2438 3554 μῶνος.

825 3584 929 3635 Τὸν
955 3581 1065 3652 γὰρ
1085 3580 1411 3650 Χριστιανὸν
1429 3577 1528 3632 καὶ
1555 3579 1613 3630 ἐν
1639 3576 1816 3646 τούτῳ
1846 3574 1956 3628 τῶν
1975 3574 2224 3628 ἀπίστων
2245 3573 2436 3642 διαφέ-

755 3689 870 3738 ρειν
899 3671 1030 3740 χρὴ,
1191 3669 1250 3720 ἐν
1267 3666 1348 3736 τῷ
1371 3665 1558 3738 φέρειν
1577 3663 1843 3731 γενναίως
1859 3662 2096 3724 ἅπαντα,
2121 3661 2218 3714 καὶ
2237 3664 2306 3732 τῇ
2327 3659 2437 3716 τῶν

757 3762 1062 3831 μελλόντων
1106 3760 1280 3812 ἐλπίδι
1315 3759 1684 3830 πτερούμενον
1719 3757 1992 3829 ἀνώτερον
2023 3753 2163 3812 εῖναι
2195 3758 2294 3826 τῆς
2325 3755 2432 3808 τῶν

753 3846 1112 3918 ἀνθρωπίνων
1131 3845 1320 3900 κακῶν
1341 3844 1664 3918 προσϐολῆς.
1696 3845 1821 3898 Ἐπὶ
1847 3845 1946 3915 τῆς
1969 3844 2176 3916 πέτρας
2201 3843 2434 3913 ἕστηκεν

753 3938 783 3989 ό
813 3935 1024 3998 πιστὸς,
1055 3933 1144 3988 διά
1184 3932 1342 3988 τοῦτο
1367 3935 1489 3998 ταῖς
1517 3933 1626 3988 τῶν
1658 3933 1918 4003 κυμάτων
1965 3931 2264 4004 ἀχείρωτός
2318 3933 2436 3982 ἐστι

755 4023 1130 4093 προσϐολαῖς»
1157 4061 1172 4076 .
1210 4023 1306 4076 Ἂν
1344 4021 1454 4093 γὰρ
1483 4020 1697 4092 ἐπαρθῇ
1727 4020 1798 4073 τὰ
1835 4019 2058 4088 κύματα
2095 4018 2206 4071 τῶν
2239 4034 2437 4088 πειρα-

757 4109 934 4180 σμῶν,
969 4111 1070 4163 οὐκ
1099 4111 1401 4178 ἐφικνεῖται
1429 4108 1540 4161 τῶν
1579 4108 1790 4160 ἐκείνου
1823 4105 2000 4159 ποδῶν
2019 4123 2034 4136 ·
2069 4099 2222 4168 οὗτος
2247 4105 2440 4174 ὑψηλό-

753 4214 912 4268 τερος
933 4200 1034 4268 τῆς
1055 4197 1272 4266 ἀπάσης
1291 4195 1548 4264 τοιαύτης
1569 4195 1799 4264 ’ἕστηκεν
1821 4191 2132 4263 ἐπιϐουλῆς.
2150 4191 2242 4262 Μὴ
2257 4192 2438 4245 τοίνυν

755 4285 1174 4356 καταπέσωμεν,
1215 4285 1512 4354 ἀγαπητοί.
1553 4283 1666 4352 Οὐχ
1697 4281 1872 4344 οὑτως
1893 4283 2055 4351 ἡμεῖς
2081 4280 2438 4350 φροντίζομεν

749 4375 852 4444 τῆς
869 4373 1144 4444 ἡμετέρας
1171 4372 1466 4443 σωτηρίας,
1483 4371 1559 4433 ὡς
1583 4372 1612 4422 ὁ
1631 4370 1866 4440 ποιήσας
1884 4369 2032 4438 ἡμᾶς
2053 4367 2206 4430 Θεός·
2225 4368 2322 4438 οὐχ
2349 4365 2438 4419 οἷ’)-

755 4480 862 4523 τως
877 4463 1011 4531 ἡμῖν
1036 4461 1186 4530 μέλει
1201 4460 1296 4513 τοῦ
1321 4459 1488 4530 μηδὲν
1509 4457 1704 4512 παθεῖν
1723 4457 1918 4522 δεινὸν,
1935 4455 2012 4519 ὡς
2031 4454 2111 4525 τῷ
2136 4455 2232 4526 τὴν
2259 4456 2437 4525 ψυχὴν

752 4555 890 4622 ἡμῖν
921 4550 1294 4622 χαρισαμένῳ,
1327 4549 1420 4601 καὶ
1439 4547 1677 4602 τοσαῦτα
1704 4547 1845 4600 δόντι
1877 4545 2014 4616 μετά
2040 4544 2213 4598 ταῦτα
2235 4545 2434 4612 ἀγαθά.

758 4639 998 4702 Ταύταις
1024 4639 1248 4695 ἑαυτοὺς
1278 4635 1650 4707 πτερώσωμεν
1668 4637 1786 4698 ταῖς
1810 4635 2011 4698 ἐλπίσι,
2041 4633 2138 4687 καὶ
2165 4633 2273 4684 τῶν
2311 4631 2434 4702 μελ-

758 4727 960 4780 λόντων
989 4723 1324 4797 ῥηθήσεσθαι
1351 4722 1494 4794 μετά
1515 4721 1616 4791 τῆς
1643 4721 1899 4783 εἰωθυίας
1937 4719 2259 4788 ἀκούσωμεν
2302 4735 2438 4789 προ-

759 4813 978 4885 θυμίας.
1031 4811 1266 4880 Μακράν
1313 4809 1505 4882 πρῴην
1547 4808 1810 4862 ἀπέτεινα
1849 4807 1984 4879 πρὸς
2025 4807 2123 4877 τὴν
2169 4805 2439 4876 ὑμετέραν

755 4903 978 4970 ἀγάπην
1011 4898 1374 4970 δημηγορίαν,
1415 4899 1506 4950 καὶ
1559 4897 1768 4959 πάντας
1803 4891 1938 4948 εἶδον
1972 4891 2440 4966 παρακολουθοῦν-

753 5005 876 5052 τας,
911 4988 1004 5039 καὶ
1025 4986 1220 5038 οὐδένα
1258 4988 1321 5037 ἐκ
1357 4985 1529 5054 μέσης
1574 4981 1990 5054 ὑποστρέψαντα
2021 4981 2122 5051 τῆς
2151 4979 2294 5033 ὀδοῦ.
2327 4980 2439 5031 Χά-

761 5093 847 5146 ριν
875 5075 1004 5144 ὑμῖν
1039 5073 1163 5126 ἀντὶ
1191 5073 1290 5142 τῆς
1322 5070 1627 5141 προθυμίας
1663 5070 1770 5139 ἐχω
1804 5071 2042 5138 ἐκείνης,
2073 5067 2302 5122 καὶτῶν
2341 5067 2438 5118 πό-

758 5181 864 5218 νων
891 5163 983 5214 τὸν
1017 5161 1206 5232 μισθὸν
1231 5158 1530 5228 ἀπείληφα·
1549 5157 1686 5210 ἀλλά
1719 5159 1812 5210 καὶ
1839 5159 2026 5230 ἓτερον
2069 5159 2186 5228 μετ’
2227 5156 2439 5209 ἐκείνου

761 5251 954 5320 μισθὸν
995 5251 1138 5320 ὑμᾶς
1161 5249 1342 5320 ᾔτησα
1371 5246 1514 5298 τότε·
1561 5247 1704 5314 τάχα
1735 5245 1848 5297 ίστε
1879 5248 1973 5300 καὶ
2009 5245 2309 5316 μέμνησθε.
2346 5243 2442 5305 Τίς

757 5338 818 5390 δὲ
865 5333 932 5406 ἦν
967 5340 996 5390 ό
1024 5336 1242 5406 μισθός;
1275 5335 1414 5398 Τοὺς
1441 5333 1799 5404 βλασφήμους
1824 5335 1948 5395 τοὺς
1981 5332 2122 5385 κατά
2151 5332 2252 5403 τὴν
2287 5329 2442 5383 πόλιν

761 5426 1013 5491 κολάζειν
1039 5427 1130 5478 καὶ
1157 5422 1530 5496 σωφρονίζειν,
1571 5423 1699 5484 τοὺς
1731 5423 1810 5486 είς
1837 5421 1928 5474 τὸν
1957 5421 2086 5473 Θεὸν
2120 5420 2441 5492 ὑϐρίζοντας

763 5519 859 5571 καὶ
891 5515 1282 5588 παροινοῦντας
1308 5527 1330 5553 ο
1355 5514 1628 5580 κατέχειν·
1655 5513 1756 5566 οὑκ
1775 5508 1926 5584 οἶμαι
1951 5511 2123 5564 ταῦτα
2151 5511 2244 5565 ἀπ’
2271 5513 2442 5580 ἐμαυ-

758 5607 860 5661 τοῦ
889 5607 1010 5660 τότε
1045 5604 1348 5676 εἰρηκέναι,
1384 5603 1518 5656 ἀλλά
1533 5601 1628 5656 τοῦ
1645 5601 1782 5656 θεοῦ
1809 5601 1878 5654 τὰ
1905 5599 2166 5671 μέλλοντα
2193 5597 2442 5670 προειδό-

759 5713 855 5758 τος
873 5696 955 5758 εἰς
969 5693 1068 5766 τὴν
1083 5693 1323 5747 διάνοιαν
1343 5691 1440 5762 τὴν
1454 5691 1731 5762 ἡμετέραν
1749 5692 1775 5742 ἐ
1783 5688 2148 5760 μϐεϐληκέναι
2169 5688 2237 5740 τὰ
2259 5689 2324 5758 ῥή
2335 5703 2440 5757 μα-

761 5801 852 5837 τα·
883 5786 931 5836 εἰ
959 5785 1068 5854 γάρ
1095 5784 1222 5846 τοὺς
1257 5781 1328 5834 τὰ
1353 5779 1578 5832 τοιαῦτα
1607 5777 1918 5848 τολμῶντας
1960 5775 2309 5846 ἐκολάζομεν,
2343 5775 2442 5826 οὑκ

761 5875 830 5927 ἂν
859 5871 1029 5927 ταῦτα
1055 5871 1217 5942 ἐξέϐη
1245 5869 1362 5935 νῦν,
1383 5868 1486 5924 ἀπε
1495 5885 1526 5938 ρ
1551 5865 1732 5936 ἐξέϐη.
1757 5865 1916 5934 Πόσῳ
1935 5865 2141 5933 βέλτιον
2169 5860 2260 5935 ἦν,
2283 5866 2327 5916 εἰ
2350 5865 2442 5916 καὶ

825 6046 850 6072 ⁸
877 6047 1022 6094 "m‘il.
1051 6051 1102 6095 el
1136 6047 1286 6108 aliqui
1319 6045 1525 6106 πλινθείᾳ
1561 6045 2011 6106 ταλαιπωρούμενοι.

827 6107 850 6145 ί·
889 6109 1157 6169 Ἰἰμὸο).αῖ;,
1179 6113 1249 6155 sn-
1275 6109 1374 6154 alii.
1986 6166 1989 6168 _

826 6179 836 6192 ⁸
875 6172 1107 6218 iu-Sn\i}
1155 6173 1540 6222 νιῑϋιῖηηιιηκς
1570 6169 1688 6220 ,ΑῘΗ
1721 6169 2100 6213 πιῡανπιοῶπνα

2528 605 2864 659 κινδυνεύειν
2901 606 3030 670 ἔδει,
3075 607 3473 679 σωφρονίζοντα
3497 603 3693 666 αὐτοὺς
3713 605 3809 658 καὶ
3838 609 4202 666 παιδεύονταά

2527 693 2722 746 παθεῖν
2751 711 2824 758 τι,
2857 693 2886 746 ὅ
2911 695 3006 748 καὶ
3040 694 3341 766 μαρτυρίου
3371 693 3632 762 στέφανον
3675 691 3812 761 ἡμῖν
3857 695 4134 766 ἐκόμιζεν,
4171 697 4202 769 ἢ

2521 778 2618 830 νῦν
2637 780 2956 846 δεδοικέναι,
2993 783 3088 834 καὶ
3113 782 3360 852 τρέμειν,
3404 781 3499 835 καὶ
3527 780 3753 834 θάνατον
3799 783 4106 854 προσδοκᾷν
4135 789 4206 842 ἐκ

2519 865 2621 933 τῆς
2645 867 2870 920 ἐκείνων
2891 868 3150 934 ἀταξίαςς
3184 869 3314 923 Ἰδοὺ
3343 869 3404 922 τὸ
3419 870 3721 940 ἁμάρτημα
3739 867 3960 937 γέγονεν
3979 871 4201 940 ὀλίγων,

2520 953 2615 1004 καί⁵
2643 953 2706 1006 τὸ
2727 954 2984 1026 ἔγκλημα
3003 957 3212 1025 γίνεται
3239 959 3435 1012 κοινόν·
3469 959 3576 1012 ίδοὺ
3605 958 3672 1011 δι’
3699 956 3936 1019 ἐκείνους
3960 957 4206 1026 ἅπαντες

2518 1039 2840 1112 δεδοίκαμεν
2879 1044 2996 1108 νῦν,
3038 1045 3132 1099 καὶ
3169 1047 3281 1100 τῶν
3317 1049 3546 1111 ἐκείνοις
3585 1046 4000 1118 τετολμημένων
4045 1047 4206 1102 αὐτοὶ

2517 1127 2618 1190 τὰς
2641 1130 2914 1199 τιμωρίας
2949 1133 3316 1204 ὑπομένομεν.
3371 1136 3434 1188 Et
3485 1135 3542 1188 δὲ
3597 1135 3958 1205 προλαϐόντες
4001 1135 4206 1199 αὑτοὺς

2521 1213 2854 1284 ἐξεϐάλομεν
2871 1217 2973 1286 τῆς
2999 1218 3228 1282 πόλεως,
3249 1221 3346 1272 καὶ
3369 1221 3834 1293 ἐσωφρονίσαμεν,
3861 1222 3956 1275 καὶ
3972 1227 4034 1274 τδ
4055 1237 4206 1273 νενο-

2523 1301 2696 1372 σηκὸς
2723 1302 3119 1376 διωρθώσαμεν
3145 1306 3328 1374 μέλος,
3348 1308 3450 1361 οὑκ
3479 1309 3544 1362 ἂν
3578 1309 3671 1362 τὸν
3704 1311 3945 1380 παρόντα
3975 1308 4207 1378 ἐφοϐού-

2525 1391 2666 1462 μεθα
2689 1390 2872 1459 φόϐον.
2897 1387 3027 1445 Οῖδα
3053 1393 3136 1445 ὅτι
3159 1393 3261 1462 τῆς
3289 1393 3498 1458 πόλεως
3517 1397 3578 1450 τὸ
3605 1393 3736 1467 ἦθος
3759 1399 3965 1452 ἄνωθεν
3990 1397 4208 1453 ἐλεύθε-

2525 1496 2640 1550 ρον,
2691 1479 2832 1546 ξένοι
2867 1479 2926 1532 δέ
2957 1496 3100 1543 τινες
3127 1480 3226 1532 καὶ
3259 1482 3487 1552 μιγάδες
3539 1484 3834 1555 ἅνθρωποι,
3883 1487 4068 1556 μιαροὶ
4111 1486 4210 1540 καὶ

2523 1567 2780 1638 ὀλέθριοι,
2799 1568 2894 1621 καί⁵
2923 1567 3022 1636 τῆς
3050 1566 3257 1620 ἑαυτῶν
3277 1568 3658 1636 ἀπεγνωκότες
3685 1573 3956 1643 σωτηρίας
3979 1573 4094 1625 ἐτόλ
4105 1591 4212 1644 μη-

2529 1670 2652 1722 σαν,
2682 1654 2825 1726 άπερ
2846 1654 3168 1725 ἐτόλμησαν.
3201 1655 3300 1706 Διά
3327 1653 3504 1708 ταῦτα
3537 1655 3676 1724 βοῶν
3717 1659 3804 1710 ἀεὶ
3834 1660 3928 1712 καὶ
3971 1659 4210 1730 διαμαρ-

2527 1759 2591 1794 τυ
2601 1742 2824 1812 ρόμενος
2844 1743 2908 1794 οὑ
2933 1742 3199 1796 διέλειπον
3217 1759 3232 1772 ·
3257 1741 3576 1812 κολάσωμεν
3600 1743 3711 1796 τῶν
3743 1743 4212 1816 βλασφημούντων

2527 1831 2626 1899 τὴν
2657 1831 2876 1900 μανίαν,
2908 1831 3330 1902 σωφρονίσωμεν
3344 1829 3524 1882 αὐτῶν
3553 1829 3653 1900 τὴν
3684 1831 3944 1894 διάνοιαν,
3977 1836 4212 1904 προνοή-

2531 1935 2714 1988 σωμεν
2749 1917 2930 1972 αὑτῶν
2968 1919 3068 1988 τῆς
3117 1917 3410 1988 σωτηρίας·
3448 1917 3553 1971 κᾶν
3589 1917 3880 1970 ἀποθανεῖν
3917 1919 4012 1990 δέῃ
4053 1921 4212 1973 τοῦτο

2531 2005 2838 2068 ποιοῦντας,
2871 2005 3013 2076 μέγα
3039 2007 3176 2075 ἡμῖν
3205 2005 3343 2057 οῖσει
3375 2003 3438 2056 τὸ
3453 2005 3686 2075 πρᾶγμα
3716 2005 3925 2076 κέρδος·
3967 2005 4042 2077 μὴ
4071 2023 4214 2076 παρ-

2534 2092 2732 2160 ίδωμεν
2768 2091 2862 2144 τὸν
2895 2090 3074 2143 κοινὸν
3139 2088 3494 2160 ὑϐριζόμενον
3536 2091 3831 2160 Δεσπότην·
3864 2091 4006 2160 μέγα
4038 2109 4090 2144 τι
4123 2091 4214 2143 τέ-

2531 2180 2681 2244 ξεται
2701 2181 2767 2248 τῇ
2801 2177 2954 2230 πόλει
2977 2177 3147 2231 κακὸν
3183 2177 3244 2229 τὸ
3269 2178 3339 2230 τά
3371 2177 3598 2232 τοιαῦτα
3633 2182 3915 2250 περιορᾷν.

2600 2262 2660 2316 δ’.
2680 2265 2864 2316 Ταῦτα
2887 2263 3209 2334 προύλεγον,
3237 2262 3582 2332 ταῦταέξέϐη
3595 2264 3712 2328 νῦν,
3725 2267 3818 2316 καὶ
3829 2267 3928 2334 τῆς
3939 2263 4214 2334 ῥᾳθυμίας

2529 2348 2744 2418 ἐκείνης
2765 2349 2986 2418 τίνομεν
3021 2349 3195 2411 δίκας.
3227 2348 3334 2400 Τὸν
3361 2349 3494 2402 Θεὸν
3531 2350 3884 2419 ὑϐριζόμενον
3917 2349 4210 2418 περιεῖδες·

2531 2435 2640 2488 ἰδοὺ
2667 2434 3047 2506 συνεχώρησεν
3063 2433 3388 2505 ὑϐρισθῆναι
3411 2435 3654 2504 βασιλέα·
3675 2433 3880 2488 καὶτὸν
3903 2435 4031 2505 περὶ
4055 2446 4080 2472 θ
4101 2433 4213 2486 τῶν

2529 2527 2774 2596 ἐσχάτων
2802 2525 3278 2597 ἐπικρεμασθῆναι
3307 2527 3443 2579 πᾶσι
3465 2526 3732 2593 κίνδυνον,
3765 2527 3852 2578 ῖνα
3887 2525 4038 2594 ἐντῷ
4061 2523 4214 2594 φόϐῳ

2529 2613 2706 2684 τούτῳ
2737 2613 2836 2683 τῆς
2865 2611 3140 2683 ῥᾳθυμίας
3161 2612 3378 2682 ἐκείνης
3403 2613 3583 2681 δῶμεν
3603 2612 3777 2682 δίκην.
3807 2608 3956 2680 ’Λρα
4002 2613 4076 2681 μὴ
4109 2611 4214 2680 μά-

2533 2717 2654 2770 την,
2687 2701 2822 2771 μηδέ
2851 2702 2971 2769 εί.κῆ
3005 2699 3178 2752 ταῦτα
3211 2699 3642 2770 προύλεγον,καὶ
3671 2699 3910 2768 συνεχῶς
3939 2699 4214 2769 ἠνώχλουν

2535 2793 2599 2859 τῇ
2629 2789 2870 2858 ὑμετέρα
2899 2789 3091 2860 ἀγάπῃ
3112 2805 3126 2853 ;
3146 2787 3284 2839 Ἀλλ’
3301 2787 3450 2856 ὅμως
3469 2787 3622 2838 οὑᾶν
3651 2786 3842 2854 γέγονε
3871 2787 4050 2846 πλέον,
4079 2787 4216 2838 ἀλλά

2535 2873 2778 2926 γενέσθω
2811 2873 2936 2937 νῦν,
2977 2875 3072 2926 καὶ
3119 2873 3226 2924 ἀπὸ
3265 2875 3362 2942 τῆς
3423 2872 3707 2943 παρούσης
3758 2872 4214 2942 σωφρονισθέντες

2535 2971 2843 3038 συμφορᾶς,
2875 2966 3333 3038 [251ἐπίσχωμεν
3351 2962 3450 3030 τὴν
3475 2963 3711 3014 ἄτακτον
3743 2961 3965 3012 ἐκείνων
3994 2963 4212 3028 μανίαν.

2545 3054 2946 3125 Ἐμφράξωμεν
2975 3051 3156 3104 αὐτῶν
3179 3049 3250 3101 τά
3273 3048 3540 3117 στόματα,
3575 3044 3825 3115 καθάπερ
3851 3045 4034 3114 πηγάς
4057 3045 4216 3098 θανα-

2529 3143 2668 3212 τηφό
2677 3159 2800 3213 ρους
2833 3139 3272 3208 ἀποκλείσωμεν,
3305 3142 3398 3191 καὶ
3413 3140 3550 3208 πρὸς
3565 3141 3626 3190 τὸ
3641 3141 3882 3190 ἐναντίον
3899 3135 4214 3206 μεταϐάλω-

2536 3248 2653 3301 μεν,
2670 3229 2766 3282 καὶ
2779 3229 2996 3289 πάντως
3011 3227 3270 3296 στήσεται
3283 3227 3355 3279 τά
3371 3225 3738 3294 κατειληφότα
3755 3223 3854 3293 τὴν
3871 3224 4024 3276 πόλιν
4041 3221 4210 3274 κακά.

2603 3318 2717 3369 οὑκ
2774 3314 2890 3366 ἐστι
2945 3314 3176 3384 θέατρον
3231 3314 3266 3383 ἡ
3325 3311 3634 3382 ἐκκλησία,
3685 3311 3772 3363 ἵνα
3824 3309 3961 3379 πρὸς
4019 3307 4215 3378 τέρψιν

2533 3405 2842 3474 ἀκούωμεν·
2872 3401 3252 3474 ὠφεληθέντας
3282 3399 3536 3454 ἐντεῦθεν
3573 3399 3792 3452 ἀπιέναι
3838 3398 3944 3468 χρὴ
3966 3439 3981 3461 ,
4013 3395 4215 3466 κερδά-

2535 3491 2734 3554 ναντάς
2763 3507 2816 3544 τι
2862 3489 3024 3543 πλέον
3067 3491 3164 3543 καὶ
3205 3488 3369 3558 μέγα,
3401 3486 3578 3549 οὑτως
3620 3487 3924 3556 ἀναχωρεῖν
3955 3484 4062 3536 δεῖ·
4091 3485 4218 3536 ἐπεὶ

2539 3581 2716 3650 μάτην
2745 3579 2838 3632 καὶ
2872 3578 2995 3648 είκῆ
3031 3572 3468 3646 παραγινόμεθα,
3507 3575 3555 3625 εί
3583 3573 3718 3644 πρὸς
3743 3572 3931 3641 καιρὸν
3955 3569 4217 3638 ψυχαγωο

2536 3667 2794 3737 γηθέντες
2815 3665 2988 3728 οὓτως
3009 3663 3319 3732 ἀναχωροίη
3328 3679 3446 3731 μεν,
3469 3661 3666 3731 ἔρημοι
3699 3661 3793 3712 καὶ
3823 3659 3966 3712 κενοὶ
3982 3657 4082 3726 τῆς
4107 3656 4219 3708 ἀπὸ

2531 3755 2640 3808 τῶν
2675 3753 2985 3824 λεγομένων
3017 3751 3286 3821 ὠφελείας
3319 3749 3622 3819 γενόμενοι.
3651 3749 3714 3800 Τί
3747 3765 3836 3818 μοι
3863 3745 3971 3798 τῶν
4003 3744 4219 3814 κρότων

2533 3841 2726 3910 ὄφελος
2758 3841 2999 3904 τούτων;
3044 3838 3096 3890 τί
3135 3839 3192 3890 δέ
3230 3837 3337 3890 τῶν
3375 3836 3612 3889 ἐπαίνων
3659 3835 3754 3887 καὶ
3791 3833 3900 3884 τῶν
3930 3829 4216 3898 θορύϐων,

2539 3930 2800 3992 Ἐπαινος
2834 3927 2965 3998 ἐμὸς
2992 3925 3054 3978 τὸ
3081 3926 3170 3978 διά
3201 3925 3311 3976 τῶν
3339 3922 3515 3993 ἔργων
3555 3925 3700 3993 ὑμᾶς
3731 3919 3992 3982 ἐπιδεῖξαι
4019 3917 4090 3970 τά
4127 3916 4220 3968 λε-

2536 4016 2744 4084 γόμενα
2785 4013 3020 4067 ἅπαντα·
3063 4011 3186 4064 τότε
3226 4010 3336 4078 ἐγὼ
3371 4010 3609 4080 ζηλωτὸς
3643 4009 3738 4062 καὶ
3787 4005 4076 4078 μακάριος,
4115 4005 4220 4074 οὐχ

2535 4104 2666 4156 ὅταν
2693 4099 3050 4171 ἀποδέχησθε,
3070 4099 3184 4152 ἀλλ’
3207 4099 3336 4151 ὅταν
3363 4097 3550 4168 ποιῆτε
3578 4096 3716 4168 μετά
3737 4093 4046 4167 προθυμίας
4075 4093 4220 4145 ἀπά-

2539 4207 2659 4258 σης,
2693 4188 2837 4258 άπερ
2859 4186 2926 4240 ἂν
2955 4185 3226 4254 ἀκούσητε
3261 4185 3390 4256 παρ’
3422 4183 3600 4254 ἡμῶν.
3641 4185 3910 4244 Ἕκαστος
3947 4180 4040 4234 τὸν
4075 4179 4218 4249 πλη-

2538 4278 2650 4330 σίον
2682 4273 3033 4346 διορθούσθω·
3071 4270 3444 4341 Οἱκοδομεῖτε
3473 4271 3582 4341 γάρ
3621 4268 3710 4336 εἷς
3739 4269 3844 4323 τὸν
3867 4268 3996 4332 ἕνα,
4025 4267 4214 4336 φησίν·

2535 4365 2600 4416 ἂν
2637 4363 2748 4434 γάρ
2785 4362 2860 4433 μὴ
2903 4360 3064 4414 τοῦτο
3107 4359 3380 4430 ποιῶμεν,
3426 4359 3460 4428 ή
3503 4358 3634 4428 παρ’
3679 4358 3910 4411 ἑκάστου
3953 4355 4219 4424 γινομένη

2539 4451 2890 4522 πλημμέλεια
2915 4450 3101 4518 κοινήν
3133 4465 3255 4500 τινα
3293 4447 3388 4500 καὶ
3421 4446 3695 4518 ἀφόρητον
3719 4447 3854 4499 οίσει
3879 4445 3978 4514 τὴν
4009 4441 4218 4512 βλάϐην

2535 4543 2600 4610 τῇ
2633 4539 2808 4592 πόλει.
2849 4537 3004 4602 Ἰδοὺ,
3033 4535 3197 4607 μηδὲν
3223 4535 3518 4597 συνειδότες
3555 4537 3666 4598 τοῖς
3698 4532 4082 4602 γεγενημένοις
4108 4529 4220 4582 τῶν

2534 4625 2947 4696 τετολμηκότων
2981 4624 3080 4676 οὑκ
3115 4621 3334 4675 ἔλαττον
3371 4621 3706 4691 δεδοίκαμεν,
3775 4621 3867 4673 καὶ¹
3897 4617 4216 4688 φρίττομεν,

2541 4716 2615 4786 μὴ
2649 4717 2862 4777 πάντας
2886 4713 2915 4765 ὁ
2935 4710 3030 4764 τοῦ
3062 4708 3330 4781 βασιλέως
3355 4707 3522 4776 θυμὸς
3548 4706 3849 4779 καταλάϐῃ·
3875 4707 3968 4758 καὶ
3995 4705 4094 4756 οὐκ
4113 4703 4216 4773 ἀρ-

2539 4806 2626 4856 κεῖ
2647 4804 2724 4866 είς
2755 4799 3054 4866 ἀπολογίαν
3086 4798 3220 4866 ἡμῖν
3245 4795 3306 4847 τὸ
3326 4794 3524 4862 λέγειν·
3553 4793 3630 4847 (ὶύ
3659 4795 3807 4865 παρή
3817 4811 3946 4864 μην,
3984 4793 4044 4843 οὐ
4089 4807 4215 4842 συν-

2537 4890 2706 4960 ῄδειν,
2721 4889 2820 4940 οὐκ
2841 4883 3177 4953 ἐκοινώνησα
3196 4881 3301 4934 τῶν
3321 4883 3724 4952 γεγενημένων.
3743 4879 3820 4932 Δι’
3843 4877 3973 4931 αὐτὸ
3997 4877 4095 4948 μὲν
4122 4871 4220 4928 οὖν

2537 4983 2694 5035 τοῦτο
2717 4975 2971 5040 κολάζου,
3000 4973 3155 5044 φησὶ,
3181 4973 3274 5024 καὶ
3295 4973 3434 5024 δίδου
3462 4971 3618 5040 δίκην
3635 4971 3732 5040 τὴν
3751 4967 4008 5038 ἐσχάτην,
4038 4965 4120 5017 ὅτι
4140 4963 4218 5035 μὴ

2541 5068 2744 5140 παρῆς,
2785 5063 2926 5136 μηδέ
2948 5058 3202 5120 ἐκώλυες.
3231 5059 3361 5128 μηΕέ
3395 5059 3520 5120 τοὺς
3547 5053 3921 5124 ἀκοσμοῦντας
3947 5055 4214 5119 κατεῖχες,

2543 5137 2678 5224 μηδέ
2725 5146 3066 5206 ἐκινδύνευες
3107 5144 3244 5211 ὑπὲρ
3281 5143 3378 5212 τῆς
3407 5145 3488 5204 είς
3519 5143 3607 5194 τὸν
3651 5139 3873 5209 βασιλέα
3910 5137 4218 5224 τιμῆςληυὺ

2544 5221 2804 5312 με’τέσχες
2823 5235 2930 5288 τῶν
2950 5229 3396 5300 τετολμημένων;
3425 5227 3631 5282 ἐπαινῶ
3661 5227 3820 5281 τοῦτο
3843 5226 3938 5278 καί¹
3959 5221 4192 5290 ἀποδέχο
4207 5251 4220 5260 -

2544 5309 2661 5398 μαι·
2713 5309 2826 5380 ἀλλ’
2872 5321 2994 5376 οὑδέ
3018 5316 3331 5386 ἐπέσχεςτά
3354 5315 3612 5386 γινόμενα
3643 5333 3658 5348 ·
3682 5316 3842 5369 τοῦτο
3883 5309 4218 5398 κατηγορίας

2541 5396 2709 5483 ἀξιον.
2735 5411 2922 5467 Ταῦτα
2949 5409 3046 5461 καὶ
3069 5403 3222 5474 παρά
3243 5402 3336 5455 τοῦ
3359 5401 3492 5456 Θεοῦ
3517 5404 3584 5457 τὰ
3607 5406 3828 5475 ῥήματα
3849 5396 4215 5464 ἀκουσόμεθα,

2539 5505 2668 5558 ὅταν
2703 5504 2828 5570 σιγῇ
2859 5497 3118 5568 φέρωμεν
3143 5491 3243 5553 τὰς
3267 5491 3348 5553 είς
3375 5491 3536 5544 αὐτὸν
3568 5491 3754 5561 ὕϐρεις
3802 5487 3894 5542 καὶ
3932 5483 4220 5553 παροινίας

2541 5591 2860 5662 γενομένας·
2895 5584 3018 5638 ἐπεὶ
3043 5581 3142 5636 καὶ
3167 5580 3196 5632 ὁ
3215 5579 3276 5632 τὸ
3296 5578 3556 5632 τάλαντον
3578 5581 3752 5632 ἐκεῖνο
3783 5571 4102 5642 καταχώσας
4119 5572 4220 5643 οὐχ

2541 5658 2686 5749 ὑπὲρ
2713 5677 2824 5730 τῶν
2861 5671 2984 5727 καθ’
3007 5667 3202 5722 ἐαυτὸν
3251 5666 3556 5720 ἐνεκαλεῖτο
3581 5665 3718 5749 τότε,
3759 5658 4070 5749 (όλόκληρον
4107 5661 4219 5730 γὰρ

2539 5745 2664 5836 τὴν-
2691 5757 3164 5832 παρακαταθήκην
3209 5753 3546 5822 ἀπέδωκεν),
3609 5748 3722 5804 ἀλλ’
3781 5747 3864 5800 ὅτι
3913 5745 4083 5817 αὐτὴν
4119 5749 4221 5802 οὐκ

2541 5835 2887 5907 ἐπλεόνασεν,
2907 5848 2988 5900 ὅτι
3019 5844 3238 5913 ἐτέρους
3259 5842 3359 5895 οὐκ
3387 5841 3732 5898 ἐπαίδευσεν,
3762 5837 3840 5889 ὅτι
3872 5835 3930 5887 τὸ
3959 5835 4222 5908 ἀργύριον

2603 6035 2629 6074 d
2659 6033 2750 6084 Λιίὶ
2789 6035 3190 6095 σειιτςισκιξῦνὶαζ..
3253 6025 3568 6095 nutrimenta;
3805 6074 3814 6080 _
3863 6075 3866 6078 ,

2613 6119 2618 6128 ·
2657 6083 3197 6156 Quich".ﬁummrrlpEi
3227 6087 3422 6145 βασιλέα
3459 6083 3636 6142 ’ξηατιτνω
3799 6089 3972 6132 -τῖνῖ
3999 6093 4014 6114 "
4043 6089 4118 6121 "'-
4153 6093 4216 6120 "--

2547 6179 2665 6204 οκπκ
2699 6159 3330 6204 ηικέάέιῗύσακξν¹’βᾰλ
