4494 6694
462 440 526 493 5?
1442 427 1529 480 AD
1558 425 1871 481 POPULUM
1904 423 2386 478 ANTIOCHENUM
2441 423 2670 479 llOMlL.
2710 425 2772 481 11.
3658 424 3727 479 7,35

464 553 660 606 etlitate
688 549 899 604 exsilire
928 567 939 602 :
967 548 1042 602 sic
1074 560 1168 599 nec
1200 543 1250 595 in
1282 540 1603 593 audientium
1649 547 1877 592 mentem
1923 551 2045 603 per-

467 642 626 695 mittit
672 642 812 694 illabi
856 657 974 694 cum
1024 636 1234 705 propria
1282 634 1490 684 virtute.
1539 632 1739 686 idcirco
1780 640 1834 684 et
1876 625 2046 682 Judaei

466 731 729 799 quondam
762 733 872 786 luto
898 740 952 784 et
980 724 1212 781 lateritio
1237 723 1384 791 operi
1422 724 1710 776 servientes
1764 719 1954 789 (Exod.
1988 717 2042 771 6.

468 824 556 891 9),
587 823 780 878 Moscm
820 836 1006 888 magna
1036 817 1101 869 de
1130 816 1362 883 ipsitrum
1400 816 1564 867 salute
1603 828 1745 880 saepe
1777 811 2041 863 dicentem

468 917 650 970 audire
688 931 789 970 non
820 918 1080 981 poterant,
1108 908 1309 960 tristitia
1339 908 1511 961 verbis
1540 908 1862 959 inaccessam
1890 915 2041 953 meu-

471 1018 573 1061 tem
606 1006 878 1061 reddente,
907 1010 961 1053 et
989 998 1221 1051 auditum
1255 998 1579 1051 obstruente-
1613 995 1774 1062 Igitur
1804 990 2042 1044 volebam

467 1098 675 1164 quidem
705 1103 756 1147 et
785 1093 898 1159 ipse
926 1091 1083 1143 finem
1112 1089 1194 1142 hic
1218 1088 1423 1142 dicendi
1454 1086 1655 1145 facere;
1686 1082 1780 1137 sed
1807 1080 2043 1149 cogitans

466 1186 603 1255 quod
629 1201 730 1237 non
758 1183 927 1235 solum
954 1181 1157 1236 nebula:
1184 1190 1365 1233 natura
1395 1178 1525 1232 radii
1554 1177 1603 1229 in
1635 1174 1894 1227 anteriora
1925 1187 2045 1240 pro-

466 1289 674 1328 cessum
704 1272 939 1338 impedit,
966 1271 1060 1325 sed
1089 1280 1139 1324 et
1160 1269 1479 1323 contrarium
1504 1267 1613 1334 ipsa
1642 1279 1783 1332 salpe
1808 1263 2040 1331 patitur:

467 1378 585 1415 cum
617 1360 758 1413 enim
799 1360 875 1412 Sol
906 1360 1123 1413 calidior
1151 1360 1398 1413 continue
1438 1357 1651 1423 illapsus
1692 1355 1883 1408 nubem
1912 1368 2043 1407 con-

472 1451 690 1514 triverit,
716 1450 946 1504 medium
975 1452 1134 1520 ipsius
1158 1465 1299 1519 smpe
1324 1447 1618 1516 dissipavit,
1646 1456 1698 1501 et
1720 1454 1861 1499 totus
1886 1446 2041 1498 simul

470 1542 703 1601 elucens,
730 1541 1033 1607 splendidus
1057 1539 1384 1593 cernentium
1410 1537 1678 1591 obtutibus
1699 1535 1881 1589 incidit
1906 1552 1918 1585 :
1946 1535 2043 1588 hoc

470 1644 521 1686 et
549 1636 659 1699 ipse
685 1630 842 1684 hodie
870 1647 952 1683 me
978 1631 1231 1685 facturum
1264 1644 1420 1697 spero
1451 1647 1462 1679 :
1497 1643 1559 1680 ac
1587 1641 1834 1680 sermone
1857 1626 1907 1677 in
1931 1626 2043 1678 ani-

471 1724 569 1775 mis
608 1723 798 1774 vestris
836 1723 1043 1774 assidue
1072 1730 1318 1774 verSante
1339 1761 1353 1781 ,
1382 1727 1434 1771 et
1462 1717 1657 1770 diutius
1691 1717 2004 1770 immorante
2025 1757 2039 1781 ,

469 1813 699 1864 solutum
740 1812 800 1863 iri
845 1826 999 1878 spero
1038 1811 1261 1863 tristitia:
1296 1807 1573 1869 nebulam,
1607 1815 1659 1859 et
1688 1816 1917 1860 mentem
1949 1824 2041 1859 ve-

469 1913 631 1956 stram
662 1902 811 1954 solita
836 1917 1043 1955 rursum
1063 1899 1303 1952 doctrina
1336 1898 1658 1950 miealuram.
1682 1897 1786 1951 Sed
1814 1896 2044 1965 przebetc

469 1994 595 2048 ntibi
638 1995 863 2047 animam
917 2007 1142 2047 vestram
1167 2032 1182 2055 ,
1228 1990 1457 2058 praebete
1497 1990 1624 2042 mihi
1664 1988 2043 2058 aliquantulum

466 2099 643 2147 aures,
679 2084 940 2138 tristitiam
973 2085 1236 2145 excutite;
1267 2080 1330 2133 ad
1359 2082 1584 2148 priorem
1610 2079 2045 2133 consuetudinem

467 2175 743 2229 redeamus
767 2216 783 2240 ,
816 2186 866 2229 et
912 2174 1046 2228 sicut
1071 2172 1442 2228 consuevimus
1482 2186 1691 2239 semper
1719 2186 1837 2222 cum
1867 2170 2044 2222 laetitia

469 2265 570 2319 huc
596 2266 843 2320 advenire
864 2308 879 2331 ,
912 2268 985 2320 sic
1012 2274 1065 2320 et
1096 2282 1231 2319 nunc
1262 2264 1514 2318 faciamus
1535 2305 1548 2329 ,
1581 2262 1757 2317 omnia
1789 2263 1838 2315 in
1880 2262 2042 2316 Deum

467 2358 784 2424 rejicicntes.
831 2358 938 2411 lloc
980 2366 1032 2411 et
1074 2358 1138 2410 ad
1181 2358 1344 2426 ipsam
1380 2356 1694 2410 calamitatis
1723 2355 2038 2409 solutionem

465 2448 615 2500 nobis
639 2448 892 2502 conferet.
919 2448 972 2501 Si
994 2448 1133 2502 enim
1161 2448 1411 2500 Dominus
1434 2463 1529 2499 nos
1552 2445 1739 2498 viderit
1765 2460 2040 2499 sermones

465 2552 588 2589 suos
616 2552 733 2590 eum
764 2538 1042 2589 sedulitate
1067 2538 1363 2601 audientes,
1394 2547 1448 2590 et
1472 2537 1800 2603 disciplinam
1832 2552 1858 2589 a
1890 2537 2041 2591 nobis

465 2628 712 2694 temporis
747 2627 1052 2680 difficultate
1079 2642 1181 2680 non
1210 2628 1420 2694 respui,
1452 2626 1695 2679 celeriter
1736 2641 1833 2679 nos
1869 2627 2041 2679 susei-

466 2718 593 2782 piet,
625 2728 673 2769 ct
707 2717 1136 2783 tranquillitatem
1171 2715 1325 2770 faciet
1352 2724 1403 2768 ct
1425 2730 1490 2768 ex
1531 2715 1777 2783 prmsenti
1807 2713 2039 2782 procella

465 2804 651 2857 bonam
685 2807 1045 2859 mutationem.

533 2895 839 2949 Christianus
858 2913 946 2964 spe
966 2898 1249 2965 futurorum
1270 2896 1438 2947 omnia
1462 2910 1697 2962 generose
1716 2899 1845 2963 ferre
1873 2895 2034 2947 debet.

463 3014 529 3022 —
555 2984 905 3039 Christianum
935 2986 1074 3039 enim
1102 2996 1155 3039 et
1194 2986 1242 3037 in
1275 2984 1376 3039 hoc
1405 2985 1472 3037 ab
1503 2985 1799 3038 infidelibus
1823 2985 2036 3040 differre

462 3084 695 3142 oportet,
728 3086 781 3129 ιιι
821 3076 993 3129 omnia
1032 3090 1288 3145 generose
1324 3075 1486 3137 ferat,
1521 3085 1573 3129 et
1608 3089 1701 3143 spe
1741 3077 2032 3128 futurorum

460 3175 666 3217 erectus
702 3165 1046 3217 humanorum
1077 3165 1333 3217 malorum
1372 3165 1567 3233 impetu
1608 3179 1665 3217 se
1705 3166 2030 3232 superiorem

462 3256 724 3309 exhibeat.
744 3256 909 3323 Supra
938 3265 1142 3324 petram
1167 3263 1392 3307 statutus
1412 3265 1492 3309 est
1521 3255 1689 3309 fidi-lis
1714 3271 1728 3305 ε
1757 3264 2031 3323 prOpterea

461 3355 515 3399 et
544 3347 799 3399 undarum
830 3346 1018 3399 ictibus
1047 3344 1460 3413 inexpugnabilis
1486 3353 1585 3397 est.
1613 3345 1665 3399 Si
1693 3347 1835 3397 enim
1866 3355 2034 3400 tenta-

463 3436 662 3488 tionunt
691 3435 844 3488 unda:
869 3434 1087 3488 elevata:
1115 3432 1327 3497 fuerint,
1351 3433 1415 3485 ad
1442 3433 1577 3485 illius
1600 3432 1761 3501 pedes
1784 3448 1886 3486 non
1916 3449 2035 3502 per-

463 3527 679 3579 veniunt
706 3542 718 3577 :
744 3525 827 3578 hic
846 3525 988 3577 unnti
1017 3525 1105 3577 tali
1131 3525 1342 3577 incursu
1369 3523 1644 3576 sublimior
1673 3523 1907 3576 firmatus
1931 3533 2031 3578 est.

462 3617 538 3670 l‘ie
569 3617 723 3685 igitur
749 3617 925 3669 animo
950 3615 1308 3677 concidamus,
1335 3613 1510 3667 dilecti
1541 3632 1551 3665 :
1578 3629 1681 3665 non
1708 3612 1784 3666 sic
1812 3613 2034 3668 salutem

456 3711 695 3755 nostram
715 3714 990 3760 curamus,
1011 3700 1150 3752 sicut
1176 3702 1263 3766 qui
1303 3700 1426 3751 fecit
1454 3716 1550 3753 nos
1584 3700 1721 3754 Deus
1746 3720 1759 3754 :
1781 3718 1885 3754 non
1912 3712 2034 3755 tan-

456 3804 522 3845 ta:
546 3791 701 3844 nobis
730 3804 874 3842 cura:
897 3798 1007 3853 est,
1034 3790 1168 3842 nihil
1197 3806 1359 3859 grave
1391 3794 1523 3859 pati,
1553 3802 1770 3861 quautzu
1804 3796 1877 3847 illi
1933 3797 2026 3863 qui

456 3880 611 3934 nobis
635 3880 866 3932 animam
886 3878 1125 3939 donavit,
1148 3888 1199 3932 et
1222 3889 1298 3931 tot
1320 3891 1444 3948 post
1467 3882 1579 3935 lucc
1606 3884 1741 3936 bona
1775 3887 2022 3939 contulit.

454 3968 550 4023 llis
562 3972 670 4037 spei
686 3968 979 4021 rationibus
990 3978 1202 4022 nostros
1213 3973 1422 4024 animos
1434 3974 2026 4040 erigamus,ctdicenda

450 4075 574 4113 cum
594 4059 869 4113 alacritate
890 4059 1047 4112 solita
1071 4059 1373 4113 audiamus.
1399 4059 1639 4131 Longam
1678 4079 1847 4131 nuper
1880 4065 2024 4131 apud

451 4152 580 4203 char
606 4150 1637 4214 tatemvestramextendiconcionent,et
1664 4159 2021 4209 otnnesol:se-

458 4247 681 4306 quentes
696 4238 998 4299 cernebam,
1025 4238 1323 4305 nullumque
1339 4252 1402 4289 ex
1422 4235 1591 4289 media
1622 4252 1892 4290 reversum
1922 4239 2025 4291 via.

529 4327 713 4380 Contra
742 4329 1074 4395 blasphemas.
1105 4358 1173 4366 —
1197 4326 1426 4381 Gratiam
1455 4325 1603 4379 vobis
1635 4325 1702 4379 dc
1742 4326 1831 4380 illo
1863 4329 2025 4382 animi

458 4417 632 4471 studio
671 4417 866 4479 habeo,
909 4429 961 4473 et
1000 4419 1237 4472 laborum
1272 4417 1566 4472 mercedem
1597 4418 1812 4485 accepi;
1845 4419 1935 4470 sed
1973 4428 2027 4473 et

458 4507 613 4560 aliam
643 4523 671 4559 a
704 4508 849 4560 vobis
878 4520 1000 4561 tunc
1040 4508 1339 4563 mercedem
1378 4508 1548 4577 exegi.
1590 4507 1745 4560 Forte
1785 4509 1946 4560 nostis
1974 4516 2029 4561 et.

458 4600 787 4654 meministis.
815 4600 942 4664 Qua:
970 4616 1095 4653 vero
1127 4616 1331 4653 merces
1351 4610 1461 4653 erat
1481 4600 1504 4651 ?
1523 4599 1759 4653 Civitatis
1786 4601 2026 4668 blasphe-

458 4700 687 4744 matores
717 4690 935 4757 punire,
965 4700 1014 4742 et
1054 4692 1315 4758 casdgare
1356 4692 1518 4744 Deum
1554 4692 1868 4745 contumelia
1908 4692 2026 4743 afti-

456 4784 691 4844 cientes,
721 4790 771 4833 et
804 4778 1030 4833 furiosos
1057 4782 1328 4835 cohibere.
1369 4782 1486 4836 Non
1526 4798 1592 4835 ex
1637 4798 1721 4834 me
1757 4784 1869 4851 ipso
1906 4783 2026 4834 talia

458 4890 542 4927 mc
570 4874 763 4927 dixisse
790 4870 1038 4932 arbitror,
1068 4871 1160 4924 sed
1194 4873 1355 4926 Deum
1389 4873 1557 4927 futura
1590 4874 1945 4942 providentem
1976 4874 2026 4927 in

460 4973 683 5016 mentem
728 4969 959 5013 nostram
1005 4960 1162 5012 verba
1207 4963 1435 5016 misisse.
1470 4964 1523 5017 Si
1557 4966 1697 5018 enim
1727 4964 1844 5017 talia
1874 4979 2029 5018 ausos

458 5055 819 5122 ptlltissellllls,
850 5064 951 5101 non
979 5048 1098 5100 talia
1128 5064 1265 5102 nunc
1293 5051 1642 5116 accidissent,
1675 5070 1792 5122 quae
1820 5054 2027 5107 accide-

457 5154 596 5198 rttnt.
642 5143 845 5209 Quanto
891 5141 1077 5193 melius
1116 5150 1263 5198 erat.
1296 5141 1341 5194 si
1388 5142 1672 5207 periclitari
1713 5146 2026 5213 Oportebat,

459 5238 600 5306 ipsos
642 5233 951 5300 castigantes
994 5238 1047 5281 ct
1088 5231 1410 5297 corrigeules
1462 5232 1659 5298 aliquid
1707 5234 2024 5300 pertulisse,

456 5325 595 5394 quod
617 5334 668 5377 et
690 5320 919 5389 martyrii
945 5332 1194 5371 coronam
1224 5319 1372 5371 nobis
1396 5319 1679 5383 attulisset,
1707 5338 1863 5388 quam
1890 5339 2031 5377 nunc

458 5414 739 5469 formidare
768 5420 820 5464 et
850 5420 1103 5470 tremere,
1131 5418 1180 5461 et
1213 5424 1276 5460 ex
1318 5408 1522 5460 illorum
1566 5408 1851 5473 petulantia
1882 5426 2023 5463 mor-

456 5516 559 5559 tem
603 5497 939 5572 exspectare?
987 5497 1119 5550 Ecce
1157 5499 1358 5550 crimen
1397 5513 1425 5549 a
1467 5496 1645 5565 paucis
1683 5499 2026 5553 commissum

456 5607 537 5648 est
560 5637 575 5658 ,
602 5604 655 5648 et
681 5594 828 5661 culpa
868 5586 1158 5640 ronnnonis
1185 5588 1409 5640 etlicitur
1439 5605 1452 5640 :
1485 5601 1609 5641 ecce
1654 5595 1869 5653 propter
1909 5587 2027 5640 illos

458 5702 597 5739 nunc
624 5696 807 5737 omnes
830 5678 1171 5749 pﬂVCSCiltttH,
1197 5687 1249 5730 et
1271 5678 1338 5729 ab
1362 5679 1461 5730 ill’s
1491 5687 1813 5746 patratorum
1840 5690 2023 5743 pmnas

456 5776 551 5844 ipsi
582 5777 915 5829 sustinemus.
945 5768 999 5821 Si
1024 5776 1193 5819 autem
1227 5770 1610 5835 ttr.L‘\'L‘ilit'nl('S
1640 5769 1779 5836 ipsos
1808 5781 1869 5819 ex
1893 5766 2020 5819 urbe

2153 534 2542 603 cxpulissemns
2562 578 2577 601 ,
2610 547 2663 590 et
2691 539 3142 601 correxissemns,
3174 546 3227 591 et
3265 545 3518 606 mgrotum
3548 553 3720 593 curas-

2153 639 2331 678 semus
2361 626 2657 679 membrum
2682 669 2695 687 ,
2730 644 2831 681 non
2865 630 3109 695 pratsenti
3156 635 3460 681 tenerentur
3511 645 3721 696 pavore.

2151 716 2283 770 Novi
2308 716 2534 771 civitatis
2562 732 2737 771 mores
2762 734 2790 771 a
2821 720 3105 788 majoribus
3139 720 3414 785 liberales,
3444 720 3537 773 sed
3568 736 3722 789 pere-

2150 809 2283 876 grini
2311 807 2524 877 quidam
2552 817 2607 861 et
2633 810 2911 875 promiscui
2941 811 3198 875 homines,
3229 813 3437 866 scelesti
3464 821 3518 864 et
3548 814 3720 879 perni-

2153 898 2306 963 ciosi,
2334 907 2389 952 et
2415 898 2481 951 dc
2507 914 2598 952 sua
2621 899 2965 967 desperantes
2992 903 3179 960 salute.
3208 903 3320 955 ausi
3353 912 3475 954 sunt
3499 917 3580 961 ea,
3604 917 3720 971 qmc

2149 996 2352 1054 patrata
2399 998 2539 1042 sunt.
2587 990 2871 1058 Propterea
2913 990 3144 1044 clamare
3186 1000 3240 1043 et
3284 993 3566 1045 contestari
3615 1008 3719 1045 non

2151 1079 2373 1134 destiti:
2407 1082 2893 1151 Blaspltemantium
2939 1082 3168 1137 furorem
3214 1085 3531 1152 puniamus.
3582 1085 3718 1150 ipso-

2152 1184 2269 1221 rum
2288 1180 2513 1224 mentem
2536 1173 2873 1242 castigemus,
2900 1173 3131 1241 ipsorum
3156 1174 3307 1227 saluti
3330 1174 3717 1242 provideamus;

2152 1267 2206 1312 et
2232 1260 2275 1312 si
2306 1261 2405 1313 hoc
2432 1261 2681 1317 facientes
2712 1266 2845 1317 mori
2875 1273 3139 1333 Oporteat,
3168 1280 3409 1333 magnum
3443 1267 3595 1319 nobis
3624 1267 3720 1319 hoc

2151 1350 2337 1405 afferet
2366 1352 2567 1406 lucrum
2595 1370 2609 1406 :
2644 1372 2708 1409 nc
2734 1372 3069 1410 communem
3096 1356 3364 1409 dominum
3385 1361 3722 1412 contumelits

2150 1443 2289 1498 affici
2321 1444 2682 1513 negligamus;
2710 1464 2952 1517 magnum
2982 1450 3181 1503 civitati
3213 1450 3409 1502 malum
3452 1452 3616 1518 pariet
3643 1461 3721 1503 ta-

2150 1534 2216 1586 lia
2245 1534 2540 1602 despicere.

2220 1628 2272 1677 4.
2335 1624 2459 1678 llaec
2506 1626 2859 1694 prmdicebam
2886 1670 2900 1693 ,
2947 1629 3060 1683 ha-c
3103 1647 3241 1686 nunc
3281 1631 3621 1692 acciderunt.
3664 1644 3717 1686 et

2152 1716 2382 1782 ειη-[νοτίς
2422 1716 2567 1770 illius
2610 1733 2796 1787 ptrnas
2846 1721 3142 1787 pendimus.
3189 1723 3353 1776 Deum
3400 1725 3723 1780 contumelia

2149 1804 2394 1857 allectum
2448 1805 2783 1875 desp'xisti:
2830 1826 2955 1862 ecce
3007 1811 3245 1877 permisit
3302 1814 3675 1882 Imperatorem
3706 1817 3723 1847 ⁸

2150 1894 2467 1947 contumelia
2493 1898 2631 1950 allici
2657 1937 2672 1962 ,
2701 1908 2753 1951 et
2782 1899 2849 1951 de
2874 1900 3127 1952 extremis
3150 1901 3440 1968 periculum
3477 1906 3724 1959 omnibus

2152 1984 2476 2050 impendere.
2507 1998 2561 2039 ut
2590 1990 2639 2040 in
2682 1991 2781 2043 hoc
2811 1992 3000 2044 timore
3023 1991 3163 2045 illius
3186 1993 3514 2063 negligentiae
3543 2012 3724 2063 poenas

2151 2075 2356 2128 demus.
2387 2076 2520 2131 Num
2554 2080 2711 2147 igitur
2735 2082 2927 2135 frustra
2949 2123 2963 2143 ,
2988 2098 3112 2136 nunt
3146 2092 3346 2139 temere
3389 2084 3502 2138 lure
3539 2086 3725 2153 praedi.

2151 2164 2359 2228 cebatn,
2390 2174 2445 2218 et
2470 2168 2681 2221 assidue
2705 2172 3721 2241 vestramcharitateminterpellabant?

2152 2255 2254 2307 Sed
2281 2263 2455 2309 tamen
2488 2256 2618 2309 nihil
2647 2258 2874 2325 amplius
2909 2261 3101 2312 factum
3129 2272 3247 2325 est;
3279 2263 3372 2316 sed
3417 2264 3507 2315 liat
3554 2280 3723 2328 mute,

2149 2354 2203 2400 et
2232 2360 2262 2399 e
2290 2347 2539 2414 pra'senti
2568 2348 2874 2402 calamitate
2902 2350 3142 2418 castigati
3166 2392 3181 2413 ,
3210 2351 3565 2406 inordinatum
3609 2353 3725 2407 illo-

2148 2453 2263 2490 rum
2294 2436 2527 2492 furorem
2555 2438 2899 2493 cohibeamus
2930 2458 2943 2494 :
2976 2442 3317 2495 obstruanms
3349 2444 3577 2511 ipSnrum
3603 2462 3716 2509 ora,

2149 2537 2413 2597 tainqnam
2455 2532 2625 2585 fontes
2654 2532 2958 2586 mortiferas
2995 2534 3368 2596 occludatnns,
3400 2544 3453 2589 et
3496 2536 3545 2588 in
3590 2551 3720 2590 roo-

2148 2623 2365 2674 trarium
2407 2632 2693 2689 mutemus,
2719 2634 2772 2677 et
2804 2626 3016 2693 penitus
3048 2637 3364 2680 evanescent
3403 2629 3534 2680 mala
3557 2669 3574 2693 ,
3604 2644 3722 2697 qua:

2147 2712 2413 2765 civitatem
2442 2713 2984 2780 comprehenderunt.

2217 2800 2601 2871 Chrysostomus
2635 2805 2842 2873 plausus
2878 2806 3038 2875 rejici!
3075 2836 3145 2846 —
3169 2806 3281 2860 Non
3324 2816 3405 2861 est
3456 2807 3718 2861 theatrum

2145 2893 2412 2960 ecclesia,
2442 2904 2500 2947 ut
2547 2894 2614 2948 ad
2667 2894 3069 2951 delectationem
3123 2897 3398 2951 audiamus
3449 2916 3463 2952 :
3511 2900 3720 2967 adjutus

2145 2981 2269 3037 hinc
2298 2983 2547 3038 recedere
2576 2994 2820 3053 oportet,
2854 2985 3086 3041 luctatos
3110 2987 3357 3055 quiddam
3398 2988 3624 3056 amplius
3668 2998 3721 3042 ct

2141 3090 2411 3145 magnum,
2443 3077 2520 3129 sic
2550 3077 2805 3130 recedere
2846 3078 3064 3146 expedit
3092 3095 3104 3128 :
3139 3079 3398 3147 siquidem
3429 3086 3627 3133 temere
3667 3088 3721 3132 et

2140 3164 2333 3218 frustra
2363 3167 2763 3228 accesserimus,
2793 3168 2837 3221 si
2862 3168 2927 3220 ad
2956 3177 3163 3236 tempus
3194 3169 3412 3222 instituti
3456 3170 3716 3223 dictorum

2139 3266 2321 3326 postea
2365 3257 2589 3310 utilitate
2615 3257 2768 3310 vacui
2807 3257 3142 3312 recedamus.
3175 3259 3304 3325 Qua:
3352 3258 3481 3313 mihi
3527 3260 3713 3313 horum

2140 3347 2415 3414 plausuum
2434 3347 2802 3418 ulilitas?qute
2830 3348 3040 3403 laudum
3086 3360 3139 3402 et
3178 3351 3539 3404 tnmultuum?
3579 3351 3719 3407 Laus

2140 3452 2255 3492 mea
2287 3446 2371 3492 est
2389 3478 2403 3504 ,
2432 3449 2489 3491 ιιι
2513 3454 2609 3491 vos
2636 3439 2811 3493 omnia
2841 3456 2960 3508 qua:
2985 3439 3236 3494 dicuntur
3259 3482 3273 3504 ,
3296 3442 3544 3511 operibus
3570 3442 3717 3497 exhi-

2140 3530 2309 3585 beatis
2356 3539 2529 3583 :tunc
2575 3545 2676 3599 ego
2730 3531 2851 3584 felix
2904 3530 3181 3587 habendus
3223 3543 3275 3587 et
3317 3535 3499 3588 beatus
3547 3553 3560 3588 :
3612 3551 3715 3589 non

2139 3620 2351 3690 quando
2378 3635 2495 3675 cum
2534 3622 2790 3690 applausu
2829 3625 3144 3691 exceperitis
3165 3665 3179 3687 ,
3208 3625 3300 3678 sed
3333 3626 3544 3693 quando
3572 3641 3638 3680 0..
3665 3629 3715 3679 ni

2136 3727 2257 3765 cum
2300 3712 2577 3766 alacritate
2607 3711 2842 3766 feceritis
2873 3728 3221 3782 qua-cumque
3264 3731 3292 3766 a
3342 3715 3492 3768 nobis
3532 3717 3717 3769 audie-

2133 3801 2269 3853 ritis.
2317 3801 2552 3869 Quisque
2605 3803 2907 3870 proximum
2959 3804 3233 3872 corrigat:
3274 3803 3553 3871 ﬁdi/icore
3585 3808 3716 3858 enim

2133 3889 2261 3942 alter
2304 3892 2515 3942 alterum
2548 3890 2588 3962 (Ι
2619 3891 2793 3945 Thess.
2825 3894 2879 3947 5.
2916 3894 3028 3962 11),
3050 3895 3235 3963 inquit.
3267 3894 3379 3949 Nisi
3422 3896 3563 3949 enim
3614 3897 3715 3950 hoc

2136 3979 2424 4045 faciamus,
2454 3997 2481 4034 a
2526 3998 2862 4051 quocumque
2894 3983 3181 4038 admissum
3224 3985 3397 4038 scelus
3433 4001 3715 4041 commune

2139 4069 2400 4138 quoddam
2428 4081 2479 4124 et
2504 4071 2836 4127 intolerabile
2861 4072 3110 4127 damnum
3132 4075 3328 4129 civitati
3349 4076 3553 4130 afferet.
3579 4078 3717 4134 Ecce

2137 4160 2335 4215 nullius
2363 4164 2563 4217 conscii
2592 4178 2698 4218 non
2744 4166 2918 4218 minus
2947 4167 3031 4232 iis,
3063 4168 3151 4236 qui
3194 4180 3578 4237 peccaverunt,
3611 4183 3717 4226 ter-

2135 4253 2222 4306 riti
2248 4269 2435 4309 sumus
2460 4266 2515 4308 et
2539 4259 3023 4321 contremiscimns.
3054 4275 3122 4314 ne
3144 4276 3336 4315 omnes
3375 4263 3715 4332 Imperatoris

2136 4346 2213 4399 ira
2242 4349 2514 4416 corripiat.
2536 4348 2646 4404 Nec
2674 4351 2814 4403 enim
2844 4351 2894 4403 in
2921 4353 3317 4405 excusationem
3349 4356 3501 4408 nobis
3534 4357 3714 4412 dicere

2134 4436 2330 4491 sufﬁcit
2352 4456 2367 4491 :
2391 4438 2505 4491 Non
2528 4439 2765 4503 aderam,
2796 4456 2898 4492 non
2921 4444 3163 4495 conscius
3185 4458 3361 4507 eram,
3382 4462 3485 4498 non
3516 4445 3717 4502 facino-

2134 4544 2249 4581 rum
2298 4544 2517 4584 consors
2567 4532 2656 4583 l'ni.
2682 4532 2762 4585 οι)
2795 4533 2894 4586 hoc
2925 4534 3098 4601 igitur,
3134 4536 3330 4601 inquit,
3356 4540 3592 4605 punieris
3612 4582 3625 4604 ,
3657 4555 3713 4598 et

2135 4622 2369 4674 ultimam
2394 4621 2592 4689 pendes
2619 4637 2850 4689 pugnant,
2878 4626 2999 4691 quia
3034 4640 3137 4677 non
3174 4625 3417 4691 adfuisti,
3456 4645 3553 4683 nec
3589 4648 3711 4699 pro-

2135 4712 2347 4765 hibuisti
2366 4753 2378 4773 ,
2404 4727 2506 4765 non
2535 4712 2818 4765 cohibuisti
2851 4714 3260 4777 tumultuantes,
3286 4732 3386 4770 nec
3410 4734 3505 4785 pro
3535 4720 3705 4788 Impe-

2136 4805 2325 4857 raloris
2351 4806 2552 4858 honore
2576 4805 2903 4872 periclitatus
2947 4819 3026 4858 es.
3072 4804 3187 4858 Non
3239 4810 3461 4874 patratis
3500 4814 3713 4879 partici-

2136 4898 2306 4964 pasti?
2330 4896 2483 4948 laudo
2514 4894 2614 4949 hoc
2644 4903 2697 4947 et
2723 4905 2979 4963 accepto;
3009 4896 3103 4951 sed
3131 4912 3306 4966 neque
3352 4898 3485 4953 facta
3527 4903 3711 4971 probi-

2137 4988 2328 5050 buisti;
2359 4986 2456 5040 hoc
2484 4986 2824 5040 accusatione
2846 4986 3087 5055 dignum.
3130 4987 3257 5041 H-t-c
3286 4997 3338 5041 et
3374 5004 3401 5041 a
3426 4989 3531 5042 Deo
3555 4993 3708 5047 verba

2135 5078 2408 5130 audiemus
2429 5118 2442 5141 ,
2466 5076 2679 5145 quando
2700 5091 2820 5129 cum
2850 5077 3064 5130 silentio
3095 5078 3443 5132 contumelias
3487 5091 3538 5132 et
3571 5082 3705 5148 inju-

2136 5171 2241 5223 rias
2267 5170 2317 5222 itt
2345 5169 2514 5237 ipsum
2544 5169 2865 5223 commissas
2894 5170 3155 5237 patimur:
3182 5172 3427 5239 quoniam
3456 5182 3505 5223 et
3548 5173 3590 5224 is
3623 5174 3710 5241 qui

2140 5263 2388 5315 talentum
2420 5259 2624 5315 defodit
2649 5260 2864 5331 (.llattlt.
2891 5262 2982 5315 ‘15.
3005 5261 3095 5315 25.
3127 5261 3237 5326 50),
3272 5276 3373 5313 non
3406 5275 3503 5329 pro
3544 5264 3707 5317 reati-

2137 5354 2233 5406 bus
2259 5353 2368 5404 suis
2391 5361 2517 5405 tunc
2542 5352 2922 5412 accusabatur;
2958 5352 3214 5418 integrum
3237 5350 3377 5403 enim
3408 5350 3711 5418 depositum

2138 5445 2399 5506 reddidit;
2431 5445 2524 5498 sed
2546 5445 2794 5513 quoniam
2825 5444 2990 5509 ipsum
3013 5457 3116 5494 non
3152 5442 3521 5509 multiplicavit
3541 5485 3556 5508 ,
3579 5461 3713 5512 quu-

2136 5539 2275 5591 niam
2304 5552 2409 5590 non
2435 5535 2703 5601 castigavit
2749 5544 2991 5593 ceteros,
3025 5533 3276 5600 quoniam
3318 5544 3596 5603 argentum
3642 5536 3706 5587 ad

2137 5628 2516 5680 nummularius
2544 5642 2645 5680 non
2672 5624 2879 5681 detulit.
2911 5624 3009 5677 hoc
3026 5634 3129 5687 est,
3161 5640 3264 5678 non
3290 5626 3582 5689 admonuit,
3603 5640 3706 5679 non

2199 5774 2212 5800 ι
2249 5770 2439 5826 quidam
2466 5767 2788 5827 tuannscrilrti,
2816 5766 3064 5815 mortalem
3086 5774 3130 5818 et
3156 5766 3389 5832 fragi'em.
