4494 6726
762 492 831 549 39
1460 502 1517 555 S.
1558 503 1835 560 JOANNIS
1862 504 2331 564 CIIRYSOSTOHI
2374 505 2667 562 ARCHlEP
2729 509 3266 571 CONSTANTINOP.
3975 530 4037 587 to

758 619 1041 678 consilium
1070 619 1237 685 dedit,
1262 635 1366 673 non
1417 619 1707 689 increpuit,
1741 635 1845 675 non
1888 621 2122 675 correxit
2168 618 2347 685 prosi-

760 729 878 768 mos
918 722 1228 783 peccatores
1263 711 1635 777 inordinatos;
1664 713 1862 767 idcirco
1889 716 2087 782 absque
2129 712 2347 769 miseri-

759 804 939 859 cordia
972 805 1023 857 in
1056 802 1170 857 illas
1201 802 1563 857 intolerabiles
1602 818 1786 871 pmnas
1813 804 2139 858 mittebatur.
2164 802 2271 856 Sed
2298 804 2343 857 si

758 913 862 952 non
888 906 1066 960 antea,
1096 911 1237 949 nunc
1264 896 1450 949 saltem
1492 912 1651 965 spero
1682 912 1778 950 vos
1823 896 1943 949 huic
1982 893 2341 950 emendationi

754 987 1155 1056 advigilanturos,
1184 998 1237 1041 et
1266 986 1433 1040 Deum
1457 988 1779 1041 contumelia
1807 986 2053 1040 allectum
2097 1000 2202 1040 non
2241 1000 2332 1037 ne-

753 1080 1044 1150 glecturos.
1072 1080 1301 1133 Possunt
1339 1080 1481 1133 enim
1528 1095 1647 1148 quae
1690 1077 2021 1143 acciderunt,
2054 1078 2177 1132 licet
2226 1091 2341 1130 mo-

754 1180 916 1227 nente
963 1174 1175 1226 nemine
1197 1213 1209 1233 ,
1244 1172 1328 1225 vel
1370 1172 1653 1226 insensatis
1678 1170 1958 1238 deinceps,
1986 1180 2043 1223 ut
2070 1171 2337 1240 propriam

752 1274 994 1317 asserant
1031 1262 1281 1327 salutem,
1315 1264 1652 1333 persuadere.
1692 1263 1855 1317 Nobis
1885 1273 2013 1318 Vero
2050 1263 2161 1332 jam
2206 1262 2338 1317 hora

752 1364 836 1410 est
858 1397 871 1416 ,
899 1354 1109 1409 solitam
1157 1356 1313 1410 vobis
1344 1366 1395 1408 ut
1424 1371 1453 1408 a
1481 1354 1643 1408 Paulo
1682 1367 1920 1408 mensam
1961 1368 2296 1423 apponatous
2320 1397 2334 1419 ,

753 1449 1147 1516 lectionemque
1175 1448 1482 1502 hodiernam
1515 1461 1842 1515 premamus,
1863 1457 1918 1500 et
1945 1447 1996 1499 in
2020 1446 2198 1501 medio
2223 1463 2339 1502 om-

751 1539 913 1593 nibus
944 1554 1325 1607 pr0ponamus.
1351 1537 1486 1604 Quid
1516 1538 1674 1607 igitur
1694 1546 1774 1589 est
1799 1536 1957 1590 hodie
1985 1536 2180 1590 lectum
2205 1537 2228 1588 ?
2256 1536 2339 1589 Di-

738 1629 931 1690 vitibus
948 1629 1098 1696 hujus
1124 1629 1291 1681 seculi
1315 1628 1531 1695 prtrcipe
1557 1645 1655 1681 non
1676 1626 1885 1680 sublime
1904 1627 2175 1694 sapere(l.
2197 1626 2331 1680 Tim.

749 1721 802 1776 6.
840 1722 952 1791 l7).
982 1722 1076 1784 Qui
1100 1720 1253 1785 dixit,
1287 1720 1532 1774 Divitibus
1561 1722 1711 1789 hujus
1732 1720 1921 1783 δίει-υιὶ,
1946 1718 2336 1773 demonstravit

747 1820 801 1863 et
824 1811 955 1863 alios
982 1810 1144 1864 futuri
1175 1814 1355 1866 smculi
1380 1813 1569 1866 divites
1599 1827 1721 1866 esse
1754 1827 1766 1862 :
1799 1811 1969 1880 qualis
1990 1810 2077 1862 ille
2098 1808 2332 1862 Lazarus

744 1910 859 1953 crat
883 1938 899 1965 ,
930 1899 981 1953 in
1014 1903 1265 1969 prtescnti
1288 1903 1502 1971 quidem
1533 1903 1637 1955 vita
1667 1915 1890 1969 pauper,
1922 1899 1973 1952 in
2003 1900 2176 1951 futura
2200 1914 2331 1952 vero

742 1987 890 2044 dives
915 2007 929 2043 :
959 2006 1067 2045 non
1095 2008 1226 2044 auro
1253 2001 1306 2045 et
1335 2000 1557 2059 argento
1584 2001 1635 2044 et
1656 1990 1758 2043 ulla
1801 1988 1890 2041 tali
1921 1988 2253 2057 corruptibili
2276 1997 2331 2042 et

744 2082 1099 2137 marcescihili
1122 2085 1340 2137 materia
1364 2082 1610 2147 afﬂuens,
1629 2083 1720 2138 sed
1742 2082 1955 2135 arcanis
1976 2080 2079 2134 illis
2107 2081 2257 2135 bonis
2287 2084 2327 2146 ι,

739 2191 859 2246 qua:
889 2175 999 2229 Nec
1020 2178 1195 2230 oculus
1217 2177 1359 2238 vidit,
1380 2193 1468 2229 nec
1497 2175 1635 2229 auris
1674 2176 1898 2236 audivit,
1923 2189 2014 2228 nec
2045 2175 2095 2226 in
2119 2190 2205 2227 cor
2230 2174 2327 2226 ho-

741 2266 888 2319 minis
916 2266 1244 2319 ascenderunt
1272 2267 1347 2337 (l.
1379 2264 1496 2319 Cor.
1527 2263 1581 2317 2.
1611 2265 1690 2333 9).

824 2356 965 2410 Vera:
992 2357 1180 2411 divitia:
1199 2360 1435 2425 quw?—
1455 2358 1549 2411 llze
1587 2372 1815 2425 namque
1845 2371 1983 2410 verre
2027 2356 2227 2409 divitia:
2274 2364 2329 2409 et

736 2448 1044 2515 opulentia,
1072 2448 1287 2517 quando
1327 2458 1382 2501 et
1414 2447 1876 2500 immarceseibilia
1916 2456 2041 2500 sunt
2076 2448 2215 2500 bona
2235 2487 2248 2510 ,
2273 2455 2326 2499 et

736 2538 932 2591 nullam
981 2539 1198 2607 capiunt
1243 2538 1610 2593 mutationem.
1636 2539 1704 2591 At
1745 2553 1849 2590 non
1893 2536 2018 2591 talis
2061 2546 2179 2590 erat
2231 2537 2323 2590 ille

734 2640 1071 2698 contemptor
1098 2630 1268 2694 dives,
1296 2630 1389 2685 sed
1441 2630 1679 2683 omnium
1726 2630 2098 2697 pauperrimus
2152 2630 2325 2683 factus

735 2734 840 2776 est.
868 2724 994 2776 Post
1021 2722 1134 2775 ha:c
1163 2724 1323 2791 igitur
1365 2723 1560 2776 stillam
1617 2722 1860 2775 obtinere
1906 2735 2153 2789 qurercns
2177 2761 2190 2781 ,
2225 2734 2324 2773 nec

739 2812 905 2881 ipsius
946 2812 1116 2865 factus
1146 2822 1229 2867 est
1271 2826 1532 2882 compos:
1563 2813 1615 2865 in
1661 2820 1767 2864 tam
1812 2821 2105 2865 extremam
2158 2810 2323 2865 deve-

736 2910 891 2958 nerat
918 2911 1307 2971 paupertatem.
1342 2901 1546 2955 ldeirco
1579 2900 1859 2970 praesentis
1896 2901 2075 2955 δινουιί
2122 2899 2325 2955 divites

732 2993 1046 3061 appellavit,
1077 3001 1135 3045 ut
1161 2992 1336 3046 discas
1361 2992 1502 3061 quod
1542 3006 1665 3044 cum
1733 2992 1840 3044 vita
1888 2991 2137 3059 praasenti
2183 3006 2320 3059 opu-

734 3081 893 3136 lentia
916 3082 1224 3136 dissolvitur
1258 3097 1405 3136 :non
1431 3081 1672 3150 procedit
1710 3080 1962 3145 ulterius,
2004 3095 2108 3134 non
2157 3081 2319 3135 simul

735 3174 926 3240 migrat
943 3187 1063 3225 cum
1093 3172 1485 3239 possessoribus
1513 3170 1882 3240 migrantibus,
1911 3169 2008 3225 sed
2030 3170 2175 3239 ipsos
2217 3185 2320 3223 sa:-

733 3262 853 3329 pius
879 3269 933 3314 et
957 3271 1081 3315 ante
1109 3262 1267 3315 ﬁnem
1306 3260 1549 3315 deserit:
1594 3260 1735 3330 quod
1765 3270 1818 3314 et
1868 3261 2040 3329 ipsum
2091 3261 2315 3315 demou-

736 3360 871 3404 strat
916 3352 1120 3415 dicens,
1157 3353 1335 3420 Neque
1370 3368 1575 3422 sperare
1601 3353 1655 3405 in
1701 3352 1889 3406 incerto
1925 3352 2213 3406 divitiarum
2240 3353 2315 3421 (Ι.

733 3439 868 3494 Tim.
883 3441 1054 3510 6.17):
1072 3441 1201 3495 nihil
1219 3444 1357 3495 enim
1373 3450 1480 3495 tam
1503 3440 1903 3511 inﬁdum,quam
1921 3442 2118 3497 divitia:
2141 3460 2155 3495 :
2174 3442 2317 3510 quod

731 3547 853 3586 cum
879 3548 1021 3601 smpe
1049 3532 1300 3596 dixerim,
1330 3533 1508 3586 dicere
1534 3546 1638 3586 non
1656 3534 1880 3586 cessabo
1902 3574 1917 3597 ,
1947 3533 2086 3601 quod
2137 3532 2317 3600 fugiti-

732 3639 834 3679 vus
859 3635 944 3680 est
969 3638 1021 3679 et
1053 3626 1290 3694 ingratus
1309 3640 1496 3679 servus
1539 3626 1698 3678 ﬁdem
1751 3640 1856 3678 non
1893 3624 2114 3685 habens.
2146 3624 2231 3677 vel
2274 3624 2317 3676 si

732 3716 1013 3771 innumera
1040 3717 1140 3784 ipsi
1169 3717 1375 3770 vincula
1403 3716 1643 3786 injicias,
1672 3717 1749 3769 sic
1785 3731 1995 3785 quoque
2025 3731 2145 3769 cum
2188 3716 2317 3785 ipsis

732 3807 959 3861 vinculis
1004 3808 1225 3876 aufugit.
1273 3807 1480 3875 Smpius
1531 3807 1692 3876 igitur
1737 3807 1964 3876 pessulis
2007 3815 2062 3861 et
2115 3805 2315 3859 foribus

731 3895 905 3965 ipsum
934 3911 1269 3965 possessores
1299 3897 1706 3962 cont-luserunt,
1739 3912 2018 3952 servm-um
2076 3898 2311 3951 adhibita

729 3990 969 4044 custodia
996 4005 1009 4042 :
1041 3990 1125 4044 ille
1152 4005 1279 4044 vero
1308 3992 1481 4045 servis
1506 3990 1815 4044 subornatis
1849 4006 1968 4044 eum
2023 3990 2155 4058 ipsis
2186 3990 2315 4056 fugit

730 4079 1061 4143 custodibus,
1095 4089 1362 4148 tamquam
1408 4088 1651 4133 catenam
1702 4094 1798 4134 eos
1828 4080 2063 4141 trahens,
2090 4087 2145 4133 et
2183 4080 2313 4131 nihil

732 4169 932 4239 profuit
957 4170 1219 4223 custodia.
1241 4169 1381 4234 Quid
1423 4170 1525 4224 hoc
1558 4170 1863 4224 inlidelius?
1902 4169 2026 4239 quid
2050 4185 2179 4224 vero
2210 4171 2273 4223 iis
2297 4211 2311 4235 ,

730 4260 819 4328 qui
877 4262 1019 4313 circa
1073 4260 1214 4314 hunc
1274 4259 1506 4314 studium
1572 4260 1869 4322 collocant.
1914 4260 2315 4315 miserabilius?

728 4348 944 4417 quando
970 4365 1080 4404 rem
1108 4359 1213 4405 tam
1242 4350 1451 4405 labilem
1478 4350 1623 4403 onmi
1652 4350 1825 4404 studio
1853 4350 2103 4421 colligere
2126 4366 2314 4421 aggre-

730 4438 970 4506 diuntur,
998 4457 1100 4497 nec
1122 4444 1435 4515 prophetam
1462 4444 1684 4497 audiunt
1706 4443 1994 4510 dicentem,
2032 4443 2117 4497 ναξ
2137 4445 2199 4497 iis
2226 4445 2311 4513 qui

731 4532 990 4599 conﬁdunt
1011 4533 1061 4585 in
1082 4533 1260 4585 virtute
1279 4551 1391 4595 sua,
1412 4544 1456 4587 et
1478 4535 1529 4586 in
1550 4535 1866 4587 multitudine
1881 4535 2166 4587 divitiarum
2192 4553 2312 4587 sua-

731 4639 844 4676 rum
860 4624 1143 4694 gloriantur
1157 4627 1173 4692 (
1185 4623 1419 4679 PsalJS.
1430 4627 1505 4693 7).
1526 4627 1617 4679 Dic
1634 4627 1914 4694 quare,V:e
1926 4629 1947 4678 ’ἓ
1960 4626 2308 4691 Thesaurizat,

732 4716 939 4783 inquit,
966 4725 1013 4767 et
1051 4714 1290 4784 ignorat,
1323 4715 1404 4765 cui
1458 4718 1776 4785 congregabit
1823 4733 1880 4769 ca
1906 4715 2078 4784 (l’sal.
2107 4718 2196 4771 '58.
2222 4718 2310 4785 7):

730 4808 980 4877 quoniam
1020 4807 1172 4861 labor
1198 4807 1416 4877 quidem
1445 4816 1644 4871 certus,
1676 4806 1876 4861 fructus
1902 4824 2027 4861 vero
2057 4807 2310 4862 incertus.

733 4897 940 4968 Saepius
960 4898 1187 4952 inimicis
1204 4899 1432 4961 laboras,
1454 4907 1508 4952 et
1527 4899 1780 4952 aerumnis
1795 4900 2071 4952 conliceris
2088 4916 2102 4951 :
2121 4900 2315 4967 Stl‘pltts

732 4996 857 5058 post
876 4997 1099 5042 mortem
1126 4998 1267 5041 tuam
1292 4989 1359 5043 ad
1390 5004 1483 5043 eos
1507 4990 1595 5058 qui
1628 4999 1678 5043 te
1703 4988 1994 5043 all‘et-erunt
2023 4991 2235 5058 injuria,
2263 5000 2315 5044 et

730 5078 1030 5133 innumeris
1056 5079 1515 5133 circumvenerunt
1536 5080 1761 5146 insidiis,
1782 5080 2051 5136 hereditas
2069 5081 2310 5144 veniens,

731 5171 820 5224 tibi
853 5170 1066 5241 quidem
1092 5180 1326 5237 peccata,
1363 5173 1748 5238 possessionem
1776 5188 1903 5227 vero
1927 5174 2044 5227 aliis
2067 5174 2310 5241 praebuit.

797 5260 852 5317 5.
896 5260 1013 5314 Jam
1060 5261 1188 5315 illud
1240 5261 1509 5327 inquirere
1566 5263 1778 5332 dignum
1831 5272 1945 5329 est,
1991 5280 2154 5333 quare
2207 5282 2310 5319 non

731 5352 1154 5418 dixit,Divitibus
1170 5353 1452 5423 prtescntis
1466 5354 1644 5406 saeculi
1662 5354 1888 5421 praecipe
1907 5371 2010 5406 non
2025 5355 2308 5418 ditescere,

734 5446 963 5510 pra‘cipe
990 5444 1364 5513 depauperari,
1393 5445 1619 5513 pra‘cipc
1644 5458 1763 5511 qua:
1786 5443 1980 5495 habent
2000 5444 2311 5497 exhaurire:

732 5530 826 5584 sed
843 5531 994 5593 dixit,
1025 5532 1253 5602 Prtecipe
1276 5551 1375 5587 non
1404 5533 1616 5586 sublime
1633 5532 1835 5602 sapere?
1846 5530 2153 5600 Novitquod
2181 5532 2318 5585 divi-

735 5622 927 5676 tiarum
955 5624 1098 5677 radix
1119 5633 1170 5678 et
1195 5626 1409 5679 materia
1432 5627 1500 5677 sit
1525 5625 1769 5694 superbia
1795 5640 1809 5676 :
1832 5633 1885 5678 et
1906 5623 1948 5677 si
1970 5624 2086 5693 quis
2108 5623 2313 5678 modice

735 5715 912 5769 vivere
940 5716 1150 5781 scierit,
1185 5733 1286 5770 non
1334 5719 1549 5771 multam
1578 5733 1757 5772 earum
1800 5731 1979 5770 curam
2028 5724 2164 5786 aget.
2196 5714 2311 5783 Qua

733 5887 762 5939 ὑ
797 5828 813 5859 ⁸
832 5834 978 5897 _Uuus
1008 5829 1168 5879 uides
1195 5836 1247 5880 et
1268 5829 1406 5881 savii.
1425 5830 1475 5881 in
1508 5844 1681 5893 marg.,
1704 5843 1901 5884 .:rcants
1922 5835 1966 5881 ct
1996 5829 2311 5895 inc/{abiturus

764 5904 879 5939 ωηδ.

764 5904 879 5940 ωηδ.

2456 623 2618 682 enim.
2643 619 2730 675 dic
2759 623 2907 688 mihi,
2933 626 3000 682 de
3028 642 3186 684 causa
3211 630 3404 685 multos
3428 630 3783 690 circumducis
3809 651 3994 693 servos
4014 684 4033 704 ,

2455 713 2735 780 parasitos,
2761 714 3071 775 adulatores
3094 762 3109 787 ,
3133 731 3186 776 et
3208 723 3460 795 reliquam
3491 738 3702 777 omnem
3744 742 3990 798 pompam
4014 732 4037 784 2

2450 801 2567 858 Non
2601 805 2841 859 utilitatis
2870 821 3031 863 causa
3050 851 3066 876 ,
3094 813 3191 867 sed
3227 815 3539 886 arrogantiae
3563 815 3751 881 solius,
3776 828 3831 871 ut
3861 835 3924 873 ex
3955 823 4035 877 his

2450 896 2803 950 venerabilior
2827 896 2945 951 aliis
2986 898 3290 959 homini-bus
3323 922 3443 962 esse
3488 907 3731 962 videaris.
3772 908 4035 966 Praaet-ea

2450 986 2596 1037 novit
2620 1001 2724 1039 non
2756 986 3046 1055 prohibitas
3061 1004 3182 1045 esse
3202 994 3434 1063 divitias,
3462 1002 3505 1052 si
3525 999 3643 1068 quis
3666 1001 3717 1053 in
3746 1002 4032 1054 necessita-

2448 1081 2554 1125 tem
2592 1075 2719 1143 ipsis
2749 1093 2874 1131 usus
2915 1077 3092 1132 fuerit.
3138 1081 3287 1136 Sicut
3325 1089 3467 1141 enim
3489 1089 3619 1153 dixi,
3649 1106 3752 1145 non
3783 1092 3914 1145 mala
3947 1107 4033 1146 res

2446 1162 2648 1228 vinmn,
2682 1166 2775 1219 sed
2806 1168 2941 1221 mala
2984 1169 3214 1223 ebrietas
3245 1187 3259 1223 :
3289 1173 3360 1226 ita
3388 1192 3493 1230 non
3525 1181 3660 1234 mala
3692 1196 3775 1236 res
3800 1181 4027 1247 divititn,

2443 1251 2536 1304 sed
2584 1255 2719 1306 mala
2768 1258 3009 1324 avaritia,
3034 1260 3169 1313 mala
3219 1262 3500 1328 cupiditas.
3537 1269 3694 1324 Aliud
3739 1286 3949 1337 avarus,
3976 1280 4031 1326 et

2442 1343 2581 1395 aliud
2608 1344 2758 1398 dives
2782 1364 2796 1400 :
2826 1364 3017 1403 avarus
3043 1365 3145 1405 non
3168 1361 3248 1405 est
3276 1352 3446 1419 dives,
3470 1372 3662 1414 avarus
3689 1364 3869 1418 multis
3898 1364 4031 1418 indi-

2441 1443 2550 1501 get,
2578 1436 2820 1506 indigens
2848 1450 3024 1494 autem
3057 1442 3235 1496 multis
3263 1460 3547 1515 numquam
3572 1449 3723 1506 dives
3752 1469 3873 1509 esse
3904 1471 4029 1525 pos-

2441 1525 2530 1579 sit.
2582 1530 2785 1581 Avarus
2835 1540 3015 1584 Custos
3058 1540 3301 1597 cst,non
3349 1534 3596 1590 dominus
3644 1545 4025 1611 pecuniarum;

2442 1633 2652 1684 servus,
2677 1636 2779 1673 non
2802 1635 3078 1689 possessor
3097 1642 3108 1675 :
3126 1624 3331 1679 facilius
3356 1628 3497 1680 enim
3520 1629 3677 1683 alicui
3702 1650 3766 1688 ex
3797 1639 4024 1705 propriis

2441 1710 2712 1773 carnibus,
2741 1725 2896 1779 quam
2919 1728 2982 1765 ex
3013 1713 3224 1768 defosso
3249 1730 3380 1769 auro
3408 1722 3846 1778 communicaret.
3872 1727 4031 1783 Velut

2439 1798 2582 1849 enim
2609 1800 2791 1865 jussus
2818 1802 2948 1855 nihil
2970 1802 3038 1858 de
3083 1805 3332 1873 repositis
3363 1815 3599 1875 tangere,
3628 1811 3704 1864 sic
3729 1828 3848 1866 cum
3878 1820 4025 1871 omni

2437 1887 2705 1956 diligentia
2735 1906 2798 1945 ea
2826 1905 3004 1947 servat
3033 1906 3087 1949 et
3117 1898 3336 1963 detinet,
3366 1912 3395 1950 a
3423 1898 3533 1952 suis
3564 1909 3811 1969 tanquam
3837 1906 4027 1962 alienis

2436 1976 2710 2033 abstinens
2743 1998 2757 2033 :
2788 1991 2840 2034 et
2867 1992 3015 2039 certe
3042 1994 3165 2038 sunt
3190 1987 3382 2041 aliena.
3413 1988 3541 2053 Quae
3579 1992 3719 2043 enim
3760 1993 3877 2046 aliis
3906 2010 4025 2049 ero-

2436 2082 2563 2134 gare
2604 2085 2891 2140 numquam
2938 2083 3227 2143 pateretur,
3270 2094 3440 2148 tteque
3486 2079 3536 2133 itt
3587 2094 3786 2150 egenos
3837 2083 4023 2138 distri-

2440 2160 2621 2228 buere,
2647 2164 2805 2217 etiam
2841 2166 2885 2219 si
2926 2167 3157 2223 inﬁnitas
3187 2173 3472 2227 sustineret
3493 2188 3718 2243 poenas:
3755 2179 4022 2247 quomodo

2438 2249 2552 2304 haec
2596 2267 2717 2307 esse
2784 2258 3002 2325 propria
3045 2270 3235 2329 putare
3288 2264 3519 2331 posset?
3564 2265 3842 2334 Quomodo
3892 2284 4021 2325 vero

2433 2355 2618 2394 eorum
2674 2343 2835 2398 habet
2903 2352 3334 2416 possessionem,
3385 2370 3611 2423 quorum
3678 2373 3776 2412 nec
3842 2376 4017 2427 usum,

2432 2444 2530 2482 nec
2561 2430 2785 2485 fructum
2820 2449 2940 2487 cum
2984 2438 3227 2493 libertate
3256 2440 3458 2495 habet?
3486 2444 3566 2497 Ad
3595 2445 3709 2499 htec
3740 2463 3869 2502 vero
3913 2466 4021 2506 non

2428 2523 2676 2577 omnibus
2730 2527 2907 2580 omnia
2941 2528 3134 2582 Paulus
3173 2530 3439 2599 imperare
3482 2538 3783 2604 consuevit,
3830 2540 3923 2593 sed
3967 2552 4022 2597 et

2428 2614 2757 2670 audientium
2785 2617 3132 2675 imbecillitati
3159 2638 3217 2677 se
3246 2633 3582 2693 attemperat,
3618 2629 3755 2683 sicut
3781 2642 3834 2685 ct
3859 2632 4023 2686 CIn-i.

2430 2715 2542 2760 stus
2580 2707 2723 2762 fecit.
2765 2710 2973 2764 Etenim
3024 2712 3099 2766 illi
3149 2714 3297 2768 diviti
3340 2717 3406 2770 ad
3446 2733 3505 2772 se
3532 2721 3833 2789 accedenti,
3865 2733 3916 2777 et
3952 2725 4020 2779 de

2430 2799 2535 2852 vita
2587 2797 2859 2870 loquenti,
2916 2820 3020 2857 non
3078 2805 3208 2859 dixit
3241 2808 3446 2870 :Vadc.
3478 2812 3647 2866 vende
3688 2815 3865 2867 omnia
3901 2831 4019 2885 qua:

2431 2887 2629 2956 habes;
2660 2892 2756 2945 sed
2806 2892 2907 2947 hoc
2953 2899 3391 2963 prmtermittens,
3418 2900 3485 2955 de
3513 2903 3630 2956 aliis
3666 2903 3838 2972 ipsum
3870 2923 4019 2961 man-

2426 2978 2563 3032 datis
2590 2980 2823 3035 instruit.
2853 2984 3054 3039 Deinde
3089 2996 3364 3056 pnstquam
3399 2990 3486 3044 ille
3528 2993 3695 3060 ipsum
3740 2996 4014 3062 invitavit,

2428 3069 2671 3138 inquiens
2702 3090 2715 3124 :
2746 3074 2881 3136 Quid
2911 3074 3076 3127 adhuc
3101 3078 3222 3129 mihi
3250 3079 3383 3130 deest
3407 3079 3615 3147 (Matth.
3655 3082 3735 3137 l9.
3760 3084 3893 3155 20)?
3919 3102 4015 3141 tte-

2423 3176 2526 3229 que
2555 3171 2661 3214 ttttu
2692 3164 3007 3231 simpliciter
3036 3166 3208 3232 dixit,
3246 3169 3426 3225 Vende
3461 3174 3641 3226 omnia
3664 3191 3780 3243 qua:
3813 3177 4013 3244 habes;

2422 3252 2537 3316 sed,
2568 3251 2627 3306 Si
2660 3255 2731 3305 vis
2755 3259 3005 3325 perfectus
3035 3273 3161 3322 esse,
3191 3262 3345 3312 vende
3369 3279 3483 3330 qua:
3511 3265 3662 3318 habes
3689 3265 3795 3333 (Ib.
3818 3283 3864 3321 υ.
3884 3269 4012 3337 2ἱ);

2424 3340 2525 3393 hoc
2552 3342 2604 3394 in
2639 3351 2729 3397 tuo
2756 3358 2898 3412 pono
2918 3346 3160 3413 arbitrio,
3192 3357 3242 3402 te
3269 3350 3547 3407 electionis
3572 3354 3844 3410 dominum
3876 3374 4007 3412 con-

2422 3432 2619 3497 stituo,
2676 3450 2779 3487 non
2836 3436 2890 3489 in
2944 3439 3316 3493 necessitatem
3386 3442 3557 3497 traho.
3621 3446 3906 3515 Propterea
3959 3459 4014 3504 et

2424 3521 2619 3574 Paulus
2645 3524 2774 3577 nihil
2802 3526 2869 3578 de
2896 3538 3207 3596 paupertate
3246 3530 3499 3587 divitibus
3543 3536 3885 3604 loquebatur,
3918 3541 4012 3595 sed

2424 3610 2491 3664 de
2518 3610 2837 3681 humilitate,
2858 3625 2966 3669 tum
2989 3629 3205 3687 propter
3224 3621 3550 3677 audientium
3577 3626 4010 3695 imbecillitatem,

2424 3710 2532 3755 tum
2575 3704 2697 3772 quia
2747 3707 2945 3774 optime
2997 3709 3217 3775 sciebat,
3242 3712 3288 3764 si
3331 3714 3574 3770 modeste
3619 3728 3858 3787 agerent,
3886 3730 3939 3773 et
3980 3737 4011 3774 a

2420 3794 2667 3862 superbia
2699 3796 2859 3851 alieni
2888 3810 3090 3864 essent,
3114 3800 3258 3856 brevi
3309 3802 3513 3858 futuros
3541 3821 3573 3859 a
3599 3808 3773 3862 studio
3798 3810 4010 3864 divitia-

2418 3901 2536 3939 rum
2562 3886 2777 3941 liberos.
2807 3888 3073 3945 Prteterea
3109 3908 3216 3947 non
3251 3894 3414 3948 altum
3473 3909 3662 3966 sapere
3690 3899 4007 3969 admonens,

2419 3987 2474 4031 et
2498 3980 2746 4042 modum,
2773 3996 2879 4049 quo
2926 3999 3031 4036 non
3074 3984 3239 4037 altum
3289 4001 3478 4054 sapere
3519 3990 3745 4055 possint.
3790 3992 4011 4046 demou-

2421 4069 2627 4124 stravit.
2675 4070 2805 4134 Quis
2855 4087 2983 4126 vero
3020 4073 3104 4128 hic
3144 4076 3272 4129 est?
3302 4076 3357 4129 Si
3415 4077 3713 4132 divitiarum
3766 4091 4006 4136 naturam

2419 4160 2930 4228 animadverterent,
2963 4181 3119 4233 quam
3152 4167 3365 4222 iocerne
3392 4170 3500 4223 sint
3534 4181 3587 4223 ct
3612 4171 3786 4227 inﬁda:
3820 4192 3832 4227 :
3873 4191 4002 4243 qua-

2422 4261 2641 4320 propter
2681 4254 2877 4317 intulit,
2912 4254 3091 4326 Neque
3127 4275 3331 4326 sperare
3370 4261 3422 4313 in
3465 4263 3750 4317 diuitiarum
3795 4266 4005 4319 incerto.

2421 4342 2577 4397 Dives
2601 4352 2702 4409 est,
2728 4360 2831 4398 non
2862 4348 2948 4415 qui
2982 4348 3145 4400 multa
3173 4350 3409 4417 possidet
3434 4392 3447 4414 ,
3473 4353 3565 4406 sed
3596 4354 3683 4423 qui
3710 4356 3873 4410 multa
3905 4357 4008 4410 lar-

2416 4433 2556 4500 gitur
2593 4432 2785 4488 :divcs
2832 4446 2947 4489 erat
2989 4437 3288 4502 Abraham,
3340 4441 3433 4495 sed
3476 4456 3578 4496 non
3626 4460 3818 4499 avarus
3854 4463 3867 4499 :
3900 4462 4004 4501 non

2417 4522 2557 4575 enim
2581 4523 2735 4593 hujus
2764 4526 2980 4580 domum
3008 4528 3410 4596 considerabat,
3446 4548 3544 4587 nec
3574 4534 3715 4588 illius
3753 4537 4005 4590 substan-

2420 4612 2543 4665 tiam
2574 4614 2784 4669 curiose
2821 4618 3185 4684 scrutabatur;
3219 4621 3313 4674 sed
3336 4623 3619 4691 egrediens
3646 4626 4000 4693 explorabat,

2421 4716 2545 4753 num
2568 4701 2761 4757 alicubi
2787 4703 2999 4774 hospes,
3032 4722 3158 4760 num
3187 4709 3384 4763 alicubi
3425 4726 3662 4780 pauper,
3696 4722 3753 4766 ut
3777 4728 4006 4782 pauper-

2423 4801 2584 4846 tatem
2614 4796 2918 4859 resarciret,
2952 4808 3009 4851 ut
3039 4801 3374 4869 peregrinum
3407 4804 3713 4871 exciperet:
3743 4819 3845 4857 non
3873 4821 4003 4861 auro

2423 4893 2618 4939 tectum
2643 4886 2833 4950 linivit,
2864 4888 2955 4940 sed
2986 4890 3124 4958 apud
3157 4906 3409 4960 quercum
3438 4894 3579 4946 illam
3609 4895 4000 4951 tabernaculum

2422 4973 2612 5043 ﬁgens,
2644 4976 2884 5029 foliorum
2912 4978 3093 5031 umbra
3120 4991 3399 5037 contentus
3424 4994 3537 5037 erat
3565 5002 3578 5037 :
3611 4991 3664 5036 et
3694 4993 3795 5036 tam
3822 4988 4003 5054 splen-

2420 5066 2601 5120 didum
2661 5067 2760 5136 ipsi
2813 5078 2927 5122 erat
2966 5072 3345 5141 diversorium,
3374 5085 3430 5129 ut
3473 5090 3572 5127 nec
3606 5077 3819 5145 angelos
3861 5082 4001 5147 apud

2421 5162 2592 5229 ipsum
2620 5178 2834 5218 manere
2864 5168 3116 5234 puderet;
3151 5188 3255 5224 non
3286 5175 3428 5225 enim
3455 5175 3765 5240 qumrebant
3807 5178 4000 5232 domus

2420 5253 2755 5321 Splendorem
2781 5298 2795 5320 ,
2828 5259 2919 5311 sed
2946 5262 3105 5314 animi
3136 5264 3405 5316 virtutem.
3447 5263 3600 5319 lltmc
3639 5276 3693 5321 ct
3735 5285 3831 5322 nos
3877 5270 3998 5320 imi-

2422 5354 2613 5409 temur,
2629 5348 2961 5415 eharissimi,
2984 5358 3035 5404 et
3055 5364 3177 5420 quae
3197 5352 3453 5404 habemus
3474 5394 3488 5418 ,
3522 5354 3572 5407 in
3604 5370 3864 5425 pauperes
3896 5358 3998 5409 im-

2422 5436 2729 5503 pendamus.
2763 5439 2899 5494 Rudi
2940 5441 3101 5495 modo
3150 5450 3388 5509 paratum
3423 5453 3538 5498 erat
3566 5446 3634 5501 ibi
3679 5448 3999 5503 tabernacu~

2420 5525 2549 5586 lunt.
2580 5528 2674 5582 sed
2704 5532 2862 5599 regiis
2894 5532 3032 5585 aulis
3057 5532 3386 5599 splendidius
3409 5533 3522 5592 fuit.

2492 5617 2860 5689 Ilospilalitatis
2886 5621 2996 5675 laus
3012 5630 3057 5674 et
3074 5623 3336 5691 praemium
3359 5626 3615 5684 —Nullus
3641 5645 3869 5700 unquam
3902 5646 3994 5685 rex

2416 5710 2630 5778 angelos
2667 5714 2899 5779 suscepit
2929 5730 2942 5765 :
2975 5711 3062 5764 hic
3103 5726 3229 5765 vero
3258 5714 3355 5768 sub
3401 5732 3596 5787 quercu
3633 5722 3829 5777 sedens
3868 5722 3993 5785 illa,

2415 5800 2711 5869 cellamque
2735 5800 2920 5869 ﬁgens,
2941 5800 3043 5855 hoc
3069 5802 3266 5858 honore
3294 5805 3480 5877 dignus
3507 5810 3715 5865 habitus
3742 5821 3823 5866 est
3842 5853 3856 5876 ,
3888 5826 3993 5865 non

2418 5901 2637 5961 preptcr
2660 5892 2848 5945 domus
2870 5893 3120 5947 vilitatem
3151 5894 3454 5968 honoratus,
3478 5903 3569 5957 scd
3599 5914 3813 5975 propter
3829 5902 3991 5959 animi
