4494 6686
274 423 348 482 59
1339 418 1432 472 AD
1470 418 1798 477 POPL'LUM
1839 417 2341 476 ANTIOCHENUM
2381 417 2614 474 llOMlL.
2659 416 2720 473 11.
3671 415 3748 474 ιρ

277 541 390 602 τοῖς
437 539 792 610 τραπεζίταις
847 552 872 580 ιι
913 537 973 591 οῦ
1009 531 1298 594 κατέϐαλε,
1344 532 1652 601 τουτέστιν,
1695 537 1754 588 οὐ
1815 553 1955 608 παρ-

278 622 491 693 ᾐνεσεν,
511 630 569 682 οὐ
604 621 1161 682 συνεϐούλευσεν,οὐκ
1201 620 1550 690 ἐπετίμησεν,
1573 623 1632 674 οὐ
1677 621 1954 692 διώρθωσε

279 713 404 778 τοὺς
434 717 660 787 πλησίον
689 710 1066 781 ἀκοσμοῦντας
1100 705 1207 759 τῶν
1238 707 1504 778 πονηρῶν·
1539 709 1626 762 διά
1650 709 1808 764 τοῦτο
1840 728 1952 780 χω-

285 801 367 870 ρὶς
397 803 727 872 συγγνώμης
759 798 976 864 ἀπάσης
1000 795 1080 857 εἰς
1103 793 1200 856 τὰς
1231 794 1534 866 ἀφορήτους
1565 798 1842 868 ἐπέμπετο
1868 814 1961 849 κο-

281 886 467 954 λάσεις
506 889 740 948 ἐκείνας.
795 882 934 935 Ἀλλ’
967 882 1050 933 ὅτι
1084 881 1203 951 μὲν,
1236 883 1283 933 εί
1314 883 1408 934 καὶ
1441 884 1513 953 μή
1545 885 1830 956 πρότερον,
1862 883 1960 935 νῦν
2008 936 2011 938 ,

279 976 411 1043 γοῦν
453 975 658 1042 ταύτην
703 966 1004 1040 ἐργάσεσθε
1047 966 1142 1038 τήν
1187 967 1501 1040 διόρθωσιν,
1553 971 1647 1023 καὶ
1699 969 1790 1022 τὸν
1825 967 1960 1020 Θεὸν

281 1062 640 1134 ὑϐριζόμενον
661 1057 721 1110 οὐ
745 1055 1092 1127 περιόψεσθε,
1132 1056 1336 1127 σφόδρα
1367 1057 1727 1112 πεπίστευκα.
1775 1054 1961 1108 Ἱκανά

279 1151 390 1221 γάρ
417 1149 484 1201 τά
516 1143 926 1215 συμϐεϐηκότα,
967 1143 1015 1194 εί
1053 1143 1145 1195 καὶ
1181 1143 1366 1212 μηδεὶς
1393 1147 1422 1197 6
1455 1144 1736 1215 παραινῶν
1756 1139 1959 1215 ἦν,καὶ

277 1239 406 1298 τοῦς
439 1233 640 1302 σφόδρα
666 1230 1004 1299 ἀναισθήτως
1035 1229 1408 1300 διακειμένους
1437 1235 1620 1285 πεῖσαι
1644 1231 1830 1284 λοιπὸν
1862 1233 1961 1301 τῆς

277 1322 487 1378 οἰκείας
533 1316 886 1369 ἐπιλαϐέσθαι
917 1316 945 1354 b
984 1316 1276 1386 σωτηρίας.
1326 1319 1485 1388 Ἡμῖν
1523 1319 1579 1371 δὲ
1625 1319 1745 1390 ὥρα
1773 1318 1961 1371 λοιπὸν

277 1407 378 1476 τὴν
398 1404 652 1457 εἰωθυῖαν
677 1405 804 1473 ὑμῖν
830 1402 937 1454 ἀπὸ
953 1402 1045 1454 τοῦ
1073 1404 1285 1456 Παύλου
1311 1407 1635 1475 παραθεῖναι
1655 1404 1959 1475 τράπεζαν,

275 1497 377 1567 τὴν
420 1497 660 1563 σήμερον
713 1491 1152 1560 ἀναγνωσθεῖσαν
1209 1496 1366 1564 ῥῆσιν
1409 1495 1957 1564 προχειρισαμένους,

276 1584 375 1637 καὶ
407 1583 489 1643 είς
531 1583 695 1651 μέσον
729 1580 1134 1650 καταθεμένους
1167 1580 1357 1634 ἅπασι.
1393 1581 1458 1633 Τί
1485 1583 1600 1632 ποτ’
1628 1576 1720 1632 οὖν
1750 1583 1866 1632 ἐστι
1900 1579 1962 1631 τὸ

279 1674 520 1739 σήμερον
549 1666 894 1734 άναγνωσθέν
915 1684 929 1733 ;
961 1667 1092 1730 Τοῖς
1113 1669 1433 1732 πλουσίοις
1454 1666 1524 1719 ἐν
1546 1663 1627 1730 τῷ
1645 1665 1764 1719 νῦν
1792 1664 1961 1718 αἰῶνι

278 1755 660 1823 ,παράγγελλε
705 1753 791 1820 μὴ
838 1754 1309 1821 ὑψηλοφρονεῖν.
1352 1751 1560 1816 Εἰπὼν,
1611 1751 1742 1817 Τοῖς
1773 1754 1963 1804 πλου-

275 1843 438 1906 σίοις
466 1843 537 1893 ἐν
559 1840 640 1904 τῷ
668 1838 787 1892 νῦν
810 1837 998 1904 αἰῶνι,
1032 1841 1195 1904 ἔδειξε
1225 1842 1318 1893 καὶ
1350 1839 1570 1910 ἐτέρους
1601 1838 1763 1900 ἐντας
1794 1837 1962 1891 πλου-

278 1930 428 1990 σίους
457 1929 584 1990 τοὺς
611 1925 706 1978 τοῦ
742 1925 1022 1995 μέλλοντος
1049 1928 1263 1991 αίῶνοςο
1288 1922 1400 1989 οἷος
1425 1927 1631 1987 ἐκεῖνος
1658 1925 1687 1975 6
1709 1923 1963 1994 Λάζαρος

274 2014 364 2086 ἦν,
405 2016 547 2068 κατά
586 2015 684 2083 μὲν
705 2014 798 2066 τὸν
829 2015 1066 2084 παρόντα
1097 2015 1205 2085 βίον
1239 2016 1425 2084 πένης,
1461 2012 1606 2065 κατά
1631 2011 1688 2064 δέ
1708 2011 1801 2064 τὸν
1831 2012 1962 2081 μέλ-

273 2102 437 2155 λοντα
468 2102 745 2165 πλούσιος,
769 2101 830 2153 οὐ
859 2103 1058 2172 χρυσοῦ
1094 2106 1186 2156 καὶ
1216 2102 1455 2172 ἀργύρου
1484 2103 1578 2154 καὶ
1609 2100 1833 2169 τοιαύτῃ
1857 2103 1960 2152 τινὶ

277 2187 497 2256 φθαρτῇ
530 2185 624 2238 καὶ
639 2186 885 2254 ἐπικήρῳ
914 2185 1155 2238 πλουτῶν
1187 2184 1312 2256 ὐλῃ,
1339 2180 1458 2255 [26}
1487 2180 1621 2234 άλλά
1649 2181 1759 2241 τοῖς
1781 2178 1957 2249 ἀπορ-

279 2276 466 2343 ρήτοις
497 2272 726 2335 ἐκείνοις
745 2284 767 2310 ε
795 2273 1036 2340 ἀγαθοῖς,
1066 2273 1100 2326 ἃ
1123 2272 1286 2340 Μήτε
1315 2267 1624 2338 ὀφθαλμὸς
1644 2266 1786 2329 εἱδε,
1803 2261 1958 2334 μήτε

273 2354 387 2422 οὖς
411 2357 662 2424 ἤκουσε,
692 2357 845 2426 μήτε
881 2358 980 2410 ἐπὶ
1016 2357 1270 2424 καρδίαν
1300 2355 1613 2424 ἀνθρώπου
1641 2356 1844 2422 ἀνέϐη.

346 2447 521 2499 Τοῦτο
554 2445 662 2516 γὰρ
712 2445 928 2516 ἀληθῶς
981 2445 1207 2505 πλοῦτος
1255 2444 1350 2496 καὶ
1388 2441 1638 2512 εὐπορία,
1691 2443 1817 2494 ὅταν
1862 2442 1956 2494 καί⁵

272 2533 534 2603 ἀκήρατα
637 2533 704 2586 τά
738 2532 899 2596 καλὰ,
935 2533 1026 2584 καὶ
1067 2531 1334 2602 μηδεμίαν
1365 2529 1586 2599 δέχηται
1627 2527 1950 2599 μεταϐολήν.

285 2622 427 2674 Ἀλλ’
454 2622 554 2691 οὐχ
581 2623 610 2674 6
636 2620 876 2691 παριδὼν
921 2619 947 2658 ἀ
995 2619 1154 2671 αὐτὸν
1209 2617 1458 2680 πλούσιος
1503 2615 1763 2679 τοιοῦτος,
1821 2615 1956 2668 ἀλλά

271 2710 495 2762 πάντων
529 2708 853 2778 πενέστερος
882 2707 1113 2774 ἐγένετο.
1146 2706 1298 2758 Μετά
1329 2703 1500 2758 ταῦτα
1532 2704 1662 2772 γοῦν
1698 2703 1958 2772 σταγόνος

272 2795 515 2860 ἀξιώσας
553 2796 866 2864 ἐπιτυχεῖν,
925 2792 1046 2846 οὐτε
1095 2793 1262 2861 αὐτῆς
1308 2791 1520 2859 ἐγένετο
1557 2792 1764 2862 κύριος’
1812 2789 1958 2843 οὐτω

271 2882 410 2953 πρὸς
436 2883 672 2951 ἐσχάτην
699 2881 953 2951 ἐληλάκει
983 2879 1192 2931 πενίαν.
1227 2877 1327 2930 Διά
1353 2873 1508 2929 τοῦτο
1542 2877 1830 2941 πλουσίους
1859 2877 1955 2930 τοῦ

269 2968 539 3037 παρόντος
567 2968 760 3030 αίῶνος
789 2967 1068 3028 ἐκάλεσεν,
1088 2965 1174 3017 ἵνα
1195 2963 1390 3036 μάθῃς,
1424 2964 1503 3016 ὅτι
1527 2963 1660 3033 μετά
1689 2964 1787 3034 τῆς
1821 2980 1958 3034 παρ-

263 3053 438 3124 ούσης
480 3055 625 3124 ζωῆς
684 3055 779 3106 καὶ
810 3056 842 3123 ή
875 3051 1104 3122 εὐπορία
1153 3050 1602 3118 συγκαταλύεται·
1643 3051 1704 3102 οὐ
1740 3052 1955 3121 πρόεισι

267 3141 599 3212 πραιτέρω,
619 3140 741 3194 οὐδέ
765 3140 1201 3210 συμμεθίσταται
1228 3137 1568 3207 ἀποδημοῦσι
1589 3141 1699 3202 τοῖς
1719 3139 1953 3208 ἔχουσιν,

266 3227 406 3281 ἀλλά
455 3227 714 3290 πολλάκις
757 3229 960 3290 αὐτοῦς
990 3229 1085 3280 καὶ
1143 3226 1247 3297 πρὸ
1287 3227 1387 3296 τῆς
1415 3225 1672 3295 τελευτῆς
1711 3226 1951 3295 ἀφίησιν*

267 3316 405 3384 ὅπερ
431 3309 523 3368 οῦν
563 3325 586 3352 ο
620 3315 716 3367 καὶ
737 3314 865 3366 αὐτό
886 3313 1061 3382 δηλῶν
1093 3313 1244 3379 ἔλεγε
1266 3349 1282 3374 ,
1317 3310 1481 3378 Μηδὲ
1508 3311 1822 3378 ἠλπινέναι
1856 3313 1955 3366 ἐπὶ

267 3402 536 3455 πλούτου
551 3399 1068 3467 ιὶδηλότητι.οὐδέν
1087 3399 1156 3467 γά
1163 3416 1195 3470 ρ
1209 3398 1382 3461 οῦτως
1397 3401 1641 3462 ἄπιστον,
1660 3399 1735 3461 ώς
1754 3400 1781 3450 6
1798 3399 1960 3452 πλοῦ-

268 3505 381 3554 τος,
415 3488 443 3541 6
474 3487 733 3550 πολλάκις
763 3483 940 3550 εἷπον,
966 3489 1060 3540 καὶ
1094 3488 1269 3555 λέγων
1301 3488 1362 3539 οὐ
1399 3487 1699 3558 παύσομαι,
1720 3487 1805 3540 ὅτι
1830 3488 1948 3558 δρα·

271 3576 438 3646 πέτης
473 3576 615 3627 ἐστὶν
651 3573 940 3643 ἀγνώμων,
975 3575 1194 3644 οἰκέτης
1219 3575 1400 3626 πίστιν
1419 3575 1518 3626 οὐκ
1541 3574 1700 3643 ἔχων,
1735 3574 1837 3627 κᾶν
1855 3592 1959 3644 μυο

271 3661 395 3732 ρίας
421 3660 566 3729 αὐτῷ
591 3661 893 3732 περιϐάλῃς
926 3662 1114 3725 πέδας,
1149 3656 1302 3722 οὗτος
1333 3661 1426 3712 καὶ
1458 3660 1558 3722 τάς
1591 3661 1758 3722 πέδας
1787 3661 1958 3724 αὐτάς

269 3751 660 3820 ἐπισυρόμενος
681 3749 886 3802 ἄπεισι.
915 3748 1182 3810 Πολλάκις
1211 3747 1344 3814 γοῦν
1378 3747 1596 3816 μοχλοῖς
1624 3748 1719 3799 καὶ
1763 3747 1955 3816 θύραις

269 3838 600 3891 ἀπέκλεισαν
628 3837 786 3890 αὐτὸν
811 3837 861 3888 οί
890 3835 1239 3905 κεκτημένοι,
1273 3834 1488 3895 οἰκέτας
1521 3835 1951 3904 περιστήσαντες

269 3927 536 3994 φύλακας·
570 3926 598 3977 6
625 3925 682 3977 δὲ
705 3924 826 3986 τοὺς
855 3922 1070 3982 οἰκέτας
1098 3923 1296 3982 αὐτοὺς
1324 3920 1648 3984 ἀναπείσας,
1697 3922 1814 3991 μετ’
1853 3922 1951 3975 αύ-

267 4014 382 4066 τῶν
401 4012 607 4082 ἀπέδρα
627 4010 733 4063 τῶν
750 4009 1144 4077 φυλαττόντων,
1167 4009 1421 4078 καθάπερ
1471 4008 1659 4061 ἀλυσιν
1681 4009 1808 4072 τοὺς
1854 4026 1951 4079 τη-

271 4100 503 4170 ροῦντας
549 4097 958 4168 ἐπισυρόμενος,
989 4097 1082 4148 καί⁵
1113 4095 1274 4148 πλέον
1300 4096 1454 4148 οὐδὲν
1497 4096 1604 4148 ἀπὸ
1637 4097 1736 4166 τῆς
1782 4097 1952 4166 φυλα-

270 4187 374 4256 κῆς
407 4187 623 4254 ἐγένετο
653 4184 878 4253 ταύτης.
936 4183 1000 4234 Τί
1023 4181 1211 4235 τούτου
1236 4182 1435 4249 γένοιτ’
1459 4183 1525 4235 ἂν
1559 4183 1948 4254 ἀπιστότερον;

270 4273 324 4325 τί
361 4273 418 4324 δὲ
452 4273 560 4325 τῶν
595 4273 723 4342 περὶ
748 4271 909 4323 αὐτὸν
933 4268 1341 4323 ἐσπουδακότων
1367 4269 1762 4338 ἐλεεινότερον;
1825 4272 1952 4325 ὅταν

271 4359 507 4428 πρᾶγμα
534 4356 678 4410 οὓτω
715 4357 914 4427 σαθρὸν
947 4355 1040 4408 καὶ
1085 4353 1500 4424 εὐμετάπτωτον
1544 4351 1693 4422 πάσῃ
1747 4355 1948 4424 σπουδῇ

273 4442 550 4510 συλλέγειν
580 4441 922 4511 ἐπιχειρῶσι,
946 4439 1037 4493 καὶ
1063 4439 1135 4509 μὴ
1163 4437 1399 4491 ἀκούωσι
1433 4435 1525 4489 τοῦ
1559 4437 1838 4505 προφήτου
1862 4437 1951 4489 λέ-

269 4544 479 4593 γοντος·
532 4528 676 4580 Οὐίιί
730 4530 784 4578 οί
816 4525 1164 4590 πεποιθότες
1196 4523 1292 4577 ἐπὶ
1322 4521 1394 4590 τῇ
1439 4519 1686 4589 δυνάμει
1726 4521 1946 4585 αὐτῶν,

273 4609 371 4662 καί
404 4610 499 4662 ἐπὶ
533 4609 614 4675 τῷ
653 4609 871 4675 πλήθει
900 4609 1005 4662 τοῦ
1039 4608 1304 4661 πλούτου
1335 4604 1529 4660 αὐτῶν
1557 4603 1946 4672 καυχώμενοι.

271 4693 426 4757 Εἰπὲ,
459 4693 606 4755 τίνος
634 4693 819 4746 ἐνεκεν
841 4692 998 4758 οὐαί;
1031 4688 1398 4759 θησαυρίζει,
1430 4687 1579 4759 φησὶ,
1616 4686 1711 4738 καί
1753 4689 1823 4740 οὐ
1861 4706 1947 4756 γι-

269 4773 488 4826 νώσκει
523 4774 637 4825 τίνι
664 4773 918 4836 συνάξει
938 4771 1113 4827 αὐτιίο
1145 4773 1224 4824 ὅτι
1250 4773 1279 4823 6
1308 4770 1406 4840 μὲν
1438 4769 1594 4830 πόνος
1627 4766 1804 4836 δῆλος.
1831 4769 1864 4836 ή
1893 4769 1947 4820 δὲ

268 4855 570 4914 ἀπόλαυσις
598 4854 812 4921 ἄδηλος.
849 4855 1118 4916 Πολλάκις
1145 4852 1360 4923 ἐχθροῖς
1391 4853 1636 4922 κάμνεις,
1655 4853 1747 4904 καὶ
1765 4851 1949 4904 ταλαι-

270 4938 494 5004 πωρεῖςο
529 4934 789 4995 πολλάκις
823 4936 960 5004 μετά
987 4936 1088 5004 τὴν
1125 4936 1224 5005 σὴν
1256 4935 1511 5005 τελευτὴν
1553 4938 1630 4998 εἰς
1665 4935 1789 4997 τούς
1835 4933 1949 5002 ἠδι-

270 5015 506 5083 κηκότας
535 5016 627 5068 καὶ
651 5016 818 5085 μυρία
843 5033 922 5067 σοι
949 5017 1467 5080 ἐπιϐουλεύσαντας,
1485 5022 1512 5071 ὁ
1533 5019 1731 5089 κλῆρος
1758 5015 1946 5079 ἐλθὼν,

270 5099 354 5148 σοι
380 5098 476 5166 μὲν
505 5098 572 5149 τὰ
593 5099 814 5168 ἀμαρτή
823 5114 988 5167 ματα,
1008 5098 1108 5168 τὴν
1127 5099 1184 5151 δὲ
1211 5102 1512 5155 ἀπόλαυσιν
1537 5103 1808 5174 παρέσχεν
1839 5103 1951 5156 ἐτέ-

272 5197 407 5252 ροις.

339 5269 400 5316 ε’.
419 5261 558 5314 Ἀλλ’
569 5262 717 5328 ἀξιον
731 5265 906 5318 ἐκεῖνο
917 5264 1189 5330 ἐξετάσαι,
1203 5264 1349 5328 τίνος
1364 5269 1548 5322 ἕνεκεν
1561 5272 1660 5324 οὐκ
1673 5266 1816 5336 εἷπε,
1829 5270 1952 5332 Τοῖς

271 5347 327 5400 δὲ
363 5343 632 5406 πλουσίοις
664 5347 720 5396 ἐν
750 5346 828 5415 τῷ
867 5346 962 5399 νῦν
999 5346 1151 5399 αἰῶνι
1189 5351 1534 5417 παράγγελλε
1569 5353 1644 5422 μὴ
1680 5354 1948 5414 πλουτεῖν,

273 5426 611 5500 παράγγελλε
635 5427 916 5491 πένεσθαι,
953 5429 1296 5500 παράγγελλε
1319 5433 1385 5483 τά
1411 5433 1541 5485 ὄντα
1564 5435 1781 5497 κενοῦν,
1815 5435 1950 5488 ἀλλά

269 5510 649 5582 Παράγγελλε
667 5509 754 5578 μὴ
788 5513 1262 5582 ὑψηλοφρονεῖν.
1298 5510 1451 5567 Οἶδεν
1495 5513 1619 5566 ότιῐ
1657 5516 1750 5568 τοῦ
1787 5519 1950 5570 πλού-

332 5655 360 5684 ι
382 5653 532 5704 Savil.
555 5655 608 5715 gl.
625 5649 708 5715 alii
731 5649 942 5715 611610-22;
967 5655 1260 5715 τραπεζίτας.

331 5717 358 5755 b
383 5715 530 5779 _S_avil.
554 5712 902 5779 ἀντιλαϐέσθαι,
919 5712 1048 5779 alius
1071 5715 1508 5779 ἀντιλαμϐάνεσθαι.

332 5781 356 5808 ⁸
384 5777 520 5825 Unus
531 5773 682 5837 code;
696 5777 748 5819 et
759 5770 888 5837 Sain
899 5771 981 5837 .jn
1002 5788 1155 5837 marg.
1171 5770 1253 5824 ὄιπῖ
1277 5779 1358 5825 καὶ
1372 5777 1719 5837 ἀνεκδιηγῆτοις
1733 5775 1936 5833 ἐκείνοις.

329 5837 357 5904 εξ
379 5835 732 5904 έιὶἱ-περιιδών.
759 5832 888 5904 Infra
911 5832 1060 5904 εει-η.
1099 5832 1153 5884 él.
1174 5837 1304 5904 {lius
1322 5840 1429 5904 οὐδέ
1455 5832 1624 5904 ταύτης
1650 5839 1847 5900 ἐγένετο.

337 5903 359 5962 ξ
382 5895 615 5962 εαιςὶἰερι
637 5895 1328 5962 δμιὶυειῖε).ευτῆςιἐγκατέλιπεν
1343 5918 1352 5926 ’
1378 5902 1492 5962 ὅπερ
1516 5899 1614 5948 οὖν.

268 6020 307 6069 ³,
337 5957 357 5996 τ
381 5959 478 6065 A‘lii
503 5957 853 6065 οἶδενδάκριϐὧς
869 5957 954 6002 ὅτι.
977 5955 1083 6002 Mox
1099 5957 1250 6007 Saxil.
1267 5961 1353 6006 κᾶν
1379 5955 1477 6021 εῖεῄ
1501 5963 1780 6016 τις,ηιεὶὶυε
1799 5976 1942 6026 quam

299 6033 400 6067 .or"
432 6059 438 6068 .
479 6036 564 6067 καί
585 6036 613 6069 r.
648 6033 684 6066 ιι
710 6033 786 6069 τις.

299 6033 438 6068 ἱΟΓἽ.
479 6036 564 6067 καν
585 6033 684 6081 ῃοει
710 6033 786 6072 τις.

2063 551 2160 586 του
2187 531 2312 603 ῥίζα
2339 534 2430 586 καὶ
2453 532 2710 596 ὑπόθεσίς
2739 534 2886 585 ἐστιν
2917 532 2949 600 ή
2980 530 3228 594 ἀπόνοια,
3258 530 3357 584 κᾶν
3386 531 3499 603 εἰδῇ
3532 548 3617 596 τις
3644 548 3742 603 με-

2063 622 2342 692 τριάζειν,
2369 625 2431 676 οὐ
2469 624 2670 694 πολλὴν
2712 622 2838 694 περὶ
2872 622 2932 674 τὸ
2977 621 3208 691 πρᾶγμα
3248 623 3532 690 ποιήσεται
3567 640 3731 676 σπουο

2066 708 2182 778 δήν.
2214 707 2368 772 Τίνος
2406 709 2513 780 γάρ
2556 710 2763 770 ἕνεκεν.
2793 708 2911 761 εἰπέ
2949 725 3060 777 μοι,
3101 707 3226 769 τούς
3268 705 3493 770 πολλοὺς
3524 708 3740 770 οἰκέτας

2063 797 2376 867 περιάγεις,
2416 799 2545 860 τοῦς
2573 798 2943 868 παρασίτους,
2979 797 3108 858 τούς
3147 793 3406 857 κόλακας,
3448 793 3544 866 τὴν
3573 796 3737 865 ἀλλην

2062 885 2281 938 ἃπασαν
2308 884 2645 954 φαντασίαν;
2671 885 2744 938 Οὐ
2769 884 2955 955 χρείας
2981 883 3186 946 ἕνεκεν,
3219 882 3333 934 ἀλλ’
3361 882 3617 945 ἀπονοίας
3651 885 3741 953 μό-

2060 990 2159 1042 νης
2181 1013 2195 1037 ,
2227 973 2311 1025 ἵνα
2341 971 2449 1025 ἀπὸ
2478 971 2681 1024 τούτων
2715 972 3035 1041 σεμνότερος
3073 970 3182 1024 τῶν
3233 970 3408 1024 ἄλλων
3435 969 3737 1040 ἀνθρώπων

2061 1054 2199 1112 εἶναι
2226 1060 2408 1130 δοκῇς.
2448 1058 2658 1121 ’Ἄλλως
2683 1058 2738 1110 δέ
2771 1053 2908 1110 οἶδεν
2942 1059 3002 1111 οῦ
3038 1057 3421 1128 κεκωλυμένον
3453 1057 3543 1108 τὸν
3572 1057 3738 1110 πλοῦ-

2059 1163 2173 1210 τον,
2214 1147 2306 1201 ἐάν
2343 1163 2429 1210 τις
2461 1145 2612 1216 αὐτῷ
2656 1145 2735 1208 είς
2761 1144 2875 1196 δέον
2923 1141 3262 1214 κεχρημένος
3395 1144 3606 1214 Ὠσπερ
3628 1145 3737 1214 γὰρ

2061 1230 2235 1300 εἷπον,
2266 1235 2326 1287 οὐ
2355 1234 2524 1288 κακὸν
2548 1235 2576 1286 6
2614 1229 2783 1295 οἶνος,
2817 1231 2950 1283 ἀλλά
2990 1232 3156 1284 κακὸν
3192 1234 3225 1302 ἡ
3263 1232 3434 1302 μέθηο
3470 1231 3643 1295 οὓτως
3676 1234 3736 1284 οὐ

2061 1321 2226 1373 κακὸν
2258 1324 2286 1374 6
2315 1322 2564 1386 πλοῦτος,
2600 1319 2735 1375 ἀλλά
2769 1317 2992 1388 κακόνή
3026 1318 3327 1382 πλεονεξία,
3361 1319 3528 1372 κακὸν
3555 1321 3587 1390 ή
3616 1321 3740 1388 φιλ-

2062 1407 2319 1478 αργυρία.
2365 1408 2592 1478 Ἕτερον
2644 1405 3006 1475 φιλάργυρος,
3037 1405 3131 1457 καὶ
3171 1406 3356 1476 ἓτερον
3391 1405 3677 1470 πλούσιοςο
3712 1410 3742 1460 6

2063 1494 2393 1564 φιλάργυρος
2437 1496 2537 1547 οὐκ
2587 1493 2704 1546 ἐστι
2743 1490 3040 1553 πλούσιος,
3090 1492 3118 1542 6
3157 1490 3488 1563 φιλάργυρος
3531 1493 3742 1547 πολλῶν

2060 1579 2257 1631 δεῖται·
2290 1582 2317 1631 6
2344 1580 2401 1632 δὲ
2430 1579 2636 1633 πολλῶν
2673 1579 2926 1648 δεόμενος
2955 1577 3055 1630 οὐκ
3085 1575 3151 1630 ἂν
3180 1579 3505 1650 εὐπορήσειέ
3532 1597 3660 1633 ποτε
3691 1583 3739 1634 ³.

2074 1667 2132 1719 Ὀ
2161 1666 2494 1738 φιλάργυρος
2521 1666 2712 1737 φύλαξ,
2744 1667 2805 1719 οὐ
2833 1665 3106 1736 δεσπότης
3142 1667 3261 1719 ἐστὶ
3287 1666 3394 1719 τῶν
3420 1668 3740 1737 χρημάτων,

2063 1755 2268 1821 δοῦλος,
2293 1761 2354 1810 οὐ
2382 1759 2566 1829 κύριος
2592 1759 2706 1831 [27]
2731 1760 3102 1830 εὐκολώτερον
3137 1760 3246 1831 γάρ
3272 1760 3380 1812 τῶν
3409 1760 3573 1812 αὐτοῦ
3602 1776 3738 1829 σρα-

2063 1839 2176 1891 κῶν
2201 1841 2455 1911 μεταδοίη
2472 1845 2578 1894 τινὶ
2593 1843 2624 1913 ἢ
2639 1842 2730 1894 τοῦ
2755 1843 3179 1912 κατωρυγμένου
3202 1842 3450 1913 χρυσίου.
3483 1842 3592 1895 Καὶ
3610 1841 3740 1894 καθ-

2063 1923 2207 1991 άπερ
2236 1923 2379 1985 τινος
2405 1924 2780 1985 ἐπιτάττοντος
2800 1927 2894 1976 καὶ
2917 1925 3231 1988 κελεύοντος
3251 1926 3478 1995 μηδενὸς
3496 1924 3740 1995 ἅψασθαι

2064 2001 2173 2054 τῶν
2205 2004 2601 2073 ἀποκειμένων·
2651 2003 2794 2056 οὓτω
2849 2006 2988 2074 μετὰ
3035 2006 3217 2075 πάσης
3262 2007 3550 2077 ἀκριϐείας
3599 2005 3746 2061 αὐτὰ

2063 2087 2221 2154 τηρεῖ
2249 2086 2341 2137 καὶ
2369 2086 2592 2154 κατέχει
2625 2084 2881 2155 καθάπερ
2923 2085 3221 2156 ἀλλοτρίων
3255 2087 3592 2157 ἀπεχόμενος
3629 2088 3741 2142 τῶν

2063 2172 2278 2224 οἰκείων
2305 2172 2354 2226 h.
2400 2173 2508 2225 Καὶ
2550 2173 2659 2240 γάρ
2695 2174 2842 2225 ἐστιν
2885 2173 3054 2230 ὅντως
3101 2175 3377 2239 ἀλλότρια·
3413 2175 3450 2228 ἃ
3497 2176 3606 2245 γάρ
3661 2178 3743 2240 είς

2057 2261 2279 2341 ἐτέρόυς
2302 2265 2586 2320 ἐκϐάλλειν
2605 2266 2706 2317 οὐκ
2733 2265 2799 2318 ἂν
2828 2265 3022 2329 ἓλοιτο,
3048 2264 3167 2316 οὐδὲ
3192 2267 3305 2327 τοῖς
3333 2263 3608 2332 δεομένοις
3631 2263 3746 2316 δια-

2056 2359 2260 2426 νεῖμαι,
2291 2354 2393 2407 κᾶν
2431 2353 2632 2423 μυρίας
2658 2350 2927 2421 ὑποσταίη
2957 2351 3251 2422 τιμωρίας,
3293 2349 3410 2414 πῶς
3437 2350 3504 2404 ἂν
3531 2351 3745 2404 δύναιτο

2053 2441 2226 2494 ταῦτα
2257 2439 2362 2493 ἴδια
2388 2437 2632 2510 νομίζειν
2659 2432 2838 2503 εἷναι;
2876 2437 3000 2500 Πῶς
3046 2437 3102 2490 δὲ
3135 2438 3248 2507 ἔχει
3291 2437 3389 2508 τήν
3425 2438 3638 2508 κτῆσιν,
3670 2432 3744 2490 ὧν

2054 2529 2153 2599 τὴν
2184 2528 2380 2598 χρῆσιν
2404 2527 2504 2578 οὐκ
2537 2525 2649 2595 ἕχει
2693 2524 2833 2594 μετά
2862 2523 3075 2587 ἀδείας,
3113 2525 3230 2576 οὐδὲ
3265 2524 3362 2594 τὴν
3403 2524 3743 2585 ἀπόλαυσιν;

2057 2617 2200 2688 Πρὸς
2233 2616 2288 2668 δέ
2327 2614 2538 2676 τούτοις
2583 2613 2644 2665 οὐ
2695 2613 2828 2665 πᾶσι
2877 2611 3054 2664 πάντα
3105 2613 3416 2665 ἐπιτάττειν
3453 2613 3482 2664 6
3535 2611 3748 2676 Παῦλος

2057 2707 2266 2768 εἴωθεν,
2293 2703 2432 2757 ἀλλὰ
2472 2703 2568 2755 καὶ
2604 2704 2672 2772 τῇ
2708 2701 2815 2754 τῶν
2847 2701 3152 2753 ἀκουόντων
3182 2699 3438 2771 ἀσθενείᾳ
3469 2718 3744 2768 συγκατα-

2058 2792 2256 2856 ϐαίνει,
2293 2790 2548 2862 καθάπερ
2584 2785 2677 2843 οῦν
2723 2789 2817 2841 καὶ
2855 2789 2884 2841 6
2919 2787 3155 2858 Χριστὸς
3199 2787 3445 2857 ἐποίησε.
3498 2789 3607 2842 Καὶ
3638 2790 3747 2858 γὰρ

2056 2880 2252 2950 ἐκείνῳ
2296 2877 2376 2948 τῷ
2429 2876 2670 2946 πλουσίῳ
2718 2873 3089 2947 προσελθόντι,
3128 2872 3221 2928 καὶ
3263 2875 3392 2945 περί
3445 2873 3546 2943 τῆς
3600 2875 3746 2944 ζωῆς

2056 2966 2205 3037 αὐτῷ
2249 2965 2617 3035 διαλεγομένῳ
2645 2962 2746 3016 οὐκ
2769 2957 2942 3021 εἶπεν.
2979 2961 3198 3029 ’Ὕπαγε
3219 3001 3233 3026 ,
3258 2960 3507 3032 πώλησόν
3543 2979 3637 3015 σου
3672 2963 3744 3015 τά

2057 3056 2392 3125 ὑπάρχοντα,
2422 3051 2539 3104 ἀλλ’
2557 3051 2717 3118 ἀφεὶς
2743 3050 2924 3115 τοῦτο,
2951 3050 3080 3120 περὶ
3105 3048 3306 3120 ἐτέρων
3337 3049 3486 3120 αὐτῷ
3513 3049 3748 3105 ἐντολῶν

2055 3142 2324 3209 διελέγετο
2351 3156 2363 3168 ·
2401 3138 2521 3191 εἶτα
2552 3137 2738 3207 ἐπειδὴ
2762 3137 2970 3200 ἐκεῖνος
3002 3135 3165 3190 αὐτὸν
3193 3137 3622 3206 προεκαλέσατο,
3652 3136 3748 3192 καί

2058 3245 2221 3298 φησιν
2240 3244 2253 3256 ο
2284 3227 2347 3278 Τί
2379 3225 2460 3278 ἔτι
2507 3241 2596 3294 μοι
2622 3223 2834 3286 λείπει;
2869 3223 2991 3275 οὐδέ
3037 3221 3160 3275 τότε
3207 3222 3396 3286 ἁπλῶς
3425 3219 3598 3290 εἶπεν,
3626 3224 3747 3276 Πώ-

2057 3315 2223 3385 λησόν
2259 3331 2352 3366 σου
2377 3313 2445 3365 τά
2469 3311 2806 3381 ὑπάρχοντα,
2833 3310 2970 3374 ἀλλ’,
3003 3312 3074 3364 E'l
3103 3309 3300 3376 θέλεις
3325 3311 3553 3377 τέλειος
3572 3308 3744 3377 εἶναι,

2057 3402 2251 3470 ὕπαγε
2275 3441 2290 3462 ,
2323 3398 2613 3464 πώλησόν
2655 3412 2772 3450 σου
2822 3396 2895 3450 τὰ
2924 3395 3277 3465 ὑπάρχοντα
3296 3413 3310 3426 ·
3343 3399 3435 3449 ἐπὶ
3466 3401 3532 3469 τῇ
3563 3401 3628 3470 σῇ
3661 3399 3746 3452 τί-

2061 3490 2196 3559 θημι
2223 3486 2451 3557 γνώμῃ,
2501 3487 2560 3538 σέ
2589 3484 2779 3553 κύριον
2823 3483 2962 3537 ποιῶ
2998 3483 3098 3552 τῆς
3149 3486 3526 3556 προαιρέσεως
3572 3489 3614 3553 i,
3647 3489 3748 3541 οὐκ

2062 3579 2142 3642 είς
2168 3576 2414 3644 ἀνάγκην
2447 3573 2586 3641 ἄγω.
2617 3572 2716 3626 Διά
2746 3571 2905 3626 τοῦτο
2935 3572 3028 3626 καλ⁸
3060 3572 3270 3636 Παῦλος
3297 3573 3450 3626 οὐδὲν
3483 3577 3612 3646 περὶ
3649 3592 3749 3628 πε-

2060 3667 2181 3728 νίας
2220 3666 2331 3726 τοῖς
2379 3660 2668 3714 πλουτοῦσι
2701 3660 2992 3728 διελέγετο,
3051 3659 3188 3713 ἀλλά
3231 3661 3359 3732 περὶ
3385 3679 3748 3734 ταπεινοφροο

2060 3752 2248 3822 σύνης,
2281 3751 2368 3803 διά
2392 3767 2453 3803 τε
2478 3751 2578 3819 τὴν
2607 3747 2894 3802 ἀσθένειαν
2921 3748 3030 3800 τῶν
3061 3748 3386 3812 ἀκουόντων,
3415 3751 3510 3802 καὶ
3535 3751 3596 3802 τὸ
3620 3751 3750 3819 σφό-

2055 3839 2158 3910 δρα
2183 3837 2401 3899 είδέναι,
2435 3838 2515 3889 ὅτι
2550 3836 2612 3888 τὸ
2645 3835 2960 3905 μετριάζειν
2985 3836 3080 3888 καὶ
3112 3836 3370 3898 ἀπονοίας
3397 3837 3746 3908 ἀπηλλάχθαι

2058 3927 2275 3996 ποιήσει
2306 3925 2516 3994 ταχέως
2539 3924 2738 3985 αὐτοὺς
2764 3923 2858 3975 καὶ
2890 3923 2991 3992 τῆς
3017 3923 3148 3992 περὶ
3173 3921 3267 3976 τοῦ
3299 3923 3550 3976 πλουτεῖν
3574 3927 3751 3979 ἀπαλ-

2057 4015 2290 4083 λαγῆναι
2340 4011 2598 4082 σπουδῆς.
2636 4007 2770 4065 Εἶτα
2820 4011 3162 4081 παραινέσας
3207 4011 3282 4080 μὴ
3330 4011 3746 4084 ὑψηλοφρονεῖν,

2059 4100 2308 4167 ἐδίδαξεὶ
2351 4101 2446 4153 καὶ
2477 4099 2570 4152 τὸν
2599 4096 2820 4169 τρόπον,
2850 4097 2972 4150 καθ’
3021 4096 3080 4149 ὃν
3127 4097 3452 4167 δυνήσονται
3490 4101 3564 4169 μὴ
3609 4101 3750 4170 6'41;-

2058 4189 2358 4260 λοφρονεῖν.
2399 4188 2497 4249 Τίς
2528 4187 2586 4240 δὲ
2621 4181 2776 4249 οὐτός
2819 4188 3005 4250 ἐστιν;
3040 4185 3104 4238 Εἰ.
3133 4183 3228 4238 τοῦ
3263 4185 3493 4239 πλούτου
3525 4186 3622 4258 τήν
3649 4189 3750 4257 φύ-

2060 4293 2144 4329 σιν
2175 4274 2565 4345 καταμάθοιεν,
2602 4275 2678 4337 ὼς
2709 4273 2902 4345 ἄδηλός
2945 4273 3028 4336 τίς
3069 4273 3185 4326 ἐστι
3223 4273 3317 4326 καὶ
3355 4274 3616 4337 ἄπιστος,
3662 4276 3749 4330 διά

2055 4362 2216 4415 τοῦτο
2255 4364 2523 4433 ἐπήγαγε*
2562 4361 2730 4428 Μηδὲ
2770 4360 3088 4428 ἠλπικέναι
3132 4359 3232 4413 ἐπὶ
3283 4361 3552 4415 πλούτου
3587 4362 3748 4428 ἁδη-

2053 4451 2285 4517 λότητι.
2334 4450 2597 4511 Πλούσιός
2626 4450 2775 4500 ἐστιν
2800 4448 2897 4516 οὐχ
2926 4450 2954 4500 6
2984 4447 3154 4500 πολλὰ
3183 4451 3543 4518 κεκτημένος,
3579 4451 3693 4503 ἀλλ’
3718 4454 3748 4505 6

2055 4538 2229 4590 πολλά
2255 4537 2460 4601 διδούς·
2504 4536 2756 4597 πλούσιος
2803 4531 2871 4604 ἦν
2908 4536 2937 4586 6
2981 4536 3254 4605 Ἀϐραάμ,
3291 4537 3406 4589 ἀλλ’
3446 4539 3506 4590 οὐ
3555 4540 3745 4611 φιλάρ-

2053 4643 2220 4698 γυρος
2247 4643 2261 4656 ·
2289 4628 2349 4678 οὺ
2397 4625 2503 4696 γὰρ
2533 4623 2886 4695 περιεσκόπει
2920 4623 3018 4691 τήν
3061 4624 3152 4676 τοῦ
3196 4625 3366 4688 δεῖνος
3395 4625 3592 4692 οἰκίαν,
3624 4629 3744 4682 οὐδὲ

2053 4712 2469 4784 περιειργάζετο
2503 4713 2600 4782 τὴν
2632 4711 2726 4764 τοῦ
2775 4711 2945 4772 δεῖνος
2974 4711 3195 4763 οὐσίανο
3231 4711 3346 4765 ἀλλ’
3395 4713 3554 4777 ἐξιὼν
3593 4732 3747 4786 περι-

2053 4795 2275 4847 εσκόπει
2311 4796 2386 4864 μή
2433 4811 2534 4846 που
2570 4793 2750 4858 ξένος,
2779 4797 2852 4864 μή
2890 4811 2991 4845 που
3020 4795 3192 4865 πένης
3217 4837 3231 4860 ,
3261 4794 3402 4849 ὥστε
3453 4797 3745 4868 διορθῶσαι

2051 4876 2151 4944 τὴν
2195 4877 2421 4938 πενίαν,
2472 4875 2611 4928 ὣστε
2659 4877 3024 4940 ὐποδέξασθαι
3070 4878 3163 4931 τὸν
3213 4880 3412 4950 ὁδίτην.
3453 4881 3527 4933 Οὐ
3558 4883 3745 4952 χρυσῷ

2051 4957 2142 5009 τὸν
2203 4958 2399 5028 ὄροφον
2430 4957 2672 5027 ἤλειφεν,
2708 4959 2844 5012 ἀλλά
2887 4959 3038 5031 παρὰ
3075 4962 3175 5031 τὴν
3226 4961 3356 5030 δρῦν
3394 4964 3609 5032 ἐκείνην
3644 4964 3744 5034 τὴν

2053 5040 2296 5110 καλύϐην
2327 5041 2666 5112 πηξάμενος,
2693 5047 2758 5114 τῇ
2793 5044 2900 5099 τῶν
2936 5044 3150 5113 φύλλιον
3182 5046 3402 5114 ἠρκεῖτο
3438 5048 3567 5116 σκιᾷ
3592 5065 3606 5077 ο
3649 5051 3744 5102 καὶ

1965 5195 1970 5205 ¹
2051 5120 2196 5174 οὕτω
2225 5121 2481 5194 λαμπρὸν
2509 5118 2576 5194 ἦν
2615 5125 2765 5194 αὐτῷ
2798 5127 2857 5177 τὸ
2896 5125 3266 5194 καταγώγιον,
3297 5125 3373 5188 ώς
3405 5127 3541 5196 μηδὲ
3575 5129 3744 5197 ἀγγέ-

2051 5206 2180 5270 λους
2232 5208 2663 5279 ἐπαισχυνθῆναι
2711 5210 2809 5279 τὴν
2855 5211 2985 5278 παρ’
3028 5209 3218 5278 ἐκείνῳ
3267 5210 3435 5278 μονήν
3463 5226 3476 5239 ·
3532 5212 3592 5264 οὐ
3634 5213 3741 5281 γάρ

2054 5290 2419 5362 λαμπρότητα
2478 5292 2657 5354 οἰκίας
2717 5290 3038 5359 ἐπεζήτουν,
3089 5288 3224 5341 ἀλλά
3285 5288 3466 5361 ψυχῆς
3513 5292 3735 5362 ἀρετήν.

2057 5373 2260 5426 Τοῦτον
2300 5374 2364 5446 δή
2416 5373 2510 5427 καὶ
2560 5376 2718 5444 ἡμεῖς
2759 5368 3146 5440 μιμησώμεθα,
3195 5370 3494 5442 ἀγαπητοὶ,
3529 5373 3626 5425 καὶ
3674 5377 3737 5426 τά

2054 5454 2184 5508 δντα
2209 5459 2288 5519 εἰς
2310 5459 2435 5520 τούς
2457 5456 2742 5524 δεομένους
2764 5451 3163 5521 ἀναλίσκωμεν.
3202 5453 3646 5526 Ἐσχεδιασμένον
3670 5451 3736 5524 ἦν

2055 5539 2232 5590 ἐκεῖνο
2269 5541 2329 5590 τὸ
2361 5537 2723 5606 καταγώγιον,
2755 5535 2890 5588 άλλά
2927 5534 3035 5589 τῶν
3065 5535 3366 5607 βασιλικῶν
3400 5540 3574 5594 αὐλῶν
3596 5539 3736 5609 λαμ-

2053 5621 2317 5688 πρότερον
2351 5615 2436 5686 ἦν.

1989 5721 2048 5782 ε
2123 5699 2385 5761 Βασιλεὺς
2401 5699 2572 5763 οὐδεὶς
2595 5699 2855 5755 οὐδέποτε
2880 5702 3147 5772 ἀγγέλους
3169 5702 3477 5769 ὑπεδέξατο,
3499 5706 3526 5757 6
3551 5705 3607 5758 δὲ
3633 5706 3739 5761 ὐπὸ

2115 5839 2139 5920 ξ
2171 5838 2413 5920 ξξχὶιθι,
2423 5840 2511 5920 ειη
2536 5841 2700 5920 οὐκέιν
2721 5843 2921 5920 εὐπορος
2954 5846 3025 5920 εἴη
3048 5846 3178 5893 ποτέ.

2118 5900 2146 5967 ξι
2283 5903 2548 5967 τῶνλίδίων.
2575 5901 2702 5953 Infra
2725 5904 2809 5967 alii
2834 5900 3036 5967 ὐποστῇ.

2127 5963 2144 6033 i_
2173 5965 2255 6033 ᾖε
2273 5965 2487 6033 maximi
2500 5979 2613 6033 ρει-ε
2630 5979 2747 6015 mss.
2764 5966 2914 6033 Sa_\_'il.
2933 5963 3096 6033 ιιιιίρπι
3119 5965 3366 6033 ιιι-Μίνῳ).
3382 5972 3466 6033 τῆς
3490 5968 3732 6033 αἱρέσεως.

2130 6023 2147 6076 ἰ
2188 6025 2373 6075 Omnes
2397 6023 2592 6088 ἐδίδαξε,
2616 6036 2796 6091 ιπεειρι·
2823 6028 2988 6075 ιιυτυι.
3016 6028 3096 6092 qui
3120 6027 3266 6076 habet
3293 6028 3458 6083 ἔδειξε.
