4494 6672
779 414 838 470 ιι
1521 408 1581 461 S.
1626 406 1910 462 JOANNIS
1946 403 2442 461 CHRYSOSTOMI
2485 402 2805 458 ARCHII‘ZE‘.
2853 396 3406 515 CO§STANTINOR
4165 400 4234 455 ἐξ

776 526 876 595 τὴν
911 522 1044 596 δρῦν
1085 522 1395 594 καθήμενος
1442 522 1658 592 ἐκείνην
1703 523 1797 575 καὶ
1848 520 2091 591 καλύϐην
2142 518 2452 590 πηξάμενος

777 609 985 681 ἠξιώθη
1014 610 1116 681 τῆς
1170 612 1338 681 τιμῆς
1386 609 1623 678 ταύτης,
1652 607 1714 660 οὐ
1760 607 1851 661 διά
1888 607 1987 677 τὴν
2037 606 2317 659 εὐτέλειαν
2356 605 2455 672 τῆς

778 698 956 763 οἰκίας
996 697 1285 770 τιμηθεὶς,
1323 697 1460 751 ἀλλά
1496 696 1584 749 διά
1618 695 1719 765 τὴν
1767 694 2119 747 πολυτέλειαν
2150 694 2250 765 τῆς
2277 694 2453 763 ψυχῆς

778 787 876 840 καὶ
908 786 1000 840 τὸν
1030 785 1450 856 ἐναποκείμενον
1488 782 1715 835 πλοῦτον
1741 782 1878 853 αὐτῇ
1912 782 2118 851 ταύτης
2141 781 2454 841 ἀπολαύσας

778 873 880 945 τῆς
906 873 1139 944 δωρεᾶς.
1168 872 1278 925 Kal
1323 871 1485 939 ήμεῖς
1511 870 1690 922 τοίνυν
1730 870 1806 940 μὴ
1836 869 1934 933 τὰς
1961 870 2138 932 οἰκίας
2181 865 2454 922 καλλωπί-

780 959 987 1031 ζωμεν,
1037 959 1172 1013 ἀλλά
1216 958 1319 1028 πρὸ
1344 957 1445 1026 τῆς
1471 956 1646 1019 οἰκίας
1678 956 1777 1027 τὴν
1809 958 1988 1028 ψυχὴν
2019 957 2117 1027 τὴν
2159 954 2451 1027 ἡμετέραν.

781 1048 908 1111 Πῶς
935 1047 1046 1118 γάρ
1072 1048 1170 1099 οὐκ
1214 1044 1435 1115 αἰσχρὸν
1467 1044 1781 1115 μαρμάροις
1812 1045 1909 1114 μὲν
1951 1043 2297 1115 περιϐάλλειν
2328 1041 2455 1103 τοὺς

766 1136 994 1207 τοίχους
1015 1135 1136 1204 εικῆ
1174 1134 1267 1187 καὶ
1298 1132 1495 1202 μάτην,
1521 1131 1614 1183 τὸν
1643 1132 1701 1185 δὲ
1735 1132 1970 1202 Χριστὸν
1996 1132 2201 1202 γυμνὸν
2230 1145 2457 1200 περιερ-

779 1219 1010 1289 χόμενον
1040 1221 1331 1289 περιορᾷνς
1367 1219 1433 1271 Τί
1463 1234 1546 1270 σοι
1568 1219 1669 1287 τῆς
1700 1220 1876 1281 οἰκίας
1912 1219 2134 1285 ϐφελος,
2166 1215 2451 1282 ἄνθρωπεε

779 1300 859 1371 μὴ
881 1299 991 1369 γάρ
1018 1297 1198 1351 λαϐὼν
1223 1298 1394 1366 αὐτὴν
1416 1295 1696 1367 ἀπελεύσῃ
1724 1316 1738 1360 ;
1784 1295 1901 1369 [9.8]
1934 1298 2010 1351 Οὐ
2036 1296 2242 1365 ταύτην
2280 1294 2465 1349 λαϐὼν

776 1385 1055 1458 ἀπελεύσῃ
1077 1398 1126 1449 ι,
1151 1386 1250 1454 τὴν
1274 1386 1333 1438 δὲ
1354 1385 1533 1456 ψυχὴν
1556 1385 1830 1457 ἀπελεύσῃ
1860 1386 2074 1448 πάντως
2088 1384 2286 1438 λαϐών.
2324 1384 2457 1437 Ἰδοὺ

778 1468 1023 1531 τοιοῦτος
1067 1466 1309 1531 κίνδυνος
1361 1468 1630 1521 κατέλαϐε
1675 1467 1790 1520 νῦν*
1840 1470 2275 1538 παραστήτωσαν
2328 1464 2460 1535 ήμῖν

778 1558 839 1609 αἰ
873 1554 1075 1617 οἰκίαι,
1114 1554 1435 1607 λυσάτωσαν
1480 1556 1615 1623 ἡμῖν
1648 1552 1736 1604 τὸν
1768 1552 2146 1621 ἐπηρτημένον
2194 1550 2455 1602 κίνδυνον·

781 1642 896 1695 ἀλλ’
924 1644 986 1697 οὐ
1013 1643 1354 1713 δυνήσονται.
1390 1642 1499 1693 Καὶ
1528 1640 1805 1709 μάρτυρες
1833 1638 1992 1707 ὑμεῖς
2028 1638 2078 1689 οἱ
2110 1635 2458 1705 καταλιμπά-

782 1746 967 1791 νοντες
1005 1730 1175 1789 αὐτάς
1217 1730 1451 1798 ἐρήμους
1474 1765 1488 1786 ,
1522 1726 1615 1778 καὶ⁵
1652 1724 1789 1794 πρὸς
1837 1724 1937 1794 τὴν
1981 1724 2218 1795 ἐρημίαν
2254 1723 2460 1792 ἀποτη-

773 1814 998 1880 δῶντες,
1021 1816 1271 1886 καθάπερ
1311 1816 1545 1883 παγίδας
1596 1817 1692 1870 καὶ
1719 1817 1913 1870 δίκτυα
1950 1816 2266 1881 δεδοικότες.
2320 1818 2455 1887 Βοη-

774 1900 941 1955 θείτω
972 1902 1041 1956 τά
1069 1903 1330 1976 χρήματα
1351 1902 1447 1956 νῦν
1465 1919 1479 1932 ο
1504 1902 1621 1956 ἀλλ’
1644 1903 1745 1956 οὐκ
1768 1903 1880 1973 ἔχει
1910 1904 2122 1973 καιρόν.
2155 1904 2219 1956 Εἰ
2242 1904 2299 1956 δὲ
2327 1902 2457 1957 ἔνθα

774 1986 1064 2056 ἀνθρώπου
1095 1988 1233 2059 ὀργὴ
1256 2026 1271 2050 ,
1308 1989 1610 2059 χρημάτων
1652 1989 1936 2059 ἐλέγχεται
1987 1989 2236 2060 δύναμις,
2280 1989 2458 2059 πολλῷ

779 2073 980 2141 μᾶλλον
1012 2074 1104 2126 ἐπὶ
1133 2072 1228 2127 τοῦ
1258 2075 1407 2127 θείου
1438 2076 1533 2128 καὶ
1574 2075 1878 2129 ἀδεκάστου
1915 2076 2267 2146 δικαστηρίου
2300 2076 2459 2129 τοῦτο

774 2160 1081 2229 γενήσεται.
1099 2161 1163 2214 Εἰ
1186 2160 1475 2231 ἄνθρωπός
1497 2164 1646 2214 ἐστιν
1668 2164 1696 2214 ὁ
1724 2161 2156 2233 παροξυνόμενος
2182 2164 2277 2215 καὶ
2291 2165 2452 2230 ἀγαν-

773 2246 958 2298 ακτῶν
981 2285 997 2311 ,
1032 2247 1129 2300 καὶ
1195 2247 1348 2301 οὐδὲν
1378 2249 1530 2318 ἡμᾶς
1563 2249 1626 2302 τὸ
1652 2250 1878 2319 χρυσίον
1913 2248 2113 2317 ὠφελεῖ
2129 2247 2244 2313 νῦν,
2277 2248 2457 2318 πολλῷ

776 2332 982 2402 μᾶλλον
1008 2333 1368 2404 ὀργιζομένου
1410 2335 1506 2388 τοῦ
1536 2336 1675 2388 Θεοῦ
1702 2336 1796 2388 τοῦ
1834 2335 1909 2405 μὴ
1948 2334 2204 2405 δεομένου
2235 2335 2453 2404 χρημά-

773 2435 913 2481 των,
944 2419 1236 2489 ἀσθενήσει
1266 2421 1486 2483 πάντως
1518 2421 1615 2474 τοῦ
1650 2424 1877 2492 χρυσίου
1905 2425 1939 2493 ἡ
1969 2422 2222 2492 δύναμις.
2259 2421 2454 2485 Οἰκίας

772 2505 1224 2577 οίκοδομούμεθα,
1269 2507 1356 2559 ἵνα
1384 2507 1644 2577 οἰκῶμεν,
1671 2509 1767 2579 οὐχ
1794 2509 1880 2561 ἵνα
1911 2507 2347 2579 φιλοτιμώμεθα.
2382 2508 2455 2560 ἰδ

777 2592 959 2661 μεῖζον
985 2592 1087 2662 τῆς
1117 2593 1328 2665 χρείας,
1357 2593 1612 2663 περιττὸν
1642 2596 1741 2660 τῆς
1771 2595 1963 2665 χρείας
1992 2596 2110 2648 ἐστὶ
2145 2594 2243 2648 καὶ
2282 2594 2457 2665 ἄχρη-

777 2697 922 2734 στον.
969 2680 1268 2751 Ύπόδησαι
1316 2682 1571 2752 ὑπόδημα
1608 2681 1703 2735 τοῦ
1749 2683 1908 2745 ποέδς
1953 2681 2172 2752 μεῖζον·
2209 2682 2326 2735 ἀλλ’
2358 2684 2459 2734 οὐκ

773 2767 940 2837 ἀνέξῃ
965 2784 978 2796 ·
1021 2767 1304 2838 ἐμποδίζει
1330 2770 1441 2839 γάρ
1478 2786 1561 2822 σοι
1591 2769 1730 2840 πρὸς
1771 2769 1870 2839 τὴν
1902 2767 2146 2838 βάδισιν⁶
2185 2768 2329 2822 οὕτω
2365 2771 2460 2822 καὶ

773 2855 923 2909 οἰκία
972 2856 1172 2925 μείζων
1218 2857 1317 2926 τῆς
1342 2857 1533 2925 χρείας
1563 2857 1847 2925 ἐμποδίζει
1887 2856 2025 2928 πρὸς
2052 2854 2154 2926 τὴν
2185 2859 2268 2918 εἰς
2294 2856 2459 2926 ούρα-

774 2942 898 3005 νοὺς
935 2944 1265 3014 ἀποδημίαν.
1310 2943 1498 2997 Βούλει
1546 2944 1806 3014 λαμπράς
1839 2943 1934 2996 καὶ
1973 2942 2218 3012 μεγάλας
2252 2944 2458 2995 οἰκοδο-

776 3032 898 3101 μεῖν
928 3031 1105 3095 οἰκίας
1131 3049 1146 3095 ;
1174 3032 1236 3084 οὐ
1265 3031 1480 3095 κωλύω,
1518 3031 1653 3084 ἀλλά
1691 3032 1767 3101 μὴ
1796 3031 1891 3084 ἐπὶ
1917 3031 2023 3099 γῆς
2047 3046 2061 3060 ·
2096 3029 2457 3101 οἰκοδόμησον

775 3118 984 3187 σκηνὰς
1031 3120 1090 3171 ἐν
1117 3118 1402 3190 οὐρανοῖς,
1433 3119 1523 3171 ἵνα
1577 3119 1673 3171 καὶ
1717 3118 1939 3189 ἐτέρους
1970 3116 2333 3182 ὑποδέξασθαι
2361 3119 2456 3171 δυ-

774 3204 966 3275 νηθῇς,
1019 3206 1223 3275 σκηνὰς
1276 3205 1533 3259 οὐδέποτε
1590 3205 2025 3275 καταλυομένας.
2084 3205 2151 3257 Τί
2205 3205 2458 3275 μέμηνας

776 3292 906 3363 περὶ
927 3290 999 3344 τά
1026 3291 1320 3360 φεύγοντα,
1354 3292 1449 3345 καὶ⁵
1474 3291 1541 3346 τὰ
1575 3291 1762 3346 ἐνθάδε
1800 3293 2064 3361 μένοντας
2108 3292 2277 3345 Οὐδὲν
2321 3308 2460 3361 σφα-

774 3380 1078 3454 λερώτερον
1111 3380 1364 3445 πλούτου,
1394 3384 1637 3453 σήμερον
1665 3383 1805 3453 μετὰ
1834 3383 1951 3449 σοῦ,
1976 3384 2073 3436 καὶ
2100 3382 2291 3456 αὔριον
2319 3383 2462 3437 κατά

776 3467 872 3522 σοῦ
894 3508 907 3531 ,
934 3471 1062 3532 τοὺς
1087 3467 1197 3521 τῶν
1241 3469 1531 3539 βασκάνων
1556 3470 1870 3542 ὀφθαλμοὺς
1899 3471 2111 3537 ὁπλίζει
2155 3471 2425 3526 πάντοθεν
2443 3488 2457 3503 ο

776 3556 1035 3627 πολέμιός
1085 3559 1235 3610 ἐστιν
1272 3557 1604 3629 όμόσκηνος,
1633 3559 1828 3628 ἐχθρὸς
1876 3558 2161 3624 σύνοικοςο
2196 3560 2292 3612 καὶ
2318 3560 2461 3631 μάρ-

773 3661 937 3715 τυρες
965 3645 1126 3715 ὑμεῖς
1153 3646 1203 3698 οί
1234 3646 1585 3716 κεκτημένοι,
1606 3648 1656 3699 οἱ
1690 3646 1858 3700 παντὶ
1879 3648 2069 3719 τρόπῳ
2098 3647 2463 3719 κατορύττον-

773 3749 866 3796 τες
899 3733 1063 3786 αὐτον
1102 3734 1199 3787 καὶ
1227 3733 1678 3805 ἀποκρύπτοντες
1702 3751 1717 3766 ο
1747 3736 1872 3788 ἐπεὶ
1913 3737 2009 3790 καὶ
2042 3735 2139 3789 νῦν
2161 3736 2253 3789 τὸν
2279 3736 2461 3788 κίνδυο

774 3837 866 3876 νον
891 3821 1295 3893 ἀφορητότερον
1339 3823 1470 3891 ἡμῖν
1487 3823 1517 3875 ό
1538 3821 1769 3886 πλοῦτος
1788 3826 1951 3876 ποιεῖ.
1991 3823 2157 3895 Ὁρᾷς
2177 3822 2310 3892 γοῦν
2332 3824 2460 3886 τοὺς

777 3908 881 3979 μὲν
916 3909 1155 3979 πένητας
1206 3907 1478 3973 εὐζώνους
1515 3910 1613 3963 καὶ
1661 3909 2123 3980 ἀπολελυμένους,
2173 3911 2269 3963 καὶ
2324 3911 2461 3980 πρὸς

777 4000 995 4052 ᾶπαντα
1038 3998 1626 4069 παρεσκευασμένουςθ
1658 4000 1786 4061 τοὺς
1814 3999 1872 4052 δὲ
1918 3998 2209 4061 πλουσίους
2261 3997 2462 4067 πολλὴν

775 4087 1002 4157 ἔχοντας
1024 4084 1312 4140 δυσκολίαν
1334 4126 1351 4151 ,
1394 4087 1490 4139 καὶ
1516 4086 1831 4157 περιιόντας
1855 4125 1871 4149 ,
1905 4088 1997 4139 καὶ
2033 4083 2335 4155 ζητοῦντας
2360 4086 2462 4137 ποῦ

772 4176 837 4229 τὸ
862 4174 1086 4247 χρυσίον
1118 4172 1485 4245 κατορύξωσι,
1515 4171 1816 4243 ζητοῦντας
1843 4172 1949 4226 τίνι
1974 4174 2296 4226 κατάθοιντο
2313 4173 2363 4225 δ.
2398 4172 2464 4224 Τί

776 4261 962 4334 ζητεῖς
982 4300 997 4325 ,
1042 4260 1319 4332 ἄνθρωπε,
1349 4262 1477 4324 τοὺς
1508 4260 1869 4331 όμοδούλους;
1900 4261 2133 4331 ἕστηκεν
2161 4262 2191 4313 ό
2231 4259 2465 4331 Χριστὸς

776 4351 993 4420 ἕτοιμος
1016 4348 1403 4414 ὐποδέξασθαι,
1438 4349 1534 4402 καὶ
1560 4349 1798 4420 τηρῆσαί
1826 4366 1909 4402 σοι
1936 4348 2036 4412 τάς
2071 4346 2465 4420 παρακαταθή-

779 4454 883 4501 κας
905 4478 921 4503 ,
948 4437 1071 4505 οὐχὶ
1102 4439 1339 4509 τηρῆσαι
1377 4436 1434 4489 δέ
1474 4438 1659 4507 μόνον,
1699 4436 1841 4489 ἀλλά
1886 4436 1981 4490 καὶ
2014 4435 2329 4499 πλεονάσαι,
2367 4434 2461 4488 καὶ

778 4526 921 4598 μεεά
951 4524 1155 4592 πολλῆς
1187 4523 1481 4577 ἀποδοῦναι
1494 4524 1592 4594 τῆς
1621 4523 1942 4593 προσθήκης
1967 4541 1979 4553 ·
2021 4523 2087 4575 ἐκ
2115 4522 2214 4592 τῆς
2251 4522 2460 4575 ἐκείνου

776 4614 961 4686 χειρὸς
992 4612 1168 4675 οὐδεὶς
1195 4613 1453 4682 ἁρπάζει.
1485 4612 1559 4663 Οὐ
1576 4614 1736 4681 τηρεῖ
1752 4612 1810 4663 δὲ
1842 4612 2000 4681 μόνον
2016 4612 2116 4673 τὰς
2147 4629 2465 4682 παρακατα-

780 4703 976 4772 θήκας,
1015 4698 1156 4756 ἀλλά
1185 4700 1281 4752 καὶ
1315 4698 1454 4769 ὑπὲρ
1487 4697 1654 4751 αὐτοῦ
1682 4697 1874 4750 τούτου
1906 4696 2023 4750 λύει
2053 4715 2134 4750 σοι
2185 4700 2312 4763 τοὺς
2342 4716 2461 4752 κιν-

774 4790 992 4853 δύνους.
1043 4788 1166 4843 Ἐπὶ
1195 4789 1296 4859 μὲν
1325 4786 1437 4858 γὰρ
1479 4785 1590 4839 τῶν
1632 4783 1939 4858 ἀνθρώπων
1981 4787 2030 4838 οἰ
2059 4785 2343 4855 δεξάμειοι
2367 4786 2467 4849 τὰς

782 4875 1256 4950 παρακαταθήκας
1280 4876 1441 4945 χάριν
1466 4875 1599 4944 ἡμῖν
1620 4872 1913 4927 δεδωκέναι
1937 4872 2239 4942 νομίζουσι,
2266 4873 2465 4941 φυλάτο

779 4984 966 5029 τοντες
1004 4964 1149 5035 άπερ
1194 4963 1419 5017 ἐλαϐονο
1471 4964 1564 5015 ἐπὶ
1594 4963 1651 5016 δὲ
1692 4964 1787 5016 τοῦ
1831 4962 2071 5034 Χριστοῦ
2119 4962 2464 5017 τούναντίον

778 5056 845 5109 οὐ
878 5055 989 5124 7'19
1037 5052 1332 5106 δεδωκέναι
1384 5050 1545 5121 χάριν
1572 5091 1587 5112 ,
1633 5051 1747 5103 ἀλλ’
1801 5051 2082 5122 εἰληφέναι
2120 5053 2300 5122 χάριν.
2336 5053 2465 5105 ὅταν

778 5141 1006 5213 δέξηται
1034 5158 1129 5193 σου
1162 5138 1261 5202 τάς
1309 5136 1803 5209 παρακαταθήκας,
1844 5141 2027 5207 φησὶν,
2069 5140 2162 5192 καὶ
2196 5140 2337 5211 ὑπὲρ
2367 5141 2465 5209 τῆς

785 5229 1034 5300 φυλακῆς
1066 5228 1262 5299 αὐτῆς,
1296 5225 1364 5298 ῆν
1399 5226 1529 5295 περὶ
1566 5224 1635 5277 τά
1683 5226 1941 5296 χρήματα
1986 5226 2352 5279 ἐπιδείκνυται
2400 5228 2463 5281 τά

789 5318 883 5385 σὰ,
915 5317 1018 5371 οὐκ
1043 5316 1265 5369 ἀπαιτεῖ
1302 5331 1361 5367 σε
1390 5312 1602 5385 μισθὸν,
1632 5312 1771 5366 ἀλλά
1795 5311 1977 5365 δίδωσί
2010 5329 2091 5365 σοι
2115 5312 2325 5382 μισθόν.

862 5412 934 5471 ς’.
964 5406 1031 5458 ’Δ
1042 5420 1109 5476 ρα
1139 5402 1283 5465 τίνος
1304 5401 1370 5456 ἀν
1385 5404 1577 5473 εἴημεν
1589 5401 1885 5470 ἀπολογίας
1901 5400 2063 5467 ἄξιοι,
2089 5401 2235 5463 τίνος
2250 5400 2308 5453 δέ
2339 5419 2470 5470 συγ-

788 5493 1014 5565 γνώμης
1039 5532 1054 5554 ,
1093 5491 1229 5544 ὅταν
1283 5491 1718 5562 παρατρέχοντες
1753 5491 1845 5543 τὸν
1893 5491 1987 5543 καὶ
2033 5488 2267 5560 φυλάξαι
2304 5490 2465 5543 δυνά-ρ

792 5594 975 5648 μενον,
1010 5575 1106 5628 καὶ
1133 5574 1294 5645 χάριν
1322 5573 1459 5643 ὑπὲρ
1490 5573 1588 5642 τῆς
1620 5573 1869 5643 φυλακῆς
1898 5574 2097 5640 εἰδότα,
2123 5574 2218 5627 καὶ
2243 5573 2469 5643 μισθους

789 5661 1136 5733 ἀπορρήτους
1158 5658 1252 5712 καί
1280 5657 1551 5728 μεγάλους
1590 5657 1904 5711 ἀποδιδόντα
1934 5658 2057 5710 ἀντί
2087 5659 2185 5727 τῆς
2219 5656 2468 5725 φυλακῆς

787 5744 993 5813 ταύτης
1038 5745 1150 5807 τοῖς
1187 5741 1329 5795 κατά
1357 5740 1457 5813 τὴν
1508 5740 1755 5810 φυλακην
1788 5741 1990 5810 ταύτην
2024 5739 2340 5794 ἀσθενοῦσιν
2378 5738 2471 5791 ἀν-

852 5882 880 5912 ι
904 5881 975 5929 οὐ
998 5881 1171 5939 ταύτην
1194 5882 1237 5929 λ.
1263 5880 1400 5929 ἀπελ.
1430 5878 1565 5937 Haec,
1590 5881 1639 5927 in
1660 5878 1842 5929 Savilin
1865 5894 2122 5941 exprosm,
2145 5885 2199 5929 ul
2219 5892 2331 5941 quae
2354 5891 2471 5927 scn—

795 5947 1151 6015 tcphlniparlos
1172 5946 1360 6015 oplinpc
1382 5948 1694 6002 conuectant,
1721 5940 2004 6003 adju-cinms.
2042 5941 2178 5991 Ιίυιτ.

855 6005 880 6043 ι
906 6003 1003 6053 ΔῖῙὶ
1034 6006 1439 6067 παρακατάθοιντο

2562 514 2826 587 θρώποις,
2874 505 2990 571 καῖ
3015 518 3173 587 χάριν
3219 518 3349 586 ἡμῖν
3382 509 3581 565 διῶναι
3626 505 3927 574 νομίζουσι,
3962 510 4057 562 καὶΙ
4099 514 4231 580 μόνα

2561 604 2703 656 αὐτά
2732 605 2801 657 τά
2826 606 3082 675 διδόμενα
3109 601 3447 656 ἀποδιδοῦσιν
3481 596 3725 666 ὕστερον,
3751 591 3979 655 ἐκείνοις
4008 597 4075 647 τὰ
4099 601 4235 668 ἡμέ-

2552 704 2688 757 τερα
2737 691 3167 760 ἐγχειρίζωμενς
3229 692 3392 752 Ξένος
3445 684 3495 743 εἷ
3547 687 3642 741 καὶ
3691 681 4070 754 παρεπίδημος
4123 706 4231 742 των

2553 770 2789 823 ἐνταῦθα
2806 787 2821 833 ;
2846 773 3083 842 πατρίδα
3103 772 3249 841 ἔχεις
3268 774 3329 825 ἐν
3355 772 3623 842 οὐρανοῖς,
3649 768 3825 822 πάντα
3844 766 3960 817 ἐκεῖ
3977 766 4228 832 μετάθες.

2554 855 2672 929 129]
2714 858 2803 910 ἵνα
2830 858 2929 910 καὶ
2965 858 3074 928 πρὸ
3115 860 3217 929 τῆς
3248 859 3603 922 ἀπολαύσεως
3643 853 3870 910 ἐνταῦθα
3918 849 4233 922 ἀπολαύσῃς

2552 947 2655 1016 τῆς
2674 946 2934 1017 ἀμοιϐῆς.
2974 947 3036 1000 '0
3059 947 3170 1017 γάρ
3194 951 3463 1018 χρησταῖς
3483 946 3909 1018 συντρεφόμενος
3935 940 4118 995 ἐλπίσι
4138 940 4232 993 καὶ

2554 1035 2683 1106 περὶ
2729 1033 2839 1086 τῶν
2877 1032 3188 1102 μελλόντων
3221 1034 3477 1105 θαρρῶν,
3516 1032 3768 1086 ἐντεῦθεν
3801 1032 3903 1103 ἤδη
3932 1029 4034 1099 τῆς
4074 1027 4233 1097 βασι·

2553 1119 2701 1183 λείας
2744 1118 3039 1187 ἐγεύσατο.
3074 1118 3241 1172 Οὐδὲν
3268 1120 3379 1190 γάρ
3408 1120 3554 1173 οὕτω
3576 1120 3754 1191 ψυχὴν
3779 1119 3967 1172 εἴωθεν
3998 1114 4233 1169 ἀνακτᾶ-

2556 1208 2680 1262 σθαι
2713 1207 2810 1261 καὶ
2847 1205 3058 1277 ἀμείνω
3087 1209 3300 1272 ποιεῖν,
3348 1208 3426 1272 ὡς
3459 1209 3493 1278 ή
3543 1208 3757 1279 χρηστὴ
3793 1206 3903 1260 τῶν
3934 1204 4234 1277 μελλόντων

2554 1296 2727 1359 ἐλπὶς,
2753 1294 2847 1349 ἐὰν
2872 1295 2991 1346 ἐκεῖ
3014 1293 3259 1363 μεταθῗκ
3279 1293 3374 1346 τὺν
3402 1294 3655 1360 πλοῦτον,
3682 1297 3776 1349 καὶ
3797 1295 3899 1365 τῆς
3918 1293 4097 1363 ψυχῆς
4119 1293 4237 1344 ἐπι-

2557 1381 2770 1453 μελήσῃ
2797 1382 2899 1451 τῆς
2931 1380 3163 1432 σεαυτοῦ
3204 1378 3344 1448 μετά
3374 1380 3574 1449 σχολῆς
3607 1382 3707 1451 τῆς
3739 1381 4140 1453 προσηκούσης.
4172 1379 4235 1431 Ol

2558 1467 2656 1536 μὲν
2684 1466 2793 1537 γάρ
2830 1466 3051 1520 ἃπασαν
3079 1465 3179 1534 τὴν
3212 1465 3451 1535 σπουδὴν
3493 1467 3574 1529 εἰς
3611 1467 3704 1519 τὸν
3731 1467 4116 1537 καλλωπισμὸν
4145 1483 4237 1519 κε-

2554 1554 2770 1617 νοῦντες
2823 1553 2925 1622 τῆς
2959 1551 3170 1606 ἐαυτῶν
3223 1552 3437 1618 οἰκίας,
3469 1556 3529 1606 ἐν
3557 1557 3670 1617 τοῖς
3707 1555 3813 1619 ἐξω
3861 1555 4238 1622 πλουτοῦντες,

2552 1640 2821 1710 ἀμελοῦσι
2845 1639 2957 1693 τῶν
2977 1640 3148 1702 ἔνδον,
3171 1638 3380 1711 ἔρημον
3407 1640 3501 1693 καὶ
3527 1641 3827 1709 αὐχμῶσαν
3849 1643 3945 1695 καὶ
3966 1644 4241 1713 ἀραχνίων

2564 1726 2844 1796 γέμουσαν
2872 1726 3241 1797 περιορῶντες
3274 1737 3296 1765 ο
3329 1726 3428 1796 τὴν
3465 1727 3674 1779 ἑαυτῶν
3710 1727 3889 1797 ψυχήν
3908 1745 3921 1759 ·
3949 1729 4017 1782 ἂν
4041 1729 4099 1782 δὲ
4131 1728 4242 1783 τῶν

2554 1814 2753 1879 ἔξωθεν
2791 1815 3192 1886 ἀμελήσαντες,
3217 1817 3295 1878 εἰς
3328 1816 3430 1885 τὴν
3460 1813 3667 1868 ἑαυτῶν
3698 1815 3938 1868 διάνοιαν
3978 1816 4077 1884 τὴν
4104 1833 4241 1887 προ·

2558 1900 2622 1953 θυ
2631 1902 2760 1971 μίαν
2782 1900 3246 1956 καταναλώσωσιν
3276 1902 3517 1963 ἃπασαν,
3548 1901 3889 1972 πανταχόθεν
3912 1902 4083 1973 αὐτὴν
4103 1902 4240 1955 καλ-

2558 1989 2909 2053 λωπίζοντες,
2967 1989 3310 2059 καταγώγιον
3341 1990 3498 2043 ἔσται
3540 1989 3621 2060 τῷ
3651 1989 3875 2062 Χριστῷ
3923 1989 4034 2043 τῶν
4064 1989 4239 2044 τοιού·

2558 2093 2668 2130 των
2722 2076 3031 2149 ἀνθρώπων
3080 2080 3113 2147 ἠ
3147 2077 3293 2147 ψυχή
3320 2094 3334 2107 ·
3375 2077 3469 2130 τοῦ
3516 2077 3574 2131 δὲ
3621 2078 3713 2132 τὸν
3757 2077 3992 2147 Χριστὸν
4026 2076 4242 2148 ἔχοντος

2558 2162 2796 2224 ἔνοικον,
2830 2165 2883 2216 τί
2934 2164 3131 2231 γένοιτ’
3164 2164 3231 2217 ἂν
3273 2163 3691 2235 μακαριώτερον
3748 2164 4006 2231 πώποτες
4053 2165 4242 2218 Βούλει

2558 2249 2810 2304 πλουτεῖν
2838 2266 2851 2311 ;
2876 2249 2965 2318 ἔχε
2997 2250 3152 2317 φίλον
3184 2250 3275 2302 τὸν
3298 2249 3453 2309 Θεὸν.
3486 2250 3582 2302 καὶ⁵
3615 2250 3834 2304 πάντων
3866 2251 4243 2322 εὐπορώτερος

2555 2333 2671 2406 ἔσῃ.
2715 2334 2903 2387 Βούλει
2952 2336 3239 2399 πλουτεῖνς
3277 2334 3352 2406 μὴ
3382 2335 3522 2403 μέγα
3553 2336 3740 2405 φρόνει
3767 2354 3779 2367 ’
3812 2337 3972 2389 τοῦτο
4003 2339 4065 2390 οὐ
4104 2337 4243 2406 πρὸς

2555 2421 2625 2475 τά
2672 2422 2934 2492 μέλλοντα
2956 2462 2970 2484 ,
3007 2421 3143 2475 ἀλλά
3193 2424 3287 2475 καὶ
3326 2423 3464 2492 πρὸς
3513 2422 3584 2475 τά
3632 2423 3877 2494 παρόντα
3903 2423 4238 2493 ἐπιτήδειον·

2555 2508 2710 2561 οὐδὲν
2768 2509 2878 2579 γὰρ
2934 2508 3108 2572 οῦτως
3143 2508 3468 2577 ἐπίφθονον,
3512 2509 3588 2572 ὡς
3633 2508 3923 2581 ἄνθρωπος
3964 2509 4241 2562 πλουτῶνο

2557 2595 2685 2647 ὅταν
2711 2594 2767 2647 δὲ
2794 2595 2889 2648 καὶ
2918 2596 3147 2648 ἀπόνοια
3182 2597 3359 2666 προσῇ
3379 2636 3393 2658 ,
3425 2595 3650 2659 διπλοῦς
3684 2598 3713 2649 ὁ
3735 2596 3980 2667 κρημνὸς
4010 2597 4242 2664 γίνεται,

2559 2680 2938 2753 χαλεπώτερος
2975 2680 3129 2751 παρά
3151 2682 3372 2734 πάντων
3394 2683 3423 2733 ὁ
3448 2680 3576 2734 πόλε
3586 2698 3704 2751 μος.
3727 2684 3825 2734 Ἂν
3846 2682 3904 2735 δὲ
3931 2680 4244 2752 μετριάζειν

2560 2767 2727 2837 εἰδῇς,
2773 2769 3057 2839 ύποτέμνῃ
3089 2766 3118 2806 ἀ
3156 2770 3223 2837 τῇ
3273 2768 3751 2842 ταπεινοφροσύνῃ
3801 2769 3903 2838 τῆς
3947 2769 4245 2838 βασκανίας

2559 2856 2659 2926 τὴν
2687 2858 3002 2927 τυραννίδα,
3030 2858 3125 2910 καὶ
3156 2857 3297 2925 μετά
3322 2856 3625 2925 ἀσφαλείας
3649 2856 3795 2928 ἔχεις
3818 2858 3964 2929 ἅπερ
4001 2857 4067 2911 ἂν
4092 2857 4241 2930 ἔχῃς.

2560 2944 2798 3013 Τοιαύτη
2833 2944 2943 3013 γάρ
2973 2944 3077 3012 τῆς
3098 2943 3304 3014 ἀρετῆς
3336 2945 3368 3014 ή
3400 2943 3581 3012 φύσις,
3619 2945 3680 2997 οὐ
3715 2944 3850 3014 πρὸς
3885 2945 3954 2997 τὰ
3983 2944 4245 3015 μέλλοντα

2558 3030 2705 3100 ἡμᾶς
2741 3031 2946 3099 ὠφελεῖ
2974 3032 3135 3101 μόνον
3160 3069 3174 3092 ,
3210 3031 3346 3084 ἀλλά
3379 3032 3474 3084 καὶ
3518 3030 3768 3084 ἐντεῦθεν
3804 3031 3905 3102 ήδη
3942 3031 4123 3085 δίδωσι
4145 3031 4245 3094 τάς

2558 3118 2815 3187 ἀμοιϐάς.
2850 3118 2943 3187 Μὴ
2981 3118 3164 3170 τοίνυν
3215 3118 3359 3186 μέγα
3416 3118 3705 3189 φρονῶμεν
3749 3120 3844 3171 ἐπὶ
3883 3119 3961 3189 τῷ
4007 3119 4242 3189 πλούτῳ,

2557 3204 2695 3258 ἀλλά
2732 3204 2870 3275 μηδὲ
2899 3206 2985 3272 ἐφ’
3006 3205 3182 3274 ἑτέρῳ
3211 3204 3421 3273 μηδενί.
3457 3205 3521 3257 Εἰ
3547 3205 3658 3273 γάρ
3688 3205 3783 3258 ἐπὶ
3811 3207 3923 3268 τοῖς
3953 3222 4246 3276 πνευματιυ

2559 3295 2675 3355 κοῖς
2705 3294 2734 3345 ὀ
2769 3294 2916 3363 μέγα
2962 3291 3177 3364 φρονῶν
3210 3292 3419 3363 οἴχεται
3449 3292 3543 3346 καὶ⁵
3568 3292 3815 3345 ἀπόλωλε
3840 3332 3856 3354 ,
3890 3292 4065 3364 πολλῷ
4109 3292 4244 3363 μάλ-

2560 3378 2652 3431 λον
2685 3379 2777 3433 ἐπὶ
2814 3381 2926 3443 τοῖς
2956 3382 3263 3449 σαρκικοῖς.
3308 3380 3687 3450 Ἑννοήσωμεν
3729 3379 3889 3450 ἡμῶν
3927 3380 4028 3451 τὴν
4060 3380 4243 3449 φύσιν,

2561 3466 3015 3537 ἀναλογισώμεθα
3057 3466 3217 3537 ἡμῶν
3257 3467 3329 3520 τά
3353 3468 3763 3539 ἁμαρτήματα,
3810 3467 4071 3538 μάθωμεν
4101 3468 4247 3533 τίνες

2563 3553 2773 3624 ἐσμὲν,
2827 3554 2924 3607 καὶ
2973 3555 3139 3623 ἀρκεῖ
3190 3552 3352 3608 τοῦτο
3385 3555 3466 3615 εἰς
3512 3555 3695 3619 πάσης
3743 3553 4248 3625 ταπεινοφροσύνης

2563 3642 2694 3711 ἡμῖν
2725 3640 3003 3694 ὑπόθεσιν.
3034 3642 3126 3712 Μή
3161 3658 3253 3711 μοι
3281 3640 3429 3709 λέγε,
3461 3642 3544 3694 ὅτι
3576 3641 3760 3693 Τόσων
3786 3643 3883 3693 καὶ
3913 3642 4088 3695 τόσων
4109 3641 4247 3695 ἐτῶν

2561 3728 2853 3799 προσόδους
2886 3729 3265 3800 ἀποκειμένας
3308 3727 3453 3798 ἔχω,
3499 3728 3725 3798 χρυσίου
3768 3728 4005 3783 τάλαντα
4055 3729 4242 3800 μυρία,

2562 3820 2727 3892 κέρδη
2777 3819 2899 3874 καθ’
2934 3818 3174 3890 ἑκάστην
3214 3818 3622 3889 προσγινόμενα
3659 3817 3758 3888 τὴν
3786 3819 4023 3889 ἡμέραν.

2633 3910 2773 3960 Ὅσα
2800 3908 2867 3960 ἂν
2890 3908 3071 3979 εἴπῃς,
3108 3906 3286 3958 πάντα
3311 3906 3436 3975 εἰκῆ
3458 3906 3554 3959 καὶ
3581 3905 3756 3976 μάτην
3780 3907 3953 3975 ἐρεῖςο
3982 3905 4245 3968 πολλάκις

2564 3994 2622 4046 ἐν
2651 3992 2772 4064 ὥρα
2808 3994 2929 4063 μιᾷ,
2952 3994 3048 4046 καὶ
3075 3992 3308 4063 βραχείᾳ
3332 3990 3528 4061 καιροῦ
3562 3993 3726 4062 ῥοπῇ.
3752 3990 4008 4061 καθάπερ
4039 3991 4245 4061 ἀνέμου

2566 4078 2970 4151 προσπεσόντος
3029 4078 3235 4131 ἀνωθεν
3291 4077 3440 4140 κόνις
3490 4077 3829 4147 εὐρίπιστος,
3883 4076 4028 4129 οὕτω
4071 4075 4247 4128 ταῦτα

2565 4167 2741 4219 πάντα
2773 4167 3074 4235 ἐκφυσᾶται
3098 4164 3198 4235 τῆς
3225 4164 3422 4227 οἰκίας.
3449 4163 3559 4215 Καὶ
3584 4162 3788 4217 τούτων
3829 4162 4048 4234 πλήρης
4081 4162 4182 4232 μέν
4217 4164 4248 4217 ό

2566 4253 2681 4324 βίος
2711 4255 2846 4324 ἡμῖν
2877 4252 2985 4306 τῶν
3023 4251 3505 4322 παραδειγμάτων,
3560 4250 3787 4323 πλήρεις
3834 4249 3893 4304 δὲ
3932 4251 3989 4303 αἱ
4033 4249 4247 4321 Γραφαὶ

2563 4336 2671 4389 τῶν
2694 4334 3060 4405 διδαγμάτων·
3084 4336 3114 4386 ό
3143 4335 3210 4404 σή
3219 4350 3283 4403 με
3293 4350 3384 4404 ρον
3410 4331 3685 4396 πλούσιος,
3728 4330 3918 4405 αῦριον
3940 4331 4129 4403 πένης.
4154 4333 4247 4385 Διὸ

2565 4422 2658 4473 καὶ
2675 4417 2934 4479 πολλάκις
2957 4417 3198 4485 ἐγέλασα
3228 4415 3494 4486 διαθήκας
3525 4413 3917 4483 ἀναγινώσκων
3961 4414 4244 4483 λεγούσας⁸

2574 4502 2633 4556 Ὀ
2651 4502 2801 4555 δεῖνα
2858 4500 2959 4571 μὲν
2985 4499 3159 4570 ἐχέτω
3189 4498 3288 4569 τὴν
3314 4499 3634 4553 δεσποτείαν
3665 4497 3775 4551 τῶν
3821 4497 4029 4569 ἀγρῶν,
4078 4496 4112 4567 ἦ
4146 4497 4249 4559 τῆς

2562 4586 2758 4650 οἰκίας,
2802 4583 2905 4653 τὴν
2934 4582 2991 4635 δὲ
3034 4582 3230 4652 χρῆσιν
3272 4581 3462 4645 ἀλλος-
3505 4582 3707 4645 πάντες
3745 4580 3857 4652 γὰρ
3910 4580 4009 4650 τὴν
4049 4580 4248 4650 χρῆσιν

2566 4667 2782 4737 ἔχομεν,
2816 4665 2916 4734 τὴν
2941 4664 3258 4717 δεσποτείαν
3282 4664 3341 4717 δέ
3367 4663 3560 4727 οὐδείς.
3590 4664 3712 4717 Κᾶν
3739 4664 3851 4733 γὰρ
3881 4662 4033 4732 παρά
4061 4663 4247 4714 πᾶσαν

2568 4752 2700 4818 ἡμῖν
2718 4750 2818 4819 τὴν
2843 4746 2988 4817 ζωὴν
3020 4746 3314 4819 παραμένῃ
3341 4746 3611 4816 μηδεμίαν
3642 4745 3943 4816 μεταϐολὴν
3966 4748 3995 4799 ό
4017 4743 4248 4807 πλοῦτος

2567 4832 2878 4902 δεχόμενος,
2912 4830 3005 4884 καὶ
3038 4830 3255 4892 ἑκόντες
3294 4830 3390 4882 καὶ
3434 4830 3660 4893 ἀκοντες
3698 4830 3757 4882 ἐν
3781 4832 3849 4900 τῇ
3887 4828 4113 4897 τελευτῇ
4140 4843 4248 4879 πα·

2571 4915 2964 4987 ραχωρήσομεν
2987 4912 3217 4982 ἑτέροις,
3252 4912 3352 4981 τὴν
3381 4912 3575 4982 χρῆσιν
3617 4912 3784 4966 αὐτοῦ
3817 4911 4247 4981 καρπωσάμενοι

2571 4995 2752 5065 μόνον,
2779 4995 2878 5065 τῆς
2906 4993 3225 5056 δεσποτείας
3256 4992 3313 5046 δὲ
3343 4995 3540 5064 γυμνοὶ
3576 4996 3672 5048 καὶ
3710 4996 3907 5065 ἔρημοι
3932 4994 4070 5063 πρὸς
4104 4993 4249 5045 ἐκεί-

2567 5096 2665 5149 νην
2706 5076 3117 5150 ἀποδημοῦντες
3165 5076 3265 5148 τὴν
3311 5078 3477 5149 ζωήν.
3502 5077 3668 5133 Ὅθεν
3713 5078 3897 5147 δῆλον,
3926 5077 4011 5129 ὅτι
4044 5078 4247 5128 ἐκεῖνοι

2570 5162 2721 5232 μόνοι
2749 5161 2849 5231 τὴν
2879 5158 3194 5213 δεσποτείαν
3217 5158 3450 5231 ἔχουσιν,
3474 5162 3523 5215 οἱ
3550 5161 3644 5214 καὶ
3666 5160 3767 5229 τῆς
3791 5161 4040 5230 χρήσεως
4078 5157 4247 5210 αὐτοῦ

2566 5246 3099 5309 καταφρονήσαντες,
3144 5242 3239 5295 καὶ
3292 5244 3393 5311 τῆς
3445 5243 3797 5298 ἀπιλαύσεως
3841 5238 4247 5303 καταγελάσαν-

2561 5343 2675 5390 τες.
2737 5324 2797 5377 '0
2842 5322 2952 5391 γὰρ
2995 5321 3065 5372 τὰ
3112 5319 3241 5372 ὄντα
3292 5317 3494 5389 ῥίψας,
3540 5316 3635 5368 καὶ
3684 5316 3795 5377 τοῖς
3840 5312 4070 5382 πένησιν
4106 5314 4250 5368 αὐτά

2563 5408 2778 5470 διδοὺς,
2831 5403 3101 5473 ἐχρήσατό
3142 5418 3202 5454 τε
3235 5402 3315 5463 εἰς
3355 5400 3473 5452 δέον
3519 5398 3634 5458 τοῖς
3677 5391 3837 5461 οὖσι,
3881 5395 3979 5449 καὶ
4017 5396 4116 5466 τὴν
4161 5397 4248 5451 δε-

2569 5492 2829 5550 σποτείαν
2852 5489 3029 5545 αὐτῶν
3052 5489 3192 5560 ἔχων
3223 5485 3490 5557 ἀπῆλθεν,
3516 5480 3640 5536 οὐδὲ
3663 5483 3722 5535 ἐν
3749 5481 3897 5553 αὐτῷ
3929 5480 4006 5552 τῷ
4029 5482 4247 5555 θανάτῳ

2567 5580 2667 5649 τῆς
2688 5577 2935 5645 κτήσεως
2956 5574 3240 5627 ἐκπίπτων
3254 5568 3494 5635 ἐκείνης,
3516 5564 3629 5636 [50]
3651 5564 3765 5649 ἀλλ’
3781 5567 3840 5618 ἐν
3856 5566 4050 5636 ἐκείνῳ
4069 5567 4248 5621 πάντα

2569 5648 2970 5731 ἀπολαμϐάνων
2998 5657 3077 5728 τῷ
3114 5652 3328 5724 καιρῷ,
3378 5651 3477 5703 καὶ
3517 5648 3697 5719 πολλῷ
3737 5649 3956 5703 πλείονα
3995 5650 4244 5714 ἐκείνων,

2571 5748 2700 5802 ὅταν
2731 5745 2913 5799 αὐτῶν
2947 5741 3183 5813 μάλιστα
3223 5736 3412 5804 δέηται
3443 5732 3542 5799 τῆς
3576 5731 3912 5799 προστασίας
3951 5732 4012 5788 ἐν
4039 5737 4105 5805 τῇ
4144 5734 4241 5803 τῆς

2638 5873 2661 5937 “_
2690 5869 2859 5937 λίρςθί.
2881 5866 3208 5937 περιορῶντες,
3229 5859 3381 5910 Savil.
3419 5862 3473 5907 el
3495 5854 3575 5906 alii
3599 5858 3870 5921 περιορῶσι.

2638 5933 2662 5969 ἀ
2692 5931 3101 5995 ΑΙὶἱ-ῦποτέμνεις.
3313 5984 3330 5995 ε
3391 5983 3409 5995 ⁸
3455 5983 3463 5990 υ

2648 5999 2666 6015 ’
2703 5990 2849 6041 Savil.
2876 5998 2921 6037 (ιι
2943 5988 3140 6051 clum"!
3168 5997 3279 6031 mss.
3308 5984 3509 6035 δια-ἶυύς.
