4458 6696
409 463 472 519 ιι
1343 453 1436 514 AD
1475 458 1792 516 POPlJlJJM
1825 455 2322 517 ANTIOCHENUM
2388 453 2614 511 HOMIL.
2655 456 2718 512 ll.
3621 466 3689 517 Ir}.

412 585 654 632 ornatum
685 585 738 632 et
767 577 977 632 divitias
1005 577 1058 630 in
1088 576 1202 644 ipso
1235 578 1491 644 repositas
1520 575 1619 630 hoc
1650 588 1868 630 munere
1894 586 1991 643 po-

415 667 559 721 titus.
594 668 656 722 Et
685 684 783 722 nos
814 669 970 737 igitur
1010 679 1079 718 ne
1125 664 1312 718 domos
1359 681 1608 722 ornemus
1633 708 1647 731 ,
1678 667 1772 720 sed
1821 664 1999 734 potius

412 775 569 827 quam
601 761 817 815 domum
847 758 1078 812 animam
1118 765 1373 812 nostram.
1406 759 1682 827 Quomodo
1711 757 1852 813 enim
1893 769 1998 807 non

415 859 599 920 turpe,
632 847 987 902 marmoribus
1020 847 1249 914 parietes
1275 847 1468 904 frustra
1509 859 1563 904 et
1591 856 1791 902 temere
1817 856 2002 898 eonte-

412 954 561 1006 gere,
588 938 853 992 Christum
882 950 1008 990 vero
1035 938 1230 991 nudum
1258 940 1672 993 circumeuntem
1697 934 2000 1004 negligere?

414 1046 531 1098 quae
561 1029 649 1082 tibi
679 1028 870 1083 domus
898 1030 1115 1093 utilitas.
1149 1030 1344 1087 homo?
1372 1032 1625 1102 numquid
1659 1031 1799 1083 enim
1833 1029 1999 1097 ipsam

417 1130 589 1173 tecum
615 1118 816 1174 ducens
849 1120 1060 1176 abibis?
1086 1122 1199 1177 Non
1235 1123 1370 1178 hanc
1401 1133 1572 1178 tecum
1606 1121 1780 1175 ferens
1809 1120 1997 1186 abibis,

417 1212 647 1263 animam
666 1227 793 1266 vero
823 1214 1042 1268 omnino
1072 1214 1243 1270 ferens
1268 1215 1540 1285 migrabis.
1568 1215 1704 1268 Ecce
1731 1227 1869 1266 nunc
1899 1213 2002 1266 tale

417 1315 518 1354 nos
540 1304 748 1371 excepit
786 1305 1078 1373 periculum
1109 1322 1122 1360 :
1154 1308 1405 1362 assistant
1447 1308 1600 1362 nobis
1634 1307 1824 1360 domus
1847 1346 1862 1370 ,
1890 1305 2002 1359 sol-

417 1400 546 1446 vant
576 1395 866 1461 periculum
909 1396 1062 1452 nobis
1091 1399 1410 1463 imminens;
1443 1399 1537 1453 sed
1582 1413 1686 1451 non
1732 1404 2000 1464 poterunt.

415 1481 528 1537 Vos
558 1484 655 1554 ipsi
677 1487 804 1540 mihi
835 1498 995 1544 testes
1029 1492 1189 1554 estis,
1219 1491 1460 1545 desertas
1492 1505 1583 1544 eas
1627 1487 2004 1554 derelinquen-

421 1584 532 1638 tes,
564 1587 615 1629 et
645 1576 708 1631 ad
739 1579 1078 1635 solitudinem
1115 1583 1451 1646 exsilientes,
1481 1589 1746 1647 tamquam
1786 1577 2006 1646 laqueos

419 1672 473 1718 et
514 1667 644 1719 retia
688 1683 778 1722 eas
805 1671 1068 1727 timentes.
1099 1671 1440 1739 Opitulentur
1483 1684 1623 1723 nunc
1649 1668 1878 1732 divitiae;
1911 1667 2004 1722 sed

419 1758 868 1824 opportunitatem
900 1778 1004 1815 non
1028 1762 1246 1816 habent.
1269 1759 1419 1826 Quod
1448 1759 1492 1813 si
1516 1759 1601 1813 ubi
1634 1757 1860 1812 hominis
1890 1759 1964 1812 ira
1986 1798 2002 1825 ,

421 1850 762 1916 pecuniarum
799 1853 879 1905 vis
921 1861 1201 1920 superatur
1224 1892 1239 1915 ,
1263 1851 1430 1904 multo
1461 1850 1626 1920 magis
1666 1850 1717 1903 in
1747 1849 1926 1902 divino
1954 1857 2008 1903 et

421 1939 738 2009 implacabili
773 1943 974 2010 judicio
1015 1943 1113 1995 hoc
1149 1942 1256 1995 fiet.
1285 1942 1340 1996 Si
1372 1941 1532 1995 homo
1561 1951 1641 1994 cst
1670 1942 1756 2010 qui
1787 1955 2005 1994 exacer-

421 2030 605 2092 batur,
637 2042 688 2086 et
723 2047 861 2102 :rgre
893 2033 1023 2096 fert,
1054 2044 1106 2086 et
1134 2033 1262 2087 nihil
1290 2034 1442 2087 nobis
1482 2049 1622 2088 nunc
1655 2049 1841 2086 aurum
1883 2047 2007 2102 pro-

421 2122 542 2175 dest
574 2141 586 2174 :
617 2123 784 2176 multo
820 2125 986 2194 magis
1029 2125 1289 2180 irascente
1323 2126 1429 2180 Deo
1454 2165 1467 2188 ,
1499 2125 1589 2196 qui
1630 2125 1864 2194 pecuniis
1903 2139 2008 2178 non

425 2211 644 2281 indiget,
674 2215 788 2267 auri
817 2216 1048 2283 potentia
1092 2217 1300 2285 penitus
1325 2227 1626 2271 evanescet.
1658 2217 1851 2270 Domos
1878 2215 2006 2268 mdi-

424 2301 644 2356 fieamus
668 2343 682 2367 ,
718 2313 772 2357 ut
812 2303 1110 2359 habitemus
1133 2347 1147 2369 ,
1194 2323 1298 2360 non
1335 2316 1391 2360 ut
1433 2307 1821 2375 superhiamus.
1851 2305 2004 2374 Quod

426 2395 799 2449 necessitatem
834 2398 1071 2462 excedit,
1102 2399 1427 2468 superfluum
1467 2407 1623 2452 estet
1653 2399 1846 2452 inutile.
1886 2398 2008 2451 Cal-

426 2501 580 2540 ceare
615 2488 849 2541 calceum
880 2489 1010 2556 pede
1041 2493 1328 2556 majorem,
1359 2491 1450 2544 sed
1490 2506 1593 2544 non
1639 2489 1927 2552 tolerabis;
1960 2499 2011 2544 te

425 2575 566 2627 enim
597 2575 660 2626 ad
701 2591 939 2642 gressum
972 2576 1190 2644 impedit
1217 2594 1232 2630 :
1264 2580 1340 2631 sic
1381 2587 1436 2632 et
1477 2579 1668 2632 domus
1699 2579 2013 2632 necessitate

430 2665 627 2731 major.
662 2664 713 2716 in
761 2664 922 2718 cmlos
961 2665 1238 2717 transitum
1293 2667 1532 2735 impedit.
1559 2667 1651 2721 Vis
1692 2682 1912 2737 magnas
1962 2678 2017 2721 et

428 2750 733 2818 splendidas
763 2752 950 2806 domos
979 2753 1281 2809 :edifieare?
1310 2771 1414 2810 non
1457 2755 1741 2825 prohibeo,
1772 2755 1865 2810 sed
1908 2771 2014 2810 non

429 2858 591 2912 super
634 2851 829 2897 terram
863 2861 876 2897 :
906 2844 1109 2900 aedifica
1161 2847 1497 2902 tabernacula
1539 2848 1594 2901 in
1631 2848 1777 2904 caelis
1802 2889 1816 2912 ,
1865 2856 1916 2901 ut
1962 2856 2016 2901 et

427 2933 563 2987 alios
589 2935 832 3003 excipere
862 2937 1052 3004 possis,
1077 2936 1412 2992 tabernacula
1441 2952 1729 3007 numquam
1759 2937 2013 2992 deficien-

431 3025 522 3077 tia.
551 3025 686 3090 Quid
733 3026 933 3080 insanis
971 3029 1110 3081 circa
1155 3027 1405 3098 fugientia
1430 3068 1446 3096 ,
1476 3037 1529 3084 et
1571 3029 1658 3083 hic
1700 3030 1964 3082 manentia
1990 3028 2015 3080 ?

431 3115 571 3170 Nihil
593 3117 789 3171 divitiis
816 3117 1083 3173 fallacius:
1111 3119 1268 3174 hodie
1297 3128 1491 3184 tecum,
1510 3129 1564 3175 et
1591 3135 1708 3174 cras
1728 3131 1910 3174 contra
1939 3128 2012 3184 te,

433 3207 732 3262 invidorum
808 3209 990 3262 oculos
1053 3218 1261 3264 armant
1316 3211 1550 3280 undique
1591 3227 1605 3263 :
1653 3211 1833 3266 hostes
1892 3219 2018 3264 sunt

430 3299 838 3354 contubernales
860 3341 873 3362 ,
909 3300 1102 3354 inimici
1131 3301 1407 3355 domestici
1441 3319 1453 3353 :
1483 3308 1536 3355 et
1563 3317 1655 3354 vos
1685 3301 2017 3370 possidentes

434 3399 595 3443 testes
616 3433 629 3453 ,
661 3392 749 3460 qui
780 3393 922 3445 omni
953 3391 1110 3445 modo
1135 3392 1277 3462 ipsas
1309 3392 1542 3447 infoditis
1571 3401 1626 3448 et
1653 3393 2014 3448 absconditis:

431 3483 682 3550 quoniam
713 3493 763 3535 et
805 3499 944 3536 nunc
970 3483 1122 3537 nobis
1155 3484 1446 3552 periculum
1476 3484 1860 3539 intolerabilius
1879 3484 2012 3538 divi-

435 3572 523 3625 tiae
561 3572 777 3627 faciunt.
806 3574 937 3628 Nam
973 3575 1146 3629 cernis
1177 3590 1437 3644 pauperes
1472 3575 1684 3644 quidem
1720 3577 2018 3632 succinctos

433 3670 489 3714 et
516 3663 791 3729 expeditos
820 3663 884 3716 ad
906 3665 1081 3718 omnia
1105 3676 1347 3732 paratos;
1374 3664 1567 3720 divites
1593 3673 1769 3720 autem
1796 3667 2017 3720 multam

435 3753 689 3806 habentes
714 3752 1100 3819 difficultatem,
1133 3763 1186 3809 et
1206 3756 1616 3820 circumeuntes,
1640 3764 1694 3810 et
1719 3765 2020 3825 quaerentes

435 3843 522 3896 ubi
551 3859 734 3896 aurum
760 3842 1036 3909 infodiunt,
1060 3854 1359 3914 quaerentes
1383 3845 1521 3913 apud
1547 3860 1705 3915 quem
1731 3844 2018 3915 deponant.

436 3933 570 3999 Qu'd
601 3933 816 4002 quaeris,
849 3933 1028 3997 homo,
1059 3935 1384 3989 conservos?
1410 3935 1651 3990 Christus
1673 3943 1776 3990 stat
1805 3936 1870 3990 ad
1900 3951 2021 3991 sus-

436 4026 737 4094 cipiendum
767 4036 1002 4094 paratus,
1042 4036 1096 4080 et
1132 4026 1197 4081 ad
1227 4026 1465 4096 deposita
1494 4026 1585 4081 tibi
1615 4027 1897 4092 servanda,
1925 4042 2024 4083 nec

441 4128 643 4171 tantum
691 4117 978 4183 servanda,
1012 4118 1106 4172 sed
1144 4119 1302 4173 etiam
1348 4119 1780 4189 multiplicanda,
1806 4128 1859 4174 et
1901 4135 2021 4175 cum

440 4213 608 4265 multo
637 4210 839 4264 {tenore
879 4209 1148 4264 reddenda
1177 4225 1190 4262 :
1223 4226 1288 4264 ex
1315 4211 1457 4266 illius
1484 4228 1641 4266 manu
1663 4227 1818 4266 nemo
1845 4211 2020 4280 eripit.

439 4300 556 4355 Non
597 4309 767 4354 servat
807 4309 984 4354 autem
1017 4308 1220 4353 tantum
1248 4301 1524 4370 deposita,
1553 4303 1647 4357 sed
1679 4302 1838 4358 etiam
1865 4316 2025 4370 super

442 4392 541 4454 iis,
581 4406 826 4445 securum
871 4390 1226 4460 depositorem
1267 4392 1410 4446 facit.
1453 4394 1507 4446 ln
1539 4393 1842 4448 hominibus
1882 4392 2023 4446 enim

442 4484 530 4552 qui
573 4483 811 4552 deposita
851 4481 1180 4551 suscipiunt,
1212 4484 1434 4552 gratiam
1475 4499 1534 4539 se
1572 4487 1726 4540 nobis
1773 4495 2026 4556 praestare

444 4583 649 4642 putant,
674 4574 718 4626 si
743 4572 1044 4626 custodiant
1069 4588 1186 4641 qua:
1208 4587 1584 4642 susceperunt;
1616 4577 1667 4630 in
1698 4575 1908 4630 Christo
1933 4591 2027 4629 au—

444 4673 550 4716 tem
577 4665 898 4716 contrarium
927 4680 941 4717 :
972 4678 1075 4717 non
1106 4663 1243 4718 enim
1271 4665 1492 4732 gratiam
1516 4669 1841 4736 prmstitisse,
1862 4682 1919 4722 se
1939 4681 2027 4721 ac-

443 4755 651 4821 cepisse
684 4769 741 4807 se
786 4753 949 4818 dicit,
973 4769 1092 4807 cum
1120 4753 1359 4822 deposita
1396 4759 1685 4826 susceperit
1713 4768 1795 4811 tua
1818 4775 1829 4809 :
1854 4767 1906 4811 et
1933 4774 2026 4826 pro

445 4843 554 4910 ipsi
594 4843 854 4905 custodia,
886 4858 1041 4911 quam
1065 4845 1200 4895 circa
1235 4847 1484 4912 pecunias
1513 4857 1625 4900 tuas
1656 4847 1890 4911 exhibet,
1918 4863 2020 4900 non

444 4949 472 4986 a
521 4945 568 4986 te
611 4934 908 4988 mercedem
938 4935 1164 5002 repetit,
1188 4935 1282 4989 sed
1314 4937 1426 5005 ipse
1451 4939 1546 4992 tibi
1585 4941 1676 4994 dat
1703 4939 2020 4994 mercedem.

519 5025 570 5076 6.
606 5024 948 5094 ιτζιεειηοσῃηω
969 5027 1178 5095 fructus.
1205 5056 1278 5065 —
1300 5026 1412 5093 Qua
1459 5030 1616 5098 igitur
1653 5046 1836 5084 sumus
1868 5044 2028 5083 excu-

445 5115 651 5170 satione
678 5114 820 5184 digni
847 5159 861 5180 ,
893 5133 993 5184 qua
1026 5119 1195 5182 venia,
1226 5120 1438 5187 quando
1466 5130 1520 5175 et
1549 5123 1814 5178 custodire
1842 5122 2026 5174 valen-

447 5218 552 5261 tem
573 5249 586 5269 ,
618 5217 664 5260 et
704 5223 798 5276 pro
823 5210 1060 5264 custodia
1091 5212 1283 5280 gratias
1318 5212 1599 5268 habentem
1620 5257 1636 5281 ,
1665 5225 1716 5270 et
1758 5228 1947 5270 arcana
1976 5222 2028 5268 et

448 5315 634 5367 magna
667 5300 878 5366 pra-mia
909 5316 1004 5368 pro
1049 5301 1149 5357 hac
1187 5304 1428 5359 custodia
1468 5307 1776 5361 reddentem
1807 5316 2028 5376 praeter-

447 5391 720 5443 mittentes
741 5429 754 5448 ,
789 5388 1088 5445 hominibus
1113 5394 1251 5448 circa
1278 5394 1582 5464 hujusmodi
1611 5398 1902 5452 custodiam
1931 5397 2028 5451 dc-

447 5484 640 5537 hilibus
660 5523 673 5546 ,
698 5491 749 5535 et
794 5483 1015 5551 gratiam
1044 5486 1197 5541 nobis
1221 5489 1463 5546 conferre
1502 5507 1562 5546 se
1600 5491 1898 5560 putantihus
1921 5531 1936 5554 ,
1977 5500 2029 5545 et

445 5577 556 5627 sola
594 5575 703 5644 ipsa
732 5589 848 5642 qua:
876 5573 1071 5629 dantur
1097 5589 1277 5645 postea
1309 5583 1678 5648 reddentibus,
1711 5590 1890 5636 nostra
1918 5591 2028 5636 tra-

445 5667 661 5720 (lituus?
691 5667 894 5734 llOSpes
939 5681 997 5720 es
1042 5668 1125 5720 hic
1157 5681 1209 5723 et
1249 5674 1594 5742 peregrinus?
1617 5675 1835 5745 patriam
1867 5672 2029 5727 habes

447 5757 498 5810 iu
554 5759 698 5814 emtis
727 5777 738 5812 :
772 5759 892 5812 illuc
939 5759 1114 5812 omnia
1171 5766 1502 5830 transmitte,
1537 5777 1595 5821 ut
1643 5777 1696 5820 et
1745 5775 2028 5836 antequam

449 5847 670 5910 fana-ris.
703 5852 786 5904 hic
825 5851 1224 5908 retributionem
1246 5857 1442 5914 capias.
1476 5861 1572 5928 Qui
1602 5861 1739 5917 enim
1764 5860 1898 5915 bona
1931 5875 2025 5931 spe

762 5954 1028 6013 PATROL.
1075 5954 1186 6011 Ca.
1243 5955 1288 6012 Χ
1309 5955 1459 6016 ΗΧ.

2107 566 2295 627 alitur,
2331 575 2383 619 et
2413 566 2478 619 de
2506 567 2695 624 futuris
2724 569 2940 626 conlidit
2961 614 2975 636 ,
3006 571 3088 628 hic
3111 573 3220 642 jam
3261 589 3481 644 regnum
3506 591 3687 646 guSta.

2106 661 2196 709 vit.
2230 656 2370 710 Nihil
2406 662 2545 712 enim
2602 671 2801 716 tantum
2832 672 3060 718 animant
3101 681 3351 735 reparare
3391 673 3689 731 consuevit,

2106 758 2158 801 ct
2183 750 2455 803 meliorem
2487 750 2678 815 facere,
2705 771 2860 822 quam
2890 757 3024 810 bona
3055 757 3349 811 futurorum
3378 772 3523 827 Spes,
3554 760 3595 812 si
3627 775 3692 813 eo

2110 841 2470 894 transmittens
2490 842 2699 896 divitias
2725 847 2914 898 animre
2957 859 3056 902 tua:
3085 865 3264 904 curam
3291 865 3410 905 cum
3439 851 3548 905 otio
3573 867 3692 906 eon-

2104 931 2313 998 grueuti
2343 933 2533 1001 egeris.
2564 931 2694 986 Nam
2722 936 2809 1003 qui
2839 937 3067 991 studium
3098 955 3256 995 omne
3287 942 3336 995 in
3361 942 3552 996 domus
3583 960 3693 996 suae

2106 1034 2349 1078 oruattnn
2392 1026 2721 1094 impendunt,
2749 1028 2799 1082 in
2821 1031 3169 1087 exterioribus
3198 1034 3410 1100 divites,
3440 1037 3692 1091 interiora

2109 1115 2410 1183 negligunt,
2442 1131 2504 1171 ac
2531 1117 2792 1173 desertam
2818 1160 2832 1183 ,
2874 1120 3203 1189 squalentem
3250 1134 3304 1178 et
3329 1128 3542 1180 araneis
3579 1128 3692 1195 plc-

2111 1220 2230 1256 nam
2259 1206 2492 1258 auimam
2525 1221 2672 1259 suam
2699 1207 2998 1278 despiciunt
3026 1227 3038 1261 :
3069 1211 3113 1264 si
3148 1228 3273 1266 vero
3297 1217 3565 1270 exteriora
3594 1233 3691 1271 ne-

2107 1294 2370 1361 gligentes
2394 1295 2534 1348 circa
2565 1305 2797 1352 mentem
2834 1314 2984 1353 suam
3021 1316 3180 1355 omne
3220 1305 3450 1359 studium
3482 1307 3688 1376 impen-

2109 1383 2303 1449 derint,
2329 1385 2559 1455 undique
2581 1387 2747 1456 ipsam
2769 1399 3041 1457 ornantes,
3067 1393 3458 1449 tabernaculum
3481 1397 3694 1452 Clu-isto

2111 1475 2214 1528 erit
2253 1476 2434 1530 talium
2481 1479 2752 1534 hominum
2798 1483 3017 1538 anima:
3052 1483 3318 1538 Christum
3369 1496 3545 1542 autem
3595 1489 3684 1543 ha-

2111 1567 2269 1622 bente
2297 1569 2719 1638 iuhabitatorem,
2755 1573 2878 1644 quid
2904 1590 3153 1644 umquam
3192 1575 3401 1631 felicius
3431 1593 3548 1632 esse
3575 1595 3690 1647 pos-

2110 1657 2238 1709 set?
2266 1657 2353 1712 Vis
2397 1659 2598 1714 ditari?
2624 1665 2852 1716 amicum
2891 1664 3086 1719 habeas
3130 1666 3293 1720 Deum
3319 1709 3334 1732 ,
3362 1675 3417 1721 et
3459 1671 3694 1722 omnium

2111 1746 2402 1803 ditissimus
2441 1751 2567 1803 eris.
2595 1751 2686 1805 Vis
2711 1752 2905 1806 ditari?
2928 1769 2993 1808 ne
3021 1756 3184 1809 altum
3223 1758 3415 1825 sapias.
3451 1757 3562 1812 lloc
3591 1775 3695 1812 non

2112 1836 2177 1890 ad
2221 1837 2394 1891 futura
2423 1847 2646 1906 tantum,
2678 1841 2770 1895 sed
2794 1843 2951 1896 etiam
2985 1843 3050 1898 ad
3073 1847 3352 1913 prazsentia
3380 1848 3526 1901 utile.
3556 1847 3696 1902 Nihil

2113 1928 2254 1980 enim
2298 1936 2405 1982 tam
2446 1929 2760 1984 invidiosum
2784 1973 2797 1998 ,
2821 1948 2977 2001 quam
3006 1934 3166 1988 homo
3206 1936 3353 1990 dives
3385 1954 3398 1988 :
3428 1953 3547 1991 cum
3570 1954 3700 1991 vero

2114 2019 2360 2088 superbia
2386 2023 2703 2088 accesserit,
2733 2023 2924 2092 duplex
2953 2034 3168 2093 paratur
3195 2029 3564 2096 prmcipitium,
3591 2030 3696 2083 dif-

2115 2108 2303 2163 ficilius
2341 2111 2407 2164 ab
2434 2115 2677 2168 omnibus
2721 2115 2938 2170 bellum.
2972 2117 3028 2172 Si
3077 2133 3205 2172 vero
3250 2121 3491 2175 modeste
3522 2123 3698 2178 vivere

2113 2200 2333 2268 scieris,
2363 2205 2589 2259 succidis
2640 2205 2935 2262 humilitate
2984 2209 3195 2265 invidia:
3235 2213 3605 2281 tyrannidem,
3646 2225 3699 2272 α

2114 2305 2235 2346 cum
2263 2295 2546 2348 securitate
2590 2295 2753 2350 habes
2790 2313 3137 2367 quzecumque
3174 2300 3356 2356 habes.
3382 2303 3530 2362 Talis
3558 2306 3698 2358 enim

2115 2393 2199 2439 est
2220 2386 2428 2440 virtutis
2459 2397 2664 2454 natura,
2687 2404 2789 2442 non
2820 2390 2884 2443 ad
2911 2390 3082 2445 futura
3116 2406 3213 2445 nos
3242 2400 3439 2446 tantum
3467 2395 3698 2462 adjuvat,

2117 2475 2208 2530 sed
2241 2487 2291 2530 et
2319 2478 2402 2532 hic
2422 2478 2530 2546 jam
2563 2479 2935 2536 retributiones
2962 2483 3180 2550 prtnbct.
3208 2483 3282 2537 Ne
3306 2484 3463 2554 igitur
3485 2487 3534 2539 in
3567 2487 3702 2540 divi-

2120 2566 2204 2619 tiis
2229 2567 2392 2620 altum
2438 2570 2736 2637 sapiamus,
2768 2571 2860 2625 sed
2896 2588 2993 2626 nec
3024 2574 3074 2626 in
3105 2574 3210 2627 ulla
3248 2575 3346 2628 alia
3376 2592 3453 2630 re.
3482 2576 3536 2630 Si
3560 2579 3701 2632 enim

2123 2656 2173 2710 in
2201 2657 2563 2726 Spiritualibus
2591 2662 2753 2714 altum
2795 2665 3004 2733 sapiens
3040 2665 3232 2719 labitur
3257 2676 3311 2720 et
3338 2669 3500 2735 perit,
3539 2671 3706 2723 multo

2121 2749 2290 2818 magis
2308 2750 2358 2803 in
2380 2752 2697 2806 carnalibus.
2713 2751 3013 2822 Cogitemus
3034 2766 3276 2810 naturam
3302 2769 3556 2824 nostram,
3579 2776 3706 2828 pec-

2120 2849 2236 2891 cata
2263 2854 2631 2896 recenseamus
2654 2885 2670 2908 ,
2707 2843 2971 2899 discamus
2998 2845 3087 2915 qui
3117 2847 3279 2901 simus
3299 2891 3312 2912 ,
3344 2857 3398 2902 et
3423 2848 3522 2903 hoc
3553 2851 3704 2905 nobis

2119 2928 2187 2982 ad
2212 2931 2384 2983 omnis
2402 2931 2711 2986 humilitatis
2739 2937 3011 2989 materiam
3040 2936 3249 2990 sufficit.
3275 2938 3349 2993 Ne
3367 2940 3513 2994 dicas
3535 2942 3662 2995 mihi
3689 2961 3703 2994 :

2120 3017 2222 3072 Tot
2241 3030 2294 3074 et
2311 3029 2387 3074 tot
2406 3036 2664 3076 annorum
2684 3035 2972 3094 proventus
2997 3028 3257 3094 repositos
3280 3027 3469 3093 habeo,
3490 3031 3601 3084 auri
3625 3043 3705 3085 ta-

2121 3107 2264 3163 lenta
2287 3111 2585 3179 innumera,
2608 3113 2748 3168 lucra
2777 3130 2872 3184 per
2897 3116 3128 3184 singulos
3153 3118 3373 3173 adaucta
3390 3119 3522 3174 dies.

2192 3197 2400 3253 Divitia:
2444 3218 2597 3271 quant
2650 3205 2826 3272 ﬂuxw.
2859 3235 2930 3246 —
2975 3205 3409 3277 Quantaeumque
3467 3209 3704 3277 dixeris,

2122 3291 2300 3345 omnia
2338 3301 2537 3347 temere
2580 3295 2725 3349 dices
2765 3306 2817 3350 et
2857 3296 3160 3351 incassum:
3192 3315 3335 3368 sazpe
3362 3315 3462 3353 una
3494 3300 3621 3354 hora
3652 3312 3708 3356 et

2123 3379 2272 3434 brevi
2313 3382 2567 3451 temporis
2615 3393 2921 3450 momento,
2965 3387 3108 3440 velut
3141 3397 3300 3442 vento
3351 3403 3580 3458 superne
3634 3392 3708 3444 ir-

2125 3480 2313 3524 ruente
2359 3470 2623 3540 jactabilis
2673 3475 2878 3542 pulvis,
2929 3477 3007 3530 sic
3050 3475 3164 3531 haec
3207 3479 3384 3532 omnia
3433 3495 3498 3534 ex
3547 3481 3708 3534 domo

2125 3561 2491 3617 exsufflantur.
2518 3563 2583 3618 Et
2613 3563 2800 3618 horum
2831 3567 2983 3620 nobis
3003 3569 3366 3638 exemplorum
3397 3571 3501 3625 vita
3531 3571 3706 3642 plena,

2126 3653 2298 3721 plena:
2340 3669 2469 3708 vero
2502 3655 2790 3724 Scriptura:
2819 3657 3255 3715 documentorum
3282 3679 3294 3714 :
3324 3661 3482 3718 hodie
3527 3664 3709 3729 dives,

2125 3759 2244 3798 cras
2279 3761 2499 3814 pauper.
2533 3747 2734 3803 idcirco
2780 3749 2976 3818 saepius
3024 3751 3117 3805 risi
3165 3759 3478 3808 testamenta
3530 3754 3710 3824 legens

2127 3835 2356 3891 dicentia
2384 3855 2396 3891 :
2429 3837 2521 3892 lile
2546 3838 2757 3907 quidem
2793 3839 2984 3894 habeat
3010 3856 3258 3911 agrorum
3285 3843 3367 3897 vel
3397 3843 3588 3900 domus
3614 3845 3712 3900 do-

2129 3929 2374 3995 minium,
2408 3945 2559 3983 usum
2588 3945 2713 3985 vero
2741 3931 2913 3985 alius:
2945 3946 3133 3987 omnes
3174 3934 3315 3988 enim
3357 3951 3508 3989 usum
3541 3935 3707 3991 habeo

2129 4036 2250 4076 mus
2275 4061 2290 4085 ,
2322 4023 2613 4077 dominium
2661 4033 2838 4079 autem
2883 4041 3058 4081 nemo.
3092 4027 3205 4081 Etsi
3233 4027 3374 4082 enim
3421 4029 3574 4083 nobis
3615 4045 3711 4099 per

2129 4129 2344 4169 omnem
2392 4125 2738 4184 permaneant
2778 4118 2940 4171 vitam
2990 4118 3189 4174 nullam
3237 4117 3492 4175 facientes
3517 4121 3713 4176 divitia:

2131 4206 2498 4272 mutationem,
2526 4207 2755 4262 velimus
2779 4208 3006 4263 nolimus
3028 4249 3043 4271 ,
3072 4209 3124 4263 in
3157 4208 3260 4262 line
3287 4209 3403 4264 aliis
3439 4210 3710 4275 cedemus,

2131 4296 2364 4366 ipsarum
2394 4312 2490 4350 usu
2520 4297 2635 4351 solo
2666 4308 2898 4367 recepto,
2930 4299 3167 4353 dominio
3193 4309 3367 4354 autem
3399 4300 3523 4354 nudi
3552 4311 3604 4356 et
3635 4317 3714 4355 or-

2132 4387 2240 4442 bati
2269 4387 2334 4441 ad
2364 4387 2506 4441 illam
2535 4389 2695 4442 vitam
2729 4389 3033 4458 migrantes.
3059 4389 3211 4446 Unde
3239 4391 3576 4447 manifestum
3599 4405 3678 4448 est
3697 4436 3712 4457 ,

2132 4479 2251 4533 illos
2279 4479 2421 4532 solos
2457 4478 2748 4533 dominium
2797 4481 3028 4548 habere,
3058 4482 3148 4552 qui
3195 4491 3249 4537 et
3295 4484 3527 4552 ipsarum
3561 4502 3712 4541 usum

2130 4581 2604 4641 contempserunt,
2634 4583 2689 4629 et
2731 4573 2959 4629 fructum
2986 4574 3308 4631 deriserunt.
3332 4576 3430 4645 Qui
3461 4580 3601 4634 enim
3633 4579 3715 4633 fa-

2131 4664 2413 4718 cultatibus
2452 4664 2710 4734 abiectis,
2761 4667 2901 4735 ipsas
2945 4669 3261 4738 pauperibus
3305 4681 3524 4740 erogat,
3559 4682 3716 4740 prout

2132 4758 2414 4825 oportebat
2446 4757 2778 4812 facultatibus
2808 4774 2936 4812 usus
2965 4769 3066 4824 est,
3092 4770 3146 4813 et
3167 4760 3397 4829 ipsorum
3420 4762 3711 4816 dominium

2135 4848 2337 4902 habens
2367 4850 2526 4913 obiit,
2556 4865 2723 4918 neque
2756 4849 2805 4901 iu
2837 4849 2948 4918 ipsa
2981 4857 3150 4903 morte
3192 4849 3278 4903 illa
3305 4850 3556 4906 excideris
3587 4867 3711 4921 pos-

2133 4941 2394 5000 sessione.
2428 4940 2520 4995 sed
2547 4941 2721 4994 omnia
2766 4941 2856 4994 illo
2899 4941 3165 5010 recipiens
3209 4951 3480 5013 tempore,
3512 4952 3567 4998 et
3614 4945 3716 4997 illis

2136 5033 2304 5084 multo
2330 5032 2474 5100 plura
2495 5073 2510 5098 ,
2539 5030 2749 5100 quando
2793 5032 2844 5086 in
2888 5031 2976 5088 die
3010 5034 3195 5102 judicii
3227 5035 3434 5089 illorum
3470 5036 3717 5104 praesidio

2135 5124 2368 5178 maxime
2396 5124 2588 5192 egebit,
2620 5133 2673 5177 et
2697 5123 2909 5192 quando
2935 5139 2964 5178 a
2999 5125 3151 5179 nobis
3182 5127 3424 5180 omnibus
3454 5126 3712 5180 factorum

2136 5215 2370 5269 rationes
2411 5223 2734 5283 repetentur.
2771 5214 2949 5286 Itaque
2978 5216 3021 5270 si
3053 5216 3170 5284 quis
3201 5215 3313 5269 vult
3338 5216 3639 5270 divitiarum
3664 5228 3718 5270 et

2137 5307 2528 5376 possessionem
2561 5315 2612 5360 et
2644 5323 2797 5360 usum
2825 5319 2877 5361 et
2903 5307 3192 5360 dominium
3225 5306 3440 5372 habere,
3469 5309 3717 5361 omnibus

2138 5399 2476 5455 facultatibus
2520 5400 2629 5453 suis
2675 5415 2733 5453 se
2780 5399 3022 5470 expediat
3053 5417 3066 5452 :
3095 5401 3345 5469 quoniam
3396 5401 3497 5455 hoc
3527 5401 3569 5455 si
3612 5418 3714 5454 non

2138 5490 2324 5556 faciat,
2355 5493 2406 5546 in
2437 5501 2607 5546 morte
2635 5491 2701 5544 ab
2730 5492 2855 5560 ipsis
2885 5492 3098 5546 omnino
3125 5491 3455 5560 scparabitur
3485 5509 3499 5546 :
3527 5493 3714 5546 multo-

2140 5584 2239 5638 ties
2286 5599 2411 5640 vero
2459 5593 2512 5638 et
2558 5593 2680 5638 ante
2741 5589 2895 5638 hnem
2946 5599 3066 5638 cum
3114 5586 3362 5653 periculis
3404 5594 3457 5639 et
3502 5583 3712 5640 infinitis

2139 5677 2293 5731 malis
2320 5677 2459 5746 ipsas
2499 5678 2708 5730 amittit.
2743 5677 2850 5732 Nec
2876 5676 2975 5732 hoc
3001 5677 3171 5732 solum
3213 5678 3405 5732 malum
3433 5687 3509 5733 est
3533 5720 3548 5744 ,
3578 5679 3712 5746 quod

2140 5769 2360 5821 mutatio
2390 5771 2445 5824 fit
2474 5779 2693 5839 repente
2721 5770 2983 5835 universa,
3015 5771 3108 5825 sed
3140 5770 3281 5840 quod
3309 5770 3702 5839 imprrcmedita-

2145 5869 2227 5915 tus
2267 5859 2328 5914 ad
2376 5863 2698 5933 paupertatis
2731 5863 3058 5919 tolerantiam
3099 5863 3245 5918 dives
3279 5862 3570 5916 deducitur.
3612 5861 3709 5916 Sed

3364 5957 3400 6012 3
