4458 6672
815 372 884 427 t3
1527 366 1582 424 S.
1625 365 1901 423 .‘OANNIS
1940 365 2410 424 CllliYSOSTOMI
2452 365 2774 424 ARCHIEP.
2813 368 3351 432 CONSTANTINOP.
4029 384 4096 438 δι

809 502 914 542 ιιυιι
947 483 1066 538 talis
1090 495 1328 555 pauper:
1353 494 1456 535 non
1487 479 1627 534 enim
1656 493 1788 532 auro
1818 477 2037 533 confidit
2062 487 2115 534 et
2145 489 2365 550 argento
2385 523 2400 547 ,

813 575 1118 630 inanimatis
1148 571 1404 636 materiis,
1428 568 1521 623 sed
1543 569 1653 624 Deo
1676 569 1855 622 omnia
1881 571 2096 639 copiose
2124 569 2400 639 praebenti.

813 667 993 738 Itaque
1030 665 1182 720 dives
1208 662 1376 732 magis
1408 662 1462 716 in
1493 663 1697 717 incerto
1721 676 1879 733 quam
1916 676 2119 732 pauper
2142 662 2405 717 constitu-

814 768 897 814 tus
923 766 1034 822 est,
1075 771 1195 810 cum
1232 755 1535 826 frequentes
1561 763 1616 809 et
1638 755 1916 809 continuas
1956 754 2278 809 mutationes
2315 769 2405 808 reo

814 849 992 916 cipiat.
1026 844 1161 913 Quid
1193 860 1322 900 vero
1364 842 1494 897 illud
1521 851 1602 898 est
1627 884 1642 909 ,
1676 842 1775 911 Qui
1802 853 2006 913 praestat
2044 843 2183 897 nobis
2208 842 2407 897 abunde

816 938 982 992 omnia
1037 935 1105 989 ad
1150 933 1422 1008 fruendum
1471 933 1564 1008 (1.
1594 933 1728 988 Tim.
1760 934 1814 990 6.
1849 936 1956 1006 l7)
1988 934 2012 988 ?
2048 932 2234 989 Omnia
2282 947 2404 987 cum

813 1027 1057 1097 largitate
1095 1025 1187 1079 dat
1227 1025 1367 1084 Deus
1386 1067 1401 1093 ,
1429 1041 1549 1097 quae
1579 1034 1704 1082 sunt
1741 1025 1908 1080 multo
1933 1025 2102 1095 magis
2127 1039 2289 1095 quam
2313 1039 2407 1094 pe-

811 1119 982 1172 cuniae
1009 1116 1332 1184 necessaria,
1364 1125 1421 1171 ut
1459 1132 1638 1179 aerem
1657 1157 1673 1183 ,
1696 1130 1923 1186 aquam,
1953 1115 2127 1186 ignem
2148 1157 2162 1181 ,
2194 1115 2362 1170 solem
2387 1157 2402 1182 ,

813 1209 994 1264 omnia
1039 1208 1184 1262 talia.
1216 1207 1331 1262 Non
1378 1208 1506 1264 licet
1552 1208 1728 1264 dicere
1756 1205 1897 1277 quod
1929 1207 2096 1275 magis
2127 1207 2289 1260 radiis
2318 1205 2405 1260 di-

813 1317 944 1367 ves,
971 1302 1150 1356 minus
1183 1316 1313 1356 vero
1357 1316 1556 1372 pauper
1600 1299 1804 1353 fruatur
1830 1316 1846 1354 :
1875 1313 1983 1354 non
2014 1299 2137 1353 licet
2174 1299 2357 1354 dicere
2386 1341 2402 1367 ,

819 1392 960 1462 quod
989 1392 1342 1462 copiosiorem
1372 1405 1548 1446 aerem
1577 1405 1736 1460 quam
1759 1405 1960 1460 pauper
1985 1389 2207 1460 respiret
2232 1390 2405 1456 dives,

815 1485 910 1540 sed
939 1485 1117 1540 omnia
1147 1485 1289 1554 paria
1315 1491 1370 1538 et
1400 1482 1703 1538 communia
1748 1482 2018 1553 proposita
2053 1491 2197 1536 sunt.
2231 1482 2407 1548 Quare

817 1578 978 1649 igitur
1018 1577 1216 1648 majora
1240 1575 1456 1646 quidem
1501 1584 1555 1631 et
1597 1575 1762 1645 magis
1793 1574 2091 1629 necessaria
2113 1615 2127 1640 ,
2163 1585 2216 1630 et
2240 1576 2404 1628 vitam

820 1679 1054 1724 nostram
1097 1668 1458 1732 continentia,
1485 1668 1786 1723 communia
1827 1667 1966 1722 Deus
1995 1667 2154 1732 fecit;
2201 1667 2406 1722 minora

815 1776 941 1816 vero
964 1769 1020 1814 et
1044 1760 1226 1815 viliora
1246 1775 1352 1814 non
1374 1768 1498 1814 sunt
1515 1759 2090 1828 eommunia,pecuni:e
2110 1758 2359 1812 nimirum
2381 1758 2406 1812 ἲ

813 1868 916 1922 qua
938 1851 1004 1906 de
1022 1852 1219 1906 causa?
1248 1851 1319 1907 Ut
1346 1851 1452 1904 vita
1489 1861 1672 1906 nostra
1706 1859 2084 1914 conservetur,
2112 1860 2166 1905 et
2197 1851 2408 1906 virtutis

813 1941 986 1996 stadia
1016 1941 1324 1996 habeamus.
1356 1941 1413 1997 Si
1444 1941 1588 1996 enim
1619 1956 1726 1996 non
1754 1950 1937 1997 essent
1963 1942 2260 1996 necessaria
2292 1941 2407 1996 luce

813 2035 1117 2090 communia
1143 2075 1160 2101 ,
1191 2033 1328 2089 forte
1368 2033 1584 2095 divites,
1600 2033 1756 2088 solita
1783 2034 1862 2088 usi
1894 2034 2406 2102 avaritia,pauperes

815 2124 1168 2179 suffocasscut
1195 2141 1208 2177 :
1239 2125 1282 2179 si
1313 2126 1457 2179 enim
1502 2125 1554 2180 in
1600 2124 1797 2179 divitiis
1828 2125 1929 2180 hoc
1958 2122 2188 2188 faciunt,
2237 2123 2406 2177 multo

816 2215 984 2284 magis
1031 2215 1086 2269 in
1121 2215 1228 2268 illis
1258 2213 1528 2270 fecissent.
1561 2215 1790 2269 Rursum
1825 2215 1868 2268 si
1895 2223 1951 2269 et
1975 2214 2213 2283 pecunia:
2257 2228 2404 2267 com-

814 2320 1004 2360 tnunes
1030 2315 1232 2370 essent,
1245 2314 1301 2360 et
1319 2306 1565 2360 similiter
1584 2305 1830 2359 omnibus
1846 2305 2152 2374 propositze,
2171 2303 2404 2357 eleemo-

815 2413 964 2470 syua:
1005 2397 1216 2451 occasio
1236 2397 1443 2451 sublata
1457 2406 1626 2459 esset,
1647 2401 1696 2447 et
1713 2394 1988 2449 charitatis
2012 2395 2398 2465 Opportunitas.

883 2489 939 2545 7.
964 2486 1034 2544 Ut
1059 2487 1217 2557 igitur
1245 2501 1434 2542 secure
1453 2486 1695 2541 vivamus
1719 2526 1734 2551 ,
1763 2500 2077 2540 communes
2105 2484 2255 2540 facta:
2281 2494 2406 2540 sunt

815 2581 969 2635 nubis
989 2579 1110 2634 vita:
1133 2595 1308 2635 causa:
1324 2597 1339 2646 ;
1358 2594 1590 2645 rursum,
1616 2588 1676 2634 ut
1695 2577 1988 2633 habeamus
2008 2593 2322 2634 coronarum
2351 2589 2406 2634 et

813 2670 1028 2725 laudum
1072 2669 1406 2726 occasionem
1427 2710 1442 2734 ,
1474 2685 1579 2724 non
1604 2683 1916 2725 communes
1959 2668 2111 2724 facta:
2146 2679 2270 2724 sunt
2309 2684 2405 2738 pe-

813 2765 1006 2830 cuuim,
1035 2771 1092 2818 ut
1125 2763 1404 2818 avaritiam
1424 2763 1595 2829 exosi,
1627 2771 1684 2819 et
1706 2764 1968 2834 juStitiam
1997 2773 2280 2828 sectantes,
2307 2778 2404 2819 no-

813 2865 923 2908 stra
991 2854 1348 2924 indigentibus
1416 2865 1736 2925 erogantes,
1786 2854 1999 2925 aliquod
2061 2865 2402 2926 peccatorum

814 2955 1119 3000 nostrorum
1167 2944 1460 3000 remedium
1506 2959 1602 3014 per
1643 2946 1782 2999 viam
1826 2944 1964 3000 hanc
1991 2945 2284 3015 capiamus.
2311 2945 2403 3000 Di-

815 3041 972 3092 vitem
999 3046 1052 3096 te
1077 3039 1198 3093 fecit
1238 3038 1395 3105 Deus,
1425 3037 1551 3108 quid
1597 3045 1650 3092 te
1697 3037 1870 3107 ipsum
1913 3053 2202 3108 pauperem
2231 3037 2404 3092 facis?

816 3129 1041 3184 Divitem
1072 3140 1123 3183 te
1151 3129 1301 3193 fecit,
1330 3139 1386 3183 ut
1413 3129 1596 3199 egenis
1619 3129 1924 3197 auxilieris,
1952 3139 2007 3185 ut
2052 3140 2268 3199 peccata
2313 3140 2404 3186 tua

811 3223 988 3279 solvas
1008 3236 1104 3293 per
1121 3222 1490 3277 liberalitatem
1517 3223 1636 3277 aliis
1661 3223 1950 3278 exhibitam
1976 3240 1989 3277 :
2012 3223 2158 3278 dedit
2186 3223 2279 3278 tibi
2311 3238 2402 3292 pe-

810 3316 995 3372 cunias
1019 3359 1033 3382 ,
1059 3330 1163 3370 non
1192 3327 1247 3370 ut
1287 3315 1339 3370 in
1376 3325 1603 3372 mortem
1644 3325 1788 3371 tuam
1837 3315 2055 3372 claudas
2076 3359 2090 3382 ,
2118 3316 2215 3372 sed
2248 3326 2305 3371 ut
2350 3316 2402 3370 in

812 3407 1038 3464 salutem
1069 3417 1211 3461 tuam
1239 3405 1506 3462 efl‘undas.
1535 3407 1826 3474 Pr0pterea
1854 3416 1907 3461 et
1934 3408 2168 3476 ipsarum
2192 3421 2404 3477 posses-

811 3499 1017 3554 sionem
1047 3501 1302 3552 incertam
1329 3507 1378 3552 et
1403 3512 1508 3552 non
1535 3498 1780 3553 stabilem
1812 3497 1955 3564 fecit,
1985 3509 2044 3552 ut
2073 3513 2168 3566 per
2197 3497 2298 3552 hoc
2323 3497 2404 3551 in-

815 3591 981 3646 sauia:
1006 3591 1146 3646 circa
1168 3591 1310 3659 ipsas
1331 3589 1679 3644 intentionem
1707 3589 2044 3644 dissolveret.
2071 3589 2126 3644 Si
2149 3589 2291 3644 enim
2313 3588 2403 3657 qui

815 3697 956 3736 nunc
1001 3680 1305 3751 possident,
1331 3680 1420 3750 qui
1461 3679 1528 3735 de
1559 3680 1686 3750 ipsis
1721 3679 1993 3736 confidere
2036 3695 2141 3734 non
2183 3679 2400 3744 valent,

812 3773 1051 3843 quiuimo
1071 3771 1263 3826 multas
1291 3785 1355 3824 ex
1379 3769 1481 3826 hac
1501 3786 1559 3826 re
1587 3779 1874 3826 nascentes
1903 3769 2122 3825 insidias
2151 3778 2399 3835 cernunt,

815 3865 892 3918 sic
911 3863 1050 3918 circa
1077 3863 1286 3917 illarum
1325 3862 1647 3918 desiderium
1675 3862 2070 3918 suecenduntur
2102 3880 2114 3916 :
2143 3862 2186 3915 si
2211 3874 2266 3916 et
2301 3861 2403 3915 hoc

815 3953 1052 4007 additum
1080 3963 1254 4018 esset,
1285 3962 1342 4008 ut
1385 3954 1607 4009 stabiles
1633 3963 1687 4009 et
1715 3953 1934 4008 minime
1961 3953 2172 4008 caduca:
2205 3953 2397 4017 forent,

815 4043 905 4112 qui
946 4043 1340 4112 pepercissent?
1369 4057 1400 4098 a
1430 4057 1534 4114 quo
1562 4043 1944 4099 abstinuissent
1964 4045 1986 4096 ?
2010 4058 2039 4097 a
2069 4059 2171 4112 qua
2206 4043 2402 4098 vidua?

816 4148 846 4187 a
898 4134 1090 4204 quibus
1128 4134 1386 4204 pupillis?
1429 4149 1460 4188 a
1508 4134 1696 4205 quibus
1735 4133 2189 4205 pauperibus?Ne
2241 4136 2401 4204 igitur

816 4241 1066 4297 magnum
1120 4235 1367 4298 putemus
1410 4226 1606 4282 bonum
1661 4241 1783 4282 esse
1829 4225 2038 4282 divitias
2093 4245 2106 4283 :
2149 4242 2398 4296 magnum

816 4318 957 4372 enim
989 4319 1215 4385 bonum,
1243 4333 1348 4373 non
1371 4319 1645 4388 possidere
1676 4319 1927 4389 pecunias
1951 4360 1965 4382 ,
1995 4318 2089 4374 sed
2122 4319 2213 4374 Dei
2244 4321 2400 4372 timo-

816 4425 929 4464 rem
951 4419 1005 4464 et
1029 4410 1378 4465 reverentiam
1407 4409 1699 4480 possidere.
1723 4409 1860 4464 Ecce
1887 4424 2028 4463 nunc
2049 4409 2090 4463 si
2119 4409 2236 4478 quis
2257 4419 2401 4462 esset

813 4503 1014 4572 justus,
1045 4510 1101 4557 et
1139 4500 1278 4571 apud
1311 4501 1479 4556 Deum
1516 4500 1722 4554 fiduciae
1763 4499 1964 4554 habens
2002 4499 2264 4563 multum,
2297 4498 2398 4554 etsi

817 4595 1056 4650 oninium
1105 4593 1379 4649 hominum
1448 4592 1822 4664 pauperrimus
1881 4599 2062 4658 esset,
2114 4593 2399 4660 praesentia

817 4689 956 4744 mala
986 4687 1190 4745 solvere
1221 4695 1441 4760 posset;
1474 4687 1602 4743 satis
1633 4685 1775 4742 enim
1812 4693 1955 4740 esset
1981 4692 2184 4739 tantum
2215 4685 2266 4738 in
2297 4697 2402 4738 ece-

816 4782 924 4836 lum
950 4795 1137 4836 manus
1164 4779 1474 4842 extendere,
1507 4786 1560 4834 et
1587 4779 1750 4833 Deum
1781 4777 2048 4841 invocare,
2083 4783 2138 4831 et
2161 4774 2276 4830 inec
2305 4789 2399 4830 ue-

816 4873 935 4926 bula
983 4871 1295 4941 przetcriret.
1326 4871 1527 4925 Aurum
1562 4884 1692 4924 vero
1721 4875 1925 4923 tantum
1953 4868 2243 4939 repositum
2289 4867 2399 4923 luto

814 4963 959 5016 mtini
987 4961 1052 5015 ad
1085 4959 1501 5029 impendentium
1532 4959 1789 5013 malorum
1820 4958 2143 5013 solutionem
2164 4957 2400 5012 inutilius

813 5066 894 5110 est
925 5071 937 5108 :
969 5067 1068 5108 nec
1098 5053 1151 5106 in
1189 5051 1292 5107 hoc
1321 5059 1522 5105 tantum
1553 5051 1788 5120 periculo
1809 5091 1825 5116 ,
1870 5052 1963 5106 sed
1993 5060 2049 5106 et
2091 5051 2135 5106 si
2182 5051 2400 5106 morbus

813 5143 1294 5220 comprehenderit,
1328 5145 1440 5198 sive
1460 5158 1625 5208 mors,
1651 5141 1761 5196 sive
1790 5142 1930 5197 aliud
1959 5144 2085 5212 quid
2114 5143 2399 5212 ejusmodi,

814 5237 1148 5307 redarguitur
1175 5234 1520 5306 pecuniarum
1555 5232 1635 5287 vis
1666 5233 1928 5302 impotens
1951 5273 1966 5297 ,
1989 5242 2042 5287 et
2070 5235 2266 5288 nullam
2306 5250 2401 5286 va-

815 5333 932 5384 lens
973 5329 1040 5384 de
1077 5329 1292 5399 preprio
1331 5326 1753 5382 consolationem
1797 5324 1850 5378 in
1897 5323 2140 5379 adversis
2183 5325 2398 5379 afferre.

819 5423 988 5478 Ullttlll
1015 5430 1096 5476 est
1137 5437 1240 5489 quo
1270 5429 1632 5491 paupertatem
1682 5419 1880 5473 divitiae
1917 5433 2172 5487 superare
2221 5418 2405 5472 viden-

818 5528 922 5581 tur,
955 5513 1276 5585 quotidianis
1304 5514 1546 5568 diffluere
1575 5514 1816 5580 deliciis,
1847 5522 1902 5568 et
1934 5511 2097 5567 multa
2130 5511 2182 5567 in
2221 5512 2404 5566 convi-

817 5611 916 5663 viis
957 5605 1149 5676 repleri
1186 5605 1472 5674 voluptate.
1507 5604 1618 5658 "(Ic
1667 5615 1842 5658 tamen
1895 5613 1950 5657 et
2005 5604 2056 5659 in
2109 5619 2401 5675 pauperum

818 5713 1000 5756 tnrnsa
1030 5697 1340 5766 contingere
1374 5695 1600 5761 videtur,
1624 5694 1796 5750 ethos
1823 5696 2007 5766 majori
2030 5713 2186 5768 quam
2216 5713 2403 5753 onmcs

817 5794 1005 5849 divites
1037 5790 1302 5861 voluptate
1330 5786 1452 5842 frui.
1485 5787 1550 5841 Et
1580 5804 1644 5841 nc
1685 5786 1984 5854 miremini,
2016 5804 2147 5844 neve
2175 5790 2402 5846 incredi-

2517 481 2622 538 bile
2649 481 2846 552 putetis
2867 525 2881 548 ,
2925 485 3067 554 quod
3111 489 3310 544 dictum
3356 499 3436 545 est
3467 507 3479 546 :
3511 505 3574 544 ex
3608 488 3717 558 ipsa
3747 491 3888 546 enim
3917 509 4096 551 rerum

2513 575 2966 632 demonstratione
2997 578 3098 634 hoc
3135 582 3285 638 vobis
3314 583 3500 638 faciam
3530 582 3887 638 manifestum.
3919 585 4098 642 Nostis

2513 667 2708 738 quippe
2737 681 2924 723 omnes
2944 708 2958 731 ,
2989 676 3042 722 et
3086 668 3189 724 hoc
3212 673 3536 728 confitemini
3556 715 3571 738 ,
3599 672 3738 744 quod
3770 673 4095 742 voluptatem

2515 761 2566 814 in
2594 759 2852 815 conviviis
2875 774 2977 813 non
3001 759 3320 818 ferculorum
3347 776 3557 833 natura,
3581 767 3672 822 sed
3703 766 4096 822 convivantium

2513 851 2795 923 dispositio
2840 852 3014 908 facere
3059 857 3336 910 consuevit
3366 875 3379 911 :
3409 869 3535 929 puta
3561 901 3575 925 ,
3625 874 3744 915 cum
3798 859 3937 914 fame
3979 860 4098 929 quis

2513 961 2751 1000 mensam
2798 947 3064 1015 attingens
3084 987 3098 1010 ,
3129 946 3275 1001 omni
3313 947 3538 1003 obsonio
3561 962 3614 1006 et
3640 951 4010 1013 condimento,
4043 962 4098 1006 et

2512 1034 2810 1092 innumeris
2869 1038 3110 1092 ciborum
3171 1037 3435 1094 illecebris
3480 1041 3850 1110 jucundiorem
3921 1056 4096 1097 escam

2512 1129 2777 1197 gustabit,
2816 1130 2915 1183 etsi
2975 1130 3214 1182 omnium
3268 1130 3522 1184 vilissima
3571 1133 3684 1187 sit:
3726 1135 4096 1188 necessitatem

2512 1232 2639 1272 vero
2679 1226 2734 1272 et
2773 1217 3002 1273 esuriem
3058 1219 3423 1288 prmveuiens,
3451 1221 3592 1290 quod
3631 1222 3823 1279 divites
3861 1225 4094 1288 faciunt,

2511 1311 2555 1366 si
2601 1313 2758 1366 etiam
2789 1313 3058 1382 placentas
3105 1311 3369 1368 invenerit
3404 1311 3706 1384 appositas,
3754 1332 3856 1370 non
3905 1319 4099 1372 sentiet

2515 1405 2874 1474 voluptatem,
2914 1405 3078 1474 ipsius
3126 1405 3363 1474 appetitu
3411 1420 3518 1460 non
3547 1407 3794 1462 excitato.
3829 1409 3892 1462 Et
3921 1418 3975 1462 ut
4017 1409 4099 1462 di-

2512 1513 2632 1553 scas
2661 1499 2760 1553 hoc
2781 1499 2851 1552 ita
2887 1513 2946 1554 se
2986 1497 3199 1562 habere,
3234 1505 3400 1552 testes
3428 1498 3642 1568 quidem
3671 1507 3723 1553 et
3755 1514 3849 1552 vos
3872 1515 4094 1562 omnes;

2513 1591 2790 1646 audiamus
2816 1601 2990 1646 autem
3021 1601 3074 1646 ct
3104 1591 3428 1658 Scripturam
3458 1590 3561 1645 hoc
3589 1592 3757 1660 ipsum
3789 1593 4049 1648 dicentem
4081 1612 4092 1645 :

2511 1682 2698 1738 Anima
2723 1693 2950 1738 saturata
2990 1683 3118 1752 [avis
3144 1684 3338 1747 illudit,
3364 1683 3548 1736 anima:
3569 1692 3734 1735 autem
3764 1685 3924 1752 egenti
3947 1685 4096 1737 etiam

2512 1792 2687 1831 amara
2740 1777 2912 1832 dulcia
2956 1779 3184 1831 videntur
3237 1777 3433 1846 (Prov.
3466 1777 3554 1830 27.
3590 1777 3664 1843 7).
3697 1775 3764 1830 Et
3801 1787 3945 1831 certe
3972 1778 4095 1845 quid

2513 1866 2648 1924 favis
2691 1869 2898 1924 dulcius
2931 1881 2986 1926 et
3029 1869 3230 1925 melle?
3255 1869 3360 1925 Sed
3390 1885 3493 1923 non
3520 1868 3853 1938 jucundum,
3889 1869 4094 1937 inquit,

2513 1975 2619 2014 non
2670 1961 2944 2016 esurienti.
2971 1961 3106 2030 Quid
3160 1977 3286 2017 vero
3337 1961 3534 2016 amaris
3578 1959 3956 2029 injucundius?
4003 1959 4097 2013 sed

2511 2049 2684 2105 dulcia
2712 2061 2835 2106 sunt
2865 2053 2916 2106 in
2947 2053 3201 2122 pauperie
3227 2052 3548 2108 constitutis.
3577 2050 3727 2118 Quod
3755 2061 3930 2105 autem
3964 2065 4094 2119 pau-

2512 2155 2669 2210 peres
2706 2155 2827 2195 cum
2872 2141 3190 2196 necessitate
3216 2150 3271 2196 et
3297 2141 3474 2196 esurie
3517 2140 3583 2194 ad
3623 2141 3797 2194 cibum
3839 2139 4090 2201 veniant.

2511 2231 2705 2286 divites
2731 2245 2858 2284 vero
2882 2246 2999 2284 eam
3027 2246 3132 2284 non
3174 2237 3518 2297 exspectent,
3552 2229 3654 2282 hoc
3695 2229 3888 2297 quique
3923 2230 4097 2281 mani.

2509 2323 2703 2379 festum
2732 2330 2814 2377 est
2843 2340 2856 2375 :
2889 2321 3029 2376 unde
3058 2320 3347 2390 legitimam
3391 2329 3447 2374 et
3483 2319 3744 2374 sinceram
3772 2319 4096 2386 voluptatem

2511 2428 2615 2467 non
2638 2412 2874 2482 capiunt.
2903 2411 3012 2466 Nec
3039 2412 3090 2465 in
3118 2411 3250 2465 cibis
3278 2417 3502 2476 tantum,
3533 2407 3624 2464 sed
3651 2417 3705 2464 et
3732 2409 3783 2462 in
3808 2417 3932 2477 potu
3955 2408 4094 2462 idem

2509 2503 2753 2560 accidere
2771 2503 2952 2558 videre
2982 2503 3100 2558 licet
3128 2519 3140 2555 :
3169 2509 3221 2557 et
3246 2502 3379 2556 sicut
3404 2501 3514 2557 illic
3534 2499 3738 2556 esuries
3759 2514 3913 2568 supra
3946 2515 4097 2553 esca-

2511 2612 2629 2650 rum
2660 2603 2902 2649 naturam
2943 2594 3266 2664 voluptatem
3297 2591 3529 2659 inducit,
3559 2591 3635 2647 sic
3661 2600 3714 2647 et
3756 2589 3840 2644 hic
3869 2591 3984 2644 sitis
4003 2589 4095 2658 ju-

2510 2689 2895 2745 cundissimum
2936 2698 3114 2757 potum
3146 2685 3322 2741 facere
3363 2685 3672 2748 consuevit,
3713 2683 3814 2737 etsi
3859 2697 3987 2750 pura
4027 2683 4098 2735 sit

2509 2796 2644 2852 aqua
2667 2797 2784 2851 qua:
2829 2779 3057 2834 bibatur.
3089 2777 3156 2832 Et
3207 2776 3309 2832 hoc
3356 2776 3527 2846 ipsum
3563 2773 3831 2842 Propheta
3874 2771 4098 2825 demon-

2508 2886 2684 2931 strans
2714 2914 2729 2938 ,
2783 2872 2994 2927 dicebat
3045 2888 3057 2923 :
3108 2869 3179 2923 Et
3227 2870 3291 2924 de
3333 2877 3476 2938 petra
3529 2865 3676 2919 melle
3725 2862 3968 2916 saturavit
4011 2877 4095 2914 eos

2509 2964 2699 3038 (Psat.
2734 2964 2822 3020 80.
2874 2965 2937 3019 l7
2965 2963 3008 3034 ).
3060 2960 3221 3031 Atqui
3266 2959 3367 3015 hoc
3419 2970 3675 3026 nusquam
3721 2954 3772 3008 in
3822 2952 4092 3020 Scriptura

2508 3058 2705 3113 lectum
2734 3066 2816 3112 est
2837 3097 2852 3120 ,
2885 3054 3028 3125 quod
3070 3054 3176 3108 mel
3219 3051 3286 3106 de
3321 3058 3469 3120 petra
3498 3047 3674 3101 Moses
3701 3043 3964 3106 eduxerit,
3996 3041 4092 3096 sed

2509 3149 2705 3218 ubique
2729 3146 2950 3213 ﬂuvios,
2978 3153 3034 3200 et
3059 3157 3224 3213 aquas
3243 3183 3258 3208 ,
3279 3150 3332 3196 et
3372 3137 3559 3208 frigida
3589 3136 3805 3190 fluenta.
3835 3132 3972 3201 Quid
3998 3134 4096 3201 igi-

2511 3252 2598 3297 tur
2628 3240 2844 3296 tandem
2892 3245 2976 3294 est
3017 3235 3158 3307 quod
3184 3232 3414 3289 dicitur?
3450 3245 3620 3300 neque
3649 3228 3790 3282 enim
3820 3225 4093 3294 Scriptura

2511 3335 2785 3389 mentitur.
2821 3331 3105 3400 Postquam
3135 3327 3276 3382 enim
3318 3323 3557 3378 sitientes
3596 3330 3648 3374 ct
3679 3318 3962 3389 indigentia
3995 3315 4092 3370 de-

2510 3426 2711 3495 fatigati
2737 3425 2788 3478 in
2819 3422 3116 3493 frigidiores
3145 3432 3308 3489 aquas
3337 3415 3638 3470 inciderunt
3657 3455 3670 3478 ,
3695 3428 3758 3468 ex
3793 3422 3918 3480 potu
3945 3408 4096 3462 vuln-

2509 3527 2708 3589 ptatem
2743 3527 2984 3570 asserere
3022 3511 3206 3566 volens
3226 3551 3240 3572 ,
3282 3507 3384 3562 mel
3415 3520 3604 3576 aquam
3633 3501 3954 3570 appellavit,
3985 3513 4091 3551 non

2510 3621 2776 3679 tamquam
2806 3613 3004 3660 mutata
3033 3603 3085 3658 iu
3127 3602 3232 3656 mel
3277 3611 3484 3661 natura,
3527 3595 3620 3650 sed
3663 3593 3952 3647 bibentium
3983 3589 4095 3642 dis-

2514 3700 2778 3772 positione
2827 3697 3024 3752 fluenla
3063 3694 3222 3749 melle
3260 3689 3579 3762 jucundiora
3625 3686 3868 3741 faciente.
3899 3681 4097 3736 Didici-

2506 3793 2612 3855 sti,
2636 3807 2743 3862 quo
2789 3789 2950 3845 modo
2984 3798 3038 3843 et
3082 3795 3264 3857 potum
3309 3799 3525 3840 suavem
3557 3780 3846 3834 sitientinm
3877 3774 4093 3828 affectio

2507 3883 2735 3939 reddere
2759 3881 3038 3936 consuevit
3061 3880 3085 3931 ’ἶ
3129 3877 3276 3932 Multi
3307 3874 3464 3945 igitur
3490 3884 3749 3941 pauperes
3772 3882 3914 3936 szrpe
3939 3865 4091 3918 labo-

2508 3986 2688 4031 rantes
2718 3983 2768 4030 el
2797 3971 3100 4042 defatigati,
3130 3979 3183 4026 et
3210 3969 3295 4023 siti
3321 3965 3568 4020 ardentes
3588 4003 3602 4027 ,
3627 3975 3747 4015 cum
3769 3958 3908 4012 dicta
3934 3957 4091 4010 volu-

2509 4077 2652 4139 ptate
2676 4066 2797 4120 talia
2821 4065 3056 4120 libavere
3083 4062 3280 4116 fluenta
3303 4076 3317 4112 :
3341 4057 3531 4112 divites
3550 4065 3678 4107 vero
3698 4051 3874 4104 vinum
3905 4063 4089 4114 suave,

2507 4170 2562 4216 et
2588 4159 2735 4215 floris
2760 4158 3003 4221 odorem,
3031 4167 3084 4212 et
3111 4167 3326 4210 omnem
3357 4149 3606 4204 virtutem
3639 4145 3860 4210 habens,
3889 4157 4006 4213 quae
4034 4143 4090 4196 iu

2505 4255 2630 4310 vino
2657 4253 2828 4324 optari
2859 4252 3056 4322 possit,
3092 4248 3397 4303 haurientes
3415 4283 3430 4309 ,
3457 4256 3562 4296 non
3601 4239 3843 4296 eamdem
3872 4252 4092 4294 sensere

2505 4346 2936 4402 delectationem.

2576 4439 2631 4495 8.
2666 4439 2779 4494 Hoc
2815 4447 2870 4492 et
2912 4437 2964 4490 in
3005 4445 3195 4488 somno
3224 4429 3334 4484 fieri
3363 4426 3562 4481 videas.
3603 4425 3715 4479 Non
3749 4426 3890 4480 enim
3930 4423 4092 4478 molle

2504 4540 2731 4588 stratum
2755 4571 2771 4596 ,
2808 4543 2983 4598 neque
3027 4525 3401 4592 deargentatus
3431 4519 3597 4572 lectus
3616 4559 3628 4579 ,
3664 4531 3834 4587 neque
3859 4516 4006 4584 quies
4037 4515 4090 4568 in

2503 4621 2744 4679 conclavi
2789 4622 2956 4684 facta,
2999 4628 3170 4683 neque
3209 4611 3346 4665 aliud
3377 4609 3675 4680 hujusmudi
3705 4608 3968 4678 quidpiam
3999 4619 4090 4658 so-

2506 4728 2690 4770 mnum
2720 4711 2930 4765 dulccm
2959 4715 3013 4760 et
3040 4704 3325 4774 proclivem
3359 4702 3531 4757 facere
3567 4702 3704 4756 Sulct
3727 4742 3741 4765 ,
3770 4699 3904 4752 sicut
3945 4696 4092 4749 labo-

2507 4819 2630 4860 rare
2671 4811 2726 4857 et
2771 4799 2955 4854 las.~ari
2983 4837 2999 4863 ,
3042 4806 3096 4851 et
3127 4796 3468 4850 vehementer
3495 4809 3683 4849 somno
3713 4790 4002 4859 indigentes
4036 4795 4092 4841 et

2507 4894 2860 4953 dormitantes
2894 4889 3140 4944 reclinari
3171 4906 3184 4942 :
3216 4899 3270 4944 et
3299 4890 3399 4943 hoc
3436 4888 3651 4958 quidem
3681 4893 3903 4939 testatur
3931 4880 4088 4936 etiam

2509 5001 2688 5044 rerum
2716 4981 3040 5053 experientia
3071 5000 3085 5036 :
3109 4989 3332 5037 testatur
3355 4988 3534 5034 autem
3564 4986 3618 5033 et
3644 4985 3763 5030 ante
3790 4990 3966 5028 rerum
3994 4987 4092 5026 ex-

2509 5079 2820 5150 perientiam
2849 5075 3240 5147 Scripturarum
3267 5071 3550 5129 sententia.
3593 5068 3806 5121 Deliciis
3834 5066 3975 5119 enim
4009 5065 4090 5115 in-

2511 5170 2740 5226 nutritus
2767 5168 3018 5225 Salomon
3048 5167 3187 5222 idem
3213 5165 3584 5220 demonstrare
3607 5157 3811 5220 volens,
3839 5151 4050 5207 dicebat
4076 5170 4090 5206 :

2510 5261 2781 5317 Jucundus
2805 5276 3006 5314 sonum:
3035 5275 3196 5321 servo,
3223 5255 3327 5310 sive
3363 5265 3564 5321 parum,
3596 5247 3697 5300 sive
3725 5243 3934 5296 ntuttum
3958 5259 4095 5294 com-

2513 5356 2627 5410 edat
2657 5353 2820 5426 (Eccl.
2845 5355 2898 5409 5.
2940 5353 3052 5423 il).
3095 5350 3204 5406 Cur
3245 5345 3402 5416 igitur
3429 5341 3596 5405 addit,
3630 5338 3746 5394 Sive
3768 5352 3966 5406 parum,
3996 5336 4096 5388 sive

2511 5451 2725 5504 amttam
2751 5447 3011 5503 comedat?
3034 5443 3206 5500 Ambo
3234 5441 3348 5491 haec
3367 5433 3596 5504 vigiliam
3630 5430 3880 5485 inducere
3901 5427 4093 5487 sulcet,

2513 5545 2799 5615 indigentia
2827 5553 2882 5599 et
2908 5539 3124 5610 crapula
3147 5552 3160 5588 :
3186 5532 3272 5587 illa
3297 5527 3506 5599 quidem
3527 5538 3720 5595 corpus
3738 5523 3753 5554 ¹
3781 5517 4094 5580 arefaeicus,

2510 5653 2564 5700 et
2594 5641 2875 5714 palpebras
2901 5647 3128 5691 corneas
3154 5627 3404 5692 reddens,
3429 5637 3526 5679 nec
3548 5621 3721 5677 claudi
3744 5616 4056 5689 permittens
4081 5628 4096 5667 :

2581 5802 2596 5832 ¹
2633 5800 2704 5849 sic
2721 5797 2863 5861 juxta
2885 5788 3026 5842 Savil.
3049 5795 3114 5836 tu.
3142 5793 3214 5848 3.,
3239 5796 3343 5848 pro,
3368 5793 3560 5845 corpus,
3586 5777 3783 5840 iegitur,
3810 5769 4053 5836 spiritum.
