4494 6676
741 423 816 481 ιδ
1489 417 1850 481 SJOANNIS
1888 419 2380 479 CHRYSOSTOMI
2417 421 2740 480 ARCHIEP.
2778 421 3333 484 CONSTANTINOP.
4116 429 4189 488 ιο

729 531 900 586 ταῦτα
921 532 1227 605 ἀγρυπνίαν
1270 533 1517 606 ἐμποιεῖν
1571 534 1782 602 εἴωθεν,
1830 534 2002 590 ἔνδεια
2037 537 2128 591 καὶ
2187 536 2400 607 ἀδηφα-

725 621 848 688 γίαο
899 623 933 692 ἡ
986 623 1084 693 μὲν
1119 623 1182 677 τδ
1217 623 1374 693 σῶμα
1400 632 1417 653 ³
1447 622 1798 693 ξηραίνουσα,
1838 625 1932 678 καὶ
1977 625 2403 696 κερατοποιοῦσα

726 708 798 761 τά
824 707 1084 779 βλέφαρα,
1129 708 1224 762 καὶ
1255 709 1355 762 οὑκ
1403 710 1626 778 ἀφιεῖσα
1675 711 2170 765 καταστέλλεσθαι·
2206 713 2239 782 ἡ
2267 711 2323 765 δὲ
2346 713 2407 767 τὸ

731 793 948 866 πνεῦμα
994 795 1424 866 στενοχωροῦσα,
1475 796 1572 848 καὶ
1617 797 2008 862 ἀποθλίϐουσα,
2061 799 2157 851 καὶ
2205 798 2410 865 πολλάς

730 883 1045 953 παρέχουσα
1068 881 1168 946 τὰς
1195 882 1405 948 ὀδύνας.
1453 883 1594 936 Ἀλλ’
1623 883 1773 956 ὅμως
1793 885 2028 956 τοσαύτη
2061 886 2208 938 ἐστὶν
2243 888 2276 957 ἡ
2298 886 2409 941 τῶν

734 970 909 1024 πόνων
935 971 1279 1042 παραμυθία,
1309 973 1384 1034 ὡς
1417 973 1465 1024 εί
1499 973 1594 1025 καὶ
1618 973 1789 1027 ταῦτα
1816 975 2099 1045 ἀμφότερα
2121 973 2151 1012 ιι
2176 975 2408 1044 προσγέ.⁴

732 1076 895 1123 νοιτο,
922 1058 1179 1113 δύνασθαι
1205 1060 1295 1113 τὸν
1320 1058 1537 1130 οἰκέτην
1557 1061 1857 1115 καθεύδειν.
1894 1059 2114 1130 Ἐπειδὴ
2133 1059 2244 1132 γάρ
2270 1060 2415 1116 κατά

731 1145 830 1217 τὴν
859 1147 1072 1218 ἡμέραν
1094 1146 1315 1200 ἃπασαν
1343 1147 1621 1218 πανταχοῦ
1646 1147 2027 1218 περιτρέχουσι
2059 1145 2413 1219 διακονούμε-

733 1251 813 1287 νοι
832 1237 946 1298 τοῖς
968 1233 1144 1288 αὑτῶν
1163 1233 1478 1303 δεσπόταις,
1496 1235 1843 1304 κοπτόμενοι,
1870 1233 2408 1306 ταλαιπωρούμενοι,

732 1319 828 1374 καὶ
863 1321 982 1374 οὑδέ
1009 1321 1206 1391 μικρὸν
1227 1321 1608 1384 ἀναπνέοντες,
1639 1319 1748 1373 τῶν
1780 1320 2045 1390 καμάτων
2068 1320 2296 1374 ἐκείνων
2317 1324 2414 1378 καὶ⁵

731 1405 840 1460 τῶν
870 1407 1048 1459 πόνων
1100 1407 1292 1478 ἱκανὴν
1327 1407 1803 1477 ἀπολαμϐάνουσιν
1837 1405 2074 1477 ἀμοιϐὴν
2104 1407 2204 1477 τὴν
2247 1409 2306 1460 ἐν
2335 1409 2414 1482 τῷ

733 1493 1015 1549 καθεύδειν
1041 1495 1256 1568 ἡδονὴν.
1289 1494 1394 1550 Καὶ
1416 1495 1572 1549 τοῦτο
1591 1494 1693 1565 τῆς
1722 1493 1815 1546 τοῦ
1838 1494 1975 1546 Θεοῦ
1999 1494 2415 1566 φιλανθρωπίας

734 1581 894 1654 ἔργον
924 1583 1160 1650 ἐγένετο,
1195 1583 1257 1636 τὸ
1289 1594 1312 1622 ε
1341 1581 1419 1653 μὴ
1445 1581 1632 1653 χρυσῷ
1663 1581 1758 1635 καὶ
1783 1580 2010 1652 ἀργύρῳ
2030 1581 2246 1653 ώνητάς
2275 1579 2414 1639 εἶναι

731 1670 832 1734 τάς
860 1671 1072 1742 ἡδονὰς,
1102 1669 1237 1724 ἀλλά
1267 1670 1414 1740 πόνῳ
1469 1670 1566 1723 καὶ
1604 1668 1792 1740 μόχθῳ
1826 1669 1922 1722 καὶ
1979 1669 2141 1740 χρείᾳ
2198 1671 2294 1724 κα)⁸
2327 1688 2416 1740 φι-

731 1759 958 1830 λοσοφία
1003 1760 1172 1828 πάσῃ.
1224 1757 1365 1810 Ἀλλ’
1396 1757 1496 1828 οὑχ
1541 1757 1591 1809 οἱ
1636 1755 1994 1820 πλουτοῦντες
2039 1755 2250 1821 οῦτωςο
2297 1758 2414 1812 ἀλλ’

732 1847 826 1898 ἐπὶ
869 1845 977 1898 τῶν
1016 1843 1353 1916 στρωμάτων
1383 1844 1627 1913 κείμενοι
1667 1841 1930 1906 πολλάκις
1962 1843 2030 1896 δι’
2056 1843 2185 1914 ὅλης
2221 1844 2417 1908 νυκτὸς

730 1930 1070 2003 ἀγρυπνοῦσι
1108 1932 1204 1984 καὶ
1243 1929 1414 1983 πολλὰ
1451 1927 1840 2000 μηχανώμενοι
1873 1929 2132 2000 τοιαύτης
2152 1930 2253 1985 οὑκ
2274 1931 2415 1985 ἀπο-

730 2019 981 2073 λαύουσιν
1037 2017 1254 2089 ἡδονῆς.
1324 2017 1383 2070 '0
1437 2017 1493 2070 δὲ
1539 2017 1712 2087 πένης
1755 2018 1820 2070 ἐκ
1868 2016 1978 2070 τῶν
2036 2017 2417 2090 μεθημερινῶν

733 2105 971 2170 ἀναστὰς
997 2105 1172 2158 πόνων
1197 2104 1521 2175 κεκμηκότα
1553 2103 1692 2174 ἔχων
1721 2103 1790 2156 τὰ
1825 2104 1984 2174 μέλη,
2029 2105 2159 2175 πρὶν
2186 2105 2220 2175 ἡ
2247 2122 2418 2159 κατα-

733 2196 941 2257 πεσεῖν,
983 2193 1180 2264 ἀθρόον
1205 2193 1300 2246 καὶ⁵
1329 2193 1461 2262 ἡδὺν
1495 2191 1590 2245 καὶ
1616 2192 1838 2263 γνήσιον
1867 2191 1956 2244 τὸν
1983 2191 2151 2244 ὑπνον
2178 2192 2414 2256 ἐδέξατο,

734 2281 793 2333 οὑ
819 2278 1012 2352 μικρὸν
1033 2279 1127 2332 καὶ
1147 2277 1307 2332 τοῦτο
1322 2278 1430 2331 τῶν
1449 2277 1672 2331 δικαίων
1690 2278 1866 2330 πόνων
1885 2276 2178 2347 λαμϐάνων
2201 2277 2412 2347 μισθόν.

736 2366 908 2419 Ὅταν
937 2360 1031 2418 οῦν
1061 2364 1202 2435 μετά
1243 2364 1489 2428 πλείονος
1527 2364 1720 2434 ἡδονῆς
1753 2365 1781 2415 6
1816 2363 1988 2432 πένης
2026 2363 2122 2416 καὶ
2154 2361 2411 2435 καθεύδῃ,

734 2453 827 2506 καὶ
875 2450 1041 2523 πίνῃ,
1090 2451 1186 2504 καὶ
1241 2449 1420 2524 ἐσθίῃ,
1468 2449 1616 2512 τίνος
1671 2449 1826 2502 ἐσται
1878 2448 2064 2502 λοιπὸν
2103 2450 2132 2502 6
2187 2447 2415 2511 πλοῦτος

733 2539 909 2606 ἄξιος,
949 2537 978 2590 6
1011 2537 1162 2590 δοκεῖ
1209 2536 1354 2591 κατά
1383 2537 1484 2608 τῆς
1533 2537 1726 2601 πενίας
1760 2536 2091 2608 προτέρημα
2117 2536 2286 2606 ἔχειν,
2319 2535 2415 2588 καὶ

734 2627 893 2680 τοῦτο
920 2625 1308 2698 ἀφῃρημένος;
1342 2623 1442 2677 Διά
1472 2623 1631 2678 τοῦτο
1669 2624 1764 2677 καὶ
1801 2623 1862 2689 ἐξ
1892 2623 2066 2695 ἀρχῆς
2098 2624 2126 2675 6
2154 2622 2287 2686 θεὸς
2315 2621 2414 2675 πό-

735 2733 826 2769 νον
852 2715 931 2786 τῷ
962 2712 1233 2786 ἀνθρώπῳ
1257 2712 1596 2780 συνέζευξεν,
1627 2712 1748 2783 οὑχὶ
1777 2711 2190 2784 τιμωρούμενος
2228 2710 2416 2777 αὑτὸν,

735 2802 857 2856 οὑδὲ
893 2801 1158 2867 κολάζων,
1203 2800 1338 2854 ἀλλά
1379 2800 1731 2870 σωφρονίζων
1793 2800 1890 2853 καὶ
1936 2799 2228 2853 παιδεύων.
2287 2799 2418 2853 Ὅτε

735 2890 932 2944 ἄπονον
960 2887 1072 2959 βίον
1097 2887 1194 2958 ἔζη
1217 2888 1246 2940 6
1288 2886 1478 2958 Ἀδὰμ,
1526 2886 1752 2950 ἐξέπεσε
1799 2885 1896 2940 τοῦ
1933 2886 2265 2958 παραδείσου
2284 2903 2298 2918 ο
2326 2887 2416 2940 ὅτε

735 2975 794 3031 δέ
819 2976 1077 3030 ἐπίπονον
1102 2975 1198 3028 καὶ
1214 2973 1511 3045 ἐπίμοχθον
1538 2973 1927 3040 ὁἈπόστολος,
1959 2975 2052 3028 καὶ
2081 2975 2284 3043 ἔλεγεν,
2321 2975 2418 3029 Ἐν

737 3064 904 3127 κόπῳ
924 3061 1025 3116 καὶ
1045 3061 1251 3131 μόχθῳ
1277 3062 1469 3114 νύκτα
1497 3060 1596 3114 καί
1612 3059 1842 3130 ἡμέραν
1861 3059 2270 3131 ἐργαζόμενος,
2295 3060 2416 3114 τότε

736 3148 978 3219 ἀπῆλθεν
1005 3148 1086 3212 είς
1111 3146 1203 3201 τδν
1224 3147 1576 3219 παράδεισον,
1609 3147 1701 3201 καὶ
1734 3149 1814 3211 είς
1843 3148 2026 3220 τρίτον
2067 3148 2298 3219 ἀνῆλθεν
2322 3148 2417 3201 οὑ-

738 3236 921 3309 ρανόν.
951 3235 1044 3305 Μὴ
1081 3235 1260 3288 τοίνυν
1304 3234 1622 3305 κακίζωμεν
1660 3233 1838 3296 πόνον,
1880 3233 2016 3306 μηδέ
2065 3234 2418 3306 διαπτύωμεν

736 3322 1036 3394 ἐργασίαν·
1086 3321 1182 3376 καὶ
1231 3319 1341 3391 γάρ
1379 3321 1486 3391 πρὸ
1539 3320 1641 3391 τῆς
1687 3320 1968 3393 βασιλείας
2017 3321 2127 3376 τῶν
2167 3322 2417 3394 οὐρανῶν

735 3409 986 3465 ἐντεῦθεν
1028 3409 1292 3481 μεγίστην
1343 3407 1695 3480 λαμϐάνομεν
1743 3408 2016 3480 ἀμοιϐὴν,
2068 3409 2167 3480 τῆν
2216 3411 2281 3463 ἐκ
2320 3409 2417 3464 τοῦ

736 3500 1068 3571 πράγματος
1094 3497 1288 3570 ἡδονὴν
1315 3495 1433 3569 [55]
1463 3497 1866 3568 καρπούμενον
1896 3497 1997 3567 οὑχ
2023 3496 2214 3567 ἡδονὴν
2235 3497 2292 3550 δὲ
2319 3498 2420 3568 μό-

734 3606 844 3650 νον,
863 3587 1130 3650 ἀλλὰκαὶ,
1155 3586 1185 3639 ὃ
1209 3585 1390 3656 πολλῷ
1418 3584 1603 3656 μεῖζόν
1635 3586 1783 3638 ἐστιν
1809 3583 2020 3656 ἡδονῆς,
2041 3583 2232 3652 ὑγείαν
2252 3583 2421 3639 καθα-

736 3676 1007 3747 ρωτάτην.
1069 3675 1196 3736 Τοῖς
1257 3672 1358 3744 μέν
1411 3670 1523 3742 γὰρ
1572 3671 1862 3725 πλουτοῦσι
1908 3672 2052 3743 μετὰ
2092 3671 2194 3741 τῆς
2224 3671 2418 3743 ἀηδίας

736 3762 908 3816 πολλὰ
968 3762 1064 3816 καὶ
1106 3760 1178 3814 τά
1220 3761 1504 3831 νοσήματα
1549 3760 1795 3832 ἐπιρρεῖ·
1841 3760 1891 3812 οἱ
1939 3759 1996 3812 δὲ
2041 3759 2272 3828 πένητες
2308 3759 2417 3813 τῶν

739 3849 997 3921 ίατρικῶν
1030 3849 1167 3902 είσιν
1199 3846 1608 3919 ἀπηλλαγμένοι
1642 3846 1842 3918 χειρῶν
1863 3863 1878 3878 ο
1911 3848 1959 3899 εἰ
1981 3845 2037 3900 δέ
2061 3863 2165 3899 που
2195 3846 2288 3899 καὶ
2318 3862 2415 3898 πε-

737 3937 1014 4009 ριπέσοιεν
1053 3935 1472 4008 ἀρρωστὴματι,
1503 3933 1714 4004 ταχέως
1753 3933 1982 3996 ἑαυτοὺς
2022 3933 2413 4002 ἀνεκτήσαντο,

737 4019 996 4090 βλακείας
1013 4019 1232 4091 ἀπάσης
1253 4017 1688 4089 ἀπηλλαγμένοι,
1709 4015 1806 4070 καὶ
1824 4014 1892 4069 τά
1915 4013 2144 4086 σώματα
2167 4014 2415 4086 εὑρωστα

734 4104 970 4167 ἔχοντες.

766 4123 970 4256 Ᾰῗίέῑῗ
995 4186 1180 4258 κτῆμα
1203 4183 1364 4239 πενία
1391 4185 1506 4247 τοῖς
1534 4181 1841 4252 φιλοσόφως
1865 4180 2034 4253 αὑτὴν
2053 4182 2298 4253 φέρουσι,
2329 4185 2416 4257 θη.

736 4269 938 4342 σαυρὸς
967 4269 1183 4333 ἄσυλος,
1209 4267 1482 4339 βακτηρία
1515 4267 1864 4338 ίσχυροτάτη,
1890 4267 2083 4338 κτῆσις
2108 4268 2416 4340 ἀνεπηρέαο

735 4370 880 4419 στος,
908 4352 1252 4422 καταγώγιον
1285 4350 1755 4406 ἀνεπιϐούλευτον.
1792 4349 1952 4404 Ἀλλά
1988 4351 2412 4417 πλεονεκτεῖται,

735 4439 936 4509 φησὶν,
967 4439 996 4491 6
1026 4437 1198 4508 πένης
1225 4453 1240 4468 ·
1271 4435 1386 4490 ἀλλ’
1442 4432 1850 4489 ἐπιϐουλεύεται
1879 4431 2144 4504 μειζόνως
2185 4434 2214 4486 6
2247 4432 2415 4486 πλού-

738 4539 882 4587 σιος·
940 4523 1362 4592 καταφρονεῖται
1421 4520 1450 4571 6
1503 4517 1674 4590 πένης
1744 4518 1838 4572 καὶ
1897 4517 2213 4588 ὑϐρίζεται*
2279 4516 2414 4571 ἀλλὰ

735 4607 1012 4676 φθονεῖται
1060 4608 1089 4659 6
1116 4604 1370 4677 εὔπορος.
1401 4603 1518 4675 Οὑχ
1553 4603 1727 4667 οὑτως
1763 4602 1911 4656 ἐστὶν
1942 4600 2414 4670 εὑκαταγώνιστος

735 4691 766 4744 6
794 4689 986 4759 πένης,
1023 4689 1098 4753 ῶς
1138 4689 1285 4742 ἐστιν
1332 4687 1802 4755 εὑκαταγώνιστος
1835 4688 1863 4739 6
1901 4685 2177 4751 πλούσιος,
2214 4685 2413 4756 μυρίας

737 4772 1004 4828 πάντοθεν
1036 4772 1130 4826 καὶ
1165 4771 1244 4844 τῷ
1281 4771 1511 4841 διαϐόλῳ
1537 4771 1632 4826 καὶ
1659 4773 1769 4833 τοῖς
1809 4767 2117 4832 ἐπιϐούλοις
2155 4767 2412 4838 παρέχων

735 4854 926 4919 λαϐάς,
957 4855 1052 4908 καὶ
1078 4853 1293 4907 πάντων
1313 4852 1387 4906 ῶν
1406 4854 1589 4917 δοῦλος
1619 4852 1709 4907 διὰ
1735 4853 1833 4923 τὴν
1881 4851 2082 4922 πολλὴν
2113 4850 2223 4904 τῶν
2272 4866 2414 4920 πραο

735 4940 964 5010 γμάτων
1006 4937 1334 5006 περιϐολήν*
1363 4939 1392 4990 6
1423 4936 1633 4990 πολλῶν
1675 4939 1734 4990 ἐν
1757 4936 1916 5009 χρείᾳ
1947 4933 2229 4997 καθεστὼς
2283 4933 2412 4986 πολ·

733 5021 860 5086 λοὺς
907 5019 1281 5090 ἀναγκάζεται
1322 5018 1660 5084 κολακεύειν,
1701 5022 1795 5073 καὶ
1833 5021 1970 5092 μετά
2017 5019 2220 5090 πολλῆς
2253 5017 2418 5088 θερα-

735 5105 923 5158 πεύειν
960 5103 1422 5175 δουλοπρεπείας⁹
1447 5103 1475 5153 6
1519 5102 1576 5155 δὲ
1618 5102 1786 5173 πένης
1826 5104 1891 5157 ἂν
1933 5105 2047 5174 εἰδῇ
2079 5103 2411 5172 φιλοσοφεῖν,

736 5188 857 5242 ϐὑδέ
885 5187 976 5241 ὑπ’
1011 5187 1176 5240 αὑτοῦ
1212 5186 1308 5240 τοῦ
1347 5184 1597 5240 διαϐόλου
1641 5185 2116 5256 καταγωνισθῆναι
2166 5183 2411 5238 δύναται.

748 5272 809 5324 '0
854 5266 947 5324 οὑν
996 5269 1117 5324 Ἰὼϐ
1166 5271 1387 5342 ἰσχυρὸς
1427 5269 1504 5322 ὢν
1556 5267 1649 5322 καὶ
1703 5267 1810 5339 πρὸ
1861 5266 2074 5331 τούτου,
2124 5267 2289 5336 ἡνίκα
2349 5266 2416 5318 τὰ

737 5355 919 5408 πάντα
962 5353 1221 5415 ἀπέϐαλε,
1269 5354 1391 5407 τότε
1435 5353 1658 5422 γέγονεν
1709 5349 2089 5423 ἰσχυρότερος,
2135 5349 2230 5402 καὶ
2273 5349 2414 5417 λαμο

737 5437 882 5507 πράν
907 5437 1078 5508 ἡρατο
1099 5437 1237 5489 κατά
1260 5437 1352 5490 τοῦ
1373 5437 1618 5491 διαϐόλου
1644 5435 1743 5508 τὴν
1766 5435 1946 5504 νίκην.
1975 5431 2185 5495 ’Λλλως
2210 5430 2268 5484 δὲ
2294 5429 2416 5483 οὑδὲ

736 5519 1053 5591 ὑϐρίζεσθαι
1089 5517 1309 5572 δύναται
1347 5523 1374 5574 ό
1405 5521 1593 5592 πένης,
1624 5519 1691 5574 ἂν
1724 5518 1839 5590 είδῇ
1871 5515 2205 5586 φιλοσοφεῖν.
2238 5512 2415 5586 Ὅπερ

735 5603 844 5672 γάρ
875 5602 1012 5673 ἔφην
1057 5600 1187 5671 περὶ
1223 5602 1320 5672 τῆς
1360 5603 1575 5673 ἡδονῆς,
1617 5603 1698 5656 ὃτι
1733 5605 1766 5674 ἡ
1804 5601 1968 5674 ἡδονὴ
1999 5600 2098 5654 οὑκ
2123 5601 2181 5654 ἐν
2208 5599 2274 5670 τῇ
2316 5613 2413 5650 πο-

735 5687 979 5759 λυτελείᾳ
1003 5685 1113 5740 τῶν
1136 5684 1342 5752 σιτίων,
1366 5685 1481 5739 ἀλλ’
1501 5689 1560 5739 ἐν
1585 5689 1651 5758 τῇ
1671 5685 1909 5740 διαθέσει
1929 5687 2036 5739 τῶν
2065 5683 2412 5756 ἑστιωμένων

801 5830 828 5861 ⁸
852 5832 929 5880 Sic
953 5844 982 5877 ρ
1003 5831 1202 5883 ςσγίίίο.
1232 5831 1431 5882 Εόίὶιιηι
1454 5837 1558 5878 erat
1576 5829 1780 5891 πνεῦμα,
1809 5831 2060 5878 mendoso.
2087 5830 2221 5878 Enrr.

799 5891 828 5931 ἓν
855 5894 934 5940 Sic
959 5897 1106 5943 SMN.
1135 5903 1188 5944 et.
1213 5891 1421 5944 maxima
1447 5905 1557 5955 pars
1582 5905 1695 5939 mss.
1725 5891 1897 5955 Morel.
1920 5894 1959 5955 εἰ
1981 5894 2062 5955 καὶ
2096 5894 2156 5938 τὰ
2179 5892 2295 5952 ἀμφ.

799 5956 821 5982 ⁸⁵
863 5957 946 6002 \lii
977 5955 1060 6018 τοῦ
1085 5959 1168 6018 μή,
1190 5957 1274 6006 alii
1297 5957 1352 6018 τὸ
1378 5951 1462 6018 μή,
1487 5955 1571 6003 alii
1593 5956 1660 6012 τῷ
1687 5954 1770 6013 μή,
1797 5967 1908 6018 qua}!
1939 5952 2180 6018 Ii-ciinneg
2204 5951 2409 6018 perind-e

734 6010 1466 6080 quadraiit._lnio'iirxfcuIcilio
1485 6018 1538 6065 τό
1573 6010 1888 6080 φακὴ-ιιι,ἇί
1922 6010 2250 6078 ςινιιιηιηιιιίιίτ
2289 6010 2410 6075 legi-

734 6077 820 6126 ιω
841 6076 1130 6128 ινιιδκίαηιν.
1163 6081 1293 6129 tum.

2510 541 2707 605 κεῖται,
2737 537 2894 592 τοῦτο
2933 541 3028 595 καὶ
3074 543 3204 614 περὶ
3238 543 3339 614 τῆς
3373 539 3584 612 ὑϐρεως
3631 541 3806 610 λέγω·
3844 547 3928 600 δτι
3963 549 3996 618 ἡ
4034 546 4192 620 ῦϐρις

2510 628 2610 680 οὑκ
2647 626 2755 681 67:6
2790 626 2889 698 τῆς
2929 626 3158 700 γνώμης
3209 630 3318 684 τῶν
3365 627 3717 702 ὑϐριζόντων,
3764 629 3879 683 ἀλλ’
3927 634 4036 687 ἀπὺ
4087 633 4192 704 τῆς

2517 713 2808 776 διαθέσεως
2838 711 2947 765 τῶν
2995 716 3314 786 πασχόντων
3347 717 3380 788 ἦ
3435 717 3749 771 συνίσταται
3792 718 3825 789 ἢ
3857 719 4188 776 ἀπόλλυται’

2517 795 2627 855 οἷόν
2662 819 2715 854 τι
2750 799 2929 868 λέγω*
2963 798 3157 872 ὑϐρισέ
3191 821 3276 868 τις
3326 805 3497 858 πολλά
3543 804 3684 878 ρητά
3720 805 3814 860 καὶ
3844 804 4093 877 ἄρῤητα;
4125 809 4193 863 ἂν

2520 888 2895 958 καταγελάσῃς
2925 886 3035 940 τῶν
3074 887 3308 960 ῦϐρεων,
3339 893 3407 946 ἂν
3436 893 3510 964 μὴ
3541 893 3816 966 παραδέξῃ
3843 893 3912 946 τὰ
3947 895 4191 964 ῥήματα,

2519 979 2612 1032 καὶ
2639 977 2905 1048 ἀνώτερος
2927 975 3059 1050 γένῃ
3089 977 3186 1048 τῆς
3207 978 3439 1051 πληγῆς,
3459 983 3556 1053 οὑχ
3585 981 3867 1055 ὑϐρίσθης.
3921 982 4032 1035 Καὶ
4062 983 4196 1036 καθ-

2519 1061 2661 1132 άπερ
2709 1061 2757 1113 εί
2805 1059 2966 1128 σῶμα
3017 1058 3378 1129 ἀδαμάντινον
3420 1063 3638 1134 εἴχομεν
3669 1105 3682 1126 .
3733 1067 3782 1118 εί
3833 1063 3927 1119 καὶ
3980 1065 4194 1136 μυρίοις

2519 1142 2854 1213 πανταχόθεν
2879 1141 3214 1212 ἐϐαλλὸμεθα
3261 1143 3491 1213 βέλεσιν,
3523 1146 3622 1200 οὑκ
3653 1146 3719 1200 ἂν
3754 1147 4050 1218 ἐδεξάμεθα
4094 1146 4196 1209 τὰς

2519 1225 2733 1297 πληγάς
2751 1242 2766 1256 ’
2794 1227 2854 1280 οὑ
2885 1228 2993 1298 γὰρ
3031 1226 3140 1280 ἀπὸ
3167 1227 3268 1298 τῆς
3297 1228 3552 1299 ἀφιείσης
3577 1229 3646 1282 τά
3685 1229 3815 1300 βέλη
3843 1230 4047 1302 χειρὸς,
4077 1228 4194 1284 ἀλλ’

2520 1310 2630 1363 ἀπὸ
2663 1310 2772 1362 τῶν
2817 1310 3136 1379 πασχόντων
3185 1309 3457 1380 σωμάτων
3503 1308 3574 1362 τά
3614 1310 3907 1383 τραύματα
3945 1313 4152 1380 γίνεται
4178 1328 4196 1344 ’

2519 1388 2662 1444 οὑτω
2681 1392 2743 1461 δὴ
2773 1392 2868 1446 καὶ
2893 1391 3131 1446 ἐνταῦθα
3164 1391 3265 1444 οὑκ
3303 1392 3412 1447 ἀπὸ
3439 1393 3539 1464 τῆς
3571 1393 3766 1463 μανίας
3793 1394 3902 1449 τῶν
3943 1393 4195 1465 ὑϐριζόνο

2520 1489 2648 1538 των,
2681 1475 2795 1529 ἀλλ’
2829 1476 2936 1531 ἀπὸ
2957 1478 3055 1546 τῆς
3079 1475 3364 1540 ἀσθενείας
3385 1475 3494 1530 τῶν
3519 1475 3891 1548 ὑϐριζομένων
3909 1480 3968 1532 αί
3989 1479 4196 1550 ῦϐρεις,

2522 1560 2617 1612 καὶ
2660 1563 2716 1614 αί
2765 1561 2874 1614 τῶν
2907 1559 3117 1632 ὕϐρεων
3139 1559 3355 1630 ἀτιμίαι
3380 1558 3742 1614 συνίστανται.
3779 1562 3878 1615 Ἂν
3908 1562 4018 1633 γάρ
4045 1561 4197 1615 εἱδῶ-

2526 1658 2626 1712 μεν
2669 1643 2999 1712 φιλοσοφεῖν,
3052 1642 3174 1696 οὑδέ
3220 1640 3541 1714 ὑϐρίζεσθαι
3583 1643 3880 1714 δυνάμεθα,
3924 1646 4046 1699 οὑδὲ
4093 1645 4198 1698 πά-

2525 1741 2675 1795 σχειν
2713 1744 2766 1780 τι
2791 1727 2896 1780 τῶν
2926 1726 3132 1781 δεινῶν.
3163 1723 3427 1795 ’Υϐρισεν
3447 1726 3476 1778 6
3499 1724 3668 1791 δεῖνα,
3701 1728 3817 1780 ἀλλ’
3851 1729 3951 1784 οὑκ
3997 1729 4197 1802 ᾐσθάν-

2524 1805 2623 1877 θης
2646 1807 2697 1873 ἀ,
2730 1810 2832 1863 οὑκ
2885 1809 3159 1881 ῆλγησαςς
3193 1808 3291 1879 οὑχ
3334 1807 3620 1879 ὑϐρίσθης,
3677 1809 3812 1863 ἀλλά
3851 1812 3946 1864 καὶ
3999 1812 4199 1882 μᾶλλον

2522 1888 2818 1962 ἔπληξαςῆ
2850 1893 3115 1962 ἐπλήγης.
3145 1891 3317 1945 Ὅταν
3363 1891 3472 1963 γὰρ
3494 1889 3522 1942 6
3555 1890 3783 1962 ὑϐρίσας
3818 1893 3904 1965 ίδῃ
3936 1894 4012 1964 μὴ
4066 1896 4201 1949 καθ-

2525 1974 2844 2045 ικνουμένην
2897 1974 3061 2029 αὑτοῦ
3110 1974 3207 2046 τὴν
3255 1974 3470 2046 πληγὴν
3510 1975 3608 2047 τῆς
3643 1975 3750 2028 τῶν
3781 1975 4198 2050 λοιδορηθέντων

2526 2054 2723 2125 ψυχῆς,
2762 2057 2925 2121 αὑτὸς
2963 2057 3220 2112 δάκνεται
3256 2057 3536 2128 μειζόνως,
3573 2057 3802 2112 καὶτῶν
3829 2061 4198 2132 ὑϐριζομένων

2525 2135 2824 2203 σιγώντων,
2869 2140 3176 2212 αὐτόματος
3213 2143 3246 2211 ἡ
3297 2141 3478 2212 πληγὴ
3505 2139 3613 2194 τῶν
3653 2141 3863 2214 ῦϐρεων
3908 2146 4050 2198 κατά
4103 2144 4197 2198 τοῦ

2522 2219 2837 2288 πέμψαντος
2862 2223 3252 2294 ὑποστρέψασα
3281 2224 3527 2293 φέρεται.

2601 2299 2669 2358 θ’.
2687 2303 3067 2375 Φιλοσοφῶμεν
3082 2307 3260 2359 τοίνυν
3283 2308 3342 2359 ἐν
3374 2307 3598 2368 ἀπασιν,
3615 2306 3908 2376 ἀγαπητοὶ,
3937 2306 4028 2360 καὶ
4048 2307 4200 2362 οὐδὲν

2521 2387 2668 2456 ἡμᾶς
2714 2388 2877 2441 πενία
2927 2387 3284 2458 παραϐλάψαι
3324 2387 3635 2458 δυνήσεται,
3681 2388 3818 2442 ἀλλά
3854 2388 3950 2442 καὶ
3991 2390 4203 2462 ώφελὴο

2523 2485 2604 2521 σει
2636 2469 2705 2522 76
2745 2470 2995 2541 μέγιστα,
3026 2471 3122 2524 καὶ
3157 2470 3572 2541 λαμπροτέρους
3610 2471 3923 2541 ἐργάσεται,
3946 2473 4040 2525 καὶ
4068 2475 4202 2527 πάν-

2520 2567 2628 2604 των
2649 2550 2759 2604 τῶν
2790 2551 3168 2606 πλουτούντων
3199 2551 3630 2624 εὐπορωτέρους.
3659 2553 3725 2607 Τί
3767 2553 3895 2624 γὰρ,
3927 2557 4048 2608 είπέ
4086 2574 4198 2626 μοι,

2521 2632 2616 2687 τοῦ
2650 2633 2808 2688 Ἠλία
2837 2636 3165 2707 πενέστερον
3194 2631 3294 2707 ῆν;
3332 2635 3494 2689 ’Λλλά
3521 2635 3610 2689 διά
3631 2635 3789 2691 τοῦτο
3817 2638 4024 2702 πάντας
4048 2641 4201 2695 ἐνίκα

2521 2718 2648 2782 τοὺς
2688 2717 3077 2782 πλουτοῦντας,
3116 2718 3304 2791 ἐπειδὴ
3330 2717 3474 2772 οῦτω
3501 2718 3671 2789 πένης
3706 2715 3796 2791 ἦν,
3825 2722 3918 2775 καὶ
3945 2722 4114 2792 αὑτὴν
4142 2723 4200 2776 δὲ

2523 2800 2622 2872 τὴν
2650 2801 2840 2854 πενίαν
2867 2801 2975 2856 ἀπὸ
3001 2802 3266 2865 πλουσίας
3295 2812 3318 2840 ε
3346 2801 3522 2854 εἵλετο
3546 2801 3803 2866 διανοίας.
3852 2804 4071 2873 Ἐπειδὴ
4091 2804 4201 2876 γὰρ

2523 2885 2740 2939 ἅπαντα
2758 2885 2867 2937 τῶν
2888 2903 2992 2957 χρη
3003 2886 3185 2956 μάτων
3201 2886 3292 2938 τὸν
3313 2883 3427 2956 [54]
3445 2885 3672 2938 πλοῦτον
3689 2885 3944 2940 ἐλάττονα
3959 2889 4056 2959 τῆς
4073 2891 4202 2942 ἐαυ-

2522 2965 2618 3020 τοῦ
2648 2969 3056 3039 μεγαλοψυχίας
3097 2967 3346 3038 ἐνόμιζεν
3385 2963 3545 3034 εἶναι,
3580 2968 3676 3022 καὶ
3718 2969 3819 3022 οὑκ
3854 2969 4003 3034 ἀξιον
4035 2973 4201 3030 αὑτοῦ

2521 3049 2624 3120 τῆς
2659 3051 2999 3120 φιλοσοφίας,
3025 3051 3114 3105 διά
3138 3051 3298 3104 τοῦτο
3331 3051 3522 3104 πενίαν
3572 3049 3840 3121 τοσαύτην
3884 3053 4201 3122 ἠσπάσατοο

2523 3133 2602 3197 ὡς
2645 3135 2695 3188 εί
2736 3133 2950 3204 μεγάλα
2993 3132 3064 3187 τά
3095 3133 3341 3204 παρόντα
3372 3133 3623 3203 ἐνόμισεν
3659 3129 3818 3198 εἶναι,
3850 3136 3952 3189 οὑκ
3994 3135 4062 3190 ἂν
4099 3156 4200 3208 μη-

2523 3216 2704 3289 λωτὴν
2729 3217 2998 3288 ἐκτήσατο
3029 3217 3210 3287 μόνον,
3253 3216 3369 3271 ἀλλ’
3408 3215 3554 3270 οὑτω
3589 3215 3839 3287 κατέγνω
3866 3218 3966 3290 τῆς
3997 3223 4204 3291 παρού-

2527 3317 2630 3373 σης
2674 3300 3035 3372 ματαιότητος
3064 3301 3303 3372 ἀπάσης,
3334 3299 3430 3354 καὶ
3459 3299 3537 3364 ὡς
3566 3299 3738 3373 πηλὸν
3780 3301 4108 3374 ἐρριμμένον
4141 3304 4202 3357 τὸ

2526 3382 2748 3456 χρυσίον
2780 3382 2926 3437 ἅπαν
2965 3381 3130 3455 ἐώρα,
3177 3383 3254 3448 ώς
3291 3382 3392 3452 τῆς
3437 3381 3735 3452 περιϐολῆς
3784 3384 3999 3454 ἐκείνης
4036 3387 4201 3456 μηδὲν

2527 3465 2832 3538 κτήσασθαι
2880 3467 3059 3523 πλέον.
3114 3466 3212 3520 Διά
3267 3465 3426 3520 τοῦτο
3465 3468 3494 3521 6
3531 3465 3786 3536 βασιλεὺς
3820 3465 3916 3520 τοῦ
3972 3470 4204 3538 πένητος

2527 3549 2714 3614 ἐδεῖτο,
2747 3551 2843 3604 καὶ
2894 3552 3031 3620 πρὸς
3079 3551 3140 3604 τὸ
3175 3549 3351 3620 στόμα
3395 3550 3644 3620 ἐκεχήνει
3685 3549 3779 3603 τοῦ
3827 3549 3995 3620 μηδὲν
4041 3552 4203 3606 πλέον

2529 3632 2786 3704 μηλωτῆς
2819 3633 3053 3704 ἔχοντος,
3089 3635 3117 3687 6
3137 3633 3390 3688 τοσοῦτον
3422 3633 3645 3703 χρυσίον
3676 3631 3815 3702 ἔχων
3840 3646 3854 3663 ο
3885 3630 4028 3686 οῦτω
4065 3634 4202 3706 λαμ-

2526 3717 2766 3788 προτέρα
2789 3717 2893 3786 τῆς
2925 3717 3259 3789 πορφυρίδος
3291 3718 3326 3788 ἡ
3377 3715 3603 3788 μηλωτὴ
3631 3711 3721 3787 ἦν,
3768 3715 3862 3770 καὶ
3895 3715 4004 3770 τῶν
4043 3715 4201 3787 βασι-

2523 3797 2692 3853 λικῶν
2732 3800 2914 3854 αὑλῶν
2952 3801 3012 3853 τὸ
3062 3800 3325 3870 σπήλαιον
3378 3797 3474 3850 τοῦ
3518 3797 3747 3851 δικαίου.
3786 3797 3884 3851 Διά
3920 3797 4078 3850 τοῦτο
4110 3800 4203 3854 καὶ

2523 3881 2603 3943 είς
2638 3881 2729 3934 τὸν
2752 3881 2978 3953 οὑρανὸν
3013 3882 3202 3946 ἀνιὼν,
3233 3881 3382 3935 οὐδὲν
3422 3879 3632 3948 ἕτερον,
3677 3878 3792 3932 ἀλλ’
3821 3879 3854 3950 ἡ
3889 3879 3988 3950 τὴν
4017 3881 4201 3951 μηλωο

2521 3962 2622 4032 τὴν
2647 3963 2725 4034 τῷ
2766 3964 2981 4036 μαθητῇ
3017 3964 3296 4018 κατέλιπε.
3339 3960 3496 4015 Μετά
3529 3960 3756 4030 ταύτης,
3789 3961 3947 4030 φησὶ.
3981 3961 4060 4032 τῷ
4088 3963 4202 4017 δια-

2525 4045 2664 4116 ϐόλῳ
2687 4046 2978 4110 ἐπάλαισα,
3005 4045 3210 4116 ταύτην
3244 4043 3341 4097 καὶ
3365 4043 3430 4096 σὺ
3461 4040 3641 4095 λαϐὼν
3665 4040 3885 4105 όπλίζου
3910 4044 4031 4096 κατ’
4061 4044 4203 4098 ἐκεί-

2522 4144 2616 4181 νου
2631 4143 2646 4160 ο
2685 4130 2901 4201 ίσχυρὸν
2920 4129 3029 4202 γὰρ
3051 4129 3214 4182 ὅπλον
3239 4125 3617 4196 ἀκτημοσύνη,
3643 4125 3738 4178 καὶ
3761 4125 4202 4194 ἀκαταγώνιστον

2523 4213 2888 4282 καταγώγιον,
2924 4215 3018 4267 καὶ
3060 4212 3270 4281 πύργος
3311 4208 3630 4273 ἀσάλευτος.
3673 4208 3922 4274 Ἐδέξατο
3950 4209 4202 4283 καθάπερ

2525 4296 2789 4366 μεγίστην
2823 4293 3187 4365 κληρονομίαν
3233 4292 3333 4360 τὴν
3377 4290 3633 4364 μηλωτὴν
3660 4293 3688 4345 6
3729 4289 4062 4353 Ἐλισσαῖοςο
4108 4291 4202 4342 καὶ

2521 4378 2632 4448 γὰρ
2655 4374 2724 4450 ἦν
2754 4378 2972 4449 ἀληθῶς
3001 4376 3230 4448 μεγίστη
3264 4375 3618 4446 κληρονομία,
3652 4373 3851 4434 παντὸς
3879 4373 4104 4443 χρυσίου
4127 4389 4204 4424 τι-

2525 4463 2771 4533 μιωτέρα
2803 4459 2847 4514 ί.
2876 4460 2984 4513 Καὶ
3013 4456 3082 4530 ἦν
3112 4461 3175 4512 ἐκ
3223 4459 3343 4513 τότε
3368 4457 3593 4523 διπλοῦς
3643 4457 3830 4520 ’ίΙλίας
3854 4457 4081 4519 ἐκεῖνος,
4110 4456 4202 4508 καὶ

2519 4541 2590 4618 ῆν
2615 4546 2730 4600 ἀνω
2767 4542 2974 4607 Ἠλίας,
3014 4543 3110 4595 καὶ
3151 4541 3300 4596 κάτω
3345 4543 3546 4606 Ἠλίας.
3591 4537 3721 4596 Οἶδα
3754 4541 3834 4594 ὃτι
3867 4537 4202 4610 μακαρίζετε

2520 4631 2612 4682 τὸν
2651 4627 2864 4681 δίκαιον
2891 4627 3120 4688 ἐκεῖνον,
3151 4626 3246 4677 καὶ
3288 4624 3574 4678 ἐϐούλεσθε
3604 4623 3767 4687 αὑτὸς
3795 4623 4025 4684 ἕκαστος
4062 4623 4200 4675 ἐκεῖ-

2521 4730 2610 4775 νος
2631 4707 2791 4765 εἶναι.
2823 4710 2888 4763 Τί
2910 4705 3002 4762 οῦν
3032 4709 3098 4762 ἂν
3119 4709 3246 4780 ὑμίν
3266 4708 3529 4776 ὑποδείξω
3561 4711 3606 4775 8,
3629 4709 3709 4762 ὃτι
3735 4705 3920 4778 ἔτερόν
3946 4721 3998 4757 τι
4023 4705 4203 4778 πολλῷ

2526 4796 2711 4865 μεῖζον
2757 4794 2968 4848 ἐκείνου
2999 4793 3198 4858 πάντες
3228 4792 3492 4863 ἐλάϐομεν
3529 4793 3577 4847 οί
3611 4788 4201 4864 μεμυσταγωγημένοις

2608 4878 2670 4930 '0
2695 4876 2795 4947 μὲν
2825 4876 2934 4948 γὰρ
2972 4877 3156 4941 Ἠλίας
3192 4877 3450 4949 μηλωτὴν
3495 4875 3677 4947 ἀφῆκε
3709 4872 3788 4944 τῷ
3813 4871 4062 4944 μαθητῇ·
4088 4871 4116 4922 6
4145 4873 4204 4926 δέ

2525 4959 2654 5022 Υἱὸς
2687 4959 2783 5012 τοῦ
2809 4960 2945 5013 θεοῦ
2993 4960 3298 5015 ἀναϐαίνων
3325 4960 3426 5032 τὴν
3451 4962 3626 5031 σάρκα
3661 4959 3792 5028 ἡμῖν
3822 4955 4078 5009 κατέλιπε
4101 4956 4204 5024 τὴν

2524 5040 2750 5094 ἑαυτοῦ·
2785 5041 2899 5095 ἀλλ’
2926 5044 2954 5094 ὀ
2992 5043 3092 5114 μὲν
3136 5043 3324 5107 Ἠλίας
3351 5041 3784 5110 ἀποδυσάμενος,
3814 5041 3844 5092 6
3870 5039 3926 5091 δέ
3966 5038 4203 5108 Χριστὸς

2523 5124 2616 5176 καί
2656 5125 2789 5194 ἡμῖν
2815 5125 3094 5190 κατέλιπε,
3116 5127 3210 5181 καὶ
3253 5125 3394 5197 ἔχων
3432 5123 3600 5192 αὑτὴν
3633 5121 3851 5189 ἀνῆλθε.
3881 5118 3973 5189 Μὴ
4021 5117 4202 5173 τοίνυν

2523 5209 2976 5280 καταπίπτωμεν,
3027 5211 3161 5283 μηδὲ
3213 5206 3554 5279 όδυρώμεθα,
3602 5204 3737 5273 μηδὲ
3772 5201 4058 5256 δυσκολίαν
4101 5219 4200 5270 φο-

2524 5291 2748 5361 ϐώμεθα
2794 5295 3034 5367 καιρῶν
3065 5298 3094 5349 6
3122 5296 3230 5366 γάρ
3272 5293 3335 5345 τὸ
3377 5288 3516 5360 αἷμα
3553 5287 3716 5340 αὑτοῦ
3750 5286 3822 5356 μὴ
3859 5287 4200 5357 παραιτησά-

2526 5391 2686 5445 μενος
2721 5377 2861 5448 ὑπὲρ
2893 5379 3150 5434 ἀπάντων
3193 5375 3399 5444 ἐκχέαι.
3436 5371 3529 5424 καὶ
3559 5370 3657 5440 τῆς
3686 5369 3886 5440 σαρκὸς
3919 5373 4051 5440 ἡμῖν
4103 5387 4200 5439 με-

2520 5457 2716 5522 ταδοὺς
2742 5461 2834 5514 καὶ
2872 5463 3036 5515 αὑτοῦ
3064 5463 3092 5502 h
3118 5459 3213 5512 τοῦ
3244 5457 3474 5525 αἵματος
3502 5451 3684 5516 πάλιν,
3722 5454 3771 5504 τί
3800 5454 4199 5524 παραιτήσεται

2522 5541 2746 5612 ποιῆσαι
2768 5544 2870 5616 τῆς
2899 5544 3176 5617 ἡμετέρας
3206 5540 3391 5593 ἕνεκεν
3425 5535 3696 5608 σωτηρίας
3715 5551 3730 5599 ;
3752 5534 3989 5598 Ταύταις
4017 5533 4201 5588 τοίνυν

2580 5701 2608 5742 σι
2634 5704 2716 5754 Sic
2741 5704 2876 5754 Mor“
2911 5703 3026 5752 Sav.
3049 5701 3230 5750 omisso
3262 5699 3365 5746 ἀλλ’
3394 5695 3546 5746 habet
3576 5696 3664 5744 οὐκ
3685 5696 3909 5758 among.

2589 5766 2609 5826 τ
2636 5769 2786 5816 Savil.
2814 5773 2866 5814 el
2892 5765 3088 5826 quidam
3111 5761 3192 5826 gilii
3218 5759 3648 5826 67767066706“;

2586 5825 2606 5865 ί
2635 5829 2733 5878 Alii
2767 5823 2965 5889 χρυσίου
2987 5826 3068 5872 καὶ
3087 5824 3214 5870 λίθου
3236 5823 3396 5884 τιμίου
3421 5837 3606 5883 τιμιωτ.

2583 5893 2611 5927 κ
2637 5889 2736 5938 Alii
2768 5887 3004 5940 ἶπιδείξω.

2579 5948 2606 5987 h
2630 5937 2726 5999 Ᾱίίί
2752 5937 2979 6012 μεταδοὺς
2996 5952 3080 6004 τῆς
3094 5943 3292 6012 ἑαυτοῦ,
3314 5945 3394 6012 καὶ
3413 5941 3578 6012 αὑτοῦΣ
3601 5939 3739 6012 infra
3753 5947 3857 6008 post
3883 5937 4064 6012 ἐλπίσιν
4080 5943 4195 6012 _qui-

2517 6011 2626 6059 «iam
2652 6002 2834 6056 :iddiilit
2867 6002 3116 6070 ἀγαπητοί.
3150 6002 3383 6056 ίιιίιτιυιίἱ
3413 6010 3491 6054 καὶ
3522 6008 3615 6052 τῶν
3639 6005 3905 6064 μελλόντων
3924 6002 4196 6063 ἀξιωθῶμιν

2518 6074 2719 6120 ἀγαθῶν.
