4494 6666
423 439 488 495 ιδ
1363 435 1455 492 AD
1494 434 1761 492 POPULU
1771 433 1816 490 Μ
1857 433 2198 492 ΑΝΤΙΟΟΙῙΕ

1916 433 2350 491 NTIOCHENUM
2413 433 2642 490 HOMIL.
2684 432 2750 492 11.
3621 427 3691 481 ιε

427 554 540 608 haec
572 570 703 610 vero
727 556 1020 613 anhelitum
1049 565 1271 622 angens,
1296 557 1350 604 et
1378 547 1601 615 elidens,
1623 558 1678 604 et
1705 548 1900 604 multos
1926 551 2007 602 in-

428 641 605 698 ferens
633 645 874 712 dolores;
923 646 1016 700 sed
1065 649 1207 696 tanta
1252 647 1335 692 est
1372 637 1612 694 laborum
1640 640 1920 706 medicina,
1951 645 2010 692 ut

425 735 630 791 etiamsi
658 737 773 793 haec
796 736 955 790 ambo
983 733 1179 796 adsint,
1202 745 1387 784 servus
1405 730 1637 787 dormire
1664 731 1849 802 possit.
1875 730 2010 797 Quia

427 825 571 880 enim
597 828 735 882 servi
780 834 887 879 tota
924 823 1011 877 die
1048 821 1243 890 ubique
1275 820 1749 884 circumcursitant,
1781 819 2012 874 dominis

429 919 538 971 Suis
565 919 945 977 ministrantes,
973 913 1302 982 vapulantes.
1331 914 1652 979 laborantes,
1679 924 1732 969 et
1759 929 1826 968 ne
1851 912 2011 967 mini-

430 1023 574 1061 mum
600 1007 812 1078 quidem
834 1005 1178 1075 respirantes.
1198 1003 1546 1062 sufficientem
1559 1006 1927 1062 lassitudiuum
1958 1011 2015 1057 et

432 1098 670 1153 laborum
701 1097 912 1151 illorum
939 1096 1335 1152 retributionem
1364 1098 1598 1168 capiunt,
1625 1097 1675 1153 iu
1697 1091 2014 1151 dormiendo

431 1191 777 1257 voluptatem.
801 1188 870 1243 Et
894 1187 998 1242 hoc
1024 1187 1116 1242 Dei
1144 1189 1465 1259 benignitate
1491 1189 1685 1244 factum
1707 1197 1808 1252 est,
1829 1194 1884 1239 ut
1907 1198 2015 1237 non

432 1294 565 1332 auro
584 1287 640 1332 et
660 1287 901 1348 argento,
923 1279 1017 1334 sed
1046 1279 1246 1345 labore,
1266 1291 1320 1336 et
1343 1295 1600 1345 aerumna,
1621 1289 1677 1334 ct
1701 1277 2019 1332 necessitate

436 1378 491 1421 et
520 1370 662 1424 omni
685 1370 967 1439 disciplina
995 1371 1290 1439 voluptates
1316 1372 1422 1426 cmi
1447 1371 1675 1426 valeant.
1717 1369 1787 1421 At
1813 1381 1917 1419 non
1949 1365 2020 1418 ita

436 1461 664 1515 divites:
693 1462 786 1516 sed
817 1462 998 1516 stratis
1017 1463 1262 1518 mollibus
1276 1463 1535 1533 jacentes,
1555 1457 1826 1514 multoties
1856 1463 2021 1509 totam

439 1560 650 1604 noctem
681 1552 876 1605 ducunt
907 1552 1199 1607 insomnem
1223 1593 1238 1618 ,
1270 1563 1323 1608 et
1350 1552 1511 1606 multa
1538 1547 1904 1603 machinantes
1931 1544 2022 1598 tali

443 1659 549 1696 non
579 1642 822 1698 fruuntur
845 1645 1133 1716 voluptate.
1166 1648 1374 1716 Pauper
1407 1653 1586 1699 autem
1617 1657 1684 1697 ex
1711 1641 1917 1696 diurnis
1942 1641 2024 1696 la-

443 1734 662 1788 boribus
690 1749 933 1805 surgens,
959 1736 1246 1807 defatigata
1291 1736 1494 1791 habens
1533 1732 1773 1788 membra
1795 1772 1812 1796 ,
1854 1733 2028 1802 prius-

443 1843 604 1895 quam
635 1830 952 1898 recubuerit,
985 1832 1245 1900 integrum
1283 1839 1337 1884 et
1377 1841 1596 1883 suavem
1635 1835 1689 1880 et
1733 1825 2025 1895 legitimum

445 1934 692 1974 somnum
730 1922 983 1992 suscipit,
1011 1937 1118 1976 non
1149 1922 1390 1989 exiguam
1419 1926 1475 1973 et
1500 1918 1637 1972 hanc
1656 1916 1922 1986 justorum
1947 1915 2028 1969 la-

448 2011 635 2065 borum
674 2013 888 2082 capiens
930 2013 1254 2070 mercedem.
1308 2011 1438 2066 Cum
1483 2009 1641 2079 igitur
1673 2023 1794 2063 cum
1841 2005 2030 2076 majori

449 2103 716 2172 voluptate
745 2112 1017 2174 pauperet
1041 2103 1270 2158 dormiat
1299 2113 1353 2157 et
1375 2100 1521 2156 bibat
1549 2109 1604 2155 et
1632 2099 1897 2163 comedat,
1927 2111 2031 2167 qua

449 2197 617 2264 gratia
640 2207 797 2251 erunt
824 2198 1053 2267 amplius
1079 2196 1280 2250 divitiae
1304 2194 1499 2264 digna),
1530 2207 1688 2262 quam
1717 2191 2036 2246 videbantur

449 2301 608 2355 supra
636 2296 993 2356 paupertatem
1022 2285 1421 2356 pracmgativam
1467 2283 1664 2338 habere
1684 2324 1699 2349 ,
1739 2282 1837 2335 hac
1872 2281 2032 2336 etiam

450 2376 706 2445 privatae?
737 2376 1018 2445 Propterea
1051 2385 1104 2430 et
1133 2375 1200 2429 ab
1225 2375 1375 2428 initio
1400 2373 1535 2427 Deus
1567 2371 1767 2426 homini
1795 2370 2032 2424 laborem

452 2468 705 2536 alligavit,
735 2483 840 2520 non
864 2467 1086 2534 puniens
1114 2480 1284 2533 neque
1305 2465 1476 2532 ipsum
1501 2460 1896 2531 castigans,sed
1917 2474 2038 2514 cor-

454 2558 631 2625 rigens
658 2571 720 2610 ac
747 2556 965 2609 docens.
996 2555 1220 2619 Quando
1242 2554 1597 2608 illaboriosam
1624 2553 1784 2605 vitam
1815 2551 2041 2621 degebat

454 2646 647 2712 Adam,
681 2645 926 2714 paradiso
965 2644 1160 2698 excidit
1190 2661 1202 2697 :
1231 2643 1444 2713 quando
1478 2642 1795 2696 laboriosam
1822 2650 1875 2695 et
1899 2656 2040 2694 aeru-

458 2752 699 2790 mnosam
733 2737 925 2790 Paulus
946 2736 1134 2805 agebat
1157 2736 1342 2801 vitam,
1367 2751 1429 2789 ac
1456 2734 1685 2798 dicebat,
1711 2733 1776 2787 In
1807 2734 1976 2788 labore
1995 2741 2042 2787 et

459 2818 765 2886 teruntan
781 2814 998 2870 ϐου-,ιι
1017 2815 1110 2884 27)
1133 2822 1280 2867 nocte
1306 2823 1356 2868 et
1385 2813 1472 2868 die
1499 2829 1720 2884 operans
1740 2813 1816 2885 (Ι.
1839 2812 2019 2868 Thess.

461 2911 515 2963 6.
545 2911 622 2977 9),
647 2917 777 2962 tunc
821 2907 875 2961 in
908 2905 1218 2975 paradisum
1249 2916 1437 2974 raptus
1476 2913 1578 2971 est,
1607 2912 1662 2960 et
1706 2906 1926 2960 tertium
1968 2907 2022 2960 in

462 2999 660 3054 etelum
685 2997 947 3051 ascendit.
982 2994 1057 3048 Ne
1086 2996 1248 3064 igitur
1283 2996 1523 3049 laborem
1555 3011 1901 3066 respuamus,
1928 3011 2027 3051 nec

461 3089 830 3158 Operationem
866 3088 1250 3156 vituperemus.
1277 3086 1490 3141 Etenim
1509 3097 1635 3140 ante
1653 3087 1918 3141 caelorum
1937 3102 2026 3140 re-

463 3195 627 3248 gnum
647 3179 734 3232 hic
750 3179 1044 3231 maximum
1065 3178 1306 3246 capimus
1326 3178 1628 3244 praemium,
1645 3179 1836 3245 exipsa
1862 3194 1919 3232 re
1934 3192 2030 3230 vo-

465 3270 721 3336 luptatem
744 3274 1057 3322 sumentes:
1083 3282 1186 3320 non
1209 3276 1387 3319 autem
1413 3267 1745 3336 voluptatem
1790 3277 2028 3331 tantum,

463 3358 555 3412 sed
584 3367 656 3420 et,
678 3358 821 3426 quod
845 3357 1015 3412 multo
1035 3357 1310 3425 voluptate
1341 3358 1519 3426 majus
1545 3367 1648 3419 est,
1667 3359 2026 3427 purissimam

465 3452 772 3505 sanitatem.
793 3450 994 3504 Divites
1023 3450 1166 3504 enim
1195 3460 1390 3519 praeter
1421 3451 1807 3506 insuavitatem
1851 3454 2035 3508 multa

466 3538 813 3604 :ngritudines
842 3537 1120 3603 invadunt;
1141 3552 1406 3606 pauperes
1435 3547 1614 3592 autem
1637 3553 1666 3591 a
1690 3539 2027 3593 medicorum

466 3626 715 3678 manibus
738 3627 1008 3680 immunes
1039 3633 1185 3680 sunt.
1210 3625 1266 3679 Si
1297 3640 1425 3679 vero
1455 3641 1865 3694 nonnumquam
1894 3636 1949 3680 ct
1975 3627 2030 3680 in

466 3714 836 3780 a'gt'iludincm
858 3714 1117 3779 incidant,
1135 3714 1280 3769 brevi
1305 3715 1516 3783 seipsos
1539 3715 1866 3780 instaurant,
1883 3717 2026 3770 mol-

466 3801 576 3853 litic
599 3803 748 3854 omni
783 3802 955 3864 liberi.
977 3814 1030 3857 et
1057 3819 1287 3874 corpora
1317 3805 1539 3860 robusta
1574 3805 1854 3861 habentes.

548 3933 829 4004 Paupertas
868 3935 1119 4003 sapienter
1157 3935 1427 4006 ferentibus
1470 3949 1654 4003 magna
1701 3932 1962 4000 possessio.
1986 3963 2056 3973 ——

475 4025 657 4094 Magna
680 4027 947 4094 possessio
963 4035 1247 4096 paupertas
1267 4027 1534 4096 sapienter
1554 4025 1720 4093 ipsam
1743 4024 2052 4091 ferentibus,

476 4117 754 4172 thesaurus
796 4118 884 4187 qui
922 4126 1150 4187 nequeat
1194 4115 1408 4181 auferri,
1441 4116 1656 4169 baculus
1699 4115 2055 4182 firmissimus,

475 4210 650 4263 damni
673 4225 864 4280 expers
887 4210 1171 4281 possessio,
1188 4207 1534 4264 diversorium
1554 4207 1620 4261 ab
1638 4207 1842 4261 insidiis
1864 4215 2054 4261 tutum.

476 4304 545 4356 At
585 4303 920 4372 opprimitur,
953 4302 1142 4372 inquit,
1173 4316 1404 4370 pauper;
1451 4299 1544 4353 sed
1588 4299 1819 4367 majores
1840 4298 2058 4352 insidias

477 4393 624 4447 dives
650 4394 863 4464 patitur.
889 4392 1260 4448 Contemnitur
1281 4406 1480 4460 pauper
1506 4399 1560 4444 et
1583 4390 1920 4444 contumeliis
1945 4389 2060 4444 affi-

477 4484 643 4547 citur;
690 4483 782 4538 sed
809 4483 955 4538 diviti
989 4482 1271 4537 invidetur.
1302 4481 1418 4535 Non
1449 4489 1554 4533 tam
1582 4479 1948 4548 expugnabilis
1977 4488 2060 4534 est

480 4590 680 4643 pauper
719 4591 876 4646 quam
920 4575 1090 4641 dives,
1121 4574 1354 4629 infinitas
1393 4573 1627 4642 undique
1660 4580 1714 4626 et
1756 4571 1966 4625 diabolo
2006 4582 2061 4626 et

481 4667 877 4722 insidiatoribus
919 4669 1226 4723 occasiones
1270 4666 1545 4736 prmbens,
1596 4664 1831 4718 omnium
1877 4679 2062 4718 servus

481 4770 698 4827 pmpter
735 4759 954 4812 multam
997 4775 1176 4812 rerum
1222 4757 1639 4812 abundantiam:
1672 4755 1725 4809 in
1773 4755 2061 4808 multorum

484 4849 769 4919 indigentia
799 4850 1153 4912 constitutus,
1189 4858 1244 4903 et
1287 4849 1465 4903 multis
1507 4847 1710 4901 adulari
1754 4847 1979 4915 cogitur,
2012 4855 2066 4901 et

483 4955 602 4993 cum
647 4939 809 4994 multa
859 4939 1213 4993 illiberalitate
1257 4941 1493 5003 servire;
1551 4954 1754 5008 pauper
1797 4945 1971 4991 autem
2019 4938 2064 4992 si

487 5031 842 5101 philosophari
874 5030 1025 5095 sciat,
1057 5044 1228 5098 neque
1263 5029 1330 5082 ab
1371 5030 1486 5098 ipso
1526 5030 1740 5084 diabolo
1779 5029 2064 5099 expugnari

489 5136 682 5196 potest.
725 5125 826 5180 Job
859 5125 1015 5194 igitur
1044 5131 1237 5178 etante
1267 5121 1366 5176 hoc
1393 5137 1513 5174 cum
1543 5122 1690 5175 fortis
1721 5130 1882 5186 esset,
1916 5129 2064 5190 post~

484 5235 641 5288 quam
670 5219 845 5273 omnia
876 5217 1073 5283 amisit,
1108 5225 1231 5270 tunc
1271 5214 1440 5268 factus
1473 5221 1556 5267 est
1595 5213 1801 5276 fortior,
1830 5221 1886 5266 et
1918 5228 2069 5282 egre-

489 5313 626 5380 giam
657 5321 840 5366 contra
862 5311 1128 5366 diabolum
1161 5307 1435 5363 victoriam
1464 5306 1772 5373 reportavit.
1802 5305 2066 5358 Prteterea

488 5422 612 5482 vero
644 5421 742 5460 nec
771 5406 1016 5474 injuriam
1047 5405 1151 5474 pati
1175 5418 1374 5474 pauper
1403 5406 1604 5470 potest,
1637 5398 1678 5450 si
1711 5395 2067 5465 philosotihari

488 5498 684 5552 scierit.
717 5497 867 5565 Quod
896 5498 1036 5552 enim
1067 5497 1174 5551 dixi
1199 5497 1265 5552 de
1295 5495 1578 5564 voluptate,
1604 5491 1742 5561 quod
1779 5505 1839 5544 ea
1877 5505 1981 5543 non
2016 5490 2069 5544 in

491 5592 728 5644 ciborum
776 5599 1051 5659 apparatu,
1101 5588 1195 5644 sed
1244 5590 1295 5642 iu
1335 5584 1721 5643 comedentium
1766 5583 1835 5635 sit
1877 5580 2070 5635 afl‘ectu

492 5683 660 5751 posita
693 5703 707 5738 :
741 5683 841 5739 hoc
867 5693 919 5737 et
948 5682 1013 5737 de
1039 5681 1360 5736 contumelia
1392 5681 1543 5744 dico,
1575 5676 1715 5747 quod
1750 5673 2071 5729 contumelia

494 5791 599 5828 non
626 5775 692 5830 ab
719 5774 1054 5831 inferentium
1078 5774 1363 5839 sententia,
1388 5773 1480 5828 sed
1502 5787 1528 5825 a
1550 5767 1856 5841 patientium
1880 5765 2070 5820 affectu

498 5873 847 5926 constituatur
878 5868 960 5925 vel
985 5866 1309 5924 destruatur.
1331 5864 1490 5921 Verbi
1520 5861 1710 5933 gratia,
1735 5860 1897 5915 multa
1925 5857 2068 5926 quis-

2120 550 2259 617 piam
2287 546 2338 599 in
2373 554 2422 598 te
2451 544 2603 598 fanda
2625 555 2782 614 atque
2800 539 3025 598 nefanda
3046 536 3282 595 convicia
3303 534 3476 591 dixit?
3504 535 3547 589 si
3571 552 3695 588 eun.

2118 636 2364 692 tumelias
2392 634 2663 699 deriseris,
2691 635 2734 687 si
2765 633 2922 686 verba
2949 645 3056 684 non
3081 627 3374 698 acceperis,
3402 633 3454 679 et
3480 624 3698 678 vulnere

2119 726 2365 796 superior
2384 725 2477 787 sis,
2493 724 2870 779 contumeliam
2901 735 3005 775 non
3030 736 3089 775 es
3115 733 3326 790 passus.
3357 717 3422 770 Et
3446 714 3700 786 quemad-

2119 817 2337 872 modum
2355 816 2401 870 si
2416 831 2606 884 eorpus
2620 812 3022 869 adamantinum
3049 813 3388 875 haberemus,
3419 809 3519 863 etsi
3548 808 3703 860 innu-

2121 907 2284 961 meris
2333 905 2562 975 undique
2606 905 2728 959 telis
2765 912 3092 972 peteremur,
3135 917 3239 954 non
3278 911 3453 954 tamen
3485 897 3702 950 vulnera

2120 997 2478 1065 reciperemus
2501 1013 2514 1049 :
2539 1011 2645 1050 non
2675 993 2820 1049 enim
2848 1007 2876 1045 a
2904 1007 3063 1045 manu
3091 993 3190 1045 tela
3219 999 3516 1059 torquente,
3547 987 3640 1042 sed
3675 1003 3706 1039 a

2123 1087 2434 1157 corporibus
2459 1085 2780 1155 patientibus
2806 1082 3027 1137 vulnera
3053 1082 3184 1136 fiunt
3213 1099 3226 1134 :
3252 1084 3329 1135 sic
3365 1091 3418 1135 et
3457 1081 3562 1141 hic,
3597 1094 3703 1132 non

2123 1195 2153 1232 a
2181 1179 2524 1248 petulantium
2559 1176 2766 1232 insania
2788 1215 2801 1241 ,
2831 1173 2926 1229 sed
2951 1188 2982 1227 a
3014 1173 3320 1242 patientium
3344 1171 3706 1226 imbecillitate

2125 1271 2333 1338 injuria:
2358 1280 2412 1324 et
2434 1266 2772 1323 contumelia:
2794 1265 3214 1320 constituuntur.
3235 1261 3292 1317 Si
3310 1265 3453 1316 enim
3476 1261 3707 1330 philoso-

2127 1365 2277 1434 phari
2307 1365 2570 1428 sciamus,
2601 1377 2702 1418 nec
2728 1359 3052 1417 contumelia
3086 1356 3226 1412 afﬁci
3257 1370 3537 1425 possumus
3560 1395 3576 1422 ,
3611 1369 3709 1409 nec

2129 1457 2414 1526 quidquam
2445 1470 2605 1525 grave
2635 1454 2762 1523 pati.
2807 1451 3013 1521 Aliquis
3058 1449 3308 1518 injuriam
3352 1448 3561 1511 intulit,
3602 1461 3709 1500 non

2130 1546 2341 1602 sensisti
2370 1561 2468 1600 nec
2492 1544 2743 1598 doluisti?
2786 1556 2895 1596 non
2919 1556 2979 1595 es
3011 1538 3255 1609 iujuriam
3291 1550 3509 1608 passus,
3540 1536 3630 1590 sed
3658 1544 3715 1590 et

2132 1639 2300 1708 magis
2327 1636 2662 1707 percussisti,
2691 1648 2852 1704 quam
2886 1645 3171 1702 percussus
3190 1645 3271 1685 es.
3297 1629 3433 1684 Cum
3459 1627 3602 1682 enim
3624 1627 3714 1696 qui

2131 1729 2506 1785 contumeliam
2534 1726 2729 1792 intulit,
2759 1725 2966 1795 plagam
3000 1736 3150 1777 suam
3177 1721 3243 1775 ad
3273 1722 3580 1791 patientium
3602 1719 3717 1773 ani:

2132 1838 2273 1877 mam
2300 1837 2405 1876 non
2431 1820 2829 1892 pervenientem
2849 1814 3063 1880 viderit,
3089 1814 3204 1883 ipse
3229 1813 3484 1882 majorem
3512 1812 3564 1865 in
3595 1825 3715 1865 mo-

2133 1915 2260 1969 dum
2287 1913 2530 1968 roditur:
2561 1919 2616 1965 et
2643 1909 2942 1965 tacentibus
2963 1907 3047 1971 iis,
3078 1905 3167 1975 qui
3207 1903 3584 1960 contumeliam
3622 1919 3718 1972 pa-

2135 2007 2356 2067 tiuntur,
2382 2011 2571 2072 sponte
2585 1999 3027 2056 contumeliarum
3048 1997 3198 2067 plaga
3211 2004 3394 2050 contra
3420 1995 3718 2049 mittentem

2136 2110 2394 2152 conversa
2421 2093 2664 2148 infertur.

2209 2186 2265 2244 9.
2306 2186 2363 2241 ln
2404 2184 2651 2240 omnibus
2686 2182 2844 2254 igitur
2882 2179 3342 2251 pbilosophemur,
3369 2173 3719 2237 dilectissimi,

2138 2288 2192 2333 et
2218 2277 2347 2332 nihil
2384 2291 2481 2331 nos
2519 2275 2694 2344 inopia
2735 2272 2930 2327 laedere
2966 2271 3164 2340 poterit
3194 2285 3209 2325 :
3237 2267 3362 2338 quin
3403 2275 3456 2321 et
3494 2264 3723 2319 maxime

2139 2367 2409 2436 adjuvabit
2434 2376 2488 2422 et
2507 2365 2767 2419 clariores
2787 2363 2995 2429 reddet,
3024 2372 3079 2416 et
3099 2360 3346 2415 omnibus
3367 2355 3617 2412 divitibus
3641 2371 3726 2408 co-

2141 2459 2421 2528 piosiores.
2449 2456 2585 2523 Quid
2607 2456 2771 2522 enim,
2800 2455 2886 2509 dic
2916 2454 3068 2518 mihi,
3093 2453 3241 2508 Helia
3264 2448 3588 2521 pauperius?
3617 2445 3722 2500 Sed

2144 2559 2426 2620 propterea
2451 2561 2638 2600 omnes
2658 2547 2849 2600 divites
2871 2544 3135 2609 vincebat,
3158 2541 3407 2611 quoniam
3431 2539 3508 2591 sic
3529 2551 3729 2605 pauper

2145 2654 2267 2694 cum
2293 2643 2457 2700 esset,
2487 2636 2656 2704 ipsam
2696 2640 3066 2703 paupertatem
3110 2646 3173 2685 ex
3221 2628 3415 2684 mentis
3457 2625 3728 2695 Opulentia

2145 2730 2326 2802 elegit.
2374 2728 2637 2796 Quoniam
2683 2727 2828 2781 enim
2869 2738 3083 2779 omnem
3133 2721 3475 2792 pecuniarum
3521 2719 3727 2784 capiant

2146 2822 2308 2877 animi
2352 2821 2432 2875 sui
2485 2817 2852 2888 magnitudine
2890 2829 3011 2869 esse
3050 2813 3250 2883 putavit
3280 2809 3607 2875 inferiorem,
3632 2821 3730 2860 nec

2147 2913 2478 2985 philosophia
2509 2927 2602 2967 sua
2628 2910 2841 2981 dignam
2874 2924 2888 2961 :
2919 2907 3038 2963 ideo
3067 2913 3263 2960 tantam
3294 2902 3601 2974 pauperiem
3626 2913 3734 2952 am-

2147 3007 2390 3076 plexatus
2419 3012 2519 3058 est.
2552 3001 2703 3068 Quod
2736 3003 2780 3054 sl
2809 3012 2998 3068 magna
3027 2995 3307 3067 praesentia
3337 2999 3596 3062 putasset,
3626 3003 3733 3042 non

2148 3097 2317 3151 solam
2368 3094 2600 3149 meloten
2647 3090 3005 3160 possedisset;
3051 3086 3144 3140 sed
3190 3086 3258 3138 ita
3298 3085 3416 3137 vitae
3446 3082 3733 3136 vanitatem

2149 3184 2549 3249 condemnavit,
2595 3191 2648 3237 et
2686 3190 2955 3249 tamquam
2994 3178 3161 3232 lutum
3209 3175 3502 3243 projectum
3544 3187 3732 3225 aurum

2151 3293 2312 3333 omne
2333 3276 2592 3344 despexit,
2618 3283 2672 3327 ut
2696 3280 2888 3342 praeter
2907 3270 3156 3323 amictum
3185 3267 3330 3320 illum
3361 3264 3487 3318 nihil
3510 3262 3736 3331 amplius

2152 3369 2469 3441 possideret.
2517 3367 2717 3420 Idcirco
2742 3379 2831 3417 rex
2866 3374 3096 3431 paupere
3125 3357 3432 3427 indigebat,
3473 3365 3527 3409 et
3558 3353 3736 3407 verbis

2153 3461 2284 3516 nihil
2312 3459 2434 3530 plus
2463 3472 2618 3528 quam
2649 3452 2887 3509 meloten
2913 3450 3161 3505 habentis
3201 3447 3468 3510 inhiabat,
3496 3445 3585 3514 qui
3615 3456 3734 3498 lan-

2155 3560 2267 3606 tum
2320 3548 2548 3603 habebat
2593 3544 2706 3597 auri
2737 3559 2752 3597 :
2779 3540 2917 3596 adeo
2959 3537 3289 3609 splendidior
3337 3550 3567 3604 purpura
3623 3542 3738 3587 erat

2153 3641 2384 3703 melote,
2425 3647 2479 3691 et
2515 3634 2782 3705 regalibus
2812 3631 2948 3687 aulis
2969 3630 3097 3700 justi
3129 3629 3401 3698 spelunca.
3455 3627 3739 3694 Propterea

2153 3744 2209 3790 et
2238 3735 2290 3787 in
2315 3731 2502 3786 caelum
2525 3727 2841 3792 ascendens,
2867 3725 2996 3779 nihil
3025 3723 3164 3777 aliud
3194 3737 3351 3791 quam
3401 3719 3629 3774 meloten
3661 3717 3744 3771 di-

2155 3822 2361 3892 scipulo
2385 3820 2598 3890 reliquit
2627 3819 2701 3891 (4.
2727 3817 2945 3888 Reg.2).
2970 3815 3100 3870 Cum
3128 3814 3247 3878 hac,
3281 3812 3465 3881 inquit.
3490 3826 3608 3866 cum
3631 3812 3745 3864 dia-

2159 3913 2285 3967 bolo
2309 3911 2561 3983 pugnavi,
2589 3920 2643 3964 et
2669 3918 2722 3963 tu
2750 3919 2937 3963 contra
2964 3907 3109 3961 illum
3141 3906 3278 3959 hanc
3303 3910 3627 3957 armaturam
3656 3917 3746 3955 ca-

2161 4004 2295 4073 pies.
2328 4003 2571 4057 Validum
2601 4001 2746 4057 enim
2773 4000 2934 4054 telum
2963 3998 3136 4067 inopia
3159 4038 3172 4057 ,
3205 3993 3612 4066 inexpugnabile
3648 3992 3746 4046 ha-

2162 4093 2476 4160 bitaculum,
2504 4104 2558 4148 et
2589 4093 2749 4146 turris
2775 4092 3114 4145 inconcussa.
3141 4087 3432 4157 Tamquam
3462 4087 3746 4139 maximam

2165 4185 2513 4240 hereditatem
2558 4183 2780 4238 Elismus
2816 4180 3049 4235 meloten
3086 4179 3318 4246 suscepit
3352 4195 3364 4230 :
3397 4177 3593 4231 etenim
3624 4191 3750 4230 vere

2162 4276 2394 4331 maxima
2415 4272 2517 4329 fuit
2529 4269 2999 4336 hzereditas,omni
3022 4283 3154 4322 auro
3178 4269 3193 4298 ¹
3221 4267 3522 4336 pretiosior.
3547 4266 3615 4319 Et
3636 4275 3752 4318 erat

2164 4365 2387 4436 posthac
2426 4365 2621 4435 duplex
2661 4362 2839 4418 Helias
2881 4360 2993 4424 ille,
3021 4359 3092 4413 ita
3125 4367 3182 4412 ut
3215 4373 3425 4411 sursum
3471 4356 3669 4418 Helias,
3698 4363 3753 4409 ct

2163 4458 2415 4513 deorsum
2445 4456 2623 4510 Helias
2648 4462 2812 4510 esset.
2852 4451 2986 4508 Novi
3013 4465 3108 4506 vos
3131 4451 3332 4520 justum
3361 4450 3505 4503 illum
3536 4449 3751 4503 beatum

2166 4558 2372 4618 putare,
2396 4547 2738 4618 singulosque
2759 4559 2956 4614 cupere
2981 4557 3103 4597 eum
3132 4542 3305 4611 ipsum
3332 4555 3471 4595 esse.
3494 4540 3628 4608 Quid
3653 4541 3753 4608 igi-

2169 4652 2276 4705 tur,
2308 4641 2354 4694 si
2382 4639 2533 4694 vobis
2553 4639 2993 4693 demonstravero
3014 4633 3153 4703 quod
3180 4632 3318 4687 aliud
3343 4633 3433 4686 illo
3453 4633 3621 4685 multo
3647 4648 3755 4684 ma~

2166 4733 2256 4802 jus
2282 4747 2472 4788 onmes
2496 4729 2663 4785 sacris
2684 4727 2952 4797 mysteriis
2984 4724 3166 4778 imbuti
3197 4723 3595 4790 receperimus?

2241 4822 2406 4877 Locus
2432 4821 2639 4890 insignis
2663 4820 2725 4872 de
2750 4817 2811 4873 S.
2848 4816 3187 4869 Eucltaristice
3215 4815 3436 4868 veritate.
3465 4841 3536 4851 —
3574 4811 3755 4866 llelias

2172 4932 2364 4986 nempe
2391 4915 2619 4970 meloten
2646 4912 2909 4982 discipulo
2937 4910 3185 4979 reliquit;
3237 4908 3401 4961 Filius
3437 4917 3614 4961 autem
3663 4907 3754 4958 Dei

2173 5006 2496 5068 ascendens,
2530 5019 2680 5058 suam
2709 5004 2862 5058 nobis
2891 5016 3108 5056 carnem
3149 4998 3390 5065 reliquit;
3440 4997 3531 5050 sed
3579 4995 3756 5048 llelias

2173 5097 2385 5166 quidem
2416 5105 2608 5149 exutus
2635 5134 2648 5160 ,
2679 5094 2924 5147 Christus
2948 5101 3123 5146 autem
3165 5101 3218 5143 et
3259 5087 3410 5141 nobis
3438 5085 3670 5154 reliquit,
3704 5095 3757 5138 et

2177 5187 2344 5256 ipsam
2372 5186 2572 5239 habens
2597 5184 2850 5241 ascendit.
2883 5183 2959 5237 Ne
2987 5183 3144 5252 igitur
3168 5181 3346 5231 animo
3373 5176 3716 5230 concidamus
3743 5216 3755 5236 ,

2178 5295 2350 5349 neque
2390 5277 2781 5340 lamentemur,
2825 5289 2996 5343 neque
3045 5282 3342 5338 temporum
3391 5266 3757 5320 difficultatem

2179 5373 2478 5425 timeamus.
2502 5367 2602 5434 Qui
2625 5366 2765 5421 enim
2787 5364 3093 5432 sanguinem
3116 5374 3269 5413 suum
3298 5372 3394 5428 pro
3413 5357 3664 5411 omnibus
3685 5357 3761 5410 ef-

2181 5462 2401 5517 fundere
2447 5476 2552 5512 non
2596 5457 2882 5521 recusavit,
2913 5463 2966 5508 et
3011 5466 3232 5506 carnem
3273 5465 3446 5513 suam,
3478 5457 3532 5503 et
3579 5463 3760 5502 rursus

2182 5556 2350 5624 ipsum
2374 5551 2684 5621 sanguinem
2709 5548 2860 5603 nobis
2879 5544 3310 5606 communicavit,
3331 5540 3456 5611 quid
3479 5557 3574 5611 pro
3593 5541 3761 5594 salute

2183 5659 2361 5703 nostra
2386 5645 2563 5700 facere
2590 5641 2890 5699 recusabit?
2918 5638 3025 5694 llac
3046 5637 3204 5708 igitur
3225 5650 3320 5706 5pc
3347 5633 3569 5688 fidentes
3592 5632 3760 5700 ipsum

2182 5743 2432 5800 continue
2478 5753 2746 5810 rogemus,
2789 5743 2844 5790 et
2894 5733 3141 5804 precibus
3185 5725 3764 5801 supplicationibusque

2251 5861 2265 5891 ί
2305 5859 2391 5909 Alii
2416 5872 2425 5904 :
2447 5862 2502 5906 ει
2528 5852 2689 5920 lapide
2705 5847 2924 5917 pretioso.
