4494 6684
717 437 784 491 ω
1387 437 1443 493 S.
1484 436 1760 494 JOANNIS
1796 435 2269 494 CIIRYSOSTOMI
2309 435 2622 492 ARClllEP.
2663 433 3206 494 CONSTANTINOP.
3919 440 3986 498 ω

718 568 994 619 vacemus,
1027 562 1079 607 et
1109 552 1323 621 reliqure
1351 551 1560 605 virtutis
1583 566 1704 606 eum
1733 553 1877 606 omni
1909 551 2176 622 diligentia
2204 566 2301 605 cu-

722 663 836 701 ram
865 645 1174 710 habeamus,
1202 653 1261 697 ut
1295 652 1348 698 et
1378 644 1582 696 in~.tans
1613 644 1878 712 fugiamus
1906 642 2218 712 periculum,
2247 651 2304 696 et

725 739 896 789 futura
928 749 1272 805 assequamur
1313 734 1446 787 bona
1479 753 1490 785 :
1523 734 1716 802 quibus
1763 750 1860 787 nos
1893 749 2079 786 onmes
2118 733 2306 801 dignos

2407 551 2615 606 censeri
2646 548 2938 618 contingat,
2961 553 3126 620 gratia
3155 561 3208 607 et
3232 551 3558 621 benignitate
3579 549 3788 605 Domini
3819 554 3987 610 nostri

2409 643 2538 698 Jesu
2564 641 2758 696 Christi
2783 683 2798 706 ,
2842 656 2934 709 per
2961 658 3118 710 quem
3144 652 3200 698 et
3227 660 3348 699 cum
3369 658 3476 715 quo
3502 641 3642 696 Patri
3666 641 3857 712 gloria,
3887 659 3990 700 una

2407 750 2528 789 cum
2555 734 2750 803 Spiritu
2777 732 2996 797 Sancto,
3027 733 3078 785 in
3105 733 3302 788 smcula
3325 733 3664 790 szeculorum.
3693 735 3884 789 Amen.

3125 861 3198 873 ~

3202 863 3462 874 —-——_——

730 957 793 1000 IN
828 957 1307 1001 PBOFECTIONEM
1353 958 1627 1002 EPISCOPI
1656 957 1972 1011 FLAVIANI,
2020 956 2138 1004 PRO
2182 957 2477 1000 CIVITATE
2507 959 2590 999 AD
2616 954 3073 1000 IMPERATOREM
3099 955 3503 1001 LEGATIONEM
3530 955 3838 1000 OBEUNTIS
3869 956 3883 992 τ
3920 955 4000 996 ΕΤ

811 1059 1112 1110 ρυουΝΑΜ
1165 1060 1382 1102 VERUM
1445 1061 1544 1103 SIT
1571 1059 1880 1102 JEJUNIUM

818 1259 1066 1305 νυνι-οε
1115 1260 1413 1305 mvoxros
1470 1257 1698 1303 carros
1742 1257 1886 1300 esse
1925 1241 1968 1298 '.

1927 1061 1942 1098 ζ
1991 1059 2072 1100 ΕΤ
2114 1057 2284 1110 QUOD
2327 1059 2710 1099 DETRAHERE
2753 1058 2930 1110 QUAM
2983 1057 3306 1101 HUHANUM
3348 1059 3586 1103 COBPUS
3654 1060 3998 1106 COMEDEBE

815 1159 1000 1202 PEJUS
1046 1161 1190 1203 SIT:
1229 1160 1307 1202 ET
1349 1161 1432 1202 DE
1471 1159 1808 1204 JUGULATIS
1869 1158 2157 1202 PROPTER
2217 1159 2602 1204 SEDITIONEM

2653 1161 2668 1199 2
2715 1161 2796 1202 ET
2837 1161 3158 1206 ADVERSUS
3197 1162 3308 1206 EOS
3360 1161 3469 1216 QUI
3511 1161 4003 1218 QUEREBANTUR,

2157 1403 2570 1448 “W

1376 1532 1590 1570 UOHILIA
1631 1531 1708 1570 Ill.

821 1613 868 1664 l.
903 1609 1174 1662 Flarianus
1213 1606 1580 1676 Imperatorem
1621 1609 1916 1675 placaturus
1960 1606 2318 1659 Constantino-

751 1703 888 1770 polin
927 1698 1484 1771 petierat.—Quando
1521 1698 1587 1752 ad
1619 1697 1801 1753 sedem
1846 1697 1980 1749 hanc
2018 1695 2324 1749 derelictam

747 1809 799 1844 et
831 1789 1086 1860 magistro
1115 1804 1335 1848 vacuam
1369 1787 1618 1857 respicio,
1648 1785 1854 1856 gaudeo
1881 1785 2036 1839 simul
2069 1794 2121 1838 et
2149 1785 2326 1854 lacry-

747 1881 1134 1951 mozlacrymo
1177 1878 1429 1948 quidem,
1475 1876 1615 1946 quod
1665 1887 1978 1946 prresentem
2023 1891 2132 1930 non
2176 1875 2333 1930 video

749 1980 992 2038 patrem;
1029 1967 1234 2038 gaudeo
1272 1975 1449 2021 autem
1481 1965 1622 2035 quod
1653 1981 1750 2036 pro
1793 1966 1966 2020 salute
1993 1974 2174 2020 nostra
2204 1981 2332 2036 pro-

756 2062 953 2126 fectus,
999 2060 1127 2113 abiit
1170 2067 1373 2112 tantum
1413 2058 1662 2127 populum
1707 2071 1737 2110 a
1778 2056 1956 2111 furore
1999 2055 2338 2125 Imperatoris

752 2163 1058 2221 erepturus.
1087 2151 1200 2205 [loc
1233 2159 1287 2206 et
1320 2149 1471 2204 vobis
1507 2157 1878 2202 ornamentum
1905 2157 2019 2212 est,
2065 2157 2118 2201 et
2147 2148 2222 2202 illi
2247 2162 2338 2203 co-

753 2257 914 2307 rona;
962 2250 1335 2296 ornamentum
1382 2239 1572 2303 vobis,
1620 2237 1761 2307 quod
1803 2238 1958 2291 talem
2008 2236 2124 2290 sitis
2165 2237 2337 2290 sortiti

753 2344 992 2404 patrem;
1025 2341 1078 2386 et
1103 2331 1181 2385 illi
1211 2345 1432 2392 corona,
1456 2328 1597 2398 quod
1623 2329 1762 2382 circa
1796 2327 1930 2380 ﬁlios
1953 2336 2056 2380 tam
2081 2325 2340 2396 benignus

753 2424 844 2487 sit,
871 2431 925 2476 et
949 2436 978 2474 a
999 2420 1214 2476 Christo
1240 2419 1438 2473 dictum
1469 2432 1567 2489 per
1587 2430 1748 2484 opera
1775 2414 2190 2469 conﬁrmaverit.
2224 2417 2336 2467 Au-

754 2513 907 2567 diens
936 2511 1077 2566 enim
1109 2509 1274 2576 illud,
1323 2508 1509 2562 Pastor
1555 2507 1714 2560 bonus
1758 2505 1981 2559 animam
2018 2521 2161 2558 suam
2203 2503 2343 2572 ponit

765 2623 859 2676 pro
884 2605 1057 2658 ovibus
1087 2601 1269 2671 (Joan.
1305 2601 1391 2656 10.
1425 2600 1540 2670 ll),
1581 2599 1712 2653 abiit
1757 2611 1854 2666 pro
1887 2597 2040 2651 nobis
2063 2596 2344 2660 omnibus,

761 2695 992 2748 animam
1020 2707 1171 2746 suam
1203 2691 1501 2760 positurus,
1534 2689 1632 2743 etsi
1663 2686 1826 2741 multa
1854 2695 2147 2754 erantqure
2175 2685 2345 2752 ipsum

760 2785 908 2838 abire
937 2781 1314 2852 prohiberent,
1357 2789 1411 2834 et
1437 2792 1656 2832 manere
1685 2783 1940 2845 cogerent
1972 2793 1985 2828 :
2018 2775 2191 2842 primo
2218 2781 2348 2827 tetas

761 2874 829 2928 ad
877 2874 1117 2927 ultimam
1161 2877 1408 2940 provecta
1459 2875 1828 2929 senectutem,
1873 2873 2057 2934 postea
2109 2863 2350 2931 corporis

763 2965 1100 3022 imbecillitas
1124 3004 1139 3030 ,
1170 2971 1222 3016 et
1249 2960 1372 3015 anni
1404 2969 1612 3029 tempus
1632 2999 1647 3023 ,
1696 2966 1750 3010 et
1791 2964 1986 3010 sancta:
2026 2951 2350 3008 celebritatis

767 3056 1090 3120 necessitas,
1115 3052 1182 3108 ad
1207 3053 1322 3106 haec
1346 3050 1499 3105 unica
1524 3063 1679 3103 soror
1704 3048 1757 3100 in
1797 3055 2042 3100 extremo
2063 3043 2350 3096 constituta

767 3150 980 3221 spiritu.
1008 3147 1111 3204 Sed
1141 3156 1316 3200 tamen
1367 3152 1421 3200 et
1478 3139 1987 3210 consanguinitatem
2018 3135 2278 3204 despexit,
2299 3141 2353 3187 et

768 3249 1118 3299 senectutem,
1145 3245 1198 3290 et
1221 3232 1640 3290 imbecillitatem
1659 3270 1673 3296 ,
1703 3239 1758 3284 et
1787 3227 2042 3296 temporis
2068 3223 2352 3279 difﬁculta-

767 3341 899 3398 tem,
927 3341 979 3386 et
1005 3327 1208 3383 itineris
1235 3324 1575 3394 asperitatem
1600 3339 1613 3375 :
1636 3329 1691 3375 et
1710 3317 1958 3382 omnibus
1979 3331 2074 3369 vos
2096 3325 2355 3369 vestram-

767 3437 872 3490 que
897 3419 1120 3474 salutem
1144 3428 1480 3487 prreponens,
1507 3411 1624 3468 lucc
1649 3409 1828 3464 omnia
1855 3407 2062 3462 vincula
2091 3403 2318 3470 disrupit
2338 3441 2354 3467 ,

770 3523 826 3568 et
845 3527 944 3568 ceu
968 3510 1179 3580 juvenis
1205 3508 1372 3563 fertur
1394 3519 1581 3570 senex,
1606 3516 1749 3557 nunc
1771 3501 1943 3553 alatus
1967 3496 2128 3552 animi
2158 3493 2361 3564 magni-

774 3603 959 3657 tudine
989 3600 1176 3655 factus.
1205 3598 1260 3654 Si
1297 3597 1440 3652 enim
1471 3595 1747 3659 Christus,
1778 3590 1977 3661 inquit,
2003 3588 2236 3658 scipsum
2262 3597 2360 3653 pro

775 3693 932 3747 nobis
972 3689 1136 3755 dedit,
1184 3702 1286 3758 qua
1333 3698 1574 3742 essemus
1610 3697 1710 3738 nos
1751 3679 2096 3736 excusatione
2124 3684 2178 3728 et
2206 3673 2359 3728 venia

776 3779 957 3851 digni,
991 3778 1120 3833 tanti
1148 3774 1444 3832 custodiam
1471 3771 1653 3847 populi
1691 3769 1947 3825 creditam
1973 3764 2232 3820 habentes
2254 3802 2272 3828 ,
2306 3769 2363 3817 et

777 3889 883 3928 non
909 3872 1166 3941 eligentes
1190 3867 1366 3922 omnia
1392 3875 1445 3921 et
1475 3864 1653 3920 facere
1682 3871 1736 3917 et
1772 3861 1879 3930 pati
1907 3873 2005 3928 pro
2034 3855 2362 3911 creditorum

777 3964 934 4019 nobis
958 3959 1282 4018 securitate?
1321 3957 1376 4014 Si
1419 3956 1562 4012 enim
1608 3951 1938 4023 patriarcha,
1969 3947 2171 4018 inquit,
2200 3943 2366 4000 Jacob

781 4052 1074 4124 pecudibus
1103 4049 1419 4120 praepositus
1447 4087 1463 4112 ,
1504 4058 1632 4099 oves
1660 4038 1994 4096 irrationales
2025 4049 2280 4106 pascens,
2311 4041 2366 4089 et

782 4141 982 4198 homini
1006 4141 1262 4195 rationem
1282 4133 1607 4199 redditurus,
1628 4139 1808 4186 noctes
1827 4125 2056 4190 ducebat
2074 4126 2362 4188 insomnes,

784 4245 839 4288 et
864 4244 1082 4297 aestum,
1111 4231 1230 4302 gelu
1255 4271 1270 4294 ,
1311 4239 1632 4298 omnemque
1661 4223 1800 4278 aeris
1826 4217 2195 4287 intemperiem
2227 4213 2367 4269 fere-

783 4327 908 4390 bat,
955 4337 1014 4379 ut
1051 4323 1194 4379 nulla
1239 4321 1448 4376 illarum
1493 4315 1755 4388 pecudum
1805 4312 2006 4383 periret
2048 4307 2202 4379 (Gen.
2231 4305 2365 4374 9.9):

787 4419 958 4472 multo
982 4416 1150 4485 magis
1170 4429 1270 4468 nos
1296 4426 1402 4465 non
1435 4405 1852 4469 irrationalibus,
1888 4401 1981 4456 scd
2007 4397 2371 4468 Spiritualibus

791 4511 978 4565 nvibus
995 4506 1329 4577 prmpositos,
1348 4512 1402 4557 et
1423 4516 1529 4555 non
1552 4497 1778 4559 homini,
1803 4493 1898 4549 sed
1916 4494 2023 4547 Deo
2046 4490 2372 4560 prrefeeturae

791 4601 950 4671 hujus
975 4598 1233 4654 rationem
1262 4593 1562 4648 reddituros
1585 4630 1602 4656 ,
1641 4587 1708 4641 ad
1734 4583 1863 4639 nihil
1891 4591 2101 4650 torpere
2128 4587 2183 4634 et
2210 4577 2373 4646 tergi-

792 4669 994 4748 versari
1025 4695 1234 4760 oportet
1259 4700 1442 4741 eorum
1467 4723 1482 4750 ,
1533 4695 1651 4751 qua:
1696 4689 1910 4748 gregem
1933 4673 2122 4743 juvare
2148 4669 2370 4739 possint.

793 4783 898 4839 Sed
922 4757 1119 4852 quanto
1147 4777 1335 4834 melior
1360 4788 1491 4844 grex
1520 4770 1621 4826 iste
1645 4783 1805 4838 grege
1835 4765 1928 4819 illo
1945 4804 1961 4830 ,
1989 4770 2041 4816 et
2065 4759 2236 4815 brutis
2256 4757 2373 4827 qui-

796 4875 918 4928 dem
941 4849 1235 4930 homines,
1268 4862 1571 4920 hominibus
1597 4874 1725 4921 vero
1752 4858 1892 4912 Deus
1915 4873 1928 4907 :
1949 4860 2095 4908 tanto
2125 4849 2295 4920 majus
2323 4857 2379 4903 et

797 4981 898 5020 nos
921 4959 1394 5026 vehementiusque
1431 4952 1662 5008 studium
1689 4960 1742 5005 et
1769 4948 2095 5019 diligentiam
2125 4942 2378 5000 exhibere

799 5063 1028 5126 oportet.
1059 5052 1214 5107 Novit
1239 5049 1327 5116 ille
1355 5047 1533 5117 plane,
1557 5059 1660 5098 non
1689 5057 1786 5111 pro
1814 5056 1916 5094 una
1942 5039 2042 5095 sibi
2074 5050 2214 5092 nunc
2242 5033 2376 5089 civi-

803 5156 908 5200 tate
952 5143 1218 5214 negotium
1262 5151 1416 5203 esse,
1449 5133 1544 5190 sed
1575 5147 1672 5203 pro
1697 5129 1910 5186 Oriente
1938 5140 2067 5185 toto.
2097 5127 2377 5184 Civitatum

801 5239 943 5292 enim
975 5235 1072 5288 sub
1099 5231 1313 5288 Oriente
1344 5226 1632 5299 positarum
1655 5232 1813 5299 caput
1831 5231 1885 5276 et
1907 5232 2075 5276 mater
2095 5229 2176 5275 est
2195 5219 2380 5273 civitas

873 5372 884 5400 ⁸
922 5367 1107 5416 Titulus
1129 5367 1175 5414 in
1192 5364 1333 5413 Savil.
1362 5370 1414 5412 et
1440 5362 1488 5411 in
1518 5357 1807 5423 quibusdam
1844 5363 1954 5423 Mss.
1975 5352 2125 5400 habet
2150 5365 2164 5423 ξ
2195 5359 2246 5420 In
2271 5361 2384 5409 pro-

805 5411 1453 5492 ﬂ'rtioriijinVqtitnnﬁstucepit
1497 5411 1746 5492 etiis-Imm};
1775 5415 2085 5492 ζξηιὶιῃτιιινςιοηιςς
2113 5423 2131 5460 l
2149 5411 2381 5492 laritanis,

805 5470 1541 5552 ;..7.}'Eiiiii}3ié'"inhiabat-eiii
1561 5470 1868 5552 Theodosium
1886 5474 2167 5552 lcgtttioltem
2203 5470 2381 5538 obiens,

808 5538 1104 5604 iniuriarum
1127 5548 1176 5598 in
1207 5538 1385 5596 statuas
1417 5557 1598 5601 causa;
1630 5551 1674 5592 et
1699 5541 1845 5604 quod,
1879 5538 2014 5604 apud
2041 5544 2208 5590 Deum,
2236 5543 2387 5601 reque

808 5598 1030 5676 iliqnitati
1051 5609 1306 5676 prwvalcqt
1341 5598 1688 5676 sacerdotium;
1711 5598 1772 5676 iet
1811 5598 1928 5670 quid
1966 5598 2033 5676 fit
2055 5609 2228 5676 pernm
2255 5598 2386 5676 join-

810 5653 1303 5734 ;}22163;"(}Eilih§,aé"dti
1337 5653 1532 5716 etiam
1564 5653 1793 5734 λέηὶρίιω
1810 5653 1940 5734 "ipsa
1962 5660 2102 5708 bruta
2123 5653 2385 5734 quanimitas

810 5719 1376 5794 filiaiam?eiii-at'eriitt7:
1413 5735 1472 5794 ¢'t_
1499 5725 1624 5785 qum!
1664 5719 1917 5794 detrahere
1939 5733 2096 5794 (suam.
2125 5719 2386 5788 [minantem

815 5779 1256 5857 291.13.};artatae
1276 5779 1412 5854 prjits
1435 5779 1522 5846 siti
1540 5795 1582 5836 rt
1616 5793 1846 5847 postremo
1869 5782 1929 5833 (fc
1952 5779 2266 5845 Ingaunis...
2294 5792 2385 5826 ca:-

819 5871 922 5909 tet’a
945 5870 995 5910 ut
1018 5873 1177 5922 supra.

2421 1525 2936 1588 nostrazpropterea
2983 1535 3141 1576 omne
3186 1520 3477 1590 periculum
3528 1521 3719 1586 subiit,
3777 1530 3833 1577 et
3881 1519 4015 1574 nihil

2435 1607 2582 1661 illum
2624 1609 2711 1664 hic
2748 1611 2979 1666 retinere
3020 1611 3208 1679 potuit.
3258 1609 3485 1679 Ideoque
3534 1610 3700 1664 bonas
3740 1609 3856 1664 fore
3901 1609 4015 1677 spei

2433 1701 2858 1769 opportunitates
2896 1717 3088 1772 spero:
3112 1717 3216 1757 non
3263 1701 3406 1756 enim
3439 1710 3638 1754 tantam
3681 1700 4017 1755 sedulitatem

2437 1801 2492 1846 et
2515 1807 2696 1846 cuiam
2727 1794 2868 1850 Deus
2888 1793 3164 1864 despiciet,
3191 1809 3362 1863 neque
3391 1807 3606 1848 servum
3631 1805 3784 1845 suum
3812 1791 4022 1844 infectis

2437 1885 2600 1940 rebus
2641 1885 2818 1941 redire
2867 1887 3156 1954 permittet.
3204 1885 3337 1939 Novi
3391 1883 3531 1953 quod
3589 1891 3789 1937 tantum
3839 1895 4020 1934 coram

2441 1974 2675 2042 positus,
2707 1984 2762 2029 et
2790 1976 3094 2044 religiosum
3125 1976 3500 2044 Imperatorem
3531 1971 3903 2042 conspicatus,
3957 1985 4025 2024 ex

2443 2074 2660 2134 aspectu
2691 2066 2805 2120 solo
2845 2067 3022 2120 statim
3058 2066 3188 2119 iram
3227 2065 3584 2134 comprimere
3631 2063 3847 2135 poterit.
3887 2061 4025 2116 San-

2443 2167 2647 2211 ctorum
2676 2158 2818 2210 enim
2850 2173 2955 2211 non
2987 2165 3190 2210 tantum
3238 2157 3398 2211 verba
3421 2198 3436 2222 ,
3482 2156 3577 2210 sed
3617 2164 3670 2211 et
3717 2155 3815 2224 ipsi
3853 2154 4029 2207 vultus

2445 2247 2703 2316 spirituali
2731 2248 2894 2316 gratia
2913 2247 3052 2316 pleni
3080 2256 3222 2301 sunt.
3247 2247 3342 2301 llic
3362 2261 3490 2302 vero
3509 2254 3563 2300 et
3582 2243 4025 2312 multa‘sapientia

2447 2339 2636 2408 plenus
2663 2347 2778 2404 est,
2810 2346 2864 2392 et
2902 2353 3021 2391 cum
3063 2337 3358 2391 divinarum
3388 2337 3562 2405 legum
3591 2335 3662 2388 sit
3689 2334 3894 2404 peritus
3915 2374 3929 2396 ,
3960 2331 4028 2385 ad

2448 2431 2618 2500 ipsum
2645 2430 2808 2497 dicet,
2833 2430 2972 2500 quod
2999 2440 3052 2485 et
3078 2429 3248 2485 Moses
3272 2427 3339 2484 ad
3369 2428 3533 2483 Deum
3557 2443 3572 2480 :
3593 2425 3654 2482 Si
3681 2425 3892 2479 dimittis
3918 2424 4032 2494 qui-

2449 2523 2563 2577 dem
2587 2522 2710 2591 ipsis
2738 2531 2994 2591 peccatum
3013 2562 3028 2587 ,
3060 2521 3290 2582 dimitte;
3325 2519 3369 2572 si
3408 2533 3509 2572 non
3535 2526 3734 2582 autem,
3761 2524 3808 2568 et
3836 2531 3916 2567 me
3938 2527 4033 2567 oc-

2450 2613 2570 2668 cide
2593 2627 2714 2668 cum
2743 2613 2872 2682 ipsis
2901 2610 3090 2682 (Exod.
3116 2609 3203 2666 32.
3229 2609 3319 2666 51.
3342 2607 3455 2677 ‘52).
3477 2606 3625 2663 Talia
3649 2606 3790 2661 enim
3819 2613 4034 2658 sancto-

2453 2717 2571 2756 rum
2600 2703 2833 2766 viscera;
2859 2717 2978 2756 cum
3008 2701 3130 2756 filiis
3151 2707 3380 2754 mortem
3400 2713 3558 2768 quam
3579 2698 3695 2750 sine
3721 2695 3850 2764 ipsis
3872 2694 4034 2746 vitam

2454 2792 2744 2847 dulciorem
2790 2807 2910 2846 esse
2956 2800 3158 2859 putant.
3208 2789 3437 2859 Adjiciet
3463 2803 3495 2842 a
3523 2796 3765 2854 tempore
3807 2785 4036 2852 patroci-

2456 2884 2622 2948 nium,
2648 2891 2702 2937 et
2725 2897 2934 2937 sacrum
2963 2881 3158 2951 pascha
3187 2885 3465 2950 proponet,
3495 2874 4040 2942 commemorabitque

2458 2986 2700 3046 tempus,
2731 2991 2838 3044 quo
2865 2975 2979 3030 orbi
3014 2984 3278 3029 terrarum
3311 2972 3406 3026 toti
3437 2969 3679 3025 Christus
3705 2974 3920 3038 peccata
3949 2978 4040 3019 re-

2457 3069 2634 3131 misit;
2679 3067 2960 3121 Dominum
3007 3064 3202 3119 imitari
3248 3061 3634 3124 exhortabitur,
3679 3066 3734 3113 et
3775 3054 4043 3125 parabolas

2458 3163 2600 3216 illius
2624 3160 2808 3216 decem
2849 3158 3071 3212 millium
3113 3155 3429 3210 talentorum
3461 3161 3514 3207 et
3541 3159 3752 3205 centum
3787 3146 4038 3202 denario-

2458 3266 2577 3305 rum
2608 3250 2780 3319 ipsum
2807 3244 3187 3301 commonebit.
3214 3243 3344 3298 Novi
3375 3241 3543 3311 patris
3575 3238 3740 3293 nostri
3773 3236 4040 3299 ﬁduciam,

2461 3358 2568 3396 non
2598 3339 2860 3395 dubitabit
2902 3338 3073 3408 ipsum
3115 3351 3210 3405 per
3238 3335 3373 3390 hanc
3415 3331 3813 3387 similitudinem
3841 3338 4045 3383 terrere

2463 3445 2518 3490 et
2544 3433 2724 3487 dicere
2749 3450 2762 3486 :
2786 3429 2918 3484 Vide
2944 3444 3012 3484 ne
3046 3427 3181 3483 forte
3217 3434 3273 3482 et
3311 3435 3366 3480 tu
3409 3425 3500 3479 illo
3529 3423 3614 3478 die
3643 3421 3866 3476 audias:
3891 3419 4046 3474 Servs

2463 3540 2706 3592 nequam,
2739 3537 2886 3576 omne
2909 3519 3129 3574 debitum
3170 3516 3302 3571 illud
3339 3515 3508 3568 dimisi
3537 3513 3658 3579 tibi,
3697 3511 3936 3580 quoniam
3957 3523 4044 3562 ro-

2463 3618 2595 3688 gasti
2615 3632 2724 3677 me;
2747 3611 3006 3683 oportebat
3029 3619 3076 3664 et
3098 3619 3146 3664 te
3170 3608 3421 3663 dimittere
3440 3604 3692 3660 conservis
3713 3602 3811 3656 tuis
3829 3598 4043 3668 (Matth.

2465 3707 2554 3762 18.
2586 3706 2674 3760 52.
2705 3704 2818 3775 55).
2850 3702 2966 3757 Tibi
2996 3701 3093 3771 ipsi
3115 3699 3284 3770 magis
3308 3712 3466 3768 quam
3495 3695 3566 3749 illi
3595 3693 3807 3763 prodes,
3840 3691 3892 3744 in
3919 3703 4048 3759 pau-

2465 3815 2650 3856 corum
2677 3797 2988 3852 dimissione
3019 3801 3360 3864 peccatorum
3386 3830 3401 3855 ,
3433 3788 3691 3857 majorum
3723 3783 4046 3837 oblivionem

2468 3891 2751 3959 recipiens.
2786 3886 2958 3942 Addet
2984 3883 3248 3954 praedictis
3276 3890 3330 3936 et
3355 3879 3650 3934 orationem
3679 3873 3819 3927 illam
3841 3911 3856 3935 ,
3891 3883 4048 3938 quam

2469 3982 2558 4051 qui
2588 3980 2754 4035 sacris
2781 3978 2950 4047 ipsum
2979 3975 3251 4030 initiavere
3278 3968 3548 4039 mysteriis
3566 4007 3580 4030 ,
3607 3970 3844 4016 orantem
3873 3959 4053 4013 dicem

2470 4074 2764 4128 docuerunt
2789 4089 2801 4125 :
2825 4068 3033 4123 Dimitte
3075 4066 3216 4120 nobis
3257 4064 3421 4116 debita
3461 4068 3666 4119 nostra,
3715 4053 3841 4106 sicut
3885 4060 3930 4104 et
3961 4065 4052 4102 nos

2472 4166 2768 4220 dimittimus
2796 4161 3100 4216 debitoribus
3127 4157 3309 4212 nostris
3344 4152 3553 4222 (Matth.
3591 4147 3643 4201 6.
3687 4145 3796 4212 ιε).
3831 4141 3910 4196 Ad
3938 4141 4053 4194 hzec

2473 4257 2705 4319 docebit,
2731 4270 2834 4309 non
2862 4265 3143 4308 commune
3167 4244 3394 4304 civitatis
3418 4241 3582 4297 fuisse
3611 4243 3883 4307 peccatum
3905 4273 3919 4295 ,
3957 4229 4052 4284 sed

2475 4351 2748 4406 hominum
2803 4344 3154 4418 quorumdam
3202 4347 3544 4395 externorum
3593 4338 3648 4383 et
3695 4325 4052 4384 advenarum,

2475 4444 2606 4500 nihil
2645 4457 2765 4498 cum
2804 4439 3011 4494 ratione
3050 4433 3391 4493 facientium,
3437 4423 3531 4479 sed
3575 4435 3696 4474 cum
3742 4414 3960 4470 audacia
4003 4421 4056 4466 ct

2477 4537 2621 4594 omni
2660 4534 2864 4590 scelere
2888 4549 2901 4583 :
2927 4543 3028 4583 nec
3067 4527 3269 4594 justum
3301 4532 3420 4572 esse
3447 4527 3544 4583 pro
3572 4522 3858 4580 paucorum
3889 4516 4058 4558 teme-

2477 4631 2632 4686 ritate
2657 4636 2856 4682 tantam
2885 4620 3042 4687 diripi
3069 4614 3361 4674 civitatem,
3392 4615 3446 4662 et
3469 4618 3581 4668 eos,
3604 4601 3693 4672 qui
3717 4598 3842 4653 nihil
3867 4596 4060 4665 injuste

2478 4722 2738 4782 fecerunt,
2756 4729 2942 4786 pmnas
2959 4711 3125 4762 luere.
3149 4700 3395 4770 Alioquin
3412 4697 3510 4752 etsi
3527 4707 3712 4749 omnes
3729 4698 4058 4761 peccassent,

2478 4813 2666 4882 dignas
2693 4807 2965 4863 dedissent
2996 4809 3208 4867 pinnas,
3257 4800 3333 4846 tot
3371 4788 3556 4844 diebus
3584 4787 3773 4839 timore
3807 4793 4060 4835 consum—

2481 4865 2590 4974 pti,
2631 4909 2686 4953 et
2727 4909 2824 4964 per
2865 4865 3100 4958 singulos
3140 4882 3272 4938 mori
3301 4880 3415 4936 dies
3459 4880 3855 4945 exspectantes,
3889 4865 4022 4937 plllsi
4046 4905 4062 4927 ,

2481 4957 2789 5052 exsulantes
2808 5027 2822 5049 ,
2851 4983 2957 5038 reis
2985 4977 3336 5034 miserabilius
3365 4973 3602 5027 viventes
3626 5010 3640 5034 ,
3673 4964 3981 5030 sanguinem
4012 4957 4063 5008 in

2483 5085 2730 5144 manibus
2753 5086 3018 5150 gestantes
3040 5116 3056 5140 ,
3105 5082 3158 5127 et
3201 5070 3268 5125 de
3310 5068 3415 5121 vita
3460 5077 3552 5117 sua
3582 5075 3684 5112 non
3714 5052 4062 5150 conﬁdentes.

2485 5181 2612 5236 llaec
2649 5173 2744 5228 tibi
2789 5183 2943 5240 poena
2985 5163 3250 5221 sufﬁciat:
3279 5173 3346 5212 ne
3392 5151 3610 5207 ulterius
3651 5147 3724 5198 ira
3767 5137 4062 5239 procedas:

2486 5271 2668 5327 tnitem
2715 5228 2806 5319 tibi
2849 5273 3138 5330 supernum
3181 5250 3420 5309 Judicem
3467 5257 3560 5311 per
3600 5234 3980 5292 immanitatem
4015 5228 4065 5281 in

2488 5371 2780 5418 conservos
2805 5317 2968 5411 redde
2993 5369 3007 5405 :
3032 5347 3202 5417 cogita
3227 5339 3374 5395 urbis
3397 5328 3833 5403 magnitudinem,
3851 5333 3900 5378 et
3925 5317 4066 5390 quod

2489 5414 2595 5508 non
2623 5450 2689 5505 de
2715 5463 2814 5504 una
2837 5488 2852 5512 ,
2897 5443 2986 5499 vel
3013 5441 3081 5495 de
3103 5414 3312 5490 duabus
3331 5469 3346 5493 ,
3391 5425 3475 5480 vel
3519 5423 3685 5478 tribus
3707 5461 3721 5484 ,
3767 5415 3849 5470 vel
3879 5414 4066 5467 decem

2490 5543 2764 5602 animabus
2795 5503 2938 5594 nunc
2965 5529 3120 5587 nobis
3145 5532 3228 5580 est
3255 5515 3610 5576 consideratio
3630 5555 3646 5580 ,
3688 5509 3781 5566 sed
3807 5508 3876 5562 de
3903 5503 4068 5558 milli-

2490 5641 2589 5697 bus
2615 5646 2668 5692 et
2695 5632 2933 5691 inlinitis,
2957 5625 3025 5677 de
3049 5620 3210 5675 totius
3233 5613 3378 5668 orbis
3395 5608 3587 5679 capite.
3612 5605 3736 5660 [late
3756 5607 3838 5654 est
3857 5595 4066 5658 civitas,

2697 5686 2930 5794 primum
2949 5709 3196 5784 appellati
3217 5701 3498 5762 Christiani
3517 5699 3750 5798 {honora
3771 5686 4065 5798 Christum,

2494 5772 2738 5876 revercr'e
2769 5823 2883 5866 eam
2907 5847 2920 5871 ,
2951 5819 3065 5875 «pne
3109 5801 3273 5872 prima
3306 5808 3496 5852 nomen
3527 5789 3628 5845 hoc
3654 5779 3898 5840 omnibus
3921 5772 4063 5830 dcti-
