4458 6708
460 458 530 513 40
1368 445 1457 500 AD
1494 444 1811 503 POPULUM
1852 441 2335 500 ANTIOCHENUM
2400 448 2624 507 lIOMIL.
2667 452 2754 513 lll.
3651 468 3719 524 δυ

396 543 405 565 ³
453 566 691 623 derabile
733 575 787 623 et
830 564 985 621 dulce
1026 557 1333 632 praedicavit
1364 576 1376 611 :
1406 558 1767 629 apostolorum
1812 558 1899 611 illa
1942 556 2038 609 fuit

466 657 892 721 tabernaculum,
922 649 1280 707 habitaculum
1301 649 1584 718 justorum.
1616 647 1769 703 Nunc
1799 646 1899 701 hoc
1925 647 2036 715 pri-

458 768 601 806 mum
638 760 693 806 et
722 750 892 803 solum
933 744 987 799 in
1030 741 1297 812 principes
1325 741 1527 797 facinus
1555 748 1816 812 patratum
1845 746 1955 803 est,
1983 746 2039 791 et

456 844 686 898 civitatis
710 854 890 894 mores
918 848 1078 890 omne
1110 836 1435 903 praeteritum
1466 843 1678 903 tempus
1706 839 1948 885 testatur.
1980 829 2037 884 Si

454 935 596 989 enim
623 930 874 986 continue
902 924 1190 979 seditiones
1210 935 1464 990 moveret,
1488 923 1882 991 improbitatem
1905 935 2057 999 cong

454 1024 711 1075 demnare
737 1023 1041 1088 oporteret;
1080 1013 1123 1068 si
1153 1028 1280 1069 vero
1305 1015 1466 1069 semel
1495 1014 1599 1068 hoc
1623 1011 1766 1067 omni
1798 1020 2038 1078 tempore

455 1116 681 1178 accidit,
725 1122 933 1167 certum
973 1117 1056 1164 est
1091 1109 1231 1177 quod
1278 1125 1381 1164 non
1429 1107 1663 1164 civitatis
1707 1119 1913 1160 morum
1958 1113 2042 1158 est

456 1213 730 1273 peccatum
753 1244 769 1266 ,
818 1201 913 1257 sed
956 1215 1141 1255 eorum
1178 1200 1267 1269 qui
1297 1199 1635 1269 impudenter
1658 1206 1715 1254 et
1746 1205 1949 1251 temere
1985 1194 2041 1249 in

456 1294 727 1347 civitatem
756 1292 1079 1360 irruperunt,
1110 1290 1210 1344 ista
1241 1292 1441 1347 insania
1468 1289 1586 1346 fuit.

527 1384 583 1436 2.
632 1383 755 1436 Iltec
799 1381 1049 1437 sacerdos
1090 1392 1144 1436 et
1189 1384 1341 1453 plura
1386 1384 1468 1437 his
1513 1397 1635 1436 cum
1678 1379 1867 1450 majori
1901 1377 2045 1433 dicet

461 1472 651 1526 ﬁducia
687 1489 700 1524 :
735 1471 849 1525 lucc
893 1471 1185 1541 Imperator
1210 1474 1387 1528 audiet
1415 1491 1429 1526 :
1460 1481 1515 1527 et
1543 1473 1633 1526 ille
1675 1472 1961 1533 humanus,
1989 1476 2045 1523 et

460 1563 547 1617 hic
591 1563 794 1630 fidelis,
839 1563 979 1620 unde
1020 1566 1284 1636 utrimque
1329 1566 1523 1620 bonam
1572 1564 1831 1618 habemus
1868 1577 2041 1632 Spem.

460 1653 586 1706 Plus
625 1662 824 1718 autem,
869 1669 1024 1724 quam
1054 1657 1288 1726 magistri
1333 1656 1453 1711 fidei
1495 1662 1656 1724 atque
1703 1653 2044 1722 Imperatoris

462 1746 797 1812 humanitati,
828 1747 919 1801 Dei
943 1747 1320 1803 misericordia:
1347 1746 1557 1801 fidimus
1588 1763 1602 1798 :
1631 1760 1752 1800 nam
1780 1754 1833 1798 et
1858 1752 2042 1812 rogato

461 1837 791 1905 Imperatori,
818 1848 872 1893 et
908 1840 1113 1909 roganti
1144 1838 1402 1893 sacerdoti
1434 1838 1545 1906 ipse
1574 1837 1779 1892 medius
1807 1835 2040 1899 assistet,

460 1926 796 1992 Imperatoris
820 1942 915 1982 cor
948 1928 1247 1990 emolliens,
1289 1925 1580 1980 sacerdotis
1622 1926 1854 1994 linguam
1899 1924 2046 1978 exci-

460 2025 601 2078 tans,
640 2016 794 2084 lmjus
833 2016 992 2070 verba
1035 2014 1356 2080 sccundans,
1399 2014 1537 2068 illius
1576 2024 1809 2070 mentem
1836 2028 2044 2082 praepa-

459 2119 603 2166 rans,
649 2115 705 2157 ut
748 2103 1080 2173 indulgenter
1119 2103 1259 2157 dicta
1308 2101 1562 2170 suscipiat
1604 2112 1657 2157 et
1702 2100 2043 2170 petitionibus

458 2203 676 2247 annuat.
726 2194 933 2247 Etenim
983 2193 1253 2247 civiuttum
1317 2193 1555 2247 omnium
1613 2200 1791 2246 nostra
1836 2191 2048 2246 Christo

456 2282 1170 2355 charissima.tumpr0ptcr
1214 2285 1628 2355 progenitorum,
1675 2294 1783 2339 tum
1834 2294 2049 2354 propter

456 2384 685 2427 vestram
733 2374 983 2429 virtutem
1016 2393 1029 2427 :
1061 2384 1115 2429 et
1160 2377 1297 2429 sicut
1353 2374 1541 2429 Petrus
1592 2374 1729 2428 inter
1772 2373 2046 2443 apostolos

456 2466 657 2533 primus
683 2464 948 2519 Christum
980 2466 1287 2536 pttedicavit
1312 2506 1326 2529 ,
1359 2467 1437 2520 sic
1468 2466 1605 2519 inter
1622 2465 1884 2529 civitates,
1907 2465 2045 2520 sicut

454 2556 564 2623 jam
595 2556 722 2618 dixi,
758 2557 872 2611 hare
895 2558 1061 2626 prima
1094 2567 1359 2625 tamquam
1389 2571 1642 2611 coronam
1677 2556 2042 2610 admirabilem

456 2645 875 2699 Christianorum
927 2648 1045 2700 tulit
1088 2646 1514 2715 appellationem.
1549 2645 1606 2698 Si
1648 2659 1777 2699 vero
1821 2644 1909 2697 ubi
1949 2643 2045 2699 de—

456 2752 572 2791 cem
633 2748 833 2791 tantum
888 2739 1012 2807 justi
1058 2750 1273 2804 essent,
1327 2752 1515 2792 omnes
1562 2736 1860 2792 habitantes
1904 2735 2046 2791 Deus

457 2829 633 2882 salvos
662 2843 721 2882 se
752 2830 1006 2883 facturum
1038 2831 1277 2898 promisit
1328 2828 1478 2899 (Gen.
1527 2829 1613 2885 18.
1654 2828 1746 2898 52)
1776 2846 1790 2882 :
1822 2827 1910 2882 ubi
1936 2842 2044 2883 non

456 2916 642 2972 decem
674 2927 728 2973 et
753 2918 954 2987 viginti,
984 2935 1151 2986 neque
1180 2920 1261 2974 bis
1291 2920 1507 2974 totidem
1535 2921 1729 2985 solum,
1756 2918 1853 2974 sed
1876 2919 2043 2973 multo

457 3010 637 3080 plures
660 3020 785 3064 sunt
815 3012 978 3065 Deum
1007 3027 1126 3067 cum
1156 3012 1300 3066 omni
1326 3013 1591 3082 diligentia
1616 3013 1874 3078 colentes,
1903 3027 2039 3081 quo-

456 3100 616 3153 modo
661 3117 765 3155 Iton
821 3110 1027 3169 oportet
1074 3102 1209 3156 bona
1262 3119 1508 3171 sperare,
1557 3113 1614 3159 et
1656 3104 1724 3160 de
1769 3103 2038 3159 communi

454 3202 635 3246 nostra
680 3194 918 3247 omnium
964 3194 1131 3248 salute
1157 3195 1467 3250 conlidere?
1503 3196 1694 3251 Audivi
1732 3197 1928 3251 multos
1951 3197 2038 3251 di-

456 3292 660 3347 centes,
690 3281 848 3335 Mina:
870 3286 999 3354 regis
1024 3285 1181 3338 leonis
1209 3286 1300 3339 ira:
1319 3286 1503 3340 similes
1528 3285 1709 3355 (Prov.
1734 3287 1820 3341 19.
1854 3288 1964 3357 12),
1986 3296 2041 3342 et

454 3372 632 3424 animo
662 3372 1005 3429 concidentes
1030 3384 1083 3429 et
1110 3375 1479 3430 lamentantes.
1505 3375 1641 3441 Quid
1670 3376 1828 3446 igitur
1853 3376 2042 3431 adver-

454 3476 544 3516 sus
596 3463 714 3516 illos
764 3465 1047 3519 dicemus?
1093 3466 1193 3533 Qui
1242 3468 1418 3522 dixit:
1449 3467 1585 3539 Lupi
1630 3479 1676 3522 et
1720 3470 1841 3540 agni
1892 3470 2043 3525 simul

455 3565 738 3621 pascentur,
763 3564 811 3607 et
832 3556 1021 3624 pardus
1044 3572 1159 3609 cum
1182 3558 1329 3611 Itde
1347 3560 1583 3625 quiescet,
1612 3570 1659 3613 et
1678 3559 1756 3614 leo
1780 3570 2037 3626 tamquam

455 3645 542 3698 bos
568 3646 740 3712 paleas
765 3648 983 3700 comedet
1027 3646 1179 3714 (Isai.
1213 3648 1299 3700 11.
1345 3648 1399 3701 6.
1441 3649 1496 3718 7)
1528 3667 1541 3701 :
1570 3650 1788 3703 ethunc
1828 3651 2038 3706 leonem

452 3735 677 3787 reddere
704 3750 854 3787 ovem
884 3736 1077 3802 poterit
1106 3744 1455 3789 mansuetam.
1483 3738 1852 3806 Supplicemus
1877 3742 2039 3810 igitur

455 3825 576 3892 ipsi,
606 3836 660 3880 et
688 3826 753 3879 ad
784 3826 955 3894 ipsum
984 3826 1272 3895 legationes
1300 3830 1587 3893 mittamus,
1611 3839 1667 3884 et
1694 3831 2035 3900 Imperatoris

453 3916 685 3968 animum
712 3918 920 3983 penitus
939 3917 1206 3985 corripiet,
1240 3919 1376 3972 etab
1405 3923 1548 3975 omni
1573 3937 1669 3977 nos
1693 3922 1906 3976 instanti
1935 3939 2036 3976 att-

453 4006 621 4074 gustia
642 4005 904 4060 liberabit.
933 4006 1089 4061 Pater
1112 4007 1216 4061 illic
1246 4007 1563 4077 legationem
1604 4012 1736 4077 obit,
1782 4029 1880 4070 nos
1912 4014 2036 4070 hinc

453 4094 517 4147 ad
548 4095 796 4149 caelorum
834 4112 1010 4166 regem
1045 4097 1310 4152 mittamus
1341 4097 1679 4169 legationem,
1709 4105 1879 4172 ipsum
1904 4121 2033 4176 pre-

451 4184 602 4237 cibus
623 4184 953 4252 adjuvemus.
992 4185 1208 4241 Multum
1236 4188 1484 4242 Ecclesim
1507 4193 1813 4247 communio
1835 4206 2031 4264 potest,

453 4271 499 4325 si
528 4273 701 4325 anima
729 4273 961 4338 dolente,
989 4275 1033 4329 si
1055 4276 1215 4330 corde
1240 4277 1465 4331 contrito
1493 4294 1677 4348 preces
1702 4284 2030 4340 emittamus.

449 4363 566 4417 Non
598 4381 732 4433 opus
777 4374 859 4419 est
898 4382 1046 4421 mare
1075 4369 1320 4432 transire,
1370 4385 1474 4424 non
1516 4385 1649 4440 opus
1690 4383 1772 4427 est
1816 4374 2028 4445 longam

448 4455 629 4509 subire
680 4457 1154 4525 peregrinationem
1187 4479 1200 4514 :
1229 4461 1416 4531 singuli
1474 4478 1535 4518 ac
1586 4464 1806 4534 singula:
1856 4477 1912 4523 et
1961 4470 2029 4525 ad

443 4546 736 4602 ecclesiam
811 4561 1187 4616 occurrentes,
1242 4563 1297 4608 et
1347 4554 1487 4610 domi
1544 4568 1815 4612 manentes
1860 4562 2028 4617 multo

451 4637 615 4691 Deum
647 4638 823 4694 studio
868 4642 1190 4709 invocemus,
1224 4654 1278 4700 et
1302 4648 1517 4702 omnino
1559 4650 2029 4718 supplicationibus

446 4743 664 4786 annuet.

517 4822 658 4876 Deus
697 4824 1007 4879 vehementer
1033 4835 1170 4896 cupit
1198 4840 1251 4883 ut
1292 4833 1515 4888 homines
1540 4836 1606 4888 ad
1642 4836 1804 4907 ipsum
1848 4841 2025 4908 confu-

440 4915 602 4982 giant.
629 4944 698 4954 —
732 4913 882 4969 Unde
930 4918 1031 4972 hoc
1073 4922 1455 4979 manifestum?
1492 4927 1641 4994 Quod
1686 4929 2027 4985 vehementer

441 5003 620 5071 cupiat
650 5017 749 5056 nos
775 5003 840 5057 ad
888 5005 1059 5074 ipsum
1106 5023 1322 5077 semper
1362 5018 1670 5087 confugere,
1700 5020 1751 5073 in
1780 5022 2026 5076 omnibus

442 5093 614 5159 ipsum
644 5093 940 5163 deprecari,
973 5106 1026 5150 et
1056 5098 1184 5152 nihil
1215 5101 1416 5172 absque
1460 5107 1575 5176 ipso
1604 5110 1683 5164 vel
1729 5110 1899 5165 facere
1944 5113 2025 5167 vel

440 5183 640 5238 dicere.
675 5184 927 5240 llomines
948 5187 1109 5253 enim,
1135 5192 1347 5257 quando
1378 5195 1506 5263 ipsis
1526 5200 1734 5255 assidue
1758 5204 2024 5271 negotium

441 5273 755 5332 lacessimus
786 5293 883 5347 pro
913 5279 1069 5334 rebus
1096 5283 1307 5346 nostris,
1344 5292 1555 5354 torpent
1585 5300 1641 5345 et
1671 5295 2024 5362 tergiversan-

438 5374 547 5429 tur,
590 5375 647 5419 et
673 5382 814 5436 aegre
843 5368 1056 5433 ferunt;
1086 5370 1222 5425 Deus
1256 5381 1433 5427 autem
1479 5393 1697 5445 prorsus
1724 5386 1774 5439 in
1808 5398 2025 5441 contra-

436 5455 577 5508 rium
606 5472 621 5517 ;
654 5473 758 5511 non
798 5475 921 5515 cum
969 5463 1066 5533 ipsi
1092 5464 1338 5519 continue
1366 5470 1697 5526 occurrimus
1740 5492 1835 5542 pro
1866 5479 2026 5536 rebus

436 5546 659 5611 nostris,
690 5548 785 5602 sed
814 5567 934 5605 cum
981 5570 1083 5610 non
1117 5556 1216 5611 hoc
1246 5555 1484 5621 facimus,
1516 5568 1638 5613 tunc
1676 5567 1908 5622 maxime
1940 5569 2022 5622 in-

435 5635 707 5706 dignatur.
756 5641 891 5697 Audi
934 5644 1092 5715 igitur
1116 5650 1237 5718 quid
1282 5649 1478 5705 ludatis
1506 5651 1740 5719 objiciat,
1785 5655 2020 5714 dicens:

440 5724 491 5780 Γ
491 5726 654 5779 cristis
678 5731 963 5797 consilium,
988 5747 1034 5788 et
1069 5756 1170 5792 non
1202 5758 1291 5809 per
1313 5758 1426 5806 me;
1451 5752 1497 5796 et
1532 5753 1696 5811 pacta,
1728 5753 1776 5798 et
1802 5762 1901 5799 non
1935 5765 2023 5801 uer

436 5818 670 5885 spiritum
712 5834 876 5873 meum
932 5823 1082 5893 (Isai.
1124 5830 1211 5885 30.
1246 5830 1323 5904 l).
1356 5831 1497 5888 Talis
1545 5833 1682 5890 enim
1728 5838 2015 5893 amantium

2141 566 2472 621 consuetudo
2503 586 2517 621 :
2544 572 2720 626 omnia
2749 572 3109 631 adamatorum
3150 579 3357 648 negotia
3387 594 3481 649 per
3507 597 3564 637 se
3605 586 3714 639 lien‘

2143 656 2342 720 volunt,
2370 668 2423 711 et
2457 658 2573 715 sine
2596 676 2654 717 se
2678 664 2795 717 illos
2819 680 2988 736 neque
3014 668 3190 724 facere
3215 671 3523 741 quidquam,
3552 690 3721 743 neque

2139 746 2339 803 dicere.
2363 748 2649 820 Propterea
2672 762 2726 809 et
2753 756 2891 813 Deus
2916 775 3020 814 non
3049 760 3133 816 hic
3157 772 3381 831 tantum,
3400 765 3493 819 sed
3519 774 3572 821 et
3598 767 3719 820 alibi

2140 837 2278 893 idem
2307 854 2494 897 rursus
2521 845 2854 913 exprobrans
2878 849 3085 907 dicebat
3113 871 3126 905 :
3154 851 3531 924 Regnaverant,
3553 865 3599 908 et
3625 874 3721 909 non

2146 940 2237 992 per
2254 942 2334 979 me
2349 939 2371 977 :
2385 932 2789 994 (inpetraverunt,
2808 940 2856 985 et
2878 949 2979 987 non
3000 938 3427 1005 signiﬁcaverunt
3446 944 3573 996 mihi
3590 942 3688 1014 (0s
3705 982 3721 998 .

2147 1012 2199 1066 8.
2215 1014 2292 1083 4).
2312 1012 2388 1069 Ne
2405 1014 2569 1086 igitur
2581 1025 2894 1087 torpeamus
2909 1026 3162 1083 continue
3172 1032 3239 1084 ad
3258 1030 3437 1099 ipsum
3455 1012 3721 1105 confuge-

2147 1117 2225 1165 re,
2242 1109 2449 1173 etquod
2469 1122 2635 1177 grave
2646 1108 3058 1173 fuerit,otunino
3071 1123 3366 1175 remedium
3380 1126 3714 1179 conveniens

2143 1203 2385 1267 acetplet.
2437 1202 2649 1259 Terruit
2693 1203 3082 1264 homolcurre
3122 1209 3189 1265 ad
3214 1224 3500 1281 supernum
3542 1212 3726 1268 Domi-

2144 1302 2294 1354 num,
2332 1298 2387 1345 et
2432 1292 2504 1348 nil
2546 1310 2708 1365 grave
2758 1297 2979 1365 patieris
3010 1315 3025 1352 :
3053 1300 3130 1354 sic
3169 1302 3366 1370 antiqui
3398 1303 3726 1359 calamitates

2144 1378 2474 1446 avertebant,
2519 1399 2623 1438 non
2670 1394 2875 1441 tantum
2920 1388 3039 1450 viri,
3089 1390 3181 1442 sed
3211 1400 3264 1444 et
3293 1392 3563 1447 mulieres.
3607 1393 3728 1449 Fuit

2145 1469 2389 1539 quaedam
2420 1476 2608 1530 mulier
2629 1478 2871 1546 llebrma,
2902 1482 3093 1537 Esther
3113 1483 3367 1539 nomine:
3398 1485 3510 1541 hare
3537 1487 3728 1543 Esther

2146 1563 2451 1617 universum
2495 1565 2797 1625 Judatorum
2838 1574 3087 1640 populum
3142 1575 3505 1631 internecione
3544 1577 3730 1633 delen-

2143 1652 2269 1707 dum
2299 1655 2379 1709 sic
2405 1655 2617 1725 eripuit.
2663 1658 2945 1730 Postquam
2968 1664 3247 1720 Persarum
3275 1682 3369 1722 rex
3397 1684 3584 1723 omnes
3610 1685 3730 1739 pas-

2143 1748 2243 1801 sim
2269 1747 2484 1804 .ludaeos
2508 1751 2742 1805 interimi
2766 1751 2944 1821 jussit,
2975 1770 3096 1809 cum
3121 1758 3297 1811 nullus
3319 1770 3462 1814 esset
3488 1762 3575 1829 qui
3602 1776 3733 1815 con-

2144 1846 2223 1892 tra
2241 1840 2375 1893 iram
2393 1841 2532 1897 illius
2548 1842 2810 1899 obsistere
2830 1854 3028 1913 posset,
3050 1846 3464 1915 splendidiorem
3482 1855 3729 1906 vestitum

2143 1940 2301 1983 exuta
2346 1932 2557 1998 mulier,
2586 1942 2639 1989 et
2667 1949 2822 1989 sacco
2848 1938 3071 2003 amicta,
3100 1949 3156 1992 et
3198 1938 3383 1995 cinere
3418 1942 3686 1997 substrato
3713 1986 3729 2010 ,

2146 2020 2340 2073 divinae
2384 2022 2679 2078 clementia:
2723 2027 3071 2095 supplicabat,
3122 2039 3178 2084 ut
3225 2046 3406 2086 secum
3436 2033 3502 2087 ad
3551 2050 3730 2105 regem

2149 2108 2533 2176 ingrederetur,
2568 2122 2621 2165 et
2650 2115 2765 2167 ha-c
2790 2119 3338 2188 preeabatur:(.'rata,
3385 2123 3616 2191 Domine,
3648 2132 3732 2198 fac

2148 2199 2295 2251 verba
2324 2216 2455 2264 mea,
2489 2212 2533 2255 et
2555 2204 2622 2255 da
2646 2220 2922 2259 sermonem
2952 2218 3187 2262 ornatum
3212 2213 3265 2264 in
3291 2229 3347 2265 os
3373 2231 3535 2267 meum
3557 2214 3729 2287 (Esth.

2148 2290 2235 2344 14.
2263 2291 2373 2361 13).
2400 2292 2524 2348 Ilaec
2547 2304 2599 2349 et
2629 2311 2723 2360 pro
2749 2299 3000 2368 magistro
3026 2315 3123 2355 nos
3145 2317 3284 2356 nunc
3315 2304 3473 2359 Deum
3496 2322 3731 2363 oremus.

2144 2381 2199 2437 Si
2244 2386 2388 2439 enim
2436 2386 2631 2440 mulier
2680 2404 2777 2457 pro
2820 2389 3019 2445 Judaris
3064 2394 3369 2463 supplicans
3400 2396 3732 2455 barbaricum

2142 2476 2395 2532 cohibere
2437 2477 2672 2534 furorem
2700 2482 2870 2551 potuit
2902 2502 2916 2538 :
2945 2484 3112 2540 multo
3140 2488 3309 2557 magis
3336 2488 3523 2545 doctor
3550 2503 3732 2548 noSter

2143 2580 2243 2635 pro
2270 2576 2415 2623 tanta
2444 2570 2676 2637 civitate,
2706 2582 2763 2628 et
2788 2589 2908 2629 cum
2938 2585 3080 2632 tanta
3108 2578 3342 2635 Ecclesia
3383 2583 3686 2652 supplicans
3712 2626 3728 2651 ,

2145 2659 2583 2729 benignissimum
2611 2675 2663 2718 et
2694 2666 3033 2722 mitissimum
3062 2668 3205 2725 hunc
3231 2671 3606 2741 Imperatorem
3633 2676 3732 2731 ﬂe-

2144 2760 2291 2805 ctere
2331 2756 2541 2822 poterit.
2578 2753 2633 2809 Si
2670 2756 2811 2810 enim
2854 2769 3071 2827 peccata
3099 2760 3152 2814 in
3180 2761 3344 2816 Deum
3373 2764 3611 2820 solvendi
3639 2782 3729 2837 po-

2146 2849 2395 2898 testatem
2441 2848 2665 2914 accepit,
2698 2848 2864 2903 multo
2890 2851 3060 2921 magis
3106 2852 3159 2906 in
3206 2851 3477 2909 hominem
3524 2867 3728 2926 patrata

2142 2937 2421 2994 destruere
2447 2948 2499 2993 et
2526 2940 2706 2995 delere
2753 2944 2964 3011 poterit.
2998 2944 3250 3015 Princeps
3272 2956 3355 3003 est
3380 2949 3465 3003 hic
3492 2966 3725 3020 quoque,

2140 3031 2433 3100 etquidem
2481 3032 2571 3087 illo
2616 3033 2922 3090 honoratior
2949 3037 3012 3091 ιε
3056 3039 3254 3093 etenim
3300 3040 3471 3109 ipsum
3522 3044 3725 3114 regium

2138 3132 2299 3194 caput
2342 3138 2511 3179 sacra:
2541 3125 2688 3195 leges
2735 3127 2965 3183 ferentes
2996 3130 3151 3196 hujus
3198 3132 3441 3187 manibus
3487 3135 3727 3204 subjece-

2138 3222 2262 3268 runt
2293 3232 2308 3268 :
2334 3223 2387 3268 et
2432 3216 2644 3284 quando
2671 3216 2874 3287 aliquid
2904 3218 3029 3274 boni
3064 3221 3277 3275 cmlitus
3302 3225 3602 3293 requiritur,
3634 3243 3725 3281 rex

2139 3305 2203 3358 ad
2233 3307 2587 3372 sacerdotem,
2621 3324 2725 3364 non
2751 3311 2999 3366 sacerdos
3024 3312 3091 3367 ad
3118 3327 3298 3384 regem
3328 3316 3616 3386 confugere
3639 3332 3727 3371 so-

2140 3398 2266 3451 litus
2292 3408 2392 3453 est.
2418 3398 2588 3453 liabet
2618 3401 2703 3456 hic
2727 3417 2938 3473 quoque
2969 3403 3190 3472 justitiaa
3218 3405 3458 3471 loricam,
3488 3407 3647 3464 habet
3671 3419 3727 3464 ct

2141 3488 2407 3558 cingulum
2448 3489 2707 3557 veritatis,
2758 3492 2918 3548 habet
2943 3505 2997 3549 et
3022 3495 3378 3551 calceamenta
3426 3501 3594 3554 multo
3622 3498 3725 3553 bo-

2143 3579 2379 3633 nestiora
2402 3578 2468 3633 ab
2496 3581 2771 3651 evangelio
2810 3584 2956 3652 pacis
2984 3602 2999 3639 :
3031 3584 3193 3641 habet
3233 3596 3288 3642 et
3314 3587 3572 3658 gladium,
3618 3605 3723 3645 non

2141 3685 2207 3725 ex
2226 3670 2384 3733 ferro,
2410 3670 2503 3725 sed
2529 3673 2778 3740 Spiritus:
2801 3674 2955 3731 habet
2978 3684 3033 3731 et
3046 3692 3300 3731 coronam
3327 3680 3483 3748 capiti
3507 3680 3725 3750 imposi-

2140 3768 2265 3813 tam.
2284 3761 2626 3828 Splendidior
2646 3765 2760 3818 hare
2780 3775 3075 3832 armatura,
3096 3768 3405 3836 pretiosiora
3429 3769 3541 3824 lucc
3554 3786 3723 3837 arma,

2135 3850 2308 3917 major
2335 3849 2546 3917 fiducia,
2588 3854 2759 3922 major
2801 3856 2899 3909 vis.
2950 3857 3134 3926 Itaque
3162 3867 3215 3912 et
3260 3874 3356 3928 pro
3400 3860 3727 3930 principatus

2136 3942 2513 4012 magnitudine,
2547 3955 2599 3999 et
2624 3947 2836 4015 propria
2880 3950 3330 4018 magnanimitate,
3356 3961 3408 4005 et
3446 3962 3569 4006 ante
3600 3954 3726 4007 reli-

2135 4050 2237 4104 qua
2259 4035 2458 4100 omnia,
2489 4050 2586 4104 pro
2613 4038 2760 4089 lirma
2791 4036 2842 4090 in
2866 4038 3027 4092 Deum
3054 4054 3169 4108 spe,
3197 4056 3317 4095 cum
3338 4041 3504 4096 multa
3532 4042 3722 4099 ﬁducia

2135 4136 2190 4182 et
2221 4128 2499 4194 prudentia
2529 4127 2905 4198 Imperatorem
2933 4130 3251 4201 alloquetur.

2207 4219 2260 4273 5.
2290 4218 2367 4273 Ne
2399 4218 2555 4288 igitur
2580 4219 2648 4274 de
2676 4221 2847 4275 salute
2874 4230 3054 4277 nostra
3083 4222 3448 4292 desperemus,
3474 4224 3567 4279 sed
3596 4240 3723 4295 sup-

2135 4311 2410 4380 plieemus,
2440 4327 2742 4382 precemur,
2770 4324 3030 4381 petamus,
3061 4330 3297 4377 oremus,
3327 4316 3391 4371 ad
3434 4332 3720 4385 supernum

2133 4401 2330 4471 Regem
2376 4402 2556 4456 multis
2597 4418 2718 4457 cum
2763 4404 3017 4473 lacrymis
3057 4405 3374 4475 legationem
3404 4408 3716 4462 mittamus:

2131 4495 2389 4549 habemus
2428 4505 2481 4550 et
2503 4495 2761 4565 jejunium
2810 4496 2911 4550 hoc
2934 4511 3254 4567 cooperans,
3286 4498 3336 4552 in
3366 4498 3469 4554 hac
3498 4501 3716 4568 pulchra

2128 4587 2392 4657 legatione
2422 4588 2574 4642 nobis
2599 4587 2899 4642 adhmrens.
2925 4588 3071 4644 Sicut
3100 4590 3275 4660 itaque
3303 4593 3566 4659 praeterita
3611 4591 3717 4649 hie-

2126 4693 2231 4739 me,
2258 4686 2313 4731 et
2340 4687 2525 4732 testate
2551 4689 2858 4748 apparente,
2887 4688 3045 4735 nauta
3073 4682 3247 4734 navim
3280 4682 3331 4735 in
3374 4698 3519 4737 mare
3545 4684 3715 4738 dedu-

2126 4768 2219 4831 cit,
2252 4769 2405 4822 miles
2429 4784 2575 4822 arma
2604 4769 2866 4841 deterget,
2895 4787 3196 4842 equumque
3225 4772 3292 4827 ad
3318 4773 3509 4828 bellum
3543 4785 3709 4844 parat,

2126 4860 2360 4929 agricola
2402 4861 2545 4916 acuit
2587 4861 2798 4929 falcem,
2830 4865 3000 4920 viator
3029 4864 3236 4920 fiducia:
3266 4866 3455 4936 plenus
3502 4867 3713 4938 longum

2127 4951 2230 5005 iter
2265 4953 2593 5023 aggreditur,
2637 4964 2688 5008 et
2735 4956 2801 5010 ad
2843 4958 3131 5011 certamina
3164 4959 3302 5028 pugil
3348 4958 3711 5027 exspoliatur,

2127 5059 2293 5115 seque
2335 5046 2567 5102 denudat
2601 5067 2613 5101 :
2646 5049 2724 5104 sic
2766 5059 2820 5103 et
2864 5065 2960 5103 nos
2980 5050 3182 5119 jejunio
3232 5062 3496 5121 tamquam
3528 5064 3713 5110 atstate

2127 5139 2354 5207 quadam
2377 5141 2634 5208 spirituali
2651 5152 2958 5211 apparente,
2986 5153 3040 5197 et
3062 5157 3205 5197 arma
3226 5151 3493 5213 tamquam
3518 5140 3711 5203 milites

2128 5233 2510 5301 abstergamus,
2558 5232 2744 5288 falcem
2793 5249 3041 5288 acuamus
3071 5242 3338 5304 tamquam
3364 5239 3632 5307 agricolas,
3658 5250 3712 5297 et

2129 5333 2398 5394 tamquam
2455 5336 2629 5380 nautae
2691 5335 2872 5381 contra
2942 5325 3293 5382 absurdarum
3360 5332 3711 5400 cupiditatum

2128 5418 2320 5472 fluctus
2350 5420 2693 5489 cogitationes
2734 5434 3086 5488 opponamus,
3129 5432 3183 5477 et
3226 5438 3326 5479 ceu
3371 5426 3602 5480 viatores
3643 5427 3710 5482 ad

2124 5510 2313 5567 cwlum
2343 5512 2443 5566 iter
2468 5513 2815 5576 instituamus,
2846 5523 2898 5567 et
2925 5515 3072 5584 quasi
3102 5518 3306 5587 pugiles
3329 5518 3394 5573 ad
3421 5521 3707 5573 certamina

2128 5604 2420 5672 spoliemur
2447 5621 2460 5667 ;
2492 5603 2659 5658 fidelis
2686 5606 2825 5658 enim
2853 5614 2907 5661 et
2933 5608 3188 5677 agricola,
3212 5619 3265 5665 et
3291 5612 3630 5679 gubernator,
3654 5620 3703 5665 et

2125 5694 2298 5761 miles,
2331 5705 2383 5750 ct
2407 5694 2624 5763 athleta,
2650 5707 2699 5753 et
2722 5698 2894 5755 viator
2918 5710 3018 5756 est.
3050 5702 3253 5758 Idcirco
3281 5701 3474 5757 Paulus
3498 5716 3701 5772 quont

2186 5856 2199 5880 ι
2239 5856 2362 5907 mat,
2392 5848 2681 5915 honoratior,
2698 5854 2887 5920 quidam
2924 5855 3117 5915 addunt,
3149 5860 3195 5906 et
3217 5853 3368 5921 magis
3392 5856 3698 5907 reverendus.
