  <div class='ocr_page' id='page_1' title='image "/cluster/home/n/w/nwhite01/storage/ocr_20150623/49/hvd.32044025239823/051.png"; bbox 0 0 4494 6674; ppageno 0'>
   <div class='ocr_carea' id='block_1_1' title="bbox 722 480 4015 554">
    <p class='ocr_par' dir='ltr' id='par_1_1' title="bbox 722 480 4015 554">
     <span class='ocr_line' id='line_1_1' title="bbox 722 480 4015 554; baseline -0.004 -7"><span class='ocrx_word' id='word_1_1' title='bbox 722 481 784 536; x_wconf 70' lang='lat'><strong>51</strong></span> <span class='ocrx_word' id='word_1_2' title='bbox 1433 483 1490 542; x_wconf 87' lang='lat' dir='ltr'><strong>S.</strong></span> <span class='ocrx_word' id='word_1_3' title='bbox 1529 483 1805 541; x_wconf 77' lang='lat' dir='ltr'><strong>JOANNIS</strong></span> <span class='ocrx_word' id='word_1_4' title='bbox 1841 480 2316 540; x_wconf 70' lang='lat' dir='ltr'><strong>CllliYSOSTOMl</strong></span> <span class='ocrx_word' id='word_1_5' title='bbox 2354 480 2672 536; x_wconf 75' lang='lat' dir='ltr'><strong>ARClllEP.</strong></span> <span class='ocrx_word' id='word_1_6' title='bbox 2714 480 3249 542; x_wconf 71' lang='lat' dir='ltr'><strong>CONSTANTINOP.</strong></span> <span class='ocrx_word' id='word_1_7' title='bbox 3944 496 4015 554; x_wconf 59' lang='grc' dir='ltr'><strong>δα</strong></span> 
     </span>
    </p>
   </div>
   <div class='ocr_carea' id='block_1_2' title="bbox 722 589 2318 664">
    <p class='ocr_par' dir='ltr' id='par_1_2' title="bbox 722 589 2318 664">
     <span class='ocr_line' id='line_1_2' title="bbox 722 589 2318 664; baseline 0.003 -23"><span class='ocrx_word' id='word_1_8' title='bbox 722 589 852 645; x_wconf 90' lang='lat' dir='ltr'><strong>dicit</strong></span> <span class='ocrx_word' id='word_1_9' title='bbox 879 607 894 645; x_wconf 94' lang='lat'><strong>:</strong></span> <span class='ocrx_word' id='word_1_10' title='bbox 919 590 1042 648; x_wconf 86' lang='lat' dir='ltr'><strong>Non</strong></span> <span class='ocrx_word' id='word_1_11' title='bbox 1071 603 1146 649; x_wconf 87' lang='lat' dir='ltr'><strong>est</strong></span> <span class='ocrx_word' id='word_1_12' title='bbox 1190 593 1331 648; x_wconf 71' lang='grc' dir='ltr'><strong>ηοὺῖδ</strong></span> <span class='ocrx_word' id='word_1_13' title='bbox 1361 594 1497 648; x_wconf 83' lang='lat' dir='ltr'><strong>lucta</strong></span> <span class='ocrx_word' id='word_1_14' title='bbox 1535 594 1772 648; x_wconf 78' lang='lat' dir='ltr'><strong>adversm</strong></span> <span class='ocrx_word' id='word_1_15' title='bbox 1810 593 2108 664; x_wconf 86' lang='lat' dir='ltr'><strong>sanguinem</strong></span> <span class='ocrx_word' id='word_1_16' title='bbox 2133 602 2178 647; x_wconf 92' lang='lat' dir='ltr'><strong>et</strong></span> <span class='ocrx_word' id='word_1_17' title='bbox 2207 610 2318 647; x_wconf 88' lang='lat' dir='ltr'><strong>car-</strong></span> 
     </span>
    </p>
   </div>
   <div class='ocr_carea' id='block_1_3' title="bbox 721 685 2318 755">
    <p class='ocr_par' dir='ltr' id='par_1_3' title="bbox 721 685 2318 755">
     <span class='ocr_line' id='line_1_3' title="bbox 721 685 2318 755; baseline 0.004 -23"><span class='ocrx_word' id='word_1_18' title='bbox 721 695 858 748; x_wconf 88' lang='lat' dir='ltr'><strong>nem,</strong></span> <span class='ocrx_word' id='word_1_19' title='bbox 890 686 979 738; x_wconf 80' lang='lat' dir='ltr'><strong>sed</strong></span> <span class='ocrx_word' id='word_1_20' title='bbox 996 685 1235 740; x_wconf 82' lang='lat' dir='ltr'><strong>adversus</strong></span> <span class='ocrx_word' id='word_1_21' title='bbox 1265 686 1572 754; x_wconf 86' lang='lat' dir='ltr'><strong>principatus</strong></span> <span class='ocrx_word' id='word_1_22' title='bbox 1597 694 1642 739; x_wconf 88' lang='lat' dir='ltr'><strong>et</strong></span> <span class='ocrx_word' id='word_1_23' title='bbox 1664 695 1932 753; x_wconf 83' lang='lat' dir='ltr'><strong>potestates</strong></span> <span class='ocrx_word' id='word_1_24' title='bbox 1959 702 1979 740; x_wconf 91' lang='lat'><strong>:</strong></span> <span class='ocrx_word' id='word_1_25' title='bbox 2002 687 2197 740; x_wconf 87' lang='lat' dir='ltr'><strong>induite</strong></span> <span class='ocrx_word' id='word_1_26' title='bbox 2221 686 2318 755; x_wconf 87' lang='lat' dir='ltr'><strong>igi-</strong></span> 
     </span>
    </p>
   </div>
   <div class='ocr_carea' id='block_1_4' title="bbox 721 775 2320 847">
    <p class='ocr_par' dir='ltr' id='par_1_4' title="bbox 721 775 2320 847">
     <span class='ocr_line' id='line_1_4' title="bbox 721 775 2320 847; baseline 0.003 -22"><span class='ocrx_word' id='word_1_27' title='bbox 721 781 808 826; x_wconf 84' lang='lat' dir='ltr'><strong>tur</strong></span> <span class='ocrx_word' id='word_1_28' title='bbox 839 785 1154 830; x_wconf 74' lang='lat' dir='ltr'><strong><em>armaturam</em></strong></span> <span class='ocrx_word' id='word_1_29' title='bbox 1182 776 1273 830; x_wconf 86' lang='lat' dir='ltr'><strong>Dei</strong></span> <span class='ocrx_word' id='word_1_30' title='bbox 1315 775 1528 846; x_wconf 76' lang='lat' dir='ltr'><strong>(Ep/tes.</strong></span> <span class='ocrx_word' id='word_1_31' title='bbox 1560 776 1614 831; x_wconf 89' lang='grc'><strong>6.</strong></span> <span class='ocrx_word' id='word_1_32' title='bbox 1649 776 1758 847; x_wconf 75' lang='lat' dir='ltr'><strong>l2).</strong></span> <span class='ocrx_word' id='word_1_33' title='bbox 1804 776 1992 832; x_wconf 75' lang='lat' dir='ltr'><strong>Vidisti</strong></span> <span class='ocrx_word' id='word_1_34' title='bbox 2021 777 2320 833; x_wconf 84' lang='lat' dir='ltr'><strong>athletam?</strong></span> 
     </span>
    </p>
   </div>
   <div class='ocr_carea' id='block_1_5' title="bbox 724 863 2318 930">
    <p class='ocr_par' dir='ltr' id='par_1_5' title="bbox 724 863 2318 930">
     <span class='ocr_line' id='line_1_5' title="bbox 724 863 2318 930; baseline 0.001 -13"><span class='ocrx_word' id='word_1_35' title='bbox 724 863 906 919; x_wconf 78' lang='lat' dir='ltr'><strong>vidisti</strong></span> <span class='ocrx_word' id='word_1_36' title='bbox 936 865 1204 921; x_wconf 74' lang='lat' dir='ltr'><strong>militem?</strong></span> <span class='ocrx_word' id='word_1_37' title='bbox 1231 865 1286 920; x_wconf 89' lang='lat' dir='ltr'><strong>Si</strong></span> <span class='ocrx_word' id='word_1_38' title='bbox 1316 865 1516 919; x_wconf 90' lang='lat' dir='ltr'><strong>athleta</strong></span> <span class='ocrx_word' id='word_1_39' title='bbox 1548 879 1628 930; x_wconf 88' lang='lat' dir='ltr'><strong>es,</strong></span> <span class='ocrx_word' id='word_1_40' title='bbox 1676 866 1876 921; x_wconf 90' lang='lat' dir='ltr'><strong>nudum</strong></span> <span class='ocrx_word' id='word_1_41' title='bbox 1924 868 1975 921; x_wconf 92' lang='lat' dir='ltr'><strong>in</strong></span> <span class='ocrx_word' id='word_1_42' title='bbox 2003 877 2270 921; x_wconf 74' lang='lat' dir='ltr'><strong>certamen</strong></span> <span class='ocrx_word' id='word_1_43' title='bbox 2299 866 2318 898; x_wconf 81' lang='grc'>⁸</span> 
     </span>
    </p>
   </div>
   <div class='ocr_carea' id='block_1_6' title="bbox 726 955 2317 1028">
    <p class='ocr_par' dir='ltr' id='par_1_6' title="bbox 726 955 2317 1028">
     <span class='ocr_line' id='line_1_6' title="bbox 726 955 2317 1028; baseline 0.001 -20"><span class='ocrx_word' id='word_1_44' title='bbox 726 963 782 1008; x_wconf 89' lang='lat' dir='ltr'><strong>te</strong></span> <span class='ocrx_word' id='word_1_45' title='bbox 809 955 1138 1012; x_wconf 90' lang='lat' dir='ltr'><strong>descendere</strong></span> <span class='ocrx_word' id='word_1_46' title='bbox 1162 967 1408 1024; x_wconf 76' lang='lat' dir='ltr'><strong>oportet;</strong></span> <span class='ocrx_word' id='word_1_47' title='bbox 1441 958 1483 1011; x_wconf 90' lang='lat' dir='ltr'><strong>si</strong></span> <span class='ocrx_word' id='word_1_48' title='bbox 1508 958 1685 1026; x_wconf 89' lang='lat' dir='ltr'><strong>miles,</strong></span> <span class='ocrx_word' id='word_1_49' title='bbox 1709 968 1970 1013; x_wconf 90' lang='lat' dir='ltr'><strong>armatum</strong></span> <span class='ocrx_word' id='word_1_50' title='bbox 1997 958 2064 1013; x_wconf 91' lang='lat' dir='ltr'><strong>ad</strong></span> <span class='ocrx_word' id='word_1_51' title='bbox 2089 973 2317 1028; x_wconf 77' lang='lat' dir='ltr'><strong>pugnam</strong></span> 
     </span>
    </p>
   </div>
   <div class='ocr_carea' id='block_1_7' title="bbox 725 1047 2320 1121">
    <p class='ocr_par' dir='ltr' id='par_1_7' title="bbox 725 1047 2320 1121">
     <span class='ocr_line' id='line_1_7' title="bbox 725 1047 2320 1121; baseline 0.004 -22"><span class='ocrx_word' id='word_1_52' title='bbox 725 1047 1022 1102; x_wconf 75' lang='lat' dir='ltr'><strong>consiStere</strong></span> <span class='ocrx_word' id='word_1_53' title='bbox 1051 1063 1270 1103; x_wconf 87' lang='lat' dir='ltr'><strong>necesse</strong></span> <span class='ocrx_word' id='word_1_54' title='bbox 1299 1057 1382 1104; x_wconf 90' lang='lat' dir='ltr'><strong>est</strong></span> <span class='ocrx_word' id='word_1_55' title='bbox 1409 1067 1422 1103; x_wconf 91' lang='lat'><strong>:</strong></span> <span class='ocrx_word' id='word_1_56' title='bbox 1452 1051 1721 1120; x_wconf 87' lang='lat' dir='ltr'><strong>quomodo</strong></span> <span class='ocrx_word' id='word_1_57' title='bbox 1758 1051 1918 1121; x_wconf 87' lang='lat' dir='ltr'><strong>igitur</strong></span> <span class='ocrx_word' id='word_1_58' title='bbox 1957 1051 2073 1105; x_wconf 64' lang='lat' dir='ltr'><strong>haec</strong></span> <span class='ocrx_word' id='word_1_59' title='bbox 2097 1059 2320 1120; x_wconf 89' lang='lat' dir='ltr'><strong>utraque</strong></span> 
     </span>
    </p>
   </div>
   <div class='ocr_carea' id='block_1_8' title="bbox 730 1137 2315 1210">
    <p class='ocr_par' dir='ltr' id='par_1_8' title="bbox 730 1137 2315 1210">
     <span class='ocr_line' id='line_1_8' title="bbox 730 1137 2315 1210; baseline 0.003 -21"><span class='ocrx_word' id='word_1_60' title='bbox 730 1137 889 1191; x_wconf 87' lang='lat' dir='ltr'><strong>simul</strong></span> <span class='ocrx_word' id='word_1_61' title='bbox 917 1153 1040 1193; x_wconf 90' lang='lat' dir='ltr'><strong>esse</strong></span> <span class='ocrx_word' id='word_1_62' title='bbox 1084 1142 1310 1210; x_wconf 82' lang='lat' dir='ltr'><strong>possint,</strong></span> <span class='ocrx_word' id='word_1_63' title='bbox 1342 1150 1398 1195; x_wconf 91' lang='lat' dir='ltr'><strong>et</strong></span> <span class='ocrx_word' id='word_1_64' title='bbox 1439 1141 1642 1196; x_wconf 88' lang='lat' dir='ltr'><strong>nudum</strong></span> <span class='ocrx_word' id='word_1_65' title='bbox 1671 1157 1812 1206; x_wconf 86' lang='lat' dir='ltr'><strong>esse,</strong></span> <span class='ocrx_word' id='word_1_66' title='bbox 1841 1151 1895 1196; x_wconf 90' lang='lat' dir='ltr'><strong>et</strong></span> <span class='ocrx_word' id='word_1_67' title='bbox 1936 1155 2044 1195; x_wconf 91' lang='lat' dir='ltr'><strong>non</strong></span> <span class='ocrx_word' id='word_1_68' title='bbox 2074 1141 2274 1195; x_wconf 89' lang='lat' dir='ltr'><strong>nudum</strong></span> <span class='ocrx_word' id='word_1_69' title='bbox 2300 1157 2315 1192; x_wconf 90' lang='lat'><strong>:</strong></span> 
     </span>
    </p>
   </div>
   <div class='ocr_carea' id='block_1_9' title="bbox 725 1222 2318 1297">
    <p class='ocr_par' dir='ltr' id='par_1_9' title="bbox 725 1222 2318 1297">
     <span class='ocr_line' id='line_1_9' title="bbox 725 1222 2318 1297; baseline 0.004 -17"><span class='ocrx_word' id='word_1_70' title='bbox 725 1236 780 1280; x_wconf 90' lang='lat' dir='ltr'><strong>et</strong></span> <span class='ocrx_word' id='word_1_71' title='bbox 827 1227 1089 1290; x_wconf 86' lang='lat' dir='ltr'><strong>indutum.</strong></span> <span class='ocrx_word' id='word_1_72' title='bbox 1135 1239 1192 1284; x_wconf 91' lang='lat' dir='ltr'><strong>et</strong></span> <span class='ocrx_word' id='word_1_73' title='bbox 1238 1246 1345 1285; x_wconf 88' lang='lat' dir='ltr'><strong>non</strong></span> <span class='ocrx_word' id='word_1_74' title='bbox 1393 1231 1817 1297; x_wconf 70' lang='lat' dir='ltr'><strong>indutumiQuo</strong></span> <span class='ocrx_word' id='word_1_75' title='bbox 1861 1232 2074 1286; x_wconf 90' lang='lat' dir='ltr'><strong>tandem</strong></span> <span class='ocrx_word' id='word_1_76' title='bbox 2116 1222 2318 1294; x_wconf 56' lang='lat' dir='ltr'><strong>modi,</strong></span> 
     </span>
    </p>
   </div>
   <div class='ocr_carea' id='block_1_10' title="bbox 724 1297 2318 1392">
    <p class='ocr_par' dir='ltr' id='par_1_10' title="bbox 724 1297 2318 1392">
     <span class='ocr_line' id='line_1_10' title="bbox 724 1297 2318 1392; baseline 0.004 -20"><span class='ocrx_word' id='word_1_77' title='bbox 724 1332 826 1387; x_wconf 88' lang='lat' dir='ltr'><strong>ego</strong></span> <span class='ocrx_word' id='word_1_78' title='bbox 855 1319 1052 1376; x_wconf 85' lang='lat' dir='ltr'><strong>dicam.</strong></span> <span class='ocrx_word' id='word_1_79' title='bbox 1085 1321 1241 1378; x_wconf 78' lang='lat' dir='ltr'><strong>Exue</strong></span> <span class='ocrx_word' id='word_1_80' title='bbox 1267 1323 1391 1377; x_wconf 72' lang='lat' dir='ltr'><strong>vita:</strong></span> <span class='ocrx_word' id='word_1_81' title='bbox 1436 1324 1666 1392; x_wconf 90' lang='lat' dir='ltr'><strong>negotia,</strong></span> <span class='ocrx_word' id='word_1_82' title='bbox 1696 1333 1748 1377; x_wconf 90' lang='lat' dir='ltr'><strong>et</strong></span> <span class='ocrx_word' id='word_1_83' title='bbox 1776 1323 1974 1378; x_wconf 82' lang='lat' dir='ltr'><strong>athleta</strong></span> <span class='ocrx_word' id='word_1_84' title='bbox 2021 1323 2188 1378; x_wconf 82' lang='lat' dir='ltr'><strong>lactus</strong></span> <span class='ocrx_word' id='word_1_85' title='bbox 2214 1297 2318 1378; x_wconf 48' lang='lat' dir='ltr'><strong>esi</strong></span> 
     </span>
    </p>
   </div>
   <div class='ocr_carea' id='block_1_11' title="bbox 727 1408 2319 1483">
    <p class='ocr_par' dir='ltr' id='par_1_11' title="bbox 727 1408 2319 1483">
     <span class='ocr_line' id='line_1_11' title="bbox 727 1408 2319 1483; baseline 0.004 -21"><span class='ocrx_word' id='word_1_86' title='bbox 727 1408 892 1465; x_wconf 88' lang='lat' dir='ltr'><strong>indue</strong></span> <span class='ocrx_word' id='word_1_87' title='bbox 933 1425 1080 1465; x_wconf 88' lang='lat' dir='ltr'><strong>arma</strong></span> <span class='ocrx_word' id='word_1_88' title='bbox 1129 1412 1445 1482; x_wconf 80' lang='lat' dir='ltr'><strong>Spiritualia,</strong></span> <span class='ocrx_word' id='word_1_89' title='bbox 1491 1422 1545 1466; x_wconf 91' lang='lat' dir='ltr'><strong>et</strong></span> <span class='ocrx_word' id='word_1_90' title='bbox 1587 1412 1756 1465; x_wconf 80' lang='lat' dir='ltr'><strong>factus</strong></span> <span class='ocrx_word' id='word_1_91' title='bbox 1779 1427 1840 1467; x_wconf 89' lang='lat' dir='ltr'><strong>es</strong></span> <span class='ocrx_word' id='word_1_92' title='bbox 1861 1413 2035 1468; x_wconf 88' lang='lat' dir='ltr'><strong>miles.</strong></span> <span class='ocrx_word' id='word_1_93' title='bbox 2067 1413 2319 1483; x_wconf 83' lang='lat' dir='ltr'><strong>Teipsutn</strong></span> 
     </span>
    </p>
   </div>
   <div class='ocr_carea' id='block_1_12' title="bbox 727 1500 2321 1574">
    <p class='ocr_par' dir='ltr' id='par_1_12' title="bbox 727 1500 2321 1574">
     <span class='ocr_line' id='line_1_12' title="bbox 727 1500 2321 1574; baseline 0.004 -23"><span class='ocrx_word' id='word_1_94' title='bbox 727 1500 848 1553; x_wconf 74' lang='lat' dir='ltr'><strong>vita:</strong></span> <span class='ocrx_word' id='word_1_95' title='bbox 895 1501 1039 1554; x_wconf 91' lang='lat' dir='ltr'><strong>curis</strong></span> <span class='ocrx_word' id='word_1_96' title='bbox 1082 1500 1330 1566; x_wconf 89' lang='lat' dir='ltr'><strong>denuda;</strong></span> <span class='ocrx_word' id='word_1_97' title='bbox 1383 1501 1537 1556; x_wconf 71' lang='lat' dir='ltr'><strong>lucta:</strong></span> <span class='ocrx_word' id='word_1_98' title='bbox 1579 1502 1722 1556; x_wconf 90' lang='lat' dir='ltr'><strong>enim</strong></span> <span class='ocrx_word' id='word_1_99' title='bbox 1759 1511 1968 1574; x_wconf 80' lang='lat' dir='ltr'><strong>tempus</strong></span> <span class='ocrx_word' id='word_1_100' title='bbox 1996 1513 2080 1558; x_wconf 89' lang='lat' dir='ltr'><strong>est</strong></span> <span class='ocrx_word' id='word_1_101' title='bbox 2119 1522 2134 1557; x_wconf 89' lang='lat'><strong>:</strong></span> <span class='ocrx_word' id='word_1_102' title='bbox 2174 1520 2321 1559; x_wconf 88' lang='lat' dir='ltr'><strong>arma</strong></span> 
     </span>
    </p>
   </div>
   <div class='ocr_carea' id='block_1_13' title="bbox 726 1587 2325 1655">
    <p class='ocr_par' dir='ltr' id='par_1_13' title="bbox 726 1587 2325 1655">
     <span class='ocr_line' id='line_1_13' title="bbox 726 1587 2325 1655; baseline 0.006 -15"><span class='ocrx_word' id='word_1_103' title='bbox 726 1587 944 1655; x_wconf 73' lang='lat' dir='ltr'><strong>Spiritus</strong></span> <span class='ocrx_word' id='word_1_104' title='bbox 989 1589 1184 1654; x_wconf 87' lang='lat' dir='ltr'><strong>indue;</strong></span> <span class='ocrx_word' id='word_1_105' title='bbox 1215 1590 1411 1644; x_wconf 87' lang='lat' dir='ltr'><strong>bellum</strong></span> <span class='ocrx_word' id='word_1_106' title='bbox 1456 1592 1600 1646; x_wconf 90' lang='lat' dir='ltr'><strong>enim</strong></span> <span class='ocrx_word' id='word_1_107' title='bbox 1641 1591 1799 1648; x_wconf 90' lang='lat' dir='ltr'><strong>nobis</strong></span> <span class='ocrx_word' id='word_1_108' title='bbox 1837 1602 2025 1648; x_wconf 90' lang='lat' dir='ltr'><strong>contra</strong></span> <span class='ocrx_word' id='word_1_109' title='bbox 2050 1593 2325 1650; x_wconf 79' lang='lat' dir='ltr'><strong>dannones</strong></span> 
     </span>
    </p>
   </div>
   <div class='ocr_carea' id='block_1_14' title="bbox 724 1679 2325 1755">
    <p class='ocr_par' dir='ltr' id='par_1_14' title="bbox 724 1679 2325 1755">
     <span class='ocr_line' id='line_1_14' title="bbox 724 1679 2325 1755; baseline 0.004 -23"><span class='ocrx_word' id='word_1_110' title='bbox 724 1679 1012 1734; x_wconf 84' lang='lat' dir='ltr'><strong>conﬂatum</strong></span> <span class='ocrx_word' id='word_1_111' title='bbox 1042 1690 1127 1735; x_wconf 91' lang='lat' dir='ltr'><strong>est</strong></span> <span class='ocrx_word' id='word_1_112' title='bbox 1153 1696 1334 1752; x_wconf 84' lang='lat' dir='ltr'><strong>grave.</strong></span> <span class='ocrx_word' id='word_1_113' title='bbox 1381 1683 1674 1752; x_wconf 83' lang='lat' dir='ltr'><strong>Propterea</strong></span> <span class='ocrx_word' id='word_1_114' title='bbox 1701 1693 1755 1738; x_wconf 91' lang='lat' dir='ltr'><strong>et</strong></span> <span class='ocrx_word' id='word_1_115' title='bbox 1794 1685 1993 1739; x_wconf 92' lang='lat' dir='ltr'><strong>nudum</strong></span> <span class='ocrx_word' id='word_1_116' title='bbox 2018 1700 2138 1740; x_wconf 89' lang='lat' dir='ltr'><strong>esse</strong></span> <span class='ocrx_word' id='word_1_117' title='bbox 2163 1701 2325 1755; x_wconf 88' lang='lat' dir='ltr'><strong>opor-</strong></span> 
     </span>
    </p>
   </div>
   <div class='ocr_carea' id='block_1_15' title="bbox 728 1772 2320 1843">
    <p class='ocr_par' dir='ltr' id='par_1_15' title="bbox 728 1772 2320 1843">
     <span class='ocr_line' id='line_1_15' title="bbox 728 1772 2320 1843; baseline 0.006 -24"><span class='ocrx_word' id='word_1_118' title='bbox 728 1778 822 1832; x_wconf 83' lang='lat' dir='ltr'><strong>tet,</strong></span> <span class='ocrx_word' id='word_1_119' title='bbox 858 1779 912 1823; x_wconf 91' lang='lat' dir='ltr'><strong>ut</strong></span> <span class='ocrx_word' id='word_1_120' title='bbox 940 1772 1138 1825; x_wconf 90' lang='lat' dir='ltr'><strong>nullam</strong></span> <span class='ocrx_word' id='word_1_121' title='bbox 1169 1773 1383 1827; x_wconf 87' lang='lat' dir='ltr'><strong>diabolo</strong></span> <span class='ocrx_word' id='word_1_122' title='bbox 1416 1774 1689 1828; x_wconf 71' lang='lat' dir='ltr'><strong>uobiscum</strong></span> <span class='ocrx_word' id='word_1_123' title='bbox 1717 1775 1936 1829; x_wconf 90' lang='lat' dir='ltr'><strong>luctanti</strong></span> <span class='ocrx_word' id='word_1_124' title='bbox 1964 1790 2150 1828; x_wconf 90' lang='lat' dir='ltr'><strong>ansam</strong></span> <span class='ocrx_word' id='word_1_125' title='bbox 2179 1792 2320 1843; x_wconf 72' lang='lat' dir='ltr'><strong>prm-</strong></span> 
     </span>
    </p>
   </div>
   <div class='ocr_carea' id='block_1_16' title="bbox 727 1860 2322 1934">
    <p class='ocr_par' dir='ltr' id='par_1_16' title="bbox 727 1860 2322 1934">
     <span class='ocr_line' id='line_1_16' title="bbox 727 1860 2322 1934; baseline 0.006 -21"><span class='ocrx_word' id='word_1_126' title='bbox 727 1860 970 1927; x_wconf 86' lang='lat' dir='ltr'><strong>beamus,</strong></span> <span class='ocrx_word' id='word_1_127' title='bbox 1021 1870 1076 1916; x_wconf 90' lang='lat' dir='ltr'><strong>et</strong></span> <span class='ocrx_word' id='word_1_128' title='bbox 1129 1863 1361 1932; x_wconf 90' lang='lat' dir='ltr'><strong>undique</strong></span> <span class='ocrx_word' id='word_1_129' title='bbox 1417 1866 1635 1930; x_wconf 86' lang='lat' dir='ltr'><strong>armari,</strong></span> <span class='ocrx_word' id='word_1_130' title='bbox 1687 1874 1746 1919; x_wconf 90' lang='lat' dir='ltr'><strong>ut</strong></span> <span class='ocrx_word' id='word_1_131' title='bbox 1793 1880 2053 1934; x_wconf 80' lang='lat' dir='ltr'><strong>nusquam</strong></span> <span class='ocrx_word' id='word_1_132' title='bbox 2107 1867 2322 1922; x_wconf 89' lang='lat' dir='ltr'><strong>letalem</strong></span> 
     </span>
    </p>
   </div>
   <div class='ocr_carea' id='block_1_17' title="bbox 723 1953 2324 2026">
    <p class='ocr_par' dir='ltr' id='par_1_17' title="bbox 723 1953 2324 2026">
     <span class='ocr_line' id='line_1_17' title="bbox 723 1953 2324 2026; baseline 0.005 -22"><span class='ocrx_word' id='word_1_133' title='bbox 723 1953 932 2022; x_wconf 81' lang='lat' dir='ltr'><strong>plagam</strong></span> <span class='ocrx_word' id='word_1_134' title='bbox 961 1953 1305 2020; x_wconf 89' lang='lat' dir='ltr'><strong>accipiamus.</strong></span> <span class='ocrx_word' id='word_1_135' title='bbox 1355 1953 1554 2008; x_wconf 81' lang='lat' dir='ltr'><strong>Excole</strong></span> <span class='ocrx_word' id='word_1_136' title='bbox 1596 1954 1828 2008; x_wconf 90' lang='lat' dir='ltr'><strong>animam</strong></span> <span class='ocrx_word' id='word_1_137' title='bbox 1861 1966 2028 2021; x_wconf 91' lang='lat' dir='ltr'><strong>tuam,</strong></span> <span class='ocrx_word' id='word_1_138' title='bbox 2059 1967 2111 2011; x_wconf 91' lang='lat' dir='ltr'><strong>et</strong></span> <span class='ocrx_word' id='word_1_139' title='bbox 2141 1958 2324 2026; x_wconf 90' lang='lat' dir='ltr'><strong>spinas</strong></span> 
     </span>
    </p>
   </div>
   <div class='ocr_carea' id='block_1_18' title="bbox 723 2043 2325 2118">
    <p class='ocr_par' dir='ltr' id='par_1_18' title="bbox 723 2043 2325 2118">
     <span class='ocr_line' id='line_1_18' title="bbox 723 2043 2325 2118; baseline 0.004 -20"><span class='ocrx_word' id='word_1_140' title='bbox 723 2043 911 2098; x_wconf 79' lang='lat' dir='ltr'><strong>excide</strong></span> <span class='ocrx_word' id='word_1_141' title='bbox 935 2060 950 2096; x_wconf 91' lang='lat'><strong>:</strong></span> <span class='ocrx_word' id='word_1_142' title='bbox 973 2044 1176 2098; x_wconf 89' lang='lat' dir='ltr'><strong>semina</strong></span> <span class='ocrx_word' id='word_1_143' title='bbox 1194 2045 1414 2099; x_wconf 84' lang='lat' dir='ltr'><strong>verbum</strong></span> <span class='ocrx_word' id='word_1_144' title='bbox 1441 2046 1675 2116; x_wconf 88' lang='lat' dir='ltr'><strong>pietatis,</strong></span> <span class='ocrx_word' id='word_1_145' title='bbox 1696 2046 1952 2117; x_wconf 89' lang='lat' dir='ltr'><strong>pulchras</strong></span> <span class='ocrx_word' id='word_1_146' title='bbox 1966 2048 2325 2118; x_wconf 68' lang='lat' dir='ltr'><strong>philosophim</strong></span> 
     </span>
    </p>
   </div>
   <div class='ocr_carea' id='block_1_19' title="bbox 722 2127 2327 2209">
    <p class='ocr_par' dir='ltr' id='par_1_19' title="bbox 722 2127 2327 2209">
     <span class='ocr_line' id='line_1_19' title="bbox 722 2127 2327 2209; baseline 0.005 -22"><span class='ocrx_word' id='word_1_147' title='bbox 722 2134 933 2204; x_wconf 83' lang='lat' dir='ltr'><strong>plantas</strong></span> <span class='ocrx_word' id='word_1_148' title='bbox 976 2136 1171 2201; x_wconf 88' lang='lat' dir='ltr'><strong>insere,</strong></span> <span class='ocrx_word' id='word_1_149' title='bbox 1203 2146 1260 2192; x_wconf 90' lang='lat' dir='ltr'><strong>et</strong></span> <span class='ocrx_word' id='word_1_150' title='bbox 1287 2152 1407 2191; x_wconf 88' lang='lat' dir='ltr'><strong>cum</strong></span> <span class='ocrx_word' id='word_1_151' title='bbox 1453 2138 1622 2192; x_wconf 87' lang='lat' dir='ltr'><strong>multa</strong></span> <span class='ocrx_word' id='word_1_152' title='bbox 1653 2127 1924 2208; x_wconf 80' lang='lat' dir='ltr'><strong>diligentia</strong></span> <span class='ocrx_word' id='word_1_153' title='bbox 1952 2141 2242 2209; x_wconf 86' lang='lat' dir='ltr'><strong>repastina,</strong></span> <span class='ocrx_word' id='word_1_154' title='bbox 2271 2149 2327 2196; x_wconf 89' lang='lat' dir='ltr'><strong>et</strong></span> 
     </span>
    </p>
   </div>
   <div class='ocr_carea' id='block_1_20' title="bbox 720 2226 2323 2299">
    <p class='ocr_par' dir='ltr' id='par_1_20' title="bbox 720 2226 2323 2299">
     <span class='ocr_line' id='line_1_20' title="bbox 720 2226 2323 2299; baseline 0.004 -21"><span class='ocrx_word' id='word_1_155' title='bbox 720 2228 952 2296; x_wconf 79' lang='lat' dir='ltr'><strong>agricola</strong></span> <span class='ocrx_word' id='word_1_156' title='bbox 986 2226 1156 2283; x_wconf 78' lang='lat' dir='ltr'><strong>factus</strong></span> <span class='ocrx_word' id='word_1_157' title='bbox 1185 2244 1266 2295; x_wconf 90' lang='lat' dir='ltr'><strong>es,</strong></span> <span class='ocrx_word' id='word_1_158' title='bbox 1313 2229 1513 2299; x_wconf 85' lang='lat' dir='ltr'><strong>tibique</strong></span> <span class='ocrx_word' id='word_1_159' title='bbox 1543 2230 1686 2286; x_wconf 89' lang='lat' dir='ltr'><strong>dicet</strong></span> <span class='ocrx_word' id='word_1_160' title='bbox 1711 2231 1907 2286; x_wconf 85' lang='lat' dir='ltr'><strong>Paulus</strong></span> <span class='ocrx_word' id='word_1_161' title='bbox 1938 2249 1951 2286; x_wconf 93' lang='lat'><strong>:</strong></span> <span class='ocrx_word' id='word_1_162' title='bbox 1984 2230 2323 2286; x_wconf 85' lang='lat' dir='ltr'><strong>Laborantem</strong></span> 
     </span>
    </p>
   </div>
   <div class='ocr_carea' id='block_1_21' title="bbox 719 2318 2318 2392">
    <p class='ocr_par' dir='ltr' id='par_1_21' title="bbox 719 2318 2318 2392">
     <span class='ocr_line' id='line_1_21' title="bbox 719 2318 2318 2392; baseline 0.003 -22"><span class='ocrx_word' id='word_1_163' title='bbox 719 2318 997 2388; x_wconf 71' lang='lat' dir='ltr'><strong>agricolae:</strong></span> <span class='ocrx_word' id='word_1_164' title='bbox 1045 2329 1242 2389; x_wconf 82' lang='lat' dir='ltr'><strong>Oportet</strong></span> <span class='ocrx_word' id='word_1_165' title='bbox 1284 2321 1502 2390; x_wconf 86' lang='lat' dir='ltr'><strong>primum</strong></span> <span class='ocrx_word' id='word_1_166' title='bbox 1544 2325 1736 2392; x_wconf 78' lang='lat' dir='ltr'><strong>fruetus</strong></span> <span class='ocrx_word' id='word_1_167' title='bbox 1764 2323 2021 2391; x_wconf 82' lang='lat' dir='ltr'><strong>percipere</strong></span> <span class='ocrx_word' id='word_1_168' title='bbox 2059 2321 2134 2390; x_wconf 74' lang='lat'><strong>(2.</strong></span> <span class='ocrx_word' id='word_1_169' title='bbox 2184 2321 2318 2374; x_wconf 85' lang='lat' dir='ltr'><strong>Tim.</strong></span> 
     </span>
    </p>
   </div>
   <div class='ocr_carea' id='block_1_22' title="bbox 724 2408 2321 2480">
    <p class='ocr_par' dir='ltr' id='par_1_22' title="bbox 724 2408 2321 2480">
     <span class='ocr_line' id='line_1_22' title="bbox 724 2408 2321 2480; baseline 0.002 -19"><span class='ocrx_word' id='word_1_170' title='bbox 724 2408 780 2461; x_wconf 74' lang='lat'><strong>2.</strong></span> <span class='ocrx_word' id='word_1_171' title='bbox 812 2408 888 2480; x_wconf 88' lang='lat'><strong>6).</strong></span> <span class='ocrx_word' id='word_1_172' title='bbox 938 2409 1086 2464; x_wconf 85' lang='lat' dir='ltr'><strong>lianc</strong></span> <span class='ocrx_word' id='word_1_173' title='bbox 1124 2419 1178 2463; x_wconf 86' lang='lat' dir='ltr'><strong>et</strong></span> <span class='ocrx_word' id='word_1_174' title='bbox 1207 2411 1321 2478; x_wconf 89' lang='lat' dir='ltr'><strong>ipse</strong></span> <span class='ocrx_word' id='word_1_175' title='bbox 1366 2418 1536 2464; x_wconf 88' lang='lat' dir='ltr'><strong>artem</strong></span> <span class='ocrx_word' id='word_1_176' title='bbox 1569 2411 1829 2465; x_wconf 86' lang='lat' dir='ltr'><strong>tractabat</strong></span> <span class='ocrx_word' id='word_1_177' title='bbox 1861 2427 1874 2463; x_wconf 93' lang='lat'><strong>:</strong></span> <span class='ocrx_word' id='word_1_178' title='bbox 1905 2410 2106 2465; x_wconf 92' lang='lat' dir='ltr'><strong>idcirco</strong></span> <span class='ocrx_word' id='word_1_179' title='bbox 2134 2410 2321 2464; x_wconf 89' lang='lat' dir='ltr'><strong>Corin-</strong></span> 
     </span>
    </p>
   </div>
   <div class='ocr_carea' id='block_1_23' title="bbox 724 2498 2317 2571">
    <p class='ocr_par' dir='ltr' id='par_1_23' title="bbox 724 2498 2317 2571">
     <span class='ocr_line' id='line_1_23' title="bbox 724 2498 2317 2571; baseline 0.001 -19"><span class='ocrx_word' id='word_1_180' title='bbox 724 2500 850 2554; x_wconf 89' lang='lat' dir='ltr'><strong>thiis</strong></span> <span class='ocrx_word' id='word_1_181' title='bbox 897 2499 1138 2554; x_wconf 84' lang='lat' dir='ltr'><strong>scribens</strong></span> <span class='ocrx_word' id='word_1_182' title='bbox 1161 2498 1372 2554; x_wconf 86' lang='lat' dir='ltr'><strong>dicebat</strong></span> <span class='ocrx_word' id='word_1_183' title='bbox 1402 2517 1416 2554; x_wconf 95' lang='lat'><strong>:</strong></span> <span class='ocrx_word' id='word_1_184' title='bbox 1448 2498 1559 2571; x_wconf 85' lang='lat' dir='ltr'><strong>Ego</strong></span> <span class='ocrx_word' id='word_1_185' title='bbox 1589 2498 1833 2568; x_wconf 87' lang='lat' dir='ltr'><strong>plantavi,</strong></span> <span class='ocrx_word' id='word_1_186' title='bbox 1878 2499 2060 2568; x_wconf 78' lang='lat' dir='ltr'><strong>Apollo</strong></span> <span class='ocrx_word' id='word_1_187' title='bbox 2095 2501 2317 2570; x_wconf 85' lang='lat' dir='ltr'><strong>rigavit,</strong></span> 
     </span>
    </p>
   </div>
   <div class='ocr_carea' id='block_1_24' title="bbox 717 2590 2323 2661">
    <p class='ocr_par' dir='ltr' id='par_1_24' title="bbox 717 2590 2323 2661">
     <span class='ocr_line' id='line_1_24' title="bbox 717 2590 2323 2661; baseline 0.002 -17"><span class='ocrx_word' id='word_1_188' title='bbox 717 2591 857 2646; x_wconf 88' lang='lat' dir='ltr'><strong>Deus</strong></span> <span class='ocrx_word' id='word_1_189' title='bbox 899 2601 1066 2645; x_wconf 88' lang='lat' dir='ltr'><strong>autem</strong></span> <span class='ocrx_word' id='word_1_190' title='bbox 1106 2592 1467 2646; x_wconf 85' lang='lat' dir='ltr'><strong>incrementum</strong></span> <span class='ocrx_word' id='word_1_191' title='bbox 1497 2591 1634 2645; x_wconf 86' lang='lat' dir='ltr'><strong>dedit</strong></span> <span class='ocrx_word' id='word_1_192' title='bbox 1679 2590 1758 2661; x_wconf 84' lang='lat' dir='ltr'><strong>(l.</strong></span> <span class='ocrx_word' id='word_1_193' title='bbox 1811 2590 1932 2646; x_wconf 88' lang='lat' dir='ltr'><strong>Cor.</strong></span> <span class='ocrx_word' id='word_1_194' title='bbox 1961 2592 2015 2646; x_wconf 77' lang='lat'><strong>5.</strong></span> <span class='ocrx_word' id='word_1_195' title='bbox 2048 2590 2128 2661; x_wconf 89' lang='lat'><strong>6).</strong></span> <span class='ocrx_word' id='word_1_196' title='bbox 2174 2593 2323 2647; x_wconf 82' lang='lat' dir='ltr'><strong>Acuc</strong></span> 
     </span>
    </p>
   </div>
   <div class='ocr_carea' id='block_1_25' title="bbox 721 2680 2325 2752">
    <p class='ocr_par' dir='ltr' id='par_1_25' title="bbox 721 2680 2325 2752">
     <span class='ocr_line' id='line_1_25' title="bbox 721 2680 2325 2752; baseline 0 -16"><span class='ocrx_word' id='word_1_197' title='bbox 721 2680 913 2737; x_wconf 82' lang='lat' dir='ltr'><strong>falcem</strong></span> <span class='ocrx_word' id='word_1_198' title='bbox 943 2691 1114 2748; x_wconf 91' lang='lat' dir='ltr'><strong>tuam,</strong></span> <span class='ocrx_word' id='word_1_199' title='bbox 1151 2697 1309 2752; x_wconf 88' lang='lat' dir='ltr'><strong>quam</strong></span> <span class='ocrx_word' id='word_1_200' title='bbox 1338 2696 1437 2752; x_wconf 89' lang='lat' dir='ltr'><strong>per</strong></span> <span class='ocrx_word' id='word_1_201' title='bbox 1459 2682 1730 2750; x_wconf 86' lang='lat' dir='ltr'><strong>crapulam</strong></span> <span class='ocrx_word' id='word_1_202' title='bbox 1761 2680 2044 2745; x_wconf 89' lang='lat' dir='ltr'><strong>bebetasti,</strong></span> <span class='ocrx_word' id='word_1_203' title='bbox 2071 2697 2204 2736; x_wconf 92' lang='lat' dir='ltr'><strong>acue</strong></span> <span class='ocrx_word' id='word_1_204' title='bbox 2228 2697 2325 2752; x_wconf 91' lang='lat' dir='ltr'><strong>per</strong></span> 
     </span>
    </p>
   </div>
   <div class='ocr_carea' id='block_1_26' title="bbox 718 2773 2321 2843">
    <p class='ocr_par' dir='ltr' id='par_1_26' title="bbox 718 2773 2321 2843">
     <span class='ocr_line' id='line_1_26' title="bbox 718 2773 2321 2843; baseline 0.001 -17"><span class='ocrx_word' id='word_1_205' title='bbox 718 2773 1000 2842; x_wconf 83' lang='lat' dir='ltr'><strong>jejunium,</strong></span> <span class='ocrx_word' id='word_1_206' title='bbox 1022 2773 1312 2843; x_wconf 83' lang='lat' dir='ltr'><strong>aggredere</strong></span> <span class='ocrx_word' id='word_1_207' title='bbox 1337 2775 1439 2828; x_wconf 87' lang='lat' dir='ltr'><strong>iter</strong></span> <span class='ocrx_word' id='word_1_208' title='bbox 1467 2774 1519 2827; x_wconf 94' lang='lat' dir='ltr'><strong>in</strong></span> <span class='ocrx_word' id='word_1_209' title='bbox 1545 2774 1734 2827; x_wconf 79' lang='lat' dir='ltr'><strong>ctelum</strong></span> <span class='ocrx_word' id='word_1_210' title='bbox 1766 2773 1967 2840; x_wconf 79' lang='lat' dir='ltr'><strong>ferens,</strong></span> <span class='ocrx_word' id='word_1_211' title='bbox 1995 2788 2240 2843; x_wconf 83' lang='lat' dir='ltr'><strong>asperam</strong></span> <span class='ocrx_word' id='word_1_212' title='bbox 2265 2785 2321 2829; x_wconf 92' lang='lat' dir='ltr'><strong>et</strong></span> 
     </span>
    </p>
   </div>
   <div class='ocr_carea' id='block_1_27' title="bbox 725 2863 2322 2934">
    <p class='ocr_par' dir='ltr' id='par_1_27' title="bbox 725 2863 2322 2934">
     <span class='ocr_line' id='line_1_27' title="bbox 725 2863 2322 2934; baseline 0.001 -18"><span class='ocrx_word' id='word_1_213' title='bbox 725 2873 1003 2933; x_wconf 78' lang='lat' dir='ltr'><strong>angustam</strong></span> <span class='ocrx_word' id='word_1_214' title='bbox 1042 2865 1183 2919; x_wconf 85' lang='lat' dir='ltr'><strong>viam</strong></span> <span class='ocrx_word' id='word_1_215' title='bbox 1227 2863 1428 2934; x_wconf 76' lang='lat' dir='ltr'><strong>attinge</strong></span> <span class='ocrx_word' id='word_1_216' title='bbox 1456 2872 1512 2919; x_wconf 90' lang='lat' dir='ltr'><strong>et</strong></span> <span class='ocrx_word' id='word_1_217' title='bbox 1552 2864 1787 2919; x_wconf 89' lang='lat' dir='ltr'><strong>ambula.</strong></span> <span class='ocrx_word' id='word_1_218' title='bbox 1819 2863 2101 2929; x_wconf 88' lang='lat' dir='ltr'><strong>Quomodo</strong></span> <span class='ocrx_word' id='word_1_219' title='bbox 2145 2874 2322 2918; x_wconf 89' lang='lat' dir='ltr'><strong>autem</strong></span> 
     </span>
    </p>
   </div>
   <div class='ocr_carea' id='block_1_28' title="bbox 723 2952 2323 3026">
    <p class='ocr_par' dir='ltr' id='par_1_28' title="bbox 723 2952 2323 3026">
     <span class='ocr_line' id='line_1_28' title="bbox 723 2952 2323 3026; baseline 0 -18"><span class='ocrx_word' id='word_1_220' title='bbox 723 2955 926 3026; x_wconf 89' lang='lat' dir='ltr'><strong>poteris</strong></span> <span class='ocrx_word' id='word_1_221' title='bbox 971 2964 1024 3007; x_wconf 89' lang='lat' dir='ltr'><strong>et</strong></span> <span class='ocrx_word' id='word_1_222' title='bbox 1053 2955 1316 3024; x_wconf 84' lang='lat' dir='ltr'><strong>attingere</strong></span> <span class='ocrx_word' id='word_1_223' title='bbox 1360 2963 1416 3008; x_wconf 91' lang='lat' dir='ltr'><strong>et</strong></span> <span class='ocrx_word' id='word_1_224' title='bbox 1458 2952 2088 3024; x_wconf 85' lang='lat' dir='ltr'><strong>ambulare?Castigans</strong></span> <span class='ocrx_word' id='word_1_225' title='bbox 2127 2969 2323 3023; x_wconf 91' lang='lat' dir='ltr'><strong>corpus</strong></span> 
     </span>
    </p>
   </div>
   <div class='ocr_carea' id='block_1_29' title="bbox 722 3042 2318 3113">
    <p class='ocr_par' dir='ltr' id='par_1_29' title="bbox 722 3042 2318 3113">
     <span class='ocr_line' id='line_1_29' title="bbox 722 3042 2318 3113; baseline -0.001 -16"><span class='ocrx_word' id='word_1_226' title='bbox 722 3053 953 3107; x_wconf 89' lang='lat' dir='ltr'><strong>tuum,et</strong></span> <span class='ocrx_word' id='word_1_227' title='bbox 975 3042 1026 3097; x_wconf 93' lang='lat' dir='ltr'><strong>in</strong></span> <span class='ocrx_word' id='word_1_228' title='bbox 1046 3043 1354 3098; x_wconf 90' lang='lat' dir='ltr'><strong>servitutem</strong></span> <span class='ocrx_word' id='word_1_229' title='bbox 1380 3042 1631 3113; x_wconf 88' lang='lat' dir='ltr'><strong>redigens</strong></span> <span class='ocrx_word' id='word_1_230' title='bbox 1655 3061 1666 3096; x_wconf 88' lang='lat'><strong>:</strong></span> <span class='ocrx_word' id='word_1_231' title='bbox 1690 3043 1777 3097; x_wconf 90' lang='lat' dir='ltr'><strong>ubi</strong></span> <span class='ocrx_word' id='word_1_232' title='bbox 1799 3044 1940 3097; x_wconf 87' lang='lat' dir='ltr'><strong>enim</strong></span> <span class='ocrx_word' id='word_1_233' title='bbox 1963 3043 2045 3096; x_wconf 88' lang='lat' dir='ltr'><strong>via</strong></span> <span class='ocrx_word' id='word_1_234' title='bbox 2074 3055 2318 3113; x_wconf 88' lang='lat' dir='ltr'><strong>angusta,</strong></span> 
     </span>
    </p>
   </div>
   <div class='ocr_carea' id='block_1_30' title="bbox 721 3136 2318 3206">
    <p class='ocr_par' dir='ltr' id='par_1_30' title="bbox 721 3136 2318 3206">
     <span class='ocr_line' id='line_1_30' title="bbox 721 3136 2318 3206; baseline 0.001 -16"><span class='ocrx_word' id='word_1_235' title='bbox 721 3151 974 3206; x_wconf 89' lang='lat' dir='ltr'><strong>magnum</strong></span> <span class='ocrx_word' id='word_1_236' title='bbox 1004 3136 1442 3205; x_wconf 88' lang='lat' dir='ltr'><strong>impedimentum</strong></span> <span class='ocrx_word' id='word_1_237' title='bbox 1461 3145 1544 3192; x_wconf 88' lang='lat' dir='ltr'><strong>est</strong></span> <span class='ocrx_word' id='word_1_238' title='bbox 1557 3136 1734 3190; x_wconf 91' lang='lat' dir='ltr'><strong>carnis</strong></span> <span class='ocrx_word' id='word_1_239' title='bbox 1748 3151 1812 3191; x_wconf 81' lang='lat' dir='ltr'><strong>ex</strong></span> <span class='ocrx_word' id='word_1_240' title='bbox 1828 3137 2042 3205; x_wconf 83' lang='lat' dir='ltr'><strong>crapula</strong></span> <span class='ocrx_word' id='word_1_241' title='bbox 2064 3137 2318 3192; x_wconf 88' lang='lat' dir='ltr'><strong>obesitas.</strong></span> 
     </span>
    </p>
   </div>
   <div class='ocr_carea' id='block_1_31' title="bbox 722 3227 2322 3297">
    <p class='ocr_par' dir='ltr' id='par_1_31' title="bbox 722 3227 2322 3297">
     <span class='ocr_line' id='line_1_31' title="bbox 722 3227 2322 3297; baseline 0.002 -16"><span class='ocrx_word' id='word_1_242' title='bbox 722 3227 998 3282; x_wconf 82' lang='lat' dir='ltr'><strong>Absurdas</strong></span> <span class='ocrx_word' id='word_1_243' title='bbox 1030 3227 1198 3282; x_wconf 89' lang='lat' dir='ltr'><strong>undas</strong></span> <span class='ocrx_word' id='word_1_244' title='bbox 1220 3228 1771 3297; x_wconf 89' lang='lat' dir='ltr'><strong>concupiscentiarum</strong></span> <span class='ocrx_word' id='word_1_245' title='bbox 1821 3227 2076 3296; x_wconf 87' lang='lat' dir='ltr'><strong>reprime.</strong></span> <span class='ocrx_word' id='word_1_246' title='bbox 2121 3229 2322 3297; x_wconf 90' lang='lat' dir='ltr'><strong>repelle</strong></span> 
     </span>
    </p>
   </div>
   <div class='ocr_carea' id='block_1_32' title="bbox 721 3317 2316 3390">
    <p class='ocr_par' dir='ltr' id='par_1_32' title="bbox 721 3317 2316 3390">
     <span class='ocr_line' id='line_1_32' title="bbox 721 3317 2316 3390; baseline -0.001 -16"><span class='ocrx_word' id='word_1_247' title='bbox 721 3317 1086 3389; x_wconf 88' lang='lat' dir='ltr'><strong>improbarum</strong></span> <span class='ocrx_word' id='word_1_248' title='bbox 1144 3318 1379 3374; x_wconf 88' lang='lat' dir='ltr'><strong>hiemem</strong></span> <span class='ocrx_word' id='word_1_249' title='bbox 1417 3319 1814 3390; x_wconf 82' lang='lat' dir='ltr'><strong>cogitationum,</strong></span> <span class='ocrx_word' id='word_1_250' title='bbox 1846 3334 1999 3373; x_wconf 84' lang='lat' dir='ltr'><strong>serva</strong></span> <span class='ocrx_word' id='word_1_251' title='bbox 2023 3319 2316 3389; x_wconf 80' lang='lat' dir='ltr'><strong>navigium,</strong></span> 
     </span>
    </p>
   </div>
   <div class='ocr_carea' id='block_1_33' title="bbox 721 3410 2248 3482">
    <p class='ocr_par' dir='ltr' id='par_1_33' title="bbox 721 3410 2248 3482">
     <span class='ocr_line' id='line_1_33' title="bbox 721 3410 2248 3482; baseline -0.002 -16"><span class='ocrx_word' id='word_1_252' title='bbox 721 3412 940 3466; x_wconf 88' lang='lat' dir='ltr'><strong>multam</strong></span> <span class='ocrx_word' id='word_1_253' title='bbox 967 3411 1188 3466; x_wconf 88' lang='lat' dir='ltr'><strong>ostende</strong></span> <span class='ocrx_word' id='word_1_254' title='bbox 1207 3412 1475 3482; x_wconf 88' lang='lat' dir='ltr'><strong>peritiam,</strong></span> <span class='ocrx_word' id='word_1_255' title='bbox 1501 3420 1555 3468; x_wconf 91' lang='lat' dir='ltr'><strong>et</strong></span> <span class='ocrx_word' id='word_1_256' title='bbox 1580 3410 1751 3466; x_wconf 81' lang='lat' dir='ltr'><strong>factus</strong></span> <span class='ocrx_word' id='word_1_257' title='bbox 1777 3427 1838 3466; x_wconf 90' lang='lat' dir='ltr'><strong>es</strong></span> <span class='ocrx_word' id='word_1_258' title='bbox 1857 3413 2180 3480; x_wconf 80' lang='lat' dir='ltr'><strong>gubernator</strong></span> <span class='ocrx_word' id='word_1_259' title='bbox 2205 3413 2248 3463; x_wconf 79' lang='grc'><strong>⁸.</strong></span> 
     </span>
    </p>
   </div>
   <div class='ocr_carea' id='block_1_34' title="bbox 793 3501 2326 3570">
    <p class='ocr_par' dir='ltr' id='par_1_34' title="bbox 793 3501 2326 3570">
     <span class='ocr_line' id='line_1_34' title="bbox 793 3501 2326 3570; baseline -0.001 -14"><span class='ocrx_word' id='word_1_260' title='bbox 793 3501 997 3556; x_wconf 88' lang='lat' dir='ltr'><strong>llorum</strong></span> <span class='ocrx_word' id='word_1_261' title='bbox 1040 3509 1220 3556; x_wconf 91' lang='lat' dir='ltr'><strong>autem</strong></span> <span class='ocrx_word' id='word_1_262' title='bbox 1267 3502 1506 3554; x_wconf 88' lang='lat' dir='ltr'><strong>omnium</strong></span> <span class='ocrx_word' id='word_1_263' title='bbox 1549 3502 1704 3555; x_wconf 91' lang='lat' dir='ltr'><strong>nobis</strong></span> <span class='ocrx_word' id='word_1_264' title='bbox 1731 3502 1951 3555; x_wconf 88' lang='lat' dir='ltr'><strong>materia</strong></span> <span class='ocrx_word' id='word_1_265' title='bbox 1984 3501 2244 3570; x_wconf 78' lang='lat' dir='ltr'><strong>jejunium</strong></span> <span class='ocrx_word' id='word_1_266' title='bbox 2271 3510 2326 3555; x_wconf 89' lang='lat' dir='ltr'><strong>et</strong></span> 
     </span>
    </p>
   </div>
   <div class='ocr_carea' id='block_1_35' title="bbox 723 3591 2323 3660">
    <p class='ocr_par' dir='ltr' id='par_1_35' title="bbox 723 3591 2323 3660">
     <span class='ocr_line' id='line_1_35' title="bbox 723 3591 2323 3660; baseline -0.001 -14"><span class='ocrx_word' id='word_1_267' title='bbox 723 3592 980 3659; x_wconf 85' lang='lat' dir='ltr'><strong>magister</strong></span> <span class='ocrx_word' id='word_1_268' title='bbox 1010 3600 1115 3657; x_wconf 91' lang='lat' dir='ltr'><strong>est,</strong></span> <span class='ocrx_word' id='word_1_269' title='bbox 1153 3591 1414 3660; x_wconf 87' lang='lat' dir='ltr'><strong>jejunium</strong></span> <span class='ocrx_word' id='word_1_270' title='bbox 1447 3601 1623 3646; x_wconf 91' lang='lat' dir='ltr'><strong>autem</strong></span> <span class='ocrx_word' id='word_1_271' title='bbox 1656 3591 1776 3645; x_wconf 90' lang='lat' dir='ltr'><strong>dico</strong></span> <span class='ocrx_word' id='word_1_272' title='bbox 1803 3605 1908 3645; x_wconf 93' lang='lat' dir='ltr'><strong>non</strong></span> <span class='ocrx_word' id='word_1_273' title='bbox 1938 3591 2040 3645; x_wconf 93' lang='lat' dir='ltr'><strong>hoc</strong></span> <span class='ocrx_word' id='word_1_274' title='bbox 2067 3591 2283 3660; x_wconf 87' lang='lat' dir='ltr'><strong>vulgare</strong></span> <span class='ocrx_word' id='word_1_275' title='bbox 2305 3631 2323 3657; x_wconf 94' lang='lat'><strong>,</strong></span> 
     </span>
    </p>
   </div>
   <div class='ocr_carea' id='block_1_36' title="bbox 721 3680 2323 3751">
    <p class='ocr_par' dir='ltr' id='par_1_36' title="bbox 721 3680 2323 3751">
     <span class='ocr_line' id='line_1_36' title="bbox 721 3680 2323 3751; baseline -0.001 -15"><span class='ocrx_word' id='word_1_276' title='bbox 721 3683 815 3736; x_wconf 86' lang='lat' dir='ltr'><strong>sed</strong></span> <span class='ocrx_word' id='word_1_277' title='bbox 845 3691 1150 3736; x_wconf 88' lang='lat' dir='ltr'><strong>accuratum</strong></span> <span class='ocrx_word' id='word_1_278' title='bbox 1174 3681 1438 3751; x_wconf 73' lang='lat' dir='ltr'><strong>jejunium</strong></span> <span class='ocrx_word' id='word_1_279' title='bbox 1471 3697 1614 3736; x_wconf 90' lang='lat' dir='ltr'><strong>:non</strong></span> <span class='ocrx_word' id='word_1_280' title='bbox 1649 3689 1849 3736; x_wconf 88' lang='lat' dir='ltr'><strong>tantum</strong></span> <span class='ocrx_word' id='word_1_281' title='bbox 1890 3681 2130 3735; x_wconf 90' lang='lat' dir='ltr'><strong>ciborum</strong></span> <span class='ocrx_word' id='word_1_282' title='bbox 2156 3680 2323 3734; x_wconf 88' lang='lat' dir='ltr'><strong>absti-</strong></span> 
     </span>
    </p>
   </div>
   <div class='ocr_carea' id='block_1_37' title="bbox 726 3771 2320 3844">
    <p class='ocr_par' dir='ltr' id='par_1_37' title="bbox 726 3771 2320 3844">
     <span class='ocr_line' id='line_1_37' title="bbox 726 3771 2320 3844; baseline -0.001 -17"><span class='ocrx_word' id='word_1_283' title='bbox 726 3773 988 3837; x_wconf 86' lang='lat' dir='ltr'><strong>nentiam,</strong></span> <span class='ocrx_word' id='word_1_284' title='bbox 1016 3772 1110 3827; x_wconf 89' lang='lat' dir='ltr'><strong>scd</strong></span> <span class='ocrx_word' id='word_1_285' title='bbox 1137 3783 1192 3828; x_wconf 92' lang='lat' dir='ltr'><strong>et</strong></span> <span class='ocrx_word' id='word_1_286' title='bbox 1212 3782 1550 3844; x_wconf 89' lang='lat' dir='ltr'><strong>peccatorum</strong></span> <span class='ocrx_word' id='word_1_287' title='bbox 1583 3790 1598 3827; x_wconf 91' lang='lat'><strong>:</strong></span> <span class='ocrx_word' id='word_1_288' title='bbox 1625 3789 1732 3828; x_wconf 92' lang='lat' dir='ltr'><strong>non</strong></span> <span class='ocrx_word' id='word_1_289' title='bbox 1759 3773 1900 3828; x_wconf 91' lang='lat' dir='ltr'><strong>enim</strong></span> <span class='ocrx_word' id='word_1_290' title='bbox 1921 3771 2108 3842; x_wconf 87' lang='lat' dir='ltr'><strong>jejunii</strong></span> <span class='ocrx_word' id='word_1_291' title='bbox 2131 3780 2320 3825; x_wconf 90' lang='lat' dir='ltr'><strong>natura</strong></span> 
     </span>
    </p>
   </div>
   <div class='ocr_carea' id='block_1_38' title="bbox 721 3863 2319 3936">
    <p class='ocr_par' dir='ltr' id='par_1_38' title="bbox 721 3863 2319 3936">
     <span class='ocr_line' id='line_1_38' title="bbox 721 3863 2319 3936; baseline -0.001 -18"><span class='ocrx_word' id='word_1_292' title='bbox 721 3865 1028 3936; x_wconf 85' lang='lat' dir='ltr'><strong>jejunantes</strong></span> <span class='ocrx_word' id='word_1_293' title='bbox 1056 3880 1247 3921; x_wconf 90' lang='lat' dir='ltr'><strong>eruere</strong></span> <span class='ocrx_word' id='word_1_294' title='bbox 1291 3867 1452 3932; x_wconf 83' lang='lat' dir='ltr'><strong>valet,</strong></span> <span class='ocrx_word' id='word_1_295' title='bbox 1499 3866 1599 3920; x_wconf 89' lang='lat' dir='ltr'><strong>nisi</strong></span> <span class='ocrx_word' id='word_1_296' title='bbox 1631 3880 1864 3936; x_wconf 89' lang='lat' dir='ltr'><strong>congrua</strong></span> <span class='ocrx_word' id='word_1_297' title='bbox 1891 3881 2012 3920; x_wconf 92' lang='lat' dir='ltr'><strong>cum</strong></span> <span class='ocrx_word' id='word_1_298' title='bbox 2044 3865 2160 3933; x_wconf 77' lang='lat' dir='ltr'><strong>lege</strong></span> <span class='ocrx_word' id='word_1_299' title='bbox 2208 3863 2319 3917; x_wconf 83' lang='lat' dir='ltr'><strong>ﬁat.</strong></span> 
     </span>
    </p>
   </div>
   <div class='ocr_carea' id='block_1_39' title="bbox 729 3955 2326 4027">
    <p class='ocr_par' dir='ltr' id='par_1_39' title="bbox 729 3955 2326 4027">
     <span class='ocr_line' id='line_1_39' title="bbox 729 3955 2326 4027; baseline -0.004 -15"><span class='ocrx_word' id='word_1_300' title='bbox 729 3958 936 4012; x_wconf 78' lang='lat' dir='ltr'><strong>Etenim</strong></span> <span class='ocrx_word' id='word_1_301' title='bbox 981 3957 1200 4024; x_wconf 86' lang='lat' dir='ltr'><strong>athleta,</strong></span> <span class='ocrx_word' id='word_1_302' title='bbox 1249 3959 1442 4027; x_wconf 90' lang='lat' dir='ltr'><strong>inquit,</strong></span> <span class='ocrx_word' id='word_1_303' title='bbox 1492 3957 1613 4010; x_wconf 88' lang='lat' dir='ltr'><strong>Non</strong></span> <span class='ocrx_word' id='word_1_304' title='bbox 1642 3971 1936 4021; x_wconf 87' lang='lat' dir='ltr'><strong>coronatur,</strong></span> <span class='ocrx_word' id='word_1_305' title='bbox 1982 3955 2078 4009; x_wconf 90' lang='lat' dir='ltr'><strong>nisi</strong></span> <span class='ocrx_word' id='word_1_306' title='bbox 2107 3955 2326 4024; x_wconf 88' lang='lat' dir='ltr'><strong>legitime</strong></span> 
     </span>
    </p>
   </div>
   <div class='ocr_carea' id='block_1_40' title="bbox 725 4044 2325 4119">
    <p class='ocr_par' dir='ltr' id='par_1_40' title="bbox 725 4044 2325 4119">
     <span class='ocr_line' id='line_1_40' title="bbox 725 4044 2325 4119; baseline -0.003 -17"><span class='ocrx_word' id='word_1_307' title='bbox 725 4050 984 4102; x_wconf 75' lang='lat' dir='ltr'><strong>certaverit</strong></span> <span class='ocrx_word' id='word_1_308' title='bbox 1016 4048 1090 4118; x_wconf 75' lang='grc'><strong>(2.</strong></span> <span class='ocrx_word' id='word_1_309' title='bbox 1127 4049 1262 4103; x_wconf 88' lang='lat' dir='ltr'><strong>Tim.</strong></span> <span class='ocrx_word' id='word_1_310' title='bbox 1293 4049 1346 4102; x_wconf 75' lang='grc'><strong>2.</strong></span> <span class='ocrx_word' id='word_1_311' title='bbox 1384 4048 1464 4119; x_wconf 86' lang='grc'><strong>5).</strong></span> <span class='ocrx_word' id='word_1_312' title='bbox 1496 4047 1574 4101; x_wconf 90' lang='lat' dir='ltr'><strong>Ne</strong></span> <span class='ocrx_word' id='word_1_313' title='bbox 1601 4046 1761 4116; x_wconf 84' lang='lat' dir='ltr'><strong>igitur</strong></span> <span class='ocrx_word' id='word_1_314' title='bbox 1788 4045 2136 4114; x_wconf 87' lang='lat' dir='ltr'><strong>intcrjejunii</strong></span> <span class='ocrx_word' id='word_1_315' title='bbox 2179 4044 2325 4098; x_wconf 89' lang='lat' dir='ltr'><strong>labo-</strong></span> 
     </span>
    </p>
   </div>
   <div class='ocr_carea' id='block_1_41' title="bbox 725 4136 2328 4211">
    <p class='ocr_par' dir='ltr' id='par_1_41' title="bbox 725 4136 2328 4211">
     <span class='ocr_line' id='line_1_41' title="bbox 725 4136 2328 4211; baseline -0.004 -15"><span class='ocrx_word' id='word_1_316' title='bbox 725 4157 840 4196; x_wconf 88' lang='lat' dir='ltr'><strong>rem</strong></span> <span class='ocrx_word' id='word_1_317' title='bbox 867 4158 896 4194; x_wconf 89' lang='lat' dir='ltr'><strong>a</strong></span> <span class='ocrx_word' id='word_1_318' title='bbox 918 4141 1109 4211; x_wconf 88' lang='lat' dir='ltr'><strong>jejunii</strong></span> <span class='ocrx_word' id='word_1_319' title='bbox 1138 4155 1338 4197; x_wconf 80' lang='lat' dir='ltr'><strong>corona</strong></span> <span class='ocrx_word' id='word_1_320' title='bbox 1364 4138 1698 4204; x_wconf 82' lang='lat' dir='ltr'><strong>excidamus,</strong></span> <span class='ocrx_word' id='word_1_321' title='bbox 1725 4136 1994 4191; x_wconf 88' lang='lat' dir='ltr'><strong>discamus</strong></span> <span class='ocrx_word' id='word_1_322' title='bbox 2022 4136 2250 4205; x_wconf 89' lang='lat' dir='ltr'><strong>qualiter</strong></span> <span class='ocrx_word' id='word_1_323' title='bbox 2273 4147 2328 4192; x_wconf 93' lang='lat' dir='ltr'><strong>et</strong></span> 
     </span>
    </p>
   </div>
   <div class='ocr_carea' id='block_1_42' title="bbox 727 4227 2324 4303">
    <p class='ocr_par' dir='ltr' id='par_1_42' title="bbox 727 4227 2324 4303">
     <span class='ocr_line' id='line_1_42' title="bbox 727 4227 2324 4303; baseline -0.001 -19"><span class='ocrx_word' id='word_1_324' title='bbox 727 4231 999 4303; x_wconf 87' lang='lat' dir='ltr'><strong>quomodo</strong></span> <span class='ocrx_word' id='word_1_325' title='bbox 1042 4230 1350 4300; x_wconf 90' lang='lat' dir='ltr'><strong>hnjusmodi</strong></span> <span class='ocrx_word' id='word_1_326' title='bbox 1405 4230 1673 4297; x_wconf 85' lang='lat' dir='ltr'><strong>negotium</strong></span> <span class='ocrx_word' id='word_1_327' title='bbox 1723 4235 1952 4282; x_wconf 89' lang='lat' dir='ltr'><strong>tractare</strong></span> <span class='ocrx_word' id='word_1_328' title='bbox 1992 4227 2324 4283; x_wconf 89' lang='lat' dir='ltr'><strong>debeamus:</strong></span> 
     </span>
    </p>
   </div>
   <div class='ocr_carea' id='block_1_43' title="bbox 729 4316 2327 4393">
    <p class='ocr_par' dir='ltr' id='par_1_43' title="bbox 729 4316 2327 4393">
     <span class='ocr_line' id='line_1_43' title="bbox 729 4316 2327 4393; baseline -0.004 -16"><span class='ocrx_word' id='word_1_329' title='bbox 729 4323 982 4393; x_wconf 91' lang='lat' dir='ltr'><strong>quoniam</strong></span> <span class='ocrx_word' id='word_1_330' title='bbox 1012 4332 1068 4377; x_wconf 92' lang='lat' dir='ltr'><strong>et</strong></span> <span class='ocrx_word' id='word_1_331' title='bbox 1098 4321 1400 4376; x_wconf 66' lang='lat' dir='ltr'><strong>Pharisazus</strong></span> <span class='ocrx_word' id='word_1_332' title='bbox 1448 4319 1537 4374; x_wconf 93' lang='lat' dir='ltr'><strong>ille</strong></span> <span class='ocrx_word' id='word_1_333' title='bbox 1556 4317 1839 4389; x_wconf 82' lang='lat' dir='ltr'><strong>jejunavit,</strong></span> <span class='ocrx_word' id='word_1_334' title='bbox 1891 4316 1985 4370; x_wconf 88' lang='lat' dir='ltr'><strong>sed</strong></span> <span class='ocrx_word' id='word_1_335' title='bbox 2034 4326 2156 4385; x_wconf 90' lang='lat' dir='ltr'><strong>post</strong></span> <span class='ocrx_word' id='word_1_336' title='bbox 2189 4316 2327 4385; x_wconf 90' lang='lat' dir='ltr'><strong>jeju-</strong></span> 
     </span>
    </p>
   </div>
   <div class='ocr_carea' id='block_1_44' title="bbox 730 4407 2326 4478">
    <p class='ocr_par' dir='ltr' id='par_1_44' title="bbox 730 4407 2326 4478">
     <span class='ocr_line' id='line_1_44' title="bbox 730 4407 2326 4478; baseline -0.005 -8"><span class='ocrx_word' id='word_1_337' title='bbox 730 4417 877 4470; x_wconf 90' lang='lat' dir='ltr'><strong>nium</strong></span> <span class='ocrx_word' id='word_1_338' title='bbox 909 4413 1036 4469; x_wconf 91' lang='lat' dir='ltr'><strong>illud</strong></span> <span class='ocrx_word' id='word_1_339' title='bbox 1073 4413 1352 4468; x_wconf 90' lang='lat' dir='ltr'><strong>descendit</strong></span> <span class='ocrx_word' id='word_1_340' title='bbox 1380 4413 1572 4473; x_wconf 88' lang='lat' dir='ltr'><strong>inanis,</strong></span> <span class='ocrx_word' id='word_1_341' title='bbox 1600 4419 1656 4464; x_wconf 90' lang='lat' dir='ltr'><strong>et</strong></span> <span class='ocrx_word' id='word_1_342' title='bbox 1695 4408 1884 4478; x_wconf 86' lang='lat' dir='ltr'><strong>jejunii</strong></span> <span class='ocrx_word' id='word_1_343' title='bbox 1931 4407 2191 4462; x_wconf 80' lang='lat' dir='ltr'><strong>fructibus</strong></span> <span class='ocrx_word' id='word_1_344' title='bbox 2231 4422 2326 4462; x_wconf 89' lang='lat' dir='ltr'><strong>va-</strong></span> 
     </span>
    </p>
   </div>
   <div class='ocr_carea' id='block_1_45' title="bbox 730 4498 2327 4576">
    <p class='ocr_par' dir='ltr' id='par_1_45' title="bbox 730 4498 2327 4576">
     <span class='ocr_line' id='line_1_45' title="bbox 730 4498 2327 4576; baseline -0.006 -15"><span class='ocrx_word' id='word_1_345' title='bbox 730 4522 864 4562; x_wconf 86' lang='lat' dir='ltr'><strong>cuus</strong></span> <span class='ocrx_word' id='word_1_346' title='bbox 891 4523 905 4559; x_wconf 91' lang='lat'><strong>:</strong></span> <span class='ocrx_word' id='word_1_347' title='bbox 937 4505 1249 4576; x_wconf 90' lang='lat' dir='ltr'><strong>publicanus</strong></span> <span class='ocrx_word' id='word_1_348' title='bbox 1278 4519 1382 4559; x_wconf 92' lang='lat' dir='ltr'><strong>non</strong></span> <span class='ocrx_word' id='word_1_349' title='bbox 1409 4502 1687 4574; x_wconf 87' lang='lat' dir='ltr'><strong>jejunavit,</strong></span> <span class='ocrx_word' id='word_1_350' title='bbox 1731 4511 1787 4556; x_wconf 88' lang='lat' dir='ltr'><strong>et</strong></span> <span class='ocrx_word' id='word_1_351' title='bbox 1832 4499 2159 4555; x_wconf 70' lang='lat' dir='ltr'><strong>Pharismum</strong></span> <span class='ocrx_word' id='word_1_352' title='bbox 2181 4498 2327 4569; x_wconf 80' lang='lat' dir='ltr'><strong>jeju-</strong></span> 
     </span>
    </p>
   </div>
   <div class='ocr_carea' id='block_1_46' title="bbox 729 4590 2332 4666">
    <p class='ocr_par' dir='ltr' id='par_1_46' title="bbox 729 4590 2332 4666">
     <span class='ocr_line' id='line_1_46' title="bbox 729 4590 2332 4666; baseline -0.006 -13"><span class='ocrx_word' id='word_1_353' title='bbox 729 4607 947 4653; x_wconf 90' lang='lat' dir='ltr'><strong>nautem</strong></span> <span class='ocrx_word' id='word_1_354' title='bbox 975 4598 1244 4666; x_wconf 73' lang='lat' dir='ltr'><strong>prmccssit</strong></span> <span class='ocrx_word' id='word_1_355' title='bbox 1290 4611 1396 4650; x_wconf 90' lang='lat' dir='ltr'><strong>non</strong></span> <span class='ocrx_word' id='word_1_356' title='bbox 1424 4595 1674 4664; x_wconf 88' lang='lat' dir='ltr'><strong>jejunans</strong></span> <span class='ocrx_word' id='word_1_357' title='bbox 1711 4592 1861 4663; x_wconf 86' lang='lat' dir='ltr'><strong>(Luc.</strong></span> <span class='ocrx_word' id='word_1_358' title='bbox 1904 4592 1992 4648; x_wconf 77' lang='grc'><strong>18.</strong></span> <span class='ocrx_word' id='word_1_359' title='bbox 2028 4590 2244 4662; x_wconf 77' lang='lat' dir='ltr'><strong>lO—M),</strong></span> <span class='ocrx_word' id='word_1_360' title='bbox 2273 4599 2332 4644; x_wconf 91' lang='lat' dir='ltr'><strong>ttt</strong></span> 
     </span>
    </p>
   </div>
   <div class='ocr_carea' id='block_1_47' title="bbox 733 4683 2329 4758">
    <p class='ocr_par' dir='ltr' id='par_1_47' title="bbox 733 4683 2329 4758">
     <span class='ocr_line' id='line_1_47' title="bbox 733 4683 2329 4758; baseline -0.004 -14"><span class='ocrx_word' id='word_1_361' title='bbox 733 4690 910 4744; x_wconf 89' lang='lat' dir='ltr'><strong>discas</strong></span> <span class='ocrx_word' id='word_1_362' title='bbox 937 4688 1076 4758; x_wconf 89' lang='lat' dir='ltr'><strong>quod</strong></span> <span class='ocrx_word' id='word_1_363' title='bbox 1100 4687 1287 4758; x_wconf 87' lang='lat' dir='ltr'><strong>jejunii</strong></span> <span class='ocrx_word' id='word_1_364' title='bbox 1311 4686 1511 4741; x_wconf 90' lang='lat' dir='ltr'><strong>utilitas</strong></span> <span class='ocrx_word' id='word_1_365' title='bbox 1537 4685 1701 4744; x_wconf 85' lang='lat' dir='ltr'><strong>nulla.</strong></span> <span class='ocrx_word' id='word_1_366' title='bbox 1726 4685 1824 4738; x_wconf 87' lang='lat' dir='ltr'><strong>nisi</strong></span> <span class='ocrx_word' id='word_1_367' title='bbox 1845 4693 1900 4739; x_wconf 89' lang='lat' dir='ltr'><strong>et</strong></span> <span class='ocrx_word' id='word_1_368' title='bbox 1925 4683 2128 4755; x_wconf 89' lang='lat' dir='ltr'><strong>reliqua</strong></span> <span class='ocrx_word' id='word_1_369' title='bbox 2148 4683 2329 4738; x_wconf 89' lang='lat' dir='ltr'><strong>omnia</strong></span> 
     </span>
    </p>
   </div>
   <div class='ocr_carea' id='block_1_48' title="bbox 733 4789 1154 4851">
    <p class='ocr_par' dir='ltr' id='par_1_48' title="bbox 733 4789 1154 4851">
     <span class='ocr_line' id='line_1_48' title="bbox 733 4789 1154 4851; baseline -0.01 -13"><span class='ocrx_word' id='word_1_370' title='bbox 733 4789 1154 4851; x_wconf 86' lang='lat' dir='ltr'><strong>consequantur.</strong></span> 
     </span>
    </p>
   </div>
   <div class='ocr_carea' id='block_1_49' title="bbox 804 4867 2329 4944">
    <p class='ocr_par' dir='ltr' id='par_1_49' title="bbox 804 4867 2329 4944">
     <span class='ocr_line' id='line_1_49' title="bbox 804 4867 2329 4944; baseline -0.003 -17"><span class='ocrx_word' id='word_1_371' title='bbox 804 4871 1003 4944; x_wconf 86' lang='lat' dir='ltr'><strong>Jejunii</strong></span> <span class='ocrx_word' id='word_1_372' title='bbox 1029 4871 1222 4924; x_wconf 90' lang='lat' dir='ltr'><strong>utilitas</strong></span> <span class='ocrx_word' id='word_1_373' title='bbox 1247 4868 1412 4933; x_wconf 85' lang='lat' dir='ltr'><strong>nulla,</strong></span> <span class='ocrx_word' id='word_1_374' title='bbox 1445 4868 1541 4921; x_wconf 85' lang='lat' dir='ltr'><strong>nisi</strong></span> <span class='ocrx_word' id='word_1_375' title='bbox 1560 4885 1593 4920; x_wconf 88' lang='lat' dir='ltr'><strong>a</strong></span> <span class='ocrx_word' id='word_1_376' title='bbox 1615 4867 1746 4920; x_wconf 88' lang='lat' dir='ltr'><strong>vitiis</strong></span> <span class='ocrx_word' id='word_1_377' title='bbox 1771 4868 2207 4923; x_wconf 86' lang='lat' dir='ltr'><strong>obstineamus.—</strong></span> <span class='ocrx_word' id='word_1_378' title='bbox 2232 4867 2329 4923; x_wconf 83' lang='lat' dir='ltr'><strong>Je-</strong></span> 
     </span>
    </p>
   </div>
   <div class='ocr_carea' id='block_1_50' title="bbox 729 4957 2326 5035">
    <p class='ocr_par' dir='ltr' id='par_1_50' title="bbox 729 4957 2326 5035">
     <span class='ocr_line' id='line_1_50' title="bbox 729 4957 2326 5035; baseline -0.003 -17"><span class='ocrx_word' id='word_1_379' title='bbox 729 4967 1054 5035; x_wconf 84' lang='lat' dir='ltr'><strong>junaverunt</strong></span> <span class='ocrx_word' id='word_1_380' title='bbox 1073 4960 1342 5025; x_wconf 71' lang='lat' dir='ltr'><strong>Ninivitae,</strong></span> <span class='ocrx_word' id='word_1_381' title='bbox 1361 4967 1417 5014; x_wconf 91' lang='lat' dir='ltr'><strong>et</strong></span> <span class='ocrx_word' id='word_1_382' title='bbox 1439 4959 1528 5012; x_wconf 86' lang='lat' dir='ltr'><strong>Dei</strong></span> <span class='ocrx_word' id='word_1_383' title='bbox 1551 4957 1972 5012; x_wconf 88' lang='lat' dir='ltr'><strong>misericordiam</strong></span> <span class='ocrx_word' id='word_1_384' title='bbox 1992 4958 2326 5014; x_wconf 90' lang='lat' dir='ltr'><strong>elicuerunt:</strong></span> 
     </span>
    </p>
   </div>
   <div class='ocr_carea' id='block_1_51' title="bbox 730 5047 2332 5128">
    <p class='ocr_par' dir='ltr' id='par_1_51' title="bbox 730 5047 2332 5128">
     <span class='ocr_line' id='line_1_51' title="bbox 730 5047 2332 5128; baseline -0.002 -19"><span class='ocrx_word' id='word_1_385' title='bbox 730 5057 1108 5128; x_wconf 73' lang='lat' dir='ltr'><strong>jejuuaveruut</strong></span> <span class='ocrx_word' id='word_1_386' title='bbox 1133 5062 1186 5107; x_wconf 93' lang='lat' dir='ltr'><strong>et</strong></span> <span class='ocrx_word' id='word_1_387' title='bbox 1213 5050 1385 5106; x_wconf 64' lang='lat' dir='ltr'><strong>Judaei</strong></span> <span class='ocrx_word' id='word_1_388' title='bbox 1406 5091 1421 5117; x_wconf 92' lang='lat'><strong>,</strong></span> <span class='ocrx_word' id='word_1_389' title='bbox 1451 5058 1506 5104; x_wconf 92' lang='lat' dir='ltr'><strong>et</strong></span> <span class='ocrx_word' id='word_1_390' title='bbox 1531 5048 1660 5103; x_wconf 92' lang='lat' dir='ltr'><strong>nihil</strong></span> <span class='ocrx_word' id='word_1_391' title='bbox 1687 5047 2060 5117; x_wconf 79' lang='lat' dir='ltr'><strong>profecerunt,</strong></span> <span class='ocrx_word' id='word_1_392' title='bbox 2092 5049 2185 5104; x_wconf 92' lang='lat' dir='ltr'><strong>sed</strong></span> <span class='ocrx_word' id='word_1_393' title='bbox 2217 5049 2332 5104; x_wconf 91' lang='lat' dir='ltr'><strong>cul-</strong></span> 
     </span>
    </p>
   </div>
   <div class='ocr_carea' id='block_1_52' title="bbox 739 5139 2331 5220">
    <p class='ocr_par' dir='ltr' id='par_1_52' title="bbox 739 5139 2331 5220">
     <span class='ocr_line' id='line_1_52' title="bbox 739 5139 2331 5220; baseline -0.006 -17"><span class='ocrx_word' id='word_1_394' title='bbox 739 5149 845 5220; x_wconf 90' lang='lat' dir='ltr'><strong>pati</strong></span> <span class='ocrx_word' id='word_1_395' title='bbox 885 5146 1150 5201; x_wconf 89' lang='lat' dir='ltr'><strong>abierunt.</strong></span> <span class='ocrx_word' id='word_1_396' title='bbox 1197 5144 1330 5212; x_wconf 87' lang='lat' dir='ltr'><strong>Quia</strong></span> <span class='ocrx_word' id='word_1_397' title='bbox 1373 5141 1532 5211; x_wconf 83' lang='lat' dir='ltr'><strong>igitur</strong></span> <span class='ocrx_word' id='word_1_398' title='bbox 1575 5149 1778 5194; x_wconf 91' lang='lat' dir='ltr'><strong>tantum</strong></span> <span class='ocrx_word' id='word_1_399' title='bbox 1805 5139 1994 5207; x_wconf 89' lang='lat' dir='ltr'><strong>jejunii</strong></span> <span class='ocrx_word' id='word_1_400' title='bbox 2035 5139 2331 5208; x_wconf 89' lang='lat' dir='ltr'><strong>periculum</strong></span> 
     </span>
    </p>
   </div>
   <div class='ocr_carea' id='block_1_53' title="bbox 738 5230 2330 5306">
    <p class='ocr_par' dir='ltr' id='par_1_53' title="bbox 738 5230 2330 5306">
     <span class='ocr_line' id='line_1_53' title="bbox 738 5230 2330 5306; baseline -0.006 -11"><span class='ocrx_word' id='word_1_401' title='bbox 738 5250 823 5295; x_wconf 86' lang='lat' dir='ltr'><strong>est</strong></span> <span class='ocrx_word' id='word_1_402' title='bbox 870 5237 1229 5295; x_wconf 84' lang='lat' dir='ltr'><strong>nescientibus</strong></span> <span class='ocrx_word' id='word_1_403' title='bbox 1269 5234 1538 5306; x_wconf 89' lang='lat' dir='ltr'><strong>quomodo</strong></span> <span class='ocrx_word' id='word_1_404' title='bbox 1580 5233 1828 5303; x_wconf 86' lang='lat' dir='ltr'><strong>jejunare</strong></span> <span class='ocrx_word' id='word_1_405' title='bbox 1868 5239 2118 5300; x_wconf 83' lang='lat' dir='ltr'><strong>Oportet,</strong></span> <span class='ocrx_word' id='word_1_406' title='bbox 2143 5230 2330 5301; x_wconf 89' lang='lat' dir='ltr'><strong>jejunii</strong></span> 
     </span>
    </p>
   </div>
   <div class='ocr_carea' id='block_1_54' title="bbox 741 5328 2330 5403">
    <p class='ocr_par' dir='ltr' id='par_1_54' title="bbox 741 5328 2330 5403">
     <span class='ocr_line' id='line_1_54' title="bbox 741 5328 2330 5403; baseline -0.006 -15"><span class='ocrx_word' id='word_1_407' title='bbox 741 5335 884 5403; x_wconf 77' lang='lat' dir='ltr'><strong>leges</strong></span> <span class='ocrx_word' id='word_1_408' title='bbox 908 5333 1173 5387; x_wconf 87' lang='lat' dir='ltr'><strong>discamus</strong></span> <span class='ocrx_word' id='word_1_409' title='bbox 1192 5370 1208 5394; x_wconf 95' lang='lat'><strong>,</strong></span> <span class='ocrx_word' id='word_1_410' title='bbox 1234 5344 1304 5384; x_wconf 91' lang='lat' dir='ltr'><strong>ne</strong></span> <span class='ocrx_word' id='word_1_411' title='bbox 1328 5329 1380 5383; x_wconf 93' lang='lat' dir='ltr'><strong>in</strong></span> <span class='ocrx_word' id='word_1_412' title='bbox 1409 5328 1668 5382; x_wconf 89' lang='lat' dir='ltr'><strong>incertum</strong></span> <span class='ocrx_word' id='word_1_413' title='bbox 1699 5339 1978 5380; x_wconf 89' lang='lat' dir='ltr'><strong>curramus</strong></span> <span class='ocrx_word' id='word_1_414' title='bbox 1999 5365 2012 5386; x_wconf 91' lang='lat'><strong>,</strong></span> <span class='ocrx_word' id='word_1_415' title='bbox 2043 5340 2110 5378; x_wconf 91' lang='lat' dir='ltr'><strong>ne</strong></span> <span class='ocrx_word' id='word_1_416' title='bbox 2156 5339 2330 5379; x_wconf 83' lang='lat' dir='ltr'><strong>aerem</strong></span> 
     </span>
    </p>
   </div>
   <div class='ocr_carea' id='block_1_55' title="bbox 741 5415 2332 5493">
    <p class='ocr_par' dir='ltr' id='par_1_55' title="bbox 741 5415 2332 5493">
     <span class='ocr_line' id='line_1_55' title="bbox 741 5415 2332 5493; baseline -0.006 -13"><span class='ocrx_word' id='word_1_417' title='bbox 741 5426 1122 5489; x_wconf 88' lang='lat' dir='ltr'><strong>verbercmus,</strong></span> <span class='ocrx_word' id='word_1_418' title='bbox 1147 5438 1250 5477; x_wconf 92' lang='lat' dir='ltr'><strong>neu</strong></span> <span class='ocrx_word' id='word_1_419' title='bbox 1298 5428 1596 5493; x_wconf 84' lang='lat' dir='ltr'><strong>pugnantes</strong></span> <span class='ocrx_word' id='word_1_420' title='bbox 1621 5433 1743 5474; x_wconf 90' lang='lat' dir='ltr'><strong>cum</strong></span> <span class='ocrx_word' id='word_1_421' title='bbox 1775 5417 1964 5472; x_wconf 91' lang='lat' dir='ltr'><strong>umbra</strong></span> <span class='ocrx_word' id='word_1_422' title='bbox 1998 5415 2332 5471; x_wconf 90' lang='lat' dir='ltr'><strong>dimiccmus.</strong></span> 
     </span>
    </p>
   </div>
   <div class='ocr_carea' id='block_1_56' title="bbox 740 5507 2336 5584">
    <p class='ocr_par' dir='ltr' id='par_1_56' title="bbox 740 5507 2336 5584">
     <span class='ocr_line' id='line_1_56' title="bbox 740 5507 2336 5584; baseline -0.006 -12"><span class='ocrx_word' id='word_1_423' title='bbox 740 5517 998 5574; x_wconf 79' lang='lat' dir='ltr'><strong>Medicina</strong></span> <span class='ocrx_word' id='word_1_424' title='bbox 1045 5523 1128 5570; x_wconf 90' lang='lat' dir='ltr'><strong>est</strong></span> <span class='ocrx_word' id='word_1_425' title='bbox 1165 5514 1466 5584; x_wconf 87' lang='lat' dir='ltr'><strong>jejunium,</strong></span> <span class='ocrx_word' id='word_1_426' title='bbox 1507 5511 1601 5566; x_wconf 91' lang='lat' dir='ltr'><strong>sed</strong></span> <span class='ocrx_word' id='word_1_427' title='bbox 1652 5510 1912 5566; x_wconf 87' lang='lat' dir='ltr'><strong>medicina</strong></span> <span class='ocrx_word' id='word_1_428' title='bbox 1964 5509 2091 5562; x_wconf 89' lang='lat' dir='ltr'><strong>licet</strong></span> <span class='ocrx_word' id='word_1_429' title='bbox 2140 5507 2336 5563; x_wconf 89' lang='lat' dir='ltr'><strong>millies</strong></span> 
     </span>
    </p>
   </div>
   <div class='ocr_carea' id='block_1_57' title="bbox 739 5601 2335 5680">
    <p class='ocr_par' dir='ltr' id='par_1_57' title="bbox 739 5601 2335 5680">
     <span class='ocr_line' id='line_1_57' title="bbox 739 5601 2335 5680; baseline -0.009 -12"><span class='ocrx_word' id='word_1_430' title='bbox 739 5614 883 5669; x_wconf 84' lang='lat' dir='ltr'><strong>utilis</strong></span> <span class='ocrx_word' id='word_1_431' title='bbox 907 5611 998 5677; x_wconf 85' lang='lat' dir='ltr'><strong>sit,</strong></span> <span class='ocrx_word' id='word_1_432' title='bbox 1026 5624 1122 5680; x_wconf 92' lang='lat' dir='ltr'><strong>per</strong></span> <span class='ocrx_word' id='word_1_433' title='bbox 1145 5609 1337 5663; x_wconf 88' lang='lat' dir='ltr'><strong>utentis</strong></span> <span class='ocrx_word' id='word_1_434' title='bbox 1367 5606 1689 5676; x_wconf 88' lang='lat' dir='ltr'><strong>imperitiam</strong></span> <span class='ocrx_word' id='word_1_435' title='bbox 1713 5604 1912 5659; x_wconf 88' lang='lat' dir='ltr'><strong>inutilis</strong></span> <span class='ocrx_word' id='word_1_436' title='bbox 1938 5615 2082 5668; x_wconf 75' lang='lat' dir='ltr'><strong>szepe</strong></span> <span class='ocrx_word' id='word_1_437' title='bbox 2108 5601 2184 5666; x_wconf 84' lang='lat' dir='ltr'><strong>lit;</strong></span> <span class='ocrx_word' id='word_1_438' title='bbox 2213 5615 2335 5654; x_wconf 90' lang='lat' dir='ltr'><strong>nam</strong></span> 
     </span>
    </p>
   </div>
   <div class='ocr_carea' id='block_1_58' title="bbox 742 5693 2336 5773">
    <p class='ocr_par' dir='ltr' id='par_1_58' title="bbox 742 5693 2336 5773">
     <span class='ocr_line' id='line_1_58' title="bbox 742 5693 2336 5773; baseline -0.003 -20"><span class='ocrx_word' id='word_1_439' title='bbox 742 5721 900 5762; x_wconf 64' lang='lat' dir='ltr'><strong>&quot;esse</strong></span> <span class='ocrx_word' id='word_1_440' title='bbox 943 5710 1156 5773; x_wconf 82' lang='lat' dir='ltr'><strong>oportet</strong></span> <span class='ocrx_word' id='word_1_441' title='bbox 1196 5708 1250 5754; x_wconf 88' lang='lat' dir='ltr'><strong>et</strong></span> <span class='ocrx_word' id='word_1_442' title='bbox 1294 5709 1500 5770; x_wconf 81' lang='lat' dir='ltr'><strong>tempus</strong></span> <span class='ocrx_word' id='word_1_443' title='bbox 1540 5713 1646 5769; x_wconf 89' lang='lat' dir='ltr'><strong>quo</strong></span> <span class='ocrx_word' id='word_1_444' title='bbox 1694 5697 1862 5766; x_wconf 86' lang='lat' dir='ltr'><strong>ipsam</strong></span> <span class='ocrx_word' id='word_1_445' title='bbox 1902 5693 2159 5750; x_wconf 89' lang='lat' dir='ltr'><strong>adhibere</strong></span> <span class='ocrx_word' id='word_1_446' title='bbox 2201 5706 2336 5763; x_wconf 88' lang='lat' dir='ltr'><strong>opus</strong></span> 
     </span>
    </p>
   </div>
   <div class='ocr_carea' id='block_1_59' title="bbox 808 5833 1632 5896">
    <p class='ocr_par' dir='ltr' id='par_1_59' title="bbox 808 5833 1632 5896">
     <span class='ocr_line' id='line_1_59' title="bbox 808 5833 1632 5896; baseline -0.011 -9"><span class='ocrx_word' id='word_1_447' title='bbox 808 5841 822 5871; x_wconf 83' lang='grc'>⁸</span> <span class='ocrx_word' id='word_1_448' title='bbox 863 5846 990 5886; x_wconf 86' lang='lat' dir='ltr'><strong>t&#39;nus</strong></span> <span class='ocrx_word' id='word_1_449' title='bbox 1015 5849 1027 5885; x_wconf 88' lang='lat'><strong>:</strong></span> <span class='ocrx_word' id='word_1_450' title='bbox 1055 5845 1107 5885; x_wconf 81' lang='lat' dir='ltr'><strong>In</strong></span> <span class='ocrx_word' id='word_1_451' title='bbox 1127 5833 1356 5883; x_wconf 81' lang='lat' dir='ltr'><strong>stadium.</strong></span> <span class='ocrx_word' id='word_1_452' title='bbox 1627 5891 1632 5896; x_wconf 88' lang='lat'><strong><em>_</em></strong></span> 
     </span>
    </p>
   </div>
   <div class='ocr_carea' id='block_1_60' title="bbox 808 5899 1761 5964">
    <p class='ocr_par' dir='ltr' id='par_1_60' title="bbox 808 5899 1761 5964">
     <span class='ocr_line' id='line_1_60' title="bbox 808 5899 1761 5964; baseline -0.009 -16"><span class='ocrx_word' id='word_1_453' title='bbox 808 5903 828 5931; x_wconf 69' lang='grc' dir='ltr'><strong>ν</strong></span> <span class='ocrx_word' id='word_1_454' title='bbox 862 5901 1044 5964; x_wconf 67' lang='lat' dir='ltr'><strong>Aliquot</strong></span> <span class='ocrx_word' id='word_1_455' title='bbox 1071 5906 1198 5960; x_wconf 62' lang='lat'><strong>11.58.,</strong></span> <span class='ocrx_word' id='word_1_456' title='bbox 1223 5899 1515 5946; x_wconf 61' lang='lat' dir='ltr'><strong>Gubernator</strong></span> <span class='ocrx_word' id='word_1_457' title='bbox 1535 5899 1761 5957; x_wconf 79' lang='lat' dir='ltr'><strong>optimus.</strong></span> 
     </span>
    </p>
   </div>
   <div class='ocr_carea' id='block_1_61' title="bbox 2427 593 4014 669">
    <p class='ocr_par' dir='ltr' id='par_1_61' title="bbox 2427 593 4014 669">
     <span class='ocr_line' id='line_1_61' title="bbox 2427 593 4014 669; baseline 0.008 -22"><span class='ocrx_word' id='word_1_458' title='bbox 2427 593 2534 658; x_wconf 85' lang='lat' dir='ltr'><strong>sit,</strong></span> <span class='ocrx_word' id='word_1_459' title='bbox 2566 600 2622 649; x_wconf 92' lang='lat' dir='ltr'><strong>et</strong></span> <span class='ocrx_word' id='word_1_460' title='bbox 2668 594 2834 664; x_wconf 85' lang='lat' dir='ltr'><strong>ipsius</strong></span> <span class='ocrx_word' id='word_1_461' title='bbox 2872 596 3246 654; x_wconf 87' lang='lat' dir='ltr'><strong>medicamenti</strong></span> <span class='ocrx_word' id='word_1_462' title='bbox 3295 593 3638 669; x_wconf 86' lang='lat' dir='ltr'><strong>quantitatem</strong></span> <span class='ocrx_word' id='word_1_463' title='bbox 3678 603 3732 651; x_wconf 90' lang='lat' dir='ltr'><strong>et</strong></span> <span class='ocrx_word' id='word_1_464' title='bbox 3774 605 4014 669; x_wconf 79' lang='lat' dir='ltr'><strong>corporis</strong></span> 
     </span>
    </p>
   </div>
   <div class='ocr_carea' id='block_1_62' title="bbox 2427 684 4092 758">
    <p class='ocr_par' dir='ltr' id='par_1_62' title="bbox 2427 684 4092 758">
     <span class='ocr_line' id='line_1_62' title="bbox 2427 684 4092 758; baseline 0.008 -22"><span class='ocrx_word' id='word_1_465' title='bbox 2427 684 2736 752; x_wconf 81' lang='lat' dir='ltr'><strong>temperiem</strong></span> <span class='ocrx_word' id='word_1_466' title='bbox 2754 725 2770 750; x_wconf 94' lang='lat'><strong>,</strong></span> <span class='ocrx_word' id='word_1_467' title='bbox 2799 693 2856 739; x_wconf 91' lang='lat' dir='ltr'><strong>et</strong></span> <span class='ocrx_word' id='word_1_468' title='bbox 2881 687 3117 756; x_wconf 87' lang='lat' dir='ltr'><strong>regionis</strong></span> <span class='ocrx_word' id='word_1_469' title='bbox 3144 699 3385 744; x_wconf 87' lang='lat' dir='ltr'><strong>naturam</strong></span> <span class='ocrx_word' id='word_1_470' title='bbox 3405 731 3421 758; x_wconf 96' lang='lat'><strong>,</strong></span> <span class='ocrx_word' id='word_1_471' title='bbox 3452 697 3505 744; x_wconf 90' lang='lat' dir='ltr'><strong>et</strong></span> <span class='ocrx_word' id='word_1_472' title='bbox 3530 687 3654 742; x_wconf 91' lang='lat' dir='ltr'><strong>anni</strong></span> <span class='ocrx_word' id='word_1_473' title='bbox 3685 694 3894 756; x_wconf 87' lang='lat' dir='ltr'><strong>tempus</strong></span> <span class='ocrx_word' id='word_1_474' title='bbox 3913 731 3928 752; x_wconf 89' lang='lat'><strong>,</strong></span> <span class='ocrx_word' id='word_1_475' title='bbox 3960 703 4015 748; x_wconf 86' lang='lat' dir='ltr'><strong>et</strong></span> <span class='ocrx_word' id='word_1_476' title='bbox 4087 712 4092 716; x_wconf 94' lang='grc'><strong>·</strong></span> 
     </span>
    </p>
   </div>
   <div class='ocr_carea' id='block_1_63' title="bbox 2425 775 4014 852">
    <p class='ocr_par' dir='ltr' id='par_1_63' title="bbox 2425 775 4014 852">
     <span class='ocr_line' id='line_1_63' title="bbox 2425 775 4014 852; baseline 0.006 -24"><span class='ocrx_word' id='word_1_477' title='bbox 2425 789 2716 843; x_wconf 86' lang='lat' dir='ltr'><strong>congruum</strong></span> <span class='ocrx_word' id='word_1_478' title='bbox 2741 775 2962 843; x_wconf 84' lang='lat' dir='ltr'><strong>victum,</strong></span> <span class='ocrx_word' id='word_1_479' title='bbox 2984 788 3039 831; x_wconf 91' lang='lat' dir='ltr'><strong>et</strong></span> <span class='ocrx_word' id='word_1_480' title='bbox 3064 779 3230 834; x_wconf 91' lang='lat' dir='ltr'><strong>multa</strong></span> <span class='ocrx_word' id='word_1_481' title='bbox 3257 781 3397 835; x_wconf 88' lang='lat' dir='ltr'><strong>alia:</strong></span> <span class='ocrx_word' id='word_1_482' title='bbox 3421 794 3643 852; x_wconf 86' lang='lat' dir='ltr'><strong>quorum</strong></span> <span class='ocrx_word' id='word_1_483' title='bbox 3671 778 3716 834; x_wconf 88' lang='lat' dir='ltr'><strong>si</strong></span> <span class='ocrx_word' id='word_1_484' title='bbox 3743 778 4014 849; x_wconf 86' lang='lat' dir='ltr'><strong>quodlibet</strong></span> 
     </span>
    </p>
   </div>
   <div class='ocr_carea' id='block_1_64' title="bbox 2427 865 4012 943">
    <p class='ocr_par' dir='ltr' id='par_1_64' title="bbox 2427 865 4012 943">
     <span class='ocr_line' id='line_1_64' title="bbox 2427 865 4012 943; baseline 0.004 -23"><span class='ocrx_word' id='word_1_485' title='bbox 2427 868 2842 936; x_wconf 68' lang='lat' dir='ltr'><strong>pratermissum</strong></span> <span class='ocrx_word' id='word_1_486' title='bbox 2882 865 3078 932; x_wconf 81' lang='lat' dir='ltr'><strong>fuerit,</strong></span> <span class='ocrx_word' id='word_1_487' title='bbox 3121 872 3346 942; x_wconf 89' lang='lat' dir='ltr'><strong>reliquis</strong></span> <span class='ocrx_word' id='word_1_488' title='bbox 3397 874 3644 930; x_wconf 90' lang='lat' dir='ltr'><strong>omnibus</strong></span> <span class='ocrx_word' id='word_1_489' title='bbox 3668 915 3684 940; x_wconf 93' lang='lat'><strong>,</strong></span> <span class='ocrx_word' id='word_1_490' title='bbox 3710 886 3827 943; x_wconf 71' lang='lat' dir='ltr'><strong>qum</strong></span> <span class='ocrx_word' id='word_1_491' title='bbox 3873 871 4012 926; x_wconf 88' lang='lat' dir='ltr'><strong>dicta</strong></span> 
     </span>
    </p>
   </div>
   <div class='ocr_carea' id='block_1_65' title="bbox 2425 958 4011 1034">
    <p class='ocr_par' dir='ltr' id='par_1_65' title="bbox 2425 958 4011 1034">
     <span class='ocr_line' id='line_1_65' title="bbox 2425 958 4011 1034; baseline 0.003 -23"><span class='ocrx_word' id='word_1_492' title='bbox 2425 966 2587 1022; x_wconf 90' lang='lat' dir='ltr'><strong>sunt,</strong></span> <span class='ocrx_word' id='word_1_493' title='bbox 2619 958 2846 1012; x_wconf 88' lang='lat' dir='ltr'><strong>nocebit.</strong></span> <span class='ocrx_word' id='word_1_494' title='bbox 2879 958 2936 1014; x_wconf 91' lang='lat' dir='ltr'><strong>Si</strong></span> <span class='ocrx_word' id='word_1_495' title='bbox 2971 969 3150 1013; x_wconf 89' lang='lat' dir='ltr'><strong>autem</strong></span> <span class='ocrx_word' id='word_1_496' title='bbox 3192 964 3278 1017; x_wconf 90' lang='lat' dir='ltr'><strong>ubi</strong></span> <span class='ocrx_word' id='word_1_497' title='bbox 3308 965 3520 1034; x_wconf 84' lang='lat' dir='ltr'><strong>corpori</strong></span> <span class='ocrx_word' id='word_1_498' title='bbox 3546 965 3744 1020; x_wconf 88' lang='lat' dir='ltr'><strong>mederi</strong></span> <span class='ocrx_word' id='word_1_499' title='bbox 3769 971 4011 1034; x_wconf 88' lang='lat' dir='ltr'><strong>oportet,</strong></span> 
     </span>
    </p>
   </div>
   <div class='ocr_carea' id='block_1_66' title="bbox 2428 1052 4014 1132">
    <p class='ocr_par' dir='ltr' id='par_1_66' title="bbox 2428 1052 4014 1132">
     <span class='ocr_line' id='line_1_66' title="bbox 2428 1052 4014 1132; baseline 0.003 -27"><span class='ocrx_word' id='word_1_500' title='bbox 2428 1059 2570 1105; x_wconf 90' lang='lat' dir='ltr'><strong>tanta</strong></span> <span class='ocrx_word' id='word_1_501' title='bbox 2597 1052 2751 1107; x_wconf 91' lang='lat' dir='ltr'><strong>nobis</strong></span> <span class='ocrx_word' id='word_1_502' title='bbox 2777 1067 2912 1123; x_wconf 89' lang='lat' dir='ltr'><strong>opus</strong></span> <span class='ocrx_word' id='word_1_503' title='bbox 2931 1063 3014 1108; x_wconf 89' lang='lat' dir='ltr'><strong>est</strong></span> <span class='ocrx_word' id='word_1_504' title='bbox 3037 1054 3312 1125; x_wconf 84' lang='lat' dir='ltr'><strong>diligentia</strong></span> <span class='ocrx_word' id='word_1_505' title='bbox 3341 1077 3355 1112; x_wconf 88' lang='lat'><strong>:</strong></span> <span class='ocrx_word' id='word_1_506' title='bbox 3384 1061 3551 1114; x_wconf 91' lang='lat' dir='ltr'><strong>multo</strong></span> <span class='ocrx_word' id='word_1_507' title='bbox 3576 1061 3745 1132; x_wconf 87' lang='lat' dir='ltr'><strong>magis</strong></span> <span class='ocrx_word' id='word_1_508' title='bbox 3761 1075 3880 1114; x_wconf 87' lang='lat' dir='ltr'><strong>cum</strong></span> <span class='ocrx_word' id='word_1_509' title='bbox 3901 1058 4014 1112; x_wconf 85' lang='lat' dir='ltr'><strong>ani-</strong></span> 
     </span>
    </p>
   </div>
   <div class='ocr_carea' id='block_1_67' title="bbox 2425 1146 4012 1218">
    <p class='ocr_par' dir='ltr' id='par_1_67' title="bbox 2425 1146 4012 1218">
     <span class='ocr_line' id='line_1_67' title="bbox 2425 1146 4012 1218; baseline 0.004 -22"><span class='ocrx_word' id='word_1_510' title='bbox 2425 1157 2569 1196; x_wconf 89' lang='lat' dir='ltr'><strong>mam</strong></span> <span class='ocrx_word' id='word_1_511' title='bbox 2606 1157 2854 1198; x_wconf 89' lang='lat' dir='ltr'><strong>curemus</strong></span> <span class='ocrx_word' id='word_1_512' title='bbox 2877 1185 2892 1208; x_wconf 92' lang='lat'><strong>,</strong></span> <span class='ocrx_word' id='word_1_513' title='bbox 2918 1154 2974 1199; x_wconf 91' lang='lat' dir='ltr'><strong>et</strong></span> <span class='ocrx_word' id='word_1_514' title='bbox 3011 1146 3424 1214; x_wconf 83' lang='lat' dir='ltr'><strong>cogitationibus</strong></span> <span class='ocrx_word' id='word_1_515' title='bbox 3467 1152 3813 1218; x_wconf 88' lang='lat' dir='ltr'><strong>medeamur,</strong></span> <span class='ocrx_word' id='word_1_516' title='bbox 3839 1149 4012 1206; x_wconf 89' lang='lat' dir='ltr'><strong>omnia</strong></span> 
     </span>
    </p>
   </div>
   <div class='ocr_carea' id='block_1_68' title="bbox 2425 1234 4016 1301">
    <p class='ocr_par' dir='ltr' id='par_1_68' title="bbox 2425 1234 4016 1301">
     <span class='ocr_line' id='line_1_68' title="bbox 2425 1234 4016 1301; baseline 0.008 -16"><span class='ocrx_word' id='word_1_517' title='bbox 2425 1234 2671 1301; x_wconf 89' lang='lat' dir='ltr'><strong>scrutari,</strong></span> <span class='ocrx_word' id='word_1_518' title='bbox 2699 1243 2752 1289; x_wconf 92' lang='lat' dir='ltr'><strong>et</strong></span> <span class='ocrx_word' id='word_1_519' title='bbox 2779 1249 2902 1290; x_wconf 90' lang='lat' dir='ltr'><strong>cum</strong></span> <span class='ocrx_word' id='word_1_520' title='bbox 2931 1235 3076 1290; x_wconf 86' lang='lat' dir='ltr'><strong>omni</strong></span> <span class='ocrx_word' id='word_1_521' title='bbox 3108 1236 3393 1295; x_wconf 88' lang='lat' dir='ltr'><strong>sedulitate</strong></span> <span class='ocrx_word' id='word_1_522' title='bbox 3419 1242 3762 1299; x_wconf 89' lang='lat' dir='ltr'><strong>considerare</strong></span> <span class='ocrx_word' id='word_1_523' title='bbox 3801 1257 4016 1299; x_wconf 86' lang='lat' dir='ltr'><strong>necesse</strong></span> 
     </span>
    </p>
   </div>
   <div class='ocr_carea' id='block_1_69' title="bbox 2423 1333 2526 1378">
    <p class='ocr_par' dir='ltr' id='par_1_69' title="bbox 2423 1333 2526 1378">
     <span class='ocr_line' id='line_1_69' title="bbox 2423 1333 2526 1378; baseline -0.01 -1"><span class='ocrx_word' id='word_1_524' title='bbox 2423 1333 2526 1378; x_wconf 70' lang='grc' dir='ltr'><strong>ρει.</strong></span> 
     </span>
    </p>
   </div>
   <div class='ocr_carea' id='block_1_70' title="bbox 2497 1415 4015 1493">
    <p class='ocr_par' dir='ltr' id='par_1_70' title="bbox 2497 1415 4015 1493">
     <span class='ocr_line' id='line_1_70' title="bbox 2497 1415 4015 1493; baseline 0.005 -23"><span class='ocrx_word' id='word_1_525' title='bbox 2497 1418 2552 1470; x_wconf 66' lang='grc'><strong>4.</strong></span> <span class='ocrx_word' id='word_1_526' title='bbox 2572 1415 2860 1472; x_wconf 84' lang='lat' dir='ltr'><strong>Videamus</strong></span> <span class='ocrx_word' id='word_1_527' title='bbox 2888 1417 3048 1487; x_wconf 87' lang='lat' dir='ltr'><strong>igitur</strong></span> <span class='ocrx_word' id='word_1_528' title='bbox 3066 1418 3335 1486; x_wconf 88' lang='lat' dir='ltr'><strong>quomodo</strong></span> <span class='ocrx_word' id='word_1_529' title='bbox 3357 1419 3604 1476; x_wconf 65' lang='lat' dir='ltr'><strong>Ninivitaz</strong></span> <span class='ocrx_word' id='word_1_530' title='bbox 3620 1423 4015 1493; x_wconf 84' lang='lat' dir='ltr'><strong>jejunaverunt,</strong></span> 
     </span>
    </p>
   </div>
   <div class='ocr_carea' id='block_1_71' title="bbox 2428 1506 4016 1585">
    <p class='ocr_par' dir='ltr' id='par_1_71' title="bbox 2428 1506 4016 1585">
     <span class='ocr_line' id='line_1_71' title="bbox 2428 1506 4016 1585; baseline 0.004 -23"><span class='ocrx_word' id='word_1_531' title='bbox 2428 1515 2483 1562; x_wconf 90' lang='lat' dir='ltr'><strong>ct</strong></span> <span class='ocrx_word' id='word_1_532' title='bbox 2507 1507 2776 1577; x_wconf 90' lang='lat' dir='ltr'><strong>quomodo</strong></span> <span class='ocrx_word' id='word_1_533' title='bbox 2805 1506 2875 1562; x_wconf 89' lang='lat' dir='ltr'><strong>ab</strong></span> <span class='ocrx_word' id='word_1_534' title='bbox 2902 1507 2990 1562; x_wconf 92' lang='lat' dir='ltr'><strong>illa</strong></span> <span class='ocrx_word' id='word_1_535' title='bbox 3020 1507 3224 1563; x_wconf 86' lang='lat' dir='ltr'><strong>liberati</strong></span> <span class='ocrx_word' id='word_1_536' title='bbox 3255 1520 3382 1564; x_wconf 88' lang='lat' dir='ltr'><strong>sunt</strong></span> <span class='ocrx_word' id='word_1_537' title='bbox 3407 1512 3506 1566; x_wconf 92' lang='lat' dir='ltr'><strong>ira.</strong></span> <span class='ocrx_word' id='word_1_538' title='bbox 3539 1511 3787 1569; x_wconf 77' lang='lat' dir='ltr'><strong>Homines</strong></span> <span class='ocrx_word' id='word_1_539' title='bbox 3809 1557 3823 1581; x_wconf 90' lang='lat'><strong>,</strong></span> <span class='ocrx_word' id='word_1_540' title='bbox 3857 1529 3903 1570; x_wconf 85' lang='lat' dir='ltr'><strong>et</strong></span> <span class='ocrx_word' id='word_1_541' title='bbox 3923 1518 4016 1585; x_wconf 84' lang='lat' dir='ltr'><strong>ju-</strong></span> 
     </span>
    </p>
   </div>
   <div class='ocr_carea' id='block_1_72' title="bbox 2430 1601 4016 1678">
    <p class='ocr_par' dir='ltr' id='par_1_72' title="bbox 2430 1601 4016 1678">
     <span class='ocr_line' id='line_1_72' title="bbox 2430 1601 4016 1678; baseline 0.006 -26"><span class='ocrx_word' id='word_1_542' title='bbox 2430 1610 2614 1663; x_wconf 87' lang='lat' dir='ltr'><strong>menla,</strong></span> <span class='ocrx_word' id='word_1_543' title='bbox 2635 1610 2681 1654; x_wconf 88' lang='lat' dir='ltr'><strong>et</strong></span> <span class='ocrx_word' id='word_1_544' title='bbox 2697 1616 2830 1666; x_wconf 82' lang='lat' dir='ltr'><strong>oves,</strong></span> <span class='ocrx_word' id='word_1_545' title='bbox 2851 1611 2897 1655; x_wconf 90' lang='lat' dir='ltr'><strong>et</strong></span> <span class='ocrx_word' id='word_1_546' title='bbox 2913 1601 3056 1656; x_wconf 87' lang='lat' dir='ltr'><strong>boves</strong></span> <span class='ocrx_word' id='word_1_547' title='bbox 3075 1617 3138 1654; x_wconf 90' lang='lat' dir='ltr'><strong>ne</strong></span> <span class='ocrx_word' id='word_1_548' title='bbox 3163 1612 3437 1670; x_wconf 78' lang='lat' dir='ltr'><strong>pascantur</strong></span> <span class='ocrx_word' id='word_1_549' title='bbox 3463 1603 3607 1674; x_wconf 85' lang='lat' dir='ltr'><strong>(Jan.</strong></span> <span class='ocrx_word' id='word_1_550' title='bbox 3638 1605 3690 1660; x_wconf 79' lang='lat'><strong>5.</strong></span> <span class='ocrx_word' id='word_1_551' title='bbox 3720 1607 3795 1676; x_wconf 84' lang='lat'><strong>7),</strong></span> <span class='ocrx_word' id='word_1_552' title='bbox 3826 1608 4016 1678; x_wconf 89' lang='lat' dir='ltr'><strong>inquit.</strong></span> 
     </span>
    </p>
   </div>
   <div class='ocr_carea' id='block_1_73' title="bbox 2429 1690 4019 1768">
    <p class='ocr_par' dir='ltr' id='par_1_73' title="bbox 2429 1690 4019 1768">
     <span class='ocr_line' id='line_1_73' title="bbox 2429 1690 4019 1768; baseline 0.008 -27"><span class='ocrx_word' id='word_1_553' title='bbox 2429 1690 2566 1756; x_wconf 87' lang='lat' dir='ltr'><strong>Quid</strong></span> <span class='ocrx_word' id='word_1_554' title='bbox 2609 1691 2779 1746; x_wconf 76' lang='lat' dir='ltr'><strong>dicis?</strong></span> <span class='ocrx_word' id='word_1_555' title='bbox 2808 1691 2896 1746; x_wconf 89' lang='lat' dir='ltr'><strong>die</strong></span> <span class='ocrx_word' id='word_1_556' title='bbox 2924 1692 3085 1757; x_wconf 88' lang='lat' dir='ltr'><strong>mihi;</strong></span> <span class='ocrx_word' id='word_1_557' title='bbox 3114 1702 3167 1747; x_wconf 88' lang='lat' dir='ltr'><strong>et</strong></span> <span class='ocrx_word' id='word_1_558' title='bbox 3206 1692 3359 1746; x_wconf 89' lang='lat' dir='ltr'><strong>bruta</strong></span> <span class='ocrx_word' id='word_1_559' title='bbox 3390 1693 3656 1763; x_wconf 89' lang='lat' dir='ltr'><strong>jejunant,</strong></span> <span class='ocrx_word' id='word_1_560' title='bbox 3681 1705 3736 1750; x_wconf 93' lang='lat' dir='ltr'><strong>et</strong></span> <span class='ocrx_word' id='word_1_561' title='bbox 3769 1699 3891 1768; x_wconf 88' lang='lat' dir='ltr'><strong>equi</strong></span> <span class='ocrx_word' id='word_1_562' title='bbox 3921 1715 3934 1753; x_wconf 92' lang='lat'><strong>:</strong></span> <span class='ocrx_word' id='word_1_563' title='bbox 3965 1708 4019 1754; x_wconf 89' lang='lat' dir='ltr'><strong>et</strong></span> 
     </span>
    </p>
   </div>
   <div class='ocr_carea' id='block_1_74' title="bbox 2431 1783 4015 1856">
    <p class='ocr_par' dir='ltr' id='par_1_74' title="bbox 2431 1783 4015 1856">
     <span class='ocr_line' id='line_1_74' title="bbox 2431 1783 4015 1856; baseline 0.006 -21"><span class='ocrx_word' id='word_1_564' title='bbox 2431 1783 2556 1836; x_wconf 89' lang='lat' dir='ltr'><strong>tnuli</strong></span> <span class='ocrx_word' id='word_1_565' title='bbox 2599 1797 2756 1837; x_wconf 87' lang='lat' dir='ltr'><strong>sacco</strong></span> <span class='ocrx_word' id='word_1_566' title='bbox 2805 1784 3144 1839; x_wconf 70' lang='lat' dir='ltr'><strong>vcstiuntur?</strong></span> <span class='ocrx_word' id='word_1_567' title='bbox 3175 1785 3340 1839; x_wconf 82' lang='lat' dir='ltr'><strong>Etiam</strong></span> <span class='ocrx_word' id='word_1_568' title='bbox 3362 1827 3377 1852; x_wconf 92' lang='lat'><strong>,</strong></span> <span class='ocrx_word' id='word_1_569' title='bbox 3411 1786 3580 1855; x_wconf 84' lang='lat' dir='ltr'><strong>inquit</strong></span> <span class='ocrx_word' id='word_1_570' title='bbox 3610 1805 3624 1840; x_wconf 89' lang='lat'><strong>:</strong></span> <span class='ocrx_word' id='word_1_571' title='bbox 3651 1787 3790 1842; x_wconf 84' lang='lat' dir='ltr'><strong>sicut</strong></span> <span class='ocrx_word' id='word_1_572' title='bbox 3830 1790 3972 1844; x_wconf 90' lang='lat' dir='ltr'><strong>enim</strong></span> <span class='ocrx_word' id='word_1_573' title='bbox 3999 1832 4015 1856; x_wconf 94' lang='lat'><strong>,</strong></span> 
     </span>
    </p>
   </div>
   <div class='ocr_carea' id='block_1_75' title="bbox 2427 1873 4020 1944">
    <p class='ocr_par' dir='ltr' id='par_1_75' title="bbox 2427 1873 4020 1944">
     <span class='ocr_line' id='line_1_75' title="bbox 2427 1873 4020 1944; baseline 0.004 -18"><span class='ocrx_word' id='word_1_574' title='bbox 2427 1873 2588 1927; x_wconf 85' lang='lat' dir='ltr'><strong>divite</strong></span> <span class='ocrx_word' id='word_1_575' title='bbox 2608 1873 2787 1944; x_wconf 90' lang='lat' dir='ltr'><strong>aliquo</strong></span> <span class='ocrx_word' id='word_1_576' title='bbox 2816 1886 3045 1941; x_wconf 92' lang='lat' dir='ltr'><strong>mortuo,</strong></span> <span class='ocrx_word' id='word_1_577' title='bbox 3068 1892 3172 1929; x_wconf 91' lang='lat' dir='ltr'><strong>non</strong></span> <span class='ocrx_word' id='word_1_578' title='bbox 3200 1891 3382 1931; x_wconf 65' lang='lat' dir='ltr'><strong>semis</strong></span> <span class='ocrx_word' id='word_1_579' title='bbox 3410 1877 3553 1932; x_wconf 91' lang='lat' dir='ltr'><strong>solos</strong></span> <span class='ocrx_word' id='word_1_580' title='bbox 3582 1887 3636 1931; x_wconf 89' lang='lat' dir='ltr'><strong>et</strong></span> <span class='ocrx_word' id='word_1_581' title='bbox 3660 1877 3900 1942; x_wconf 87' lang='lat' dir='ltr'><strong>ancillas,</strong></span> <span class='ocrx_word' id='word_1_582' title='bbox 3923 1879 4020 1934; x_wconf 90' lang='lat' dir='ltr'><strong>sed</strong></span> 
     </span>
    </p>
   </div>
   <div class='ocr_carea' id='block_1_76' title="bbox 2427 1967 4021 2037">
    <p class='ocr_par' dir='ltr' id='par_1_76' title="bbox 2427 1967 4021 2037">
     <span class='ocr_line' id='line_1_76' title="bbox 2427 1967 4021 2037; baseline 0.003 -19"><span class='ocrx_word' id='word_1_583' title='bbox 2427 1975 2483 2018; x_wconf 88' lang='lat' dir='ltr'><strong>et</strong></span> <span class='ocrx_word' id='word_1_584' title='bbox 2513 1980 2680 2034; x_wconf 90' lang='lat' dir='ltr'><strong>equos</strong></span> <span class='ocrx_word' id='word_1_585' title='bbox 2722 1967 3009 2020; x_wconf 91' lang='lat' dir='ltr'><strong>necessarii</strong></span> <span class='ocrx_word' id='word_1_586' title='bbox 3047 1980 3205 2021; x_wconf 91' lang='lat' dir='ltr'><strong>sacco</strong></span> <span class='ocrx_word' id='word_1_587' title='bbox 3232 1967 3550 2022; x_wconf 92' lang='lat' dir='ltr'><strong>amicientes</strong></span> <span class='ocrx_word' id='word_1_588' title='bbox 3571 2008 3587 2032; x_wconf 90' lang='lat'><strong>,</strong></span> <span class='ocrx_word' id='word_1_589' title='bbox 3619 1977 3674 2022; x_wconf 91' lang='lat' dir='ltr'><strong>et</strong></span> <span class='ocrx_word' id='word_1_590' title='bbox 3702 1969 4021 2037; x_wconf 80' lang='lat' dir='ltr'><strong>agasonibus</strong></span> 
     </span>
    </p>
   </div>
   <div class='ocr_carea' id='block_1_77' title="bbox 2431 2055 4022 2128">
    <p class='ocr_par' dir='ltr' id='par_1_77' title="bbox 2431 2055 4022 2128">
     <span class='ocr_line' id='line_1_77' title="bbox 2431 2055 4022 2128; baseline 0.003 -19"><span class='ocrx_word' id='word_1_591' title='bbox 2431 2055 2704 2111; x_wconf 89' lang='lat' dir='ltr'><strong>tradentes</strong></span> <span class='ocrx_word' id='word_1_592' title='bbox 2728 2056 2794 2110; x_wconf 91' lang='lat' dir='ltr'><strong>ad</strong></span> <span class='ocrx_word' id='word_1_593' title='bbox 2821 2057 3124 2126; x_wconf 88' lang='lat' dir='ltr'><strong>sepulcrum</strong></span> <span class='ocrx_word' id='word_1_594' title='bbox 3153 2059 3303 2127; x_wconf 86' lang='lat' dir='ltr'><strong>sequi</strong></span> <span class='ocrx_word' id='word_1_595' title='bbox 3327 2057 3538 2128; x_wconf 89' lang='lat' dir='ltr'><strong>jnbent,</strong></span> <span class='ocrx_word' id='word_1_596' title='bbox 3571 2059 3887 2114; x_wconf 89' lang='lat' dir='ltr'><strong>calamitatis</strong></span> <span class='ocrx_word' id='word_1_597' title='bbox 3908 2073 4022 2113; x_wconf 87' lang='lat' dir='ltr'><strong>ma-</strong></span> 
     </span>
    </p>
   </div>
   <div class='ocr_carea' id='block_1_78' title="bbox 2428 2147 4018 2216">
    <p class='ocr_par' dir='ltr' id='par_1_78' title="bbox 2428 2147 4018 2216">
     <span class='ocr_line' id='line_1_78' title="bbox 2428 2147 4018 2216; baseline 0.004 -18"><span class='ocrx_word' id='word_1_598' title='bbox 2428 2147 2759 2216; x_wconf 77' lang='lat' dir='ltr'><strong>gnitudinem</strong></span> <span class='ocrx_word' id='word_1_599' title='bbox 2787 2157 3115 2201; x_wconf 88' lang='lat' dir='ltr'><strong>ostentantes</strong></span> <span class='ocrx_word' id='word_1_600' title='bbox 3137 2188 3154 2213; x_wconf 96' lang='lat'><strong>,</strong></span> <span class='ocrx_word' id='word_1_601' title='bbox 3181 2158 3236 2202; x_wconf 86' lang='lat' dir='ltr'><strong>et</strong></span> <span class='ocrx_word' id='word_1_602' title='bbox 3261 2165 3451 2205; x_wconf 78' lang='lat' dir='ltr'><strong>(mmes</strong></span> <span class='ocrx_word' id='word_1_603' title='bbox 3489 2150 3556 2204; x_wconf 92' lang='lat' dir='ltr'><strong>ad</strong></span> <span class='ocrx_word' id='word_1_604' title='bbox 3600 2149 4018 2205; x_wconf 87' lang='lat' dir='ltr'><strong>misericordiam</strong></span> 
     </span>
    </p>
   </div>
   <div class='ocr_carea' id='block_1_79' title="bbox 2429 2235 4024 2309">
    <p class='ocr_par' dir='ltr' id='par_1_79' title="bbox 2429 2235 4024 2309">
     <span class='ocr_line' id='line_1_79' title="bbox 2429 2235 4024 2309; baseline 0.003 -20"><span class='ocrx_word' id='word_1_605' title='bbox 2429 2237 2721 2291; x_wconf 88' lang='lat' dir='ltr'><strong>allicientes</strong></span> <span class='ocrx_word' id='word_1_606' title='bbox 2755 2238 2877 2292; x_wconf 88' lang='lat' dir='ltr'><strong>:sic</strong></span> <span class='ocrx_word' id='word_1_607' title='bbox 2919 2244 2973 2291; x_wconf 90' lang='lat' dir='ltr'><strong>et</strong></span> <span class='ocrx_word' id='word_1_608' title='bbox 3010 2235 3225 2291; x_wconf 76' lang='lat' dir='ltr'><strong>civitate</strong></span> <span class='ocrx_word' id='word_1_609' title='bbox 3275 2238 3363 2292; x_wconf 91' lang='lat' dir='ltr'><strong>illa</strong></span> <span class='ocrx_word' id='word_1_610' title='bbox 3411 2239 3480 2294; x_wconf 92' lang='lat' dir='ltr'><strong>de</strong></span> <span class='ocrx_word' id='word_1_611' title='bbox 3509 2240 3764 2294; x_wconf 81' lang='lat' dir='ltr'><strong>extremis</strong></span> <span class='ocrx_word' id='word_1_612' title='bbox 3811 2240 4024 2309; x_wconf 83' lang='lat' dir='ltr'><strong>pericli-</strong></span> 
     </span>
    </p>
   </div>
   <div class='ocr_carea' id='block_1_80' title="bbox 2429 2327 4023 2392">
    <p class='ocr_par' dir='ltr' id='par_1_80' title="bbox 2429 2327 4023 2392">
     <span class='ocr_line' id='line_1_80' title="bbox 2429 2327 4023 2392; baseline 0.004 -13"><span class='ocrx_word' id='word_1_613' title='bbox 2429 2337 2606 2392; x_wconf 88' lang='lat' dir='ltr'><strong>tante,</strong></span> <span class='ocrx_word' id='word_1_614' title='bbox 2638 2336 2692 2381; x_wconf 90' lang='lat' dir='ltr'><strong>et</strong></span> <span class='ocrx_word' id='word_1_615' title='bbox 2734 2327 2944 2382; x_wconf 88' lang='lat' dir='ltr'><strong>brutam</strong></span> <span class='ocrx_word' id='word_1_616' title='bbox 2989 2335 3234 2381; x_wconf 88' lang='lat' dir='ltr'><strong>naturam</strong></span> <span class='ocrx_word' id='word_1_617' title='bbox 3282 2341 3440 2382; x_wconf 87' lang='lat' dir='ltr'><strong>sacco</strong></span> <span class='ocrx_word' id='word_1_618' title='bbox 3483 2329 3934 2384; x_wconf 68' lang='lat' dir='ltr'><strong>circumtexeruut</strong></span> <span class='ocrx_word' id='word_1_619' title='bbox 3968 2339 4023 2385; x_wconf 86' lang='lat' dir='ltr'><strong>et</strong></span> 
     </span>
    </p>
   </div>
   <div class='ocr_carea' id='block_1_81' title="bbox 2420 2416 4018 2489">
    <p class='ocr_par' dir='ltr' id='par_1_81' title="bbox 2420 2416 4018 2489">
     <span class='ocr_line' id='line_1_81' title="bbox 2420 2416 4018 2489; baseline -0.001 -16"><span class='ocrx_word' id='word_1_620' title='bbox 2420 2418 2610 2488; x_wconf 89' lang='lat' dir='ltr'><strong>jejunii</strong></span> <span class='ocrx_word' id='word_1_621' title='bbox 2628 2418 2756 2489; x_wconf 88' lang='lat' dir='ltr'><strong>jugo</strong></span> <span class='ocrx_word' id='word_1_622' title='bbox 2776 2417 3140 2488; x_wconf 85' lang='lat' dir='ltr'><strong>subjeeerunt.</strong></span> <span class='ocrx_word' id='word_1_623' title='bbox 3167 2416 3283 2470; x_wconf 85' lang='lat' dir='ltr'><strong>Non</strong></span> <span class='ocrx_word' id='word_1_624' title='bbox 3309 2417 3435 2471; x_wconf 91' lang='lat' dir='ltr'><strong>licet</strong></span> <span class='ocrx_word' id='word_1_625' title='bbox 3455 2417 3625 2471; x_wconf 88' lang='lat' dir='ltr'><strong>brutis</strong></span> <span class='ocrx_word' id='word_1_626' title='bbox 3646 2433 3896 2472; x_wconf 86' lang='lat' dir='ltr'><strong>sermone</strong></span> <span class='ocrx_word' id='word_1_627' title='bbox 3924 2419 4018 2473; x_wconf 91' lang='lat' dir='ltr'><strong>Dei</strong></span> 
     </span>
    </p>
   </div>
   <div class='ocr_carea' id='block_1_82' title="bbox 2426 2508 4023 2579">
    <p class='ocr_par' dir='ltr' id='par_1_82' title="bbox 2426 2508 4023 2579">
     <span class='ocr_line' id='line_1_82' title="bbox 2426 2508 4023 2579; baseline -0.003 -12"><span class='ocrx_word' id='word_1_628' title='bbox 2426 2513 2559 2567; x_wconf 89' lang='lat' dir='ltr'><strong>iram</strong></span> <span class='ocrx_word' id='word_1_629' title='bbox 2598 2511 2839 2576; x_wconf 87' lang='lat' dir='ltr'><strong>discere,</strong></span> <span class='ocrx_word' id='word_1_630' title='bbox 2867 2510 3076 2564; x_wconf 89' lang='lat' dir='ltr'><strong>discant</strong></span> <span class='ocrx_word' id='word_1_631' title='bbox 3120 2508 3296 2575; x_wconf 78' lang='lat' dir='ltr'><strong>fattie,</strong></span> <span class='ocrx_word' id='word_1_632' title='bbox 3330 2508 3472 2578; x_wconf 93' lang='lat' dir='ltr'><strong>quod</strong></span> <span class='ocrx_word' id='word_1_633' title='bbox 3507 2524 3537 2562; x_wconf 93' lang='lat' dir='ltr'><strong>a</strong></span> <span class='ocrx_word' id='word_1_634' title='bbox 3595 2509 3707 2564; x_wconf 90' lang='lat' dir='ltr'><strong>Deo</strong></span> <span class='ocrx_word' id='word_1_635' title='bbox 3756 2508 4023 2579; x_wconf 84' lang='lat' dir='ltr'><strong>inﬂigatur</strong></span> 
     </span>
    </p>
   </div>
   <div class='ocr_carea' id='block_1_83' title="bbox 2428 2600 4014 2674">
    <p class='ocr_par' dir='ltr' id='par_1_83' title="bbox 2428 2600 4014 2674">
     <span class='ocr_line' id='line_1_83' title="bbox 2428 2600 4014 2674; baseline -0.001 -17"><span class='ocrx_word' id='word_1_636' title='bbox 2428 2606 2580 2674; x_wconf 88' lang='lat' dir='ltr'><strong>plaga</strong></span> <span class='ocrx_word' id='word_1_637' title='bbox 2613 2621 2628 2659; x_wconf 91' lang='lat'><strong>:</strong></span> <span class='ocrx_word' id='word_1_638' title='bbox 2661 2604 2860 2657; x_wconf 89' lang='lat' dir='ltr'><strong>etenim</strong></span> <span class='ocrx_word' id='word_1_639' title='bbox 2890 2603 2936 2656; x_wconf 92' lang='lat' dir='ltr'><strong>si</strong></span> <span class='ocrx_word' id='word_1_640' title='bbox 2962 2603 3283 2668; x_wconf 87' lang='lat' dir='ltr'><strong>dirueretur,</strong></span> <span class='ocrx_word' id='word_1_641' title='bbox 3308 2601 3493 2670; x_wconf 87' lang='lat' dir='ltr'><strong>inquit,</strong></span> <span class='ocrx_word' id='word_1_642' title='bbox 3519 2600 3728 2665; x_wconf 89' lang='lat' dir='ltr'><strong>civitas,</strong></span> <span class='ocrx_word' id='word_1_643' title='bbox 3762 2615 3867 2654; x_wconf 91' lang='lat' dir='ltr'><strong>non</strong></span> <span class='ocrx_word' id='word_1_644' title='bbox 3902 2611 4014 2655; x_wconf 82' lang='lat' dir='ltr'><strong>tan-</strong></span> 
     </span>
    </p>
   </div>
   <div class='ocr_carea' id='block_1_84' title="bbox 2432 2691 4023 2756">
    <p class='ocr_par' dir='ltr' id='par_1_84' title="bbox 2432 2691 4023 2756">
     <span class='ocr_line' id='line_1_84' title="bbox 2432 2691 4023 2756; baseline -0.001 -8"><span class='ocrx_word' id='word_1_645' title='bbox 2432 2704 2542 2748; x_wconf 89' lang='lat' dir='ltr'><strong>tum</strong></span> <span class='ocrx_word' id='word_1_646' title='bbox 2582 2694 2747 2749; x_wconf 81' lang='lat' dir='ltr'><strong>nostri</strong></span> <span class='ocrx_word' id='word_1_647' title='bbox 2786 2693 3194 2748; x_wconf 85' lang='lat' dir='ltr'><strong>inhabitantium</strong></span> <span class='ocrx_word' id='word_1_648' title='bbox 3221 2735 3236 2756; x_wconf 93' lang='lat'><strong>,</strong></span> <span class='ocrx_word' id='word_1_649' title='bbox 3263 2691 3357 2747; x_wconf 89' lang='lat' dir='ltr'><strong>sed</strong></span> <span class='ocrx_word' id='word_1_650' title='bbox 3400 2701 3455 2746; x_wconf 90' lang='lat' dir='ltr'><strong>et</strong></span> <span class='ocrx_word' id='word_1_651' title='bbox 3493 2691 3684 2745; x_wconf 88' lang='lat' dir='ltr'><strong>horum</strong></span> <span class='ocrx_word' id='word_1_652' title='bbox 3733 2706 3840 2745; x_wconf 88' lang='lat' dir='ltr'><strong>una</strong></span> <span class='ocrx_word' id='word_1_653' title='bbox 3878 2701 4023 2746; x_wconf 88' lang='lat' dir='ltr'><strong>esset</strong></span> 
     </span>
    </p>
   </div>
   <div class='ocr_carea' id='block_1_85' title="bbox 2430 2783 4024 2856">
    <p class='ocr_par' dir='ltr' id='par_1_85' title="bbox 2430 2783 4024 2856">
     <span class='ocr_line' id='line_1_85' title="bbox 2430 2783 4024 2856; baseline -0.004 -14"><span class='ocrx_word' id='word_1_654' title='bbox 2430 2789 2728 2842; x_wconf 92' lang='lat' dir='ltr'><strong>communis</strong></span> <span class='ocrx_word' id='word_1_655' title='bbox 2754 2787 3045 2856; x_wconf 83' lang='lat' dir='ltr'><strong>sepultura.</strong></span> <span class='ocrx_word' id='word_1_656' title='bbox 3077 2786 3207 2851; x_wconf 76' lang='lat' dir='ltr'><strong>Quze</strong></span> <span class='ocrx_word' id='word_1_657' title='bbox 3238 2784 3396 2854; x_wconf 88' lang='lat' dir='ltr'><strong>igitur</strong></span> <span class='ocrx_word' id='word_1_658' title='bbox 3421 2799 3590 2853; x_wconf 68' lang='lat' dir='ltr'><strong>p03“!!!</strong></span> <span class='ocrx_word' id='word_1_659' title='bbox 3629 2792 3831 2852; x_wconf 87' lang='lat' dir='ltr'><strong>partem</strong></span> <span class='ocrx_word' id='word_1_660' title='bbox 3874 2783 4024 2836; x_wconf 85' lang='lat' dir='ltr'><strong>habi-</strong></span> 
     </span>
    </p>
   </div>
   <div class='ocr_carea' id='block_1_86' title="bbox 2432 2873 4020 2947">
    <p class='ocr_par' dir='ltr' id='par_1_86' title="bbox 2432 2873 4020 2947">
     <span class='ocr_line' id='line_1_86' title="bbox 2432 2873 4020 2947; baseline -0.003 -14"><span class='ocrx_word' id='word_1_661' title='bbox 2432 2889 2548 2933; x_wconf 88' lang='lat' dir='ltr'><strong>tura</strong></span> <span class='ocrx_word' id='word_1_662' title='bbox 2577 2887 2736 2943; x_wconf 91' lang='lat' dir='ltr'><strong>sunt,</strong></span> <span class='ocrx_word' id='word_1_663' title='bbox 2769 2893 2831 2932; x_wconf 89' lang='lat' dir='ltr'><strong>ea</strong></span> <span class='ocrx_word' id='word_1_664' title='bbox 2855 2877 3043 2947; x_wconf 54' lang='lat' dir='ltr'><strong>jejunii</strong></span> <span class='ocrx_word' id='word_1_665' title='bbox 3067 2891 3279 2946; x_wconf 87' lang='lat' dir='ltr'><strong>quoque</strong></span> <span class='ocrx_word' id='word_1_666' title='bbox 3305 2885 3509 2944; x_wconf 88' lang='lat' dir='ltr'><strong>partem</strong></span> <span class='ocrx_word' id='word_1_667' title='bbox 3536 2875 3766 2943; x_wconf 88' lang='lat' dir='ltr'><strong>capiant.</strong></span> <span class='ocrx_word' id='word_1_668' title='bbox 3791 2873 3860 2928; x_wconf 89' lang='lat' dir='ltr'><strong>Et</strong></span> <span class='ocrx_word' id='word_1_669' title='bbox 3879 2874 4020 2929; x_wconf 91' lang='lat' dir='ltr'><strong>aliud</strong></span> 
     </span>
    </p>
   </div>
   <div class='ocr_carea' id='block_1_87' title="bbox 2427 2965 4019 3040">
    <p class='ocr_par' dir='ltr' id='par_1_87' title="bbox 2427 2965 4019 3040">
     <span class='ocr_line' id='line_1_87' title="bbox 2427 2965 4019 3040; baseline -0.003 -18"><span class='ocrx_word' id='word_1_670' title='bbox 2427 2969 2679 3040; x_wconf 87' lang='lat' dir='ltr'><strong>quiddam</strong></span> <span class='ocrx_word' id='word_1_671' title='bbox 2721 2978 2848 3023; x_wconf 90' lang='lat' dir='ltr'><strong>tunc</strong></span> <span class='ocrx_word' id='word_1_672' title='bbox 2893 2967 3174 3033; x_wconf 82' lang='lat' dir='ltr'><strong>fecerunt,</strong></span> <span class='ocrx_word' id='word_1_673' title='bbox 3204 2965 3344 3035; x_wconf 92' lang='lat' dir='ltr'><strong>quod</strong></span> <span class='ocrx_word' id='word_1_674' title='bbox 3377 2974 3429 3021; x_wconf 90' lang='lat' dir='ltr'><strong>et</strong></span> <span class='ocrx_word' id='word_1_675' title='bbox 3462 2965 3732 3034; x_wconf 71' lang='lat' dir='ltr'><strong>propheta:</strong></span> <span class='ocrx_word' id='word_1_676' title='bbox 3773 2965 3972 3018; x_wconf 81' lang='lat' dir='ltr'><strong>faciunt</strong></span> <span class='ocrx_word' id='word_1_677' title='bbox 4003 2982 4019 3018; x_wconf 91' lang='lat'><strong>:</strong></span> 
     </span>
    </p>
   </div>
   <div class='ocr_carea' id='block_1_88' title="bbox 2426 3055 4023 3127">
    <p class='ocr_par' dir='ltr' id='par_1_88' title="bbox 2426 3055 4023 3127">
     <span class='ocr_line' id='line_1_88' title="bbox 2426 3055 4023 3127; baseline -0.003 -12"><span class='ocrx_word' id='word_1_678' title='bbox 2426 3061 2625 3116; x_wconf 88' lang='lat' dir='ltr'><strong>etenim</strong></span> <span class='ocrx_word' id='word_1_679' title='bbox 2653 3059 2730 3113; x_wconf 93' lang='lat' dir='ltr'><strong>illi</strong></span> <span class='ocrx_word' id='word_1_680' title='bbox 2755 3074 2876 3113; x_wconf 91' lang='lat' dir='ltr'><strong>cum</strong></span> <span class='ocrx_word' id='word_1_681' title='bbox 2899 3058 3166 3127; x_wconf 83' lang='lat' dir='ltr'><strong>ﬂagellum</strong></span> <span class='ocrx_word' id='word_1_682' title='bbox 3193 3057 3409 3125; x_wconf 90' lang='lat' dir='ltr'><strong>aliquod</strong></span> <span class='ocrx_word' id='word_1_683' title='bbox 3440 3056 3767 3110; x_wconf 87' lang='lat' dir='ltr'><strong>intolerabile</strong></span> <span class='ocrx_word' id='word_1_684' title='bbox 3787 3055 3853 3110; x_wconf 90' lang='lat' dir='ltr'><strong>de</strong></span> <span class='ocrx_word' id='word_1_685' title='bbox 3877 3056 4023 3110; x_wconf 67' lang='lat' dir='ltr'><strong>caelis</strong></span> 
     </span>
    </p>
   </div>
   <div class='ocr_carea' id='block_1_89' title="bbox 2425 3147 4020 3219">
    <p class='ocr_par' dir='ltr' id='par_1_89' title="bbox 2425 3147 4020 3219">
     <span class='ocr_line' id='line_1_89' title="bbox 2425 3147 4020 3219; baseline -0.004 -13"><span class='ocrx_word' id='word_1_686' title='bbox 2425 3152 2553 3206; x_wconf 81' lang='lat' dir='ltr'><strong>ferri</strong></span> <span class='ocrx_word' id='word_1_687' title='bbox 2583 3151 2832 3215; x_wconf 82' lang='lat' dir='ltr'><strong>viderint,</strong></span> <span class='ocrx_word' id='word_1_688' title='bbox 2858 3159 3018 3219; x_wconf 89' lang='lat' dir='ltr'><strong>atque</strong></span> <span class='ocrx_word' id='word_1_689' title='bbox 3040 3149 3340 3218; x_wconf 85' lang='lat' dir='ltr'><strong>puniendos</strong></span> <span class='ocrx_word' id='word_1_690' title='bbox 3367 3148 3483 3202; x_wconf 90' lang='lat' dir='ltr'><strong>sine</strong></span> <span class='ocrx_word' id='word_1_691' title='bbox 3509 3147 3697 3202; x_wconf 82' lang='lat' dir='ltr'><strong>ﬁducia</strong></span> <span class='ocrx_word' id='word_1_692' title='bbox 3725 3163 3863 3212; x_wconf 88' lang='lat' dir='ltr'><strong>esse,</strong></span> <span class='ocrx_word' id='word_1_693' title='bbox 3886 3163 4020 3204; x_wconf 88' lang='lat' dir='ltr'><strong>con-</strong></span> 
     </span>
    </p>
   </div>
   <div class='ocr_carea' id='block_1_90' title="bbox 2425 3239 4020 3314">
    <p class='ocr_par' dir='ltr' id='par_1_90' title="bbox 2425 3239 4020 3314">
     <span class='ocr_line' id='line_1_90' title="bbox 2425 3239 4020 3314; baseline -0.006 -14"><span class='ocrx_word' id='word_1_694' title='bbox 2425 3245 2636 3300; x_wconf 80' lang='lat' dir='ltr'><strong>fusione</strong></span> <span class='ocrx_word' id='word_1_695' title='bbox 2665 3244 2884 3314; x_wconf 89' lang='lat' dir='ltr'><strong>plenos,</strong></span> <span class='ocrx_word' id='word_1_696' title='bbox 2917 3257 3092 3311; x_wconf 84' lang='lat' dir='ltr'><strong>neque</strong></span> <span class='ocrx_word' id='word_1_697' title='bbox 3132 3241 3288 3294; x_wconf 85' lang='lat' dir='ltr'><strong>venia</strong></span> <span class='ocrx_word' id='word_1_698' title='bbox 3331 3254 3506 3310; x_wconf 89' lang='lat' dir='ltr'><strong>neque</strong></span> <span class='ocrx_word' id='word_1_699' title='bbox 3543 3241 3888 3294; x_wconf 83' lang='lat' dir='ltr'><strong>excusatione</strong></span> <span class='ocrx_word' id='word_1_700' title='bbox 3912 3239 4020 3293; x_wconf 89' lang='lat' dir='ltr'><strong>ulla</strong></span> 
     </span>
    </p>
   </div>
   <div class='ocr_carea' id='block_1_91' title="bbox 2426 3329 4023 3405">
    <p class='ocr_par' dir='ltr' id='par_1_91' title="bbox 2426 3329 4023 3405">
     <span class='ocr_line' id='line_1_91' title="bbox 2426 3329 4023 3405; baseline -0.005 -15"><span class='ocrx_word' id='word_1_701' title='bbox 2426 3337 2636 3405; x_wconf 90' lang='lat' dir='ltr'><strong>dignos,</strong></span> <span class='ocrx_word' id='word_1_702' title='bbox 2667 3349 2763 3388; x_wconf 90' lang='lat' dir='ltr'><strong>nec</strong></span> <span class='ocrx_word' id='word_1_703' title='bbox 2788 3333 3020 3387; x_wconf 88' lang='lat' dir='ltr'><strong>habeant</strong></span> <span class='ocrx_word' id='word_1_704' title='bbox 3045 3331 3173 3402; x_wconf 86' lang='lat' dir='ltr'><strong>quid</strong></span> <span class='ocrx_word' id='word_1_705' title='bbox 3205 3331 3436 3396; x_wconf 84' lang='lat' dir='ltr'><strong>faciant,</strong></span> <span class='ocrx_word' id='word_1_706' title='bbox 3466 3345 3565 3384; x_wconf 89' lang='lat' dir='ltr'><strong>nec</strong></span> <span class='ocrx_word' id='word_1_707' title='bbox 3597 3329 3737 3384; x_wconf 91' lang='lat' dir='ltr'><strong>unde</strong></span> <span class='ocrx_word' id='word_1_708' title='bbox 3766 3329 4023 3383; x_wconf 89' lang='lat' dir='ltr'><strong>condem-</strong></span> 
     </span>
    </p>
   </div>
   <div class='ocr_carea' id='block_1_92' title="bbox 2429 3422 4024 3499">
    <p class='ocr_par' dir='ltr' id='par_1_92' title="bbox 2429 3422 4024 3499">
     <span class='ocr_line' id='line_1_92' title="bbox 2429 3422 4024 3499; baseline -0.006 -16"><span class='ocrx_word' id='word_1_709' title='bbox 2429 3431 2567 3483; x_wconf 90' lang='lat' dir='ltr'><strong>natis</strong></span> <span class='ocrx_word' id='word_1_710' title='bbox 2597 3428 2869 3499; x_wconf 84' lang='lat' dir='ltr'><strong>praebeant</strong></span> <span class='ocrx_word' id='word_1_711' title='bbox 2899 3425 3274 3496; x_wconf 88' lang='lat' dir='ltr'><strong>patrocinium,</strong></span> <span class='ocrx_word' id='word_1_712' title='bbox 3300 3423 3366 3478; x_wconf 92' lang='lat' dir='ltr'><strong>ad</strong></span> <span class='ocrx_word' id='word_1_713' title='bbox 3409 3423 3564 3478; x_wconf 90' lang='lat' dir='ltr'><strong>bruta</strong></span> <span class='ocrx_word' id='word_1_714' title='bbox 3590 3422 3899 3491; x_wconf 79' lang='lat' dir='ltr'><strong>confugiunt</strong></span> <span class='ocrx_word' id='word_1_715' title='bbox 3922 3461 3938 3486; x_wconf 94' lang='lat'><strong>,</strong></span> <span class='ocrx_word' id='word_1_716' title='bbox 3967 3429 4024 3475; x_wconf 87' lang='lat' dir='ltr'><strong>et</strong></span> 
     </span>
    </p>
   </div>
   <div class='ocr_carea' id='block_1_93' title="bbox 2430 3510 4021 3584">
    <p class='ocr_par' dir='ltr' id='par_1_93' title="bbox 2430 3510 4021 3584">
     <span class='ocr_line' id='line_1_93' title="bbox 2430 3510 4021 3584; baseline -0.006 -12"><span class='ocrx_word' id='word_1_717' title='bbox 2430 3519 2641 3572; x_wconf 90' lang='lat' dir='ltr'><strong>illorum</strong></span> <span class='ocrx_word' id='word_1_718' title='bbox 2680 3526 2908 3571; x_wconf 89' lang='lat' dir='ltr'><strong>mortem</strong></span> <span class='ocrx_word' id='word_1_719' title='bbox 2948 3514 3286 3584; x_wconf 78' lang='lat' dir='ltr'><strong>deplorantes</strong></span> <span class='ocrx_word' id='word_1_720' title='bbox 3309 3555 3322 3577; x_wconf 93' lang='lat'><strong>,</strong></span> <span class='ocrx_word' id='word_1_721' title='bbox 3349 3527 3414 3566; x_wconf 78' lang='lat' dir='ltr'><strong>ex</strong></span> <span class='ocrx_word' id='word_1_722' title='bbox 3458 3511 3543 3565; x_wconf 89' lang='lat' dir='ltr'><strong>his</strong></span> <span class='ocrx_word' id='word_1_723' title='bbox 3581 3510 4021 3580; x_wconf 85' lang='lat' dir='ltr'><strong>supplicationem</strong></span> 
     </span>
    </p>
   </div>
   <div class='ocr_carea' id='block_1_94' title="bbox 2429 3602 4020 3673">
    <p class='ocr_par' dir='ltr' id='par_1_94' title="bbox 2429 3602 4020 3673">
     <span class='ocr_line' id='line_1_94' title="bbox 2429 3602 4020 3673; baseline -0.006 -9"><span class='ocrx_word' id='word_1_724' title='bbox 2429 3609 2628 3664; x_wconf 80' lang='lat' dir='ltr'><strong>faciunt</strong></span> <span class='ocrx_word' id='word_1_725' title='bbox 2649 3649 2663 3672; x_wconf 93' lang='lat'><strong>,</strong></span> <span class='ocrx_word' id='word_1_726' title='bbox 2691 3607 3046 3663; x_wconf 89' lang='lat' dir='ltr'><strong>miserabilem</strong></span> <span class='ocrx_word' id='word_1_727' title='bbox 3067 3615 3121 3660; x_wconf 92' lang='lat' dir='ltr'><strong>et</strong></span> <span class='ocrx_word' id='word_1_728' title='bbox 3149 3607 3446 3660; x_wconf 91' lang='lat' dir='ltr'><strong>luctuosam</strong></span> <span class='ocrx_word' id='word_1_729' title='bbox 3468 3603 3704 3673; x_wconf 87' lang='lat' dir='ltr'><strong>ipsorum</strong></span> <span class='ocrx_word' id='word_1_730' title='bbox 3731 3602 4020 3673; x_wconf 88' lang='lat' dir='ltr'><strong>perniciem</strong></span> 
     </span>
    </p>
   </div>
   <div class='ocr_carea' id='block_1_95' title="bbox 2428 3694 4017 3772">
    <p class='ocr_par' dir='ltr' id='par_1_95' title="bbox 2428 3694 4017 3772">
     <span class='ocr_line' id='line_1_95' title="bbox 2428 3694 4017 3772; baseline -0.005 -18"><span class='ocrx_word' id='word_1_731' title='bbox 2428 3710 2807 3772; x_wconf 70' lang='lat' dir='ltr'><strong>proponentes.</strong></span> <span class='ocrx_word' id='word_1_732' title='bbox 2837 3699 2971 3754; x_wconf 90' lang='lat' dir='ltr'><strong>Cum</strong></span> <span class='ocrx_word' id='word_1_733' title='bbox 2999 3699 3158 3769; x_wconf 83' lang='lat' dir='ltr'><strong>igitur</strong></span> <span class='ocrx_word' id='word_1_734' title='bbox 3179 3697 3346 3752; x_wconf 82' lang='lat' dir='ltr'><strong>fames</strong></span> <span class='ocrx_word' id='word_1_735' title='bbox 3375 3697 3502 3751; x_wconf 88' lang='lat' dir='ltr'><strong>olim</strong></span> <span class='ocrx_word' id='word_1_736' title='bbox 3525 3694 3740 3750; x_wconf 72' lang='lat' dir='ltr'><strong>Iudaeos</strong></span> <span class='ocrx_word' id='word_1_737' title='bbox 3766 3707 4017 3762; x_wconf 90' lang='lat' dir='ltr'><strong>compre-</strong></span> 
     </span>
    </p>
   </div>
   <div class='ocr_carea' id='block_1_96' title="bbox 2427 3789 4022 3864">
    <p class='ocr_par' dir='ltr' id='par_1_96' title="bbox 2427 3789 4022 3864">
     <span class='ocr_line' id='line_1_96' title="bbox 2427 3789 4022 3864; baseline -0.006 -14"><span class='ocrx_word' id='word_1_738' title='bbox 2427 3795 2696 3851; x_wconf 85' lang='lat' dir='ltr'><strong>hendisset</strong></span> <span class='ocrx_word' id='word_1_739' title='bbox 2725 3835 2740 3859; x_wconf 90' lang='lat'><strong>,</strong></span> <span class='ocrx_word' id='word_1_740' title='bbox 2772 3803 2827 3849; x_wconf 92' lang='lat' dir='ltr'><strong>et</strong></span> <span class='ocrx_word' id='word_1_741' title='bbox 2855 3793 3018 3848; x_wconf 92' lang='lat' dir='ltr'><strong>multa</strong></span> <span class='ocrx_word' id='word_1_742' title='bbox 3061 3793 3332 3864; x_wconf 88' lang='lat' dir='ltr'><strong>regionem</strong></span> <span class='ocrx_word' id='word_1_743' title='bbox 3379 3789 3593 3846; x_wconf 91' lang='lat' dir='ltr'><strong>siccitas</strong></span> <span class='ocrx_word' id='word_1_744' title='bbox 3633 3795 3938 3859; x_wconf 89' lang='lat' dir='ltr'><strong>premeret,</strong></span> <span class='ocrx_word' id='word_1_745' title='bbox 3964 3795 4022 3842; x_wconf 89' lang='lat' dir='ltr'><strong>et</strong></span> 
     </span>
    </p>
   </div>
   <div class='ocr_carea' id='block_1_97' title="bbox 2427 3879 4018 3952">
    <p class='ocr_par' dir='ltr' id='par_1_97' title="bbox 2427 3879 4018 3952">
     <span class='ocr_line' id='line_1_97' title="bbox 2427 3879 4018 3952; baseline -0.008 -8"><span class='ocrx_word' id='word_1_746' title='bbox 2427 3891 2606 3944; x_wconf 83' lang='lat' dir='ltr'><strong>omnia</strong></span> <span class='ocrx_word' id='word_1_747' title='bbox 2642 3894 3085 3943; x_wconf 89' lang='lat' dir='ltr'><strong>consumerentur</strong></span> <span class='ocrx_word' id='word_1_748' title='bbox 3115 3904 3127 3938; x_wconf 94' lang='lat'><strong>:</strong></span> <span class='ocrx_word' id='word_1_749' title='bbox 3157 3898 3296 3938; x_wconf 89' lang='lat' dir='ltr'><strong>unus</strong></span> <span class='ocrx_word' id='word_1_750' title='bbox 3340 3882 3720 3952; x_wconf 80' lang='lat' dir='ltr'><strong>prophetarum</strong></span> <span class='ocrx_word' id='word_1_751' title='bbox 3763 3879 3973 3933; x_wconf 91' lang='lat' dir='ltr'><strong>dicebat</strong></span> <span class='ocrx_word' id='word_1_752' title='bbox 4003 3895 4018 3932; x_wconf 89' lang='lat'><strong>:</strong></span> 
     </span>
    </p>
   </div>
   <div class='ocr_carea' id='block_1_98' title="bbox 2430 3973 4022 4050">
    <p class='ocr_par' dir='ltr' id='par_1_98' title="bbox 2430 3973 4022 4050">
     <span class='ocr_line' id='line_1_98' title="bbox 2430 3973 4022 4050; baseline -0.009 -14"><span class='ocrx_word' id='word_1_753' title='bbox 2430 3981 2738 4036; x_wconf 83' lang='lat' dir='ltr'><strong>Resilieruat</strong></span> <span class='ocrx_word' id='word_1_754' title='bbox 2775 3982 3009 4050; x_wconf 79' lang='lat' dir='ltr'><strong>juvenca:</strong></span> <span class='ocrx_word' id='word_1_755' title='bbox 3049 3976 3188 4044; x_wconf 84' lang='lat' dir='ltr'><strong>apud</strong></span> <span class='ocrx_word' id='word_1_756' title='bbox 3229 3975 3477 4044; x_wconf 72' lang='lat' dir='ltr'><strong>prazsepio</strong></span> <span class='ocrx_word' id='word_1_757' title='bbox 3503 3989 3628 4037; x_wconf 87' lang='lat' dir='ltr'><strong>sua,</strong></span> <span class='ocrx_word' id='word_1_758' title='bbox 3660 3973 3904 4042; x_wconf 81' lang='lat' dir='ltr'><strong>ﬂeverunt</strong></span> <span class='ocrx_word' id='word_1_759' title='bbox 3930 3986 4022 4023; x_wconf 81' lang='lat' dir='ltr'><strong>ar-</strong></span> 
     </span>
    </p>
   </div>
   <div class='ocr_carea' id='block_1_99' title="bbox 2430 4065 4021 4140">
    <p class='ocr_par' dir='ltr' id='par_1_99' title="bbox 2430 4065 4021 4140">
     <span class='ocr_line' id='line_1_99' title="bbox 2430 4065 4021 4140; baseline -0.01 -12"><span class='ocrx_word' id='word_1_760' title='bbox 2430 4083 2598 4128; x_wconf 88' lang='lat' dir='ltr'><strong>menta</strong></span> <span class='ocrx_word' id='word_1_761' title='bbox 2626 4072 2794 4133; x_wconf 86' lang='lat' dir='ltr'><strong>boum,</strong></span> <span class='ocrx_word' id='word_1_762' title='bbox 2818 4071 3053 4140; x_wconf 88' lang='lat' dir='ltr'><strong>quoniam</strong></span> <span class='ocrx_word' id='word_1_763' title='bbox 3072 4084 3171 4122; x_wconf 91' lang='lat' dir='ltr'><strong>non</strong></span> <span class='ocrx_word' id='word_1_764' title='bbox 3197 4076 3338 4120; x_wconf 79' lang='lat' dir='ltr'><strong>erant</strong></span> <span class='ocrx_word' id='word_1_765' title='bbox 3356 4083 3544 4136; x_wconf 87' lang='lat' dir='ltr'><strong>pascua</strong></span> <span class='ocrx_word' id='word_1_766' title='bbox 3563 4082 3580 4119; x_wconf 90' lang='lat'><strong>:</strong></span> <span class='ocrx_word' id='word_1_767' title='bbox 3597 4065 3768 4118; x_wconf 86' lang='lat' dir='ltr'><strong>omnia</strong></span> <span class='ocrx_word' id='word_1_768' title='bbox 3786 4065 4021 4133; x_wconf 88' lang='lat' dir='ltr'><strong>jumenta</strong></span> 
     </span>
    </p>
   </div>
   <div class='ocr_carea' id='block_1_100' title="bbox 2431 4154 4015 4233">
    <p class='ocr_par' dir='ltr' id='par_1_100' title="bbox 2431 4154 4015 4233">
     <span class='ocr_line' id='line_1_100' title="bbox 2431 4154 4015 4233; baseline -0.009 -13"><span class='ocrx_word' id='word_1_769' title='bbox 2431 4177 2578 4220; x_wconf 70' lang='lat' dir='ltr'><strong>terra:</strong></span> <span class='ocrx_word' id='word_1_770' title='bbox 2603 4171 2926 4233; x_wconf 71' lang='lat' dir='ltr'><strong>respexerunt</strong></span> <span class='ocrx_word' id='word_1_771' title='bbox 2972 4163 3038 4214; x_wconf 85' lang='lat' dir='ltr'><strong>ad</strong></span> <span class='ocrx_word' id='word_1_772' title='bbox 3081 4171 3154 4223; x_wconf 86' lang='lat' dir='ltr'><strong>te,</strong></span> <span class='ocrx_word' id='word_1_773' title='bbox 3182 4161 3418 4230; x_wconf 84' lang='lat' dir='ltr'><strong>quoniam</strong></span> <span class='ocrx_word' id='word_1_774' title='bbox 3447 4160 3708 4213; x_wconf 74' lang='lat' dir='ltr'><strong>exsiccata:</strong></span> <span class='ocrx_word' id='word_1_775' title='bbox 3728 4165 3848 4210; x_wconf 85' lang='lat' dir='ltr'><strong>sunt</strong></span> <span class='ocrx_word' id='word_1_776' title='bbox 3874 4154 4015 4208; x_wconf 65' lang='lat' dir='ltr'><strong>emis.</strong></span> 
     </span>
    </p>
   </div>
   <div class='ocr_carea' id='block_1_101' title="bbox 2432 4249 4020 4327">
    <p class='ocr_par' dir='ltr' id='par_1_101' title="bbox 2432 4249 4020 4327">
     <span class='ocr_line' id='line_1_101' title="bbox 2432 4249 4020 4327; baseline -0.01 -13"><span class='ocrx_word' id='word_1_777' title='bbox 2432 4261 2596 4314; x_wconf 84' lang='lat' dir='ltr'><strong>siones</strong></span> <span class='ocrx_word' id='word_1_778' title='bbox 2625 4272 2870 4327; x_wconf 82' lang='lat' dir='ltr'><strong>aquarum</strong></span> <span class='ocrx_word' id='word_1_779' title='bbox 2899 4254 3056 4324; x_wconf 81' lang='lat' dir='ltr'><strong>(Jact.</strong></span> <span class='ocrx_word' id='word_1_780' title='bbox 3095 4254 3146 4307; x_wconf 82' lang='lat' dir='ltr'><strong>l.</strong></span> <span class='ocrx_word' id='word_1_781' title='bbox 3177 4252 3300 4324; x_wconf 82' lang='lat' dir='ltr'><strong>l7);</strong></span> <span class='ocrx_word' id='word_1_782' title='bbox 3331 4253 3468 4307; x_wconf 82' lang='lat' dir='ltr'><strong>alter</strong></span> <span class='ocrx_word' id='word_1_783' title='bbox 3508 4267 3574 4305; x_wconf 83' lang='lat' dir='ltr'><strong>ex</strong></span> <span class='ocrx_word' id='word_1_784' title='bbox 3615 4249 3854 4304; x_wconf 90' lang='lat' dir='ltr'><strong>siccitate</strong></span> <span class='ocrx_word' id='word_1_785' title='bbox 3897 4255 4020 4299; x_wconf 87' lang='lat' dir='ltr'><strong>nata</strong></span> 
     </span>
    </p>
   </div>
   <div class='ocr_carea' id='block_1_102' title="bbox 2433 4339 4021 4420">
    <p class='ocr_par' dir='ltr' id='par_1_102' title="bbox 2433 4339 4021 4420">
     <span class='ocr_line' id='line_1_102' title="bbox 2433 4339 4021 4420; baseline -0.01 -14"><span class='ocrx_word' id='word_1_786' title='bbox 2433 4353 2569 4406; x_wconf 90' lang='lat' dir='ltr'><strong>mala</strong></span> <span class='ocrx_word' id='word_1_787' title='bbox 2602 4351 2824 4420; x_wconf 90' lang='lat' dir='ltr'><strong>lugens,</strong></span> <span class='ocrx_word' id='word_1_788' title='bbox 2855 4361 3066 4403; x_wconf 88' lang='lat' dir='ltr'><strong>rursum</strong></span> <span class='ocrx_word' id='word_1_789' title='bbox 3111 4345 3188 4400; x_wconf 89' lang='lat' dir='ltr'><strong>sic</strong></span> <span class='ocrx_word' id='word_1_790' title='bbox 3232 4345 3338 4399; x_wconf 76' lang='lat' dir='ltr'><strong>fere</strong></span> <span class='ocrx_word' id='word_1_791' title='bbox 3383 4343 3551 4400; x_wconf 90' lang='lat' dir='ltr'><strong>dicit:</strong></span> <span class='ocrx_word' id='word_1_792' title='bbox 3587 4341 3758 4397; x_wconf 81' lang='lat' dir='ltr'><strong>Cerva:</strong></span> <span class='ocrx_word' id='word_1_793' title='bbox 3797 4339 3851 4392; x_wconf 88' lang='lat' dir='ltr'><strong>in</strong></span> <span class='ocrx_word' id='word_1_794' title='bbox 3896 4353 4021 4406; x_wconf 86' lang='lat' dir='ltr'><strong>agro</strong></span> 
     </span>
    </p>
   </div>
   <div class='ocr_carea' id='block_1_103' title="bbox 2435 4429 4021 4520">
    <p class='ocr_par' dir='ltr' id='par_1_103' title="bbox 2435 4429 4021 4520">
     <span class='ocr_line' id='line_1_103' title="bbox 2435 4429 4021 4520; baseline -0.014 -17"><span class='ocrx_word' id='word_1_795' title='bbox 2435 4455 2734 4520; x_wconf 87' lang='lat' dir='ltr'><strong>pepererunt</strong></span> <span class='ocrx_word' id='word_1_796' title='bbox 2771 4455 2818 4498; x_wconf 91' lang='lat' dir='ltr'><strong>et</strong></span> <span class='ocrx_word' id='word_1_797' title='bbox 2854 4442 3224 4512; x_wconf 83' lang='lat' dir='ltr'><strong>dereliquerunt</strong></span> <span class='ocrx_word' id='word_1_798' title='bbox 3250 4480 3265 4506; x_wconf 91' lang='lat'><strong>,</strong></span> <span class='ocrx_word' id='word_1_799' title='bbox 3297 4438 3536 4509; x_wconf 85' lang='lat' dir='ltr'><strong>quoniam</strong></span> <span class='ocrx_word' id='word_1_800' title='bbox 3569 4453 3670 4490; x_wconf 84' lang='lat' dir='ltr'><strong>non</strong></span> <span class='ocrx_word' id='word_1_801' title='bbox 3713 4443 3818 4488; x_wconf 89' lang='lat' dir='ltr'><strong>erat</strong></span> <span class='ocrx_word' id='word_1_802' title='bbox 3837 4429 4021 4520; x_wconf 79' lang='lat' dir='ltr'><strong>herba;</strong></span> 
     </span>
    </p>
   </div>
   <div class='ocr_carea' id='block_1_104' title="bbox 2447 4517 4010 4600">
    <p class='ocr_par' dir='ltr' id='par_1_104' title="bbox 2447 4517 4010 4600">
     <span class='ocr_line' id='line_1_104' title="bbox 2447 4517 4010 4600; baseline -0.013 -13"><span class='ocrx_word' id='word_1_803' title='bbox 2447 4517 2631 4600; x_wconf 82' lang='lat' dir='ltr'><strong>onagri</strong></span> <span class='ocrx_word' id='word_1_804' title='bbox 2652 4533 2699 4584; x_wconf 90' lang='lat' dir='ltr'><strong>in</strong></span> <span class='ocrx_word' id='word_1_805' title='bbox 2721 4530 2945 4582; x_wconf 81' lang='lat' dir='ltr'><strong>saltibus</strong></span> <span class='ocrx_word' id='word_1_806' title='bbox 2962 4527 3325 4588; x_wconf 83' lang='lat' dir='ltr'><strong>substiterunt,</strong></span> <span class='ocrx_word' id='word_1_807' title='bbox 3347 4531 3679 4581; x_wconf 75' lang='lat' dir='ltr'><strong>attraxerant</strong></span> <span class='ocrx_word' id='word_1_808' title='bbox 3705 4529 3913 4574; x_wconf 87' lang='lat' dir='ltr'><strong>ventum</strong></span> <span class='ocrx_word' id='word_1_809' title='bbox 3934 4517 4010 4569; x_wconf 84' lang='lat' dir='ltr'><strong>si-</strong></span> 
     </span>
    </p>
   </div>
   <div class='ocr_carea' id='block_1_105' title="bbox 2450 4614 4011 4691">
    <p class='ocr_par' dir='ltr' id='par_1_105' title="bbox 2450 4614 4011 4691">
     <span class='ocr_line' id='line_1_105' title="bbox 2450 4614 4011 4691; baseline -0.006 -15"><span class='ocrx_word' id='word_1_810' title='bbox 2450 4635 2539 4678; x_wconf 86' lang='lat' dir='ltr'><strong>cut</strong></span> <span class='ocrx_word' id='word_1_811' title='bbox 2560 4625 2741 4676; x_wconf 84' lang='lat' dir='ltr'><strong>draco:</strong></span> <span class='ocrx_word' id='word_1_812' title='bbox 2761 4620 3058 4691; x_wconf 76' lang='lat' dir='ltr'><strong>defecerunt</strong></span> <span class='ocrx_word' id='word_1_813' title='bbox 3077 4622 3310 4690; x_wconf 87' lang='lat' dir='ltr'><strong>ipsorum</strong></span> <span class='ocrx_word' id='word_1_814' title='bbox 3327 4616 3484 4680; x_wconf 88' lang='lat' dir='ltr'><strong>oculi,</strong></span> <span class='ocrx_word' id='word_1_815' title='bbox 3503 4614 3754 4685; x_wconf 85' lang='lat' dir='ltr'><strong>quoniam</strong></span> <span class='ocrx_word' id='word_1_816' title='bbox 3774 4629 3876 4666; x_wconf 90' lang='lat' dir='ltr'><strong>non</strong></span> <span class='ocrx_word' id='word_1_817' title='bbox 3895 4622 4011 4668; x_wconf 80' lang='lat' dir='ltr'><strong>erat</strong></span> 
     </span>
    </p>
   </div>
   <div class='ocr_carea' id='block_1_106' title="bbox 2451 4705 4015 4784">
    <p class='ocr_par' dir='ltr' id='par_1_106' title="bbox 2451 4705 4015 4784">
     <span class='ocr_line' id='line_1_106' title="bbox 2451 4705 4015 4784; baseline -0.008 -16"><span class='ocrx_word' id='word_1_818' title='bbox 2451 4712 2894 4784; x_wconf 72' lang='lat' dir='ltr'><strong>[aznunt(1er.M.</strong></span> <span class='ocrx_word' id='word_1_819' title='bbox 2923 4712 2998 4780; x_wconf 80' lang='lat'><strong>5).</strong></span> <span class='ocrx_word' id='word_1_820' title='bbox 3024 4711 3310 4780; x_wconf 79' lang='lat' dir='ltr'><strong>Propterea</strong></span> <span class='ocrx_word' id='word_1_821' title='bbox 3337 4721 3390 4764; x_wconf 88' lang='lat' dir='ltr'><strong>et</strong></span> <span class='ocrx_word' id='word_1_822' title='bbox 3414 4711 3574 4764; x_wconf 86' lang='lat' dir='ltr'><strong>hodie</strong></span> <span class='ocrx_word' id='word_1_823' title='bbox 3601 4707 3720 4761; x_wconf 81' lang='lat' dir='ltr'><strong>Joel</strong></span> <span class='ocrx_word' id='word_1_824' title='bbox 3743 4705 4015 4760; x_wconf 88' lang='lat' dir='ltr'><strong>dicentem</strong></span> 
     </span>
    </p>
   </div>
   <div class='ocr_carea' id='block_1_107' title="bbox 2451 4799 4021 4874">
    <p class='ocr_par' dir='ltr' id='par_1_107' title="bbox 2451 4799 4021 4874">
     <span class='ocr_line' id='line_1_107' title="bbox 2451 4799 4021 4874; baseline -0.01 -14"><span class='ocrx_word' id='word_1_825' title='bbox 2451 4805 2701 4860; x_wconf 78' lang='lat' dir='ltr'><strong>audistis:</strong></span> <span class='ocrx_word' id='word_1_826' title='bbox 2725 4803 3044 4874; x_wconf 86' lang='lat' dir='ltr'><strong>Egrediatur</strong></span> <span class='ocrx_word' id='word_1_827' title='bbox 3064 4817 3284 4870; x_wconf 80' lang='lat' dir='ltr'><strong>sponsus</strong></span> <span class='ocrx_word' id='word_1_828' title='bbox 3305 4816 3332 4853; x_wconf 91' lang='lat' dir='ltr'><strong>e</strong></span> <span class='ocrx_word' id='word_1_829' title='bbox 3355 4799 3775 4860; x_wconf 82' lang='lat' dir='ltr'><strong>cubiculosuo,et</strong></span> <span class='ocrx_word' id='word_1_830' title='bbox 3791 4809 4021 4864; x_wconf 82' lang='lat' dir='ltr'><strong>sponsae</strong></span> 
     </span>
    </p>
   </div>
   <div class='ocr_carea' id='block_1_108' title="bbox 2452 4881 4020 4960">
    <p class='ocr_par' dir='ltr' id='par_1_108' title="bbox 2452 4881 4020 4960">
     <span class='ocr_line' id='line_1_108' title="bbox 2452 4881 4020 4960; baseline -0.009 -13"><span class='ocrx_word' id='word_1_831' title='bbox 2452 4894 2687 4949; x_wconf 83' lang='lat' dir='ltr'><strong>thalamo</strong></span> <span class='ocrx_word' id='word_1_832' title='bbox 2699 4900 3127 4960; x_wconf 85' lang='lat' dir='ltr'><strong>suo,cangregate</strong></span> <span class='ocrx_word' id='word_1_833' title='bbox 3145 4888 3372 4956; x_wconf 77' lang='lat' dir='ltr'><strong>infantes</strong></span> <span class='ocrx_word' id='word_1_834' title='bbox 3389 4897 3625 4956; x_wconf 77' lang='lat' dir='ltr'><strong>sugentes</strong></span> <span class='ocrx_word' id='word_1_835' title='bbox 3639 4887 3798 4939; x_wconf 83' lang='lat' dir='ltr'><strong>ubera</strong></span> <span class='ocrx_word' id='word_1_836' title='bbox 3815 4881 3953 4951; x_wconf 77' lang='lat' dir='ltr'><strong>(Jac!</strong></span> <span class='ocrx_word' id='word_1_837' title='bbox 3967 4881 4020 4934; x_wconf 73' lang='lat'><strong>2.</strong></span> 
     </span>
    </p>
   </div>
   <div class='ocr_carea' id='block_1_109' title="bbox 2453 4975 4027 5056">
    <p class='ocr_par' dir='ltr' id='par_1_109' title="bbox 2453 4975 4027 5056">
     <span class='ocr_line' id='line_1_109' title="bbox 2453 4975 4027 5056; baseline -0.011 -14"><span class='ocrx_word' id='word_1_838' title='bbox 2453 4985 2765 5056; x_wconf 70' lang='lat' dir='ltr'><strong>16),Quade</strong></span> <span class='ocrx_word' id='word_1_839' title='bbox 2779 4981 3575 5048; x_wconf 88' lang='lat' dir='ltr'><strong>causa,dicmihi,immaturam</strong></span> <span class='ocrx_word' id='word_1_840' title='bbox 3591 4987 3798 5032; x_wconf 65' lang='lat' dir='ltr'><strong>annalem</strong></span> <span class='ocrx_word' id='word_1_841' title='bbox 3817 4975 3880 5028; x_wconf 92' lang='lat' dir='ltr'><strong>ad</strong></span> <span class='ocrx_word' id='word_1_842' title='bbox 3896 4988 4027 5040; x_wconf 86' lang='lat' dir='ltr'><strong>sup-</strong></span> 
     </span>
    </p>
   </div>
   <div class='ocr_carea' id='block_1_110' title="bbox 2433 5060 4028 5163">
    <p class='ocr_par' dir='ltr' id='par_1_110' title="bbox 2433 5060 4028 5163">
     <span class='ocr_line' id='line_1_110' title="bbox 2433 5060 4028 5163; baseline -0.027 -17"><span class='ocrx_word' id='word_1_843' title='bbox 2433 5087 2778 5163; x_wconf 90' lang='lat' dir='ltr'><strong>plicationem</strong></span> <span class='ocrx_word' id='word_1_844' title='bbox 2805 5077 2992 5134; x_wconf 85' lang='lat' dir='ltr'><strong>vocat?</strong></span> <span class='ocrx_word' id='word_1_845' title='bbox 3015 5075 3204 5130; x_wconf 87' lang='lat' dir='ltr'><strong>Nonne</strong></span> <span class='ocrx_word' id='word_1_846' title='bbox 3235 5077 3439 5124; x_wconf 89' lang='lat' dir='ltr'><strong>certum</strong></span> <span class='ocrx_word' id='word_1_847' title='bbox 3468 5073 3550 5119; x_wconf 91' lang='lat' dir='ltr'><strong>est</strong></span> <span class='ocrx_word' id='word_1_848' title='bbox 3588 5060 3727 5132; x_wconf 74' lang='lat' dir='ltr'><strong>quod</strong></span> <span class='ocrx_word' id='word_1_849' title='bbox 3756 5061 3772 5090; x_wconf 77' lang='grc' dir='ltr'>ί</span> <span class='ocrx_word' id='word_1_850' title='bbox 3806 5062 4028 5156; x_wconf 73' lang='lat' dir='ltr'><strong>propter</strong></span> 
     </span>
    </p>
   </div>
   <div class='ocr_carea' id='block_1_111' title="bbox 2435 5155 4027 5247">
    <p class='ocr_par' dir='ltr' id='par_1_111' title="bbox 2435 5155 4027 5247">
     <span class='ocr_line' id='line_1_111' title="bbox 2435 5155 4027 5247; baseline -0.027 -8"><span class='ocrx_word' id='word_1_851' title='bbox 2435 5155 2685 5240; x_wconf 76' lang='lat' dir='ltr'><strong>eamdem</strong></span> <span class='ocrx_word' id='word_1_852' title='bbox 2729 5176 2898 5244; x_wconf 84' lang='lat' dir='ltr'><strong>ipsam</strong></span> <span class='ocrx_word' id='word_1_853' title='bbox 2942 5165 3194 5225; x_wconf 86' lang='lat' dir='ltr'><strong>causam?</strong></span> <span class='ocrx_word' id='word_1_854' title='bbox 3223 5160 3482 5231; x_wconf 90' lang='lat' dir='ltr'><strong>Quoniam</strong></span> <span class='ocrx_word' id='word_1_855' title='bbox 3526 5155 3667 5210; x_wconf 82' lang='lat' dir='ltr'><strong>enim</strong></span> <span class='ocrx_word' id='word_1_856' title='bbox 3711 5155 4027 5247; x_wconf 42' lang='lat' dir='ltr'><strong>omnes-vin</strong></span> 
     </span>
    </p>
   </div>
   <div class='ocr_carea' id='block_1_112' title="bbox 2437 5237 4028 5342">
    <p class='ocr_par' dir='ltr' id='par_1_112' title="bbox 2437 5237 4028 5342">
     <span class='ocr_line' id='line_1_112' title="bbox 2437 5237 4028 5342; baseline -0.028 -9"><span class='ocrx_word' id='word_1_857' title='bbox 2437 5237 2594 5333; x_wconf 57' lang='lat' dir='ltr'><strong>aetate</strong></span> <span class='ocrx_word' id='word_1_858' title='bbox 2623 5237 2841 5342; x_wconf 79' lang='lat' dir='ltr'><strong>perfecti</strong></span> <span class='ocrx_word' id='word_1_859' title='bbox 2865 5261 3316 5320; x_wconf 78' lang='lat' dir='ltr'><strong>exacerbaverunt</strong></span> <span class='ocrx_word' id='word_1_860' title='bbox 3333 5253 3521 5310; x_wconf 87' lang='lat' dir='ltr'><strong>Deum,</strong></span> <span class='ocrx_word' id='word_1_861' title='bbox 3537 5259 3590 5301; x_wconf 88' lang='lat' dir='ltr'><strong>et</strong></span> <span class='ocrx_word' id='word_1_862' title='bbox 3615 5243 3679 5299; x_wconf 88' lang='lat' dir='ltr'><strong>ad</strong></span> <span class='ocrx_word' id='word_1_863' title='bbox 3704 5237 4028 5342; x_wconf 67' lang='lat' dir='ltr'><strong>iracundiam</strong></span> 
     </span>
    </p>
   </div>
   <div class='ocr_carea' id='block_1_113' title="bbox 2437 5333 4030 5428">
    <p class='ocr_par' dir='ltr' id='par_1_113' title="bbox 2437 5333 4030 5428">
     <span class='ocr_line' id='line_1_113' title="bbox 2437 5333 4030 5428; baseline -0.032 -2"><span class='ocrx_word' id='word_1_864' title='bbox 2437 5333 2860 5426; x_wconf 74' lang='lat' dir='ltr'><strong>concitaverunt,</strong></span> <span class='ocrx_word' id='word_1_865' title='bbox 2887 5355 3058 5419; x_wconf 65' lang='lat' dir='ltr'><strong>Etas,</strong></span> <span class='ocrx_word' id='word_1_866' title='bbox 3084 5349 3274 5420; x_wconf 90' lang='lat' dir='ltr'><strong>inquit,</strong></span> <span class='ocrx_word' id='word_1_867' title='bbox 3307 5352 3642 5414; x_wconf 86' lang='lat' dir='ltr'><strong>peccatorum</strong></span> <span class='ocrx_word' id='word_1_868' title='bbox 3668 5347 3862 5404; x_wconf 77' lang='lat' dir='ltr'><strong>expers</strong></span> <span class='ocrx_word' id='word_1_869' title='bbox 3893 5333 4030 5428; x_wconf 70' lang='lat' dir='ltr'><strong>irato</strong></span> 
     </span>
    </p>
   </div>
   <div class='ocr_carea' id='block_1_114' title="bbox 2439 5425 4029 5532">
    <p class='ocr_par' dir='ltr' id='par_1_114' title="bbox 2439 5425 4029 5532">
     <span class='ocr_line' id='line_1_114' title="bbox 2439 5425 4029 5532; baseline -0.03 -15"><span class='ocrx_word' id='word_1_870' title='bbox 2439 5459 2722 5532; x_wconf 90' lang='lat' dir='ltr'><strong>supplicet.</strong></span> <span class='ocrx_word' id='word_1_871' title='bbox 2752 5451 2858 5509; x_wconf 88' lang='lat' dir='ltr'><strong>Sed</strong></span> <span class='ocrx_word' id='word_1_872' title='bbox 2885 5445 3221 5507; x_wconf 89' lang='lat' dir='ltr'><strong>utdiceham,</strong></span> <span class='ocrx_word' id='word_1_873' title='bbox 3248 5437 3523 5532; x_wconf 81' lang='lat' dir='ltr'><strong>videamus</strong></span> <span class='ocrx_word' id='word_1_874' title='bbox 3543 5430 3668 5503; x_wconf 90' lang='lat' dir='ltr'><strong>quid</strong></span> <span class='ocrx_word' id='word_1_875' title='bbox 3693 5425 4029 5532; x_wconf 75' lang='lat' dir='ltr'><strong>tandem</strong></span> 
     </span>
    </p>
   </div>
   <div class='ocr_carea' id='block_1_115' title="bbox 2440 5517 4027 5626">
    <p class='ocr_par' dir='ltr' id='par_1_115' title="bbox 2440 5517 4027 5626">
     <span class='ocr_line' id='line_1_115' title="bbox 2440 5517 4027 5626; baseline -0.032 -16"><span class='ocrx_word' id='word_1_876' title='bbox 2440 5517 2579 5626; x_wconf 59' lang='lat' dir='ltr'><strong>quod</strong></span> <span class='ocrx_word' id='word_1_877' title='bbox 2611 5545 2968 5606; x_wconf 86' lang='lat' dir='ltr'><strong>inevitabilem</strong></span> <span class='ocrx_word' id='word_1_878' title='bbox 2997 5540 3140 5594; x_wconf 85' lang='lat' dir='ltr'><strong>illam</strong></span> <span class='ocrx_word' id='word_1_879' title='bbox 3173 5535 3304 5590; x_wconf 89' lang='lat' dir='ltr'><strong>iram</strong></span> <span class='ocrx_word' id='word_1_880' title='bbox 3330 5529 3546 5585; x_wconf 85' lang='lat' dir='ltr'><strong>solverit</strong></span> <span class='ocrx_word' id='word_1_881' title='bbox 3577 5545 3590 5581; x_wconf 88' lang='lat'><strong>:</strong></span> <span class='ocrx_word' id='word_1_882' title='bbox 3619 5540 3743 5626; x_wconf 75' lang='lat' dir='ltr'><strong>num</strong></span> <span class='ocrx_word' id='word_1_883' title='bbox 3769 5517 4027 5626; x_wconf 63' lang='lat' dir='ltr'><strong>jejupium</strong></span> 
     </span>
    </p>
   </div>
   <div class='ocr_carea' id='block_1_116' title="bbox 2442 5611 4039 5700">
    <p class='ocr_par' dir='ltr' id='par_1_116' title="bbox 2442 5611 4039 5700">
     <span class='ocr_line' id='line_1_116' title="bbox 2442 5611 4039 5700; baseline -0.017 -20"><span class='ocrx_word' id='word_1_884' title='bbox 2442 5611 2612 5700; x_wconf 66' lang='grc' dir='ltr'><strong>έοιυηι</strong></span> <span class='ocrx_word' id='word_1_885' title='bbox 2641 5652 2693 5698; x_wconf 68' lang='grc' dir='ltr'><strong>ει</strong></span> <span class='ocrx_word' id='word_1_886' title='bbox 2717 5635 2940 5696; x_wconf 66' lang='lat' dir='ltr'><strong>saccus?</strong></span> <span class='ocrx_word' id='word_1_887' title='bbox 2957 5631 3325 5699; x_wconf 78' lang='lat' dir='ltr'><strong>Nequaquam,</strong></span> <span class='ocrx_word' id='word_1_888' title='bbox 3345 5621 3437 5677; x_wconf 87' lang='lat' dir='ltr'><strong>sed</strong></span> <span class='ocrx_word' id='word_1_889' title='bbox 3469 5619 3626 5674; x_wconf 80' lang='lat' dir='ltr'><strong>totius</strong></span> <span class='ocrx_word' id='word_1_890' title='bbox 3643 5615 3763 5668; x_wconf 78' lang='lat' dir='ltr'><strong>vita:</strong></span> <span class='ocrx_word' id='word_1_891' title='bbox 3787 5611 4011 5700; x_wconf 42' lang='lat' dir='ltr'><strong>muta-tto</strong></span> <span class='ocrx_word' id='word_1_892' title='bbox 4027 5631 4039 5643; x_wconf 88' lang='lat'><strong>-</strong></span> 
     </span>
    </p>
   </div>
   <div class='ocr_carea' id='block_1_117' title="bbox 2442 5692 4036 5798">
    <p class='ocr_par' dir='ltr' id='par_1_117' title="bbox 2442 5692 4036 5798">
     <span class='ocr_line' id='line_1_117' title="bbox 2442 5692 4036 5798; baseline -0.035 -2"><span class='ocrx_word' id='word_1_893' title='bbox 2770 5692 3112 5784; x_wconf 79' lang='lat' dir='ltr'><strong>manifestum</strong></span> <span class='ocrx_word' id='word_1_894' title='bbox 3132 5692 3264 5774; x_wconf 36' lang='lat' dir='ltr'><strong>?&#39;Ab</strong></span> <span class='ocrx_word' id='word_1_895' title='bbox 3306 5714 3432 5786; x_wconf 85' lang='lat' dir='ltr'><strong>ipsis</strong></span> <span class='ocrx_word' id='word_1_896' title='bbox 3473 5703 3798 5783; x_wconf 87' lang='lat' dir='ltr'><strong>propheticis</strong></span> <span class='ocrx_word' id='word_1_897' title='bbox 3833 5692 4036 5750; x_wconf 80' lang='lat' dir='ltr'><strong>verbis.</strong></span> 
     </span>
    </p>
   </div>
   <div class='ocr_carea' id='block_1_118' title="bbox 2512 5835 3908 5927">
    <p class='ocr_par' dir='ltr' id='par_1_118' title="bbox 2512 5835 3908 5927">
     <span class='ocr_line' id='line_1_118' title="bbox 2512 5835 3908 5927; baseline -0.032 2"><span class='ocrx_word' id='word_1_898' title='bbox 2512 5881 2525 5911; x_wconf 78' lang='grc' dir='ltr'>ί</span> <span class='ocrx_word' id='word_1_899' title='bbox 2564 5885 2704 5927; x_wconf 81' lang='lat' dir='ltr'><strong>Juxta</strong></span> <span class='ocrx_word' id='word_1_900' title='bbox 2723 5868 2945 5922; x_wconf 57' lang='lat' dir='ltr'><strong>Sardium</strong></span> <span class='ocrx_word' id='word_1_901' title='bbox 2962 5863 3226 5915; x_wconf 84' lang='lat' dir='ltr'><strong>addidimus</strong></span> <span class='ocrx_word' id='word_1_902' title='bbox 3251 5873 3262 5909; x_wconf 88' lang='lat'><strong>:</strong></span> <span class='ocrx_word' id='word_1_903' title='bbox 3287 5867 3443 5910; x_wconf 65' lang='lat' dir='ltr'><strong>Nonne</strong></span> <span class='ocrx_word' id='word_1_904' title='bbox 3461 5866 3530 5904; x_wconf 73' lang='grc' dir='ltr'><strong>(ετ</strong></span> <span class='ocrx_word' id='word_1_905' title='bbox 3544 5856 3646 5900; x_wconf 86' lang='lat' dir='ltr'><strong>tum</strong></span> <span class='ocrx_word' id='word_1_906' title='bbox 3669 5849 3737 5894; x_wconf 82' lang='lat' dir='ltr'><strong>cst</strong></span> <span class='ocrx_word' id='word_1_907' title='bbox 3761 5835 3908 5902; x_wconf 66' lang='lat' dir='ltr'><strong>qaut.</strong></span> 
     </span>
    </p>
   </div>
  </div>
