4458 6674
784 429 857 487 δῖ
1565 430 1625 485 S.
1663 427 1949 485 JOANNIS
1987 427 2483 488 CHRYSOSTOMI
2522 426 2849 486 ARCHIEP.
2886 426 3442 493 CONSTANTINOP.
4169 435 4247 493 ιι

782 540 892 599 Kal
930 536 1053 595 εἶδε
1095 542 1169 597 τὰ
1196 542 1341 614 ἔργα
1368 542 1569 598 αὐτῶν
1589 546 1623 597 ό
1651 544 1813 608 Θεός.
1834 543 2013 613 Ἔργα
2038 548 2199 611 ποίας
2228 547 2308 599 ὅτι
2335 546 2459 615 ἐνή-

783 644 1048 695 στευσαν;
1070 630 1149 684 δτι
1176 632 1380 685 σάκκον
1412 630 1829 702 περιεϐάλοντος
1883 631 2050 683 υύδέν
2079 632 2304 696 τούτων,
2322 630 2459 685 ἀλλά

776 717 960 770 πάντα
1030 719 1204 773 ταῦτα
1249 722 1481 789 σιγήσας
1533 719 1846 789 ἐπήγαγεν·
1898 720 2019 773 Ὅτι
2075 720 2459 787 ἀπέστρεψεν

773 802 1036 873 ἕκαστος
1066 807 1188 861 ἀπὸ
1226 806 1345 861 τῶν
1391 806 1546 860 ὁδῶν
1596 806 1787 861 αὑτοῦ
1832 805 1953 861 τῶν
1999 807 2311 875 πονηρῶν,
2359 807 2457 860 καί

772 896 1144 963 μετενόησεν
1168 896 1266 949 ἐπὶ
1297 894 1375 964 τῇ
1404 896 1582 963 κακίᾳ
1608 891 1649 967 ᾖ
1674 896 1944 965 ἐλάλησε
1972 897 2221 965 ποιῆσαι
2256 893 2461 961 αὐτοῖς

774 980 809 1031 ὀ
841 982 1075 1047 Κύριος.
1112 982 1273 1053 Ὁρᾷς
1300 983 1382 1035 ὅτι
1412 984 1511 1053 οὐχ
1538 985 1573 1056 ή
1600 984 1827 1054 νηστεία
1858 984 2133 1055 ἐξήρπασε
2161 983 2257 1036 τοῦ
2276 981 2443 1034 κινδύι

773 1079 891 1126 νου,
916 1066 1028 1119 ἀλλ’
1054 1069 1087 1137 ἡ
1122 1068 1395 1142 μεταϐολὴ
1427 1070 1521 1123 τοῦ
1553 1071 1672 1140 βίου
1701 1074 1793 1125 τὸν
1813 1073 1943 1125 Θεὸν
1970 1072 2301 1142 κατέστησεν
2332 1068 2460 1123 ῖλεω

771 1152 891 1214 τοῖς
920 1153 1219 1225 βαρϐάροις
1247 1157 1342 1209 καὶ
1370 1158 1575 1229 εὐμενῆ
1599 1175 1613 1223 ;

844 1238 1033 1294 Ταῦτα
1066 1239 1240 1299 εἶπον.
1276 1245 1373 1312 οὐχ
1403 1245 1488 1297 ίνα
1517 1246 1772 1316 νηστείαν
1812 1245 2193 1316 ἀτιμάζωμεν,
2228 1244 2343 1299 ἀλλ’
2373 1245 2460 1299 ἵνα

772 1326 1025 1399 νηστείαν
1052 1328 1197 1400 τιμῶ
1208 1346 1307 1400 μεν
1324 1347 1339 1362 ·
1363 1331 1500 1403 τιμὴ
1522 1331 1631 1404 γάρ
1654 1334 1932 1404 νηστείας,
1972 1333 2091 1404 οὐχὶ
2114 1332 2302 1387 σιτίων
2330 1333 2462 1387 ἀπο-

773 1413 867 1484 χὴ,
890 1413 1006 1466 ἀλλ’
1028 1415 1443 1486 ἁμαρτημάτων
1462 1418 1835 1492 ἀναχώρησις,
1859 1420 1935 1483 ώς
1958 1420 1986 1473 ὃ
2006 1436 2070 1487 γε
2095 1422 2161 1490 τῇ
2183 1418 2292 1472 τῶν
2318 1418 2460 1490 βρω-

775 1500 964 1570 μάτων
992 1503 1173 1573 ἀποχῇ
1218 1503 1378 1573 μόνον
1408 1506 1609 1577 ὁρίζων
1636 1508 1735 1579 τὴν
1763 1508 2043 1579 νηστείαν,
2070 1501 2227 1571 οὗτός
2254 1509 2402 1559 ἐστιν
2427 1507 2457 1559 6

775 1588 1013 1657 μάλιστα
1038 1591 1325 1661 ἀτιμάζων
1350 1594 1543 1661 αὐτήν.
1567 1595 1899 1666 Νηστεύεις;
1925 1594 2097 1660 δεῖξόν
2118 1612 2209 1665 μοι
2231 1594 2319 1648 διά
2346 1592 2455 1647 τῶν

770 1673 951 1743 ἔργων
978 1677 1183 1731 αὐτῶν.
1216 1678 1390 1731 Ποίων
1420 1680 1615 1751 ἔργων,
1653 1683 1855 1751 φησίν;
1897 1683 2022 1735 Ἐάν
2064 1682 2180 1755 ίδῃς
2220 1679 2450 1748 πένητα.

770 1760 1029 1833 ἐλέησον·
1092 1765 1188 1818 ἐάν
1255 1765 1369 1837 ίδῃς
1422 1766 1651 1838 ἐχθρὸν,
1711 1768 2088 1839 καταλλάγηθι
2120 1784 2135 1799 ·
2188 1770 2286 1823 ἐὰν
2336 1767 2452 1837 ῐδῃς

769 1847 924 1914 φίλον
971 1849 1399 1921 εὐδοκιμοῦντα,
1436 1854 1514 1924 μὴ
1558 1855 1873 1928 βασκήνης·
1915 1855 2012 1909 ἐὰν
2056 1855 2173 1927 ἴδῃς
2211 1856 2451 1924 γυναῖκα

769 1934 1062 2007 εὔμορφον,
1101 1938 1399 2011 ὑπέρϐηθι·
1422 1941 1513 2013 Μὴ
1541 1943 1652 2015 γὰρ
1686 1943 1749 2015 δὴ
1778 1944 1955 2015 στόμα
1992 1944 2304 2015 νηστευέτω
2351 1942 2450 2013 μό-

766 2039 890 2087 νον,
942 2023 1079 2077 ἀλλά
1121 2024 1219 2078 καὶ
1251 2027 1569 2098 ὀφθαλμὸς,
1619 2031 1717 2084 καί⁵
1758 2032 1933 2104 ἀκοὴ,
1976 2033 2073 2085 καὶ
2122 2030 2317 2095 πόδες,
2356 2030 2451 2083 καὶ

765 2120 945 2181 χεῖρες
960 2152 973 2175 ,
1006 2112 1101 2166 καὶ
1125 2112 1308 2168 πάντα
1329 2116 1399 2169 τὰ
1422 2117 1519 2171 τοῦ
1545 2118 1797 2189 σώματος
1820 2120 1981 2190 ἡμῶν
2004 2118 2140 2191 μέλη
2158 2133 2172 2146 ·
2195 2117 2451 2188 νηστευέ-

764 2213 947 2250 τωσαν
980 2201 1184 2271 χεῖρες,
1237 2202 1496 2275 ἁρπαγῆς
1527 2206 1620 2258 καὶ
1653 2205 1967 2273 πλεονεξίας
2016 2205 2445 2277 καθαρεύουσαι·

763 2286 1179 2353 νηστευέτωσαν
1228 2291 1423 2354 πόδες,
1473 2292 1690 2362 δρόμων
1734 2293 1846 2346 τῶν
1892 2293 1986 2346 ἐπὶ
2040 2293 2109 2347 τὰ
2155 2292 2449 2361 παράνομα

766 2371 970 2443 θέατρα
1002 2375 1367 2443 ἀφιστάμενοι
1387 2396 1400 2408 ·
1438 2380 1849 2449 νηστευέτωσαν
1880 2380 2171 2450 ὀφθαλμοὶ,
2196 2377 2447 2432 παιδευό-

768 2474 917 2529 μενοι
948 2460 1222 2531 μηδέποτε
1251 2463 1437 2532 δψεσιν
1468 2464 1766 2536 εὐμόρφοις
1796 2466 2086 2536 ἐπιπηδᾷν,
2120 2465 2258 2537 μηδὲ
2288 2464 2445 2517 άλλόο

761 2562 889 2616 τρια
912 2549 1373 2619 περιεργάζεσθαι
1404 2551 1596 2623 κάλλη.
1621 2553 1808 2623 Τροφὴ
1823 2553 1932 2625 γάρ
1958 2553 2277 2622 ὀφθαλμῶν,
2310 2551 2447 2604 θεω-

767 2632 885 2704 ρία·
920 2632 1055 2688 ἀλλά
1081 2637 1148 2689 ἂν
1179 2637 1277 2706 μὲν
1304 2638 1623 2709 παράνομος
1716 2640 1810 2693 καὶ
1844 2639 2225 2711 κεκωλυμένη,
2252 2638 2450 2709 λυμαί-

693 2736 701 2741 '
766 2734 915 2773 νεται
966 2724 1033 2792 τῇ
1085 2723 1309 2794 νηστείᾳ
1331 2735 1380 2788 ι,
1438 2726 1533 2779 καὶ
1577 2728 1759 2779 πᾶσαν
1787 2727 2085 2798 ἀνατρέπει
2115 2728 2225 2797 ’τῆς
2269 2726 2450 2795 ψυχῆς

760 2806 859 2877 τὴν
892 2808 1167 2880 σωτηρίαν
1188 2825 1202 2839 ·
1238 2811 1303 2863 ἀν
1345 2811 1403 2864 δὲ
1444 2811 1665 2883 ἔννομος
1696 2816 1789 2867 καὶ
1819 2814 2086 2886 ἀσφαλὴς,
2124 2816 2319 2884 κοσμεῖ
2349 2814 2448 2883 τὴν

763 2896 1035 2965 νηστείαν.
1062 2898 1173 2951 Καὶ
1194 2898 1302 2969 γάρ
1323 2898 1433 2952 τῶν
1448 2900 1813 2957 ἀτοπωτάτων
1838 2901 1903 2955 ἄν
1927 2902 2035 2973 εἴη,
2064 2904 2157 2955 ἐπὶ
2184 2902 2282 2971 μὲν

765 2981 951 3049 μάτων
979 2984 1075 3037 καὶ
1098 2984 1201 3054 τῆς
1236 2989 1733 3059 συγκεχωρημένης
1765 2989 2096 3057 ἀφίστασθαι
2120 2989 2326 3061 τροφῆς
2357 2988 2445 3041 διά

760 3068 860 3139 τὴν
886 3070 1167 3139 νηστείαν,
1184 3073 1279 3127 ἐπὶ
1296 3073 1353 3127 δέ
1372 3074 1483 3127 τῶν
1507 3075 1803 3146 ὀφθαλμῶν
1826 3077 2033 3146 καὶτῆς
2058 3076 2447 3147 κεκωλυμένης

762 3156 1055 3211 ἅπτεσθαι.
1091 3157 1205 3232 [42]
1233 3162 1348 3215 Ούκ
1380 3163 1580 3227 ἐσθίεις
1613 3165 1789 3236 κρέας
1830 3165 1904 3237 μὴ
1944 3166 2124 3237 φάγῃς
2153 3165 2448 3219 ἀκολασίαν

765 3243 852 3295 διά
898 3244 1008 3298 τῶν
1047 3246 1363 3319 ὀφθαλμῶν.
1402 3251 1733 3321 Νηστευέτω
1769 3255 1864 3307 καὶ
1912 3254 2081 3323 ἀκοή·
2130 3256 2352 3324 νηστεία
2388 3256 2444 3309 δὲ

763 3329 933 3399 ἀκοῆς
970 3332 1044 3403 μὴ
1092 3333 1343 3405 δέχεσθαι
1381 3339 1720 3410 κακηγορίας
1766 3342 1860 3393 καὶ
1907 3341 2196 3405 διαϐολάς·
2237 3342 2447 3411 Ἇκοὴν

764 3418 871 3488 γὰρ
900 3421 1163 3485 ματαίαν
1191 3421 1278 3491 μὴ
1314 3425 1647 3493 παραδέξῃ,
1684 3427 1841 3498 φησί.

833 3506 1161 3575 Νηστευέτω
1184 3511 1281 3563 καὶ
1315 3512 1491 3581 στόμα
1519 3514 1627 3565 ἀπὸ
1659 3514 1923 3584 ῥημάτων
1947 3516 2190 3586 αἰσχρῶν
2218 3515 2313 3570 καὶ
2340 3516 2449 3569 λοι-

758 3592 963 3666 δορίας.
987 3596 1051 3649 Τί
1071 3597 1182 3670 γὰρ
1207 3598 1400 3668 ὄφελος
1428 3602 1557 3654 ὅταν
1583 3603 1681 3673 μὲν
1709 3604 1938 3674 ὀρνίθων
1962 3606 2057 3658 καί⁸
2113 3605 2311 3676 ίχθύων
2338 3607 2447 3660 ἀπ-

761 3680 1181 3749 εχώμεθα,τοὺς
1213 3686 1270 3738 δέ
1302 3686 1567 3751 ἀδελφοὺς
1597 3689 1883 3760 δάκνωμεν
1908 3692 2002 3744 καὶ
2033 3693 2443 3764 κατεσθίωμεν;

773 3767 830 3818 ’0
863 3770 1191 3839 κακηγορῶν
1222 3771 1483 3841 ἀδελφικά
1534 3776 1667 3846 κρέα
1699 3776 1923 3845 ἔφαγεν,
1953 3779 2052 3850 τὴν
2087 3781 2267 3851 σάρκα
2292 3781 2319 3820 ιι
2349 3779 2442 3833 τοῦ

762 3853 990 3922 πλησίον
1019 3854 1196 3912 ἔδακε.
1217 3858 1317 3912 Διά
1334 3859 1493 3913 τοῦτο
1516 3863 1609 3915 καὶ
1628 3862 1837 3927 Παῦλος
1863 3865 2128 3936 ἐφόϐησεν
2155 3866 2324 3920 εἰπών
2346 3884 2358 3895 ·
2375 3870 2445 3921 El

764 3940 834 3993 δὲ
862 3942 1180 4012 ἀλλήλους
1207 3946 1459 4002 δάκνετε
1498 3951 1597 4003 καί
1638 3954 2014 4015 κατεσθίετε,
2054 3956 2320 4019 ,ϐλέπετε
2355 3955 2444 4024 μὴ

762 4029 882 4082 ὑπὸ
910 4029 1203 4099 ἀλλήλων
1222 4035 1592 4106 ἀναλωθῆτε.
1612 4040 1727 4092 Οὐκ
1750 4040 2017 4109 ἐνέπηξας
2040 4045 2106 4112 τῇ
2138 4044 2300 4113 σαρκί
2321 4044 2447 4106 τοὺς

762 4114 1004 4183 ὀδόντας,
1042 4118 1157 4172 ἀλλ’
1194 4122 1465 4193 ἐνέπηξας
1507 4128 1573 4197 τῇ
1624 4125 1770 4197 ψυχῇ
1810 4126 1909 4197 τὴν
1947 4130 2315 4201 κακηγορίαν,
2350 4130 2446 4202 τὴν

765 4203 1011 4274 πονηράν
1048 4206 1317 4279 ὑπόληψιν
1356 4210 1621 4283 ἐτρωσας,
1657 4214 1825 4285 μυρία
1870 4217 2114 4287 εἰργάσω
2154 4218 2300 4271 κακά
2354 4219 2447 4272 καὶ

764 4294 964 4347 σαυτὸν
1003 4296 1098 4350 καὶ
1140 4298 1345 4353 ἐκεῖνον
1379 4301 1473 4354 καὶ
1508 4302 1727 4373 ἐτέρους
1763 4304 2015 4369 πλείονας
2037 4322 2050 4335 ·
2088 4307 2316 4379 καὶγὰρ
2353 4308 2443 4361 τὸν

762 4381 1071 4436 ἀκούσαντα
1092 4386 1314 4456 χείρονα
1339 4390 1599 4460 είργάσω,
1627 4389 1929 4445 διαϐάλλων
1947 4394 2039 4446 τὸν
2071 4392 2316 4465 πλησίον.
2342 4397 2442 4449 "Av

761 4485 822 4521 τε
849 4469 956 4540 γὰρ
983 4469 1374 4544 ἁμαρτωλὸςῇ,
1402 4475 1644 4547 ῥᾴθυμος
1672 4488 1693 4517 ο
1725 4478 1953 4546 γίνεται,
1983 4482 2238 4535 κοινωνὸν
2267 4482 2443 4553 εὑρὼν

764 4556 866 4625 τῆς
894 4558 1169 4629 ἁμαρτίας
1186 4575 1201 4590 ·
1226 4560 1291 4614 ἀν
1312 4578 1373 4613 τε
1401 4562 1607 4626 δίκαιος
1709 4567 1788 4628 εἰς
1813 4566 2071 4619 ἀπόνοιαν
2094 4568 2327 4637 αἴρεται,
2350 4571 2444 4621 καὶ

766 4646 1007 4712 φυσᾶται
1037 4646 1103 4698 ἐκ
1138 4646 1239 4717 τῆς
1273 4647 1474 4719 ἐτέρων
1504 4649 1800 4720 ἁμαρτίας,
1834 4651 2046 4720 μεγάλα
2077 4653 2205 4721 περὶ
2248 4652 2443 4705 ἐαυτοῦ

767 4730 1138 4798 φαντάζεσθαι
1174 4734 1569 4806 προαγόμενος.
1600 4735 1757 4789 Μετὰ
1788 4736 1996 4791 τούτων
2028 4738 2090 4792 τὸ
2134 4740 2311 4792 κοινὸν
2346 4740 2447 4809 τῆς

778 4822 1105 4894 Ἐκκλησίας
1148 4824 1416 4895 ἔϐλαψας·
1452 4827 1511 4879 ού
1548 4827 1659 4898 γάρ
1696 4826 1761 4900 δὴ
1802 4828 1895 4883 τὸν
1938 4831 2301 4901 ἡμαρτηκότα
2331 4831 2448 4883 δια-

765 4910 1052 4965 ϐάλλουσιν
1108 4915 1347 4977 ἅπαντες
1390 4916 1440 4968 οἱ
1478 4916 1801 4982 ἀκούοντες,
1851 4918 1987 4972 ἀλλά
2038 4918 2105 4972 τά
2143 4920 2319 4990 ὀνείδη
2370 4918 2448 4991 τῷ

766 4995 1109 5064 Χριστιανῶν
1148 4996 1290 5049 ἔθνει
1323 4996 1351 5036 ἀ
1386 5000 1815 5070 προστρίϐεται·
1853 5002 1971 5055 οῦδέ
2020 5003 2165 5055 ἐστιν
2210 5003 2445 5057 ἀκοῦσαι

766 5077 1012 5130 ἀπίστων
1038 5077 1325 5145 λεγόντων,
1367 5080 1449 5132 ὅτι
1482 5082 1510 5131 6
1547 5081 1696 5133 δεῖνα
1738 5082 1934 5151 πόρνος
1964 5086 2080 5136 ἐστί
2111 5086 2203 5137 καὶ
2244 5087 2445 5138 ἀκόλα-

769 5174 915 5220 στος,
948 5158 1063 5211 ἀλλ’
1090 5160 1212 5213 ἀντ)⁸
1236 5160 1329 5213 τοῦ
1358 5160 1908 5233 πεπλημμεληκότος,
1935 5168 2061 5229 τοὺς
2091 5169 2446 5236 Χριστιανοὺς

767 5240 1013 5304 ἅπαντας
1046 5242 1409 5298 διαϐάλλουσι.
1442 5245 1588 5315 Πρὸς
1616 5247 1824 5311 τούτοις
1852 5248 1945 5301 τοῦ
1990 5249 2127 5301 Θεοῦ
2160 5251 2259 5319 τὴν
2292 5251 2448 5315 δόξαν

769 5324 1207 5393 βλασφημεῖσθαι
1247 5328 1672 5399 παρεσκεύασας
1692 5346 1705 5359 ·
1733 5329 1921 5403 ῶσπερ
1951 5332 2062 5404 γάρ
2096 5334 2447 5403 εὐδοκιμούν-

765 5422 876 5457 των
908 5406 1065 5475 ημῶν
1092 5407 1153 5459 τὸ
1186 5407 1358 5479 ὄνομα
1395 5411 1489 5464 τοῦ
1532 5411 1667 5465 Θεοῦ
1707 5412 2010 5480 δοξάζεται,
2054 5415 2230 5481 οὕτως
2264 5418 2449 5488 ἀμαρ-

765 5489 1038 5573 τανόντων
1085 5488 1483 5573 βλασφημεῖται
1528 5497 1622 5550 καὶ
1654 5496 1955 5569 ὑϐρίζεται.
2004 5501 2310 5573 Τέταρτον,
2357 5499 2449 5555 τὸν

767 5572 954 5634 κακῶς
1012 5571 1325 5628 ἀκούσαντα
1378 5578 1754 5648 κατῄσχυνας,
1818 5582 1913 5634 καὶ
1962 5571 2448 5658 ἀναισχυντότερον

765 5654 941 5727 ταύτῃ
963 5658 1287 5729 πεποίηκας,
1308 5660 1503 5733 ἐχθρὸν
1527 5662 1621 5717 καὶ
1637 5663 1892 5735 πολέμιον
1910 5671 2279 5739 καταστήσας.
2298 5654 2446 5742 Πέμ-

831 5781 854 5843 f
884 5781 1007 5830 Tres
1028 5797 1147 5832 mss.
1184 5786 1269 5841 τήν
1288 5787 1523 5843 νηστείαν.

828 5840 857 5880 1)
884 5844 975 5891 Alii
999 5846 1084 5900 τήν
1106 5848 1157 5895 δὲ
1181 5840 1352 5909 σάρκα,
1378 5848 1460 5895 alii
1486 5852 1570 5905 τὴν
1592 5851 1680 5911 γὰρ
1714 5850 1885 5914 σάρκα.

827 5905 853 5971 ς
878 5906 1028 5971 ςίι-νὶΙἶ
1056 5914 1108 5953 et
1131 5922 1257 5955 unus
1282 5911 1604 5971 ﬁz‘npbrzpog.

792 5963 856 6073 θα
897 5968 980 6078 Sil;
1018 5968 1191 6073 :rgnre
1238 5963 1405 6020 κλέωα
1446 5963 1522 6022 τε(
1565 5963 1672 6023 Cum
1722 5976 1919 6037 Samio,
1964 5988 2051 6040 pro
2086 5978 2216 6044 mg.
2259 5978 2309 6028 τὸ
2349 5982 2437 6043 Sp.

820 6044 905 6078 vo;
965 6042 1079 6078 'nr.

770 6042 905 6080 πιοςλ
946 6042 1079 6079 ινιτ.

2570 561 2724 609 πτον,
2745 545 2938 599 ἐαυτὸν
2961 547 3262 603 ὑπεύθυνον
3286 550 3506 605 κολάσει
3533 547 3625 601 καί⁵
3650 543 3888 616 τιμωρίᾳ
3913 550 4242 618 πεποίηκας,

2564 632 2870 702 πράγματα
2901 632 2972 686 τὰ
3000 635 3169 704 μηδὲν
3196 638 3381 708 σαυτῷ
3408 640 3749 709 προσήκοντα
3772 634 3991 699 πλέξας.
4015 635 4107 703 Μὴ
4129 638 4243 707 γάρ

2568 735 2656 789 μοι
2687 720 2847 773 τοῦτο
2869 719 3078 789 λεγέτω
3104 739 3212 785 τις,
3230 725 3314 778 ὅτι
3339 726 3460 778 τότε
3485 722 3797 796 κακηγορῶ,
3826 720 4044 773 ἐπειδὰν
4068 719 4242 792 ψευδῆ

2560 806 2727 858 εἴπω·
2769 806 2865 859 ἐὰν
2906 806 2964 859 δὲ
3017 806 3292 877 ἀληθεύω.
3348 813 3553 866 οὐκέτι.
3596 811 3715 866 Κᾶν
3760 806 4036 880 ἀληθεύων
4076 808 4245 879 εἴπῃς

2560 893 2766 957 κακῶς,
2794 893 3069 948 καὶτοῦτο
3096 895 3350 967 ἔγκλημα
3370 914 3384 929 ·
3414 901 3508 952 καὶ
3534 901 3645 973 γάρ
3669 902 3698 955 6
3724 901 4013 972 Φαρισαῖος
4034 896 4244 958 ἐκεῖνος

2556 981 2648 1033 τὸν
2667 980 2906 1052 τελώνην
2946 978 3068 1036 εἷπε
3104 982 3295 1046 κακῶς
3326 985 3627 1056 ἀληθεύων,
3659 990 3773 1043 ἀλλ’
3796 990 3942 1060 ὅμως
3973 984 4123 1039 οὐδὲν
4143 982 4244 1036 αὑ·

2559 1066 2653 1117 τοῦ
2682 1065 2840 1120 τοῦτο
2865 1068 3126 1141 προέστη.
3150 1070 3287 1123 Εἰπὲ
3312 1071 3424 1142 γάρ
3454 1090 3568 1142 μοι,
3591 1076 3831 1145 τελώνης
3855 1071 3922 1145 ἦν
3951 1076 3980 1128 6
4004 1068 4243 1139 τελώνης

2560 1152 2653 1203 καὶ
2676 1153 3029 1223 ἀμαρτωλός;
3052 1154 3220 1211 Παντί
3241 1173 3345 1209 που
3370 1156 3531 1226 δῆλον
3552 1159 3635 1212 ὅτι
3660 1158 3897 1230 τελώνης
3917 1177 3931 1190 ·
3951 1159 4066 1214 ἀλλ’
4088 1157 4243 1228 ὅμως

2559 1239 2743 1310 ἐπειδὴ
2795 1239 2958 1293 αὑτὸν
3002 1241 3260 1295 ἐκάκισεν
3301 1242 3331 1294 6
3364 1244 3689 1314 Φαρισαῖος,
3735 1247 3975 1318 ἀπῆλθεν
4025 1247 4243 1300 ἅπαντα

2558 1324 2850 1390 ἀπολέσας.
2901 1325 3089 1380 Βούλει
3128 1326 3422 1398 διορθῶσαι
3458 1330 3554 1383 τδν
3602 1332 3877 1402 ἀδελφόν;
3948 1333 4242 1403 δάκρυσον,

2558 1408 2711 1477 εὖξαι
2759 1412 2839 1484 τῷ
2864 1412 3003 1485 Θεῷ,
3052 1416 3173 1467 κατ’
3212 1416 3347 1468 ἰδίαν
3378 1415 3561 1471 λαϐὼν
3602 1419 3956 1490 παραίνεσον,
4002 1418 4246 1489 συμϐού-

2558 1498 2769 1566 λευσον,
2797 1501 3200 1572 παρακάλεσον.
3224 1501 3381 1555 Οῦτω
3403 1503 3501 1557 καὶ
3523 1505 3551 1556 6
3568 1504 3778 1567 Παῦλος
3807 1505 4001 1558 ἐποίει·
4019 1505 4247 1571 Μήπως

2556 1584 2816 1641 ἐλθόντα
2839 1605 2939 1657 με.
2971 1589 3139 1661 φησὶ,
3170 1588 3512 1659 ταπεινώσῃ
3551 1593 3585 1645 ό
3616 1591 3784 1656 Θεὸς,
3820 1591 3918 1644 καί
3959 1592 4247 1656 πενθήσω

2555 1673 2826 1739 πολλοὺς
2854 1674 2974 1728 τῶν
2997 1679 3561 1747 προημαρτηκότων,
3589 1676 3689 1731 καί
3708 1677 3796 1748 μὴ
3821 1678 4247 1748 μετανοησάν-

2552 1773 2673 1811 των
2702 1758 2801 1811 ἐπί
2832 1759 2908 1828 τῇ
2940 1762 3299 1831 ἀκαθαρσίᾳ,
3334 1765 3431 1818 καί
3451 1765 3719 1834 πορνείᾳ,
3754 1764 3855 1817 καί
3882 1766 4171 1833 ἀσελγείᾳ
4202 1757 4248 1835 ᾖ

2552 1848 2845 1913 ἔπραξαν.
2877 1850 3060 1915 Δεῖξον
3085 1852 3310 1924 ἀγάπην
3339 1855 3470 1926 περί
3504 1854 3596 1907 τὸν
3622 1853 3982 1926 ἡμαρτηκότα
4003 1869 4017 1882 ·
4054 1855 4248 1906 πεῖσον

2553 1936 2714 1989 αὑτὸν
2747 1938 2831 1991 ὃτι
2874 1938 3176 2010 κηδόμενος
3218 1940 3314 1994 καὶ
3349 1942 3681 2014 φροντίζων,
3715 1942 3815 1994 ούκ
3855 1936 4248 2009 ἐκπομπεῦσαι

2556 2022 2902 2095 βουλόμενος,
2931 2028 3061 2097 περὶ
3086 2038 3110 2067 θ
3141 2027 3243 2098 τῆς
3271 2029 3547 2100 ἁμαρτίας
3572 2030 3735 2083 αὑτὸν
3764 2028 4205 2098 ὑπομιμνήσκεις
4227 2041 4243 2055 ⁸

2553 2112 2795 2183 κάτασχε
2819 2114 3009 2179 πόδας,
3029 2116 3422 2186 καταφίλησον,
3442 2118 3517 2189 μὴ
3538 2116 3927 2187 ἐπαισχυνθῇς,
3950 2117 4003 2167 εί
4024 2131 4089 2182 γε
4111 2113 4249 2183 ἀλη-

2553 2199 2661 2263 θῶς
2690 2202 2974 2273 ἰατρεῦσαι
3008 2204 3205 2274 βούλει.
3232 2204 3420 2259 Ταῦτα
3453 2205 3549 2258 καὶ
3580 2206 3755 2275 ἰατροὶ
3792 2203 4005 2256 ποιοῦσι
4040 2202 4247 2254 πολλά-

2550 2305 2659 2349 κις·
2677 2289 3025 2360 δυσαρέστως
3040 2292 3147 2363 γάρ
3162 2292 3386 2361 ἔχοντας
3400 2294 3527 2353 τοὺς
3544 2292 3858 2361 κάμνοντας
3878 2288 4250 2357 καταφιλοῦν-

2546 2390 2660 2438 τες,
2687 2376 3135 2446 παρακαλοῦντες
3168 2378 3523 2431 ἀναπείθουσι
3538 2377 3649 2449 [45]
3685 2378 3950 2445 σωτήριον
3981 2374 4248 2437 δέξασθαι

2546 2462 2867 2534 φάρμακον·
2889 2464 3032 2518 οῦτω
3050 2465 3143 2518 καὶ
3161 2468 3225 2520 σὺ
3250 2466 3495 2536 ποίησον·
3513 2464 3591 2536 τῷ
3613 2466 3749 2536 ἱερεῖ
3774 2463 3945 2530 δεῖξον
3972 2462 4032 2515 τὸ
4058 2460 4245 2526 ἕλκος,

2546 2550 2704 2603 τοῦτό
2723 2553 2837 2603 ἐστι
2854 2551 3180 2622 κηδομένου,
3192 2552 3353 2605 τοῦτο
3368 2552 3745 2624 προνοοῦντος,
3759 2550 3915 2604 τοῦτο
3934 2547 4251 2621 φροντίζον-

2549 2654 2660 2701 τος.
2702 2638 2776 2691 Ού
2798 2641 2910 2701 τοῖς
2932 2640 3116 2702 κακῶς
3139 2640 3196 2693 δέ
3230 2640 3389 2711 μόνον
3403 2640 3674 2709 λέγουσιν,
3690 2639 3825 2693 ἀλλά
3842 2640 4061 2699 καὶτοῖς
4076 2635 4252 2690 ἀκού-

2549 2742 2667 2778 ουσι
2690 2726 2875 2789 κακῶς
2901 2726 3228 2796 λεγομένους
3250 2728 3476 2797 ἐτέρους
3502 2725 3754 2797 παραινῶ
3781 2727 3881 2788 τὰς
3911 2725 4079 2787 ἀκοάς
4106 2726 4252 2778 ἀπο·

2550 2814 2833 2883 φράττειν,
2859 2815 2953 2865 καὶ
2979 2814 3069 2867 τὸν
3094 2816 3384 2885 προφήτην
3415 2814 3701 2885 μιμεῖσθαι
3723 2814 3813 2868 τὸν
3833 2814 4059 2881 λέγοντα
4078 2829 4092 2842 ·
4130 2812 4251 2867 Τόν

2546 2898 3011 2953 καταλαλοῦντα
3032 2901 3226 2968 λάθρα
3255 2900 3362 2953 τὸν
3385 2903 3655 2968 πλησίον
3674 2901 3881 2961 αὐτοῦ,
3904 2900 4121 2954 τοῦτον
4142 2898 4251 2963 ἐξ-

2546 2985 2813 3041 εδίωκον.
2846 2988 2981 3040 Εἰπέ
3010 2988 3145 3057 πρὸς
3174 2987 3266 3040 τὸν
3302 2986 3556 3058 πλησίον·
3600 2989 3787 3058 Ἔχεις
3809 2986 4090 3039 ἐπαινέσαι
4116 2987 4251 3041 τινὰ

2558 3074 2657 3127 καὶ
2703 3075 3092 3144 ἐγκωμιάσαις
3144 3075 3350 3142 ἀνοίγω
3395 3075 3496 3134 τὰς
3529 3075 3720 3138 ἀκοὰς,
3763 3075 3851 3127 ἵνα
3891 3074 4133 3144 δέξωμαι
4170 3072 4249 3128 τά

2552 3161 2699 3233 μύρα
2718 3180 2734 3194 ·
2758 3161 2825 3215 ἂν
2864 3162 2921 3215 δέ
2963 3161 3152 3225 κακῶς
3184 3161 3375 3232 ἐθέλῃς
3408 3165 3603 3225 εἰπεῖν,
3641 3162 3974 3232 ἀποφράττω
4001 3161 4100 3232 τὴν
4127 3163 4250 3215 etc-

2547 3248 2664 3300 οδον
2690 3250 2803 3311 τοῖς
2848 3250 3122 3319 ῥήμασιν·
3163 3249 3226 3302 οὐ
3276 3249 3387 3320 γὰρ
3437 3248 3702 3319 ἀνέχομαι
3743 3251 3947 3319 κόπρον
3981 3248 4076 3302 καλ⁸
4114 3249 4250 3319 βόρ-

2549 3336 2707 3405 ϐορον
2734 3335 3013 3405 δέχεσθαι.
3041 3336 3109 3389 Τί
3151 3353 3244 3406 μοι
3270 3336 3333 3388 τὸ
3365 3333 3559 3407 κέρδος
3590 3338 3655 3388 ἐκ
3687 3335 3781 3388 τοῦ
3818 3333 4009 3405 μαθεῖν
4030 3335 4115 3388 ὅτι
4141 3354 4250 3389 πο-

2456 3446 2459 3447 ν
2548 3422 2713 3491 νηρὸς
2747 3424 2776 3474 6
2807 3423 2990 3487 δεῖνα;
3030 3422 3291 3491 μέγιστον
3318 3422 3419 3492 μὲν
3447 3419 3542 3477 οὖν
3564 3422 3673 3476 ἀπὸ
3692 3422 3882 3475 τούτου
3909 3421 4107 3491 βλάϐος
4142 3425 4250 3477 καὶ

2551 3509 2753 3578 ἐσχάτη
2784 3508 2981 3578 ζημία.
3004 3510 3139 3561 Εἰπὲ
3168 3509 3303 3579 πρὸς
3325 3508 3488 3563 αὐτόν
3511 3526 3524 3540 ·
3548 3508 3987 3581 Μεριμνήσωμεν
4009 3508 4078 3561 τά
4097 3510 4242 3579 ἡμέ-

2548 3610 2701 3664 τερα,
2732 3594 2852 3657 πῶς
2884 3595 2991 3647 τῶν
3028 3595 3587 3666 πεπλημμελημένων
3617 3598 3750 3667 ἡμῖν
3779 3594 4009 3658 εὐθύνας
4028 3595 4243 3665 δῶμεν,

2550 3681 2642 3733 καί
2692 3680 2791 3751 τὴν
2827 3683 3151 3753 περιεργίαν
3183 3684 3390 3754 ταύτην
3435 3683 3528 3735 καί
3568 3683 3666 3752 τὴν
3699 3682 4243 3753 πολυπραγμοσύνην

2547 3769 2627 3830 εἰς
2656 3767 2756 3837 τὴν
2789 3767 2934 3838 ζωὴν
2961 3768 3059 3839 τὴν
3084 3769 3362 3840 ἡμετέραν
3394 3769 3810 3839 ἐπιδειξώμεθα.
3838 3769 4005 3822 Ποίαν
4038 3769 4243 3839 ἕξομεν

2548 3855 2866 3923 ἀπολογίαν,
2891 3855 3016 3909 τίνα
3047 3856 3401 3926 συγγνώμην,
3427 3856 3555 3909 ὅταν
3580 3856 3650 3908 τὰ
3675 3856 3920 3926 ἡμέτερα
3963 3854 4063 3924 μὲν
4097 3857 4242 3926 μηδὲ

2549 3944 2629 4005 εἰς
2655 3942 2782 3996 νοῦν
2803 3942 3195 4013 λαμϐάνωμεν,
3227 3943 3295 3995 τὰ
3320 3943 3376 3995 δέ
3403 3942 3662 4012 ἀλλότρια
3682 3944 3823 3995 οῦτω
3846 3941 4243 4013 πολυπραγμο-

2549 4030 2729 4101 νῶμεν
2755 4046 2768 4095 ;
2799 4032 2909 4084 Kal
2945 4030 3134 4102 ὥσπερ
3164 4031 3244 4094 εἰς
3266 4031 3445 4083 οἰκίαν
3475 4030 3821 4102 παρακύψαι,
3861 4031 3956 4083 καὶ
3988 4034 4057 4083 τά
4085 4031 4243 4086 ἔνδον

2550 4118 2970 4187 κατασκοπῆσαι
3011 4117 3030 4155 ί
3048 4118 3339 4189 παριόντα,
3374 4118 3598 4187 αἰσχρὸν
3621 4119 3714 4170 καὶ
3736 4117 3937 4186 πολλῆς
3971 4118 4243 4189 αἰσχύνης

2548 4206 2747 4275 γέμον·
2777 4205 2923 4259 οῦτω
2945 4206 3039 4260 καὶ
3068 4207 3182 4275 βίον
3205 4205 3485 4278 ἀλλότριον
3508 4204 3987 4277 περιεργάζεσθαι,
4014 4206 4245 4259 ἀνελευο

2556 4293 2747 4365 θερίας
2772 4295 3028 4365 ἐσχάτης.
3074 4295 3148 4348 T6
3200 4295 3258 4349 δέ
3288 4294 3481 4348 τούτου
3535 4294 4094 4365 καταγελαστότερον,
4155 4296 4244 4349 ὅτι

2544 4382 2785 4435 τοιοῦτον
2808 4382 3025 4451 ἔχοντες
3053 4382 3187 4452 βίον,
3216 4383 3310 4436 καὶ
3330 4382 3439 4436 τῶν
3466 4382 3682 4437 οἰκείων
3702 4382 4051 4453 ἀμελοῦντες,
4083 4385 4241 4437 ἐπει-

2544 4468 2643 4521 δάν
2671 4470 2867 4523 είπωσί
2899 4487 2952 4522 τι
2985 4471 3094 4524 τῶν
3123 4472 3473 4543 ἀπορρήτων,
3518 4470 3899 4543 παρακαλοῦσι
3936 4471 4030 4525 τὸν
4067 4472 4244 4524 ἀκού-

2549 4571 2735 4617 σαντα,
2766 4556 2859 4608 καὶ
2882 4556 3105 4627 όρκοῦσι
3139 4558 3328 4628 μηδενὶ
3361 4557 3548 4611 λοιπὸν
3577 4560 3755 4611 εἰπεῖν
3785 4558 3977 4628 ἐτέρῳ,
4006 4558 4243 4612 αὐτόθεν

2546 4642 2832 4711 δηλοῦντες
2864 4644 2947 4696 ὅτι
2995 4647 3229 4715 πρᾶγμα
3263 4644 3413 4709 ἀξιον
3447 4644 3783 4713 κατηγορίας
3832 4644 4115 4714 ἐποίησαν.
4175 4646 4243 4699 Εἰ

2548 4730 2657 4800 γὰρ
2686 4733 2891 4783 ἐκεῖνον
2943 4732 3135 4801 μηδενί
3186 4733 3361 4783 εἰπεῖν
3412 4731 3585 4801 ἑτέρῳ
3616 4731 3993 4801 παρακαλεῖς,
4052 4732 4243 4804 πολλῷ

2554 4815 2752 4885 μᾶλλον
2775 4817 2833 4868 σέ
2855 4818 3119 4887 πρότερον
3145 4817 3322 4887 τούτῳ
3347 4816 3524 4871 ταῦτα
3552 4820 3726 4870 εἰπεῖν
3751 4818 3852 4871 οὐκ
3868 4820 4057 4890 ἐχρῆν.
4087 4821 4243 4877 Κατ-

2550 4906 2696 4973 εἶχες
2760 4905 2818 4955 ἐν
2868 4903 3140 4974 ἀσφαλείᾳ
3194 4903 3284 4956 τὸν
3319 4903 3506 4972 λόγον·
3535 4905 3623 4958 ὅτε
3666 4904 3829 4957 αὐτὸν
3878 4906 4239 4975 προέδωκας,

2548 4992 2669 5045 τότε
2701 4992 2801 5062 τῆς
2851 4991 3129 5062 σωτηρίας
3163 4990 3326 5044 αὑτοῦ
3365 4993 3704 5063 φροντίζεις;
3752 4996 3801 5047 εἰ
3838 4994 4001 5066 βούλῃ
4032 4994 4106 5064 μὴ
4150 4996 4242 5061 ἐξ-

2550 5078 2836 5149 ενεχθῆναι
2876 5079 2955 5141 εἰς
2988 5078 3173 5148 ἕτερον
3194 5119 3208 5143 ,
3248 5078 3382 5148 μηδέ
3431 5081 3592 5143 αὐτὸς
3623 5082 3784 5151 εἴπῃς
3804 5096 3817 5110 ·
3846 5082 3934 5133 ὅτε
3966 5082 4024 5134 δέ
4060 5083 4242 5152 ἐτέρῳ

2552 5166 2871 5237 προέδωκας
2902 5162 2996 5217 τοῦ
3036 5165 3195 5233 λόγου
3219 5166 3318 5237 τὴν
3361 5167 3630 5238 φυλακὴν,
3662 5167 3891 5237 περιττά
3930 5170 4102 5230 ποιεῖς
4143 5171 4241 5221 καὶ

2550 5252 2782 5323 ἀνόνητα
2808 5252 3225 5322 παραγγέλλων,
3254 5256 3348 5307 καὶ
3380 5255 3562 5325 ὁρκῶν
3594 5254 3735 5325 ὑπὲρ
3774 5254 3876 5324 τῆς
3922 5254 4031 5308 τῶν
4078 5256 4239 5323 εἰρη-

2554 5340 2729 5409 μένων
2766 5339 3034 5411 φυλακῆς.
3084 5341 3222 5393 Ἀλλ’
3248 5342 3347 5412 ἡδὺ
3377 5342 3439 5393 τὸ
3472 5345 3843 5410 κακηγορεῖν;
3878 5342 3975 5412 ήδῦ
4006 5343 4106 5412 μέν
4140 5338 4241 5394 οῦν

2549 5427 2610 5479 τὸ
2646 5431 2719 5500 μὴ
2752 5429 2932 5498 λέγειν
2972 5428 3180 5493 κακῶς.
3221 5430 3279 5482 ὐ
3320 5429 3421 5498 μὲν
3452 5428 3560 5500 γὰρ
3587 5430 3756 5483 εἰπὼν
3779 5430 3982 5492 κακῶς,
4024 5428 4243 5497 ἐναγώ-

2552 5533 2660 5579 νιος
2695 5518 2879 5570 λοιπόν
2911 5519 3082 5577 ἐστιν.
3118 5516 3417 5570 ὑποπτεύει
3446 5534 3505 5570 τε
3542 5518 3634 5571 καὶ
3669 5518 3892 5581 δέδοικε,
3933 5518 4027 5570 καὶ
4067 5534 4243 5585 μετα-

2550 5607 2678 5667 νοεῖ,
2729 5607 2823 5659 κα“ι
2855 5604 3132 5660 κατεσθίει
3173 5604 3271 5674 τὴν
3320 5604 3516 5657 ἐαυτοῦ
3549 5604 3811 5673 γλῶτταν,
3852 5603 4107 5664 δεδοικώς
4141 5605 4241 5656 καὶ

2549 5687 2788 5757 τρέμων,
2822 5690 2896 5760 μή
2936 5705 3065 5739 ποτε
3089 5688 3171 5749 είς
3206 5686 3427 5757 ἐτέρους
3456 5687 3731 5758 ἐξενεχθὲν
3758 5688 3819 5741 τό
3853 5687 4006 5758 ῥῆμα
4060 5686 4242 5753 μέγαν

2550 5772 2806 5843 ἐπαγάγῃ
2857 5772 2952 5823 τὸν
2986 5770 3252 5827 κίνδυνον.
3290 5771 3385 5823 καὶ
3431 5773 3695 5842 περιττὴν
3739 5769 3939 5841 ἔχθραν
3998 5768 4093 5821 καὶ
4140 5771 4241 5821 άν-

2549 5853 2738 5924 όνητον
2775 5854 3204 5925 ἐργάσηταιτοῖς
3232 5853 3511 5925 εἰρηκόσιν
3534 5874 3549 5887 ·
3584 5858 3613 5910 6
3640 5856 3697 5911 δὲ
3729 5856 3856 5925 παρ’
3885 5851 4067 5921 ἐαυτῷ
4099 5871 4241 5909 κατ.

2612 5985 2634 6044 ’ξ
2678 5984 2726 6030 In
2754 5981 2860 6031 aliis
2884 5984 2989 6044 π;ρί
3021 5984 3181 6032 dom.

2618 6043 2800 6099 (ἔθνη.
2827 6053 2876 6097 et
2901 6047 2996 6097 duo
3023 6060 3120 6096 mss
3167 6058 3534 6111 κατασκοπησαι
3585 6048 3749 6099 Merc].
3786 6052 3834 6097 et
3861 6047 3941 6099 alii
3968 6062 4216 6103 vnn—.62;
