4494 6682
477 440 547 497 53
1434 430 1525 485 AD
1564 423 1883 486 POPULCM
1925 415 2411 479 ANTIOCHENUM
2454 413 2683 471 llOillL.
2726 411 2813 469 lli.
3685 400 3757 460 56

478 557 550 611 De
595 556 686 612 Dei
724 555 867 613 enim
909 555 987 609 ira
1031 552 1283 620 loquutus
1322 556 1377 601 et
1409 547 1614 601 illorum
1641 542 1845 617 jejunio
1873 582 1889 608 ,
1920 537 2060 593 idem

471 649 898 704 Conciliationem
929 652 985 699 et
1010 638 1398 697 conciliationis
1415 654 1628 694 causam
1648 638 1853 697 dicens,
1872 633 1948 686 sic
1976 632 2057 685 in.

471 744 606 811 quit,
636 738 705 792 Et
727 738 849 791 vidit
877 734 1014 787 Deus
1044 747 1196 800 opera
1218 730 1440 799 ipsorum
1462 730 1630 802 (Jona'
1659 729 1710 783 5.
1738 724 1845 796 10).
1876 722 2058 790 Qualia

472 832 668 900 opera?
689 828 830 898 quod
861 824 1279 896 jejunaverunt?
1306 823 1448 893 quod
1475 838 1690 878 saccum
1732 815 2059 873 induerunt?

471 922 611 978 Nihil
642 921 854 983 horum,
882 916 975 972 sed
1007 917 1121 971 htrc
1144 915 1322 971 omnia
1350 923 1528 970 tacens
1555 910 1732 968 intulit
1762 927 1773 962 :
1808 907 2058 976 Quoniam

470 1028 737 1068 conversus
767 1021 839 1065 est
867 1011 1075 1081 quisque
1098 1026 1131 1063 a
1156 1010 1248 1064 viis
1275 1009 1378 1063 suis
1408 1008 1555 1063 malis
1578 1050 1592 1070 ,
1626 1016 1674 1061 et
1696 1004 1926 1077 paenituit
1951 1000 2060 1054 Do-

468 1103 666 1155 minum
690 1099 836 1159 mali,
856 1100 993 1168 quod
1011 1099 1138 1167 ipsis
1161 1114 1215 1151 se
1234 1098 1497 1166 facturum
1517 1098 1725 1151 dixerat
1742 1091 2033 1163 (1b.).Cero

470 1191 558 1245 nis
577 1189 722 1259 quod
742 1204 848 1243 non
867 1189 1134 1257 jejunium
1156 1189 1401 1257 periculo
1420 1188 1634 1258 eripuit,
1654 1188 1744 1241 seJ
1764 1185 1889 1238 vita:
1910 1199 2034 1236 mu-

466 1280 599 1333 tatio
618 1279 784 1333 Deum
800 1278 1047 1332 barbaris
1065 1278 1338 1348 placatum
1360 1288 1413 1333 et
1433 1280 1748 1333 benevolum
1770 1270 2034 1328 reddidit?

538 1362 732 1435 Jejunii
771 1382 889 1419 vera
921 1369 1170 1421 ratiorâ€”
1196 1368 1323 1424 Haec
1368 1369 1476 1424 dixi
1500 1411 1516 1435 ,
1549 1384 1657 1424 non
1692 1377 1751 1421 ut
1792 1365 2056 1435 jejunium

468 1455 989 1522 eontemnamus,sed
1007 1466 1062 1512 ut
1072 1457 1328 1529 jejunium
1351 1459 1676 1515 honoremus
1694 1474 1708 1512 :
1728 1457 1900 1512 honor
1913 1455 2057 1511 enim

462 1543 652 1612 jejunii
680 1561 784 1599 non
812 1546 1051 1603 ciborum
1068 1550 1406 1617 abstinentia,
1431 1550 1525 1605 sed
1548 1558 1886 1619 peccatorum
1910 1546 2050 1617 fuga.

469 1632 545 1685 lta
572 1635 739 1703 utqui
765 1636 1004 1692 ciborum
1030 1639 1350 1695 abstinentia
1392 1648 1596 1694 tantum
1659 1637 1922 1709 jejunium
1960 1636 2056 1691 de-

468 1722 635 1789 finiat,
662 1725 703 1778 is
726 1728 953 1783 maxime
978 1732 1149 1799 ipsum
1174 1730 1454 1801 vituperet.
1468 1729 1725 1801 Jejunas?
1746 1728 2055 1783 demonstra

466 1812 597 1867 mihi
644 1830 738 1883 per
762 1816 871 1887 ipsa
899 1833 1081 1886 Opera.
1113 1819 1293 1886 Qualia
1319 1862 1335 1887 ,
1367 1822 1563 1892 inquis.
1611 1821 1815 1892 Opera?
1839 1820 1895 1875 Si
1924 1834 2057 1888 pau-

465 1918 647 1973 perem
677 1906 893 1974 videris,
918 1910 1174 1964 miserere
1204 1928 1218 1963 :
1250 1911 1294 1964 si
1326 1912 1598 1967 inimicum
1629 1912 1846 1975 videris,
1871 1910 2055 1965 conci-

466 1993 597 2049 liare
625 2013 639 2047 :
671 1996 717 2050 si
744 1997 973 2050 amicum
1000 1997 1336 2054 laudabiliter
1361 2012 1604 2070 agentem
1630 2001 1847 2068 videris,
1879 2017 1947 2056 ne
1977 2001 2051 2056 in-

461 2084 683 2139 videas:
715 2086 761 2141 si
800 2087 1079 2143 mulierem
1120 2088 1317 2143 videris
1365 2090 1661 2159 speciosam
1686 2132 1701 2156 ,
1734 2102 2044 2160 praetereas.

460 2172 575 2230 Non
605 2177 745 2230 enim
779 2192 839 2231 os
870 2186 1074 2233 tantum
1096 2178 1302 2249 jejunet
1325 2222 1340 2247 ,
1368 2179 1461 2235 sed
1489 2188 1542 2235 et
1567 2182 1783 2246 oculus,
1815 2192 1870 2237 et
1895 2184 2049 2238 audi-

459 2274 545 2320 tus
574 2307 590 2332 ,
618 2276 674 2322 et
712 2268 907 2339 pedes,
941 2280 995 2325 et
1023 2286 1213 2325 manus
1240 2312 1255 2338 ,
1288 2280 1343 2327 et
1384 2273 1562 2327 omnia
1597 2274 1839 2343 corporis
1882 2276 2046 2329 nostri

458 2359 698 2413 membra
715 2359 978 2429 jejunent.
1003 2361 1255 2431 Jejunent
1279 2378 1466 2418 manus
1487 2381 1517 2419 a
1547 2366 1731 2435 rapina
1759 2376 1811 2423 et
1827 2369 2046 2423 avaritia

455 2449 667 2503 munda:
696 2468 709 2503 :
731 2451 974 2521 jejunent
1002 2454 1165 2522 pedes
1190 2454 1255 2508 ad
1288 2454 1468 2509 illicita
1496 2459 1795 2526 spectacula
1827 2474 2044 2516 cursum

453 2540 804 2606 reprimentes
832 2560 845 2594 :
870 2541 1112 2611 jejunent
1148 2544 1289 2598 oculi
1316 2544 1587 2602 discentes
1611 2564 1904 2620 numquam
1934 2551 2043 2605 fur-

455 2629 619 2683 mosis
648 2630 915 2686 obtutibus
942 2632 1168 2700 insilire,
1198 2650 1296 2689 nec
1324 2635 1528 2691 alienas
1557 2637 1771 2694 curiose
1802 2639 2043 2709 pulchri-

453 2718 667 2773 tudines
721 2731 979 2789 spectare.
1028 2722 1190 2779 Cibus
1234 2726 1376 2781 enim
1420 2728 1699 2783 oculorum
1736 2732 2041 2799 spectatio:

452 2810 546 2863 sed
591 2810 634 2862 si
680 2811 947 2882 illegitima
996 2816 1065 2871 sit
1100 2826 1152 2871 et
1177 2818 1713 2891 prohibita,jejunio
1764 2834 1960 2889 nocet,
1990 2834 2046 2881 et

450 2916 664 2957 omnem
697 2906 888 2960 anima:
923 2908 1146 2964 salutem
1175 2912 1435 2968 subvertit
1463 2932 1478 2970 :
1501 2916 1547 2969 si
1575 2932 1703 2972 vero
1729 2917 1964 2988 legitima
1986 2929 2042 2977 et

449 3008 748 3062 concessa,
794 3007 949 3052 ornat
997 3000 1278 3070 jejunium.
1327 3004 1536 3061 Etenim
1589 3009 2037 3068 absurdissimum

447 3094 630 3150 esset,
661 3088 839 3143 cibum
886 3092 1147 3147 sumendo
1193 3095 1354 3150 etiam
1396 3113 1426 3151 a
1470 3112 1724 3156 concessa
1764 3102 2036 3160 abstinere

446 3188 567 3229 esca
598 3191 691 3245 per
711 3177 973 3247 jejunium
995 3223 1011 3247 ,
1035 3182 1205 3238 oculis
1226 3194 1402 3240 autem
1426 3189 1626 3244 utendo
1652 3192 1811 3246 etiam
1845 3194 2030 3262 prohi-

445 3264 607 3320 bitam
633 3267 914 3338 attingere.
935 3270 1055 3326 Non
1072 3274 1311 3331 comedis
1330 3278 1558 3333 carnes?
1574 3295 1744 3350 neque
1760 3282 2032 3341 lasciviam

444 3370 541 3425 per
579 3356 761 3413 oculos
791 3358 1027 3417 haurias.
1060 3363 1279 3434 Jejunet
1307 3376 1362 3422 et
1387 3369 1533 3423 auris
1560 3387 1575 3424 :
1605 3372 1815 3428 aurium
1853 3385 2034 3431 autem

436 3446 697 3517 jejunium
743 3450 1103 3509 detractiones
1144 3465 1199 3511 et
1249 3458 1546 3525 calumnias
1585 3477 1689 3517 non
1734 3465 2032 3534 suscipere.

439 3541 684 3595 Auditum
729 3544 862 3597 enim
907 3562 1093 3601 vanum
1137 3564 1241 3603 non
1293 3553 1537 3622 suscipias
1565 3554 1760 3626 (Exod.
1800 3557 1891 3615 25.
1936 3561 2031 3631 1),

438 3632 626 3703 inquit.

508 3723 562 3777 5.
590 3722 801 3793 Jejunet
828 3740 1038 3797 quoque
1065 3742 1127 3782 os
1148 3743 1177 3782 a
1209 3731 1385 3786 verbis
1416 3733 1657 3802 turpibus
1683 3743 1738 3790 et
1761 3739 2025 3795 convicio.

433 3812 563 3880 Quae
590 3815 729 3869 enim
754 3816 950 3871 utilitas
968 3833 1088 3873 eum
1110 3820 1298 3875 avibus
1318 3823 1533 3892 quidem
1563 3834 1618 3881 et
1640 3828 1873 3896 piscibus
1902 3831 2027 3886 abs-

434 3905 719 3973 tineamus,
751 3906 943 3964 fratres
992 3924 1119 3964 vero
1159 3912 1500 3969 mordeamus
1553 3925 1608 3971 et
1634 3918 2025 3976 cotnedamus?

436 3994 734 4053 Detrahens
764 3997 1022 4055 fraternas
1047 4015 1238 4057 carnes
1262 4006 1518 4073 comedit,
1550 4010 1779 4078 proximi
1807 4026 2024 4069 carnem

432 4090 751 4144 momordit:
794 4101 1072 4164 propterea
1122 4104 1177 4149 et
1220 4094 1418 4153 Paulus
1461 4102 1669 4168 terruit,
1704 4102 1931 4161 dicens:
1962 4107 2026 4162 Si

430 4191 600 4235 autem
635 4199 722 4237 vos
763 4184 977 4239 invicem
1012 4186 1246 4243 mordetis
1295 4198 1342 4242 et
1363 4192 1645 4261 comeditis,
1685 4197 1846 4251 videte
1869 4215 1932 4252 ne
1958 4201 2023 4255 ab

427 4272 637 4327 invicem
651 4279 1018 4332 consumamini
1038 4277 1055 4351 (
1076 4264 1190 4334 Gal;
1210 4281 1262 4336 5.
1293 4282 1421 4352 15).
1448 4282 1562 4338 Non
1592 4285 1810 4343 infixisti
1832 4289 2021 4348 dentes

426 4365 595 4425 carni,
625 4365 717 4419 sed
738 4367 931 4422 anima:
959 4369 1311 4435 maledictum,
1336 4372 1631 4441 improbam
1655 4379 2015 4447 suspicionem

426 4452 665 4519 indsisti,
700 4456 1025 4522 vulnerasti,
1053 4460 1340 4518 innumeris
1364 4462 1587 4519 affecisti
1609 4467 1765 4522 malis
1811 4479 1866 4525 et
1919 4473 2017 4527 tei-

423 4558 598 4613 psum,
621 4554 674 4599 et
702 4545 931 4614 illum,et
948 4550 1082 4606 alios
1101 4553 1310 4624 plures:
1332 4555 1526 4610 etenim
1550 4556 1852 4613 audientem
1875 4561 2017 4630 pejo-

422 4651 535 4691 rem
560 4637 747 4704 fecisti,
768 4641 1067 4708 proximum
1085 4646 1442 4701 calumnians:
1466 4647 1579 4703 sive
1599 4649 1740 4704 enim
1759 4662 2013 4721 peccator

419 4728 509 4791 sit,
536 4736 648 4781 tum
673 4732 886 4799 segnior
921 4732 999 4799 fit,
1031 4738 1232 4803 peccati
1255 4739 1759 4796 communicatorem
1787 4752 2007 4799 nactus:

417 4818 531 4873 sive
567 4817 741 4887 justus
771 4821 859 4884 sit,
894 4821 949 4876 in
979 4827 1338 4895 arrogantiam
1365 4828 1585 4897 tollitur,
1615 4840 1671 4887 et
1703 4831 1917 4890 inï¬‚atur
1944 4852 2011 4893 ex

416 4911 642 4964 aliorum
674 4918 912 4980 peccato,
954 4928 1146 4985 magna
1175 4917 1242 4973 de
1266 4921 1444 4991 seipso
1469 4924 1669 4979 sentire
1700 4940 2008 4995 persuasus.

414 5002 638 5074 Insuper
681 5018 1021 5060 communem
1072 5005 1329 5067 Ecclesiae
1380 5023 1579 5070 statum
1629 5016 1851 5074 lmsisti:
1902 5037 2009 5077 non

414 5098 554 5153 enim
597 5110 786 5151 omnes
822 5095 1103 5152 audientes
1153 5113 1494 5169 peccatorem
1533 5107 1704 5163 solum
1732 5120 2005 5179 accusant,

412 5190 504 5245 sed
544 5189 800 5260 Opprohia
835 5188 1257 5245 Christianorum
1305 5198 1451 5264 genti
1502 5199 1854 5269 inï¬‚iguntur:
1903 5219 2007 5261 nec

388 5283 594 5349 iaudias
638 5281 879 5337 infideles
922 5280 1124 5347 dicere,
1171 5281 1319 5338 illum
1364 5285 1742 5348 fornicatorem
1780 5307 1904 5350 esse
1949 5302 2005 5349 et

386 5370 389 5374 â€™
411 5374 748 5443 dissolutum,
772 5375 866 5431 sed
888 5391 984 5446 pro
999 5390 1063 5431 eo
1077 5376 1166 5447 qui
1186 5380 1442 5447 peccavit,
1467 5381 1798 5441 Christianos
1813 5401 2001 5442 omnes

408 5468 686 5522 calumniis
717 5469 988 5525 insectari.
1015 5470 1095 5526 Ad
1124 5468 1239 5524 hare
1260 5469 1350 5525 Dei
1378 5470 1602 5539 gloriam
1635 5477 1998 5548 blasphemari

403 5558 575 5613 fecisti
612 5560 797 5616 :sicut
823 5563 956 5619 enim
1009 5563 1163 5620 nobis
1206 5562 1539 5619 laudabiliter
1572 5566 1874 5627 viventibus
1903 5574 1998 5629 Dei

403 5667 598 5706 nomen
624 5652 978 5722 glorificatur,
1011 5656 1089 5711 sic
1127 5656 1466 5727 peccantibus
1518 5656 1916 5729 blasphematur
1940 5675 1994 5719 et

398 5747 719 5801 contumelia
736 5745 983 5803 afï¬citur.
1002 5747 1283 5818 Quartum,
1307 5750 1442 5805 male
1459 5749 1760 5805 audientem
1787 5754 1990 5822 pudore

396 5839 642 5908 effecisti,
660 5849 715 5896 et
741 5841 816 5898 sic
844 5842 1289 5914 impudentiorem
1309 5843 1603 5916 reddidisti,
1635 5843 1908 5902 inimicum
1936 5858 1988 5905 ct

2170 531 2380 586 hostem
2422 529 2639 585 faciens.
2672 530 2948 597 Quintum,
2983 526 3207 596 teipsnm
3238 537 3409 594 pcnte
3438 529 3490 579 et
3519 522 3753 591 castiga-

2167 625 2325 679 tionis
2345 639 2491 677 reum
2508 623 2697 688 fecisti,
2718 622 2928 693 negotia
2947 618 3013 674 ad
3033 628 3083 673 te
3101 618 3229 672 nihil
3246 617 3523 671 attinentia
3542 624 3750 667 texens.

2165 718 2240 774 Nc
2262 716 2378 787 quis
2401 716 2542 771 enim
2561 716 2661 771 hoc
2692 716 2819 770 mihi
2850 714 3011 778 dicat,
3042 710 3191 765 Tunc
3211 706 3454 771 detraho,
3478 720 3595 759 cum
3624 704 3754 759 falsa

2163 810 2315 873 dico;
2355 808 2402 863 si
2441 818 2619 862 autem
2660 823 2785 863 vera
2827 807 2969 869 dico,
3009 805 3249 859 minime.
3289 801 3421 856 Nam
3467 799 3592 853 licet
3627 812 3751 851 vera

2163 901 2388 971 loquens
2409 898 2546 953 male
2573 897 2790 961 dixeris,
2813 905 2866 952 et
2895 897 2995 951 hoc
3024 906 3107 952 est
3130 894 3332 950 crimen
3359 909 3373 947 :
3397 890 3591 945 etenim
3625 888 3756 941 Pha-

2161 993 2347 1047 risznus
2376 992 2465 1047 ille
2508 991 2788 1061 publicano
2827 988 3095 1044 veridicus
3144 982 3464 1053 maledixit(
3498 981 3624 1036 Luc.
3664 980 3749 1034 l8.

2163 1084 2225 1137 11
2255 1083 2298 1153 ),
2331 1082 2423 1138 sed
2456 1092 2635 1137 tamen
2662 1080 2764 1135 hoc
2786 1080 2883 1151 ipsi
2903 1079 3032 1133 nihil
3056 1076 3270 1147 profuit.
3300 1075 3510 1139 Nonne,
3542 1085 3748 1141 quaeso,

2162 1174 2471 1242 publicanus
2498 1182 2612 1229 erat
2657 1172 2967 1243 publicanus
2994 1178 3045 1223 et
3076 1164 3370 1237 peccator?
3400 1162 3604 1232 Cuique
3635 1175 3753 1214 cer-

2163 1275 2274 1318 tum
2328 1275 2409 1318 est
2453 1265 2594 1334 quod
2634 1265 2947 1334 publicanus
2980 1256 3248 1324 erat;sed
3286 1255 3537 1326 quoniam
3576 1253 3748 1321 ipsum

2160 1353 2480 1424 vituperavit
2522 1355 2823 1408 Pharismus
2856 1395 2871 1418 ,
2912 1352 3042 1405 abiit
3080 1348 3329 1404 omnibus
3372 1344 3601 1399 amiSsis.
3656 1340 3751 1394 V'is

2159 1447 2377 1502 fratrem
2406 1446 2715 1516 corrigere?
2746 1445 3026 1514 Lacryma,
3054 1456 3147 1494 ora
3169 1441 3359 1501 Deum,
3391 1449 3632 1491 seorsum
3651 1448 3749 1500 ap-

2159 1540 2481 1610 prehensum
2510 1539 2760 1599 admone,
2791 1535 3031 1601 consule,
3070 1531 3354 1587 exhortare
3383 1547 3396 1582 :
3428 1528 3505 1581 sic
3528 1537 3577 1581 et
3608 1525 3747 1578 Pau-

2157 1631 2241 1686 lus
2283 1631 2553 1687 facicbat:
2586 1628 2668 1683 Ne
2694 1630 2871 1683 iterant
2898 1643 3015 1680 cum
3057 1638 3255 1688 venero,
3290 1620 3479 1689 inquit,
3522 1616 3749 1670 humilia

2158 1739 2238 1777 me
2278 1722 2416 1777 Deus
2458 1722 2599 1792 apud
2638 1737 2745 1783 vos,
2778 1729 2822 1774 et
2864 1719 3064 1789 lugeam
3091 1714 3276 1769 multos
3307 1727 3372 1766 ea:
3407 1710 3493 1776 iis,
3522 1708 3605 1777 qui
3632 1716 3750 1760 ante

2160 1825 2502 1883 peccaverunt,
2535 1823 2579 1867 et
2605 1830 2706 1866 non
2731 1820 2939 1881 egerunt
2963 1806 3307 1879 pmnitentiam
3344 1818 3498 1873 super
3525 1801 3749 1852 immun-

2159 1906 2307 1971 ditia,
2332 1916 2379 1958 et
2400 1905 2753 1974 fornicatione,
2772 1913 2815 1956 et
2844 1897 3162 1969 impudicitia
3185 1912 3337 1966 quam
3360 1899 3618 1965 gesserunt
3664 1887 3745 1958 (Îž.

2157 1995 2276 2050 Cor.
2320 1995 2405 2050 t2.
2436 1994 2499 2048 2|
2551 1993 2591 2065 ).
2617 1995 2839 2050 Declara
2869 1991 3180 2045 charitatem
3208 2001 3334 2057 erga
3363 1995 3699 2056 peccatorem
3728 1998 3741 2035 :

2154 2086 2415 2158 persuade
2450 2086 2566 2155 ipsi,
2590 2084 2730 2155 quod
2760 2083 3042 2138 consulens
3057 2092 3109 2136 et
3133 2095 3347 2143 curans,
3366 2094 3471 2133 non
3500 2076 3741 2131 traduce-

2153 2195 2216 2235 re
2238 2179 2444 2244 volens,
2476 2178 2680 2247 peccati
2704 2176 2872 2246 ipsum
2888 2174 3299 2229 commonefacis
3315 2189 3329 2225 :
3344 2169 3742 2240 comprehende

2153 2273 2336 2344 pedes,
2356 2271 2620 2335 osculare,
2640 2285 2705 2324 ne
2721 2269 3031 2333 erubescas,
3047 2268 3091 2321 si
3110 2266 3268 2321 modo
3287 2281 3408 2320 vere
3426 2262 3623 2318 mederi
3640 2262 3739 2315 vis.

2219 2363 2501 2434 Confessio.
2540 2391 2615 2403 â€”
2656 2361 2783 2416 Hzec
2826 2369 2881 2415 et
2920 2359 3112 2415 medici
3151 2358 3347 2413 faciunt
3392 2360 3618 2427 sa-pius,
3648 2354 3741 2423 qui

2149 2456 2230 2511 dif
2231 2456 2395 2510 liciles
2421 2462 2653 2525 aegrotos
2679 2452 2908 2517 habent;
2938 2450 3324 2512 deosculantes,
3346 2458 3596 2517 rogantes
3619 2462 3742 2515 per-

2148 2549 2371 2604 suadent
2410 2548 2699 2603 salutarem
2754 2559 2969 2599 sumere
3021 2542 3338 2597 medicinam
3368 2556 3381 2593 :
3416 2541 3485 2593 ita
3518 2552 3569 2591 tu
3602 2552 3740 2607 quo-

2148 2655 2252 2709 que
2280 2638 2380 2702 fac,
2408 2636 2675 2693 sacerdoti
2696 2636 2887 2690 vulnus
2907 2632 3187 2688 manifesta
3216 2648 3231 2685 :
3260 2630 3360 2686 hoc
3378 2641 3460 2684 est
3479 2629 3736 2695 curantis,

2150 2732 2256 2786 hoc
2284 2729 2632 2800 providentis,
2672 2728 2776 2783 hoc
2816 2725 3165 2782 consulentis.
3212 2722 3328 2778 Non
3374 2722 3520 2775 solos
3558 2730 3736 2775 autem

2148 2819 2461 2886 maledicos,
2495 2820 2588 2876 sed
2634 2829 2689 2875 et
2725 2818 2844 2873 aliis
2886 2816 3093 2871 detrahi
3151 2813 3430 2868 audientes
3475 2811 3737 2864 admoneo

2145 2927 2304 2968 aures
2329 2912 2626 2975 obstruere,
2658 2919 2713 2965 et
2732 2907 3046 2980 prophetam
3074 2905 3268 2960 imitari
3295 2903 3559 2958 dicentem
3587 2916 3605 2953 :
3628 2898 3733 2952 De-

2144 3004 2423 3058 tmltentem
2455 3010 2641 3057 secreto
2672 3000 2901 3072 proximo
2922 2998 3174 3064 suo,hunc
3197 2993 3561 3065 persequebar(
3584 2989 3731 3044 Psal.

2142 3096 2267 3152 100.
2295 3096 2393 3165 5).
2436 3095 2531 3150 Dic
2564 3095 2827 3165 proximo,
2862 3091 3040 3146 Habes
3068 3090 3320 3160 aliquem,
3351 3102 3507 3157 quem
3544 3082 3727 3138 laudes

2137 3196 2193 3243 et
2210 3186 2553 3242 commendes
2578 3187 2601 3239 á¿š
2636 3182 3007 3254 auresaperio,
3037 3188 3376 3250 utunguenta
3408 3176 3729 3245 suscipiam;

2136 3278 2181 3334 si
2206 3293 2335 3333 vero
2382 3277 2523 3332 ntale
2546 3276 2676 3332 velis
2700 3276 2900 3341 dicere,
2927 3273 3108 3329 verbis
3158 3273 3458 3342 ingressum
3488 3269 3680 3323 obturo
3710 3283 3727 3321 :

2137 3385 2245 3424 non
2275 3369 2420 3424 enim
2447 3378 2655 3423 stercus
2685 3376 2740 3423 et
2766 3380 2981 3422 ctenum
3011 3363 3255 3432 accipere
3285 3361 3545 3416 sustineo.
3574 3355 3729 3426 Quod

2138 3460 2269 3515 mihi
2294 3460 2524 3527 lucrum,
2567 3460 2613 3514 si
2638 3458 2897 3523 didicero,
2926 3456 3079 3511 illum
3108 3468 3228 3509 esse
3254 3451 3552 3522 improbum
3573 3449 3596 3502 ?
3619 3449 3730 3503 imo

2137 3552 2431 3608 maximum
2462 3560 2839 3607 nocumentum
2869 3564 2937 3606 ex
2982 3548 3104 3613 hoc,
3134 3556 3189 3602 et
3220 3553 3465 3601 extrema
3496 3544 3726 3613 jactura.

2138 3642 2381 3713 Loquere
2406 3641 2471 3697 ad
2503 3643 2675 3712 ipsum
2710 3640 3004 3698 :Curemus
3033 3634 3515 3707 nostra,quomodo
3545 3649 3729 3704 pecca-

2134 3742 2309 3788 torum
2350 3734 2613 3788 rationem
2653 3730 2963 3798 reddamus,
2994 3738 3050 3786 et
3096 3729 3461 3785 curiositatem
3509 3727 3643 3780 hunc
3670 3733 3726 3777 et

2128 3839 2410 3895 operosam
2442 3822 2836 3892 indagationem
2860 3821 3002 3876 circa
3022 3823 3182 3875 vitam
3205 3827 3443 3875 nostram
3465 3818 3726 3874 exhibea-

2128 3931 2269 3970 mus.
2298 3914 2468 3983 Quam
2495 3914 2637 3971 enim
2659 3912 2976 3969 habebimus
3000 3913 3423 3977 excusationem,
3448 3925 3607 3981 quam
3629 3925 3723 3964 ve-

2129 4007 2296 4071 niam,
2327 4021 2451 4061 cum
2507 4014 2687 4061 nostra
2742 4019 2812 4059 ne
2856 4004 2910 4058 in
2952 4011 3184 4058 mentem
3220 4000 3435 4071 quidem
3481 4000 3719 4066 veniant,

2128 4098 2300 4152 aliena
2346 4111 2474 4152 vero
2500 4097 2711 4151 curiose
2740 4091 3085 4150 scrutemur?
3114 4090 3263 4147 Sicut
3291 4091 3345 4145 in
3387 4090 3604 4144 domum
3658 4105 3721 4145 se

2128 4190 2411 4255 inclinare,
2443 4198 2498 4244 et
2528 4188 2786 4244 interiora
2815 4186 3160 4242 considerare
3189 4181 3538 4254 przetereunti
3565 4190 3720 4253 turpe

2125 4291 2227 4348 e'st,
2260 4288 2315 4336 et
2342 4282 2504 4336 multa
2534 4281 2826 4351 ignominia
2854 4281 3069 4350 plenum
3095 4296 3109 4333 :
3136 4280 3215 4333 sic
3238 4286 3291 4333 et
3317 4278 3459 4333 circa
3489 4278 3718 4333 alienam

2122 4373 2284 4426 vitam
2328 4380 2571 4441 satagere
2601 4372 2975 4427 illiberalitatis
3009 4380 3266 4426 extrema:
3292 4380 3394 4426 est.
3426 4368 3541 4425 Hoc
3587 4385 3717 4426 vero

2121 4464 2403 4518 ridiculum
2444 4462 2611 4532 magis
2644 4471 2746 4530 est,
2772 4459 2914 4533 quod
2960 4462 3120 4518 talem
3153 4462 3413 4517 habentes
3440 4463 3624 4528 vitam,
3658 4471 3714 4518 et

2119 4568 2208 4609 res
2252 4569 2376 4610 suas
2419 4554 2768 4624 negligentes,
2798 4568 2919 4608 cum
2946 4552 3146 4624 aliquid
3171 4568 3427 4608 arcanum
3459 4553 3713 4620 dixerint,

2117 4654 2307 4713 rogant
2327 4644 2634 4700 audientem
2657 4651 2711 4700 et
2730 4643 2996 4715 adjurant,
3019 4659 3087 4699 ne
3104 4644 3351 4714 cuiquam
3373 4644 3524 4699 alteri
3546 4644 3711 4710 dicat,

2118 4735 2243 4791 hinc
2270 4736 2626 4804 declarantes,
2658 4751 2718 4792 se
2744 4751 2857 4792 rem
2880 4730 3297 4807 reprehensione
3323 4736 3536 4807 dignam
3562 4751 3712 4791 com-

2118 4830 2349 4886 misisse.
2382 4829 2437 4887 Si
2464 4830 2605 4885 euim
2636 4830 2805 4897 illum,
2830 4838 2888 4884 ut
2914 4830 3113 4885 nemini
3142 4828 3305 4896 dicat,
3332 4844 3507 4900 rogas,
3542 4830 3710 4882 multo

2116 4923 2287 4993 magis
2318 4930 2369 4977 te
2408 4920 2639 4992 priorem
2669 4921 2791 4977 huic
2820 4921 3000 4977 dicere
3025 4937 3132 4976 non
3158 4921 3454 4990 oportebat.
3505 4919 3559 4974 In
3593 4928 3708 4975 tut'o

2115 5029 2417 5070 sermonem
2447 5013 2686 5070 habebas
2711 5032 2724 5069 :
2756 5023 3034 5085 postquam
3054 5014 3226 5084 ipsum
3252 5013 3550 5083 prodidisti,
3577 5022 3705 5069 tunc

2114 5106 2341 5160 salutem
2375 5104 2545 5176 ipsius
2584 5120 2775 5172 curas;
2823 5107 2869 5161 si
2900 5120 3006 5161 non
3035 5106 3117 5160 vis
3143 5103 3322 5160 efferri
3362 5105 3431 5160 ad
3473 5106 3700 5160 alterum

2112 5211 2286 5266 neque
2336 5197 2452 5268 ipse
2499 5196 2697 5265 dicas;
2729 5209 3008 5270 postquam
3058 5212 3186 5253 vero
3214 5196 3369 5251 alteri
3417 5197 3699 5267 prodidisti

2109 5289 2376 5343 sermonis
2400 5290 2720 5357 custodiam,
2748 5289 3011 5360 superflua
3036 5289 3164 5343 facis
3188 5298 3243 5343 et
3263 5289 3489 5357 inutilia,
3512 5291 3701 5346 admo-

2108 5398 2244 5438 nens
2263 5392 2318 5438 et
2333 5384 2604 5439 obtestans
2616 5398 2714 5453 pro
2738 5383 2999 5437 dictorum
3016 5380 3389 5439 custodia.Sed
3402 5383 3698 5453 jucundum

2107 5476 2429 5532 detrahere?
2451 5477 2559 5530 imo
2574 5477 2864 5545 jucundum
2889 5492 2992 5532 non
3015 5476 3320 5536 detrahere.
3344 5478 3444 5547 Qui
3466 5477 3697 5532 detrahit

2106 5571 2248 5624 enim
2277 5569 2525 5638 deinceps
2548 5568 2738 5622 anxius
2765 5576 2867 5636 est,
2891 5570 3193 5640 suspicatur
3217 5580 3271 5626 et
3298 5571 3467 5631 timet.
3491 5579 3546 5625 et
3570 5583 3693 5623 eum

2106 5661 2349 5731 paenitet,
2384 5671 2435 5717 et
2468 5660 2699 5732 linguam
2725 5674 2876 5714 suam
2937 5662 3170 5728 mordet,
3202 5663 3394 5727 timens
3422 5673 3473 5716 et
3503 5662 3691 5715 tremi-

2100 5767 2280 5819 scens,
2304 5768 2371 5808 ne
2396 5754 2535 5809 forte
2557 5754 2675 5808 aliis
2703 5753 3037 5809 enuntiatum
3064 5756 3286 5813 verbum
3314 5768 3563 5823 magnum
3589 5753 3691 5809 sibi

2101 5846 2401 5921 periculum
2430 5847 2638 5917 afferat,
2668 5857 2722 5904 et
2758 5847 3083 5920 superï¬‚uam
3114 5860 3166 5913 et
3201 5848 3440 5905 inutilem
3508 5846 3689 5905 inimi-
