4494 6672
751 458 817 512 εδ
1462 458 1515 515 S.
1555 458 1828 514 JOANNIS
1864 452 2335 515 CllilYSOSTOMI
2378 458 2691 515 ARClllEP.
2732 459 3253 521 CONSTANTINOP.
3952 467 4016 517 Fui

749 571 926 621 citium
973 568 1056 629 iis,
1099 568 1186 639 qui
1228 568 1433 636 dixere,
1466 579 1758 639 operetur:
1795 570 1885 638 qui
1930 571 2162 641 seipsum
2202 586 2331 626 vero

753 660 1015 726 continet,
1049 661 1100 714 in
1131 661 1415 715 securitate
1443 660 1669 730 plurima
1698 674 1819 714 cum
1848 661 2014 715 multa
2048 663 2191 717 vivet
2237 676 2332 716 vo-

746 750 799 804 lu
810 761 894 821 pta
904 760 978 806 te.

823 841 1082 896 Detractio
1134 841 1356 896 vitanda.
1410 870 1481 881 —-
1522 841 1721 894 Audisti
1768 842 2096 897 sermonem?
2142 841 2331 912 inquit,

755 934 1000 986 moriatur
1019 935 1072 986 in
1097 944 1143 987 te
1170 949 1188 986 :
1213 932 1431 1000 conﬁde,
1460 949 1560 986 non
1592 942 1639 986 te
1664 934 1943 1003 disrumpet
1997 936 2017 1007 (
2046 935 2206 989 Eccli.
2238 934 2332 989 19.

755 1021 866 1089 10).
895 1021 1027 1087 Quid
1050 1031 1153 1085 est,
1184 1020 1435 1074 Moriatur
1461 1023 1512 1075 in
1539 1023 1627 1075 te?
1654 1023 1943 1094 Exstingue
1962 1024 2155 1093 ipsum,
2184 1023 2334 1077 defo-

753 1111 884 1175 dito,
916 1126 1014 1165 nec
1041 1113 1206 1177 exire,
1238 1127 1409 1181 neque
1441 1114 1651 1181 penitus
1674 1117 1877 1170 moveri
1900 1116 2209 1185 permittas;
2239 1115 2333 1170 sed

754 1206 988 1259 maxime
1016 1206 1189 1271 stude,
1222 1221 1321 1263 nec
1344 1207 1477 1261 alios
1516 1209 1729 1277 quidem
1763 1210 1899 1263 male
1924 1209 2160 1263 dicentes
2197 1209 2335 1262 tole-

753 1309 893 1348 rare.
917 1294 1067 1363 Quod
1096 1296 1139 1349 si
1168 1296 1377 1365 quando
1402 1306 1457 1352 et
1478 1300 1801 1366 susceperis,
1821 1298 2061 1362 infodito,
2087 1298 2335 1354 interime

753 1384 975 1450 dictum,
1005 1386 1258 1441 oblivioni
1286 1389 1456 1455 trade,
1495 1400 1553 1443 ut
1596 1391 1660 1443 iis
1688 1390 1773 1459 qui
1810 1404 1917 1442 non
1958 1390 2222 1444 audierint
2256 1390 2332 1443 si-

755 1474 898 1529 milis
924 1475 1038 1542 ﬁas,
1061 1486 1116 1532 et
1145 1493 1265 1531 cum
1295 1481 1455 1532 multa
1481 1494 1609 1548 pace
1627 1488 1679 1533 et
1710 1479 1992 1532 securitate
2016 1486 2333 1547 praesentem

756 1565 1020 1635 transigas
1074 1566 1256 1620 vitam.
1291 1566 1343 1622 Si
1374 1567 1640 1621 delatores
1688 1567 1989 1631 didicerint,
2019 1568 2159 1637 quod
2191 1570 2336 1638 ipsos

758 1654 925 1723 magis
946 1670 1102 1723 quam
1143 1665 1418 1710 accusatos
1446 1671 1776 1723 aversemur,
1811 1667 1865 1711 et
1893 1657 1992 1727 ipsi
2025 1658 2237 1713 tandem
2268 1660 2337 1716 ab

755 1742 856 1797 hac
886 1746 1021 1798 mala
1070 1745 1448 1799 consuetudine
1481 1746 1760 1809 desistent,
1807 1757 1863 1803 et
1892 1758 2165 1817 peccatum
2211 1766 2338 1804 cor-

755 1834 947 1903 rigent,
976 1846 1028 1889 et
1053 1835 1339 1889 laudabunt
1374 1837 1630 1906 posthaec,
1657 1847 1711 1892 et
1732 1854 1829 1893 nos
1853 1840 1997 1909 ipsos
2026 1841 2177 1909 quasi
2211 1856 2338 1896 suos

753 1934 1054 1978 servatores
1088 1935 1143 1978 et
1172 1925 1541 1982 benefactores
1588 1927 1974 1997 prmdicabunt.
2019 1929 2167 1984 Sicut
2192 1932 2335 1985 enim

753 2011 1067 2068 benedicere
1094 2025 1148 2069 et
1193 2016 1412 2071 laudare
1442 2019 1708 2083 amicitia),
1739 2020 1817 2074 sic
1842 2028 1897 2074 et
1939 2022 2259 2076 maledicere
2284 2030 2339 2077 et

752 2101 1063 2158 calumniari
1086 2105 1377 2162 inimicitiae
1395 2116 1448 2162 et
1468 2109 1574 2163 odii
1601 2120 1653 2165 et
1676 2110 1985 2179 injuriarum
2018 2114 2337 2182 principium

752 2201 854 2255 est,
874 2203 1032 2264 atque
1058 2196 1383 2252 inﬁnitarum
1417 2200 1801 2254 discordiarum
1829 2204 2074 2256 materia.
2102 2203 2215 2257 Non
2237 2204 2338 2257 ali-

757 2283 900 2339 unde
951 2294 1132 2340 nostra
1178 2289 1531 2358 negliguntur,
1587 2305 1744 2358 quam
1808 2292 1949 2360 quod
1988 2292 2162 2346 aliena
2189 2301 2336 2346 sata-

755 2372 928 2443 gimus
953 2378 1267 2445 curioseque
1282 2388 1581 2432 scrutamur
1604 2397 1618 2432 :
1649 2394 1754 2432 non
1782 2381 1923 2433 enim
1949 2390 2102 2435 vacat
2131 2382 2334 2435 homini

756 2463 1035 2533 maledico,
1060 2477 1112 2522 et
1127 2468 1333 2525 alienos
1348 2472 1645 2539 exquirenti
1661 2487 1856 2537 mores,
1881 2475 2149 2543 propriam
2168 2491 2337 2545 quan-

753 2556 929 2628 doque
954 2560 1117 2614 vitam
1144 2575 1333 2616 curare
1363 2579 1376 2615 :
1407 2562 1584 2617 studio
1608 2565 1749 2618 enim
1778 2566 1920 2619 omni
1954 2566 2005 2619 in
2036 2566 2333 2621 alienorum

752 2650 1114 2705 curiositatem
1145 2653 1406 2722 impenso,
1438 2671 1661 2711 necesse
1685 2665 1768 2711 est
1790 2659 1966 2712 omnia
1995 2657 2109 2727 ejus
2134 2664 2339 2713 temere

754 2749 811 2796 et
836 2743 1167 2813 negligenter
1190 2745 1388 2814 jacere.
1421 2747 1632 2801 Etenim
1664 2748 1799 2803 bene
1825 2748 2102 2803 nobiscum
2128 2750 2209 2819 agi
2239 2765 2338 2818 pu-

757 2835 973 2889 tandum
1018 2846 1120 2901 csl,
1177 2839 1221 2890 si
1266 2854 1424 2893 omne
1462 2841 1626 2894 otium
1676 2840 1729 2893 in
1783 2842 2118 2909 propriorum
2156 2857 2339 2895 curam

758 2935 1094 2995 peccatorum
1121 2937 1174 2983 et
1197 2928 1452 2997 judicium
1485 2931 1849 2999 impendentes
1877 2931 2136 3000 proﬁcere
2163 2931 2338 3000 possi-

759 3028 877 3069 mus
908 3032 1063 3072 :cum
1093 3033 1221 3072 vero
1263 3034 1474 3090 semper
1508 3021 1676 3074 aliena
1699 3035 1874 3085 cures,
1899 3021 2110 3091 quando
2135 3021 2203 3075 de
2235 3021 2337 3076 tuis

754 3106 1013 3161 sollicitus
1034 3109 1141 3163 eris
1166 3110 1365 3165 malis?

827 3199 879 3254 6.
924 3200 1211 3270 Fugiamus
1234 3202 1413 3271 igitur,
1439 3202 1639 3267 dilecti,
1670 3202 1933 3273 fugiamus
1955 3202 2334 3269 detractiones,

758 3289 900 3344 docti
928 3290 979 3344 id
1009 3306 1128 3345 esse
1151 3300 1318 3346 totum
1360 3292 1557 3348 diaboli
1601 3294 1908 3347 barathrum
1941 3302 1993 3347 et
2023 3293 2335 3348 insidiarum

757 3382 873 3451 ejus
918 3382 1214 3437 latibulum.
1249 3383 1317 3439 Ut
1358 3386 1499 3438 enim
1532 3394 1710 3439 nostra
1742 3385 2092 3455 negligamus,
2129 3394 2182 3439 et
2217 3399 2341 3453 gra-

758 3475 934 3530 viores
962 3476 1114 3531 nobis
1142 3485 1321 3532 reatus
1346 3477 1752 3542 constituamus,
1803 3477 1857 3531 in
1904 3478 2042 3532 hanc
2086 3490 2184 3530 nos
2210 3490 2341 3529 con-

756 3561 1087 3622 suetudinem
1104 3568 1346 3624 diabolus
1367 3569 1546 3629 duxit;
1571 3569 1676 3623 imo
1689 3583 1817 3622 vero
1846 3583 1950 3622 non
1982 3567 2034 3621 id
2066 3567 2135 3621 ibi
2165 3567 2340 3620 solum

758 3660 897 3714 inest
924 3661 1071 3726 mali,
1095 3661 1235 3730 quod
1264 3670 1389 3716 tunc
1415 3662 1676 3715 rationem
1722 3661 1967 3715 dabimus
1998 3675 2181 3714 eorum
2222 3674 2341 3728 qua:

754 3748 1007 3815 diximus,
1039 3750 1135 3806 sed
1166 3751 1325 3805 etiam
1355 3751 1498 3821 quod
1534 3761 1749 3821 peccata
1780 3760 1959 3805 nostra
1990 3751 2067 3805 sic
2093 3750 2337 3820 graviora

756 3842 1030 3908 faciemus,
1067 3844 1211 3897 omni
1243 3859 1342 3898 nos
1370 3843 1720 3898 excusatione
1749 3845 2018 3913 privantes
2039 3860 2052 3895 :
2077 3843 2165 3913 qui
2193 3843 2335 3896 enim

753 3936 946 3991 acerbe
969 3936 1138 3991 aliena
1161 3938 1408 4008 exquirit,
1439 3937 1489 3991 in
1512 3936 1717 3991 delictis
1732 3939 1842 3991 suis
1864 3936 2061 3990 nullam
2086 3949 2338 4004 umquam

756 4026 962 4080 veniam
988 4029 1342 4082 nanciscetur.
1376 4028 1490 4082 Non
1521 4029 1664 4083 enim
1694 4036 1898 4081 tantum
1929 4043 1956 4079 a
2000 4037 2339 4097 peccatorum

762 4129 1064 4175 nostrorum
1110 4134 1320 4188 natura,
1367 4123 1461 4177 sed
1484 4132 1537 4176 et
1567 4138 1631 4176 ex
1660 4121 1857 4191 judicio
1884 4121 1950 4175 de
1996 4121 2116 4173 aliis
2160 4128 2343 4173 nostro

756 4213 1074 4265 sententiam
1105 4212 1246 4266 Deus
1277 4210 1513 4281 proferet
1542 4230 1553 4264 :
1589 4212 1786 4266 idcirco
1811 4210 2085 4264 admonuit
2109 4210 2294 4264 dicens
2325 4226 2340 4265 :

762 4300 941 4354 Nolite
975 4301 1234 4371 judicare,
1281 4317 1344 4354 ne
1380 4302 1683 4370 judicemini
1712 4301 1733 4372 (
1764 4300 1949 4353 Matth.
1982 4301 2034 4354 7.
2061 4301 2085 4353 1
2142 4298 2162 4371 )
2191 4317 2202 4352 :
2234 4313 2340 4353 non

756 4393 899 4446 enim
939 4392 1093 4461 quale
1115 4390 1211 4445 fuit
1238 4402 1534 4461 peccatum,
1570 4393 1673 4447 tale
1701 4393 1809 4448 illic
1835 4393 1886 4446 in
1916 4392 2146 4446 futurum
2175 4406 2341 4461 appa-

756 4482 933 4547 rebit;
980 4482 1073 4537 sed
1101 4483 1383 4551 quamdam
1433 4498 1675 4554 magnam
1722 4494 1774 4538 et
1808 4483 2163 4538 inevitabilem
2193 4482 2343 4537 addi-

758 4574 953 4627 tionem
996 4590 1026 4628 a
1075 4574 1273 4644 judicio
1300 4575 1351 4628 in
1380 4590 1697 4630 conversum
1731 4577 1867 4629 facto
1914 4576 2156 4644 accipiet.
2193 4574 2342 4628 Sicut

758 4665 900 4719 enim
927 4664 1190 4719 humanus
1220 4675 1274 4719 et
1301 4665 1442 4718 mitis
1472 4675 1525 4718 et
1548 4665 1785 4718 clemens
1812 4665 2068 4732 majorem
2097 4671 2345 4731 peccato-

761 4772 877 4811 rum
921 4758 1235 4826 gravitatem
1272 4758 1538 4811 succidit:
1570 4758 1639 4810 ita
1681 4757 1903 4810 acerbus
1933 4765 1988 4810 et
2029 4756 2261 4809 crudelis
2290 4763 2346 4809 et

758 4848 1113 4917 implacabilis
1144 4863 1391 4918 magnum
1424 4848 1650 4917 propriis
1692 4848 1900 4916 pondus
1928 4846 2157 4916 peccatis
2177 4860 2344 4914 appo-

755 4940 853 4993 nit.
911 4938 1262 4994 Eliminemus
1309 4939 1469 5009 igitur
1494 4954 1707 4993 omnem
1738 4954 1801 4992 ex
1829 4952 1923 4991 ore
1949 4945 2135 4990 nostro
2164 4936 2345 4989 detra-

754 5033 1013 5095 cdonem,
1030 5032 1259 5086 scientes
1281 5031 1419 5101 quod
1442 5032 1541 5085 etsi
1564 5032 1796 5085 cinerem
1818 5028 2185 5091 comedamus,
2201 5025 2347 5080 nulla

761 5124 915 5179 nobis
940 5138 1144 5193 aSpera:
1164 5124 1284 5177 vita:
1309 5123 1463 5191 hujus
1483 5123 1678 5176 utilitas
1699 5124 1819 5183 erit,
1846 5122 1944 5173 nisi
1968 5136 1994 5171 a
2013 5118 2347 5173 detractione

758 5213 1122 5267 abstineamus
1147 5230 1160 5266 :
1192 5228 1297 5266 non
1321 5213 1463 5266 enim
1490 5227 1606 5281 qua:
1635 5212 1833 5264 intrant
1873 5210 2215 5277 coinquinant
2245 5208 2345 5261 ho-

764 5305 984 5369 minem,
1013 5303 1108 5358 sed
1129 5319 1248 5374 qua:
1278 5313 1474 5358 exeunt
1501 5318 1565 5356 ex
1590 5301 1723 5371 ore(
1756 5299 1939 5352 Matth.
1966 5301 2050 5354 15.
2088 5300 2172 5353 l7.
2210 5301 2275 5353 18
2300 5298 2341 5370 ).

761 5393 818 5449 Si
847 5395 966 5464 quis
1006 5402 1059 5449 te
1103 5403 1457 5464 praetereunte
1492 5402 1699 5448 stercus
1743 5400 2099 5455 commoveat,
2143 5404 2343 5455 nonne,

759 5500 964 5557 qumso,
996 5486 1143 5539 illum
1167 5487 1407 5540 convicio
1432 5494 1486 5540 et
1506 5485 1827 5539 contumelia
1857 5482 2058 5537 aﬂicias
2083 5482 2105 5534 ?
2133 5481 2243 5535 lloc
2265 5480 2349 5535 fac

753 5589 807 5632 et
836 5593 962 5647 erga
987 5576 1346 5632 detractores.
1373 5576 1489 5631 Non
1522 5578 1758 5631 enimsic
1788 5584 2115 5632 commotum
2145 5582 2353 5627 stercus

757 5670 901 5722 illum
968 5668 1207 5723 ftctorem
1276 5669 1676 5738 suspicientium
1734 5669 1939 5725 cerebri
1980 5666 2350 5723 membranam

757 5761 1013 5830 pet'cnilil,
1052 5762 1191 5815 sicut
1218 5762 1391 5815 aliena
1423 5772 1637 5830 peccata
1659 5777 1904 5826 excussa,
1929 5770 1983 5817 et
2010 5760 2115 5815 vita
2143 5760 2351 5827 impura

758 5852 1039 5922 patefacta,
1064 5855 1389 5909 audientium
1409 5854 1615 5910 animos
1627 5856 1943 5911 contristare
1962 5864 2013 5911 et
2037 5852 2349 5925 perturbare

2441 571 2635 627 solent.
2662 570 3035 628 Abstineamus
3057 576 3216 644 igitur
3237 592 3263 628 a
3294 575 3642 639 detractione,
3675 579 4021 648 turpiloqmo,

2446 660 2796 731 blasphemia,
2820 670 2874 717 et
2904 678 3076 732 neque
3107 667 3373 735 proximo,
3398 682 3567 736 neque
3597 666 3702 719 Deo
3730 667 4009 722 maledica-

2441 766 2560 805 mus
2589 768 2603 806 :
2633 754 2780 808 multi
2798 754 2938 808 enim
2961 753 3381 810 obtrectatorum
3409 774 3474 811 eo
3499 756 3695 811 furoris
3721 757 3849 826 lapsi
3871 770 4016 824 sunt,

2441 850 2499 894 ut
2535 857 2565 895 a
2591 844 2865 898 conservis
2891 843 2943 897 in
2986 843 3152 898 Deum
3184 845 3417 916 linguam
3449 864 3598 902 suam
3628 848 4017 903 rcvocaverint.

2440 931 2706 999 Quantum
2735 951 2864 991 vero
2885 937 2954 991 sit
2984 936 3085 990 hoc
3111 937 3331 1003 malum,
3364 954 3430 993 ex
3455 942 3613 995 rebus
3644 955 3782 995 nunc
3808 954 3906 994 nos
3932 955 4023 991 ur-

2440 1021 2687 1090 gentibus
2709 1024 2875 1079 disce.
2910 1025 3048 1080 Ecce
3072 1025 3216 1080 enim
3242 1025 3404 1080 homo
3433 1027 3678 1097 injuriam
3699 1044 3887 1100 passus
3915 1038 4017 1094 est,

2440 1120 2494 1165 et
2512 1126 2700 1168 omnes
2725 1115 2975 1171 timemus
3003 1126 3054 1171 et
3084 1117 3384 1184 tremimus,
3415 1126 3470 1172 et
3490 1120 3577 1188 qui
3610 1119 3903 1177 intulerunt
3933 1122 4017 1174 in-

2435 1201 2652 1271 juriam,
2680 1210 2735 1257 et
2758 1205 2847 1273 qui
2864 1205 2932 1260 de
2954 1208 3097 1261 nulla
3119 1207 3423 1277 hujusmodi
3446 1223 3503 1264 re
3523 1209 3620 1263 sibi
3646 1218 3771 1265 sunt
3790 1212 4017 1274 conscii,

2443 1292 2583 1348 Deus
2609 1304 2785 1348 autem
2830 1310 2927 1364 per
2955 1298 3196 1366 singulos
3221 1299 3337 1354 dies
3366 1300 3559 1370 injuria
3588 1300 3820 1356 afﬁcitur
3851 1320 3863 1356 :
3897 1304 4021 1372 quid

2440 1380 2561 1435 dico
2591 1397 2687 1451 per
2715 1384 2953 1453 singulos
2979 1385 3137 1440 dies?
3168 1388 3277 1443 imo
3298 1405 3425 1444 vero
3451 1406 3546 1459 per
3573 1392 3810 1461 singulas
3838 1393 4019 1457 horas,

2440 1487 2471 1527 a
2501 1472 2773 1540 divitibus,
2804 1491 2834 1530 a
2876 1477 3221 1547 pauperibus,
3260 1495 3290 1532 a
3338 1483 3553 1549 quietis,
3600 1483 3668 1537 ab
3711 1485 3937 1548 afﬁictis,
3991 1501 4022 1538 τι

2445 1565 2909 1630 calumniantibus.
2934 1583 2963 1622 a
2991 1569 3309 1623 calumniam
3333 1569 3645 1638 ferentibus,
3689 1590 3858 1643 neque
3886 1576 4023 1629 ullus

2445 1671 2666 1725 usquam
2695 1658 2745 1712 id
2766 1669 2935 1715 curat.
2969 1660 3093 1716 Ideo
3120 1675 3436 1717 conservum
3464 1664 3647 1717 violari
3679 1666 3937 1734 permisit,
3968 1677 4023 1720 ut

2442 1763 2507 1800 ex
2535 1747 2771 1816 periculo
2802 1766 2897 1818 per
2908 1753 3283 1806 contumeliam
3304 1762 3492 1807 exorto
3512 1754 3687 1807 discas
3703 1754 3911 1808 Domini
3932 1755 4023 1809 bc-

2444 1838 2781 1908 nignitatem.
2812 1844 2975 1913 Atqui
3017 1843 3119 1898 hoc
3152 1859 3292 1899 nunc
3336 1845 3565 1914 primum
3606 1844 3801 1899 factum
3840 1854 3938 1909 est,
3970 1856 4025 1900 et

2444 1932 2647 1996 solum;
2679 1948 2778 1988 nec
2799 1943 2974 1990 tamen
3002 1946 3218 2005 propter
3235 1932 3335 1991 hoc
3351 1952 3446 1991 nos
3464 1936 3623 1990 ullam
3645 1949 4023 2005 asseqtmturos

2443 2035 2564 2076 esse
2592 2024 2803 2080 veniam
2832 2026 2920 2081 vel
2951 2029 3351 2082 excusationem
3388 2038 3760 2097 exspectamus
3789 2045 3803 2094 ;
3855 2030 4021 2082 Deum

2444 2128 2574 2168 vero
2600 2116 2836 2184 quotidie
2865 2117 3157 2185 irritamus,
3177 2129 3231 2173 et
3252 2120 3454 2174 nullam
3487 2120 3707 2174 facimus
3723 2121 4024 2174 conversio-

2445 2219 2589 2273 nem,
2622 2216 2675 2261 et
2705 2207 2881 2263 adhuc
2906 2224 3028 2263 cum
3053 2211 3198 2263 omni
3229 2211 3628 2279 longanimitate
3655 2213 3897 2266 sustinet.
3934 2212 4023 2266 Vi-

2442 2294 2567 2350 disti
2589 2307 2783 2365 quanta
2823 2299 3033 2352 Domini
3061 2300 3131 2353 sit
3159 2300 3441 2354 clementia
3467 2302 3491 2355 ?
3520 2301 3590 2355 Et
3616 2304 3665 2354 in
3695 2301 3793 2356 hac
3810 2300 4022 2371 quidem

2442 2387 2880 2454 praevaricatione
2901 2390 2991 2457 qui
3018 2398 3399 2458 peccaverunt,
3428 2391 3567 2459 capti
3598 2399 3737 2455 sunt,
3765 2400 3815 2445 et
3844 2393 3895 2443 in
3916 2406 4025 2445 mr-

2440 2492 2619 2532 cerem
2647 2478 2870 2545 detrusi,
2889 2495 3183 2550 poenasque
3209 2480 3503 2546 dederunt;
3528 2481 3623 2536 sed
3652 2492 3829 2536 tamen
3852 2481 4023 2534 adhuc

2442 2567 2729 2624 timemus:
2762 2569 2988 2624 necdum
3034 2571 3181 2625 enim
3224 2570 3360 2626 facta
3392 2571 3553 2626 lmsus
3581 2572 3800 2635 audivit,
3854 2587 4025 2641 neque

2445 2658 2766 2713 sententiam
2817 2660 3135 2724 enuntiavit,
3188 2668 3244 2714 et
3290 2674 3477 2715 omnes
3517 2662 3830 2723 tremimus;
3884 2661 4024 2714 Dt‘lzs

2446 2762 2573 2803 vero
2594 2749 2835 2818 quotidie
2858 2750 3212 2804 contumelias
3244 2750 3297 2804 in
3327 2765 3385 2805 se
3412 2749 3579 2805 factas
3594 2751 3762 2813 audit,
3788 2759 3841 2805 et
3871 2766 4027 2804 nemo

2446 2838 2793 2904 convertitur,
2847 2838 2974 2893 licet
3014 2839 3105 2893 ille
3157 2840 3227 2893 sit
3252 2848 3357 2892 tam
3391 2840 3631 2894 clemens
3655 2848 3709 2894 et
3744 2841 3903 2893 mitis.
3952 2842 4026 2892 liti

2444 2934 2723 2994 peccatum
2755 2927 2936 2983 dicere
2977 2929 3194 2993 sufﬁcit,
3226 2938 3280 2983 et
3308 2929 3510 2983 crimen
3541 2929 3802 2993 solvitur;
3846 2929 3897 2982 in
3929 2930 4027 2982 ho-

2442 3016 2679 3070 minibus
2719 3031 2851 3071 vero
2892 3018 3222 3071 contrarium
3272 3019 3505 3087 penitus,
3557 3034 3678 3073 cum
3722 3028 4029 3088 peccatores

2442 3107 2673 3161 confessi
2698 3106 2915 3175 fuerint,
2947 3117 3073 3163 tunc
3099 3109 3269 3179 magis
3296 3109 3625 3178 puniuntur:
3651 3110 3791 3180 quod
3814 3110 4029 3179 quidem

2443 3209 2499 3254 et
2524 3214 2665 3254 nunc
2694 3199 2891 3254 factum
2919 3208 3023 3254 est.

2516 3288 2790 3344 Prwsentt's
2818 3290 3123 3344 calamitatis
3148 3290 3438 3359 descriptio.
3468 3319 3538 3329 —-
3568 3289 3701 3344 Nam
3732 3290 3784 3344 hi
3814 3289 4030 3360 quidem

2446 3379 2605 3445 ferro,
2628 3380 2705 3434 illi
2733 3396 2861 3434 vero
2889 3380 3015 3449 igni,
3043 3380 3256 3449 quidam
3283 3388 3460 3434 autem
3491 3379 3674 3434 besﬁis
3704 3380 3879 3434 traditi
3909 3396 4032 3449 per-

2448 3471 2657 3534 ierunt,
2705 3484 2811 3524 non
2840 3470 2936 3523 viri
2968 3478 3171 3524 tantum
3195 3510 3209 3534 ,
3242 3468 3336 3523 sed
3393 3478 3447 3523 et
3494 3469 3643 3538 pueri
3677 3487 3690 3523 :
3723 3484 3822 3524 nec
3861 3472 4034 3523 atatis

2447 3558 2822 3624 immaturitas,
2870 3573 2969 3613 nec
3009 3558 3188 3628 populi
3222 3558 3506 3621 tumultus,
3554 3572 3652 3612 nec
3678 3557 3818 3627 quod
3855 3558 4034 3611 furore

2446 3650 2707 3706 diabolica
2737 3651 2917 3721 perciti
2943 3650 3159 3720 quidam
3190 3650 3305 3704 btec
3332 3650 3585 3717 fecerint,
3615 3665 3713 3705 nec
3736 3650 3876 3720 quod
3904 3666 4031 3704 exa-

2444 3742 2551 3795 ctio
2595 3741 2943 3796 intolerabilis
2990 3750 3176 3807 esset,
3231 3754 3339 3795 non
3384 3749 3699 3810 paupertas,
3740 3754 3845 3794 non
3890 3740 4031 3808 quod

2442 3846 2727 3885 commune
2774 3839 3052 3901 peccatum
3102 3829 3281 3896 fuerit,
3326 3845 3432 3883 non
3480 3829 3624 3898 quod
3668 3829 4028 3899 promiserint.

2445 3938 2731 3993 numquam
2775 3937 2836 3977 se
2865 3923 3092 3992 amplius
3122 3922 3245 3975 talia
3292 3935 3537 3986 ausuros,
3574 3936 3679 3975 non
3706 3920 3847 3974 aliud
3877 3922 4033 3990 quid-

2445 4028 2602 4080 quam
2634 4013 2852 4065 omnino
2895 4012 3041 4079 ipsos
3068 4010 3297 4079 eripuit;
3344 4009 3439 4065 sed
3478 4010 3678 4079 absque
3706 4010 3849 4063 omni
3879 4011 4033 4063 venia

2448 4106 2514 4160 ad
2538 4105 2844 4159 barathrum
2864 4104 3282 4167 abducebantur,
3317 4102 3573 4157 militibus
3600 4102 3817 4154 armatis
3847 4101 4037 4153 utrim-

2448 4214 2550 4268 que
2598 4200 2742 4267 ipsos
2787 4196 3064 4266 agentibus
3093 4205 3147 4249 et
3174 4193 3589 4249 observantibus
3611 4233 3627 4255 ,
3671 4207 3737 4246 ne
3766 4192 3883 4260 quis
3914 4205 4037 4245 reos

2449 4289 2679 4357 eriperet
2703 4305 2717 4341 :
2741 4298 2795 4342 et
2821 4287 3183 4355 sequebantur
3205 4295 3424 4349 matres,
3451 4283 3634 4353 procul
3655 4281 3867 4352 quidem
3899 4280 4036 4333 ﬁlios

2447 4378 2835 4446 conSpicientes
2859 4377 3182 4441 abstractos,
3205 4374 3562 4428 calamitatem
3587 4380 3759 4426 autem
3781 4370 4035 4439 conqueri

2446 4487 2552 4525 non
2582 4470 2872 4533 audentes;
2925 4467 3176 4523 aﬁ’ectum
3222 4466 3365 4521 enim
3397 4463 3641 4518 vincebat
3690 4461 3935 4521 formido,
3982 4469 4037 4513 ct

2447 4572 2690 4617 naturam
2721 4562 3008 4631 superabat
3035 4569 3233 4614 metus.
3266 4558 3334 4613 Et
3358 4558 3497 4611 sicut
3522 4554 3804 4623 naufragos
3832 4569 3860 4605 a
3892 4561 4034 4607 terra

2447 4663 2764 4709 contuentes
2792 4653 3034 4706 homines
3060 4652 3243 4705 dolent
3268 4649 3484 4719 quidem
3504 4690 3518 4712 ,
3567 4646 3821 4701 accedere
3859 4654 4035 4698 autem

2448 4756 2501 4799 et
2529 4747 2836 4799 submersos
2864 4745 3073 4812 eripere
3116 4757 3221 4795 non
3250 4742 3426 4793 valent
3453 4756 3467 4791 :
3496 4739 3564 4792 ita
3609 4739 3819 4807 quidem
3846 4745 3901 4790 et
3928 4735 4036 4801 hic,

2452 4848 2717 4908 tamquam
2744 4838 2901 4891 undis
2924 4833 3260 4905 quibusdam,
3292 4831 3515 4885 militum
3546 4830 3733 4884 timore
3759 4827 4040 4898 prohibita:

2454 4937 2651 4983 matres
2671 4971 2685 4994 ,
2715 4944 2820 4982 non
2854 4936 3056 4981 tantum
3084 4924 3337 4979 accedere
3356 4966 3370 4987 ,
3398 4934 3451 4978 et
3476 4924 3619 4993 ipsos
3645 4938 3673 4977 a
3700 4920 4041 4977 damnatione

2456 5036 2641 5074 eruere
2671 5035 2776 5074 non
2804 5019 3104 5081 audebant,
3134 5016 3226 5069 sed
3256 5024 3309 5070 et
3342 5016 3597 5069 timebant
3625 5013 3925 5082 deplorare.
3957 5012 4038 5064 An

2458 5112 2582 5165 hinc
2602 5111 2694 5164 Dei
2721 5109 3137 5164 miscricordiam
3166 5108 3427 5177 conjicitis
3448 5122 3606 5175 quam
3636 5104 3915 5158 ineffabilis
3938 5104 4002 5155 sit
4018 5102 4043 5153 ?

2454 5217 2611 5271 quam
2642 5199 2892 5254 inﬁnita?
2929 5198 3196 5269 quomodo
3221 5213 3435 5253 omnem
3478 5196 3814 5249 transcendat
3840 5193 4041 5247 oratio-

2458 5296 2625 5351 nem?
2650 5295 2748 5349 llic
2772 5293 2984 5363 quidem
3015 5293 3081 5359 is,
3108 5293 3198 5363 qui
3228 5292 3387 5346 ltcsus
3412 5296 3517 5353 est,
3545 5296 3600 5344 et
3626 5287 3866 5355 ejusdem
3890 5297 4045 5339 natu-

2453 5405 2551 5455 rrc,
2579 5395 2635 5443 et
2659 5386 2824 5442 semel
2847 5402 2915 5441 ex
2940 5387 3083 5441 onmi
3114 5396 3357 5454 tempore
3384 5381 3486 5434 hoc
3511 5394 3698 5449 passus
3724 5387 3826 5445 est,
3856 5386 3909 5432 et
3940 5391 4044 5428 non

2453 5496 2633 5537 coram
2658 5520 2674 5547 ,
2706 5493 2880 5549 neque
2911 5484 3226 5548 praesens,et
3251 5478 3555 5532 cernens,et
3591 5470 3811 5524 audiens
3836 5509 3849 5531 ,
3884 5475 3936 5521 et
3970 5474 4047 5517 ta-

2455 5589 2577 5628 men
2624 5586 2783 5628 nemo
2821 5586 3036 5626 reorum
3081 5567 3290 5621 veniam
3334 5571 3650 5632 assequulus
3680 5571 3763 5617 est
3795 5579 3807 5614 :
3840 5559 3908 5613 de
3936 5558 4046 5609 lien

2457 5674 2636 5721 autem
2668 5664 2793 5719 nihil
2826 5663 3015 5718 horum
3052 5661 3230 5716 dicere
3269 5658 3391 5711 licet
3439 5656 3675 5712 :etenim
3723 5662 3921 5710 tantum
3965 5655 4049 5698 νει

2458 5757 2555 5815 Dei
2602 5768 2656 5813 et
2701 5757 2931 5811 hominis
2976 5752 3318 5814 discrimem,
3368 5758 3622 5817 quantum
3669 5762 3827 5800 nemo
3871 5739 4049 5793 verbis

2463 5858 2640 5920 possm
2672 5849 2974 5919 exprimere
3004 5862 3017 5899 :
3049 5840 3287 5915 quotidie
3311 5840 3631 5898 contumelia
3657 5837 3886 5894 afficitur
3916 5846 4045 5900 pra:-
