4458 6708
226 410 297 462 55
1232 413 1322 467 AD
1366 414 1698 477 POPULUM
1762 420 2270 481 ANTIOCHENUM
2311 424 2546 481 llOMlL.
2592 427 2677 480 Ill.
3629 435 3699 491 θθ

226 526 409 597 έχων,
443 526 501 581 ὲν
545 527 816 601 ἀσφαλείᾳ
861 526 1029 599 πολλῇ
1066 528 1205 598 μετά
1257 530 1459 604 πολλῆς
1510 534 1767 605 βιώσεται
1817 536 1917 605 τῆς
2027 537 2343 609 κινούμενα,
2385 540 2479 593 καὶ
2526 540 2641 611 βίος
2685 539 2999 613 ἀκάθαρτος
3042 542 3515 616 ἐκκαλυπτόμενος
3545 546 3710 603 λυπεῖ

224 614 444 688 ἡδονῆς.

298 705 599 772 Ἤκουσας
623 706 828 773 λόγον,
861 701 1055 771 φησίν;
1078 699 1489 762 ἐναποθανέτω
1510 725 1610 763 σοι
1631 726 1643 739 ·
1670 708 1901 776 θάρσει,

220 792 295 845 οὐ
325 792 413 861 μή
438 807 513 847 σε
536 790 732 860 ῥήξει.
768 787 835 839 Τί
866 788 1032 849 ἐστιν,
1065 790 1506 849 Ἐναποθανέτω
1534 809 1670 859 σοι;
1705 794 1907 849 Σϐέσον

220 879 408 946 αὐτὸν,
441 878 784 947 κατάχωσον,
812 873 887 946 μὴ
917 879 1280 951 συγχωρήσῃς
1304 878 1560 945 ἐξελθεῖν,
1594 882 1727 953 μηδὲ
1753 899 1907 952 κινη-

221 966 385 1036 θῆναι
414 966 476 1018 τὸ
517 962 813 1031 παράπαν·
864 962 997 1017 ἀλλά
1045 966 1278 1036 μάλιστα
1330 970 1430 1039 μὲν
1492 965 1585 1024 05v
1638 969 1905 1032 σπούδαζε

222 1054 363 1123 μηδὲ
386 1049 676 1119 ἀνέχεσθαι
702 1050 811 1103 τῶν
831 1051 1097 1121 λεγόντων
1126 1056 1347 1126 ἐτέρους
1369 1056 1572 1120 κακῶς.
1605 1057 1703 1109 Ἂν
1725 1058 1770 1109 δ’
1797 1058 1905 1127 ἄρα

219 1157 358 1191 ποτε
394 1138 489 1189 καὶ
522 1136 669 1208 δέξῃ,
706 1140 1039 1210 κατάχωσον,
1078 1142 1401 1195 ἀπόκτεινον
1434 1144 1494 1196 τὸ
1524 1144 1734 1215 λεχθὲν,
1764 1143 1902 1215 λήθῃ

218 1224 502 1295 παράδος,
542 1224 627 1276 ἵνα
661 1228 771 1291 τοῖς
805 1227 879 1298 μὴ
906 1229 1199 1299 ἀκηκοόσιν
1225 1229 1409 1299 ὅμοιος
1450 1230 1602 1304 γένῃ,
1640 1232 1731 1283 καὶ
1766 1231 1905 1301 μετά

218 1311 429 1380 πολλῆς
458 1312 557 1381 τῆς
583 1314 804 1383 εἰρήνης
831 1315 922 1367 καὶ
953 1317 1053 1386 τῆς
1075 1317 1376 1386 ἀσφαλείας
1415 1320 1508 1372 τὸν
1564 1318 1811 1389 παρόντα
1834 1317 1906 1368 δι-

216 1398 365 1470 ἀγῃς
394 1397 526 1467 βίον.
556 1400 653 1451 ’Ἂν
685 1400 929 1469 μάθωσιν
951 1405 997 1456 οί
1032 1406 1350 1477 κακήγοροι,
1380 1407 1461 1459 ὅτι
1486 1406 1594 1459 τῶν
1618 1404 1903 1458 διαϐαλλοο

221 1485 405 1554 μένων
450 1484 649 1554 μᾶλλον
678 1489 839 1557 ἡμεῖς
866 1490 1060 1555 αὐτοὺς
1083 1491 1564 1562 ἀποστρεφόμεθα,
1606 1491 1903 1547 παύσονται

220 1571 317 1623 καὶ
339 1571 496 1624 αὐτοί
532 1589 661 1625 ποτε
690 1573 791 1643 τῆς
823 1578 1062 1647 πονηράς
1089 1578 1379 1647 συνηθείας
1400 1577 1626 1648 ταύτης,
1646 1580 1741 1632 καὶ
1757 1580 1902 1650 διορ-

218 1657 488 1711 θώσονται
508 1659 569 1711 τὸ
590 1660 805 1732 ἀμάρτη
815 1680 909 1732 μα,
926 1665 1019 1715 καὶ
1042 1664 1419 1716 ἐπαινέσονται
1440 1664 1579 1733 μετά
1597 1665 1788 1731 ταῦτα,
1808 1668 1902 1720 καὶ

217 1745 372 1815 ἡμᾶς
394 1744 590 1809 αὐτοὺς
615 1746 690 1810 ὡς
719 1750 971 1820 σωτῆρας
1010 1749 1190 1801 αὐτῶν
1212 1749 1535 1820 γενομένους
1564 1754 1656 1806 καὶ
1681 1754 1903 1825 εὐεργέ-

216 1848 322 1895 τας
368 1834 814 1905 ἀνακηρύξουσιν.
872 1837 1085 1906 Ὥσπερ
1133 1836 1242 1907 γὰρ
1269 1836 1331 1890 10
1378 1839 1558 1902 καλῶς
1600 1839 1778 1907 λέγειν
1807 1842 1900 1894 καὶ

216 1919 589 1989 ἐγκωμιάζειν
606 1923 747 1994 ἀρχὴ
764 1923 946 1991 φιλίας
968 1924 1137 1987 ἐστὶν,
1161 1922 1306 1976 οὕτω
1323 1924 1383 1977 τὸ
1403 1927 1589 1990 κακῶς
1608 1926 1787 1995 λέγειν
1808 1930 1902 1981 καὶ

212 2006 524 2061 διαϐάλλειν
548 2009 659 2082 [45]
702 2011 920 2083 ἔχθρας,
960 2010 1055 2063 καὶ
1089 2011 1406 2082 ἀπεχθείας,
1449 2014 1670 2069 καὶτῶν
1694 2016 1903 2086 μυρίων

216 2095 477 2166 πολέμων
513 2099 655 2170 ἀρχὴ
706 2100 804 2153 καὶ
850 2099 1108 2162 ὑπόθεσις
1146 2100 1392 2168 γέγονεν.
1436 2103 1746 2175 Οὐδαμόθεν
1794 2104 1903 2175 γὰρ

217 2182 492 2254 ἑτέρωθεν
525 2186 792 2258 ἠμέληται
822 2186 893 2239 τὰ
922 2186 1188 2258 ἡμέτερα,
1216 2189 1332 2242 ἀλλ’
1362 2190 1395 2261 ἡ
1430 2193 1495 2244 ἐκ
1527 2191 1622 2245 105
1654 2193 1721 2247 τὰ
1749 2193 1904 2246 ἀλλό-

216 2286 348 2340 τρια
371 2271 849 2343 πολυπραγμονεῖν
870 2276 966 2327 κα)⁸
1005 2274 1498 2346 περιεργάζεσθαι·
1528 2280 1588 2331 οὐ
1613 2277 1717 2349 γὰρ
1756 2276 1899 2332 ἔστιν

213 2358 504 2430 ἄνθρωπον
536 2360 976 2433 κακηγοροῦντα,
1005 2363 1098 2417 καὶ
1134 2365 1260 2427 τοὺς
1290 2364 1603 2437 ἀλλοτρίους
1627 2366 1901 2437 πολυπρα-

211 2446 521 2516 γμονοῦντα
553 2449 721 2518 βίους,
749 2450 849 2521 τῆς
876 2450 1012 2514 ίδίας
1032 2451 1432 2522 ἐπιμεληθῆναί
1456 2470 1586 2506 ποτε
1603 2455 1897 2526 ζωῆς.Τῆς

209 2533 324 2603 γὰρ
356 2535 593 2604 σπουδῆς
619 2536 837 2606 ἀπάσης
865 2537 1013 2607 αὐτῷ
1063 2540 1141 2601 είς
1159 2538 1257 2608 τὴν
1283 2539 1485 2609 ἐτέρων
1507 2540 1897 2613 πολυπραγμο-

210 2620 383 2689 σύνην
425 2621 877 2692 ἀναλισκομένης,
924 2622 1137 2694 ἀνάγκη
1168 2625 1236 2677 τά
1266 2625 1433 2678 αὐτοῦ
1478 2628 1657 2680 πάντα
1710 2628 1899 2692 ἁπλῶς

210 2707 429 2761 κεῖσθαι
453 2710 544 2761 καὶ
567 2708 952 2779 ἠμελημένως.
992 2711 1100 2762 Καὶ
1122 2710 1229 2781 γὰρ
1259 2712 1542 2783 ἀγαπητὸν
1581 2714 1681 2785 τὴν
1718 2717 1899 2768 πᾶσαν

210 2794 409 2865 σχολὴν
454 2798 533 2858 είς
571 2796 672 2866 τὴν
719 2796 1038 2866 ἐπιμέλειαν
1080 2796 1189 2850 τῶν
1229 2799 1447 2852 οἰκείων
1481 2801 1899 2873 ἁμαρτημάτων

209 2883 306 2937 καὶ
332 2882 432 2949 τήν
457 2883 636 2953 κρίσιν
656 2882 1036 2946 ἀναλίσκοντα,
1060 2882 1359 2954 δυνηθῆναί
1382 2903 1435 2939 τι
1460 2888 1682 2956 ποιῆσαι
1702 2890 1862 2942 πλέον
1878 2908 1891 2922 ·

204 2968 337 3019 ὅταν
364 2969 421 3021 δὲ
447 2970 735 3031 διαπαντὸς
768 2971 835 3022 τά
858 2968 1114 3041 ἀλλότρια
1140 2972 1457 3045 φροντίζῃς,
1492 2974 1621 3027 πότε
1647 2976 1754 3030 τῶν
1787 2978 1893 3031 σῶν

204 3055 523 3129 ἐπιμελήσῃ
550 3056 736 3109 κακῶν
756 3074 770 3121 ;

276 3143 547 3212 Φύγωμεν
562 3144 763 3207 τοίνυν,
779 3145 1074 3213 ἀγαπητοὶ,
1092 3146 1354 3216 φύγωμεν
1372 3159 1398 3187 ι
1415 3148 1515 3212 τὰς
1535 3151 1892 3221 κακηγορίας,

206 3230 479 3300 μαθόντες
507 3232 581 3294 ὡς
606 3231 905 3284 διαϐολικόν
944 3234 1090 3285 ἐστιν
1120 3233 1239 3287 ὅλον
1262 3233 1322 3287 τὸ
1359 3234 1655 3308 βάραθρον,
1687 3239 1895 3309 καὶτῆς

202 3318 508 3387 ἐπιϐουλῆς
540 3319 641 3390 τῆς
668 3320 880 3372 ἐκείνου
905 3320 1044 3392 αὐτη
1075 3322 1110 3394 ή
1145 3322 1357 3393 ἐνέδρα.
1381 3322 1499 3377 ἰνα
1525 3324 1635 3395 γὰρ
1668 3326 1764 3379 καὶ
1786 3327 1895 3382 τῶν

200 3407 497 3477 ἡμετέρων
523 3407 909 3477 ἀμελήσωμεν,
936 3410 1032 3463 καὶ
1063 3409 1446 3481 χαλεπωτέρας
1471 3413 1691 3476 ἑαυτοῖς
1725 3432 1895 3469 κατα-

203 3497 499 3563 στήσωμεν
523 3495 621 3558 τάς
645 3494 897 3559 εὐθύνας,
916 3498 995 3558 είς
1024 3496 1224 3567 ταύτην
1252 3499 1397 3566 ἡμᾶς
1430 3496 1529 3568 τὴν
1560 3502 1893 3571 συνήθειανό

199 3580 458 3643 διάϐολος
504 3583 678 3649 ἡγαγε
700 3600 713 3612 ·
744 3584 946 3651 μᾶλλον
971 3584 1047 3648 δὲ,
1071 3584 1132 3636 οὐ
1159 3584 1315 3637 τοῦτο
1347 3585 1502 3653 μόνον
1537 3587 1654 3640 ἐστὶ
1688 3588 1750 3641 τὸ
1793 3607 1894 3659 χα-

200 3668 393 3732 λεπὸν,
437 3669 521 3721 ὅτι
566 3669 723 3736 λόγον
758 3671 1025 3741 δώσομεν,
1060 3666 1135 3726 ὧν
1166 3675 1466 3744 εἰρήκαμεν
1490 3676 1631 3740 τότε,
1662 3677 1778 3731 ἀλλ’
1804 3680 1888 3732 ὅτι

199 3757 299 3809 καὶ
334 3755 403 3807 τά
426 3755 668 3826 ἡμέτερα
697 3757 1079 3828 ἁμαρτήματα
1124 3762 1481 3833 χαλεπώτερα
1525 3764 1696 3838 ταύτῃ
1732 3769 1889 3838 ποιή-

202 3858 393 3912 σομεν,
420 3841 602 3910 πάσης
631 3844 858 3907 ἑαυτοὺς
885 3846 1321 3918 ἀποστεροῦντες
1348 3852 1658 3920 ἀπολογίας.
1696 3855 1754 3907 Ὀ
1778 3855 1887 3926 γὰρ

200 3928 423 3998 πικρῶς
444 3928 512 3981 τά
538 3929 797 3999 ἀλλότρια
819 3928 1111 3997 ἐξετάζων,
1137 3936 1195 3986 ἐν
1221 3941 1335 4001 τοῖς
1358 3939 1477 3992 καθ’
1502 3941 1692 3994 ἐαυτὸν
1717 3942 1822 4011 πλη
1833 3960 1890 4011 μ-

204 4016 344 4085 μελή
355 4033 521 4085 μασιν
542 4017 799 4086 οὐδεμιᾶς
825 4017 1195 4073 ἀπολαύσεται
1221 4024 1555 4097 συγγνώμης
1580 4028 1728 4081 ποτέ.
1754 4030 1889 4082 Οὐδὲ

199 4104 309 4173 γὰρ
336 4104 444 4156 ἀπὸ
467 4107 566 4174 τῆς
590 4105 805 4172 φύσεως
825 4106 933 4159 τῶν
964 4107 1522 4181 πεπλημμελημένων
1544 4117 1674 4186 ἡμῖν
1706 4117 1886 4186 μόνον,

199 4190 341 4242 ἀλλά
367 4191 462 4243 καὶ
483 4192 592 4244 ἀπὸ
618 4192 716 4262 τῆς
743 4193 978 4264 κρίσεως
998 4195 1095 4264 τῆς
1127 4194 1228 4264 σῆς
1251 4199 1378 4268 περὶ
1406 4200 1608 4271 ἐτέρων
1629 4204 1766 4256 οἴσει
1789 4206 1888 4275 τὴν

198 4276 386 4345 ψῆφον
415 4280 444 4330 0
468 4278 618 4341 Θεός.
655 4279 755 4332 Διά
782 4281 941 4334 τοῦτο
970 4283 1243 4353 παρῄνεσε
1273 4282 1471 4353 λέγων·
1508 4288 1601 4355 Μὴ
1627 4291 1883 4355 κρίνετε,

199 4365 304 4415 ἵνα
318 4365 407 4430 μὴ
432 4365 675 4432 κριθῆτε
694 4382 711 4398 ·
729 4368 790 4420 οὐ
810 4369 880 4436 γά
889 4386 919 4439 ρ
942 4363 1053 4422 οἷον
1074 4369 1263 4439 γέγονε
1285 4372 1346 4425 τὸ
1369 4373 1590 4444 ἀμάρτη
1599 4393 1694 4445 μα,
1718 4380 1887 4430 τοιού-

194 4468 292 4504 τον
325 4453 447 4503 ἐκεῖ
474 4456 724 4519 φανεῖται
755 4456 960 4521 λοιπὸν,
989 4459 1125 4512 ἀλλά
1154 4459 1354 4531 πολλήν
1387 4478 1507 4515 τινα
1529 4464 1621 4516 καὶ
1645 4465 1883 4536 ἀπαραί-

195 4556 365 4609 τητον
394 4539 721 4611 προσθήκην
753 4542 985 4614 λήψεται
1010 4545 1119 4599 ἀπὸ
1139 4547 1241 4617 τῆς
1264 4549 1343 4611 είς
1372 4548 1461 4601 τὸν
1486 4550 1764 4604 σύνδουλόν
1788 4570 1881 4606 σου

194 4625 356 4697 παρά
398 4624 492 4678 005
524 4630 902 4702 γεγενημένης
940 4634 1199 4705 κρίσεως.
1244 4638 1453 4708 Ὥσπερ
1493 4639 1601 4711 γὰρ
1629 4642 1657 4693 ὁ
1693 4642 1883 4710 φιλάν-

193 4713 441 4784 θρωπος,
459 4713 789 4782 καὶὴμερος,
822 4717 915 4770 καὶ
944 4724 1383 4792 συγγνωμονικὸς
1410 4725 1770 4797 ὑποτέμνεται
1791 4731 1882 4784 τὸν

193 4802 421 4854 πλείονα
453 4801 561 4853 τῶν
592 4801 1008 4873 ἁμαρτημάτων
1035 4809 1198 4879 ὄγκον
1223 4827 1239 4843 ·
1271 4812 1443 4877 οὓτως
1474 4818 1502 4868 0
1544 4817 1756 4889 πικρὸς,
1791 4820 1884 4874 καὶ

190 4888 371 4958 ὠμὸς,
403 4889 497 4941 καὶ
533 4889 906 4961 ἀπαραίτητος
951 4896 1085 4950 πολὺ
1120 4902 1236 4963 τοῖς
1273 4902 1496 4967 οἰκείοις
1524 4888 1885 4979 ἁμαρτήμασι

192 4979 526 5052 προστίθησι
550 4979 797 5050 μέγεθος.
830 4982 1196 5058 Ἐξορίσωμεν
1218 4992 1399 5045 τοίνυν
1425 4996 1536 5048 ἀπὸ
1564 4997 1652 5050 105
1677 4999 1881 5069 στόμα-

191 5086 284 5131 τος
322 5067 483 5138 ἡμῶν
514 5069 852 5140 κακηγορίαν
885 5069 1125 5139 ἃπασαν,
1159 5078 1363 5142 εἰδότες
1405 5083 1485 5136 ὅτι
1532 5083 1633 5137 κᾶν
1678 5067 1882 5157 τέφραν

190 5152 494 5223 ἐσθίωμεν,
524 5153 678 5240 οὐδὲν
704 5154 891 5240 δφελος
913 5158 1045 5240 ἡμῖν
1068 5158 1169 5227 τῆς
1203 5163 1628 5236 σκληραγωγίας
1656 5152 1877 5240 ταύτης,

190 5238 260 5291 ἂν
288 5237 635 5327 κακηγορίας
666 5239 740 5310 μὴ
772 5238 1266 5327 ἀποσχώμεθανυού
1294 5250 1402 5321 γὰρ
1432 5252 1498 5304 τὰ
1528 5237 1880 5327 εἰσερχόμενοι

189 5322 373 5375 κοινοῖ
403 5320 497 5371 τὸν
537 5321 846 5392 ἄνθρωπον,
881 5323 1014 5377 ἀλλά
1041 5323 1110 5377 τά
1138 5320 1471 5399 ἐξερχόμενοι
1505 5338 1615 5389 ἀπὸ
1646 5320 1881 5391 τού-στό-

191 5418 391 5473 ματος.
426 5401 495 5453 Εί
511 5419 595 5466 τις
622 5406 971 5479 ἀνακινήσειε
1005 5406 1261 5480 βόρϐορον
1290 5412 1384 5464 005
1418 5420 1729 5487 παριόντος,
1760 5423 1880 5476 εἰπέ

190 5503 305 5555 μοι,
332 5483 395 5537 οὐ
426 5483 710 5555 λοιδορεῖς,
738 5492 829 5542 καὶ
857 5491 1097 5563 ὑϐρίζεις
1113 5493 1203 5546 τὸν
1222 5494 1380 5548 10510
1404 5483 1690 5571 ποιοῦντα;
1712 5507 1882 5562 Τοῦτο

185 5568 284 5622 καὶ
315 5565 412 5620 ἐπὶ
435 5565 546 5618 τῶν
580 5573 910 5651 κακηγόρων
946 5576 972 5614 δ
1004 5578 1248 5648 ποίησον.
1282 5578 1354 5631 Οὐ
1396 5581 1503 5651 γὰρ
1538 5565 1711 5650 οὕτως
1749 5592 1880 5643 ἁνα-

184 5647 507 5719 κινούμενος
534 5647 790 5723 βόρϐορος
820 5656 1044 5728 πλήττει
1072 5663 1170 5730 τήν
1192 5662 1430 5733 μήνιγγα
1452 5664 1560 5717 τῶν
1617 5670 1715 5739 τήν
1759 5673 1875 5725 δυσ.

184 5732 355 5785 ωδίαν
384 5730 689 5801 δεχομένων
721 5735 1045 5807 ἐκείνην,ώς
1066 5744 1434 5817 ἁμαρτήματα
1465 5730 1717 5822 ἀλλοτρία
1746 5755 1877 5805 ἀνα-

246 5872 275 5902 ³
304 5872 400 5920 Alii

247 5932 403 6011 53”.“
440 5932 515 6011 ἐπὶ
553 5934 648 6005 Ἒᾶἶν
682 5936 982 6009 ξακηγὸρφν.
1022 5943 1103 6011 alii
1134 5948 1431 6011 κατηγόρων,
1458 5956 1590 6004 nolal
1625 5954 1793 6008 Mnnlf.
1828 5960 1871 6009 in

190 6002 336 6045 [(⁵1ίί1
360 5996 528 6053 Ιρςσιις
650 5996 717 6053 τῷ
743 5994 1010 6061 κατηγόρῳ,
1038 6008 1195 6053 [nilum
1216 5994 1285 6055 τίν’(

435 5870 679 5945 φεύγωμεν
698 5872 792 5922 bis.

2015 626 2124 679 τῶν
2171 627 2482 681 ἀκουόντων
2508 629 2606 699 τὴν
2647 628 2826 701 ψυχὴν
2865 629 2963 682 καὶ
2994 628 3292 701 ἐξίστησιν.
3345 634 3706 705 Ἀπεχώμεθα

2012 714 2193 767 τοίνυν
2216 715 2578 786 κακηγορίας,
2606 715 3011 787 αίσχρολογίας,
3038 715 3410 788 βλασφημίας.
3434 722 3529 774 καὶ
3566 725 3706 792 μήτε

2011 801 2103 855 τὸν
2137 802 2389 873 πλησίον,
2422 803 2560 873 μήτε
2591 804 2683 856 τὸν
2704 804 2837 857 Θεὸν
2865 805 3119 876 λέγωμεν
3141 805 3348 870 κακῶς.
3382 808 3576 861 Πολλοὶ
3596 810 3706 881 γάρ

2012 892 2093 955 είς
2116 891 2277 944 10510
2307 891 2508 961 μανίας
2534 890 2829 956 ἐξώκειλαν
2858 894 2968 948 τῶν
2992 895 3346 966 κακηγόρων,
3373 896 3451 960 ὡς
3471 898 3579 951 ἀπὸ
3596 898 3705 954 τῶν

2014 977 2313 1031 συνδούλων
2338 977 2431 1031 ἐπὶ
2453 977 2547 1031 τὸν
2571 980 2850 1051 Δεσπότην
2877 982 3184 1052 ἀναστῆσαι
3209 983 3309 1054 τήν
3336 982 3582 1051 γλῶτταν
3605 984 3705 1057 τὴν

2011 1065 2236 1121 ἑαυτῶν.
2272 1068 2437 1120 Ὅσον
2463 1067 2520 1120 δὲ
2549 1068 2707 1121 τοῦτό
2736 1070 2850 1122 ἐστι
2877 1071 3069 1133 κακὸν,
3096 1070 3204 1125 ἀπὸ
3231 1071 3339 1124 τῶν
3364 1072 3705 1143 κατεχόντων

2011 1152 2103 1206 νῦν
2118 1155 2265 1224 ἡμᾶς
2286 1154 2523 1225 μάνθανε
2543 1156 2904 1226 πραγμάτων.
2934 1157 3065 1211 Ἰδοὺ
3090 1158 3220 1226 γοῦν
3242 1157 3529 1230 ἄνθρωπος
3552 1159 3706 1228 ὑϐρί-

2012 1240 2133 1311 σθη,
2157 1244 2250 1296 καὶ
2272 1245 2470 1307 πάντες
2491 1244 2807 1313 δεδοίκαμεν
2821 1245 2915 1297 καὶ
2933 1246 3229 1317 τρέμομεν,
3256 1246 3311 1298 οἵ
3332 1264 3391 1299 τε
3418 1246 3706 1316 ὐϐρικότες

2010 1327 2065 1380 οἵ
2102 1347 2160 1382 τε
2198 1331 2362 1400 μηδὲν
2396 1333 2608 1393 ἑαυτοῖς
2649 1330 2951 1394 συνειδότες
2978 1333 3248 1385 τοιοῦτον·
3271 1336 3299 1386 0
3333 1334 3389 1387 δέ
3428 1334 3561 1396 Θεὸς
3580 1335 3701 1388 καθ’

2010 1413 2245 1486 ἑκάστην
2265 1416 2474 1487 ἡμέραν
2492 1417 2795 1489 ὑϐρίζεται·
2810 1416 2863 1469 τί
2884 1416 3026 1486 λέγω
3043 1417 3165 1472 καθ’
3190 1419 3429 1491 ἐκάστην
3448 1421 3663 1492 ἡμέραν
3680 1437 3699 1489 ;

2011 1501 2134 1553 καθ’
2170 1502 2409 1574 ἑκάστην
2447 1504 2547 1575 μὲν
2597 1503 2717 1577 [45]
2760 1499 2855 1559 05v
2885 1504 3058 1577 ὤραν,
3102 1505 3258 1578 παρά
3303 1507 3701 1571 πλουτούντων.

2010 1588 2161 1659 παρά
2188 1592 2458 1661 πενήτων,
2490 1591 2644 1662 παρὰ
2668 1592 2780 1645 τῶν
2811 1594 2869 1647 ὲν
2902 1592 3113 1658 ἀνέσει,
3157 1593 3310 1664 παρὰ
3352 1594 3459 1647 τῶν
3486 1595 3545 1647 ὲν
3584 1595 3704 1648 θλί-

2007 1676 2119 1745 ψει,
2140 1678 2289 1749 παρά
2308 1679 2418 1732 τῶν
2447 1680 2885 1751 ἐπηρεαζόντων,
2905 1680 3060 1753 παρά
3085 1679 3195 1734 τῶν
3218 1682 3702 1753 ἐπηρεαζομένων,

2008 1765 2101 1819 καὶ
2134 1767 2308 1830 οὐδεὶς
2334 1767 2572 1838 οὐδαμοῦ
2605 1767 2783 1837 λόγος.
2819 1769 2919 1823 Διά
2942 1770 3102 1824 τοῦτο
3129 1770 3516 1843 συνεχώρησεν
3548 1772 3705 1844 ὑϐρι-

2010 1853 2202 1923 σθῆναι
2233 1854 2324 1906 τὸν
2354 1855 2665 1923 ὁμόδουλον,
2701 1856 2789 1910 ἵνα
2817 1858 2926 1910 ἀπὸ
2951 1857 3044 1911 105
3075 1857 3324 1912 κινδύνου
3350 1857 3449 1912 τοῦ
3487 1860 3574 1913 διά
3602 1861 3703 1931 τὴν

2010 1939 2076 1991 ὐϐ
2086 1957 2167 2007 ριν
2196 1940 2488 2009 γενομένου
2510 1941 2713 2011 ταύτην
2734 1942 2827 1996 105
2852 1945 3123 1998 Δεσπότου
3148 1945 3247 2016 τὴν
3273 1946 3693 2019 φιλανθρωπίαν

2013 2025 2209 2096 μάθῃς.
2228 2025 2422 2079 Καίτοι
2449 2027 2607 2080 τοῦτο
2635 2028 2729 2082 νῦν
2756 2031 2973 2100 πρῶτον
3004 2033 3098 2085 καὶ
3124 2033 3286 2103 μόνον
3312 2032 3559 2101 γέγονεν,
3584 2034 3704 2088 ἀλλ’

2008 2113 2159 2185 ὅμως
2202 2114 2323 2167 οὐδὲ
2373 2114 2459 2167 διά
2493 2115 2652 2168 τοῦτο
2691 2118 3080 2189 προσδοκῶμεν
3123 2121 3531 2175 ἀπολαύσεσθαι
3570 2137 3702 2191 συγ-

2008 2201 2237 2274 γνώμης
2261 2202 2407 2265 τινὸς
2433 2202 2554 2256 οὐδὲ
2581 2204 2909 2274 ἀπολογίας·
2939 2207 3030 2260 τὸν
3059 2207 3116 2261 δὲ
3145 2208 3278 2262 Θεὸν
3304 2209 3427 2263 καθ’
3460 2210 3701 2281 ἑκάστην

2008 2291 2416 2364 παροργίζομεν
2437 2291 2536 2363 τὴν
2562 2292 2799 2364 ἡμέραν,
2842 2295 2936 2349 καὶ
2969 2295 3228 2367 οὐδεμίαν
3263 2297 3566 2369 ποιούμεθα
3599 2298 3700 2370 τὴν

2004 2383 2364 2453 ἐπιστροφὴν,
2416 2382 2512 2437 καὶ
2542 2382 2622 2436 ἔτι
2665 2385 2823 2455 φέρει
2863 2385 3003 2455 μετὰ
3039 2387 3426 2460 μακροθυμίας
3457 2388 3697 2457 ἀπάσης.

2004 2462 2159 2531 Εἶδες
2190 2468 2330 2540 πόση
2355 2469 2388 2539 ἡ
2423 2468 2808 2541 φιλανθρωπία
2827 2471 2921 2524 τοῦ
2944 2473 3218 2527 Δεσπὸτου
3250 2492 3264 2541 ;
3298 2475 3492 2527 Καίτοι
3521 2491 3585 2543 γε
3608 2475 3702 2528 ἐπὶ

2004 2555 2105 2624 τῆς
2138 2557 2484 2627 παρανομίας
2509 2556 2715 2629 ταύτης
2751 2560 2802 2611 οί
2847 2561 3383 2633 πεπλημμεληκότες
3421 2562 3697 2623 ἑάλωσαν.

2006 2644 2099 2695 καὶ
2126 2644 2206 2705 είς
2255 2644 2632 2717 δεσμωτήριον
2673 2647 2955 2713 ἐνέπεσον,
2992 2650 3086 2702 καὶ
3130 2649 3287 2720 δίκην
3322 2650 3537 2713 ἔδοσαν,
3581 2650 3701 2704 ἀλλ’

2005 2728 2157 2799 ὅμως
2190 2729 2271 2783 ἔτι
2305 2730 2659 2802 δεδοίκαμεν·
2702 2735 2799 2787 καὶ
2847 2733 2959 2807 γὰρ
2995 2734 3149 2788 οὐπω
3187 2738 3390 2807 ήκουσε
3430 2738 3501 2790 τά
3540 2754 3701 2807 γεγε-

2004 2817 2215 2886 νημένα
2244 2819 2273 2871 0
2317 2818 2622 2889 ὑϐρισθεὶς,
2653 2821 2775 2874 οὐδὲ
2808 2821 2991 2892 ψῆφον
3024 2823 3311 2892 ἐξήνεγκε,
3354 2826 3452 2878 καί
3495 2825 3700 2890 πάντες

2003 2903 2284 2975 τρέμομεν
2306 2922 2319 2935 ·
2350 2907 2379 2958 0
2415 2905 2472 2958 δὲ
2519 2906 2653 2971 Θεὸς
2691 2908 2815 2961 καθ’
2846 2910 3088 2982 ἑκάστην
3126 2911 3316 2965 ἀκούει
3354 2912 3455 2983 τὴν
3479 2912 3700 2984 ἡμέραν

2001 2990 2099 3054 τὰς
2127 2994 2208 3055 είς
2239 2993 2406 3046 αὐτὸν
2434 2995 2731 3066 γινομένας
2780 2996 2989 3069 ὕϐρεις,
3023 3000 3118 3052 καὶ
3148 3000 3328 3063 οὐδεὶς
3369 3000 3700 3072 ἐπιστρέφεο

1999 3095 2110 3139 ται,
2141 3080 2235 3133 καὶ
2277 3080 2453 3135 ταῦτα
2496 3081 2671 3146 οὕτως
2716 3084 2872 3148 ὄντος
2917 3086 3128 3157 ἡμέρου
3162 3087 3259 3141 καὶ
3305 3087 3696 3159 φιλανθρώπου

2000 3164 2094 3216 τοῦ
2126 3164 2283 3221 Θεοῦ.
2325 3167 2475 3220 Ἐκεῖ
2501 3167 2601 3238 μὲν
2642 3170 2752 3240 γὰρ
2782 3172 2945 3241 ἀρκεῖ
2970 3171 3033 3223 τὸ
3074 3173 3384 3244 ἁμάρτημα
3416 3174 3576 3244 μόνον
3615 3175 3697 3228 εἰτ-

2001 3255 2147 3317 πεῖν,
2180 3254 2274 3307 καὶ
2304 3254 2461 3309 λῦσαι
2495 3256 2557 3308 τὸ
2582 3256 2839 3327 ἔγκλημα
2860 3275 2873 3288 ·
2903 3258 2996 3311 ἐπὶ
3016 3259 3070 3313 δὲ
3104 3260 3212 3314 τῶν
3240 3261 3546 3333 ἀνθρώπων
3569 3263 3696 3316 τού-

2002 3340 2215 3394 ναντίον
2246 3342 2390 3395 ἀπαν
2413 3357 2423 3368 ·
2459 3343 2589 3396 ὅταν
2611 3344 3024 3415 ὁμολογήσωσιν
3050 3348 3098 3400 οί
3135 3348 3545 3420 ἡμαρτηκότες,
3570 3350 3694 3403 τότε

2003 3427 2266 3498 μειζόνως
2295 3429 2648 3494 κολάζονται·
2689 3431 2717 3484 ὃ
2749 3428 2817 3500 δὴ
2846 3433 2942 3487 καὶ
2969 3432 3064 3487 νῦν
3098 3434 3313 3502 γέγονε.

2071 3515 2183 3567 Καὶ
2209 3517 2258 3567 οἱ
2296 3516 2394 3586 μὲν
2425 3515 2649 3589 σιδήρῳ,
2681 3519 2730 3571 οί
2783 3518 2841 3571 δὲ
2877 3520 3031 3591 πυρὶ,
3076 3521 3126 3574 οἱ
3164 3520 3221 3574 δὲ
3255 3521 3469 3594 θηρίοις
3514 3539 3697 3594 παρα-

1999 3599 2249 3666 δοθέντες
2286 3602 2586 3667 ἀπώλοντο,
2628 3605 2730 3658 οὐκ
2765 3605 2958 3678 ἄνδρες
2987 3607 3045 3660 δέ
3074 3608 3258 3678 μόνον,
3284 3609 3422 3663 ἀλλὰ
3444 3611 3539 3664 καὶ
3570 3613 3697 3664 παῖ-

1996 3688 2106 3752 δες.
2138 3691 2247 3743 Καὶ
2273 3691 2333 3744 οὐ
2357 3691 2419 3744 τὸ
2436 3692 2536 3762 τῆς
2560 3692 2775 3762 ἡλικίας
2796 3693 2995 3765 ἄωρον,
3018 3696 3118 3767 οὐχ
3142 3698 3174 3767 ἡ
3197 3697 3290 3751 τοῦ
3318 3698 3488 3767 δήμου
3524 3697 3696 3771 ῥύμη,

1996 3775 2057 3827 οὐ
2087 3775 2148 3827 τὸ
2184 3776 2351 3847 μανία
2391 3777 2665 3848 δαιμόνων
2702 3780 3123 3851 ἐμπλησθέντας
3166 3793 3188 3822 ο
3221 3783 3395 3840 ταῦτα
3448 3785 3694 3856 ποιῆσαι.

1996 3860 2094 3931 οὐχ
2125 3864 2159 3933 ἡ
2187 3863 2421 3916 δοκούσα
2459 3865 2759 3936 ἀπαίτησις
2799 3868 3077 3940 ἀφόρητος
3117 3866 3277 3933 εἶναι,
3307 3872 3369 3923 οὐ
3412 3873 3596 3936 πενία,
3631 3873 3694 3926 οὐ

1996 3948 2058 4000 τὸ
2091 3951 2243 4020 κοινῇ
2272 3950 2412 4019 μετά
2438 3952 2656 4005 πάντων
2696 3954 2982 4024 ἁμαρτεῖν,
3023 3957 3084 4009 οὐ
3120 3958 3179 4010 τὸ
3212 3958 3553 4029 ὑποσχέσθαι
3589 3978 3697 4031 μη-

1998 4033 2189 4088 δέποτε
2217 4035 2445 4089 τοιαῦτα
2473 4038 2765 4109 τολμήσειν
2790 4040 2997 4109 λοιπὸν,
3018 4044 3119 4097 οὐκ
3147 4044 3277 4099 ἄλλο
3306 4046 3459 4099 οὐδὲν
3493 4046 3694 4109 αὐτοὺς

1996 4120 2134 4184 ὅλως
2165 4121 2416 4185 ἐξείλετο·
2460 4124 2595 4178 ἀλλά
2651 4126 2982 4199 συγγνώμης
3020 4130 3190 4201 χωρὶς
3230 4132 3452 4203 ἀπάσης
3488 4132 3584 4184 ἐπὶ
3631 4133 3694 4184 τὸ

1999 4206 2273 4281 βάραθρον
2318 4210 2615 4282 ἀπήγοντο,
2654 4216 3004 4285 στρατιωτῶν
3052 4219 3295 4273 ἐνόπλων
3343 4220 3694 4293 ἑκατέρωθεν

1996 4294 2197 4357 αὐτοὺς
2228 4298 2600 4366 περιαγόντων
2620 4298 2648 4338 ἀ
2676 4300 2770 4353 καὶ
2797 4304 3288 4374 παρατηρούντων,
3323 4308 3398 4377 μή
3422 4324 3504 4369 τις
3528 4305 3690 4378 ἐξαρ-

1993 4378 2144 4452 πάσῃ
2194 4383 2320 4465 τοὺς
2371 4384 2727 4448 καταδίκους·
2795 4388 2891 4440 καὶ
2945 4391 3393 4462 παρηκολούθουν
3453 4393 3692 4465 μητέρες

1993 4464 2275 4535 πόρρωθεν
2303 4467 2401 4535 μὲν
2432 4467 2640 4538 δρῶσαι
2671 4471 2797 4535 τοὺς
2827 4474 3026 4536 παῖδας
3048 4464 3552 4549 ἀποτεμνομένους,
3575 4479 3692 4531 ὀδύ-

1996 4551 2181 4637 ρεσθαι
2206 4552 2262 4605 δὲ
2293 4554 2393 4625 τὴν
2424 4557 2714 4628 συμφορὰν
2744 4559 2803 4612 οὐ
2834 4560 3141 4631 τολμῶσαι·
3168 4563 3326 4618 ἐνίκα
3355 4564 3466 4637 γὰρ
3494 4567 3554 4618 τὸ
3586 4566 3691 4620 πά-

1992 4636 2081 4699 θος
2113 4640 2142 4690 0
2176 4638 2361 4706 φόϐος,
2392 4640 2485 4694 καὶ
2514 4642 2614 4713 τῆς
2638 4643 2851 4713 φύσεως
2877 4647 3171 4719 ἐκράτειτὸ
3194 4650 3331 4716 δέος.
3367 4636 3477 4705 Kell.
3514 4651 3687 4706 καθά-

1991 4742 2097 4796 περ
2128 4727 2177 4779 οί
2208 4729 2334 4791 τοὺς
2390 4731 2763 4799 ναυαγοῦντας
2818 4736 2927 4789 ἀπὸ
2974 4738 3077 4807 γῆς
3102 4738 3341 4809 ὁρῶντες
3372 4740 3682 4813 ἄνθρωποι,

1992 4813 2285 4867 ὀδυνῶνται
2322 4816 2441 4886 μὲν,
2473 4818 2793 4887 προσελθεῖν
2826 4820 2999 4874 δὲκαὶ
3030 4823 3311 4886 ἐξελέσθαι
3343 4828 3470 4890 τοὺς
3508 4844 3682 4882 κατα-

1994 4900 2416 4971 ποντιζομένους
2452 4903 2553 4954 οὐκ
2609 4902 2855 4973 ἔχουσιν·
2916 4904 3059 4961 οὕτω
3117 4908 3181 4981 δὴ
3253 4912 3349 4965 καὶ
3422 4914 3681 4981 ἐνταῦθα,

1992 4985 2240 5057 καθάπερ
2295 4987 2400 5039 ὑπὸ
2456 4988 2717 5059 κυμάτων
2774 4992 2940 5047 τινῶν
2996 4995 3073 5066 τῷ
3131 4998 3282 5071 φόϐῳ
3332 5000 3441 5054 τῶν
3520 5020 3686 5075 στρα-

1989 5072 2198 5125 τιωτῶν
2246 5075 2631 5146 ἀνειργόμεναι
2662 5079 2718 5131 αἱ
2764 5081 3020 5154 μητέρες,
3053 5085 3114 5137 οὐ
3148 5088 3308 5156 μόνον
3362 5072 3684 5159 προσελθεῖν

1987 5159 2407 5248 κάξιιέξελέσθαι
2438 5164 2546 5248 τῆς
2592 5166 2901 5248 καταδίκης
2940 5171 3137 5236 αὐτοὺς
3192 5175 3293 5227 οὐκ
3343 5176 3677 5248 ἐτόλμησαν,

1987 5241 2125 5296 ἀλλά
2159 5244 2254 5297 καὶ
2292 5244 2564 5315 δακρῦσαι
2614 5248 2846 5305 ἔδεισαν.
2876 5247 3022 5323 TA90.
3052 5255 3380 5326 στοχάζεσθε
3427 5241 3683 5316 ἐντεῦθεν

1987 5325 2083 5379 105
2115 5327 2253 5380 Θεοῦ
2282 5329 2380 5400 τὴν
2406 5330 2839 5401 φιλανθρωπίαν,
2874 5334 2992 5397 πῶς
3024 5336 3253 5405 ἀφατος,
3289 5341 3407 5405 πῶς
3428 5343 3678 5416 ἄπειρος,

1991 5410 2109 5474 πῶς
2152 5413 2368 5466 ἅπαντα
2399 5413 2715 5499 ὐπερϐαίνει
2753 5415 2953 5499 Αλόγον;
2999 5418 3268 5476 Ἐνταῦοα
3311 5424 3410 5494 μὲν
3445 5410 3678 5499 γὰρ-καῖ

1988 5494 2089 5565 τῆς
2116 5496 2285 5566 αὐτῆς
2313 5494 2500 5557 οὐσίας
2524 5498 2551 5548 0
2582 5496 2881 5568 ὑϐρισθεὶς,
2907 5500 3001 5553 καὶ
3034 5501 3181 5569 ἅπαξ
3205 5505 3299 5558 105
3326 5494 3675 5580 ﬁthbéXpé-

1988 5594 2079 5629 νου
2112 5577 2268 5630 10510
2303 5577 2560 5644 πέπονθε,
2594 5580 2688 5632 καὶ
2734 5582 2795 5633 οὐ
2847 5585 2971 5637 κατ’
3008 5585 3132 5656 ὄψιν
3175 5588 3296 5643 οὐδὲ
3345 5577 3675 5661 παρὼν-’καὶ

1985 5658 2126 5728 ὀρῶν
2160 5660 2254 5711 καὶ
2302 5659 2539 5726 ἀκούων,
2586 5662 2681 5715 καὶ
2724 5664 2876 5735 ὅμως
2913 5669 3090 5733 οὐδεὶς
3136 5671 3295 5741 ἔτυχε
3342 5658 3673 5746 συγγνώμης

1982 5741 2089 5792 τῶν
2113 5741 2555 5812 τετολμηκότων·
2591 5745 2684 5798 ἐπὶ⁵
2710 5746 2767 5801 δὲ
2803 5749 2896 5803 105
2924 5749 3056 5803 Θεοῦ
3084 5751 3234 5804 οὐδὲν
3274 5752 3481 5807 τούτων
3526 5741 3674 5812 ἐστίν

1983 5827 2176 5879 εἰπεῖν.
2216 5825 2328 5880 Καὶ
2361 5827 2472 5900 γὰρ
2504 5830 2759 5885 τοσοῦτόν
2800 5834 2916 5886 ἐστι
2946 5832 3005 5886 τὸ
3052 5833 3221 5904 μέσον
3251 5833 3541 5909 ἀνθρώπου
3572 5841 3666 5893 καὶ

2048 5962 2071 6028 (ἶ
2098 5961 2223 6028 Tres
2248 5976 2361 6012 mss.
2393 5964 2759 6028 ἐμπρησθέντας.

2049 6024 2073 6063 (1
2098 6026 2196 6075 Alli
2221 6024 2539 6086 προαγόντων,
2566 6026 2647 6075 alii
2674 6028 2898 6089 ἀγόντων.
