4458 6686
803 447 871 505 57
1580 444 1639 501 S.
1676 442 1963 501 JOANMS
1998 442 2496 502 CHRYSOSTOMI
2530 439 2847 501 ARCHIEP.
2882 438 3432 498 CONSTANTINOP.
4181 438 4248 498 58

804 560 965 625 Θεοῦ,
994 562 1118 615 ὅσον
1146 559 1266 616 οὑδέ
1305 558 1463 629 λόγος
1497 558 1841 629 παραστῆσαι
1867 557 2178 630 δυνήσεται,
2224 560 2318 614 καὶ
2351 560 2473 614 καθ’

800 648 1041 720 ἑκάστην
1084 648 1366 719 ὑϐρίζεται
1401 646 1501 717 τὴν
1528 646 1743 716 ἡμέραν
1795 643 2010 717 παρὼν,
2051 647 2147 699 καὶ
2176 647 2342 719 ὀρῶν,
2379 648 2475 700 καὶ

799 734 1037 801 ἀκούων,
1067 735 1165 790 καὶ
1205 734 1330 787 οὐτε
1363 733 1604 802 σκηπτὸν
1646 733 1879 803 ἀφῆκεν,
1912 730 2038 786 οὔτε
2065 734 2165 805 τὴν
2210 735 2481 789 θάλατταν

800 825 872 894 τῇ
918 825 990 893 γῇ
1024 822 1346 893 ἐπιδραμεῖν
1377 820 1632 873 ἐκέλευσε
1682 821 1776 873 καὶ
1813 822 2208 875 καταποντίσαι
2252 822 2480 881 πάντας,

802 907 927 962 οὔτε
954 911 1019 979 τῇ
1050 912 1121 979 γῇ
1166 906 1467 977 διαστῆναι,
1497 908 1594 959 καὶ
1628 905 1883 971 δέξασθαι
1922 908 2130 971 πάντας
2162 908 2283 970 τοὺς
2331 905 2485 975 ὑϐρι-

804 993 970 1057 κότας
996 992 1350 1063 προσέταξεν,
1389 991 1503 1045 ἀλλ’
1534 991 1812 1063 ἀνέχεται,
1839 994 1935 1047 xal
1976 993 2337 1064 μακροθυμεῖ,
2364 989 2478 1062 [46]

804 1079 903 1132 καὶ
936 1078 1347 1147 συγγνώσεσθαι
1375 1079 1771 1147 ἐπαγγέλλεται
1798 1082 1911 1141 τοῖς
1950 1078 2253 1148 ὑϐρικόσιν,
2284 1076 2351 1129 ἂν
2382 1094 2480 1146 με·-

803 1166 1107 1236 τανοήσωσι
1140 1166 1302 1236 μόνον
1356 1166 1454 1219 καὶ
1482 1166 1821 1235 ὑπόσχωνται
1855 1165 2052 1233 μηκέτι
2081 1163 2259 1217 ταῦτα
2287 1166 2479 1218 ποιεῖν.

818 1251 1059 1321 Ἀληθῶς
1099 1264 1127 1293 ι
1164 1251 1419 1323 εὐκαιρον
1464 1251 1559 1303 νῦν
1610 1250 2039 1321 ἀνακηρύττεινο
2079 1252 2179 1316 Τίς
2222 1251 2486 1320 λαλήσει

805 1340 913 1404 τὰς
936 1338 1303 1403 δυναστείας
1330 1338 1438 1392 τοῦ
1467 1338 1691 1405 Κυρίου
1707 1354 1725 1403 ;
1762 1338 2073 1405 ἁκουστὰς
2095 1339 2335 1408 ποιήσει
2371 1338 2486 1392 πάι

810 1441 925 1491 σας
953 1424 1059 1491 τὰς
1090 1425 1358 1491 αίνέσεις
1387 1426 1575 1480 αὑτοῦ
1597 1441 1615 1489 ;
1670 1426 1833 1480 Πόσοι
1858 1426 1954 1480 τοῦ
1982 1427 2116 1481 Θεοῦ
2150 1427 2249 1490 τάς
2272 1427 2487 1490 εἰκόνας

806 1513 933 1583 οὐχὶ
977 1513 1323 1581 κατήνεγκαν
1370 1514 1550 1582 μόνον,
1596 1513 1732 1568 ἀλλά
1769 1514 1863 1568 καὶ
1904 1515 2323 1584 κατεπάτησαν;
2355 1514 2488 1569 ὅταν

806 1600 918 1669 γὰρ
953 1600 1127 1669 ἀγχῃς
1156 1599 1249 1652 τὸν
1293 1599 1615 1662 ὑπεύθυνον,
1646 1602 1776 1654 ὅταν
1815 1601 2077 1674 ἀποδύῃς,
2125 1602 2253 1653 ὅταν
2295 1600 2483 1670 ἕλκῃς,

810 1684 903 1737 τοῦ
927 1685 1063 1737 Θεοῦ
1088 1685 1185 1755 τὴν
1208 1685 1388 1737 είκόνα
1414 1689 1770 1747 καταπατεῑς.
1790 1686 2056 1739 ’Δκουσον
2076 1686 2205 1754 γοῦν
2224 1684 2319 1738 τοῦ
2343 1686 2486 1740 Παύ-

811 1768 902 1822 λου
942 1769 1210 1837 λέγοντος,
1244 1771 1325 1822 ὅτι
1352 1768 1641 1838 ἄνθρωπος
1678 1771 1781 1823 οὐκ
1820 1770 2022 1838 ὀφείλει
2066 1771 2482 1823 κατακαλύπτε-

809 1853 935 1906 σθαι
977 1855 1075 1926 τὴν
1101 1855 1365 1925 κεφαλὴν,
1400 1854 1564 1909 είκὼν
1590 1858 1686 1910 καὶ
1723 1856 1849 1922 δόξα
1882 1857 2019 1911 Θεοῦ
2058 1858 2320 1929 ὑπάρχων
2342 1874 2356 1888 ·
2388 1857 2484 1910 καὶ

810 1938 971 1992 πάλιν
1005 1940 1169 1993 αὐτοῦ
1190 1940 1284 1993 τοῦ
1314 1941 1448 1994 Θεοῦ
1482 1942 1750 2010 λέγοντος·
1792 1943 2145 2014 Ποιήσωμεν
2171 1946 2487 2012 ἄνθρωπον

808 2027 935 2079 κατ’
958 2027 1162 2080 εἰκόνα
1180 2027 1474 2096 ἡμετέραν
1493 2028 1590 2082 καί
1613 2031 1743 2084 καθ’
1770 2030 2075 2100 ὁμοίωσιν.
2096 2032 2192 2084 Ἂν
2223 2031 2280 2084 δὲ
2296 2031 2483 2105 λέγῃς,

809 2111 890 2164 ὅτι
906 2112 1028 2183 οὐχὶ
1053 2114 1154 2183 τῆς
1172 2115 1342 2184 αὑτῆς
1362 2116 1550 2179 οὐσίας
1578 2118 1605 2169 6
1620 2116 1902 2189 ἄνθρωπός
1920 2118 2128 2188 ἐστιτῷ
2154 2118 2295 2189 Θεῷ,
2314 2120 2410 2173 καὶ
2433 2119 2487 2173 τί

809 2197 998 2263 τοῦτο;
1031 2199 1166 2253 Οὐδὲ
1188 2199 1297 2273 γάρ
1322 2203 1350 2253 6
1379 2201 1581 2272 χαλκὸς
1607 2202 1702 2255 τοῦ
1734 2204 2049 2273 ἀνδριάντος
2076 2203 2175 2275 τῆς
2200 2206 2369 2273 αὐτῆς
2398 2206 2489 2258 0°3-

813 2285 937 2349 σίας
970 2281 1040 2357 ἦν
1069 2286 1150 2357 τῷ
1187 2287 1419 2357 βασιλεῖ,
1449 2289 1564 2343 ἀλλ’
1602 2290 1753 2360 ὅμως
1789 2290 1947 2361 δίκην
1982 2291 2169 2344 ἔδοσαν
2206 2293 2255 2344 οἰ
2285 2292 2488 2363 τολμή-

810 2387 1039 2435 σαντεςυ
1072 2373 1214 2427 ῶστε
1262 2374 1355 2427 καὶ
1393 2376 1486 2428 ἐπὶ
1525 2377 1635 2429 τῶν
1677 2376 2003 2449 ἀνθρώπων,
2040 2379 2091 2430 εί
2136 2378 2231 2431 καὶ
2273 2379 2348 2448 μὴ
2388 2380 2487 2448 τῆς

810 2458 984 2531 αὐτῆς
1013 2459 1201 2524 οὐσίας
1226 2462 1333 2513 εἰσὶ
1359 2462 1436 2532 τῷ
1468 2462 1586 2533 Θεῷ
1615 2464 1664 2517 οἰ
1698 2464 1991 2534 ἄνθρωποι,
2016 2464 2206 2534 ῶσπερ
2234 2462 2328 2518 οὗν
2360 2464 2486 2520 οὐδέ

812 2546 972 2611 εἰσιν,
1008 2545 1124 2599 ἀλλ’
1153 2548 1302 2618 ὅμως
1338 2548 1500 2601 εἰκὼν
1532 2550 1863 2622 ἐκλήθησαν,
1894 2552 1988 2605 καὶ
2022 2551 2113 2604 διά
2170 2553 2269 2623 τὴν
2320 2568 2490 2622 προσ-

813 2632 1046 2703 ηγορίαν
1072 2632 1181 2687 εδει
1212 2635 1377 2705 τιμῆς
1398 2635 1692 2690 ἀπολαύειν
1721 2637 1946 2701 αὐτούς·
1970 2640 2033 2692 σὺ
2065 2638 2122 2692 δὲ
2143 2638 2283 2709 ὑπὲρ
2308 2638 2489 2707 ὀλίγου

815 2718 1042 2786 χρυσίου
1082 2722 1437 2783 καταπατεῖς,
1475 2722 1686 2790 ἄγχεις,
1719 2722 1924 2793 σύρεις,
1969 2724 2067 2776 καὶ
2110 2723 2370 2795 οὐδεμίαν
2402 2724 2493 2776 οὑ-

812 2802 961 2856 δέπω
986 2803 1142 2875 δίκην
1167 2806 1373 2869 ἔδωκας
1393 2808 1654 2878 τήμερον.

884 2889 1100 2943 Γένοιτο
1130 2891 1230 2960 μὲν
1251 2888 1345 2945 οὖν
1369 2909 1490 2946 τινα
1518 2894 1761 2965 χρηστὴν
1783 2894 1879 2948 καὶ
1904 2894 2085 2960 δεξιάν
2110 2895 2363 2964 γενέσθαι
2394 2914 2491 2967 μεο

814 2974 1068 3046 ταϐολήν.
1112 2977 1317 3030 Ἐκεῖνο
1365 2978 1547 3047 μέντοι
1594 2978 1844 3048 προλέγω
1888 2981 1980 3033 καὶ
2024 2980 2486 3053 διαμαρτύρομαι,

813 3061 898 3116 δτι
931 3062 1034 3117 κᾶν
1059 3063 1217 3118 τοῦτο
1250 3066 1493 3139 παρέλθῃ
1517 3065 1578 3119 τὸ
1619 3066 1799 3136 νέφος,
1841 3069 2001 3139 ήμεῖς
2036 3068 2094 3121 δὲ
2135 3070 2229 3121 ἐπὶ
2256 3070 2358 3139 τῆς
2393 3070 2490 3123 αὐ-

811 3150 914 3221 τῆς
944 3150 1196 3221 μένωμεν
1239 3153 1535 3223 ῥᾳθυμίας,
1567 3154 1732 3209 πάλιν
1765 3156 1946 3227 πολλῷ
1974 3156 2330 3227 χαλεπώτερα
2371 3174 2491 3210 πει-

815 3236 1021 3306 σόμεθα
1042 3238 1152 3291 τῶν
1172 3238 1268 3291 νῦν
1300 3240 1766 3312 προσδοκωμένων
1782 3259 1795 3274 ·
1826 3243 1949 3297 ἐπεὶ
1984 3244 2079 3296 καὶ
2104 3244 2199 3297 νῦν
2225 3245 2323 3314 οὐχ
2346 3243 2490 3298 οὕτω

812 3322 1029 3378 δέδοικα
1042 3325 1135 3378 τοῦ
1163 3326 1426 3396 βασιλέως
1440 3328 1539 3396 τὴν
1556 3328 1748 3401 ὀργήν,
1775 3330 1852 3393 ὡς
1872 3330 1967 3401 τὴν
1990 3330 2260 3403 ὑμετέραν
2279 3330 2491 3386 δέδοικα

816 3409 1111 3482 ῥᾳθυμίαν.
1134 3413 1210 3464 Οὐ
1235 3412 1343 3482 γάρ
1364 3413 1429 3483 δὴ
1459 3413 1521 3468 τὸ
1543 3413 1853 3469 λιτανεύσαι
1873 3416 1966 3469 δύο
1988 3417 2083 3469 καὶ
2103 3419 2253 3487 τρεῖς
2278 3418 2492 3489 ἡμέρας

813 3498 981 3567 ἀρκεῖ
1006 3499 1085 3561 εἰς
1127 3498 1422 3567 ἀπολογίαν
1453 3502 1611 3571 ἡμῖν,
1645 3502 1761 3555 ἀλλ’
1793 3504 2087 3574 ὁλοκλήρου
2126 3504 2209 3556 δεῖ
2247 3503 2343 3556 τοῦ
2374 3504 2491 3575 βίου

814 3582 1146 3651 ποιήσασθαι
1172 3584 1272 3654 τὴν
1314 3586 1638 3658 μεταϐολὴν,
1668 3590 1763 3640 καὶ
1787 3589 1888 3658 τῆς
1931 3590 2196 3660 πονηρίας
2221 3590 2497 3644 ἀποστάν-

816 3684 918 3729 τας
960 3668 1145 3739 μένειν
1174 3669 1269 3722 ἐπὶ
1295 3672 1396 3741 τῆς
1437 3667 1639 3743 ἀρετῆς
1682 3674 1963 3743 διηνεκῶς.
1999 3675 2269 3745 Καθάπερ
2299 3676 2406 3747 γὰρ
2440 3679 2490 3731 οἰ

814 3753 1120 3819 νοσοῦντες,
1160 3754 1226 3808 ἂν
1254 3755 1329 3826 μὴ
1372 3756 1664 3823 διαπαντὸς
1715 3758 2067 3824 εὐτακτῶσιν,
2110 3762 2264 3816 οὐδὲν
2305 3762 2491 3828 αὐτοῖς

814 3840 1008 3909 ϐφελος
1032 3841 1135 3912 τῆς
1151 3842 1313 3914 μέχρι
1332 3843 1499 3915 τριῶν
1526 3845 1559 3917 ή
1587 3849 1866 3920 τεσσάρων
1886 3849 2107 3921 ήμερῶν
2134 3850 2453 3921 φιλοσοφίας
2470 3867 2485 3882 ⁸

814 3926 961 3981 οὕτω
999 3930 1091 3982 καὶ
1120 3932 1167 3983 οί
1199 3932 1625 4003 ἁμαρτάνοντες,
1663 3933 1729 3989 ἀν
1766 3936 1841 4007 μὴ
1872 3936 2162 3999 διαπαντὸς
2194 3938 2490 4009 σωφρονῶ-

818 4030 925 4077 σιν,
958 4014 1108 4069 οὑδέν
1136 4018 1317 4080 αὑτοῖς
1357 4018 1507 4072 ἐσται
1537 4020 1700 4074 πλέον
1739 4022 1848 4076 ἀπὸ
1874 4024 1977 4093 τῆς
2000 4024 2341 4095 διορθώσεως
2380 4025 2490 4080 τῶν

815 4100 911 4155 δύο
940 4104 1031 4157 καὶ
1057 4105 1223 4176 τριῶν
1261 4106 1506 4177 ήμερῶν.
1538 4108 1753 4182 Ὠσπερ
1781 4110 1909 4182 γὰρ,
1955 4113 2141 4183 φησὶν,
2167 4116 2196 4166 ὀ
2223 4112 2489 4183 βαπτιζό-

822 4205 1001 4254 μενος,
1042 4186 1160 4244 εἶτα
1213 4194 1270 4245 ὲν
1299 4193 1379 4263 τῷ
1423 4192 1666 4265 βορϐόρῳ
1706 4196 2067 4268 μολυνόμενος
2115 4200 2299 4261 πάλιν,
2338 4199 2491 4254 οὐδὲν

821 4271 1126 4357 ώφὲ).ησεν’
1161 4276 1333 4341 οὑτως
1359 4280 1387 4331 6
1412 4281 1559 4350 τρεῖς
1581 4282 1795 4352 ήμέρας
1820 4287 2177 4357 μετανοήσας,
2207 4288 2303 4339 καὶ
2326 4287 2489 4342 πάλιν

820 4356 913 4407 ἐπὶ
934 4356 1004 4409 τὰ
1035 4361 1274 4433 πρότερα
1303 4364 1629 4431 ἐπανελθὼν,
1661 4367 1812 4423 οὐδὲν
1841 4356 2134 4441 εἰργάσατο
2158 4372 2340 4426 πλέον.

888 4442 980 4513 Μὴ
1009 4445 1186 4499 τοίνυν
1216 4448 1352 4521 ὅπερ
1379 4450 1467 4505 ἀεὶ
1496 4453 1777 4524 ποιοῦμεν,
1808 4455 1965 4509 τοῦτο
1995 4457 2090 4511 καὶ
2112 4457 2209 4511 νῦν
2250 4458 2487 4529 ποιήσω-

820 4545 943 4600 μεν·
996 4531 1090 4585 καὶ
1145 4532 1255 4605 γὰρ
1307 4537 1548 4609 σεισμῶν
1598 4538 1859 4605 πολλάκις
1920 4543 2336 4597 καταλαϐόντων
2389 4543 2487 4597 καὶ

818 4613 977 4686 λιμοῦ
1014 4618 1107 4672 καὶ
1146 4620 1380 4691 αὐχμοῦ,
1418 4626 1571 4693 τρεῖς
1600 4626 1696 4678 καὶ
1719 4627 1991 4697 τέσσαρας
2023 4628 2241 4698 ἡμέρας
2273 4646 2487 4699 σωφρο-

818 4704 1090 4770 νισθέντες
1135 4707 1230 4760 καὶ
1274 4709 1670 4782 ἐπιεικέστεροι
1715 4713 2034 4784 γενόμενοι,
2072 4715 2235 4769 πάλιν
2285 4717 2380 4769 ἐπὶ
2420 4715 2491 4769 τά

817 4790 1060 4864 πρότερα
1101 4794 1502 4867 ἐπανήλθομεν·
1536 4797 1624 4851 διὰ
1644 4799 1802 4853 τοῦτο
1841 4802 2133 4857 καὶταῦτα
2170 4803 2486 4873 γεγένηται.

817 4879 959 4933 Ἀλλ’
976 4883 1023 4934 εί
1049 4883 1141 4935 καὶ
1165 4882 1240 4955 μή
1265 4884 1548 4956 πρότερον,
1574 4886 1670 4940 νῦν
1690 4886 1821 4956 γοῦν
1847 4888 1940 4942 ἐπὶ
1960 4889 2060 4960 τῆς
2084 4890 2261 4960 αὐτῆς
2293 4890 2491 4961 μείνω-

821 4982 922 5038 μεν
948 4968 1251 5036 εὐλαϐείας,
1282 4973 1377 5025 καὶ
1399 4972 1498 5044 τὴν
1518 4974 1689 5045 αὐτὴν
1715 4974 2017 5029 ἐπιείκειαν
2041 4977 2486 5050 διατηρήσωμεν,

819 5053 912 5138 ῖνα
954 5054 1028 5126 μὴ
1069 5056 1229 5109 πάλιν
1274 5058 1467 5129 ἐτέρας
1504 5058 1784 5129 δεηθῶμεν
1830 5063 2061 5133 πληγῆς.
2111 5064 2203 5135 Μὴ
2233 5066 2340 5138 γὰρ
2388 5067 2488 5121 οὐκ

815 5136 1047 5220 ἠδύνατο
1076 5140 1318 5196 κωλῦσαι
1351 5142 1421 5195 τά
1451 5144 1793 5213 γεγενημένα
1827 5145 1857 5197 6
1883 5144 2048 5211 Θεός;
2075 5145 2217 5201 Ἀλλ’
2249 5136 2484 5220 ἀφῆκεν,

816 5219 906 5273 ἵνα
948 5222 1072 5285 τοὺς
1121 5224 1597 5297 καταφρονοῦντας
1645 5224 1811 5280 αὑτοῦ
1851 5228 1909 5281 ἐν
1948 5228 2026 5298 τῷ
2065 5228 2159 5281 τοῦ
2200 5232 2485 5287 συνδούλου

816 5304 969 5375 φόϐῳ
1003 5309 1474 5381 σωφρονεστέρους
1524 5310 1850 5383 ἐργάσηται.
1897 5311 2010 5365 Καὶ
2046 5312 2119 5383 μή
2163 5329 2252 5381 μοι
2281 5314 2487 5384 λεγέτω

813 5402 918 5451 τις,
963 5388 1047 5441 ὅτι
1084 5390 1267 5444 πολλοὶ
1310 5392 1418 5447 τῶν
1443 5392 1471 5431 δ
1500 5394 1694 5448 αἰτίων
1740 5392 2019 5464 διέφυγον,
2064 5395 2249 5449 πολλοὶ
2277 5397 2334 5449 δὲ
2377 5398 2488 5452 τῶν

813 5469 1073 5524 ἀναιτίων
1128 5473 1409 5528 ἐνέπεσονο
1457 5479 1550 5530 καὶ
1596 5477 1705 5549 γὰρ
1759 5476 1921 5531 τοῦτο
1972 5477 2184 5531 πολλῶν
2227 5477 2487 5543 πολλάκις

813 5551 996 5605 ἀκούω
1026 5552 1312 5622 λεγόντων,
1341 5557 1441 5610 οὑκ
1474 5560 1564 5612 ἐπὶ
1585 5561 1685 5631 τῆς
1716 5560 2002 5632 παρούσης
2025 5563 2268 5625 στάσεως
2301 5562 2482 5633 μόνον,

813 5632 1069 5715 ἀλλὰκαὶ
1096 5638 1155 5691 ἐν
1187 5638 1402 5709 ἑτέραις
1432 5640 1548 5714 [47]
1568 5644 1783 5709 πολλαῖς
1807 5644 2086 5708 τοιαύταις
2105 5647 2482 5715 περιστάσεσι.

814 5716 879 5769 Τί
914 5713 1007 5771 οὖν
1027 5719 1091 5774 ἂν
1113 5721 1323 5793 είποιμι
1362 5725 1494 5796 πρὸς
1528 5713 1652 5789 τοὺς
1680 5728 1747 5781 τά
1774 5728 2001 5782 τοιαῦτα
2036 5713 2325 5797 λέγοντας;
2361 5732 2485 5785 Ὀτι

876 5842 902 5872 ⁸
922 5843 1069 5913 δαείη.
1092 5850 1149 5913 cl
1172 5860 1301 5913 uyus
1327 5848 1545 5913 εὐκαιρον
1581 5847 1661 5896 νῦν
1708 5850 1988 5913 ἀνακραγεῖν
2027 5849 2077 5913 (ι,
2111 5852 2235 5902 forte
2277 5852 2483 5904 rectius.

814 5907 953 5974 ῐίιξιϊιζ
984 5908 1317 5974 εἰειηίι-σηὸταν
1340 5907 1496 5974 ἰλκῃγξ,
1520 5912 1630 5959 ὅταν
1659 5907 1977 5974 καταϐάλλῖῃς,
1998 5907 2083 5961 τοῦ
2107 5916 2164 5962 Θ.

873 5966 1073 6040 §_Savil.
1096 5975 1149 6040 el
1172 5970 1341 6040 M0re_l_.
1359 5966 1546 6040 ἀίτίωδμ
1566 5975 1651 6040 alii
1669 5966 2051 6037 ὑπαιτίωνξᾷυιε
2075 5978 2314 6027 lectiones
2334 5976 2487 6026 amlm

813 6030 998 6093 optime
1019 6031 1265 6093 quadram.
1302 6031 1424 6082 Ibid.
1449 6036 1529 6083 alii
1559 6035 1799 6085 ἑνέπεσαν.

2578 560 2628 612 εἰ
2661 555 2873 624 καὶτῆς
2907 554 3189 624 παρούσης
3225 556 3466 619 στάσεως
3499 551 3733 616 ἀναίτιος
3756 544 3822 623 ἦν
3848 551 3875 603 6
3909 552 4100 618 ἀλοῦς,
4134 555 4251 608 ἀλλ’

2580 644 2771 713 ἑτέραν
2798 639 3073 710 ἁμαρτίαν
3103 640 3401 709 εἰργάσατό
3421 658 3550 695 ποτε
3586 636 3992 711 χαλεπωτέραν,
4024 635 4145 690 εἶτα
4176 640 4253 708 μὴ

2585 727 3071 800 μεταϐαλλόμενος,
3110 726 3168 777 ὲν
3216 729 3281 796 τῇ
3311 727 3564 801 παρούσῃ
3598 728 3750 798 δίκην
3785 724 3970 777 ἔδωκε.
4007 725 4117 777 Καὶ
4145 726 4255 796 γὰρ

2582 818 2700 879 ἔθος
2736 816 2814 885 τῷ
2843 813 2961 884 Θεῷ
3003 810 3163 865 τοῦτο
3205 816 3400 866 ποιεῖν·
3436 816 3565 867 ὅταν
3613 814 3945 886 ἀμάρτωμεν
3968 849 3982 875 ,
4016 810 4117 862 οὐκ
4160 811 4255 862 εὑ·-

2582 902 2719 965 θέως
2752 902 3102 971 ἐπεξέρχεται
3134 909 3155 936 ε
3194 901 3305 961 τοῖς
3346 900 3849 972 πλημμελήμασιν,
3882 898 3995 953 ἀλλ’
4032 897 4253 965 ἀνίησι,

2581 987 2758 1051 διδοὺς
2799 990 2929 1058 ήμίν
2957 983 3296 1058 προθεσμίαν
3342 988 3651 1054 μετανοίας,
3682 989 3823 1042 ὥστε
3859 984 4255 1059 διορθώσασθαι

2583 1077 2677 1127 καὶ
2727 1072 3139 1145 μεταϐαλέσθαι·
3198 1073 3266 1124 ἀν
3320 1070 3377 1124 δέ
3423 1072 3511 1124 διά
3549 1074 3608 1126 τὺ
3633 1076 3709 1145 μὴ
3754 1076 3935 1129 δοῦναι
3971 1073 4145 1143 δίκην,
4171 1087 4258 1123 νο-

2588 1161 2843 1232 μίσαντες
2884 1162 2979 1215 καὶ
3023 1161 3083 1213 τὸ
3126 1157 3430 1229 ἁμάρτημα
3470 1158 3805 1229 ἑξηλεῖφθαι,
3835 1160 4259 1232 καταφρονήσωο

2590 1266 2711 1321 μεν,
2740 1248 2870 1301 ἔνθα
2898 1247 2996 1316 οὐχ
3025 1245 3380 1313 ὑπονοοῦμεν,
3416 1247 3533 1297 ἐκεῖ
3568 1247 3705 1315 μετά
3738 1248 3911 1301 ταῦτα
3940 1244 4260 1315 ἀλωσόμεθα

2587 1335 2825 1399 πάντως.
2849 1333 3020 1387 Τοῦτο
3057 1331 3115 1386 δέ
3138 1332 3370 1400 γίνεται,
3396 1331 3485 1383 ἵνα
3515 1331 3643 1384 ὃταν
3674 1335 4027 1406 ἀμάρτωμεν,
4059 1334 4155 1388 καὶ
4186 1331 4261 1403 μή

2589 1420 2963 1491 κολασθῶμεν,
3008 1420 3084 1491 μὴ
3128 1418 3514 1489 θαρσήσωμεν,
3564 1414 3632 1471 ἀν
3682 1421 3757 1491 μὴ
3804 1420 4259 1491 μεταϐαλώμεθα,

2588 1508 2785 1572 εἰδότες
2832 1508 2916 1561 ὃτι
2959 1506 3087 1561 ἔνθα
3136 1505 3195 1558 οὑ
3231 1503 3643 1574 προσδοκῶμεν,
3687 1504 4081 1577 ἐμπεσούμεθα
4124 1507 4263 1559 ’πάν⁶

2588 1610 2716 1657 τως.
2750 1594 2937 1656 Ὥστε,
2984 1592 3051 1645 ἀν
3102 1590 3427 1662 ἁμαρτήσῃς
3464 1591 3525 1652 ί¹,
3572 1590 3669 1642 καὶ
3709 1589 3783 1661 μὴ
3831 1593 4126 1663 κολασθῇς,
4186 1591 4262 1662 μή

2588 1680 3042 1750 καταφρονήσῃς,
3068 1677 3349 1747 ἀγαπητέο
3382 1676 3517 1730 ἀλλά
3552 1675 3619 1729 δι’
3652 1676 3783 1729 αὐτὸ
3807 1677 3965 1731 τοῦτο
3999 1679 4263 1747 μειζόνως

2587 1764 2873 1834 φοϐήθητι,
2905 1763 3060 1827 εἰδὼς
3088 1765 3169 1816 ὅτι
3201 1763 3399 1831 κοῦφον
3427 1762 3655 1833 τῷΘεῷ,
3689 1764 3817 1817 ὃταν
3850 1764 4001 1837 θέλῃ,
4035 1767 4267 1818 ἀνταπο-

2584 1849 2766 1903 δοῦναι
2819 1850 3001 1904 πάλιν.
3069 1849 3170 1902 Διά
3213 1848 3371 1903 τοῦτο
3434 1850 3543 1922 γὰρ
3580 1850 3697 1903 τότε
3732 1867 3790 1903 σε
3836 1852 3936 1903 οὑκ
3980 1852 4261 1913 ἐκόλασεν,

2587 1936 2675 1991 ῖνα
2717 1936 2888 2006 λάϐῃς
2938 1934 3278 2006 προθεσμίαν
3313 1938 3624 2005 μετανοίας.
3661 1936 3752 2007 Μὴ
3776 1937 3954 1990 τοίνυν
3990 1937 4263 2005 λέγωμεν,

2585 2023 2667 2076 ὅτι
2700 2022 2937 2084 ἀναίτιος
2967 2020 3043 2073 ὢν
3072 2019 3332 2073 ἐνέπεσεν
3372 2021 3401 2071 6
3438 2022 3587 2075 δεῖνα
3610 2063 3625 2087 ,
3659 2022 3846 2094 ἔτερος
3876 2022 3933 2074 δὲ
3969 2021 4142 2083 αἴτιος
4187 2021 4266 2073 ῶν

2586 2109 2858 2178 διέφυγεν⁶
2899 2109 2927 2161 6
2955 2125 3015 2161 τε
3042 2108 3148 2177 γάρ
3178 2105 3417 2169 ἀναίτιος
3444 2108 3718 2177 ἐμπεσὼν,
3744 2107 3932 2179 ῶσπερ
3955 2108 4113 2177 ἔφην,
4146 2108 4267 2160 ἐτέ-

2592 2214 2698 2269 ρων
2744 2196 3155 2268 ἁμαρτημάτων
3201 2193 3367 2246 ἔδωκε
3391 2193 3569 2264 δίκην,
3616 2196 3645 2248 6
3684 2212 3745 2248 τε
3776 2196 3871 2248 νῦν
3902 2207 3924 2235 ε
3955 2194 4264 2263 διαφυγὼν,

2588 2283 2681 2336 ἐὰν
2712 2283 2787 2352 μὴ
2824 2282 3216 2351 μεταϐάληται,
3245 2280 3324 2342 εἰς
3370 2279 3564 2350 ἑτέραν
3591 2280 3859 2333 ἀλώσεται
3902 2282 4129 2348 παγίδα.
4164 2281 4267 2332 “Av

2584 2367 2727 2421 οὕτω
2756 2367 3188 2438 διακεισώμεθα,
3230 2366 3486 2419 οὐδέποτε
3524 2366 3633 2420 τῶν
3680 2368 3892 2420 οἰκείων
3930 2366 4269 2435 ἁμαρτημά-

2584 2471 2692 2507 των
2732 2454 3129 2525 ἐπιλησόμεθα,
3179 2453 3297 2507 ἀλλ’
3334 2452 3422 2507 ἀεὶ
3455 2453 3773 2516 δεδοικότες,
3812 2451 4133 2521 τρέμοντες,
4189 2452 4267 2521 μή

2586 2558 2717 2593 ποτε
2736 2540 3060 2610 ὑπόσχωμεν
3076 2539 3252 2611 δίκην,
3263 2537 3808 2609 ἀναμνησθησώμεθα
3822 2538 4031 2608 ταχέως
4060 2536 4265 2590 αὑτῶν.

2589 2631 2754 2684 Οὐδὲν
2810 2630 2922 2701 γὰρ
2945 2626 3120 2693 οὕτως
3150 2629 3425 2700 ἁμαρτίας
3461 2628 3894 2699 ἀναμιμνήσκειν
3928 2625 4121 2678 εἴωθεν
4142 2664 4156 2687 ,
4187 2625 4268 2686 ὡς

2588 2718 2826 2788 τιμωρία
2845 2718 2941 2770 καὶ
2961 2716 3201 2777 κόλασιςο
3223 2713 3490 2768 καὶτοῦτο
3509 2714 3667 2784 δῆλον
3688 2714 3793 2767 ἀπὸ
3818 2712 3924 2765 τῶν
3952 2710 4045 2764 τοῦ
4062 2711 4269 2781 Ἰωσὴφ

2590 2803 2859 2873 ἀδελφῶν.
2887 2802 3112 2874 Ἐπειδὴ
3145 2801 3253 2873 γὰρ
3294 2799 3551 2854 ἀπέδοντο
3580 2802 3776 2853 ἐκεῖνοι
3803 2799 3893 2853 τὸν
3920 2800 4147 2858 δίκαιον,
4169 2797 4271 2849 καὶ

2590 2890 2686 2961 ἔτη
2716 2890 2842 2961 τρία
2870 2890 2965 2942 καὶ
2986 2889 3120 2942 δέκα
3143 2887 3445 2958 παρῆλθεν,
3480 2886 3876 2948 ὑποπτεύοντες
3919 2882 4269 2946 κολάζεσθαι,

2589 2980 2684 3031 καὶ
2735 2977 3002 3049 περὶτῶν
3056 2978 3302 3046 ἐσχάτων
3345 2974 3676 3039 δεδοικότες,
3708 2972 4127 3043 ἀνεμνήσθησαν
4165 2970 4272 3039 τῆς

2587 3064 2881 3135 ἁμαρτίας,
2911 3065 3005 3117 καὶ
3032 3063 3167 3135 πρὸς
3191 3061 3455 3131 ἀλλήλους
3478 3060 3683 3128 έλεγοψ
3708 3060 3841 3122 Ναί,
3868 3059 3937 3111 ἐν
3957 3057 4273 3125 ἁμαρτίαις

2587 3152 2699 3223 γάρ
2714 3153 2902 3222 ἐσμεν
2924 3151 3058 3220 περὶ
3084 3150 3190 3205 τοῦ
3217 3148 3485 3218 ἀδελφοῦ
3510 3146 3679 3216 ἡμῶν
3700 3146 3806 3200 τοῦ
3832 3146 4072 3213 Ἰωσήφ.
4104 3146 4272 3214 Ὀρᾷς

2589 3237 2708 3300 πῶς
2735 3239 2763 3291 6
2795 3236 2958 3305 φόϐος
2991 3236 3294 3306 ἀνέμνησεν
3332 3234 3531 3298 αὐτοὺς
3572 3232 3674 3302 τῆς
3716 3230 4094 3301 πλημμελείας
4122 3231 4272 3282 ἐκεί-

2589 3338 2719 3393 νης;
2756 3322 2868 3376 Καὶ
2907 3322 2997 3375 ὅτε
3044 3322 3142 3391 μὲν
3184 3320 3517 3391 ήμάρτανον,
3563 3320 3664 3371 οὐκ
3710 3317 4025 3387 ᾐσθάνοντο’
4069 3317 4166 3369 ὅτε
4214 3316 4274 3369 δέ

2592 3407 2918 3472 κολάζεσθαι
2955 3406 3387 3478 προσεδόκησαν,
3425 3404 3548 3458 τότε
3580 3402 4023 3474 ἀνεμνήσθησαν.

2664 3493 2831 3548 Ταῦτ’
2853 3490 2947 3548 οὖν
2980 3494 3180 3558 εἰδότες
3220 3493 3456 3556 ἅπαντα,
3494 3489 3849 3561 ποιησώμεθα
3891 3488 3985 3541 τοῦ
4029 3486 4146 3557 βίου
4177 3503 4275 3557 με-

2591 3582 2821 3654 ταϐολὴν
2856 3581 2952 3636 καὶ
2974 3582 3279 3653 διόρθωσιν,
3305 3580 3403 3651 καὶἰ
3426 3579 3530 3650 πρὸ
3552 3579 3649 3649 τῆς
3670 3576 3993 3645 ἀπαλλαγῆς
4022 3575 4123 3643 τῆς
4151 3577 4275 3627 ἐπι-

2592 3669 2850 3740 κειμένης
2906 3668 3145 3736 ἀγωνίας
3199 3666 3338 3739 ὑπέρ
3392 3665 3679 3727 εὐλαϐείας
3734 3663 3829 3718 καὶ
3878 3662 4078 3734 ἀρετῆς
4100 3679 4272 3731 φρον-

2588 3756 2845 3827 τίσωμεν.
2887 3756 2999 3809 Καὶ
3030 3755 3170 3819 τέως
3196 3758 3345 3826 τρεῖς
3375 3751 3592 3815 ἐντολάς
3622 3752 3753 3823 ὑμῖν
3780 3748 4272 3820 παρακαταθέσθαι

2591 3842 2871 3913 βούλομαι,
2906 3843 2993 3895 ἵνα
3043 3858 3133 3912 μοι
3181 3841 3386 3903 ταύτας
3424 3840 3517 3892 ἐπὶ
3543 3840 3642 3909 τῆς
3678 3836 3933 3906 νηστείας
3983 3834 4272 3905 κατορθώο

2591 3944 2744 3998 σητεο
2780 3928 2840 3980 τὸ
2869 3927 3074 3997 μηδένα
3100 3926 3288 3986 κακῶς
3318 3926 3520 3993 λέγειν,
3543 3924 3604 3976 τὺ
3641 3924 3844 3993 μηδένα
3870 3921 4063 3991 ἐχθρὸν
4098 3923 4269 3991 ἔχειν,

2589 4016 2651 4068 τὸ
2675 4013 2907 4068 καθόλου
2937 4015 3119 4067 πᾶσαν
3147 4014 3212 4066 ἐκ
3244 4011 3340 4065 τοῦ
3381 4010 3645 4081 στόματος
3671 4008 3941 4062 ἀπελάσαι
3976 4008 4075 4075 τὴν
4101 4024 4274 4077 πονη-

2593 4096 2695 4167 ράν
2739 4095 2848 4148 τῶν
2884 4096 3063 4165 ὅρκων
3109 4093 3418 4164 συνήθειαν.
3450 4092 3563 4145 Καὶ
3602 4090 3854 4160 καθάπερ
3886 4088 4107 4143 ἐπειδὰν
4144 4107 4275 4161 χρυο

2592 4178 2707 4231 σίον
2763 4176 3052 4246 ἐπιϐληθέν
3078 4174 3404 4244 ἀκούσωμεν
3426 4215 3442 4240 ,
3471 4171 3648 4227 ἀπιὼν
3674 4172 3856 4225 οίκαδε
3894 4171 4146 4234 ἕκαστος,
4176 4176 4273 4227 καὶ

2588 4260 2687 4331 τὴν
2714 4262 2944 4329 γυναῖκα
2986 4256 3223 4321 καλέσας
3253 4259 3345 4310 καὶ
3378 4256 3450 4311 τὰ
3474 4256 3644 4309 τέκνα
3674 4255 3693 4294 τ
3720 4256 3816 4307 καὶ
3853 4255 3982 4317 τοὺς
4026 4255 4271 4319 οἰκέτας,

2591 4347 2784 4397 σκοπεῖ
2802 4344 2920 4413 μετ’
2944 4342 3168 4396 ἐκείνων
3196 4342 3290 4393 καὶ
3327 4339 3660 4410 βουλεύεται,
3692 4338 3856 4392 πόθεν
3883 4336 3983 4408 τὴν
4004 4339 4274 4408 εἰσφοράν

2588 4426 2868 4497 καταϐάλῃ
2895 4424 3121 4494 ταύτηνσ
3144 4422 3288 4476 οὑτω
3321 4423 3416 4475 καὶ
3443 4422 3538 4475 ἐπὶ
3563 4420 3672 4474 τῶν
3695 4418 3921 4473 ἐντολῶν
3946 4422 4267 4490 ποιήσωμεν

2586 4509 2789 4562 τούτων
2812 4508 2921 4562 τῶν
2952 4504 3356 4577 πνευματικῶν.
3386 4503 3774 4575 Ἀναχωρήσας
3818 4501 3997 4555 οἴκαδε
4032 4502 4270 4563 ἕκαστος

2587 4590 2821 4643 καλείτω
2856 4589 2954 4660 τήν
3000 4592 3233 4657 γυναῖκα
3270 4587 3367 4640 καὶ
3416 4586 3486 4638 τὰ
3532 4585 3747 4647 παιδία,
3781 4584 3872 4635 καὶ
3922 4582 4127 4650 λεγέτω
4178 4585 4262 4637 ὅτι

2588 4672 2819 4743 εἰσφορά
2846 4670 3121 4742 ἐπεϐλήθη
3159 4666 3510 4738 πνευματικὴ
3541 4666 3779 4735 τήμερον
3798 4707 3813 4728 ,
3844 4664 4070 4734 εἰσφορὰ
4095 4664 4163 4717 δι’
4192 4662 4262 4739 ἧς

2591 4755 2741 4808 ἐσται
2761 4773 2843 4818 τις
2860 4755 3013 4818 λύσις
3038 4754 3146 4807 τῶν
3164 4752 3351 4805 δεινῶν
3371 4748 3576 4802 τούτων
3599 4747 3690 4801 καὶ
3710 4746 4017 4816 ἀπαλλαγὴ,
4038 4749 4273 4819 εἰσφορά

2591 4838 2711 4908 οὐχὶ
2738 4837 2975 4907 πένητας
3007 4837 3134 4897 τοὺς
3165 4831 3604 4894 καταϐάλλοντας
3623 4870 3638 4894 ,
3675 4829 3811 4883 ἀλλά
3836 4829 4273 4901 πλουσιωτέρους

2590 4920 2840 4983 ποιοῦσα,
2866 4918 2983 4991 [48]
3007 4918 3147 4970 ὥστε
3185 4915 3389 4987 μηδένα
3418 4915 3611 4986 ἐχθρόν
3651 4914 3818 4985 ἔχειν,
3845 4913 4049 4985 μηδένα
4079 4916 4273 4979 κακῶς

2590 5003 2791 5071 λέγειν,
2830 5001 2961 5072 μηδὲ
2997 4999 3223 5070 ὀμνύναι
3257 4998 3505 5052 καθόλου.
3533 4999 3929 5068 Σκοπήσωμεν,
3963 4999 4269 5067 φροντίσω-

2592 5104 2717 5159 μεν,
2760 5082 3200 5156 βουλευσώμεθα,
3250 5083 3396 5147 ϐπως
3447 5080 3893 5151 ἐκπληρώσωμεν
3923 5078 4021 5141 τὰς
4046 5080 4270 5143 ἐντολὰς

2587 5169 2811 5233 ταύτας
2842 5168 3022 5220 πᾶσαν
3058 5164 3495 5236 εἰσενεγκώμεθα
3532 5162 3766 5231 σπουδὴν
3787 5199 3803 5224 ,
3846 5160 4110 5229 ἀλλήλους
4141 5161 4271 5214 ὑπο-

2592 5254 2905 5324 μνήσωμεν,
2942 5248 3201 5320 ἀλλήλους
3236 5244 3680 5319 διορθωσώμεθα,
3721 5242 3809 5324 ἵνα
3841 5241 3915 5324 μή
3955 5240 4268 5309 ὀφείλοντες

2589 5322 2916 5403 ἀπέλθωμεν
2956 5334 3088 5397 ἐκεῖ,
3147 5327 3266 5384 εἶτα
3318 5329 3562 5398 δεόμενοι
3614 5322 3959 5377 δανείσασθαι
3993 5324 4125 5393 παρ’
4157 5324 4268 5376 ἑτέο

2592 5434 2721 5479 οων,
2750 5416 2824 5486 μὴ
2857 5414 2918 5467 τὸ
2940 5414 3046 5467 τῶν
3069 5413 3354 5485 παρθένων
3382 5409 3643 5477 πάθωμεν
3664 5404 3773 5458 τῶν
3798 5403 4018 5474 μωρῶν,
4046 5405 4141 5457 καὶ
4163 5407 4265 5475 τῆς

2588 5492 2860 5551 ἀθανάτου
2886 5498 3154 5569 σωτηρίας
3178 5497 3522 5562 ἐκπέσωμεν.
3544 5492 3640 5543 Ἂν
3663 5489 3805 5542 οὑτω
3825 5488 3915 5541 τὸν
3938 5489 4145 5542 ἑαυτῶν
4171 5491 4267 5559 ῥυ-

2591 5581 2873 5653 θμίζωμεν
2916 5581 3049 5651 βίον,
3086 5578 3335 5633 ἐντεῦθεν
3370 5576 3499 5645 ὑμῖν
3526 5572 3810 5642 ἐγγυῶμαι
3845 5572 3937 5625 καὶ
3972 5569 4265 5637 ὑπισχνοῦ-

2591 5682 2709 5735 μαι,
2746 5667 2827 5720 ὅτι
2868 5668 2963 5720 καὶ
2988 5668 3011 5706 ε
3035 5663 3131 5733 τῆς
3161 5658 3443 5730 παρούσης
3478 5658 3761 5728 συμφορᾶς
3798 5654 3947 5708 ἔσται
3968 5670 4050 5717 τις
4084 5652 4261 5718 λύσις,

2652 5792 2674 5821 ε
2700 5788 2781 5839 Sic
2805 5797 2907 5839 tres
2928 5803 3038 5838 mss.
3070 5786 3201 5835 Edili
3222 5796 3340 5832 vero
3359 5783 3673 5844 ὑπεξέρχεται.

2655 5849 2681 5931 ξ
2704 5854 2799 5901 Alii
2824 5853 3063 5918 ἁμάρτῃςι

2699 5914 2797 5963 ΑΙὶἱ
2823 5915 2849 5959 ὃ
2870 5929 2922 5959 τε
2945 5914 2995 5959 δὲ
3014 5928 3111 5957 νυν.

2655 5973 2674 6011 ι
2702 5972 2853 6021 sum,
2878 5980 2929 6021 ρι
2953 5973 3147 6033 quidam
3184 5969 3264 6016 η’ἱί
3290 5970 3370 6015 καὶ
3392 5968 3451 6015 τὰ
3474 5966 3652 6033 παιδία.
3686 6026 3695 6033 _
3778 6027 3788 6033 _
3932 6022 3947 6031 η

2656 6036 2681 6077 ⁸
2728 6020 2951 6085 SaliLN
2973 6020 3171 6094 'platrimi
3199 6045 3312 6078 nus.
3339 6034 3399 6085 ὼτ
3423 6030 3521 6089 καί,
3548 6026 3713 6075 Morel.
3745 6027 3793 6072 el
3816 6020 3898 6071 alii
3927 6022 3995 6067 Cr:
4020 6020 4121 6068 καί.
