4458 6696
330 521 404 574 .‘i7
1257 517 1348 568 AD
1395 513 1714 570 POPULUM
1747 510 2230 569 ANTIOCIIENUM
2272 508 2499 566 liOMlL.
2559 510 2643 566 Ill.
3538 511 3606 565 58

331 647 459 686 sens
485 643 539 686 et
570 633 751 686 ridens
776 641 829 687 et
855 629 1079 684 audiens
1097 665 1113 691 ,
1141 633 1197 679 et
1234 638 1407 693 neque
1434 622 1634 679 fulmen
1677 624 1910 682 immisit.

332 738 510 794 neque
534 740 680 778 mare
700 723 860 792 jussit
886 730 1081 773 terram
1110 714 1368 769 inundare
1391 722 1446 770 et
1469 728 1655 769 omnes
1679 716 1919 770 submer-

330 828 497 883 gere,
532 828 704 881 neque
732 822 929 864 terram
963 804 1109 859 hiare
1130 846 1143 869 ,
1175 814 1229 860 et
1260 812 1606 859 temeratores
1633 805 1920 861 absorbere

331 906 625 965 mandavit,
654 901 747 956 sed
779 898 987 957 tolerat,
1014 905 1067 951 et
1092 896 1462 966 longanimiter
1486 899 1611 967 agit,
1632 906 1686 952 et
1712 898 1917 952 veniam

328 1010 393 1048 se
424 995 669 1047 daturum
703 988 964 1057 promittit
991 988 1328 1042 contumeliae
1356 988 1663 1043 auctoribus
1684 1029 1698 1053 ,
1726 990 1769 1043 si
1805 998 1919 1041 tan-

332 1095 446 1138 tum
478 1078 841 1152 painitentiam
870 1088 1047 1146 agant,
1069 1086 1121 1132 ct
1150 1093 1208 1132 se
1234 1092 1338 1133 non
1365 1079 1589 1149 amplius
1611 1080 1723 1134 haec
1754 1078 1921 1133 factu-

333 1190 427 1229 ms
484 1172 851 1240 polliceantur.
900 1168 1038 1223 Vere
1101 1184 1239 1224 nunc
1286 1172 1611 1225 exclamandi
1663 1180 1914 1239 tempus:

335 1262 463 1327 Quis
503 1260 733 1325 loquetur
773 1259 1018 1326 potentias
1053 1258 1298 1313 Domini?
1334 1262 1532 1315 auditas
1560 1261 1710 1331 faciet
1746 1275 1919 1313 omnes

330 1356 512 1407 laudes
541 1354 649 1422 ejus
678 1353 849 1423 (Psal.
879 1356 1001 1411 105.
1031 1356 1099 1425 2)
1125 1356 1149 1408 ?
1193 1356 1341 1425 Quod
1374 1358 1465 1412 Dei
1515 1358 1770 1425 imagines
1811 1366 1916 1406 non

332 1454 537 1496 tantum
570 1443 882 1512 dejecerunt
904 1486 919 1510 ,
952 1447 1044 1501 sed
1076 1448 1233 1501 etiam
1263 1445 1751 1503 conculcaverunt?
1796 1457 1914 1496 cum

330 1536 475 1587 enim
508 1550 653 1589 reum
685 1552 851 1607 angas
871 1578 884 1600 ,
913 1553 1031 1591 enm
1060 1540 1310 1608 dispolies
1330 1581 1343 1603 ,
1381 1554 1500 1592 cum
1534 1536 1743 1598 trahas,
1793 1549 1914 1589 cum

331 1623 574 1693 dejicias,
606 1626 697 1679 Dei
727 1627 1008 1696 imaginem
1036 1631 1338 1683 conculcas.
1367 1629 1499 1682 Audi
1525 1636 1668 1682 certe
1694 1627 1913 1679 Paulum

330 1714 597 1768 dicentem
627 1718 767 1784 quod
800 1718 958 1773 homo
988 1736 1090 1774 non
1115 1721 1272 1773 debet
1300 1721 1508 1788 operire
1537 1728 1714 1785 caput,
1743 1718 1916 1785 imago

329 1804 475 1856 enim
494 1814 547 1858 et
572 1805 737 1874 gloria
762 1808 851 1862 Dei
876 1819 953 1863 est
986 1810 1057 1880 (ι.
1080 1809 1195 1863 Cor.
1222 1811 1304 1862 ll.
1335 1810 1390 1877 7)
1417 1827 1429 1860 :
1454 1818 1507 1860 et
1534 1823 1714 1860 rnrsus
1745 1808 1914 1875 ipsum

335 1895 500 1947 llettm
531 1898 796 1951 dicentem
830 1917 842 1951 :
877 1900 1148 1951 Faciamus
1190 1899 1439 1950 hominem
1468 1897 1740 1949 secundum
1782 1897 1915 1947 inta-

328 1987 497 2053 ginem
526 1996 571 2038 et
600 1988 979 2040 similitudinem
1023 1999 1246 2040 nostrum
1277 1988 1294 2057 (
1310 1986 1438 2040 Gen.
1466 1989 1514 2040 1.
1542 1985 1672 2056 26).
1707 1986 1764 2040 Si
1791 2000 1919 2038 vero

328 2074 515 2140 dicas,
559 2092 663 2128 non
693 2092 813 2130 esse
853 2075 1089 2145 ejusdem
1120 2077 1431 2130 substantia:
1463 2077 1728 2129 [nominent
1760 2084 1919 2144 atque

332 2163 542 2227 Deum,
586 2164 709 2232 quid
754 2165 907 2217 tum?
951 2165 1136 2235 Neque
1166 2167 1307 2219 enim
1336 2180 1410 2219 res
1451 2175 1638 2219 statum
1676 2164 1914 2233 ejusdem

328 2263 415 2305 est
446 2263 603 2322 atque
628 2253 922 2323 imperator
948 2257 1285 2323 substantim,
1314 2256 1406 2311 sed
1438 2264 1611 2310 tamen
1642 2255 1778 2310 hanc
1799 2254 1914 2309 ausi

331 2344 528 2398 hedere
574 2360 756 2414 pmnas
801 2347 1063 2402 dederunt
1094 2366 1107 2401 :
1140 2349 1218 2401 sic
1264 2357 1318 2402 et
1361 2348 1412 2401 in
1458 2347 1781 2411 hominibus,
1814 2347 1913 2402 etsi

328 2448 437 2485 non
471 2434 710 2502 ejusdem
742 2451 861 2489 cum
893 2437 1003 2491 Deo
1026 2438 1336 2493 substantia:
1364 2448 1482 2492 sunt
1516 2438 1778 2503 homines,
1810 2438 1913 2492 sic-

327 2534 386 2577 nt
417 2541 586 2595 neque
614 2544 797 2582 revera
843 2538 998 2593 sunt,
1046 2538 1221 2584 tamen
1269 2532 1440 2600 imago
1473 2532 1641 2584 vocati
1670 2540 1828 2596 sunt,
1859 2540 1915 2585 et

328 2626 548 2683 propter
572 2619 982 2686 appellationem
1013 2621 1155 2688 ipsos
1186 2621 1441 2674 honorem
1483 2622 1725 2688 recipere
1749 2636 1912 2691 opor-

328 2704 491 2757 tebat.
545 2705 624 2758 Tn
675 2722 804 2762 vero
854 2718 1075 2777 propter
1119 2710 1387 2777 paululum
1440 2711 1552 2763 auri
1608 2712 1911 2777 conculcas,

325 2794 498 2861 angis,
530 2794 717 2861 trahis,
749 2806 803 2850 et
830 2798 1028 2852 nullam
1057 2798 1229 2853 adhuc
1256 2815 1467 2869 pmnam
1499 2800 1711 2855 dedisti.

399 2884 453 2936 7.
485 2885 767 2956 Contingat
798 2889 953 2958 igitur
985 2889 1140 2943 hodie
1168 2890 1451 2960 quamdam
1481 2891 1672 2945 bonam
1705 2901 1756 2947 et
1784 2892 1913 2947 de»

326 2987 495 3029 teram
538 2978 651 3032 fieri
698 2982 1067 3035 mutationem.
1121 2982 1250 3037 lllud
1286 2991 1430 3037 certe
1461 2984 1612 3037 vobis
1658 2985 1908 3053 prmdico,

322 3078 378 3119 et
408 3078 681 3122 contestor
701 3111 715 3134 ,
763 3071 905 3139 quod
936 3074 1034 3125 etsi
1066 3073 1180 3127 lucc
1212 3074 1529 3141 prmterierit
1557 3074 1727 3129 nubes
1751 3117 1764 3137 ,
1813 3091 1910 3129 nos

321 3168 503 3213 autem
534 3161 583 3213 in
614 3161 800 3215 eodem
829 3163 1180 3217 manserimus
1218 3172 1433 3233 torpore
1456 3206 1471 3229 ,
1502 3181 1712 3219 rursum
1743 3167 1910 3220 multo

326 3250 432 3312 his,
464 3267 583 3317 qua:
611 3252 662 3305 in
695 3255 1099 3321 prmsentiarnm
1131 3263 1507 3323 exspectantur
1528 3294 1543 3317 ,
1586 3257 1766 3323 pejora
1812 3272 1909 3325 pa-

325 3344 525 3396 tiemur
554 3359 569 3397 :
597 3345 846 3411 quoniam
878 3354 931 3398 et
977 3361 1118 3401 nunc
1163 3361 1268 3400 non
1315 3354 1519 3399 tantum
1568 3346 1909 3416 Imperatoris

322 3433 494 3496 iram,
536 3444 788 3501 quantum
830 3436 1103 3503 segnitiem
1135 3446 1365 3491 vestram
1395 3438 1578 3493 timeo.
1619 3437 1734 3492 Non
1765 3441 1908 3494 enim

321 3522 531 3575 duobtts
561 3532 649 3576 aut
680 3524 848 3578 tribus
874 3526 1059 3580 diebus
1097 3527 1420 3596 supplicasse
1450 3529 1604 3584 nobis
1632 3530 1698 3584 ad
1727 3530 1911 3585 defen-

320 3614 529 3667 sionem
552 3614 764 3673 sufficit.
794 3615 888 3669 sed
913 3618 1070 3671 totius
1094 3618 1214 3672 vit-.e
1237 3619 1580 3674 mutationem
1611 3621 1724 3677 fieri
1752 3637 1909 3692 opor-

322 3713 425 3767 tet,
478 3713 529 3756 et
576 3719 603 3756 a
646 3706 842 3758 malitia
891 3706 1210 3763 desistentes
1254 3710 1305 3763 in
1352 3712 1549 3766 virtute
1592 3728 1907 3781 permanere

317 3792 592 3845 continue.
626 3793 772 3847 Sicut
818 3796 959 3849 enim
1001 3808 1352 3866 atgrotantes,
1386 3801 1484 3854 nisi
1523 3816 1734 3872 semper
1758 3804 1905 3857 ordi-

320 3894 447 3936 nate
472 3884 717 3949 vixerint,
746 3885 887 3938 nulla
917 3887 1044 3955 ipsis
1071 3888 1364 3959 disciplina:
1393 3906 1487 3960 per
1516 3901 1624 3947 tres
1653 3902 1744 3946 aut
1772 3908 1904 3963 qua-

321 3985 445 4027 tuor
470 3975 587 4029 dies
613 3986 835 4030 scrvatze
862 3978 1062 4033 utilitas
1094 3996 1107 4031 :
1141 3981 1217 4034 sic
1241 3989 1294 4035 et
1326 3991 1607 4050 peccantes
1635 3984 1732 4039 nisi
1761 4000 1907 4039 sem-

320 4079 414 4133 per
445 4064 608 4118 sobrii
640 4066 765 4128 sint,
795 4068 923 4121 nihil
961 4068 1192 4137 proderit
1219 4071 1348 4139 ipsis
1377 4072 1605 4127 duorum
1635 4074 1719 4128 vel
1749 4076 1905 4130 trium

316 4156 526 4207 dierum
554 4157 835 4209 correctio.
871 4157 937 4212 Ut
964 4160 1128 4223 enim,
1172 4161 1401 4227 dicitur,
1450 4163 1591 4217 lotus
1632 4176 1814 4234 postea
1855 4167 1906 4221 in

318 4246 433 4298 luto
463 4261 672 4300 rursum
702 4248 1009 4316 inquinatus
1029 4292 1045 4318 ,
1091 4253 1221 4306 nihil
1266 4256 1486 4323 profecit
1514 4273 1529 4307 :
1559 4258 1636 4311 sic
1666 4273 1761 4324 per
1798 4269 1907 4314 tres

316 4338 436 4390 dies
465 4352 626 4406 agens
660 4340 1056 4408 paenitentiam,
1086 4355 1139 4399 et
1170 4362 1380 4400 rursum
1410 4349 1475 4403 ad
1508 4350 1684 4418 priora
1717 4368 1905 4407 rever-

319 4438 461 4489 tens,
490 4429 623 4482 nihil
656 4429 888 4485 lucratus
917 4442 1017 4486 est.

392 4518 567 4572 Terra:
587 4532 747 4574 motus
774 4526 1053 4593 frequentes
1073 4525 1372 4583 Antiochiet.
1394 4562 1461 4570 —
1483 4532 1558 4587 Ne
1587 4533 1742 4603 igitur
1763 4535 1902 4604 quod

316 4624 536 4677 semper
560 4612 801 4678 facimus,
825 4613 925 4667 hoc
946 4624 999 4668 et
1021 4632 1157 4670 nunc
1182 4618 1455 4677 faciamus.
1489 4625 1697 4679 Etenim
1721 4635 1905 4681 terra:-

317 4703 550 4753 motihus
579 4704 775 4771 srepius
803 4706 1374 4774 comprehendentihus
1395 4754 1408 4776 ,
1453 4725 1506 4769 et
1548 4716 1688 4772 fame
1717 4728 1767 4772 et
1795 4719 1902 4771 sie-

315 4791 513 4855 ritatc,
559 4794 726 4847 tribus
751 4797 835 4850 vel
865 4807 1089 4865 quatuor
1130 4801 1316 4855 diebus
1359 4807 1619 4862 moderati
1650 4820 1702 4865 et
1749 4827 1899 4864 man-

315 4883 582 4935 suetiores
611 4884 729 4939 facti
755 4928 768 4949 ,
803 4903 987 4943 rursus
1011 4890 1073 4943 ad
1104 4892 1274 4959 priora
1309 4896 1625 4965 redivimns.
1660 4913 1902 4972 propter-

312 4984 486 5037 eaque
516 4972 627 5025 ha-c
655 4977 983 5034 acciderunt.
1019 4980 1123 5034 Sed
1163 4982 1205 5036 si
1238 4998 1346 5037 non
1382 4988 1527 5054 prius
1550 5032 1564 5053 ,
1614 5007 1752 5046 nunc
1796 4994 1900 5046 sal-

314 5070 424 5111 tem
475 5061 525 5114 in
575 5064 761 5119 eadem
812 5084 1217 5138 permaneamus
1267 5076 1500 5141 pietate,
1553 5089 1607 5134 et
1656 5083 1898 5137 eamdem

312 5153 778 5211 mansuetudinem
806 5174 1102 5231 servemus,
1129 5180 1196 5218 ne
1222 5180 1433 5222 rursum
1460 5172 1630 5227 altero
1660 5174 1897 5245 indigea-

315 5258 437 5297 mus
466 5242 691 5310 llagello.
718 5250 907 5306 Annon
930 5264 1136 5323 poterat
1157 5255 1295 5310 Deus
1319 5275 1401 5322 ea,
1424 5275 1543 5330 qua:
1567 5242 1895 5334 acciderunt,

313 5336 649 5405 prohibere?
699 5341 805 5395 Sed
850 5348 1111 5414 permisit,
1158 5357 1213 5401 ut
1258 5362 1316 5403 se
1354 5362 1760 5412 contemnentes
1805 5374 1899 5428 per

310 5428 559 5483 Conservi
589 5439 787 5485 metum
816 5438 1169 5495 modestiores
1193 5440 1448 5497 efficeret.
1482 5444 1595 5498 Non
1626 5448 1755 5502 mihi
1780 5452 1898 5519 quis

309 5521 493 5584 dicit,
535 5519 674 5587 quod
724 5524 874 5578 multi
919 5533 1151 5585 sontium
1197 5532 1534 5601 effugerunt,
1579 5538 1729 5591 multi
1771 5555 1897 5596 vero

315 5610 605 5664 insontium
655 5625 864 5679 poenam
916 5619 1189 5676 subierunt
1228 5640 1241 5677 :
1274 5624 1468 5678 etenim
1517 5625 1618 5679 hoc
1658 5628 1897 5687 dicentes

311 5704 515 5757 multos
543 5701 736 5770 smpitts
776 5704 967 5771 audio,
999 5726 1103 5766 non
1146 5713 1198 5767 in
1239 5714 1487 5785 pnesenti
1519 5723 1722 5771 tantum
1749 5721 1893 5774 sedi-

312 5796 479 5857 tione,
515 5796 691 5858 sed,et
724 5795 774 5848 in
801 5797 917 5851 aliis
946 5802 1126 5856 multis
1156 5805 1456 5874 hujusmodi
1488 5810 1729 5878 negotiis.
1758 5812 1893 5877 Quid

313 5887 475 5950 igitur
528 5887 647 5940 ttl'a
696 5887 1065 5951 objicientibus
1118 5894 1450 5953 dicendum?
1500 5901 1649 5970 Quod
1695 5904 1792 5957 etsi
1842 5904 1892 5959 in

624 5989 890 6045 l’arttoL.
942 5988 1056 6044 (in.
1108 5990 1326 6053 XLIX.

2029 621 2277 693 praesenti
2329 621 2589 676 seditione
2638 622 2819 677 insons
2866 628 2980 675 erat
3031 620 3076 673 is
3132 620 3220 689 qui
3268 630 3453 689 captus
3500 632 3606 684 est,

2031 724 2208 766 tamen
2237 710 2379 764 aliud
2413 721 2686 780 peccatum
2732 712 3018 781 aliquando
3061 710 3275 780 gravius
3316 713 3607 776 commisit,

2027 800 2227 856 deinde
2256 815 2360 854 non
2407 811 2659 862 mutatus,
2690 817 2834 858 nunc
2863 816 3045 871 paenas
3072 801 3234 855 dedit.
3272 801 3479 854 Etenim
3510 802 3611 856 hoc

2029 891 2202 945 facere
2231 891 2369 945 Deus
2390 893 2665 945 consuevit
2693 910 2707 946 :
2737 908 2856 946 cum
2889 895 3286 962 peccaverimus
3307 932 3322 956 ,
3365 906 3471 944 non
3497 900 3604 943 sta-

2028 982 2120 1035 tim
2149 992 2360 1052 peccata
2391 983 2678 1046 ulciscitur,
2708 984 2801 1039 sed
2829 984 3071 1049 remittit,
3095 984 3227 1038 dans
3253 982 3410 1037 nobis
3438 981 3606 1050 pumi-

2026 1074 2206 1125 tentia:
2234 1081 2444 1140 tempus
2468 1112 2484 1137 ,
2530 1082 2585 1126 ut
2632 1074 2960 1142 corrigamur
2987 1082 3040 1126 et
3067 1082 3363 1137 mutemur;
3410 1072 3453 1125 si
3482 1086 3607 1123 vero

2026 1163 2167 1232 quod
2198 1179 2302 1217 non
2334 1179 2517 1233 ptenas
2549 1162 2887 1227 dederimus,
2924 1171 3195 1232 peccatum
3224 1162 3455 1217 deletum
3486 1176 3607 1216 esse

2025 1255 2409 1319 existimantes,
2436 1256 2945 1324 contempserimus,
2978 1253 3066 1308 ubi
3098 1267 3204 1306 non
3233 1263 3496 1322 putamus,
3528 1252 3601 1306 ibi

2027 1354 2145 1414 post
2174 1344 2290 1399 haec
2330 1346 2548 1398 omnino
2576 1346 2872 1413 capiemur.
2920 1344 3033 1399 Hoc
3072 1352 3249 1397 autem
3278 1342 3367 1406 fit,
3400 1350 3453 1394 ut
3484 1358 3603 1394 cum

2026 1438 2423 1507 peccaverimus
2444 1478 2457 1501 ,
2492 1446 2545 1491 et
2577 1451 2682 1490 non
2728 1436 2983 1490 fuerimus
3009 1436 3195 1505 puniti,
3230 1452 3333 1488 non
3366 1434 3605 1488 mntida-

2026 1545 2171 1595 mus,
2225 1530 2326 1583 nisi
2374 1529 2629 1583 fuerimus
2659 1527 2866 1593 mutati,
2910 1526 3143 1581 scientes
3186 1527 3323 1595 quod
3368 1527 3453 1579 ubi
3500 1542 3604 1579 non

2026 1630 2270 1690 putamus
2296 1620 2512 1674 omnino
2555 1619 2827 1674 cadcmus.
2875 1618 3056 1688 Itaque
3097 1617 3139 1671 si
3184 1617 3504 1683 peccaveris,
3552 1625 3608 1668 et.

2023 1712 2237 1781 punitus
2265 1726 2369 1764 non
2402 1710 2564 1765 fueris
2588 1753 2601 1774 ,
2635 1725 2702 1764 ne
2730 1718 3039 1764 contemnas
3061 1751 3073 1767 .
3104 1708 3328 1770 dilecte;
3363 1705 3453 1759 sed
3487 1721 3608 1773 pro-

2025 1813 2142 1869 pter
2184 1800 2285 1853 hoc
2328 1800 2500 1868 ipsum
2532 1799 2699 1869 magis
2745 1801 2891 1863 time,
2939 1801 3112 1853 sciens
3141 1798 3280 1867 quod
3313 1796 3465 1850 facile
3498 1796 3605 1849 Deo

2026 1902 2127 1950 est.
2163 1891 2374 1959 quando
2405 1891 2549 1953 velit,
2584 1892 2774 1944 iterum
2820 1892 3129 1944 retribuere.
3164 1890 3286 1943 Ideo
3314 1889 3455 1942 enim
3496 1897 3607 1940 tum

2027 1990 2080 2036 te
2121 1996 2225 2035 non
2271 1980 2500 2050 punivit,
2552 1989 2609 2035 ut
2656 1980 2853 2036 habeas
2895 1980 3218 2048 paenitentia:
3265 1989 3489 2046 tempus.
3529 1976 3608 2030 Ne

2027 2072 2185 2141 igitur
2228 2071 2486 2135 dicamus,
2531 2070 2672 2141 quod
2716 2070 2940 2123 crimine
2986 2083 3175 2122 carens
3218 2068 3306 2121 ille
3333 2066 3602 2130 ceciderit,

2024 2166 2160 2219 alter
2187 2179 2313 2218 vero
2340 2163 2591 2218 facinoris
2617 2171 2805 2217 auctor
2829 2162 3092 2231 effugerit.
3125 2161 3383 2214 lnnocens
3409 2160 3604 2212 ctenim

2024 2256 2259 2326 punitus,
2305 2263 2364 2309 ut
2408 2263 2531 2309 ante
2574 2254 2720 2319 dixi,
2770 2253 2995 2307 aliorum
3040 2260 3375 2320 peccatorum
3422 2260 3608 2316 ptenas

2023 2345 2120 2399 luit
2152 2362 2167 2397 τ
2198 2353 2253 2399 et
2282 2345 2371 2414 qui
2401 2358 2544 2397 nunc
2574 2342 2776 2411 effugit,
2805 2342 2908 2396 nisi
2939 2350 3169 2395 mutatus
3197 2340 3388 2402 fuerit,
3422 2339 3474 2391 in
3503 2338 3608 2391 alio

2020 2436 2260 2505 capietur
2304 2435 2514 2504 laqueo.
2562 2433 2620 2489 Si
2663 2433 2742 2487 sic
2783 2430 3027 2500 dispositi
3071 2430 3271 2493 simus,
3317 2442 3604 2497 numquam

2021 2527 2358 2596 propriorum
2410 2525 2785 2580 obliviscemur
2826 2533 3201 2593 peccatorum,
3247 2520 3341 2575 sed
3389 2534 3605 2587 semper

2023 2617 2291 2680 timentes,
2326 2624 2647 2680 trementes,
2678 2630 2748 2668 ne
2776 2613 2986 2684 quando
3016 2612 3301 2667 subeamus
3326 2610 3601 2680 judicium,

2022 2708 2129 2762 cito
2157 2709 2392 2777 ipsorum
2421 2706 2840 2761 recordabimur.
2865 2704 3011 2759 Nihil
3040 2703 3179 2758 enim
3206 2703 3283 2757 sic
3310 2711 3522 2771 peccata
3550 2701 3604 2754 in

2024 2798 2341 2853 memoriam
2367 2812 2619 2853 revocare
2643 2795 2937 2859 consuevit,
2962 2805 3020 2850 ut
3045 2809 3198 2865 ptena
3221 2802 3275 2848 et
3293 2793 3601 2862 castigatio:

2019 2899 2073 2944 et
2118 2889 2221 2944 hoc
2264 2888 2601 2944 manifestum
2628 2903 2697 2942 ex
2742 2886 2991 2941 fratribus
3020 2883 3240 2954 Ioseph.
3286 2882 3419 2937 Cum
3460 2881 3603 2935 enim

2021 2979 2094 3033 illi
2121 2978 2323 3049 justum
2355 2978 2752 3044 vendidissent,
2784 2988 2838 3031 et
2878 2976 3133 3031 tredecim
3162 2975 3287 3028 anni
3313 2972 3604 3043 praeteriis-

2019 3081 2173 3138 sent,
2205 3072 2382 3140 puniri
2413 3080 2711 3126 metuentes
2732 3111 2748 3137 ,
2778 3080 2832 3125 et
2860 3069 2926 3124 de
2955 3070 3059 3122 vita
3086 3070 3333 3123 timentes
3354 3109 3369 3133 ,
3402 3066 3602 3136 peccati

2018 3162 2284 3216 recordati
2314 3171 2460 3227 sunt,
2491 3170 2547 3216 et
2574 3162 2711 3215 inter
2735 3176 2794 3215 se
2818 3159 3065 3215 dicebant
3092 3176 3107 3213 :
3134 3157 3277 3214 Certe
3301 3172 3321 3212 :
3348 3158 3401 3210 in
3428 3173 3603 3225 pecca-

2019 3255 2082 3308 tis
2107 3255 2241 3307 enim
2269 3269 2443 3307 sumus
2487 3262 2689 3322 prapter
2724 3256 2933 3322 fratrem
2974 3259 3200 3304 nostrum
3224 3247 3416 3317 Joseplt
3445 3245 3598 3318 (Gen.

2016 3344 2107 3398 42.
2134 3344 2248 3415 21).
2280 3342 2438 3398 Vides
2461 3342 2726 3412 quomodo
2772 3342 2930 3396 timor
2958 3340 3047 3395 ille
3090 3340 3235 3410 ipsos
3270 3338 3473 3407 peccati
3512 3336 3596 3390 sui

2017 3435 2465 3491 commonefecit?
2511 3436 2579 3489 Et
2622 3434 2839 3505 quando
2888 3432 3180 3503 peccabant
3230 3430 3446 3501 quidem
3494 3444 3600 3485 non

2016 3529 2317 3585 sentiebant
2350 3546 2365 3583 :
2393 3528 2608 3599 quando
2634 3543 2763 3583 vero
2790 3526 2962 3597 puniri
2990 3524 3328 3589 metuebant,
3358 3532 3483 3578 tunc
3510 3537 3598 3577 re-

2016 3623 2217 3679 cordati
2254 3630 2394 3676 sunt.

2091 3712 2306 3767 Moralis
2336 3713 2641 3766 exhortatio.
2667 3740 2739 3753 -—-
2778 3711 2903 3767 llaec
2942 3709 3099 3781 igitur
3126 3708 3303 3764 omnia
3346 3708 3596 3771 scientes,

2015 3803 2176 3856 vitam
2208 3812 2414 3857 mutare
2444 3803 2668 3857 velimus
2708 3812 2761 3856 et
2789 3802 3055 3870 corrigere
3075 3842 3090 3865 ,
3124 3808 3178 3855 et
3203 3808 3327 3854 ante
3356 3798 3601 3856 instantis

2013 3894 2271 3964 angustia:
2297 3894 2665 3949 liberationem
2711 3894 2779 3950 de
2820 3894 3072 3965 religione
3100 3901 3153 3946 et
3183 3893 3380 3946 virtute
3404 3890 3599 3959 cogite-

2014 4002 2153 4041 mus.
2206 3986 2274 4041 Et
2320 3985 2533 4041 interim
2583 3986 2682 4040 tria
2727 3984 2879 4039 vobis
2925 3983 3170 4037 mandata
3223 3980 3599 4036 commendare

2015 4079 2158 4143 volo,
2188 4087 2243 4132 ut
2273 4078 2385 4133 lucc
2411 4077 2539 4132 mihi
2565 4076 2616 4131 in
2640 4078 2841 4148 jejunio
2870 4076 3130 4145 prurstetis
3156 4092 3168 4126 :
3199 4074 3397 4129 nemini
3424 4071 3600 4127 detra-

2016 4171 2175 4233 hatis,
2226 4170 2494 4225 inimicum
2542 4171 2782 4225 habeatis
2808 4169 3099 4232 neminem,
3131 4176 3180 4221 et
3207 4181 3417 4221 omnem
3451 4181 3601 4234 pror-

2014 4277 2103 4316 sus
2131 4278 2194 4316 ex
2224 4276 2317 4315 ore
2348 4262 2540 4316 malam
2575 4260 2998 4330 juramentorum
3042 4257 3476 4314 consuetudinem
3507 4272 3599 4311 ex-

2018 4354 2246 4422 pellatis.
2280 4353 2345 4406 Et
2376 4353 2510 4407 sicut
2538 4367 2657 4406 cum
2688 4368 2875 4406 aurum
2908 4353 3217 4421 imperatum
3250 4348 3595 4413 audierimus,

2012 4448 2194 4501 abiens
2225 4447 2446 4516 quisque
2489 4447 2704 4500 domum
2745 4456 2799 4501 et
2828 4461 3047 4500 uxorein
3076 4459 3306 4509 vocans,
3338 4452 3392 4498 ct
3437 4442 3593 4505 filios,

2010 4547 2064 4591 et
2089 4552 2300 4600 servos,
2335 4537 2638 4592 considerat
2665 4552 2785 4591 eum
2816 4537 2918 4591 illis
2946 4545 3000 4590 et
3040 4536 3304 4590 consultat
3334 4534 3472 4587 unde
3506 4534 3598 4587 tri-

2012 4630 2194 4682 butum
2228 4629 2353 4683 illud
2383 4638 2566 4698 eroget
2595 4646 2608 4681 :
2641 4629 2720 4683 sic
2749 4637 2802 4682 et
2833 4627 2884 4681 in
2913 4626 3178 4681 mandatis
3202 4624 3284 4678 his
3308 4623 3596 4692 spirituali-

2011 4722 2109 4775 bns
2147 4720 2423 4774 faciamus.
2462 4721 2680 4774 Domum
2709 4721 2929 4789 quisque
2957 4732 3228 4787 regressus
3250 4759 3264 4782 ,
3292 4730 3513 4770 uxorem
3542 4724 3596 4769 et

2010 4811 2149 4865 filios
2179 4820 2332 4865 vocet
2355 4822 2409 4865 et
2435 4811 2576 4865 dicat
2602 4828 2615 4864 :
2645 4811 2923 4864 Tributum
2950 4808 3221 4878 spirituale
3240 4807 3395 4862 hodie
3426 4808 3597 4876 impo-

2008 4902 2168 4954 situm
2197 4911 2300 4966 est,
2333 4901 2610 4966 tributum,
2655 4901 2869 4971 inquam
2891 4941 2905 4966 ,
2935 4915 3029 4969 per
3057 4899 3196 4969 quod
3224 4898 3324 4953 erit
3351 4897 3593 4969 quaadam

2009 4992 2199 5047 horum
2231 4993 2487 5048 malorum
2515 4993 2708 5048 solutio
2736 5002 2788 5047 et
2816 4992 3086 5056 liberatio,
3129 4990 3381 5043 tributum
3404 5030 3419 5054 ,
3448 4987 3590 5056 quod

2007 5084 2343 5139 conferentes
2370 5100 2473 5137 non
2504 5100 2777 5153 pauperes,
2806 5083 2898 5136 sed
2924 5082 3142 5136 ditiores
3170 5079 3314 5142 facit,
3340 5089 3397 5133 ut
3422 5080 3591 5134 nemi-

2008 5192 2129 5230 nem
2163 5175 2430 5228 inimicum
2479 5173 2769 5228 habeamus
2791 5216 2806 5240 ,
2834 5174 3180 5228 detrahamus
3220 5171 3457 5235 nemini,
3491 5184 3591 5224 nec

2007 5268 2223 5321 omnino
2248 5266 2508 5335 jurcmus.
2537 5266 2969 5331 Considercmus,
2991 5280 3172 5321 curam
3197 5279 3432 5333 agamus,
3461 5277 3590 5316 con-

2007 5358 2280 5419 sultemus,
2311 5358 2577 5426 quomodo
2607 5357 2722 5413 hcce
2751 5357 3066 5427 impleamus
3105 5355 3385 5419 mandata;
3429 5368 3591 5409 omne
3651 5355 3661 5428 ἐ

2007 5447 2373 5518 impendamus
2401 5449 2629 5503 studium
2651 5490 2665 5514 ,
2708 5462 2804 5502 nos
2836 5448 2973 5501 alter
2995 5448 3218 5501 alterum
3248 5461 3589 5500 commonea-
3660 5458 3665 5467 '

2006 5556 2143 5605 mus,
2176 5540 2311 5593 alter
2334 5540 2559 5597 alterum
2586 5540 2913 5609 corrigamus
2934 5580 2947 5603 ,
2977 5546 3034 5592 ut
3061 5552 3166 5590 non
3197 5536 3465 5592 debitores
3494 5536 3589 5588 ab-
3666 5522 3669 5525 ¹

2004 5646 2187 5685 camus
2231 5631 2393 5698 illuc,
2435 5630 2627 5687 deinde
2676 5630 2903 5684 mutuari
2946 5629 3013 5685 ab
3058 5628 3177 5683 aliis
3219 5628 3410 5691 coacti,
3456 5625 3581 5679 illud

2004 5720 2142 5790 quod
2173 5720 2403 5791 virgines
2445 5722 2599 5777 fatua:
2645 5721 2942 5792 patiamur,
2988 5728 3041 5776 et
3086 5718 3366 5774 immortali
3413 5716 3585 5770 salute

2003 5815 2328 5869 excidamus.
2360 5816 2414 5872 Si
2445 5816 2521 5871 sic
2550 5825 2743 5870 nostra:
2783 5816 3120 5869 instituamus
3150 5812 3269 5864 vita:
3300 5806 3579 5863 rationem.

2006 5906 2129 5962 hinc
2160 5906 2314 5961 vobis
2343 5913 2579 5978 spondeo
2626 5916 2680 5963 et
2723 5907 2975 5976 polliceor
2997 5944 3013 5971 ,
3046 5902 3183 5974 quod
3213 5911 3267 5956 et
3307 5898 3584 5971 praesentis.

3195 5994 3227 6050 lt
