4458 6674
843 383 911 436 59
1563 389 1614 447 Β.
1652 390 1928 448 ,ΙΟᾹΝΝΙΞ
1965 392 2438 454 CIIRYSOSTOMI
2476 401 2603 457 AllC

2357 398 2438 454 »ιιι
2476 402 2513 455 Α
2525 401 2788 460 llClllEP.
2831 407 3366 472 CONSTANTINOP.
4043 425 4117 478 ϐο

840 500 1156 556 ralamitatis
1177 503 1350 574 aliqua
1375 505 1567 559 Sultllio
1589 507 1818 569 dabitur,
1847 519 1901 563 et
1924 511 2143 566 istorum
2169 515 2425 570 malorum

839 589 1126 645 liberatio:
1167 603 1222 647 et
1265 595 1403 662 quod
1449 597 1695 651 omnibus
1745 600 1915 669 majus
1958 611 2079 670 est,
2131 604 2426 661 futurorum

842 678 1046 736 fructus
1093 683 1373 738 bonorum.
1423 685 1715 754 Oportebat
1759 691 1972 760 quidem
2020 711 2232 749 onmem
2280 697 2433 752 vobis

845 771 1101 827 mandare
1130 775 1400 839 virtutem,
1451 777 1542 832 sed
1576 778 1716 834 bime
1763 797 1882 838 esse
1907 786 2258 840 correctionis
2293 789 2434 856 Opti-

848 878 992 917 mum
1039 864 1253 919 modum
1305 877 1450 935 puto,
1499 879 1554 924 ut
1599 887 1698 941 per
1742 887 1919 942 partes
1963 877 2132 944 legem
2163 888 2435 946 acceptam

848 955 1199 1024 impleamus,
1245 969 1299 1012 et
1330 969 1439 1014 tum
1483 962 1549 1016 ad
1591 964 1724 1019 alias
1756 981 2056 1034 pergamus.
2103 967 2252 1021 Sicut
2293 969 2435 1022 enim

852 1061 980 1115 agro
1023 1050 1335 1117 proposito,
1382 1055 1612 1122 agricola
1659 1057 1907 1124 paulatim
1958 1056 2201 1120 fodiens,
2248 1059 2331 1113 sic
2374 1060 2439 1114 ad

852 1137 1010 1191 ﬁnem
1033 1140 1174 1193 venit
1202 1157 1214 1192 :
1241 1141 1318 1196 sic
1345 1152 1400 1196 et
1425 1157 1522 1197 nos
1547 1145 1590 1198 si
1620 1145 1789 1213 legem
1816 1145 1952 1200 hanc
1981 1147 2133 1200 nobis
2159 1162 2442 1215 ponamus,

849 1236 907 1280 ut
933 1243 1029 1296 per
1056 1228 1529 1300 Quadragesimam
1567 1243 1885 1302 praesentem
1918 1235 2032 1290 haec
2060 1239 2159 1291 tria
2191 1239 2440 1293 mandata

853 1319 1134 1389 diligenter
1171 1338 1545 1390 exerceamus,
1579 1326 1761 1395 procul
1791 1327 1952 1382 dubio
1979 1344 2100 1382 eum
2130 1329 2284 1384 boote
2309 1346 2440 1386 con-

2532 519 2826 574 suetudinis
2867 527 3162 584 custodiam
3204 530 3493 600 prudenter
3530 529 3964 595 exhibuerimus.
3997 552 4124 590 cum

2539 611 2738 681 majore
2769 612 3018 670 facilitate
3042 627 3096 671 ct
3122 621 3190 674 ad
3217 623 3419 691 reliqua
3446 623 3742 685 veniemus,
3773 631 3826 675 et
3852 621 3918 675 ad
3947 623 4124 691 ipsum

2535 702 2827 772 disciplina:
2872 707 3127 762 verticem
3181 715 3590 781 pervenientes,
3645 724 3754 768 tum
3802 725 4125 783 pnesentem

2537 795 2695 848 vitam
2716 795 2852 848 bona
2875 810 2995 850 cum
3020 813 3112 866 spe
3135 807 3504 874 transigemus,
3529 817 3638 861 tum
3657 817 3710 861 et
3733 806 3784 860 in
3807 804 3979 859 futura
4001 820 4127 860 cum

2542 888 2704 941 multa
2741 886 2953 943 Christo
2996 890 3188 946 ﬁducia
3217 898 3529 955 assistemus
3557 910 3612 955 et
3639 900 3847 955 arcanis
3889 900 4132 952 fruemur

2544 980 2697 1034 bonis
2725 998 2739 1034 :
2771 997 2888 1050 qua:
2917 997 3012 1036 nos
3043 987 3256 1055 assequi
3298 989 3482 1056 detur,
3515 993 3681 1058 gratia
3725 1000 3778 1047 et
3807 991 4133 1061 benignitate

2547 1072 2755 1127 Domini
2787 1074 2951 1127 nostri
2999 1073 3124 1129 Jcsu
3167 1078 3404 1145 Christi,
3458 1098 3552 1150 per
3579 1099 3734 1151 quem
3778 1093 3832 1138 ct
3861 1097 3981 1138 cum
4025 1097 4136 1151 quo

2545 1164 2712 1232 gloria
2745 1164 2885 1218 Patri
2915 1180 3017 1218 una
3045 1181 3168 1221 cum
3200 1180 3386 1223 sancto
3411 1172 3632 1241 Spiritu,
3664 1173 3718 1227 in
3747 1175 3939 1230 srecula
3966 1189 4138 1231 smcu-

2548 1253 2741 1308 lorum.
2771 1255 2958 1309 Amen.

854 1448 4134 1490 _______...___.____________________

854 1544 1264 1590 ΕΧΗΟΒΤΔΤΙΟ
1292 1548 1375 1590 ΔΙ)
1402 1547 1695 1592 POPULUM
1722 1551 1804 1591 DE
1835 1549 2168 1593 ΡΔΤῙΕΝΤῙΔ
2202 1552 2282 1594 ET
2312 1553 2614 1598 TOLERAN'

2375 1553 2737 1614 )LERANTIA,
2772 1561 2849 1602 ΔΒ
2879 1562 3187 1606 EXEMPLIS
3215 1563 3328 1606 JOB
3371 1566 3452 1608 ΕΤ
3492 1567 3696 1611 TRIUM
3739 1570 4084 1615 PUERORUH
4119 1597 4135 1613 .

1965 1650 2045 1692 ET
2086 1650 2170 1692 DE
2223 1652 2644 1700 ABSTINENTIA
2687 1662 2723 1702 Δ
2766 1660 3184 1707 δυηΑιιιΕΝΤιε.

2305 1774 2676 1836 M9583

1402 1911 1615 1951 ηοιιιιιΑ
1653 1912 1859 1962 ρυΑιιτιι
1872 1941 1886 1954 .

925 1985 977 2039 1.
1008 1984 1326 2041 Benedictus
1369 1987 1516 2043 Deus
1539 2031 1553 2054 ,
1583 1989 1673 2060 qui
1717 1990 1961 2047 dolentes
1989 1991 2196 2046 animas
2237 2003 2445 2050 vestras

853 2077 1317 2143 consolatus-est,
1363 2089 1420 2134 et
1463 2081 1773 2137 vacillantes
1817 2092 2024 2138 mentes
2072 2083 2444 2140 conﬁrmavit:

853 2171 996 2238 quod
1036 2171 1177 2226 enim
1229 2187 1520 2242 congruam
1566 2176 1818 2244 ceperitis
1858 2176 2316 2241 consolationem,
2353 2194 2450 2248 per

857 2259 1091 2314 studium
1122 2260 1223 2315 hoc
1246 2271 1300 2316 et
1329 2263 1578 2317 audiendi
1611 2264 2080 2333 promptitudinem
2111 2265 2447 2319 demonstra-

857 2351 946 2404 tis.
980 2350 1094 2405 Non
1125 2353 1266 2406 enim
1309 2353 1487 2418 datur,
1521 2356 1753 2408 animam
1803 2356 2072 2410 dolentem
2118 2366 2172 2412 et
2221 2357 2450 2413 tristitia:

858 2439 1000 2496 nube
1030 2456 1267 2510 pressam
1290 2457 1448 2512 posse
1468 2459 1586 2513 qua:
1613 2443 1862 2497 dicuntur
1885 2459 2005 2498 cum
2029 2445 2450 2514 promptitudine

856 2530 1078 2596 audire;
1111 2547 1206 2587 vos
1233 2543 1411 2588 autem
1442 2533 1601 2588 video
1627 2549 1749 2589 cum
1778 2535 1945 2589 multa
2000 2536 2372 2591 benevolentia
2398 2547 2453 2593 et

857 2623 971 2676 acri
1001 2622 1180 2677 studio
1206 2625 1361 2680 nobis
1390 2626 1730 2680 attendentes
1775 2627 2028 2682 omnibus
2072 2629 2314 2684 tristibus
2361 2645 2455 2685 ex-

859 2714 1065 2778 cussis,
1111 2723 1165 2768 et
1207 2715 1456 2770 audiendi
1506 2716 1775 2772 desiderio
1829 2719 2111 2774 instantem
2156 2721 2451 2790 angustiam

859 2802 1145 2870 repulisse.
1175 2803 1466 2873 Propterea
1499 2807 1609 2862 Deo
1633 2808 1907 2862 vobiscum
1934 2808 2134 2878 gratias
2160 2824 2279 2879 ago,
2311 2810 2452 2879 quod

863 2894 1252 2963 philoSOphiam
1285 2906 1518 2951 vestram
1549 2899 1763 2953 miseria
1795 2915 1899 2953 non
1929 2899 2146 2962 vicerit,
2179 2916 2278 2955 nec
2305 2902 2454 2972 vigo-

862 3001 976 3041 rem
999 2997 1232 3041 vcstrum
1262 2989 1422 3042 timor
1441 2990 1732 3055 remiserit,
1759 3006 1855 3045 nec
1872 2990 2200 3046 alacritatem
2218 3001 2450 3048 vestram

860 3077 1174 3131 exstinxerit
1202 3078 1473 3133 tribulatio
1491 3122 1504 3144 ,
1541 3095 1640 3134 nec
1666 3079 1980 3136 labefecerit
2007 3083 2182 3137 zelum
2214 3092 2450 3138 vestrum

863 3169 1079 3236 periculi
1110 3171 1435 3240 magnitudo,
1461 3186 1559 3226 nec
1587 3174 1918 3242 superaverit
1942 3188 2178 3229 amorem
2205 3175 2259 3229 in
2286 3176 2452 3230 Deum

868 3258 1142 3314 hominum
1171 3261 1330 3315 timor
1349 3303 1365 3326 ,
1397 3277 1498 3317 nec
1525 3262 1759 3317 studium
1788 3273 2027 3318 vestrum
2059 3265 2316 3336 temporis
2343 3266 2450 3320 ini-

863 3352 1038 3419 quitas
1067 3351 1321 3421 dejecerit
1350 3371 1363 3408 :
1389 3368 1492 3407 non
1525 3362 1728 3408 tantum
1760 3368 1864 3409 non
1896 3354 2110 3424 dejecit,
2135 3355 2228 3411 sed
2249 3365 2304 3411 et
2328 3370 2452 3410 eon-

870 3442 1102 3498 ﬁrmavit
1129 3460 1143 3498 :
1175 3458 1278 3498 non
1319 3452 1524 3498 tantum
1555 3459 1661 3499 non
1692 3446 1926 3512 remisit,
1956 3446 2050 3501 sed
2089 3455 2144 3500 et
2180 3445 2410 3502 intendit
2438 3465 2450 3500 :

867 3550 971 3588 non
1003 3545 1206 3590 tantum
1233 3551 1340 3590 non
1367 3537 1655 3601 exstinxit,
1687 3537 1783 3592 sed
1827 3547 1883 3592 et
1921 3539 2150 3608 amplius
2188 3538 2452 3594 accendit.

863 3627 1189 3682 Evacuatum
1208 3628 1424 3698 quidem
1451 3629 1623 3683 forum
1641 3638 1743 3696 est,
1762 3629 1856 3684 sed
1873 3630 2096 3685 ecclesia
2120 3631 2319 3700 repleta
2344 3631 2420 3701 (α)
2439 3648 2452 3685 ;

865 3717 993 3771 illud
1026 3719 1197 3772 luctus
1220 3718 1465 3782 materia,
1499 3718 1616 3774 haec
1645 3717 1823 3788 gaudii
1851 3729 1904 3774 et
1930 3719 2127 3774 laetitiae
2163 3720 2454 3789 spiritualis

862 3808 1094 3862 occasio.
1120 3807 1250 3862 Cum
1285 3808 1445 3878 igitur
1471 3809 1522 3862 in
1549 3807 1722 3864 forum
1749 3817 1800 3865 te
1825 3809 2131 3876 contuleris,
2159 3810 2373 3874 dilecte,
2400 3819 2454 3864 et

865 3899 1205 3954 solitudinem
1233 3901 1575 3970 conspicatus
1616 3902 1962 3971 ingemueris,
1987 3902 2213 3972 confuge
2239 3901 2306 3956 ad
2342 3917 2458 3956 ma-

865 4000 1032 4055 trem,
1078 3999 1133 4047 et
1174 3993 1352 4047 statim
1400 4002 1450 4048 te
1484 3993 1824 4063 propriorum
1861 3993 2089 4048 ﬁliorum
2119 3992 2458 4049 multitudine

866 4081 1248 4148 consolabitur,
1281 4092 1335 4138 et
1361 4081 1654 4153 perfectum
1687 4083 1930 4138 ostendet
1961 4085 2052 4138 tibi
2081 4084 2300 4138 fratrum
2328 4084 2458 4139 cho-

867 4189 1021 4238 rum,
1053 4182 1107 4228 et
1134 4186 1346 4228 omnem
1381 4173 1651 4229 tristitiam
1694 4174 1937 4243 repellet.
1971 4175 2027 4229 In
2074 4175 2204 4228 urbe
2243 4173 2457 4243 quidem

867 4265 1011 4317 viros
1039 4278 1260 4318 cernere
1286 4263 1655 4317 desideramus
1679 4273 1945 4334 tamquam
1973 4264 2188 4320 deserta
2221 4263 2460 4319 habitan-

869 4364 985 4418 tes;
1017 4355 1070 4407 in
1101 4354 1378 4408 ecclesiam
1411 4371 1537 4409 vero
1562 4356 1928 4426 confugientes
1954 4358 2289 4412 multitudine
2317 4373 2458 4411 com-

869 4441 1167 4512 primimur.
1191 4442 1257 4495 Et
1275 4443 1722 4512 quemadmodum
1745 4447 1877 4501 mari
1903 4457 2179 4513 :estuante,
2203 4459 2255 4502 et
2277 4447 2460 4502 multis

870 4534 1119 4602 procellis
1161 4532 1371 4589 furente
1392 4577 1408 4601 ,
1447 4536 1511 4589 ad
1542 4548 1749 4606 portum
1777 4538 2063 4608 confugere
2089 4539 2247 4592 timor
2275 4554 2461 4594 omnes

872 4625 1050 4693 cogit:
1079 4625 1157 4680 sic
1198 4634 1252 4680 et
1296 4641 1438 4681 nunc
1486 4626 1586 4681 fori
1636 4628 1882 4697 procella:
1911 4638 1966 4684 ct
2003 4630 2230 4684 civitatis
2290 4629 2461 4686 hiems

873 4733 1063 4773 omnes
1099 4719 1150 4773 in
1176 4718 1456 4774 ecclesiam
1488 4720 1717 4791 undique
1752 4718 2463 4791 compellunt,etcharitatis

872 4811 1086 4864 vinculo
1104 4811 1341 4865 membra
1359 4813 1495 4867 inter
1516 4828 1573 4867 se
1596 4815 1984 4882 constringunt.
2004 4811 2214 4868 Gratias
2245 4827 2462 4881 agamus

877 4901 1039 4970 igitur
1069 4909 1122 4955 et
1149 4911 1364 4970 propter
1393 4904 1507 4957 bzee
1539 4903 1650 4957 Deo
1674 4943 1686 4964 ,
1717 4903 1856 4972 quod
1888 4909 2092 4957 tantum
2137 4918 2203 4957 ex
2245 4902 2464 4957 tribula-

876 4995 1021 5048 tione
1049 4995 1347 5062 carpsimus
1374 4994 1825 5060 emolumentum,
1851 4995 1993 5064 quod
2023 5004 2221 5049 tantam
2262 5011 2328 5049 ex
2357 5003 2466 5049 ten-

876 5085 1076 5139 tatione
1107 5085 1384 5140 utilitatem
1413 5086 1670 5154 cepimus.
1699 5085 1807 5139 Nisi
1839 5086 2082 5149 tentatio,
2107 5101 2203 5140 nec
2225 5101 2422 5140 corona
2447 5106 2460 5141 :

880 5176 978 5230 nisi
1022 5178 1306 5232 certamina
1327 5218 1342 5242 ,
1373 5192 1472 5232 nec
1502 5177 1716 5246 pnemia
1749 5195 1761 5230 :
1796 5177 1896 5230 nisi
1927 5176 2124 5242 stadia,
2159 5193 2256 5232 nec
2290 5177 2464 5232 hono-

881 5281 968 5320 res
1011 5284 1023 5318 :
1070 5264 1169 5320 nisi
1219 5266 1524 5334 tribulatio,
1573 5282 1672 5322 nec
1724 5268 1969 5323 remissio
2019 5285 2032 5321 :
2080 5269 2180 5323 nisi
2231 5268 2418 5340 hyems
2447 5309 2461 5333 ,

880 5357 1049 5412 hiems
1089 5359 1128 5424 ',
1153 5375 1250 5414 nec
1275 5370 1450 5415 restas.
1479 5361 1548 5415 Et
1573 5360 1675 5416 hoc
1701 5377 1804 5415 non
1830 5363 1880 5416 in
1909 5361 2211 5415 hominibus
2238 5374 2461 5420 tantum.

877 5446 972 5503 sed
1001 5448 1050 5500 in
1081 5449 1368 5505 seminibus
1396 5467 1609 5522 quoque
1652 5453 1779 5522 ipsis
1815 5451 2006 5507 intueri
2036 5451 2178 5507 licet.
2210 5453 2277 5506 Et
2301 5455 2352 5506 in
2384 5453 2466 5504 his

874 5538 1021 5594 enim
1049 5537 1269 5592 multam
1298 5541 1509 5608 quidem
1539 5543 1768 5612 pluviam
1789 5583 1802 5606 ,
1837 5543 2058 5598 multam
2089 5559 2216 5596 vero
2247 5542 2463 5595 nubium

941 5673 958 5742 ξ
994 5678 1192 5730 vocem,
1217 5668 1388 5730 Ιιὶειπε,
1408 5674 1668 5735 repetitam
1689 5672 1768 5724 hic
1790 5681 1841 5724 et
1858 5673 1980 5724 infra
2007 5673 2149 5737 juxta
2171 5670 2310 5721 Savil.
2338 5671 2463 5722 insc-

879 5745 1080 5782 ruimus.

945 5794 1018 5856 (η)
1051 5800 1100 5842 ιιι
1121 5791 1395 5847 caltunltate
1418 5794 1699 5846 Antiocheni
1723 5795 1781 5846 ad
1808 5796 2063 5849 ecclesiam
2097 5795 2442 5860 confugiebant

2554 1917 2909 1988 collisionem,
2937 1925 3154 1980 multam
3185 1926 3415 1998 denique
3442 1929 3664 1999 glaciem
3693 1931 3806 1987 ﬁeri
3834 1941 4064 2003 oportet,
4098 1951 4144 1993 sn

2555 2025 2783 2069 vernans
2825 2017 2967 2084 spica
3006 2031 3296 2086 exsurgere
3343 2019 3532 2083 debet;
3581 2023 3668 2077 ubi
3714 2039 3842 2078 vero
3889 2029 4147 2082 sementis

2559 2110 2798 2172 tempus,
2832 2116 3038 2175 tempus
3068 2116 3124 2162 et
3154 2109 3371 2176 pluvize.
3406 2111 3693 2181 Postquam
3734 2114 3893 2184 igitur
3921 2125 3975 2171 et
4001 2133 4148 2173 nune

2555 2194 2753 2265 ingruit
2793 2195 2986 2262 hiems,
3025 2197 3197 2253 hiems
3219 2201 3538 2269 animarum,
3564 2219 3668 2258 non
3689 2207 3832 2260 aeris
3860 2224 3872 2260 :
3903 2223 4149 2262 seramus

2555 2294 2608 2338 et
2634 2300 2733 2340 nos
2763 2285 2817 2340 in
2847 2286 2948 2342 hac
2993 2286 3186 2357 hieme,
3220 2301 3277 2345 ut
3301 2292 3355 2346 in
3379 2303 3566 2350 testate
3591 2309 3888 2351 metamus:
3915 2300 4140 2353 semine.

2555 2390 2676 2430 mus
2702 2377 2964 2450 lacrymas
2985 2420 3000 2444 ,
3027 2389 3081 2434 ut
3114 2382 3524 2437 exsultationem
3547 2395 3827 2440 metamus.
3847 2386 3960 2440 Non
3994 2403 4150 2443 meus

2557 2466 2643 2522 hic
2671 2483 2850 2523 sermo
2869 2511 2884 2535 ,
2931 2471 3241 2542 prophetica
3269 2473 3602 2530 denuntiatio
3627 2488 3709 2531 est
3732 2494 3746 2529 :
3776 2479 3876 2542 Qui
3900 2481 4150 2535 seminam

2555 2559 2610 2612 in
2640 2559 2895 2632 lacrymis,
2931 2564 3121 2633 inquit,
3154 2565 3206 2619 in
3235 2568 3574 2622 exsultatione
3599 2578 3782 2623 metant
3814 2569 3983 2640 (Prol.
4016 2571 4147 2626 125.

2558 2653 2634 2722 5).
2665 2653 2778 2708 Non
2806 2657 2883 2710 sic
2910 2658 3114 2712 semina
3141 2657 3406 2714 demissus
3432 2659 3604 2715 imber
3629 2663 3930 2730 germinare
3952 2673 4005 2718 et
4028 2678 4149 2717 ere-

2559 2760 2711 2800 scere
2742 2745 2887 2813 facit,
2921 2758 2976 2802 ut
3007 2749 3220 2818 pietatis
3242 2765 3425 2805 semen
3456 2752 3656 2806 excitat
3680 2761 3734 2806 et
3764 2768 3990 2808 vernare
4024 2755 4150 2809 facit

2559 2851 2622 2892 ex
2652 2837 2901 2908 lacrymis
2925 2857 3084 2894 ruens
3109 2842 3277 2897 imber
3307 2859 3320 2894 :
3350 2843 3438 2898 hic
3465 2845 3696 2897 animam
3727 2843 3985 2913 deterget,
4019 2845 4132 2899 irri-

2557 2939 2646 2999 gat
2671 2939 2905 2986 mentem
2925 2971 2940 2996 ,
2972 2933 3229 2987 doctrina:
3258 2950 3478 3005 germen
3520 2936 3668 2990 brevi
3710 2938 3954 3006 progredi
3982 2939 4110 2991 facit

2559 3034 2839 3093 propterea
2865 3034 2917 3079 et
2944 3025 3260 3094 profundum
3283 3028 3489 3083 sulcum
3519 3027 3862 3097 proscindere
3890 3043 4147 3083 necessa-

2558 3115 2695 3169 rium
2725 3133 2737 3168 :
2765 3117 2963 3171 etenim
2990 3127 3042 3171 et
3073 3116 3175 3173 hoc
3201 3118 3459 3187 propheta
3497 3118 3775 3173 admonuit
3816 3119 3884 3171 ita
3921 3117 4108 3172 dicens
4145 3137 4152 3146 ·

2561 3202 2762 3259 Novate
2783 3207 2918 3260 vobis
2946 3208 3147 3261 novalia
3171 3248 3186 3272 ,
3216 3217 3262 3262 et
3291 3209 3444 3263 nolito
3463 3208 3711 3262 seminare
3734 3208 3785 3259 in
3810 3208 3968 3276 spinis
4000 3207 4150 3278 (Jer.

2558 3295 2612 3350 4.
2640 3296 2718 3363 5).
2749 3296 3206 3362 Quemadmodum
3235 3299 3392 3369 igitur
3417 3299 3506 3368 qui
3534 3309 3769 3352 aratrum
3801 3299 4037 3352 immittit
4063 3299 4147 3352 in-

2561 3383 2713 3439 ferne
2740 3393 2935 3440 terram
2966 3387 3134 3442 sulcat
3153 3429 3168 3452 ,
3202 3397 3363 3441 tutam
3409 3388 3700 3443 seminibus
3728 3387 4022 3442 custodiam
4051 3402 4149 3456 pa-

2560 3489 2708 3543 rans,
2741 3490 2809 3531 ne
2827 3477 2970 3545 jacta
2999 3479 3050 3532 in
3077 3478 3357 3547 superﬁcie
3382 3489 3726 3541 remaneant,
3769 3478 3861 3533 sed
3905 3480 3955 3533 in
4003 3479 4152 3547 ipsos

2563 3575 2720 3622 terrae
2732 3572 2881 3623 sinus
2901 3569 3211 3634 condantur,
3232 3581 3284 3625 et
3313 3571 3363 3624 in
3383 3579 3494 3624 tuto
3524 3571 3730 3625 radices
3761 3570 3920 3640 ﬁgant
3948 3586 3961 3622 :
3991 3571 4068 3623 sic
4093 3578 4150 3624 et

2561 3676 2661 3716 nos
2679 3663 2852 3718 facere
2869 3665 3310 3730 necessarium,ct
3328 3673 3592 3733 tamquam
3617 3672 3794 3719 aratro
3811 3661 4150 3716 tribulatione

2562 3764 2803 3820 utentes,
2855 3756 3032 3810 cordis
3081 3756 3398 3825 profundum
3439 3756 3682 3811 scindere
3717 3774 3729 3810 :
3764 3756 3866 3810 hoc
3909 3755 4051 3809 enim
4095 3764 4152 3808 et

2561 3848 2695 3902 alius
2721 3847 2980 3916 prepheta
3003 3847 3273 3913 admonet,
3298 3849 3515 3903 dicens:
3542 3848 3768 3903 Srinditc
3792 3846 3947 3900 corda
3961 3855 4146 3912 vestra,

2563 3949 2610 3993 et
2640 3955 2738 3992 non
2768 3939 3061 3993 vestimenta
3104 3950 3268 3994 vestra
3311 3939 3462 4009 (Joef
3522 3939 3578 3993 2.
3611 3936 3740 4009 15).
3769 3936 3938 3991 Corda
3988 3938 4151 4007 igitur

2564 4029 2890 4097 scindamus,
2924 4040 2980 4085 ut
3001 4032 3044 4085 si
3075 4047 3176 4103 qua
3206 4033 3342 4087 mala
3372 4031 3556 4094 herba,
3591 4039 3645 4085 et
3675 4031 3855 4084 dolosa
3895 4031 4151 4099 cogitatio

2565 4122 2718 4177 nobis
2762 4123 2919 4188 ineSI,
2953 4122 3204 4178 radicitus
3225 4139 3344 4178 eam
3365 4123 3641 4185 vellamus,
3667 4130 3718 4174 et
3747 4135 3907 4188 puras
3938 4120 4152 4188 pietatis

2564 4215 2859 4270 seminibus
2904 4225 3075 4271 terras
3103 4217 3469 4272 exhibeamus.
3497 4213 3608 4267 Nisi
3641 4211 3782 4265 enim
3823 4225 3963 4264 nunc
3991 4225 4154 4266 reno-

2563 4322 2784 4373 vemus,
2818 4307 2918 4361 nisi
2952 4324 3094 4363 nunc
3131 4309 3494 4371 seminemus,
3540 4303 3640 4358 nisi
3679 4317 3820 4356 nunc
3865 4301 4152 4357 fundamus

2566 4400 2846 4470 lacrymas,
2881 4413 3002 4453 cum
3026 4399 3176 4453 adest
3211 4397 3483 4453 tribulatio
3524 4403 3579 4449 et
3613 4393 3871 4462 jejunium
3893 4435 3908 4460 ,
3936 4393 4153 4464 quando

2567 4504 2816 4558 umquam
2856 4491 2907 4542 in
2946 4489 3413 4556 compunctionem
3441 4483 3750 4538 veniemus?
3778 4499 3900 4536 num
3933 4482 4148 4552 quando

2566 4579 2813 4634 remissio
2836 4588 2891 4634 et
2914 4579 3120 4633 deliciae
3145 4576 3376 4632 fuerint?
3397 4573 3504 4629 Sed
3536 4573 3636 4628 hoc
3665 4574 3779 4628 ﬁeri
3808 4589 3912 4627 non
3941 4580 4151 4641 potest:

2567 4670 2816 4725 remissio
2845 4670 2990 4724 enim
3023 4679 3076 4723 et
3102 4668 3310 4722 deliciae
3343 4667 3394 4720 in
3426 4665 3705 4735 segnitiem
3733 4663 3989 4718 inducere
4017 4676 4154 4716 con-

2569 4770 2890 4827 sueverunt,
2919 4763 3056 4814 sicut
3085 4759 3356 4814 tribulatio
3381 4758 3446 4812 ad
3489 4757 3719 4812 studium
3762 4769 4012 4812 revocare.
4035 4793 4052 4817 ,
4098 4763 4154 4807 et

2569 4865 2802 4912 mentem
2831 4855 3066 4910 exterius
3090 4854 3226 4908 circa
3257 4851 3422 4906 multa
3452 4861 3728 4920 vagantem
3757 4859 3812 4904 et
3839 4855 4152 4916 occupatam

2570 4949 2637 5005 ad
2667 4963 2786 5003 sese
2817 4954 3155 5001 convertere.
3184 4944 3259 5000 Ne
3299 4945 3455 5014 igitur
3493 4944 3562 5000 de
3591 4943 3690 4997 hac
3725 4941 3935 4996 tristitia
3964 4938 4155 4994 dolea-

2570 5054 2710 5100 mus,
2744 5037 2838 5092 sed
2869 5037 2977 5091 Deo
3003 5036 3201 5104 gratias
3239 5050 3457 5107 agamus
3485 5053 3500 5090 :
3531 5033 3752 5088 multum
3791 5030 3932 5084 enim
3961 5045 4026 5083 ex
4058 5029 4155 5082 tri-

2572 5129 2844 5187 bulatione
2875 5128 3102 5182 lucrum.
3129 5128 3261 5182 Nam
3299 5136 3352 5182 et
3392 5141 3512 5181 cum
3543 5121 3772 5192 agricola
3803 5119 4003 5173 semina
4033 5133 4154 5171 cum

2571 5225 2740 5281 multo
2762 5223 2945 5278 labore
2965 5223 3185 5279 collecta
3213 5218 3578 5277 seminaverit,
3603 5223 3663 5269 ut
3685 5213 3934 5268 adveniat
3962 5211 4154 5275 imber,

2571 5323 2825 5384 exoptat:
2855 5324 2910 5370 et
2942 5315 3152 5385 ignarus
3192 5313 3457 5384 quispiam
3501 5307 3680 5362 omnia
3722 5321 3839 5374 qua:
3870 5303 3999 5358 ﬁunt
4038 5318 4152 5357 cer-

2573 5421 2742 5474 nens,
2798 5407 3165 5471 admirabitur,
3219 5403 3462 5469 forteque
3515 5397 3655 5466 apud
3698 5399 3928 5465 seipsum
3973 5396 4153 5449 dicet:

2571 5500 2708 5566 Quid
2756 5499 2841 5556 hic
2886 5501 3047 5554 homo
3089 5495 3302 5552 tandem
3334 5490 3494 5545 facit?
3519 5490 3737 5544 collecta
3767 5489 4022 5557 dissipat,
4056 5501 4157 5539 nec

2572 5593 2795 5663 dissipat
2824 5602 3026 5647 tantum
3049 5629 3064 5652 ,
3095 5586 3189 5641 sed
3221 5593 3273 5638 et
3300 5593 3454 5638 terra:
3480 5595 3597 5634 cum
3632 5580 3791 5633 multa
3832 5595 3956 5634 cura
4000 5591 4153 5630 com-

2571 5688 2780 5749 miscet,
2809 5701 2874 5740 ne
2901 5682 3053 5738 facile
3083 5676 3261 5745 colligi
3292 5673 3526 5744 possint;
3557 5687 3654 5726 nec
3685 5671 3994 5725 commiscet
4039 5676 4156 5719 tan-

2573 5793 2681 5838 tum
2723 5789 2915 5840 teme,
2961 5771 3054 5828 sed
3099 5777 3153 5824 et
3192 5774 3340 5837 optat
3370 5765 3736 5822 vehementem
3777 5760 4043 5834 pluviam,
4098 5767 4154 5812 ut
