4494 6672
253 508 326 565 59
1241 507 1334 560 AD
1371 505 1700 563 POPULUM
1755 496 2257 560 ANTIOCHENUM
2301 494 2532 549 HUMIL.
2573 493 2660 546 IV.
3611 489 3680 542 60

258 621 356 674 καὶ
377 621 486 675 τῶν
505 621 692 678 δεινῶν
713 623 919 677 τούτων
941 617 1254 686 ἀπαλλαγή·
1286 617 1381 670 καὶ
1399 617 1460 670 τὸ
1477 619 1542 688 δὴ
1565 618 1783 673 πάντων
1805 618 1920 687 μεῖ-

254 705 370 770 ζον,
391 706 500 759 τῶν
524 709 824 778 μελλόντων
847 703 1066 770 ἀγαθῶν
1098 701 1131 770 ἡ
1157 699 1473 765 ἀπόλαυσις.
1505 703 1650 756 Ἔδει
1682 701 1780 772 μὲν
1813 700 1921 770 γὰρ

253 789 388 858 ύμῖν
412 791 706 861 ⁴Βλόκληρον
733 784 1057 854 ἐγχειρίζειν
1077 782 1175 852 τὴν
1195 785 1413 855 ἀρετὴν,
1431 786 1568 840 ἀλλὰ
1587 784 1775 838 τοῦτον
1799 784 1921 851 ἀρι-

255 890 381 927 στον
409 876 687 947 ἡγοῦμαιι
725 867 926 938 τρόπον
955 863 1308 935 διορθώσεως,
1333 867 1393 920 τὸ
1425 867 1565 922 κατά
1589 867 1755 938 μέρος
1785 865 1926 947 λαμ-

252 945 516 1020 ϐάνοντας
541 957 667 1014 τοὺς
696 950 894 1019 νόμους
933 947 1252 1018 κατορθοῦν,
1281 950 1375 1004 καὶ
1406 952 1527 1004 τότε
1561 950 1654 1002 ἐπὶ
1685 947 1811 1008 τοὺς
1841 945 1927 998 ἄλ·

254 1039 382 1101 λους
420 1040 574 1091 ίέναι.
615 1030 882 1100 Καθάπερ
925 1029 1033 1101 γὰρ
1075 1030 1312 1102 ἀρούρας
1343 1031 1730 1103 προκειμένης,
1764 1029 1793 1079 6
1833 1045 1928 1096 γη-

257 1123 425 1183 πόνος
467 1115 605 1169 κατὰ
642 1113 808 1182 μέρος
856 1112 1206 1166 διασκάπτων
1253 1114 1490 1174 ἃπασαν,
1521 1113 1691 1174 οὕτως
1727 1109 1821 1162 ἐπὶ
1865 1105 1925 1158 τὸ

254 1203 411 1262 τέλος
433 1199 670 1268 ἔρχεται·
709 1193 850 1247 οὓτω
876 1194 970 1246 καὶ
999 1195 1157 1265 ἡμεῖς
1181 1197 1276 1250 ἐάν
1310 1198 1472 1266 νόμον
1498 1197 1710 1255 ἐαυτοῖς
1736 1190 1924 1244 τοῦτον

255 1287 463 1353 θῶμεν,
486 1279 626 1331 ὥστε
651 1277 792 1330 κατά
820 1276 919 1348 τὴν
950 1279 1228 1350 παροῦσαν
1242 1277 1698 1350 Τεσσαρακοστὴν
1721 1272 1925 1333 ταύτας

256 1364 402 1435 μετά
434 1361 717 1430 ἀκριϐείας
751 1359 1095 1430 κατορθῶσαι
1127 1361 1226 1424 τάς
1258 1363 1405 1430 τρεῖς
1439 1357 1676 1419 ἐντολὰς,
1713 1354 1928 1415 πάντως

253 1445 394 1514 πρὸς
421 1442 497 1513 τῷ
533 1444 628 1496 σὺν
654 1441 923 1512 ἀσφαλείᾳ
959 1441 1060 1510 τῆς
1085 1442 1256 1513 καλῆς
1289 1442 1318 1481 δ
1345 1441 1633 1509 συνηθείας
1661 1435 1927 1505 παραδοῦ-

317 1585 344 1613 ⁸
372 1583 526 1630 Favil.
555 1589 602 1630 el
627 1581 819 1642 quidam
843 1582 924 1630 aHi
949 1581 1142 1646 ἄριστον
1171 1581 1287 1629 εἶναι
1310 1575 1534 1638 ἠγοῦμαι.

850 1687 1040 1697 -———.

1049 1690 1178 1697 __.—.——

2020 625 2108 662 va"
2139 607 2238 676 τὴν
2286 605 2551 678 φυλακὴν,
2585 608 2720 678 μετά
2750 607 2992 670 πλείονος
3037 607 3134 677 τῆς
3177 607 3418 670 εύκολιας
3450 606 3542 658 καὶ
3594 606 3685 655 ἐπι

2021 691 2120 752 τὰς
2150 687 2343 752 λοιπὰς
2381 689 2615 758 ⁴ἥξομεν,
2660 691 2752 742 καλ⁵
2781 690 2916 760 πρὸς
2950 689 3118 759 αὐτὴν
3151 689 3396 751 ἐλθόντες
3420 690 3518 759 τῆς
3555 690 3700 758 φιλο-

2032 773 2224 840 σοφίας
2255 772 2355 840 τὴν
2407 772 2680 842 κορυφὴν,
2711 774 2806 826 καὶ
2853 772 2947 825 τὸν
2975 771 3214 839 ⁴ιιεαρόντα
3248 771 3362 842 βίον
3391 771 3528 840 μετὰ
3572 792 3701 844 χρητ

2031 852 2163 920 στῆς
2206 852 2307 919 τῆς
2354 850 2564 914 ἐλπίδος
2593 853 3001 924 καρπωσόμεθα
3033 862 3085 914 ε,
3119 854 3214 906 καὶ
3251 854 3310 905 ἐν
3346 853 3426 923 τῷ
3457 854 3700 924 μέλλοντι

2033 935 2170 1005 μετά
2219 933 2422 1002 πολλῆς
2462 937 2922 1006 παραστησόμεθα
2959 937 3276 1008 παρρησίας
3329 937 3408 1006 τῷ
3458 938 3701 1008 Χριστῷ,

2032 1018 2127 1070 καὶ
2162 1017 2270 1069 τῶν
2310 1018 2638 1088 ἀπορρήτων
2687 1019 3070 1090 ἀπολαύσομεν
3103 1018 3350 1087 ἀγαθῶν⁹
3389 1012 3466 1072 ὧν
3497 1019 3704 1086 γένοιτο

2033 1100 2239 1164 πάντας
2259 1102 2404 1172 ἡμᾶς
2427 1100 2746 1170 ἀξιωθῆναι,
2767 1103 2948 1171 χάριτι
2970 1103 3064 1154 καὶ⁵
3079 1103 3459 1172 φιλανθρωπίᾳ
3473 1102 3568 1154 τοῦ
3592 1102 3704 1154 Κυ-

2033 1181 2148 1250 ρίου
2169 1183 2325 1252 ήμῶν
2345 1183 2522 1254 Ἰησοῦ
2545 1181 2804 1253 Χριστοῦ,
2832 1182 2951 1252 μεθ’
2977 1179 3038 1236 οὗ
3062 1183 3140 1252 τῷ
3167 1185 3341 1254 Πατρῖ
3363 1186 3397 1254 ἡ
3421 1183 3568 1247 δόξα,
3588 1183 3702 1252 ἅμα

2029 1262 2107 1330 τῷ
2139 1263 2276 1332 ἀγίῳ
2299 1264 2595 1335 Πνεύματι,
2618 1265 2698 1327 είς
2718 1265 2844 1328 τοὺς
2871 1264 3075 1328 αίῶνας
3094 1264 3204 1316 τῶν
3229 1264 3462 1318 αἰώνων.
3504 1266 3703 1334 Ἀμήν.

2098 1390 2126 1464 If
2150 1391 2266 1464 Haec
2289 1397 2366 1440 est
2384 1393 2535 1441 leclio
2561 1395 2746 1464 quilii,
2769 1397 3233 1464 qn_amnadmisim_us.
3253 1397 3508 1464 rgpudiala
3530 1397 3700 1447 Monlf.

2035 1456 2292 1530 εςιῇηςυτξι,
2325 1466 2504 1528 ῐιεηρρε
2528 1470 2539 1502 :
2561 1456 2748 1530 πάντως
2769 1456 2850 1530 και
2969 1465 3053 1515 τῆς
3279 1456 3414 1530 Ei)".

2100 1515 2122 1541 ⁸³
2145 1515 2300 1586 εαξη,
2324 1515 2442 1576 μιτά
2463 1522 2671 1586 χρηστῆς
2695 1515 2964 1579 βιωσόμεθα
2983 1525 3068 1576 τῆς
3087 1521 3286 1575 ἐλπίδος.
3305 1520 3412 1569 Mox
3436 1521 3564 1569 idem
3583 1520 3703 1568 πάνι-

2034 1589 2117 1629 τας
2135 1577 2260 1636 ἡμᾶς
2283 1576 2533 1638 ἐπιτυχεῖν.

3636 1679 3670 1687 ρο

255 1763 647 1831 ﬂagitiumve
687 1764 838 1832 πρὸς
867 1764 976 1819 τὸν
1015 1763 1169 1818 λαὸν
1196 1759 1329 1826 περὶ
1379 1755 1692 1825 καρτερίας
1727 1755 1826 1808 καί
1861 1755 2174 1824 ὑπομονῆς
2211 1758 2280 1812 ἐκ
2329 1761 2817 1830 παραδειπιιάτων
2846 1765 2952 1817 τοῦ
2991 1782 3052 1818 τε
3089 1764 3221 1819 Ἰὼϐ
3249 1765 3346 1819 καὶ
3379 1767 3498 1819 τῶν
3529 1769 3700 1833 ηιῶν

1268 1848 1498 1906 παίδων
1521 1865 1535 1878 ·
1574 1847 1673 1900 καὶ
1708 1845 1842 1915 περὶ
1873 1845 1985 1915 τῆς
2013 1846 2133 1900 τῶν
2175 1849 2370 1918 ὅρκων
2411 1851 2672 1920 ἀποχῆς.

230 1971 240 2025 1
967 1987 1199 2056 Ὀμιλία
1223 1985 1316 2042 6".

323 2093 622 2163 Εὐλογητὸς
657 2096 687 2148 6
731 2093 899 2158 Θεὸς,
942 2095 972 2146 6
1012 2091 1402 2162 παρακαλέσας
1443 2091 1542 2156 τάς
1583 2093 1923 2162 ὀδυνωμένας

250 2175 283 2227 ὗ
293 2175 408 2242 μῶν
430 2176 625 2244 ψυχὰς,
657 2177 685 2228 6
707 2176 965 2245 στηρίξας
992 2173 1317 2244 δονουμένας
1351 2173 1500 2243 ὑμῶν
1527 2173 1622 2237 τὰς
1646 2173 1882 2236 διανοίας
1905 2193 1918 2206 ·

247 2257 464 2329 ὅτιγὰρ
495 2259 682 2328 ίκανὴν
719 2257 969 2322 ἐδέξασθε
1014 2256 1379 2327 παράκλησιν,
1429 2256 1517 2310 διὰ
1560 2259 1657 2326 τῆς
1689 2257 1926 2328 σπουδῆς

244 2339 454 2412 ταύτης
485 2341 716 2405 ἐδείξατε
737 2382 751 2403 ,
787 2341 880 2394 καὶ
907 2340 998 2394 διὰ
1019 2341 1116 2410 τῆς
1158 2341 1287 2413 περὶ⁵
1318 2341 1414 2412 τὴν
1446 2341 1707 2412 ἀκρόασιν
1728 2341 1928 2410 προθυ-

251 2424 403 2492 μίας.
435 2425 508 2478 Ού
535 2425 643 2496 γάρ
683 2424 799 2477 ἔστι
828 2424 1005 2494 ψυχὴν
1035 2423 1375 2494 ὁδυνωμένην
1400 2424 1496 2476 καὶ
1521 2424 1673 2492 νέφει
1704 2441 1925 2494 κατεχο-

250 2506 424 2575 μένην
459 2505 694 2575 ἀθυμίας
733 2505 1028 2574 δυνηθῆναι
1065 2505 1204 2575 μετά
1244 2506 1551 2576 προθυμίας
1583 2506 1815 2559 ἀκοῦσαί
1869 2523 1923 2558 τι

245 2587 356 2640 τῶν
389 2586 697 2656 λεγομένων
717 2603 730 2615 ·
763 2587 907 2655 ὑμᾶς
943 2587 1001 2639 δὲ
1025 2588 1135 2656 δρῶ
1179 2589 1316 2656 μετά
1348 2587 1549 2656 πολλῆς
1585 2588 1685 2656 τῆς
1714 2588 1924 2648 εὐνοίας

247 2670 346 2721 καὶ
394 2669 628 2739 σφοδρᾶς
664 2669 763 2737 τῆς
792 2668 1026 2736 σπουδῆς
1049 2671 1177 2737 ἡμῖν
1199 2669 1586 2738 προσέχοντας,
1623 2672 1716 2721 καὶ
1749 2669 1925 2722 πάντα

245 2749 751 2816 ἀποτιναξαμένους
787 2749 855 2800 τὰ
879 2747 1122 2817 λυπηρά,
1178 2749 1272 2800 καὶ
1327 2749 1406 2816 τῷ
1463 2748 1565 2817 τῆς
1611 2749 1927 2813 ἀκροάσεως

247 2831 412 2899 ἔρωτι
444 2830 877 2900 παρωσαμένους
901 2829 1000 2898 τὴν
1020 2829 1372 2900 ἐπικειμένην
1405 2829 1615 2899 ὀδύνην.
1644 2829 1740 2881 Διά
1768 2828 1927 2882 τοῦτο

247 2912 558 2982 εὐχαριστῶ
583 2909 662 2981 τῷ
691 2910 808 2980 Θεῷ
829 2910 947 2978 μεθ’
970 2911 1144 2981 ὑμῶν.
1169 2911 1249 2963 ὅτι
1269 2913 1368 2964 ούκ
1392 2911 1616 2981 ἤλεγξεν
1651 2911 1802 2980 ὑμῶν
1827 2910 1924 2981 τὴν

247 2995 571 3064 φιλοσοφίαν
602 2996 634 3064 ἡ
677 2995 952 3066 συμφορὰ,
978 2994 1096 3046 οὐδὲ
1129 2993 1377 3058 ἐξέλυσεν
1415 2995 1568 3064 ὑμῶν
1606 2995 1697 3046 τὸν
1720 2996 1868 3048 τόνον
1895 2999 1922 3050 6

247 3077 434 3145 φόϐος,
462 3077 584 3130 οὐδὲ
613 3076 836 3128 ἔσϐεσεν
866 3075 1021 3145 ὑμῶν
1047 3075 1146 3144 τὴν
1181 3074 1488 3144 προθυμίαν
1521 3077 1552 3144 ἡ
1583 3074 1779 3143 θλίψις,
1800 3077 1920 3128 οὐδὲ

247 3159 525 3226 ἐμάρανεν
565 3158 718 3226 ὑμῶν
753 3156 843 3209 τὸν
883 3156 1046 3225 ζῆλον
1077 3157 1106 3208 6
1137 3155 1398 3218 κίνδυνος,
1430 3155 1549 3208 οὐδὲ
1579 3156 1796 3225 ἐνίκησε
1829 3156 1919 3210 τὸν

247 3241 381 3309 περὶ
396 3239 528 3292 Θεὸν
556 3238 718 3291 πόθον
756 3241 784 3292 6
819 3241 924 3291 τῶν
951 3237 1250 3309 ἀνθρώπων
1278 3236 1460 3306 φόϐος,
1494 3237 1615 3289 οὐδὲ
1641 3236 1756 3308 μθ]
1791 3255 1919 3291 κατ-

248 3322 443 3374 έϐαλεν
464 3321 616 3390 ὑμῶν
643 3321 742 3391 τὴν
773 3321 1060 3390 σπουδὴνὴ
1087 3319 1182 3372 τοῦ
1213 3318 1403 3390 καιροῦ
1431 3318 1712 3372 δυσκολία·
1735 3321 1829 3372 καὶ
1859 3323 1919 3374 οὐ

252 3405 412 3472 μόνον
439 3403 499 3455 οῦ
531 3403 848 3464 κατέϐαλεν,
877 3402 1014 3456 ἀλλά
1038 3402 1130 3454 καὶ
1160 3402 1473 3471 ἐπέρρωσεν
1491 3417 1504 3430 ·
1537 3401 1598 3452 ού
1637 3401 1794 3470 μόνον
1827 3405 1925 3456 οῦκ

248 3483 525 3546 ἐξέλυσεν,
573 3482 706 3535 ἀλλά
751 3483 844 3534 καὶ
889 3483 1192 3534 ἐπέτεινεν·
1225 3482 1286 3533 ού
1335 3480 1490 3550 μόνον
1536 3479 1636 3532 οὐκ
1680 3479 1924 3545 ἔσϐεσεν,

250 3565 389 3618 ἀλλά
411 3566 506 3618 καὶ
532 3565 701 3634 ἀνῆψε
731 3564 909 3617 πλέον.
939 3564 1254 3617 Κεκένωται
1281 3563 1428 3632 μὲνὴ
1459 3561 1654 3633 ἀγορά,
1691 3564 1724 3632 ἡ
1752 3563 1808 3614 δέ
1835 3563 1926 3614 ἐκ.

249 3647 452 3716 κλησία
485 3647 869 3718 πεπλήρωται·
908 3647 1086 3716 ἐκείνη
1133 3645 1440 3716 τραγῳδίας
1479 3644 1755 3709 ὑπόθεσις,
1786 3641 1922 3712 αῦτη

248 3731 422 3800 χαρᾶς
462 3730 554 3780 καὶ⁵
583 3729 922 3798 εὐφροσύνης
963 3727 1337 3797 πνευματικῆς
1370 3727 1614 3796 ἀφορμή.
1644 3727 1812 3778 Ὅταν
1833 3721 1924 3778 οῦν

248 3812 496 3882 ἐμϐάλῃς
522 3813 603 3873 είς
629 3811 726 3881 τὴν
747 3811 972 3881 ἀγοράν.
1000 3809 1269 3877 ἀγαπητὴ
1296 3808 1389 3861 καὶ
1417 3808 1515 3877 τὴν
1545 3805 1781 3877 ἐρημίαν
1797 3805 1924 3858 θεα-

251 3897 486 3965 σάμενος
531 3895 558 3934 b
597 3895 878 3965 στενάξῃς,
929 3893 1212 3960 κατάφυγε
1243 3890 1379 3960 πρὸς
1416 3890 1514 3958 τὴν
1556 3891 1786 3959 μητέρα,
1829 3889 1923 3941 καὶ

250 3977 708 4048 περιμυθήσεταί
732 3993 790 4029 σε
811 3975 1013 4038 εύθέως
1038 3974 1115 4045 τῷ
1137 3973 1328 4043 πλήθει
1343 3971 1450 4024 τῶν
1467 3971 1682 4024 οἰκείων
1695 3971 1920 4035 τέκνων,

247 4063 344 4113 καὶ
377 4061 538 4126 δείξει
562 4078 643 4113 σοι
666 4059 775 4114 τῶν
809 4056 1050 4126 ἀδελφῶν
1078 4055 1484 4126 ἀπηρτισμένον
1506 4053 1598 4106 τὸν
1631 4054 1808 4124 χορὸν,
1832 4055 1924 4106 καὶ

248 4149 431 4201 πᾶσαν
460 4146 859 4218 ἀποκρούσεταί
885 4162 977 4196 σου
1007 4142 1102 4213 τὴν
1127 4142 1383 4212 ἀθυμίαν.
1414 4141 1537 4194 Ἐπὶ
1571 4141 1666 4210 μέν
1695 4141 1802 4211 γὰρ
1825 4139 1924 4208 τῆς

245 4238 459 4301 πόλεως
484 4235 857 4306 ἐπιθυμοῦμεν
888 4231 1085 4302 ἄνδρας
1129 4232 1277 4294 ίδεῖν,
1305 4229 1559 4299 καθάπερ
1597 4231 1644 4281 οἱ
1672 4228 1772 4291 τὰς
1797 4229 1925 4298 ἐρη-

249 4341 387 4394 μους
439 4322 710 4385 οἰκοῦντες
732 4339 746 4352 ·
782 4321 863 4384 είς
905 4319 961 4372 δὲ
995 4318 1092 4387 τὴν
1127 4316 1420 4387 ἐκκλησίαν
1465 4314 1920 4383 καταφεύγοντες,

247 4410 355 4462 ὑπὸ
379 4409 472 4462 τοῦ
503 4409 734 4479 πλήθους
763 4403 1244 4476 στενοχωρούμεθα
1265 4419 1278 4432 ·
1303 4403 1394 4455 καὶ
1424 4401 1672 4470 καθάπερ
1700 4399 1802 4468 τῆς
1819 4394 1919 4452 θα·

245 4491 448 4564 λάττης
485 4493 878 4563 στασιαζούσης
896 4493 989 4544 καῖ⁹
1022 4491 1200 4562 πολλῷ
1224 4491 1302 4561 τῷ
1322 4489 1548 4561 χειμῶνι
1567 4487 1916 4559 μαινομένης,

245 4585 328 4645 εἰς
377 4583 466 4636 τὸν
517 4581 710 4652 λιμένα
763 4579 1126 4649 καταφεύγειν
1161 4574 1688 4648 ἀναγκάζειὸφὸϐος
1721 4571 1918 4636 ἔξωθεν

245 4669 528 4732 ἅπαντας·
561 4668 702 4722 οῦτω
749 4667 843 4720 καὶ
881 4667 976 4719 νῦν
1008 4666 1077 4718 τά
1123 4667 1222 4736 τῆς
1253 4665 1457 4736 ἀγορᾶς
1491 4661 1728 4732 κύματα,
1767 4659 1860 4711 καὶ
1893 4660 1920 4711 6

243 4757 349 4826 τῆς
381 4755 588 4819 πόλεως
603 4754 829 4828 χειμὼν,
862 4755 1070 4816 πάντας
1096 4754 1175 4816 είς
1195 4752 1294 4822 τὴν
1334 4748 1627 4820 ἐκκλησίαν
1656 4745 1918 4800 συνελαύ-

247 4860 331 4894 νει
358 4841 638 4901 πάντοθεν,
665 4841 759 4892 καὶ
781 4839 859 4909 τῷ
886 4839 1168 4908 συνδέσμῳ
1182 4839 1281 4908 τῆς
1313 4836 1532 4904 ἀγάπης
1556 4832 1774 4900 σφίγγει
1801 4833 1918 4899 μετ’

246 4931 494 4998 ἀλλήλων
523 4930 590 4982 τὰ
625 4929 782 5000 μέλη.
831 4929 1254 5000 Εὖχαριστῶμεν
1285 4927 1462 4980 τοίνυν
1492 4925 1586 4978 καὶ
1617 4923 1703 4976 διὰ
1747 4921 1919 4975 ταῦτα

245 5016 328 5086 τῷ
366 5016 504 5086 Θεῷ,
536 5017 618 5068 ὅτι
651 5013 904 5067 τοσοῦτον
942 5017 1050 5069 ἀπὸ
1083 5017 1181 5086 τῆς
1211 5015 1441 5084 θλίψεως
1479 5010 1920 5083 ἐκαρπωσάμεθα

247 5103 469 5174 κέρδος,
501 5103 583 5155 ὅτι
611 5100 880 5170 τοσαύτην
911 5100 1019 5152 ἀπὸ
1044 5101 1135 5153 τοῦ
1171 5100 1479 5171 πειρασμοῦ
1516 5099 1617 5170 τῆν
1653 5097 1729 5166 ὡς
1743 5097 1919 5150 έλειαν

246 5191 534 5260 ἐλάϐομεν.
571 5187 697 5242 Ἐὰν
758 5186 832 5257 μὴ
873 5185 1196 5254 πειρασμὸς,
1247 5186 1365 5238 οὐδὲ
1392 5186 1651 5253 στέφανος
1676 5199 1690 5214 ·
1720 5183 1815 5235 ἐὰν
1845 5183 1919 5253 μὴ

248 5277 621 5346 παλαίσματα,
655 5274 772 5327 ούδέ
810 5272 1065 5344 βραϐεία-
1094 5271 1188 5322 ἐὰν
1221 5269 1296 5341 μὴ
1335 5271 1656 5340 σκάμματα,
1691 5270 1811 5323 οὐδὲ
1841 5287 1921 5323 τι-

251 5363 350 5433 μαί
371 5380 383 5392 ·
413 5363 508 5414 ἐὰν
551 5363 625 5432 μὴ
665 5360 862 5430 θλίψις,
897 5357 1018 5411 οὐδὲ
1049 5355 1262 5418 ἄνεσις·
1297 5356 1393 5407 ἐὰν
1435 5357 1510 5426 μὴ
1545 5353 1769 5426 χειμὼν,
1801 5355 1922 5408 οὐδὲ

247 5447 407 5517 θέρος
429 5463 444 5476 ·
477 5449 572 5499 καὶ
596 5447 752 5500 τοῦτο
780 5448 879 5499 οῦκ
897 5444 980 5498 ἐπ’
997 5441 1299 5514 ἀνθρώπων
1332 5440 1508 5511 μόνον,
1541 5441 1676 5495 ἀλλά
1715 5443 1808 5497 καὶ
1836 5443 1920 5494 ἐπ’

247 5533 430 5588 αὐτῶν
457 5533 566 5586 τῶν
617 5534 941 5603 σπερμάτων
971 5532 1116 5584 ἔστιν
1151 5531 1297 5583 ἰδεῖν.
1332 5527 1442 5580 Καὶ
1473 5528 1583 5597 γάρ
1611 5529 1728 5580 ἐκεῖ
1758 5528 1922 5580 πολὺν

253 5621 354 5692 μὲν
382 5621 470 5672 τὸν
489 5621 659 5682 ὑετὸν,
691 5621 892 5691 πολλὴν
913 5621 970 5674 δέ
997 5619 1105 5672 τῶν
1133 5617 1310 5686 νεφῶν
1339 5615 1438 5685 τὴν
1475 5614 1799 5684 συνδρομὴν,
1828 5633 1924 5667 πο-

248 5711 346 5762 λὺν
360 5709 417 5761 δέ
438 5706 688 5776 γενέσθαι
707 5707 786 5759 δεῖ
815 5708 904 5760 τὸν
931 5707 1161 5777 κρυμὸν,
1180 5707 1227 5758 εἰ
1253 5703 1433 5774 μέλλοι
1460 5700 1644 5770 κομῶν
1663 5702 1692 5752 6
1722 5701 1924 5770 στάχυς

248 5791 597 5845 ἀνίστασθαι·
632 5790 765 5842 ὅπου
795 5790 848 5841 δὲ
882 5791 1085 5856 σπόρου
1120 5788 1333 5860 καιρὸς,
1369 5785 1464 5838 καὶ
1511 5783 1668 5838 ὑετοῦ
1710 5784 1919 5854 καιρός.

313 5955 338 6016 _'
367 5956 496 6002 Savil
537 5954 820 6016 ἀνδριάντων
841 5954 1058 6016 τετάρτη.

313 6013 343 6051 ν’
371 6017 503 6062 Γίγις
535 6012 807 6070 καῖ’ταύτην
833 6012 1004 6075 ἔρημον
1040 6015 1340 6076 θεασάμενος.
1387 6012 1510 6062 Infra
1549 6018 1760 6076 quatuor
1792 6023 1917 6076 mss.

253 6080 333 6124 καὶ
376 6079 509 6131 δείξει
546 6094 622 6124 σοι
662 6081 756 6124 τῶν
797 6073 1008 6138 ἀδελφῶν
1037 6073 1400 6140 ἀπηρτισμένον.
1427 6077 1479 6125 In
1504 6073 1615 6126 aliis
1644 6076 1740 6122 τῶν
1783 6073 1924 6120 ἀδελ-

257 6141 356 6184 εὼν
381 6141 523 6184 deest

257 6155 356 6198 ςων
381 6153 501 6185 ures

1934 1965 2003 1978 -η

2037 2008 2189 2061 Ἐπεὶ
2236 2005 2328 2062 οὖν
2378 2011 2470 2063 καὶ
2508 2009 2602 2064 νῦν
2631 2011 2902 2083 ἐφέστηκε
2937 2012 3164 2084 χειμὼν,
3202 2014 3408 2084 χειμὼν
3443 2027 3464 2053 ο
3495 2015 3704 2086 ψυχῶν,

2023 2091 2124 2143 οὐκ
2154 2092 2334 2160 ἀέρος,
2383 2094 2692 2164 σπείρωμεν
2722 2099 2817 2151 καὶ
2863 2099 3026 2166 ἡμεῖς
3053 2097 3110 2149 ἐν
3133 2097 3212 2167 τῷ
3239 2099 3468 2168 χειμῶνι
3506 2101 3701 2169 τούτῳ,

2026 2171 2111 2223 ἵνα
2141 2173 2197 2224 ἐν
2225 2173 2301 2242 τῷ
2332 2173 2477 2244 θέρει
2509 2175 2813 2248 θερίσωμεν
2833 2197 2847 2210 ·
2878 2179 3192 2248 σπείρωμεν
3229 2180 3462 2250 δάκρυα,
3495 2181 3582 2234 ἵνα
3615 2181 3706 2234 θε-

2027 2253 2266 2324 ρίσωμεν
2299 2255 2639 2322 ἀγαλλίασιν.
2666 2261 2780 2312 Ούκ
2812 2261 2943 2331 ἐμὸς
2972 2253 3126 2323 οὗτος
3158 2263 3186 2313 6
3221 2261 3377 2329 λόγος
3399 2278 3412 2290 ·
3440 2280 3708 2333 προφητι-

2025 2335 2118 2388 κόν
2145 2337 2261 2388 ἐστι
2315 2337 2376 2389 τὸ
2409 2339 2799 2411 παράγγελμα·
2839 2345 2903 2396 Οἱ
2942 2343 3294 2409 σπείροντες
3331 2344 3401 2396 ἐν
3427 2343 3704 2412 δάκρυσι,

2026 2419 2179 2486 φησὶ,
2207 2418 2276 2469 ἐν
2293 2418 2650 2486 ἀγαλλιάσει
2675 2423 2996 2490 θεριοῦσιν.
3023 2424 3135 2492 Οὐχ
3153 2422 3296 2476 οὕτω
3328 2424 3396 2478 τὰ
3415 2427 3708 2496 σπέρματα

2024 2500 2465 2570 καταφερόμενος
2487 2501 2641 2565 ύετὸς
2667 2502 2881 2558 θάλλειν
2909 2507 3052 2557 ποιεῖ
3073 2505 3165 2557 καὶ
3194 2505 3472 2570 αὔξεσθαι,
3507 2507 3581 2569 ὼς
3615 2508 3714 2561 τὸν

2021 2581 2121 2648 τῆς
2153 2581 2432 2644 εὐσεϐείας
2457 2582 2656 2653 σπόρον
2693 2585 2942 2654 ἀνίστησι
2975 2587 3070 2638 καὶ
3095 2589 3506 2656 παρασκευάζει
3531 2591 3712 2658 κομᾷ-ι

2022 2664 2051 2714 ὁ
2083 2663 2147 2713 ἐκ
2173 2662 2282 2713 τῶν
2314 2663 2561 2733 δακρύων
2579 2667 3020 2737 καταφερόμενος
3049 2667 3202 2730 ύετός
3223 2683 3237 2698 ·
3271 2664 3428 2732 οὗτος
3459 2669 3711 2740 ἀποσμή-

2025 2760 2108 2812 χει
2127 2743 2326 2812 ψυχὴν,
2345 2743 2494 2814 ἄρδει
2513 2745 2774 2811 διάνοιαν,
2795 2747 3068 2818 προκόψαι
3085 2747 3112 2787 ἀ
3132 2750 3342 2818 ταχέως
3358 2755 3500 2803 ποιεῖ
3513 2751 3612 2821 τῆς
3629 2753 3709 2805 δι,-

2025 2823 2318 2886 δασκαλίας
2345 2827 2443 2896 τὴν
2464 2826 2757 2898 βλάστησιν
2779 2847 2790 2861 ·
2815 2830 2904 2882 διά
2925 2831 3082 2883 τοῦτο
3114 2832 3209 2884 καὶ
3245 2830 3462 2886 αὔλακα
3484 2833 3714 2902 βαθεῖαν

2025 2907 2312 2976 ἀνατεμεῖν
2335 2909 2629 2977 ἀναγκαῖον
2646 2930 2660 2944 ·
2685 2914 2779 2965 καὶ
2803 2913 2913 2984 γὰρ
2929 2913 3024 2967 καὶ
3038 2913 3196 2968 τοῦτο
3211 2916 3238 2968 6
3258 2917 3547 2986 προφήτης
3564 2934 3709 2988 παρ-

2022 2990 2229 3060 ῄνεσεν,
2253 2989 2426 3053 οὕτως
2468 2992 2637 3046 εἰπών
2659 3011 2673 3024 ·
2710 2994 2987 3049 Νεώσατε
3017 2996 3248 3061 ἑαυτοῖς
3281 2997 3572 3065 νεὼμιιτιι,
3607 3001 3708 3055 καὶ

2015 3071 2411 3154 μὴκσπείρετε
2435 3074 2854 3143 ἐπ’ἁκάνθαις.
2889 3078 3156 3148 Καθάπερ
3177 3075 3268 3132 οὖν
3319 3080 3346 3131 6
3379 3079 3441 3132 τὸ
3477 3081 3716 3154 ἄροτρον

2022 3153 2296 3224 ἐμϐαλὼν,
2333 3155 2578 3208 κάτωθεν
2603 3157 2701 3228 τὴν
2728 3159 2832 3228 γῆν
2870 3161 3293 3231 ἀναρρήγνυσιν,
3333 3163 3548 3234 ἀσφαλῆ
3595 3168 3708 3228 τοῖς

2028 3238 2304 3308 σπέρμασι
2327 3239 2868 3308 προπαρασκευάζων
2887 3242 2984 3311 τὴν
3005 3241 3270 3312 φυλακὴν,
3288 3241 3428 3295 ὥστε
3450 3244 3526 3313 μὴ
3580 3262 3712 3297 κατ.

2027 3320 2315 3390 ενεχθέντα
2330 3321 2443 3374 ἄνω
2457 3321 2668 3375 κεῖσθαι
2696 3323 2788 3374 ἐπὶ
2819 3323 2919 3392 τῆς
2949 3324 3288 3391 ἐπιφανείας,
3315 3323 3518 3388 ἀλλἐίς
3539 3328 3709 3390 αύτάς

2026 3404 2123 3473 τῆς
2163 3404 2267 3473 γῆς
2311 3406 2778 3475 παραπεμφθῆναι
2819 3405 2919 3468 τὰς
2954 3405 3208 3474 λαγόνας,
3248 3407 3343 3459 καὶ
3384 3409 3442 3460 ἐν
3475 3408 3710 3476 ἀσφαλεῖ

2026 3490 2356 3544 καταθέσθαι
2377 3495 2478 3555 τὰς
2511 3493 2666 3562 ῥίζας
2684 3509 2696 3520 ·
2721 3492 2863 3544 οὕτω
2885 3493 2978 3544 καὶ
3004 3493 3153 3562 ἡμᾶς
3183 3494 3482 3562 ἀναγκαῖον
3505 3497 3702 3557 ποιεῖν,

2027 3579 2120 3630 καὶ
2151 3578 2402 3650 καθάπερ
2431 3580 2650 3650 ἀρότρῳ
2682 3582 2749 3649 τῇ
2796 3578 2970 3648 θλίψει
2999 3580 3515 3651 καταχρησαμένους
3542 3583 3708 3654 ἀναῤ-

2031 3664 2191 3736 ρῆξαι
2233 3665 2336 3734 τῆς
2372 3665 2597 3735 καρδίας
2615 3664 2676 3718 τὸ
2705 3664 2886 3734 βάθος.
2920 3665 3089 3718 Τοῦτο
3120 3665 3226 3736 γὰρ
3247 3667 3342 3719 καὶ
3371 3666 3556 3738 ἕτερος
3577 3685 3712 3738 πρε-

2029 3753 2207 3822 φήτης
2219 3755 2475 3820 παραινεῖ
2501 3751 2694 3819 λέγων,
2727 3753 3092 3820 Διαρῤήξατε
3119 3754 3226 3818 τὰς
3254 3755 3503 3822 καρδίας
3518 3755 3708 3824 ὑμῶν,

2026 3837 2224 3907 καὶμὴ
2265 3842 2335 3891 τὰ
2355 3838 2552 3907 Ιμάτια
2574 3837 2758 3906 ὑμῶν.
2794 3838 3184 3910 Διαρρήξωμεν
3221 3839 3402 3893 τοίνυν
3437 3841 3536 3903 τὰς
3571 3859 3708 3911 καρ-

2023 3923 2162 3988 δίας,
2210 3925 2296 3977 ῖνα
2343 3925 2398 3977 εῖ
2434 3942 2519 3986 τις
2574 3924 2787 3994 πονηρά
2837 3923 3033 3995 βοτάνη
3072 3926 3164 3977 καὶ
3206 3925 3466 3995 λογισμὸς
3489 3926 3708 3997 δολερός

2025 4011 2172 4064 ἐστιν
2189 4011 2246 4063 ἐν
2274 4012 2426 4080 ἡμῖν,
2453 4011 2746 4081 πρόρριζον
2769 4011 2929 4064 αὑτὸν
2951 4012 3372 4082 ἀνασπάσωμεν,
3407 4014 3504 4065 καὶ
3537 4013 3710 4065 καθα.

2031 4097 2127 4164 ρὰς
2157 4099 2268 4160 τοῖς
2295 4097 2396 4165 τῆς
2436 4096 2552 4168 [ὅθ]
2594 4097 2872 4160 εὐσεϐείας
2911 4097 3186 4167 σπέρμασι
3217 4098 3587 4168 παράσχωμεν
3610 4100 3709 4163 τὰς

2026 4183 2282 4254 ἀρούρας.
2323 4184 2448 4235 Ἐὰν
2473 4184 2580 4252 γὰρ
2619 4184 2694 4254 μὴ
2731 4184 2826 4236 νῦν
2854 4183 3168 4253 νεώσωμεν,
3193 4185 3286 4237 ἐὰν
3323 4185 3396 4256 μὴ
3429 4185 3522 4238 νῦν
3550 4187 3708 4239 σπεί-

2028 4286 2228 4340 ρωμεν,
2266 4269 2358 4322 ἐὰν
2393 4271 2466 4338 μὴ
2491 4269 2586 4320 νῦν
2607 4269 2994 4340 δακρύσωμεν,
3019 4271 3109 4329 ὅτε
3136 4271 3313 4339 θλίψις
3341 4273 3432 4324 καὶ
3462 4273 3706 4342 νηστεία,

2024 4354 2152 4406 πότε
2186 4354 2372 4407 ἄλλοτε
2411 4355 2616 4424 ἥξομεν
2663 4357 2744 4417 είς
2799 4354 3131 4420 κατάνυξιν;
3179 4357 3306 4409 ὅταν
3341 4353 3582 4431 ἄνεσιςῇ
3616 4360 3710 4411 καὶ

2023 4443 2242 4510 τρυφής
2303 4440 2464 4492 Ἀλλὰ
2501 4440 2659 4493 τοῦτο
2704 4440 2999 4494 ἀδύνατον·
3039 4444 3073 4512 ὴ
3126 4442 3236 4512 γάρ
3290 4442 3474 4506 ἄνεσις
3527 4444 3621 4495 καὶ
3672 4445 3706 4515 ή

2025 4525 2204 4596 τρυφὴ
2251 4527 2330 4589 εἰς
2378 4526 2650 4598 ρᾳθυμίαν
2695 4529 2913 4595 ἐνάγειν
2961 4527 3170 4584 εἷ’ωθεν.
3221 4528 3410 4598 ὥσπερ
3454 4529 3487 4598 ή
3529 4529 3707 4598 θλῖψις

2029 4613 2163 4682 πρὸς
2209 4625 2232 4651 ε
2261 4613 2498 4682 σπουδὴν
2554 4613 2838 4679 ἐπανάγει,
2895 4613 2986 4665 καὶ
3022 4617 3446 4684 πεπλανημένην
3487 4613 3591 4678 ἔξω
3615 4617 3708 4667 καὶ

2029 4700 2156 4772 περὶ
2196 4700 2368 4752 πολλὰ
2396 4700 2494 4768 τὴν
2527 4699 2768 4751 διάνοιαν
2824 4702 3117 4768 κεχηνυῖαν
3172 4699 3308 4769 πρὸς
3351 4703 3551 4772 ἑαυτὴν
3585 4704 3705 4754 ἐπι·

2028 4788 2274 4856 στρέφει.
2294 4785 2384 4855 Μὴ
2400 4786 2580 4838 τοίνυν
2606 4785 2862 4855 ἀλγῶμεν
2885 4787 3026 4856 ὑπὲρ
3063 4787 3163 4856 τῆς
3202 4787 3442 4856 ἀθυμίας
3475 4787 3702 4855 non“

2023 4873 2158 4926 ἀλλά
2189 4872 2282 4924 καὶ
2298 4873 2711 4942 εύχαριστῶμεν
2741 4873 2820 4943 τῷ
2843 4872 2962 4942 Θεῷ
2981 4889 2994 4902 ·
3030 4873 3164 4925 πολὺ
3199 4872 3306 4942 γάρ
3333 4873 3442 4926 ἀπὸ
3461 4874 3558 4944 τῆς
3593 4873 3707 4926 θλί-

2021 4963 2166 5031 ψεως
2196 4960 2256 5012 τὸ
2288 4959 2498 5031 κέρδος.
2535 4962 2646 5014 Καὶ
2675 4961 2782 5031 γὰρ
2809 4963 2836 5013 6
2868 4961 3112 5030 γεωργὸς
3144 4959 3365 5014 ἐπειδὰν
3402 4961 3600 5031 σπείρῃ
3635 4961 3706 5013 τὰ

2027 5049 2163 5119 μετά
2209 5047 2406 5100 πολλοῦ
2435 5047 2529 5100 τοῦ
2558 5048 2721 5100 πόνου
2757 5047 3084 5120 συλλεγέντα
3112 5046 3424 5119 σπέρματα,
3456 5045 3704 5116 χειμῶνα

2023 5135 2279 5205 γενέσθαι
2303 5135 2543 5205 εὔχεται·
2573 5135 2666 5187 καὶ
2686 5135 2714 5186 6
2738 5133 2837 5204 μὲν
2869 5133 3086 5204 ίδιὼτης
3109 5133 3331 5204 θεωρῶν
3353 5133 3421 5185 τά
3440 5133 3704 5203 γινόμενα

2025 5229 2239 5282 ἅπαντα
2272 5227 2630 5297 θαυμάσεται,
2665 5225 2760 5278 καὶ
2781 5225 2914 5296 πρὸς
2929 5225 3117 5278 ἐαυτὸν
3136 5224 3263 5286 ἴσως
3285 5224 3402 5294 ἐρεῖ
3427 5240 3438 5252 ·
3477 5223 3542 5274 Τί
3571 5240 3702 5275 ποτε

2025 5317 2053 5366 6
2083 5312 2368 5383 ἄνθρωπος
2411 5308 2563 5375 οὗτος
2605 5315 2783 5379 ποιεῖ;
2823 5311 2892 5364 τά
2919 5310 3240 5378 συλλεγέντα
3284 5309 3569 5378 σκορπίζει
3609 5313 3703 5363 καὶ

2025 5402 2144 5471 ούχὶ
2172 5400 2457 5471 σκορπίζει
2490 5400 2669 5470 μόνον,
2702 5399 2837 5452 ἀλλὰ
2859 5399 2950 5450 καὶ
2976 5397 3306 5465 ἀναμίγνυσι
3334 5397 3472 5466 μετὰ
3501 5397 3703 5468 πολλῆς

2025 5489 2122 5558 τῆς
2145 5490 2430 5560 ἀκριϐείας
2458 5490 2522 5559 τῇ
2549 5490 2643 5558 γῇ,
2681 5487 2820 5540 ὥστε
2845 5485 2984 5538 αύτά
3011 5484 3146 5554 μηδέ
3181 5483 3433 5548 συλλέξαι
3465 5483 3698 5555 δυνηθῆ-

2027 5597 2114 5632 ναι
2138 5580 2369 5650 ῥᾳδίως·
2403 5580 2495 5632 καὶ
2527 5578 2629 5630 οὐκ
2662 5577 2988 5646 ἀναμίγνυσι
3025 5577 3184 5645 μόνον
3211 5578 3278 5646 τῇ
3313 5578 3407 5646 γῇ,
3439 5575 3576 5628 ἀλλά
3609 5577 3702 5630 καὶ

2028 5667 2244 5737 εὔχεται
2289 5665 2542 5735 γενέσθαι
2590 5665 2818 5734 σφοδρὸν
2869 5661 2961 5715 τὸν
3006 5661 3180 5724 ὑετὸν,
3213 5662 3351 5715 ὥστε
3385 5663 3703 5732 κατασαπῆ-

2028 5772 2116 5810 ναι
2170 5755 2240 5808 τά
2265 5753 2678 5823 καταϐληθέντα
2706 5751 2943 5813 ἅπαντα,
2975 5751 3070 5803 καὶ
3098 5749 3349 5818 γενέσθαι
3379 5749 3568 5818 πηλόν.
3595 5749 3703 5801 Καὶ

2094 5981 2114 6007 τ
2143 5977 2226 6026 Bis
2247 5980 2424 6041 χειμών
2449 5976 2590 6024 nobis
2614 5978 2883 6041 repelitgxm
2909 5981 2983 6021 est
3017 5987 3044 6021 e
3071 5975 3271 6041 Snyilin.
3302 5976 3434 6024 Lmr.

2089 6043 2114 6077 (1
2139 6037 2288 6088 Savﬂ.
2318 6037 2370 6088 ιιι
2397 6048 2497 6087 [res
2521 6052 2634 6084 mss.
2664 6037 2924 6100 προκύψας,
2954 6049 3049 6100 "0n
3078 6040 3221 6084 ιιιειίρ.

2097 6102 2114 6123 ⁸
2146 6105 2226 6152 Sic
2240 6105 2384 6153 Sum.
2402 6111 2450 6151 et
2475 6104 2680 6150 maxima
2705 6097 2816 6160 imrs
2843 6112 2956 6144 mas.
2988 6097 3154 6146 Μοίρι.
3187 6113 3301 6148 \cro
3328 6100 3389 6155 εἰς
3409 6099 3639 6159 σπουδὴν.
