  <div class='ocr_page' id='page_1' title='image "/cluster/home/n/w/nwhite01/storage/ocr_20150623/49/hvd.32044025239823/062.png"; bbox 0 0 4494 6672; ppageno 0'>
   <div class='ocr_carea' id='block_1_1' title="bbox 511 469 3797 546">
    <p class='ocr_par' dir='ltr' id='par_1_1' title="bbox 511 469 3797 546">
     <span class='ocr_line' id='line_1_1' title="bbox 511 469 3797 546; baseline -0.003 -10"><span class='ocrx_word' id='word_1_1' title='bbox 511 492 569 546; x_wconf 78' lang='lat'><strong>0|</strong></span> <span class='ocrx_word' id='word_1_2' title='bbox 1473 478 1560 533; x_wconf 73' lang='lat' dir='ltr'><strong>AD</strong></span> <span class='ocrx_word' id='word_1_3' title='bbox 1601 477 1917 534; x_wconf 73' lang='lat' dir='ltr'><strong>POPL&#39;LUM</strong></span> <span class='ocrx_word' id='word_1_4' title='bbox 1960 471 2450 531; x_wconf 72' lang='lat' dir='ltr'><strong>ANTIOCHENUM</strong></span> <span class='ocrx_word' id='word_1_5' title='bbox 2513 473 2741 530; x_wconf 76' lang='lat' dir='ltr'><strong>llOMIL.</strong></span> <span class='ocrx_word' id='word_1_6' title='bbox 2785 469 2871 531; x_wconf 81' lang='lat' dir='ltr'><strong>IV.</strong></span> <span class='ocrx_word' id='word_1_7' title='bbox 3725 469 3797 527; x_wconf 68' lang='grc' dir='ltr'><strong>(οἳ</strong></span> 
     </span>
    </p>
   </div>
   <div class='ocr_carea' id='block_1_2' title="bbox 507 588 2092 678">
    <p class='ocr_par' dir='ltr' id='par_1_2' title="bbox 507 588 2092 678">
     <span class='ocr_line' id='line_1_2' title="bbox 507 588 2092 678; baseline -0.012 -19"><span class='ocrx_word' id='word_1_8' title='bbox 507 607 743 678; x_wconf 63' lang='grc' dir='ltr'><strong>ιιι-οίρειίι</strong></span> <span class='ocrx_word' id='word_1_9' title='bbox 774 605 953 662; x_wconf 81' lang='lat' dir='ltr'><strong>omnia</strong></span> <span class='ocrx_word' id='word_1_10' title='bbox 985 601 1337 658; x_wconf 77' lang='lat' dir='ltr'><strong>marcescant,</strong></span> <span class='ocrx_word' id='word_1_11' title='bbox 1370 601 1423 647; x_wconf 91' lang='lat' dir='ltr'><strong>et</strong></span> <span class='ocrx_word' id='word_1_12' title='bbox 1449 593 1613 648; x_wconf 88' lang='lat' dir='ltr'><strong>lutum</strong></span> <span class='ocrx_word' id='word_1_13' title='bbox 1642 597 1789 647; x_wconf 91' lang='lat' dir='ltr'><strong>liaut.</strong></span> <span class='ocrx_word' id='word_1_14' title='bbox 1821 592 1886 644; x_wconf 83' lang='lat' dir='ltr'><strong>Et</strong></span> <span class='ocrx_word' id='word_1_15' title='bbox 1911 588 2092 643; x_wconf 90' lang='lat' dir='ltr'><strong>turba-</strong></span> 
     </span>
    </p>
   </div>
   <div class='ocr_carea' id='block_1_3' title="bbox 507 678 2096 758">
    <p class='ocr_par' dir='ltr' id='par_1_3' title="bbox 507 678 2096 758">
     <span class='ocr_line' id='line_1_3' title="bbox 507 678 2096 758; baseline -0.016 -6"><span class='ocrx_word' id='word_1_16' title='bbox 507 710 593 752; x_wconf 89' lang='lat' dir='ltr'><strong>tur</strong></span> <span class='ocrx_word' id='word_1_17' title='bbox 613 712 838 753; x_wconf 84' lang='lat' dir='ltr'><strong>cernens</strong></span> <span class='ocrx_word' id='word_1_18' title='bbox 868 701 1149 758; x_wconf 84' lang='lat' dir='ltr'><strong>erumpere</strong></span> <span class='ocrx_word' id='word_1_19' title='bbox 1177 684 1392 739; x_wconf 88' lang='lat' dir='ltr'><strong>fulmina</strong></span> <span class='ocrx_word' id='word_1_20' title='bbox 1417 696 1473 741; x_wconf 90' lang='lat' dir='ltr'><strong>et</strong></span> <span class='ocrx_word' id='word_1_21' title='bbox 1497 685 1895 741; x_wconf 88' lang='lat' dir='ltr'><strong>coruscationes</strong></span> <span class='ocrx_word' id='word_1_22' title='bbox 1914 678 2096 734; x_wconf 85' lang='lat' dir='ltr'><strong>defer.</strong></span> 
     </span>
    </p>
   </div>
   <div class='ocr_carea' id='block_1_4' title="bbox 508 772 2095 862">
    <p class='ocr_par' dir='ltr' id='par_1_4' title="bbox 508 772 2095 862">
     <span class='ocr_line' id='line_1_4' title="bbox 508 772 2095 862; baseline -0.014 -18"><span class='ocrx_word' id='word_1_23' title='bbox 508 792 550 844; x_wconf 91' lang='lat' dir='ltr'><strong>ri</strong></span> <span class='ocrx_word' id='word_1_24' title='bbox 575 809 588 854; x_wconf 93' lang='lat'><strong>;</strong></span> <span class='ocrx_word' id='word_1_25' title='bbox 616 789 846 862; x_wconf 76' lang='lat' dir='ltr'><strong>agricola</strong></span> <span class='ocrx_word' id='word_1_26' title='bbox 875 796 1001 837; x_wconf 91' lang='lat' dir='ltr'><strong>vero</strong></span> <span class='ocrx_word' id='word_1_27' title='bbox 1032 794 1135 833; x_wconf 94' lang='lat' dir='ltr'><strong>nou</strong></span> <span class='ocrx_word' id='word_1_28' title='bbox 1163 779 1233 833; x_wconf 90' lang='lat' dir='ltr'><strong>ita</strong></span> <span class='ocrx_word' id='word_1_29' title='bbox 1257 819 1271 843; x_wconf 94' lang='lat'><strong>,</strong></span> <span class='ocrx_word' id='word_1_30' title='bbox 1302 777 1393 832; x_wconf 88' lang='lat' dir='ltr'><strong>sed</strong></span> <span class='ocrx_word' id='word_1_31' title='bbox 1420 778 1628 832; x_wconf 71' lang='lat' dir='ltr'><strong>lartatur</strong></span> <span class='ocrx_word' id='word_1_32' title='bbox 1650 785 1704 831; x_wconf 93' lang='lat' dir='ltr'><strong>et</strong></span> <span class='ocrx_word' id='word_1_33' title='bbox 1732 772 1927 844; x_wconf 89' lang='lat' dir='ltr'><strong>gaudet</strong></span> <span class='ocrx_word' id='word_1_34' title='bbox 1957 780 2095 825; x_wconf 91' lang='lat' dir='ltr'><strong>tem-</strong></span> 
     </span>
    </p>
   </div>
   <div class='ocr_carea' id='block_1_5' title="bbox 510 862 2095 952">
    <p class='ocr_par' dir='ltr' id='par_1_5' title="bbox 510 862 2095 952">
     <span class='ocr_line' id='line_1_5' title="bbox 510 862 2095 952; baseline -0.015 -15"><span class='ocrx_word' id='word_1_35' title='bbox 510 893 770 952; x_wconf 76' lang='lat' dir='ltr'><strong>pestatem</strong></span> <span class='ocrx_word' id='word_1_36' title='bbox 795 887 1064 932; x_wconf 83' lang='lat' dir='ltr'><strong>cernens:</strong></span> <span class='ocrx_word' id='word_1_37' title='bbox 1095 884 1199 923; x_wconf 91' lang='lat' dir='ltr'><strong>uou</strong></span> <span class='ocrx_word' id='word_1_38' title='bbox 1232 871 1371 924; x_wconf 92' lang='lat' dir='ltr'><strong>enim</strong></span> <span class='ocrx_word' id='word_1_39' title='bbox 1403 868 1685 940; x_wconf 82' lang='lat' dir='ltr'><strong>praesentia</strong></span> <span class='ocrx_word' id='word_1_40' title='bbox 1715 863 1970 932; x_wconf 91' lang='lat' dir='ltr'><strong>respicit,</strong></span> <span class='ocrx_word' id='word_1_41' title='bbox 2001 862 2095 916; x_wconf 91' lang='lat' dir='ltr'><strong>sed</strong></span> 
     </span>
    </p>
   </div>
   <div class='ocr_carea' id='block_1_6' title="bbox 514 953 2099 1040">
    <p class='ocr_par' dir='ltr' id='par_1_6' title="bbox 514 953 2099 1040">
     <span class='ocr_line' id='line_1_6' title="bbox 514 953 2099 1040; baseline -0.015 -13"><span class='ocrx_word' id='word_1_42' title='bbox 514 975 684 1028; x_wconf 90' lang='lat' dir='ltr'><strong>futura</strong></span> <span class='ocrx_word' id='word_1_43' title='bbox 711 975 918 1040; x_wconf 92' lang='lat' dir='ltr'><strong>spectat</strong></span> <span class='ocrx_word' id='word_1_44' title='bbox 947 983 959 1018; x_wconf 90' lang='lat'><strong>:</strong></span> <span class='ocrx_word' id='word_1_45' title='bbox 993 977 1100 1017; x_wconf 88' lang='lat' dir='ltr'><strong>non</strong></span> <span class='ocrx_word' id='word_1_46' title='bbox 1129 962 1346 1032; x_wconf 83' lang='lat' dir='ltr'><strong>respicit</strong></span> <span class='ocrx_word' id='word_1_47' title='bbox 1373 961 1435 1016; x_wconf 90' lang='lat' dir='ltr'><strong>ad</strong></span> <span class='ocrx_word' id='word_1_48' title='bbox 1469 960 1709 1024; x_wconf 91' lang='lat' dir='ltr'><strong>fulmina,</strong></span> <span class='ocrx_word' id='word_1_49' title='bbox 1733 955 1828 1010; x_wconf 90' lang='lat' dir='ltr'><strong>sed</strong></span> <span class='ocrx_word' id='word_1_50' title='bbox 1854 953 2099 1022; x_wconf 89' lang='lat' dir='ltr'><strong>manipu-</strong></span> 
     </span>
    </p>
   </div>
   <div class='ocr_carea' id='block_1_7' title="bbox 511 1047 2093 1132">
    <p class='ocr_par' dir='ltr' id='par_1_7' title="bbox 511 1047 2093 1132">
     <span class='ocr_line' id='line_1_7' title="bbox 511 1047 2093 1132; baseline -0.014 -12"><span class='ocrx_word' id='word_1_51' title='bbox 511 1066 592 1120; x_wconf 88' lang='lat' dir='ltr'><strong>los</strong></span> <span class='ocrx_word' id='word_1_52' title='bbox 617 1069 889 1132; x_wconf 83' lang='lat' dir='ltr'><strong>computat</strong></span> <span class='ocrx_word' id='word_1_53' title='bbox 909 1079 923 1122; x_wconf 89' lang='lat'><strong>;</strong></span> <span class='ocrx_word' id='word_1_54' title='bbox 947 1072 1055 1112; x_wconf 94' lang='lat' dir='ltr'><strong>non</strong></span> <span class='ocrx_word' id='word_1_55' title='bbox 1077 1056 1458 1111; x_wconf 89' lang='lat' dir='ltr'><strong>marcescentia</strong></span> <span class='ocrx_word' id='word_1_56' title='bbox 1486 1053 1710 1115; x_wconf 87' lang='lat' dir='ltr'><strong>semina,</strong></span> <span class='ocrx_word' id='word_1_57' title='bbox 1745 1047 1840 1104; x_wconf 92' lang='lat' dir='ltr'><strong>sed</strong></span> <span class='ocrx_word' id='word_1_58' title='bbox 1863 1059 2093 1100; x_wconf 87' lang='lat' dir='ltr'><strong>vernan-</strong></span> 
     </span>
    </p>
   </div>
   <div class='ocr_carea' id='block_1_8' title="bbox 512 1137 2095 1223">
    <p class='ocr_par' dir='ltr' id='par_1_8' title="bbox 512 1137 2095 1223">
     <span class='ocr_line' id='line_1_8' title="bbox 512 1137 2095 1223; baseline -0.012 -13"><span class='ocrx_word' id='word_1_59' title='bbox 512 1167 592 1210; x_wconf 88' lang='lat' dir='ltr'><strong>tes</strong></span> <span class='ocrx_word' id='word_1_60' title='bbox 621 1156 827 1223; x_wconf 88' lang='lat' dir='ltr'><strong>spicas;</strong></span> <span class='ocrx_word' id='word_1_61' title='bbox 857 1166 962 1206; x_wconf 93' lang='lat' dir='ltr'><strong>non</strong></span> <span class='ocrx_word' id='word_1_62' title='bbox 991 1163 1206 1218; x_wconf 80' lang='lat' dir='ltr'><strong>gravem</strong></span> <span class='ocrx_word' id='word_1_63' title='bbox 1236 1147 1457 1202; x_wconf 90' lang='lat' dir='ltr'><strong>imbrem</strong></span> <span class='ocrx_word' id='word_1_64' title='bbox 1481 1187 1496 1208; x_wconf 89' lang='lat'><strong>,</strong></span> <span class='ocrx_word' id='word_1_65' title='bbox 1530 1143 1623 1198; x_wconf 90' lang='lat' dir='ltr'><strong>sed</strong></span> <span class='ocrx_word' id='word_1_66' title='bbox 1649 1137 2095 1210; x_wconf 75' lang='lat' dir='ltr'><strong>iucundissimum</strong></span> 
     </span>
    </p>
   </div>
   <div class='ocr_carea' id='block_1_9' title="bbox 508 1237 2096 1311">
    <p class='ocr_par' dir='ltr' id='par_1_9' title="bbox 508 1237 2096 1311">
     <span class='ocr_line' id='line_1_9' title="bbox 508 1237 2096 1311; baseline -0.008 -14"><span class='ocrx_word' id='word_1_67' title='bbox 508 1259 648 1298; x_wconf 78' lang='lat' dir='ltr'><strong>area:</strong></span> <span class='ocrx_word' id='word_1_68' title='bbox 676 1245 964 1311; x_wconf 85' lang='lat' dir='ltr'><strong>pulverem.</strong></span> <span class='ocrx_word' id='word_1_69' title='bbox 994 1239 1177 1295; x_wconf 90' lang='lat' dir='ltr'><strong>Itidem</strong></span> <span class='ocrx_word' id='word_1_70' title='bbox 1207 1247 1260 1295; x_wconf 91' lang='lat' dir='ltr'><strong>et</strong></span> <span class='ocrx_word' id='word_1_71' title='bbox 1287 1254 1384 1294; x_wconf 90' lang='lat' dir='ltr'><strong>nos</strong></span> <span class='ocrx_word' id='word_1_72' title='bbox 1409 1253 1514 1292; x_wconf 90' lang='lat' dir='ltr'><strong>non</strong></span> <span class='ocrx_word' id='word_1_73' title='bbox 1541 1239 1860 1306; x_wconf 56' lang='lat' dir='ltr'><strong>praesentem</strong></span> <span class='ocrx_word' id='word_1_74' title='bbox 1887 1237 2096 1298; x_wconf 85' lang='lat' dir='ltr'><strong>specte-</strong></span> 
     </span>
    </p>
   </div>
   <div class='ocr_carea' id='block_1_10' title="bbox 509 1322 2095 1398">
    <p class='ocr_par' dir='ltr' id='par_1_10' title="bbox 509 1322 2095 1398">
     <span class='ocr_line' id='line_1_10' title="bbox 509 1322 2095 1398; baseline -0.011 -6"><span class='ocrx_word' id='word_1_75' title='bbox 509 1352 630 1392; x_wconf 87' lang='lat' dir='ltr'><strong>mus</strong></span> <span class='ocrx_word' id='word_1_76' title='bbox 658 1335 1072 1398; x_wconf 86' lang='lat' dir='ltr'><strong>tribulationem,</strong></span> <span class='ocrx_word' id='word_1_77' title='bbox 1097 1343 1187 1387; x_wconf 92' lang='lat' dir='ltr'><strong>aut</strong></span> <span class='ocrx_word' id='word_1_78' title='bbox 1205 1332 1469 1395; x_wconf 88' lang='lat' dir='ltr'><strong>dolorem,</strong></span> <span class='ocrx_word' id='word_1_79' title='bbox 1493 1328 1588 1384; x_wconf 90' lang='lat' dir='ltr'><strong>sed</strong></span> <span class='ocrx_word' id='word_1_80' title='bbox 1609 1326 1868 1381; x_wconf 88' lang='lat' dir='ltr'><strong>orientem</strong></span> <span class='ocrx_word' id='word_1_81' title='bbox 1896 1338 1961 1376; x_wconf 80' lang='lat' dir='ltr'><strong>ex</strong></span> <span class='ocrx_word' id='word_1_82' title='bbox 1985 1322 2095 1390; x_wconf 92' lang='lat' dir='ltr'><strong>ipsa</strong></span> 
     </span>
    </p>
   </div>
   <div class='ocr_carea' id='block_1_11' title="bbox 511 1423 2097 1495">
    <p class='ocr_par' dir='ltr' id='par_1_11' title="bbox 511 1423 2097 1495">
     <span class='ocr_line' id='line_1_11' title="bbox 511 1423 2097 1495; baseline -0.01 -12"><span class='ocrx_word' id='word_1_83' title='bbox 511 1430 791 1483; x_wconf 88' lang='lat' dir='ltr'><strong>utilitatem</strong></span> <span class='ocrx_word' id='word_1_84' title='bbox 816 1468 832 1492; x_wconf 92' lang='lat'><strong>,</strong></span> <span class='ocrx_word' id='word_1_85' title='bbox 864 1442 929 1481; x_wconf 85' lang='lat' dir='ltr'><strong>ex</strong></span> <span class='ocrx_word' id='word_1_86' title='bbox 957 1426 1069 1495; x_wconf 86' lang='lat' dir='ltr'><strong>ipsa</strong></span> <span class='ocrx_word' id='word_1_87' title='bbox 1099 1435 1404 1480; x_wconf 89' lang='lat' dir='ltr'><strong>nascentem</strong></span> <span class='ocrx_word' id='word_1_88' title='bbox 1432 1423 1661 1476; x_wconf 91' lang='lat' dir='ltr'><strong>fructum</strong></span> <span class='ocrx_word' id='word_1_89' title='bbox 1686 1433 1701 1469; x_wconf 93' lang='lat'><strong>:</strong></span> <span class='ocrx_word' id='word_1_90' title='bbox 1728 1423 2097 1483; x_wconf 85' lang='lat' dir='ltr'><strong>exspectemus</strong></span> 
     </span>
    </p>
   </div>
   <div class='ocr_carea' id='block_1_12' title="bbox 509 1505 2099 1587">
    <p class='ocr_par' dir='ltr' id='par_1_12' title="bbox 509 1505 2099 1587">
     <span class='ocr_line' id='line_1_12' title="bbox 509 1505 2099 1587; baseline -0.009 -14"><span class='ocrx_word' id='word_1_91' title='bbox 509 1535 649 1575; x_wconf 81' lang='lat' dir='ltr'><strong>area:</strong></span> <span class='ocrx_word' id='word_1_92' title='bbox 679 1517 975 1587; x_wconf 88' lang='lat' dir='ltr'><strong>manipulos</strong></span> <span class='ocrx_word' id='word_1_93' title='bbox 1004 1535 1017 1571; x_wconf 93' lang='lat'><strong>:</strong></span> <span class='ocrx_word' id='word_1_94' title='bbox 1041 1516 1305 1578; x_wconf 87' lang='lat' dir='ltr'><strong>sietenim</strong></span> <span class='ocrx_word' id='word_1_95' title='bbox 1331 1513 1627 1583; x_wconf 80' lang='lat' dir='ltr'><strong>vigilemus,</strong></span> <span class='ocrx_word' id='word_1_96' title='bbox 1659 1506 1882 1560; x_wconf 93' lang='lat' dir='ltr'><strong>multum</strong></span> <span class='ocrx_word' id='word_1_97' title='bbox 1905 1520 1970 1560; x_wconf 77' lang='lat' dir='ltr'><strong>ex</strong></span> <span class='ocrx_word' id='word_1_98' title='bbox 1998 1505 2099 1559; x_wconf 90' lang='lat' dir='ltr'><strong>hoc</strong></span> 
     </span>
    </p>
   </div>
   <div class='ocr_carea' id='block_1_13' title="bbox 512 1599 2097 1678">
    <p class='ocr_par' dir='ltr' id='par_1_13' title="bbox 512 1599 2097 1678">
     <span class='ocr_line' id='line_1_13' title="bbox 512 1599 2097 1678; baseline -0.012 -12"><span class='ocrx_word' id='word_1_99' title='bbox 512 1625 748 1678; x_wconf 88' lang='lat' dir='ltr'><strong>tempore</strong></span> <span class='ocrx_word' id='word_1_100' title='bbox 775 1609 1000 1664; x_wconf 85' lang='lat' dir='ltr'><strong>fructum</strong></span> <span class='ocrx_word' id='word_1_101' title='bbox 1027 1621 1369 1678; x_wconf 78' lang='lat' dir='ltr'><strong>congregare,</strong></span> <span class='ocrx_word' id='word_1_102' title='bbox 1391 1613 1443 1657; x_wconf 88' lang='lat' dir='ltr'><strong>cl</strong></span> <span class='ocrx_word' id='word_1_103' title='bbox 1466 1599 1660 1655; x_wconf 87' lang='lat' dir='ltr'><strong>mentis</strong></span> <span class='ocrx_word' id='word_1_104' title='bbox 1682 1605 1878 1651; x_wconf 69' lang='lat' dir='ltr'><strong>nostrae</strong></span> <span class='ocrx_word' id='word_1_105' title='bbox 1905 1611 2097 1665; x_wconf 88' lang='lat' dir='ltr'><strong>penum</strong></span> 
     </span>
    </p>
   </div>
   <div class='ocr_carea' id='block_1_14' title="bbox 509 1685 2100 1770">
    <p class='ocr_par' dir='ltr' id='par_1_14' title="bbox 509 1685 2100 1770">
     <span class='ocr_line' id='line_1_14' title="bbox 509 1685 2100 1770; baseline -0.012 -15"><span class='ocrx_word' id='word_1_106' title='bbox 509 1701 732 1770; x_wconf 89' lang='lat' dir='ltr'><strong>implere</strong></span> <span class='ocrx_word' id='word_1_107' title='bbox 771 1701 1097 1769; x_wconf 88' lang='lat' dir='ltr'><strong>poterimus:</strong></span> <span class='ocrx_word' id='word_1_108' title='bbox 1127 1699 1171 1752; x_wconf 90' lang='lat' dir='ltr'><strong>si</strong></span> <span class='ocrx_word' id='word_1_109' title='bbox 1217 1694 1530 1764; x_wconf 81' lang='lat' dir='ltr'><strong>vigilemus,</strong></span> <span class='ocrx_word' id='word_1_110' title='bbox 1578 1702 1684 1742; x_wconf 93' lang='lat' dir='ltr'><strong>nou</strong></span> <span class='ocrx_word' id='word_1_111' title='bbox 1725 1697 1926 1740; x_wconf 90' lang='lat' dir='ltr'><strong>tantum</strong></span> <span class='ocrx_word' id='word_1_112' title='bbox 1969 1685 2100 1738; x_wconf 83' lang='lat' dir='ltr'><strong>nihil</strong></span> 
     </span>
    </p>
   </div>
   <div class='ocr_carea' id='block_1_15' title="bbox 509 1778 2100 1861">
    <p class='ocr_par' dir='ltr' id='par_1_15' title="bbox 509 1778 2100 1861">
     <span class='ocr_line' id='line_1_15' title="bbox 509 1778 2100 1861; baseline -0.011 -17"><span class='ocrx_word' id='word_1_113' title='bbox 509 1807 668 1861; x_wconf 83' lang='lat' dir='ltr'><strong>grave</strong></span> <span class='ocrx_word' id='word_1_114' title='bbox 697 1807 761 1844; x_wconf 81' lang='lat' dir='ltr'><strong>ex</strong></span> <span class='ocrx_word' id='word_1_115' title='bbox 790 1791 887 1844; x_wconf 92' lang='lat' dir='ltr'><strong>hac</strong></span> <span class='ocrx_word' id='word_1_116' title='bbox 918 1791 1184 1859; x_wconf 92' lang='lat' dir='ltr'><strong>patiemur</strong></span> <span class='ocrx_word' id='word_1_117' title='bbox 1209 1783 1550 1839; x_wconf 88' lang='lat' dir='ltr'><strong>tribulatione</strong></span> <span class='ocrx_word' id='word_1_118' title='bbox 1573 1820 1589 1845; x_wconf 97' lang='lat'><strong>,</strong></span> <span class='ocrx_word' id='word_1_119' title='bbox 1617 1778 1712 1833; x_wconf 88' lang='lat' dir='ltr'><strong>sed</strong></span> <span class='ocrx_word' id='word_1_120' title='bbox 1739 1785 1792 1832; x_wconf 89' lang='lat' dir='ltr'><strong>ct</strong></span> <span class='ocrx_word' id='word_1_121' title='bbox 1820 1778 2100 1831; x_wconf 90' lang='lat' dir='ltr'><strong>innumera</strong></span> 
     </span>
    </p>
   </div>
   <div class='ocr_carea' id='block_1_16' title="bbox 508 1880 2104 1952">
    <p class='ocr_par' dir='ltr' id='par_1_16' title="bbox 508 1880 2104 1952">
     <span class='ocr_line' id='line_1_16' title="bbox 508 1880 2104 1952; baseline -0.011 -15"><span class='ocrx_word' id='word_1_122' title='bbox 508 1883 646 1938; x_wconf 88' lang='lat' dir='ltr'><strong>bona</strong></span> <span class='ocrx_word' id='word_1_123' title='bbox 694 1883 996 1952; x_wconf 88' lang='lat' dir='ltr'><strong>capiemus;</strong></span> <span class='ocrx_word' id='word_1_124' title='bbox 1047 1881 1128 1934; x_wconf 93' lang='lat' dir='ltr'><strong>sin</strong></span> <span class='ocrx_word' id='word_1_125' title='bbox 1176 1892 1306 1932; x_wconf 90' lang='lat' dir='ltr'><strong>vero</strong></span> <span class='ocrx_word' id='word_1_126' title='bbox 1359 1883 1696 1941; x_wconf 88' lang='lat' dir='ltr'><strong>torpeamus,</strong></span> <span class='ocrx_word' id='word_1_127' title='bbox 1730 1881 1975 1923; x_wconf 74' lang='lat' dir='ltr'><strong>remnssno</strong></span> <span class='ocrx_word' id='word_1_128' title='bbox 2005 1880 2104 1920; x_wconf 92' lang='lat' dir='ltr'><strong>nos</strong></span> 
     </span>
    </p>
   </div>
   <div class='ocr_carea' id='block_1_17' title="bbox 510 1959 2105 2046">
    <p class='ocr_par' dir='ltr' id='par_1_17' title="bbox 510 1959 2105 2046">
     <span class='ocr_line' id='line_1_17' title="bbox 510 1959 2105 2046; baseline -0.014 -15"><span class='ocrx_word' id='word_1_129' title='bbox 510 1976 712 2046; x_wconf 82' lang='lat' dir='ltr'><strong>perdet.</strong></span> <span class='ocrx_word' id='word_1_130' title='bbox 742 1975 857 2029; x_wconf 82' lang='lat' dir='ltr'><strong>Non</strong></span> <span class='ocrx_word' id='word_1_131' title='bbox 887 1974 1258 2027; x_wconf 85' lang='lat' dir='ltr'><strong>advertentem</strong></span> <span class='ocrx_word' id='word_1_132' title='bbox 1291 1966 1434 2020; x_wconf 89' lang='lat' dir='ltr'><strong>enim</strong></span> <span class='ocrx_word' id='word_1_133' title='bbox 1462 1972 1687 2030; x_wconf 88' lang='lat' dir='ltr'><strong>utraque</strong></span> <span class='ocrx_word' id='word_1_134' title='bbox 1717 1959 1917 2014; x_wconf 70' lang='lat' dir='ltr'><strong>lmdunt</strong></span> <span class='ocrx_word' id='word_1_135' title='bbox 1937 1999 1952 2022; x_wconf 94' lang='lat'><strong>,</strong></span> <span class='ocrx_word' id='word_1_136' title='bbox 1981 1971 2105 2009; x_wconf 87' lang='lat' dir='ltr'><strong>cum</strong></span> 
     </span>
    </p>
   </div>
   <div class='ocr_carea' id='block_1_18' title="bbox 510 2050 2103 2126">
    <p class='ocr_par' dir='ltr' id='par_1_18' title="bbox 510 2050 2103 2126">
     <span class='ocr_line' id='line_1_18' title="bbox 510 2050 2103 2126; baseline -0.013 -6"><span class='ocrx_word' id='word_1_137' title='bbox 510 2068 792 2122; x_wconf 84' lang='lat' dir='ltr'><strong>sedulitate</strong></span> <span class='ocrx_word' id='word_1_138' title='bbox 818 2081 944 2119; x_wconf 91' lang='lat' dir='ltr'><strong>vero</strong></span> <span class='ocrx_word' id='word_1_139' title='bbox 979 2061 1180 2116; x_wconf 81' lang='lat' dir='ltr'><strong>viventi</strong></span> <span class='ocrx_word' id='word_1_140' title='bbox 1219 2066 1443 2126; x_wconf 87' lang='lat' dir='ltr'><strong>utraque</strong></span> <span class='ocrx_word' id='word_1_141' title='bbox 1479 2061 1720 2120; x_wconf 90' lang='lat' dir='ltr'><strong>prosunt.</strong></span> <span class='ocrx_word' id='word_1_142' title='bbox 1749 2051 1814 2104; x_wconf 84' lang='lat' dir='ltr'><strong>Et</strong></span> <span class='ocrx_word' id='word_1_143' title='bbox 1837 2050 1977 2104; x_wconf 87' lang='lat' dir='ltr'><strong>sicut</strong></span> <span class='ocrx_word' id='word_1_144' title='bbox 2005 2062 2103 2100; x_wconf 86' lang='lat' dir='ltr'><strong>au-</strong></span> 
     </span>
    </p>
   </div>
   <div class='ocr_carea' id='block_1_19' title="bbox 510 2139 2100 2226">
    <p class='ocr_par' dir='ltr' id='par_1_19' title="bbox 510 2139 2100 2226">
     <span class='ocr_line' id='line_1_19' title="bbox 510 2139 2100 2226; baseline -0.014 -12"><span class='ocrx_word' id='word_1_145' title='bbox 510 2174 626 2214; x_wconf 91' lang='lat' dir='ltr'><strong>rum</strong></span> <span class='ocrx_word' id='word_1_146' title='bbox 648 2158 744 2212; x_wconf 92' lang='lat' dir='ltr'><strong>etsi</strong></span> <span class='ocrx_word' id='word_1_147' title='bbox 767 2156 917 2226; x_wconf 81' lang='lat' dir='ltr'><strong>aquis</strong></span> <span class='ocrx_word' id='word_1_148' title='bbox 945 2155 1274 2214; x_wconf 90' lang='lat' dir='ltr'><strong>immoretnr,</strong></span> <span class='ocrx_word' id='word_1_149' title='bbox 1297 2146 1564 2216; x_wconf 85' lang='lat' dir='ltr'><strong>propriam</strong></span> <span class='ocrx_word' id='word_1_150' title='bbox 1594 2141 1809 2212; x_wconf 67' lang='lat' dir='ltr'><strong>prazfert</strong></span> <span class='ocrx_word' id='word_1_151' title='bbox 1830 2139 2064 2209; x_wconf 90' lang='lat' dir='ltr'><strong>speciem</strong></span> <span class='ocrx_word' id='word_1_152' title='bbox 2088 2153 2100 2189; x_wconf 94' lang='lat'><strong>:</strong></span> 
     </span>
    </p>
   </div>
   <div class='ocr_carea' id='block_1_20' title="bbox 511 2235 2102 2306">
    <p class='ocr_par' dir='ltr' id='par_1_20' title="bbox 511 2235 2102 2306">
     <span class='ocr_line' id='line_1_20' title="bbox 511 2235 2102 2306; baseline -0.013 -2"><span class='ocrx_word' id='word_1_153' title='bbox 511 2252 620 2305; x_wconf 84' lang='lat' dir='ltr'><strong>sive</strong></span> <span class='ocrx_word' id='word_1_154' title='bbox 664 2251 713 2303; x_wconf 91' lang='lat' dir='ltr'><strong>in</strong></span> <span class='ocrx_word' id='word_1_155' title='bbox 759 2246 1130 2303; x_wconf 87' lang='lat' dir='ltr'><strong>conﬁatorium</strong></span> <span class='ocrx_word' id='word_1_156' title='bbox 1181 2240 1473 2302; x_wconf 89' lang='lat' dir='ltr'><strong>ceciderit,</strong></span> <span class='ocrx_word' id='word_1_157' title='bbox 1515 2235 1844 2306; x_wconf 89' lang='lat' dir='ltr'><strong>splendidius</strong></span> <span class='ocrx_word' id='word_1_158' title='bbox 1891 2246 2102 2287; x_wconf 87' lang='lat' dir='ltr'><strong>rursum</strong></span> 
     </span>
    </p>
   </div>
   <div class='ocr_carea' id='block_1_21' title="bbox 510 2325 2104 2412">
    <p class='ocr_par' dir='ltr' id='par_1_21' title="bbox 510 2325 2104 2412">
     <span class='ocr_line' id='line_1_21' title="bbox 510 2325 2104 2412; baseline -0.011 -17"><span class='ocrx_word' id='word_1_159' title='bbox 510 2351 758 2412; x_wconf 88' lang='lat' dir='ltr'><strong>apparet;</strong></span> <span class='ocrx_word' id='word_1_160' title='bbox 793 2339 965 2392; x_wconf 91' lang='lat' dir='ltr'><strong>lutum</strong></span> <span class='ocrx_word' id='word_1_161' title='bbox 991 2345 1169 2390; x_wconf 89' lang='lat' dir='ltr'><strong>autem</strong></span> <span class='ocrx_word' id='word_1_162' title='bbox 1193 2342 1243 2386; x_wconf 84' lang='lat' dir='ltr'><strong>et</strong></span> <span class='ocrx_word' id='word_1_163' title='bbox 1265 2332 1489 2396; x_wconf 75' lang='lat' dir='ltr'><strong>fumum,</strong></span> <span class='ocrx_word' id='word_1_164' title='bbox 1514 2330 1627 2383; x_wconf 91' lang='lat' dir='ltr'><strong>sive</strong></span> <span class='ocrx_word' id='word_1_165' title='bbox 1647 2327 1798 2397; x_wconf 89' lang='lat' dir='ltr'><strong>aquis</strong></span> <span class='ocrx_word' id='word_1_166' title='bbox 1816 2325 2104 2380; x_wconf 87' lang='lat' dir='ltr'><strong>immisceri</strong></span> 
     </span>
    </p>
   </div>
   <div class='ocr_carea' id='block_1_22' title="bbox 509 2415 2101 2498">
    <p class='ocr_par' dir='ltr' id='par_1_22' title="bbox 509 2415 2101 2498">
     <span class='ocr_line' id='line_1_22' title="bbox 509 2415 2101 2498; baseline -0.011 -14"><span class='ocrx_word' id='word_1_167' title='bbox 509 2433 731 2493; x_wconf 81' lang='lat' dir='ltr'><strong>accidat,</strong></span> <span class='ocrx_word' id='word_1_168' title='bbox 763 2430 864 2484; x_wconf 92' lang='lat' dir='ltr'><strong>hoc</strong></span> <span class='ocrx_word' id='word_1_169' title='bbox 889 2426 1099 2498; x_wconf 85' lang='lat' dir='ltr'><strong>quidem</strong></span> <span class='ocrx_word' id='word_1_170' title='bbox 1124 2422 1425 2486; x_wconf 63' lang='lat' dir='ltr'><strong>marcescit,</strong></span> <span class='ocrx_word' id='word_1_171' title='bbox 1456 2419 1583 2474; x_wconf 92' lang='lat' dir='ltr'><strong>illud</strong></span> <span class='ocrx_word' id='word_1_172' title='bbox 1607 2434 1734 2473; x_wconf 92' lang='lat' dir='ltr'><strong>vero</strong></span> <span class='ocrx_word' id='word_1_173' title='bbox 1755 2415 2063 2471; x_wconf 88' lang='lat' dir='ltr'><strong>dissolvitur</strong></span> <span class='ocrx_word' id='word_1_174' title='bbox 2088 2431 2101 2466; x_wconf 94' lang='lat'><strong>:</strong></span> 
     </span>
    </p>
   </div>
   <div class='ocr_carea' id='block_1_23' title="bbox 510 2503 2108 2589">
    <p class='ocr_par' dir='ltr' id='par_1_23' title="bbox 510 2503 2108 2589">
     <span class='ocr_line' id='line_1_23' title="bbox 510 2503 2108 2589; baseline -0.011 -16"><span class='ocrx_word' id='word_1_175' title='bbox 510 2523 620 2576; x_wconf 88' lang='lat' dir='ltr'><strong>sive</strong></span> <span class='ocrx_word' id='word_1_176' title='bbox 645 2523 696 2575; x_wconf 91' lang='lat' dir='ltr'><strong>in</strong></span> <span class='ocrx_word' id='word_1_177' title='bbox 724 2521 900 2589; x_wconf 83' lang='lat' dir='ltr'><strong>ignem</strong></span> <span class='ocrx_word' id='word_1_178' title='bbox 925 2516 1204 2579; x_wconf 84' lang='lat' dir='ltr'><strong>ceciderit,</strong></span> <span class='ocrx_word' id='word_1_179' title='bbox 1230 2513 1332 2566; x_wconf 89' lang='lat' dir='ltr'><strong>huc</strong></span> <span class='ocrx_word' id='word_1_180' title='bbox 1361 2511 1576 2580; x_wconf 89' lang='lat' dir='ltr'><strong>quidem</strong></span> <span class='ocrx_word' id='word_1_181' title='bbox 1607 2503 1980 2576; x_wconf 90' lang='lat' dir='ltr'><strong>frigitur,illud</strong></span> <span class='ocrx_word' id='word_1_182' title='bbox 2013 2517 2108 2556; x_wconf 86' lang='lat' dir='ltr'><strong>au-</strong></span> 
     </span>
    </p>
   </div>
   <div class='ocr_carea' id='block_1_24' title="bbox 514 2594 2107 2671">
    <p class='ocr_par' dir='ltr' id='par_1_24' title="bbox 514 2594 2107 2671">
     <span class='ocr_line' id='line_1_24' title="bbox 514 2594 2107 2671; baseline -0.012 -4"><span class='ocrx_word' id='word_1_183' title='bbox 514 2626 618 2667; x_wconf 88' lang='lat' dir='ltr'><strong>tem</strong></span> <span class='ocrx_word' id='word_1_184' title='bbox 646 2612 974 2667; x_wconf 85' lang='lat' dir='ltr'><strong>comburitur</strong></span> <span class='ocrx_word' id='word_1_185' title='bbox 1001 2627 1014 2662; x_wconf 89' lang='lat'><strong>:</strong></span> <span class='ocrx_word' id='word_1_186' title='bbox 1044 2609 1123 2662; x_wconf 89' lang='lat' dir='ltr'><strong>sic</strong></span> <span class='ocrx_word' id='word_1_187' title='bbox 1161 2615 1307 2660; x_wconf 90' lang='lat' dir='ltr'><strong>certe</strong></span> <span class='ocrx_word' id='word_1_188' title='bbox 1336 2613 1391 2658; x_wconf 93' lang='lat' dir='ltr'><strong>et</strong></span> <span class='ocrx_word' id='word_1_189' title='bbox 1414 2602 1592 2671; x_wconf 86' lang='lat' dir='ltr'><strong>justus</strong></span> <span class='ocrx_word' id='word_1_190' title='bbox 1618 2607 1671 2653; x_wconf 88' lang='lat' dir='ltr'><strong>et</strong></span> <span class='ocrx_word' id='word_1_191' title='bbox 1697 2605 1950 2667; x_wconf 88' lang='lat' dir='ltr'><strong>peccator</strong></span> <span class='ocrx_word' id='word_1_192' title='bbox 1979 2611 1992 2648; x_wconf 94' lang='lat'><strong>:</strong></span> <span class='ocrx_word' id='word_1_193' title='bbox 2020 2594 2107 2648; x_wconf 90' lang='lat' dir='ltr'><strong>ille</strong></span> 
     </span>
    </p>
   </div>
   <div class='ocr_carea' id='block_1_25' title="bbox 511 2685 2104 2775">
    <p class='ocr_par' dir='ltr' id='par_1_25' title="bbox 511 2685 2104 2775">
     <span class='ocr_line' id='line_1_25' title="bbox 511 2685 2104 2775; baseline -0.013 -18"><span class='ocrx_word' id='word_1_194' title='bbox 511 2705 723 2775; x_wconf 77' lang='lat' dir='ltr'><strong>quidem</strong></span> <span class='ocrx_word' id='word_1_195' title='bbox 770 2703 882 2756; x_wconf 89' lang='lat' dir='ltr'><strong>sive</strong></span> <span class='ocrx_word' id='word_1_196' title='bbox 929 2699 1246 2754; x_wconf 84' lang='lat' dir='ltr'><strong>remissione</strong></span> <span class='ocrx_word' id='word_1_197' title='bbox 1287 2696 1514 2754; x_wconf 79' lang='lat' dir='ltr'><strong>fruatur,</strong></span> <span class='ocrx_word' id='word_1_198' title='bbox 1557 2698 1739 2743; x_wconf 90' lang='lat' dir='ltr'><strong>manet</strong></span> <span class='ocrx_word' id='word_1_199' title='bbox 1763 2685 2104 2753; x_wconf 88' lang='lat' dir='ltr'><strong>splendidus,</strong></span> 
     </span>
    </p>
   </div>
   <div class='ocr_carea' id='block_1_26' title="bbox 513 2777 2106 2860">
    <p class='ocr_par' dir='ltr' id='par_1_26' title="bbox 513 2777 2106 2860">
     <span class='ocr_line' id='line_1_26' title="bbox 513 2777 2106 2860; baseline -0.012 -11"><span class='ocrx_word' id='word_1_200' title='bbox 513 2797 649 2850; x_wconf 81' lang='lat' dir='ltr'><strong>sicut</strong></span> <span class='ocrx_word' id='word_1_201' title='bbox 697 2809 884 2848; x_wconf 87' lang='lat' dir='ltr'><strong>aurum</strong></span> <span class='ocrx_word' id='word_1_202' title='bbox 924 2806 1077 2860; x_wconf 76' lang='lat' dir='ltr'><strong>aqua:</strong></span> <span class='ocrx_word' id='word_1_203' title='bbox 1121 2789 1434 2842; x_wconf 77' lang='lat' dir='ltr'><strong>immersam</strong></span> <span class='ocrx_word' id='word_1_204' title='bbox 1463 2801 1475 2834; x_wconf 93' lang='lat'><strong>:</strong></span> <span class='ocrx_word' id='word_1_205' title='bbox 1506 2781 1620 2835; x_wconf 84' lang='lat' dir='ltr'><strong>sive</strong></span> <span class='ocrx_word' id='word_1_206' title='bbox 1663 2780 1713 2832; x_wconf 91' lang='lat' dir='ltr'><strong>iu</strong></span> <span class='ocrx_word' id='word_1_207' title='bbox 1759 2777 2106 2833; x_wconf 89' lang='lat' dir='ltr'><strong>tentationem</strong></span> 
     </span>
    </p>
   </div>
   <div class='ocr_carea' id='block_1_27' title="bbox 511 2871 2105 2954">
    <p class='ocr_par' dir='ltr' id='par_1_27' title="bbox 511 2871 2105 2954">
     <span class='ocr_line' id='line_1_27' title="bbox 511 2871 2105 2954; baseline -0.011 -13"><span class='ocrx_word' id='word_1_208' title='bbox 511 2886 783 2950; x_wconf 79' lang='lat' dir='ltr'><strong>ceciderit,</strong></span> <span class='ocrx_word' id='word_1_209' title='bbox 813 2880 1143 2954; x_wconf 86' lang='lat' dir='ltr'><strong>splendidior</strong></span> <span class='ocrx_word' id='word_1_210' title='bbox 1171 2877 1262 2942; x_wconf 91' lang='lat' dir='ltr'><strong>ﬁt,</strong></span> <span class='ocrx_word' id='word_1_211' title='bbox 1296 2877 1436 2930; x_wconf 92' lang='lat' dir='ltr'><strong>sicut</strong></span> <span class='ocrx_word' id='word_1_212' title='bbox 1465 2888 1654 2928; x_wconf 91' lang='lat' dir='ltr'><strong>aurum</strong></span> <span class='ocrx_word' id='word_1_213' title='bbox 1684 2873 1805 2942; x_wconf 89' lang='lat' dir='ltr'><strong>igne</strong></span> <span class='ocrx_word' id='word_1_214' title='bbox 1828 2871 2105 2926; x_wconf 83' lang='lat' dir='ltr'><strong>examina-</strong></span> 
     </span>
    </p>
   </div>
   <div class='ocr_carea' id='block_1_28' title="bbox 513 2963 2101 3045">
    <p class='ocr_par' dir='ltr' id='par_1_28' title="bbox 513 2963 2101 3045">
     <span class='ocr_line' id='line_1_28' title="bbox 513 2963 2101 3045; baseline -0.009 -14"><span class='ocrx_word' id='word_1_215' title='bbox 513 2989 655 3038; x_wconf 86' lang='lat' dir='ltr'><strong>tum;</strong></span> <span class='ocrx_word' id='word_1_216' title='bbox 705 2986 952 3045; x_wconf 85' lang='lat' dir='ltr'><strong>peccator</strong></span> <span class='ocrx_word' id='word_1_217' title='bbox 990 2986 1120 3026; x_wconf 86' lang='lat' dir='ltr'><strong>vero</strong></span> <span class='ocrx_word' id='word_1_218' title='bbox 1165 2970 1279 3024; x_wconf 88' lang='lat' dir='ltr'><strong>sive</strong></span> <span class='ocrx_word' id='word_1_219' title='bbox 1322 2968 1694 3022; x_wconf 88' lang='lat' dir='ltr'><strong>remissionem</strong></span> <span class='ocrx_word' id='word_1_220' title='bbox 1738 2963 2101 3028; x_wconf 88' lang='lat' dir='ltr'><strong>nanciscatur,</strong></span> 
     </span>
    </p>
   </div>
   <div class='ocr_carea' id='block_1_29' title="bbox 517 3057 2108 3126">
    <p class='ocr_par' dir='ltr' id='par_1_29' title="bbox 517 3057 2108 3126">
     <span class='ocr_line' id='line_1_29' title="bbox 517 3057 2108 3126; baseline -0.009 -1"><span class='ocrx_word' id='word_1_221' title='bbox 517 3071 816 3126; x_wconf 82' lang='lat' dir='ltr'><strong>dissolvitur</strong></span> <span class='ocrx_word' id='word_1_222' title='bbox 840 3078 893 3121; x_wconf 91' lang='lat' dir='ltr'><strong>et</strong></span> <span class='ocrx_word' id='word_1_223' title='bbox 918 3062 1220 3126; x_wconf 89' lang='lat' dir='ltr'><strong>marcescit,</strong></span> <span class='ocrx_word' id='word_1_224' title='bbox 1261 3062 1399 3115; x_wconf 91' lang='lat' dir='ltr'><strong>sicut</strong></span> <span class='ocrx_word' id='word_1_225' title='bbox 1425 3059 1622 3114; x_wconf 77' lang='lat' dir='ltr'><strong>fautum</strong></span> <span class='ocrx_word' id='word_1_226' title='bbox 1661 3066 1716 3112; x_wconf 90' lang='lat' dir='ltr'><strong>et</strong></span> <span class='ocrx_word' id='word_1_227' title='bbox 1758 3057 1925 3111; x_wconf 91' lang='lat' dir='ltr'><strong>lutum</strong></span> <span class='ocrx_word' id='word_1_228' title='bbox 1954 3068 2108 3124; x_wconf 62' lang='lat' dir='ltr'><strong>aqua:</strong></span> 
     </span>
    </p>
   </div>
   <div class='ocr_carea' id='block_1_30' title="bbox 517 3146 2104 3218">
    <p class='ocr_par' dir='ltr' id='par_1_30' title="bbox 517 3146 2104 3218">
     <span class='ocr_line' id='line_1_30' title="bbox 517 3146 2104 3218; baseline -0.012 0"><span class='ocrx_word' id='word_1_229' title='bbox 517 3167 845 3218; x_wconf 84' lang='lat' dir='ltr'><strong>itntnoraus:</strong></span> <span class='ocrx_word' id='word_1_230' title='bbox 879 3161 991 3214; x_wconf 86' lang='lat' dir='ltr'><strong>sive</strong></span> <span class='ocrx_word' id='word_1_231' title='bbox 1023 3155 1367 3211; x_wconf 89' lang='lat' dir='ltr'><strong>tentationem</strong></span> <span class='ocrx_word' id='word_1_232' title='bbox 1408 3151 1706 3215; x_wconf 89' lang='lat' dir='ltr'><strong>sustineat,</strong></span> <span class='ocrx_word' id='word_1_233' title='bbox 1748 3146 2104 3212; x_wconf 90' lang='lat' dir='ltr'><strong>comburitur,</strong></span> 
     </span>
    </p>
   </div>
   <div class='ocr_carea' id='block_1_31' title="bbox 513 3241 1777 3324">
    <p class='ocr_par' dir='ltr' id='par_1_31' title="bbox 513 3241 1777 3324">
     <span class='ocr_line' id='line_1_31' title="bbox 513 3241 1777 3324; baseline -0.014 -13"><span class='ocrx_word' id='word_1_234' title='bbox 513 3267 567 3311; x_wconf 90' lang='lat' dir='ltr'><strong>et</strong></span> <span class='ocrx_word' id='word_1_235' title='bbox 593 3255 844 3324; x_wconf 89' lang='lat' dir='ltr'><strong>perditur,</strong></span> <span class='ocrx_word' id='word_1_236' title='bbox 873 3252 1011 3305; x_wconf 88' lang='lat' dir='ltr'><strong>sicut</strong></span> <span class='ocrx_word' id='word_1_237' title='bbox 1039 3250 1205 3303; x_wconf 91' lang='lat' dir='ltr'><strong>lutum</strong></span> <span class='ocrx_word' id='word_1_238' title='bbox 1236 3255 1290 3300; x_wconf 94' lang='lat' dir='ltr'><strong>et</strong></span> <span class='ocrx_word' id='word_1_239' title='bbox 1314 3244 1512 3299; x_wconf 68' lang='lat' dir='ltr'><strong>foenum</strong></span> <span class='ocrx_word' id='word_1_240' title='bbox 1543 3241 1611 3295; x_wconf 86' lang='lat' dir='ltr'><strong>ab</strong></span> <span class='ocrx_word' id='word_1_241' title='bbox 1637 3241 1777 3310; x_wconf 90' lang='lat' dir='ltr'><strong>igne.</strong></span> 
     </span>
    </p>
   </div>
   <div class='ocr_carea' id='block_1_32' title="bbox 581 3329 2109 3409">
    <p class='ocr_par' dir='ltr' id='par_1_32' title="bbox 581 3329 2109 3409">
     <span class='ocr_line' id='line_1_32' title="bbox 581 3329 2109 3409; baseline -0.01 -12"><span class='ocrx_word' id='word_1_242' title='bbox 581 3345 640 3398; x_wconf 78' lang='lat'><strong>9..</strong></span> <span class='ocrx_word' id='word_1_243' title='bbox 675 3342 1047 3397; x_wconf 65' lang='lat' dir='ltr'><strong>zEnmtnurum</strong></span> <span class='ocrx_word' id='word_1_244' title='bbox 1081 3344 1296 3409; x_wconf 76' lang='lat' dir='ltr'><strong>fructus.</strong></span> <span class='ocrx_word' id='word_1_245' title='bbox 1323 3364 1395 3375; x_wconf 94' lang='lat'><strong><em>—</em></strong></span> <span class='ocrx_word' id='word_1_246' title='bbox 1423 3332 1541 3387; x_wconf 89' lang='lat' dir='ltr'><strong>Non</strong></span> <span class='ocrx_word' id='word_1_247' title='bbox 1573 3332 1734 3402; x_wconf 83' lang='lat' dir='ltr'><strong>igitur</strong></span> <span class='ocrx_word' id='word_1_248' title='bbox 1760 3329 2109 3385; x_wconf 87' lang='lat' dir='ltr'><strong>conﬁciamur</strong></span> 
     </span>
    </p>
   </div>
   <div class='ocr_carea' id='block_1_33' title="bbox 513 3419 2109 3505">
    <p class='ocr_par' dir='ltr' id='par_1_33' title="bbox 513 3419 2109 3505">
     <span class='ocr_line' id='line_1_33' title="bbox 513 3419 2109 3505; baseline -0.012 -15"><span class='ocrx_word' id='word_1_249' title='bbox 513 3434 866 3505; x_wconf 68' lang='lat' dir='ltr'><strong>praesentibus</strong></span> <span class='ocrx_word' id='word_1_250' title='bbox 905 3431 1055 3486; x_wconf 87' lang='lat' dir='ltr'><strong>malis</strong></span> <span class='ocrx_word' id='word_1_251' title='bbox 1095 3448 1111 3483; x_wconf 90' lang='lat'><strong>:</strong></span> <span class='ocrx_word' id='word_1_252' title='bbox 1158 3428 1202 3481; x_wconf 89' lang='lat' dir='ltr'><strong>si</strong></span> <span class='ocrx_word' id='word_1_253' title='bbox 1241 3426 1381 3480; x_wconf 89' lang='lat' dir='ltr'><strong>enim</strong></span> <span class='ocrx_word' id='word_1_254' title='bbox 1417 3425 1467 3478; x_wconf 92' lang='lat' dir='ltr'><strong>in</strong></span> <span class='ocrx_word' id='word_1_255' title='bbox 1508 3422 1746 3494; x_wconf 89' lang='lat' dir='ltr'><strong>peccatis</strong></span> <span class='ocrx_word' id='word_1_256' title='bbox 1773 3421 1879 3485; x_wconf 87' lang='lat' dir='ltr'><strong>sis,</strong></span> <span class='ocrx_word' id='word_1_257' title='bbox 1907 3435 1968 3474; x_wconf 91' lang='lat' dir='ltr'><strong>ea</strong></span> <span class='ocrx_word' id='word_1_258' title='bbox 2016 3419 2109 3472; x_wconf 84' lang='lat' dir='ltr'><strong>de-</strong></span> 
     </span>
    </p>
   </div>
   <div class='ocr_carea' id='block_1_34' title="bbox 514 3510 2106 3582">
    <p class='ocr_par' dir='ltr' id='par_1_34' title="bbox 514 3510 2106 3582">
     <span class='ocr_line' id='line_1_34' title="bbox 514 3510 2106 3582; baseline -0.011 -1"><span class='ocrx_word' id='word_1_259' title='bbox 514 3533 788 3581; x_wconf 84' lang='lat' dir='ltr'><strong>struuutur</strong></span> <span class='ocrx_word' id='word_1_260' title='bbox 810 3533 865 3576; x_wconf 92' lang='lat' dir='ltr'><strong>et</strong></span> <span class='ocrx_word' id='word_1_261' title='bbox 887 3520 1270 3575; x_wconf 92' lang='lat' dir='ltr'><strong>comburuntur</strong></span> <span class='ocrx_word' id='word_1_262' title='bbox 1295 3515 1449 3569; x_wconf 79' lang='lat' dir='ltr'><strong>facile</strong></span> <span class='ocrx_word' id='word_1_263' title='bbox 1475 3529 1571 3582; x_wconf 90' lang='lat' dir='ltr'><strong>per</strong></span> <span class='ocrx_word' id='word_1_264' title='bbox 1602 3511 2000 3567; x_wconf 89' lang='lat' dir='ltr'><strong>tribulationem</strong></span> <span class='ocrx_word' id='word_1_265' title='bbox 2031 3510 2106 3564; x_wconf 91' lang='lat' dir='ltr'><strong>:si</strong></span> 
     </span>
    </p>
   </div>
   <div class='ocr_carea' id='block_1_35' title="bbox 514 3602 2111 3679">
    <p class='ocr_par' dir='ltr' id='par_1_35' title="bbox 514 3602 2111 3679">
     <span class='ocr_line' id='line_1_35' title="bbox 514 3602 2111 3679; baseline -0.008 -9"><span class='ocrx_word' id='word_1_266' title='bbox 514 3632 646 3672; x_wconf 64' lang='lat' dir='ltr'><strong>vero</strong></span> <span class='ocrx_word' id='word_1_267' title='bbox 684 3616 878 3668; x_wconf 89' lang='lat' dir='ltr'><strong>virtute</strong></span> <span class='ocrx_word' id='word_1_268' title='bbox 924 3613 997 3666; x_wconf 92' lang='lat' dir='ltr'><strong>sis</strong></span> <span class='ocrx_word' id='word_1_269' title='bbox 1038 3608 1322 3679; x_wconf 65' lang='lat' dir='ltr'><strong>praeditus,</strong></span> <span class='ocrx_word' id='word_1_270' title='bbox 1369 3605 1655 3660; x_wconf 90' lang='lat' dir='ltr'><strong>illustraris</strong></span> <span class='ocrx_word' id='word_1_271' title='bbox 1685 3614 1739 3658; x_wconf 89' lang='lat' dir='ltr'><strong>et</strong></span> <span class='ocrx_word' id='word_1_272' title='bbox 1780 3602 2111 3673; x_wconf 90' lang='lat' dir='ltr'><strong>splendescis</strong></span> 
     </span>
    </p>
   </div>
   <div class='ocr_carea' id='block_1_36' title="bbox 518 3694 2111 3780">
    <p class='ocr_par' dir='ltr' id='par_1_36' title="bbox 518 3694 2111 3780">
     <span class='ocr_line' id='line_1_36' title="bbox 518 3694 2111 3780; baseline -0.011 -18"><span class='ocrx_word' id='word_1_273' title='bbox 518 3726 613 3780; x_wconf 79' lang='lat' dir='ltr'><strong>per</strong></span> <span class='ocrx_word' id='word_1_274' title='bbox 658 3708 823 3776; x_wconf 90' lang='lat' dir='ltr'><strong>ipsam</strong></span> <span class='ocrx_word' id='word_1_275' title='bbox 868 3721 880 3756; x_wconf 94' lang='lat'><strong>:</strong></span> <span class='ocrx_word' id='word_1_276' title='bbox 924 3704 968 3756; x_wconf 89' lang='lat' dir='ltr'><strong>si</strong></span> <span class='ocrx_word' id='word_1_277' title='bbox 1013 3700 1266 3756; x_wconf 91' lang='lat' dir='ltr'><strong>continue</strong></span> <span class='ocrx_word' id='word_1_278' title='bbox 1293 3698 1478 3768; x_wconf 84' lang='lat' dir='ltr'><strong>vigiles</strong></span> <span class='ocrx_word' id='word_1_279' title='bbox 1512 3706 1568 3751; x_wconf 91' lang='lat' dir='ltr'><strong>et</strong></span> <span class='ocrx_word' id='word_1_280' title='bbox 1606 3695 1818 3749; x_wconf 89' lang='lat' dir='ltr'><strong>sobrius</strong></span> <span class='ocrx_word' id='word_1_281' title='bbox 1860 3697 1956 3758; x_wconf 88' lang='lat' dir='ltr'><strong>sis,</strong></span> <span class='ocrx_word' id='word_1_282' title='bbox 2001 3694 2111 3747; x_wconf 92' lang='lat' dir='ltr'><strong>eris</strong></span> 
     </span>
    </p>
   </div>
   <div class='ocr_carea' id='block_1_37' title="bbox 515 3788 2108 3863">
    <p class='ocr_par' dir='ltr' id='par_1_37' title="bbox 515 3788 2108 3863">
     <span class='ocr_line' id='line_1_37' title="bbox 515 3788 2108 3863; baseline -0.011 -9"><span class='ocrx_word' id='word_1_283' title='bbox 515 3802 660 3855; x_wconf 85' lang='lat' dir='ltr'><strong>omni</strong></span> <span class='ocrx_word' id='word_1_284' title='bbox 689 3799 884 3853; x_wconf 89' lang='lat' dir='ltr'><strong>damno</strong></span> <span class='ocrx_word' id='word_1_285' title='bbox 911 3795 1174 3863; x_wconf 88' lang='lat' dir='ltr'><strong>superior.</strong></span> <span class='ocrx_word' id='word_1_286' title='bbox 1205 3791 1320 3846; x_wconf 88' lang='lat' dir='ltr'><strong>Non</strong></span> <span class='ocrx_word' id='word_1_287' title='bbox 1346 3791 1487 3845; x_wconf 89' lang='lat' dir='ltr'><strong>enim</strong></span> <span class='ocrx_word' id='word_1_288' title='bbox 1521 3788 1870 3847; x_wconf 88' lang='lat' dir='ltr'><strong>tentationum</strong></span> <span class='ocrx_word' id='word_1_289' title='bbox 1897 3793 2108 3849; x_wconf 88' lang='lat' dir='ltr'><strong>natura,</strong></span> 
     </span>
    </p>
   </div>
   <div class='ocr_carea' id='block_1_38' title="bbox 517 3877 2114 3954">
    <p class='ocr_par' dir='ltr' id='par_1_38' title="bbox 517 3877 2114 3954">
     <span class='ocr_line' id='line_1_38' title="bbox 517 3877 2114 3954; baseline -0.009 -9"><span class='ocrx_word' id='word_1_290' title='bbox 517 3892 607 3945; x_wconf 88' lang='lat' dir='ltr'><strong>sed</strong></span> <span class='ocrx_word' id='word_1_291' title='bbox 634 3897 955 3944; x_wconf 89' lang='lat' dir='ltr'><strong>tentatorum</strong></span> <span class='ocrx_word' id='word_1_292' title='bbox 1000 3885 1251 3954; x_wconf 76' lang='lat' dir='ltr'><strong>segnities</strong></span> <span class='ocrx_word' id='word_1_293' title='bbox 1275 3882 1460 3935; x_wconf 90' lang='lat' dir='ltr'><strong>ruinas</strong></span> <span class='ocrx_word' id='word_1_294' title='bbox 1484 3879 1702 3934; x_wconf 90' lang='lat' dir='ltr'><strong>efﬁcere</strong></span> <span class='ocrx_word' id='word_1_295' title='bbox 1728 3878 1883 3932; x_wconf 91' lang='lat' dir='ltr'><strong>solet.</strong></span> <span class='ocrx_word' id='word_1_296' title='bbox 1933 3877 2114 3944; x_wconf 88' lang='lat' dir='ltr'><strong>Itaque</strong></span> 
     </span>
    </p>
   </div>
   <div class='ocr_carea' id='block_1_39' title="bbox 517 3968 2106 4049">
    <p class='ocr_par' dir='ltr' id='par_1_39' title="bbox 517 3968 2106 4049">
     <span class='ocr_line' id='line_1_39' title="bbox 517 3968 2106 4049; baseline -0.011 -13"><span class='ocrx_word' id='word_1_297' title='bbox 517 3982 563 4036; x_wconf 91' lang='lat' dir='ltr'><strong>si</strong></span> <span class='ocrx_word' id='word_1_298' title='bbox 613 3981 690 4034; x_wconf 80' lang='lat' dir='ltr'><strong>vis</strong></span> <span class='ocrx_word' id='word_1_299' title='bbox 734 3978 986 4049; x_wconf 88' lang='lat' dir='ltr'><strong>gaudere,</strong></span> <span class='ocrx_word' id='word_1_300' title='bbox 1035 3985 1089 4029; x_wconf 90' lang='lat' dir='ltr'><strong>et</strong></span> <span class='ocrx_word' id='word_1_301' title='bbox 1128 3973 1443 4028; x_wconf 88' lang='lat' dir='ltr'><strong>remissione</strong></span> <span class='ocrx_word' id='word_1_302' title='bbox 1481 3979 1536 4026; x_wconf 90' lang='lat' dir='ltr'><strong>et</strong></span> <span class='ocrx_word' id='word_1_303' title='bbox 1581 3970 1854 4040; x_wconf 90' lang='lat' dir='ltr'><strong>voluptate</strong></span> <span class='ocrx_word' id='word_1_304' title='bbox 1910 3968 2106 4037; x_wconf 86' lang='lat' dir='ltr'><strong>potiri,</strong></span> 
     </span>
    </p>
   </div>
   <div class='ocr_carea' id='block_1_40' title="bbox 519 4055 2114 4142">
    <p class='ocr_par' dir='ltr' id='par_1_40' title="bbox 519 4055 2114 4142">
     <span class='ocr_line' id='line_1_40' title="bbox 519 4055 2114 4142; baseline -0.011 -14"><span class='ocrx_word' id='word_1_305' title='bbox 519 4087 691 4142; x_wconf 90' lang='lat' dir='ltr'><strong>neque</strong></span> <span class='ocrx_word' id='word_1_306' title='bbox 719 4069 1065 4138; x_wconf 87' lang='lat' dir='ltr'><strong>voluptatem,</strong></span> <span class='ocrx_word' id='word_1_307' title='bbox 1113 4079 1287 4134; x_wconf 87' lang='lat' dir='ltr'><strong>neque</strong></span> <span class='ocrx_word' id='word_1_308' title='bbox 1325 4061 1695 4118; x_wconf 81' lang='lat' dir='ltr'><strong>remissionem</strong></span> <span class='ocrx_word' id='word_1_309' title='bbox 1735 4073 1974 4129; x_wconf 84' lang='lat' dir='ltr'><strong>qua-ras;</strong></span> <span class='ocrx_word' id='word_1_310' title='bbox 2018 4055 2114 4112; x_wconf 92' lang='lat' dir='ltr'><strong>sed</strong></span> 
     </span>
    </p>
   </div>
   <div class='ocr_carea' id='block_1_41' title="bbox 520 4151 2110 4231">
    <p class='ocr_par' dir='ltr' id='par_1_41' title="bbox 520 4151 2110 4231">
     <span class='ocr_line' id='line_1_41' title="bbox 520 4151 2110 4231; baseline -0.01 -13"><span class='ocrx_word' id='word_1_311' title='bbox 520 4165 748 4219; x_wconf 89' lang='lat' dir='ltr'><strong>animam</strong></span> <span class='ocrx_word' id='word_1_312' title='bbox 778 4159 1026 4231; x_wconf 81' lang='lat' dir='ltr'><strong>patientia</strong></span> <span class='ocrx_word' id='word_1_313' title='bbox 1059 4159 1267 4227; x_wconf 88' lang='lat' dir='ltr'><strong>plenam</strong></span> <span class='ocrx_word' id='word_1_314' title='bbox 1298 4169 1500 4225; x_wconf 72' lang='lat' dir='ltr'><strong>qurere,</strong></span> <span class='ocrx_word' id='word_1_315' title='bbox 1544 4162 1598 4207; x_wconf 90' lang='lat' dir='ltr'><strong>et</strong></span> <span class='ocrx_word' id='word_1_316' title='bbox 1637 4151 1972 4206; x_wconf 87' lang='lat' dir='ltr'><strong>tolerantiam</strong></span> <span class='ocrx_word' id='word_1_317' title='bbox 2013 4165 2110 4204; x_wconf 86' lang='lat' dir='ltr'><strong>ex-</strong></span> 
     </span>
    </p>
   </div>
   <div class='ocr_carea' id='block_1_42' title="bbox 521 4243 2111 4317">
    <p class='ocr_par' dir='ltr' id='par_1_42' title="bbox 521 4243 2111 4317">
     <span class='ocr_line' id='line_1_42' title="bbox 521 4243 2111 4317; baseline -0.012 -7"><span class='ocrx_word' id='word_1_318' title='bbox 521 4257 706 4310; x_wconf 87' lang='lat' dir='ltr'><strong>hibere</strong></span> <span class='ocrx_word' id='word_1_319' title='bbox 732 4254 995 4307; x_wconf 89' lang='lat' dir='ltr'><strong>valentem</strong></span> <span class='ocrx_word' id='word_1_320' title='bbox 1026 4267 1039 4302; x_wconf 88' lang='lat'><strong>:</strong></span> <span class='ocrx_word' id='word_1_321' title='bbox 1072 4247 1211 4317; x_wconf 93' lang='lat' dir='ltr'><strong>quod</strong></span> <span class='ocrx_word' id='word_1_322' title='bbox 1246 4247 1288 4299; x_wconf 92' lang='lat' dir='ltr'><strong>si</strong></span> <span class='ocrx_word' id='word_1_323' title='bbox 1320 4246 1421 4300; x_wconf 92' lang='lat' dir='ltr'><strong>hoc</strong></span> <span class='ocrx_word' id='word_1_324' title='bbox 1451 4261 1555 4298; x_wconf 94' lang='lat' dir='ltr'><strong>non</strong></span> <span class='ocrx_word' id='word_1_325' title='bbox 1586 4243 1806 4306; x_wconf 87' lang='lat' dir='ltr'><strong>habeas,</strong></span> <span class='ocrx_word' id='word_1_326' title='bbox 1854 4255 1960 4295; x_wconf 92' lang='lat' dir='ltr'><strong>non</strong></span> <span class='ocrx_word' id='word_1_327' title='bbox 1995 4250 2111 4293; x_wconf 84' lang='lat' dir='ltr'><strong>tan-</strong></span> 
     </span>
    </p>
   </div>
   <div class='ocr_carea' id='block_1_43' title="bbox 523 4331 2117 4408">
    <p class='ocr_par' dir='ltr' id='par_1_43' title="bbox 523 4331 2117 4408">
     <span class='ocr_line' id='line_1_43' title="bbox 523 4331 2117 4408; baseline -0.011 -7"><span class='ocrx_word' id='word_1_328' title='bbox 523 4358 630 4401; x_wconf 81' lang='lat' dir='ltr'><strong>tutu</strong></span> <span class='ocrx_word' id='word_1_329' title='bbox 662 4345 882 4400; x_wconf 86' lang='lat' dir='ltr'><strong>tentatio</strong></span> <span class='ocrx_word' id='word_1_330' title='bbox 910 4352 959 4395; x_wconf 89' lang='lat' dir='ltr'><strong>te</strong></span> <span class='ocrx_word' id='word_1_331' title='bbox 985 4338 1277 4408; x_wconf 83' lang='lat' dir='ltr'><strong>superabit,</strong></span> <span class='ocrx_word' id='word_1_332' title='bbox 1303 4336 1397 4390; x_wconf 88' lang='lat' dir='ltr'><strong>sed</strong></span> <span class='ocrx_word' id='word_1_333' title='bbox 1435 4347 1488 4390; x_wconf 91' lang='lat' dir='ltr'><strong>et</strong></span> <span class='ocrx_word' id='word_1_334' title='bbox 1526 4333 1768 4389; x_wconf 91' lang='lat' dir='ltr'><strong>remissio</strong></span> <span class='ocrx_word' id='word_1_335' title='bbox 1809 4331 2014 4401; x_wconf 91' lang='lat' dir='ltr'><strong>perdet,</strong></span> <span class='ocrx_word' id='word_1_336' title='bbox 2061 4339 2117 4384; x_wconf 86' lang='lat' dir='ltr'><strong>et</strong></span> 
     </span>
    </p>
   </div>
   <div class='ocr_carea' id='block_1_44' title="bbox 523 4423 2114 4505">
    <p class='ocr_par' dir='ltr' id='par_1_44' title="bbox 523 4423 2114 4505">
     <span class='ocr_line' id='line_1_44' title="bbox 523 4423 2114 4505; baseline -0.009 -15"><span class='ocrx_word' id='word_1_337' title='bbox 523 4437 688 4505; x_wconf 85' lang='lat' dir='ltr'><strong>magis</strong></span> <span class='ocrx_word' id='word_1_338' title='bbox 738 4434 972 4501; x_wconf 72' lang='lat' dir='ltr'><strong>dejiciet.</strong></span> <span class='ocrx_word' id='word_1_339' title='bbox 1035 4429 1185 4497; x_wconf 88' lang='lat' dir='ltr'><strong>Quod</strong></span> <span class='ocrx_word' id='word_1_340' title='bbox 1242 4430 1383 4482; x_wconf 86' lang='lat' dir='ltr'><strong>enim</strong></span> <span class='ocrx_word' id='word_1_341' title='bbox 1431 4443 1536 4480; x_wconf 90' lang='lat' dir='ltr'><strong>non</strong></span> <span class='ocrx_word' id='word_1_342' title='bbox 1587 4425 1823 4494; x_wconf 82' lang='lat' dir='ltr'><strong>gravium</strong></span> <span class='ocrx_word' id='word_1_343' title='bbox 1869 4423 2114 4477; x_wconf 89' lang='lat' dir='ltr'><strong>incursus</strong></span> 
     </span>
    </p>
   </div>
   <div class='ocr_carea' id='block_1_45' title="bbox 523 4517 2113 4592">
    <p class='ocr_par' dir='ltr' id='par_1_45' title="bbox 523 4517 2113 4592">
     <span class='ocr_line' id='line_1_45' title="bbox 523 4517 2113 4592; baseline -0.011 -8"><span class='ocrx_word' id='word_1_344' title='bbox 523 4543 763 4592; x_wconf 57' lang='lat' dir='ltr'><strong>casuum,</strong></span> <span class='ocrx_word' id='word_1_345' title='bbox 803 4525 896 4580; x_wconf 90' lang='lat' dir='ltr'><strong>sed</strong></span> <span class='ocrx_word' id='word_1_346' title='bbox 939 4523 1133 4576; x_wconf 84' lang='lat' dir='ltr'><strong>tuentis</strong></span> <span class='ocrx_word' id='word_1_347' title='bbox 1178 4531 1374 4573; x_wconf 68' lang='lat' dir='ltr'><strong>nostra:</strong></span> <span class='ocrx_word' id='word_1_348' title='bbox 1406 4527 1588 4587; x_wconf 86' lang='lat' dir='ltr'><strong>torpor</strong></span> <span class='ocrx_word' id='word_1_349' title='bbox 1616 4517 1838 4570; x_wconf 86' lang='lat' dir='ltr'><strong>salutem</strong></span> <span class='ocrx_word' id='word_1_350' title='bbox 1879 4523 2113 4568; x_wconf 82' lang='lat' dir='ltr'><strong>nostram</strong></span> 
     </span>
    </p>
   </div>
   <div class='ocr_carea' id='block_1_46' title="bbox 523 4607 2118 4685">
    <p class='ocr_par' dir='ltr' id='par_1_46' title="bbox 523 4607 2118 4685">
     <span class='ocr_line' id='line_1_46' title="bbox 523 4607 2118 4685; baseline -0.01 -11"><span class='ocrx_word' id='word_1_351' title='bbox 523 4623 815 4682; x_wconf 87' lang='lat' dir='ltr'><strong>subvertat,</strong></span> <span class='ocrx_word' id='word_1_352' title='bbox 843 4617 964 4671; x_wconf 88' lang='lat' dir='ltr'><strong>audi</strong></span> <span class='ocrx_word' id='word_1_353' title='bbox 997 4615 1120 4685; x_wconf 89' lang='lat' dir='ltr'><strong>quid</strong></span> <span class='ocrx_word' id='word_1_354' title='bbox 1153 4614 1289 4667; x_wconf 81' lang='lat' dir='ltr'><strong>dicat</strong></span> <span class='ocrx_word' id='word_1_355' title='bbox 1318 4611 1562 4666; x_wconf 87' lang='lat' dir='ltr'><strong>Christus</strong></span> <span class='ocrx_word' id='word_1_356' title='bbox 1606 4628 1618 4664; x_wconf 91' lang='lat'><strong>:</strong></span> <span class='ocrx_word' id='word_1_357' title='bbox 1646 4609 1954 4676; x_wconf 85' lang='lat' dir='ltr'><strong>Quicumque</strong></span> <span class='ocrx_word' id='word_1_358' title='bbox 1974 4607 2118 4659; x_wconf 89' lang='lat' dir='ltr'><strong>audit</strong></span> 
     </span>
    </p>
   </div>
   <div class='ocr_carea' id='block_1_47' title="bbox 527 4699 2115 4778">
    <p class='ocr_par' dir='ltr' id='par_1_47' title="bbox 527 4699 2115 4778">
     <span class='ocr_line' id='line_1_47' title="bbox 527 4699 2115 4778; baseline -0.009 -13"><span class='ocrx_word' id='word_1_359' title='bbox 527 4716 671 4764; x_wconf 68' lang='lat' dir='ltr'><strong>verba</strong></span> <span class='ocrx_word' id='word_1_360' title='bbox 702 4728 810 4764; x_wconf 84' lang='lat' dir='ltr'><strong>mea</strong></span> <span class='ocrx_word' id='word_1_361' title='bbox 840 4712 965 4768; x_wconf 77' lang='lat' dir='ltr'><strong>Ita’c,</strong></span> <span class='ocrx_word' id='word_1_362' title='bbox 1000 4719 1043 4760; x_wconf 83' lang='lat' dir='ltr'><strong>et</strong></span> <span class='ocrx_word' id='word_1_363' title='bbox 1073 4710 1193 4778; x_wconf 80' lang='lat' dir='ltr'><strong>facit</strong></span> <span class='ocrx_word' id='word_1_364' title='bbox 1215 4723 1293 4766; x_wconf 89' lang='lat' dir='ltr'><strong>ca,</strong></span> <span class='ocrx_word' id='word_1_365' title='bbox 1331 4703 1690 4757; x_wconf 76' lang='lat' dir='ltr'><strong>assimilubitur</strong></span> <span class='ocrx_word' id='word_1_366' title='bbox 1723 4702 1826 4753; x_wconf 70' lang='lat' dir='ltr'><strong>viro</strong></span> <span class='ocrx_word' id='word_1_367' title='bbox 1858 4699 2115 4769; x_wconf 82' lang='lat' dir='ltr'><strong>prudenti,</strong></span> 
     </span>
    </p>
   </div>
   <div class='ocr_carea' id='block_1_48' title="bbox 525 4789 2119 4874">
    <p class='ocr_par' dir='ltr' id='par_1_48' title="bbox 525 4789 2119 4874">
     <span class='ocr_line' id='line_1_48' title="bbox 525 4789 2119 4874; baseline -0.01 -17"><span class='ocrx_word' id='word_1_368' title='bbox 525 4807 607 4874; x_wconf 78' lang='lat' dir='ltr'><strong>qui</strong></span> <span class='ocrx_word' id='word_1_369' title='bbox 636 4801 902 4870; x_wconf 70' lang='lat' dir='ltr'><strong>a&#39;di/icavit</strong></span> <span class='ocrx_word' id='word_1_370' title='bbox 933 4800 1138 4850; x_wconf 85' lang='lat' dir='ltr'><strong>domum</strong></span> <span class='ocrx_word' id='word_1_371' title='bbox 1169 4813 1311 4848; x_wconf 87' lang='lat' dir='ltr'><strong>suam</strong></span> <span class='ocrx_word' id='word_1_372' title='bbox 1341 4812 1491 4864; x_wconf 81' lang='lat' dir='ltr'><strong>super</strong></span> <span class='ocrx_word' id='word_1_373' title='bbox 1519 4802 1734 4863; x_wconf 81' lang='lat' dir='ltr'><strong>petram,</strong></span> <span class='ocrx_word' id='word_1_374' title='bbox 1778 4801 1824 4844; x_wconf 87' lang='lat' dir='ltr'><strong>et</strong></span> <span class='ocrx_word' id='word_1_375' title='bbox 1867 4789 2119 4844; x_wconf 81' lang='lat' dir='ltr'><strong>descendit</strong></span> 
     </span>
    </p>
   </div>
   <div class='ocr_carea' id='block_1_49' title="bbox 528 4881 2120 4961">
    <p class='ocr_par' dir='ltr' id='par_1_49' title="bbox 528 4881 2120 4961">
     <span class='ocr_line' id='line_1_49' title="bbox 528 4881 2120 4961; baseline -0.009 -15"><span class='ocrx_word' id='word_1_376' title='bbox 528 4895 713 4961; x_wconf 76' lang='lat' dir='ltr'><strong>pluvia,</strong></span> <span class='ocrx_word' id='word_1_377' title='bbox 744 4900 787 4943; x_wconf 86' lang='lat' dir='ltr'><strong>et</strong></span> <span class='ocrx_word' id='word_1_378' title='bbox 824 4897 1060 4942; x_wconf 84' lang='lat' dir='ltr'><strong>venerunt</strong></span> <span class='ocrx_word' id='word_1_379' title='bbox 1090 4886 1325 4955; x_wconf 83' lang='lat' dir='ltr'><strong>ﬂumina,</strong></span> <span class='ocrx_word' id='word_1_380' title='bbox 1371 4897 1417 4938; x_wconf 91' lang='lat' dir='ltr'><strong>et</strong></span> <span class='ocrx_word' id='word_1_381' title='bbox 1460 4887 1709 4954; x_wconf 82' lang='lat' dir='ltr'><strong>[Iuverunt</strong></span> <span class='ocrx_word' id='word_1_382' title='bbox 1757 4882 1906 4942; x_wconf 84' lang='lat' dir='ltr'><strong>venti,</strong></span> <span class='ocrx_word' id='word_1_383' title='bbox 1969 4889 2013 4933; x_wconf 90' lang='lat' dir='ltr'><strong>et</strong></span> <span class='ocrx_word' id='word_1_384' title='bbox 2053 4881 2120 4932; x_wconf 88' lang='lat' dir='ltr'><strong>ir-</strong></span> 
     </span>
    </p>
   </div>
   <div class='ocr_carea' id='block_1_50' title="bbox 526 4971 2119 5045">
    <p class='ocr_par' dir='ltr' id='par_1_50' title="bbox 526 4971 2119 5045">
     <span class='ocr_line' id='line_1_50' title="bbox 526 4971 2119 5045; baseline -0.009 -8"><span class='ocrx_word' id='word_1_385' title='bbox 526 4992 731 5037; x_wconf 77' lang='lat' dir='ltr'><strong>ruerunt</strong></span> <span class='ocrx_word' id='word_1_386' title='bbox 770 4983 823 5034; x_wconf 89' lang='lat' dir='ltr'><strong>in</strong></span> <span class='ocrx_word' id='word_1_387' title='bbox 852 4981 1058 5033; x_wconf 85' lang='lat' dir='ltr'><strong>domum</strong></span> <span class='ocrx_word' id='word_1_388' title='bbox 1084 4979 1248 5040; x_wconf 82' lang='lat' dir='ltr'><strong>illam,</strong></span> <span class='ocrx_word' id='word_1_389' title='bbox 1289 4987 1334 5030; x_wconf 90' lang='lat' dir='ltr'><strong>et</strong></span> <span class='ocrx_word' id='word_1_390' title='bbox 1362 4995 1460 5029; x_wconf 86' lang='lat' dir='ltr'><strong>non</strong></span> <span class='ocrx_word' id='word_1_391' title='bbox 1488 4976 1667 5029; x_wconf 82' lang='lat' dir='ltr'><strong>cecidit</strong></span> <span class='ocrx_word' id='word_1_392' title='bbox 1699 4992 1717 5028; x_wconf 91' lang='lat'><strong>:</strong></span> <span class='ocrx_word' id='word_1_393' title='bbox 1747 4975 1960 5045; x_wconf 79' lang='lat' dir='ltr'><strong>fundata</strong></span> <span class='ocrx_word' id='word_1_394' title='bbox 1988 4971 2119 5024; x_wconf 86' lang='lat' dir='ltr'><strong>enim</strong></span> 
     </span>
    </p>
   </div>
   <div class='ocr_carea' id='block_1_51' title="bbox 528 5064 2120 5143">
    <p class='ocr_par' dir='ltr' id='par_1_51' title="bbox 528 5064 2120 5143">
     <span class='ocr_line' id='line_1_51' title="bbox 528 5064 2120 5143; baseline -0.01 -12"><span class='ocrx_word' id='word_1_395' title='bbox 528 5087 634 5131; x_wconf 80' lang='lat' dir='ltr'><strong>erat</strong></span> <span class='ocrx_word' id='word_1_396' title='bbox 658 5091 809 5142; x_wconf 86' lang='lat' dir='ltr'><strong>super</strong></span> <span class='ocrx_word' id='word_1_397' title='bbox 838 5082 1029 5143; x_wconf 88' lang='lat' dir='ltr'><strong>petram</strong></span> <span class='ocrx_word' id='word_1_398' title='bbox 1061 5086 1078 5123; x_wconf 93' lang='lat'><strong>:</strong></span> <span class='ocrx_word' id='word_1_399' title='bbox 1105 5077 1159 5122; x_wconf 91' lang='lat' dir='ltr'><strong>et</strong></span> <span class='ocrx_word' id='word_1_400' title='bbox 1199 5084 1407 5122; x_wconf 87' lang='lat' dir='ltr'><strong>rursum</strong></span> <span class='ocrx_word' id='word_1_401' title='bbox 1439 5085 1451 5120; x_wconf 95' lang='lat'><strong>:</strong></span> <span class='ocrx_word' id='word_1_402' title='bbox 1487 5067 1667 5122; x_wconf 82' lang='lat' dir='ltr'><strong>Omnis</strong></span> <span class='ocrx_word' id='word_1_403' title='bbox 1692 5067 1779 5135; x_wconf 84' lang='lat' dir='ltr'><strong>qui</strong></span> <span class='ocrx_word' id='word_1_404' title='bbox 1805 5067 1946 5118; x_wconf 86' lang='lat' dir='ltr'><strong>audit</strong></span> <span class='ocrx_word' id='word_1_405' title='bbox 1974 5064 2120 5117; x_wconf 83' lang='lat' dir='ltr'><strong>rerba</strong></span> 
     </span>
    </p>
   </div>
   <div class='ocr_carea' id='block_1_52' title="bbox 528 5156 2118 5233">
    <p class='ocr_par' dir='ltr' id='par_1_52' title="bbox 528 5156 2118 5233">
     <span class='ocr_line' id='line_1_52' title="bbox 528 5156 2118 5233; baseline -0.009 -10"><span class='ocrx_word' id='word_1_406' title='bbox 528 5187 639 5224; x_wconf 78' lang='lat' dir='ltr'><strong>mea</strong></span> <span class='ocrx_word' id='word_1_407' title='bbox 684 5172 810 5233; x_wconf 68' lang='lat' dir='ltr'><strong>hac,</strong></span> <span class='ocrx_word' id='word_1_408' title='bbox 857 5176 902 5220; x_wconf 84' lang='lat' dir='ltr'><strong>et</strong></span> <span class='ocrx_word' id='word_1_409' title='bbox 950 5182 1051 5218; x_wconf 90' lang='lat' dir='ltr'><strong>non</strong></span> <span class='ocrx_word' id='word_1_410' title='bbox 1087 5163 1205 5233; x_wconf 76' lang='lat' dir='ltr'><strong>facit</strong></span> <span class='ocrx_word' id='word_1_411' title='bbox 1233 5178 1310 5225; x_wconf 86' lang='lat' dir='ltr'><strong>ea,</strong></span> <span class='ocrx_word' id='word_1_412' title='bbox 1348 5159 1525 5212; x_wconf 76' lang='lat' dir='ltr'><strong>similis</strong></span> <span class='ocrx_word' id='word_1_413' title='bbox 1569 5161 1658 5212; x_wconf 86' lang='lat' dir='ltr'><strong>erit</strong></span> <span class='ocrx_word' id='word_1_414' title='bbox 1686 5161 1791 5212; x_wconf 86' lang='lat' dir='ltr'><strong>viro</strong></span> <span class='ocrx_word' id='word_1_415' title='bbox 1816 5158 1988 5220; x_wconf 82' lang='lat' dir='ltr'><strong>stulto,</strong></span> <span class='ocrx_word' id='word_1_416' title='bbox 2032 5156 2118 5224; x_wconf 83' lang='lat' dir='ltr'><strong>qui</strong></span> 
     </span>
    </p>
   </div>
   <div class='ocr_carea' id='block_1_53' title="bbox 528 5249 2124 5328">
    <p class='ocr_par' dir='ltr' id='par_1_53' title="bbox 528 5249 2124 5328">
     <span class='ocr_line' id='line_1_53' title="bbox 528 5249 2124 5328; baseline -0.007 -14"><span class='ocrx_word' id='word_1_417' title='bbox 528 5262 794 5328; x_wconf 67' lang='lat' dir='ltr'><strong>a’ai/icavil</strong></span> <span class='ocrx_word' id='word_1_418' title='bbox 843 5261 1048 5313; x_wconf 87' lang='lat' dir='ltr'><strong>domum</strong></span> <span class='ocrx_word' id='word_1_419' title='bbox 1092 5272 1236 5310; x_wconf 86' lang='lat' dir='ltr'><strong>suam</strong></span> <span class='ocrx_word' id='word_1_420' title='bbox 1287 5270 1438 5322; x_wconf 88' lang='lat' dir='ltr'><strong>super</strong></span> <span class='ocrx_word' id='word_1_421' title='bbox 1483 5269 1708 5316; x_wconf 86' lang='lat' dir='ltr'><strong>arenam,</strong></span> <span class='ocrx_word' id='word_1_422' title='bbox 1773 5261 1817 5305; x_wconf 80' lang='lat' dir='ltr'><strong>et</strong></span> <span class='ocrx_word' id='word_1_423' title='bbox 1869 5249 2124 5303; x_wconf 73' lang='lat' dir='ltr'><strong>descendit</strong></span> 
     </span>
    </p>
   </div>
   <div class='ocr_carea' id='block_1_54' title="bbox 529 5342 2123 5420">
    <p class='ocr_par' dir='ltr' id='par_1_54' title="bbox 529 5342 2123 5420">
     <span class='ocr_line' id='line_1_54' title="bbox 529 5342 2123 5420; baseline -0.007 -16"><span class='ocrx_word' id='word_1_424' title='bbox 529 5353 717 5420; x_wconf 79' lang='lat' dir='ltr'><strong>pluvia,</strong></span> <span class='ocrx_word' id='word_1_425' title='bbox 770 5361 816 5402; x_wconf 86' lang='lat' dir='ltr'><strong>et</strong></span> <span class='ocrx_word' id='word_1_426' title='bbox 860 5359 1094 5403; x_wconf 75' lang='lat' dir='ltr'><strong>venerunt</strong></span> <span class='ocrx_word' id='word_1_427' title='bbox 1135 5347 1436 5418; x_wconf 80' lang='lat' dir='ltr'><strong>ﬂumiua,et</strong></span> <span class='ocrx_word' id='word_1_428' title='bbox 1476 5345 1724 5412; x_wconf 75' lang='lat' dir='ltr'><strong>[laverunt</strong></span> <span class='ocrx_word' id='word_1_429' title='bbox 1784 5344 1930 5406; x_wconf 81' lang='lat' dir='ltr'><strong>renti,</strong></span> <span class='ocrx_word' id='word_1_430' title='bbox 1975 5351 2021 5395; x_wconf 84' lang='lat' dir='ltr'><strong>et</strong></span> <span class='ocrx_word' id='word_1_431' title='bbox 2050 5342 2123 5394; x_wconf 87' lang='lat' dir='ltr'><strong>ir-</strong></span> 
     </span>
    </p>
   </div>
   <div class='ocr_carea' id='block_1_55' title="bbox 531 5436 2124 5506">
    <p class='ocr_par' dir='ltr' id='par_1_55' title="bbox 531 5436 2124 5506">
     <span class='ocr_line' id='line_1_55' title="bbox 531 5436 2124 5506; baseline -0.006 -8"><span class='ocrx_word' id='word_1_432' title='bbox 531 5453 742 5499; x_wconf 85' lang='lat' dir='ltr'><strong>ruerunt</strong></span> <span class='ocrx_word' id='word_1_433' title='bbox 782 5443 836 5495; x_wconf 86' lang='lat' dir='ltr'><strong>in</strong></span> <span class='ocrx_word' id='word_1_434' title='bbox 876 5445 1078 5495; x_wconf 87' lang='lat' dir='ltr'><strong>domum</strong></span> <span class='ocrx_word' id='word_1_435' title='bbox 1108 5443 1269 5506; x_wconf 84' lang='lat' dir='ltr'><strong>illaut,</strong></span> <span class='ocrx_word' id='word_1_436' title='bbox 1322 5450 1367 5494; x_wconf 85' lang='lat' dir='ltr'><strong>et</strong></span> <span class='ocrx_word' id='word_1_437' title='bbox 1395 5438 1592 5500; x_wconf 81' lang='lat' dir='ltr'><strong>cecidit,</strong></span> <span class='ocrx_word' id='word_1_438' title='bbox 1642 5447 1689 5489; x_wconf 90' lang='lat' dir='ltr'><strong>et</strong></span> <span class='ocrx_word' id='word_1_439' title='bbox 1719 5436 1814 5503; x_wconf 77' lang='lat' dir='ltr'><strong>fuit</strong></span> <span class='ocrx_word' id='word_1_440' title='bbox 1841 5436 1990 5489; x_wconf 85' lang='lat' dir='ltr'><strong>ruina</strong></span> <span class='ocrx_word' id='word_1_441' title='bbox 2014 5436 2124 5505; x_wconf 77' lang='lat' dir='ltr'><strong>ejus</strong></span> 
     </span>
    </p>
   </div>
   <div class='ocr_carea' id='block_1_56' title="bbox 529 5528 2124 5608">
    <p class='ocr_par' dir='ltr' id='par_1_56' title="bbox 529 5528 2124 5608">
     <span class='ocr_line' id='line_1_56' title="bbox 529 5528 2124 5608; baseline -0.008 -16"><span class='ocrx_word' id='word_1_442' title='bbox 529 5551 715 5608; x_wconf 85' lang='lat' dir='ltr'><strong>magna</strong></span> <span class='ocrx_word' id='word_1_443' title='bbox 767 5533 982 5603; x_wconf 83' lang='lat' dir='ltr'><strong>(Matth.</strong></span> <span class='ocrx_word' id='word_1_444' title='bbox 1027 5535 1079 5587; x_wconf 89' lang='lat'><strong>7.</strong></span> <span class='ocrx_word' id='word_1_445' title='bbox 1123 5533 1336 5602; x_wconf 67' lang='lat' dir='ltr'><strong>2l-27).</strong></span> <span class='ocrx_word' id='word_1_446' title='bbox 1399 5529 1554 5585; x_wconf 75' lang='lat' dir='ltr'><strong>Vides</strong></span> <span class='ocrx_word' id='word_1_447' title='bbox 1608 5528 1750 5597; x_wconf 90' lang='lat' dir='ltr'><strong>quod</strong></span> <span class='ocrx_word' id='word_1_448' title='bbox 1795 5541 1899 5581; x_wconf 91' lang='lat' dir='ltr'><strong>non</strong></span> <span class='ocrx_word' id='word_1_449' title='bbox 1946 5535 2124 5580; x_wconf 89' lang='lat' dir='ltr'><strong>tenta-</strong></span> 
     </span>
    </p>
   </div>
   <div class='ocr_carea' id='block_1_57' title="bbox 533 5620 2122 5688">
    <p class='ocr_par' dir='ltr' id='par_1_57' title="bbox 533 5620 2122 5688">
     <span class='ocr_line' id='line_1_57' title="bbox 533 5620 2122 5688; baseline -0.007 -2"><span class='ocrx_word' id='word_1_450' title='bbox 533 5634 734 5686; x_wconf 87' lang='lat' dir='ltr'><strong>tionum</strong></span> <span class='ocrx_word' id='word_1_451' title='bbox 785 5628 1034 5688; x_wconf 89' lang='lat' dir='ltr'><strong>inllietus,</strong></span> <span class='ocrx_word' id='word_1_452' title='bbox 1087 5627 1181 5681; x_wconf 91' lang='lat' dir='ltr'><strong>sed</strong></span> <span class='ocrx_word' id='word_1_453' title='bbox 1227 5623 1603 5681; x_wconf 71' lang='lat' dir='ltr'><strong>aediﬁcantium</strong></span> <span class='ocrx_word' id='word_1_454' title='bbox 1653 5621 1872 5675; x_wconf 84' lang='lat' dir='ltr'><strong>stultitia</strong></span> <span class='ocrx_word' id='word_1_455' title='bbox 1916 5620 2122 5675; x_wconf 90' lang='lat' dir='ltr'><strong>ruinam</strong></span> 
     </span>
    </p>
   </div>
   <div class='ocr_carea' id='block_1_58' title="bbox 535 5713 2126 5786">
    <p class='ocr_par' dir='ltr' id='par_1_58' title="bbox 535 5713 2126 5786">
     <span class='ocr_line' id='line_1_58' title="bbox 535 5713 2126 5786; baseline -0.005 -10"><span class='ocrx_word' id='word_1_456' title='bbox 535 5722 761 5776; x_wconf 81' lang='lat' dir='ltr'><strong>fecerit?</strong></span> <span class='ocrx_word' id='word_1_457' title='bbox 806 5717 1015 5773; x_wconf 86' lang='lat' dir='ltr'><strong>Etenim</strong></span> <span class='ocrx_word' id='word_1_458' title='bbox 1062 5718 1169 5772; x_wconf 90' lang='lat' dir='ltr'><strong>illic</strong></span> <span class='ocrx_word' id='word_1_459' title='bbox 1209 5719 1404 5786; x_wconf 88' lang='lat' dir='ltr'><strong>pluvia,</strong></span> <span class='ocrx_word' id='word_1_460' title='bbox 1455 5726 1509 5770; x_wconf 91' lang='lat' dir='ltr'><strong>et</strong></span> <span class='ocrx_word' id='word_1_461' title='bbox 1550 5714 1636 5770; x_wconf 92' lang='lat' dir='ltr'><strong>hic</strong></span> <span class='ocrx_word' id='word_1_462' title='bbox 1681 5713 1854 5783; x_wconf 91' lang='lat' dir='ltr'><strong>pluvia</strong></span> <span class='ocrx_word' id='word_1_463' title='bbox 1889 5728 1903 5765; x_wconf 90' lang='lat'><strong>:</strong></span> <span class='ocrx_word' id='word_1_464' title='bbox 1935 5722 1989 5768; x_wconf 89' lang='lat' dir='ltr'><strong>et</strong></span> <span class='ocrx_word' id='word_1_465' title='bbox 2019 5713 2126 5768; x_wconf 93' lang='lat' dir='ltr'><strong>illic</strong></span> 
     </span>
    </p>
   </div>
   <div class='ocr_carea' id='block_1_59' title="bbox 537 5807 2126 5878">
    <p class='ocr_par' dir='ltr' id='par_1_59' title="bbox 537 5807 2126 5878">
     <span class='ocr_line' id='line_1_59' title="bbox 537 5807 2126 5878; baseline -0.003 -10"><span class='ocrx_word' id='word_1_466' title='bbox 537 5815 775 5878; x_wconf 86' lang='lat' dir='ltr'><strong>ﬂumina,</strong></span> <span class='ocrx_word' id='word_1_467' title='bbox 804 5820 858 5866; x_wconf 91' lang='lat' dir='ltr'><strong>et</strong></span> <span class='ocrx_word' id='word_1_468' title='bbox 899 5809 984 5864; x_wconf 90' lang='lat' dir='ltr'><strong>hic</strong></span> <span class='ocrx_word' id='word_1_469' title='bbox 1016 5809 1230 5863; x_wconf 86' lang='lat' dir='ltr'><strong>flumina</strong></span> <span class='ocrx_word' id='word_1_470' title='bbox 1266 5828 1278 5862; x_wconf 93' lang='lat'><strong>:</strong></span> <span class='ocrx_word' id='word_1_471' title='bbox 1314 5811 1422 5864; x_wconf 89' lang='lat' dir='ltr'><strong>illic</strong></span> <span class='ocrx_word' id='word_1_472' title='bbox 1450 5817 1730 5864; x_wconf 88' lang='lat' dir='ltr'><strong>ventorum</strong></span> <span class='ocrx_word' id='word_1_473' title='bbox 1761 5807 2024 5874; x_wconf 90' lang='lat' dir='ltr'><strong>incursus,</strong></span> <span class='ocrx_word' id='word_1_474' title='bbox 2073 5819 2126 5863; x_wconf 92' lang='lat' dir='ltr'><strong>ct</strong></span> 
     </span>
    </p>
   </div>
   <div class='ocr_carea' id='block_1_60' title="bbox 536 5899 2118 5969">
    <p class='ocr_par' dir='ltr' id='par_1_60' title="bbox 536 5899 2118 5969">
     <span class='ocr_line' id='line_1_60' title="bbox 536 5899 2118 5969; baseline -0.004 -8"><span class='ocrx_word' id='word_1_475' title='bbox 536 5905 622 5962; x_wconf 66' lang='lat' dir='ltr'><strong>hic</strong></span> <span class='ocrx_word' id='word_1_476' title='bbox 665 5907 848 5962; x_wconf 87' lang='lat' dir='ltr'><strong>idem:</strong></span> <span class='ocrx_word' id='word_1_477' title='bbox 883 5903 970 5959; x_wconf 88' lang='lat' dir='ltr'><strong>ille</strong></span> <span class='ocrx_word' id='word_1_478' title='bbox 1015 5901 1314 5969; x_wconf 70' lang='lat' dir='ltr'><strong>mdiﬁcavit,</strong></span> <span class='ocrx_word' id='word_1_479' title='bbox 1356 5911 1409 5956; x_wconf 91' lang='lat' dir='ltr'><strong>et</strong></span> <span class='ocrx_word' id='word_1_480' title='bbox 1448 5901 1533 5957; x_wconf 88' lang='lat' dir='ltr'><strong>hic</strong></span> <span class='ocrx_word' id='word_1_481' title='bbox 1572 5901 1854 5956; x_wconf 82' lang='lat' dir='ltr'><strong>aediﬁcavit</strong></span> <span class='ocrx_word' id='word_1_482' title='bbox 1887 5918 1898 5954; x_wconf 93' lang='lat'><strong>:</strong></span> <span class='ocrx_word' id='word_1_483' title='bbox 1933 5899 2118 5956; x_wconf 83' lang='lat' dir='ltr'><strong>cadent</strong></span> 
     </span>
    </p>
   </div>
   <div class='ocr_carea' id='block_1_61' title="bbox 2205 586 3790 651">
    <p class='ocr_par' dir='ltr' id='par_1_61' title="bbox 2205 586 3790 651">
     <span class='ocr_line' id='line_1_61' title="bbox 2205 586 3790 651; baseline 0 -9"><span class='ocrx_word' id='word_1_484' title='bbox 2205 586 2507 651; x_wconf 58' lang='lat' dir='ltr'><strong>aediﬁcatio,</strong></span> <span class='ocrx_word' id='word_1_485' title='bbox 2580 597 2635 642; x_wconf 91' lang='lat' dir='ltr'><strong>et</strong></span> <span class='ocrx_word' id='word_1_486' title='bbox 2694 588 2898 643; x_wconf 66' lang='lat' dir='ltr'><strong>etedetu</strong></span> <span class='ocrx_word' id='word_1_487' title='bbox 2963 595 3306 650; x_wconf 78' lang='lat' dir='ltr'><strong>mutationes,</strong></span> <span class='ocrx_word' id='word_1_488' title='bbox 3356 587 3449 643; x_wconf 84' lang='lat' dir='ltr'><strong>sed</strong></span> <span class='ocrx_word' id='word_1_489' title='bbox 3498 600 3604 642; x_wconf 92' lang='lat' dir='ltr'><strong>non</strong></span> <span class='ocrx_word' id='word_1_490' title='bbox 3653 587 3790 644; x_wconf 79' lang='lat' dir='ltr'><strong>idem</strong></span> 
     </span>
    </p>
   </div>
   <div class='ocr_carea' id='block_1_62' title="bbox 2203 677 3796 749">
    <p class='ocr_par' dir='ltr' id='par_1_62' title="bbox 2203 677 3796 749">
     <span class='ocr_line' id='line_1_62' title="bbox 2203 677 3796 749; baseline 0.006 -17"><span class='ocrx_word' id='word_1_491' title='bbox 2203 677 2346 746; x_wconf 87' lang='lat' dir='ltr'><strong>ﬁnis,</strong></span> <span class='ocrx_word' id='word_1_492' title='bbox 2394 679 2645 747; x_wconf 86' lang='lat' dir='ltr'><strong>quoniam</strong></span> <span class='ocrx_word' id='word_1_493' title='bbox 2689 695 2796 735; x_wconf 89' lang='lat' dir='ltr'><strong>non</strong></span> <span class='ocrx_word' id='word_1_494' title='bbox 2835 680 2976 735; x_wconf 89' lang='lat' dir='ltr'><strong>idem</strong></span> <span class='ocrx_word' id='word_1_495' title='bbox 3030 680 3475 749; x_wconf 87' lang='lat' dir='ltr'><strong>fundamentum;</strong></span> <span class='ocrx_word' id='word_1_496' title='bbox 3518 699 3623 737; x_wconf 91' lang='lat' dir='ltr'><strong>non</strong></span> <span class='ocrx_word' id='word_1_497' title='bbox 3656 686 3796 742; x_wconf 89' lang='lat' dir='ltr'><strong>enim</strong></span> 
     </span>
    </p>
   </div>
   <div class='ocr_carea' id='block_1_63' title="bbox 2205 774 3799 845">
    <p class='ocr_par' dir='ltr' id='par_1_63' title="bbox 2205 774 3799 845">
     <span class='ocr_line' id='line_1_63' title="bbox 2205 774 3799 845; baseline 0.004 -19"><span class='ocrx_word' id='word_1_498' title='bbox 2205 774 2558 827; x_wconf 89' lang='lat' dir='ltr'><strong>tentationum</strong></span> <span class='ocrx_word' id='word_1_499' title='bbox 2628 782 2838 838; x_wconf 87' lang='lat' dir='ltr'><strong>natura,</strong></span> <span class='ocrx_word' id='word_1_500' title='bbox 2903 775 2998 830; x_wconf 89' lang='lat' dir='ltr'><strong>sed</strong></span> <span class='ocrx_word' id='word_1_501' title='bbox 3063 774 3378 829; x_wconf 71' lang='lat' dir='ltr'><strong>mdiﬁcantis</strong></span> <span class='ocrx_word' id='word_1_502' title='bbox 3447 777 3799 845; x_wconf 87' lang='lat' dir='ltr'><strong>imprudentia</strong></span> 
     </span>
    </p>
   </div>
   <div class='ocr_carea' id='block_1_64' title="bbox 2203 863 3800 942">
    <p class='ocr_par' dir='ltr' id='par_1_64' title="bbox 2203 863 3800 942">
     <span class='ocr_line' id='line_1_64' title="bbox 2203 863 3800 942; baseline 0.006 -25"><span class='ocrx_word' id='word_1_503' title='bbox 2203 864 2411 917; x_wconf 88' lang='lat' dir='ltr'><strong>ruinam</strong></span> <span class='ocrx_word' id='word_1_504' title='bbox 2451 863 2576 918; x_wconf 86' lang='lat' dir='ltr'><strong>fecit</strong></span> <span class='ocrx_word' id='word_1_505' title='bbox 2619 881 2633 919; x_wconf 93' lang='lat'><strong>:</strong></span> <span class='ocrx_word' id='word_1_506' title='bbox 2676 864 2872 934; x_wconf 89' lang='lat' dir='ltr'><strong>alioqui</strong></span> <span class='ocrx_word' id='word_1_507' title='bbox 2917 867 3244 935; x_wconf 88' lang='lat' dir='ltr'><strong>oportuisset</strong></span> <span class='ocrx_word' id='word_1_508' title='bbox 3284 876 3340 922; x_wconf 92' lang='lat' dir='ltr'><strong>et</strong></span> <span class='ocrx_word' id='word_1_509' title='bbox 3379 867 3598 922; x_wconf 90' lang='lat' dir='ltr'><strong>domum</strong></span> <span class='ocrx_word' id='word_1_510' title='bbox 3639 884 3800 942; x_wconf 84' lang='lat' dir='ltr'><strong>supra</strong></span> 
     </span>
    </p>
   </div>
   <div class='ocr_carea' id='block_1_65' title="bbox 2203 954 3804 1025">
    <p class='ocr_par' dir='ltr' id='par_1_65' title="bbox 2203 954 3804 1025">
     <span class='ocr_line' id='line_1_65' title="bbox 2203 954 3804 1025; baseline 0.007 -18"><span class='ocrx_word' id='word_1_511' title='bbox 2203 965 2408 1025; x_wconf 89' lang='lat' dir='ltr'><strong>petram</strong></span> <span class='ocrx_word' id='word_1_512' title='bbox 2468 954 2784 1010; x_wconf 61' lang='lat' dir='ltr'><strong>aediﬁcatam</strong></span> <span class='ocrx_word' id='word_1_513' title='bbox 2837 957 3066 1021; x_wconf 88' lang='lat' dir='ltr'><strong>cadere;</strong></span> <span class='ocrx_word' id='word_1_514' title='bbox 3130 974 3271 1014; x_wconf 91' lang='lat' dir='ltr'><strong>nunc</strong></span> <span class='ocrx_word' id='word_1_515' title='bbox 3326 974 3456 1014; x_wconf 88' lang='lat' dir='ltr'><strong>vero</strong></span> <span class='ocrx_word' id='word_1_516' title='bbox 3506 959 3640 1016; x_wconf 88' lang='lat' dir='ltr'><strong>nihil</strong></span> <span class='ocrx_word' id='word_1_517' title='bbox 3697 963 3804 1018; x_wconf 84' lang='lat' dir='ltr'><strong>tale</strong></span> 
     </span>
    </p>
   </div>
   <div class='ocr_carea' id='block_1_66' title="bbox 2204 1050 3801 1126">
    <p class='ocr_par' dir='ltr' id='par_1_66' title="bbox 2204 1050 3801 1126">
     <span class='ocr_line' id='line_1_66' title="bbox 2204 1050 3801 1126; baseline 0.005 -22"><span class='ocrx_word' id='word_1_518' title='bbox 2204 1065 2356 1119; x_wconf 83' lang='lat' dir='ltr'><strong>passa</strong></span> <span class='ocrx_word' id='word_1_519' title='bbox 2396 1061 2495 1105; x_wconf 84' lang='lat' dir='ltr'><strong>est.</strong></span> <span class='ocrx_word' id='word_1_520' title='bbox 2537 1050 2644 1106; x_wconf 88' lang='lat' dir='ltr'><strong>Sed</strong></span> <span class='ocrx_word' id='word_1_521' title='bbox 2683 1065 2752 1105; x_wconf 90' lang='lat' dir='ltr'><strong>ue</strong></span> <span class='ocrx_word' id='word_1_522' title='bbox 2787 1051 2856 1106; x_wconf 90' lang='lat' dir='ltr'><strong>de</strong></span> <span class='ocrx_word' id='word_1_523' title='bbox 2887 1052 3048 1108; x_wconf 90' lang='lat' dir='ltr'><strong>domo</strong></span> <span class='ocrx_word' id='word_1_524' title='bbox 3081 1053 3196 1108; x_wconf 66' lang='lat' dir='ltr'><strong>hare</strong></span> <span class='ocrx_word' id='word_1_525' title='bbox 3239 1054 3377 1110; x_wconf 90' lang='lat' dir='ltr'><strong>dicta</strong></span> <span class='ocrx_word' id='word_1_526' title='bbox 3412 1070 3532 1112; x_wconf 85' lang='lat' dir='ltr'><strong>esse</strong></span> <span class='ocrx_word' id='word_1_527' title='bbox 3562 1057 3758 1126; x_wconf 90' lang='lat' dir='ltr'><strong>putetis</strong></span> <span class='ocrx_word' id='word_1_528' title='bbox 3786 1076 3801 1112; x_wconf 90' lang='lat'><strong>:</strong></span> 
     </span>
    </p>
   </div>
   <div class='ocr_carea' id='block_1_67' title="bbox 2203 1141 3801 1202">
    <p class='ocr_par' dir='ltr' id='par_1_67' title="bbox 2203 1141 3801 1202">
     <span class='ocr_line' id='line_1_67' title="bbox 2203 1141 3801 1202; baseline 0.003 -6"><span class='ocrx_word' id='word_1_529' title='bbox 2203 1141 2271 1196; x_wconf 90' lang='lat' dir='ltr'><strong>de</strong></span> <span class='ocrx_word' id='word_1_530' title='bbox 2326 1142 2502 1196; x_wconf 91' lang='lat' dir='ltr'><strong>anima</strong></span> <span class='ocrx_word' id='word_1_531' title='bbox 2553 1142 2696 1198; x_wconf 89' lang='lat' dir='ltr'><strong>enim</strong></span> <span class='ocrx_word' id='word_1_532' title='bbox 2768 1156 2950 1196; x_wconf 90' lang='lat' dir='ltr'><strong>sermo</strong></span> <span class='ocrx_word' id='word_1_533' title='bbox 3005 1155 3088 1198; x_wconf 89' lang='lat' dir='ltr'><strong>est</strong></span> <span class='ocrx_word' id='word_1_534' title='bbox 3147 1145 3448 1200; x_wconf 89' lang='lat' dir='ltr'><strong>divinorum</strong></span> <span class='ocrx_word' id='word_1_535' title='bbox 3516 1148 3801 1202; x_wconf 89' lang='lat' dir='ltr'><strong>verborum</strong></span> 
     </span>
    </p>
   </div>
   <div class='ocr_carea' id='block_1_68' title="bbox 2201 1231 3796 1305">
    <p class='ocr_par' dir='ltr' id='par_1_68' title="bbox 2201 1231 3796 1305">
     <span class='ocr_line' id='line_1_68' title="bbox 2201 1231 3796 1305; baseline 0.006 -21"><span class='ocrx_word' id='word_1_536' title='bbox 2201 1231 2440 1286; x_wconf 87' lang='lat' dir='ltr'><strong>auditum</strong></span> <span class='ocrx_word' id='word_1_537' title='bbox 2495 1247 2590 1300; x_wconf 91' lang='lat' dir='ltr'><strong>per</strong></span> <span class='ocrx_word' id='word_1_538' title='bbox 2651 1247 2813 1301; x_wconf 83' lang='lat' dir='ltr'><strong>Opera</strong></span> <span class='ocrx_word' id='word_1_539' title='bbox 2876 1231 3296 1302; x_wconf 90' lang='lat' dir='ltr'><strong>detuonstrante,</strong></span> <span class='ocrx_word' id='word_1_540' title='bbox 3354 1237 3438 1292; x_wconf 89' lang='lat' dir='ltr'><strong>vel</strong></span> <span class='ocrx_word' id='word_1_541' title='bbox 3483 1237 3796 1305; x_wconf 88' lang='lat' dir='ltr'><strong>repellente.</strong></span> 
     </span>
    </p>
   </div>
   <div class='ocr_carea' id='block_1_69' title="bbox 2202 1320 3801 1396">
    <p class='ocr_par' dir='ltr' id='par_1_69' title="bbox 2202 1320 3801 1396">
     <span class='ocr_line' id='line_1_69' title="bbox 2202 1320 3801 1396; baseline 0.004 -21"><span class='ocrx_word' id='word_1_542' title='bbox 2202 1320 2291 1376; x_wconf 91' lang='lat' dir='ltr'><strong>Sic</strong></span> <span class='ocrx_word' id='word_1_543' title='bbox 2333 1321 2566 1376; x_wconf 91' lang='lat' dir='ltr'><strong>animatn</strong></span> <span class='ocrx_word' id='word_1_544' title='bbox 2614 1336 2765 1379; x_wconf 89' lang='lat' dir='ltr'><strong>suam</strong></span> <span class='ocrx_word' id='word_1_545' title='bbox 2809 1321 2912 1378; x_wconf 81' lang='lat' dir='ltr'><strong>Job</strong></span> <span class='ocrx_word' id='word_1_546' title='bbox 2963 1324 3247 1378; x_wconf 61' lang='lat' dir='ltr'><strong>aediﬁcavit</strong></span> <span class='ocrx_word' id='word_1_547' title='bbox 3298 1343 3312 1381; x_wconf 88' lang='lat'><strong>:</strong></span> <span class='ocrx_word' id='word_1_548' title='bbox 3362 1326 3641 1380; x_wconf 85' lang='lat' dir='ltr'><strong>descendit</strong></span> <span class='ocrx_word' id='word_1_549' title='bbox 3688 1328 3801 1396; x_wconf 85' lang='lat' dir='ltr'><strong>pl-u-</strong></span> 
     </span>
    </p>
   </div>
   <div class='ocr_carea' id='block_1_70' title="bbox 2203 1412 3805 1486">
    <p class='ocr_par' dir='ltr' id='par_1_70' title="bbox 2203 1412 3805 1486">
     <span class='ocr_line' id='line_1_70' title="bbox 2203 1412 3805 1486; baseline 0.005 -22"><span class='ocrx_word' id='word_1_550' title='bbox 2203 1413 2305 1476; x_wconf 89' lang='lat' dir='ltr'><strong>via,</strong></span> <span class='ocrx_word' id='word_1_551' title='bbox 2362 1412 2498 1482; x_wconf 85' lang='lat' dir='ltr'><strong>ignis</strong></span> <span class='ocrx_word' id='word_1_552' title='bbox 2553 1413 2696 1468; x_wconf 89' lang='lat' dir='ltr'><strong>enim</strong></span> <span class='ocrx_word' id='word_1_553' title='bbox 2728 1413 2794 1468; x_wconf 92' lang='lat' dir='ltr'><strong>de</strong></span> <span class='ocrx_word' id='word_1_554' title='bbox 2845 1412 2978 1468; x_wconf 77' lang='lat' dir='ltr'><strong>cmlo</strong></span> <span class='ocrx_word' id='word_1_555' title='bbox 3031 1415 3249 1479; x_wconf 86' lang='lat' dir='ltr'><strong>cecidit,</strong></span> <span class='ocrx_word' id='word_1_556' title='bbox 3297 1425 3349 1470; x_wconf 89' lang='lat' dir='ltr'><strong>et</strong></span> <span class='ocrx_word' id='word_1_557' title='bbox 3389 1431 3579 1470; x_wconf 90' lang='lat' dir='ltr'><strong>omnes</strong></span> <span class='ocrx_word' id='word_1_558' title='bbox 3616 1432 3805 1486; x_wconf 83' lang='lat' dir='ltr'><strong>greges</strong></span> 
     </span>
    </p>
   </div>
   <div class='ocr_carea' id='block_1_71' title="bbox 2203 1505 3805 1579">
    <p class='ocr_par' dir='ltr' id='par_1_71' title="bbox 2203 1505 3805 1579">
     <span class='ocr_line' id='line_1_71' title="bbox 2203 1505 3805 1579; baseline 0.007 -23"><span class='ocrx_word' id='word_1_559' title='bbox 2203 1505 2500 1574; x_wconf 89' lang='lat' dir='ltr'><strong>absumpsit</strong></span> <span class='ocrx_word' id='word_1_560' title='bbox 2533 1505 2652 1574; x_wconf 85' lang='lat' dir='ltr'><strong>(Job</strong></span> <span class='ocrx_word' id='word_1_561' title='bbox 2709 1508 2759 1561; x_wconf 78' lang='grc' dir='ltr'><strong>ι.</strong></span> <span class='ocrx_word' id='word_1_562' title='bbox 2822 1507 3014 1579; x_wconf 77' lang='grc'><strong>16-19)</strong></span> <span class='ocrx_word' id='word_1_563' title='bbox 3044 1526 3058 1562; x_wconf 90' lang='lat'><strong>:</strong></span> <span class='ocrx_word' id='word_1_564' title='bbox 3091 1517 3357 1563; x_wconf 87' lang='lat' dir='ltr'><strong>venerunt</strong></span> <span class='ocrx_word' id='word_1_565' title='bbox 3396 1509 3644 1577; x_wconf 88' lang='lat' dir='ltr'><strong>ﬁumina,</strong></span> <span class='ocrx_word' id='word_1_566' title='bbox 3698 1510 3805 1567; x_wconf 84' lang='lat' dir='ltr'><strong>frc-</strong></span> 
     </span>
    </p>
   </div>
   <div class='ocr_carea' id='block_1_72' title="bbox 2205 1600 3802 1664">
    <p class='ocr_par' dir='ltr' id='par_1_72' title="bbox 2205 1600 3802 1664">
     <span class='ocr_line' id='line_1_72' title="bbox 2205 1600 3802 1664; baseline 0.008 -20"><span class='ocrx_word' id='word_1_567' title='bbox 2205 1604 2431 1662; x_wconf 87' lang='lat' dir='ltr'><strong>queutes</strong></span> <span class='ocrx_word' id='word_1_568' title='bbox 2471 1611 2686 1664; x_wconf 89' lang='lat' dir='ltr'><strong>nempe,</strong></span> <span class='ocrx_word' id='word_1_569' title='bbox 2731 1600 2989 1661; x_wconf 89' lang='lat' dir='ltr'><strong>continui,</strong></span> <span class='ocrx_word' id='word_1_570' title='bbox 3037 1609 3091 1654; x_wconf 93' lang='lat' dir='ltr'><strong>et</strong></span> <span class='ocrx_word' id='word_1_571' title='bbox 3127 1601 3228 1654; x_wconf 89' lang='lat' dir='ltr'><strong>sibi</strong></span> <span class='ocrx_word' id='word_1_572' title='bbox 3265 1601 3615 1656; x_wconf 85' lang='lat' dir='ltr'><strong>stu-cedentes</strong></span> <span class='ocrx_word' id='word_1_573' title='bbox 3656 1604 3802 1657; x_wconf 86' lang='lat' dir='ltr'><strong>cala-</strong></span> 
     </span>
    </p>
   </div>
   <div class='ocr_carea' id='block_1_73' title="bbox 2208 1686 3807 1760">
    <p class='ocr_par' dir='ltr' id='par_1_73' title="bbox 2208 1686 3807 1760">
     <span class='ocr_line' id='line_1_73' title="bbox 2208 1686 3807 1760; baseline 0.007 -23"><span class='ocrx_word' id='word_1_574' title='bbox 2208 1686 2449 1738; x_wconf 90' lang='lat' dir='ltr'><strong>mitatum</strong></span> <span class='ocrx_word' id='word_1_575' title='bbox 2509 1687 2678 1739; x_wconf 90' lang='lat' dir='ltr'><strong>nuntii</strong></span> <span class='ocrx_word' id='word_1_576' title='bbox 2738 1705 2750 1738; x_wconf 92' lang='lat'><strong>:</strong></span> <span class='ocrx_word' id='word_1_577' title='bbox 2811 1688 2897 1741; x_wconf 89' lang='lat' dir='ltr'><strong>hic</strong></span> <span class='ocrx_word' id='word_1_578' title='bbox 2938 1689 3152 1757; x_wconf 90' lang='lat' dir='ltr'><strong>quidem</strong></span> <span class='ocrx_word' id='word_1_579' title='bbox 3200 1706 3459 1760; x_wconf 87' lang='lat' dir='ltr'><strong>gregum,</strong></span> <span class='ocrx_word' id='word_1_580' title='bbox 3524 1693 3612 1747; x_wconf 91' lang='lat' dir='ltr'><strong>ille</strong></span> <span class='ocrx_word' id='word_1_581' title='bbox 3677 1709 3807 1749; x_wconf 87' lang='lat' dir='ltr'><strong>vero</strong></span> 
     </span>
    </p>
   </div>
   <div class='ocr_carea' id='block_1_74' title="bbox 2208 1774 3801 1840">
    <p class='ocr_par' dir='ltr' id='par_1_74' title="bbox 2208 1774 3801 1840">
     <span class='ocr_line' id='line_1_74' title="bbox 2208 1774 3801 1840; baseline 0.009 -15"><span class='ocrx_word' id='word_1_582' title='bbox 2208 1774 2558 1838; x_wconf 88' lang='lat' dir='ltr'><strong>camelorum,</strong></span> <span class='ocrx_word' id='word_1_583' title='bbox 2604 1776 2694 1830; x_wconf 90' lang='lat' dir='ltr'><strong>ille</strong></span> <span class='ocrx_word' id='word_1_584' title='bbox 2746 1794 2932 1833; x_wconf 85' lang='lat' dir='ltr'><strong>rursus</strong></span> <span class='ocrx_word' id='word_1_585' title='bbox 2984 1779 3212 1834; x_wconf 89' lang='lat' dir='ltr'><strong>ﬁliorum</strong></span> <span class='ocrx_word' id='word_1_586' title='bbox 3256 1784 3527 1836; x_wconf 88' lang='lat' dir='ltr'><strong>interitum</strong></span> <span class='ocrx_word' id='word_1_587' title='bbox 3571 1785 3801 1840; x_wconf 89' lang='lat' dir='ltr'><strong>dicens:</strong></span> 
     </span>
    </p>
   </div>
   <div class='ocr_carea' id='block_1_75' title="bbox 2209 1862 3802 1943">
    <p class='ocr_par' dir='ltr' id='par_1_75' title="bbox 2209 1862 3802 1943">
     <span class='ocr_line' id='line_1_75' title="bbox 2209 1862 3802 1943; baseline 0.009 -28"><span class='ocrx_word' id='word_1_588' title='bbox 2209 1862 2469 1919; x_wconf 77' lang='lat' dir='ltr'><strong>[laverunt</strong></span> <span class='ocrx_word' id='word_1_589' title='bbox 2521 1869 2686 1932; x_wconf 88' lang='lat' dir='ltr'><strong>venti,</strong></span> <span class='ocrx_word' id='word_1_590' title='bbox 2733 1883 2913 1922; x_wconf 87' lang='lat' dir='ltr'><strong>amara</strong></span> <span class='ocrx_word' id='word_1_591' title='bbox 2972 1871 3152 1925; x_wconf 80' lang='lat' dir='ltr'><strong>uxoris</strong></span> <span class='ocrx_word' id='word_1_592' title='bbox 3192 1873 3403 1926; x_wconf 87' lang='lat' dir='ltr'><strong>verba:</strong></span> <span class='ocrx_word' id='word_1_593' title='bbox 3441 1872 3565 1940; x_wconf 88' lang='lat' dir='ltr'><strong>Dic,</strong></span> <span class='ocrx_word' id='word_1_594' title='bbox 3615 1876 3802 1943; x_wconf 92' lang='lat' dir='ltr'><strong>inquit,</strong></span> 
     </span>
    </p>
   </div>
   <div class='ocr_carea' id='block_1_76' title="bbox 2209 1954 3802 2036">
    <p class='ocr_par' dir='ltr' id='par_1_76' title="bbox 2209 1954 3802 2036">
     <span class='ocr_line' id='line_1_76' title="bbox 2209 1954 3802 2036; baseline 0.008 -30"><span class='ocrx_word' id='word_1_595' title='bbox 2209 1954 2411 2008; x_wconf 77' lang='lat' dir='ltr'><strong>verbum</strong></span> <span class='ocrx_word' id='word_1_596' title='bbox 2463 1967 2638 2011; x_wconf 87' lang='lat' dir='ltr'><strong>contra</strong></span> <span class='ocrx_word' id='word_1_597' title='bbox 2693 1958 3008 2027; x_wconf 87' lang='lat' dir='ltr'><strong>Dominum,</strong></span> <span class='ocrx_word' id='word_1_598' title='bbox 3071 1972 3118 2015; x_wconf 86' lang='lat' dir='ltr'><strong>et</strong></span> <span class='ocrx_word' id='word_1_599' title='bbox 3175 1980 3372 2018; x_wconf 85' lang='lat' dir='ltr'><strong>morere</strong></span> <span class='ocrx_word' id='word_1_600' title='bbox 3408 1963 3532 2032; x_wconf 81' lang='lat' dir='ltr'><strong>(Job</strong></span> <span class='ocrx_word' id='word_1_601' title='bbox 3573 1965 3625 2018; x_wconf 75' lang='grc'><strong>2.</strong></span> <span class='ocrx_word' id='word_1_602' title='bbox 3669 1968 3741 2036; x_wconf 79' lang='lat'><strong>9)</strong></span> <span class='ocrx_word' id='word_1_603' title='bbox 3790 1985 3802 2019; x_wconf 92' lang='lat'><strong>:</strong></span> 
     </span>
    </p>
   </div>
   <div class='ocr_carea' id='block_1_77' title="bbox 2211 2048 3804 2124">
    <p class='ocr_par' dir='ltr' id='par_1_77' title="bbox 2211 2048 3804 2124">
     <span class='ocr_line' id='line_1_77' title="bbox 2211 2048 3804 2124; baseline 0.009 -27"><span class='ocrx_word' id='word_1_604' title='bbox 2211 2053 2267 2097; x_wconf 91' lang='lat' dir='ltr'><strong>et</strong></span> <span class='ocrx_word' id='word_1_605' title='bbox 2312 2061 2418 2099; x_wconf 92' lang='lat' dir='ltr'><strong>non</strong></span> <span class='ocrx_word' id='word_1_606' title='bbox 2458 2048 2654 2102; x_wconf 86' lang='lat' dir='ltr'><strong>cecidit</strong></span> <span class='ocrx_word' id='word_1_607' title='bbox 2689 2051 2901 2114; x_wconf 91' lang='lat' dir='ltr'><strong>domus,</strong></span> <span class='ocrx_word' id='word_1_608' title='bbox 2949 2067 3054 2107; x_wconf 90' lang='lat' dir='ltr'><strong>non</strong></span> <span class='ocrx_word' id='word_1_609' title='bbox 3100 2063 3185 2108; x_wconf 91' lang='lat' dir='ltr'><strong>est</strong></span> <span class='ocrx_word' id='word_1_610' title='bbox 3223 2056 3560 2124; x_wconf 88' lang='lat' dir='ltr'><strong>supplantata</strong></span> <span class='ocrx_word' id='word_1_611' title='bbox 3606 2059 3804 2122; x_wconf 88' lang='lat' dir='ltr'><strong>anima,</strong></span> 
     </span>
    </p>
   </div>
   <div class='ocr_carea' id='block_1_78' title="bbox 2210 2135 3809 2217">
    <p class='ocr_par' dir='ltr' id='par_1_78' title="bbox 2210 2135 3809 2217">
     <span class='ocr_line' id='line_1_78' title="bbox 2210 2135 3809 2217; baseline 0.01 -29"><span class='ocrx_word' id='word_1_612' title='bbox 2210 2149 2318 2188; x_wconf 90' lang='lat' dir='ltr'><strong>non</strong></span> <span class='ocrx_word' id='word_1_613' title='bbox 2362 2135 2752 2205; x_wconf 85' lang='lat' dir='ltr'><strong>blasphentavit</strong></span> <span class='ocrx_word' id='word_1_614' title='bbox 2783 2140 2959 2208; x_wconf 88' lang='lat' dir='ltr'><strong>justus</strong></span> <span class='ocrx_word' id='word_1_615' title='bbox 3010 2160 3022 2194; x_wconf 92' lang='lat'><strong>:</strong></span> <span class='ocrx_word' id='word_1_616' title='bbox 3073 2143 3169 2196; x_wconf 87' lang='lat' dir='ltr'><strong>sed</strong></span> <span class='ocrx_word' id='word_1_617' title='bbox 3218 2153 3273 2197; x_wconf 90' lang='lat' dir='ltr'><strong>et</strong></span> <span class='ocrx_word' id='word_1_618' title='bbox 3307 2145 3507 2213; x_wconf 88' lang='lat' dir='ltr'><strong>gratias</strong></span> <span class='ocrx_word' id='word_1_619' title='bbox 3549 2148 3676 2217; x_wconf 89' lang='lat' dir='ltr'><strong>egit,</strong></span> <span class='ocrx_word' id='word_1_620' title='bbox 3730 2151 3809 2204; x_wconf 87' lang='lat' dir='ltr'><strong>sic</strong></span> 
     </span>
    </p>
   </div>
   <div class='ocr_carea' id='block_1_79' title="bbox 2209 2225 3809 2300">
    <p class='ocr_par' dir='ltr' id='par_1_79' title="bbox 2209 2225 3809 2300">
     <span class='ocr_line' id='line_1_79' title="bbox 2209 2225 3809 2300; baseline 0.011 -21"><span class='ocrx_word' id='word_1_621' title='bbox 2209 2225 2395 2281; x_wconf 89' lang='lat' dir='ltr'><strong>dicens</strong></span> <span class='ocrx_word' id='word_1_622' title='bbox 2428 2244 2442 2279; x_wconf 89' lang='lat'><strong>:</strong></span> <span class='ocrx_word' id='word_1_623' title='bbox 2477 2226 2732 2283; x_wconf 76' lang='lat' dir='ltr'><strong>Dominus</strong></span> <span class='ocrx_word' id='word_1_624' title='bbox 2781 2231 2941 2295; x_wconf 83' lang='lat' dir='ltr'><strong>dedit,</strong></span> <span class='ocrx_word' id='word_1_625' title='bbox 2983 2232 3231 2287; x_wconf 75' lang='lat' dir='ltr'><strong>Dominus</strong></span> <span class='ocrx_word' id='word_1_626' title='bbox 3275 2236 3504 2300; x_wconf 74' lang='lat' dir='ltr'><strong>abstulit,</strong></span> <span class='ocrx_word' id='word_1_627' title='bbox 3537 2240 3666 2293; x_wconf 86' lang='lat' dir='ltr'><strong>sicut</strong></span> <span class='ocrx_word' id='word_1_628' title='bbox 3705 2241 3809 2296; x_wconf 83' lang='lat' dir='ltr'><strong>Do-</strong></span> 
     </span>
    </p>
   </div>
   <div class='ocr_carea' id='block_1_80' title="bbox 2209 2318 3810 2400">
    <p class='ocr_par' dir='ltr' id='par_1_80' title="bbox 2209 2318 3810 2400">
     <span class='ocr_line' id='line_1_80' title="bbox 2209 2318 3810 2400; baseline 0.012 -31"><span class='ocrx_word' id='word_1_629' title='bbox 2209 2318 2349 2372; x_wconf 86' lang='lat' dir='ltr'><strong>mino</strong></span> <span class='ocrx_word' id='word_1_630' title='bbox 2386 2319 2597 2388; x_wconf 80' lang='lat' dir='ltr'><strong>placuit,</strong></span> <span class='ocrx_word' id='word_1_631' title='bbox 2631 2321 2702 2374; x_wconf 88' lang='lat' dir='ltr'><strong>ita</strong></span> <span class='ocrx_word' id='word_1_632' title='bbox 2729 2325 2924 2392; x_wconf 80' lang='lat' dir='ltr'><strong>factum</strong></span> <span class='ocrx_word' id='word_1_633' title='bbox 2952 2333 3023 2377; x_wconf 85' lang='lat' dir='ltr'><strong>est</strong></span> <span class='ocrx_word' id='word_1_634' title='bbox 3094 2324 3214 2394; x_wconf 83' lang='lat' dir='ltr'><strong>(Job</strong></span> <span class='ocrx_word' id='word_1_635' title='bbox 3243 2327 3292 2380; x_wconf 81' lang='lat' dir='ltr'><strong>l.</strong></span> <span class='ocrx_word' id='word_1_636' title='bbox 3323 2326 3437 2397; x_wconf 75' lang='lat' dir='ltr'><strong>2i).</strong></span> <span class='ocrx_word' id='word_1_637' title='bbox 3471 2328 3631 2385; x_wconf 82' lang='lat' dir='ltr'><strong>Vides</strong></span> <span class='ocrx_word' id='word_1_638' title='bbox 3667 2334 3810 2400; x_wconf 90' lang='lat' dir='ltr'><strong>quod</strong></span> 
     </span>
    </p>
   </div>
   <div class='ocr_carea' id='block_1_81' title="bbox 2211 2410 3811 2491">
    <p class='ocr_par' dir='ltr' id='par_1_81' title="bbox 2211 2410 3811 2491">
     <span class='ocr_line' id='line_1_81' title="bbox 2211 2410 3811 2491; baseline 0.01 -30"><span class='ocrx_word' id='word_1_639' title='bbox 2211 2424 2318 2462; x_wconf 91' lang='lat' dir='ltr'><strong>non</strong></span> <span class='ocrx_word' id='word_1_640' title='bbox 2369 2410 2718 2466; x_wconf 87' lang='lat' dir='ltr'><strong>tentationum</strong></span> <span class='ocrx_word' id='word_1_641' title='bbox 2781 2421 3003 2481; x_wconf 90' lang='lat' dir='ltr'><strong>natura,</strong></span> <span class='ocrx_word' id='word_1_642' title='bbox 3058 2416 3152 2470; x_wconf 92' lang='lat' dir='ltr'><strong>sed</strong></span> <span class='ocrx_word' id='word_1_643' title='bbox 3217 2420 3543 2486; x_wconf 88' lang='lat' dir='ltr'><strong>torpentium</strong></span> <span class='ocrx_word' id='word_1_644' title='bbox 3604 2421 3811 2491; x_wconf 88' lang='lat' dir='ltr'><strong>ignavia</strong></span> 
     </span>
    </p>
   </div>
   <div class='ocr_carea' id='block_1_82' title="bbox 2212 2501 3813 2569">
    <p class='ocr_par' dir='ltr' id='par_1_82' title="bbox 2212 2501 3813 2569">
     <span class='ocr_line' id='line_1_82' title="bbox 2212 2501 3813 2569; baseline 0.01 -16"><span class='ocrx_word' id='word_1_645' title='bbox 2212 2501 2420 2555; x_wconf 90' lang='lat' dir='ltr'><strong>ruinam</strong></span> <span class='ocrx_word' id='word_1_646' title='bbox 2467 2501 2645 2558; x_wconf 89' lang='lat' dir='ltr'><strong>facere</strong></span> <span class='ocrx_word' id='word_1_647' title='bbox 2671 2505 2882 2559; x_wconf 86' lang='lat' dir='ltr'><strong>soleat?</strong></span> <span class='ocrx_word' id='word_1_648' title='bbox 2924 2522 3044 2560; x_wconf 90' lang='lat' dir='ltr'><strong>nam</strong></span> <span class='ocrx_word' id='word_1_649' title='bbox 3093 2506 3286 2563; x_wconf 89' lang='lat' dir='ltr'><strong>fortem</strong></span> <span class='ocrx_word' id='word_1_650' title='bbox 3323 2512 3498 2564; x_wconf 88' lang='lat' dir='ltr'><strong>virum</strong></span> <span class='ocrx_word' id='word_1_651' title='bbox 3541 2512 3813 2569; x_wconf 86' lang='lat' dir='ltr'><strong>tribulatio</strong></span> 
     </span>
    </p>
   </div>
   <div class='ocr_carea' id='block_1_83' title="bbox 2213 2592 3812 2662">
    <p class='ocr_par' dir='ltr' id='par_1_83' title="bbox 2213 2592 3812 2662">
     <span class='ocr_line' id='line_1_83' title="bbox 2213 2592 3812 2662; baseline 0.008 -17"><span class='ocrx_word' id='word_1_652' title='bbox 2213 2592 2488 2649; x_wconf 87' lang='lat' dir='ltr'><strong>fortiorem</strong></span> <span class='ocrx_word' id='word_1_653' title='bbox 2528 2595 2721 2650; x_wconf 86' lang='lat' dir='ltr'><strong>reddit.</strong></span> <span class='ocrx_word' id='word_1_654' title='bbox 2751 2597 2883 2662; x_wconf 84' lang='lat' dir='ltr'><strong>Quis</strong></span> <span class='ocrx_word' id='word_1_655' title='bbox 2924 2597 3026 2652; x_wconf 90' lang='lat' dir='ltr'><strong>hoc</strong></span> <span class='ocrx_word' id='word_1_656' title='bbox 3068 2599 3181 2652; x_wconf 82' lang='lat' dir='ltr'><strong>ait?</strong></span> <span class='ocrx_word' id='word_1_657' title='bbox 3231 2600 3285 2653; x_wconf 92' lang='lat' dir='ltr'><strong>In</strong></span> <span class='ocrx_word' id='word_1_658' title='bbox 3326 2602 3669 2658; x_wconf 88' lang='lat' dir='ltr'><strong>tribulatione</strong></span> <span class='ocrx_word' id='word_1_659' title='bbox 3711 2621 3812 2657; x_wconf 86' lang='lat' dir='ltr'><strong>nu-</strong></span> 
     </span>
    </p>
   </div>
   <div class='ocr_carea' id='block_1_84' title="bbox 2215 2685 3816 2762">
    <p class='ocr_par' dir='ltr' id='par_1_84' title="bbox 2215 2685 3816 2762">
     <span class='ocr_line' id='line_1_84' title="bbox 2215 2685 3816 2762; baseline 0.006 -24"><span class='ocrx_word' id='word_1_660' title='bbox 2215 2685 2370 2738; x_wconf 90' lang='lat' dir='ltr'><strong>tritus</strong></span> <span class='ocrx_word' id='word_1_661' title='bbox 2396 2685 2583 2741; x_wconf 89' lang='lat' dir='ltr'><strong>beatus</strong></span> <span class='ocrx_word' id='word_1_662' title='bbox 2614 2687 2810 2742; x_wconf 86' lang='lat' dir='ltr'><strong>Paulus</strong></span> <span class='ocrx_word' id='word_1_663' title='bbox 2837 2688 2909 2742; x_wconf 91' lang='lat' dir='ltr'><strong>ita</strong></span> <span class='ocrx_word' id='word_1_664' title='bbox 2937 2689 3122 2744; x_wconf 90' lang='lat' dir='ltr'><strong>dicens</strong></span> <span class='ocrx_word' id='word_1_665' title='bbox 3152 2707 3167 2747; x_wconf 88' lang='lat'><strong>;</strong></span> <span class='ocrx_word' id='word_1_666' title='bbox 3199 2689 3488 2745; x_wconf 80' lang='lat' dir='ltr'><strong>Tribulatio</strong></span> <span class='ocrx_word' id='word_1_667' title='bbox 3519 2695 3816 2762; x_wconf 82' lang='lat' dir='ltr'><strong>patientiam</strong></span> 
     </span>
    </p>
   </div>
   <div class='ocr_carea' id='block_1_85' title="bbox 2213 2778 3814 2852">
    <p class='ocr_par' dir='ltr' id='par_1_85' title="bbox 2213 2778 3814 2852">
     <span class='ocr_line' id='line_1_85' title="bbox 2213 2778 3814 2852; baseline 0.007 -25"><span class='ocrx_word' id='word_1_668' title='bbox 2213 2784 2454 2845; x_wconf 81' lang='lat' dir='ltr'><strong>operatur</strong></span> <span class='ocrx_word' id='word_1_669' title='bbox 2473 2818 2489 2840; x_wconf 93' lang='lat'><strong>,</strong></span> <span class='ocrx_word' id='word_1_670' title='bbox 2541 2778 2786 2845; x_wconf 84' lang='lat' dir='ltr'><strong>patientia</strong></span> <span class='ocrx_word' id='word_1_671' title='bbox 2831 2795 2946 2832; x_wconf 83' lang='lat' dir='ltr'><strong>vero</strong></span> <span class='ocrx_word' id='word_1_672' title='bbox 2989 2779 3355 2848; x_wconf 83' lang='lat' dir='ltr'><strong>probationem,</strong></span> <span class='ocrx_word' id='word_1_673' title='bbox 3416 2783 3647 2852; x_wconf 85' lang='lat' dir='ltr'><strong>probatio</strong></span> <span class='ocrx_word' id='word_1_674' title='bbox 3701 2801 3814 2839; x_wconf 79' lang='lat' dir='ltr'><strong>vero</strong></span> 
     </span>
    </p>
   </div>
   <div class='ocr_carea' id='block_1_86' title="bbox 2210 2866 3814 2940">
    <p class='ocr_par' dir='ltr' id='par_1_86' title="bbox 2210 2866 3814 2940">
     <span class='ocr_line' id='line_1_86' title="bbox 2210 2866 3814 2940; baseline 0.006 -20"><span class='ocrx_word' id='word_1_675' title='bbox 2210 2883 2352 2935; x_wconf 85' lang='lat' dir='ltr'><strong>spem</strong></span> <span class='ocrx_word' id='word_1_676' title='bbox 2425 2866 2602 2937; x_wconf 75' lang='lat' dir='ltr'><strong>(liam.</strong></span> <span class='ocrx_word' id='word_1_677' title='bbox 2635 2869 2690 2924; x_wconf 85' lang='lat'><strong>5.</strong></span> <span class='ocrx_word' id='word_1_678' title='bbox 2721 2869 2775 2924; x_wconf 83' lang='lat'><strong>5.</strong></span> <span class='ocrx_word' id='word_1_679' title='bbox 2807 2870 2889 2940; x_wconf 72' lang='grc'><strong>4).</strong></span> <span class='ocrx_word' id='word_1_680' title='bbox 2938 2871 3005 2924; x_wconf 86' lang='grc' dir='ltr'><strong>Ει</strong></span> <span class='ocrx_word' id='word_1_681' title='bbox 3043 2870 3182 2926; x_wconf 90' lang='lat' dir='ltr'><strong>sicut</strong></span> <span class='ocrx_word' id='word_1_682' title='bbox 3219 2871 3405 2928; x_wconf 82' lang='lat' dir='ltr'><strong>ﬁrmas</strong></span> <span class='ocrx_word' id='word_1_683' title='bbox 3429 2874 3651 2929; x_wconf 85' lang='lat' dir='ltr'><strong>arbores</strong></span> <span class='ocrx_word' id='word_1_684' title='bbox 3689 2891 3814 2930; x_wconf 88' lang='lat' dir='ltr'><strong>ven-</strong></span> 
     </span>
    </p>
   </div>
   <div class='ocr_carea' id='block_1_87' title="bbox 2214 2960 3812 3035">
    <p class='ocr_par' dir='ltr' id='par_1_87' title="bbox 2214 2960 3812 3035">
     <span class='ocr_line' id='line_1_87' title="bbox 2214 2960 3812 3035; baseline 0.006 -23"><span class='ocrx_word' id='word_1_685' title='bbox 2214 2967 2388 3013; x_wconf 89' lang='lat' dir='ltr'><strong>torum</strong></span> <span class='ocrx_word' id='word_1_686' title='bbox 2416 2960 2645 3029; x_wconf 91' lang='lat' dir='ltr'><strong>impetus</strong></span> <span class='ocrx_word' id='word_1_687' title='bbox 2671 2961 2880 3016; x_wconf 90' lang='lat' dir='ltr'><strong>irruens</strong></span> <span class='ocrx_word' id='word_1_688' title='bbox 2903 2971 2958 3017; x_wconf 89' lang='lat' dir='ltr'><strong>et</strong></span> <span class='ocrx_word' id='word_1_689' title='bbox 2984 2963 3217 3034; x_wconf 92' lang='lat' dir='ltr'><strong>undique</strong></span> <span class='ocrx_word' id='word_1_690' title='bbox 3239 2965 3448 3034; x_wconf 89' lang='lat' dir='ltr'><strong>jactans</strong></span> <span class='ocrx_word' id='word_1_691' title='bbox 3477 2983 3585 3022; x_wconf 92' lang='lat' dir='ltr'><strong>non</strong></span> <span class='ocrx_word' id='word_1_692' title='bbox 3612 2969 3812 3035; x_wconf 85' lang='lat' dir='ltr'><strong>evellit,</strong></span> 
     </span>
    </p>
   </div>
   <div class='ocr_carea' id='block_1_88' title="bbox 2211 3050 3811 3113">
    <p class='ocr_par' dir='ltr' id='par_1_88' title="bbox 2211 3050 3811 3113">
     <span class='ocr_line' id='line_1_88' title="bbox 2211 3050 3811 3113; baseline 0.006 -9"><span class='ocrx_word' id='word_1_693' title='bbox 2211 3050 2306 3104; x_wconf 85' lang='lat' dir='ltr'><strong>sed</strong></span> <span class='ocrx_word' id='word_1_694' title='bbox 2356 3050 2642 3106; x_wconf 88' lang='lat' dir='ltr'><strong>solidiores</strong></span> <span class='ocrx_word' id='word_1_695' title='bbox 2685 3062 2740 3108; x_wconf 90' lang='lat' dir='ltr'><strong>et</strong></span> <span class='ocrx_word' id='word_1_696' title='bbox 2792 3054 3058 3108; x_wconf 89' lang='lat' dir='ltr'><strong>ﬁrmiores</strong></span> <span class='ocrx_word' id='word_1_697' title='bbox 3097 3054 3183 3108; x_wconf 91' lang='lat' dir='ltr'><strong>his</strong></span> <span class='ocrx_word' id='word_1_698' title='bbox 3232 3055 3532 3112; x_wconf 89' lang='lat' dir='ltr'><strong>incursibus</strong></span> <span class='ocrx_word' id='word_1_699' title='bbox 3580 3057 3755 3113; x_wconf 91' lang='lat' dir='ltr'><strong>reddit</strong></span> <span class='ocrx_word' id='word_1_700' title='bbox 3796 3077 3811 3112; x_wconf 90' lang='lat'><strong>:</strong></span> 
     </span>
    </p>
   </div>
   <div class='ocr_carea' id='block_1_89' title="bbox 2213 3143 3835 3216">
    <p class='ocr_par' dir='ltr' id='par_1_89' title="bbox 2213 3143 3835 3216">
     <span class='ocr_line' id='line_1_89' title="bbox 2213 3143 3835 3216; baseline 0.006 -21"><span class='ocrx_word' id='word_1_701' title='bbox 2213 3143 2290 3198; x_wconf 94' lang='lat' dir='ltr'><strong>sic</strong></span> <span class='ocrx_word' id='word_1_702' title='bbox 2319 3153 2374 3199; x_wconf 90' lang='lat' dir='ltr'><strong>et</strong></span> <span class='ocrx_word' id='word_1_703' title='bbox 2413 3144 2648 3199; x_wconf 88' lang='lat' dir='ltr'><strong>animam</strong></span> <span class='ocrx_word' id='word_1_704' title='bbox 2690 3155 2928 3200; x_wconf 89' lang='lat' dir='ltr'><strong>sanetam</strong></span> <span class='ocrx_word' id='word_1_705' title='bbox 2959 3154 3015 3202; x_wconf 92' lang='lat' dir='ltr'><strong>et</strong></span> <span class='ocrx_word' id='word_1_706' title='bbox 3043 3146 3130 3216; x_wconf 90' lang='lat' dir='ltr'><strong>pie</strong></span> <span class='ocrx_word' id='word_1_707' title='bbox 3157 3147 3428 3202; x_wconf 90' lang='lat' dir='ltr'><strong>viventem</strong></span> <span class='ocrx_word' id='word_1_708' title='bbox 3458 3152 3835 3205; x_wconf 71' lang='lat' dir='ltr'><strong>tentationuur</strong></span> 
     </span>
    </p>
   </div>
   <div class='ocr_carea' id='block_1_90' title="bbox 2214 3234 3815 3313">
    <p class='ocr_par' dir='ltr' id='par_1_90' title="bbox 2214 3234 3815 3313">
     <span class='ocr_line' id='line_1_90' title="bbox 2214 3234 3815 3313; baseline 0.007 -25"><span class='ocrx_word' id='word_1_709' title='bbox 2214 3234 2460 3290; x_wconf 89' lang='lat' dir='ltr'><strong>incursus</strong></span> <span class='ocrx_word' id='word_1_710' title='bbox 2502 3245 2558 3290; x_wconf 91' lang='lat' dir='ltr'><strong>et</strong></span> <span class='ocrx_word' id='word_1_711' title='bbox 2602 3236 3026 3301; x_wconf 88' lang='lat' dir='ltr'><strong>tribulationum,</strong></span> <span class='ocrx_word' id='word_1_712' title='bbox 3087 3255 3194 3293; x_wconf 93' lang='lat' dir='ltr'><strong>non</strong></span> <span class='ocrx_word' id='word_1_713' title='bbox 3245 3242 3612 3310; x_wconf 85' lang='lat' dir='ltr'><strong>supplantant,</strong></span> <span class='ocrx_word' id='word_1_714' title='bbox 3654 3253 3815 3313; x_wconf 89' lang='lat' dir='ltr'><strong>atque</strong></span> 
     </span>
    </p>
   </div>
   <div class='ocr_carea' id='block_1_91' title="bbox 2213 3327 3810 3399">
    <p class='ocr_par' dir='ltr' id='par_1_91' title="bbox 2213 3327 3810 3399">
     <span class='ocr_line' id='line_1_91' title="bbox 2213 3327 3810 3399; baseline 0.006 -17"><span class='ocrx_word' id='word_1_715' title='bbox 2213 3329 2377 3382; x_wconf 89' lang='lat' dir='ltr'><strong>etiam</strong></span> <span class='ocrx_word' id='word_1_716' title='bbox 2415 3327 2484 3381; x_wconf 86' lang='lat' dir='ltr'><strong>ad</strong></span> <span class='ocrx_word' id='word_1_717' title='bbox 2520 3328 2777 3397; x_wconf 84' lang='lat' dir='ltr'><strong>majorem</strong></span> <span class='ocrx_word' id='word_1_718' title='bbox 2811 3330 3121 3399; x_wconf 89' lang='lat' dir='ltr'><strong>patientiam</strong></span> <span class='ocrx_word' id='word_1_719' title='bbox 3148 3332 3372 3387; x_wconf 90' lang='lat' dir='ltr'><strong>incitant</strong></span> <span class='ocrx_word' id='word_1_720' title='bbox 3401 3351 3416 3387; x_wconf 94' lang='lat'><strong>:</strong></span> <span class='ocrx_word' id='word_1_721' title='bbox 3447 3335 3585 3389; x_wconf 89' lang='lat' dir='ltr'><strong>sicut</strong></span> <span class='ocrx_word' id='word_1_722' title='bbox 3613 3345 3668 3391; x_wconf 91' lang='lat' dir='ltr'><strong>et</strong></span> <span class='ocrx_word' id='word_1_723' title='bbox 3693 3336 3810 3390; x_wconf 82' lang='lat' dir='ltr'><strong>bea-</strong></span> 
     </span>
    </p>
   </div>
   <div class='ocr_carea' id='block_1_92' title="bbox 2215 3419 3813 3489">
    <p class='ocr_par' dir='ltr' id='par_1_92' title="bbox 2215 3419 3813 3489">
     <span class='ocr_line' id='line_1_92' title="bbox 2215 3419 3813 3489; baseline 0.006 -16"><span class='ocrx_word' id='word_1_724' title='bbox 2215 3427 2326 3473; x_wconf 88' lang='lat' dir='ltr'><strong>tutu</strong></span> <span class='ocrx_word' id='word_1_725' title='bbox 2370 3419 2472 3474; x_wconf 83' lang='lat' dir='ltr'><strong>Job</strong></span> <span class='ocrx_word' id='word_1_726' title='bbox 2515 3419 2935 3489; x_wconf 85' lang='lat' dir='ltr'><strong>splendidiorem</strong></span> <span class='ocrx_word' id='word_1_727' title='bbox 2981 3432 3036 3477; x_wconf 92' lang='lat' dir='ltr'><strong>et</strong></span> <span class='ocrx_word' id='word_1_728' title='bbox 3076 3425 3524 3482; x_wconf 86' lang='lat' dir='ltr'><strong>venerabiliorem</strong></span> <span class='ocrx_word' id='word_1_729' title='bbox 3564 3427 3813 3483; x_wconf 81' lang='lat' dir='ltr'><strong>reddide-</strong></span> 
     </span>
    </p>
   </div>
   <div class='ocr_carea' id='block_1_93' title="bbox 2216 3510 3818 3586">
    <p class='ocr_par' dir='ltr' id='par_1_93' title="bbox 2216 3510 3818 3586">
     <span class='ocr_line' id='line_1_93' title="bbox 2216 3510 3818 3586; baseline 0.006 -21"><span class='ocrx_word' id='word_1_730' title='bbox 2216 3520 2360 3565; x_wconf 89' lang='lat' dir='ltr'><strong>runt.</strong></span> <span class='ocrx_word' id='word_1_731' title='bbox 2411 3510 2567 3566; x_wconf 85' lang='lat' dir='ltr'><strong>Nunc</strong></span> <span class='ocrx_word' id='word_1_732' title='bbox 2612 3512 2771 3582; x_wconf 91' lang='lat' dir='ltr'><strong>igitur</strong></span> <span class='ocrx_word' id='word_1_733' title='bbox 2810 3513 2967 3570; x_wconf 89' lang='lat' dir='ltr'><strong>nobis</strong></span> <span class='ocrx_word' id='word_1_734' title='bbox 3012 3515 3227 3583; x_wconf 90' lang='lat' dir='ltr'><strong>quidem</strong></span> <span class='ocrx_word' id='word_1_735' title='bbox 3265 3516 3428 3572; x_wconf 92' lang='lat' dir='ltr'><strong>homo</strong></span> <span class='ocrx_word' id='word_1_736' title='bbox 3463 3518 3730 3586; x_wconf 88' lang='lat' dir='ltr'><strong>irascitur,</strong></span> <span class='ocrx_word' id='word_1_737' title='bbox 3761 3531 3818 3574; x_wconf 91' lang='lat' dir='ltr'><strong>et</strong></span> 
     </span>
    </p>
   </div>
   <div class='ocr_carea' id='block_1_94' title="bbox 2217 3601 3814 3679">
    <p class='ocr_par' dir='ltr' id='par_1_94' title="bbox 2217 3601 3814 3679">
     <span class='ocr_line' id='line_1_94' title="bbox 2217 3601 3814 3679; baseline 0.006 -24"><span class='ocrx_word' id='word_1_738' title='bbox 2217 3601 2380 3656; x_wconf 92' lang='lat' dir='ltr'><strong>homo</strong></span> <span class='ocrx_word' id='word_1_739' title='bbox 2415 3602 2605 3658; x_wconf 90' lang='lat' dir='ltr'><strong>iisdem</strong></span> <span class='ocrx_word' id='word_1_740' title='bbox 2643 3605 2980 3673; x_wconf 89' lang='lat' dir='ltr'><strong>passionibus</strong></span> <span class='ocrx_word' id='word_1_741' title='bbox 3010 3606 3298 3673; x_wconf 77' lang='lat' dir='ltr'><strong>obnoxius,</strong></span> <span class='ocrx_word' id='word_1_742' title='bbox 3340 3609 3608 3679; x_wconf 90' lang='lat' dir='ltr'><strong>similique</strong></span> <span class='ocrx_word' id='word_1_743' title='bbox 3637 3612 3814 3665; x_wconf 89' lang='lat' dir='ltr'><strong>auiuta</strong></span> 
     </span>
    </p>
   </div>
   <div class='ocr_carea' id='block_1_95' title="bbox 2217 3693 3818 3763">
    <p class='ocr_par' dir='ltr' id='par_1_95' title="bbox 2217 3693 3818 3763">
     <span class='ocr_line' id='line_1_95' title="bbox 2217 3693 3818 3763; baseline 0.006 -16"><span class='ocrx_word' id='word_1_744' title='bbox 2217 3693 2492 3763; x_wconf 68' lang='lat' dir='ltr'><strong>praeditus,</strong></span> <span class='ocrx_word' id='word_1_745' title='bbox 2533 3705 2588 3749; x_wconf 93' lang='lat' dir='ltr'><strong>et</strong></span> <span class='ocrx_word' id='word_1_746' title='bbox 2625 3696 2928 3762; x_wconf 89' lang='lat' dir='ltr'><strong>timuimus;</strong></span> <span class='ocrx_word' id='word_1_747' title='bbox 2976 3705 3103 3753; x_wconf 89' lang='lat' dir='ltr'><strong>tunc</strong></span> <span class='ocrx_word' id='word_1_748' title='bbox 3127 3707 3304 3753; x_wconf 88' lang='lat' dir='ltr'><strong>autem</strong></span> <span class='ocrx_word' id='word_1_749' title='bbox 3346 3700 3436 3756; x_wconf 88' lang='lat' dir='ltr'><strong>ille</strong></span> <span class='ocrx_word' id='word_1_750' title='bbox 3465 3701 3676 3756; x_wconf 78' lang='lat' dir='ltr'><strong>dzemon</strong></span> <span class='ocrx_word' id='word_1_751' title='bbox 3707 3718 3818 3756; x_wconf 86' lang='lat' dir='ltr'><strong>ma-</strong></span> 
     </span>
    </p>
   </div>
   <div class='ocr_carea' id='block_1_96' title="bbox 2219 3783 3817 3860">
    <p class='ocr_par' dir='ltr' id='par_1_96' title="bbox 2219 3783 3817 3860">
     <span class='ocr_line' id='line_1_96' title="bbox 2219 3783 3817 3860; baseline 0.007 -23"><span class='ocrx_word' id='word_1_752' title='bbox 2219 3784 2393 3853; x_wconf 89' lang='lat' dir='ltr'><strong>lignus</strong></span> <span class='ocrx_word' id='word_1_753' title='bbox 2433 3794 2488 3839; x_wconf 88' lang='lat' dir='ltr'><strong>et</strong></span> <span class='ocrx_word' id='word_1_754' title='bbox 2528 3783 2673 3840; x_wconf 90' lang='lat' dir='ltr'><strong>ferus</strong></span> <span class='ocrx_word' id='word_1_755' title='bbox 2719 3795 2836 3841; x_wconf 90' lang='lat' dir='ltr'><strong>erat</strong></span> <span class='ocrx_word' id='word_1_756' title='bbox 2879 3788 3070 3852; x_wconf 87' lang='lat' dir='ltr'><strong>iratus,</strong></span> <span class='ocrx_word' id='word_1_757' title='bbox 3117 3804 3217 3844; x_wconf 90' lang='lat' dir='ltr'><strong>nec</strong></span> <span class='ocrx_word' id='word_1_758' title='bbox 3265 3790 3580 3860; x_wconf 89' lang='lat' dir='ltr'><strong>simpliciter</strong></span> <span class='ocrx_word' id='word_1_759' title='bbox 3617 3793 3817 3848; x_wconf 86' lang='lat' dir='ltr'><strong>irasce-</strong></span> 
     </span>
    </p>
   </div>
   <div class='ocr_carea' id='block_1_97' title="bbox 2219 3874 3817 3956">
    <p class='ocr_par' dir='ltr' id='par_1_97' title="bbox 2219 3874 3817 3956">
     <span class='ocr_line' id='line_1_97' title="bbox 2219 3874 3817 3956; baseline 0.009 -28"><span class='ocrx_word' id='word_1_760' title='bbox 2219 3874 2394 3940; x_wconf 92' lang='lat' dir='ltr'><strong>batur,</strong></span> <span class='ocrx_word' id='word_1_761' title='bbox 2447 3877 2547 3932; x_wconf 91' lang='lat' dir='ltr'><strong>sed</strong></span> <span class='ocrx_word' id='word_1_762' title='bbox 2593 3893 2782 3934; x_wconf 91' lang='lat' dir='ltr'><strong>omnes</strong></span> <span class='ocrx_word' id='word_1_763' title='bbox 2831 3880 3084 3934; x_wconf 90' lang='lat' dir='ltr'><strong>movebat</strong></span> <span class='ocrx_word' id='word_1_764' title='bbox 3135 3893 3301 3948; x_wconf 89' lang='lat' dir='ltr'><strong>artes,</strong></span> <span class='ocrx_word' id='word_1_765' title='bbox 3355 3900 3676 3956; x_wconf 89' lang='lat' dir='ltr'><strong>omnemque</strong></span> <span class='ocrx_word' id='word_1_766' title='bbox 3719 3888 3817 3942; x_wconf 83' lang='lat' dir='ltr'><strong>ad-</strong></span> 
     </span>
    </p>
   </div>
   <div class='ocr_carea' id='block_1_98' title="bbox 2222 3965 3819 4044">
    <p class='ocr_par' dir='ltr' id='par_1_98' title="bbox 2222 3965 3819 4044">
     <span class='ocr_line' id='line_1_98' title="bbox 2222 3965 3819 4044; baseline 0.008 -24"><span class='ocrx_word' id='word_1_767' title='bbox 2222 3965 2438 4022; x_wconf 89' lang='lat' dir='ltr'><strong>bibebat</strong></span> <span class='ocrx_word' id='word_1_768' title='bbox 2487 3970 2800 4036; x_wconf 89' lang='lat' dir='ltr'><strong>versutiam,</strong></span> <span class='ocrx_word' id='word_1_769' title='bbox 2839 3980 2892 4025; x_wconf 91' lang='lat' dir='ltr'><strong>et</strong></span> <span class='ocrx_word' id='word_1_770' title='bbox 2933 3987 3033 4027; x_wconf 91' lang='lat' dir='ltr'><strong>nec</strong></span> <span class='ocrx_word' id='word_1_771' title='bbox 3073 3973 3144 4028; x_wconf 88' lang='lat' dir='ltr'><strong>ita</strong></span> <span class='ocrx_word' id='word_1_772' title='bbox 3185 3975 3397 4043; x_wconf 90' lang='lat' dir='ltr'><strong>quidem</strong></span> <span class='ocrx_word' id='word_1_773' title='bbox 3433 3977 3561 4044; x_wconf 88' lang='lat' dir='ltr'><strong>justi</strong></span> <span class='ocrx_word' id='word_1_774' title='bbox 3607 3977 3819 4033; x_wconf 86' lang='lat' dir='ltr'><strong>fortitu-</strong></span> 
     </span>
    </p>
   </div>
   <div class='ocr_carea' id='block_1_99' title="bbox 2220 4058 3816 4134">
    <p class='ocr_par' dir='ltr' id='par_1_99' title="bbox 2220 4058 3816 4134">
     <span class='ocr_line' id='line_1_99' title="bbox 2220 4058 3816 4134; baseline 0.009 -23"><span class='ocrx_word' id='word_1_775' title='bbox 2220 4058 2401 4114; x_wconf 91' lang='lat' dir='ltr'><strong>dinem</strong></span> <span class='ocrx_word' id='word_1_776' title='bbox 2433 4061 2720 4129; x_wconf 87' lang='lat' dir='ltr'><strong>superavit.</strong></span> <span class='ocrx_word' id='word_1_777' title='bbox 2755 4062 2820 4116; x_wconf 89' lang='lat' dir='ltr'><strong>Et</strong></span> <span class='ocrx_word' id='word_1_778' title='bbox 2845 4061 2932 4117; x_wconf 89' lang='lat' dir='ltr'><strong>hic</strong></span> <span class='ocrx_word' id='word_1_779' title='bbox 2956 4064 3169 4133; x_wconf 89' lang='lat' dir='ltr'><strong>quidem</strong></span> <span class='ocrx_word' id='word_1_780' title='bbox 3198 4081 3319 4120; x_wconf 93' lang='lat' dir='ltr'><strong>cum</strong></span> <span class='ocrx_word' id='word_1_781' title='bbox 3347 4067 3508 4120; x_wconf 92' lang='lat' dir='ltr'><strong>homo</strong></span> <span class='ocrx_word' id='word_1_782' title='bbox 3536 4070 3626 4134; x_wconf 88' lang='lat' dir='ltr'><strong>sit,</strong></span> <span class='ocrx_word' id='word_1_783' title='bbox 3672 4086 3816 4125; x_wconf 91' lang='lat' dir='ltr'><strong>nunc</strong></span> 
     </span>
    </p>
   </div>
   <div class='ocr_carea' id='block_1_100' title="bbox 2223 4151 3818 4222">
    <p class='ocr_par' dir='ltr' id='par_1_100' title="bbox 2223 4151 3818 4222">
     <span class='ocr_line' id='line_1_100' title="bbox 2223 4151 3818 4222; baseline 0.008 -16"><span class='ocrx_word' id='word_1_784' title='bbox 2223 4151 2490 4216; x_wconf 92' lang='lat' dir='ltr'><strong>irascitur,</strong></span> <span class='ocrx_word' id='word_1_785' title='bbox 2537 4169 2679 4209; x_wconf 92' lang='lat' dir='ltr'><strong>nunc</strong></span> <span class='ocrx_word' id='word_1_786' title='bbox 2717 4156 3054 4222; x_wconf 79' lang='lat' dir='ltr'><strong>conciliatur,</strong></span> <span class='ocrx_word' id='word_1_787' title='bbox 3102 4166 3158 4212; x_wconf 89' lang='lat' dir='ltr'><strong>et</strong></span> <span class='ocrx_word' id='word_1_788' title='bbox 3194 4167 3368 4213; x_wconf 87' lang='lat' dir='ltr'><strong>tamen</strong></span> <span class='ocrx_word' id='word_1_789' title='bbox 3400 4161 3590 4217; x_wconf 90' lang='lat' dir='ltr'><strong>timore</strong></span> <span class='ocrx_word' id='word_1_790' title='bbox 3625 4165 3818 4218; x_wconf 90' lang='lat' dir='ltr'><strong>mortui</strong></span> 
     </span>
    </p>
   </div>
   <div class='ocr_carea' id='block_1_101' title="bbox 2220 4242 3816 4324">
    <p class='ocr_par' dir='ltr' id='par_1_101' title="bbox 2220 4242 3816 4324">
     <span class='ocr_line' id='line_1_101' title="bbox 2220 4242 3816 4324; baseline 0.008 -29"><span class='ocrx_word' id='word_1_791' title='bbox 2220 4255 2424 4295; x_wconf 89' lang='lat' dir='ltr'><strong>sumus.</strong></span> <span class='ocrx_word' id='word_1_792' title='bbox 2491 4242 2642 4297; x_wconf 89' lang='lat' dir='ltr'><strong>Tunc</strong></span> <span class='ocrx_word' id='word_1_793' title='bbox 2694 4259 2824 4298; x_wconf 87' lang='lat' dir='ltr'><strong>vero</strong></span> <span class='ocrx_word' id='word_1_794' title='bbox 2868 4246 3114 4302; x_wconf 90' lang='lat' dir='ltr'><strong>diabolus</strong></span> <span class='ocrx_word' id='word_1_795' title='bbox 3155 4258 3272 4303; x_wconf 89' lang='lat' dir='ltr'><strong>erat</strong></span> <span class='ocrx_word' id='word_1_796' title='bbox 3324 4251 3661 4320; x_wconf 89' lang='lat' dir='ltr'><strong>impugnans,</strong></span> <span class='ocrx_word' id='word_1_797' title='bbox 3725 4255 3816 4324; x_wconf 88' lang='lat' dir='ltr'><strong>qtti</strong></span> 
     </span>
    </p>
   </div>
   <div class='ocr_carea' id='block_1_102' title="bbox 2220 4332 3816 4407">
    <p class='ocr_par' dir='ltr' id='par_1_102' title="bbox 2220 4332 3816 4407">
     <span class='ocr_line' id='line_1_102' title="bbox 2220 4332 3816 4407; baseline 0.009 -22"><span class='ocrx_word' id='word_1_798' title='bbox 2220 4347 2508 4401; x_wconf 89' lang='lat' dir='ltr'><strong>numquam</strong></span> <span class='ocrx_word' id='word_1_799' title='bbox 2563 4332 2840 4388; x_wconf 87' lang='lat' dir='ltr'><strong>hominum</strong></span> <span class='ocrx_word' id='word_1_800' title='bbox 2885 4345 3088 4391; x_wconf 75' lang='lat' dir='ltr'><strong>natura:</strong></span> <span class='ocrx_word' id='word_1_801' title='bbox 3126 4340 3463 4407; x_wconf 89' lang='lat' dir='ltr'><strong>conciliatur,</strong></span> <span class='ocrx_word' id='word_1_802' title='bbox 3491 4342 3585 4397; x_wconf 91' lang='lat' dir='ltr'><strong>sed</strong></span> <span class='ocrx_word' id='word_1_803' title='bbox 3619 4343 3816 4399; x_wconf 89' lang='lat' dir='ltr'><strong>bellum</strong></span> 
     </span>
    </p>
   </div>
   <div class='ocr_carea' id='block_1_103' title="bbox 2221 4421 3818 4500">
    <p class='ocr_par' dir='ltr' id='par_1_103' title="bbox 2221 4421 3818 4500">
     <span class='ocr_line' id='line_1_103' title="bbox 2221 4421 3818 4500; baseline 0.008 -25"><span class='ocrx_word' id='word_1_804' title='bbox 2221 4422 2336 4476; x_wconf 91' lang='lat' dir='ltr'><strong>sine</strong></span> <span class='ocrx_word' id='word_1_805' title='bbox 2380 4421 2606 4490; x_wconf 67' lang='lat' dir='ltr'><strong>ﬁndere,</strong></span> <span class='ocrx_word' id='word_1_806' title='bbox 2638 4433 2694 4479; x_wconf 92' lang='lat' dir='ltr'><strong>et</strong></span> <span class='ocrx_word' id='word_1_807' title='bbox 2724 4440 2955 4496; x_wconf 87' lang='lat' dir='ltr'><strong>pugnam</strong></span> <span class='ocrx_word' id='word_1_808' title='bbox 2992 4429 3108 4483; x_wconf 90' lang='lat' dir='ltr'><strong>siue</strong></span> <span class='ocrx_word' id='word_1_809' title='bbox 3141 4429 3369 4484; x_wconf 84' lang='lat' dir='ltr'><strong>induciis</strong></span> <span class='ocrx_word' id='word_1_810' title='bbox 3404 4433 3588 4500; x_wconf 90' lang='lat' dir='ltr'><strong>generi</strong></span> <span class='ocrx_word' id='word_1_811' title='bbox 3634 4445 3818 4490; x_wconf 86' lang='lat' dir='ltr'><strong>nostro</strong></span> 
     </span>
    </p>
   </div>
   <div class='ocr_carea' id='block_1_104' title="bbox 2223 4517 3816 4592">
    <p class='ocr_par' dir='ltr' id='par_1_104' title="bbox 2223 4517 3816 4592">
     <span class='ocr_line' id='line_1_104' title="bbox 2223 4517 3816 4592; baseline 0.006 -21"><span class='ocrx_word' id='word_1_812' title='bbox 2223 4517 2432 4582; x_wconf 80' lang='lat' dir='ltr'><strong>indixit,</strong></span> <span class='ocrx_word' id='word_1_813' title='bbox 2461 4525 2517 4572; x_wconf 90' lang='lat' dir='ltr'><strong>et</strong></span> <span class='ocrx_word' id='word_1_814' title='bbox 2547 4527 2722 4573; x_wconf 87' lang='lat' dir='ltr'><strong>tatnen</strong></span> <span class='ocrx_word' id='word_1_815' title='bbox 2754 4519 2921 4588; x_wconf 91' lang='lat' dir='ltr'><strong>ipsius</strong></span> <span class='ocrx_word' id='word_1_816' title='bbox 2946 4524 3170 4590; x_wconf 87' lang='lat' dir='ltr'><strong>sagittas</strong></span> <span class='ocrx_word' id='word_1_817' title='bbox 3189 4521 3367 4592; x_wconf 82' lang='lat' dir='ltr'><strong>justus</strong></span> <span class='ocrx_word' id='word_1_818' title='bbox 3397 4523 3605 4579; x_wconf 89' lang='lat' dir='ltr'><strong>derisit.</strong></span> <span class='ocrx_word' id='word_1_819' title='bbox 3647 4527 3816 4592; x_wconf 88' lang='lat' dir='ltr'><strong>Quam</strong></span> 
     </span>
    </p>
   </div>
   <div class='ocr_carea' id='block_1_105' title="bbox 2225 4609 3819 4682">
    <p class='ocr_par' dir='ltr' id='par_1_105' title="bbox 2225 4609 3819 4682">
     <span class='ocr_line' id='line_1_105' title="bbox 2225 4609 3819 4682; baseline 0.006 -18"><span class='ocrx_word' id='word_1_820' title='bbox 2225 4609 2385 4678; x_wconf 79' lang='lat' dir='ltr'><strong>igitur</strong></span> <span class='ocrx_word' id='word_1_821' title='bbox 2417 4625 2514 4663; x_wconf 92' lang='lat' dir='ltr'><strong>nos</strong></span> <span class='ocrx_word' id='word_1_822' title='bbox 2549 4611 2972 4674; x_wconf 80' lang='lat' dir='ltr'><strong>excusationem,</strong></span> <span class='ocrx_word' id='word_1_823' title='bbox 3014 4613 3100 4667; x_wconf 91' lang='lat' dir='ltr'><strong>vel</strong></span> <span class='ocrx_word' id='word_1_824' title='bbox 3136 4615 3348 4682; x_wconf 89' lang='lat' dir='ltr'><strong>qualem</strong></span> <span class='ocrx_word' id='word_1_825' title='bbox 3376 4618 3582 4671; x_wconf 87' lang='lat' dir='ltr'><strong>veniam</strong></span> <span class='ocrx_word' id='word_1_826' title='bbox 3623 4617 3819 4673; x_wconf 88' lang='lat' dir='ltr'><strong>habere</strong></span> 
     </span>
    </p>
   </div>
   <div class='ocr_carea' id='block_1_106' title="bbox 2225 4701 3816 4778">
    <p class='ocr_par' dir='ltr' id='par_1_106' title="bbox 2225 4701 3816 4778">
     <span class='ocr_line' id='line_1_106' title="bbox 2225 4701 3816 4778; baseline 0.005 -24"><span class='ocrx_word' id='word_1_827' title='bbox 2225 4715 2530 4770; x_wconf 79' lang='lat' dir='ltr'><strong>possumus,</strong></span> <span class='ocrx_word' id='word_1_828' title='bbox 2577 4701 2864 4754; x_wconf 87' lang='lat' dir='ltr'><strong>humanam</strong></span> <span class='ocrx_word' id='word_1_829' title='bbox 2915 4705 3265 4759; x_wconf 90' lang='lat' dir='ltr'><strong>tentatiouem</strong></span> <span class='ocrx_word' id='word_1_830' title='bbox 3297 4722 3403 4760; x_wconf 92' lang='lat' dir='ltr'><strong>non</strong></span> <span class='ocrx_word' id='word_1_831' title='bbox 3445 4708 3696 4774; x_wconf 85' lang='lat' dir='ltr'><strong>ferentes,</strong></span> <span class='ocrx_word' id='word_1_832' title='bbox 3730 4711 3816 4778; x_wconf 89' lang='lat' dir='ltr'><strong>qui</strong></span> 
     </span>
    </p>
   </div>
   <div class='ocr_carea' id='block_1_107' title="bbox 2226 4791 3813 4863">
    <p class='ocr_par' dir='ltr' id='par_1_107' title="bbox 2226 4791 3813 4863">
     <span class='ocr_line' id='line_1_107' title="bbox 2226 4791 3813 4863; baseline 0.006 -19"><span class='ocrx_word' id='word_1_833' title='bbox 2226 4800 2502 4858; x_wconf 87' lang='lat' dir='ltr'><strong>tantopere</strong></span> <span class='ocrx_word' id='word_1_834' title='bbox 2549 4791 2600 4844; x_wconf 92' lang='lat' dir='ltr'><strong>in</strong></span> <span class='ocrx_word' id='word_1_835' title='bbox 2649 4793 2816 4860; x_wconf 88' lang='lat' dir='ltr'><strong>gratia</strong></span> <span class='ocrx_word' id='word_1_836' title='bbox 2863 4791 3323 4863; x_wconf 86' lang='lat' dir='ltr'><strong>philosophantur,</strong></span> <span class='ocrx_word' id='word_1_837' title='bbox 3373 4811 3495 4850; x_wconf 92' lang='lat' dir='ltr'><strong>cum</strong></span> <span class='ocrx_word' id='word_1_838' title='bbox 3547 4798 3638 4854; x_wconf 89' lang='lat' dir='ltr'><strong>ille</strong></span> <span class='ocrx_word' id='word_1_839' title='bbox 3688 4810 3813 4853; x_wconf 89' lang='lat' dir='ltr'><strong>ante</strong></span> 
     </span>
    </p>
   </div>
   <div class='ocr_carea' id='block_1_108' title="bbox 2228 4884 3820 4953">
    <p class='ocr_par' dir='ltr' id='par_1_108' title="bbox 2228 4884 3820 4953">
     <span class='ocr_line' id='line_1_108' title="bbox 2228 4884 3820 4953; baseline 0.008 -17"><span class='ocrx_word' id='word_1_840' title='bbox 2228 4884 2474 4953; x_wconf 86' lang='lat' dir='ltr'><strong>gratiam,</strong></span> <span class='ocrx_word' id='word_1_841' title='bbox 2520 4894 2574 4937; x_wconf 90' lang='lat' dir='ltr'><strong>et</strong></span> <span class='ocrx_word' id='word_1_842' title='bbox 2621 4885 2672 4936; x_wconf 92' lang='lat' dir='ltr'><strong>in</strong></span> <span class='ocrx_word' id='word_1_843' title='bbox 2709 4885 2876 4940; x_wconf 89' lang='lat' dir='ltr'><strong>veteri</strong></span> <span class='ocrx_word' id='word_1_844' title='bbox 2916 4885 3264 4942; x_wconf 86' lang='lat' dir='ltr'><strong>Testamento</strong></span> <span class='ocrx_word' id='word_1_845' title='bbox 3294 4888 3425 4943; x_wconf 90' lang='lat' dir='ltr'><strong>illud</strong></span> <span class='ocrx_word' id='word_1_846' title='bbox 3475 4899 3580 4944; x_wconf 71' lang='lat' dir='ltr'><strong>tam</strong></span> <span class='ocrx_word' id='word_1_847' title='bbox 3633 4892 3820 4947; x_wconf 87' lang='lat' dir='ltr'><strong>intole-</strong></span> 
     </span>
    </p>
   </div>
   <div class='ocr_carea' id='block_1_109' title="bbox 2225 4975 3166 5046">
    <p class='ocr_par' dir='ltr' id='par_1_109' title="bbox 2225 4975 3166 5046">
     <span class='ocr_line' id='line_1_109' title="bbox 2225 4975 3166 5046; baseline 0.001 -16"><span class='ocrx_word' id='word_1_848' title='bbox 2225 4975 2392 5030; x_wconf 87' lang='lat' dir='ltr'><strong>rabile</strong></span> <span class='ocrx_word' id='word_1_849' title='bbox 2420 4975 2622 5031; x_wconf 90' lang='lat' dir='ltr'><strong>bellum</strong></span> <span class='ocrx_word' id='word_1_850' title='bbox 2653 4991 2914 5046; x_wconf 90' lang='lat' dir='ltr'><strong>generose</strong></span> <span class='ocrx_word' id='word_1_851' title='bbox 2945 4979 3166 5034; x_wconf 87' lang='lat' dir='ltr'><strong>tulerit?</strong></span> 
     </span>
    </p>
   </div>
   <div class='ocr_carea' id='block_1_110' title="bbox 2297 5066 3817 5144">
    <p class='ocr_par' dir='ltr' id='par_1_110' title="bbox 2297 5066 3817 5144">
     <span class='ocr_line' id='line_1_110' title="bbox 2297 5066 3817 5144; baseline 0.005 -22"><span class='ocrx_word' id='word_1_852' title='bbox 2297 5066 2442 5122; x_wconf 87' lang='lat' dir='ltr'><strong>Bona</strong></span> <span class='ocrx_word' id='word_1_853' title='bbox 2482 5069 2694 5122; x_wconf 90' lang='lat' dir='ltr'><strong>mutatio</strong></span> <span class='ocrx_word' id='word_1_854' title='bbox 2733 5085 2798 5122; x_wconf 76' lang='lat' dir='ltr'><strong>ea:</strong></span> <span class='ocrx_word' id='word_1_855' title='bbox 2840 5071 3130 5124; x_wconf 82' lang='lat' dir='ltr'><strong>calamitate</strong></span> <span class='ocrx_word' id='word_1_856' title='bbox 3169 5081 3335 5141; x_wconf 88' lang='lat' dir='ltr'><strong>parta.</strong></span> <span class='ocrx_word' id='word_1_857' title='bbox 3370 5102 3440 5111; x_wconf 96' lang='lat'><strong>—</strong></span> <span class='ocrx_word' id='word_1_858' title='bbox 3466 5072 3592 5128; x_wconf 61' lang='lat' dir='ltr'><strong>lla‘c</strong></span> <span class='ocrx_word' id='word_1_859' title='bbox 3638 5075 3817 5144; x_wconf 87' lang='lat' dir='ltr'><strong>igitur,</strong></span> 
     </span>
    </p>
   </div>
   <div class='ocr_carea' id='block_1_111' title="bbox 2225 5159 3821 5232">
    <p class='ocr_par' dir='ltr' id='par_1_111' title="bbox 2225 5159 3821 5232">
     <span class='ocr_line' id='line_1_111' title="bbox 2225 5159 3821 5232; baseline 0.004 -18"><span class='ocrx_word' id='word_1_860' title='bbox 2225 5160 2424 5224; x_wconf 90' lang='lat' dir='ltr'><strong>dilecti,</strong></span> <span class='ocrx_word' id='word_1_861' title='bbox 2461 5174 2672 5230; x_wconf 90' lang='lat' dir='ltr'><strong>semper</strong></span> <span class='ocrx_word' id='word_1_862' title='bbox 2710 5160 2847 5214; x_wconf 87' lang='lat' dir='ltr'><strong>inter</strong></span> <span class='ocrx_word' id='word_1_863' title='bbox 2870 5175 2966 5214; x_wconf 86' lang='lat' dir='ltr'><strong>nos</strong></span> <span class='ocrx_word' id='word_1_864' title='bbox 2995 5159 3342 5228; x_wconf 71' lang='lat' dir='ltr'><strong>disseramus,</strong></span> <span class='ocrx_word' id='word_1_865' title='bbox 3381 5175 3435 5216; x_wconf 84' lang='lat' dir='ltr'><strong>et</strong></span> <span class='ocrx_word' id='word_1_866' title='bbox 3457 5178 3550 5232; x_wconf 90' lang='lat' dir='ltr'><strong>per</strong></span> <span class='ocrx_word' id='word_1_867' title='bbox 3579 5163 3678 5218; x_wconf 89' lang='lat' dir='ltr'><strong>hos</strong></span> <span class='ocrx_word' id='word_1_868' title='bbox 3709 5181 3821 5220; x_wconf 89' lang='lat' dir='ltr'><strong>ser-</strong></span> 
     </span>
    </p>
   </div>
   <div class='ocr_carea' id='block_1_112' title="bbox 2229 5251 3817 5322">
    <p class='ocr_par' dir='ltr' id='par_1_112' title="bbox 2229 5251 3817 5322">
     <span class='ocr_line' id='line_1_112' title="bbox 2229 5251 3817 5322; baseline 0.002 -17"><span class='ocrx_word' id='word_1_869' title='bbox 2229 5267 2416 5307; x_wconf 85' lang='lat' dir='ltr'><strong>mones</strong></span> <span class='ocrx_word' id='word_1_870' title='bbox 2459 5267 2559 5307; x_wconf 90' lang='lat' dir='ltr'><strong>uos</strong></span> <span class='ocrx_word' id='word_1_871' title='bbox 2604 5253 2748 5321; x_wconf 88' lang='lat' dir='ltr'><strong>ipsos</strong></span> <span class='ocrx_word' id='word_1_872' title='bbox 2789 5251 3156 5308; x_wconf 86' lang='lat' dir='ltr'><strong>cxhortemur.</strong></span> <span class='ocrx_word' id='word_1_873' title='bbox 3223 5253 3432 5308; x_wconf 89' lang='lat' dir='ltr'><strong>Etenim</strong></span> <span class='ocrx_word' id='word_1_874' title='bbox 3488 5270 3585 5308; x_wconf 88' lang='lat' dir='ltr'><strong>vos</strong></span> <span class='ocrx_word' id='word_1_875' title='bbox 3633 5266 3817 5322; x_wconf 75' lang='lat' dir='ltr'><strong>testes,</strong></span> 
     </span>
    </p>
   </div>
   <div class='ocr_carea' id='block_1_113' title="bbox 2228 5347 3820 5416">
    <p class='ocr_par' dir='ltr' id='par_1_113' title="bbox 2228 5347 3820 5416">
     <span class='ocr_line' id='line_1_113' title="bbox 2228 5347 3820 5416; baseline 0.001 -15"><span class='ocrx_word' id='word_1_876' title='bbox 2228 5347 2659 5415; x_wconf 83' lang='lat' dir='ltr'><strong>conscientiaque</strong></span> <span class='ocrx_word' id='word_1_877' title='bbox 2704 5356 2913 5410; x_wconf 83' lang='lat' dir='ltr'><strong>vestra,</strong></span> <span class='ocrx_word' id='word_1_878' title='bbox 2963 5356 3216 5416; x_wconf 90' lang='lat' dir='ltr'><strong>quantum</strong></span> <span class='ocrx_word' id='word_1_879' title='bbox 3266 5361 3332 5401; x_wconf 80' lang='lat' dir='ltr'><strong>ex</strong></span> <span class='ocrx_word' id='word_1_880' title='bbox 3377 5347 3476 5400; x_wconf 90' lang='lat' dir='ltr'><strong>hac</strong></span> <span class='ocrx_word' id='word_1_881' title='bbox 3529 5349 3820 5402; x_wconf 87' lang='lat' dir='ltr'><strong>tentatione</strong></span> 
     </span>
    </p>
   </div>
   <div class='ocr_carea' id='block_1_114' title="bbox 2231 5438 3820 5493">
    <p class='ocr_par' dir='ltr' id='par_1_114' title="bbox 2231 5438 3820 5493">
     <span class='ocr_line' id='line_1_114' title="bbox 2231 5438 3820 5493; baseline 0.001 -2"><span class='ocrx_word' id='word_1_882' title='bbox 2231 5438 2469 5491; x_wconf 89' lang='lat' dir='ltr'><strong>utilitatis</strong></span> <span class='ocrx_word' id='word_1_883' title='bbox 2509 5438 2873 5492; x_wconf 89' lang='lat' dir='ltr'><strong>habuerimus.</strong></span> <span class='ocrx_word' id='word_1_884' title='bbox 2910 5439 3207 5492; x_wconf 88' lang='lat' dir='ltr'><strong>Dissolutus</strong></span> <span class='ocrx_word' id='word_1_885' title='bbox 3259 5440 3403 5492; x_wconf 90' lang='lat' dir='ltr'><strong>enim</strong></span> <span class='ocrx_word' id='word_1_886' title='bbox 3438 5440 3712 5493; x_wconf 90' lang='lat' dir='ltr'><strong>modestus</strong></span> <span class='ocrx_word' id='word_1_887' title='bbox 3745 5441 3820 5493; x_wconf 84' lang='lat' dir='ltr'><strong>fa-</strong></span> 
     </span>
    </p>
   </div>
   <div class='ocr_carea' id='block_1_115' title="bbox 2230 5529 3820 5600">
    <p class='ocr_par' dir='ltr' id='par_1_115' title="bbox 2230 5529 3820 5600">
     <span class='ocr_line' id='line_1_115' title="bbox 2230 5529 3820 5600; baseline -0.001 -16"><span class='ocrx_word' id='word_1_888' title='bbox 2230 5539 2346 5584; x_wconf 90' lang='lat' dir='ltr'><strong>ctus</strong></span> <span class='ocrx_word' id='word_1_889' title='bbox 2375 5539 2475 5593; x_wconf 91' lang='lat' dir='ltr'><strong>est,</strong></span> <span class='ocrx_word' id='word_1_890' title='bbox 2509 5529 2664 5584; x_wconf 78' lang='lat' dir='ltr'><strong>ferox-</strong></span> <span class='ocrx_word' id='word_1_891' title='bbox 2690 5529 2992 5595; x_wconf 87' lang='lat' dir='ltr'><strong>humanior,</strong></span> <span class='ocrx_word' id='word_1_892' title='bbox 3022 5529 3199 5600; x_wconf 88' lang='lat' dir='ltr'><strong>segnis</strong></span> <span class='ocrx_word' id='word_1_893' title='bbox 3223 5529 3527 5585; x_wconf 88' lang='lat' dir='ltr'><strong>studiosus:</strong></span> <span class='ocrx_word' id='word_1_894' title='bbox 3556 5530 3643 5598; x_wconf 91' lang='lat' dir='ltr'><strong>qui</strong></span> <span class='ocrx_word' id='word_1_895' title='bbox 3667 5546 3820 5585; x_wconf 81' lang='lat' dir='ltr'><strong>num-</strong></span> 
     </span>
    </p>
   </div>
   <div class='ocr_carea' id='block_1_116' title="bbox 2228 5620 3819 5693">
    <p class='ocr_par' dir='ltr' id='par_1_116' title="bbox 2228 5620 3819 5693">
     <span class='ocr_line' id='line_1_116' title="bbox 2228 5620 3819 5693; baseline 0.003 -19"><span class='ocrx_word' id='word_1_896' title='bbox 2228 5636 2386 5691; x_wconf 89' lang='lat' dir='ltr'><strong>quam</strong></span> <span class='ocrx_word' id='word_1_897' title='bbox 2417 5620 2697 5676; x_wconf 89' lang='lat' dir='ltr'><strong>ecclesiam</strong></span> <span class='ocrx_word' id='word_1_898' title='bbox 2726 5621 2986 5684; x_wconf 87' lang='lat' dir='ltr'><strong>viderant,</strong></span> <span class='ocrx_word' id='word_1_899' title='bbox 3016 5621 3109 5676; x_wconf 92' lang='lat' dir='ltr'><strong>sed</strong></span> <span class='ocrx_word' id='word_1_900' title='bbox 3147 5630 3285 5677; x_wconf 87' lang='lat' dir='ltr'><strong>totos</strong></span> <span class='ocrx_word' id='word_1_901' title='bbox 3308 5623 3358 5676; x_wconf 92' lang='lat' dir='ltr'><strong>in</strong></span> <span class='ocrx_word' id='word_1_902' title='bbox 3386 5621 3605 5676; x_wconf 80' lang='lat' dir='ltr'><strong>theatris</strong></span> <span class='ocrx_word' id='word_1_903' title='bbox 3634 5637 3819 5693; x_wconf 77' lang='lat' dir='ltr'><strong>exige-</strong></span> 
     </span>
    </p>
   </div>
   <div class='ocr_carea' id='block_1_117' title="bbox 2229 5715 3815 5783">
    <p class='ocr_par' dir='ltr' id='par_1_117' title="bbox 2229 5715 3815 5783">
     <span class='ocr_line' id='line_1_117' title="bbox 2229 5715 3815 5783; baseline -0.001 -12"><span class='ocrx_word' id='word_1_904' title='bbox 2229 5716 2517 5783; x_wconf 89' lang='lat' dir='ltr'><strong>bautdies,</strong></span> <span class='ocrx_word' id='word_1_905' title='bbox 2559 5731 2698 5771; x_wconf 93' lang='lat' dir='ltr'><strong>nunc</strong></span> <span class='ocrx_word' id='word_1_906' title='bbox 2726 5717 2777 5770; x_wconf 89' lang='lat' dir='ltr'><strong>in</strong></span> <span class='ocrx_word' id='word_1_907' title='bbox 2806 5715 3029 5770; x_wconf 88' lang='lat' dir='ltr'><strong>ecclesia</strong></span> <span class='ocrx_word' id='word_1_908' title='bbox 3061 5725 3167 5771; x_wconf 89' lang='lat' dir='ltr'><strong>tota</strong></span> <span class='ocrx_word' id='word_1_909' title='bbox 3209 5716 3296 5771; x_wconf 91' lang='lat' dir='ltr'><strong>die</strong></span> <span class='ocrx_word' id='word_1_910' title='bbox 3337 5725 3634 5771; x_wconf 83' lang='lat' dir='ltr'><strong>morantur.</strong></span> <span class='ocrx_word' id='word_1_911' title='bbox 3683 5715 3815 5771; x_wconf 86' lang='lat' dir='ltr'><strong>Pro-</strong></span> 
     </span>
    </p>
   </div>
   <div class='ocr_carea' id='block_1_118' title="bbox 2230 5806 3828 5878">
    <p class='ocr_par' dir='ltr' id='par_1_118' title="bbox 2230 5806 3828 5878">
     <span class='ocr_line' id='line_1_118' title="bbox 2230 5806 3828 5878; baseline 0.001 -18"><span class='ocrx_word' id='word_1_912' title='bbox 2230 5817 2486 5877; x_wconf 88' lang='lat' dir='ltr'><strong>ptercane</strong></span> <span class='ocrx_word' id='word_1_913' title='bbox 2538 5807 2696 5878; x_wconf 86' lang='lat' dir='ltr'><strong>igitur</strong></span> <span class='ocrx_word' id='word_1_914' title='bbox 2722 5807 2891 5872; x_wconf 89' lang='lat' dir='ltr'><strong>doles,</strong></span> <span class='ocrx_word' id='word_1_915' title='bbox 2935 5807 3075 5877; x_wconf 91' lang='lat' dir='ltr'><strong>quod</strong></span> <span class='ocrx_word' id='word_1_916' title='bbox 3108 5817 3157 5860; x_wconf 90' lang='lat' dir='ltr'><strong>te</strong></span> <span class='ocrx_word' id='word_1_917' title='bbox 3198 5806 3419 5875; x_wconf 88' lang='lat' dir='ltr'><strong>probum</strong></span> <span class='ocrx_word' id='word_1_918' title='bbox 3451 5808 3641 5861; x_wconf 87' lang='lat' dir='ltr'><strong>timore</strong></span> <span class='ocrx_word' id='word_1_919' title='bbox 3681 5807 3828 5862; x_wconf 72' lang='lat' dir='ltr'><strong>Deus</strong></span> 
     </span>
    </p>
   </div>
   <div class='ocr_carea' id='block_1_119' title="bbox 2231 5899 3818 5971">
    <p class='ocr_par' dir='ltr' id='par_1_119' title="bbox 2231 5899 3818 5971">
     <span class='ocr_line' id='line_1_119' title="bbox 2231 5899 3818 5971; baseline 0.001 -16"><span class='ocrx_word' id='word_1_920' title='bbox 2231 5899 2502 5956; x_wconf 81' lang='lat' dir='ltr'><strong>reddidit?</strong></span> <span class='ocrx_word' id='word_1_921' title='bbox 2546 5899 2688 5970; x_wconf 88' lang='lat' dir='ltr'><strong>quod</strong></span> <span class='ocrx_word' id='word_1_922' title='bbox 2735 5909 2786 5956; x_wconf 89' lang='lat' dir='ltr'><strong>te</strong></span> <span class='ocrx_word' id='word_1_923' title='bbox 2834 5915 2928 5971; x_wconf 88' lang='lat' dir='ltr'><strong>per</strong></span> <span class='ocrx_word' id='word_1_924' title='bbox 2963 5899 3359 5956; x_wconf 84' lang='lat' dir='ltr'><strong>tribulationem</strong></span> <span class='ocrx_word' id='word_1_925' title='bbox 3403 5899 3472 5954; x_wconf 86' lang='lat' dir='ltr'><strong>ad</strong></span> <span class='ocrx_word' id='word_1_926' title='bbox 3501 5909 3602 5955; x_wconf 79' lang='lat' dir='ltr'><strong>tua:</strong></span> <span class='ocrx_word' id='word_1_927' title='bbox 3632 5901 3818 5956; x_wconf 70' lang='lat' dir='ltr'><strong>salutis</strong></span> 
     </span>
    </p>
   </div>
  </div>
