4458 6732
803 483 875 539 ω
1513 486 1571 541 S.
1599 484 1879 543 JOANNIS
1916 485 2395 542 CllltYSOSTOMI
2435 485 2753 542 ARCHIEP.
2793 485 3325 552 CONSTANTINOP.
4028 508 4104 565 σα

804 610 1020 650 sensum
1063 594 1359 664 perduxit?
1406 596 1510 651 Sed
1569 607 1850 667 torquetur
1897 599 2221 654 conscientia
2273 602 2399 651 tua?

804 690 900 741 sed
924 685 1159 757 quotidie
1187 690 1492 757 percellitur
1516 705 1669 745 mens
1694 700 1783 745 tua
1817 700 2051 749 mortem
2079 701 2398 762 exspectans

803 786 860 831 et
896 778 1069 832 minas
1098 780 1399 833 maximas?
1436 781 1508 834 At
1536 779 1660 837 hinc
1680 797 1893 853 quoque
1919 784 2073 839 nobis
2102 797 2289 852 magna
2330 782 2398 837 ad

803 867 1053 923 virtutem
1079 870 1315 923 accessio
1343 870 1469 936 erit,
1496 883 1777 929 crescente
1805 875 1957 929 nobis
1986 890 2079 944 per
2100 873 2398 944 angustiam

801 956 1083 1027 religione.
1125 958 1307 1014 Potest
1346 962 1488 1016 enim
1536 963 1677 1020 Deus
1712 967 1891 1019 omnia
1927 966 2107 1035 gravia
2148 964 2249 1019 hac
2285 964 2398 1035 ipsa

801 1046 891 1102 die
939 1049 1168 1115 solvere,
1212 1052 1307 1107 sed
1340 1053 1512 1110 donec
1542 1070 1641 1110 nos
1678 1066 1930 1125 purgatos
1975 1056 2176 1122 videat,
2221 1056 2397 1114 donec

800 1138 981 1194 videat
1022 1139 1214 1196 iactam
1249 1144 1674 1208 conversionem,
1705 1154 1760 1200 et
1786 1146 2156 1214 paenitentiam
2190 1148 2396 1203 lirmam

780 1239 856 1284 et
880 1231 1271 1299 inconcussam,
1314 1250 1421 1289 non
1459 1236 1702 1292 dissolvit
1740 1238 2159 1295 tribulationem.
2186 1241 2397 1296 Etenim

799 1322 1002 1377 aurifex
1029 1322 1200 1380 donec
1224 1339 1412 1380 aurum
1440 1327 1578 1383 bene
1605 1338 1885 1399 purgatum
1915 1330 2127 1393 viderit,
2165 1332 2234 1387 de
2268 1346 2398 1387 con-

780 1409 1013 1468 -llatorio
1038 1428 1143 1470 non
1171 1417 1407 1471 extrahit
1438 1435 1452 1470 :
1484 1418 1563 1473 sic
1589 1428 1644 1473 et
1684 1418 1829 1474 Deus
1869 1434 1975 1474 nou
2004 1419 2223 1475 abducit
2257 1419 2398 1477 hanc

800 1503 1019 1570 nubem,
1060 1504 1236 1560 donec
1275 1521 1372 1562 nos
1416 1508 1627 1576 penitus
1665 1508 2049 1565 emendaverit.
2100 1510 2202 1579 Qui
2249 1512 2393 1568 enim

800 1596 1147 1651 tentationcm
1177 1596 1440 1665 permisit,
1489 1597 1604 1666 ipse
1643 1598 1794 1653 novit
1834 1609 1891 1655 et
1934 1602 2242 1657 tentationis
2281 1603 2399 1658 sol-

804 1686 990 1740 vendre
1042 1695 1273 1756 tempus.
1315 1687 1384 1741 Et
1424 1687 1562 1743 sicut
1590 1689 1919 1746 citharoedus
1965 1706 2139 1762 neque
2172 1710 2395 1749 nervum

793 1776 1043 1844 intendit,
1083 1786 1145 1831 ut
1171 1792 1280 1833 non
1304 1778 1607 1850 abrumpat,
1654 1796 1824 1850 neque
1848 1782 2074 1837 remittit
2104 1784 2243 1838 ultra
2281 1799 2397 1838 mo-

796 1867 947 1932 dum,
1012 1882 1083 1924 ne
1123 1867 1419 1925 harmoniae
1458 1881 1774 1927 concentum
1824 1871 1985 1927 lzedat
2018 1890 2033 1927 :
2062 1874 2142 1929 sic
2170 1883 2225 1929 et
2253 1874 2394 1928 Deus

792 1959 921 2028 agit,
953 1973 1127 2028 neque
1150 1958 1204 2012 in
1233 1959 1555 2016 remissione
1582 1962 1859 2028 continua,
1903 1978 2005 2019 nec
2031 1964 2083 2019 in
2110 1965 2266 2034 longa
2302 1964 2393 2018 tri-

791 2048 1066 2104 bulatione
1116 2057 1354 2104 nostram
1422 2052 1705 2106 constituit
1754 2053 2022 2120 animam,
2096 2054 2389 2109 secundum

789 2156 941 2196 suam
980 2140 1315 2211 prudentiam
1366 2150 1653 2213 utrumque
1683 2143 1886 2201 faciens
1916 2162 1931 2199 :
1958 2160 2064 2200 non
2091 2146 2220 2200 sinit
2245 2146 2389 2200 enim

791 2249 891 2288 nos
913 2235 1163 2289 continua
1193 2236 1349 2305 potiri
1376 2237 1716 2302 remissione,
1763 2254 1833 2293 ne
1858 2239 2133 2309 segniores
2165 2239 2387 2304 ﬁamus;

789 2340 896 2379 non
926 2326 1053 2379 sinit
1072 2336 1250 2381 autem
1281 2339 1493 2381 rursum
1523 2328 1575 2382 in
1599 2330 1850 2383 continua
1873 2344 1994 2387 esse
2023 2329 2386 2398 tribulatione,

788 2430 857 2470 ne
882 2415 1387 2483 concidamus,neve
1411 2416 1776 2487 desperemus.

863 2510 917 2564 3.
944 2508 1046 2577 Ipsi
1076 2508 1234 2579 igitur
1260 2509 1597 2565 adversitatis
1621 2510 1867 2566 ﬁniendze
1885 2520 2096 2582 tempus
2116 2514 2390 2584 relinqua-

786 2615 931 2666 mus,
952 2616 1052 2656 nos
1073 2616 1199 2657 vero
1218 2610 1421 2656 tantum
1440 2615 1743 2671 precemur,
1758 2618 1858 2658 nos
1876 2603 1932 2658 in
1951 2606 2230 2661 sanctitate
2245 2605 2390 2661 viva-

787 2704 927 2745 mus.
954 2688 1101 2759 Opus
1120 2690 1262 2746 enim
1288 2699 1526 2747 nostrum
1543 2691 1610 2747 ad
1638 2691 1889 2748 virtutem
1910 2695 2125 2759 mutari,
2146 2695 2239 2751 Dei
2259 2711 2389 2751 vero

785 2797 944 2853 opus,
977 2784 1130 2838 malis
1168 2784 1480 2854 urgentibus
1518 2786 1681 2842 linem
1718 2786 2017 2857 imponere.
2041 2788 2251 2842 Etenim
2272 2788 2388 2857 ipse

788 2874 980 2943 magis,
1024 2889 1182 2943 quam
1223 2884 1275 2928 tu
1294 2875 1384 2944 qui
1408 2877 1650 2943 tentaris,
1700 2875 1802 2932 hoc
1836 2876 2137 2932 incendium
2176 2878 2385 2933 exstin-

793 2981 959 3037 guere
999 2967 1132 3031 vult.
1161 2967 1255 3022 sed
1300 2969 1527 3024 salutem
1549 2977 1692 3023 tuam
1713 2978 2005 3039 exspectat.
2036 2969 2187 3025 Sicut
2227 2971 2388 3041 igitur

785 3072 854 3112 ex
872 3057 1184 3113 remissione
1203 3058 1472 3113 tribulatio
1488 3060 1624 3113 facta
1640 3068 1744 3127 est,
1767 3061 1845 3116 sic
1856 3074 1922 3115 ex
1942 3061 2281 3117 tribulatione
2301 3078 2387 3117 re-

792 3151 1104 3205 missionem
1129 3160 1442 3221 exspeetare
1469 3154 1737 3208 convenit.
1768 3152 1951 3223 Neque
1977 3154 2123 3209 enim
2167 3168 2383 3225 semper

783 3240 980 3304 hiems,
1026 3254 1201 3310 neque
1227 3255 1442 3310 semper
1464 3250 1642 3308 testas,
1690 3258 1863 3313 neque
1891 3258 2106 3313 semper
2129 3245 2383 3313 procella,

783 3347 959 3404 neque
986 3347 1199 3404 semper
1237 3333 1614 3401 tranquillitas,
1660 3349 1765 3389 non
1805 3349 2024 3405 semper
2053 3350 2182 3402 nox,
2211 3350 2386 3405 neque

779 3439 996 3495 semper
1031 3424 1147 3481 dies
1176 3442 1191 3479 :
1223 3426 1302 3480 sic
1337 3440 1509 3495 neque
1545 3440 1761 3495 semper
1799 3426 2094 3493 tribulatio,
2140 3426 2236 3482 sed
2281 3430 2384 3482 erit

777 3528 834 3575 et
875 3516 1142 3583 remissio,
1190 3516 1235 3570 si
1282 3523 1487 3570 tantmn
1535 3517 1589 3569 in
1635 3515 1978 3573 tribulatione
2027 3518 2137 3572 Deo
2182 3518 2382 3587 gratias

777 3624 991 3680 semper
1016 3621 1259 3679 agamus.
1292 3604 1425 3660 Nam
1454 3615 1562 3660 tres
1589 3608 1642 3660 in
1670 3607 1937 3661 fornacem
1970 3608 2117 3675 pueri
2148 3607 2378 3677 conjecti

778 3709 944 3754 sunt:
976 3707 1153 3754 etnec
1177 3697 1249 3751 ita
1280 3695 1552 3765 religionis
1592 3695 1745 3750 obliti
1778 3704 1923 3760 sunt,
1958 3710 2059 3752 nec
2098 3697 2241 3766 ipsos
2267 3706 2378 3751 ter-

778 3792 887 3846 ruit
914 3790 1148 3853 llamma,
1173 3786 1268 3843 sed
1297 3787 1384 3853 iis,
1411 3787 1502 3857 qui
1526 3787 1578 3841 in
1601 3786 1849 3841 cnbiculo
1869 3786 2140 3851 sederent,
2169 3796 2224 3842 et
2242 3787 2376 3842 nihil

777 3899 941 3956 grave
981 3889 1312 3952 paterentur,
1357 3878 1671 3945 studiosius,
1722 3878 1845 3948 igne
1884 3878 2010 3933 licet
2038 3877 2371 3943 circumdati,

778 3989 961 4030 sacras
987 3973 1103 4027 illas
1120 3985 1306 4042 preces
1326 3967 1662 4025 emittebant.
1692 3967 1817 4023 Ideo
1834 3983 2018 4022 murus
2049 3968 2181 4037 ipsis
2203 3967 2376 4023 factus

779 4073 865 4120 est
892 4063 1048 4133 ignis,
1078 4070 1131 4116 et
1157 4061 1321 4115 vestis
1348 4058 1586 4123 ﬂamma,
1617 4068 1673 4113 et
1697 4058 1816 4113 fons
1845 4056 2031 4111 l’ornax
2062 4074 2075 4109 :
2107 4067 2160 4112 et
2186 4057 2377 4127 ligatos

777 4166 1032 4225 acceptos
1060 4154 1267 4209 solutos
1287 4151 1538 4217 reddidit,
1584 4150 1825 4205 mortalia
1862 4151 2098 4219 suscepit
2124 4164 2374 4219 corpora,

778 4255 835 4301 et
893 4257 1160 4314 tamquam
1203 4243 1597 4299 immortalibus
1646 4242 1933 4307 abstinuit;
1994 4256 2102 4295 non
2160 4240 2379 4310 agnovit

782 4347 1057 4402 naturam,
1105 4334 1199 4389 sed
1241 4334 1423 4403 pietati
1469 4333 1828 4389 reverentiam
1879 4331 2165 4387 exhibuit:
2208 4331 2378 4384 vinxit

781 4427 944 4497 pedes
972 4435 1253 4496 tyrannus,
1282 4432 1340 4478 et
1363 4422 1501 4493 ignis
1526 4423 1633 4475 vim
1663 4421 1827 4491 pedes
1853 4422 2157 4476 vinxerunt.
2189 4418 2234 4475 Ο
2260 4435 2375 4473 rem

780 4518 1178 4574 admirabilem!
1200 4518 1407 4572 vinctos
1421 4516 1579 4571 solvit
1597 4514 1834 4579 flamma,
1862 4524 1916 4570 et
1942 4515 2055 4584 ipsa
2074 4515 2143 4570 de
2169 4515 2375 4584 reliquo

780 4626 810 4664 a
840 4610 1029 4665 vinctis
1065 4609 1242 4663 vincta
1293 4616 1376 4663 est
1408 4623 1422 4661 :
1455 4606 1679 4661 mutavit
1721 4606 1865 4660 enim
1907 4620 2083 4660 rerum
2129 4614 2371 4659 naturam

778 4701 1298 4757 adolescentulorum
1348 4698 1552 4769 pietas;
1611 4697 1722 4751 imo
1779 4709 1908 4751 vero
1960 4712 2066 4751 non
2129 4705 2372 4750 naturam

778 4794 1021 4858 mutavit,
1066 4790 1161 4846 sed
1204 4789 1347 4861 quod
1394 4798 1510 4845 erat
1532 4788 1846 4851 mirabilius,
1880 4788 2238 4858 permanentis
2274 4802 2371 4841 na-

779 4896 915 4942 tum
950 4885 1056 4939 vim
1085 4884 1375 4952 repressit:
1406 4897 1511 4936 non
1540 4882 1683 4936 enim
1723 4882 1899 4951 ignem
1945 4879 2232 4946 exstinxit,
2276 4880 2372 4935 sed

776 4978 1055 5035 ardentem
1100 4973 1425 5030 inefﬁcacem
1464 4973 1735 5029 reddidit:
1763 4972 1984 5041 etquod
2010 4980 2094 5027 est
2128 4972 2373 5028 mirabile

779 5084 844 5123 ac
865 5066 1209 5137 stupendum,
1239 5079 1346 5119 non
1378 5065 1429 5118 in
1459 5065 1655 5120 sanctis
1693 5073 1896 5118 tantum
1926 5062 2244 5131 corporibus
2270 5063 2373 5118 hoc

778 5160 974 5214 factum
1013 5167 1115 5222 est,
1162 5154 1258 5211 sed
1286 5163 1339 5209 et
1368 5155 1421 5207 in
1450 5154 1782 5209 vestimentis
1812 5154 2051 5221 ipsorum
2077 5162 2132 5207 et
2163 5152 2373 5207 calcea-

780 5252 1014 5306 mentis:
1045 5258 1101 5305 et
1142 5249 1281 5303 sicut
1312 5247 1363 5301 in
1390 5245 1665 5315 apostolis,
1697 5245 2010 5299 vestimenta
2038 5243 2184 5298 Pauli
2219 5244 2375 5312 aegri-

778 5340 990 5396 tudines
1007 5348 1062 5393 et
1083 5338 1353 5394 daemones
1380 5336 1669 5407 pellebant,
1689 5342 1744 5389 et
1766 5335 1907 5388 Petri
1929 5334 2114 5389 umbra
2142 5343 2372 5388 mortem

777 5432 995 5503 fugabat
1023 5446 1038 5486 :
1067 5430 1146 5484 sic
1182 5430 1343 5483 etiam
1386 5429 1474 5484 hic
1515 5442 1804 5498 puerorum
1834 5426 2196 5481 calceamenta
2238 5422 2374 5493 ignis

780 5527 1029 5580 virtutem
1046 5520 1432 5577 exstinxerunt.
1449 5519 1640 5575 Nescio
1654 5517 1923 5589 quomodo
1933 5516 2131 5572 dicam:
2150 5515 2375 5570 miracuo

777 5618 889 5671 lum
918 5628 1133 5670 omnem
1150 5609 1435 5665 verborum
1455 5610 1815 5665 narrationem
1855 5608 2201 5664 transcendit.
2238 5606 2370 5661 Nam

778 5709 858 5761 vis
885 5715 1001 5761 erat
1025 5703 1316 5768 exstincta,
1348 5710 1403 5756 et
1432 5716 1538 5756 non
1565 5701 1860 5756 exstincta:
1891 5716 2012 5755 cum
2054 5701 2199 5755 etaim
2226 5699 2369 5755 circa

783 5809 1081 5852 sanctorum
1101 5796 1311 5850 illorum
1339 5808 1564 5864 corpora
1585 5792 1912 5859 versabatur,
1931 5804 2046 5847 erat
2071 5792 2368 5847 exstincta:

783 5904 905 5943 cum
934 5903 1057 5943 vero
1101 5886 1311 5942 vincula
1355 5886 1660 5955 dirumpere
1700 5883 1954 5954 oportuit,
1988 5897 2093 5938 non
2122 5890 2237 5938 erat
2266 5896 2365 5935 ex-

2509 602 2701 654 stincta
2731 617 2743 654 :
2773 603 3060 671 compedes
3085 606 3245 675 igitur
3271 608 3491 679 dirupit,
3520 617 3573 664 et
3602 607 3738 664 talos
3768 627 3872 668 non
3904 621 4093 689 tetigit.

2506 689 2696 746 Vidisti
2732 701 2927 761 quanta
2975 696 3379 766 propinquitas?
3421 700 3604 769 Neque
3649 700 3696 752 vi
3729 716 3821 755 sua
3860 707 4100 772 privatus

2502 788 2587 834 est
2630 782 2788 851 ignis,
2818 795 2991 851 neque
3030 784 3169 838 ultra
3216 789 3421 842 vincula
3455 788 3744 858 procedere
3787 806 3947 845 ausus
3978 794 4095 850 fuit.

2506 869 2689 927 Vinxit
2730 882 3007 943 tyrannus,
3055 882 3111 929 et
3151 874 3365 934 flamma
3413 880 3652 945 resolvit,
3687 889 3746 933 ut
3786 890 3841 935 et
3879 881 4097 938 barbari

2504 960 2875 1016 crudelitatem
2909 960 3107 1030 discas,
3157 973 3214 1021 et
3254 967 3505 1024 elementi
3548 966 3925 1025 obedientiam.
3981 971 4097 1039 Qua

2504 1065 2632 1105 vero
2651 1065 2811 1106 causa
2838 1050 2890 1104 in
2920 1051 3096 1122 ignem
3126 1055 3390 1114 missurus
3413 1073 3509 1115 eos
3533 1058 3750 1127 ligavit?
3773 1058 3840 1115 Ut
3858 1060 4100 1115 miracu-

2504 1139 2613 1195 lum
2643 1139 2795 1195 fieret
2822 1141 3017 1210 majus,
3062 1153 3121 1198 ut
3163 1147 3461 1204 mirabilius
3503 1148 3733 1217 signum,
3762 1165 3830 1205 ne
3877 1161 4097 1221 putares

2502 1246 2625 1288 esse
2649 1232 2926 1287 oculorum
2942 1247 3185 1292 errorem
3209 1253 3271 1293 ea
3296 1256 3415 1310 qua:
3439 1239 3755 1298 videbantur
3777 1257 3791 1293 :
3825 1243 3926 1297 nisi
3950 1244 4093 1297 enim

2502 1324 2641 1394 ignis
2667 1324 2756 1379 ille
2779 1324 2913 1394 ignis
2942 1324 3151 1392 fuisset,
3180 1331 3390 1385 vincula
3417 1346 3523 1386 non
3553 1330 3957 1401 absumpsisset,
3983 1351 4095 1391 non

2501 1416 2741 1471 exterius
2783 1415 3035 1471 sedentes
3078 1418 3296 1486 milites,
3341 1422 3483 1491 quod
3532 1421 3699 1474 multo
3756 1425 3921 1491 magis
3973 1425 4092 1493 fuit,

2500 1508 2763 1577 rapuisset
2801 1524 2815 1561 :
2867 1523 3009 1562 nunc
3052 1519 3230 1563 autem
3284 1513 3639 1568 exterioribus
3679 1511 3894 1582 quidem
3940 1516 4045 1569 vim
4071 1558 4091 1583 ,

2500 1595 2842 1651 interioribus
2863 1611 2995 1651 vero
3022 1597 3382 1654 obedientiam
3415 1601 3682 1656 exhibuit.
3708 1599 3790 1655 Tu
3812 1616 3940 1656 vero
3962 1604 4093 1660 mihi

2498 1686 2777 1741 considera
2826 1686 3043 1758 ubique,
3088 1690 3361 1761 quomodo
3402 1691 3644 1745 diabolus
3688 1706 3786 1760 per
3828 1706 3946 1761 qua:
3994 1693 4092 1749 Dei

2497 1790 2686 1830 servos
2728 1776 3025 1848 impugnat,
3068 1796 3162 1851 per
3204 1780 3319 1835 haec
3362 1781 3631 1850 propriam
3676 1782 3783 1835 vim
3827 1782 4089 1849 destruat,

2497 1878 2606 1918 non
2632 1866 2822 1922 volens
2862 1868 3103 1938 quidem,
3137 1871 3229 1925 sed
3254 1871 3347 1925 Dei
3384 1870 3643 1950 sapientia
3675 1880 3726 1925 et
3756 1873 4088 1941 providentia

2495 1956 2637 2012 illius
2682 1958 2849 2014 armis
2884 1969 2939 2014 et
2962 1961 3165 2015 artibus
3203 1961 3255 2015 in
3302 1961 3464 2030 ipsius
3492 1969 3651 2031 caput
3690 1972 3872 2019 uteute
3901 1983 3915 2018 :
3944 1967 4087 2035 quod

2493 2047 2713 2117 quidem
2758 2058 2813 2105 et
2850 2049 2938 2105 hic
2981 2049 3175 2105 factum
3220 2060 3323 2105 est.
3356 2049 3609 2105 Diabolus
3651 2052 3793 2108 enim
3824 2054 3931 2111 illic
3961 2065 4091 2111 tunc

2496 2148 2725 2210 tyranno
2751 2156 2813 2198 se
2849 2141 3148 2207 insinuans,
3193 2158 3367 2212 neque
3414 2143 3556 2199 ferro
3584 2155 3886 2201 sanctorum
3914 2148 4086 2218 capita

2492 2231 2734 2286 abscindi
2763 2234 3026 2303 permisit,
3057 2248 3229 2302 neque
3258 2234 3443 2287 bestiis
3466 2235 3621 2300 tradi,
3650 2252 3821 2305 neque
3848 2238 3957 2291 ullo
3977 2238 4088 2293 alio

2494 2323 2586 2377 tali
2610 2324 2772 2379 modo
2802 2326 2978 2394 puniri
3004 2343 3018 2380 :
3050 2326 3143 2381 sed
3174 2326 3225 2380 in
3255 2325 3429 2396 ignem
3454 2326 3597 2397 injici
3620 2329 3806 2393 suasit,
3832 2338 3891 2383 ut
3913 2344 4089 2398 neque

2493 2413 2737 2483 reliquiae
2783 2414 2996 2469 illorum
3032 2424 3339 2471 sanctorum
3386 2426 3749 2480 remanerent,
3789 2418 3919 2486 ipsis
3956 2434 4086 2472 cor-

2493 2503 2715 2572 poribus
2738 2507 3092 2574 consumptis,
3124 2514 3180 2560 et
3220 2506 3455 2575 ipsorum
3482 2505 3664 2560 cinere
3692 2522 3811 2561 eum
3836 2522 4086 2563 sarmen-

2492 2604 2671 2651 torum
2718 2595 2900 2651 cinere
2947 2597 3278 2652 commixto:
3311 2597 3450 2651 Deus
3497 2608 3675 2652 autem
3723 2597 3824 2653 hoc
3868 2601 3984 2669 ipso
4017 2603 4085 2656 ad

2490 2685 2781 2755 impietatis
2810 2687 3226 2743 destructionem
3254 2701 3380 2741 usus
3405 2696 3509 2753 est,
3543 2698 3599 2744 et
3634 2704 3700 2743 eo
3729 2691 3887 2745 modo
3924 2706 4084 2762 quem

2489 2791 2591 2847 ego
2614 2793 2739 2833 mox
2773 2778 2947 2833 dicam

2560 2866 2709 2940 Ignis
2733 2868 2872 2940 apud
2902 2867 3088 2922 Persas
3114 2869 3236 2921 deus
3265 2878 3493 2938 putatur.
3520 2898 3586 2909 —
3627 2868 3767 2923 Deus
3792 2869 3929 2939 apud
3952 2869 4084 2925 Per-

2491 2972 2582 3013 sas
2614 2959 2752 3029 ignis
2789 2974 2909 3015 esse
2938 2969 3186 3028 putatur,
3224 2958 3506 3030 ipsumque
3544 2960 3713 3014 multo
3738 2961 3881 3014 cultu
3923 2977 4083 3015 vene-

2491 3058 2676 3104 rantur
2696 3048 2856 3104 etiam
2884 3063 3022 3103 nunc
3049 3048 3259 3103 barbari
3288 3050 3557 3119 regionem
3587 3050 3729 3103 illam
3762 3049 4078 3105 habitantes.

2489 3139 2690 3195 Volens
2740 3141 2900 3209 igitur
2952 3140 3091 3194 Deus
3155 3141 3412 3198 radicitus
3466 3140 3750 3210 impietatis
3802 3142 4078 3195 materiam

2488 3230 2726 3293 auferre,
2759 3231 3025 3284 concessit
3055 3229 3356 3300 liujnsmodi
3398 3243 3569 3300 paena:
3599 3229 3813 3283 modum
3832 3270 3849 3296 ,
3878 3240 3936 3285 ut
3969 3246 4080 3301 pra:

2488 3321 2657 3375 oculis
2672 3320 2912 3375 omnium
2938 3321 3110 3389 ipsum
3130 3320 3418 3373 colentium
3440 3359 3454 3382 ,
3480 3319 3648 3373 servis
3671 3320 3782 3372 suis
3804 3320 4077 3373 victoriam

2486 3412 2752 3467 conferret
2780 3430 2793 3464 :
2826 3428 2921 3481 per
2963 3412 3074 3480 ipsa
3120 3425 3279 3478 opera
3320 3409 3450 3478 ipsis
3494 3408 3813 3478 persuadere
3858 3411 4075 3474 volens,

2484 3504 2626 3575 quod
2665 3504 2941 3575 gentilium
2989 3502 3061 3556 dii
3112 3516 3215 3555 non
3261 3500 3429 3556 Deum
3480 3510 3713 3566 tantum,
3760 3501 3854 3556 sed
3901 3510 3955 3555 et
3982 3502 4073 3556 Dei

2483 3610 2671 3650 servos
2702 3595 2943 3648 timeant.

2558 3689 2610 3743 4.
2632 3686 2701 3741 Ει
2722 3685 3002 3741 considera
3035 3683 3270 3738 victoriae
3299 3698 3549 3738 coronam
3569 3698 3665 3752 per
3679 3685 3944 3738 contraria
3963 3693 4075 3740 tex-

2483 3787 2614 3844 tam,
2646 3786 2702 3831 et
2723 3775 2889 3831 factos
2906 3774 3090 3844 tropzni
3124 3782 3289 3828 testes
3314 3774 3459 3843 ipsos
3482 3774 3744 3828 inimicos.
3769 3773 4071 3839 illisiteuim,

2483 3869 2675 3938 inquit,
2698 3866 3166 3921 Nabuchodonosor
3183 3882 3272 3919 rea:
3281 3865 3349 3918 ad
3363 3866 3769 3936 congreganda»:
3787 3882 3957 3918 omnes
3973 3883 4075 3917 ma-

2481 3959 2742 4028 gistratus,
2771 3967 2817 4009 ct
2838 3956 3008 4014 duces.
3030 3967 3074 4008 et
3101 3955 3359 4024 prmities,
3389 3956 3641 4024 principes
3674 3963 3720 4007 et
3738 3963 4001 4023 tyrannos,
4029 3965 4074 4007 ρλ

2481 4049 2535 4102 in
2564 4046 2887 4119 potestatibus
2914 4057 3225 4110 constitutos,
3252 4056 3300 4098 et
3319 4061 3491 4099 omnes
3506 4045 3765 4113 regionum
3786 4047 4071 4112 praafectos,

2481 4148 2536 4193 ut
2567 4139 2786 4192 venirent
2801 4138 2871 4190 ad
2906 4152 3047 4190 nova:
3075 4137 3439 4189 dedicationem
3471 4144 3672 4197 statum,
3710 4142 3754 4185 et
3782 4134 4072 4202 congregati

2480 4241 2597 4284 sunt
2622 4246 2792 4284 omnes
2835 4228 2994 4299 (Dan.
3024 4230 3059 4283 'J
3108 4228 3188 4297 2).
3223 4226 3470 4281 Inimicus
3500 4224 3765 4276 theatrum
3811 4232 3980 4291 parat,
4010 4238 4075 4277 ac

2481 4328 2808 4388 spectatores
2830 4318 2992 4389 cogit.
3020 4320 3250 4372 stadium
3269 4314 3534 4384 proponit,
3565 4311 3681 4380 ipse
3710 4314 4070 4381 spectaculum

2479 4421 2760 4479 convocat,
2792 4421 2846 4467 et
2877 4412 3141 4466 theatrum
3165 4424 3273 4463 non
3294 4404 3590 4474 vulgarium
3623 4404 3917 4471 hominum,
3963 4421 4069 4459 non

2478 4508 2839 4576 privatorum,
2886 4514 2980 4560 seu
3025 4505 3262 4559 etnninm
3311 4500 3692 4554 bonoratormu
3735 4507 3787 4552 et
3830 4500 4068 4552 omnium

2477 4602 2900 4671 magistratuum,
2948 4608 3008 4653 ut
3049 4608 3104 4653 et
3144 4592 3507 4650 testimonium
3550 4590 3689 4659 apud
3738 4591 3933 4644 multos
3965 4589 4069 4643 fide

2476 4693 2693 4763 dignum
2722 4690 3119 4745 fiat.Ventrant
3145 4683 3211 4736 ad
3237 4681 3379 4739 aliud
3408 4681 3578 4735 vocati
3605 4680 3983 4749 spectaculum,
4015 4687 4068 4731 et

2474 4786 2578 4840 alia
2624 4780 2941 4851 consmcati,
2984 4791 3173 4830 munies
3206 4774 3470 4828 abierunt.
3518 4772 3789 4829 Venerunt
3836 4779 4063 4825 statuam

2475 4873 2780 4933 adoraturi,
2828 4879 2881 4924 et
2920 4877 3147 4921 statuam
3186 4864 3399 4935 quidem
3443 4864 3776 4926 deriserunt;
3822 4862 4067 4916 abierunt

2476 4980 2608 5020 vero
2637 4963 2729 5016 Dei
2774 4958 3062 5029 potentiam
3111 4956 3353 5011 admirati
3384 4972 3480 5026 per
3506 4956 3655 5027 signa
3684 4956 3735 5009 in
3765 4954 3943 5024 pueris
3968 4966 4064 5005 ex-

2479 5052 2667 5107 hibita.
2688 5049 2754 5102 Et
2778 5048 2897 5101 vide
2917 5047 3005 5103 ubi
3022 5046 3248 5100 stadium
3272 5044 3374 5101 hoc
3398 5053 3689 5100 statuerat:
3713 5042 3886 5097 nonin
3910 5039 4058 5100 urbe,

2479 5159 2580 5199 nec
2610 5144 2662 5195 in
2694 5141 2801 5195 ullo
2826 5154 2974 5211 agro,
3013 5140 3110 5196 sed
3157 5139 3296 5211 plani
3343 5150 3397 5194 ct
3426 5138 3549 5193 nudi
3577 5136 3749 5206 campi
3796 5136 3893 5187 hoc
3916 5132 4065 5184 orbis

2478 5234 2744 5289 theatrum
2792 5232 3131 5302 suscipiunt:
3173 5232 3225 5286 in
3280 5246 3470 5300 campo
3513 5230 3656 5285 enim
3711 5226 3860 5280 Deira
3910 5231 4062 5274 extra

2478 5326 2743 5381 civitatem
2774 5326 2999 5396 efﬁgiem
3032 5325 3224 5387 erexit,
3256 5332 3311 5378 et
3349 5338 3522 5393 praeco
3567 5315 3921 5389 pertransiens
3951 5312 4063 5365 cla-

2478 5419 2698 5475 mabat:
2742 5418 2891 5474 Vobis
2935 5419 3141 5481 dicitur,
3171 5425 3366 5487 gentes,
3414 5416 3591 5477 tribus,
3622 5407 3812 5480 pOpuIi,
3855 5405 4061 5472 (iugum.

2477 5530 2786 5585 quacumque
2799 5514 2924 5568 liora
2940 5510 3199 5564 audieritis
3215 5525 3382 5563 vocem
3398 5518 3448 5561 tu
3456 5508 3549 5567 ιω,
3557 5499 3757 5572 ﬁstulae,
3776 5495 4061 5596 sttit/iurat.

2474 5607 2838 5674 sambucwque,
2862 5612 2906 5657 et
2933 5600 3179 5672 psalterii,
3207 5610 3254 5654 et
3282 5596 3599 5671 symphouim
3624 5598 3669 5643 et
3694 5602 3857 5641 οιιιηιδ
3872 5600 4066 5653 gentm

2475 5702 2801 5763 musicorum,
2820 5696 3050 5749 cadentes
3064 5695 3273 5751 adorata
3288 5704 3505 5749 statuam
3532 5698 3733 5738 auream
3760 5682 3905 5750 (vere
3920 5692 4063 5730 cnllu

2475 5790 2666 5845 cadere
2683 5797 2798 5842 erat
2818 5787 3157 5841 simulacrum
3178 5784 3450 5851 adorare):
3468 5788 3515 5832 et
3538 5785 3835 5843 quicumque
3854 5785 3952 5869 non
3972 5782 4063 5819 ca-

2477 5879 2597 5935 dens
2625 5880 2924 5949 adoravcrit,
2958 5880 3008 5934 in
3039 5880 3213 5936 eadem
3250 5878 3376 5931 liora
3423 5866 3704 5942 ρνοῘίίίειηι
3736 5864 3787 5916 ίη
3810 5864 4067 5915 (“mm-"5"
