4458 6678
723 442 796 496 65
1509 442 1566 494 S.
1602 439 1886 494 JOANMS
1919 439 2420 499 CHRYSOSTOMI
2456 443 2777 500 ARCHIEP.
2820 447 3375 506 CONSTANTINOP.
4087 464 4159 520 66

717 550 871 618 Εἶδες
889 554 1006 619 πῶς
1029 554 1240 626 χαλεπὰ
1267 553 1336 607 τά
1379 553 1728 622 παλαίσματα
1749 553 1978 620 γίνεται,
2011 555 2106 606 καὶ
2131 556 2252 608 ὅσαι
2283 555 2384 625 τῆς

715 640 1004 712 ἐπιϐουλῆς
1035 643 1092 694 αί
1127 641 1385 709 ἀνάγκαι,
1421 641 1511 692 καὶ
1555 638 1673 701 πῶς
1715 638 1852 707 βαθύ
1878 640 1940 694 τὸ
1971 639 2260 711 βάραθρον,
2292 643 2383 694 καὶ

715 727 960 797 κρημνὸς
985 726 1321 799 ἑκατέρωθεν
1345 743 1358 790 ;
1400 724 1556 778 Ἀλλά
1584 723 1659 795 μὴ
1695 725 1878 798 δείσῃς
1899 743 1912 758 ·
1949 727 2169 797 ὅσῳπερ
2198 727 2265 779 ἀν
2288 729 2387 781 αὐ-

717 812 856 886 ξήσῃ
872 815 942 866 τά
975 815 1340 885 μηχανήματα
1365 813 1394 864 6
1422 811 1634 882 ἐχθρὸς,
1661 811 1899 883 τοσούτῳ
1919 813 2118 883 μᾶλλον
2147 811 2386 868 δείκνυσι

715 897 826 950 τῶν
854 899 1060 953 παίδων
1082 901 1182 970 τὴν
1209 896 1480 968 ἀνδρείαν.
1500 896 1598 949 Διά
1624 901 1730 967 γάρ
1756 897 1915 950 τοῦτο
1938 896 2224 969 συμφωνία
2255 915 2388 968 μου·

719 986 889 1040 σικῶν
933 986 1220 1048 τοσούτων,
1255 983 1345 1036 διὰ
1371 982 1532 1036 τοῦτο
1579 983 1614 1054 ἡ
1656 984 1889 1055 κάμινος
1920 987 1954 1056 ἡ
1985 983 2274 1054 καιομένη,
2299 985 2386 1039 ἵνα

717 1073 814 1126 καὶ
836 1072 994 1144 ἡδονὴ
1025 1073 1120 1125 καὶ
1147 1069 1310 1138 φόϐος
1340 1069 1602 1140 πολιορκῇ
1627 1071 1727 1134 τάς
1751 1070 1860 1123 τῶν
1881 1070 2164 1140 παρόντων
2185 1069 2382 1140 ψυχάς.

716 1158 918 1228 Πικρός
954 1158 1080 1221 τίςι
1128 1157 1245 1210 ἐστι
1297 1155 1408 1210 τῶν
1446 1155 1730 1227 παρόντων
1771 1156 1864 1210 καὶ
2034 1154 2383 1222 δυσένδοσος;

718 1243 1058 1314 μαλαττέτω,
1085 1244 1270 1314 φησὶν,
1307 1241 1470 1296 αὐτὸν
1501 1241 1837 1312 γοητεύουσά
1873 1242 1972 1311 τῆς
2015 1242 2384 1315 παναρμονίου

718 1328 986 1399 μουσικῆς
1014 1330 1049 1399 ἡ
1074 1328 1328 1398 μελῳδία.
1347 1327 1486 1381 Ἀλλ’
1512 1327 1784 1398 ἀνώτερος
1817 1327 2018 1398 ταύτης
2046 1327 2254 1395 γίνεται
2286 1329 2386 1399 τῆς

715 1415 1045 1484 ἐπιϐουλῆς;
1085 1413 1320 1483 φοϐείτω
1356 1414 1453 1468 καὶ
1489 1413 1915 1484 καταπληττέτω
1960 1413 2063 1483 τῆς
2113 1413 2309 1482 φλογὸς
2351 1417 2385 1486 ἡ

712 1501 858 1571 δψις.
885 1501 996 1555 Καὶ
1024 1496 1094 1571 ἦν
1123 1500 1288 1570 φόϐος
1323 1501 1418 1554 καὶ
1444 1499 1630 1570 ἡδονὴ.
1655 1501 1689 1568 ἡ
1718 1500 1814 1569 μὲν
1837 1498 1925 1551 διά
1945 1497 2052 1551 τῶν
2079 1498 2258 1565 ὢτων,
2278 1500 2308 1551 6
2330 1498 2387 1553 δέ

712 1587 805 1642 διὰ
824 1585 934 1640 τῶν
978 1585 1271 1656 ὀφθαλμῶν
1302 1585 1558 1638 ἐπεισιὼν
1589 1587 1657 1654 τῇ
1687 1585 1831 1654 ψυχῇ
1851 1600 1865 1614 ·
1901 1584 2039 1638 ἀλλά
2060 1585 2122 1638 τὸ
2142 1589 2387 1654 γενναῖον

715 1675 824 1728 τῶν
873 1674 1170 1727 νεανίσκων
1223 1673 1447 1726 ἐκείνων
1501 1672 1652 1726 οὐδὲν
1705 1672 1913 1726 τούτων
1964 1673 2189 1745 ἡλεγξεν
2211 1690 2225 1703 °
2272 1675 2386 1728 ἀλλ’

711 1759 903 1831 ὥσπερ
938 1762 1019 1822 είς
1051 1759 1112 1812 τὸ
1151 1757 1263 1829 πῦρ
1292 1758 1624 1828 ἐμπεσόντες
1667 1758 1983 1830 ἐκράτησαν
2014 1760 2114 1830 τῆς
2155 1760 2383 1829 φλογὸς,

709 1843 853 1898 οὑτω
881 1845 1061 1914 πάσης
1082 1845 1378 1914 ἐπιθυμίας
1405 1845 1499 1898 καὶ
1521 1844 1758 1913 ἀγωνίας
1787 1845 2176 1912 κατεγέλασαν.
2201 1846 2385 1899 Πάντα

709 1931 820 2002 γάρ
851 1931 1026 1985 ταῦτα
1055 1931 1124 1984 δι’
1140 1931 1382 1994 ἐκείνους
1412 1931 1441 1984 6
1475 1930 1721 1993 διάϐολος
1739 1931 2262 1999 προπαρεσκεύασεν
2283 1949 2295 1963 ·
2323 1931 2384 1985 οὐ

709 2019 819 2088 γάρ
853 2018 982 2088 περὶ
1014 2017 1123 2072 τῶν
1162 2018 1419 2086 ὑπηκόων
1457 2016 1829 2087 ἡμφισϐήτει,
1869 2015 2006 2068 ἀλλά
2043 2017 2139 2069 καὶ
2179 2018 2383 2089 σφόδρα

707 2103 929 2176 ἐθάρρει
953 2143 970 2170 ,
1015 2105 1096 2156 ὃτι
1145 2103 1321 2166 οὐδεὶς
1374 2103 1742 2156 ἀντιπεσείται
1778 2101 1857 2172 τῷ
1895 2102 2046 2174 νόμῳ
2084 2102 2181 2156 τοῦ
2230 2103 2386 2174 βασι-

705 2188 869 2253 λέως·
905 2189 1090 2257 ἐπειδὴ
1109 2188 1165 2241 δὲ
1192 2190 1432 2252 ἀπαντες
1454 2187 1647 2241 ἔπεσον
1669 2187 1765 2240 καὶ
1785 2187 2120 2259 ἡττήθησαν,
2153 2190 2272 2242 τότε
2303 2192 2384 2252 είς

709 2275 874 2345 μέσον
918 2277 970 2329 οί
1015 2274 1202 2338 παῖδες
1239 2273 1459 2343 ἄγονται
1503 2273 1674 2344 μόνοι,
1706 2273 1793 2327 ἵνα
1849 2274 1945 2326 καὶ
1988 2275 2162 2347 ταύτῃ
2193 2277 2226 2346 ή
2258 2275 2383 2345 νίκη

705 2360 1060 2433 λαμπροτέρα
1088 2361 1336 2430 γένηται,
1367 2361 1426 2412 ἐν
1463 2359 1704 2430 τοσούτῳ
1738 2360 1934 2431 πλήθει
1978 2361 2254 2414 νικώντων
2292 2363 2384 2414 καὶ

703 2447 1228 2518 ἀνακηρυττομένων
1257 2445 1460 2499 αὐτῶν.
1485 2446 1620 2500 Οὐδέ
1648 2447 1752 2518 γὰρ
1782 2443 1850 2516 ἦν
1876 2445 2019 2498 οὕτω
2047 2445 2377 2516 θαυμαστὸν,

704 2535 755 2586 εί
792 2533 1019 2604 μηδενὸς
1073 2531 1552 2594 ὑποσκελισθέντος
1593 2526 1738 2585 οὗτοι
1789 2531 2151 2603 παρελθόντες
2199 2532 2381 2603 ἡνδρί-

707 2635 868 2673 σαντο
899 2620 1125 2691 πρῶτοι.
1157 2619 1232 2672 Τὸ
1273 2619 1329 2672 δέ
1361 2619 1616 2688 μέγιστον
1653 2619 1748 2671 καὶ
1784 2617 2108 2689 παράδοξον,
2152 2618 2235 2671 δτι
2267 2618 2381 2671 τῶν

705 2707 1073 2760 πεπτωκότων
1107 2705 1168 2759 τδ
1202 2703 1405 2775 πλῆθος
1453 2705 1554 2756 οὐκ
1588 2703 1853 2774 ἐφόϐησεν
1895 2705 2112 2766 αὐτοὺς,
2143 2704 2267 2758 οὐδέ
2297 2704 2382 2770 ἐξ-

705 2790 917 2856 έλυσεν,
947 2791 1067 2844 οὐδὲ
1112 2787 1264 2843 εἷπον
1298 2788 1432 2859 πρὸς
1471 2787 1697 2851 ἐαυτούς
1737 2804 1792 2840 τι
1828 2787 2092 2850 τοιοῦτον,
2130 2787 2159 2840 δ
2199 2787 2384 2842 πολλοὶ

706 2875 965 2940 πολλάκις
996 2875 1176 2943 λέγειν
1217 2874 1501 2928 είώθασινο
1532 2874 1596 2927 Et
1633 2873 1731 2945 μὲν
1763 2874 1873 2946 γὰρ
1906 2874 2111 2945 πρῶτοι
2144 2877 2238 2929 καὶ
2287 2877 2383 2947 μό-

705 2982 788 3018 νοι
819 2966 1145 3036 προσκυνεῖν
1176 2965 1338 3033 ἡμεῖς
1370 2961 1666 3032 ἐμέλλομεν
1698 2963 1798 3033 τὴν
1829 2962 2013 3015 εἰκόνα
2043 2962 2094 3028 ι),
2130 2962 2385 3035 ἔγκλημα

703 3049 769 3102 τὸ
811 3049 1093 3120 γινόμενον
1131 3043 1199 3120 ἦν
1219 3064 1233 3080 ο
1268 3049 1318 3100 εί
1348 3047 1405 3100 δέ
1435 3046 1574 3116 μετά
1607 3049 1879 3100 τοσούτων
1912 3047 2188 3118 μυριάδων
2225 3050 2383 3104 τοῦτο

707 3136 991 3208 ποιοῦμεν,
1028 3135 1110 3198 τίς
1153 3136 1216 3188 οὐ
1248 3134 1409 3189 δώσει
1445 3134 1809 3207 συγγνώμηνς
1842 3137 1925 3202 τίς
1956 3136 2251 3206 ἀπολογίας
2282 3141 2384 3192 οὐκ

705 3223 964 3292 ἀξιώσεις
1008 3225 1147 3278 Ἀλλ’
1204 3224 1357 3279 οὐδὲν
1415 3224 1538 3278 οὐτε
1607 3222 1782 3291 εἷπον,
1825 3226 1950 3280 οὐτε
1993 3228 2283 3300 ἐνενόησάν
2327 3246 2382 3283 τι

704 3312 947 3365 τοιοῦτον
975 3313 1193 3376 ἐκεῖνοι,
1227 3312 1294 3365 τά
1325 3312 1591 3382 πτώματα
1617 3313 1728 3366 τῶν
1758 3317 2027 3368 τοσούτων
2065 3315 2263 3378 ίδόντες
2289 3333 2384 3368 τυ-

709 3402 935 3474 ράννων.
967 3402 1041 3454 Σὺ
1068 3402 1126 3456 δέ
1163 3419 1255 3473 μοι
1291 3403 1486 3456 σκόπει
1510 3405 1606 3457 καὶ
1638 3403 1746 3457 τῶν
1767 3404 2162 3461 διαϐαλλόντων
2184 3408 2383 3470 αὐτοὺς

703 3489 804 3554 τὴν
829 3489 1184 3561 κακουργίαν,
1215 3489 1334 3552 πῶς
1367 3490 1462 3543 καὶ
1492 3489 1779 3560 κακοήθως
1820 3490 2001 3545 αὐτῶν
2038 3494 2132 3546 καὶ
2169 3494 2383 3564 πικρῶς

705 3576 1088 3648 κατηγόρησαν
1132 3578 1352 3629 ἐκείνοι.
1399 3578 1534 3631 Είσί
1584 3577 1716 3648 γὰρ,
1761 3579 1945 3648 φησὶν,
1987 3577 2204 3646 ἄνδρες
2241 3581 2382 3634 Ἰου-

704 3661 883 3724 δαῖοι,
913 3663 1022 3729 οὓς
1048 3662 1428 3729 κατέστησας
1475 3662 1575 3716 ἐπὶ
1613 3665 1684 3716 τὰ
1715 3663 1858 3730 ἔργα
1895 3662 2004 3730 τῆς
2043 3663 2238 3733 χώρας
2271 3668 2384 3719 Ba-

707 3747 976 3815 ϐυλῶνος
995 3765 1008 3779 ·
1031 3750 1094 3802 οὐ
1123 3748 1234 3819 γὰρ
1264 3747 1449 3812 ἁπλῶς
1469 3749 1880 3820 ἐμνημόνευσαν
1901 3750 1994 3802 τοῦ
2018 3750 2226 3814 ἐθνους,
2249 3751 2383 3805 ἀλλά

706 3835 802 3886 καὶ
826 3835 926 3905 τῆς
952 3835 1120 3905 τιμῆς
1153 3834 1481 3905 ἀνέμνησαν,
1513 3835 1602 3889 ἴνα
1632 3834 1944 3889 ἐκκαύσωσι
1969 3836 2068 3906 τὴν
2097 3835 2194 3889 τοῦ
2230 3835 2383 3906 βασι-

705 3925 842 3988 λέως
868 3925 1056 3995 ὀργῆν,
1091 3924 1372 3994 μονονουχὶ
1411 3923 1676 3992 λέγοντες,
1711 3925 1794 3978 ὅτι
1829 3929 1954 3988 τούς
1982 3924 2224 3988 δούλους,
2255 3927 2381 3990 τοὺς

707 4010 1084 4082 αἰχμαλώτους
1101 4049 1118 4074 ,
1138 4011 1264 4074 τοὺς
1291 4010 1566 4076 ἀπόλιδας,
1609 4012 1874 4082 ἄρχοντας
1903 4012 2059 4082 ἡμῶν
2086 4012 2347 4082 ἐποίησας
2363 4027 2376 4040 ·

706 4100 757 4151 οί
785 4097 843 4150 δὲ
877 4097 971 4150 καὶ
1008 4096 1104 4167 τὴν
1135 4095 1400 4167 τοσαύτην
1445 4096 1607 4166 τιμὴν
1634 4098 1932 4166 ὑϐρίζουσι,
1968 4097 2063 4148 καὶ
2093 4098 2382 4166 παροινοῦ-

711 4201 797 4237 σιν
834 4185 915 4246 είς
958 4183 1048 4235 τὸν
1079 4183 1429 4252 τετιμηκότα.
1481 4183 1580 4234 Διά
1634 4181 1792 4234 τοῦτο
1829 4182 2098 4249 λέγουσιν’
2133 4181 2198 4236 Οἱ
2244 4183 2380 4236 Ἰου-

708 4270 884 4334 δαῖοι,
912 4268 1019 4334 οὓς
1046 4269 1428 4337 κατέστησας
1457 4269 1555 4322 ἐπὶ
1591 4269 1662 4324 τὰ
1699 4269 1845 4338 ἔργα
1884 4268 1995 4337 τῆς
2025 4268 2224 4338 χώρας
2271 4274 2382 4324 Βα-

711 4354 1013 4420 ϐυλῶνος,
1057 4357 1168 4425 οὐχ
1223 4355 1582 4424 ὑπήκουσαν
1634 4353 1714 4421 τῷ
1773 4355 2020 4426 ὃόγματί
2080 4373 2233 4423 σου,
2283 4359 2382 4412 καί

710 4443 836 4506 τοῖς
885 4441 1040 4506 θεοῖς
1083 4456 1199 4495 σου
1237 4444 1309 4495 οὐ
1347 4444 1724 4511 λατρεύουσι.
1766 4444 2039 4510 Μέγιστος
2086 4444 2306 4507 ἔπαινος
2348 4447 2380 4516 ἡ

711 4527 1038 4597 κατηγορία,
1066 4527 1161 4579 καὶ
1187 4527 1255 4582 τά
1287 4529 1607 4599 ἐγκλήματα
1641 4529 1892 4600 ἐγκώμια
1925 4531 2165 4598 γίνεται,
2215 4533 2309 4583 καὶ
2343 4534 2376 4602 ἡ

717 4616 988 4687 μαρτυρία
1007 4614 1333 4680 ἀνύποπτος,
1371 4616 1481 4668 τῶν
1522 4616 1730 4688 ἐχθρῶν
1763 4616 1930 4686 αὐτὴν
1969 4618 2376 4686 παρεχομένων.

713 4705 779 4755 Τί
807 4699 899 4756 οῦν
919 4703 949 4754 6
971 4702 1254 4772 βασιλεύςς
1291 4703 1603 4757 Ἐκέλευσεν
1633 4705 1711 4766 είς
1738 4704 1900 4772 μέσον
1925 4704 2156 4774 ἀχθῆναι
2187 4705 2382 4767 αὐτοὺς

713 4789 854 4842 ὥστε
886 4790 1142 4845 πάντοθεν
1177 4791 1371 4854 αὐτοὺς
1403 4789 1659 4861 φοϐῆσαι.
1695 4789 1832 4842 Ἀλλ’
1859 4790 2012 4843 οὐδὲν
2040 4789 2279 4852 ἐκείνους
2298 4789 2383 4864 ,ἐξ-

714 4877 964 4947 ἐπληξεν,
1001 4879 1098 4949 οὐχ
1139 4881 1168 4932 6
1214 4879 1378 4950 θυμὸς
1412 4879 1504 4932 τοῦ
1550 4877 1835 4949 βασιλέως,
1877 4879 1939 4931 οὐ
1982 4877 2043 4930 τὸ
2086 4877 2281 4948 μόνους
2327 4879 2382 4927 ἐν

717 4967 867 5036 μέσῳ
900 4967 1164 5021 τοσούτων
1211 4967 1560 5037 ἀπειλῆφθαι,
1592 4968 1654 5020 οὐ
1696 4967 1756 5021 τὸ
1805 4967 1919 5037 πῦρ
1957 4965 2256 5037 ὁρώμενον,
2285 4963 2382 5032 οὐχ

714 5055 770 5105 αἱ
804 5053 1095 5123 σάλπιγγες
1131 5055 1377 5126 ἡχοῦσαι,
1416 5056 1476 5106 οὐ
1526 5054 1726 5116 πάντες
1769 5057 1848 5117 εἰς
1881 5055 2076 5116 αὐτοὺς
2119 5051 2228 5122 πῦρ
2262 5049 2382 5120 βλέ-

713 5156 922 5204 ποντες,
971 5141 1105 5194 ἀλλά
1141 5141 1358 5193 πάντων
1406 5140 1608 5192 τούτων
1659 5140 2149 5206 καταγελάσαντες,
2182 5138 2257 5198 ὡς
2301 5138 2380 5199 είς

712 5227 924 5297 ψυχράν
973 5228 1151 5299 πηγὴν
1194 5228 1401 5282 ὑδάτων
1443 5225 1737 5297 ἐμπίπτειν
1783 5225 2100 5296 μέλλοντες,
2140 5225 2233 5276 ἐπὶ
2281 5223 2380 5292 τὴν

712 5316 936 5383 κάμινον
981 5318 1229 5388 εἰσῄεσαν
1270 5326 1318 5382 ε,
1368 5315 1467 5386 τὴν
1515 5315 1792 5385 μακαρίαν
1849 5312 2064 5380 ἐκείνην
2128 5309 2381 5379 ἀφιέντες

714 5402 916 5473 φωνὴν,
935 5405 1016 5456 δτι
1047 5405 1172 5470 Τοῖς
1195 5404 1350 5471 θεοῖς
1377 5421 1493 5458 σου
1537 5405 1610 5457 οὐ
1639 5403 2030 5470 λατρεύομεν,
2066 5399 2162 5452 καί
2193 5397 2267 5467 τῇ
2296 5401 2378 5451 εὶ-

711 5490 840 5543 κύνι
888 5489 961 5560 τῇ
1002 5490 1198 5560 γρυσῇ
1241 5487 1282 5564 ᾗ
1313 5492 1583 5560 ἐστησας
1631 5492 1704 5544 οὺ
1751 5485 2236 5559 προσκυνοῦμεν.
2271 5486 2379 5538 Καὶ

706 5576 907 5648 ταύτην
933 5579 1033 5648 οὐχ
1074 5578 1256 5641 ἁπλῶς
1288 5579 1510 5648 ἐκίνησα
1547 5578 1649 5648 τὴν
1689 5576 1948 5646 ίστορίαν,
1994 5571 2109 5628 ἀλλ’
2148 5572 2235 5624 ἴνα
2275 5571 2377 5640 μά-

709 5664 856 5735 θητε,
886 5666 967 5719 ὅτι
996 5667 1097 5719 xiv
1127 5665 1294 5735 θυμδς
1379 5665 1670 5734 βασιλικὸς,
1703 5664 1803 5716 xiv
1829 5661 2089 5729 ἐπιϐουλὴ
2116 5675 2379 5729 στρατιωο

704 5757 830 5817 των,
864 5752 962 5806 xiv
991 5753 1182 5822 φθόνος
1222 5750 1448 5821 ἐχθρῶν,
1476 5751 1580 5804 xiv
1605 5749 1973 5820 αἱχμαλωσία,
2009 5747 2111 5801 xiv
2148 5744 2373 5817 ἐρημία,

766 5857 1242 5923 ξίῇιίίσκληρόςτις.
1301 5915 1346 5923 __
1467 5916 1479 5923 _
1834 5916 1874 5923 η
2049 5915 2100 5923 ,,
2155 5913 2179 5923 ..
2248 5911 2261 5923 .
2339 5910 2348 5920 .

764 5918 792 5958 b
819 5911 950 5968 Unus
989 5911 1068 5983 ’
1090 5911 1252 5969 εἷκόνί.
1301 5915 1410 5966 Mox
1450 5916 1547 5965 duo
1570 5928 1684 5964 mss.
1710 5916 1948 5979 μυριάδων
1982 5915 2064 5963 καὶ
2087 5913 2215 5962 λαῶν
2240 5911 2374 5959 ἀπεί-

777 5998 819 6025 ν.

777 5998 819 6025 ν.

706 5997 788 6073 βωο
814 6038 894 6090 Sic
917 6039 1063 6092 Sam.
1089 6045 1135 6090 et
1164 6041 1348 6103 aliquot
1371 6054 1485 6090 mss
1517 6037 1688 6088 Μοτρί.
1715 6051 1831 6086 Vero
1862 6039 2028 6099 ᾗττάτ.

2490 557 2593 610 xiv
2633 558 2765 630 πῦρ,
2802 563 2905 614 xiv
2944 565 3208 634 κάμινος,
3249 564 3352 618 κάν
3402 565 3570 636 μυρία
3612 567 3784 628 δεινά.
3829 574 3918 627 τὸν
3952 576 4164 629 δίκαιον

2487 645 2639 698 οὐδὲν
2677 646 2895 730 ἐλέγξαι
2945 650 3067 704 οὐδέ
3116 652 3352 722 φοϐῆσαι
3393 653 3701 724 δυνήσεται.
3751 655 3814 710 Εί
3859 661 3987 730 γάρ,
4033 663 4165 716 ἔνθα

2491 733 2690 804 ἀσεϐὴς
2721 729 2790 803 ἦν
2820 737 2850 787 6
2883 733 3156 803 βασιλεὺς,
3177 741 3277 793 οὐκ
3299 741 3675 812 ἐξεπλάγησαν
3699 743 3748 794 οί
3773 729 4043 802 νεανίσκοι
4069 750 4166 802 τὸν

2489 819 2584 874 τοῦ
2629 820 2891 890 τυράννου
2920 818 3089 890 θυμὸν
3121 822 3263 895 [56],
3294 827 3474 898 πολλῷ
3513 827 3708 899 μᾶλλον
3747 829 3892 898 ἡμᾶς
3936 832 4165 903 θαρρεῖν

2493 910 2617 981 χρὴ»
2648 907 3029 978 φιλάνθρωπον
3056 913 3152 964 καὶ
3183 915 3391 984 ἥμερον
3427 915 3647 985 ἔχοντας
3682 915 3922 985 βασιλέα,
3935 918 4031 969 καὶ
4059 920 4166 987 χά-

2495 1015 2578 1070 ριν
2612 997 2808 1051 εἰδέναι
2829 996 2906 1067 τῷ
2931 995 3049 1066 Θεῷ
3072 997 3172 1066 τῆς
3197 999 3427 1066 θλίψεως
3467 1004 3686 1073 ταύτης,
3721 1001 3829 1057 ἀπὸ
3859 1001 3968 1054 τῶν
4006 1005 4167 1073 είρη-

2495 1085 2670 1154 μένων
2711 1083 2999 1154 μαθόντας,
3037 1085 3120 1137 δτι
3155 1086 3213 1136 αἱ
3252 1084 3457 1154 θλίψεις
3485 1088 3894 1161 λαμπροτέρους
3925 1087 4165 1151 ποιοῦσι,

2492 1173 2588 1224 καὶ⁵
2621 1173 2770 1241 παρά
2806 1169 2945 1240 Θεῷ,
2987 1170 3082 1223 καὶ
3115 1171 3266 1242 παρά
3302 1171 3630 1242 ἀνθρώποις,
3658 1178 3784 1239 τοὺς
3826 1175 4032 1237 εἰδότας
4062 1175 4170 1226 αὑ-

2491 1258 2590 1320 τὰς
2631 1258 2815 1328 φέρειν
2849 1257 3130 1325 γενναίως.
3179 1258 3289 1310 Καὶ
3328 1259 3459 1328 γάρ,
3499 1262 3549 1313 εί
3601 1262 3676 1333 μὴ
3722 1263 3968 1330 ἐγένοντο
4013 1254 4168 1315 οὗτοι

2492 1343 2687 1407 δοῦλοι,
2726 1343 2826 1396 οὐκ
2868 1343 2935 1396 iv
2970 1342 3214 1412 ἔγνωμεν
3257 1343 3438 1395 αὐτῶν
3477 1343 3576 1414 τὴν
3605 1347 3946 1417 ἐλευθερίανο
3988 1349 4038 1400 εί
4083 1348 4168 1418 μὴ

2492 1430 2826 1500 αἰχμάλωτοι
2860 1428 3124 1496 ἐγένοντο,
3162 1429 3263 1480 οὐκ
3302 1427 3368 1480 ἂν
3399 1429 3581 1482 αὐτῶν
3623 1431 3894 1502 ἐμάθομεν
3945 1434 4042 1504 τὴν
4070 1435 4170 1486 εὐ-

2493 1518 2705 1584 γένειαν
2731 1517 2827 1588 τῆς
2845 1515 3022 1586 ψυχῆς
3040 1531 3055 1546 ο
3077 1517 3124 1567 εί
3146 1515 3220 1584 μὴ
3242 1515 3340 1584 τῆς
3370 1516 3522 1569 κάτω
3546 1517 3800 1587 πατρίδος
3831 1521 4086 1585 ἐξέπεσον
4106 1521 4167 1586 ἀ.

2493 1604 2592 1656 οὐκ
2617 1603 2682 1656 ἀν
2707 1602 2950 1672 ἔγνωμεν
2983 1602 3080 1671 τῆς
3119 1601 3234 1654 ἀνω
3273 1602 3549 1666 πολιτείας
3574 1604 3752 1656 αὐτῶν
3793 1606 3892 1676 τὴν
3922 1609 4124 1678 ἀρετήν
4147 1625 4167 1641 ο

2493 1691 2540 1741 εί
2591 1689 2665 1759 μὴ
2709 1689 2952 1760 ὠργίσθη
2993 1688 3173 1750 αὐτοῖς
3215 1690 3244 1742 6
3290 1691 3348 1740 ἐν
3391 1692 3456 1759 τῇ
3498 1692 3568 1760 γῇ
3613 1689 3893 1759 βασιλεὺς,
3947 1695 4047 1748 οὐκ
4092 1695 4171 1748 ἀν

2492 1779 2766 1848 ἐμάθομεν
2798 1780 2896 1850 τὴν
2930 1777 3160 1841 εῦνοιαν,
3187 1778 3253 1848 ἡν
3296 1771 3411 1848 εἶχε
3451 1779 3578 1849 περὶ
3619 1780 3816 1843 αὐτοὺς
3849 1783 3878 1834 ό
3923 1783 4170 1852 ἐπουρά-

2493 1882 2603 1928 νιος
2634 1865 2904 1934 βασιλεύς.

2564 1959 2626 2006 ε’.
2646 1954 2756 2007 Καὶ
2791 1955 2854 2006 σὺ
2883 1954 3059 2006 τοίνυν
3079 1952 3175 2005 ἐάν
3195 1951 3323 2022 έχῃς
3348 1953 3555 2004 ἐκεῖνον
3579 1950 3803 2020 εὐμενῆ.
3831 1950 3932 2002 xiv
3954 1953 4033 2013 εἰς
4063 1951 4162 2004 xi-

2495 2056 2644 2108 μινον
2671 2039 2934 2110 ἐμπέσῃς,
2965 2039 3039 2109 μὴ
3081 2037 3362 2107 ἀπογνῷς’
3394 2037 3581 2108 ὥσπερ
3619 2036 3685 2089 ἂν
3725 2036 4025 2106 όργίζηται,
4057 2037 4173 2088 κᾶν

2491 2128 2550 2180 ἐν
2570 2127 2882 2198 παραδείσῳ
2906 2123 2992 2200 ᾖς,
3026 2126 3101 2198 μή
3134 2125 3436 2196 θαρῥῇσης.
3466 2126 3573 2176 Καὶ
3611 2123 3719 2194 γάρ
3760 2126 3817 2176 ἐν
3851 2123 4173 2193 παραδείσῳ

2489 2209 2558 2284 ἦν
2597 2216 2628 2266 6
2677 2213 2861 2283 Ἀδάμ,
2896 2215 2991 2267 καὶ
3039 2213 3228 2283 ἐπειδὴ
3268 2212 3400 2264 Θεὸν
3443 2210 3819 2281 παρώργισεν,
3847 2211 3994 2262 οὐδὲν
4013 2209 4174 2278 ώφέ-

2490 2297 2652 2369 λησεν
2681 2303 2710 2354 6
2741 2300 3062 2368 παράδεισος
3082 2316 3094 2329 ·
3134 2301 3193 2351 ἐν
3233 2297 3450 2366 καμίνῳ
3483 2293 3622 2366 ἦσαν
3651 2293 3817 2360 οὗτοι,
3848 2298 3940 2350 καὶ
3969 2295 4169 2366 ἐπειδὴ

2491 2386 2874 2456 εὐδοκίμησαν,
2903 2386 3056 2437 οὐδὲν
3083 2383 3315 2452 ἔϐλαψεν
3341 2385 3372 2452 ἡ
3397 2383 3653 2454 κάμινοςο
3679 2385 3737 2434 ἐν
3762 2382 4069 2452 παραδείσῳ
4090 2378 4172 2451 ἦν

2486 2476 2516 2527 6
2557 2474 2746 2544 Ἀδάμ,
2793 2475 2887 2526 καὶ
2917 2472 3106 2543 ἐπειδὴ
3146 2473 3388 2543 ῥᾴθυμος
3421 2468 3510 2542 ῆν,
3548 2472 3942 2543 ὐπεσκελίσθη·
3982 2474 4037 2524 ἐν
4068 2490 4164 2526 κο-

2489 2559 2624 2631 πρία
2655 2559 2890 2629 ἐκάθητο
2917 2562 2946 2614 ό
2985 2559 3127 2624 Ἰὼϐ,
3161 2560 3253 2613 καὶ
3279 2559 3468 2629 ἐπειδὴ
3496 2560 3715 2628 ἕνηφεν,
3743 2560 3978 2628 ἐκράτει.
4014 2561 4168 2613 Καί-

2486 2661 2570 2698 τοι
2600 2646 2750 2716 πόσῳ
2784 2645 3008 2714 βελτίων
3038 2645 3362 2715 παράδεισος
3385 2645 3651 2714 κοπρίαςί
3696 2644 3809 2696 ἀλλ’
3849 2643 3996 2697 οὐδὲν
4017 2644 4171 2714 ώφέο

2489 2730 2652 2801 λησεν
2683 2734 2717 2802 ἡ
2751 2733 2921 2802 ἀρετὴ
2946 2730 3040 2783 τοῦ
3065 2732 3266 2801 χωρίου
3294 2731 3385 2783 τὸν
3408 2733 3496 2784 ἐιο
3518 2730 3738 2784 κοῦντα.
3765 2731 3946 2802 ἐπειδὴ
3982 2731 4166 2802 πρού-

2489 2821 2658 2872 δωκεν
2688 2818 2878 2871 ἐαυτὸν
2898 2820 3102 2882 ἐκεῖνος
3124 2834 3138 2848 °
3165 2818 3354 2889 ῶσπερ
3377 2813 3468 2870 οὖν
3498 2817 3647 2870 οὐδὲν
3679 2817 3908 2885 ἔϐλαψεν
3936 2819 3969 2886 ἡ
4001 2819 4167 2871 εὐτέ-

2488 2906 2610 2960 λεια
2640 2904 2734 2959 τοῦ
2771 2905 2938 2959 τόπου
2964 2904 3056 2957 τὸν
3094 2907 3264 2976 ἀρετῇ
3303 2906 3564 2958 πάντοῦεν
3597 2904 4008 2973 τετειχισμένον.
4046 2906 4166 2959 Καὶ

2489 2993 2649 3062 ἡμεῖς
2684 2993 2862 3045 τοίνυν
2906 2991 3004 3062 τήν
3047 2992 3225 3062 ψυχὴν
3261 2989 3688 3059 ἀσφαλισώμεθα
3713 2989 3811 3060 τὴν
3852 2991 4160 3060 ἡμετέρανο

2488 3080 2590 3131 xiv
2617 3078 2725 3148 γάρ
2753 3077 2925 3148 ζημία
2951 3079 3248 3148 χρημάτων
3278 3077 3427 3147 ἐπίῃ,
3457 3076 3558 3129 xiv
3591 3076 3840 3138 θάνατος,
3860 3076 3953 3146 τὴν
3976 3077 4034 3128 δέ
4068 3077 4168 3128 εὐ-

2490 3166 2706 3219 σέϐειαν
2747 3166 2933 3236 μηδεὶς
2969 3167 3120 3236 ἡμᾶς
3159 3164 3425 3235 ἀφέληται
3445 3203 3460 3227 ,
3502 3161 3904 3234 μακαριώτεροι
3941 3162 4167 3216 πάντων

2488 3253 2675 3322 ἐσμέν.
2707 3253 2878 3306 Τοῦτο
2897 3254 2990 3305 καὶ
3024 3255 3053 3305 6
3080 3251 3313 3322 Χριστὸς
3336 3249 3600 3314 ἐπέταξεν
3632 3261 3654 3288 ε
3683 3249 3871 3302 είπών·
3903 3251 4167 3304 Γίνεσθε

2487 3335 2600 3393 οὖν
2632 3341 2906 3408 φρόνιμοι
2947 3339 3028 3404 ὠς
3059 3342 3113 3391 οί
3164 3338 3348 3406 ὄφεις.
3401 3336 3664 3408 Καθάπερ
3690 3336 3798 3406 γὰρ
3846 3337 4045 3397 ἐκεῖνος
4097 3336 4166 3389 τὸ

2487 3427 2670 3481 λοιπὸν
2697 3428 2944 3497 προΐεται
2985 3427 3127 3480 ἀπαν
3163 3425 3343 3495 σῶμα,
3375 3424 3514 3477 ὥστε
3555 3424 3818 3477 διασῶσαι
3861 3423 3958 3493 τὴν
3988 3439 4167 3490 κεφα-

2489 3513 2620 3584 λήν·
2659 3512 2803 3566 οὑτω
2847 3514 2937 3567 καὶ
2976 3513 3064 3575 σὺ,
3110 3513 3213 3565 xiv
3252 3513 3530 3582 χρήματα,
3565 3510 3666 3564 xiv
3706 3510 3883 3580 σῶμα,
3916 3510 4018 3562 xiv
4055 3512 4167 3580 τῆν

2491 3599 2768 3671 παροῦσαν
2800 3599 2965 3669 ζωὴν,
2993 3597 3096 3652 xiv
3138 3599 3313 3652 πάντα
3350 3596 3612 3668 προέσθαι
3649 3597 3764 3666 δέῃ,
3802 3595 3941 3648 ῶστε
3977 3595 4167 3665 διατη-

2492 3688 2656 3758 ρῆσαι
2684 3687 2783 3758 τὴν
2815 3685 3128 3750 εὐσέϐειαν,
3155 3685 3228 3755 μὴ
3257 3684 3475 3753 ἀθύμει.
3507 3685 3603 3735 “Av
3633 3684 3740 3752 γάρ
3782 3682 3992 3750 ἐκείνην
4019 3681 4164 3750 ἔχων

2487 3773 2748 3844 ἀπέλθῃς,
2783 3773 2960 3826 πάντα
3003 3788 3083 3824 σοι
3126 3771 3264 3839 μετά
3303 3769 3544 3832 πλείονος
3571 3767 3839 3821 ἀποδώσει
3881 3767 3978 3835 τῆς
4020 3766 4166 3835 λαμ-

2491 3861 2754 3930 πρότητος
2776 3861 2804 3912 6
2830 3858 2981 3921 Θεὸς,
3013 3857 3106 3910 καὶ
3141 3856 3202 3908 τὸ
3229 3855 3388 3925 σῶμα
3416 3855 3556 3924 μετὰ
3579 3853 3820 3924 μείζονος
3842 3852 3995 3922 δόξης
4025 3853 4164 3906 ἀνα-

2490 3949 2677 4018 στήσει
2702 3946 2884 4009 πάλιν,
2915 3947 3010 3998 καὶ
3053 3945 3174 3998 ἀντὶ
3213 3943 3510 4013 χρημάτων
3549 3941 3618 3994 τά
3653 3939 3831 4008 ἀγαθά
3857 3940 3928 3991 τά
3975 3941 4164 3992 πᾶσαν

2489 4032 2880 4104 ὑπερϐαίνοντα
2920 4030 3077 4098 λόγου
3109 4029 3356 4099 δύναμιν.
3405 4029 3538 4096 οὐχὶ
3571 4027 3773 4094 γυμνὸς
3805 4025 3896 4078 ἐπὶ⁵
3924 4024 4025 4093 τῆς
4061 4041 4158 4076 κο-

2489 4121 2654 4189 πρίας
2706 4119 2939 4190 ἐκάθητο
2990 4121 3020 4170 6
3062 4117 3200 4177 Ἰὼϐ,
3235 4116 3442 4186 μυρίων
3485 4113 3728 4166 θανάτων
3771 4111 4156 4180 χαλεπωτέραν

2490 4207 2773 4276 ὑπομένων
2813 4205 2993 4276 ζωήν;
3024 4205 3162 4256 Ἀλλ’
3206 4201 3392 4270 ἐπειδὴ
3437 4200 3536 4270 τὴν
3587 4198 3869 4251 εὐσέϐειαν
3907 4199 4008 4251 οὐκ
4050 4201 4158 4252 ἀπ-

2489 4292 2668 4355 έϐαλε,
2701 4292 2874 4346 πάντα
2922 4289 3056 4361 μετά
3101 4289 3341 4348 πλείονος
3375 4284 3524 4351 αὐτῷ
3557 4284 3824 4352 ἐπανῆλθε
3860 4284 3958 4352 τῆς
3997 4301 4155 4355 περι-

2487 4379 2674 4442 ουσίας
2704 4378 2774 4432 τά
2798 4377 3058 4448 πρότερα,
3084 4374 3336 4442 σώματος
3360 4373 3517 4439 ὑγεία
3545 4373 3637 4425 καὶ
3668 4370 3878 4432 κάλλος,
3903 4369 4012 4422 τῶν
4037 4371 4160 4424 παί-

2487 4465 2590 4518 δων
2617 4467 2645 4518 6
2670 4462 2827 4534 χορὸς
2850 4465 3016 4522 ἀπας,
3045 4461 3113 4512 τά
3144 4460 3416 4529 κτήματα,
3447 4459 3540 4511 καὶ
3578 4459 3640 4512 τὸ
3675 4458 3739 4528 δὴ
3775 4458 3954 4528 μεῖζον
3981 4458 4159 4510 ἁπάν-

2487 4570 2613 4616 των,
2647 4555 2677 4605 6
2709 4549 2957 4621 λαμπρὺς
2984 4547 3085 4616 τῆς
3123 4547 3397 4616 ὑπομονῆς
3431 4546 3709 4615 στέφανος.
3750 4545 4015 4614 Καθάπερ
4045 4544 4160 4613 γάρ

2487 4642 2578 4692 ἐπὶ
2613 4639 2721 4693 τῶν
2757 4637 2986 4705 δένδρων
3020 4634 3248 4702 γίνεται,
3275 4634 3378 4687 xiv
3413 4634 3504 4686 τὸν
3538 4634 3746 4704 καρπόν
3779 4651 3860 4697 τις
3890 4633 4157 4701 ἀφέληται

2491 4727 2626 4794 μετὰ
2671 4727 2780 4779 τῶν
2817 4723 3054 4793 φύλλων,
3094 4721 3198 4774 xiv
3233 4722 3359 4783 τοὺς
3408 4721 3634 4784 κλάδους
3675 4722 3878 4783 πάντας
3924 4719 4154 4790 ἐκκόψῃ.

2486 4814 2583 4882 τῆς
2613 4811 2770 4881 ῥίζης
2806 4807 3092 4879 μενούσης,
3135 4807 3423 4878 ὀλόκληρον
3458 4809 3550 4862 καὶ
3593 4808 3730 4878 μετά
3781 4807 4020 4867 πλείονος
4059 4805 4156 4857 ἀν·

2492 4901 2703 4952 ίσταται
2730 4899 2830 4967 τῆς
2875 4895 3208 4964 εὐπρεπείας
3241 4897 3308 4948 ’τὸ
3353 4897 3592 4968 δένδρον’
3635 4897 3776 4949 οὑτω
3828 4895 3890 4964 δὴ
3931 4893 4027 4945 καὶ
4066 4893 4156 4961 ἐφ’

2487 4985 2665 5056 ἡμῶν,
2697 4984 2792 5036 ἐὰν
2826 4984 2859 5052 ἡ
2897 4981 3020 5050 ῥίζα
3050 4981 3185 5054 μένῃ
3215 4986 3312 5054 τῆς
3359 4983 3658 5047 εὐσεϐείας,
3703 4983 3806 5035 κᾶν
3853 4984 3882 5032 ὁ
3924 4978 4158 5042 πλοῦτος

2487 5072 2752 5143 ἀφαιρεθῇ
2776 5109 2792 5132 ,
2834 5069 2934 5122 xiv
2969 5069 3030 5121 τὸ
3069 5069 3228 5139 σῶμα
3270 5069 3560 5141 διαφθαρῇ,
3606 5071 3779 5122 πάντα
3821 5066 3977 5118 πάλιν
4016 5069 4156 5132 μετά

2491 5160 2734 5230 μείζονος
2765 5161 2894 5228 ἡμῖν
2929 5157 3171 5210 ἐπάνεισι
3209 5158 3307 5228 τῆς
3344 5158 3520 5227 δόξης.
3559 5157 3744 5208 "iactv
3775 5153 3952 5204 τοίνυν
3996 5152 4155 5218 μέρι-

2490 5265 2624 5316 μναν
2645 5246 2744 5315 τῆς
2763 5245 2939 5315 ψυχῆς
2969 5243 3283 5310 ἐκϐαλόντες
3303 5246 3396 5298 καὶ
3424 5241 3678 5312 φροντίδα
3708 5236 3986 5306 περιττὴν,
4017 5237 4156 5304 πρὸς

2487 5332 2712 5393 ἑαυτοὺς
2738 5331 3137 5402 ἐπανέλθωμεν,
3165 5333 3257 5385 καὶ
3287 5332 3347 5383 τὸ
3378 5329 3556 5396 σῶμα,
3588 5325 3681 5376 καὶ
3712 5323 3808 5392 τὴν
3833 5321 4009 5392 ψυχὴν
4031 5323 4156 5375 καλ-

2486 5416 2811 5486 λωπίσωμεν
2851 5418 2929 5489 τῷ
2971 5419 3157 5490 κόσμῳ
3196 5418 3298 5485 τῆς
3345 5413 3562 5486 ἀρετῆς,
3602 5409 3741 5463 ὅπλα
3787 5409 4150 5479 δικαιοσύνης,

2487 5503 2621 5555 ἀλλά
2648 5503 2722 5573 μὴ
2750 5504 2888 5557 ὅπλα
2913 5507 3186 5577 ἁμαρτίας
3215 5505 3282 5556 τὰ
3305 5500 3437 5571 μέλη
3466 5497 3555 5548 τοῦ
3589 5495 3834 5566 σώματος
3863 5499 3894 5566 ἡ
3904 5498 4020 5567 μῶν
4054 5514 4154 5548 κα-

2486 5590 2905 5655 τασκευάζοντες
2924 5610 2938 5624 ·
2967 5595 3060 5646 καὶ
3105 5591 3320 5662 πρῶτον
3356 5585 3606 5638 ἁπάντων
3643 5585 3740 5653 τὴν
3767 5584 3878 5656 [ΞΠ]
3906 5583 4152 5651 γλῶτταν

2486 5676 2858 5749 παιδεύσωμεν
2887 5675 3026 5733 εἶναι
3052 5678 3297 5730 διάκονον
3320 5674 3414 5742 τῆς
3445 5670 3537 5723 τοῦ
3566 5670 3868 5742 πνεύματος
3908 5669 4150 5740 χάριτος,

2486 5763 2658 5817 πάντα
2693 5767 2767 5819 ἰὸν
2801 5767 2897 5819 καὶ
2929 5765 3193 5834 πονηρίαν
3237 5762 3300 5812 ἐκ
3340 5757 3433 5810 τοῦ
3481 5759 3743 5829 στόματος
3780 5757 4149 5820 ἐκϐάλλοντες,

2485 5851 2577 5903 καὶ
2618 5854 2877 5923 ῥημάτων
2913 5850 3152 5920 αἰσχρῶν
3193 5847 3442 5918 μελέτην.
3482 5847 3591 5900 Καὶ
3633 5847 3741 5922 γὰρ
3784 5847 3942 5917 ἡμεῖς
3983 5843 4152 5913 ἐσμεν

2543 5971 2569 6011 (1
2595 5979 2821 6035 Quinque
2847 5987 2960 6021 mss.
2992 5973 3232 6035 ἐξέπεσαν.

2547 6038 2568 6067 '_
2603 6033 2986 6082 ..ηεις-ο--ρηηίτιιῗ
3021 6054 3033 6077 -ι
3093 6033 3194 6072 “62“
3222 6035 3415 6082 σξνῖιίξιη
3443 6048 3526 6082 ηὶςέ
3587 6041 3608 6078 ρ(
3633 6058 3640 6065 ι
3675 6041 3687 6073 ,”
3728 6038 3741 6046 ’ν
3786 6053 3820 6064 "

2609 6077 2620 6083 _
2687 6074 2724 6083 ,κ
2798 6075 2840 6097 ι,
2888 6077 2899 6082 ν
2981 6084 2988 6088 ⁸
3118 6073 3198 6081 --.ι
3237 6071 3414 6095 ΔΔΔι.,,ι.ιι
3445 6072 3528 6085 ,ιαμ
3637 6080 3644 6095 ί
3682 6082 3684 6084 τ
3762 6079 3766 6089 ι
3810 6074 3822 6090 ι
