4458 6690
377 487 455 541 αδ
1334 486 1426 543 AD
1463 482 1785 541 rerum»
1825 478 2333 537 amaoctttsacu.
2377 479 2605 534 nomn.
2642 479 2725 533 tv.
3592 502 3664 554 ou

373 610 505 679 ignis
531 609 787 660 ardentem
852 603 1015 676 (Dan.
1047 602 1103 657 5.
1128 597 1275 669 1-6).
1302 597 1491 653 Vidisti
1533 613 1692 667 quam
1730 592 1963 649 difﬁcilia

374 700 661 755 certamina
686 707 864 768 parata
884 697 1013 757 sint,
1037 702 1091 746 et
1120 700 1249 762 quot
1271 690 1577 745 insidiarum
1598 688 1963 754 necessitates,

373 808 530 863 quam
553 790 809 863 profunda
838 800 1053 855 vorago,
1084 793 1137 839 et
1159 783 1503 853 przeeipitium
1530 781 1832 849 utrimque?
1859 778 1965 834 Sed

372 900 443 940 ne
484 883 764 939 timueris:
806 885 1007 948 quanto
1050 875 1219 947 magis
1250 874 1675 929 machinamenta
1721 869 1965 924 inimicus

370 977 608 1039 auxerit,
658 980 806 1025 tanto
849 970 1016 1036 magis
1044 980 1324 1037 puerorum
1355 962 1717 1019 fortitudinem
1746 961 1969 1015 demon—

372 1074 529 1121 Strat.
566 1063 689 1117 Ideo
713 1059 855 1114 enim
887 1068 963 1112 tot
989 1059 1314 1113 musicorum
1344 1062 1637 1112 concentus
1657 1094 1670 1115 ,
1723 1051 1843 1106 ideo
1873 1067 1966 1106 ca-

374 1158 554 1210 minus
593 1151 811 1216 ardens,
856 1159 913 1204 ut
944 1159 997 1205 et
1033 1150 1276 1220 voluptas
1316 1157 1371 1202 et
1406 1150 1567 1201 timor
1601 1144 1963 1197 assistentium

374 1248 582 1300 animas
607 1242 893 1297 obsideret.
919 1245 1088 1312 Asper
1132 1241 1455 1295 adstantium
1484 1236 1744 1308 quispiam
1771 1245 1872 1298 est,
1912 1244 1967 1288 ct

376 1332 613 1403 rigidus?
661 1332 860 1387 blolliat
888 1336 1080 1401 ipsum,
1130 1331 1321 1400 inquit,
1368 1328 1641 1382 delectans
1675 1326 1967 1379 omnisomn

377 1426 597 1479 tnusiem
618 1424 865 1479 melodia.
890 1424 997 1480 Sed
1022 1425 1103 1478 his
1124 1422 1331 1477 insidiis
1360 1419 1603 1489 superior
1623 1415 1745 1471 est?
1771 1422 1968 1470 terreat

376 1526 433 1570 ct
463 1516 714 1584 percellat
739 1514 964 1568 ﬂamma:
991 1524 1259 1584 aspectus.
1293 1512 1361 1566 Et
1390 1519 1507 1565 erat
1550 1508 1711 1561 timor
1729 1515 1783 1559 et
1816 1505 1968 1558 volu-

382 1618 522 1674 ptas,
542 1605 657 1659 haec
677 1620 770 1672 per
790 1619 966 1669 aures,
994 1605 1082 1658 ille
1109 1618 1206 1673 per
1230 1603 1414 1656 oculos
1433 1598 1626 1652 animae
1648 1595 1961 1664 subrepens.

381 1697 759 1750 Verumtamen
782 1695 1297 1749 adulescentulorum
1325 1692 1534 1745 illorum
1556 1687 1968 1757 generositatem

382 1786 573 1839 hormn
614 1783 745 1838 nihil
792 1783 1097 1852 superavit;
1146 1780 1243 1836 sed
1289 1779 1427 1833 sicut
1453 1778 1505 1832 in
1544 1779 1717 1848 ignem
1746 1776 1966 1847 projecti

381 1876 652 1929 flammam
698 1874 957 1937 vicerunt,
1009 1872 1089 1925 sic
1130 1884 1346 1923 omnem
1388 1867 1872 1937 concupiscentiam
1914 1873 1970 1920 et

380 1967 701 2020 anxietatem
727 1962 1046 2017 deriserunt.
1073 1959 1198 2013 llzcc
1218 1959 1360 2013 enim
1380 1959 1556 2012 omnia
1587 1964 1800 2026 propter
1826 1955 1970 2024 ipsos

381 2057 625 2110 diabolus
653 2060 1041 2123 pneparaverat
1072 2068 1086 2105 :
1118 2064 1224 2104 non
1250 2050 1392 2104 enim
1416 2048 1483 2102 de
1511 2046 1737 2101 subditis
1763 2045 1973 2099 dubita-

383 2148 493 2213 bat,
534 2146 627 2200 sed
655 2145 829 2215 potius
860 2145 1083 2198 multum
1110 2140 1434 2205 confidebat,
1464 2140 1667 2193 nullum
1705 2137 1845 2207 regis
1872 2136 1970 2206 legi

381 2247 796 2308 repugnaturum
818 2250 936 2291 esse
960 2253 974 2289 :
993 2241 1270 2304 postquam
1287 2247 1415 2287 vero
1432 2230 1740 2285 ceciderunt
1763 2244 1972 2294 oumes,

380 2338 439 2382 et
481 2328 607 2382 victi
633 2336 778 2393 sunt,
820 2335 945 2381 tunc
984 2325 1037 2379 in
1065 2323 1297 2378 medium
1327 2321 1476 2392 pueri
1514 2321 1610 2376 soli
1636 2330 1884 2389 aguntur,
1919 2330 1976 2374 ut

381 2420 462 2474 sic
488 2433 699 2488 quoque
740 2418 958 2471 victoria
1006 2416 1095 2469 ﬁat
1123 2414 1338 2477 clarior,
1369 2428 1488 2467 cmn
1520 2413 1571 2466 in
1604 2421 1748 2467 tanta
1792 2411 1973 2465 multi-

382 2513 564 2566 tudine
594 2512 689 2581 ipsi
715 2510 950 2573 vincant,
991 2516 1048 2562 et
1075 2509 1305 2561 victores
1335 2506 1709 2559 renunticntur
1743 2522 1757 2559 :
1800 2519 1973 2573 neque

380 2603 524 2657 enim
557 2613 660 2654 tam
690 2599 934 2654 mirabile
955 2597 1159 2663 fuisset,
1185 2596 1230 2651 si
1257 2595 1402 2650 nullo
1429 2597 1785 2664 supplantato,
1815 2593 1975 2664 primi

382 2691 605 2744 \irtliter
627 2691 878 2760 egissent.
933 2687 1045 2741 lloc
1092 2696 1268 2740 autem
1315 2686 1606 2739 maximum
1640 2694 1695 2739 et
1730 2684 1976 2739 mirabile

385 2789 491 2843 est,
513 2781 648 2848 quod
674 2780 974 2834 cadentium
1005 2775 1291 2831 multitudo
1318 2775 1461 2844 ipsos
1489 2789 1593 2829 non
1626 2775 1835 2840 terruit,
1868 2789 1975 2827 non

386 2871 563 2925 solvit.
611 2870 721 2923 Non
769 2872 906 2924 intra
944 2884 1003 2924 se
1042 2869 1148 2923 tale
1177 2868 1302 2937 quid
1348 2867 1621 2931 dixerunt,
1652 2864 1793 2936 quod
1823 2864 1973 2919 muiti

385 2976 531 3032 sa'pe
568 2962 746 3015 dicere
792 2969 1181 3014 consueverunt
1213 2976 1226 3012 :
1253 2959 1307 3014 Si
1348 2959 1503 3029 primi
1552 2971 1652 3011 nos
1691 2957 1976 3027 imaginem

385 3053 750 3112 adorarcmus,
784 3051 834 3105 id
866 3061 1135 3118 peccatum
1160 3057 1334 3114 esset;
1367 3049 1412 3102 si
1443 3063 1571 3102 vero
1595 3064 1719 3104 cum
1751 3056 1829 3101 tot
1858 3046 1977 3101 mil-

386 3145 524 3198 lihns
553 3145 653 3198 hoc
690 3144 967 3206 faciamus,
999 3142 1115 3211 quis
1140 3143 1345 3196 veniam
1374 3156 1479 3195 non
1505 3140 1695 3195 dabit?
1731 3141 1850 3211 quis
1878 3156 1975 3195 ex-

388 3234 662 3288 cusatione
684 3233 876 3302 dignos
898 3249 1002 3286 non
1042 3231 1275 3287 censebit
1300 3232 1324 3286 ?
1354 3231 1459 3287 Sed
1484 3232 1617 3286 nihil
1645 3231 1721 3285 illi
1751 3232 1854 3286 tale
1882 3240 1975 3285 aut

388 3325 654 3384 dixerunt,
698 3332 791 3376 aut
834 3324 1231 3390 cogitaverunt,
1280 3333 1357 3377 tot
1400 3334 1747 3394 tyrannorum
1792 3322 1973 3391 lapsus

388 3417 579 3470 intuiti.
609 3416 686 3469 Tu
713 3430 840 3469 vero
884 3415 1015 3469 mihi
1056 3426 1109 3470 et
1148 3415 1584 3470 calumniantium
1633 3414 1777 3484 ipsos
1815 3412 1971 3467 mali-

386 3510 638 3577 gnitatem
665 3508 967 3570 coosidera,
997 3517 1050 3560 et
1080 3524 1239 3577 quam
1266 3506 1506 3575 improbe
1535 3515 1590 3560 et
1615 3504 1807 3560 acerbe
1831 3505 1976 3575 ipsos

388 3616 438 3654 :n
454 3597 773 3658 cusavcrint.
809 3597 965 3661 Sunt,
993 3598 1182 3666 inquit,
1201 3599 1295 3652 viri
1314 3598 1508 3661 Juda’i,
1533 3613 1659 3667 quos
1678 3596 1978 3649 constituisti

386 3709 539 3762 super
563 3704 714 3761 opera
741 3686 961 3757 regionis
985 3686 1259 3757 Babylonis
1290 3687 1449 3758 (Dan.
1474 3688 1526 3742 5.
1550 3687 1661 3754 12).
1688 3685 1804 3741 Non
1832 3688 1974 3742 enim

388 3786 560 3838 solum
599 3789 810 3853 gentem
850 3790 1359 3843 eonnnemorarunt,
1411 3780 1504 3835 sed
1534 3790 1590 3835 et
1627 3780 1888 3834 honorem
1920 3781 1973 3835 in

388 3878 697 3930 memoriam
739 3880 1144 3936 revocaverunt,
1186 3882 1240 3924 ut
1263 3870 1400 3940 regis
1430 3872 1560 3926 iram
1593 3870 1969 3936 accenderent,

390 3976 591 4020 tantum
647 3980 752 4019 non
797 3966 1034 4019 dicentes
1079 3978 1096 4015 :
1137 3961 1366 4024 Servos,
1424 3962 1637 4016 civitate
1692 3970 1970 4026 carentes,

386 4057 624 4126 captivos
652 4056 920 4126 principes
966 4060 1177 4108 nostros
1207 4053 1412 4117 fecisti;
1444 4052 1498 4106 hi
1532 4068 1656 4107 vero
1685 4062 1737 4107 et
1771 4060 1973 4105 tantum

392 4150 644 4202 honorem
671 4146 989 4201 contumelia
1017 4147 1274 4210 afﬁciunt,
1305 4156 1355 4199 et
1384 4148 1434 4199 in
1462 4162 1582 4200 cum
1610 4148 1697 4213 qui
1718 4161 1776 4200 se
1802 4146 1975 4198 hono-

393 4242 547 4304 ravit,
571 4240 859 4294 insolenter
905 4248 1084 4308 agunt.
1118 4238 1239 4291 Ideo
1269 4239 1471 4298 dicunt,
1502 4237 1676 4290 λιιᾱωὶ
1700 4255 1823 4306 quos
1847 4254 1973 4289 con-

387 4329 612 4381 stituisti
631 4344 786 4396 super
805 4344 961 4396 opera
980 4331 1203 4397 regionis
1222 4329 1369 4397 Buby
1394 4332 1530 4386 onis,
1551 4344 1653 4377 non
1672 4342 1851 4393 purue:
1867 4337 1957 4376 unt

386 4420 600 4471 decreto
630 4432 739 4483 tuo,
764 4430 812 4473 et
844 4421 946 4471 diis
979 4422 1083 4473 tuis
1108 4437 1213 4473 non
1252 4415 1698 4483 scrtiunttloid.)
1728 4414 1956 4466 Maxima

386 4510 508 4561 laus
523 4510 820 4571 accusatio,
839 4510 1129 4563 etcrimina
1152 4509 1339 4561 laudes
1354 4508 1567 4567 liunt,et
1586 4505 1955 4559 testimonium

391 4599 740 4653 indubitatum
771 4600 992 4653 inimicis
1017 4599 1185 4666 ipsum
1208 4596 1624 4666 perhibentibus.
1650 4595 1784 4665 Quid
1816 4597 1973 4666 igitur

392 4691 523 4744 rex?
542 4688 703 4742 .lnssit
725 4692 868 4759 ipsos
894 4692 944 4744 iu
961 4691 1188 4743 medium
1220 4690 1326 4759 agi,
1357 4701 1413 4743 ut
1443 4690 1587 4757 ipsos
1614 4689 1845 4757 undique
1869 4697 1977 4742 ter-

392 4790 551 4836 reret.
574 4779 675 4833 Sed
701 4781 832 4834 nihil
858 4784 971 4835 illos
992 4781 1371 4845 consternavit,
1401 4798 1503 4834 non
1526 4782 1665 4850 regis
1683 4781 1846 4845 furor,
1867 4795 1971 4833 non

390 4873 532 4940 quod
570 4872 667 4924 soli
708 4870 761 4923 in
789 4882 946 4924 tanta:
980 4874 1147 4926 turba:
1171 4873 1344 4927 medio
1365 4871 1602 4924 (lerclicti
1633 4881 1831 4935 essent,
1865 4885 1970 4922 non

391 4964 529 5030 ignis
554 4969 838 5028 spectatus,
872 4975 973 5012 non
1003 4972 1253 5015 canentes
1280 4962 1438 5025 tubm,
1478 4975 1581 5013 non
1612 4976 1798 5014 omnes
1829 4961 1971 5028 ipsos

388 5052 700 5104 ardentibus
727 5047 891 5103 oculis
931 5049 1216 5113 intuentes,
1245 5052 1337 5105 sed
1368 5052 1482 5105 hinc
1510 5052 1579 5104 illi
1617 5052 1791 5105 onmia
1825 5051 1967 5105 deri—

387 5140 599 5201 dentes,
621 5138 950 5207 tamquamin
966 5136 1210 5205 frigidum
1243 5155 1500 5207 aquarum
1530 5142 1724 5196 fontem
1755 5143 1969 5196 mitten-

387 5230 464 5293 di,
497 5230 548 5281 in
575 5231 839 5284 fornacem
867 5229 1085 5297 ingressi
1107 5237 1247 5291 sunt,
1270 5229 1477 5285 beatam
1505 5234 1649 5286 illam
1668 5235 1969 5289 emittentes

389 5332 575 5370 vocem
607 5336 621 5370 :
650 5317 764 5371 Diis
806 5321 902 5372 tuis
944 5335 1043 5371 non
1088 5319 1350 5382 servimus,
1404 5331 1450 5373 et
1495 5332 1713 5375 statuam
1739 5340 1966 5389 auream,

388 5422 537 5475 qnam
567 5408 786 5472 "existi,
820 5424 919 5460 non
958 5406 1405 5477 adorantus(Dnn.
1441 5410 1493 5462 3.
1528 5412 1639 5481 13).
1688 5413 1833 5467 Hanc
1864 5430 1967 5466 non

392 5508 592 5549 temere
639 5496 857 5549 recitavi
887 5497 1184 5562 historiam,
1210 5496 1302 5549 sed
1331 5506 1385 5549 ut
1413 5497 1652 5565 discatis,
1682 5504 1821 5573 quod
1850 5504 1971 5557 licet

392 5592 537 5640 furor
562 5585 723 5638 instet
747 5588 948 5655 regius,
1003 5590 1102 5643 etsi
1135 5589 1356 5643 militum
1388 5589 1612 5656 ittsidim,
1668 5596 1768 5648 etsi
1797 5596 1970 5650 inimi-

389 5693 575 5733 corum
621 5678 866 5745 invidia,
916 5684 1015 5737 etsi
1069 5684 1375 5752 captivitas,
1422 5684 1522 5737 etsi
1576 5687 1816 5755 orbitas,
1870 5689 1969 5743 etsi

390 5772 547 5839 ignis,
575 5768 673 5821 etsi
700 5768 907 5834 loruax,
937 5775 1034 5827 etsi
1062 5776 1336 5830 innumera
1363 5776 1483 5839 alia,
1509 5775 1709 5845 justum
1736 5780 1863 5834 nihil
1882 5796 1970 5836 su-

387 5874 575 5933 perare
615 5868 707 5913 aut
750 5868 954 5917 terrere
994 5867 1208 5934 poterit.
1252 5868 1304 5923 Si
1333 5869 1473 5923 enim
1519 5868 1605 5924 ubi
1632 5870 1824 5941 impius
1854 5887 1969 5931 erat

2077 609 2191 657 rex,
2232 607 2337 647 non
2382 591 2800 648 formidavcrmd
2841 594 3218 653 adolescentuli
3264 602 3471 670 tyranni
3517 601 3660 656 fluo-

2072 700 2209 747 rcm,
2240 682 2405 737 multo
2428 684 2594 753 magis
2620 699 2716 739 nos
2741 687 3011 742 conlidere
3040 698 3268 757 Oportet,
3292 689 3580 746 humanum
3607 702 3661 749 et

2073 777 2257 830 mitem
2305 774 2564 831 habentes
2591 776 2989 845 Imperatorem,
3017 791 3068 835 ct
3096 780 3163 835 de
3194 780 3294 835 hac
3324 782 3660 838 tribulatione

2074 867 2185 921 Deo
2205 866 2403 935 gratias
2442 882 2620 936 agere,
2662 883 2731 921 ex
2762 871 3025 937 praedictis
3044 872 3250 937 doctos,
3284 875 3537 928 aerumnis
3564 890 3661 929 nos

2071 957 2329 1010 clariores
2365 955 2503 1010 efﬁci
2547 966 2601 1012 et
2629 957 2770 1025 apud
2811 958 2995 1024 Deum,
3035 971 3090 1015 et
3132 961 3272 1032 apud
3318 963 3584 1027 homines,
3616 966 3662 1019 si

2075 1049 2216 1116 ipsas
2280 1062 2540 1116 generose
2592 1048 2734 1103 ferre
2793 1050 3039 1105 sciamus.
3111 1053 3319 1107 Etenim
3370 1053 3473 1108 nisi
3523 1056 3661 1109 servi

2072 1140 2299 1195 fuissent
2342 1140 2413 1205 hi,
2450 1142 2687 1209 ipsorum
2714 1141 3007 1198 libertatem
3048 1161 3150 1199 non
3178 1148 3613 1217 cognovissemus
3646 1164 3660 1201 :

2074 1233 2176 1286 nisi
2226 1233 2418 1301 captivi
2465 1233 2712 1299 fuissent,
2758 1250 2863 1288 non
2903 1250 3086 1290 eorum
3129 1238 3291 1292 animi
3331 1240 3661 1294 nobilitatem

2072 1323 2449 1378 didicissemus
2480 1343 2495 1378 :
2526 1326 2625 1380 nisi
2670 1325 2905 1380 infcriori
2956 1329 3122 1395 patria
3163 1330 3505 1397 excidissent,
3556 1348 3660 1385 non

2072 1414 2509 1485 cognovissemus
2545 1432 2790 1487 superine
2811 1418 3044 1473 civitatis
3074 1435 3191 1474 esse
3226 1421 3461 1489 ipsormn
3491 1423 3658 1477 virtu-

2075 1516 2182 1561 tem
2218 1526 2232 1561 :
2266 1507 2366 1561 nisi
2396 1517 2635 1563 terrenus
2680 1526 2770 1564 rex
2815 1512 2944 1581 ipsis
2984 1510 3172 1567 fuisset
3202 1512 3390 1576 iratus,
3434 1530 3537 1568 non
3566 1532 3660 1568 au-

2072 1599 2339 1654 dissemus
2386 1599 2833 1667 benevolentiam,
2885 1618 3046 1674 quam
3087 1604 3318 1661 cmlestis
3373 1606 3483 1660 ltex
3540 1624 3663 1674 erga

2074 1688 2220 1758 ipsos
2252 1687 2493 1759 gerebat.

2147 1778 2199 1833 5.
2245 1778 2312 1833 Et
2338 1787 2394 1833 tu
2423 1781 2585 1849 igitur
2612 1780 2656 1834 si
2680 1780 2824 1834 illum
2856 1782 3169 1837 benevolum
3201 1784 3419 1849 habeas,
3460 1786 3586 1841 licet
3616 1789 3665 1841 iu

2074 1870 2346 1924 fornacem
2396 1871 2578 1937 cadas,
2631 1888 2697 1928 ne
2737 1872 3035 1941 deSpercs:
3069 1876 3205 1929 sicut
3244 1876 3287 1931 si
3334 1888 3666 1942 succenseat,

2074 1959 2199 2013 licet
2227 1960 2280 2012 in
2311 1961 2559 2028 paradiso
2586 1962 2680 2024 sis,
2711 1978 2779 2018 ne
2798 1962 3059 2017 conﬁdas.
3101 1964 3314 2019 Etenim
3346 1966 3397 2019 in
3427 1966 3670 2034 paradiso

2075 2056 2192 2102 erat
2220 2050 2406 2121 Adam,
2432 2062 2486 2104 et
2510 2063 2787 2121 postquam
2819 2054 2983 2108 Deum
3026 2055 3277 2121 irritavit,
3318 2055 3447 2110 nihil
3479 2057 3672 2126 profuit

2076 2139 2355 2208 paradisus
2383 2159 2396 2194 :
2430 2142 2483 2195 in
2515 2142 2727 2197 fornace
2757 2154 2907 2198 erant
2936 2146 3046 2211 isti,
3075 2155 3129 2201 et
3156 2160 3434 2217 paStqnam
3456 2164 3514 2202 se
3536 2149 3670 2203 bene

2077 2238 2379 2300 gesserunt,
2414 2232 2547 2287 nihil
2570 2232 2741 2287 obfuit
2767 2233 2973 2292 fornae.
3002 2236 3059 2289 lu
3085 2237 3329 2305 paradiso
3345 2248 3459 2291 erat
3478 2238 3668 2303 Adam,

2078 2330 2133 2374 et
2161 2319 2285 2391 quia
2316 2321 2499 2392 segnis
2526 2332 2663 2388 erat,
2693 2325 3063 2393 supplantatus
3093 2326 3189 2381 fuit
3214 2345 3227 2379 :
3259 2327 3386 2382 ﬁmo
3414 2329 3673 2385 insidebat

2076 2408 2218 2478 Job,
2281 2419 2335 2467 et
2388 2413 2512 2483 quia
2561 2414 2853 2483 vigilabat,
2918 2419 3208 2487 superavit.
3265 2419 3423 2489 Atqui
3473 2431 3671 2491 quanto

2080 2503 2361 2572 paradisus
2405 2513 2489 2560 cst
2527 2504 2654 2560 ﬁmo
2697 2508 2931 2563 melior?
2969 2509 3064 2564 sed
3107 2509 3237 2565 nihil
3267 2510 3368 2566 loci
3395 2512 3565 2567 virtus
3588 2512 3671 2567 in-

2079 2592 2336 2647 habitanti
2387 2594 2605 2663 profuit,
2648 2607 2927 2667 postquam
2967 2600 3202 2669 seipsum
3254 2601 3343 2656 ille
3391 2602 3668 2671 prodidit:

2079 2682 2216 2736 sicut
2242 2697 2343 2737 nec
2371 2683 2473 2738 loci
2505 2684 2682 2740 vilitas
2711 2686 2906 2743 virtute
2934 2688 3167 2759 undique
3205 2691 3467 2745 munitutn
3514 2692 3670 2748 laesit.

2081 2772 2149 2827 Et
2175 2788 2273 2828 nos
2294 2773 2454 2844 igitur
2482 2776 2715 2831 animam
2742 2786 2979 2832 nostram
3011 2781 3353 2837 muniamus:
3382 2782 3497 2836 sive
3530 2782 3673 2838 enim

2082 2867 2427 2935 pecuniarum
2476 2870 2669 2924 mulcta
2713 2871 3011 2939 immineat,
3058 2872 3172 2927 sive
3212 2887 3376 2941 mors,
3421 2875 3672 2944 pietatem

2080 2972 2211 3012 vero
2237 2957 2447 3014 auferat
2475 2976 2654 3026 nemo,
2683 2977 2871 3017 sumus
2894 2964 3141 3019 omnibus
3172 2965 3458 3021 beatiores.
3490 2966 3601 3022 lloc
3619 2976 3676 3023 et

2079 3046 2326 3103 Christus
2376 3050 2646 3106 mandavit
2693 3052 2876 3108 dicens
2914 3071 2928 3108 :
2977 3052 3157 3109 Estote
3197 3056 3354 3127 igitur
3403 3059 3675 3124 prudentes

2080 3137 2210 3191 sicut
2248 3151 2501 3208 serpentes
2539 3140 2752 3210 (Matth.
2788 3143 2878 3200 lO.
2924 3144 3035 3215 16).
3081 3145 3228 3201 Sicut
3250 3148 3393 3203 enim
3423 3149 3514 3205 ille
3548 3152 3674 3207 relic

2078 3243 2243 3298 quum
2265 3229 2451 3300 objicit
2477 3245 2694 3300 corpus,
2726 3241 2784 3287 ut
2811 3243 2972 3303 caput
3011 3247 3213 3303 servet,
3246 3238 3325 3293 sic
3353 3248 3408 3294 et
3437 3249 3531 3294 tu:
3561 3242 3675 3298 sive

2077 3320 2353 3389 pecunias,
2391 3322 2505 3377 sive
2541 3338 2760 3393 corpus,
2802 3325 2916 3381 sive
2955 3339 3276 3396 praesentem
3318 3331 3511 3399 vitam,
3559 3334 3672 3390 sive

2076 3407 2261 3462 omnia
2291 3411 2537 3464 amittere
2566 3422 2833 3480 oporteat,
2859 3422 2915 3467 ut
2944 3415 3193 3484 pietatem
3218 3434 3525 3486 conserves,
3561 3423 3667 3477 noli

2079 3499 2299 3554 tristari.
2329 3500 2384 3556 Si
2412 3502 2556 3556 enim
2586 3502 2731 3558 illam
2772 3504 2972 3561 habens
3003 3508 3336 3576 migraveris,
3368 3518 3547 3568 omn’a
3577 3516 3669 3571 tibi

2079 3604 2201 3643 cum
2249 3590 2436 3660 majori
2472 3591 2609 3647 Deus
2650 3594 2891 3650 claritate
2934 3598 3213 3662 retribuet,
3248 3612 3301 3654 et
3326 3616 3521 3671 corpus
3549 3619 3670 3660 cum

2081 3680 2267 3750 majori
2296 3696 2507 3736 rursum
2552 3683 2721 3753 gloria
2761 3688 3025 3753 restituet,
3058 3698 3111 3744 et
3138 3705 3233 3759 pro
3261 3694 3501 3761 pecuniis
3538 3695 3672 3750 bona

2078 3786 2199 3838 qua:
2241 3772 2383 3826 nulla
2430 3772 2716 3829 verborum
2765 3777 2814 3830 vi
2862 3788 3084 3847 possunt
3126 3782 3375 3851 exprimi.
3406 3783 3595 3840 Nonne
3622 3787 3673 3841 in

2079 3861 2205 3916 ﬁmo
2236 3862 2411 3917 nudus
2463 3864 2683 3920 sedebat
2709 3866 2832 3933 Job,
2866 3869 3159 3926 innumeris
3187 3875 3449 3931 mortibus
3467 3878 3676 3947 gravio-

2079 3968 2193 4006 rem
2223 3955 2496 4010 sustinens
2524 3956 2731 4010 vitam?
2761 3958 2866 4013 Sed
2890 3962 3010 4029 quia
3040 3963 3290 4032 pietatem
3320 3981 3427 4021 non
3456 3969 3669 4039 abjecit,

2080 4044 2258 4099 omnia
2308 4060 2429 4099 cum
2479 4047 2668 4117 majori
2712 4050 2863 4119 copia
2913 4052 3121 4108 rediere
3168 4056 3377 4125 priora,
3431 4063 3674 4130 corporis

2082 4136 2281 4189 sanitas
2301 4145 2352 4190 et
2378 4137 2603 4206 species,
2633 4141 2808 4196 onmis
2830 4142 3058 4197 ﬁliorum
3082 4156 3275 4212 cintus,
3306 4152 3672 4218 possessiones

2081 4242 2289 4293 omnes,
2314 4239 2367 4282 et
2397 4229 2537 4299 quod
2563 4233 2798 4286 omnium
2823 4236 3133 4304 maximum,
3163 4240 3439 4310 Splendida
3465 4244 3671 4313 patien-

2082 4317 2167 4368 ti:e
2197 4332 2415 4371 corona.
2448 4320 2596 4375 Sicut
2626 4323 2769 4377 enim
2798 4326 2849 4379 in
2871 4326 3150 4382 arboribus
3173 4332 3385 4397 accidit,
3411 4343 3467 4388 ut
3490 4336 3533 4388 si
3555 4336 3673 4405 quis

2078 4405 2307 4461 fructmn
2334 4424 2453 4463 cum
2482 4411 2623 4466 foliis
2650 4413 2875 4479 auferat,
2907 4426 2961 4471 ct
2991 4434 3168 4475 ramos
3190 4437 3376 4479 omnes
3409 4436 3668 4494 amputet,

2080 4498 2256 4553 radice
2299 4511 2567 4569 manente,
2603 4512 2709 4558 tota
2734 4521 2855 4560 cum
2886 4506 3072 4576 majori
3103 4510 3263 4566 etiam
3289 4525 3479 4570 ornatu
3509 4516 3673 4574 arbor

2080 4600 2366 4660 resurgat:
2395 4592 2474 4647 sic
2515 4594 2728 4663 quidem
2770 4605 2824 4651 et
2861 4597 2913 4651 in
2962 4600 3139 4667 nobis,
3186 4604 3230 4658 si
3273 4606 3485 4673 pietatis
3514 4610 3666 4666 radix

2083 4693 2412 4752 perinaneat,
2457 4687 2556 4740 etsi
2602 4686 2801 4742 divitixe
2841 4690 3169 4762 auferantur,
3216 4704 3272 4751 et
3299 4711 3495 4768 corpus
3542 4715 3667 4755 cor-

2081 4786 2390 4841 rumpatur,
2440 4778 2616 4831 omnia
2667 4796 2852 4836 rnrsus
2896 4785 3049 4839 nobis
3092 4802 3213 4840 cum
3255 4790 3441 4857 majori
3499 4792 3667 4862 gloria

2082 4864 2324 4917 redeunt.
2352 4866 2574 4920 Omnem
2612 4868 2771 4937 igitur
2806 4872 2998 4926 anima:
3040 4876 3451 4933 sollicitudinem
3493 4894 3546 4936 et
3571 4899 3665 4936 su-

2080 4954 2333 5024 perﬂuam
2378 4973 2561 5013 curam
2592 4961 2924 5031 abjicientcs,
2969 4968 3033 5019 ad
3065 4983 3162 5023 nos
3192 4971 3335 5041 ipsos
3360 4974 3664 5043 redeamus,

2077 5062 2268 5116 corpus
2284 5056 2335 5103 et
2356 5050 2586 5105 animam
2606 5069 2859 5109 ornentus
2876 5058 3081 5113 virtutis
3097 5073 3431 5130 ornamento,
3449 5066 3665 5134 justitia:

2076 5153 2245 5205 arma,
2274 5139 2367 5194 sed
2391 5156 2493 5196 non
2525 5159 2673 5199 arma
2699 5149 2933 5215 peccati;
2964 5153 3202 5219 corporis
3229 5156 3397 5209 nostri
3426 5158 3663 5213 membra

2076 5232 2430 5288 exhibentes:
2463 5244 2517 5289 et
2554 5246 2680 5293 ante
2721 5240 2899 5293 omnia
2944 5240 3174 5309 linguam
3217 5253 3274 5297 ut
3301 5244 3347 5299 si
3375 5247 3665 5315 spiritualis

2075 5323 2259 5391 gratiae
2288 5326 2529 5381 ministra
2558 5328 2913 5396 instituamus,
2938 5346 3096 5387 omne
3113 5333 3257 5389 virus
3284 5344 3337 5389 et
3364 5338 3666 5407 tnalignita.

2080 5424 2184 5469 tem
2215 5432 2279 5471 ex
2307 5432 2402 5473 ore
2442 5420 2782 5488 projicientes
2823 5430 2877 5475 et
2908 5423 3139 5492 turpium
3177 5426 3462 5483 verborum
3491 5432 3662 5485 medi-

2079 5507 2357 5563 tationem.
2381 5510 2588 5564 Etenim
2608 5512 2659 5564 in
2688 5520 2867 5566 nostra
2899 5523 3166 5582 pmestate
3192 5526 3295 5582 est,
3325 5523 3662 5591 unumquod-

2077 5614 2182 5667 que
2204 5599 2561 5655 membrorum
2586 5611 2887 5657 nostronnn
2913 5606 3025 5660 sive
3054 5609 3288 5675 malitize,
3317 5611 3430 5666 sive
3443 5614 3663 5682 justitias

2078 5691 2490 5746 instrumentum
2520 5692 2710 5749 facere.
2742 5696 2882 5750 Audi
2924 5696 3085 5767 igitur
3110 5702 3378 5770 quomodo
3408 5702 3659 5774 linguam,

2076 5782 2130 5838 hi
2170 5785 2382 5855 quidem
2432 5789 2658 5856 peccati,
2705 5789 2779 5843 illi
2812 5805 2943 5845 vero
2965 5793 3186 5861 justitize
3226 5810 3373 5850 arma
3401 5795 3656 5853 fecerunt.

2081 5872 2280 5946 Lingua
2321 5878 2543 5947 ipsorum
2592 5881 2794 5950 gladius
2836 5894 3014 5939 acutus
3060 5884 3229 5955 (l’sat.
3276 5886 3363 5942 56.
3392 5887 3467 5957 5).
3515 5888 3662 5942 Alter
