4458 6678
735 456 802 511 67
1447 442 1503 499 S.
1543 440 1817 499 JO.\NNIS
1854 436 2325 496 CHRYSOSTOMI
2365 439 2683 495 ABCHIEP.
2725 440 3258 498 CONSTANTINOP.
3931 456 4004 513 σε

736 569 861 608 vero
884 555 1097 623 quidam
1123 552 1192 609 de
1216 568 1309 608 sua
1336 553 1461 608 dicit
1488 552 1697 621 lingua:
1723 550 1922 621 Lingua
1950 567 2060 603 mea
2085 548 2309 602 calamus

733 646 912 698 scribta
947 645 1178 698 velociter
1218 644 1474 697 scribentis
1517 636 1685 709 (Paul.
1725 640 1815 694 Η.
1860 641 1941 708 2).
1991 641 2082 693 Illa
2108 638 2309 692 cuidem

735 747 951 805 operata
977 746 1079 802 est,
1106 735 1222 790 hmc
1242 736 1471 790 divinam
1498 734 1668 803 legem
1695 733 1960 787 scribebat
1988 750 2003 786 :
2033 741 2308 801 propterea

735 827 821 880 illa
849 825 1058 897 quidem
1102 826 1324 895 gladius,
1368 825 1604 879 calamus
1646 834 1822 877 autem
1868 823 1982 877 haec
2022 832 2157 885 erat,
2204 838 2311 876 non

735 917 1023 973 secundum
1050 916 1313 985 pr0priam
1333 925 1595 977 naturam,
1614 914 1708 967 sed
1733 913 2023 968 secundum
2051 910 2312 966 utentiqu

733 1006 1063 1060 electionem.
1114 1003 1332 1073 Lingua:
1373 1003 1515 1057 enim
1563 1014 1752 1056 natura
1796 1011 1850 1055 et
1897 1002 2051 1069 hujus
2076 1008 2128 1053 et
2171 998 2314 1053 illius

733 1113 832 1150 una
865 1103 999 1159 erat,
1025 1094 1263 1163 operatio
1291 1102 1468 1147 autem
1498 1108 1605 1147 non
1652 1108 1775 1146 una.
1812 1092 1874 1145 Et
1902 1091 1969 1144 de
1997 1104 2091 1143 ore
2130 1101 2314 1142 rursus

732 1186 871 1239 idem
914 1200 1142 1240 cernere
1184 1184 1572 1239 licet:etenim
1620 1183 1674 1237 hi
1720 1182 1931 1252 quidem
1959 1178 2219 1233 habebant
2249 1192 2313 1232 os

731 1274 880 1328 sanie
925 1282 979 1327 et
1018 1272 1359 1340 improbitate
1405 1273 1658 1343 plenum;
1704 1277 1982 1339 praptcrea
2015 1266 2305 1321 incusando

731 1363 943 1418 dicebat
990 1380 1007 1415 :
1057 1362 1129 1416 0s
1182 1364 1409 1430 ipsorum
1468 1361 1812 1414 maledictione
1866 1367 1912 1411 et
1976 1356 2315 1409 amaritudine

731 1453 935 1525 plmum
986 1463 1057 1508 est
1094 1452 1264 1525 (Psal.
1290 1453 1377 1507 l3.
1408 1452 1460 1509 3)
1494 1469 1509 1505 :
1537 1451 1699 1520 ipsius
1750 1464 1879 1504 vero
1927 1464 2033 1502 non
2065 1448 2189 1509 tale,
2217 1446 2312 1502 sed

735 1544 807 1599 0s
842 1562 1027 1609 meum,
1084 1545 1272 1613 inquit,
1313 1542 1537 1612 loquetur
1580 1541 1901 1611 sapientiam,
1960 1550 2005 1593 et
2058 1540 2313 1594 meditatio

733 1636 899 1687 cordis
925 1634 1022 1685 mei
1048 1633 1360 1701 prudentiam
1390 1629 1557 1699 (Psul.
1586 1629 1674 1685 48.
1706 1630 1783 1699 ι).
1809 1630 1911 1684 Alii
1942 1643 2069 1683 vero
2116 1643 2303 1682 rursus

728 1739 915 1779 manus
952 1722 1220 1776 habebant
1263 1722 1552 1791 iniquitatis
1582 1720 1784 1790 plenas,
1832 1729 1887 1775 et
1935 1720 2031 1773 hos
2055 1730 2309 1772 accusans

728 1828 914 1869 rursus
954 1813 1205 1868 dicebat:
1254 1811 1321 1865 In
1362 1813 1592 1865 manibus
1636 1812 1860 1878 ipsorum
1909 1811 2211 1879 iniquitates,
2260 1816 2309 1861 et

731 1905 907 1958 dextra
932 1920 1102 1957 eorum
1131 1904 1319 1972 repleta
1344 1914 1414 1955 est
1438 1900 1719 1954 muneribus
1744 1899 1910 1971 (Psal.
1929 1900 2019 1954 25.
2054 1898 2167 1968 10).
2191 1898 2312 1967 Ipse

730 2011 859 2051 vero
887 2010 1073 2049 manus
1112 1994 1242 2048 nihil
1271 1992 1409 2047 aliud
1439 1992 1634 2057 facere,
1666 2007 1822 2061 quam
1851 1992 1904 2045 in
1937 1989 2128 2048 omium
2156 1991 2310 2059 erigi,

730 2096 967 2140 assuetas
999 2084 1256 2149 habebat;
1290 2083 1489 2137 idcirco
1514 2091 1567 2137 et
1594 2083 1659 2137 de
1690 2082 1773 2136 his
1800 2081 2011 2137 dicebat
2039 2100 2052 2135 :
2081 2080 2314 2136 Elevatio

731 2192 970 2228 manuum
1008 2191 1233 2227 mearum
1272 2174 1576 2241 sacri/icium
1624 2174 1957 2243 vespertinum
1984 2170 2155 2243 (Psal.
2187 2172 2309 2227 140.

727 2264 804 2335 2).
834 2263 891 2319 In
928 2265 1091 2320 corde
1132 2280 1343 2335 quoque
1381 2265 1502 2317 licet
1543 2264 1681 2317 idem
1722 2262 1937 2329 videre;
1964 2262 2311 2332 quorumdam

731 2358 873 2412 enim
900 2371 995 2411 cor
1022 2373 1212 2411 vanum
1238 2366 1340 2420 est,
1384 2355 1540 2425 hujus
1578 2365 1751 2408 autem
1780 2370 1996 2419 verum;
2026 2363 2309 2425 propterea

730 2447 799 2503 de
828 2447 930 2501 illis
954 2446 1118 2501 dicit:
1150 2445 1249 2501 Cor
1268 2463 1439 2500 eorum
1468 2461 1649 2498 uanum
1678 2454 1749 2497 est
1781 2442 1950 2511 (Psal.
1981 2444 2034 2498 5.
2071 2443 2162 2510 l0)
2188 2460 2202 2506 ;
2242 2442 2311 2497 de

731 2552 830 2591 suo
856 2546 1055 2602 autem,
1087 2534 1348 2589 Eruetavit
1384 2552 1472 2588 cor
1504 2551 1666 2588 meum
1705 2534 1906 2587 verbum
1927 2536 2109 2587 bonum
2136 2533 2309 2603 (Psal.

732 2627 822 2682 44.
850 2628 930 2696 2).
958 2626 1024 2680 Et
1064 2626 1130 2680 de
1174 2625 1355 2679 auditu
1400 2640 1613 2679 rursum
1656 2624 1795 2679 idem
1824 2624 2005 2680 videre
2034 2624 2178 2679 licet.
2207 2623 2310 2677 Alii

733 2732 961 2787 namque
1006 2716 1291 2771 bestiarum
1338 2715 1573 2769 auditum
1633 2715 1901 2771 habebant
1947 2716 2202 2769 immitem
2258 2723 2314 2767 et

734 2807 1140 2879 implacabilem,
1189 2816 1243 2862 et
1282 2809 1423 2876 ipsos
1447 2808 1751 2876 vituperans
1776 2808 1854 2861 sic
1883 2807 2092 2861 diccbat
2120 2823 2133 2857 :
2166 2806 2313 2859 Sicut

733 2901 925 2972 aspidis
948 2900 1134 2964 surdae,
1165 2908 1210 2952 et
1250 2897 1528 2951 obturantis
1567 2914 1713 2950 aures
1748 2913 1865 2951 suns
1895 2894 2064 2968 (Psal.
2092 2895 2179 2950 57.
2210 2894 2263 2962 5)
2294 2912 2308 2949 :

734 2991 899 3061 ipsius
934 3000 1110 3045 autem
1140 2988 1351 3043 auditus
1379 2988 1682 3042 divinorum
1731 2998 1847 3041 erat
1885 2987 2169 3042 verburmn
2223 3003 2310 3040 rc-

733 3081 1095 3152 ceptaculum,
1153 3090 1208 3135 et
1254 3078 1357 3133 hoc
1417 3080 1587 3149 ipsum
1642 3078 2033 3141 manifestat-it,
2081 3077 2311 3131 dicens:

738 3170 1003 3226 Inclinabo
1030 3170 1084 3223 in
1112 3169 1404 3238 parabolam
1428 3185 1603 3222 aurem
1629 3185 1809 3231 utram,
1838 3168 2060 3239 aperiam
2087 3168 2137 3220 in
2177 3168 2317 3236 psal-

736 3263 860 3317 terio
888 3262 1276 3331 propositionem
1300 3276 1458 3312 meam
1483 3252 1659 3315 fl’sal.
1688 3253 1777 3309 48.
1809 3252 1885 3323 5).

806 3352 1078 3408 6.Moralis
1097 3352 1473 3407 exhortatio.—
1494 3350 1617 3403 ilmc
1641 3350 1797 3419 igitur
1813 3350 2064 3415 scientes,
2096 3366 2195 3405 nos
2216 3366 2316 3403 un-

738 3444 897 3515 dique
922 3444 1115 3498 virtute
1152 3444 1469 3505 muniamus,
1488 3450 1544 3495 et
1572 3442 1649 3495 sie.
1679 3441 1774 3495 Dei
1793 3442 1925 3495 iram
1950 3440 2270 3510 refellemus
2300 3459 2315 3495 :

745 3546 800 3592 et
824 3534 1063 3604 corporis
1084 3535 1247 3588 nostri
1276 3534 1510 3587 membra
1534 3533 1752 3603 justitite
1777 3548 1922 3587 arma
1950 3531 2202 3587 faciamus
2219 3575 2232 3595 .
2264 3542 2318 3587 et

746 3626 956 3689 oculos,
986 3638 1195 3687 manus,
1214 3623 1393 3692 pedes,
1427 3638 1541 3689 cor,
1568 3624 1802 3692 linguam
1844 3634 1894 3677 et
1936 3638 2095 3676 omne
2122 3638 2317 3690 corpus

741 3722 982 3771 nostrum
1013 3724 1070 3768 ut
1100 3714 1197 3768 soli
1224 3713 1403 3768 virtuti
1428 3714 1555 3769 utile
1596 3716 1665 3768 sit
1692 3715 2025 3769 instituamus
2056 3731 2070 3768 :
2099 3724 2153 3769 et
2194 3714 2314 3768 illo-

741 3821 859 3859 rum
908 3804 1062 3858 trium
1088 3806 1103 3835 ¹
1136 3804 1506 3869 recordemur,
1551 3804 1618 3859 de
1646 3805 1834 3875 quibus
1867 3807 1932 3859 ad
1962 3805 2329 3862 vestramcha-

738 3895 945 3949 ritatem
970 3893 1130 3947 verba
1156 3893 1277 3959 feci,
1308 3908 1499 3964 rogans
1526 3903 1585 3949 ut
1625 3894 1896 3949 inimicum
1919 3895 2183 3950 haberetis
2213 3911 2311 3950 ne-

748 3985 966 4051 minem,
984 3999 1154 4055 neque
1181 3985 1426 4055 cuiquam
1448 4001 1632 4040 eorum
1658 3986 1746 4055 qui
1772 4001 1869 4040 vos
1889 3985 2098 4039 tristitia
2124 3986 2317 4040 affece-

746 4078 873 4141 rint,
903 4077 1307 4141 maledicatis,et
1331 4078 1624 4145 improbam
1641 4077 2061 4146 juramentorum
2091 4092 2317 4133 consue-

740 4167 979 4223 tudinem
1005 4184 1068 4223 ex
1085 4185 1177 4224 ore
1202 4180 1382 4224 vestro
1410 4168 1652 4237 ejiciatis.
1681 4169 1745 4223 Et
1782 4178 1831 4223 te
1854 4168 2059 4223 duobus
2098 4170 2313 4239 quidem

739 4258 1000 4313 mandatis
1041 4257 1098 4312 in
1121 4259 1225 4312 alio
1251 4266 1488 4327 tempore
1511 4259 1832 4314 disseremus
1858 4275 1873 4312 :
1905 4274 2001 4328 per
2019 4259 2158 4315 hanc
2188 4275 2315 4315 vero

741 4349 1120 4404 hebdomadam
1160 4358 1321 4403 totam
1366 4350 1432 4405 de
1454 4350 1773 4420 juramentis
1804 4350 1955 4405 vobis
1984 4351 2244 4415 dicemus,
2278 4367 2308 4405 a

744 4438 962 4493 faciliori
989 4439 1235 4494 mandato
1281 4439 1490 4494 initium
1538 4440 1789 4495 facientes
1814 4456 1829 4492 :
1854 4456 1955 4496 nec
1990 4441 2132 4495 enim
2165 4440 2316 4495 labor

746 4530 884 4583 ullus
903 4537 982 4584 est
1007 4530 1429 4600 jurameutorum
1471 4530 1909 4586 consuetudinem
1962 4531 2179 4586 vincere
2204 4572 2223 4598 ,
2268 4532 2316 4586 si

807 4703 825 4734 ³
856 4707 961 4752 Sav.
981 4708 1035 4753 et
1052 4715 1181 4753 unus
1200 4702 1356 4753 codex
1381 4716 1395 4753 :
1419 4703 1595 4770 legunt.

751 4966 976 5011 ιτωειι
1018 4964 1425 5008 ΕΧΒΟΒΤΔΤΙΟ
1466 4966 1550 5008 AD
1590 4966 1885 5010 POPULUM
1929 4966 2013 5009 DE
2054 4965 2385 5011 GENEROSE
2426 4967 2507 5009 PE

1756 4966 1885 5010 ωλι
1929 4966 2013 5009 DE
2054 4965 2385 5011 GENEROSE
2426 4966 2740 5009 FERENDIS
2808 4966 3273 5009 IMMINENTIBUS
3316 4967 3514 5017 MINIS,

826 5066 998 5111 ητις
1042 5065 1255 5111 κυιση
1296 5066 1595 5108 ΒιιηιιιιΑ
1659 5066 1745 5108 EX
1784 5066 1864 5110 US
1907 5068 2052 5120 QUB
2094 5068 2391 5110 EVENERE
2435 5068 2516 5109 ΕΤ
2558 5068 2585 5109 J

1407 5066 1595 5108 εΜνιΑ
1659 5066 1745 5108 EX
1784 5066 1864 5110 US
1907 5068 2052 5120 QUB
2094 5068 2391 5110 EVENERE
2435 5068 2516 5109 ΕΤ
2558 5068 2672 5109 JOD
2744 5067 2825 5108 ΕΤ
2866 5067 3167 5110 Νικινιτις

2417 552 2639 607 velimus
2656 550 2737 606 vel
2760 566 2944 620 parum
2962 554 3269 620 impendere
3288 553 3466 617 studii,
3489 567 3586 608 nos
3608 552 3832 611 invicem
3856 576 4007 616 com-

2424 641 2878 707 monefacientes,
2908 641 3257 699 admonentes
3278 686 3291 709 ,
3322 644 3698 708 observantes,
3737 650 4002 706 rationem

2416 740 2470 783 et
2488 746 2670 799 pmnas
2684 732 2842 795 abiis,
2861 732 2951 800 qui
2966 731 3112 785 obliti
3128 734 3342 799 fuerint,
3361 745 3676 805 repetentes.
3690 734 3816 803 Quae
3834 740 4004 805 enim,

2417 839 2621 891 qmeso,
2640 824 2877 878 ciborum
2899 823 3235 879 abstinentia:
3254 828 3474 893 utilitas,
3494 830 3590 883 nisi
3608 828 3871 897 improbas
3886 830 4004 883 ani-

2419 913 2489 965 mi
2511 911 2922 967 consuetudines
2946 914 3308 981 expellamns?
3330 917 3469 971 Ecce
3487 917 3643 971 hodie
3669 926 3829 971 totam
3852 915 3997 984 jeju-

2420 1003 2493 1057 nii
2514 1004 2654 1057 diem
2681 1005 2972 1074 exegimus,
2995 1014 3049 1058 et
3078 1018 3317 1058 mensam
3341 1008 3392 1058 in
3419 1023 3640 1076 vespera
3654 1021 3999 1079 apponemus,

2418 1108 2525 1147 non
2559 1092 2821 1148 hesterna:
2847 1093 3097 1157 similem,
3133 1093 3227 1147 sed
3252 1099 3582 1150 immutatam
3630 1109 3686 1152 et
3729 1098 4000 1153 honestio-

2419 1198 2554 1236 rem.
2579 1182 2846 1252 Numquid
2873 1184 3031 1253 igitur
3058 1184 3177 1252 quis
3196 1193 3436 1238 nostrum
3461 1185 3643 1241 dicere
3667 1174 3826 1252 valet,
3846 1202 3905 1243 se
3925 1188 4003 1241 vi.

2422 1283 2529 1327 tam
2550 1288 2700 1328 suam
2728 1274 2884 1329 hodie
2903 1275 3039 1329 sicut
3069 1285 3122 1329 et
3143 1290 3381 1329 mensam
3413 1288 3668 1345 mutasse,
3710 1296 3771 1335 se
3799 1282 3999 1350 impro-

2418 1361 2541 1417 bam
2566 1366 3001 1420 consuetudinem
3027 1366 3161 1419 sicut
3184 1376 3239 1421 et
3257 1382 3431 1421 escam
3453 1371 3817 1426 convertisse?
3841 1372 4001 1441 Equi-

2418 1451 2542 1505 dem
2566 1469 2674 1508 non
2700 1465 2850 1524 puto.
2874 1456 3003 1522 Qua:
3031 1455 3188 1524 igitur
3217 1456 3371 1509 nobis
3392 1456 3581 1525 jejunii
3612 1462 3841 1514 utilitas?
3879 1462 4004 1517 Ideo

2418 1541 2696 1607 exhortor,
2728 1555 2783 1599 et
2810 1545 3075 1599 ethrtari
3129 1561 3233 1599 non
3259 1542 3524 1612 desinam,
3578 1558 3637 1603 ut
3666 1553 3998 1621 unumquod-

2418 1646 2524 1699 que
2544 1634 2853 1688 mantlatum
2908 1635 3175 1703 sigillatim
3204 1644 3566 1702 assumcntes,
3596 1637 3733 1692 duos
3763 1640 3844 1694 vel
3892 1650 4001 1694 tres

2416 1720 2533 1775 dies
2554 1720 2620 1774 ad
2644 1721 2818 1790 ipsum
2840 1724 3164 1792 implendum
3189 1724 3520 1793 impendatis.
3539 1726 3603 1780 Et
3630 1729 3766 1782 sicut
3784 1728 4000 1796 quidam

2416 1824 2540 1867 sunt
2566 1815 2705 1871 inter
2724 1830 2783 1871 se
2804 1817 3045 1871 ciborum
3072 1818 3387 1872 abstinentia
3406 1818 3736 1879 mmulentes.
3761 1828 3813 1873 et
3834 1822 3999 1873 mira-

2418 1903 2580 1959 bilem
2597 1906 2997 1959 contentionem
3029 1905 3283 1962 facientcs
3310 1924 3323 1958 :
3354 1914 3407 1961 et
3432 1905 3485 1959 hi
3510 1907 3725 1974 quidem
3764 1908 4001 1977 integros

2417 1991 2553 2046 duos
2572 1992 2687 2047 dies
2717 1994 3015 2064 transigunt
3046 1995 3245 2064 jejuni,
3295 1994 3347 2048 hi
3374 2008 3499 2047 vero
3522 2010 3631 2047 non
3662 1996 3767 2048 vini
3795 2004 3998 2049 tantum

2419 2090 2474 2136 et
2510 2083 2637 2147 olei,
2660 2083 2755 2138 sed
2781 2093 2835 2139 et
2864 2086 3037 2139 omnis
3082 2086 3264 2140 ferculi
3292 2100 3441 2138 usum
3496 2099 3525 2135 a
3547 2098 3642 2137 sua
3663 2100 3849 2139 mensa
3871 2085 4000 2151 reji-

2418 2173 2643 2239 cientcs,
2674 2189 2812 2244 pane
2840 2184 2896 2230 et
2918 2191 3052 2243 aqua
3084 2185 3296 2229 utentes
3322 2174 3614 2240 dumtaxat,
3645 2174 3999 2243 Quadragesi-

2418 2280 2559 2318 mam
2587 2280 2799 2319 omnem
2821 2266 3143 2334 expediunt:
3172 2267 3251 2321 sic
3269 2275 3323 2320 et
3363 2280 3461 2319 nos
3489 2274 3672 2319 mutuo
3698 2264 3999 2319 contenda-

2418 2370 2559 2421 mus,
2609 2364 2667 2408 ut
2704 2355 3126 2423 juramentorum
3176 2355 3524 2425 frequentiam
3580 2355 3827 2408 tollamus
3858 2353 4001 2407 :hoc

2416 2445 2559 2499 enim
2588 2444 2733 2498 omni
2758 2444 2961 2514 jejunio
2990 2445 3191 2509 utilius,
3237 2446 3338 2498 hoe
3365 2444 3509 2497 onmi
3540 2444 3665 2497 vita:
3714 2444 4003 2511 asperitate

2421 2532 2743 2587 fructuosius
2764 2552 2779 2589 :
2806 2544 2861 2589 et
2889 2534 3118 2588 studium
3138 2534 3280 2604 quod
3303 2534 3442 2588 circa
3463 2535 3701 2588 ciborum
3726 2534 3999 2587 abstinen-

2423 2624 2550 2679 tiam
2574 2624 2852 2691 habemus,
2886 2625 2989 2679 hoc
3015 2626 3153 2680 circa
3177 2630 3598 2693 juramentornm
3627 2624 4000 2680 abstinentiam

2420 2717 3051 2785 cxhibeamus:quoniam
3072 2725 3326 2772 extrema:
3340 2716 3623 2771 dementia:
3647 2717 3847 2771 crimen
3866 2717 4002 2770 sub-

2419 2809 2576 2871 imus,
2607 2804 2871 2876 prohibita
2913 2807 3126 2875 quidem
3176 2816 3600 2871 contemnentes,
3624 2807 3761 2859 circa
3791 2806 4003 2860 indiffe-

2422 2899 2594 2953 rentia
2644 2912 2772 2951 vero
2822 2911 2982 2951 omne
3025 2898 3259 2951 studium
3314 2896 3671 2952 adhibentes:
3721 2898 4003 2951 comedere

2425 2989 2570 3045 enim
2596 3004 2701 3042 non
2728 2997 2807 3041 est
2837 2987 3138 3049 inhibitum.
3164 2986 3346 3055 jurare
3370 3002 3497 3041 vero
3537 2986 3857 3055 prohibitum
3884 2996 3985 3049 est;

2421 3094 2520 3135 nos
2538 3088 2713 3133 autem
2731 3094 2759 3130 a
2784 3078 3056 3133 concessis
3072 3077 3424 3139 abstinentes,
3442 3076 3701 3145 prohibita
3719 3074 3996 3129 audemus.

2422 3168 3272 3237 Proptereacharitatemvestrant
3290 3164 3565 3230 exhortor,
3589 3175 3642 3219 ut
3663 3165 3891 3234 aliquam
3920 3167 4001 3218 fa-

2419 3258 2572 3312 ciatis
2595 3258 2964 3317 mutationem,
2991 3265 3045 3309 et
3074 3255 3199 3309 hinc
3229 3256 3545 3325 principium
3580 3255 3730 3309 nobis
3758 3254 4003 3309 ostenda-

2421 3348 2507 3401 tis.
2529 3346 2584 3401 Si
2606 3346 2745 3399 enim
2768 3360 2890 3398 cum
2914 3353 3062 3398 tanto
3090 3359 3326 3413 praesens
3350 3345 3603 3414 jejunium
3632 3345 3808 3399 studio
3826 3356 4006 3399 trans-

2422 3439 2707 3508 egerimus,
2740 3437 2838 3490 hac
2869 3436 3081 3505 quidem
3122 3436 3475 3501 hebdomade,
3503 3446 3561 3489 ut
3589 3452 3655 3491 ne
3676 3438 3890 3490 omnino
3918 3437 4005 3506 ju-

2424 3542 2624 3591 remus,
2647 3526 2960 3591 efficientes,
2986 3526 3225 3593 sequenti
3251 3542 3377 3580 vero
3406 3526 3535 3579 iram
3572 3527 3999 3596 exstinguentes,

2424 3618 2661 3672 ulteriori
2707 3627 2887 3671 autem
2917 3617 3298 3671 detractionem
3337 3617 3589 3672 radicitus
3637 3619 4001 3684 destrucntes,

2420 3718 2473 3762 et
2495 3716 2615 3777 post
2642 3708 2808 3776 ipsam
2826 3707 2927 3761 alia
2950 3722 3135 3762 rursus
3155 3708 3304 3777 plura
3322 3708 3647 3778 corrigentes
3668 3725 3683 3774 ;
3714 3710 3781 3763 ita
3802 3711 3999 3764 sensim

2422 3797 2843 3867 progredientes,
2870 3797 3122 3866 paulatim
3148 3796 3213 3851 ad
3246 3797 3416 3866 ipsum
3447 3799 3654 3852 virtutis
3678 3800 3884 3853 culmen
3908 3815 4001 3853 ve-

2424 3888 2655 3950 niemus,
2679 3900 2917 3955 priesens
2945 3885 3204 3955 fugiemus
3222 3886 3534 3954 perieulum,
3560 3887 3723 3941 Deum
3744 3888 4001 3956 placatum

2422 3976 2707 4032 reddemus
2737 3994 2750 4029 :
2780 3986 2834 4029 et
2859 3975 3140 4030 multitudo
3164 3991 3348 4030 rursus
3385 3977 3451 4031 ad
3482 3992 3578 4030 nos
3609 3986 3665 4030 et
3710 3977 3775 4029 ad
3821 3980 4003 4031 urbem

2423 4067 2761 4138 regredietur
2790 4084 2803 4120 :
2840 4076 2963 4121 tunc
2993 4067 3112 4136 fuga
3135 4068 3310 4136 lapsos
3339 4067 3677 4131 docebimus,
3726 4082 3834 4120 non
3866 4068 4007 4121 loco-

2424 4174 2542 4212 rum
2571 4156 2869 4222 munimini,
2894 4173 2991 4211 nec
3013 4155 3215 4227 refugio
3236 4168 3287 4211 et
3318 4158 3566 4221 recessui,
3587 4158 3679 4211 sed
3701 4158 3861 4210 animi
3894 4159 4005 4224 pie-

2428 4249 2517 4302 tati
2544 4257 2598 4303 ct
2620 4262 2825 4301 morum
2848 4248 3029 4301 virtuti
3048 4248 3235 4300 salutis
3256 4256 3451 4300 nostra:
3480 4262 3627 4316 spem
3649 4247 4003 4301 committere.

2424 4340 2600 4409 Atque
2630 4340 2698 4393 ita
2732 4339 2841 4405 fiet,
2870 4349 2925 4393 ut
2954 4350 3007 4393 et
3033 4338 3189 4408 hujus
3214 4339 3335 4391 vitm
3355 4348 3405 4392 ct
3445 4338 3586 4392 illius
3632 4338 3821 4391 fatum:
3874 4338 4004 4389 luma

2421 4445 2805 4498 assequamur,
2841 4430 3031 4499 quibus
3086 4444 3184 4482 nos
3211 4442 3397 4482 omnes
3444 4427 3631 4495 dignos
3675 4427 3785 4479 ﬁeri
3832 4426 4002 4489 detur,

2424 4520 2592 4587 gratia
2624 4529 2679 4572 et
2708 4519 3032 4587 benignitate
3077 4519 3284 4571 Domini
3316 4518 3480 4570 nostri
3506 4517 3631 4571 Jesu
3653 4516 3847 4569 Christi
3870 4556 3884 4578 ,
3918 4532 4009 4583 per

2424 4623 2581 4676 quem
2608 4616 2808 4661 etcum
2843 4622 2948 4676 quo
2994 4607 3134 4661 Patri
3178 4608 3339 4673 gloria
3382 4622 3485 4660 una
3528 4622 3646 4657 eum
3685 4619 3865 4659 saneto
3891 4605 4007 4672 Spi-

2424 4698 2531 4753 ritu
2554 4712 2694 4752 nunc
2721 4707 2774 4753 ct
2791 4713 3025 4767 semper,
3056 4708 3110 4751 et
3151 4697 3202 4752 in
3225 4698 3415 4753 stncula
3443 4699 3776 4751 sa'culurum.
3819 4698 4005 4749 Amen.

3573 4966 3703 5007 CUM
3761 4964 4004 5005 ΠΛΒΡΛἸ

3218 5070 3233 5108 3
3282 5069 3452 5120 QUOD
3497 5067 3608 5108 NON
3686 5066 4003 5107 OPOIITEA'I

827 5167 1066 5210 TIIIERE
1107 5165 1397 5221 IORTEM,
1442 5165 1557 5210 εει)
1594 5166 1924 5209 PECCATUM
1971 5170 1985 5209 Ξ
2031 5167 2188 5222 QUID
2230 5167 2330 5212 SIT
2358 5168 2529 5211 ιιΑιε
2572 5170 2587 5210 1

2247 5167 2330 5212 ῑιτ
2358 5168 2529 5211 ιιΑιε
2572 5167 2731 5212 Μοιιι
2781 5169 2797 5223 ;
2844 5168 2923 5210 ET
2974 5168 3056 5210 DE
3109 5167 3508 5212 JUIIAMENTIS
3552 5168 3710 5210 0M1“
3779 5168 4007 5210 ετυυιο

832 5265 1165 5312 πυαιειωιο
1198 5267 1214 5308 Ξ
1245 5266 1327 5309 ΕΤ
1367 5265 1433 5309 ιιι
1476 5264 1704 5307 ΤΕΒΒΒ
1748 5265 1996 5308 MOTUM.

2042 5429 2729 5473 “066——

1394 5572 1610 5614 IOIILIA
1647 5570 1705 5611 ν.

830 5697 881 5751 1.
924 5694 1103 5751 Trium
1133 5707 1420 5764 puerorum
1459 5699 1512 5745 et
1540 5687 1875 5761 Babyloniae
1920 5686 2147 5743 fornacis
2172 5704 2331 5744 enar-

762 5792 894 5845 ratio
924 5788 1273 5859 aliquatenus,
1300 5795 1357 5841 ttt
1378 5784 1603 5848 videtur,
1634 5790 1860 5837 vestram
1883 5779 1997 5839 heri
2015 5781 2330 5837 charitatcm

2439 5556 2707 5611 consolata
2730 5556 2848 5622 fuit,
2875 5555 3094 5627 insuper
3108 5562 3283 5608 autem
3300 5562 3354 5609 et
3381 5552 3446 5608 de
3458 5553 3558 5610 Job
3577 5556 3877 5624 exemplum
3898 5558 3938 5618 ί,
3967 5564 4015 5606 et

2440 5652 2595 5705 timus
2622 5652 2766 5706 onmi
2785 5650 2978 5705 throno
2996 5649 3144 5719 regio
3172 5646 3542 5703 venerabilior.
3563 5649 3638 5703 Ex
3664 5648 3837 5702 throni
3871 5662 4009 5700 nam-

2500 5792 2515 5823 ι
2549 5791 2742 5851 Quidam
2762 5799 2887 5855 post,
2930 5791 3016 5842 Job
3037 5787 3329 5853 exemplum,
3349 5789 3527 5841 addunt
3552 5804 3565 5841 :
3588 5790 3641 5841 Et
3664 5790 3859 5839 rutnern
3872 5780 4011 5848 justi.
