4494 6676
795 481 866 535 69
1577 483 1634 538 S.
1673 480 1960 538 JOANNIS
1998 478 2496 536 CIIRYSOSTOMI
2536 477 2861 536 ARCIIIEP.
2901 477 3457 538 CONSTANTINOP.
4175 484 4243 538 70

795 594 1023 667 κοπρίαν
1070 593 1198 648 ἰδεῖν
1234 595 1329 650 τοῦ
1379 598 1500 650 Ἰὼϐ
1551 599 1730 652 πᾶσάν
1775 612 1858 658 τις
1914 595 2127 662 δέξεται
2175 595 2464 665 ὠφέλειαν,

793 681 887 734 καὶ
915 681 1232 750 φιλοσοφίαν
1271 684 1508 755 πολλὴν,
1546 683 1642 734 καὶ
1677 681 2024 753 παράκλησιν
2063 685 2143 747 είς
2186 682 2468 752 ὑπομονῆς

791 767 968 836 λόγον.
1001 768 1103 822 Διά
1147 769 1302 823 τοῦτο
1333 769 1516 822 πολλοὶ
1557 767 1654 822 νῦν
1703 769 1918 840 μακράν
1950 787 2070 823 τινα
2115 770 2209 823 καὶ
2239 768 2459 822 διαπόν-

791 872 906 910 τιον
948 857 1253 928 ἀποδημίαν
1297 857 1606 909 στέλλονται
1636 855 1746 909 ἀπὸ
1771 856 1881 911 τῶν
1922 857 2174 928 περάτων
2211 857 2310 926 τῆς
2357 853 2463 924 γῆς

789 944 871 1006 είς
906 943 1005 1015 τὴν
1043 943 1296 1014 Ἀραϐίαν
1327 943 1644 1014 τρέχοντες,
1691 943 1781 997 ἵνα
1815 945 1916 1016 τὴν
1965 945 2198 1015 κοπρίαν
2247 941 2463 1011 ἐκείνην

793 1031 975 1094 ἴδωσι,
1011 1029 1106 1083 καὶ
1134 1029 1464 1101 θεασάμενοι
1511 1030 1927 1102 καταφιλήσωσι
1965 1031 2065 1102 τὴν
2106 1030 2207 1100 γῆν
2251 1029 2354 1098 τὴν
2395 1026 2464 1081 τά

790 1118 1087 1188 σκάμματα
1136 1117 1234 1170 τοῦ
1281 1117 1595 1186 στεφανίτου
1643 1117 1947 1190 δεξαμένην
1986 1118 2191 1171 ἐκείνου
2214 1156 2228 1180 ,
2268 1116 2360 1170 καὶ
2402 1115 2465 1168 τὸ

786 1201 1008 1272 χρυσίου
1039 1203 1242 1266 παντὸς
1271 1203 1595 1273 τιμιώτερον
1617 1197 1780 1274 αἷμα.
1817 1203 1950 1256 Οὐδέ
1984 1202 2092 1274 γάρ
2117 1200 2289 1264 οὕτως
2313 1200 2462 1253 ἐστὶν

787 1292 1041 1362 ἁλουργὶς
1069 1292 1295 1364 λαμπρά
1312 1332 1328 1354 ,
1362 1293 1440 1357 ὡς
1462 1293 1524 1346 τὸ
1545 1293 1707 1364 σῶμα
1735 1295 1914 1347 ἐκεῖνο
1945 1293 2066 1346 τότε
2095 1291 2421 1346 ἀπέστιλϐεν
2443 1331 2458 1355 ,

783 1379 882 1432 οὑκ
909 1378 1206 1451 ἀλλοτρίῳ,
1258 1379 1373 1433 ἀλλ’
1423 1380 1611 1450 οἰκείῳ
1653 1378 2048 1450 βαπτιζόμενον
2103 1379 2318 1448 αἵματι.
2352 1378 2463 1431 Καὶ

782 1468 850 1522 τά
882 1467 1171 1539 τραύματα
1217 1468 1275 1522 δὲ
1325 1471 1508 1522 ἐκεῖνα
1543 1470 1798 1523 ἀπάντων
1828 1468 1992 1522 λίθων
2021 1463 2090 1537 ἦν
2137 1464 2457 1536 τιμιώτερα.

781 1555 1153 1627 Μαργαριτῶν
1199 1556 1300 1627 μὲν
1327 1557 1437 1627 γὰρ
1471 1556 1633 1626 φύσις
1661 1556 1813 1610 οὐδὲν
1841 1555 1933 1608 τὸν
1973 1555 2086 1624 βίον
2131 1554 2334 1623 ὠφελεῖ
2368 1555 2461 1607 τὸν

780 1643 1052 1716 ἡμέτερον
1071 1685 1086 1708 ,
1123 1643 1244 1696 οὐδὲ
1273 1644 1464 1712 χρείαν
1495 1644 1620 1695 τινά
1668 1641 1869 1714 πληροῖ
1904 1645 2018 1706 τοῖς
2043 1641 2258 1712 ἔχουσιν
2294 1642 2460 1709 ἀναγ-

782 1730 977 1783 καίανο
1011 1729 1082 1782 τὰ
1126 1730 1183 1782 δὲ
1238 1729 1528 1800 τραύματα
1579 1731 1763 1783 ἐκεῖνα
1815 1728 1997 1799 πάσης
2050 1728 2291 1799 ἀθυμίας
2344 1730 2460 1782 ἐστὶ

781 1817 1144 1887 παράκλησις.
1181 1818 1292 1871 Καὶ
1340 1818 1426 1871 ἵνα
1472 1817 1688 1888 μάθῃς,
1725 1818 1808 1871 δτι
1844 1815 2002 1872 τοῦτό
2051 1818 2200 1869 ἐστιν
2238 1815 2457 1886 ἀληθὲς,

777 1904 873 1956 ἐὰν
903 1903 1149 1975 ἀποϐάλῃ
1175 1921 1258 1968 τις
1287 1905 1404 1958 υἱὸν
1429 1907 1650 1976 γνήσιον
1682 1905 1777 1959 καὶ
1811 1905 2094 1977 μονογενῆ,
2116 1903 2288 1970 δεῖξον
2311 1903 2460 1974 αὐτῷ

779 1991 1007 2062 μυρίους
1059 1992 1440 2064 μαργαρίτας,
1486 1995 1582 2048 καὶ
1637 1995 1698 2046 οὑ
1736 1993 2110 2064 παραμυθήσῃ
2155 1992 2215 2045 τὸ
2264 1991 2458 2056 πάθος,

773 2078 896 2130 οὑδὲ
931 2078 1289 2149 θεραπεύσεις
1324 2081 1426 2151 τὴν
1450 2081 1642 2151 ὀδύνην
1666 2099 1680 2112 ·
1712 2082 2033 2153 ἀναμνήσας
2063 2081 2121 2134 δὲ
2158 2082 2319 2134 αὐτὸν
2353 2080 2461 2134 τῶν

771 2166 1104 2236 τραυμάτων
1127 2166 1223 2220 τοῦ
1269 2166 1389 2221 Ἰὼϐ
1409 2206 1424 2230 ,
1461 2169 1660 2239 ῥαδίως
1691 2167 1897 2240 δυνήσῃ
1936 2167 2294 2237 θεραπεῦσαι,
2317 2165 2460 2220 οὑτω

771 2252 948 2323 λέγων
971 2271 985 2284 ·
1020 2255 1086 2308 Τί
1123 2253 1340 2318 πενθεῖς
1367 2255 1416 2317 ⁸,
1453 2255 1749 2326 ἀνθρωπε;
1782 2257 1846 2309 σύ
1887 2255 1986 2326 μὲν
2021 2254 2210 2308 τέκνον
2251 2253 2460 2307 ἀπέϐα-

772 2341 864 2404 λες
890 2343 979 2406 ἓν,
1007 2343 1037 2396 ό
1073 2343 1131 2396 δὲ
1161 2344 1434 2414 μακάριος
1466 2346 1674 2407 ἐκεῖνος
1709 2344 1847 2414 μετά
1877 2345 1938 2397 τὸ
1973 2345 2080 2396 τῶν
2109 2344 2312 2396 παίδων
2339 2343 2459 2395 όλό-

770 2429 974 2500 κληρον
1010 2429 1374 2500 ἀφαιρεθῆναι
1405 2431 1496 2490 τόν
1543 2431 1708 2506 χορὸν
1755 2431 1849 2482 καὶ
1879 2430 2018 2500 αὐτῇ
2052 2433 2117 2499 τῇ
2147 2430 2310 2500 σαρκὶ
2354 2431 2456 2502 τὴν

771 2517 986 2588 πληγὴν
1015 2517 1261 2583 ἐδέξατο,
1292 2519 1388 2571 καὶ⁹
1413 2520 1623 2588 γυμνὸς
1672 2519 1768 2571 ἐπὶ
1811 2518 1908 2588 τῆς
1957 2519 2194 2589 κοπρίας
2219 2518 2457 2590 ἐκάθητο

774 2603 930 2675 ίχῶρι
954 2605 1218 2659 πάντοθεν
1241 2605 1684 2677 καταρῤεόμενος
1702 2643 1718 2669 ,
1748 2604 1888 2658 κατά
1931 2606 2125 2676 μικρὸν
2175 2604 2328 2676 αὐτῷ
2356 2609 2456 2677 τῆς

775 2691 983 2762 σαρκὸς
1011 2691 1412 2762 δαπανωμένης
1430 2732 1448 2758 ,
1478 2693 1507 2744 ὁ
1537 2691 1748 2754 δίκαιος
1771 2731 1786 2756 ,
1817 2694 1846 2746 ό
1885 2692 2139 2760 ἀληθινὸς
2163 2732 2178 2755 ,
2217 2696 2246 2747 ὁ
2275 2692 2459 2747 θεοσε-

770 2778 903 2850 ϐὴς.
938 2778 968 2830 ό
1007 2777 1347 2848 ἀπεχόμενος
1391 2777 1501 2832 ἀπὸ
1534 2778 1736 2841 παντὸς
1774 2778 2014 2849 πονηροῦ
2040 2779 2400 2850 πράγματος,
2429 2781 2460 2832 ό

771 2866 867 2919 καὶ
906 2865 1040 2918 Θεὸν
1095 2864 1350 2935 μάρτυρα
1391 2863 1494 2933 τῆς
1541 2865 1744 2935 ἀρετῆς
1790 2864 1951 2934 έχων.
1991 2866 2088 2916 Ἂν
2125 2865 2235 2934 γὰρ
2281 2865 2456 2920 ταῦτα

770 2951 932 3020 είπης
960 2949 1030 3003 τά
1062 2951 1282 3020 ῥήματα
1307 2987 1323 3012 ,
1367 2950 1549 3002 πᾶσαν
1595 2949 1825 3013 ἔσϐεσας
1868 2949 1963 3002 τοῦ
2000 2949 2323 3012 πενθοῦντος
2355 2951 2455 3020 τὴν

769 3037 1049 3106 ἀθυμίαν,
1088 3037 1184 3090 καὶ
1235 3038 1413 3090 πᾶσαν
1465 3036 1670 3101 ἀνεῖλες
1712 3038 1812 3108 τὴν
1839 3037 2032 3106 όδύνην
2057 3078 2072 3092 .
2118 3038 2454 3106 καὶγίνεται

768 3123 914 3178 οῦτω
941 3123 1334 3196 χρησιμώτερα
1386 3124 1742 3195 μαργαριτῶν
1785 3124 1856 3176 τά
1905 3124 2196 3194 τραύματα
2229 3126 2325 3180 τοῦ
2372 3125 2454 3178 δι-

769 3210 950 3266 καίου.
1010 3211 1394 3282 Ὑπογράψατε
1447 3210 1627 3264 τοίνυν
1683 3212 1898 3274 ἑαυτοῖς
1949 3211 2039 3263 τὸν
2090 3211 2330 3282 ἀθλητὴν
2364 3213 2458 3265 καὶ

771 3297 960 3367 ὑμεῖς,
998 3297 1094 3351 καὶ
1125 3295 1378 3368 νομίζετε
1427 3295 1648 3367 βλέπειν
1694 3297 1794 3368 τήν
1823 3297 2057 3367 κοπρίαν
2081 3297 2318 3368 ἐκείνην,
2360 3298 2456 3352 καὶ

769 3383 931 3438 αὑτὸν
955 3386 1012 3436 ἐν
1044 3383 1195 3455 μέσῳ
1219 3384 1528 3454 καθήμενον
1554 3383 1581 3423 ι)
1622 3383 1720 3454 τῆς
1747 3383 1981 3454 κοπρίας
2001 3423 2017 3448 ,
2049 3383 2143 3436 τὸν
2163 3383 2456 3454 ἀνδριάντα

767 3470 861 3524 τὸν
889 3470 1146 3542 χρυσοῦν,
1176 3470 1271 3524 τὸν
1293 3470 1532 3524 διάλιθον
1553 3509 1568 3532 ,
1593 3470 1684 3523 τον
1713 3470 1832 3534 πῶς
1860 3471 2002 3524 εἴπω
2023 3471 2123 3525 οὐκ
2155 3467 2274 3525 οἶδα
2293 3489 2308 3503 °
2335 3472 2456 3526 οὐδὲ

767 3559 877 3629 γὰρ
920 3559 1029 3629 έχω
1070 3559 1258 3630 τιμίαν
1305 3558 1480 3620 οῦτως
1522 3558 1657 3629 ὓλην
1686 3559 1902 3628 εὑρεῖν,
1948 3557 2024 3620 ὡς
2061 3559 2359 3630 δυνηθῆναι
2395 3563 2457 3614 τὸ

767 3645 1086 3716 ᾑμαγμένον
1131 3647 1309 3699 ἐκεῖνο
1354 3644 1517 3714 σῶμα
1557 3643 1892 3715 παραϐαλεῖν
1921 3661 1935 3674 ο
1970 3643 2112 3698 οῦτω
2144 3647 2236 3698 καὶ
2275 3649 2456 3716 πάσης

770 3731 885 3803 μιοι
918 3732 1048 3800 ὑλης
1075 3731 1524 3802 τιμαλφεστάτης
1562 3731 1626 3784 ἐκ
1659 3729 1856 3784 πολλοῦ
1893 3730 1990 3784 τοῦ
2030 3732 2317 3802 περιόντος
2355 3733 2455 3802 τῆς

770 3819 971 3890 σαρκός
1022 3818 1239 3889 ἐκείνης
1281 3821 1316 3887 ή
1358 3816 1520 3887 φύσις
1562 3813 1631 3888 ἦν
1669 3818 2000 3889 τιμιωτέρα,
2036 3818 2132 3871 καὶ
2173 3817 2244 3870 τά
2280 3820 2451 3891 τραύο

771 3924 916 3977 ματα
947 3905 1055 3958 τῶν
1084 3905 1327 3974 ἡλιακῶν
1354 3904 1590 3958 ἀκτίνων
1621 3904 1982 3976 φαιδρότεραο
2015 3902 2176 3960 αὗται
2212 3907 2312 3977 μὲν
2345 3907 2455 3978 γάρ

767 3995 866 4058 τάς
916 3991 1009 4046 τοῦ
1069 3993 1322 4063 σώματος
1354 3990 1796 4060 καταυγάζουσιν
1827 3992 1999 4062 ὄψεις,
2041 3994 2226 4045 ἐκεῖνα
2271 3993 2328 4045 δὲ
2356 3994 2455 4063 τῆς

766 4082 1006 4144 διανοίας
1044 4081 1202 4150 ήμῶν
1238 4079 1466 4149 φωτίζει
1495 4080 1564 4132 τά
1588 4079 1836 4149 ὄμματα,
1870 4080 2054 4134 ἐκεῖνα
2084 4079 2341 4146 καθάπαξ
2364 4080 2456 4132 τὸν

766 4171 1012 4226 διάϐολον
1039 4168 1422 4236 ἀπετύφλωσε.
1459 4167 1561 4219 Διά
1580 4167 1711 4234 γοῦν
1736 4165 1916 4228 τοῦτο,
1947 4166 2088 4236 μετᾶ
2111 4167 2210 4236 τὴν
2240 4166 2457 4237 πληγὴν

769 4257 986 4327 ἐκείνην
1014 4255 1336 4326 ἀπεπήδησε
1364 4293 1380 4317 ,
1435 4254 1530 4306 καὶ
1559 4253 1659 4306 οὑκ
1690 4253 1862 4324 ἐφάνη
1906 4253 2112 4306 λοιπόν.
2159 4255 2232 4306 Σὺ
2277 4254 2335 4306 δέ
2367 4271 2456 4322 μοι

771 4343 1097 4404 κάντεῦθεν,
1125 4340 1418 4410 ἀγαπητὲ.
1456 4339 1694 4409 μάνθανε
1745 4339 1806 4391 τ’)
1851 4339 1952 4407 τῆς
2003 4337 2234 4407 θλίψεως
2268 4338 2456 4408 κέρδος

771 4431 936 4484 πόσον
979 4429 1148 4484 ἐστίν.
1209 4429 1402 4481 Ὶινίκα
1463 4427 1561 4496 μὲν
1594 4427 1704 4495 γὰρ
1760 4425 2010 4480 ἐπλούτει
2072 4427 2167 4480 καὶ
2216 4428 2454 4493 ἀνέσεως

769 4519 1050 4590 ἀπήλαυεν
1099 4519 1129 4570 ό
1161 4517 1404 4579 δίκαιος,
1440 4515 1746 4568 διαϐάλλειν
1803 4515 1959 4584 ἐσχεν
2007 4515 2170 4568 αὐτόν
2195 4557 2208 4576 .
2243 4517 2455 4586 ψευδῶς

773 4607 892 4676 μὲν,
928 4606 1054 4676 ἐσχε
1094 4605 1138 4657 δ’
1173 4599 1266 4656 οὖν
1300 4603 1449 4671 ὅμως
1484 4603 1658 4654 εἰπεῖν
1683 4619 1696 4632 ο
1730 4600 1826 4664 Μὴ
1863 4601 2087 4670 δωρεὰν
2116 4603 2356 4657 σέὅετα]
2381 4621 2455 4659 σε

771 4696 804 4748 ό
851 4692 972 4747 Ἰὼϐ
991 4707 1011 4755 ;
1049 4689 1268 4760 Ἐπειδὴ
1308 4689 1366 4741 δὲ
1401 4688 1562 4740 αὐτὸν
1595 4687 1879 4757 ἐγύμνωσε
1911 4690 2005 4740 καὶ
2034 4690 2255 4759 ἐποίησε
2289 4692 2456 4762 πένηα

770 4797 841 4834 τα
865 4823 878 4844 ,
913 4779 1035 4833 οὐδὲ
1085 4777 1284 4850 γρῦξαι
1316 4775 1501 4828 λοιπὸν
1525 4775 1792 4845 ἐτόλμησε
1812 4791 1826 4804 ο
1850 4775 1942 4827 καὶ
1963 4776 2050 4829 ὅτε
2083 4776 2180 4842 μὲν
2204 4775 2457 4840 πλούσιος

769 4863 838 4940 ἦν
864 4909 879 4931 ,
909 4869 1218 4937 ὑπισχνεῖτο
1251 4863 1502 4918 παλαίειν
1537 4863 1688 4934 αὐτῷ
1711 4905 1725 4928 ,
1762 4864 1858 4917 καὶ
1888 4863 2266 4928 ὑποσκελίζειν
2298 4866 2458 4933 ἠπεί-

771 4956 884 5010 λειο
920 4954 1109 5025 ἐπειδὴ
1147 4953 1205 5006 δὲ
1235 4954 1442 5022 πένητα
1474 4953 1800 5023 εἰργάσατο,
1842 4955 1936 5006 καὶ
1968 4953 2188 5007 πάντων
2222 4955 2456 5009 ἀπεστέ-

774 5059 942 5113 ρησε,
1001 5042 1097 5095 καὶ
1145 5041 1224 5104 είς
1263 5038 1498 5108 ἐσχάτην
1551 5039 1742 5110 ὀδύνην
1797 5040 2056 5103 ἐνέϐαλε,
2105 5040 2227 5093 τότε
2267 5054 2288 5080 ε
2343 5043 2454 5095 άπ-

771 5128 1011 5198 επήδησε
1035 5144 1049 5158 ·
1103 5127 1201 5180 καὶ
1244 5126 1332 5178 ὅτε
1385 5125 1484 5195 μὲν
1514 5125 1665 5192 ὑγιὲς
1721 5126 1885 5179 αὐτοῦ
1923 5128 1982 5180 τὸ
2023 5128 2181 5198 σῶμα
2219 5123 2317 5198 ἦν,
2356 5129 2454 5191 τὰς

771 5216 958 5284 χεῖρας
995 5215 1246 5285 ἀντῆρεν,
1273 5214 1363 5267 ὅτε
1388 5213 1446 5266 δὲ
1468 5212 1635 5266 αὐτοῦ
1670 5213 1939 5281 κατέκοψε
1969 5215 2066 5284 τὴν
2103 5215 2303 5287 σάρκα,
2331 5217 2452 5270 τότε

773 5301 974 5370 ἔφυγεν
999 5301 1277 5372 ἡττηθείς.

846 5385 1000 5452 Εἶδες
1024 5389 1187 5441 πόσον
1223 5389 1382 5442 πενία
1417 5387 1646 5442 πλούτου
1667 5430 1680 5451 ,
1716 5388 1808 5442 καὶ
1837 5388 2119 5460 ἀρρωστία
2166 5392 2259 5443 καὶ
2295 5391 2452 5454 νόσος

769 5476 962 5546 ὑγείας
984 5515 1000 5541 ,
1034 5477 1128 5530 καὶ
1163 5477 1464 5549 πειρασμὸς
1504 5477 1742 5541 ἀνέσεως
1793 5477 2002 5547 βέλτιον
2039 5481 2151 5543 τοῖς
2191 5482 2450 5551 νήφουσίν

769 5566 886 5619 ἐστι
912 5565 1006 5618 κοιλ⁵
1028 5563 1570 5634 χρησιμώτερον,καὶ
1595 5565 2010 5637 λαμπροτέρους
2038 5566 2132 5619 καὶ
2159 5568 2451 5622 εὐτονωτέ-

773 5669 899 5724 ρους
943 5652 1070 5715 τοὺς
1100 5650 1396 5715 ἀθλοῦντας
1429 5655 1598 5717 ποιεῖς
1635 5654 1731 5716 Τίς
1765 5649 1869 5707 εἶδε
1898 5697 1912 5714 .
1942 5656 2026 5719 τίς
2057 5656 2288 5724 ἤκουσεν
2306 5657 2449 5710 οὕτω

770 5738 1054 5810 θαυμαστὰ
1085 5737 1473 5809 παλαίσματα;
1504 5743 1566 5794 Ol
1593 5741 1702 5794 τῶν
1728 5741 1928 5808 ἔξωθεν
1953 5741 2180 5811 ἀγώνων
2221 5744 2445 5812 πύκται,

831 5896 859 5956 Ρ
891 5892 985 5956 Αίίᾼί
1006 5895 1050 5942 τί
1074 5895 1268 5956 θρηνεῖς.

829 5955 860 6025 ξ
881 5953 1448 6025 Quidam'mpnpscripti
1471 5957 1519 6025 ἐν
1542 5958 1662 6020 μέσῃ
1702 5964 1760 6020 τῇ
1788 5959 1962 6025 namq];
2002 5960 2277 6014 minam.
2317 5958 2445 6010 Infra

771 6019 856 6092 ιλιι)
876 6018 1142 6084 ᾑμαγμένον
1165 6017 1413 6092 ἐκεῖςιοκαί
1437 6017 1590 6078 τίμιον
1611 6017 1770 6070 σῶμα.

830 6079 854 6110 τ
884 6081 972 6135 Qui
995 6082 1083 6126 ζδιη
1110 6092 1217 6126 εἶικὶί.
1255 6080 1389 6130 ”²ί.ι·,
1449 6083 1632 6140 ᾆξ’,οοχ
1665 6098 1784 6130 τίτί,

2575 595 2796 648 ἐπειδάν
2835 595 3185 659 κατακόψωσι
3222 599 3321 662 τὰς
3349 597 3587 668 κεφαλάς
3611 593 3719 649 τῶν
3749 597 4054 649 ἀντιπάλων
4075 639 4089 662 ,
4123 599 4245 653 τότε

2573 682 2768 735 νικῶσι
2818 682 2912 735 καὶ
2951 683 3376 749 στεφανοῦνται·
3412 678 3568 752 οὗτος
3615 683 3706 750 δὲ,
3741 682 3828 736 ὅτε
3865 682 4137 753 κατέκοψε
4185 686 4248 740 τὺ

2575 767 2736 838 σῶμα
2765 769 2856 822 τοῦ
2885 766 3116 830 δικαίου,
3147 771 3510 836 παντοδαποῖς
3539 773 3748 826 ἕλκεσιν
3778 767 3906 822 αὐτὸ
3925 767 4244 840 διατρήσας,

2572 855 2668 906 καὶ
2723 855 3113 926 ἀσθενέστερον
3164 855 3428 926 ἐποίησε,
3477 861 3598 914 τότε
3633 856 3857 930 ἐνικήθη
3894 855 3990 908 καὶ
4041 857 4244 926 ἀνεχώο

2575 956 2740 1012 ρησε·
2773 944 2870 995 καὶ
2909 941 3096 1011 ἐπειδὴ
3139 939 3402 1012 διώρυξεν
3445 947 3612 1000 αὐτοῦ
3651 944 3912 1002 πάντοθεν
3940 943 4038 1006 τὰς
4082 945 4247 998 πλευ-

2575 1027 2700 1098 ρὰς,
2749 1027 2898 1099 αὑτῷ
2947 1029 3046 1099 μὲν
3077 1027 3236 1080 πλέον
3259 1028 3414 1081 οὐδὲν
3441 1032 3688 1100 ἐγένετο,
3712 1033 3804 1088 τδν
3825 1032 3932 1103 γάρ
3964 1031 4246 1084 ἐναποκεί-

2575 1129 2738 1182 μενον
2779 1114 3053 1186 θησαυρὸν
3083 1113 3184 1166 οὑκ
3210 1113 3578 1184 ἀπεσύλησεν,
3607 1122 3743 1189 ἡμῖν
3776 1121 3833 1174 δὲ
3875 1115 4246 1188 φανερώτερον

2571 1199 2735 1252 αὑτὸν
2763 1201 2986 1271 ἐποίησε
3015 1240 3030 1265 ,
3061 1201 3154 1254 καὶ
3205 1199 3295 1252 διὰ
3334 1203 3436 1271 τῆς
3483 1201 3758 1275 διωρυγῆς
3791 1207 4003 1276 ἐκείνης
4047 1203 4244 1256 ἔδωκεν

2571 1284 2775 1340 ἅπασιν
2801 1289 2881 1349 εἰς
2911 1287 2970 1338 τὸ
3001 1285 3149 1339 ἔνδον
3179 1285 3396 1355 βλέπειν
3420 1329 3435 1351 ,
3479 1289 3574 1341 καὶ
3604 1293 4042 1361 καταμανθάνειν
4079 1288 4243 1344 αὐτοῦ

2569 1371 2661 1424 τὸν
2713 1373 2940 1426 πλοῦτον
2994 1373 3208 1427 ἅπαντα
3251 1387 3264 1400 ·
3313 1374 3407 1427 καὶ
3449 1375 3538 1428 ὅτε
3587 1382 3810 1448 κρατεῖν
3857 1379 4244 1452 προσεδόκησε,

2569 1459 2692 1512 τότε
2737 1462 2856 1530 μετ’
2891 1459 3148 1531 αἰσχύνης
3198 1460 3400 1531 πολλῆς
3442 1462 3754 1534 ἀνεχώρησε
3781 1505 3796 1529 ,
3849 1470 3943 1521 καὶ
3993 1467 4248 1538 οὐδεμίαν

2569 1547 2754 1600 οὐκέτι
2798 1549 2981 1619 φωνὴν
3035 1548 3234 1618 ἀφῆκε.
3277 1548 3342 1600 Τί
3395 1549 3660 1616 γέγονεν,
3703 1547 3748 1604 ὦ
3801 1554 4060 1620 διάϐολε;
4106 1555 4248 1619 τίνος

2569 1631 2755 1686 ἕνεκεν
2794 1635 3134 1706 ἀναχωρεῖς;
3166 1635 3266 1688 οὐκ
3317 1635 3532 1702 ἐγένετο
3565 1636 3743 1690 πάντα
3784 1640 3884 1694 δσα
3936 1641 4245 1712 ἡθέλησαςς

2568 1719 2667 1770 οὑκ
2699 1719 2910 1784 ἀνεῖλες
2943 1720 3110 1774 αὑτοῦ
3146 1722 3215 1775 τά
3243 1722 3488 1793 ποίμνια,
3516 1722 3585 1774 τά
3614 1723 3890 1793 βουκόλια,
3920 1729 4017 1791 τάς
4051 1728 4251 1796 ἀγέλας

2566 1803 2676 1858 τῶν
2702 1806 2886 1858 ἵππων
2912 1845 2925 1869 ,
2951 1807 3061 1860 τῶν
3097 1809 3370 1878 ἡμιόνων;
3397 1808 3518 1878 οὐχὶ
3551 1810 3646 1863 καὶ
3681 1809 3772 1864 τὸν
3807 1813 3965 1883 χορὸν
3991 1815 4101 1867 τῶν
4132 1817 4254 1869 παί-

2565 1890 2670 1943 δων
2695 1891 3005 1956 ἀπώλεσας,
3032 1895 3124 1946 καὶ
3152 1895 3251 1966 τὴν
3275 1896 3450 1966 σάρκα
3485 1895 3790 1966 κατέκοψας
3816 1899 4032 1952 ἃπασαν
4055 1917 4071 1963 ;
4106 1902 4252 1964 τίνος

2567 1979 2754 2034 ἕνεκεν
2791 1980 3185 2052 ἀνεχώρησας;
3222 1983 3344 2036 Ὅτι
3371 1983 3586 2051 ἐγένετο
3635 1985 3736 2054 μὲν
3767 1986 3967 2051 πάντα,
3999 1988 4101 2041 ὅσα
4124 1987 4251 2057 ἠθέ-

2567 2066 2731 2136 λησα,
2766 2067 2930 2139 φησίν
2951 2084 2964 2096 ·
2997 2067 3025 2120 δ
3063 2067 3120 2119 δὲ
3159 2069 3415 2136 γενέσθαι
3447 2068 3680 2138 μάλιστα
3711 2072 4031 2143 ἐϐουλόμην.
4061 2075 4156 2126 καὶ
4183 2075 4251 2128 δι’

2567 2153 2597 2206 ὃ
2631 2154 2810 2207 πάντα
2865 2157 3046 2208 ἐκεῖνα
3078 2155 3310 2226 ἐποίησα
3332 2196 3347 2219 ,
3385 2156 3538 2210 τοῦτο
3577 2157 3675 2209 οὐκ
3726 2159 3964 2225 ἐγένετο’
3988 2161 4110 2214 οὐδὲ
4144 2163 4254 2232 γάρ

2569 2240 2958 2311 ἐϐλασφήμησε
2985 2256 3000 2270 ⁸
3030 2240 3118 2293 διὰ
3155 2242 3264 2312 γάρ
3298 2242 3456 2296 τοῦτο
3495 2243 3670 2296 πάντα
3697 2243 3722 2281 ἀ
3777 2246 3960 2298 ἐκεῖνα
4001 2248 4248 2312 ἐποίουν,

2568 2326 2732 2395 φησὶν
2752 2365 2765 2385 ,
2794 2327 2877 2378 ἵνα
2902 2325 3061 2378 τοῦτο
3087 2326 3297 2400 ἐξέλθῃ.
3329 2328 3530 2382 Τούτου
3556 2328 3610 2382 δὲ
3648 2329 3722 2398 μὴ
3753 2332 4070 2401 γενομένου,
4099 2334 4252 2386 οὐδέν

2565 2427 2658 2480 μοι
2703 2411 2868 2464 πλέον
2895 2412 3005 2464 ἀπὸ
3045 2412 3147 2481 τῆς
3184 2412 3387 2483 ζημίας
3409 2416 3518 2467 τῶν
3548 2418 3846 2486 χρημάτων
3875 2418 4095 2486 ἐγένετο
4113 2460 4128 2481 ,
4157 2421 4253 2474 καὶ

2561 2496 2662 2566 τῆς
2711 2497 2819 2550 τῶν
2871 2498 3076 2551 παίδων
3115 2500 3412 2564 ἀπωλείας,
3447 2502 3670 2573 καὶτῆς
3703 2502 3795 2556 τοῦ
3828 2503 4081 2573 σώματος
4117 2506 4252 2577 πλη-

2562 2583 2697 2654 γῆς,
2727 2583 2862 2638 ἀλλά
2912 2586 3223 2638 τούναντίον
3257 2587 3402 2658 δήπερ
3449 2588 3750 2660 ἐϐουλόμην
3787 2589 3974 2661 ἐξέϐη,
4003 2591 4252 2663 λαμπρὸ-

2563 2686 2723 2742 τερον
2749 2671 2987 2742 ἐποίησα
3019 2671 3110 2724 τὸν
3141 2673 3354 2742 ἐχθρὸν,
3386 2675 3479 2727 καὶ
3503 2675 3850 2748 φαιδρότερον
3880 2678 4247 2750 εἰργασάμην.

2570 2758 2782 2826 Ἐγνως
2815 2760 2938 2812 δσον
2977 2761 3078 2828 τῆς
3119 2759 3351 2828 θλίψεως
3382 2761 3444 2813 τὸ
3485 2761 3705 2833 κέρδος,
3739 2764 4025 2834 ἀγαπητέ;
4067 2765 4251 2818 Καλὸν

2567 2843 2665 2912 μὲν
2696 2845 2805 2915 γάρ
2834 2846 2895 2898 τὸ
2933 2845 3092 2915 σῶμα
3165 2847 3258 2898 καὶ
3293 2847 3532 2914 ὑγιαῖνον
3565 2843 3667 2918 ἦν,
3722 2849 3900 2920 πολλῷ
3946 2850 4004 2904 δὲ
4049 2851 4248 2920 σεμνό-

2563 2949 2720 3003 τερον
2748 2933 2941 3000 γέγονε
2990 2933 3341 3004 κατατμηθέν
3368 2935 3473 2988 ὑπὸ
3499 2935 3608 2990 τῶν
3632 2940 3962 3009 τραυμάτων
3989 2941 4245 2993 ἐκείνωνο

2563 3019 2686 3072 ἐπεὶ
2706 3022 2800 3073 καὶ
2829 3020 2949 3092 ἔρια
2990 3021 3134 3074 καλά
3166 3022 3264 3091 μὲν
3295 3024 3387 3076 καὶ
3414 3023 3520 3093 πρὸ
3551 3025 3653 3094 τῆς
3699 3026 3906 3096 βαφῆς,
3945 3028 4163 3080 ἐπειδάν
4191 3029 4248 3082 δὲ

2563 3107 2803 3179 ἀλουργά
2836 3119 2859 3146 ο
2886 3107 3132 3178 γένηται,
3163 3107 3370 3176 ἄφατον
3393 3111 3804 3180 προσλαμϐάνει
3826 3113 3884 3165 τὸ
3911 3113 4127 3176 κάλλος,
4155 3120 4254 3168 καὶ

2564 3196 2764 3267 πολλὴν
2793 3196 2893 3266 τὴν
2921 3195 3275 3266 εὐπρέπειαν.
3315 3195 3376 3250 Εἰ
3404 3197 3461 3250 δὲ
3507 3199 3582 3269 μή
3617 3200 3886 3253 ἀπέδυσεν
3929 3201 4116 3259 αὐτὸν.
4151 3202 4253 3253 οὐκ

2566 3282 2632 3336 ἂν
2669 3281 2912 3353 ἔγνωμεν
2933 3281 3028 3336 τοῦ
3065 3282 3385 3352 στεφανίτου
3415 3282 3516 3355 τὴν
3554 3286 3770 3352 εὐεξίαν
3793 3303 3807 3318 ο
3843 3287 3892 3339 εί
3929 3288 4004 3358 μή
4041 3287 4254 3358 διέτρη-

2567 3386 2656 3423 σεν
2705 3370 2871 3424 αὐτοῦ
2914 3370 2975 3423 τὸ
3024 3369 3138 3443 [61]
3170 3370 3329 3441 σῶμα
3379 3375 3503 3435 ταῖς
3545 3372 3823 3436 ὠτειλαῖς.
3881 3375 3982 3427 οὐκ
4021 3375 4088 3427 ἂν
4121 3377 4249 3428 άντ-

2564 3457 2817 3528 έλαμψαν
2841 3457 3054 3512 ἔνδοθεν
3085 3460 3140 3512 αί
3171 3461 3420 3522 ἀκτῖνες·
3455 3461 3502 3512 εί
3537 3460 3610 3530 μὴ
3656 3460 3908 3513 ἐκάθισεν
3949 3461 4112 3518 αὑτὸν
4159 3463 4252 3516 ἐπὶ

2562 3550 2662 3618 τῆς
2715 3547 2951 3619 κοπρίας
2987 3589 3003 3612 ,
3060 3547 3161 3600 οὐκ
3225 3548 3290 3602 ἀν
3351 3549 3595 3619 ἔγνωμεν
3635 3551 3800 3604 αὐτοῦ
3857 3553 3948 3605 τὸν
4001 3552 4247 3606 πλοῦτον.

2563 3635 2697 3688 (ὶύδέ
2745 3637 2854 3707 γάρ
2903 3634 3046 3687 οῦτω
3091 3635 3340 3708 λαμπρὸς
3370 3637 3462 3690 ἐπὶ
3503 3637 3691 3709 θρόνου
3737 3639 4045 3710 καθήμενος
4098 3641 4251 3710 βασι-

2561 3721 2726 3786 λεῦς,
2782 3723 2860 3786 ὡς
2911 3723 3118 3786 ἐκεῖνος
3169 3723 3262 3775 ἐπὶ
3313 3724 3411 3794 τῆς
3469 3727 3703 3797 κοπρίας
3767 3727 3888 3779 τότε
3941 3728 4251 3797 καθήμενος

2561 3809 2832 3881 ἐπίσημος
2879 3804 2948 3880 ἦν
2985 3809 3076 3861 καὶ
3118 3812 3457 3881 περιφανής·
3501 3813 3642 3880 μετά
3685 3815 3781 3882 μὲν
3814 3816 3923 3884 γάρ
3959 3816 4046 3867 τὸν
4094 3816 4250 3885 βασι-

2561 3897 2710 3950 λικὸν
2772 3895 2963 3967 θρόνον
3014 3895 3283 3960 θάνατος,
3326 3899 3464 3967 μετά
3508 3899 3565 3950 δὲ
3610 3900 3708 3968 τὴν
3756 3902 3989 3971 κοπρίαν
4032 3903 4248 3974 ἐκείνην

2561 3983 2808 4052 οὐρανῶν
2839 3982 3105 4052 βασιλεία.

2637 4069 2704 4138 β’.
2727 4069 2913 4122 Ταῦτα
2934 4065 3026 4122 οὖν
3049 4069 3267 4124 ἅπαντα
3291 4071 3734 4142 ἀναλογιζόμενοι
3760 4073 4144 4146 ἀνενέγκωμεν
4182 4081 4247 4133 ἐκ

2563 4156 2664 4225 τῆς
2713 4157 3052 4229 κατεχούσης
3089 4157 3330 4229 ἀθυμίας
3375 4160 3544 4230 ἡμᾶς.
3596 4160 3706 4213 Καὶ
3751 4161 3860 4232 γάρ
3889 4162 4091 4227 ταύτας
4123 4166 4252 4234 ὑμῖν

2565 4245 2907 4317 παρατίθημι
2955 4249 3056 4308 τάξ
3107 4249 3385 4320 ἱστορίας,
3426 4250 3524 4320 οὐχ
3555 4251 3642 4304 ἵνα
3698 4251 3960 4320 ἐπαινῆτε
3993 4254 4062 4306 τά
4095 4253 4252 4323 λεγό-

2567 4352 2732 4403 μενα,
2768 4335 2882 4387 ἀλλ’
2925 4337 3011 4388 ἵνα
3063 4338 3378 4409 μιμήσησθε
3420 4339 3519 4408 τὴν
3559 4339 3760 4410 ἀρετὴν
3796 4342 3887 4394 καὶ
3916 4341 4014 4411 τὴν
4048 4343 4252 4413 ὑπομο-

2563 4418 2657 4490 νὴν
2701 4421 2809 4474 τῶν
2837 4423 3098 4488 γενναῖων
3147 4425 3369 4476 ἐκείνων
3399 4425 3609 4495 ἀνδρῶν
3629 4465 3643 4489 ,
3681 4426 3767 4479 ἵνα
3796 4426 3882 4480 διὰ
3914 4428 4024 4481 τῶν
4071 4429 4251 4499 ἔργων

2564 4507 2743 4560 αὐτῶν
2799 4508 3008 4577 μάθητε
3035 4548 3050 4570 ,
3100 4509 3180 4561 ὅτι
3233 4511 3384 4562 οὐδὲν
3419 4513 3590 4565 δεινὸν
3621 4513 3728 4564 τῶν
3762 4513 4117 4583 ἀνθρωπίνων
4145 4517 4251 4569 δει-

2563 4596 2700 4659 νῶν,
2752 4595 2868 4649 ἀλλ’
2905 4595 2938 4665 ἢ
2982 4597 3227 4669 ἁμαρτία
3264 4599 3457 4667 μόνον,
3494 4601 3554 4652 οὐ
3593 4601 3788 4661 πενία,
3829 4603 3890 4652 οὐ
3931 4603 4121 4665 νόσος,
4152 4605 4250 4675 οὐχ

2564 4684 2721 4754 ῦϐρις
2749 4723 2762 4746 ,
2807 4685 2908 4738 οὐκ
2943 4685 3179 4754 ἐπήρεια
3202 4723 3216 4746 ,
3250 4685 3348 4738 οὐκ
3380 4687 3598 4756 ἀτιμία,
3627 4689 3688 4740 ού
3719 4687 3781 4740 τὸ
3817 4689 4034 4742 πάντων
4058 4689 4248 4743 δοκοῦν

2564 4771 2792 4839 ἔσχατον
2843 4768 2982 4824 εἶναι
3022 4772 3129 4825 τῶν
3195 4771 3380 4824 κακῶν
3437 4776 3464 4825 ό
3516 4774 3764 4838 θάνατος’.
3819 4775 4088 4844 Ὀνόματα
4139 4778 4247 4848 γάρ

2562 4858 2736 4911 ταῦτά
2785 4860 2902 4910 ἐστι
2955 4859 3116 4928 μόνον
3164 4863 3274 4922 τοῖς
3309 4859 3680 4928 φιλοσοφοῦσι,
3715 4863 4010 4931 συμφορῶν
4048 4864 4246 4935 ὀνόμα-

2562 4961 2669 5006 τα,
2735 4947 3075 5016 πραγμάτων
3141 4946 3325 5017 ἔρημα
3359 4966 3370 4978 ·
3429 4950 3459 5018 ή
3510 4949 3556 5000 δ’
3607 4949 3816 5020 ἀληθὴς
3869 4952 4124 5021 συμφορά
4189 4953 4248 5006 τὸ

2563 5032 2940 5102 προσκροῦσαι
2981 5032 3131 5103 Θεῷ,
3181 5036 3274 5087 καὶ
3311 5035 3536 5105 ποιῆσαί
3584 5053 3638 5088 τι
3681 5036 3790 5087 τῶν
3840 5037 3914 5104 μὴ
3949 5037 4245 5090 δοκούντων

2561 5119 2729 5188 αᾷτῷ.
2770 5119 2835 5172 Τί
2883 5119 2989 5190 γάρ
3024 5119 3135 5189 ἔχει
3171 5121 3343 5175 δεινὸν
3385 5125 3413 5175 ὁ
3443 5121 3710 5185 θάνατος,
3751 5122 3871 5174 εἰπέ
3907 5141 4028 5193 μοις
4064 5127 4139 5178 δτι
4187 5143 4244 5177 σε

2559 5207 2857 5278 τοχύτερον
2922 5209 3015 5260 ἐπὶ
3065 5209 3156 5262 τὸν
3210 5209 3383 5263 εῦδιον
3462 5210 3658 5278 λιμένα
3720 5214 4079 5283 παραπέμπει
4151 5215 4244 5266 καὶ

2560 5294 2656 5364 τὴν
2700 5296 2976 5366 ἀτάραχον
3028 5296 3245 5368 ἐκείνην
3295 5298 3479 5367 ζωήνς
3529 5297 3632 5348 xiv
3675 5299 3784 5368 γάρ
3828 5299 4114 5370 ἄνθρωπος
4169 5303 4243 5370 μὴ

2561 5387 2890 5457 ἀποκτείνῃ,
2945 5388 3104 5450 αὐτὸς
3143 5389 3240 5457 τῆς
3293 5387 3509 5454 φύσεως
3549 5387 3578 5438 ὁ
3631 5387 3795 5459 νόμος
3854 5390 4137 5450 ἐπελθὼν,
4183 5390 4242 5441 οὐ

2556 5473 2799 5527 διαλύσει
2821 5475 2882 5527 τὸ
2910 5475 3070 5545 σῶμα
3101 5475 3211 5528 ἀπὸ
3231 5473 3332 5542 τῆς
3352 5473 3549 5544 ψυχῆς
3581 5475 3682 5529 κᾶν
3715 5477 3824 5548 γὰρ
3851 5479 3924 5548 μή
3956 5477 4051 5530 νῦν
4083 5476 4244 5544 γένη-

2558 5579 2647 5614 ται
2694 5561 2886 5628 τοῦτο,
2940 5562 3096 5618 ἔσται
3153 5561 3353 5632 μικρὸν
3389 5561 3653 5635 ὕστερον,
3692 5565 3721 5618 ὃ
3765 5565 3860 5618 νῦν
3904 5564 4238 5632 δεδοίκαμεν.

2557 5650 2666 5703 Καὶ
2697 5649 2872 5705 ταῦτα
2903 5651 3047 5720 λέγω
3084 5651 3145 5704 οὐ
3175 5649 3490 5721 προσδοκῶν
3518 5669 3570 5705 τι
3590 5653 3785 5719 δεινὸν,
3819 5653 3940 5706 οὐδὲ
3968 5651 4241 5720 λυπηρόνο

2560 5737 2634 5809 μὴ
2687 5738 2932 5806 γένοιτοο
2969 5739 3105 5792 ἀλλά
3160 5738 3301 5808 ὑπὲρ
3359 5736 3468 5791 τῶν
3525 5739 3841 5793 δεδοικότων
3879 5739 3969 5792 τὸν
4013 5737 4243 5790 θάνατον

2555 5827 2959 5898 αἰσχυνόμενος.
2994 5826 3242 5880 Τοσαῦτα
3277 5827 3613 5898 προσδοκῶν,
3644 5829 3766 5882 είπέ
3801 5844 3911 5897 μοι,
3944 5825 4159 5894 ἀγαθά.
4205 5827 4244 5880 ἃ

2557 5917 2690 5986 μήτε
2714 5916 2990 5986 ὀφθαλμὸς
3015 5909 3172 5978 εἶδεν,
3202 5916 3338 5986 μήτε
3359 5911 3452 5980 οῦς
3476 5916 3698 5986 ἢκουσε,
3725 5915 3863 5986 μήτε
3890 5913 3982 5966 ἐπὶ
4005 5911 4237 5985 καρδίαν

2617 6022 2642 6096 ο]
2682 6022 2956 6093 δάιῐὶύίιιιιιδ
2979 6023 3127 6092 π’ξντσ
3153 6024 3391 6093 (χᾶν-Νι.»
3439 6022 3573 6074 lx'z-zz.

2668 6087 2830 6132 ι’«λ-ὶεη.
2860 6099 2981 6133 μιιττι-
3008 6087 3051 6127 τὶ
3072 6102 3087 6110 ⁵
3128 6101 3171 6141 τι
