4494 6730
473 513 543 568 till
1392 507 1482 561 Al)
1524 504 1841 562 POI‘ULUM
1884 494 2373 555 ANTIOCIIENUM
2440 497 2665 552 llOlllL.
2705 498 2763 552 V.
3688 502 3758 554 τι)

470 643 577 698 que
592 627 719 698 regii
742 637 959 699 aspectu
990 625 1191 681 nullum
1208 623 1308 676 erit
1336 624 1695 690 spectantibus
1716 622 1943 680 lucrum,
1968 610 2063 668 sed

477 719 782 789 temporalis
808 719 1084 773 dumtaxat
1110 714 1419 780 delectatio,
1455 714 1648 768 nullam
1692 713 1894 767 habens
1921 707 2064 762 utili-

474 818 633 865 tatem
667 826 771 866 :ex
801 811 926 863 limo
960 807 1061 860 Job
1104 813 1281 859 autem
1304 805 1439 871 viso,
1476 820 1689 861 omnem
1735 803 1857 874 quis
1890 799 2065 869 capiet

476 903 782 968 utilitatem,
812 910 867 956 et
886 897 1218 968 disciplinam
1252 898 1507 963 multam,
1551 908 1605 952 et
1632 892 2062 952 exhortationem

470 994 535 1049 ad
567 995 833 1065 patientia:
856 991 1139 1046 rationem.
1181 989 1361 1059 itaque
1392 990 1540 1044 multi
1582 1004 1724 1043 nunc
1768 987 1979 1055 longam
2011 992 2066 1038 et

473 1087 880 1141 transmarinam
950 1083 1423 1152 peregrinationem
1473 1098 1501 1137 a
1555 1094 1712 1137 terra:
1759 1080 1952 1134 finibus
2010 1080 2062 1133 in

476 1182 724 1236 Arabiam
770 1176 1106 1247 suscipiunt,
1171 1187 1230 1231 ut
1286 1178 1463 1231 limum
1494 1180 1638 1233 illum
1693 1182 1955 1236 cernant,
2011 1180 2065 1227 et

474 1269 767 1339 conspicati
796 1277 991 1323 terram
1032 1268 1442 1333 deosculentur,
1495 1285 1611 1337 qua:
1658 1268 1798 1323 illius
1846 1264 2065 1319 victoris

472 1362 762 1417 certamina
795 1370 848 1415 et
874 1376 1116 1415 cruorem
1146 1361 1287 1415 omni
1316 1377 1445 1415 auro
1478 1361 1846 1431 pretiosiorem
1876 1371 2063 1411 susce-

475 1456 553 1523 pit
583 1452 676 1522 (a).
710 1451 891 1521 Neque
913 1453 1053 1506 enim
1085 1459 1285 1506 tantum
1314 1452 1547 1506 radiaret
1602 1465 1833 1520 purpura
1853 1489 1867 1509 ,
1895 1462 2065 1516 quan-

476 1554 586 1597 tum
618 1544 745 1597 illud
764 1559 956 1612 corpus
985 1554 1109 1597 tunc
1140 1545 1537 1613 resplendehat,
1569 1558 1673 1597 nou
1726 1542 1901 1594 alieno
1921 1581 1936 1605 ,
1970 1538 2064 1593 sed

478 1634 692 1703 proprio
740 1634 958 1687 tinctum
998 1635 1271 1703 sanguine.
1318 1634 1507 1689 Ulcera
1536 1648 1662 1685 vero
1710 1631 1795 1683 illa
1842 1628 2067 1699 gemmis

479 1721 1579 1794 omnilmserantehariora.Margaritarun‘t
1605 1724 1745 1776 enim
1770 1731 1955 1775 natura
1988 1719 2066 1773 ni-

480 1816 687 1869 bilvitze
707 1826 901 1870 nostra:
932 1816 1168 1885 prodest,
1199 1832 1297 1870 nec
1341 1815 1503 1869 ullum
1547 1830 1701 1867 usum
1749 1810 2066 1866 habentibus

483 1908 842 1961 necessarium
879 1908 1056 1975 explet
1090 1925 1101 1959 :
1132 1908 1307 1961 ulcera
1334 1922 1463 1959 vero
1494 1906 1579 1959 illa
1610 1913 1733 1957 sunt
1766 1903 1943 1956 onmis
1974 1902 2067 1954 tri-

478 2001 634 2053 stitire
663 2000 974 2055 consolatio.
1010 1998 1077 2051 Et
1106 2006 1164 2050 nt
1185 1997 1355 2051 discas
1380 1997 1480 2050 hoc
1509 2013 1691 2049 verum
1719 2010 1854 2057 esse,
1877 1993 1918 2047 si
1946 1992 2065 2062 quis

480 2090 644 2143 filium
675 2088 1057 2144 charissimam
1085 2096 1138 2141 et
1181 2086 1511 2153 unigenitum
1565 2086 1788 2146 amittat,
1843 2081 2065 2137 ostende

484 2180 717 2234 infinitas
746 2180 844 2247 ipsi
877 2193 1137 2248 gemmas,
1160 2186 1212 2230 et
1242 2192 1345 2229 non
1391 2173 1756 2230 consolaberis
1785 2172 2027 2225 dolorem
2049 2211 2065 2235 ,

480 2286 652 2339 neque
676 2284 928 2338 angorem
963 2268 1129 2322 lenies
1162 2284 1175 2319 :
1218 2267 1463 2320 siautem
1490 2264 1610 2319 .lobi
1644 2263 1863 2317 vulnera
1916 2260 1964 2315 ei
2015 2261 2068 2314 in

480 2360 792 2414 memoriam
824 2373 1063 2422 revoces,
1096 2357 1245 2411 facile
1274 2356 1472 2411 mederi
1501 2355 1722 2424 puteris,
1742 2355 1820 2407 sic
1844 2352 2029 2408 dicens
2053 2369 2065 2404 :

476 2453 610 2518 Quid
660 2451 825 2520 luges,
878 2449 1080 2503 homo?
1108 2459 1161 2502 tu
1204 2447 1415 2518 quidem
1448 2447 1609 2499 filium
1627 2460 1790 2499 unum
1818 2443 2064 2507 amisisti;

480 2544 663 2597 beatus
684 2554 859 2596 autem
886 2542 996 2607 ille,
1029 2556 1148 2594 cum
1174 2541 1350 2594 omnis
1381 2539 1609 2593 filiorum
1640 2546 1813 2593 ccetus
1857 2537 2067 2591 ablatus

481 2631 680 2694 fuisset,
705 2631 758 2684 in
790 2633 900 2699 ipsa
927 2646 1136 2700 quoque
1157 2645 1317 2684 carne
1332 2630 1537 2698 plagam
1564 2629 1787 2696 accepit,
1814 2636 1869 2682 et
1895 2626 2068 2681 nudus

483 2722 533 2774 iu
564 2721 686 2775 finio
715 2721 958 2786 sedebat,
990 2722 1224 2791 undique
1251 2721 1401 2775 sanie
1430 2719 1697 2783 diffluens,
1726 2720 1851 2772 dum
1886 2717 2071 2787 paula-

482 2814 573 2866 tim
603 2813 765 2881 ipsius
788 2827 911 2866 caro
940 2822 1364 2879 censumeretur,
1383 2811 1583 2881 justus,
1615 2825 1794 2874 verax,
1830 2810 1882 2863 in
1902 2809 2068 2863 Deum

484 2905 621 2972 pius,
652 2905 798 2958 onmi
830 2904 962 2957 mala
994 2921 1051 2958 re
1087 2906 1380 2970 abstinens,
1432 2904 1597 2958 Deum
1629 2902 1837 2955 virtutis
1878 2909 2067 2955 testem

486 2994 704 3050 habens.
739 2994 793 3050 Si
820 2996 958 3047 enim
995 2994 1105 3049 haec
1136 2996 1291 3049 verba
1327 2994 1547 3059 dixeris,
1597 3007 1811 3047 onmem
1841 2991 2070 3061 lugentis

483 3086 751 3139 tristitiam
783 3085 1127 3147 exstinxeris,
1150 3093 1203 3137 et
1224 3099 1437 3139 omnem
1467 3083 1711 3138 dolorem
1742 3081 2020 3139 sustuleris
2050 3097 2066 3135 :

482 3186 533 3230 et
557 3177 778 3244 sit-justi
807 3177 1023 3231 vulnera
1050 3177 1347 3247 margaritis
1366 3176 1579 3231 utiliora
1619 3175 1771 3229 fiunt.
1802 3174 2065 3243 Imagina-

482 3269 606 3321 mini
647 3269 805 3337 igitur
832 3277 886 3321 et
922 3283 1018 3321 vos
1044 3267 1295 3321 athletam
1326 3267 1493 3333 illum,
1525 3276 1579 3321 et
1617 3267 1923 3320 existimate
1971 3279 2067 3318 vos

482 3374 701 3414 cernere
731 3359 909 3411 fimum
939 3359 1112 3424 illum,
1146 3367 1201 3413 et
1224 3360 1395 3428 ipsum
1425 3359 1475 3411 in
1504 3358 1676 3412 medio
1697 3356 1949 3412 stercoris
1982 3370 2069 3410 se-

484 3450 692 3502 dentem
721 3464 735 3500 :
762 3457 988 3500 statuam
1015 3462 1257 3513 auream,
1283 3457 1628 3518 gemmatam,
1652 3448 1859 3517 qualem
1885 3445 2067 3499 dicere

485 3554 587 3591 non
620 3539 735 3591 novi
784 3554 797 3589 :
840 3553 1012 3606 neque
1043 3539 1185 3592 enim
1214 3548 1321 3592 tam
1369 3540 1654 3608 pretiosam
1703 3539 1850 3592 valeo
1894 3547 2065 3591 mate-

487 3629 615 3681 riam
665 3628 920 3693 invenire,
964 3636 1019 3681 ut
1078 3627 1149 3681 illi
1177 3641 1456 3683 cruentato
1506 3630 1718 3699 corpori
1770 3629 2063 3699 comparari

485 3717 665 3785 possit.
699 3716 786 3771 Sir.
816 3716 959 3770 omni
1014 3719 1235 3771 materia
1268 3719 1655 3786 pretiosissima
1707 3721 1883 3775 carnis
1929 3720 2068 3773 illius

487 3817 674 3861 natura
705 3818 820 3862 erat
863 3810 1030 3863 multo
1068 3811 1455 3876 venerabilior,
1484 3821 1537 3864 et
1582 3814 1756 3867 ulcera
1803 3815 2070 3868 solarihus

485 3900 643 3951 radiis
688 3899 1046 3967 Splendidiora
1074 3918 1085 3951 :
1117 3900 1168 3952 hi
1212 3902 1354 3954 enim
1383 3902 1624 3969 corporis
1652 3903 1839 3956 oculos
1876 3905 2071 3958 illumi-

485 4000 636 4054 nant;
673 3991 755 4045 illa
811 4007 939 4045 vero
983 3993 1173 4045 mentis
1209 4005 1406 4047 nostra:
1450 3994 1634 4047 oculos
1662 3994 1949 4056 illustrant.
1983 3996 2068 4050 illa

487 4081 749 4135 diabolum
800 4084 1006 4150 penitus
1043 4093 1467 4138 excmcaverunt.
1504 4085 1788 4153 Propterea
1837 4102 2068 4153 namque

489 4182 603 4241 post
636 4173 775 4225 illaut
808 4173 1013 4242 plagam
1042 4174 1285 4238 rcsilivit,
1317 4190 1414 4228 nec
1430 4174 1678 4243 deinceps
1704 4175 1965 4243 apparuit.
1988 4176 2068 4229 Ttt

489 4277 638 4326 vero,
662 4262 874 4326 dilecte,
904 4271 956 4314 et
978 4262 1101 4315 hinc
1123 4263 1269 4317 disce
1296 4265 1648 4317 tribulationis
1666 4265 1868 4318 lucrum
1897 4282 2065 4334 quan-

490 4364 597 4407 tum
627 4364 727 4408 est.
761 4353 967 4407 Etenim
994 4353 1206 4422 quando
1235 4354 1385 4408 dives
1413 4366 1549 4417 erat,
1582 4365 1637 4411 et
1663 4357 1770 4410 otio
1799 4357 2069 4410 fruebatur

486 4446 679 4514 justus,
705 4445 843 4499 unde
864 4454 1133 4499 accusaret
1157 4445 1327 4513 ipsum
1363 4445 1565 4511 habuit,
1593 4448 1920 4502 mendaciter
1949 4450 2069 4517 qui-

487 4536 607 4588 detn
631 4554 643 4597 ;
672 4552 852 4590 verum
896 4535 1075 4589 hahttit
1094 4535 1231 4589 unde
1256 4535 1478 4601 diceret,
1506 4537 1645 4590 Nam
1674 4552 1721 4591 te
1764 4542 1921 4609 gratis
1956 4542 2072 4595 colit

485 4625 583 4678 Job
618 4623 734 4695 (Job
757 4626 807 4678 l.
838 4627 932 4694 9)?
965 4626 1246 4694 Postquam
1277 4641 1404 4678 vero
1430 4628 1598 4695 ipsum
1622 4631 1887 4696 spoliavit,
1909 4643 1961 4685 et
1991 4632 2071 4688 fe-

486 4721 558 4772 cit
592 4734 900 4788 pauperem,
928 4735 992 4771 ne
1026 4718 1229 4772 hiscere
1259 4719 1470 4787 quidem
1500 4720 1727 4786 amplius
1753 4736 1913 4775 ausus
1941 4734 2023 4777 est
2055 4742 2068 4779 :

487 4820 537 4859 et
568 4824 687 4861 cmn
712 4809 862 4862 dives
887 4810 1101 4877 quidem
1128 4819 1289 4871 esset,
1323 4824 1443 4863 cmn
1494 4810 1606 4876 ipso
1639 4825 1871 4878 pugnare
1913 4828 2070 4879 para-

486 4899 594 4961 bat,
628 4910 677 4951 et
697 4898 1038 4965 supplantare
1090 4900 1420 4964 minabatur;
1470 4912 1745 4970 postquam
1786 4915 1912 4955 vero
1945 4916 2073 4969 pan-

487 5002 668 5054 pi-rem
696 4986 816 5039 fecit
842 4990 1127 5053 omniaque
1161 4991 1379 5045 abstulit
1419 4994 1551 5046 etin
1580 5002 1872 5046 extremum
1918 4992 2071 5045 dolo-

487 5094 595 5132 rem
628 5078 852 5143 iuduxit,
884 5088 1007 5133 tunc
1037 5081 1223 5134 resiliat
1254 5100 1265 5133 :
1297 5093 1346 5136 et
1387 5086 1597 5153 quando
1627 5100 1809 5138 sanum
1854 5085 2067 5152 quidem

488 5172 651 5239 ipsius
681 5178 797 5223 erat
824 5186 1055 5239 corpus,
1088 5187 1278 5225 manus
1304 5178 1636 5243 apponebat;
1667 5188 1721 5231 ut.
1748 5191 1873 5231 vero
1906 5178 2068 5246 ipsius

484 5275 699 5316 carnem
722 5259 1028 5315 vulneribus
1062 5262 1313 5332 implevit,
1365 5274 1490 5318 tunc
1524 5268 1923 5337 aufugitvit-tus.

561 5349 841 5406 IErtmmas
855 5352 940 5417 qui
956 5354 1199 5421 patienter
1217 5355 1646 5424 [et'itnt,rluriores
1664 5361 1891 5413 evadunt.
1902 5392 1969 5401 -—-
1981 5359 2041 5413 Vi

490 5444 613 5499 disti
642 5450 837 5511 quanto
855 5454 1136 5510 paupertas
1154 5445 1229 5498 dl\
1247 5446 1371 5509 itiis,
1394 5445 1729 5501 imbecillitas
1746 5452 2033 5522 etaigritud

489 5535 735 5595 sanitate,
762 5530 980 5584 tentatio
1010 5534 1189 5599 quiete
1219 5536 1405 5589 melior
1432 5536 1767 5604 vigilantibus
1796 5551 1848 5594 et
1894 5543 2063 5597 utifio.

490 5627 559 5680 sit
602 5636 655 5681 et
680 5622 932 5679 clariores
979 5623 1333 5695 fortiores-que
1376 5637 1667 5699 pugnantes
1712 5628 1902 5684 faciat?
1942 5635 2071 5700 Quis

492 5717 640 5783 vidit,
667 5714 783 5787 quis
806 5710 1005 5765 audivit
1028 5721 1131 5765 tam
1162 5716 1431 5772 mirabiles
1459 5718 1689 5788 pugnas?
1719 5718 2065 5777 Profanorum

547 5914 624 5979 (α)
658 5916 781 5963 atulti
807 5916 855 5961 in
873 5911 971 5959 Ara‘.
991 5912 1083 5958 lam
1110 5912 1239 5963 ibant
1260 5922 1310 5963 ut
1334 5915 1496 5965 ﬁmum
1520 5922 1607 5969 Joh
1626 5920 1867 5974 viderent.

2167 618 2519 670 certaminum
2545 618 2766 687 pugiles,
2786 633 2905 673 cum
2927 618 3358 675 adversariorum
3376 621 3548 691 capita
3570 623 3766 677 vulne—

2168 706 2355 774 rarint,
2382 716 2507 762 tunc
2535 707 2767 764 victores
2812 719 2967 776 sunt,
3020 719 3075 767 et
3111 722 3482 775 coronantur:
3518 714 3602 767 hic
3629 728 3759 770 vero

2166 813 2288 854 cum
2309 799 2440 870 justi
2471 814 2667 870 corpus
2688 801 3043 870 vulnerassel,
3073 803 3398 859 omnimodis
3434 805 3649 873 replens
3673 805 3758 859 ul-

2166 890 2399 955 ceribus,
2432 900 2488 946 et
2518 890 2833 947 imbecillius
2868 894 3101 962 fecisset,
3140 908 3264 950 tunc
3287 896 3459 952 victus
3487 904 3649 951 estet
3676 912 3762 950 re-

2169 982 2415 1037 trocessit
2442 998 2455 1034 :
2482 992 2536 1036 ct
2559 993 2837 1052 postquam
2865 984 3029 1054 ipsius
3054 986 3218 1041 latera
3246 988 3478 1058 undique
3499 987 3763 1053 confodit,

2168 1072 2281 1141 ipse
2329 1073 2544 1143 quidem
2579 1074 2709 1129 nihil
2752 1077 2971 1146 profecit
2998 1097 3012 1133 :
3044 1079 3337 1148 repositum
3364 1082 3507 1135 enim
3539 1082 3762 1136 thesau~

2168 1180 2282 1218 rum
2309 1181 2413 1219 non
2446 1166 2665 1220 abstulit
2695 1185 2709 1221 :
2743 1168 2895 1222 nobis
2917 1179 3093 1226 autem
3124 1171 3298 1241 ipsum
3323 1173 3603 1228 clariorem
3634 1171 3762 1229 red-

2168 1253 2320 1316 didit,
2355 1265 2408 1309 ct
2439 1271 2533 1324 per
2561 1256 2704 1310 illam
2735 1258 3152 1326 confessionem,
3184 1271 3239 1315 ut
3268 1277 3460 1318 omnes
3490 1262 3762 1318 hominem

2170 1346 2479 1401 interiorem
2501 1350 2825 1418 aspicerent,
2859 1351 3001 1417 fecit,
3040 1361 3094 1407 et
3121 1369 3309 1409 omnes
3341 1356 3508 1424 ipsius
3547 1356 3763 1411 divitias

2168 1438 2436 1493 discerent
2466 1458 2478 1493 :
2512 1451 2563 1495 et
2595 1458 2715 1496 cum
2744 1443 2961 1498 vincere
2991 1446 3242 1514 speravit,
3275 1456 3400 1501 tunc
3428 1448 3591 1501 multa
3637 1464 3761 1502 cum

2173 1527 2459 1595 ignominia
2490 1533 2731 1595 recessit,
2767 1542 2820 1589 et
2863 1534 3063 1589 nullam
3093 1536 3321 1604 amplius
3352 1552 3534 1591 vocem
3562 1538 3759 1593 emisit.

2170 1617 2306 1684 Quid
2336 1629 2511 1674 aetum
2539 1634 2639 1688 est,
2671 1623 2923 1679 diabole?
2951 1641 3117 1695 quare
3142 1625 3387 1696 refugis?
3414 1627 3601 1683 Nonne
3626 1627 3763 1682 facta

2173 1719 2296 1762 Sunt
2327 1725 2676 1779 quacumque
2703 1714 2957 1769 volebas?
2986 1734 3088 1770 non
3116 1718 3433 1774 iuteremisti
3464 1718 3628 1788 ipsius
3654 1720 3765 1773 ovi-

2173 1803 2263 1869 lia,
2297 1815 2561 1870 armenta,
2584 1821 2842 1875 equorum
2873 1823 3061 1879 greges
3086 1821 3141 1864 ct
3166 1812 3473 1866 mulorum?
3500 1828 3603 1867 non
3624 1813 3765 1866 lilio-

2170 1910 2287 1949 rmn
2317 1904 2513 1950 emtum
2548 1898 2850 1966 perdidisti,
2876 1908 2931 1953 et
2956 1914 3169 1955 carnem
3199 1917 3410 1958 onmem
3439 1906 3766 1963 vulnerasti?

2169 2001 2335 2054 quare
2367 1988 2675 2041 recessisti?
2713 1988 2976 2055 Quoniam
3003 1989 3140 2045 facta
3170 1993 3383 2061 quidem
3414 2006 3538 2049 sunt
3564 1997 3766 2059 omnia.

2171 2092 2289 2144 quae
2312 2078 2471 2143 volui,
2496 2079 2686 2147 inquit,
2712 2080 2853 2149 quod
2876 2097 3003 2136 vero
3026 2082 3140 2138 fieri
3168 2086 3403 2141 maxime
3429 2087 3691 2154 volebam,
3714 2098 3769 2142 et

2177 2176 2393 2235 propter
2420 2169 2563 2236 quod
2590 2171 2768 2224 omnia
2792 2171 2915 2237 feci,
2945 2173 3047 2227 hoc
3093 2174 3287 2229 factum
3319 2191 3425 2230 non
3447 2186 3529 2231 est
3552 2195 3565 2232 :
3592 2193 3767 2248 neque

2178 2256 2320 2308 enim
2350 2256 2738 2326 blasphemavit
2768 2278 2781 2312 :
2813 2273 3033 2330 propter
3060 2263 3162 2318 hoc
3190 2265 3335 2318 enim
3365 2267 3541 2320 omnia
3570 2268 3655 2321 illa
3685 2270 3766 2321 fa-

2174 2345 2402 2410 ciebam,
2424 2346 2614 2417 inquit,
2640 2359 2696 2402 ut
2722 2349 2822 2403 hoc
2842 2352 3171 2418 procederet.
3198 2354 3310 2409 lloe
3337 2370 3442 2409 non
3467 2355 3607 2412 facto
3635 2358 3767 2412 nihil

2173 2436 2410 2491 lucrifeci
2441 2454 2504 2493 ex
2534 2440 2878 2508 pecuniarum
2905 2441 3136 2510 jactura,
3168 2454 3220 2498 et
3248 2443 3476 2501 ﬁliorum
3523 2448 3762 2511 interitu,

2173 2536 2228 2580 et
2249 2528 2490 2596 corporis
2519 2530 2669 2597 plaga
2687 2571 2701 2595 ,
2729 2530 2822 2585 sed
2850 2535 3172 2587 contrarium
3197 2577 3213 2601 ,
3265 2551 3423 2604 quam
3483 2537 3763 2601 volebam,

2173 2619 2368 2681 evenit,
2400 2619 2818 2686 splendidiorem
2842 2621 3047 2677 reddidi
3079 2624 3370 2690 inimicum,
3408 2639 3461 2681 et
3482 2629 3763 2684 clariorem

2174 2709 2349 2763 effeci.
2383 2710 2712 2780 Cognovisti,
2743 2721 3002 2781 quantum
3030 2714 3097 2767 sit
3123 2716 3478 2772 tribulationis
3521 2718 3727 2773 lucrum
3748 2759 3763 2784 ,

2170 2798 2806 2857 charissitne?Pulchrum
2827 2803 3043 2873 quidem
3067 2814 3122 2860 et
3150 2807 3413 2877 integrum
3441 2824 3633 2879 corpus
3655 2809 3769 2866 fue-

2177 2898 2283 2954 rat,
2310 2890 2477 2942 multo
2494 2906 2623 2944 vero
2648 2894 3004 2948 venerabilius
3025 2894 3219 2950 factum
3253 2908 3355 2961 est,
3397 2900 3503 2954 illis
3535 2902 3768 2957 vulneri-

2175 2979 2276 3034 bus
2302 2981 2599 3050 perfossum
2632 3001 2644 3035 :
2674 2985 2923 3053 queuiam
2953 2996 3007 3041 et
3036 2987 3170 3041 lana:
3203 2990 3437 3058 pulchra:
3456 2992 3769 3062 quidem,et

2174 3083 2458 3143 antequam
2480 3075 2782 3146 tingantur;
2814 3088 3089 3149 postquam
3129 3097 3258 3137 vero
3285 3099 3564 3153 purpurea:
3610 3085 3764 3142 facta:

2174 3164 2396 3233 fuerint,
2426 3168 2749 3224 ineffabilem
2781 3181 2999 3227 sumunt
3027 3174 3475 3243 pulchritudinem
3508 3179 3764 3233 multum-

2172 3272 2275 3325 que
2300 3257 2573 3312 decorem.
2612 3259 2721 3314 Nisi
2757 3276 2882 3315 vero
2932 3263 3105 3331 ipsum
3144 3265 3526 3335 exspoliasset,
3572 3268 3765 3323 bonam

2173 3348 2388 3401 victoris
2416 3348 2785 3405 habitudinem
2815 3369 2922 3406 non
2956 3357 3393 3424 cognovissemus
3422 3375 3437 3412 :
3474 3358 3577 3413 nisi
3605 3359 3770 3428 ipsius

2176 3451 2374 3506 corpus
2400 3439 2568 3508 plagis
2590 3442 2930 3509 perforasset,
2963 3446 3095 3499 radii
3128 3447 3448 3504 intrinsecus
3474 3466 3578 3504 non
3624 3454 3770 3508 relu-

2175 3530 2383 3585 xissent
2411 3547 2425 3583 :
2458 3532 2559 3586 nisi
2588 3533 2759 3601 ipsum
2788 3537 2839 3589 in
2863 3538 2991 3591 timo
3019 3541 3403 3605 constituisset,
3445 3544 3613 3611 ipsius
3628 3545 3767 3600 divi-

2176 3622 2279 3677 tias
2302 3638 2410 3677 non
2437 3627 2894 3695 cognovissemus.
2933 3629 3118 3700 Neque
3151 3634 3294 3686 enim
3321 3644 3425 3688 uim
3458 3637 3770 3704 splendidus

2174 3714 2227 3768 in
2245 3716 2381 3770 solio
2411 3733 2505 3771 rex
2536 3718 2768 3784 sedens,
2800 3737 2959 3791 quam
2992 3723 3215 3794 insignis
3253 3735 3370 3781 erat
3426 3729 3515 3784 ille
3551 3740 3606 3784 et
3648 3731 3771 3785 illu-

2176 3810 2299 3862 εει-ῖς
2321 3811 2370 3863 in
2397 3810 2521 3865 fimo
2543 3829 2554 3864 :
2576 3814 2773 3867 ctenim
2801 3817 3132 3886 iostregium
3151 3819 3365 3888 quidem
3388 3821 3579 3876 solium
3600 3838 3768 3893 mors,

2178 3910 2295 3969 post
2318 3902 2499 3955 limum
2526 3912 2702 3957 autem
2731 3904 2879 3957 illum
2909 3908 3159 3960 ca:lorum
3190 3925 3434 3979 regnum.

2247 3996 2301 4047 2.
2326 3996 2625 4048 Auditorum
2648 3996 2925 4065 npplansus
2949 3999 3109 4067 rejici!
3128 4000 3533 4071 Cln‘ysoslomus.
3550 4033 3623 4044 -—-
3640 4005 3766 4063 Hice

2178 4085 2336 4154 igitur
2360 4087 2534 4139 omnia
2565 4088 2962 4153 ratiocinantes,
2992 4107 3053 4143 ex
3083 4092 3417 4160 opprimente
3434 4096 3647 4150 tristitia
3668 4114 3766 4153 nos

2176 4177 2492 4231 relevemus.
2524 4179 2628 4231 llas
2659 4180 2855 4233 etenim
2898 4182 3050 4236 vobis
3085 4181 3335 4238 historias
3376 4200 3619 4255 appono,
3658 4205 3765 4244 non

2177 4266 2391 4318 utdicta
2424 4267 2671 4331 laudetis,
2702 4269 2795 4322 sed
2822 4282 2879 4323 ut
2903 4271 3149 4327 virtutem
3176 4273 3455 4329 imitemini
3480 4286 3531 4330 et
3562 4280 3768 4348 patien-

2177 4356 2300 4407 tiam
2344 4371 2727 4424 gi-nerosorum
2775 4359 3079 4428 hujusmodi
3124 4363 3357 4419 virorum
3393 4385 3405 4419 :
3435 4376 3490 4421 ut
3531 4384 3623 4436 per
3652 4370 3765 4439 ipsa

2176 4447 2392 4501 discatis
2431 4464 2626 4517 opera,
2670 4451 2811 4519 quod
2860 4452 3213 4509 humanorum
3255 4460 3457 4513 nullum
3501 4464 3569 4515 sit
3607 4480 3767 4532 grave

2180 4543 2476 4608 malorum,
2509 4543 2606 4596 nisi
2647 4555 2952 4612 peccatum;
2986 4564 3088 4601 non
3124 4563 3406 4620 paupertas
3429 4595 3442 4617 ,
3472 4571 3577 4609 non
3604 4560 3765 4627 argi-i-

2182 4634 2337 4697 tudo,
2370 4651 2472 4687 non
2496 4638 2811 4690 contumelia
2833 4679 2848 4704 ,
2875 4655 2979 4691 non
3005 4640 3290 4706 calumnia,
3317 4660 3419 4697 non
3451 4646 3761 4718 ignominia,

2182 4744 2283 4779 non
2316 4744 2457 4780 mors
2484 4745 2600 4796 qua:
2630 4731 2866 4783 onmium
2900 4734 3159 4787 malorum
3201 4746 3507 4792 extremum
3535 4757 3655 4796 esse
3683 4746 3763 4798 vi-

2179 4818 2350 4870 detur.
2386 4817 2507 4869 ll.ec
2535 4820 2678 4871 enim
2706 4820 3067 4874 calamitatum
3095 4825 3308 4878 nomina
3331 4867 3344 4887 ,
3379 4828 3762 4898 philosOphan-

2181 4909 2314 4959 tibus
2342 4917 2460 4959 sunt
2484 4918 2682 4960 tautmn
2710 4911 2923 4962 nomina
2953 4912 3111 4965 rebus
3133 4916 3402 4979 carentia;
3432 4934 3551 4972 vera
3582 4933 3763 4978 autem

2177 4998 2467 5061 calamitas,
2519 4999 2681 5052 Deum
2711 4999 2984 5055 offendere
3009 5044 3022 5066 ,
3068 5012 3122 5057 et
3164 5020 3349 5060 eorum
3375 5024 3494 5078 qua:
3528 5012 3626 5081 ipsi
3660 5031 3763 5069 non

2178 5089 2404 5156 plaeent,
2430 5089 2625 5158 aliquid
2654 5090 2847 5146 facere.
2871 5092 3007 5160 Quid
3029 5096 3194 5163 enim,
3218 5113 3418 5167 qumso,
3436 5117 3597 5171 grave
3620 5121 3764 5159 mors

2176 5180 2372 5234 habet?
2400 5198 2525 5236 num
2553 5185 2691 5252 quod
2735 5195 2786 5239 te
2820 5188 3047 5243 celerius
3070 5188 3136 5243 ad
3167 5194 3507 5261 tranquillum
3553 5206 3761 5263 portum

2174 5280 2227 5324 et
2277 5282 2516 5341 paratam
2563 5277 2701 5329 illam
2744 5281 3054 5335 transmittit
3097 5282 3305 5337 vitam?
3344 5288 3586 5353 quamvis
3618 5292 3758 5343 enim

2178 5360 2339 5417 homo
2384 5382 2490 5420 non
2526 5366 2772 5433 occidat,
2822 5369 2933 5438 ipsa
2965 5382 3168 5426 natura:
3197 5373 3280 5426 lex
3310 5374 3552 5445 irrepens
3585 5396 3758 5437 nonne

2177 5473 2369 5525 Corpus
2393 5458 2461 5512 ab
2490 5460 2662 5511 anima
2706 5462 2983 5515 resolvet?
3022 5465 3143 5518 licet
3165 5466 3306 5519 enim
3342 5467 3445 5523 hoc
3484 5485 3628 5526 nunc
3659 5475 3761 5526 mi-

2180 5551 2321 5603 nime
2353 5551 2475 5615 tiat,
2516 5550 2616 5603 erit
2656 5551 2811 5617 paulo
2838 5560 2986 5619 post,
3017 5555 3156 5622 quod
3200 5572 3343 5611 nunc
3384 5559 3652 5617 timemus.
3698 5565 3757 5618 Et

2179 5641 2291 5697 lucc
2311 5641 2452 5707 dico,
2476 5657 2579 5696 non
2601 5657 2762 5710 grave
2785 5643 2908 5712 quid
2934 5656 3251 5714 exspectans
3282 5663 3370 5706 aut
3400 5653 3572 5719 triste,
3598 5656 3755 5720 absit,

2174 5732 2267 5787 Sed
2296 5733 2619 5786 ernbeseens
2646 5744 2873 5788 mortem
2908 5737 3204 5791 timentium
3233 5756 3412 5796 causa.
3440 5744 3540 5799 Tot
3567 5762 3758 5814 exspe-

2173 5834 2324 5877 ctans
2353 5823 2485 5877 bona
2505 5838 2623 5893 qua:
2641 5840 2741 5880 nec
2756 5827 2943 5882 oculus
2960 5828 3111 5892 vidit,
3132 5848 3229 5887 uec
3253 5835 3397 5890 auris
3417 5836 3635 5901 audivit,
3659 5852 3759 5894 nec

2178 5922 2229 5974 in
2251 5935 2342 5975 eor
2364 5919 2593 5975 hominis
2610 5920 2963 5977 ascenderunt
2987 5924 3060 5994 (ί.
3093 5922 3207 5980 Cor.
3236 5925 3292 5983 2.
3319 5925 3397 6009 9),
3419 5928 3503 5985 die
3523 5928 3763 5997 mihi,ad
