4458 6684
789 496 849 552 ’11
1538 500 1595 554 S.
1637 496 1914 553 JOANNIS
1941 491 2414 552 CIIRYSOS'I'OMI
2454 494 2769 555 ARCIIIEP.
2812 503 3344 567 CONSTANTINOP.
4001 531 4072 585 τε

787 605 1067 663 fruendum
1098 607 1280 664 ditI’ers
1308 615 1361 663 ct
1381 606 1599 676 negligis
1614 616 1665 661 et
1687 608 1904 676 torpes?
1922 623 2019 662 nec
2041 618 2243 663 tantum
2263 616 2370 661 tor-

786 715 901 769 pes,
924 700 1019 754 sed
1042 709 1095 755 et
1118 700 1271 754 times
1288 708 1343 753 et
1365 697 1581 752 horres?
1604 698 1671 751 Et
1687 697 1954 767 quomodo
1977 713 2079 752 non
2104 698 2194 752 tibi
2220 710 2374 765 turpe

785 800 1005 862 propter
1022 800 1243 846 mortem
1256 790 1459 854 dolere,
1475 806 1594 844 cum
1611 790 1802 843 Paulus
1821 799 2039 858 propter
2057 796 2371 858 prmsentem

784 887 1048 954 gemuerit
1071 884 1230 937 vitam
1256 924 1273 949 ,
1302 892 1357 937 et
1395 882 1649 937 Romanis
1687 882 1929 935 scribens
1955 882 2145 936 dixerit
2174 898 2187 934 :
2219 879 2371 932 Crea-

786 984 900 1026 tura
920 973 1243 1043 congemiscit
1261 1011 1277 1036 ,
1308 983 1356 1026 et
1385 990 1478 1026 nos
1502 975 1599 1040 ipsi
1629 972 1835 1041 spiritus
1861 973 2111 1041 primitias
2135 956 2369 1023 [tabentes

782 1064 1025 1133 gemimus
1046 1062 1225 1133 (Rom.
1260 1066 1313 1118 8.
1342 1063 1433 1117 22.
1460 1064 1530 1117 25
1549 1062 1609 1131 ΓΞ
1639 1062 1705 1115 Et
1729 1064 1844 1117 hinc
1869 1063 2076 1116 dicebat
2102 1076 2208 1114 non
2234 1074 2365 1113 cou-

781 1154 1042 1207 demnans
1069 1156 1350 1222 praesentia
1372 1194 1388 1218 ,
1423 1154 1517 1208 sed
1555 1152 1733 1208 futura
1764 1154 2091 1208 desiderans.
2121 1150 2363 1214 Gustavi,
2399 1156 2406 1162 ”

781 1246 890 1309 ait,
922 1244 1144 1315 gratiam
1169 1286 1183 1310 ,
1212 1255 1266 1299 ct
1299 1260 1498 1298 moram
1528 1259 1634 1297 non
1667 1243 1778 1297 fero
1806 1261 1819 1297 :
1847 1244 2065 1312 spiritus
2103 1240 2365 1311 primitias

782 1335 994 1402 habeo,
1038 1345 1093 1390 et
1130 1336 1195 1388 ad
1235 1335 1499 1403 integrum
1543 1335 1776 1389 festino:
1805 1333 2020 1388 ascendi
2059 1333 2109 1385 iu
2153 1333 2366 1387 tertium

778 1428 970 1482 calum
990 1467 1007 1492 ,
1039 1426 1143 1479 vidi
1171 1425 1396 1494 gloriam
1436 1424 1581 1478 illam
1628 1425 1949 1479 ineﬂ'abilem
1971 1467 1985 1488 ,
2017 1423 2122 1477 vidi
2168 1423 2367 1490 regiam

779 1518 1171 1588 splendentem,
1202 1515 1366 1571 didici
1395 1516 1586 1585 quibus
1632 1516 1716 1569 hic
1762 1516 2055 1569 itnmorans
2100 1513 2252 1566 bonis
2280 1526 2368 1564 ca-

782 1624 948 1674 ream,
980 1616 1259 1678 propterea
1285 1621 1463 1677 gemo.
1496 1606 1589 1659 Dic
1615 1605 1808 1659 etenim
1842 1602 1993 1669 mihi,
2020 1602 2065 1655 si
2087 1602 2204 1671 quis
2235 1610 2285 1655 te
2311 1601 2364 1654 in

780 1702 956 1772 regias
975 1701 1213 1756 duxisset
1237 1700 1407 1763 aulas,
1430 1707 1485 1752 et
1508 1697 1574 1751 de
1604 1697 1893 1766 parietibus
1916 1710 2105 1749 aurum
2133 1694 2365 1764 undique

778 1790 1007 1860 fulgens,
1035 1800 1089 1845 et
1114 1804 1327 1844 onmem
1353 1789 1516 1841 alium
1534 1798 1779 1843 ornatum
1804 1786 1895 1840 tibi
1914 1786 2361 1849 demonstrasset;

778 1890 963 1952 postea
990 1889 1042 1934 te
1071 1880 1196 1934 inde
1223 1879 1275 1933 in
1305 1878 1554 1950 pauperis
1578 1893 1757 1933 casam
1799 1878 2096 1933 induxisset
2120 1918 2134 1943 ,
2172 1887 2224 1931 et
2247 1886 2365 1946 post

779 1974 942 2028 breve
964 1981 1173 2041 tempus
1197 1973 1249 2026 in
1272 1973 1447 2042 regias
1466 1971 1809 2026 reducturum
1840 1971 1977 2036 illas,
2000 1979 2053 2025 et
2075 1984 2364 2039 perennem

780 2064 852 2118 ibi
872 2064 1201 2117 mansionem
1222 2078 1282 2117 se
1300 2064 1394 2117 tibi
1415 2063 1661 2117 daturum
1684 2077 1805 2117 esse
1827 2061 2157 2128 promisisset
2179 2078 2191 2112 :
2214 2075 2365 2115 num-

775 2154 902 2225 quid
931 2170 1037 2208 non
1065 2153 1295 2208 deberes
1320 2152 1457 2208 afﬁci
1483 2154 1752 2208 desiderio
1772 2194 1787 2218 ,
1817 2162 1872 2206 et
1892 2152 1973 2206 vel
2001 2152 2145 2220 ipsos
2173 2166 2369 2220 paucos

777 2247 893 2302 dies
913 2262 1055 2318 aegre
1080 2245 1263 2302 ferre?
1292 2246 1404 2301 [Ioc
1425 2260 1636 2315 quoque
1667 2244 1733 2299 de
1757 2244 1905 2299 catlis
1930 2254 1983 2298 et
2008 2244 2077 2299 de
2103 2254 2241 2298 terra
2272 2257 2367 2296 co-

776 2339 934 2408 gites,
962 2349 1014 2392 et
1041 2338 1329 2407 ingemisce
1355 2352 1477 2391 cum
1510 2335 1697 2399 Paulo,
1729 2350 1834 2389 non
1869 2342 2085 2404 propter
2113 2343 2363 2397 mortem,

776 2429 869 2483 sed
896 2438 1113 2497 propter
1133 2436 1451 2497 prtescntem
1478 2427 1659 2480 vitam.
1692 2428 1761 2479 At
1785 2425 1852 2480 da
1878 2425 2006 2477 mihi
2024 2466 2038 2488 ,
2072 2425 2246 2493 inquis
2266 2465 2281 2489 ,
2309 2432 2368 2477 ut

777 2519 942 2573 Paulo
971 2519 1162 2573 similis
1192 2519 1314 2571 liam
1340 2559 1355 2583 ,
1388 2527 1443 2573 et
1471 2532 1755 2586 numquam
1786 2525 2014 2569 mortem
2044 2516 2261 2569 timebo.
2298 2514 2365 2568 Et

774 2608 900 2679 quid
933 2618 984 2664 te
1014 2610 1178 2663 Paulo
1204 2608 1432 2662 similem
1472 2607 1581 2661 ﬁeri
1628 2604 1915 2675 prohibet?
1950 2620 2128 2660 nonne
2165 2620 2365 2674 pauper

774 2711 890 2755 erat
933 2701 1062 2755 ille?
1098 2714 1277 2755 nonne
1317 2699 1664 2753 tentoriorum
1700 2696 1893 2752 sutor?
1936 2710 2115 2751 nonne
2160 2695 2366 2749 idiota?

777 2794 833 2849 Si
854 2795 997 2849 enim
1018 2792 1171 2848 dives
1198 2792 1382 2847 fuisset
1406 2806 1468 2846 ac
1498 2791 1710 2857 nobilis,
1742 2788 2053 2843 habuissent
2079 2787 2215 2843 forte
2238 2803 2368 2855 pau-

778 2902 933 2957 peres
961 2886 1026 2939 ad
1057 2887 1223 2954 ipsius
1249 2885 1594 2939 imitationem
1624 2883 1795 2937 vocati
1820 2891 2189 2953 paupertatem
2218 2896 2366 2935 suum

777 2978 1098 3033 obtendendi
1126 2991 1341 3031 causam
1367 2992 1383 3040 ;
1415 2990 1556 3029 nunc
1580 2982 1756 3028 autem
1799 2975 1988 3027 horum
2019 2973 2147 3026 nihil
2186 2972 2367 3026 dicere

779 3078 934 3137 potes
960 3086 973 3122 :
1002 3068 1201 3122 etenim
1246 3066 1524 3135 operarius
1568 3068 1727 3118 homo
1765 3072 1920 3131 erat,
1952 3072 2006 3118 et
2044 3063 2366 3134 quotidianis

779 3158 1096 3226 pascebatur
1119 3158 1409 3213 laboribus.
1444 3158 1509 3211 Et
1536 3168 1589 3210 tu
1610 3155 1821 3226 quidem
1852 3154 1919 3208 ab
1948 3154 2099 3208 initio
2116 3154 2364 3224 pietatem

775 3266 803 3303 a
835 3251 1140 3320 parentibus
1165 3250 1463 3317 suscepisti,
1491 3265 1519 3301 a
1544 3249 1714 3317 prima
1730 3256 1887 3302 aetate
1907 3246 2073 3301 sacris
2092 3260 2150 3301 es
2179 3246 2371 3300 litteris

780 3341 1106 3406 innutritus;
1155 3340 1245 3397 ille
1284 3354 1413 3395 vero
1449 3350 1504 3395 et
1543 3338 1888 3408 blasphemus
1934 3337 2064 3401 fuit,
2097 3347 2150 3391 et
2188 3351 2372 3405 perse-

780 3441 996 3504 quutor,
1025 3440 1080 3487 et
1105 3433 1544 3499 contumeliosus,
1568 3441 1621 3485 et
1648 3432 1941 3485 Eeelcsiam
1968 3430 2199 3484 vastavit
2229 3446 2243 3494 ;
2272 3429 2367 3483 scd

784 3533 959 3578 tamen
989 3523 1061 3577 ita
1089 3523 1266 3578 subito
1294 3531 1529 3577 mutatus
1550 3531 1653 3587 est,
1681 3529 1739 3575 ut
1758 3536 1945 3575 omnes
1970 3519 2149 3574 studio
2172 3529 2222 3573 et
2256 3519 2366 3573 fer-

780 3630 911 3669 vore
947 3612 1313 3682 superaverit,
1350 3620 1405 3667 et
1442 3613 1638 3666 clamat
1671 3611 1892 3674 dicens,
1933 3609 2225 3663 Imitatores
2272 3611 2370 3663 mei

780 3718 953 3769 estote,
976 3708 1103 3759 sicut
1133 3715 1179 3758 et
1208 3721 1297 3775 ego
1318 3704 1507 3759 Christi
1535 3705 1608 3773 (ι.
1628 3704 1743 3760 Cor.
1765 3706 1849 3759 lI.
1868 3706 1944 3775 I).
1967 3704 2057 3761 Ille
2086 3706 2367 3759 Dominum

783 3802 1022 3856 imitatus
1046 3808 1168 3866 est,
1203 3808 1255 3852 tu
1298 3813 1616 3853 conservum
1655 3813 1759 3853 non
1799 3797 2023 3852 imitaris
2046 3840 2060 3863 ,
2095 3808 2147 3852 tu
2172 3839 2189 3864 ,
2221 3798 2309 3868 qui
2338 3812 2368 3851 a

784 3895 1045 3967 principio
1075 3895 1126 3948 in
1160 3894 1354 3964 pietate
1379 3892 1633 3947 educatus
1655 3906 1741 3957 es,
1771 3906 1915 3956 eum,
1944 3892 2031 3960 qui
2064 3901 2243 3961 postea
2274 3907 2370 3961 per

783 3990 1128 4043 mutationem
1172 3986 1238 4041 ad
1277 3984 1434 4040 Iidem
1464 3984 1731 4039 accessit?
1756 3983 1871 4038 Non
1902 3985 2039 4038 nosti
2066 4026 2080 4046 ,
2108 3985 2247 4054 quod
2276 3985 2365 4054 qui

782 4082 833 4135 in
865 4080 1094 4149 peccatis
1122 4087 1247 4134 sunt
1274 4119 1289 4142 ,
1320 4076 1420 4132 etsi
1452 4076 1671 4138 vivunt,
1700 4075 1899 4128 mortui
1925 4077 2089 4129 sunt?
2118 4076 2205 4145 qui
2236 4091 2368 4130 vero

784 4173 833 4227 itt
856 4172 1061 4243 jnstitia
1089 4179 1216 4225 sunt
1239 4212 1253 4237 ,
1284 4170 1385 4225 etsi
1416 4168 1613 4221 mortui
1641 4176 1802 4231 sunt,
1829 4169 2054 4222 vivunt?
2082 4169 2189 4223 Nec
2218 4185 2369 4225 meus

785 4266 875 4319 hic
901 4278 1114 4326 sermo;
1163 4261 1427 4316 sententia
1454 4270 1533 4314 est
1571 4258 1768 4314 Christi
1803 4260 2020 4314 Martha:
2049 4262 2065 4292 ³
2097 4260 2320 4316 dicentis
2352 4279 2366 4315 :

787 4355 964 4410 Omnis
986 4354 1073 4420 qui
1100 4352 1259 4407 credit
1286 4352 1339 4405 in
1370 4367 1447 4404 me
1471 4393 1485 4416 ,
1516 4352 1665 4404 etiam
1692 4351 1737 4403 si
1761 4359 1988 4404 mortuus
2021 4351 2171 4419 fuerit
2195 4391 2210 4412 ,
2246 4352 2367 4405 vivet

782 4449 959 4519 (Joan.
998 4449 1085 4501 II.
1117 4446 1188 4501 ‘25
1211 4446 1249 4513 ).
1281 4444 1416 4500 Num
1443 4444 1583 4499 enim
1615 4442 1805 4498 fabula:
1845 4451 1967 4497 sunt
2002 4442 2249 4512 dogmata
2278 4458 2373 4495 no-

782 4552 891 4595 stra
908 4541 930 4593 ?
950 4540 1007 4593 Si
1029 4539 1360 4593 Christianus
1385 4552 1465 4601 es,
1490 4535 1702 4590 Christo
1729 4535 1887 4590 crede
1912 4553 1924 4588 :
1954 4536 1997 4589 si
2019 4534 2233 4590 Christo
2256 4550 2375 4587 cre-

784 4632 891 4697 dis,
923 4647 1019 4700 per
1044 4645 1205 4698 opera
1234 4629 1363 4682 mihi
1395 4628 1553 4682 (idem
1580 4627 1907 4680 demonstra.
1938 4626 2214 4694 Quomodo
2243 4641 2372 4680 vero

788 4740 883 4793 per
899 4738 1061 4792 Opera
1086 4721 1243 4775 fidem
1261 4719 1689 4774 demonstrabis?
1708 4717 1763 4772 Si
1786 4727 2011 4772 mortem
2033 4727 2367 4774 contemnas.

786 4815 852 4870 Et
880 4815 930 4867 in
964 4814 1067 4867 hoc
1090 4812 1234 4866 enim
1261 4810 1328 4863 ab
1354 4808 1657 4863 inﬁdelibus
1684 4808 1997 4863 dill'erimus.

859 4904 1003 4957 Mors
1032 4919 1130 4956 non
1166 4901 1385 4955 timenda
1413 4901 1466 4954 in
1494 4902 1646 4954 vitam
1681 4902 1905 4971 futuram
1935 4900 2270 4970 sperantibus.
2302 4929 2374 4939 —

791 4995 999 5050 Etenim
1028 4993 1098 5046 illi
1126 4992 1340 5062 quidem
1372 4990 1563 5046 merito
1590 4991 1781 5046 timent
1816 5000 2041 5045 mortem
2070 5032 2084 5057 ,
2129 5005 2373 5046 resurre-

787 5085 983 5140 ctiottis
1008 5084 1150 5137 enim
1181 5096 1328 5149 Spem
1357 5096 1463 5135 non
1493 5081 1723 5146 habent;
1753 5092 1807 5135 tu
1849 5097 1978 5137 vero
2008 5081 2213 5137 meliori
2256 5098 2375 5152 per-

789 5189 921 5245 gens
944 5175 1026 5228 via
1050 5214 1065 5238 ,
1108 5182 1162 5228 et
1189 5172 1256 5227 de
1288 5172 1582 5226 futurorum
1616 5187 1710 5241 spe
1744 5174 2104 5243 philosophari
2145 5175 2330 5230 valens
2354 5216 2371 5243 ,

790 5281 892 5335 qua
922 5265 1114 5335 dignus
1143 5280 1201 5319 es
1227 5265 1380 5318 venia
1405 5305 1418 5328 ,
1449 5264 1516 5319 de
1550 5266 1940 5320 resurrectione
1965 5267 2175 5335 quidem
2202 5268 2371 5323 conti-

793 5360 928 5412 dens
952 5399 965 5421 ,
994 5359 1064 5412 ita
1096 5373 1224 5411 vero
1251 5370 1475 5412 mortem
1508 5358 1704 5413 timens
1730 5367 1787 5413 ut
1820 5358 1853 5412 ii
1894 5360 1982 5428 qui
2015 5375 2119 5413 non
2151 5362 2375 5415 credunt

797 5450 1213 5504 resurrectioni?
1253 5449 1357 5505 Sed
1388 5459 1636 5516 mortem,
1666 5450 1872 5520 inquit,
1903 5466 2008 5504 non
2043 5451 2201 5506 timeo
2228 5469 2241 5504 :
2275 5468 2372 5507 ne-

798 5554 900 5607 que
926 5540 1094 5603 mori,
1127 5542 1221 5596 sed
1264 5542 1399 5597 male
1436 5543 1569 5597 mori
1599 5584 1614 5609 ,
1643 5552 1693 5597 et
1724 5543 1899 5613 capite
1930 5544 2183 5597 truncari.
2214 5544 2365 5614 Igitur

796 5630 1029 5685 Joannes
1068 5632 1205 5686 male
1241 5641 1482 5687 mortuus
1511 5635 1639 5687 est?
1678 5632 1777 5688 fuit
1816 5634 1959 5689 enim
2005 5633 2367 5690 obtruncatus.

794 5720 960 5792 Igitur
994 5721 1291 5790 Stephanus
1330 5725 1466 5781 male
1502 5735 1743 5782 mortuus
1780 5726 1907 5782 est?
1938 5725 2032 5782 fuit
2061 5727 2200 5783 enim
2246 5728 2374 5805 lapi-

860 5878 878 5911 ⁸
918 5876 1015 5938 alii,
1041 5876 1226 5928 Matini.

2483 608 2682 675 datus;
2733 622 2787 667 et
2834 628 3099 690 martyres
3148 625 3327 679 cuncti
3381 625 3574 681 misere
3622 634 3917 692 secundum
3972 659 4069 700 vos

2482 700 2663 790 obiere
2688 742 2702 765 ,
2736 706 2989 772 quoniam
3023 712 3144 779 igne
3179 724 3271 768 aut
3309 714 3452 771 ferro
3480 717 3637 771 vitam
3687 719 3939 782 finierunt
3967 751 3983 785 :
4012 746 4071 790 et

2481 788 2535 843 hi
2564 791 2773 860 quidem
2804 793 2855 845 in
2886 809 3054 861 mare,
3084 800 3135 853 hi
3168 818 3293 857 vero
3322 806 3377 859 in
3404 807 3771 877 praecipitium,
3807 812 3858 865 hi
3883 788 4065 877 autem

2481 879 2534 933 in
2560 880 2744 937 dentes
2772 881 3057 939 bestiarum
3089 888 3384 949 incidentes
3408 938 3423 963 ,
3451 898 3528 953 sic
3553 901 3746 954 mortui
3773 915 3918 958 sunt.
3946 909 4066 966 Non

2479 967 2583 1063 hoc
2613 982 2695 1025 est
2723 973 2859 1029 male
2885 976 3019 1028 mori
3044 1017 3058 1039 ,
3092 979 3162 1030 mi
3197 980 3359 1038 homo
3382 1028 3397 1049 ,
3429 988 3657 1045 violenta
3689 1002 3859 1048 morte
3888 995 4028 1051 finiri
4048 1042 4064 1063 ,

2477 1061 2571 1151 sed
2596 1063 2647 1116 in
2674 1067 2902 1130 peccatis
2927 1067 3081 1120 mori.
3112 1070 3247 1124 Audi
3279 1089 3508 1146 namque
3528 1082 3843 1151 Prophetam
3868 1083 3937 1139 de
3962 1061 4069 1140 hoc

2476 1148 2594 1218 ipso
2638 1153 3097 1224 philosolihautem
3128 1167 3181 1211 et
3217 1160 3484 1219 dicentem
3514 1186 3528 1220 :
3561 1148 3704 1226 uin
3750 1183 4069 1242 peccatorum

2477 1242 2693 1336 pessima
2722 1244 2891 1336 Psal.
2922 1248 3008 1301 33.
3037 1249 3151 1317 22).
3183 1249 3298 1305 Non
3323 1252 3476 1322 dixit,
3508 1275 3653 1316 mors
3679 1265 3906 1320 violenta
3937 1282 4067 1336 pes-

2477 1333 2632 1399 sima,
2656 1334 2747 1387 sed
2770 1336 2937 1404 quid?
2960 1339 3101 1393 Mors
3126 1352 3444 1409 peccatorum
3469 1350 3707 1417 pessima.
3726 1354 3877 1412 Juste
3894 1333 4063 1425 sane;

2478 1432 2755 1493 postquam
2783 1426 2924 1481 enim
2954 1428 3078 1483 hinc
3108 1432 3477 1501 migraverint,
3508 1452 3662 1506 poena
3688 1446 4063 1515 intolerabilis,

2478 1520 2735 1567 tormenta
2753 1517 3304 1585 sempiterna,vcrmis
3320 1523 3632 1594 virulentus,
3658 1532 3792 1600 ignis
3809 1536 4067 1593 inexstin-

2477 1603 2712 1669 guibilis,
2738 1606 2967 1660 tenebra:
2993 1610 3308 1677 exteriores,
3336 1612 3542 1668 vincula
3569 1616 3890 1687 iusolnbilia,
3930 1625 4068 1681 den-

2478 1693 2611 1746 tium
2626 1697 2844 1760 stridor,
2861 1699 3126 1755 tribulatio
3138 1711 3191 1756 et
3211 1705 3472 1772 angustia,
3485 1715 3539 1760 et
3554 1717 3754 1764 aeterna
3767 1712 4062 1772 damnatio.

2545 1785 2613 1875 5.7
2632 1786 2762 1841 Cum
2787 1789 2946 1859 igitur
2972 1792 3098 1846 talia
3125 1805 3375 1849 maneant
3403 1807 3713 1865 peccatores
3739 1805 3875 1859 mala
3898 1848 3913 1872 ,
3942 1824 4066 1875 qua:

2474 1874 2641 1940 possit
2680 1890 2801 1930 esse
2841 1880 3039 1935 utilitas
3063 1923 3077 1946 ,
3116 1883 3229 1938 sive
3266 1882 3443 1951 domi,
3485 1886 3597 1942 sive
3632 1889 3683 1943 in
3727 1890 3862 1946 lecto
3899 1874 4064 1951 vitam

2472 1962 2657 2053 finiant
2681 1965 2705 2017 2
2730 1966 2871 2021 sicut
2894 1981 3081 2024 contra
3107 1972 3267 2042 justis
3295 1976 3496 2031 nullum
3522 1978 3771 2033 damnum
3798 1997 3918 2037 esse
3947 2000 4065 2053 pos.

2473 2052 2576 2115 sit.
2600 2054 2738 2124 quod
2770 2071 2901 2112 ense
2940 2060 3024 2113 vel
3062 2062 3185 2131 igne
3227 2078 3547 2134 praesentem
3580 2070 3739 2123 vitam
3770 2052 4019 2129 claudant
4043 2118 4060 2139 .

2473 2156 2593 2196 cum
2614 2143 2679 2197 ad
2706 2144 3025 2201 immortalia
3051 2152 3283 2219 migrare
3312 2155 3449 2209 bona
3478 2157 3726 2214 debeant.
3758 2160 3892 2216 Vere
3920 2163 4065 2219 Mors

2475 2242 2792 2322 peccatorum
2821 2237 3057 2305 pessima.
3084 2237 3230 2294 Talis
3258 2252 3379 2296 erat
3404 2245 3585 2301 divitis
3614 2249 3757 2303 illius
3784 2266 3947 2316 mors,
3970 2255 4066 2322 qui

2473 2320 2730 2378 Lazarum
2752 2325 3092 2395 despexerat,
3120 2330 3210 2399 qui
3241 2330 3385 2385 domi
3414 2345 3467 2388 et
3496 2337 3547 2389 in
3575 2337 3711 2392 lecto
3740 2350 3792 2394 et
3819 2320 4067 2398 necessa-

2474 2413 2567 2466 riis
2596 2416 2968 2472 assistentibus
3010 2420 3116 2474 vita
3158 2436 3253 2490 per
3298 2426 3570 2493 propriam
3613 2429 3783 2483 soluta
3832 2444 4064 2487 mortem

2471 2502 2754 2559 defunctus
2786 2511 3110 2575 torrebatur,
3140 2526 3207 2565 ne
3235 2527 3453 2581 parvam
3483 2518 3697 2585 quidem
3733 2526 4065 2576 CODSOlallb-

2470 2610 2593 2649 nem
2623 2612 2686 2651 ex
2718 2600 2996 2665 praesentis
3026 2602 3149 2655 vita:
3192 2606 3546 2672 prosperitate
3580 2611 3815 2663 nancisci
3852 2612 4060 2667 valens.

2475 2686 2540 2738 At
2582 2701 2688 2739 non
2728 2686 2799 2739 ita
2827 2687 3060 2743 Lazarus
3086 2708 3102 2755 ;
3131 2707 3315 2746 verum
3348 2694 3401 2747 in
3433 2696 3549 2763 ipso
3578 2699 3885 2765 pavimento
3913 2704 4065 2755 cani-

2475 2774 2576 2829 bus
2605 2775 2939 2832 adstantibus
2966 2788 3019 2832 et
3049 2780 3227 2835 ulcera
3254 2782 3577 2853 lingentibus
3602 2789 3888 2845 violentam
3915 2809 4066 2846 mor-

2476 2873 2583 2918 tem
2615 2880 2836 2934 passus;
2865 2868 2993 2937 quid
3023 2871 3164 2923 enint
3209 2871 3347 2927 fame
3391 2874 3659 2932 difficilius
3700 2894 3819 2934 esse
3858 2883 4066 2949 possit?

2474 2954 2745 3022 digressus
2773 2956 2918 3010 illinc
2945 2961 3161 3012 :eternis
3193 2962 3392 3029 potitus
3418 2975 3499 3017 est
3527 2966 3681 3020 bonis
3704 3010 3718 3031 ,
3750 2969 3802 3022 in
3834 2971 4065 3026 Abrahm

2471 3048 2593 3101 sinu
2622 3048 2879 3117 gaudens.
2914 3050 3048 3115 Quid
3077 3050 3237 3121 igitur
3268 3055 3439 3122 ipsum
3473 3057 3610 3111 lznsit
3656 3060 3917 3116 violenter
3944 3080 4060 3118 mo-

2472 3138 2561 3191 ri?
2585 3139 2710 3208 quid
2741 3155 2866 3195 vero
2887 3139 3037 3194 diviti
3071 3144 3265 3211 profuit
3291 3156 3461 3200 morte
3487 3163 3592 3200 non
3624 3148 3853 3204 violenta
3880 3155 4064 3207 mori?

2545 3227 2688 3283 Mors
2710 3230 2903 3299 iujusta
2928 3231 3094 3283 minus
3126 3232 3378 3297 timenda,
3404 3251 3556 3304 quant
3576 3236 3740 3305 justa.
3764 3268 3835 3277 —
3858 3242 3926 3293 At
3953 3258 4062 3296 non

2474 3320 2752 3387 violenter,
2784 3320 2974 3391 inquit,
3005 3322 3099 3377 sed
3131 3323 3325 3393 injuste
3357 3326 3492 3379 mori
3525 3327 3771 3384 timemus
3800 3347 3813 3383 :
3846 3334 4062 3401 etquod

2475 3409 2590 3462 ausi
2618 3409 2749 3463 nihil
2777 3425 2961 3465 eorum
2995 3411 3061 3466 de
3091 3412 3288 3481 quibus
3318 3413 3371 3467 in
3404 3416 3757 3484 suspicionem
3787 3435 4055 3486 vocamur,

2474 3512 2596 3552 cum
2628 3500 2871 3554 sontibus
2900 3502 3097 3569 pariter
3125 3504 3421 3571 puniamur.
3448 3504 3579 3572 Quid
3610 3508 3709 3573 ais,
3736 3525 3915 3578 quaso
3940 3511 3963 3563 ?
3988 3514 4061 3567 in.

2469 3587 2614 3657 juste
2640 3591 2776 3643 mori
2807 3592 2963 3645 times
2989 3592 3011 3645 ?
3036 3608 3102 3645 an
3125 3592 3270 3661 juste
3295 3595 3495 3649 velles?
3526 3596 3589 3649 Et
3618 3598 3736 3665 quis
3768 3608 3871 3653 tant
3898 3601 4061 3657 miser

2473 3691 2524 3734 ct
2552 3696 2886 3735 :crunmosus
2906 3723 2921 3747 ,
2952 3692 3008 3736 ut
3032 3698 3152 3737 cum
3185 3684 3381 3751 injuste
3410 3687 3544 3740 mori
3573 3687 3881 3755 immineat,
3912 3692 4061 3746 malit

2470 3769 2611 3838 juste
2643 3772 2822 3825 mori?
2863 3772 2918 3827 Si
2948 3774 3089 3827 enim
3123 3785 3348 3828 mortem
3380 3786 3617 3831 metuere
3643 3789 3887 3847 oportet,
3914 3780 4059 3849 juste

2474 3861 2625 3914 nobis
2658 3861 2989 3930 ingruentem
3036 3864 3225 3918 timere
3264 3867 3518 3919 convenit
3546 3884 3558 3919 :
3587 3869 3837 3936 quoniam
3864 3871 4061 3939 injuste

2474 3953 2690 4022 quidem
2718 3964 2977 4019 mortuus,
3002 3971 3095 4022 per
3120 3956 3221 4009 hoc
3244 3957 3417 4024 ipsum
3444 3972 3563 4011 cum
3589 3961 3787 4013 sanctis
3810 3962 4060 4015 onmibus

2475 4045 2851 4098 communicat.
2885 4045 3039 4114 Apud
3069 4047 3232 4099 Deum
3273 4048 3414 4099 eniut
3461 4048 3802 4115 probatorum
3844 4059 3899 4104 et
3943 4052 4063 4106 illu-

2476 4138 2664 4188 strium
2705 4136 2886 4205 plures
2916 4135 3164 4203 injustam
3212 4135 3514 4191 sustinuere
3558 4148 3783 4192 mortem
3810 4178 3826 4203 ,
3855 4150 3909 4194 et
3935 4151 4061 4197 ante

2476 4241 2662 4280 omnes
2694 4225 2825 4279 Abel
2858 4242 2871 4278 :
2904 4240 3010 4279 non
3033 4226 3173 4278 enim
3204 4225 3254 4278 in
3282 4223 3501 4280 fratrem
3532 4242 3777 4295 peccans,
3808 4245 3905 4284 nec
3930 4232 4060 4286 Cain

2478 4317 2638 4379 laeso,
2667 4317 2760 4371 sed
2791 4316 3040 4386 quoniam
3074 4316 3240 4370 Deum
3271 4317 3573 4371 hoaorabat
3597 4359 3611 4382 ,
3645 4318 3768 4373 ideo
3791 4320 4062 4389 jugulatus

2477 4417 2559 4461 est
2586 4412 2601 4475 (
2630 4408 2756 4461 Cen.
2789 4409 2823 4461 4
2847 4409 2887 4478 ).
2921 4409 3059 4463 Deus
3086 4419 3264 4463 autem
3295 4409 3569 4477 permisit,
3600 4411 3855 4480 numquid
3887 4412 4060 4480 ipsum

2479 4516 2664 4555 amans
2688 4544 2702 4566 ,
2734 4518 2801 4555 an
2829 4502 2952 4556 odio
2980 4503 3227 4558 habens?
3249 4515 3454 4557 certum
3483 4514 3565 4559 est
3590 4506 3732 4574 quod
3753 4523 3937 4562 amans
3957 4550 3971 4572 ,
4004 4518 4062 4563 ut

2478 4594 2760 4646 clariorem
2790 4594 2889 4662 ipsi
2915 4609 3167 4647 coronam
3196 4593 3398 4649 faceret
3424 4612 3489 4649 cx
3519 4596 3862 4664 injustissitna
3889 4599 4059 4655 cmde.

2480 4684 2641 4739 Vides
2668 4699 2839 4754 neque
2866 4685 3174 4751 violentam,
3208 4702 3381 4756 neque
3410 4687 3659 4755 injustam
3690 4699 3912 4743 mortem
3943 4705 4064 4745 esse

2478 4775 2816 4831 metuendam
2843 4816 2858 4841 ,
2888 4776 2980 4829 sed
3026 4787 3252 4830 mortem
3292 4778 3343 4831 in
3385 4776 3659 4845 peccatis?
3697 4778 3827 4831 Abel
3871 4779 4063 4847 injuste

2478 4877 2718 4921 mortuus
2743 4875 2845 4931 est,
2875 4866 3002 4921 Cain
3031 4866 3160 4920 vixit
3188 4882 3407 4936 gemens
3431 4875 3485 4919 et
3512 4876 3744 4921 tremens
3774 4884 3787 4931 ;
3820 4880 3937 4923 uter
3963 4870 4064 4939 igi-

2483 4967 2587 5021 tur,
2616 4956 2702 5010 dic
2728 4957 2879 5023 mihi,
2912 4958 3117 5013 beatior
3147 4959 3261 5022 fuit,
3291 4956 3381 5027 qui
3409 4972 3528 5010 cum
3554 4957 3760 5026 justitia
3787 4961 4064 5030 requiete.

2482 5060 2585 5115 rat,
2608 5065 2675 5103 an
2701 5050 2791 5119 qui
2820 5050 3051 5119 peccatis
3075 5050 3327 5105 vivebat?
3356 5049 3444 5117 qui
3472 5058 3712 5105 mortuus
3737 5059 3819 5105 est
3844 5052 4063 5121 injuste,

2482 5156 2549 5194 an
2601 5141 2691 5209 qui
2737 5141 2878 5208 juste
2917 5141 3277 5209 puniebatur?
3311 5141 3474 5194 Vultis
3491 5137 3946 5197 charitativestrte
3982 5144 4065 5197 di-

2482 5247 2621 5298 cam,
2655 5231 2795 5287 unde
2822 5231 3068 5287 timemus
3099 5242 3323 5287 mortem
3349 5231 3372 5284 ?
3397 5230 3512 5285 Non
3532 5234 3773 5289 vulnerat
3797 5250 3894 5289 nos
3918 5236 4065 5303 regni

2481 5342 2665 5391 amor,
2706 5342 2809 5380 non
2849 5342 2945 5381 nos
2982 5326 3285 5381 futurorum
3326 5340 3476 5379 amor
3512 5329 3751 5382 accendit
3784 5346 3799 5381 :
3830 5328 4066 5396 alioquin

2484 5418 2768 5488 praesentia
2788 5417 3185 5487 despiceremus
3210 5417 3386 5469 omnia
3407 5456 3423 5479 ,
3450 5417 3584 5473 sicut
3622 5419 3811 5474 beatus
3850 5419 4064 5472 Paulus.

2484 5510 2564 5563 Ad
2594 5508 2707 5562 hzrc
2733 5525 2835 5563 non
2869 5512 3120 5564 timemus
3144 5508 3442 5579 gehennam
3467 5552 3481 5575 ,
3511 5511 3631 5567 ideo
3657 5523 3885 5567 mortem
3915 5512 4072 5564 time-

2486 5617 2645 5656 mus:
2689 5603 2930 5672 supplicii
2978 5604 3119 5656 illius
3167 5601 3553 5657 intolerabilem
3601 5606 3913 5673 gravitatem
3961 5616 4068 5655 non

2486 5695 2731 5749 novimus
2756 5737 2769 5759 ,
2802 5707 3080 5764 prepterea
3122 5707 3217 5761 pro
3260 5704 3477 5761 peccato
3513 5705 3737 5750 mortem
3781 5696 4066 5748 timemus;

2484 5792 2627 5855 quod
2665 5789 2709 5842 si
2750 5788 2836 5843 ille
2861 5788 3092 5841 animam
3131 5795 3364 5839 nostram
3407 5788 3566 5841 timor
3591 5792 3939 5854 occupasset,
3970 5784 4071 5838 iste

2490 5878 2778 5949 subrepere
2804 5892 2908 5931 non
2936 5883 3213 5945 potuisset.
3248 5876 3311 5930 Et
3350 5876 3452 5931 hoc
3482 5893 3586 5933 non
3616 5874 3799 5947 procul
3824 5915 3839 5943 ,
3881 5872 3974 5928 sed
4002 5889 4068 5929 ex
