4458 6690
252 384 318 438 Ἡ
1248 388 1337 442 AD
1377 385 1704 444 I’OPULUSI
1747 381 2253 441 ANTIOCHENUM
2309 383 2542 438 IIOMIL.
2602 384 2664 440 ν.
3632 376 3704 430 72

249 497 544 572 ἀνθρώπου
566 503 756 577 ἀνέϐη,
784 504 988 575 ἀναδύῃ
1047 502 1184 571 πρὸς
1226 501 1326 573 τὴν
1383 502 1678 555 ἀπόλαυσιν
1715 514 1738 541 ιι
1762 541 1777 566 ,
1834 500 1928 552 καὶ

249 586 484 656 ἀμελεῖς
531 594 624 646 καὶ
671 595 885 657 όκνεῖς;
939 591 1032 643 καὶ
1070 589 1171 641 οὑκ
1205 588 1379 653 ὀκνεῖς
1415 591 1596 659 μόνον,
1643 590 1778 643 ἀλλά
1834 588 1929 640 καὶ

249 671 498 744 δέδοικας
538 682 629 734 καὶ
684 680 961 750 φρίττειςς
994 676 1103 728 Καὶ
1152 675 1270 739 πῶς
1313 678 1410 732 οὑκ
1437 678 1660 749 αἰσχρὸν
1684 719 1699 742 ,
1744 677 1824 729 ὅτι
1859 677 1923 728 σὺ

248 759 341 813 διά
371 764 596 819 θάνατον
620 769 894 825 ὀδυνᾶσαι,
913 763 1118 825 Παῦλος
1133 763 1186 816 δὲ
1208 764 1294 818 διὰ
1319 767 1416 837 τὴν
1442 785 1512 819 πα
1523 765 1718 836 ροῦσαν
1744 764 1924 816 ἔστενε

251 845 403 921 ζωήν
422 871 436 914 ξ
473 854 566 905 καὶ
607 850 898 919 Ῥωμαίοις
933 849 1158 919 γράφων
1187 851 1492 920 ἔλεγεν,ϐτι
1528 852 1636 905 Καὶ
1662 851 1700 917 ἡ
1728 849 1924 915 κτίσις

248 939 633 998 σι’στενάζει,
661 937 756 988 καὶ
777 935 948 1004 ἡμεῖς
975 938 1142 990 αὐτοὶ
1163 939 1274 1006 τὴν
1301 941 1587 1009 ἀπαρχὴν
1607 937 1714 990 τοῦ
1742 937 1922 989 πνεύο

242 1040 443 1090 ματος
463 1028 713 1090 ἔχοντες
735 1022 1115 1092 στενάζομεν.
1141 1027 1248 1078 Καὶ
1267 1027 1438 1080 ταῦτα
1455 1027 1638 1094 ἔλεγεν
1666 1023 1785 1092 οὑχὶ
1818 1022 1926 1074 τῶν

248 1110 540 1176 παρόντων
593 1107 1019 1175 καταγινώσκων
1043 1148 1058 1171 ,
1110 1112 1242 1165 ἀλλά
1295 1113 1364 1164 τὰ
1418 1112 1676 1181 μέλλοντα
1723 1107 1921 1161 ποθῶν.

262 1197 647 1266 Ἰὶγευσάμην,
706 1199 871 1268 φησὶ,
906 1199 1008 1269 τῆς
1064 1203 1321 1273 χάριτος,
1370 1203 1463 1256 καὶ
1518 1203 1578 1255 ού
1625 1201 1800 1267 στέγω
1829 1198 1925 1268 τὴν

249 1282 527 1350 ἀναϐολήν
552 1298 564 1310 ·
590 1285 688 1352 τὴν
726 1287 978 1357 ἀπαρχὴν
1025 1287 1129 1358 ἔχω
1160 1290 1253 1342 τοῦ
1288 1290 1595 1359 πνεύματος
1615 1328 1630 1350 ,
1663 1288 1757 1340 καὶ
1792 1287 1926 1356 πρὸς

248 1368 312 1418 τὸ
360 1369 470 1418 πᾶν
500 1368 820 1439 ἐπείγομαι’
865 1374 1064 1443 ἀνέϐην
1115 1377 1194 1438 είς
1239 1375 1420 1446 τρίτον
1473 1373 1736 1444 οὐρανὸν,
1789 1369 1924 1423 εἶδον

248 1452 352 1521 τὴν
387 1453 544 1516 δόξαν
572 1455 786 1528 ἐκείνην
823 1458 919 1528 τὴν
947 1459 1180 1530 ἄρρητον
1206 1502 1219 1524 ,
1260 1459 1396 1514 εἶδον
1434 1461 1503 1514 τά
1563 1458 1808 1529 βασίλεια
1858 1457 1925 1510 τά

249 1540 484 1612 λαμπρά
504 1582 519 1605 ,
545 1543 743 1612 ἔμαθον
768 1547 929 1601 τίνων
953 1550 1330 1620 ἀπεστέρημαι
1356 1549 1647 1619 διατρίϐων
1673 1545 1924 1607 ἐνταῦθα,

249 1629 349 1680 καὶ
375 1629 464 1681 διὰ
488 1630 662 1685 ταῦτα
694 1635 950 1698 στενάζω.
984 1637 1117 1690 Εἰπὲ
1141 1638 1249 1708 γάρ
1283 1656 1394 1708 μοι,
1423 1638 1476 1690 εί
1495 1637 1579 1699 τίς
1612 1652 1672 1688 σε
1715 1635 1795 1696 εἰς
1828 1632 1926 1702 βα-

251 1715 471 1780 σιλικὰς
504 1720 797 1788 εισήγαγεν
827 1721 994 1785 αὑλάς
1017 1764 1032 1787 ,
1062 1725 1157 1776 καὶ
1185 1725 1384 1793 χρυσὸν
1411 1724 1580 1788 ἔδειξε
1602 1764 1617 1788 ,
1664 1721 1927 1774 πάντοθεν

247 1801 361 1855 ἀπὸ
408 1803 516 1858 τῶν
550 1806 742 1876 τοίχων
787 1809 1167 1877 ἀστράπτοντα
1191 1849 1206 1871 ,
1246 1815 1340 1862 καὶ
1388 1811 1485 1880 τὴν
1528 1810 1693 1880 ἄλλην
1730 1807 1929 1879 εὑπρέ-

247 1906 417 1943 πειαν
467 1894 683 1946 ἅπασαν
709 1935 724 1959 ,
772 1893 892 1947 εἶτά
933 1912 994 1947 σε
1043 1896 1250 1948 ἐκεῖθεν
1295 1900 1373 1960 εἰς
1407 1898 1647 1969 καλύϐην
1698 1897 1926 1965 πένητος

246 1979 534 2048 εἰσήγαγε,
569 1983 663 2033 καὶ
701 1981 838 2051 μετά
879 1983 1068 2051 χρόνον
1098 1981 1301 2052 βραχὺν
1330 1984 1592 2053 ὑπέσχετο
1620 1987 1697 2047 είς
1721 1984 1788 2036 τά
1833 1983 1929 2054 βα-

247 2066 428 2118 σίλεια
481 2068 771 2133 ἐπανάξειν
807 2069 834 2108 ιι
874 2071 1094 2134 ἐκεῖνα,
1145 2073 1241 2125 καί⁹
1298 2071 1519 2142 διηνεκῆ
1575 2072 1766 2126 δώσειν
1815 2073 1929 2127 ἐκεῖ

247 2155 423 2223 μονήν
449 2171 460 2183 ·
489 2150 600 2226 ἆρα
623 2157 724 2209 οὑκ
753 2157 974 2226 ἔμελλες
1001 2158 1204 2222 ἀλύειν,
1233 2161 1326 2212 καὶ
1354 2160 1798 2231 δυσανασχετεῖν,
1833 2163 1926 2215 καὶ

245 2240 388 2308 πρὸς
430 2240 599 2304 αὑτάς
627 2242 724 2304 τὰς
770 2243 951 2310 ὀλίγας
983 2245 1228 2315 ἡμέρας;
1254 2246 1424 2299 Τοῦτο
1450 2246 1514 2316 δὴ
1561 2248 1654 2300 καὶ
1701 2247 1924 2301 ἐπὶτῶν

240 2328 494 2396 οὐρανῶν
548 2330 802 2397 λογίζου,
837 2331 932 2384 καὶ
985 2331 1079 2383 ἐπὶ
1134 2333 1235 2401 τῆς
1268 2333 1405 2402 γῆς,
1459 2335 1550 2387 καὶ
1585 2334 1734 2387 στένε
1785 2335 1924 2404 μετά

241 2414 462 2467 Παύλου
485 2455 498 2475 ,
535 2415 608 2486 μὴ
647 2417 734 2469 διά
773 2416 862 2469 τὸν
910 2417 1167 2480 θάνατον,
1212 2419 1347 2472 ἀλλά
1380 2420 1468 2474 διὰ
1495 2421 1592 2491 τὴν
1639 2421 1922 2493 παροῦσαν

239 2499 411 2570 ζωήν.
444 2501 553 2552 Καὶ
589 2501 678 2564 δός
718 2519 807 2570 μοι
863 2502 1006 2554 κατά
1045 2503 1254 2557 Παῦλον
1293 2505 1577 2572 γενέσθαι,
1627 2507 1789 2576 φησὶ,
1829 2509 1924 2560 καὶ

238 2588 503 2638 οὐδέποτε
538 2588 914 2659 φοϐηθήσομαι
945 2589 1196 2644 θάνατον.
1234 2592 1344 2644 Καὶ
1378 2592 1429 2644 τί
1454 2593 1512 2644 τὸ
1547 2593 1754 2646 κωλύον
1783 2595 1924 2647 κατά

242 2671 459 2723 Παῦλον
508 2673 754 2738 γενέσθαι
791 2691 871 2735 σε,
912 2674 1194 2745 ἀνθρωπες
1239 2677 1358 2746 οὑχὶ
1387 2677 1554 2747 πένης
1592 2673 1660 2748 ἦν
1686 2679 1920 2742 ἑκεῖνος;

237 2757 362 2824 οὑχὶ
405 2758 751 2824 σκηνοποιός;
777 2758 877 2810 οὑκ
913 2759 1159 2825 ἱδιώτηςς
1191 2761 1254 2813 EE
1289 2761 1388 2830 μὲν
1432 2762 1540 2832 γὰρ
1575 2762 1825 2826 πλούσιος
1854 2759 1922 2833 ἦν

238 2845 339 2894 καὶ
368 2842 484 2914 [6'3]
521 2843 773 2914 εὐγενὴς,
807 2842 949 2914 εἶχον
997 2847 1123 2910 ἴσως
1169 2849 1216 2898 οί
1257 2847 1484 2917 πένητες
1534 2849 1672 2918 πρὸς
1703 2849 1792 2901 τὸν
1823 2851 1920 2902 αὑ-

235 2930 333 2981 τὸν
364 2929 689 2998 καλούμενοι
719 2930 896 2999 ζῆλον,
915 2932 1011 3000 τὴν
1042 2932 1249 2985 ἑαυτῶν
1277 2934 1676 3003 προϐάλλεσθαι
1705 2937 1916 2990 πενίαν

237 3018 360 3070 νυνὶ
380 3017 439 3069 δὲ
469 3016 620 3069 οὐδὲν
648 3017 851 3070 τούτων
901 3019 1041 3088 ἔχεις
1075 3021 1246 3073 εἰπεῖν
1271 3039 1283 3051 ο
1317 3023 1407 3074 καὶ
1433 3023 1540 3093 γάρ
1571 3025 1915 3096 χειροτέχνης

235 3107 266 3156 6
318 3105 605 3174 ἄνθρωπος
633 3101 699 3175 ἦν
724 3144 738 3166 ,
774 3106 867 3158 καὶ
914 3108 976 3158 ἐκ
1013 3107 1119 3159 τῶν
1165 3109 1547 3180 καθημερινῶν
1576 3113 1914 3182 ἀπετρέφετο

238 3191 457 3242 πόνων·
501 3191 593 3242 καὶ
643 3191 706 3243 σὺ
766 3191 864 3260 μὲν
923 3192 980 3258 ἐξ
1031 3192 1202 3262 ἀρχῆς
1241 3194 1336 3263 τὴν
1379 3196 1658 3248 εὐσέϐειαν
1695 3198 1914 3263 διεδέξω

237 3279 395 3347 παρα
440 3277 725 3347 πατέρων,
787 3278 878 3330 καὶ
938 3281 1000 3330 ἐκ
1060 3279 1281 3351 πρώτης
1319 3281 1530 3349 ἡλικίας
1586 3287 1699 3346 τοῖς
1753 3286 1915 3354 ἱεροῖς

236 3366 567 3434 γράμμασιν
589 3365 890 3433 ἐνετράφης
909 3381 920 3393 ·
944 3365 1146 3428 ἐκεῖνος
1173 3366 1228 3418 δὲ
1253 3367 1345 3418 καὶ
1366 3367 1682 3439 βλάσφημος
1703 3371 1913 3439 γέγονε,

236 3451 336 3502 καὶ
368 3450 634 3518 διώκτης,
674 3451 767 3502 καὶ
812 3451 1099 3520 ὑϐριστὴς,
1140 3453 1234 3505 καὶ
1269 3453 1366 3523 τὴν
1392 3455 1714 3526 Ἐκκλησίαν
1749 3458 1918 3528 ἐπόρ-

237 3535 408 3605 θησεν
433 3576 446 3596 ,
495 3536 607 3588 ἀλλ’
637 3537 785 3604 ὅμως
814 3535 982 3598 οὕτως
1024 3535 1218 3606 ἀθρόον
1252 3540 1604 3607 μετεϐάλετο,
1636 3541 1712 3605 ώς
1741 3543 1916 3596 ἅπαν-

233 3640 335 3684 τας
365 3623 768 3692 ὑπερϐαλέσθαι
796 3626 860 3692 τῇ
888 3623 983 3690 τῆς
996 3624 1299 3693 προθυμίας
1321 3625 1661 3696 σφοδρότητι,
1695 3629 1788 3680 καὶ
1818 3629 1915 3700 βοᾷ

235 3711 447 3776 λέγων’
481 3710 742 3778 Μιμηταί
763 3728 882 3778 μου
917 3711 1154 3778 γίνεσθε
1175 3751 1188 3776 ,
1220 3711 1412 3776 καθὼς
1441 3713 1602 3782 κάγὼ
1630 3717 1907 3782 Χριστοῦ.

247 3800 491 3861 Ἐκεῖνος
522 3799 611 3851 τὸν
640 3801 915 3869 Δεσπότην
963 3802 1298 3872 ἐμιμήσατο,
1333 3805 1396 3856 σὺ
1426 3803 1482 3855 δὲ
1511 3805 1599 3857 τὸν
1633 3805 1911 3863 σύνδουλον

233 3888 295 3937 οὑ
337 3889 503 3956 μιμῇ,
537 3887 566 3937 ὀ
606 3885 664 3950 ἑξ
689 3888 864 3956 ἀρχῆς
897 3891 954 3940 ἐν
985 3890 1235 3961 εὐσεϐείᾳ
1263 3896 1490 3961 τραφεὶς
1518 3905 1539 3932 ο
1569 3894 1660 3948 τὸν
1689 3895 1913 3967 ὕστερον

235 3975 300 4025 ἐκ
357 3972 657 4042 μεταϐολῆς
692 3975 1056 4044 προσελθόντα
1093 3979 1157 4047 τῇ
1193 3978 1403 4044 πίστεις
1440 3982 1554 4034 Οὑκ
1601 3978 1791 4048 οἶσθα,
1831 3987 1912 4038 ὅτι

235 4063 282 4111 οἱ
316 4060 373 4110 ἑν
410 4060 705 4128 ἁμαρτίαις
733 4060 884 4122 ὄντες
909 4103 923 4125 ,
953 4061 1053 4113 κᾶν
1089 4061 1284 4125 ζῶσιν,
1333 4066 1602 4120 ἀπέθανον
1625 4085 1638 4098 ⁶
1670 4071 1718 4122 οἰ
1764 4071 1820 4123 δὲ
1855 4074 1912 4124 ἐν

234 4146 560 4216 δικαιοσύνῃ
591 4145 810 4210 ζῶντες,
834 4145 936 4198 κᾶν
966 4147 1302 4213 ἀποθάνωσι,
1333 4151 1468 4215 ζῶσι
1491 4172 1504 4219 ;
1531 4156 1638 4207 Καὶ
1661 4156 1760 4208 οὑκ
1782 4159 1911 4226 ἐμὸς

234 4229 391 4295 οῦῖος
428 4237 456 4286 6
499 4233 689 4300 λόγος*
739 4232 1008 4300 ἀπόφασίς
1059 4235 1175 4286 ἐστι
1209 4237 1303 4288 τοῦ
1340 4241 1576 4309 Χριστοῦ
1627 4242 1763 4312 πρὸς
1810 4245 1908 4313 τὴν

234 4319 470 4387 Μάρθαν
503 4318 771 4385 λέγοντος
796 4316 915 4383 [hic
938 4319 970 4371 ό
996 4322 1299 4373 πιστεύων
1325 4325 1413 4388 εἰς
1442 4324 1577 4391 ἐμὲ,
1613 4325 1730 4379 κᾶν
1756 4327 1903 4380 ἀπο-

234 4405 416 4471 θάνῃ,
443 4404 702 4468 ζήσεται.
735 4406 823 4475 Μὴ
872 4406 979 4474 γὰρ
1019 4403 1184 4474 μῦθός
1244 4408 1360 4460 ἐστι
1412 4409 1480 4462 τά
1523 4412 1800 4482 ἡμέτερα;
1839 4415 1902 4468 Εἰ

233 4491 562 4563 Χριστιανὸς
609 4487 692 4551 εἷ,
732 4492 950 4545 πίστευε
996 4491 1074 4562 τῷ
1123 4494 1381 4564 Χριστῷ⁶
1444 4499 1490 4549 εἰ
1524 4499 1796 4564 πιστεύεις
1826 4502 1904 4572 τῷ

231 4576 501 4649 Χριστῷ,
566 4576 654 4628 διὰ
712 4578 820 4629 τῶν
877 4585 1050 4649 ἔργων
1093 4581 1356 4646 ἐπίδειξόν
1409 4600 1498 4652 μοι
1549 4585 1648 4656 τὴν
1701 4588 1902 4643 πίστιν.

232 4667 356 4728 Πῶς
403 4663 460 4716 δέ
504 4661 745 4734 ἐπιδείξῃ
779 4664 864 4717 διὰ
899 4667 1004 4718 τῶν
1035 4666 1208 4737 ἔργων
1242 4669 1338 4738 τὴν
1379 4671 1440 4721 πί
1448 4688 1601 4737 στιν;
1655 4675 1778 4728 Ἐὰν
1809 4694 1907 4730 κα-

227 4752 509 4819 ταφρονῇς
548 4748 800 4801 θανάτου.
831 4751 939 4802 Καὶ
972 4751 1077 4822 γάρ
1102 4753 1194 4805 καὶ
1218 4755 1389 4828 ταύτῃ
1411 4757 1772 4831 διεστήκαμεν
1797 4763 1904 4816 τῶν

227 4838 501 4891 ἀπίστων.

313 4927 546 4977 Ἐκεῖνοι
589 4924 686 4994 μὲν
720 4923 825 4996 γάρ
852 4924 1031 4987 καλῶς
1058 4927 1346 4995 φοϐοῦνται
1385 4931 1475 4984 τὸν
1508 4932 1752 5001 θάνατον,
1772 4939 1903 4990 ἀνα-

226 5011 477 5071 στάσεως
525 5011 634 5082 γάρ
669 5011 858 5065 ἐλπίδα
887 5011 986 5064 οὑκ
1008 5011 1222 5082 ἔχουσι’
1251 5017 1313 5069 σὺ
1347 5018 1402 5070 δὲ
1439 5021 1466 5072 ό
1504 5021 1638 5090 πρὸς
1661 5021 1900 5092 βελτίονα

223 5099 428 5152 ὁδεύων
460 5097 600 5163 ὁδὸν,
630 5099 725 5152 καὶ
759 5100 884 5170 περὶ
931 5098 1028 5168 τῆς
1062 5098 1276 5164 ἐλπίδος
1307 5103 1406 5173 τῆς
1445 5109 1561 5159 ἐκεῖ
1593 5110 1900 5180 φιλοσοφεῖν

224 5185 385 5255 ἔχων,
423 5181 582 5234 ποίαν
609 5181 675 5235 ἂν
717 5183 860 5254 ἔχοις
892 5184 1234 5256 συγγνώμην,
1275 5190 1402 5259 περὶ
1427 5192 1772 5261 ἀναστάσεως
1802 5197 1899 5268 μὲν

225 5269 473 5344 θαρρῶν,
528 5269 731 5337 ὁμοίως
777 5272 833 5324 δὲ
882 5275 994 5336 τοῖς
1027 5274 1311 5327 ἀπιστοῦσι
1353 5278 1418 5346 τῇ
1463 5279 1758 5336 ἀναστάσει
1809 5283 1900 5338 τὸν

224 5363 457 5416 θάνατον
477 5358 763 5424 δεδοικώς;
796 5362 936 5415 Ἀλλ’
970 5364 1030 5416 οὑ
1061 5363 1150 5416 τὸν
1178 5363 1406 5418 θάνατον
1441 5367 1675 5435 δέδοικα,
1712 5374 1896 5445 φησιν,

222 5451 344 5503 οὑδέ
373 5448 434 5501 τὸ
469 5446 782 5513 ἀποθανεῖν,
839 5451 974 5503 ἀλλά
1001 5452 1061 5503 τὸ
1090 5453 1271 5515 κακῶς
1313 5453 1627 5520 ἀποθανεῖνν
1673 5460 1734 5513 τὸ
1765 5465 1900 5515 ἀπο·

221 5537 502 5607 τμηθῆναι
528 5533 626 5602 τὴν
650 5535 913 5607 κεφαλήν.
953 5540 1161 5594 Οὐκοῦν
1192 5543 1220 5595 6
1263 5541 1515 5611 Ἰωάννης
1569 5548 1757 5612 κακῶς
1790 5551 1899 5603 ἀπ-

223 5628 454 5690 ἑθανεν;
496 5617 790 5694 ἀπετμήθη
832 5627 971 5698 γάρ·
1013 5629 1208 5684 οὐκοῦν
1236 5634 1262 5686 6
1283 5633 1550 5701 Στέφανος
1574 5637 1756 5701 κακῶς
1788 5641 1898 5692 ἀπα

284 5770 312 5838 ξ
338 5763 886 5838 ξπυξιιαίξριάπιόδυσιν.
929 5767 1037 5816 Mox
1061 5771 1336 5838 δτιαιιῑςισύ
1359 5775 1561 5838 dgeslin
1577 5776 1892 5838 aliquolmss.

280 5829 313 5869 δ
340 5826 595 5892 Sicﬁnvil.
621 5826 797 5892 melius
819 5839 973 5892 quam,
996 5832 1126 5892 vulg.
1151 5834 1360 5888 ἀπάξειν.
1388 5836 1532 5885 Enn.

285 5901 304 5957 ξ
344 5888 439 5962 Al‘ii
465 5885 719 5962 ἐκτραφείς,
741 5893 798 5962 gl
821 5885 929 5960 IhQX
957 5891 1006 5962 ἐκ(
1028 5885 1302 5962 διῇαιορύνῃ
1329 5898 1470 5954 ὄντες.
1504 5899 1655 5950 Paulo
1675 5909 1782 5962 post
1807 5902 1890 5952 alii

214 5951 327 6006 πρὸς
358 5954 442 6008 τὴν
479 5951 679 6010 Μαρίαν,
707 5951 787 5995 εἴη
812 5951 924 6004 πρὸς
958 5953 1041 6006 τὴν
1070 5954 1276 6009 Μάρθαν.

2035 499 2227 563 έθανε;
2279 500 2610 570 κατελεύσθη
2670 498 2934 568 γάρ’καὶ
2983 495 3258 566 μάρτυρες
3308 494 3355 544 οἱ
3399 492 3456 544 δέ
3505 492 3702 549 πάντες

2034 584 2232 648 ἀθλίως
2264 586 2490 638 τὸ’καθ’
2547 588 2692 656 ὑμᾶς
2729 583 3119 653 ἐτελεύτησαν·
3159 579 3346 649 ἐπειδὴ
3397 579 3446 630 οἱ
3491 579 3588 648 μὲν
3645 580 3703 629 ἐν

2032 672 2183 742 πυρὶ,
2220 674 2267 724 οί
2301 672 2357 724 δὲ
2389 675 2588 743 σιδήρῳ
2617 673 2705 725 τὸν
2738 671 2851 740 βίον
2896 669 3224 722 κατέλυσαν⁸
3279 667 3373 718 καὶ
3404 664 3455 716 οἱ
3501 663 3596 734 μὲν
3625 666 3704 725 είς

2030 759 2288 827 πέλαγος,
2338 761 2388 811 οἱ
2438 760 2492 811 δὲ
2547 763 2626 822 είς
2663 758 2928 829 κρημνὸν,
2974 759 3021 809 οἱ
3049 757 3114 821 βὲ
3155 757 3236 817 εἰς
3273 753 3492 814 ὀδόντας
3541 753 3705 819 ἐμπε⁶

2031 846 2213 909 σόντες
2244 847 2466 916 θηρίων,
2495 848 2664 910 οὑτως
2693 845 2984 899 ἀπέθανον.
3015 844 3089 895 06
3139 842 3293 895 τοῦτό
3343 842 3460 892 ἐστι
3508 839 3570 890 τὸ
3601 855 3703 890 κα-

2029 932 2139 995 κῶς
2174 933 2492 991 ἀποθανεῖν.
2525 934 2795 1004 ἄνθρωπε,
2830 931 2893 983 τὸ
2925 930 3083 1000 βιαίῳ
3111 929 3428 997 τελευτῆσαι
3463 925 3701 995 θανάτῳ,

2027 1019 2161 1071 ἀλλὰ
2212 1020 2272 1071 τὸ
2323 1022 2380 1072 ἐν
2423 1020 2716 1089 ἁμαρτίαις
2765 1019 3077 1072 ἀποθανεῖν.
3137 1017 3401 1067 Ἀκουσον
3433 1013 3564 1082 γοῦν
3606 1011 3702 1065 τοῦ

2028 1106 2308 1175 προφήτου
2345 1105 2473 1175 περὶ
2504 1104 2684 1158 αὑτῶν
2712 1106 2915 1157 τούτων
2949 1101 3368 1173 φιλοσοφοῦντος
3396 1101 3488 1151 καὶ
3514 1100 3704 1165 λέ-,ον-

2025 1205 2134 1252 τος·
2175 1190 2438 1257 Θάνατος
2475 1189 2840 1259 ἁμαρτωλῶν
2884 1190 3182 1255 πονηρός·
3239 1188 3340 1239 ούκ
3390 1181 3530 1237 εἶσι-τε⁸
3593 1183 3702 1236 Θά-

2026 1297 2184 1342 νατος
2217 1279 2390 1350 βίαιος
2419 1281 2656 1352 πονηρός
2680 1297 2694 1310 ο
2726 1278 2863 1332 ἀλλά
2896 1278 2983 1339 τίς
3038 1277 3302 1341 Θάνατος
3345 1272 3706 1343 ἁμαρτωλῶν

2026 1369 2309 1433 πονηρός.
2360 1369 2624 1431 Δικαίως·
2671 1366 2809 1437 μετά
2835 1364 2943 1436 γὰρ
2987 1365 3086 1433 τὴν
3115 1362 3360 1414 ἐντεῦθεν
3394 1359 3705 1430 ἀποδημίαν

2026 1453 2246 1516 κόλασις
2296 1455 2589 1524 ἀφόρητος,
2650 1452 2915 1522 τιμωρίαι
2971 1449 3263 1507 ἀθάνατοι,
3309 1450 3336 1500 6
3399 1445 3616 1515 σκώληξ
3679 1446 3707 1496 ὁ

2033 1538 2252 1604 ίοϐόλος,
2280 1539 2340 1591 τὸ
2371 1540 2481 1610 πῦρ
2511 1540 2570 1592 τὸ
2601 1539 2885 1602 ἄσϐεστον,
2926 1536 2987 1589 τὸ
3016 1536 3206 1597 σκότος
3239 1533 3300 1585 τὸ
3326 1531 3607 1601 ἐξώτερον,
3638 1530 3708 1584 τὰ

2034 1623 2210 1693 δεσμά
2251 1627 2318 1678 τὰ
2360 1625 2548 1682 ἄλυτα,
2592 1629 2619 1679 6
2651 1626 2758 1678 τῶν
2792 1625 3019 1677 ὀδόντων
3063 1621 3395 1694 βρυγμὸς,ή
3449 1617 3646 1688 θλῑψις,
3673 1619 3708 1688 ἡ

2030 1711 2382 1779 στενοχωρία,
2411 1712 2504 1764 καὶ
2541 1713 2574 1781 ἡ
2605 1711 2819 1774 αἰώνιος
2845 1711 2991 1780 δίκη.

2097 1805 2167 1866 γ’.
2196 1801 2364 1852 Ὅταν
2387 1796 2478 1852 οῦν
2498 1801 2718 1854 τοιαῦτα
2740 1804 2865 1864 τοὺς
2887 1801 3246 1871 ἁμαρτωλοὺς
3264 1799 3512 1871 ἀναμένῃ
3539 1797 3704 1859 κακά,

2026 1885 2077 1938 τί
2093 1885 2288 1953 γένοιτ’
2312 1886 2377 1938 ἃν
2407 1887 2586 1949 αὑτοῖς
2605 1887 2814 1956 ὄφελος,
2841 1888 2943 1941 κᾶν
2972 1889 3129 1947 οίκοι,
3147 1888 3251 1939 κᾶν
3276 1886 3369 1938 ἐπὶ
3381 1885 3479 1954 τῆς
3497 1884 3708 1936 ἑαυτῶν

2027 1976 2216 2046 κλίνης
2261 1977 2608 2029 καταλύσωσι
2638 1979 2735 2046 τὴν
2761 1978 2942 2048 ζωήν;
2978 1977 3165 2048 ὥσπερ
3196 1973 3289 2030 οὖν
3319 1978 3431 2038 τοῖς
3477 1974 3707 2035 δικαίοις

2023 2062 2177 2114 οὐδὲν
2223 2061 2289 2115 ἂν
2328 2064 2538 2130 γένοιτο
2577 2062 2772 2132 βλάϐος
2809 2065 2873 2115 ἐκ
2910 2062 3002 2114 τοῦ
3053 2062 3193 2131 ξίφει
3242 2062 3338 2115 καὶ
3377 2061 3580 2133 σιδήρῳ
3613 2060 3708 2113 καὶ

2025 2150 2158 2220 πυρὶ
2187 2150 2287 2219 τὴν
2318 2149 2600 2219 παροῦσαν
2624 2149 2921 2203 ἀποθέσθαι
2956 2149 3121 2219 ζωὴν,
3160 2151 3287 2202 ὃταν
3322 2148 3457 2218 πρὸς
3484 2149 3551 2200 τὰ
3583 2146 3710 2199 ἀθά·

2023 2252 2161 2289 νατα
2231 2236 2498 2306 μέλλωσιν
2553 2237 2856 2306 ἀποδημεῖν
2903 2235 3102 2304 ἀγαθά.
3161 2234 3402 2305 Ἀληθῶς
3445 2233 3709 2301 Θάνατος

2023 2324 2390 2392 ἁμαρτωλῶν
2414 2327 2700 2392 πονηρός.
2735 2325 2988 2387 Τοιοῦτος
3013 2321 3081 2396 ἦν
3103 2327 3131 2378 6
3179 2324 3273 2377 τοῦ
3327 2324 3578 2377 πλουσίου
3607 2321 3706 2375 θά-

2023 2427 2183 2472 νατος
2229 2412 2436 2464 ἐκείνου
2484 2412 2578 2464 τοῦ
2630 2411 2719 2464 τὸν
2753 2413 3002 2482 Λάζαρον
3065 2411 3427 2482 ὑπεριδόντος,
3463 2411 3522 2473 ὃς
3566 2411 3706 2464 οἶκοι

2023 2495 2116 2548 καὶ
2152 2497 2243 2548 ἐπὶ
2269 2498 2365 2565 τῆς
2392 2497 2576 2567 κλίνης
2613 2496 2707 2548 καὶ⁸
2732 2497 2840 2548 τῶν
2865 2498 3186 2566 ἐπιτηδείων
3212 2497 3493 2568 παρόντων
3526 2497 3707 2567 οἰκείᾳ⁴

2020 2581 2241 2652 τελευτῇ
2273 2581 2582 2644 καταλύσας
2618 2583 2713 2634 τὸν
2750 2580 2864 2652 [651
2895 2582 3028 2650 βίον,
3067 2582 3316 2635 ἀπελθὼν
3341 2585 3458 2634 ἐκεῖ
3489 2583 3694 2651 ἀπετη-

2023 2666 2294 2732 γανίζετο,
2328 2667 2448 2719 οὐδὲ
2467 2667 2668 2737 μικράν
2698 2667 3050 2738 παραμυθίαν
3067 2669 3131 2720 ἐκ
3152 2667 3250 2738 τῆς
3276 2667 3418 2721 κατά
3441 2669 3531 2720 τὸν
3558 2685 3700 2738 παρ-

2021 2752 2150 2804 όντα
2191 2753 2306 2822 βίον
2336 2755 2636 2823 εὐημερίας
2683 2755 2863 2823 εὑρεῖν
2905 2754 3152 2825 δυνηθεὶς
3184 2757 3318 2807 ἐκεῖ.
3375 2755 3514 2807 Ἀλλ’
3550 2756 3649 2825 οὑχ
3675 2757 3704 2808 6

2020 2839 2269 2908 Λάζαρος
2297 2838 2500 2902 οὕτως·
2533 2840 2646 2893 ἀλλ’
2676 2841 2762 2892 ἐπ’
2791 2839 2956 2892 αὑτοῦ
2984 2840 3079 2893 τοῦ
3124 2840 3356 2909 ἐδάφους
3391 2841 3502 2893 τῶν
3528 2841 3703 2893 κυνῶν

2020 2926 2298 2996 παρόντων
2323 2927 2415 2979 καὶ
2447 2927 2772 2996 λειχομένων
2798 2927 2865 2980 τὰ
2892 2927 3204 2998 τραύματα,
3255 2929 3430 2998 βίαιον
3467 2928 3702 2982 θάνατον

2019 3012 2281 3075 ὑποστὰς,
2312 3013 2383 3082 (τί
2422 3013 2529 3082 γὰρ
2562 3014 2721 3083 λιμοῦ
2754 3015 2954 3080 γένοιτ’
2989 3016 3054 3067 ἀν
3082 3015 3703 3088 ὀδυνηρότερον;)ἀπελ-

2019 3097 2126 3150 θὼν
2171 3101 2285 3152 ἐκεῖ
2324 3099 2433 3150 τῶν
2477 3099 2712 3152 αἰωνίων
2746 3100 3060 3171 ἀπήλαυσεν
3119 3101 3361 3168 ἀγαθῶν,
3422 3103 3700 3173 ἐντρυφῶν

2017 3187 2128 3246 τοῖς
2150 3184 2370 3245 κόλποις
2409 3184 2504 3236 τοῦ
2558 3185 2828 3256 Ἀϐραάμ.
2863 3187 2927 3238 Τί
2954 3187 3132 3239 τοίνυν
3162 3188 3510 3258 παρέϐλαψεν
3535 3191 3699 3243 αὑτὸν

2017 3270 2076 3323 τὸ
2114 3269 2301 3339 βιαίως
2331 3270 2656 3333 ἀποθανεῖνς
2709 3272 2762 3325 τί
2808 3273 2865 3326 δὲ
2894 3273 2985 3326 τὸν
3028 3273 3283 3328 πλούσιον
3324 3275 3499 3346 ὢνησε
3533 3276 3593 3328 τὸ
3624 3276 3699 3348 μὴ

2019 3357 2208 3426 βιαίως
2249 3357 2543 3410 ἀποθανεῖν
2565 3374 2579 3422 ;

2101 3444 2242 3496 Ἀλλ’
2273 3445 2334 3496 οὐ
2361 3444 2420 3497 τὸ
2456 3445 2665 3514 βιαίως,
2695 3445 2883 3514 φησὶν,
2928 3447 3064 3499 ἀλλά
3090 3447 3150 3499 τὸ
3179 3448 3381 3512 ἀδίκως
3409 3449 3703 3524 ἀποθανεῖν

2017 3531 2356 3602 δεδοίκαμεν,
2404 3533 2497 3586 καὶ
2545 3534 2605 3585 τὸ
2656 3533 2820 3603 μηδὲν
2848 3535 3259 3604 τετολμηκότες,
3293 3531 3368 3590 ὧν
3399 3538 3702 3592 ὑποπτευό-

2019 3618 2176 3688 μεθα,
2201 3623 2312 3682 τοῖς
2363 3621 2626 3673 ἑαλωκόσι
2671 3621 2998 3690 κολασθῆναι
3053 3625 3470 3696 παραπλησίως.
3513 3627 3578 3678 Τί
3610 3627 3699 3679 λέ-

2014 3719 2153 3769 γεις,
2184 3705 2304 3756 εἰπέ
2338 3721 2462 3772 μοι;
2495 3706 2556 3756 τὸ
2599 3705 2802 3769 ἀδίκως
2832 3707 3120 3761 ἀποθανεῖν
3159 3709 3436 3774 δέδοικας;
3462 3710 3595 3764 ἀλλά
3620 3712 3698 3765 διο

2014 3789 2183 3851 καίως
2214 3788 2474 3853 ἑϐούλου;
2509 3791 2619 3842 Καὶ
2655 3793 2738 3854 τίς
2775 3793 2948 3855 οὑτως
2977 3793 3160 3856 ἄθλιος
3191 3797 3287 3846 καὶ
3332 3795 3693 3868 ταλαίπωρος,

2012 3876 2088 3938 ώς
2118 3877 2294 3946 παρὸν
2326 3877 2526 3939 ἀδίκως
2559 3878 2873 3944 ἀποθανεῖν,
2927 3879 3149 3943 δικαίως
3190 3880 3411 3934 ἑλέσθαι
3456 3884 3691 3952 μᾶλλον;

2015 3961 2078 4012 Εἰ
2132 3962 2240 4031 γὰρ
2298 3961 2526 4014 θάνατον
2589 3964 2887 4015 δεδοικέναι
2946 3965 3073 4034 χρὴ,
3128 3964 3220 4016 τὸν
3276 3965 3497 4030 δικαίως
3551 3971 3687 4039 ἡμῖν

2015 4048 2236 4101 ἐπιόντα
2255 4048 2551 4101 δεδοικέναι
2583 4049 2711 4119 χρὴ,
2744 4049 2818 4112 ὡς
2845 4051 2873 4103 6
2904 4067 2965 4119 γε
3009 4050 3209 4114 ἀδίκως
3252 4052 3540 4106 ἀποθανὼν
3569 4058 3692 4108 κατ’

2013 4136 2146 4187 αὑτὸ
2178 4135 2335 4188 τοῦτο
2363 4139 2607 4189 κοινωνεῖ
2639 4140 2751 4200 τοῖς
2779 4137 2953 4205 ἁγίοις
2983 4139 3203 4192 ἅπασιν.
3241 4141 3301 4192 ΟΞ
3333 4140 3442 4212 γάρ
3475 4142 3693 4207 πλείους

2011 4223 2120 4275 τῶν
2167 4224 2608 4294 εὐδοκιμηκότων
2641 4223 2793 4294 παρά
2819 4225 2897 4294 τῷ
2937 4225 3057 4295 Θεῷ
3083 4227 3176 4279 καὶ
3200 4225 3550 4297 λαμψάντων,
3579 4229 3690 4283 ἀδι-

2009 4327 2104 4362 κον
2131 4309 2445 4378 ὑπέστησαν
2485 4311 2760 4380 τελευτὴν,
2787 4312 2880 4362 καὶ
2912 4313 3128 4381 πρῶτος
3161 4315 3188 4366 6
3231 4315 3396 4366 Ἀϐελ
3417 4331 3432 4346 ο
3481 4316 3542 4368 οὑ
3580 4317 3688 4388 γάρ

2006 4395 2070 4465 δὴ
2121 4395 2519 4466 πλημμελήσας
2565 4399 2644 4459 είς
2675 4397 2765 4448 τὸν
2803 4397 3047 4466 ἀδελφὸν,
3084 4400 3204 4451 οὑδὲ
3243 4401 3488 4471 λυπήσας
3521 4420 3572 4456 τι
3597 4405 3686 4458 τὸν

2009 4483 2166 4542 Κάῖν,
2207 4483 2322 4536 ἀλλ’
2346 4484 2536 4552 ἐπειδὴ
2563 4483 2653 4536 τὸν
2687 4483 2818 4536 Θεὸν
2853 4484 3098 4555 ἐτίμησε,
3130 4485 3218 4538 διὰ
3243 4487 3402 4540 τοῦτο
3428 4491 3643 4559 ἐσφάγη
3664 4510 3678 4524 ·

2005 4571 2033 4622 6
2063 4570 2120 4622 δὲ
2158 4570 2287 4633 Θεὸς
2327 4569 2727 4643 συνεχώρησεν,
2753 4567 2860 4641 ἆρα
2900 4571 3067 4639 φιλῶν
3098 4573 3317 4646 αὑτὸνῆ
3353 4576 3560 4646 μισῶν;
3593 4578 3682 4631 εὑ-

2007 4656 2164 4724 δηλον
2219 4659 2297 4710 ’ότι
2343 4657 2532 4726 φιλῶν,
2585 4659 2679 4710 καὶ
2703 4659 3082 4728 λαμπρότερον
3125 4661 3272 4731 αὑτῷ
3299 4662 3389 4716 τὸν
3424 4665 3684 4734 στέφανον

2008 4743 2227 4812 ποιῆσαι
2262 4743 2582 4812 βουλόμενος
2613 4743 2720 4796 ἀπὸ
2750 4745 2847 4813 τῆς
2873 4744 3211 4814 ἀδικωτάτης
3239 4748 3476 4817 σφαγῆς.
3524 4751 3684 4822 Ὁρᾷς

2005 4831 2086 4882 ὅτι
2118 4831 2177 4881 οὑ
2203 4831 2264 4881 τὸ
2299 4829 2488 4898 βιαίως
2522 4829 2834 4896 ἀποθανεῖν,
2875 4828 3000 4882 οὔτε
3033 4831 3096 4882 τὸ
3141 4832 3342 4896 ἀδίκως
3392 4837 3681 4894 ἀποθανεῖν

2003 4915 2295 4967 δεδοικέναι
2338 4914 2463 4986 χρὴ,
2511 4913 2646 4966 ἀλλά
2677 4914 2739 4966 τὸ
2789 4917 2846 4967 ἐν
2895 4915 3189 4986 ἁμαρτίαις
3236 4919 3562 4988 ἀποθανεῐν;
3620 4925 3680 4978 Ὀ

2006 5002 2170 5054 ’Ἅϐελ
2190 5001 2457 5054 ἀπέθανεν
2485 5002 2704 5065 ἀδίκως,
2732 5005 2761 5056 6
2790 5003 2929 5056 Κάῖν
2958 5004 3055 5073 ἔζη
3080 5005 3280 5059 στένων
3301 5009 3394 5061 καὶ
3423 5009 3640 5081 τρέμων
3660 5029 3675 5045 ο

1999 5089 2082 5152 τίς
2121 5085 2234 5151 οὖν,
2276 5090 2396 5140 εἰπέ
2423 5105 2532 5158 μοι,
2570 5089 2982 5161 μακαριώτερος
2996 5087 3082 5160 ἦν,
3117 5094 3144 5144 6
3176 5095 3314 5162 μετά
3335 5094 3679 5168 δικαιοσύνης

1999 5177 2477 5246 ἀναπαυσάμενος,
2514 5177 2547 5247 ἢ
2587 5177 2616 5228 6
2649 5180 2706 5230 ἐν
2741 5178 3033 5249 ἁμαρτίαις
3077 5177 3220 5243 ζῶν;
3249 5181 3279 5231 6
3315 5181 3512 5247 ἀδίκως
3544 5185 3680 5237 ἀπο-

2000 5262 2198 5328 θανὼν,
2226 5263 2259 5334 ἦ
2301 5266 2329 5317 6
2359 5264 2584 5326 δικαίως
2619 5264 3008 5334 κολαζόμενος;
3068 5264 3333 5319 Βούλεσθε
3366 5269 3508 5322 είπω
3538 5273 3678 5343 πρὸς

1999 5350 2097 5420 τὴν
2127 5351 2399 5421 ὑμετέραν
2429 5350 2673 5420 ἀγάπην,
2710 5351 2872 5403 πόθεν
2918 5350 3233 5422 δεδοίκαμεν
3262 5353 3490 5410 θάνατον
3515 5374 3530 5424 ;
3561 5357 3677 5414 Οὑκ

1999 5436 2239 5507 ἔτρωσεν
2268 5438 2415 5508 ἡμᾶς
2451 5437 2723 5505 βασιλείας
2757 5436 2916 5507 ἔρως,
2948 5437 3067 5490 οὑδὲ
3100 5438 3305 5508 ἀνῆψεν
3332 5444 3476 5512 ἡμᾶς
3507 5446 3535 5496 6
3564 5446 3676 5501 τῶν

2002 5523 2300 5592 μελλόντων
2328 5523 2508 5587 πόθος,
2538 5522 2659 5575 ἐπεῖ⁹
2690 5524 2906 5576 πάντων
2923 5524 2988 5577 ἂν
3017 5525 3371 5597 ὑπερείδομεν
3398 5530 3502 5580 τῶν
3533 5548 3675 5603 παρ-

1996 5610 2184 5671 όντων,
2251 5609 2504 5680 καθάπερ
2545 5611 2574 5662 6
2611 5611 2879 5681 μακάριος
2908 5611 3138 5674 Παῦλος.
3167 5615 3275 5667 Καὶ
3309 5616 3442 5685 πρὸς
3464 5616 3675 5684 τούτοις

1997 5695 2156 5749 πάλιν
2181 5696 2240 5746 06
2275 5695 2587 5764 φοϐούμεθα
2630 5698 2872 5766 γέενναν,
2907 5698 2994 5752 διά
3039 5699 3195 5752 τοῦτο
3242 5701 3553 5771 φοϐᾳύμεθα
3585 5704 3677 5759 θά-

1997 5798 2184 5837 νατον’
2225 5782 2324 5835 οὑκ
2371 5783 2530 5852 ἴσμεν
2561 5785 2663 5856 τῆς
2695 5787 2814 5839 ἐκεῖ
2844 5787 3116 5850 κολάσεως
3160 5786 3220 5839 τὸ
3256 5788 3549 5859 ἀφόρητον,
3584 5793 3672 5848 διὰ

1995 5869 2149 5924 τοῦτο
2176 5869 2432 5940 τελευτὴν
2454 5870 2573 5925 ἀντὶ
2602 5873 2876 5943 ἁμαρτίας
2901 5874 3215 5944 δεδοίκαμεν
3236 5891 3249 5904 ’
3283 5875 3356 5938 ὡς
3378 5879 3426 5929 εί
3461 5879 3668 5946 ἐκεῖνος

1999 5962 2211 6026 κατεῖχε
2238 5959 2332 6015 ’.ἢν
2371 5959 2544 6029 ψυχὴν
2580 5961 2732 6032 ἡμῶν
2753 5963 2780 6014 6
2802 5964 2982 6032 φόϐος,
3008 5963 3122 6016 οὑδὲ
3155 5963 3484 6022 ἐπεισελθεῖν
3514 5963 3671 6039 οὗτος
