4494 6674
437 440 507 492 75
1373 439 1462 493 AD
1505 433 1824 492 POPULUIII
1853 429 2352 489 ANTIOCIIENUM
2417 433 2646 491 HOMIL.
2692 436 2754 491 V.
3644 443 3706 504 Τί

433 557 759 622 domesticis,
789 565 844 614 et
868 573 930 614 ex
963 558 1025 610 iis
1047 569 1163 623 qua:
1190 551 1342 606 nobis
1369 548 1676 602 acciderunt
1701 546 1784 602 his
1804 547 2010 611 diebus,

435 647 769 704 manifestum
793 651 966 705 facere
989 644 1241 700 conabor.
1278 641 1562 710 Postquam
1589 641 1730 694 enim
1756 639 1823 694 ab
1853 640 2022 708 Impe-

438 750 615 796 ratore
640 741 778 795 data:
798 739 1128 794 suntlittera:
1146 731 1403 786 tributum
1433 732 1562 793 hoc,
1585 731 1724 802 quod
1771 733 2020 786 intolera-

437 833 543 887 bile
582 848 702 888 esse
738 831 1048 886 videbatur,
1090 822 1334 878 conferre
1372 822 1621 892 iubentes
1648 864 1662 888 ,
1703 838 1892 878 omnes
1932 831 2018 875 tu-

434 927 863 985 tnultuabantur,
892 933 1081 972 omnes
1104 917 1535 982 contendebant,
1563 932 1704 988 :egre
1736 916 1978 970 ferebant
2001 954 2015 975 ,

435 1015 842 1085 indignabantur
865 1049 880 1071 ,
926 1007 1070 1061 inter
1097 1021 1156 1061 se
1183 1015 1526 1063 occurrentes
1548 1006 1799 1063 dicebant
1822 1025 1834 1058 :
1866 1003 2016 1060 Ilaud

433 1109 607 1162 vitalis
647 1101 800 1155 nobis
837 1100 940 1152 vita
968 1140 983 1162 ,
1013 1099 1268 1154 subversa
1298 1099 1486 1154 civitas
1510 1109 1613 1164 est,
1643 1098 1804 1167 hujus
1833 1094 2017 1149 tributi

433 1191 853 1264 magnitudinem
883 1191 1148 1244 sustinere
1174 1191 1372 1258 poterit
1399 1205 1558 1246 nemo
1589 1210 1601 1246 :
1628 1200 1684 1246 et
1709 1202 1899 1243 omnes
1923 1200 2018 1239 an-

430 1286 712 1354 gebantur,
761 1289 1010 1349 tanquam
1055 1279 1122 1334 de
1161 1280 1415 1336 extremis
1457 1282 1588 1350 ipsis
1630 1277 2012 1349 periclitantes.

428 1375 549 1429 Mox
575 1389 702 1427 vero
727 1381 1006 1442 postquam
1031 1382 1331 1441 perpetrata
1361 1374 1691 1434 acciderunt,
1721 1376 1776 1421 et
1799 1365 2014 1435 quidam

431 1464 619 1518 nefarii
651 1472 704 1516 et
733 1462 1150 1528 sceleratissimi,
1182 1464 1386 1533 legibus
1412 1461 1744 1519 conculcatis
1767 1500 1781 1522 ,
1810 1466 2015 1512 statuas

430 1554 741 1622 dejecerunt
767 1593 782 1615 ,
831 1561 884 1607 et
926 1555 1113 1608 mortis
1142 1555 1434 1624 periculum
1465 1551 1719 1606 omnibus
1747 1549 2015 1616 imposue-

431 1653 576 1709 runt,
609 1654 662 1697 et
686 1643 795 1713 jam
824 1644 890 1698 de
916 1643 1030 1714 ipsa
1056 1646 1161 1698 vita
1192 1645 1461 1707 timemus,
1492 1641 1811 1697 cxacerbato
1840 1639 2014 1710 Impe-

430 1743 608 1788 ratore
634 1751 648 1796 ;
681 1751 786 1787 non
816 1750 912 1789 nos
933 1735 1160 1805 amplius
1186 1734 1530 1804 pecuniarum
1549 1733 1754 1802 jactura
1779 1731 2009 1795 mordet,

429 1824 524 1877 sed
568 1824 666 1876 alia
705 1840 801 1893 pro
841 1825 944 1878 illis
982 1839 1172 1879 omnes
1212 1823 1372 1877 audio
1407 1822 1644 1877 dicentes
1679 1841 1691 1876 :
1723 1821 1912 1891 Capiat
1959 1830 2014 1874 et

429 1913 777 1966 substantiam
819 1913 1130 1984 Imperator,
1161 1921 1216 1967 ct
1245 1913 1385 1982 agris
1411 1922 1465 1968 et
1493 1911 1917 1981 supellectilibus
1945 1909 2011 1961 li-

428 2002 622 2058 benter
646 2004 963 2066 carebimus,
989 2003 1271 2058 dumtaxat
1298 2017 1493 2071 corpus
1520 2002 1724 2056 salvum
1757 2001 1869 2053 fore
1895 1999 2016 2068 quis

429 2095 708 2162 spondeat.
738 2095 885 2149 Sicut
911 2097 1088 2164 itaque
1116 2096 1422 2165 priusquam
1453 2095 1606 2148 nobis
1634 2093 1824 2146 mortis
1854 2091 2016 2144 timor

430 2184 732 2238 immineret
757 2226 773 2252 ,
801 2199 898 2238 nos
927 2186 1268 2254 pecuniarum
1297 2185 1490 2237 mulcta
1519 2181 1829 2244 cruciabat;
1863 2188 2014 2248 post-

427 2290 586 2343 quam
633 2291 763 2329 vero
803 2275 1031 2329 nefanda
1080 2283 1379 2344 perpetrata
1421 2280 1586 2334 sunt,
1629 2270 1817 2323 mortis
1856 2269 2016 2323 timor

426 2367 736 2428 succedens,
756 2367 966 2422 mulcta:
982 2366 1222 2420 dolorem
1245 2364 1445 2432 expulit
1468 2361 1575 2416 :sic
1601 2371 1654 2414 et
1683 2360 1728 2414 si
1754 2360 2013 2430 gebenna:

429 2459 589 2512 titnor
622 2457 1117 2527 comprehendisset
1153 2458 1358 2509 animas
1399 2462 1609 2508 nostras
1636 2494 1651 2517 ,
1685 2469 1790 2508 non
1827 2451 2012 2506 mortis

429 2551 589 2603 timor
614 2558 956 2618 occupasset;
986 2547 1079 2602 sed
1107 2545 1558 2615 quemadmodum
1592 2545 1643 2598 iu
1673 2543 2009 2612 corporibus,

426 2640 640 2709 quando
666 2653 762 2693 nos
789 2638 896 2692 duo
927 2638 1142 2692 dolores
1170 2637 1556 2705 oppresserint,
1581 2635 1887 2690 inferiorem
1913 2648 2012 2702 po-

427 2732 623 2783 tentior
662 2728 995 2783 abscondere
1035 2728 1314 2782 consuevit
1357 2745 1368 2779 :
1414 2727 1493 2781 sic
1529 2735 1583 2781 et
1623 2741 1762 2780 nunc
1812 2724 2010 2779 factum

427 2830 566 2875 esset
598 2837 611 2882 ;
643 2821 686 2873 si
719 2819 880 2874 futuri
908 2821 1151 2890 supplicii
1176 2820 1335 2873 timor
1358 2820 1408 2873 in
1436 2819 1613 2874 anima
1639 2821 2008 2884 remansisset,

428 2926 638 2966 Omnem
686 2913 934 2966 timorem
983 2911 1272 2966 humanum
1321 2913 1682 2966 obscurasset.
1737 2911 1920 2980 Itaque
1967 2911 2013 2965 si

427 3001 544 3070 quis
583 3001 842 3070 gehenna:
890 3015 1103 3070 semper
1141 3001 1453 3055 meminisse
1500 3001 1741 3064 laboret,
1781 3011 2012 3055 mortem

427 3092 688 3147 deridebit
715 3135 728 3157 ,
758 3103 811 3147 et
840 3107 945 3147 non
977 3094 1228 3162 prresenti
1257 3101 1461 3147 tantum
1489 3093 1731 3161 angustia
1761 3091 2015 3146 liberabi-

431 3193 534 3246 tur,
568 3183 663 3237 sed
689 3195 741 3238 et
764 3184 832 3238 ab
861 3184 948 3237 illa
976 3184 1186 3237 ﬂamma
1209 3184 1487 3252 eripietur.
1517 3182 1616 3250 Qui
1639 3183 1783 3236 enim
1811 3182 2013 3252 gehen-

431 3290 551 3328 nam
590 3275 842 3328 continue
886 3275 1076 3339 timet,
1110 3290 1401 3343 numquam
1443 3275 1496 3328 in
1534 3274 1794 3344 gehennae
1840 3275 2012 3344 ignem

431 3365 658 3428 decidet,
677 3365 777 3418 hoc
799 3365 1014 3419 assiduo
1035 3367 1325 3435 castigatus
1347 3375 1511 3420 metu.
1535 3364 1824 3420 Concedite
1853 3379 2015 3430 nunc,

432 3464 488 3510 ut
527 3464 824 3524 opportune
851 3454 1002 3507 vobis
1029 3454 1204 3509 dicam
1240 3473 1252 3506 :
1287 3454 1498 3509 Fratres
1522 3497 1536 3517 ,
1570 3472 1631 3508 ne
1657 3456 1799 3522 pueri
1827 3455 2015 3524 efﬁcia-

431 3546 554 3598 uu'ui
580 3543 823 3605 sensibus,
850 3544 939 3598 sed
955 3545 1148 3597 malitia
1173 3545 1397 3614 infantes
1420 3547 1528 3600 sitis
1549 3547 1622 3615 (I.
1649 3546 1767 3601 Cor.
1801 3546 2018 3616 “.20).

502 3636 644 3689 Mors
667 3653 754 3688 cur
781 3636 1120 3704 despicienda.
1138 3666 1210 3676 —
1231 3637 1442 3691 Etenim
1472 3638 1731 3705 puerilem
1761 3637 2013 3691 timemus

432 3742 702 3798 pavorem,
733 3735 958 3781 mortem
987 3727 1256 3790 timentes,
1276 3736 1550 3796 peccatum
1580 3735 1757 3780 autem
1799 3742 1905 3780 non
1954 3728 2019 3780 ti-

431 3828 658 3872 mentes.
681 3818 834 3872 Pueri
863 3819 1004 3872 enim
1032 3819 1178 3889 parvi
1226 3819 1401 3872 larvas
1429 3819 1653 3886 timent,
1685 3817 1859 3886 ignem
1910 3836 2014 3872 nun

432 3908 652 3971 timent;
683 3907 774 3962 sed
814 3909 860 3961 si
884 3909 947 3961 ad
983 3909 1253 3963 lucernam
1290 3909 1469 3963 lumen
1502 3909 1785 3964 habentem
1816 3911 2013 3979 portari

429 3999 719 4067 contingat,
760 3999 1146 4054 inconsiderate
1190 4015 1404 4054 manum
1450 4001 1748 4054 immittunt
1777 4001 2008 4056 lucerna:

435 4097 489 4142 et
521 4087 746 4141 ﬂammae
775 4105 788 4140 :
822 4087 948 4142 dum
972 4089 1416 4143 contemnendam
1446 4090 1644 4144 larvam
1683 4089 2016 4156 horrescunt,

429 4193 555 4233 vere
583 4179 870 4234 timcndmn
895 4181 1067 4249 ignem
1099 4197 1204 4235 non
1240 4182 1462 4247 timent;
1496 4184 1572 4236 sic
1598 4181 1810 4251 quidem
1841 4193 1893 4237 et
1921 4197 2018 4238 nos

431 4269 677 4322 timemus
714 4281 963 4332 mortem,
987 4287 1104 4340 qua!
1150 4280 1235 4324 est
1280 4273 1424 4325 larva
1479 4282 1784 4341 contemptu
1837 4273 2014 4342 digna,

431 4371 704 4429 peccatum
733 4377 858 4415 vero
891 4377 992 4414 non
1047 4363 1297 4415 tintcmus
1317 4404 1330 4421 ,
1356 4364 1498 4432 quod
1529 4375 1609 4417 est
1656 4379 1778 4417 vere
1822 4364 2016 4418 timeu-

429 4453 574 4512 dmn,
601 4463 652 4505 et
675 4453 807 4521 ignis
835 4469 982 4507 more
1009 4454 1388 4506 conscientiam
1410 4454 1649 4509 devorat.
1675 4455 1742 4508 Et
1773 4455 1886 4508 lucc
1911 4470 2014 4508 non

430 4559 493 4598 es
527 4557 701 4595 rermn
754 4555 959 4608 natura,
988 4544 1080 4599 sed
1124 4560 1190 4597 ex
1237 4545 1531 4612 ignorantia
1576 4547 1730 4598 nobis
1773 4545 2017 4600 accidere

431 4646 820 4687 Consueveruut
851 4653 863 4687 :
892 4636 1031 4703 quod
1072 4635 1115 4687 si
1151 4636 1464 4703 cogitemus,
1498 4636 1620 4703 qttid
1681 4635 1892 4689 tandem
1946 4637 2017 4689 sit

431 4738 607 4786 tnors,
637 4739 922 4792 numquam
958 4727 1124 4794 ipsam
1166 4726 1492 4778 timebimus.
1527 4726 1662 4790 Quid
1704 4726 1863 4794 igitur
1895 4735 2012 4779 tan-

429 4816 551 4870 dem
581 4829 723 4866 mors
761 4816 884 4867 est?
914 4817 1142 4886 Idipsum
1188 4816 1328 4886 quod
1377 4817 1748 4868 vestimentum
1789 4832 2012 4870 exuere.

431 4908 719 4974 Tamquam
743 4909 1114 4962 vestimentum
1143 4909 1284 4963 enim
1327 4922 1521 4975 corpus
1555 4909 1746 4961 anima:
1795 4909 2016 4963 circum-

431 4999 606 5051 datum
638 5004 740 5058 cst,
769 5007 817 5047 et
842 4996 943 5050 hoc
987 4999 1053 5052 ad
1091 5001 1252 5053 breve
1278 5007 1488 5065 tempus
1515 5012 1609 5065 per
1651 5008 1876 5053 mortem
1917 5000 2013 5054 de-

434 5089 680 5156 positum,
701 5087 776 5137 cla
787 5087 893 5138 t‘itts
911 5089 1100 5144 iterum
1117 5103 1465 5144 resumetnus.
1487 5089 1622 5155 Quid
1639 5090 1850 5145 tandem
1872 5108 2016 5146 mors

431 5176 929 5243 cst?I‘eregrin:ttio
968 5180 1033 5233 ad
1066 5191 1294 5248 tempus.
1340 5194 1558 5232 somnus
1600 5191 1857 5235 consueto
1902 5184 2017 5235 Iou-

433 5271 564 5340 gior.
593 5269 768 5336 Itaque
814 5269 856 5320 si
901 5283 1124 5326 mortem
1179 5274 1504 5335 timcs,time
1549 5282 1600 5326 et
1645 5288 1892 5327 somnum
1925 5295 1936 5328 :
1971 5277 2013 5329 si

434 5369 649 5432 propter
686 5359 975 5414 morientes
1021 5367 1250 5432 angetis,
1285 5375 1336 5417 et
1387 5372 1602 5432 propter
1629 5364 1971 5419 eomedeutes
1997 5408 2012 5432 ,

434 5464 490 5510 et
518 5462 736 5522 prepter
755 5450 996 5508 bibentes
1023 5470 1218 5526 angere
1252 5475 1264 5510 :
1292 5457 1432 5510 sicut
1454 5456 1594 5509 enim
1623 5455 1722 5510 hoc
1750 5459 2012 5521 naturale,

435 5549 511 5603 sic
553 5554 608 5599 et
651 5543 796 5596 illud.
822 5543 899 5597 Ne
938 5555 989 5600 te
1017 5551 1272 5602 naturalia
1310 5549 1666 5614 contristent,
1696 5549 2015 5604 contristent

437 5651 490 5694 te
527 5637 704 5706 potius
725 5651 841 5703 qua:
871 5647 994 5690 sunt
1037 5654 1103 5693 ex
1151 5641 1290 5694 mala
1337 5641 1605 5695 voluntate
1639 5657 1650 5691 :
1680 5654 1854 5708 neque
1901 5655 2014 5695 mo-

429 5730 656 5782 rientem
717 5725 997 5794 lngc,sed
1055 5727 1104 5780 in
1165 5732 1396 5798 peccatis
1442 5733 1724 5787 viventem.

506 5819 557 5870 4.
601 5815 690 5865 \‘is
732 5829 1145 5871 commemorem
1188 5829 1243 5872 et
1288 5821 1448 5876 aliam
1496 5836 1744 5887 causam,
1796 5831 2010 5892 propter

751 5908 1024 5970 ΡΑτηοι.
1073 5912 1188 5973 Gn.
1232 5917 1283 5974 Χ
1303 5917 1457 5978 LIX.

2139 563 2297 617 quam
2320 559 2547 606 mortem
2581 555 2860 610 timemus?
2887 554 3000 610 Non
3029 557 3256 612 vivimus
3280 573 3398 614 cum
3423 561 3716 630 diligentia,

2132 655 2238 693 non
2292 640 2547 698 habemus
2613 646 2995 701 conscientiam
3045 662 3279 718 puram:
3319 650 3460 720 quod
3512 653 3557 705 si
3611 652 3716 708 hoc

2128 739 2292 794 esset,
2322 729 2454 787 nihil
2495 747 2594 789 nos
2624 750 2768 789 mors
2799 737 3092 800 terruisset,
3121 754 3225 794 non
3257 739 3442 807 fames,
3473 755 3580 796 non
3619 757 3716 811 pe-

2126 822 2400 876 cuniarum
2433 823 2663 894 jactura,
2698 842 2804 881 non
2831 828 2974 882 aliud
3011 830 3136 897 quid
3167 831 3451 900 ejusmodi.
3507 832 3564 887 In
3606 835 3718 890 vir-

2128 920 2240 966 tute
2259 915 2400 968 cnim
2422 916 2690 972 viventem
2739 916 2930 972 horum
2976 919 3107 972 nihil
3135 921 3326 978 laedere
3361 925 3588 992 poterit,
3617 941 3717 980 nec

2128 1003 2334 1061 interna
2388 1009 2601 1076 privare
2643 1010 2953 1080 voluptate:
3003 1012 3161 1067 bonze
3202 1015 3344 1068 enim
3397 1018 3714 1072 innutritum

2123 1098 2238 1166 spei
2268 1097 2399 1152 nihil
2443 1100 2494 1152 in
2527 1099 2796 1154 tristitiam
2840 1101 3074 1170 dejicere
3125 1105 3340 1171 poterit.
3387 1107 3523 1171 Quid
3567 1109 3712 1162 enim

2122 1189 2382 1256 quispiam
2400 1191 2574 1244 facere
2602 1192 2790 1258 possit,
2817 1206 2921 1260 quo
2951 1191 3143 1246 fortem
3163 1194 3333 1248 virum
3362 1193 3414 1248 in
3446 1197 3712 1253 tristitiam

2121 1278 2411 1346 conjiciat?
2443 1277 2665 1333 Auferet
2692 1281 2979 1348 pecunias?
3005 1283 3097 1337 sed
3137 1283 3294 1338 habet
3335 1285 3388 1339 in
3418 1285 3564 1339 cmlis
3589 1286 3715 1340 divi-

2123 1367 2245 1420 tias.
2277 1366 2448 1420 Patria
2468 1367 2682 1436 ejiciet‘.’
2710 1369 2804 1422 sed
2827 1370 2879 1422 in
2911 1385 3198 1437 supernam
3223 1373 3490 1428 civitatem
3517 1375 3711 1430 mittet-

2124 1454 2343 1511 Vincula
2371 1456 2617 1526 injiciet?
2646 1457 2740 1512 sed
2769 1457 2930 1513 habet
2960 1461 3341 1514 conscientiam
3367 1463 3630 1529 solutam,
3659 1474 3715 1518 et

2118 1547 2446 1602 exteriorem
2476 1563 2579 1601 non
2600 1549 2766 1602 sentit
2785 1556 3048 1602 catenam.
3080 1551 3147 1601 At
3167 1549 3452 1604 interficict
3472 1554 3711 1622 corpus?

2118 1637 2212 1691 scd
2258 1637 2449 1691 iterum
2492 1646 2779 1704 resurget:
2813 1647 2867 1690 et
2901 1638 3039 1691 sicut
3081 1639 3170 1708 qui
3221 1654 3342 1692 cum
3385 1641 3572 1694 umbra
3611 1659 3713 1712 pu-

2120 1739 2269 1796 gnat,
2304 1735 2359 1779 et
2398 1741 2576 1779 aerem
2603 1727 2871 1792 verberat,
2894 1736 3175 1796 percutere
3195 1731 3393 1798 poterit
3419 1731 3714 1788 nemiuem:

2119 1817 2196 1867 sic
2225 1824 2280 1868 et
2305 1814 2396 1882 qui
2421 1829 2540 1868 cum
2567 1814 2714 1882 justo
2744 1825 2964 1885 pugnat,
2991 1833 3112 1871 cum
3147 1821 3332 1874 umbra
3365 1831 3570 1876 tantum
3615 1839 3717 1892 pu.

2117 1911 2262 1971 gnat,
2294 1915 2346 1957 et
2373 1905 2512 1959 vires
2538 1920 2661 1959 suas
2689 1905 2951 1974 dissolvit,
2972 1908 3171 1963 nullam
3195 1909 3270 1964 illi
3301 1910 3507 1981 plagam
3532 1913 3716 1970 valens

2119 1994 2376 2064 inﬂigere.
2402 1995 2584 2066 Itaque
2609 1999 2676 2052 da
2698 1999 2828 2053 mihi
2856 1999 2923 2054 de
2951 2001 3202 2054 calorum
3227 2018 3394 2072 regno
3421 2004 3714 2071 conﬁdere,

2117 2095 2172 2140 et
2197 2088 2242 2140 si
2273 2087 2353 2140 vis
2379 2087 2537 2144 hodie
2562 2091 2846 2160 mejugula
2872 2107 2884 2142 :
2918 2091 3081 2145 cadis
3106 2093 3330 2161 gratiam
3354 2095 3447 2148 tibi
3480 2095 3711 2161 habebo,

2118 2178 2260 2248 quod
2289 2193 2373 2234 me
2396 2180 2644 2235 celeriter
2680 2181 2747 2234 ad
2776 2183 2862 2236 illa
2900 2183 3037 2237 bona
3074 2185 3429 2240 transmittas.
3476 2186 3589 2241 Hoc
3632 2200 3716 2242 est

2119 2270 2350 2325 maxime
2379 2270 2520 2338 quod
2563 2281 2618 2326 et
2661 2287 2761 2326 nos
2788 2272 3033 2342 lugemus
3063 2275 3105 2341 ³,
3135 2275 3324 2344 inquit,
3349 2276 3492 2346 quod
3523 2291 3712 2346 pecca-

2119 2370 2293 2416 torum
2326 2363 2666 2419 multitudine
2693 2363 2984 2434 prohibiti,
3013 2382 3235 2437 regnum
3275 2368 3403 2423 illud
3429 2384 3535 2422 non
3566 2383 3713 2425 assc-

2119 2467 2365 2522 quemur.
2401 2455 2563 2524 Igitur
2613 2465 2841 2510 mortem
2887 2455 3071 2526 lugere
3109 2461 3390 2524 amittens,
3422 2460 3547 2528 Iuge
3587 2475 3714 2530 pec—

2118 2553 2262 2608 cata,
2295 2555 2354 2598 ut
2387 2545 2498 2614 ipsa
2526 2545 2728 2601 deleas.
2759 2547 2983 2617 Propter
3011 2548 3114 2603 hoc
3157 2551 3300 2604 enim
3338 2552 3549 2605 tristitia
3580 2553 3716 2606 facta

2118 2641 2224 2699 est,
2255 2649 2361 2688 non
2407 2645 2463 2688 ut
2500 2636 2571 2690 ob
2607 2636 2872 2704 jacturam
2932 2640 3302 2707 pecuniarum,
3334 2657 3441 2694 non
3468 2641 3538 2695 ob
3573 2657 3717 2696 mor-

2118 2733 2224 2779 tem
2250 2767 2266 2790 ,
2294 2741 2395 2780 nec
2421 2726 2492 2780 ob
2513 2727 2673 2782 ullam
2701 2728 2862 2782 aliam
2885 2745 2996 2783 rem
3025 2728 3188 2784 talem
3210 2731 3507 2794 doleamus,
3536 2731 3630 2786 sed
3657 2743 3714 2785 ut

2118 2814 2232 2883 ipsa
2254 2815 2320 2870 ad
2348 2815 2576 2872 delenda
2609 2827 2824 2872 utamur
2853 2829 3111 2889 peccata;
3143 2829 3200 2875 et
3225 2821 3366 2890 quod
3405 2821 3506 2876 hoc
3528 2838 3713 2876 verum

2117 2905 2206 2968 sit,
2230 2907 2478 2975 exemplo
2506 2905 2645 2963 facio
2675 2909 3038 2964 manifestum.
3077 2910 3334 2966 Remedia
3377 2911 3714 2967 medicinalia

2121 3005 2338 3064 promer
2358 2997 2475 3051 illos
2501 3005 2707 3052 tantum
2729 2998 2948 3053 morbos
2983 2999 3120 3054 facta
3164 3009 3312 3067 sunt,
3340 3016 3479 3072 quos
3529 3003 3717 3058 tollere

2119 3094 2341 3154 queunt,
2373 3101 2478 3141 non
2527 3096 2751 3158 propter
2777 3089 2896 3143 illos
2917 3130 2930 3152 ,
2957 3105 3091 3158 quos
3134 3091 3264 3144 nihil
3305 3091 3558 3159 adjuvare
3587 3107 3715 3162 pos-

2123 3187 2268 3231 sunt.
2301 3179 2430 3234 Puta
2463 3197 2477 3231 :
2507 3181 2684 3236 adhuc
2705 3181 2847 3236 enim
2882 3183 3300 3238 tnauifestiorem
3337 3185 3462 3239 volo
3508 3199 3715 3240 sermo-

2121 3282 2242 3322 nem
2274 3267 2499 3324 reddere
2527 3287 2542 3323 ε
2575 3269 3024 3327 medicamentum
3053 3274 3237 3328 oculos
3261 3274 3485 3330 affectos
3510 3285 3713 3330 tantum

2115 3357 2303 3425 juvare
2330 3359 2536 3423 valens,
2567 3361 2773 3415 nullum
2814 3377 2941 3416 vero
2968 3364 3129 3416 alium
3177 3363 3427 3420 morbum
3450 3407 3465 3430 ,
3495 3375 3715 3436 propter

2120 3449 2400 3504 oculorum
2446 3452 2816 3519 :egritudinem
2872 3463 3074 3509 tantum
3120 3454 3315 3510 factum
3361 3472 3482 3512 esse
3535 3457 3716 3514 dicere

2120 3541 2241 3609 quis
2264 3552 2444 3610 pOSSt‘l
2475 3559 2488 3594 :
2521 3559 2624 3597 non
2657 3554 2875 3614 propter
2909 3547 3269 3613 stomachum,
3302 3565 3476 3618 neque
3500 3560 3716 3620 propter

2124 3648 2332 3696 manus,
2365 3649 2538 3702 neque
2566 3644 2782 3704 propter
2800 3636 2963 3689 ullum
2996 3638 3136 3692 aliud
3170 3639 3490 3694 membrum.
3510 3641 3710 3695 Trans-

2125 3722 2358 3777 feramus
2401 3724 2561 3792 igitur
2599 3726 2898 3780 orationem
2947 3727 3012 3781 ad
3053 3728 3344 3794 tristitiam,
3375 3740 3430 3784 et
3475 3731 3715 3786 invenie-

2123 3829 2264 3880 mus,
2297 3815 2439 3884 quod
2473 3816 2522 3869 in
2554 3816 2702 3869 nullo
2729 3831 2941 3879 eorum,
2974 3834 3093 3888 qua:
3128 3820 3280 3874 uoltis
3309 3822 3589 3885 accidunt,
3619 3839 3716 3878 uos

2122 3904 2361 3974 adjuvet,
2391 3916 2668 3976 peccatum
2702 3923 2830 3963 vero
2865 3911 3038 3963 solum
3066 3914 3301 3982 corrigat
3328 3929 3342 3966 :
3374 3925 3578 3968 certum
3613 3915 3712 3983 igi-

2125 4006 2211 4050 tur
2234 4013 2351 4050 eam
2377 3998 2441 4051 ad
2469 3998 2595 4053 illud
2627 4009 2832 4054 tantum
2855 4000 3206 4057 auferendum
3236 4018 3546 4059 concessam
3573 4021 3713 4061 esse.

2124 4087 2504 4143 Percurramus
2535 4089 2894 4159 ingruentium
2920 4093 3075 4147 nobis
3100 4093 3365 4148 malorum
3395 4096 3672 4164 quodlibet
3695 4139 3710 4160 ,

2123 4184 2179 4230 et
2223 4177 2491 4232 tristitiam
2535 4182 3044 4248 superaddncamus,
3077 4193 3132 4237 et
3167 4184 3444 4241 videamus
3475 4187 3601 4256 quid
3649 4203 3713 4243 ex

2125 4267 2226 4321 hac
2253 4268 2346 4322 ﬂat
2388 4269 2650 4355 utilitatis.
2685 4271 2970 4328 Mulctatus
2998 4284 3080 4328 est
3122 4276 3384 4345 quispiam
3431 4281 3713 4346 pecuniis?

2125 4359 2362 4414 tristatus
2383 4369 2484 4426 est,
2512 4361 2765 4415 mulctam
2794 4379 2899 4417 non
2929 4365 3248 4420 emendavit.
3282 4367 3475 4422 Filium
3495 4371 3711 4425 amisit?

2123 4449 2334 4518 doluit,
2389 4462 2657 4507 mortuum
2708 4469 2812 4507 non
2896 4455 3254 4521 resuscitavit,
3303 4474 3405 4513 nec
3459 4460 3714 4516 defuncto

2123 4538 2343 4609 profuit.
2389 4540 2712 4611 Flagellatus
2760 4554 2844 4597 est
2894 4543 3048 4613 quis,
3090 4547 3259 4614 alapis
3301 4562 3494 4616 caesus,
3520 4560 3714 4606 contu-

2123 4632 2300 4686 meliis
2350 4630 2609 4686 affectus?
2633 4633 2823 4694 doluit,
2857 4649 2960 4688 non
2992 4638 3271 4691 resarcivit
3311 4641 3710 4695 contumeliam.

2125 4723 2180 4777 In
2232 4725 2475 4778 morbum
2527 4727 2647 4794 quis
2691 4727 2894 4792 incidit,
2927 4739 2983 4782 et
3030 4730 3402 4798 :ngritudincm
3460 4734 3710 4801 gravissi-

2123 4830 2263 4868 mam
2286 4815 2308 4866 ?
2332 4815 2518 4876 doluit,
2554 4817 2920 4884 aegritudinem
2947 4833 3054 4872 non
3083 4819 3334 4888 sustulit,
3360 4822 3453 4876 sed
3483 4831 3538 4878 et
3571 4823 3712 4878 diffi-

2122 4909 2362 4962 ciliorem
2393 4907 2646 4962 reddidit.
2677 4907 2837 4962 Vides
2865 4909 3057 4965 horum
3091 4913 3222 4966 nulli
3260 4914 3518 4983 prodesse
3546 4917 3717 4972 tristi-

2123 5002 2293 5054 tiam?
2319 4999 2568 5054 Peccavit
2590 5001 2731 5070 quis,
2764 5002 3004 5057 tristatus
3025 5004 3145 5058 est?
3172 5015 3444 5073 peccatum
3475 5007 3674 5061 delevit
3707 5053 3720 5071 ,

2121 5091 2362 5145 dissolvit
2390 5091 2648 5145 debitum.
2681 5091 2834 5146 Unde
2863 5093 2962 5146 hoc
2997 5094 3374 5148 manifestum?
3393 5095 3470 5149 Es
3501 5097 3716 5151 Domini

2123 5183 2389 5236 sententia
2426 5201 2437 5233 :
2468 5182 2536 5236 de
2577 5184 2803 5253 quodam
2852 5183 2995 5236 enim
3051 5186 3398 5252 praevaricato
3443 5186 3666 5255 loquens
3700 5228 3712 5244 .

2121 5274 2330 5328 diccbat
2361 5292 2374 5326 :
2403 5273 2621 5344 Propter
2647 5284 2904 5342 peccatum
2926 5275 3184 5344 paulisper
3205 5278 3370 5345 ipsum
3396 5279 3705 5342 contristavc’,

2121 5377 2167 5416 et
2193 5365 2296 5417 vidi
2335 5366 2472 5434 quod
2516 5367 2744 5419 tristatus
2773 5375 2864 5430 est,
2897 5376 2943 5419 et
2971 5367 3172 5420 incessit
3211 5378 3415 5421 maestus
3435 5409 3451 5435 ,
3476 5378 3522 5423 et
3550 5370 3708 5440 ipsius

2121 5456 2227 5507 vias
2280 5456 2476 5509 correxi
2502 5454 2660 5526 (,Isai.
2705 5456 2794 5511 57.
2830 5458 2914 5511 I7.
2958 5457 3084 5527 I8).
3116 5457 3404 5527 Propterea
3434 5469 3492 5515 et
3517 5461 3706 5516 Paulus

2122 5547 2292 5601 dicit:
2329 5547 2455 5612 Qum
2473 5549 2603 5602 enim
2650 5551 2924 5604 secundum
2972 5550 3135 5605 Deum
3172 5551 3379 5606 tristitia
3425 5562 3517 5615 est,
3553 5557 3704 5622 pumi-

2122 5641 2330 5692 tentiam
2378 5641 2432 5693 in
2473 5641 2688 5695 salutem
2729 5644 2955 5698 stabilem
2997 5653 3237 5712 operatur
3270 5645 3346 5714 (ἓ.
3371 5645 3488 5700 Cor.
3508 5646 3559 5700 7.
3597 5646 3712 5715 I0).

2183 5772 2202 5805 ι
2237 5777 2341 5819 sav.
2370 5783 2382 5819 :
2411 5778 2509 5821 Hoc
2526 5776 2596 5821 est
2613 5773 2739 5822 cm'm
2779 5773 3004 5832 maxime,
3030 5774 3117 5825 hoc
3157 5782 3226 5824 est
3249 5775 3378 5835 quod
3399 5781 3446 5825 et
3468 5787 3553 5825 nos
3575 5774 3702 5840 luga»

2119 5848 2238 5884 ηυις.
