4458 6686
797 461 865 517 75
1517 452 1574 508 S.
1614 448 1894 506 JOANNIS
1921 447 2397 509 CHRYSOSTOMI
2436 446 2752 503 ARCIHEP.
2794 449 3331 510 CONSTANTINOP.
4014 461 4087 518 76

802 574 963 647 Igitur
1001 581 1279 643 postquam
1316 566 1596 624 manifeste
1623 565 1794 619 oratio
1834 563 2255 629 demonstravit,
2286 578 2387 620 ne-

802 681 906 737 que
932 663 1275 735 pecuniarum
1294 660 1570 723 mulctam,
1590 670 1765 725 neque
1790 655 2188 718 contumeliam,
2214 667 2389 722 neque

798 755 1155 818 calumniam,
1189 765 1358 821 neque
1410 746 1637 817 ﬂagella,
1675 759 1849 814 neque
1894 746 2163 812 morbum,
2216 757 2389 810 neque

803 858 1049 913 mortem,
1086 861 1255 915 neque
1284 842 1426 898 aliud
1469 837 1770 909 huiusmodi
1818 838 2078 894 resarcire
2123 834 2388 891 tristitiam

801 955 987 1014 posse,
1014 938 1107 993 sed
1146 936 1317 991 solum
1356 934 1539 989 delere
1585 938 1888 999 peccatum.
1927 940 1981 983 et
2032 928 2097 981 ad
2150 925 2259 1014 hoc
2298 923 2393 978 de-

799 1013 1113 1087 struendum
1153 1027 1333 1081 valere
1367 1042 1381 1075 :
1414 1030 1620 1076 certum
1670 1030 1755 1074 est
1801 1018 1943 1089 quod
1988 1024 2202 1086 propter
2251 1013 2391 1067 hanc

796 1124 967 1176 solam
997 1135 1215 1175 causam
1237 1118 1371 1173 facta
1396 1116 1481 1169 sit.
1507 1112 1586 1168 Ne
1614 1112 1840 1182 amplius
1862 1111 2021 1180 igitur
2043 1106 2389 1178 pecuniarum

796 1211 1057 1279 iacturam
1087 1210 1381 1270 doleamus,
1411 1203 1507 1259 sed
1544 1218 1668 1259 cum
1716 1215 1997 1269 peccamus
2039 1208 2245 1252 tantum
2292 1194 2389 1249 do-

804 1302 1047 1363 leamus;
1078 1298 1242 1353 multa
1268 1296 1413 1351 enim
1444 1294 1530 1349 hic
1555 1309 1621 1349 ex
1655 1292 1867 1346 tristitia
1900 1290 2118 1344 utilitas.
2168 1288 2394 1342 Mulcta-

801 1402 888 1446 tus
913 1390 1014 1446 es?
1040 1404 1107 1445 ne
1133 1389 1354 1452 doleas;
1387 1400 1558 1455 neque
1598 1384 1739 1436 enim
1792 1379 2053 1452 proderit.
2102 1380 2342 1434 Peccasti
2368 1381 2393 1433 7

801 1482 948 1549 dole,
981 1482 1110 1537 utile
1134 1493 1368 1549 namque
1387 1486 1503 1540 est;
1535 1485 1590 1530 et
1621 1475 1712 1529 Dei
1736 1472 2075 1544 prudentiam
2102 1480 2154 1525 et
2172 1470 2391 1539 sapien-

804 1573 935 1627 tiam
967 1569 1262 1626 aonsidera.
1287 1566 1402 1621 Duo
1441 1568 1556 1619 hac
1599 1563 1757 1618 nobis
1812 1563 2019 1632 peperit
2067 1568 2344 1629 peccatum
2372 1601 2387 1626 ,

804 1661 1076 1718 tristitiam
1101 1667 1159 1714 et
1186 1667 1414 1711 mortem
1445 1672 1458 1708 :
1494 1653 1822 1721 Quacumque
1858 1652 1989 1705 enim
2017 1650 2100 1704 dic
2140 1649 2389 1713 comedes,

801 1750 994 1820 inquit,
1026 1756 1188 1802 morte
1228 1744 1460 1799 morieris
1476 1741 1703 1813 (602.2.
1730 1742 1819 1810 l7)
1846 1757 1859 1803 ;
1886 1748 1941 1794 et
1968 1738 2035 1792 ad
2075 1739 2388 1803 mulierem,

797 1838 867 1893 In
892 1837 1151 1893 doloribus
1178 1835 1344 1905 paries
1364 1834 1500 1903 ﬁlios
1531 1830 1753 1904 (Camb.
1778 1830 1884 1899 lli);
1911 1838 1968 1884 et
1994 1843 2089 1897 per
2109 1828 2224 1883 htec
2245 1834 2393 1881 utra-

797 1947 903 2001 que
925 1940 1201 2001 peccatum
1232 1926 1469 1990 sustulit,
1502 1931 1558 1978 et
1590 1937 1619 1975 a
1664 1921 1787 1976 ﬁliis
1831 1927 2059 1974 matrem
2102 1918 2274 1973 deleri
2297 1933 2391 1972 cu-

799 2023 955 2076 ravit.
979 2019 1131 2088 Quod
1160 2018 1305 2072 enim
1352 2030 1475 2070 cum
1522 2012 1737 2067 tristitia
1789 2026 1936 2066 mors
1970 2018 2250 2080 peccatum
2296 2008 2392 2064 de-

798 2122 988 2174 struat,
1018 2110 1358 2164 manifestum
1379 2104 1594 2175 quidem
1623 2111 1679 2158 et
1723 2117 1787 2156 ex
1832 2100 2193 2172 martyribus:
2216 2100 2392 2153 mani-

800 2203 993 2259 lestum
1022 2201 1150 2257 item
1176 2215 1242 2255 ex
1284 2200 1379 2263 iis,
1410 2212 1530 2267 qua:
1554 2194 1687 2249 dixit
1708 2193 1905 2249 Paulus
1942 2192 2009 2247 ad
2039 2200 2351 2261 peccatores
2371 2234 2388 2257 ,

801 2294 881 2347 sic
907 2292 1152 2362 inquiens
1182 2306 1197 2343 :
1229 2286 1355 2341 Ideo
1384 2286 1529 2340 inulti
1562 2286 1616 2338 in
1640 2284 1780 2338 nobis
1809 2283 1999 2351 inﬁrmi
2018 2290 2066 2335 et
2090 2282 2389 2349 imbecilles,

797 2394 846 2437 et
884 2381 1137 2435 dormiunt
1162 2379 1308 2431 multi
1334 2378 1415 2445 (ι.
1444 2374 1563 2431 Cor.
1597 2375 1684 2429 Il.
1710 2371 1803 2443 30)
1823 2414 1838 2439 ,
1860 2372 1983 2442 quia
2011 2385 2107 2426 vos
2135 2372 2390 2441 peccatis,

798 2472 990 2543 inquit,
1008 2468 1302 2532 morimini,
1331 2475 1389 2522 ut
1416 2476 1591 2521 morte
1621 2472 1835 2533 peccata
1866 2462 2163 2517 solvantur.
2210 2460 2393 2516 Intulit

800 2563 965 2634 igitur
1016 2560 1239 2625 dicens,
1273 2556 1335 2613 Si
1386 2557 1520 2612 enim
1570 2570 1662 2608 nos
1709 2555 1848 2622 ipsos
1885 2552 2258 2624 judicarcmus,
2289 2567 2391 2606 non

798 2655 966 2722 utique
977 2651 1334 2723 judicaremur
1360 2665 1377 2703 :
1403 2648 1525 2701 dum
1553 2646 1853 2717 judicamur
1878 2654 2046 2699 autem
2071 2660 2103 2697 α
2132 2643 2357 2698 Domino
2373 2685 2389 2711 ,

798 2744 1125 2810 corripimur,
1154 2749 1211 2794 ut
1248 2755 1350 2793 non
1374 2753 1493 2791 cum
1537 2735 1728 2788 mundo
1773 2732 2197 2804 damnemurUb.
2220 2750 2269 2787 v.
2298 2733 2390 2788 3i.

799 2834 915 2905 32).
946 2831 1019 2887 Et
1046 2833 1185 2886 sicut
1210 2829 1408 2885 vermis
1434 2842 1497 2882 ex
1530 2828 1672 2896 ligno
1701 2826 1959 2889 nascitur,
1982 2833 2036 2878 et
2062 2823 2187 2877 illud
2218 2823 2389 2892 rodit;,

799 2933 856 2979 et
882 2923 1024 2977 tinea
1054 2920 1230 2975 lanam
1258 2917 1509 2982 comedit,
1532 2930 1681 2969 suam
1727 2914 1796 2968 ab
1844 2914 1957 2983 ipsa
1993 2913 2256 2982 originem
2299 2911 2394 2965 ha-

801 3014 937 3069 bens
964 3028 978 3064 :
1005 3010 1084 3065 sic
1110 3018 1166 3064 et
1203 3007 1416 3062 tristitia
1444 3015 1497 3060 et
1519 3020 1664 3060 mors
1683 3005 1751 3059 de
1772 3012 1991 3073 peccato
2020 3012 2158 3058 nata:
2175 3011 2319 3068 sunt,
2340 3013 2393 3057 et

804 3112 1081 3174 peccatum
1106 3100 1415 3157 absumunt.
1445 3096 1606 3167 Igitur
1626 3112 1693 3150 ne
1718 3096 2001 3150 timeamus
2029 3104 2277 3160 mortem,
2298 3094 2391 3150 sed

798 3204 1077 3266 peccatum
1106 3193 1391 3247 timeamus
1413 3189 1709 3253 dumtaxat,
1740 3196 1795 3242 et
1818 3196 2038 3257 propter
2069 3187 2196 3241 illud
2213 3188 2396 3242 dolea-

801 3302 940 3344 mus.
969 3286 1041 3342 Et
1070 3286 1184 3340 haec
1210 3284 1331 3339 dico
1364 3296 1470 3337 non
1516 3294 1677 3351 grave
1704 3278 1992 3349 quidquam
2037 3288 2357 3348 exspectans
2377 3319 2392 3343 ,

802 3380 963 3447 absit,
990 3377 1087 3434 sed
1124 3380 1371 3432 timentes
1399 3388 1496 3429 vos
1540 3373 1617 3426 sic
1660 3386 1873 3440 semper
1899 3370 2039 3425 allici
2070 3371 2261 3424 volens
2281 3411 2296 3435 ,
2343 3380 2395 3423 et

800 3468 1001 3525 Christi
1030 3467 1204 3537 legem
1231 3480 1326 3535 per
1362 3478 1525 3532 opera
1556 3461 1782 3531 implere
1814 3479 1827 3514 :
1862 3459 1923 3514 Si
1966 3460 2077 3529 quis
2115 3461 2248 3513 enim
2294 3475 2394 3512 non

811 3561 944 3618 tollit
970 3576 1173 3617 nucem
1200 3575 1367 3625 suam,
1396 3566 1440 3611 et
1463 3558 1685 3625 sequitur
1713 3571 1811 3619 me,
1841 3570 1942 3608 non
1969 3564 2040 3608 est
2067 3571 2144 3607 inc
2168 3555 2353 3624 dignus
2376 3593 2391 3616 ,

799 3653 978 3723 inquit
1014 3650 1226 3723 (Matth.
1254 3649 1341 3705 l0.
1387 3648 1502 3716 58).
1532 3647 1645 3701 Hoc
1691 3654 1867 3699 autem
1907 3644 2151 3710 dicebat,
2181 3659 2286 3698 non
2338 3652 2396 3697 ut

804 3746 1006 3817 lignum
1051 3743 1292 3798 humeris
1340 3740 1611 3802 feramus,
1657 3737 1751 3793 sed
1800 3748 1859 3792 ut
1903 3746 2130 3792 mortem
2182 3751 2395 3805 semper

798 3844 923 3892 ante
942 3835 1127 3892 oculos
1154 3832 1467 3893 habeamus,
1487 3832 1623 3884 sicut
1648 3838 1703 3884 et
1724 3828 1918 3883 Paulus
1938 3828 2177 3897 quotidie
2198 3829 2393 3881 morie-

802 3929 955 3984 batur
984 3924 1201 4000 (l.Cor.
1237 3925 1322 3979 15.
1355 3923 1472 3993 3i),
1520 3931 1575 3977 et
1619 3931 1848 3977 mortem
1894 3919 2201 3985 deridebat,
2242 3934 2383 3988 pra:-

801 4027 1118 4086 sentemque
1143 4016 1307 4069 vitam
1334 4012 1739 4067 contemnebat.
1771 4010 1845 4064 Es
1877 4010 2020 4063 enim
2045 4010 2219 4073 miles,
2252 4023 2393 4062 sem-

800 4123 902 4179 per
931 4108 987 4161 in
1016 4106 1133 4160 acie
1152 4103 1510 4163 constitutus;
1543 4100 1699 4155 miles
1734 4114 1862 4154 vero
1900 4109 2127 4154 mortem
2158 4099 2354 4151 timens
2374 4138 2388 4160 ,

803 4212 1093 4265 numquam
1116 4205 1331 4250 strenue
1362 4208 1419 4247 se
1439 4199 1591 4263 geret
1620 4208 1633 4243 :
1657 4190 1741 4245 sic
1762 4189 1921 4260 igitur
1946 4204 2122 4258 neque
2139 4186 2396 4241 Christia-

804 4305 907 4345 nus
936 4289 1096 4342 homo
1125 4284 1359 4355 pericula
1388 4285 1604 4345 timens,
1639 4295 1887 4349 magnum
1928 4279 2054 4347 quid
2078 4286 2132 4332 et
2160 4277 2392 4331 admira-

805 4380 913 4436 bile
940 4377 1229 4442 exhibebit,
1261 4376 1371 4429 imo
1406 4372 1560 4427 facile
1591 4370 1961 4439 expugnabilis
1997 4369 2139 4432 erit;
2175 4367 2395 4435 intrepi-

805 4471 906 4525 dus
934 4477 1117 4525 contra
1159 4475 1213 4521 et
1258 4464 1647 4534 magnanimus,
1679 4462 2067 4531 inexpugnatus
2112 4463 2295 4511 manet
2343 4465 2395 4509 et

805 4561 1052 4617 invictus.
1076 4556 1220 4611 Sicut
1252 4554 1410 4624 igitur
1434 4552 1580 4623 pueri
1611 4560 1737 4615 tres,
1769 4552 1941 4620 ignem
1968 4566 2073 4603 non
2106 4549 2355 4602 timentes
2374 4588 2389 4613 ,

810 4648 1305 4722 ignemeﬂ'ngerunt
1338 4663 1350 4698 :
1385 4644 1463 4699 sic
1500 4654 1553 4698 ct
1577 4657 1699 4707 nos,
1730 4642 1772 4694 si
1804 4650 2030 4694 mortem
2057 4654 2165 4693 non
2208 4639 2396 4692 timea-

809 4758 948 4805 mus,
973 4751 1198 4796 mortem
1229 4736 1562 4807 effugiemus.
1593 4734 1771 4803 Ignem
1804 4746 1930 4784 vero
1957 4729 2173 4784 minime
2199 4728 2394 4783 timue-

810 4844 969 4898 runt;
1000 4848 1104 4886 non
1144 4832 1286 4886 enim
1336 4838 1416 4882 est
1467 4826 1673 4881 crimen
1709 4822 1955 4885 incendi;
1995 4820 2087 4875 sed
2122 4829 2393 4889 peccatum

812 4930 1103 4981 timuerunt
1135 4940 1149 4975 :
1181 4922 1381 4977 crimen
1413 4918 1554 4971 enim
1595 4924 1677 4970 est
1715 4915 2043 4983 impietatem
2083 4911 2255 4980 sequi.
2288 4910 2394 4964 llos

810 5026 866 5072 et
889 5030 988 5071 nos
1019 5013 1307 5073 imitemur,
1332 5017 1391 5063 et
1415 5020 1602 5060 omnes
1643 5005 1748 5057 illis
1786 5004 2033 5057 similes:
2063 5012 2117 5057 et
2155 5018 2221 5057 ne
2257 5002 2395 5071 peri-

807 5108 927 5161 cula
952 5107 1254 5164 timeamus,
1281 5108 1337 5153 et
1360 5098 1671 5167 eﬁ'iigiemns
1694 5095 1945 5164 pericula.

884 5197 938 5251 5.
980 5193 1104 5247 Non
1152 5208 1264 5245 sum
1307 5188 1538 5259 equidem
1582 5186 1825 5255 propheta
1850 5225 1864 5249 ,
1894 5199 2049 5249 neque
2092 5183 2230 5248 [ilius
2276 5200 2393 5251 pro-

814 5287 974 5356 pheta:
998 5284 1172 5356 (Amos
1221 5283 1273 5335 7.
1310 5281 1432 5349 14);
1464 5279 1693 5333 futurum
1735 5288 1909 5329 tamen
1936 5273 2215 5327 manifeste
2244 5276 2353 5328 scio
2374 5317 2388 5339 ,

812 5385 867 5429 et
896 5390 1083 5444 magna
1112 5384 1166 5429 et
1198 5373 1339 5427 clara
1371 5385 1500 5425 voce
1537 5369 1827 5437 proclamo,
1857 5364 1998 5436 quod
2028 5365 2070 5417 si
2105 5376 2387 5427 imitemur,

812 5475 866 5521 et
916 5466 1143 5533 aliquam
1192 5463 1381 5516 anima:
1441 5468 1637 5514 nostra:
1690 5472 1870 5511 curam
1927 5466 2265 5526 agamus,et
2328 5456 2395 5507 ab

816 5558 1156 5631 improbitate
1200 5555 1517 5610 absistamus
1542 5595 1556 5618 ,
1590 5551 1720 5605 nihil
1772 5552 2051 5606 molestum
2098 5549 2303 5618 ingiiiet
2345 5556 2398 5600 et

808 5652 973 5709 triste
1004 5667 1019 5705 :
1046 5657 1203 5718 atque
1222 5646 1324 5702 hoc
1350 5643 1632 5701 manifeste
1658 5642 1779 5695 novi
1805 5658 1870 5696 ex
1901 5641 1990 5695 Dei
2020 5639 2325 5701 clementia,
2349 5647 2403 5692 et

818 5758 883 5798 ex
910 5740 995 5798 his
1022 5754 1143 5811 quae
1170 5738 1224 5793 in
1255 5736 1416 5799 viros,
1448 5745 1496 5790 et
1519 5733 1784 5795 civitates,
1815 5741 1867 5787 et
1900 5739 2086 5802 gentes
2106 5773 2119 5792 .
2149 5740 2203 5785 et
2228 5745 2396 5801 popu-

816 5834 900 5889 los
919 5834 1149 5897 integros
1172 5827 1319 5887 fecit.
1340 5825 1546 5883 Etenim
1567 5822 1915 5880 Ninivitarum
1943 5825 2145 5880 civitati
2166 5824 2395 5879 minatus

2496 574 2578 619 est
2604 564 2619 595 ¹
2647 605 2661 629 ,
2690 572 2744 619 et
2766 564 2900 618 dixit
2933 585 2945 620 :
2978 569 3157 623 Adhuc
3185 582 3284 625 tres
3309 571 3435 635 dies,
3475 580 3523 625 et
3560 570 3743 626 Ninive
3773 576 4086 631 subcertetur

2495 654 2639 723 (Jan.
2670 656 2723 711 5.
2748 654 2830 727 4).
2858 656 2996 721 Quid
3043 659 3229 727 igitur,
3257 663 3345 718 die
3390 662 3555 717 mihi?
3583 662 3769 718 Ninive
3824 666 4084 724 subversa

2494 756 2604 813 est,
2632 755 2686 803 et
2712 747 2838 802 urbs
2865 748 3137 805 destructa
3176 754 3314 808 fuit?
3340 755 3535 810 Contra
3593 769 3812 826 prorsus
3852 758 4085 821 accidit.

2495 848 2550 893 et
2589 840 2841 905 surrexit,
2873 847 2926 893 et
2972 840 3169 896 clarior
3205 842 3343 900 facta
3396 856 3497 909 est,
3527 856 3581 902 et
3633 856 3832 900 tantum
3876 856 4087 918 tempus

2496 930 2822 997 praeteritum
2868 928 3032 997 ipsius
3058 930 3283 999 gloriam
3306 951 3410 990 non
3438 937 3737 1003 destruxit,
3767 937 3858 992 sed
3893 952 4086 994 omnes

2498 1033 2617 1073 eam
2643 1020 2974 1076 celebramus
3000 1020 3175 1075 adhuc
3203 1039 3436 1095 quoque,
3469 1039 3523 1083 et
3549 1045 3689 1083 nunc
3716 1028 4045 1083 admiramur
4069 1046 4087 1083 :

2499 1113 2748 1181 quoniam
2806 1122 2988 1182 portus
3035 1112 3250 1181 quidam
3297 1119 3535 1185 Optimus
3581 1136 3647 1175 ex
3699 1121 3789 1175 illo
3842 1130 4086 1189 tempore

2497 1204 2841 1269 peccantibus
2870 1204 3117 1259 omnibus
3155 1207 3380 1274 exstitit,
3411 1210 3462 1262 in
3507 1211 3931 1281 desperationem
3988 1227 4086 1267 ca-

2501 1292 2629 1348 dere
2676 1309 2782 1349 non
2830 1295 3176 1364 permittens,
3226 1297 3319 1351 sed
3365 1314 3553 1354 omnes
3602 1303 3669 1356 ad
3716 1306 4083 1374 paenitentiam

2500 1398 2732 1452 vocans,
2787 1396 2841 1442 et
2874 1402 2970 1457 per
3012 1403 3073 1443 ea
3114 1403 3233 1458 qua:
3264 1388 3408 1455 fecit,
3438 1401 3491 1443 et
3535 1407 3630 1460 per
3668 1410 3786 1464 qua:
3818 1397 3913 1452 Dei
3964 1414 4089 1468 pro-

2499 1475 2785 1533 videntiam
2840 1491 2922 1534 est
2955 1489 3269 1548 assequuta,
3314 1483 3641 1550 persuadens
3683 1501 3969 1556 numquam
4018 1490 4091 1543 do

2500 1571 2712 1636 propria
2736 1571 2905 1626 salute
2929 1570 3235 1639 desperare.
3261 1572 3355 1626 sed
3382 1575 3543 1627 vitam
3580 1584 3826 1643 gerentes
3855 1581 4046 1634 bonam
4067 1619 4085 1643 ,

2499 1665 2557 1710 et
2581 1660 2836 1727 Optimam
2881 1676 3029 1731 spem
3060 1672 3441 1732 proponentes,
3464 1665 3531 1718 de
3562 1666 3666 1721 ﬁne
3694 1675 3961 1738 tamquam
3994 1687 4089 1740 po.

2498 1748 2643 1802 nitus
2665 1749 2807 1805 bono
2836 1750 3013 1806 futuro
3040 1752 3331 1809 conﬁdere.
3358 1753 3488 1822 Quis
3523 1756 3667 1810 enim
3692 1772 3795 1811 non
3822 1761 4089 1815 excitetur

2500 1837 2712 1894 illorum
2739 1843 3044 1912 exemplum
3068 1845 3310 1911 audiens,
3342 1846 3465 1899 licet
3490 1847 3726 1901 omnium
3762 1849 3831 1903 sit
3851 1850 4086 1919 ignavis-

2497 1928 2711 1984 simus?
2738 1931 2914 2001 Elegit
2943 1934 3120 2004 itaque
3164 1935 3306 1990 Deus
3344 1937 3675 2006 praphetiam
3717 1942 3894 2009 potius
3934 1957 4087 1995 suam

2500 2016 2706 2074 irritam
2742 2022 2957 2090 cadere,
2981 2040 3140 2094 quam
3190 2027 3456 2080 civitatem
3502 2043 3753 2085 corruere
3784 2049 3797 2085 :
3825 2031 3931 2084 imo
3955 2047 4089 2085 vero

2498 2123 2675 2178 neque
2698 2111 2974 2180 prephetia
2999 2114 3209 2169 cecidit.
3237 2115 3292 2169 Si
3313 2117 3457 2171 enim
3490 2119 3790 2175 hominibus
3815 2121 3867 2175 in
3897 2127 4086 2177 eadem

2502 2198 2701 2252 malitia
2732 2205 3169 2270 permanentibus
3193 2221 3298 2257 non
3329 2208 3380 2259 in
3410 2222 3545 2277 Opus
3586 2213 3847 2266 sententia
3869 2228 4088 2282 proces-

2503 2290 2681 2356 sisset,
2716 2305 2899 2362 posset
2943 2297 3063 2364 quis
3099 2296 3234 2349 lorte
3270 2296 3411 2351 dicta
3448 2302 3720 2355 criminari
3749 2321 3762 2355 :
3794 2304 3934 2372 quod
3963 2321 4089 2358 vero

2497 2388 2715 2441 mutatis
2740 2388 2891 2456 ipsis,
2922 2397 2979 2442 et
3016 2403 3045 2441 a
3088 2389 3287 2443 malitia
3332 2390 3744 2460 desistentibus,
3767 2397 3925 2450 etiam
3952 2397 4091 2451 Deus

2496 2476 2564 2531 ab
2602 2478 2680 2532 ira
2721 2477 3005 2545 destiterit,
3040 2480 3161 2549 quis
3204 2481 3437 2550 amplius
3480 2483 3812 2552 prophetiam
3862 2501 4091 2554 carpere

2497 2567 2713 2636 poterit.
2738 2574 2792 2621 et
2811 2566 2952 2622 dicta
2972 2568 3238 2624 mendacii
3254 2570 3648 2628 condemnare?
3667 2573 3875 2629 Etenim
3890 2578 4086 2645 legem,

2496 2672 2655 2727 quam
2673 2657 2740 2711 ab
2759 2658 2910 2712 initio
2940 2657 3080 2714 Deus
3107 2661 3317 2715 cunctis
3338 2661 3643 2719 hominibus
3662 2667 3834 2733 posuit
3857 2682 3951 2734 per
3967 2684 4091 2736 pro-

2501 2747 2715 2816 phetam
2741 2749 2985 2817 loquens,
3020 2751 3157 2806 hanc
3176 2762 3230 2806 et
3256 2760 3382 2807 tunc
3408 2756 3760 2809 conservarit.
3790 2757 3956 2824 Quam
3986 2775 4088 2813 au-

2499 2843 2604 2890 tem
2628 2836 2840 2906 legem?
2867 2837 2949 2891 Ad
2966 2856 3218 2893 summam
3256 2842 3466 2911 loquar,
3500 2843 3687 2913 inquit,
3712 2846 3780 2897 ad
3815 2857 4010 2915 gentem
4040 2859 4089 2899 et

2496 2943 2731 2999 regnum,
2760 2938 2815 2981 ut
2842 2930 3117 2998 eradicent,
3148 2943 3195 2985 et
3232 2931 3527 2999 suﬂ'odiam,
3548 2945 3597 2988 et
3622 2936 3828 3004 perdam
3852 2952 3872 2990 :
3896 2946 3944 2989 et
3969 2941 4085 3002 erit,

2497 3021 2543 3074 si
2582 3023 2928 3089 pmnitentiam
2975 3025 3169 3093 egerint
3214 3026 3554 3089 malititz,mc
3593 3042 3789 3095 quoque
3829 3029 4087 3095 paenitebit

2498 3112 2610 3175 iraa,
2645 3128 2799 3181 quam
2838 3113 3075 3182 loquutus
3115 3116 3311 3184 fueram
3338 3118 3507 3185 facere
3535 3115 3639 3169 illis
3664 3114 3876 3185 (larem.
3912 3117 3997 3171 l8.
4028 3120 4084 3172 7.

2501 3206 2577 3273 8).
2603 3204 2752 3258 lianc
2781 3205 2940 3273 igitur
2969 3205 3139 3274 legem
3169 3206 3474 3260 custodiens
3497 3208 3813 3275 pmnitentes
3838 3209 4085 3275 salvat-it,

2500 3307 2554 3347 et
2578 3311 2608 3349 a
2636 3296 2765 3349 vitio
2794 3294 3137 3351 discedentes
3163 3296 3232 3349 ab
3257 3298 3330 3350 ira
3360 3298 3623 3351 liberavit.
3642 3298 3872 3354 Noverat
3898 3302 4089 3356 barba-

2502 3401 2682 3439 rorum
2716 3387 2965 3441 virtutem
2986 3427 3002 3453 ,
3034 3395 3089 3440 et
3115 3386 3235 3441 ideo
3265 3388 3580 3456 prophetam
3629 3390 3848 3459 urgebat
3880 3407 3893 3443 :
3924 3393 4003 3445 sic
4029 3402 4089 3446 et

2504 3485 2629 3531 tunc
2654 3477 2952 3547 agitabatur
2974 3479 3157 3532 civitas
3186 3480 3363 3532 audita
3392 3495 3523 3535 voce
3550 3481 3878 3549 prophetica,
3906 3483 3999 3537 sed
4033 3485 4085 3536 in

2504 3568 2652 3621 nullo
2682 3569 2805 3623 laesa
2833 3577 2935 3632 est,
2964 3570 3089 3638 quin
3118 3584 3146 3622 a
3178 3571 3368 3626 timore
3390 3572 3589 3639 adjuta.
3623 3573 3804 3628 Timor
3830 3577 3968 3629 enim
3997 3577 4088 3629 ille

2502 3658 2724 3712 salutem
2748 3660 2973 3729 peperit,
3005 3661 3351 3714 comminatio
3390 3662 3626 3729 periculo
3670 3665 3939 3730 liberavit,
3968 3668 4088 3717 suti-

2500 3751 2758 3803 versionis
2801 3753 3061 3806 sententia
3101 3754 3501 3807 subversionem
3540 3754 3796 3809 cohibuit.
3821 3755 3866 3810 0
3893 3771 4083 3809 novant

2500 3856 2612 3895 rem
2658 3851 2711 3895 et
2742 3841 3148 3897 admirabilem!
3190 3844 3525 3901 denuntiatio
3564 3857 3790 3902 mortem
3870 3845 4086 3898 minans

2500 3933 2660 3984 vitam
2710 3932 2937 4000 peperit.
2999 3932 3275 3988 Sententia
3323 3947 3602 4006 postquam
3650 3939 3752 3992 lata
3803 3939 3929 4003 l'nit,
3960 3948 4087 3994 tunc

2502 4020 2730 4073 invalida
2763 4020 2902 4074 facta
2932 4031 3033 4086 est,
3067 4032 3250 4076 contra
3279 4040 3439 4093 quam
3470 4026 3609 4095 apud
3639 4027 3919 4080 ειεειιιίιτρε
3941 4027 4087 4095 judi-

2499 4128 2590 4166 ees
2622 4131 2634 4166 :
2663 4113 2801 4181 apud
2830 4114 2927 4169 hos
2951 4117 3092 4170 enim
3121 4117 3171 4171 in
3197 4120 3430 4174 medium
3462 4122 3662 4189 prolata
3682 4161 3695 4182 ,
3733 4128 3843 4171 rata
3880 4120 3937 4173 ﬁt
3962 4136 4085 4175 sen-

2503 4205 2701 4265 ienlia:
2731 4206 2869 4275 apud
2911 4208 3077 4263 Deum
3102 4221 3307 4277 contra,
3341 4213 3561 4282 proferri
3607 4212 3921 4264 sententiam
3965 4228 4083 4266 eam

2503 4294 2784 4350 invalidam
2825 4297 2949 4352 facit
2974 4318 2986 4353 :
3015 4301 3116 4354 nisi
3145 4303 3285 4355 enim
3334 4302 3537 4371 prolata
3584 4300 3802 4359 fuisset,
3834 4318 3938 4355 non
3981 4304 4085 4355 uti-

2502 4400 2603 4453 que
2657 4396 2965 4455 peccatores
3016 4391 3321 4456 audissent;
3354 4391 3398 4445 si
3455 4403 3580 4442 vero
3626 4405 3731 4444 non
3773 4392 4081 4457 audissem,

2504 4494 2673 4548 neque
2719 4482 2950 4551 egissent
2998 4484 3385 4551 pmnitentiam,
3435 4495 3609 4549 neque
3650 4497 3857 4550 poenam
3924 4502 4084 4553 repu-

2503 4574 2705 4639 lissent,
2738 4592 2835 4631 nec
2886 4576 3106 4631 fuissent
3157 4576 3244 4629 illa
3278 4574 3507 4628 mirabili
3534 4577 3704 4632 salute
3742 4582 3913 4647 potiti.
3945 4581 4086 4645 Quu-

2503 4673 2662 4725 modo
2710 4674 2853 4728 enim
2906 4689 3011 4726 non
3069 4671 3364 4733 mirabilis,
3396 4685 3517 4724 cum
3558 4673 3721 4741 judcx
3765 4675 4081 4729 sententiam

2505 4765 2714 4826 tulerit,
2754 4765 2828 4816 tei
2869 4778 2995 4814 \'t'l‘0
3028 4777 3122 4829 per
3167 4763 3530 4827 paenitentiam
3571 4766 3886 4820 sententiam
3911 4766 4087 4821 solve.

2505 4855 2649 4907 rint?
2682 4867 2785 4906 non
2840 4852 2980 4905 enim
3040 4851 3225 4903 urbem
3285 4850 3551 4922 fugerunt,
3586 4862 3725 4910 sicut
3780 4873 3877 4910 nos
3924 4871 4083 4918 nunc,

2503 4946 2595 4999 sed
2648 4952 2958 5005 manentes,
2990 4942 3155 5007 ipszim
3200 4953 3472 5000 nutantem
3502 4946 3801 5002 ﬁrmarunt.
3841 4948 4088 5015 Laqueus

2503 5050 2650 5104 erat,
2715 5048 2769 5092 et
2834 5038 3107 5091 munimen
3191 5038 3359 5108 ipsam
3432 5043 3776 5099 reddiderunt
3833 5063 3847 5099 :
3895 5058 4087 5109 vorago

2502 5143 2616 5185 erat
2646 5139 2701 5185 et
2728 5128 3104 5199 praecipitium,
3135 5139 3189 5185 et
3233 5136 3408 5189 tutela:
3460 5137 3648 5188 turrim
3694 5135 3955 5192 iecerunt.
3980 5134 4087 5186 Au-

2504 5229 2719 5280 dierunt
2747 5224 2887 5293 quod
2912 5224 3129 5280 :cdiﬁeia
3159 5239 3410 5282 corruent
3430 5270 3443 5287 .
3479 5244 3651 5297 neque
3678 5230 3923 5302 ingerunt
3959 5227 4086 5279 πτιιὶ-

2506 5318 2645 5377 ﬁcia,
2671 5316 2762 5370 sed
2793 5328 3004 5385 peccata
3028 5318 3277 5389 fugerunt
3301 5336 3313 5372 :
3348 5334 3451 5372 non
3477 5319 3838 5376 discesserunt
3866 5319 4086 5389 quisque

2506 5413 2572 5467 de
2592 5414 2751 5466 domo
2780 5429 2893 5475 sua.
2926 5416 3061 5469 sicut
3085 5430 3226 5470 nunc
3265 5429 3382 5477 nos,
3416 5413 3509 5467 sed
3538 5414 3782 5469 discessit
3810 5418 4029 5486 quisque
4054 5423 4084 5461 ιι

2510 5506 2592 5556 via
2625 5521 2715 5559 sna
2743 5506 2900 5559 mala.
2946 5506 3081 5561 Num
3118 5506 3281 5569 enim,
3321 5504 3523 5573 inquit,
3559 5509 3694 5561 muri
3738 5508 3869 5560 iram
3926 5517 4085 5574 pepe-

2570 5648 2584 5674 ¹
2623 5651 2725 5693 Sav.
2747 5650 2799 5693 et

2504 5705 2631 5756 dixit
2662 5719 2678 5755 :
2705 5703 2870 5755 Adhuc
2910 5714 3008 5753 tres
3049 5703 3170 5752 dies.
3216 5703 3289 5748 Sic
3310 5713 3519 5762 semper
3561 5703 3737 5752 lectum
3778 5712 3854 5753 est
3889 5704 3936 5751 in
3978 5705 4086 5748 LXX

2503 5770 2858 5830 [interpretibus
2882 5766 2960 5816 vel
2980 5778 3006 5813 a
3029 5765 3196 5826 primis
3218 5761 3441 5811 Ecclesia?
3465 5766 3671 5825 sarculis,
3689 5767 3827 5828 τρεῖς,
3852 5774 3953 5826 pro,
3973 5772 4081 5804 τεσ-

2503 5849 2785 5895 σαςαακςντα.

2820 5643 3014 5705 quidam
3037 5648 3145 5705 Mss.
3173 5653 3186 5687 :
3220 5639 3391 5705 urbem
3414 5637 3620 5705 minatus
3651 5647 3720 5691 est
3750 5642 4018 5705 subvertere.
4040 5643 4087 5684 rt
