  <div class='ocr_page' id='page_1' title='image "/cluster/home/n/w/nwhite01/storage/ocr_20150623/49/hvd.32044025239823/078.png"; bbox 0 0 4458 6700; ppageno 0'>
   <div class='ocr_carea' id='block_1_1' title="bbox 424 487 3710 558">
    <p class='ocr_par' dir='ltr' id='par_1_1' title="bbox 424 487 3710 558">
     <span class='ocr_line' id='line_1_1' title="bbox 424 487 3710 558; baseline 0.003 -12"><span class='ocrx_word' id='word_1_1' title='bbox 424 491 497 547; x_wconf 80' lang='grc'>77</span> <span class='ocrx_word' id='word_1_2' title='bbox 1383 490 1474 544; x_wconf 81' lang='lat' dir='ltr'><strong>AD</strong></span> <span class='ocrx_word' id='word_1_3' title='bbox 1501 487 1826 546; x_wconf 80' lang='lat' dir='ltr'><strong>POPULUM</strong></span> <span class='ocrx_word' id='word_1_4' title='bbox 1868 488 2358 549; x_wconf 74' lang='lat' dir='ltr'><strong>ANTIOCHENUM</strong></span> <span class='ocrx_word' id='word_1_5' title='bbox 2408 491 2636 552; x_wconf 77' lang='lat' dir='ltr'><strong>llOMlL.</strong></span> <span class='ocrx_word' id='word_1_6' title='bbox 2679 494 2745 550; x_wconf 79' lang='grc' dir='ltr'><strong>γ.</strong></span> <span class='ocrx_word' id='word_1_7' title='bbox 3637 502 3710 558; x_wconf 80' lang='grc'><strong>78</strong></span> 
     </span>
    </p>
   </div>
   <div class='ocr_carea' id='block_1_2' title="bbox 427 605 2009 669">
    <p class='ocr_par' dir='ltr' id='par_1_2' title="bbox 427 605 2009 669">
     <span class='ocr_line' id='line_1_2' title="bbox 427 605 2009 669; baseline 0 -11"><span class='ocrx_word' id='word_1_8' title='bbox 427 605 659 660; x_wconf 78' lang='lat' dir='ltr'><strong>rerum?</strong></span> <span class='ocrx_word' id='word_1_9' title='bbox 689 620 787 663; x_wconf 90' lang='lat' dir='ltr'><strong>nos</strong></span> <span class='ocrx_word' id='word_1_10' title='bbox 827 609 1062 664; x_wconf 81' lang='lat' dir='ltr'><strong>vulneris</strong></span> <span class='ocrx_word' id='word_1_11' title='bbox 1099 616 1345 662; x_wconf 90' lang='lat' dir='ltr'><strong>auctores</strong></span> <span class='ocrx_word' id='word_1_12' title='bbox 1369 644 1383 669; x_wconf 97' lang='lat'><strong>,</strong></span> <span class='ocrx_word' id='word_1_13' title='bbox 1419 617 1516 658; x_wconf 91' lang='lat' dir='ltr'><strong>nos</strong></span> <span class='ocrx_word' id='word_1_14' title='bbox 1566 605 2009 661; x_wconf 78' lang='lat' dir='ltr'><strong>medicamentum</strong></span> 
     </span>
    </p>
   </div>
   <div class='ocr_carea' id='block_1_3' title="bbox 430 694 2012 769">
    <p class='ocr_par' dir='ltr' id='par_1_3' title="bbox 430 694 2012 769">
     <span class='ocr_line' id='line_1_3' title="bbox 430 694 2012 769; baseline 0.003 -20"><span class='ocrx_word' id='word_1_15' title='bbox 430 710 810 765; x_wconf 68' lang='lat' dir='ltr'><strong>prazparemus.</strong></span> <span class='ocrx_word' id='word_1_16' title='bbox 829 699 1114 769; x_wconf 83' lang='lat' dir='ltr'><strong>PrOpterea</strong></span> <span class='ocrx_word' id='word_1_17' title='bbox 1131 711 1236 749; x_wconf 89' lang='lat' dir='ltr'><strong>non</strong></span> <span class='ocrx_word' id='word_1_18' title='bbox 1261 694 1498 748; x_wconf 89' lang='lat' dir='ltr'><strong>locorum</strong></span> <span class='ocrx_word' id='word_1_19' title='bbox 1517 698 2012 765; x_wconf 88' lang='lat' dir='ltr'><strong>permutationibus,</strong></span> 
     </span>
    </p>
   </div>
   <div class='ocr_carea' id='block_1_4' title="bbox 430 787 1764 847">
    <p class='ocr_par' dir='ltr' id='par_1_4' title="bbox 430 787 1764 847">
     <span class='ocr_line' id='line_1_4' title="bbox 430 787 1764 847; baseline 0.002 -6"><span class='ocrx_word' id='word_1_20' title='bbox 430 788 523 842; x_wconf 91' lang='lat' dir='ltr'><strong>sed</strong></span> <span class='ocrx_word' id='word_1_21' title='bbox 551 805 756 846; x_wconf 89' lang='lat' dir='ltr'><strong>morum</strong></span> <span class='ocrx_word' id='word_1_22' title='bbox 787 789 1125 847; x_wconf 85' lang='lat' dir='ltr'><strong>conversioni</strong></span> <span class='ocrx_word' id='word_1_23' title='bbox 1152 787 1379 841; x_wconf 78' lang='lat' dir='ltr'><strong>salutem</strong></span> <span class='ocrx_word' id='word_1_24' title='bbox 1409 789 1764 844; x_wconf 90' lang='lat' dir='ltr'><strong>crediderunt.</strong></span> 
     </span>
    </p>
   </div>
   <div class='ocr_carea' id='block_1_5' title="bbox 511 879 2016 952">
    <p class='ocr_par' dir='ltr' id='par_1_5' title="bbox 511 879 2016 952">
     <span class='ocr_line' id='line_1_5' title="bbox 511 879 2016 952; baseline 0.002 -18"><span class='ocrx_word' id='word_1_25' title='bbox 511 879 564 934; x_wconf 89' lang='lat'><strong>6.</strong></span> <span class='ocrx_word' id='word_1_26' title='bbox 604 881 729 938; x_wconf 63' lang='lat' dir='ltr'><strong>Haec</strong></span> <span class='ocrx_word' id='word_1_27' title='bbox 760 881 970 937; x_wconf 85' lang='lat' dir='ltr'><strong>barbari</strong></span> <span class='ocrx_word' id='word_1_28' title='bbox 999 897 1012 931; x_wconf 90' lang='lat'><strong>:</strong></span> <span class='ocrx_word' id='word_1_29' title='bbox 1044 886 1098 932; x_wconf 90' lang='lat' dir='ltr'><strong>et</strong></span> <span class='ocrx_word' id='word_1_30' title='bbox 1139 892 1239 932; x_wconf 91' lang='lat' dir='ltr'><strong>nos</strong></span> <span class='ocrx_word' id='word_1_31' title='bbox 1268 893 1373 932; x_wconf 91' lang='lat' dir='ltr'><strong>non</strong></span> <span class='ocrx_word' id='word_1_32' title='bbox 1410 881 1813 949; x_wconf 82' lang='lat' dir='ltr'><strong>confundimur,</strong></span> <span class='ocrx_word' id='word_1_33' title='bbox 1841 896 2016 952; x_wconf 89' lang='lat' dir='ltr'><strong>neque</strong></span> 
     </span>
    </p>
   </div>
   <div class='ocr_carea' id='block_1_6' title="bbox 430 966 2011 1037">
    <p class='ocr_par' dir='ltr' id='par_1_6' title="bbox 430 966 2011 1037">
     <span class='ocr_line' id='line_1_6' title="bbox 430 966 2011 1037; baseline 0 -13"><span class='ocrx_word' id='word_1_34' title='bbox 430 984 530 1024; x_wconf 88' lang='lat' dir='ltr'><strong>nos</strong></span> <span class='ocrx_word' id='word_1_35' title='bbox 547 972 946 1032; x_wconf 84' lang='lat' dir='ltr'><strong>abscondimus,</strong></span> <span class='ocrx_word' id='word_1_36' title='bbox 973 966 1206 1037; x_wconf 83' lang='lat' dir='ltr'><strong>quando,</strong></span> <span class='ocrx_word' id='word_1_37' title='bbox 1237 967 1340 1020; x_wconf 85' lang='lat' dir='ltr'><strong>illis</strong></span> <span class='ocrx_word' id='word_1_38' title='bbox 1363 985 1535 1026; x_wconf 88' lang='lat' dir='ltr'><strong>mores</strong></span> <span class='ocrx_word' id='word_1_39' title='bbox 1555 972 2011 1037; x_wconf 88' lang='lat' dir='ltr'><strong>convertentibus,</strong></span> 
     </span>
    </p>
   </div>
   <div class='ocr_carea' id='block_1_7' title="bbox 432 1059 2015 1131">
    <p class='ocr_par' dir='ltr' id='par_1_7' title="bbox 432 1059 2015 1131">
     <span class='ocr_line' id='line_1_7' title="bbox 432 1059 2015 1131; baseline -0.001 -17"><span class='ocrx_word' id='word_1_40' title='bbox 432 1076 529 1115; x_wconf 87' lang='lat' dir='ltr'><strong>nos</strong></span> <span class='ocrx_word' id='word_1_41' title='bbox 573 1065 688 1117; x_wconf 89' lang='lat' dir='ltr'><strong>loca</strong></span> <span class='ocrx_word' id='word_1_42' title='bbox 729 1068 1125 1130; x_wconf 85' lang='lat' dir='ltr'><strong>permutamus,</strong></span> <span class='ocrx_word' id='word_1_43' title='bbox 1158 1065 1213 1111; x_wconf 93' lang='lat' dir='ltr'><strong>et</strong></span> <span class='ocrx_word' id='word_1_44' title='bbox 1242 1059 1505 1114; x_wconf 89' lang='lat' dir='ltr'><strong>ebriorum</strong></span> <span class='ocrx_word' id='word_1_45' title='bbox 1538 1063 1813 1116; x_wconf 82' lang='lat' dir='ltr'><strong>hominum</strong></span> <span class='ocrx_word' id='word_1_46' title='bbox 1852 1075 2015 1131; x_wconf 89' lang='lat' dir='ltr'><strong>opera</strong></span> 
     </span>
    </p>
   </div>
   <div class='ocr_carea' id='block_1_8' title="bbox 433 1147 2017 1221">
    <p class='ocr_par' dir='ltr' id='par_1_8' title="bbox 433 1147 2017 1221">
     <span class='ocr_line' id='line_1_8' title="bbox 433 1147 2017 1221; baseline -0.002 -15"><span class='ocrx_word' id='word_1_47' title='bbox 433 1152 674 1216; x_wconf 85' lang='lat' dir='ltr'><strong>facimus,</strong></span> <span class='ocrx_word' id='word_1_48' title='bbox 706 1147 1161 1216; x_wconf 81' lang='lat' dir='ltr'><strong>substantiamque</strong></span> <span class='ocrx_word' id='word_1_49' title='bbox 1186 1158 1420 1203; x_wconf 90' lang='lat' dir='ltr'><strong>nostram</strong></span> <span class='ocrx_word' id='word_1_50' title='bbox 1448 1151 1804 1221; x_wconf 80' lang='lat' dir='ltr'><strong>exponimus?</strong></span> <span class='ocrx_word' id='word_1_51' title='bbox 1836 1150 2017 1205; x_wconf 82' lang='lat' dir='ltr'><strong>Domi-</strong></span> 
     </span>
    </p>
   </div>
   <div class='ocr_carea' id='block_1_9' title="bbox 438 1238 2011 1306">
    <p class='ocr_par' dir='ltr' id='par_1_9' title="bbox 438 1238 2011 1306">
     <span class='ocr_line' id='line_1_9' title="bbox 438 1238 2011 1306; baseline -0.001 -10"><span class='ocrx_word' id='word_1_52' title='bbox 438 1258 538 1296; x_wconf 89' lang='lat' dir='ltr'><strong>nus</strong></span> <span class='ocrx_word' id='word_1_53' title='bbox 568 1242 720 1295; x_wconf 90' lang='lat' dir='ltr'><strong>uobis</strong></span> <span class='ocrx_word' id='word_1_54' title='bbox 746 1238 1022 1301; x_wconf 81' lang='lat' dir='ltr'><strong>irascitur,</strong></span> <span class='ocrx_word' id='word_1_55' title='bbox 1055 1246 1109 1292; x_wconf 91' lang='lat' dir='ltr'><strong>et</strong></span> <span class='ocrx_word' id='word_1_56' title='bbox 1146 1253 1246 1292; x_wconf 90' lang='lat' dir='ltr'><strong>nos</strong></span> <span class='ocrx_word' id='word_1_57' title='bbox 1271 1239 1400 1295; x_wconf 91' lang='lat' dir='ltr'><strong>iram</strong></span> <span class='ocrx_word' id='word_1_58' title='bbox 1434 1244 1641 1298; x_wconf 82' lang='lat' dir='ltr'><strong>solvere</strong></span> <span class='ocrx_word' id='word_1_59' title='bbox 1683 1243 2011 1306; x_wconf 86' lang='lat' dir='ltr'><strong>omittentes,</strong></span> 
     </span>
    </p>
   </div>
   <div class='ocr_carea' id='block_1_10' title="bbox 431 1329 2017 1401">
    <p class='ocr_par' dir='ltr' id='par_1_10' title="bbox 431 1329 2017 1401">
     <span class='ocr_line' id='line_1_10' title="bbox 431 1329 2017 1401; baseline -0.001 -15"><span class='ocrx_word' id='word_1_60' title='bbox 431 1349 550 1401; x_wconf 66' lang='lat' dir='ltr'><strong>quae</strong></span> <span class='ocrx_word' id='word_1_61' title='bbox 577 1333 629 1384; x_wconf 92' lang='lat' dir='ltr'><strong>in</strong></span> <span class='ocrx_word' id='word_1_62' title='bbox 660 1329 822 1383; x_wconf 91' lang='lat' dir='ltr'><strong>domo</strong></span> <span class='ocrx_word' id='word_1_63' title='bbox 850 1338 977 1383; x_wconf 88' lang='lat' dir='ltr'><strong>sunt</strong></span> <span class='ocrx_word' id='word_1_64' title='bbox 1003 1329 1444 1400; x_wconf 90' lang='lat' dir='ltr'><strong>circumferimus,</strong></span> <span class='ocrx_word' id='word_1_65' title='bbox 1475 1343 1529 1389; x_wconf 91' lang='lat' dir='ltr'><strong>et</strong></span> <span class='ocrx_word' id='word_1_66' title='bbox 1556 1334 1841 1388; x_wconf 89' lang='lat' dir='ltr'><strong>circuimus</strong></span> <span class='ocrx_word' id='word_1_67' title='bbox 1867 1348 2017 1400; x_wconf 74' lang='lat' dir='ltr'><strong>qum-</strong></span> 
     </span>
    </p>
   </div>
   <div class='ocr_carea' id='block_1_11' title="bbox 431 1418 2018 1490">
    <p class='ocr_par' dir='ltr' id='par_1_11' title="bbox 431 1418 2018 1490">
     <span class='ocr_line' id='line_1_11' title="bbox 431 1418 2018 1490; baseline -0.001 -15"><span class='ocrx_word' id='word_1_68' title='bbox 431 1432 644 1485; x_wconf 83' lang='lat' dir='ltr'><strong>rentes,</strong></span> <span class='ocrx_word' id='word_1_69' title='bbox 677 1418 766 1472; x_wconf 91' lang='lat' dir='ltr'><strong>ubi</strong></span> <span class='ocrx_word' id='word_1_70' title='bbox 791 1419 1147 1474; x_wconf 83' lang='lat' dir='ltr'><strong>substantiam</strong></span> <span class='ocrx_word' id='word_1_71' title='bbox 1172 1419 1529 1490; x_wconf 87' lang='lat' dir='ltr'><strong>deponamus,</strong></span> <span class='ocrx_word' id='word_1_72' title='bbox 1562 1439 1681 1478; x_wconf 88' lang='lat' dir='ltr'><strong>cum</strong></span> <span class='ocrx_word' id='word_1_73' title='bbox 1711 1432 1854 1478; x_wconf 92' lang='lat' dir='ltr'><strong>esset</strong></span> <span class='ocrx_word' id='word_1_74' title='bbox 1881 1435 2018 1490; x_wconf 90' lang='lat' dir='ltr'><strong>opus</strong></span> 
     </span>
    </p>
   </div>
   <div class='ocr_carea' id='block_1_12' title="bbox 431 1512 2018 1584">
    <p class='ocr_par' dir='ltr' id='par_1_12' title="bbox 431 1512 2018 1584">
     <span class='ocr_line' id='line_1_12' title="bbox 431 1512 2018 1584; baseline -0.001 -18"><span class='ocrx_word' id='word_1_75' title='bbox 431 1528 707 1582; x_wconf 57' lang='lat' dir='ltr'><strong>quierere,</strong></span> <span class='ocrx_word' id='word_1_76' title='bbox 757 1512 845 1567; x_wconf 91' lang='lat' dir='ltr'><strong>ubi</strong></span> <span class='ocrx_word' id='word_1_77' title='bbox 885 1515 1117 1566; x_wconf 88' lang='lat' dir='ltr'><strong>animam</strong></span> <span class='ocrx_word' id='word_1_78' title='bbox 1162 1513 1547 1584; x_wconf 90' lang='lat' dir='ltr'><strong>deponeremus</strong></span> <span class='ocrx_word' id='word_1_79' title='bbox 1576 1535 1589 1570; x_wconf 88' lang='lat'><strong>:</strong></span> <span class='ocrx_word' id='word_1_80' title='bbox 1622 1516 1731 1569; x_wconf 89' lang='lat' dir='ltr'><strong>imo</strong></span> <span class='ocrx_word' id='word_1_81' title='bbox 1761 1529 1889 1566; x_wconf 90' lang='lat' dir='ltr'><strong>vero</strong></span> <span class='ocrx_word' id='word_1_82' title='bbox 1919 1527 2018 1566; x_wconf 91' lang='lat' dir='ltr'><strong>nec</strong></span> 
     </span>
    </p>
   </div>
   <div class='ocr_carea' id='block_1_13' title="bbox 433 1603 2017 1674">
    <p class='ocr_par' dir='ltr' id='par_1_13' title="bbox 433 1603 2017 1674">
     <span class='ocr_line' id='line_1_13' title="bbox 433 1603 2017 1674; baseline 0.001 -18"><span class='ocrx_word' id='word_1_83' title='bbox 433 1614 640 1673; x_wconf 85' lang='lat' dir='ltr'><strong>oportet</strong></span> <span class='ocrx_word' id='word_1_84' title='bbox 667 1619 944 1674; x_wconf 68' lang='lat' dir='ltr'><strong>quaerere,</strong></span> <span class='ocrx_word' id='word_1_85' title='bbox 977 1603 1071 1659; x_wconf 87' lang='lat' dir='ltr'><strong>sed</strong></span> <span class='ocrx_word' id='word_1_86' title='bbox 1099 1605 1288 1662; x_wconf 90' lang='lat' dir='ltr'><strong>virtute</strong></span> <span class='ocrx_word' id='word_1_87' title='bbox 1316 1618 1371 1662; x_wconf 92' lang='lat' dir='ltr'><strong>et</strong></span> <span class='ocrx_word' id='word_1_88' title='bbox 1407 1609 1531 1662; x_wconf 83' lang='lat' dir='ltr'><strong>vitae</strong></span> <span class='ocrx_word' id='word_1_89' title='bbox 1569 1604 1889 1661; x_wconf 89' lang='lat' dir='ltr'><strong>rectitudine</strong></span> <span class='ocrx_word' id='word_1_90' title='bbox 1917 1604 2017 1673; x_wconf 89' lang='lat' dir='ltr'><strong>ipsi</strong></span> 
     </span>
    </p>
   </div>
   <div class='ocr_carea' id='block_1_14' title="bbox 433 1697 2018 1769">
    <p class='ocr_par' dir='ltr' id='par_1_14' title="bbox 433 1697 2018 1769">
     <span class='ocr_line' id='line_1_14' title="bbox 433 1697 2018 1769; baseline 0 -21"><span class='ocrx_word' id='word_1_91' title='bbox 433 1697 772 1751; x_wconf 82' lang='lat' dir='ltr'><strong>securitatem</strong></span> <span class='ocrx_word' id='word_1_92' title='bbox 802 1698 1059 1765; x_wconf 78' lang='lat' dir='ltr'><strong>pneberc.</strong></span> <span class='ocrx_word' id='word_1_93' title='bbox 1089 1697 1268 1769; x_wconf 78' lang='lat' dir='ltr'><strong>Neque</strong></span> <span class='ocrx_word' id='word_1_94' title='bbox 1306 1701 1448 1755; x_wconf 90' lang='lat' dir='ltr'><strong>enim</strong></span> <span class='ocrx_word' id='word_1_95' title='bbox 1489 1698 1535 1754; x_wconf 89' lang='lat' dir='ltr'><strong>si</strong></span> <span class='ocrx_word' id='word_1_96' title='bbox 1561 1711 1718 1752; x_wconf 87' lang='lat' dir='ltr'><strong>servo</strong></span> <span class='ocrx_word' id='word_1_97' title='bbox 1745 1697 2018 1749; x_wconf 87' lang='lat' dir='ltr'><strong>irascenti-</strong></span> 
     </span>
    </p>
   </div>
   <div class='ocr_carea' id='block_1_15' title="bbox 437 1785 2016 1857">
    <p class='ocr_par' dir='ltr' id='par_1_15' title="bbox 437 1785 2016 1857">
     <span class='ocr_line' id='line_1_15' title="bbox 437 1785 2016 1857; baseline 0.003 -18"><span class='ocrx_word' id='word_1_98' title='bbox 437 1785 536 1840; x_wconf 89' lang='lat' dir='ltr'><strong>bus</strong></span> <span class='ocrx_word' id='word_1_99' title='bbox 565 1787 716 1841; x_wconf 90' lang='lat' dir='ltr'><strong>nobis</strong></span> <span class='ocrx_word' id='word_1_100' title='bbox 740 1796 795 1842; x_wconf 90' lang='lat' dir='ltr'><strong>et</strong></span> <span class='ocrx_word' id='word_1_101' title='bbox 821 1787 1209 1857; x_wconf 75' lang='lat' dir='ltr'><strong>indignantibus</strong></span> <span class='ocrx_word' id='word_1_102' title='bbox 1227 1831 1243 1856; x_wconf 94' lang='lat'><strong>,</strong></span> <span class='ocrx_word' id='word_1_103' title='bbox 1276 1791 1368 1846; x_wconf 92' lang='lat' dir='ltr'><strong>ille</strong></span> <span class='ocrx_word' id='word_1_104' title='bbox 1392 1790 1649 1844; x_wconf 88' lang='lat' dir='ltr'><strong>adversus</strong></span> <span class='ocrx_word' id='word_1_105' title='bbox 1674 1788 1807 1840; x_wconf 88' lang='lat' dir='ltr'><strong>iram</strong></span> <span class='ocrx_word' id='word_1_106' title='bbox 1834 1802 1895 1842; x_wconf 90' lang='lat' dir='ltr'><strong>se</strong></span> <span class='ocrx_word' id='word_1_107' title='bbox 1919 1803 2016 1842; x_wconf 84' lang='lat' dir='ltr'><strong>ex-</strong></span> 
     </span>
    </p>
   </div>
   <div class='ocr_carea' id='block_1_16' title="bbox 433 1877 2016 1941">
    <p class='ocr_par' dir='ltr' id='par_1_16' title="bbox 433 1877 2016 1941">
     <span class='ocr_line' id='line_1_16' title="bbox 433 1877 2016 1941; baseline 0 -10"><span class='ocrx_word' id='word_1_108' title='bbox 433 1893 622 1932; x_wconf 84' lang='lat' dir='ltr'><strong>cusare</strong></span> <span class='ocrx_word' id='word_1_109' title='bbox 648 1879 921 1941; x_wconf 84' lang='lat' dir='ltr'><strong>omittens,</strong></span> <span class='ocrx_word' id='word_1_110' title='bbox 946 1880 1000 1932; x_wconf 89' lang='lat' dir='ltr'><strong>in</strong></span> <span class='ocrx_word' id='word_1_111' title='bbox 1025 1880 1268 1934; x_wconf 84' lang='lat' dir='ltr'><strong>cellulam</strong></span> <span class='ocrx_word' id='word_1_112' title='bbox 1297 1897 1447 1935; x_wconf 87' lang='lat' dir='ltr'><strong>suam</strong></span> <span class='ocrx_word' id='word_1_113' title='bbox 1470 1877 1823 1941; x_wconf 88' lang='lat' dir='ltr'><strong>descendens,</strong></span> <span class='ocrx_word' id='word_1_114' title='bbox 1860 1878 2016 1932; x_wconf 87' lang='lat' dir='ltr'><strong>vesti-</strong></span> 
     </span>
    </p>
   </div>
   <div class='ocr_carea' id='block_1_17' title="bbox 435 1970 2018 2042">
    <p class='ocr_par' dir='ltr' id='par_1_17' title="bbox 435 1970 2018 2042">
     <span class='ocr_line' id='line_1_17' title="bbox 435 1970 2018 2042; baseline -0.001 -17"><span class='ocrx_word' id='word_1_115' title='bbox 435 1982 612 2026; x_wconf 89' lang='lat' dir='ltr'><strong>menta</strong></span> <span class='ocrx_word' id='word_1_116' title='bbox 636 1981 692 2027; x_wconf 90' lang='lat' dir='ltr'><strong>et</strong></span> <span class='ocrx_word' id='word_1_117' title='bbox 720 1987 907 2026; x_wconf 88' lang='lat' dir='ltr'><strong>omnes</strong></span> <span class='ocrx_word' id='word_1_118' title='bbox 931 1974 1186 2042; x_wconf 78' lang='lat' dir='ltr'><strong>colligens</strong></span> <span class='ocrx_word' id='word_1_119' title='bbox 1222 1973 1520 2029; x_wconf 86' lang='lat' dir='ltr'><strong>sarcinulas</strong></span> <span class='ocrx_word' id='word_1_120' title='bbox 1543 1982 1598 2025; x_wconf 90' lang='lat' dir='ltr'><strong>et</strong></span> <span class='ocrx_word' id='word_1_121' title='bbox 1635 1971 1890 2040; x_wconf 84' lang='lat' dir='ltr'><strong>colligans</strong></span> <span class='ocrx_word' id='word_1_122' title='bbox 1908 2012 1923 2034; x_wconf 89' lang='lat'><strong>,</strong></span> <span class='ocrx_word' id='word_1_123' title='bbox 1951 1970 2018 2024; x_wconf 90' lang='lat' dir='ltr'><strong>de</strong></span> 
     </span>
    </p>
   </div>
   <div class='ocr_carea' id='block_1_18' title="bbox 436 2058 2020 2132">
    <p class='ocr_par' dir='ltr' id='par_1_18' title="bbox 436 2058 2020 2132">
     <span class='ocr_line' id='line_1_18' title="bbox 436 2058 2020 2132; baseline 0.001 -20"><span class='ocrx_word' id='word_1_124' title='bbox 436 2062 554 2131; x_wconf 79' lang='lat' dir='ltr'><strong>fuga</strong></span> <span class='ocrx_word' id='word_1_125' title='bbox 605 2061 990 2125; x_wconf 87' lang='lat' dir='ltr'><strong>meditaretur,</strong></span> <span class='ocrx_word' id='word_1_126' title='bbox 1041 2062 1184 2117; x_wconf 91' lang='lat' dir='ltr'><strong>hunc</strong></span> <span class='ocrx_word' id='word_1_127' title='bbox 1233 2063 1402 2132; x_wconf 89' lang='lat' dir='ltr'><strong>ipsius</strong></span> <span class='ocrx_word' id='word_1_128' title='bbox 1449 2068 1816 2128; x_wconf 88' lang='lat' dir='ltr'><strong>contemptum</strong></span> <span class='ocrx_word' id='word_1_129' title='bbox 1865 2058 2020 2115; x_wconf 78' lang='lat' dir='ltr'><strong>facile</strong></span> 
     </span>
    </p>
   </div>
   <div class='ocr_carea' id='block_1_19' title="bbox 437 2151 2017 2224">
    <p class='ocr_par' dir='ltr' id='par_1_19' title="bbox 437 2151 2017 2224">
     <span class='ocr_line' id='line_1_19' title="bbox 437 2151 2017 2224; baseline 0.001 -19"><span class='ocrx_word' id='word_1_130' title='bbox 437 2151 719 2206; x_wconf 86' lang='lat' dir='ltr'><strong>ferremus.</strong></span> <span class='ocrx_word' id='word_1_131' title='bbox 753 2153 1077 2208; x_wconf 86' lang='lat' dir='ltr'><strong>Dcsistamus</strong></span> <span class='ocrx_word' id='word_1_132' title='bbox 1104 2156 1261 2224; x_wconf 78' lang='lat' dir='ltr'><strong>igitur</strong></span> <span class='ocrx_word' id='word_1_133' title='bbox 1279 2157 1348 2208; x_wconf 87' lang='lat' dir='ltr'><strong>ab</strong></span> <span class='ocrx_word' id='word_1_134' title='bbox 1371 2153 1473 2206; x_wconf 90' lang='lat' dir='ltr'><strong>hoc</strong></span> <span class='ocrx_word' id='word_1_135' title='bbox 1495 2153 1800 2220; x_wconf 89' lang='lat' dir='ltr'><strong>importuno</strong></span> <span class='ocrx_word' id='word_1_136' title='bbox 1819 2152 2017 2217; x_wconf 91' lang='lat' dir='ltr'><strong>studio,</strong></span> 
     </span>
    </p>
   </div>
   <div class='ocr_carea' id='block_1_20' title="bbox 433 2244 2018 2316">
    <p class='ocr_par' dir='ltr' id='par_1_20' title="bbox 433 2244 2018 2316">
     <span class='ocr_line' id='line_1_20' title="bbox 433 2244 2018 2316; baseline -0.001 -19"><span class='ocrx_word' id='word_1_137' title='bbox 433 2253 490 2298; x_wconf 91' lang='lat' dir='ltr'><strong>et</strong></span> <span class='ocrx_word' id='word_1_138' title='bbox 529 2244 770 2300; x_wconf 88' lang='lat' dir='ltr'><strong>dicamus</strong></span> <span class='ocrx_word' id='word_1_139' title='bbox 806 2245 1032 2316; x_wconf 79' lang='lat' dir='ltr'><strong>quisque</strong></span> <span class='ocrx_word' id='word_1_140' title='bbox 1059 2248 1126 2302; x_wconf 87' lang='lat' dir='ltr'><strong>ad</strong></span> <span class='ocrx_word' id='word_1_141' title='bbox 1155 2248 1322 2301; x_wconf 88' lang='lat' dir='ltr'><strong>Deum</strong></span> <span class='ocrx_word' id='word_1_142' title='bbox 1353 2263 1366 2298; x_wconf 92' lang='lat'>:</span> <span class='ocrx_word' id='word_1_143' title='bbox 1398 2244 1512 2308; x_wconf 82' lang='lat' dir='ltr'><strong>Quo</strong></span> <span class='ocrx_word' id='word_1_144' title='bbox 1539 2246 1621 2297; x_wconf 78' lang='lat' dir='ltr'><strong>ibo</strong></span> <span class='ocrx_word' id='word_1_145' title='bbox 1645 2261 1677 2296; x_wconf 82' lang='grc' dir='ltr'><em>α</em></span> <span class='ocrx_word' id='word_1_146' title='bbox 1705 2244 1886 2314; x_wconf 79' lang='lat' dir='ltr'><strong>spiritu</strong></span> <span class='ocrx_word' id='word_1_147' title='bbox 1912 2253 2018 2310; x_wconf 84' lang='lat' dir='ltr'><strong>tuo,</strong></span> 
     </span>
    </p>
   </div>
   <div class='ocr_carea' id='block_1_21' title="bbox 431 2335 2019 2408">
    <p class='ocr_par' dir='ltr' id='par_1_21' title="bbox 431 2335 2019 2408">
     <span class='ocr_line' id='line_1_21' title="bbox 431 2335 2019 2408; baseline -0.001 -19"><span class='ocrx_word' id='word_1_148' title='bbox 431 2345 484 2389; x_wconf 78' lang='lat' dir='ltr'><strong>et</strong></span> <span class='ocrx_word' id='word_1_149' title='bbox 510 2352 542 2387; x_wconf 85' lang='grc' dir='ltr'><em>α</em></span> <span class='ocrx_word' id='word_1_150' title='bbox 568 2335 700 2402; x_wconf 79' lang='lat' dir='ltr'><strong>facie</strong></span> <span class='ocrx_word' id='word_1_151' title='bbox 726 2345 812 2389; x_wconf 84' lang='lat' dir='ltr'><strong>tua</strong></span> <span class='ocrx_word' id='word_1_152' title='bbox 834 2353 934 2407; x_wconf 81' lang='lat' dir='ltr'><strong>quo</strong></span> <span class='ocrx_word' id='word_1_153' title='bbox 958 2339 1152 2408; x_wconf 76' lang='lat' dir='ltr'><strong>fugiant</strong></span> <span class='ocrx_word' id='word_1_154' title='bbox 1179 2335 1359 2407; x_wconf 86' lang='lat' dir='ltr'><strong>(Psal.</strong></span> <span class='ocrx_word' id='word_1_155' title='bbox 1389 2336 1508 2390; x_wconf 77' lang='grc'><strong>158.</strong></span> <span class='ocrx_word' id='word_1_156' title='bbox 1533 2336 1640 2404; x_wconf 87' lang='lat'><strong>7)?</strong></span> <span class='ocrx_word' id='word_1_157' title='bbox 1667 2335 2019 2390; x_wconf 85' lang='lat' dir='ltr'><strong>Barbarorum</strong></span> 
     </span>
    </p>
   </div>
   <div class='ocr_carea' id='block_1_22' title="bbox 439 2426 2017 2496">
    <p class='ocr_par' dir='ltr' id='par_1_22' title="bbox 439 2426 2017 2496">
     <span class='ocr_line' id='line_1_22' title="bbox 439 2426 2017 2496; baseline 0.001 -18"><span class='ocrx_word' id='word_1_158' title='bbox 439 2426 824 2496; x_wconf 86' lang='lat' dir='ltr'><strong>philosophiam</strong></span> <span class='ocrx_word' id='word_1_159' title='bbox 869 2429 1136 2482; x_wconf 87' lang='lat' dir='ltr'><strong>imitemur</strong></span> <span class='ocrx_word' id='word_1_160' title='bbox 1168 2445 1183 2479; x_wconf 73' lang='grc' dir='ltr'>ε</span> <span class='ocrx_word' id='word_1_161' title='bbox 1213 2427 1287 2480; x_wconf 88' lang='lat' dir='ltr'><strong>illi</strong></span> <span class='ocrx_word' id='word_1_162' title='bbox 1327 2427 1379 2480; x_wconf 93' lang='lat' dir='ltr'><strong>in</strong></span> <span class='ocrx_word' id='word_1_163' title='bbox 1411 2427 1624 2481; x_wconf 87' lang='lat' dir='ltr'><strong>incertis</strong></span> <span class='ocrx_word' id='word_1_164' title='bbox 1653 2427 2017 2496; x_wconf 66' lang='lat' dir='ltr'><strong>paenitentiam</strong></span> 
     </span>
    </p>
   </div>
   <div class='ocr_carea' id='block_1_23' title="bbox 433 2515 2018 2584">
    <p class='ocr_par' dir='ltr' id='par_1_23' title="bbox 433 2515 2018 2584">
     <span class='ocr_line' id='line_1_23' title="bbox 433 2515 2018 2584; baseline 0.001 -16"><span class='ocrx_word' id='word_1_165' title='bbox 433 2526 658 2584; x_wconf 82' lang='lat' dir='ltr'><strong>egerunt</strong></span> <span class='ocrx_word' id='word_1_166' title='bbox 687 2534 701 2568; x_wconf 90' lang='lat'><strong>:</strong></span> <span class='ocrx_word' id='word_1_167' title='bbox 745 2532 851 2571; x_wconf 91' lang='lat' dir='ltr'><strong>non</strong></span> <span class='ocrx_word' id='word_1_168' title='bbox 880 2517 1024 2572; x_wconf 89' lang='lat' dir='ltr'><strong>enim</strong></span> <span class='ocrx_word' id='word_1_169' title='bbox 1070 2518 1170 2570; x_wconf 93' lang='lat' dir='ltr'><strong>hoc</strong></span> <span class='ocrx_word' id='word_1_170' title='bbox 1215 2515 1444 2570; x_wconf 87' lang='lat' dir='ltr'><strong>habebat</strong></span> <span class='ocrx_word' id='word_1_171' title='bbox 1471 2517 1735 2570; x_wconf 87' lang='lat' dir='ltr'><strong>sententia</strong></span> <span class='ocrx_word' id='word_1_172' title='bbox 1766 2533 1780 2568; x_wconf 91' lang='lat'><strong>:</strong></span> <span class='ocrx_word' id='word_1_173' title='bbox 1808 2516 1861 2572; x_wconf 93' lang='lat' dir='ltr'><strong>Si</strong></span> <span class='ocrx_word' id='word_1_174' title='bbox 1892 2530 2018 2570; x_wconf 87' lang='lat' dir='ltr'><strong>con-</strong></span> 
     </span>
    </p>
   </div>
   <div class='ocr_carea' id='block_1_24' title="bbox 433 2604 2016 2678">
    <p class='ocr_par' dir='ltr' id='par_1_24' title="bbox 433 2604 2016 2678">
     <span class='ocr_line' id='line_1_24' title="bbox 433 2604 2016 2678; baseline -0.001 -19"><span class='ocrx_word' id='word_1_175' title='bbox 433 2608 712 2661; x_wconf 85' lang='lat' dir='ltr'><strong>vertamini</strong></span> <span class='ocrx_word' id='word_1_176' title='bbox 753 2617 809 2662; x_wconf 89' lang='lat' dir='ltr'><strong>et</strong></span> <span class='ocrx_word' id='word_1_177' title='bbox 841 2608 1204 2678; x_wconf 61' lang='lat' dir='ltr'><strong>paenitentiam</strong></span> <span class='ocrx_word' id='word_1_178' title='bbox 1234 2608 1423 2675; x_wconf 78' lang='lat' dir='ltr'><strong>agatis,</strong></span> <span class='ocrx_word' id='word_1_179' title='bbox 1451 2605 1718 2660; x_wconf 89' lang='lat' dir='ltr'><strong>civitatem</strong></span> <span class='ocrx_word' id='word_1_180' title='bbox 1751 2604 2016 2670; x_wconf 88' lang='lat' dir='ltr'><strong>ﬁrmabo;</strong></span> 
     </span>
    </p>
   </div>
   <div class='ocr_carea' id='block_1_25' title="bbox 433 2696 2017 2767">
    <p class='ocr_par' dir='ltr' id='par_1_25' title="bbox 433 2696 2017 2767">
     <span class='ocr_line' id='line_1_25' title="bbox 433 2696 2017 2767; baseline 0 -17"><span class='ocrx_word' id='word_1_181' title='bbox 433 2697 528 2750; x_wconf 87' lang='lat' dir='ltr'><strong>sed</strong></span> <span class='ocrx_word' id='word_1_182' title='bbox 556 2697 890 2767; x_wconf 84' lang='lat' dir='ltr'><strong>simpliciter,</strong></span> <span class='ocrx_word' id='word_1_183' title='bbox 914 2700 1093 2752; x_wconf 79' lang='lat' dir='ltr'><strong>Adhuc</strong></span> <span class='ocrx_word' id='word_1_184' title='bbox 1118 2709 1216 2752; x_wconf 80' lang='lat' dir='ltr'><strong>tres</strong></span> <span class='ocrx_word' id='word_1_185' title='bbox 1241 2698 1369 2764; x_wconf 80' lang='lat' dir='ltr'><strong>dies,</strong></span> <span class='ocrx_word' id='word_1_186' title='bbox 1401 2710 1446 2751; x_wconf 82' lang='lat' dir='ltr'><strong>et</strong></span> <span class='ocrx_word' id='word_1_187' title='bbox 1469 2697 1657 2750; x_wconf 81' lang='lat' dir='ltr'><strong>Ninive</strong></span> <span class='ocrx_word' id='word_1_188' title='bbox 1684 2696 2017 2750; x_wconf 82' lang='lat' dir='ltr'><strong>subvertetur.</strong></span> 
     </span>
    </p>
   </div>
   <div class='ocr_carea' id='block_1_26' title="bbox 432 2785 2017 2855">
    <p class='ocr_par' dir='ltr' id='par_1_26' title="bbox 432 2785 2017 2855">
     <span class='ocr_line' id='line_1_26' title="bbox 432 2785 2017 2855; baseline 0.001 -19"><span class='ocrx_word' id='word_1_189' title='bbox 432 2785 570 2851; x_wconf 79' lang='lat' dir='ltr'><strong>Quid</strong></span> <span class='ocrx_word' id='word_1_190' title='bbox 601 2787 760 2855; x_wconf 92' lang='lat' dir='ltr'><strong>igitur</strong></span> <span class='ocrx_word' id='word_1_191' title='bbox 802 2788 920 2841; x_wconf 87' lang='lat' dir='ltr'><strong>illi?</strong></span> <span class='ocrx_word' id='word_1_192' title='bbox 961 2787 1088 2854; x_wconf 82' lang='lat' dir='ltr'><strong>Quis</strong></span> <span class='ocrx_word' id='word_1_193' title='bbox 1118 2789 1252 2841; x_wconf 79' lang='lat' dir='ltr'><strong>uouit</strong></span> <span class='ocrx_word' id='word_1_194' title='bbox 1281 2805 1347 2840; x_wconf 85' lang='lat' dir='ltr'><strong>au</strong></span> <span class='ocrx_word' id='word_1_195' title='bbox 1391 2788 1645 2855; x_wconf 74' lang='lat' dir='ltr'><strong>paenitebit</strong></span> <span class='ocrx_word' id='word_1_196' title='bbox 1673 2785 1834 2839; x_wconf 81' lang='lat' dir='ltr'><strong>Deum</strong></span> <span class='ocrx_word' id='word_1_197' title='bbox 1874 2786 2017 2852; x_wconf 83' lang='lat' dir='ltr'><strong>mali,</strong></span> 
     </span>
    </p>
   </div>
   <div class='ocr_carea' id='block_1_27' title="bbox 435 2875 2020 2948">
    <p class='ocr_par' dir='ltr' id='par_1_27' title="bbox 435 2875 2020 2948">
     <span class='ocr_line' id='line_1_27' title="bbox 435 2875 2020 2948; baseline 0.001 -20"><span class='ocrx_word' id='word_1_198' title='bbox 435 2878 572 2946; x_wconf 82' lang='lat' dir='ltr'><strong>quod</strong></span> <span class='ocrx_word' id='word_1_199' title='bbox 611 2879 849 2948; x_wconf 79' lang='lat' dir='ltr'><strong>loquutus</strong></span> <span class='ocrx_word' id='word_1_200' title='bbox 889 2889 962 2932; x_wconf 79' lang='lat' dir='ltr'><strong>est</strong></span> <span class='ocrx_word' id='word_1_201' title='bbox 999 2879 1168 2948; x_wconf 81' lang='lat' dir='ltr'><strong>facere</strong></span> <span class='ocrx_word' id='word_1_202' title='bbox 1208 2881 1350 2931; x_wconf 82' lang='lat' dir='ltr'><strong>nobis</strong></span> <span class='ocrx_word' id='word_1_203' title='bbox 1382 2875 1544 2944; x_wconf 80' lang='lat' dir='ltr'><strong>(Ion.</strong></span> <span class='ocrx_word' id='word_1_204' title='bbox 1570 2878 1622 2931; x_wconf 79' lang='lat'><strong>5.</strong></span> <span class='ocrx_word' id='word_1_205' title='bbox 1650 2877 1703 2930; x_wconf 73' lang='grc'><strong>4.</strong></span> <span class='ocrx_word' id='word_1_206' title='bbox 1734 2877 1854 2946; x_wconf 86' lang='lat'><strong>9)?</strong></span> <span class='ocrx_word' id='word_1_207' title='bbox 1892 2876 2020 2944; x_wconf 88' lang='lat' dir='ltr'><strong>Quis</strong></span> 
     </span>
    </p>
   </div>
   <div class='ocr_carea' id='block_1_28' title="bbox 436 2967 2019 3038">
    <p class='ocr_par' dir='ltr' id='par_1_28' title="bbox 436 2967 2019 3038">
     <span class='ocr_line' id='line_1_28' title="bbox 436 2967 2019 3038; baseline -0.001 -16"><span class='ocrx_word' id='word_1_208' title='bbox 436 2969 624 3023; x_wconf 72' lang='lat' dir='ltr'><strong>novit?</strong></span> <span class='ocrx_word' id='word_1_209' title='bbox 665 2970 919 3024; x_wconf 77' lang='lat' dir='ltr'><strong>Nesciunt</strong></span> <span class='ocrx_word' id='word_1_210' title='bbox 956 2971 1031 3024; x_wconf 91' lang='lat' dir='ltr'><strong>rei</strong></span> <span class='ocrx_word' id='word_1_211' title='bbox 1072 2971 1266 3031; x_wconf 74' lang='lat' dir='ltr'><strong>liuent,</strong></span> <span class='ocrx_word' id='word_1_212' title='bbox 1307 2983 1405 3022; x_wconf 91' lang='lat' dir='ltr'><strong>nec</strong></span> <span class='ocrx_word' id='word_1_213' title='bbox 1451 2968 1816 3037; x_wconf 78' lang='lat' dir='ltr'><strong>pmnitentiam</strong></span> <span class='ocrx_word' id='word_1_214' title='bbox 1847 2967 2019 3038; x_wconf 89' lang='lat' dir='ltr'><strong>negli-</strong></span> 
     </span>
    </p>
   </div>
   <div class='ocr_carea' id='block_1_29' title="bbox 433 3058 2018 3128">
    <p class='ocr_par' dir='ltr' id='par_1_29' title="bbox 433 3058 2018 3128">
     <span class='ocr_line' id='line_1_29' title="bbox 433 3058 2018 3128; baseline 0.001 -17"><span class='ocrx_word' id='word_1_215' title='bbox 433 3070 561 3126; x_wconf 85' lang='lat' dir='ltr'><strong>gnnt</strong></span> <span class='ocrx_word' id='word_1_216' title='bbox 589 3076 604 3112; x_wconf 92' lang='lat'><strong>:</strong></span> <span class='ocrx_word' id='word_1_217' title='bbox 634 3060 876 3114; x_wconf 91' lang='lat' dir='ltr'><strong>nesciunt</strong></span> <span class='ocrx_word' id='word_1_218' title='bbox 907 3061 996 3113; x_wconf 88' lang='lat' dir='ltr'><strong>Dei</strong></span> <span class='ocrx_word' id='word_1_219' title='bbox 1029 3059 1368 3128; x_wconf 77' lang='lat' dir='ltr'><strong>benignitatis</strong></span> <span class='ocrx_word' id='word_1_220' title='bbox 1395 3058 1852 3122; x_wconf 88' lang='lat' dir='ltr'><strong>consuetudinem,</strong></span> <span class='ocrx_word' id='word_1_221' title='bbox 1884 3069 1938 3112; x_wconf 89' lang='lat' dir='ltr'><strong>et</strong></span> <span class='ocrx_word' id='word_1_222' title='bbox 1965 3059 2018 3112; x_wconf 92' lang='lat' dir='ltr'><strong>in</strong></span> 
     </span>
    </p>
   </div>
   <div class='ocr_carea' id='block_1_30' title="bbox 431 3148 2017 3204">
    <p class='ocr_par' dir='ltr' id='par_1_30' title="bbox 431 3148 2017 3204">
     <span class='ocr_line' id='line_1_30' title="bbox 431 3148 2017 3204; baseline 0.003 -4"><span class='ocrx_word' id='word_1_223' title='bbox 431 3150 650 3204; x_wconf 87' lang='lat' dir='ltr'><strong>incertis</strong></span> <span class='ocrx_word' id='word_1_224' title='bbox 673 3159 945 3204; x_wconf 84' lang='lat' dir='ltr'><strong>mutantur</strong></span> <span class='ocrx_word' id='word_1_225' title='bbox 974 3169 986 3204; x_wconf 92' lang='lat'>:</span> <span class='ocrx_word' id='word_1_226' title='bbox 1015 3166 1114 3204; x_wconf 91' lang='lat' dir='ltr'><strong>nec</strong></span> <span class='ocrx_word' id='word_1_227' title='bbox 1138 3151 1280 3204; x_wconf 73' lang='lat' dir='ltr'><strong>extim</strong></span> <span class='ocrx_word' id='word_1_228' title='bbox 1309 3148 1575 3204; x_wconf 89' lang='lat' dir='ltr'><strong>habebant</strong></span> <span class='ocrx_word' id='word_1_229' title='bbox 1599 3150 1731 3203; x_wconf 87' lang='lat' dir='ltr'><strong>alios</strong></span> <span class='ocrx_word' id='word_1_230' title='bbox 1755 3149 2017 3204; x_wconf 84' lang='lat' dir='ltr'><strong>Ninivitas</strong></span> 
     </span>
    </p>
   </div>
   <div class='ocr_carea' id='block_1_31' title="bbox 432 3241 2020 3312">
    <p class='ocr_par' dir='ltr' id='par_1_31' title="bbox 432 3241 2020 3312">
     <span class='ocr_line' id='line_1_31' title="bbox 432 3241 2020 3312; baseline 0.002 -19"><span class='ocrx_word' id='word_1_231' title='bbox 432 3242 498 3293; x_wconf 90' lang='lat' dir='ltr'><strong>ad</strong></span> <span class='ocrx_word' id='word_1_232' title='bbox 541 3256 676 3310; x_wconf 90' lang='lat' dir='ltr'><strong>quos</strong></span> <span class='ocrx_word' id='word_1_233' title='bbox 719 3243 1048 3310; x_wconf 88' lang='lat' dir='ltr'><strong>respicerent</strong></span> <span class='ocrx_word' id='word_1_234' title='bbox 1095 3241 1402 3312; x_wconf 70' lang='lat' dir='ltr'><strong>poenitentia</strong></span> <span class='ocrx_word' id='word_1_235' title='bbox 1448 3251 1566 3294; x_wconf 91' lang='lat' dir='ltr'><strong>acta</strong></span> <span class='ocrx_word' id='word_1_236' title='bbox 1609 3249 1867 3305; x_wconf 89' lang='lat' dir='ltr'><strong>servatos,</strong></span> <span class='ocrx_word' id='word_1_237' title='bbox 1919 3255 2020 3296; x_wconf 86' lang='lat' dir='ltr'><strong>nec</strong></span> 
     </span>
    </p>
   </div>
   <div class='ocr_carea' id='block_1_32' title="bbox 434 3333 2020 3404">
    <p class='ocr_par' dir='ltr' id='par_1_32' title="bbox 434 3333 2020 3404">
     <span class='ocr_line' id='line_1_32' title="bbox 434 3333 2020 3404; baseline 0 -17"><span class='ocrx_word' id='word_1_238' title='bbox 434 3333 720 3401; x_wconf 86' lang='lat' dir='ltr'><strong>prophetas</strong></span> <span class='ocrx_word' id='word_1_239' title='bbox 763 3334 1032 3404; x_wconf 83' lang='lat' dir='ltr'><strong>legerant,</strong></span> <span class='ocrx_word' id='word_1_240' title='bbox 1079 3349 1178 3387; x_wconf 89' lang='lat' dir='ltr'><strong>nec</strong></span> <span class='ocrx_word' id='word_1_241' title='bbox 1208 3333 1535 3403; x_wconf 85' lang='lat' dir='ltr'><strong>patriarchas</strong></span> <span class='ocrx_word' id='word_1_242' title='bbox 1571 3333 1884 3396; x_wconf 86' lang='lat' dir='ltr'><strong>audierant,</strong></span> <span class='ocrx_word' id='word_1_243' title='bbox 1919 3346 2020 3387; x_wconf 92' lang='lat' dir='ltr'><strong>nec</strong></span> 
     </span>
    </p>
   </div>
   <div class='ocr_carea' id='block_1_33' title="bbox 435 3423 2021 3494">
    <p class='ocr_par' dir='ltr' id='par_1_33' title="bbox 435 3423 2021 3494">
     <span class='ocr_line' id='line_1_33' title="bbox 435 3423 2021 3494; baseline 0.004 -20"><span class='ocrx_word' id='word_1_244' title='bbox 435 3425 513 3475; x_wconf 84' lang='lat' dir='ltr'><strong>nsi</strong></span> <span class='ocrx_word' id='word_1_245' title='bbox 535 3433 658 3476; x_wconf 91' lang='lat' dir='ltr'><strong>sunt</strong></span> <span class='ocrx_word' id='word_1_246' title='bbox 683 3424 929 3490; x_wconf 88' lang='lat' dir='ltr'><strong>consilio,</strong></span> <span class='ocrx_word' id='word_1_247' title='bbox 953 3439 1057 3479; x_wconf 93' lang='lat' dir='ltr'><strong>non</strong></span> <span class='ocrx_word' id='word_1_248' title='bbox 1083 3423 1497 3478; x_wconf 87' lang='lat' dir='ltr'><strong>admonitionem</strong></span> <span class='ocrx_word' id='word_1_249' title='bbox 1520 3424 1658 3478; x_wconf 92' lang='lat' dir='ltr'><strong>nacti</strong></span> <span class='ocrx_word' id='word_1_250' title='bbox 1678 3434 1822 3486; x_wconf 90' lang='lat' dir='ltr'><strong>sunt,</strong></span> <span class='ocrx_word' id='word_1_251' title='bbox 1848 3440 2021 3494; x_wconf 90' lang='lat' dir='ltr'><strong>neque</strong></span> 
     </span>
    </p>
   </div>
   <div class='ocr_carea' id='block_1_34' title="bbox 431 3513 2017 3584">
    <p class='ocr_par' dir='ltr' id='par_1_34' title="bbox 431 3513 2017 3584">
     <span class='ocr_line' id='line_1_34' title="bbox 431 3513 2017 3584; baseline 0.003 -18"><span class='ocrx_word' id='word_1_252' title='bbox 431 3514 532 3566; x_wconf 85' lang='lat' dir='ltr'><strong>sibi</strong></span> <span class='ocrx_word' id='word_1_253' title='bbox 560 3524 956 3582; x_wconf 84' lang='lat' dir='ltr'><strong>persuaserant,</strong></span> <span class='ocrx_word' id='word_1_254' title='bbox 1001 3515 1221 3568; x_wconf 89' lang='lat' dir='ltr'><strong>omnino</strong></span> <span class='ocrx_word' id='word_1_255' title='bbox 1247 3514 1410 3567; x_wconf 92' lang='lat' dir='ltr'><strong>Deum</strong></span> <span class='ocrx_word' id='word_1_256' title='bbox 1452 3513 1760 3581; x_wconf 67' lang='lat' dir='ltr'><strong>paenitentia</strong></span> <span class='ocrx_word' id='word_1_257' title='bbox 1803 3516 2017 3584; x_wconf 88' lang='lat' dir='ltr'><strong>placan-</strong></span> 
     </span>
    </p>
   </div>
   <div class='ocr_carea' id='block_1_35' title="bbox 431 3603 2018 3672">
    <p class='ocr_par' dir='ltr' id='par_1_35' title="bbox 431 3603 2018 3672">
     <span class='ocr_line' id='line_1_35' title="bbox 431 3603 2018 3672; baseline 0.003 -16"><span class='ocrx_word' id='word_1_258' title='bbox 431 3603 558 3656; x_wconf 90' lang='lat' dir='ltr'><strong>dum</strong></span> <span class='ocrx_word' id='word_1_259' title='bbox 585 3618 724 3659; x_wconf 91' lang='lat' dir='ltr'><strong>esse.</strong></span> <span class='ocrx_word' id='word_1_260' title='bbox 753 3603 936 3672; x_wconf 85' lang='lat' dir='ltr'><strong>Neque</strong></span> <span class='ocrx_word' id='word_1_261' title='bbox 960 3605 1102 3659; x_wconf 91' lang='lat' dir='ltr'><strong>enim</strong></span> <span class='ocrx_word' id='word_1_262' title='bbox 1130 3604 1232 3659; x_wconf 86' lang='lat' dir='ltr'><strong>hoc</strong></span> <span class='ocrx_word' id='word_1_263' title='bbox 1263 3603 1492 3658; x_wconf 88' lang='lat' dir='ltr'><strong>habebat</strong></span> <span class='ocrx_word' id='word_1_264' title='bbox 1515 3605 1860 3660; x_wconf 87' lang='lat' dir='ltr'><strong>comminatio</strong></span> <span class='ocrx_word' id='word_1_265' title='bbox 1879 3648 1893 3672; x_wconf 95' lang='lat'><strong>,</strong></span> <span class='ocrx_word' id='word_1_266' title='bbox 1923 3607 2018 3661; x_wconf 88' lang='lat' dir='ltr'><strong>sed</strong></span> 
     </span>
    </p>
   </div>
   <div class='ocr_carea' id='block_1_36' title="bbox 431 3693 2016 3762">
    <p class='ocr_par' dir='ltr' id='par_1_36' title="bbox 431 3693 2016 3762">
     <span class='ocr_line' id='line_1_36' title="bbox 431 3693 2016 3762; baseline 0.005 -20"><span class='ocrx_word' id='word_1_267' title='bbox 431 3693 744 3746; x_wconf 81' lang='lat' dir='ltr'><strong>dubitabant</strong></span> <span class='ocrx_word' id='word_1_268' title='bbox 784 3693 1197 3762; x_wconf 67' lang='lat' dir='ltr'><strong>haerebantque,</strong></span> <span class='ocrx_word' id='word_1_269' title='bbox 1243 3701 1298 3746; x_wconf 92' lang='lat' dir='ltr'><strong>et</strong></span> <span class='ocrx_word' id='word_1_270' title='bbox 1336 3701 1514 3747; x_wconf 90' lang='lat' dir='ltr'><strong>tamen</strong></span> <span class='ocrx_word' id='word_1_271' title='bbox 1555 3709 1679 3748; x_wconf 90' lang='lat' dir='ltr'><strong>eum</strong></span> <span class='ocrx_word' id='word_1_272' title='bbox 1707 3701 1852 3748; x_wconf 89' lang='lat' dir='ltr'><strong>omni</strong></span> <span class='ocrx_word' id='word_1_273' title='bbox 1898 3697 2016 3751; x_wconf 69' lang='lat' dir='ltr'><strong>dili.</strong></span> 
     </span>
    </p>
   </div>
   <div class='ocr_carea' id='block_1_37' title="bbox 429 3782 2018 3853">
    <p class='ocr_par' dir='ltr' id='par_1_37' title="bbox 429 3782 2018 3853">
     <span class='ocr_line' id='line_1_37' title="bbox 429 3782 2018 3853; baseline 0.003 -19"><span class='ocrx_word' id='word_1_274' title='bbox 429 3784 606 3850; x_wconf 86' lang='lat' dir='ltr'><strong>gentia</strong></span> <span class='ocrx_word' id='word_1_275' title='bbox 638 3783 1000 3850; x_wconf 62' lang='lat' dir='ltr'><strong>paenitentiam</strong></span> <span class='ocrx_word' id='word_1_276' title='bbox 1027 3791 1268 3852; x_wconf 88' lang='lat' dir='ltr'><strong>egerunt.</strong></span> <span class='ocrx_word' id='word_1_277' title='bbox 1313 3782 1443 3850; x_wconf 67' lang='lat' dir='ltr'><strong>Quae</strong></span> <span class='ocrx_word' id='word_1_278' title='bbox 1488 3783 1646 3853; x_wconf 88' lang='lat' dir='ltr'><strong>igitur</strong></span> <span class='ocrx_word' id='word_1_279' title='bbox 1684 3785 1820 3838; x_wconf 86' lang='lat' dir='ltr'><strong>ratio</strong></span> <span class='ocrx_word' id='word_1_280' title='bbox 1865 3786 2018 3840; x_wconf 87' lang='lat' dir='ltr'><strong>nobis</strong></span> 
     </span>
    </p>
   </div>
   <div class='ocr_carea' id='block_1_38' title="bbox 431 3873 2020 3942">
    <p class='ocr_par' dir='ltr' id='par_1_38' title="bbox 431 3873 2020 3942">
     <span class='ocr_line' id='line_1_38' title="bbox 431 3873 2020 3942; baseline 0.004 -17"><span class='ocrx_word' id='word_1_281' title='bbox 431 3873 553 3935; x_wconf 90' lang='lat' dir='ltr'><strong>erit,</strong></span> <span class='ocrx_word' id='word_1_282' title='bbox 597 3887 718 3926; x_wconf 90' lang='lat' dir='ltr'><strong>cum</strong></span> <span class='ocrx_word' id='word_1_283' title='bbox 763 3873 838 3926; x_wconf 90' lang='lat' dir='ltr'><strong>illi</strong></span> <span class='ocrx_word' id='word_1_284' title='bbox 867 3873 1076 3942; x_wconf 90' lang='lat' dir='ltr'><strong>quidem</strong></span> <span class='ocrx_word' id='word_1_285' title='bbox 1097 3914 1112 3938; x_wconf 93' lang='lat'><strong>,</strong></span> <span class='ocrx_word' id='word_1_286' title='bbox 1159 3889 1256 3927; x_wconf 91' lang='lat' dir='ltr'><strong>nec</strong></span> <span class='ocrx_word' id='word_1_287' title='bbox 1283 3873 1422 3928; x_wconf 89' lang='lat' dir='ltr'><strong>unde</strong></span> <span class='ocrx_word' id='word_1_288' title='bbox 1448 3875 1516 3928; x_wconf 91' lang='lat' dir='ltr'><strong>de</strong></span> <span class='ocrx_word' id='word_1_289' title='bbox 1556 3875 1659 3929; x_wconf 87' lang='lat' dir='ltr'><strong>fine</strong></span> <span class='ocrx_word' id='word_1_290' title='bbox 1687 3875 2020 3931; x_wconf 90' lang='lat' dir='ltr'><strong>confiderent</strong></span> 
     </span>
    </p>
   </div>
   <div class='ocr_carea' id='block_1_39' title="bbox 433 3962 2020 4025">
    <p class='ocr_par' dir='ltr' id='par_1_39' title="bbox 433 3962 2020 4025">
     <span class='ocr_line' id='line_1_39' title="bbox 433 3962 2020 4025; baseline 0.005 -11"><span class='ocrx_word' id='word_1_291' title='bbox 433 3962 725 4025; x_wconf 88' lang='lat' dir='ltr'><strong>habentes,</strong></span> <span class='ocrx_word' id='word_1_292' title='bbox 774 3973 976 4018; x_wconf 90' lang='lat' dir='ltr'><strong>tantam</strong></span> <span class='ocrx_word' id='word_1_293' title='bbox 1021 3965 1308 4019; x_wconf 88' lang='lat' dir='ltr'><strong>exhibeant</strong></span> <span class='ocrx_word' id='word_1_294' title='bbox 1355 3968 1703 4022; x_wconf 90' lang='lat' dir='ltr'><strong>mutationem</strong></span> <span class='ocrx_word' id='word_1_295' title='bbox 1744 3987 1756 4021; x_wconf 91' lang='lat'>:</span> <span class='ocrx_word' id='word_1_296' title='bbox 1805 3977 1859 4022; x_wconf 92' lang='lat' dir='ltr'><strong>tu</strong></span> <span class='ocrx_word' id='word_1_297' title='bbox 1889 3985 2020 4023; x_wconf 90' lang='lat' dir='ltr'><strong>vero</strong></span> 
     </span>
    </p>
   </div>
   <div class='ocr_carea' id='block_1_40' title="bbox 431 4053 2018 4130">
    <p class='ocr_par' dir='ltr' id='par_1_40' title="bbox 431 4053 2018 4130">
     <span class='ocr_line' id='line_1_40' title="bbox 431 4053 2018 4130; baseline 0.006 -24"><span class='ocrx_word' id='word_1_298' title='bbox 431 4053 522 4123; x_wconf 92' lang='lat' dir='ltr'><strong>qui</strong></span> <span class='ocrx_word' id='word_1_299' title='bbox 547 4054 612 4107; x_wconf 92' lang='lat' dir='ltr'><strong>de</strong></span> <span class='ocrx_word' id='word_1_300' title='bbox 633 4054 810 4108; x_wconf 88' lang='lat' dir='ltr'><strong>divina</strong></span> <span class='ocrx_word' id='word_1_301' title='bbox 835 4055 1158 4124; x_wconf 86' lang='lat' dir='ltr'><strong>benignitate</strong></span> <span class='ocrx_word' id='word_1_302' title='bbox 1177 4056 1445 4112; x_wconf 90' lang='lat' dir='ltr'><strong>conﬁdere</strong></span> <span class='ocrx_word' id='word_1_303' title='bbox 1472 4068 1641 4127; x_wconf 79' lang='lat' dir='ltr'><strong>potes,</strong></span> <span class='ocrx_word' id='word_1_304' title='bbox 1665 4069 1718 4114; x_wconf 91' lang='lat' dir='ltr'><strong>et</strong></span> <span class='ocrx_word' id='word_1_305' title='bbox 1737 4061 1826 4130; x_wconf 91' lang='lat' dir='ltr'><strong>qui</strong></span> <span class='ocrx_word' id='word_1_306' title='bbox 1853 4063 2018 4116; x_wconf 88' lang='lat' dir='ltr'><strong>multa</strong></span> 
     </span>
    </p>
   </div>
   <div class='ocr_carea' id='block_1_41' title="bbox 434 4144 2021 4219">
    <p class='ocr_par' dir='ltr' id='par_1_41' title="bbox 434 4144 2021 4219">
     <span class='ocr_line' id='line_1_41' title="bbox 434 4144 2021 4219; baseline 0.007 -24"><span class='ocrx_word' id='word_1_307' title='bbox 434 4144 628 4212; x_wconf 66' lang='lat' dir='ltr'><strong>sa&#39;pius</strong></span> <span class='ocrx_word' id='word_1_308' title='bbox 659 4145 878 4212; x_wconf 88' lang='lat' dir='ltr'><strong>pignora</strong></span> <span class='ocrx_word' id='word_1_309' title='bbox 905 4145 1090 4214; x_wconf 88' lang='lat' dir='ltr'><strong>cepisti</strong></span> <span class='ocrx_word' id='word_1_310' title='bbox 1117 4145 1233 4214; x_wconf 89' lang='lat' dir='ltr'><strong>ejus</strong></span> <span class='ocrx_word' id='word_1_311' title='bbox 1259 4146 1400 4200; x_wconf 88' lang='lat' dir='ltr'><strong>circa</strong></span> <span class='ocrx_word' id='word_1_312' title='bbox 1432 4157 1483 4200; x_wconf 86' lang='lat' dir='ltr'><strong>te</strong></span> <span class='ocrx_word' id='word_1_313' title='bbox 1508 4163 1681 4212; x_wconf 63' lang='lat' dir='ltr'><strong>cura},</strong></span> <span class='ocrx_word' id='word_1_314' title='bbox 1709 4161 1763 4203; x_wconf 90' lang='lat' dir='ltr'><strong>et</strong></span> <span class='ocrx_word' id='word_1_315' title='bbox 1792 4153 2021 4219; x_wconf 89' lang='lat' dir='ltr'><strong>prophe-</strong></span> 
     </span>
    </p>
   </div>
   <div class='ocr_carea' id='block_1_42' title="bbox 434 4235 2018 4306">
    <p class='ocr_par' dir='ltr' id='par_1_42' title="bbox 434 4235 2018 4306">
     <span class='ocr_line' id='line_1_42' title="bbox 434 4235 2018 4306; baseline 0.006 -19"><span class='ocrx_word' id='word_1_316' title='bbox 434 4243 517 4288; x_wconf 88' lang='lat' dir='ltr'><strong>tas</strong></span> <span class='ocrx_word' id='word_1_317' title='bbox 542 4241 596 4288; x_wconf 92' lang='lat' dir='ltr'><strong>et</strong></span> <span class='ocrx_word' id='word_1_318' title='bbox 621 4235 890 4303; x_wconf 88' lang='lat' dir='ltr'><strong>apostolos</strong></span> <span class='ocrx_word' id='word_1_319' title='bbox 919 4236 1133 4300; x_wconf 90' lang='lat' dir='ltr'><strong>audisti,</strong></span> <span class='ocrx_word' id='word_1_320' title='bbox 1177 4245 1232 4291; x_wconf 88' lang='lat' dir='ltr'><strong>ct</strong></span> <span class='ocrx_word' id='word_1_321' title='bbox 1270 4251 1365 4306; x_wconf 91' lang='lat' dir='ltr'><strong>per</strong></span> <span class='ocrx_word' id='word_1_322' title='bbox 1411 4237 1552 4306; x_wconf 91' lang='lat' dir='ltr'><strong>ipsas</strong></span> <span class='ocrx_word' id='word_1_323' title='bbox 1593 4253 1679 4293; x_wconf 90' lang='lat' dir='ltr'><strong>res</strong></span> <span class='ocrx_word' id='word_1_324' title='bbox 1728 4241 2018 4296; x_wconf 90' lang='lat' dir='ltr'><strong>instructus</strong></span> 
     </span>
    </p>
   </div>
   <div class='ocr_carea' id='block_1_43' title="bbox 431 4327 2019 4400">
    <p class='ocr_par' dir='ltr' id='par_1_43' title="bbox 431 4327 2019 4400">
     <span class='ocr_line' id='line_1_43' title="bbox 431 4327 2019 4400; baseline 0.003 -20"><span class='ocrx_word' id='word_1_325' title='bbox 431 4342 513 4392; x_wconf 91' lang='lat' dir='ltr'><strong>es,</strong></span> <span class='ocrx_word' id='word_1_326' title='bbox 542 4343 642 4382; x_wconf 91' lang='lat' dir='ltr'><strong>nec</strong></span> <span class='ocrx_word' id='word_1_327' title='bbox 665 4327 732 4381; x_wconf 90' lang='lat' dir='ltr'><strong>ad</strong></span> <span class='ocrx_word' id='word_1_328' title='bbox 760 4328 1002 4381; x_wconf 88' lang='lat' dir='ltr'><strong>eamdem</strong></span> <span class='ocrx_word' id='word_1_329' title='bbox 1033 4343 1152 4380; x_wconf 91' lang='lat' dir='ltr'><strong>cum</strong></span> <span class='ocrx_word' id='word_1_330' title='bbox 1183 4327 1312 4396; x_wconf 91' lang='lat' dir='ltr'><strong>ipsis</strong></span> <span class='ocrx_word' id='word_1_331' title='bbox 1337 4344 1640 4382; x_wconf 87' lang='lat' dir='ltr'><strong>mensuram</strong></span> <span class='ocrx_word' id='word_1_332' title='bbox 1663 4331 1870 4384; x_wconf 87' lang='lat' dir='ltr'><strong>virtutis</strong></span> <span class='ocrx_word' id='word_1_333' title='bbox 1897 4348 2019 4400; x_wconf 87' lang='lat' dir='ltr'><strong>pcr-</strong></span> 
     </span>
    </p>
   </div>
   <div class='ocr_carea' id='block_1_44' title="bbox 432 4416 2014 4484">
    <p class='ocr_par' dir='ltr' id='par_1_44' title="bbox 432 4416 2014 4484">
     <span class='ocr_line' id='line_1_44' title="bbox 432 4416 2014 4484; baseline 0.005 -18"><span class='ocrx_word' id='word_1_334' title='bbox 432 4420 615 4470; x_wconf 90' lang='lat' dir='ltr'><strong>venire</strong></span> <span class='ocrx_word' id='word_1_335' title='bbox 661 4416 998 4469; x_wconf 85' lang='lat' dir='ltr'><strong>contendas?</strong></span> <span class='ocrx_word' id='word_1_336' title='bbox 1051 4416 1234 4484; x_wconf 83' lang='lat' dir='ltr'><strong>Magna</strong></span> <span class='ocrx_word' id='word_1_337' title='bbox 1289 4416 1448 4484; x_wconf 83' lang='lat' dir='ltr'><strong>igitur</strong></span> <span class='ocrx_word' id='word_1_338' title='bbox 1500 4417 1688 4471; x_wconf 90' lang='lat' dir='ltr'><strong>horum</strong></span> <span class='ocrx_word' id='word_1_339' title='bbox 1740 4419 2014 4474; x_wconf 90' lang='lat' dir='ltr'><strong>hominum</strong></span> 
     </span>
    </p>
   </div>
   <div class='ocr_carea' id='block_1_45' title="bbox 433 4505 2012 4572">
    <p class='ocr_par' dir='ltr' id='par_1_45' title="bbox 433 4505 2012 4572">
     <span class='ocr_line' id='line_1_45' title="bbox 433 4505 2012 4572; baseline 0.004 -16"><span class='ocrx_word' id='word_1_340' title='bbox 433 4507 621 4569; x_wconf 87' lang='lat' dir='ltr'><strong>virtus,</strong></span> <span class='ocrx_word' id='word_1_341' title='bbox 653 4506 824 4558; x_wconf 91' lang='lat' dir='ltr'><strong>multo</strong></span> <span class='ocrx_word' id='word_1_342' title='bbox 847 4515 1026 4558; x_wconf 91' lang='lat' dir='ltr'><strong>autem</strong></span> <span class='ocrx_word' id='word_1_343' title='bbox 1054 4505 1223 4572; x_wconf 84' lang='lat' dir='ltr'><strong>major</strong></span> <span class='ocrx_word' id='word_1_344' title='bbox 1248 4505 1341 4558; x_wconf 84' lang='lat' dir='ltr'><strong>Dei</strong></span> <span class='ocrx_word' id='word_1_345' title='bbox 1366 4505 1668 4570; x_wconf 87' lang='lat' dir='ltr'><strong>clementia,</strong></span> <span class='ocrx_word' id='word_1_346' title='bbox 1700 4518 1754 4560; x_wconf 90' lang='lat' dir='ltr'><strong>et</strong></span> <span class='ocrx_word' id='word_1_347' title='bbox 1784 4508 1920 4563; x_wconf 90' lang='lat' dir='ltr'><strong>hanc</strong></span> <span class='ocrx_word' id='word_1_348' title='bbox 1949 4525 2012 4563; x_wconf 86' lang='lat' dir='ltr'><strong>ex</strong></span> 
     </span>
    </p>
   </div>
   <div class='ocr_carea' id='block_1_46' title="bbox 433 4595 2016 4664">
    <p class='ocr_par' dir='ltr' id='par_1_46' title="bbox 433 4595 2016 4664">
     <span class='ocr_line' id='line_1_46' title="bbox 433 4595 2016 4664; baseline 0.004 -15"><span class='ocrx_word' id='word_1_349' title='bbox 433 4597 546 4664; x_wconf 89' lang='lat' dir='ltr'><strong>ipsa</strong></span> <span class='ocrx_word' id='word_1_350' title='bbox 592 4596 854 4649; x_wconf 90' lang='lat' dir='ltr'><strong>minarum</strong></span> <span class='ocrx_word' id='word_1_351' title='bbox 887 4595 1247 4664; x_wconf 87' lang='lat' dir='ltr'><strong>magnitudine</strong></span> <span class='ocrx_word' id='word_1_352' title='bbox 1276 4596 1586 4664; x_wconf 81' lang='lat' dir='ltr'><strong>conspicere</strong></span> <span class='ocrx_word' id='word_1_353' title='bbox 1614 4597 1754 4651; x_wconf 89' lang='lat' dir='ltr'><strong>licet.</strong></span> <span class='ocrx_word' id='word_1_354' title='bbox 1808 4598 1887 4653; x_wconf 92' lang='lat' dir='ltr'><strong>Ob</strong></span> <span class='ocrx_word' id='word_1_355' title='bbox 1916 4600 2016 4656; x_wconf 89' lang='lat' dir='ltr'><strong>hoc</strong></span> 
     </span>
    </p>
   </div>
   <div class='ocr_carea' id='block_1_47' title="bbox 430 4686 2014 4758">
    <p class='ocr_par' dir='ltr' id='par_1_47' title="bbox 430 4686 2014 4758">
     <span class='ocr_line' id='line_1_47' title="bbox 430 4686 2014 4758; baseline 0.003 -16"><span class='ocrx_word' id='word_1_356' title='bbox 430 4689 574 4742; x_wconf 91' lang='lat' dir='ltr'><strong>enim</strong></span> <span class='ocrx_word' id='word_1_357' title='bbox 619 4689 898 4742; x_wconf 67' lang='lat' dir='ltr'><strong>sententiae</strong></span> <span class='ocrx_word' id='word_1_358' title='bbox 948 4703 1050 4741; x_wconf 93' lang='lat' dir='ltr'><strong>non</strong></span> <span class='ocrx_word' id='word_1_359' title='bbox 1095 4687 1299 4740; x_wconf 89' lang='lat' dir='ltr'><strong>addidit</strong></span> <span class='ocrx_word' id='word_1_360' title='bbox 1334 4705 1348 4741; x_wconf 91' lang='lat'><strong>:</strong></span> <span class='ocrx_word' id='word_1_361' title='bbox 1383 4686 1435 4741; x_wconf 90' lang='lat' dir='ltr'><strong>Si</strong></span> <span class='ocrx_word' id='word_1_362' title='bbox 1479 4704 1604 4742; x_wconf 87' lang='lat' dir='ltr'><strong>vero</strong></span> <span class='ocrx_word' id='word_1_363' title='bbox 1651 4691 2014 4758; x_wconf 77' lang='lat' dir='ltr'><strong>ptenitentiam</strong></span> 
     </span>
    </p>
   </div>
   <div class='ocr_carea' id='block_1_48' title="bbox 432 4777 2012 4850">
    <p class='ocr_par' dir='ltr' id='par_1_48' title="bbox 432 4777 2012 4850">
     <span class='ocr_line' id='line_1_48' title="bbox 432 4777 2012 4850; baseline 0.004 -18"><span class='ocrx_word' id='word_1_364' title='bbox 432 4779 668 4847; x_wconf 85' lang='lat' dir='ltr'><strong>egeritis,</strong></span> <span class='ocrx_word' id='word_1_365' title='bbox 701 4793 938 4847; x_wconf 90' lang='lat' dir='ltr'><strong>paream,</strong></span> <span class='ocrx_word' id='word_1_366' title='bbox 971 4787 1028 4832; x_wconf 94' lang='lat' dir='ltr'><strong>ut</strong></span> <span class='ocrx_word' id='word_1_367' title='bbox 1055 4777 1381 4832; x_wconf 86' lang='lat' dir='ltr'><strong>indelinitam</strong></span> <span class='ocrx_word' id='word_1_368' title='bbox 1414 4778 1645 4834; x_wconf 84' lang='lat' dir='ltr'><strong>inferens</strong></span> <span class='ocrx_word' id='word_1_369' title='bbox 1672 4784 2012 4850; x_wconf 86' lang='lat' dir='ltr'><strong>sententiam,</strong></span> 
     </span>
    </p>
   </div>
   <div class='ocr_carea' id='block_1_49' title="bbox 433 4870 2014 4941">
    <p class='ocr_par' dir='ltr' id='par_1_49' title="bbox 433 4870 2014 4941">
     <span class='ocr_line' id='line_1_49' title="bbox 433 4870 2014 4941; baseline 0.004 -20"><span class='ocrx_word' id='word_1_370' title='bbox 433 4878 635 4922; x_wconf 89' lang='lat' dir='ltr'><strong>metum</strong></span> <span class='ocrx_word' id='word_1_371' title='bbox 664 4877 884 4938; x_wconf 90' lang='lat' dir='ltr'><strong>augeret</strong></span> <span class='ocrx_word' id='word_1_372' title='bbox 903 4908 918 4931; x_wconf 93' lang='lat'><strong>,</strong></span> <span class='ocrx_word' id='word_1_373' title='bbox 961 4882 1023 4921; x_wconf 91' lang='lat' dir='ltr'><strong>ac</strong></span> <span class='ocrx_word' id='word_1_374' title='bbox 1050 4878 1191 4922; x_wconf 91' lang='lat' dir='ltr'><strong>metu</strong></span> <span class='ocrx_word' id='word_1_375' title='bbox 1217 4878 1376 4924; x_wconf 87' lang='lat' dir='ltr'><strong>aucto</strong></span> <span class='ocrx_word' id='word_1_376' title='bbox 1401 4870 1626 4924; x_wconf 91' lang='lat' dir='ltr'><strong>celerius</strong></span> <span class='ocrx_word' id='word_1_377' title='bbox 1649 4871 1714 4925; x_wconf 89' lang='lat' dir='ltr'><strong>ad</strong></span> <span class='ocrx_word' id='word_1_378' title='bbox 1747 4874 2014 4941; x_wconf 61' lang='lat' dir='ltr'><strong>paeniten-</strong></span> 
     </span>
    </p>
   </div>
   <div class='ocr_carea' id='block_1_50' title="bbox 432 4958 2018 5028">
    <p class='ocr_par' dir='ltr' id='par_1_50' title="bbox 432 4958 2018 5028">
     <span class='ocr_line' id='line_1_50' title="bbox 432 4958 2018 5028; baseline 0.008 -19"><span class='ocrx_word' id='word_1_379' title='bbox 432 4959 560 5010; x_wconf 87' lang='lat' dir='ltr'><strong>tiam</strong></span> <span class='ocrx_word' id='word_1_380' title='bbox 586 4958 949 5025; x_wconf 89' lang='lat' dir='ltr'><strong>compelleret.</strong></span> <span class='ocrx_word' id='word_1_381' title='bbox 982 4958 1044 5011; x_wconf 84' lang='lat' dir='ltr'><strong>Et</strong></span> <span class='ocrx_word' id='word_1_382' title='bbox 1071 4959 1328 5027; x_wconf 89' lang='lat' dir='ltr'><strong>propheta</strong></span> <span class='ocrx_word' id='word_1_383' title='bbox 1355 4960 1566 5028; x_wconf 90' lang='lat' dir='ltr'><strong>quidem</strong></span> <span class='ocrx_word' id='word_1_384' title='bbox 1591 4964 1857 5021; x_wconf 86' lang='lat' dir='ltr'><strong>erubescit</strong></span> <span class='ocrx_word' id='word_1_385' title='bbox 1880 4966 2018 5021; x_wconf 87' lang='lat' dir='ltr'><strong>futu-</strong></span> 
     </span>
    </p>
   </div>
   <div class='ocr_carea' id='block_1_51' title="bbox 431 5048 2018 5120">
    <p class='ocr_par' dir='ltr' id='par_1_51' title="bbox 431 5048 2018 5120">
     <span class='ocr_line' id='line_1_51' title="bbox 431 5048 2018 5120; baseline 0.008 -20"><span class='ocrx_word' id='word_1_386' title='bbox 431 5062 550 5100; x_wconf 86' lang='lat' dir='ltr'><strong>rum</strong></span> <span class='ocrx_word' id='word_1_387' title='bbox 594 5049 771 5102; x_wconf 89' lang='lat' dir='ltr'><strong>sciens</strong></span> <span class='ocrx_word' id='word_1_388' title='bbox 813 5057 870 5102; x_wconf 89' lang='lat' dir='ltr'><strong>et</strong></span> <span class='ocrx_word' id='word_1_389' title='bbox 909 5048 1255 5116; x_wconf 77' lang='lat' dir='ltr'><strong>coniectans,</strong></span> <span class='ocrx_word' id='word_1_390' title='bbox 1301 5052 1445 5120; x_wconf 90' lang='lat' dir='ltr'><strong>quod</strong></span> <span class='ocrx_word' id='word_1_391' title='bbox 1488 5053 1681 5108; x_wconf 89' lang='lat' dir='ltr'><strong>infecta</strong></span> <span class='ocrx_word' id='word_1_392' title='bbox 1730 5058 2018 5112; x_wconf 89' lang='lat' dir='ltr'><strong>manebunt</strong></span> 
     </span>
    </p>
   </div>
   <div class='ocr_carea' id='block_1_52' title="bbox 431 5138 2017 5208">
    <p class='ocr_par' dir='ltr' id='par_1_52' title="bbox 431 5138 2017 5208">
     <span class='ocr_line' id='line_1_52' title="bbox 431 5138 2017 5208; baseline 0.007 -16"><span class='ocrx_word' id='word_1_393' title='bbox 431 5138 613 5203; x_wconf 86' lang='lat' dir='ltr'><strong>dicta;</strong></span> <span class='ocrx_word' id='word_1_394' title='bbox 656 5139 796 5192; x_wconf 90' lang='lat' dir='ltr'><strong>Deus</strong></span> <span class='ocrx_word' id='word_1_395' title='bbox 836 5147 1011 5193; x_wconf 90' lang='lat' dir='ltr'><strong>autem</strong></span> <span class='ocrx_word' id='word_1_396' title='bbox 1043 5155 1148 5193; x_wconf 89' lang='lat' dir='ltr'><strong>non</strong></span> <span class='ocrx_word' id='word_1_397' title='bbox 1195 5142 1498 5208; x_wconf 89' lang='lat' dir='ltr'><strong>erubescit,</strong></span> <span class='ocrx_word' id='word_1_398' title='bbox 1545 5147 1638 5200; x_wconf 90' lang='lat' dir='ltr'><strong>sed</strong></span> <span class='ocrx_word' id='word_1_399' title='bbox 1668 5164 1827 5201; x_wconf 93' lang='lat' dir='ltr'><strong>unum</strong></span> <span class='ocrx_word' id='word_1_400' title='bbox 1860 5149 2017 5204; x_wconf 83' lang='lat' dir='ltr'><strong>dum-</strong></span> 
     </span>
    </p>
   </div>
   <div class='ocr_carea' id='block_1_53' title="bbox 435 5230 2014 5304">
    <p class='ocr_par' dir='ltr' id='par_1_53' title="bbox 435 5230 2014 5304">
     <span class='ocr_line' id='line_1_53' title="bbox 435 5230 2014 5304; baseline 0.006 -20"><span class='ocrx_word' id='word_1_401' title='bbox 435 5240 608 5294; x_wconf 72' lang='lat' dir='ltr'><strong>taxat,</strong></span> <span class='ocrx_word' id='word_1_402' title='bbox 641 5230 914 5285; x_wconf 91' lang='lat' dir='ltr'><strong>hominum</strong></span> <span class='ocrx_word' id='word_1_403' title='bbox 953 5231 1153 5285; x_wconf 87' lang='lat' dir='ltr'><strong>scilicet</strong></span> <span class='ocrx_word' id='word_1_404' title='bbox 1178 5232 1400 5286; x_wconf 90' lang='lat' dir='ltr'><strong>salutem</strong></span> <span class='ocrx_word' id='word_1_405' title='bbox 1423 5274 1436 5296; x_wconf 88' lang='lat'><strong>,</strong></span> <span class='ocrx_word' id='word_1_406' title='bbox 1469 5237 1688 5304; x_wconf 70' lang='lat' dir='ltr'><strong>quzerit,</strong></span> <span class='ocrx_word' id='word_1_407' title='bbox 1723 5249 1778 5292; x_wconf 89' lang='lat' dir='ltr'><strong>et</strong></span> <span class='ocrx_word' id='word_1_408' title='bbox 1805 5253 2014 5293; x_wconf 87' lang='lat' dir='ltr'><strong>servum</strong></span> 
     </span>
    </p>
   </div>
   <div class='ocr_carea' id='block_1_54' title="bbox 433 5323 2018 5400">
    <p class='ocr_par' dir='ltr' id='par_1_54' title="bbox 433 5323 2018 5400">
     <span class='ocr_line' id='line_1_54' title="bbox 433 5323 2018 5400; baseline 0.006 -24"><span class='ocrx_word' id='word_1_409' title='bbox 433 5340 587 5377; x_wconf 77' lang='lat' dir='ltr'><strong>suum</strong></span> <span class='ocrx_word' id='word_1_410' title='bbox 618 5323 885 5378; x_wconf 88' lang='lat' dir='ltr'><strong>emendat.</strong></span> <span class='ocrx_word' id='word_1_411' title='bbox 922 5323 1205 5394; x_wconf 83' lang='lat' dir='ltr'><strong>Postquam</strong></span> <span class='ocrx_word' id='word_1_412' title='bbox 1231 5324 1373 5379; x_wconf 90' lang='lat' dir='ltr'><strong>enim</strong></span> <span class='ocrx_word' id='word_1_413' title='bbox 1403 5328 1664 5395; x_wconf 83' lang='lat' dir='ltr'><strong>navigium</strong></span> <span class='ocrx_word' id='word_1_414' title='bbox 1696 5330 1784 5384; x_wconf 90' lang='lat' dir='ltr'><strong>ille</strong></span> <span class='ocrx_word' id='word_1_415' title='bbox 1817 5332 2018 5400; x_wconf 84' lang='lat' dir='ltr'><strong>ingres-</strong></span> 
     </span>
    </p>
   </div>
   <div class='ocr_carea' id='block_1_55' title="bbox 433 5416 2014 5491">
    <p class='ocr_par' dir='ltr' id='par_1_55' title="bbox 433 5416 2014 5491">
     <span class='ocr_line' id='line_1_55' title="bbox 433 5416 2014 5491; baseline 0.005 -22"><span class='ocrx_word' id='word_1_416' title='bbox 433 5431 526 5469; x_wconf 79' lang='lat' dir='ltr'><strong>sus</strong></span> <span class='ocrx_word' id='word_1_417' title='bbox 554 5424 675 5478; x_wconf 90' lang='lat' dir='ltr'><strong>est,</strong></span> <span class='ocrx_word' id='word_1_418' title='bbox 720 5416 898 5469; x_wconf 86' lang='lat' dir='ltr'><strong>statim</strong></span> <span class='ocrx_word' id='word_1_419' title='bbox 941 5416 1188 5469; x_wconf 89' lang='lat' dir='ltr'><strong>excitavit</strong></span> <span class='ocrx_word' id='word_1_420' title='bbox 1233 5430 1399 5480; x_wconf 89' lang='lat' dir='ltr'><strong>mare,</strong></span> <span class='ocrx_word' id='word_1_421' title='bbox 1442 5426 1500 5470; x_wconf 91' lang='lat' dir='ltr'><strong>ut</strong></span> <span class='ocrx_word' id='word_1_422' title='bbox 1541 5419 1716 5474; x_wconf 87' lang='lat' dir='ltr'><strong>discas</strong></span> <span class='ocrx_word' id='word_1_423' title='bbox 1759 5424 1897 5491; x_wconf 90' lang='lat' dir='ltr'><strong>quod</strong></span> <span class='ocrx_word' id='word_1_424' title='bbox 1926 5424 2014 5476; x_wconf 90' lang='lat' dir='ltr'><strong>ubi</strong></span> 
     </span>
    </p>
   </div>
   <div class='ocr_carea' id='block_1_56' title="bbox 437 5505 2018 5575">
    <p class='ocr_par' dir='ltr' id='par_1_56' title="bbox 437 5505 2018 5575">
     <span class='ocr_line' id='line_1_56' title="bbox 437 5505 2018 5575; baseline 0.008 -20"><span class='ocrx_word' id='word_1_425' title='bbox 437 5513 711 5570; x_wconf 89' lang='lat' dir='ltr'><strong>peccatum</strong></span> <span class='ocrx_word' id='word_1_426' title='bbox 733 5545 748 5568; x_wconf 93' lang='lat'><strong>,</strong></span> <span class='ocrx_word' id='word_1_427' title='bbox 781 5505 852 5559; x_wconf 92' lang='lat' dir='ltr'><strong>ibi</strong></span> <span class='ocrx_word' id='word_1_428' title='bbox 883 5506 1138 5575; x_wconf 91' lang='lat' dir='ltr'><strong>procella,</strong></span> <span class='ocrx_word' id='word_1_429' title='bbox 1168 5506 1256 5560; x_wconf 92' lang='lat' dir='ltr'><strong>ubi</strong></span> <span class='ocrx_word' id='word_1_430' title='bbox 1288 5505 1665 5568; x_wconf 87' lang='lat' dir='ltr'><strong>inobedientia,</strong></span> <span class='ocrx_word' id='word_1_431' title='bbox 1697 5511 1765 5564; x_wconf 92' lang='lat' dir='ltr'><strong>ibi</strong></span> <span class='ocrx_word' id='word_1_432' title='bbox 1797 5511 2018 5566; x_wconf 84' lang='lat' dir='ltr'><strong>ﬂuctua-</strong></span> 
     </span>
    </p>
   </div>
   <div class='ocr_carea' id='block_1_57' title="bbox 435 5595 2016 5670">
    <p class='ocr_par' dir='ltr' id='par_1_57' title="bbox 435 5595 2016 5670">
     <span class='ocr_line' id='line_1_57' title="bbox 435 5595 2016 5670; baseline 0.007 -23"><span class='ocrx_word' id='word_1_433' title='bbox 435 5595 511 5647; x_wconf 87' lang='lat' dir='ltr'><strong>tiu</strong></span> <span class='ocrx_word' id='word_1_434' title='bbox 540 5609 554 5645; x_wconf 86' lang='lat'><strong>:</strong></span> <span class='ocrx_word' id='word_1_435' title='bbox 585 5603 640 5647; x_wconf 92' lang='lat' dir='ltr'><strong>et</strong></span> <span class='ocrx_word' id='word_1_436' title='bbox 684 5595 1021 5661; x_wconf 88' lang='lat' dir='ltr'><strong>quatiebatur</strong></span> <span class='ocrx_word' id='word_1_437' title='bbox 1062 5597 1274 5666; x_wconf 88' lang='lat' dir='ltr'><strong>quidem</strong></span> <span class='ocrx_word' id='word_1_438' title='bbox 1318 5597 1500 5651; x_wconf 85' lang='lat' dir='ltr'><strong>civitas</strong></span> <span class='ocrx_word' id='word_1_439' title='bbox 1543 5610 1758 5668; x_wconf 77' lang='lat' dir='ltr'><strong>propter</strong></span> <span class='ocrx_word' id='word_1_440' title='bbox 1799 5613 2016 5670; x_wconf 84' lang='lat' dir='ltr'><strong>peccata</strong></span> 
     </span>
    </p>
   </div>
   <div class='ocr_carea' id='block_1_58' title="bbox 437 5686 2018 5762">
    <p class='ocr_par' dir='ltr' id='par_1_58' title="bbox 437 5686 2018 5762">
     <span class='ocr_line' id='line_1_58' title="bbox 437 5686 2018 5762; baseline 0.006 -22"><span class='ocrx_word' id='word_1_441' title='bbox 437 5686 806 5750; x_wconf 80' lang='lat' dir='ltr'><strong>Ninivitarum,</strong></span> <span class='ocrx_word' id='word_1_442' title='bbox 851 5688 1188 5757; x_wconf 90' lang='lat' dir='ltr'><strong>quatiebatur</strong></span> <span class='ocrx_word' id='word_1_443' title='bbox 1224 5699 1400 5744; x_wconf 91' lang='lat' dir='ltr'><strong>autem</strong></span> <span class='ocrx_word' id='word_1_444' title='bbox 1431 5699 1485 5744; x_wconf 88' lang='lat' dir='ltr'><strong>et</strong></span> <span class='ocrx_word' id='word_1_445' title='bbox 1510 5690 1774 5758; x_wconf 86' lang='lat' dir='ltr'><strong>navigium</strong></span> <span class='ocrx_word' id='word_1_446' title='bbox 1801 5703 2018 5762; x_wconf 89' lang='lat' dir='ltr'><strong>propter</strong></span> 
     </span>
    </p>
   </div>
   <div class='ocr_carea' id='block_1_59' title="bbox 437 5778 2018 5852">
    <p class='ocr_par' dir='ltr' id='par_1_59' title="bbox 437 5778 2018 5852">
     <span class='ocr_line' id='line_1_59' title="bbox 437 5778 2018 5852; baseline 0.006 -21"><span class='ocrx_word' id='word_1_447' title='bbox 437 5779 714 5848; x_wconf 65' lang='lat' dir='ltr'><strong>propheta:</strong></span> <span class='ocrx_word' id='word_1_448' title='bbox 757 5778 1190 5835; x_wconf 89' lang='lat' dir='ltr'><strong>inobedientiam.</strong></span> <span class='ocrx_word' id='word_1_449' title='bbox 1240 5781 1318 5835; x_wconf 91' lang='lat' dir='ltr'><strong>Illi</strong></span> <span class='ocrx_word' id='word_1_450' title='bbox 1364 5783 1519 5852; x_wconf 88' lang='lat' dir='ltr'><strong>igitur</strong></span> <span class='ocrx_word' id='word_1_451' title='bbox 1543 5781 1730 5836; x_wconf 83' lang='lat' dir='ltr'><strong>Jonam</strong></span> <span class='ocrx_word' id='word_1_452' title='bbox 1772 5784 1825 5838; x_wconf 91' lang='lat' dir='ltr'><strong>in</strong></span> <span class='ocrx_word' id='word_1_453' title='bbox 1871 5800 2018 5842; x_wconf 90' lang='lat' dir='ltr'><strong>mare</strong></span> 
     </span>
    </p>
   </div>
   <div class='ocr_carea' id='block_1_60' title="bbox 434 5871 2017 5947">
    <p class='ocr_par' dir='ltr' id='par_1_60' title="bbox 434 5871 2017 5947">
     <span class='ocr_line' id='line_1_60' title="bbox 434 5871 2017 5947; baseline 0.006 -24"><span class='ocrx_word' id='word_1_454' title='bbox 434 5871 748 5941; x_wconf 82' lang='lat' dir='ltr'><strong>dejcccrunt</strong></span> <span class='ocrx_word' id='word_1_455' title='bbox 769 5911 784 5937; x_wconf 93' lang='lat'><strong>,</strong></span> <span class='ocrx_word' id='word_1_456' title='bbox 824 5880 876 5926; x_wconf 92' lang='lat' dir='ltr'><strong>ct</strong></span> <span class='ocrx_word' id='word_1_457' title='bbox 917 5871 1061 5927; x_wconf 84' lang='lat' dir='ltr'><strong>stetit</strong></span> <span class='ocrx_word' id='word_1_458' title='bbox 1088 5872 1355 5945; x_wconf 85' lang='lat' dir='ltr'><strong>navigium</strong></span> <span class='ocrx_word' id='word_1_459' title='bbox 1386 5892 1398 5926; x_wconf 92' lang='lat'><strong>:</strong></span> <span class='ocrx_word' id='word_1_460' title='bbox 1428 5890 1525 5930; x_wconf 86' lang='lat' dir='ltr'><strong>nos</strong></span> <span class='ocrx_word' id='word_1_461' title='bbox 1553 5889 1763 5946; x_wconf 88' lang='lat' dir='ltr'><strong>quoque</strong></span> <span class='ocrx_word' id='word_1_462' title='bbox 1803 5887 2017 5947; x_wconf 86' lang='lat' dir='ltr'><strong>peccata</strong></span> 
     </span>
    </p>
   </div>
   <div class='ocr_carea' id='block_1_61' title="bbox 2126 605 3706 682">
    <p class='ocr_par' dir='ltr' id='par_1_61' title="bbox 2126 605 3706 682">
     <span class='ocr_line' id='line_1_61' title="bbox 2126 605 3706 682; baseline 0.006 -24"><span class='ocrx_word' id='word_1_463' title='bbox 2126 605 2531 675; x_wconf 86' lang='lat' dir='ltr'><strong>submergamus</strong></span> <span class='ocrx_word' id='word_1_464' title='bbox 2550 650 2565 675; x_wconf 90' lang='lat'><strong>,</strong></span> <span class='ocrx_word' id='word_1_465' title='bbox 2597 618 2650 665; x_wconf 90' lang='lat' dir='ltr'><strong>et</strong></span> <span class='ocrx_word' id='word_1_466' title='bbox 2676 609 2862 666; x_wconf 87' lang='lat' dir='ltr'><strong>civitas</strong></span> <span class='ocrx_word' id='word_1_467' title='bbox 2887 613 3105 668; x_wconf 90' lang='lat' dir='ltr'><strong>omnino</strong></span> <span class='ocrx_word' id='word_1_468' title='bbox 3133 611 3311 668; x_wconf 81' lang='lat' dir='ltr'><strong>stabit.</strong></span> <span class='ocrx_word' id='word_1_469' title='bbox 3363 611 3544 682; x_wconf 87' lang='lat' dir='ltr'><strong>Itaque</strong></span> <span class='ocrx_word' id='word_1_470' title='bbox 3572 613 3706 682; x_wconf 77' lang='lat' dir='ltr'><strong>fuga:</strong></span> 
     </span>
    </p>
   </div>
   <div class='ocr_carea' id='block_1_62' title="bbox 2122 695 3705 774">
    <p class='ocr_par' dir='ltr' id='par_1_62' title="bbox 2122 695 3705 774">
     <span class='ocr_line' id='line_1_62' title="bbox 2122 695 3705 774; baseline 0.006 -26"><span class='ocrx_word' id='word_1_471' title='bbox 2122 696 2267 749; x_wconf 90' lang='lat' dir='ltr'><strong>nulla</strong></span> <span class='ocrx_word' id='word_1_472' title='bbox 2295 695 2450 751; x_wconf 84' lang='lat' dir='ltr'><strong>nobis</strong></span> <span class='ocrx_word' id='word_1_473' title='bbox 2475 699 2708 764; x_wconf 87' lang='lat' dir='ltr'><strong>utilitas,</strong></span> <span class='ocrx_word' id='word_1_474' title='bbox 2745 701 2884 756; x_wconf 89' lang='lat' dir='ltr'><strong>sicut</strong></span> <span class='ocrx_word' id='word_1_475' title='bbox 2929 717 3027 758; x_wconf 93' lang='lat' dir='ltr'><strong>nec</strong></span> <span class='ocrx_word' id='word_1_476' title='bbox 3061 703 3210 758; x_wconf 91' lang='lat' dir='ltr'><strong>illum</strong></span> <span class='ocrx_word' id='word_1_477' title='bbox 3256 703 3374 774; x_wconf 83' lang='lat' dir='ltr'><strong>fuga</strong></span> <span class='ocrx_word' id='word_1_478' title='bbox 3420 702 3705 774; x_wconf 81' lang='lat' dir='ltr'><strong>quidquam</strong></span> 
     </span>
    </p>
   </div>
   <div class='ocr_carea' id='block_1_63' title="bbox 2120 785 3707 864">
    <p class='ocr_par' dir='ltr' id='par_1_63' title="bbox 2120 785 3707 864">
     <span class='ocr_line' id='line_1_63' title="bbox 2120 785 3707 864; baseline 0.005 -25"><span class='ocrx_word' id='word_1_479' title='bbox 2120 785 2351 854; x_wconf 88' lang='lat' dir='ltr'><strong>adjuvit,</strong></span> <span class='ocrx_word' id='word_1_480' title='bbox 2397 786 2637 856; x_wconf 91' lang='lat' dir='ltr'><strong>quinimo</strong></span> <span class='ocrx_word' id='word_1_481' title='bbox 2665 799 2721 845; x_wconf 91' lang='lat' dir='ltr'><strong>et</strong></span> <span class='ocrx_word' id='word_1_482' title='bbox 2747 791 2885 845; x_wconf 64' lang='lat' dir='ltr'><strong>laesit</strong></span> <span class='ocrx_word' id='word_1_483' title='bbox 2921 808 2935 843; x_wconf 87' lang='lat'><strong>:</strong></span> <span class='ocrx_word' id='word_1_484' title='bbox 2967 792 3200 862; x_wconf 83' lang='lat' dir='ltr'><strong>fugiebat</strong></span> <span class='ocrx_word' id='word_1_485' title='bbox 3243 809 3372 864; x_wconf 82' lang='lat' dir='ltr'><strong>ergo</strong></span> <span class='ocrx_word' id='word_1_486' title='bbox 3400 804 3628 860; x_wconf 89' lang='lat' dir='ltr'><strong>terram,</strong></span> <span class='ocrx_word' id='word_1_487' title='bbox 3656 803 3707 848; x_wconf 85' lang='lat' dir='ltr'><strong>et</strong></span> 
     </span>
    </p>
   </div>
   <div class='ocr_carea' id='block_1_64' title="bbox 2123 877 3702 953">
    <p class='ocr_par' dir='ltr' id='par_1_64' title="bbox 2123 877 3702 953">
     <span class='ocr_line' id='line_1_64' title="bbox 2123 877 3702 953; baseline 0.004 -21"><span class='ocrx_word' id='word_1_488' title='bbox 2123 877 2215 932; x_wconf 91' lang='lat' dir='ltr'><strong>Dei</strong></span> <span class='ocrx_word' id='word_1_489' title='bbox 2244 879 2375 933; x_wconf 90' lang='lat' dir='ltr'><strong>iram</strong></span> <span class='ocrx_word' id='word_1_490' title='bbox 2403 893 2510 933; x_wconf 91' lang='lat' dir='ltr'><strong>non</strong></span> <span class='ocrx_word' id='word_1_491' title='bbox 2539 879 2836 950; x_wconf 86' lang='lat' dir='ltr'><strong>ell&#39;ugiebat.</strong></span> <span class='ocrx_word' id='word_1_492' title='bbox 2871 882 3124 952; x_wconf 84' lang='lat' dir='ltr'><strong>Fugiebat</strong></span> <span class='ocrx_word' id='word_1_493' title='bbox 3150 896 3372 953; x_wconf 91' lang='lat' dir='ltr'><strong>terram,</strong></span> <span class='ocrx_word' id='word_1_494' title='bbox 3398 895 3455 941; x_wconf 84' lang='lat' dir='ltr'><strong>et</strong></span> <span class='ocrx_word' id='word_1_495' title='bbox 3478 885 3529 938; x_wconf 92' lang='lat' dir='ltr'><strong>in</strong></span> <span class='ocrx_word' id='word_1_496' title='bbox 3555 900 3702 939; x_wconf 89' lang='lat' dir='ltr'><strong>mare</strong></span> 
     </span>
    </p>
   </div>
   <div class='ocr_carea' id='block_1_65' title="bbox 2120 969 3707 1044">
    <p class='ocr_par' dir='ltr' id='par_1_65' title="bbox 2120 969 3707 1044">
     <span class='ocr_line' id='line_1_65' title="bbox 2120 969 3707 1044; baseline 0.004 -22"><span class='ocrx_word' id='word_1_497' title='bbox 2120 975 2491 1038; x_wconf 81' lang='lat' dir='ltr'><strong>tempestatem</strong></span> <span class='ocrx_word' id='word_1_498' title='bbox 2536 969 2744 1026; x_wconf 83' lang='lat' dir='ltr'><strong>induxit</strong></span> <span class='ocrx_word' id='word_1_499' title='bbox 2786 991 2800 1027; x_wconf 88' lang='lat'>:</span> <span class='ocrx_word' id='word_1_500' title='bbox 2847 988 2946 1029; x_wconf 92' lang='lat' dir='ltr'><strong>nec</strong></span> <span class='ocrx_word' id='word_1_501' title='bbox 2992 982 3193 1028; x_wconf 86' lang='lat' dir='ltr'><strong>tantum</strong></span> <span class='ocrx_word' id='word_1_502' title='bbox 3231 976 3433 1030; x_wconf 90' lang='lat' dir='ltr'><strong>nullum</strong></span> <span class='ocrx_word' id='word_1_503' title='bbox 3476 989 3544 1029; x_wconf 91' lang='lat' dir='ltr'><strong>ex</strong></span> <span class='ocrx_word' id='word_1_504' title='bbox 3589 975 3707 1044; x_wconf 85' lang='lat' dir='ltr'><strong>fuga</strong></span> 
     </span>
    </p>
   </div>
   <div class='ocr_carea' id='block_1_66' title="bbox 2121 1060 3705 1138">
    <p class='ocr_par' dir='ltr' id='par_1_66' title="bbox 2121 1060 3705 1138">
     <span class='ocr_line' id='line_1_66' title="bbox 2121 1060 3705 1138; baseline 0.005 -24"><span class='ocrx_word' id='word_1_505' title='bbox 2121 1060 2314 1116; x_wconf 90' lang='lat' dir='ltr'><strong>bonum</strong></span> <span class='ocrx_word' id='word_1_506' title='bbox 2346 1072 2536 1118; x_wconf 91' lang='lat' dir='ltr'><strong>nactus</strong></span> <span class='ocrx_word' id='word_1_507' title='bbox 2564 1075 2668 1129; x_wconf 72' lang='grc' dir='ltr'><strong>ρει,</strong></span> <span class='ocrx_word' id='word_1_508' title='bbox 2700 1064 2794 1118; x_wconf 86' lang='lat' dir='ltr'><strong>sed</strong></span> <span class='ocrx_word' id='word_1_509' title='bbox 2820 1067 2980 1120; x_wconf 87' lang='lat' dir='ltr'><strong>etiam</strong></span> <span class='ocrx_word' id='word_1_510' title='bbox 3005 1080 3100 1121; x_wconf 91' lang='lat' dir='ltr'><strong>eos</strong></span> <span class='ocrx_word' id='word_1_511' title='bbox 3126 1067 3216 1136; x_wconf 91' lang='lat' dir='ltr'><strong>qni</strong></span> <span class='ocrx_word' id='word_1_512' title='bbox 3244 1082 3302 1121; x_wconf 89' lang='lat' dir='ltr'><strong>se</strong></span> <span class='ocrx_word' id='word_1_513' title='bbox 3331 1076 3705 1138; x_wconf 89' lang='lat' dir='ltr'><strong>susceperunt,</strong></span> 
     </span>
    </p>
   </div>
   <div class='ocr_carea' id='block_1_67' title="bbox 2121 1151 3709 1228">
    <p class='ocr_par' dir='ltr' id='par_1_67' title="bbox 2121 1151 3709 1228">
     <span class='ocr_line' id='line_1_67' title="bbox 2121 1151 3709 1228; baseline 0.004 -23"><span class='ocrx_word' id='word_1_514' title='bbox 2121 1151 2172 1204; x_wconf 94' lang='lat' dir='ltr'><strong>in</strong></span> <span class='ocrx_word' id='word_1_515' title='bbox 2197 1163 2494 1208; x_wconf 90' lang='lat' dir='ltr'><strong>extremum</strong></span> <span class='ocrx_word' id='word_1_516' title='bbox 2525 1154 2819 1224; x_wconf 90' lang='lat' dir='ltr'><strong>perieulum</strong></span> <span class='ocrx_word' id='word_1_517' title='bbox 2846 1155 3098 1220; x_wconf 82' lang='lat' dir='ltr'><strong>adduxit,</strong></span> <span class='ocrx_word' id='word_1_518' title='bbox 3141 1165 3196 1211; x_wconf 90' lang='lat' dir='ltr'><strong>et</strong></span> <span class='ocrx_word' id='word_1_519' title='bbox 3222 1157 3432 1226; x_wconf 86' lang='lat' dir='ltr'><strong>quando</strong></span> <span class='ocrx_word' id='word_1_520' title='bbox 3456 1159 3709 1228; x_wconf 85' lang='lat' dir='ltr'><strong>navigans</strong></span> 
     </span>
    </p>
   </div>
   <div class='ocr_carea' id='block_1_68' title="bbox 2121 1240 3706 1317">
    <p class='ocr_par' dir='ltr' id='par_1_68' title="bbox 2121 1240 3706 1317">
     <span class='ocr_line' id='line_1_68' title="bbox 2121 1240 3706 1317; baseline 0.006 -24"><span class='ocrx_word' id='word_1_521' title='bbox 2121 1240 2173 1294; x_wconf 92' lang='lat' dir='ltr'><strong>in</strong></span> <span class='ocrx_word' id='word_1_522' title='bbox 2201 1243 2410 1312; x_wconf 87' lang='lat' dir='ltr'><strong>navigio</strong></span> <span class='ocrx_word' id='word_1_523' title='bbox 2435 1243 2679 1311; x_wconf 89' lang='lat' dir='ltr'><strong>sedebat,</strong></span> <span class='ocrx_word' id='word_1_524' title='bbox 2703 1254 2757 1298; x_wconf 91' lang='lat' dir='ltr'><strong>et</strong></span> <span class='ocrx_word' id='word_1_525' title='bbox 2777 1255 2953 1300; x_wconf 68' lang='lat' dir='ltr'><strong>nauta:</strong></span> <span class='ocrx_word' id='word_1_526' title='bbox 2981 1257 3035 1301; x_wconf 90' lang='lat' dir='ltr'><strong>et</strong></span> <span class='ocrx_word' id='word_1_527' title='bbox 3055 1247 3440 1317; x_wconf 86' lang='lat' dir='ltr'><strong>gubernatores</strong></span> <span class='ocrx_word' id='word_1_528' title='bbox 3464 1248 3706 1314; x_wconf 90' lang='lat' dir='ltr'><strong>aderant,</strong></span> 
     </span>
    </p>
   </div>
   <div class='ocr_carea' id='block_1_69' title="bbox 2119 1333 3710 1406">
    <p class='ocr_par' dir='ltr' id='par_1_69' title="bbox 2119 1333 3710 1406">
     <span class='ocr_line' id='line_1_69' title="bbox 2119 1333 3710 1406; baseline 0.005 -21"><span class='ocrx_word' id='word_1_529' title='bbox 2119 1333 2397 1403; x_wconf 88' lang='lat' dir='ltr'><strong>omnisque</strong></span> <span class='ocrx_word' id='word_1_530' title='bbox 2434 1335 2678 1388; x_wconf 91' lang='lat' dir='ltr'><strong>nauticus</strong></span> <span class='ocrx_word' id='word_1_531' title='bbox 2705 1344 2994 1404; x_wconf 84' lang='lat' dir='ltr'><strong>apparatus</strong></span> <span class='ocrx_word' id='word_1_532' title='bbox 3017 1378 3032 1401; x_wconf 95' lang='lat'><strong>,</strong></span> <span class='ocrx_word' id='word_1_533' title='bbox 3065 1337 3132 1392; x_wconf 91' lang='lat' dir='ltr'><strong>de</strong></span> <span class='ocrx_word' id='word_1_534' title='bbox 3161 1337 3418 1392; x_wconf 77' lang='lat' dir='ltr'><strong>extremis</strong></span> <span class='ocrx_word' id='word_1_535' title='bbox 3446 1338 3710 1406; x_wconf 86' lang='lat' dir='ltr'><strong>periclita-</strong></span> 
     </span>
    </p>
   </div>
   <div class='ocr_carea' id='block_1_70' title="bbox 2121 1423 3712 1498">
    <p class='ocr_par' dir='ltr' id='par_1_70' title="bbox 2121 1423 3712 1498">
     <span class='ocr_line' id='line_1_70' title="bbox 2121 1423 3712 1498; baseline 0.004 -22"><span class='ocrx_word' id='word_1_536' title='bbox 2121 1423 2276 1477; x_wconf 86' lang='lat' dir='ltr'><strong>batur</strong></span> <span class='ocrx_word' id='word_1_537' title='bbox 2306 1443 2321 1478; x_wconf 90' lang='lat'><strong><em>:</em></strong></span> <span class='ocrx_word' id='word_1_538' title='bbox 2356 1435 2635 1496; x_wconf 90' lang='lat' dir='ltr'><strong>postquam</strong></span> <span class='ocrx_word' id='word_1_539' title='bbox 2679 1435 2857 1481; x_wconf 89' lang='lat' dir='ltr'><strong>autem</strong></span> <span class='ocrx_word' id='word_1_540' title='bbox 2903 1427 2956 1480; x_wconf 91' lang='lat' dir='ltr'><strong>in</strong></span> <span class='ocrx_word' id='word_1_541' title='bbox 3004 1443 3151 1483; x_wconf 87' lang='lat' dir='ltr'><strong>mare</strong></span> <span class='ocrx_word' id='word_1_542' title='bbox 3182 1429 3470 1498; x_wconf 88' lang='lat' dir='ltr'><strong>projectus,</strong></span> <span class='ocrx_word' id='word_1_543' title='bbox 3503 1435 3560 1484; x_wconf 88' lang='lat' dir='ltr'><strong>et</strong></span> <span class='ocrx_word' id='word_1_544' title='bbox 3588 1443 3712 1497; x_wconf 81' lang='lat' dir='ltr'><strong>pec-</strong></span> 
     </span>
    </p>
   </div>
   <div class='ocr_carea' id='block_1_71' title="bbox 2120 1514 3713 1586">
    <p class='ocr_par' dir='ltr' id='par_1_71' title="bbox 2120 1514 3713 1586">
     <span class='ocr_line' id='line_1_71' title="bbox 2120 1514 3713 1586; baseline 0.003 -18"><span class='ocrx_word' id='word_1_545' title='bbox 2120 1523 2292 1568; x_wconf 87' lang='lat' dir='ltr'><strong>catum</strong></span> <span class='ocrx_word' id='word_1_546' title='bbox 2319 1530 2416 1584; x_wconf 90' lang='lat' dir='ltr'><strong>per</strong></span> <span class='ocrx_word' id='word_1_547' title='bbox 2442 1514 2760 1584; x_wconf 90' lang='lat' dir='ltr'><strong>supplicium</strong></span> <span class='ocrx_word' id='word_1_548' title='bbox 2785 1516 3082 1586; x_wconf 90' lang='lat' dir='ltr'><strong>deponens,</strong></span> <span class='ocrx_word' id='word_1_549' title='bbox 3117 1518 3168 1571; x_wconf 92' lang='lat' dir='ltr'><strong>in</strong></span> <span class='ocrx_word' id='word_1_550' title='bbox 3199 1519 3516 1573; x_wconf 88' lang='lat' dir='ltr'><strong>immensum</strong></span> <span class='ocrx_word' id='word_1_551' title='bbox 3541 1518 3713 1573; x_wconf 88' lang='lat' dir='ltr'><strong>dedu-</strong></span> 
     </span>
    </p>
   </div>
   <div class='ocr_carea' id='block_1_72' title="bbox 2119 1608 3714 1680">
    <p class='ocr_par' dir='ltr' id='par_1_72' title="bbox 2119 1608 3714 1680">
     <span class='ocr_line' id='line_1_72' title="bbox 2119 1608 3714 1680; baseline 0.004 -20"><span class='ocrx_word' id='word_1_552' title='bbox 2119 1615 2235 1660; x_wconf 89' lang='lat' dir='ltr'><strong>ctus</strong></span> <span class='ocrx_word' id='word_1_553' title='bbox 2258 1615 2341 1661; x_wconf 90' lang='lat' dir='ltr'><strong>est</strong></span> <span class='ocrx_word' id='word_1_554' title='bbox 2367 1608 2655 1676; x_wconf 89' lang='lat' dir='ltr'><strong>navigium,</strong></span> <span class='ocrx_word' id='word_1_555' title='bbox 2686 1609 2788 1664; x_wconf 89' lang='lat' dir='ltr'><strong>ceti</strong></span> <span class='ocrx_word' id='word_1_556' title='bbox 2817 1609 3020 1664; x_wconf 89' lang='lat' dir='ltr'><strong>scilicet</strong></span> <span class='ocrx_word' id='word_1_557' title='bbox 3051 1619 3315 1676; x_wconf 84' lang='lat' dir='ltr'><strong>ventrem,</strong></span> <span class='ocrx_word' id='word_1_558' title='bbox 3350 1612 3515 1664; x_wconf 89' lang='lat' dir='ltr'><strong>multa</strong></span> <span class='ocrx_word' id='word_1_559' title='bbox 3545 1612 3714 1680; x_wconf 83' lang='lat' dir='ltr'><strong>potic-</strong></span> 
     </span>
    </p>
   </div>
   <div class='ocr_carea' id='block_1_73' title="bbox 2120 1695 3714 1770">
    <p class='ocr_par' dir='ltr' id='par_1_73' title="bbox 2120 1695 3714 1770">
     <span class='ocr_line' id='line_1_73' title="bbox 2120 1695 3714 1770; baseline 0.005 -22"><span class='ocrx_word' id='word_1_560' title='bbox 2120 1695 2276 1750; x_wconf 88' lang='lat' dir='ltr'><strong>batur</strong></span> <span class='ocrx_word' id='word_1_561' title='bbox 2319 1697 2582 1762; x_wconf 89' lang='lat' dir='ltr'><strong>libertate,</strong></span> <span class='ocrx_word' id='word_1_562' title='bbox 2630 1710 2687 1753; x_wconf 93' lang='lat' dir='ltr'><strong>ut</strong></span> <span class='ocrx_word' id='word_1_563' title='bbox 2729 1701 2924 1766; x_wconf 88' lang='lat' dir='ltr'><strong>discas,</strong></span> <span class='ocrx_word' id='word_1_564' title='bbox 2973 1702 3113 1756; x_wconf 91' lang='lat' dir='ltr'><strong>sicut</strong></span> <span class='ocrx_word' id='word_1_565' title='bbox 3154 1702 3206 1756; x_wconf 92' lang='lat' dir='ltr'><strong>in</strong></span> <span class='ocrx_word' id='word_1_566' title='bbox 3257 1702 3489 1770; x_wconf 89' lang='lat' dir='ltr'><strong>peccatis</strong></span> <span class='ocrx_word' id='word_1_567' title='bbox 3516 1703 3714 1756; x_wconf 89' lang='lat' dir='ltr'><strong>viventi</strong></span> 
     </span>
    </p>
   </div>
   <div class='ocr_carea' id='block_1_74' title="bbox 2121 1792 3714 1864">
    <p class='ocr_par' dir='ltr' id='par_1_74' title="bbox 2121 1792 3714 1864">
     <span class='ocr_line' id='line_1_74' title="bbox 2121 1792 3714 1864; baseline 0.003 -20"><span class='ocrx_word' id='word_1_568' title='bbox 2121 1805 2296 1860; x_wconf 90' lang='lat' dir='ltr'><strong>neque</strong></span> <span class='ocrx_word' id='word_1_569' title='bbox 2326 1792 2592 1859; x_wconf 88' lang='lat' dir='ltr'><strong>navigium</strong></span> <span class='ocrx_word' id='word_1_570' title='bbox 2627 1793 2882 1860; x_wconf 91' lang='lat' dir='ltr'><strong>prodest,</strong></span> <span class='ocrx_word' id='word_1_571' title='bbox 2928 1795 3006 1848; x_wconf 89' lang='lat' dir='ltr'><strong>sic</strong></span> <span class='ocrx_word' id='word_1_572' title='bbox 3036 1803 3256 1864; x_wconf 90' lang='lat' dir='ltr'><strong>peccato</strong></span> <span class='ocrx_word' id='word_1_573' title='bbox 3293 1803 3510 1849; x_wconf 85' lang='lat' dir='ltr'><strong>exutum</strong></span> <span class='ocrx_word' id='word_1_574' title='bbox 3542 1810 3714 1863; x_wconf 85' lang='lat' dir='ltr'><strong>neque</strong></span> 
     </span>
    </p>
   </div>
   <div class='ocr_carea' id='block_1_75' title="bbox 2119 1879 3709 1952">
    <p class='ocr_par' dir='ltr' id='par_1_75' title="bbox 2119 1879 3709 1952">
     <span class='ocr_line' id='line_1_75' title="bbox 2119 1879 3709 1952; baseline 0.004 -21"><span class='ocrx_word' id='word_1_575' title='bbox 2119 1894 2268 1932; x_wconf 90' lang='lat' dir='ltr'><strong>mare</strong></span> <span class='ocrx_word' id='word_1_576' title='bbox 2294 1879 2523 1948; x_wconf 87' lang='lat' dir='ltr'><strong>perdere</strong></span> <span class='ocrx_word' id='word_1_577' title='bbox 2544 1921 2559 1943; x_wconf 91' lang='lat'><strong>,</strong></span> <span class='ocrx_word' id='word_1_578' title='bbox 2595 1895 2768 1950; x_wconf 90' lang='lat' dir='ltr'><strong>neque</strong></span> <span class='ocrx_word' id='word_1_579' title='bbox 2795 1881 2993 1936; x_wconf 89' lang='lat' dir='ltr'><strong>bestias</strong></span> <span class='ocrx_word' id='word_1_580' title='bbox 3017 1883 3298 1937; x_wconf 88' lang='lat' dir='ltr'><strong>devorare.</strong></span> <span class='ocrx_word' id='word_1_581' title='bbox 3331 1883 3509 1952; x_wconf 82' lang='lat' dir='ltr'><strong>Ipsum</strong></span> <span class='ocrx_word' id='word_1_582' title='bbox 3552 1884 3709 1951; x_wconf 84' lang='lat' dir='ltr'><strong>igitur</strong></span> 
     </span>
    </p>
   </div>
   <div class='ocr_carea' id='block_1_76' title="bbox 2121 1967 3707 2041">
    <p class='ocr_par' dir='ltr' id='par_1_76' title="bbox 2121 1967 3707 2041">
     <span class='ocr_line' id='line_1_76' title="bbox 2121 1967 3707 2041; baseline 0.003 -20"><span class='ocrx_word' id='word_1_583' title='bbox 2121 1967 2279 2022; x_wconf 69' lang='lat' dir='ltr'><strong>undae</strong></span> <span class='ocrx_word' id='word_1_584' title='bbox 2305 1979 2673 2038; x_wconf 90' lang='lat' dir='ltr'><strong>susceperunt,</strong></span> <span class='ocrx_word' id='word_1_585' title='bbox 2695 1985 2797 2025; x_wconf 93' lang='lat' dir='ltr'><strong>nec</strong></span> <span class='ocrx_word' id='word_1_586' title='bbox 2821 1969 3216 2026; x_wconf 76' lang='lat' dir='ltr'><strong>suffocaverunt</strong></span> <span class='ocrx_word' id='word_1_587' title='bbox 3237 1989 3250 2023; x_wconf 73' lang='grc' dir='ltr'>ε</span> <span class='ocrx_word' id='word_1_588' title='bbox 3275 1983 3426 2027; x_wconf 88' lang='lat' dir='ltr'><strong>cetus</strong></span> <span class='ocrx_word' id='word_1_589' title='bbox 3452 1973 3707 2041; x_wconf 87' lang='lat' dir='ltr'><strong>suscepit,</strong></span> 
     </span>
    </p>
   </div>
   <div class='ocr_carea' id='block_1_77' title="bbox 2122 2059 3710 2128">
    <p class='ocr_par' dir='ltr' id='par_1_77' title="bbox 2122 2059 3710 2128">
     <span class='ocr_line' id='line_1_77' title="bbox 2122 2059 3710 2128; baseline 0.003 -17"><span class='ocrx_word' id='word_1_590' title='bbox 2122 2067 2176 2111; x_wconf 89' lang='lat' dir='ltr'><strong>et</strong></span> <span class='ocrx_word' id='word_1_591' title='bbox 2219 2072 2323 2110; x_wconf 91' lang='lat' dir='ltr'><strong>non</strong></span> <span class='ocrx_word' id='word_1_592' title='bbox 2372 2059 2680 2123; x_wconf 90' lang='lat' dir='ltr'><strong>interemit;</strong></span> <span class='ocrx_word' id='word_1_593' title='bbox 2712 2075 2895 2114; x_wconf 90' lang='lat' dir='ltr'><strong>verum</strong></span> <span class='ocrx_word' id='word_1_594' title='bbox 2927 2070 2981 2114; x_wconf 89' lang='lat' dir='ltr'><strong>et</strong></span> <span class='ocrx_word' id='word_1_595' title='bbox 3027 2062 3263 2128; x_wconf 90' lang='lat' dir='ltr'><strong>animal,</strong></span> <span class='ocrx_word' id='word_1_596' title='bbox 3308 2071 3359 2116; x_wconf 93' lang='lat' dir='ltr'><strong>et</strong></span> <span class='ocrx_word' id='word_1_597' title='bbox 3390 2062 3710 2116; x_wconf 90' lang='lat' dir='ltr'><strong>elementum</strong></span> 
     </span>
    </p>
   </div>
   <div class='ocr_carea' id='block_1_78' title="bbox 2124 2146 3713 2222">
    <p class='ocr_par' dir='ltr' id='par_1_78' title="bbox 2124 2146 3713 2222">
     <span class='ocr_line' id='line_1_78' title="bbox 2124 2146 3713 2222; baseline 0.004 -23"><span class='ocrx_word' id='word_1_598' title='bbox 2124 2146 2391 2202; x_wconf 90' lang='lat' dir='ltr'><strong>incolume</strong></span> <span class='ocrx_word' id='word_1_599' title='bbox 2417 2148 2714 2217; x_wconf 88' lang='lat' dir='ltr'><strong>depositum</strong></span> <span class='ocrx_word' id='word_1_600' title='bbox 2754 2151 2864 2204; x_wconf 91' lang='lat' dir='ltr'><strong>Deo</strong></span> <span class='ocrx_word' id='word_1_601' title='bbox 2893 2150 3280 2217; x_wconf 90' lang='lat' dir='ltr'><strong>reddiderunt;</strong></span> <span class='ocrx_word' id='word_1_602' title='bbox 3324 2163 3379 2208; x_wconf 92' lang='lat' dir='ltr'><strong>et</strong></span> <span class='ocrx_word' id='word_1_603' title='bbox 3414 2169 3510 2222; x_wconf 89' lang='lat' dir='ltr'><strong>per</strong></span> <span class='ocrx_word' id='word_1_604' title='bbox 3537 2155 3713 2208; x_wconf 85' lang='lat' dir='ltr'><strong>omnia</strong></span> 
     </span>
    </p>
   </div>
   <div class='ocr_carea' id='block_1_79' title="bbox 2125 2237 3717 2308">
    <p class='ocr_par' dir='ltr' id='par_1_79' title="bbox 2125 2237 3717 2308">
     <span class='ocr_line' id='line_1_79' title="bbox 2125 2237 3717 2308; baseline 0.004 -18"><span class='ocrx_word' id='word_1_605' title='bbox 2125 2237 2500 2292; x_wconf 85' lang='lat' dir='ltr'><strong>instituebatur</strong></span> <span class='ocrx_word' id='word_1_606' title='bbox 2528 2240 2807 2308; x_wconf 89' lang='lat' dir='ltr'><strong>propheta,</strong></span> <span class='ocrx_word' id='word_1_607' title='bbox 2836 2249 2896 2294; x_wconf 92' lang='lat' dir='ltr'><strong>ut</strong></span> <span class='ocrx_word' id='word_1_608' title='bbox 2921 2250 3067 2295; x_wconf 89' lang='lat' dir='ltr'><strong>esset</strong></span> <span class='ocrx_word' id='word_1_609' title='bbox 3105 2251 3414 2297; x_wconf 85' lang='lat' dir='ltr'><strong>mansuetus</strong></span> <span class='ocrx_word' id='word_1_610' title='bbox 3440 2252 3495 2298; x_wconf 92' lang='lat' dir='ltr'><strong>et</strong></span> <span class='ocrx_word' id='word_1_611' title='bbox 3524 2243 3717 2297; x_wconf 88' lang='lat' dir='ltr'><strong>huma-</strong></span> 
     </span>
    </p>
   </div>
   <div class='ocr_carea' id='block_1_80' title="bbox 2125 2328 3718 2402">
    <p class='ocr_par' dir='ltr' id='par_1_80' title="bbox 2125 2328 3718 2402">
     <span class='ocr_line' id='line_1_80' title="bbox 2125 2328 3718 2402; baseline 0.004 -21"><span class='ocrx_word' id='word_1_612' title='bbox 2125 2343 2244 2395; x_wconf 90' lang='lat' dir='ltr'><strong>nus,</strong></span> <span class='ocrx_word' id='word_1_613' title='bbox 2276 2337 2332 2383; x_wconf 89' lang='lat' dir='ltr'><strong>et</strong></span> <span class='ocrx_word' id='word_1_614' title='bbox 2355 2343 2529 2398; x_wconf 90' lang='lat' dir='ltr'><strong>neque</strong></span> <span class='ocrx_word' id='word_1_615' title='bbox 2554 2329 2732 2383; x_wconf 87' lang='lat' dir='ltr'><strong>stultis</strong></span> <span class='ocrx_word' id='word_1_616' title='bbox 2761 2331 2955 2395; x_wconf 90' lang='lat' dir='ltr'><strong>nautis,</strong></span> <span class='ocrx_word' id='word_1_617' title='bbox 2984 2346 3161 2400; x_wconf 90' lang='lat' dir='ltr'><strong>neque</strong></span> <span class='ocrx_word' id='word_1_618' title='bbox 3189 2328 3318 2386; x_wconf 84' lang='lat' dir='ltr'><strong>feris</strong></span> <span class='ocrx_word' id='word_1_619' title='bbox 3346 2331 3520 2397; x_wconf 89' lang='lat' dir='ltr'><strong>undis,</strong></span> <span class='ocrx_word' id='word_1_620' title='bbox 3547 2347 3718 2402; x_wconf 88' lang='lat' dir='ltr'><strong>neque</strong></span> 
     </span>
    </p>
   </div>
   <div class='ocr_carea' id='block_1_81' title="bbox 2124 2418 3718 2491">
    <p class='ocr_par' dir='ltr' id='par_1_81' title="bbox 2124 2418 3718 2491">
     <span class='ocr_line' id='line_1_81' title="bbox 2124 2418 3718 2491; baseline 0.003 -19"><span class='ocrx_word' id='word_1_621' title='bbox 2124 2419 2308 2473; x_wconf 90' lang='lat' dir='ltr'><strong>bestiis</strong></span> <span class='ocrx_word' id='word_1_622' title='bbox 2336 2418 2611 2473; x_wconf 89' lang='lat' dir='ltr'><strong>crudelior</strong></span> <span class='ocrx_word' id='word_1_623' title='bbox 2638 2429 2796 2474; x_wconf 85' lang='lat' dir='ltr'><strong>esset.</strong></span> <span class='ocrx_word' id='word_1_624' title='bbox 2839 2421 3050 2475; x_wconf 87' lang='lat' dir='ltr'><strong>Etenim</strong></span> <span class='ocrx_word' id='word_1_625' title='bbox 3078 2431 3254 2476; x_wconf 69' lang='lat' dir='ltr'><strong>nauta:</strong></span> <span class='ocrx_word' id='word_1_626' title='bbox 3291 2437 3397 2475; x_wconf 89' lang='lat' dir='ltr'><strong>non</strong></span> <span class='ocrx_word' id='word_1_627' title='bbox 3439 2422 3490 2475; x_wconf 91' lang='lat' dir='ltr'><strong>in</strong></span> <span class='ocrx_word' id='word_1_628' title='bbox 3520 2422 3718 2491; x_wconf 86' lang='lat' dir='ltr'><strong>princi-</strong></span> 
     </span>
    </p>
   </div>
   <div class='ocr_carea' id='block_1_82' title="bbox 2121 2509 3715 2581">
    <p class='ocr_par' dir='ltr' id='par_1_82' title="bbox 2121 2509 3715 2581">
     <span class='ocr_line' id='line_1_82' title="bbox 2121 2509 3715 2581; baseline 0.003 -19"><span class='ocrx_word' id='word_1_629' title='bbox 2121 2511 2212 2580; x_wconf 92' lang='lat' dir='ltr'><strong>pio</strong></span> <span class='ocrx_word' id='word_1_630' title='bbox 2237 2510 2439 2574; x_wconf 90' lang='lat' dir='ltr'><strong>statim,</strong></span> <span class='ocrx_word' id='word_1_631' title='bbox 2470 2509 2564 2564; x_wconf 90' lang='lat' dir='ltr'><strong>sed</strong></span> <span class='ocrx_word' id='word_1_632' title='bbox 2597 2520 2715 2580; x_wconf 91' lang='lat' dir='ltr'><strong>post</strong></span> <span class='ocrx_word' id='word_1_633' title='bbox 2745 2511 2967 2565; x_wconf 89' lang='lat' dir='ltr'><strong>multam</strong></span> <span class='ocrx_word' id='word_1_634' title='bbox 2995 2511 3370 2566; x_wconf 88' lang='lat' dir='ltr'><strong>necessitatem</strong></span> <span class='ocrx_word' id='word_1_635' title='bbox 3398 2512 3568 2581; x_wconf 89' lang='lat' dir='ltr'><strong>ipsum</strong></span> <span class='ocrx_word' id='word_1_636' title='bbox 3593 2527 3715 2580; x_wconf 90' lang='lat' dir='ltr'><strong>pro-</strong></span> 
     </span>
    </p>
   </div>
   <div class='ocr_carea' id='block_1_83' title="bbox 2122 2601 3716 2666">
    <p class='ocr_par' dir='ltr' id='par_1_83' title="bbox 2122 2601 3716 2666">
     <span class='ocr_line' id='line_1_83' title="bbox 2122 2601 3716 2666; baseline 0 -10"><span class='ocrx_word' id='word_1_637' title='bbox 2122 2601 2415 2666; x_wconf 86' lang='lat' dir='ltr'><strong>diderunt;</strong></span> <span class='ocrx_word' id='word_1_638' title='bbox 2458 2615 2607 2657; x_wconf 91' lang='lat' dir='ltr'><strong>mare</strong></span> <span class='ocrx_word' id='word_1_639' title='bbox 2638 2617 2764 2656; x_wconf 88' lang='lat' dir='ltr'><strong>vero</strong></span> <span class='ocrx_word' id='word_1_640' title='bbox 2809 2611 2866 2656; x_wconf 92' lang='lat' dir='ltr'><strong>et</strong></span> <span class='ocrx_word' id='word_1_641' title='bbox 2912 2601 3081 2656; x_wconf 91' lang='lat' dir='ltr'><strong>bestia</strong></span> <span class='ocrx_word' id='word_1_642' title='bbox 3111 2617 3234 2658; x_wconf 91' lang='lat' dir='ltr'><strong>cum</strong></span> <span class='ocrx_word' id='word_1_643' title='bbox 3282 2603 3445 2657; x_wconf 89' lang='lat' dir='ltr'><strong>multa</strong></span> <span class='ocrx_word' id='word_1_644' title='bbox 3476 2603 3716 2657; x_wconf 87' lang='lat' dir='ltr'><strong>benevo-</strong></span> 
     </span>
    </p>
   </div>
   <div class='ocr_carea' id='block_1_84' title="bbox 2127 2691 3712 2763">
    <p class='ocr_par' dir='ltr' id='par_1_84' title="bbox 2127 2691 3712 2763">
     <span class='ocr_line' id='line_1_84' title="bbox 2127 2691 3712 2763; baseline 0.001 -19"><span class='ocrx_word' id='word_1_645' title='bbox 2127 2691 2288 2746; x_wconf 89' lang='lat' dir='ltr'><strong>lentia</strong></span> <span class='ocrx_word' id='word_1_646' title='bbox 2340 2691 2752 2756; x_wconf 90' lang='lat' dir='ltr'><strong>custodieruut,</strong></span> <span class='ocrx_word' id='word_1_647' title='bbox 2801 2691 2912 2745; x_wconf 93' lang='lat' dir='ltr'><strong>Deo</strong></span> <span class='ocrx_word' id='word_1_648' title='bbox 2963 2692 3079 2746; x_wconf 81' lang='lat' dir='ltr'><strong>ha:c</strong></span> <span class='ocrx_word' id='word_1_649' title='bbox 3121 2691 3301 2746; x_wconf 90' lang='lat' dir='ltr'><strong>omnia</strong></span> <span class='ocrx_word' id='word_1_650' title='bbox 3347 2692 3712 2763; x_wconf 85' lang='lat' dir='ltr'><strong>dispensante.</strong></span> 
     </span>
    </p>
   </div>
   <div class='ocr_carea' id='block_1_85' title="bbox 2126 2778 3709 2851">
    <p class='ocr_par' dir='ltr' id='par_1_85' title="bbox 2126 2778 3709 2851">
     <span class='ocr_line' id='line_1_85' title="bbox 2126 2778 3709 2851; baseline 0.001 -19"><span class='ocrx_word' id='word_1_651' title='bbox 2126 2778 2306 2833; x_wconf 81' lang='lat' dir='ltr'><strong>Rediit</strong></span> <span class='ocrx_word' id='word_1_652' title='bbox 2347 2780 2545 2849; x_wconf 88' lang='lat' dir='ltr'><strong>igitur,</strong></span> <span class='ocrx_word' id='word_1_653' title='bbox 2595 2779 2934 2850; x_wconf 68' lang='lat' dir='ltr'><strong>praedicavit,</strong></span> <span class='ocrx_word' id='word_1_654' title='bbox 2985 2781 3217 2835; x_wconf 92' lang='lat' dir='ltr'><strong>minatus</strong></span> <span class='ocrx_word' id='word_1_655' title='bbox 3263 2790 3376 2847; x_wconf 88' lang='lat' dir='ltr'><strong>est,</strong></span> <span class='ocrx_word' id='word_1_656' title='bbox 3429 2782 3709 2851; x_wconf 89' lang='lat' dir='ltr'><strong>persuasit,</strong></span> 
     </span>
    </p>
   </div>
   <div class='ocr_carea' id='block_1_86' title="bbox 2125 2868 3717 2941">
    <p class='ocr_par' dir='ltr' id='par_1_86' title="bbox 2125 2868 3717 2941">
     <span class='ocr_line' id='line_1_86' title="bbox 2125 2868 3717 2941; baseline 0.001 -19"><span class='ocrx_word' id='word_1_657' title='bbox 2125 2868 2371 2932; x_wconf 81' lang='lat' dir='ltr'><strong>Salvavit,</strong></span> <span class='ocrx_word' id='word_1_658' title='bbox 2404 2869 2614 2932; x_wconf 90' lang='lat' dir='ltr'><strong>terruit,</strong></span> <span class='ocrx_word' id='word_1_659' title='bbox 2645 2868 2900 2933; x_wconf 80' lang='lat' dir='ltr'><strong>correxit,</strong></span> <span class='ocrx_word' id='word_1_660' title='bbox 2934 2878 2988 2923; x_wconf 87' lang='lat' dir='ltr'><strong>et</strong></span> <span class='ocrx_word' id='word_1_661' title='bbox 3023 2885 3126 2923; x_wconf 85' lang='lat' dir='ltr'><strong>una</strong></span> <span class='ocrx_word' id='word_1_662' title='bbox 3154 2871 3433 2940; x_wconf 91' lang='lat' dir='ltr'><strong>primaque</strong></span> <span class='ocrx_word' id='word_1_663' title='bbox 3460 2870 3717 2941; x_wconf 68' lang='lat' dir='ltr'><strong>praedica-</strong></span> 
     </span>
    </p>
   </div>
   <div class='ocr_carea' id='block_1_87' title="bbox 2126 2959 3714 3030">
    <p class='ocr_par' dir='ltr' id='par_1_87' title="bbox 2126 2959 3714 3030">
     <span class='ocr_line' id='line_1_87' title="bbox 2126 2959 3714 3030; baseline 0.003 -18"><span class='ocrx_word' id='word_1_664' title='bbox 2126 2959 2269 3014; x_wconf 90' lang='lat' dir='ltr'><strong>tione</strong></span> <span class='ocrx_word' id='word_1_665' title='bbox 2297 2959 2527 3013; x_wconf 88' lang='lat' dir='ltr'><strong>ﬁrmavit</strong></span> <span class='ocrx_word' id='word_1_666' title='bbox 2560 2977 2573 3012; x_wconf 92' lang='lat'><strong>:</strong></span> <span class='ocrx_word' id='word_1_667' title='bbox 2607 2974 2779 3030; x_wconf 89' lang='lat' dir='ltr'><strong>neque</strong></span> <span class='ocrx_word' id='word_1_668' title='bbox 2805 2960 2949 3014; x_wconf 91' lang='lat' dir='ltr'><strong>enim</strong></span> <span class='ocrx_word' id='word_1_669' title='bbox 2987 2960 3278 3015; x_wconf 89' lang='lat' dir='ltr'><strong>multorum</strong></span> <span class='ocrx_word' id='word_1_670' title='bbox 3322 2961 3530 3016; x_wconf 89' lang='lat' dir='ltr'><strong>dierum</strong></span> <span class='ocrx_word' id='word_1_671' title='bbox 3574 2961 3714 3016; x_wconf 84' lang='lat' dir='ltr'><strong>indi-</strong></span> 
     </span>
    </p>
   </div>
   <div class='ocr_carea' id='block_1_88' title="bbox 2123 3048 3717 3122">
    <p class='ocr_par' dir='ltr' id='par_1_88' title="bbox 2123 3048 3717 3122">
     <span class='ocr_line' id='line_1_88' title="bbox 2123 3048 3717 3122; baseline 0.004 -21"><span class='ocrx_word' id='word_1_672' title='bbox 2123 3048 2267 3119; x_wconf 91' lang='lat' dir='ltr'><strong>guit,</strong></span> <span class='ocrx_word' id='word_1_673' title='bbox 2306 3064 2478 3118; x_wconf 91' lang='lat' dir='ltr'><strong>neque</strong></span> <span class='ocrx_word' id='word_1_674' title='bbox 2505 3050 2743 3104; x_wconf 91' lang='lat' dir='ltr'><strong>continui</strong></span> <span class='ocrx_word' id='word_1_675' title='bbox 2772 3051 2977 3105; x_wconf 91' lang='lat' dir='ltr'><strong>consilii</strong></span> <span class='ocrx_word' id='word_1_676' title='bbox 3002 3092 3018 3115; x_wconf 98' lang='lat'><strong>,</strong></span> <span class='ocrx_word' id='word_1_677' title='bbox 3052 3051 3147 3106; x_wconf 88' lang='lat' dir='ltr'><strong>sed</strong></span> <span class='ocrx_word' id='word_1_678' title='bbox 3178 3051 3321 3106; x_wconf 87' lang='lat' dir='ltr'><strong>nuda</strong></span> <span class='ocrx_word' id='word_1_679' title='bbox 3351 3052 3436 3105; x_wconf 90' lang='lat' dir='ltr'><strong>illa</strong></span> <span class='ocrx_word' id='word_1_680' title='bbox 3465 3052 3717 3122; x_wconf 89' lang='lat' dir='ltr'><strong>loquutus</strong></span> 
     </span>
    </p>
   </div>
   <div class='ocr_carea' id='block_1_89' title="bbox 2124 3140 3712 3214">
    <p class='ocr_par' dir='ltr' id='par_1_89' title="bbox 2124 3140 3712 3214">
     <span class='ocr_line' id='line_1_89' title="bbox 2124 3140 3712 3214; baseline 0.004 -22"><span class='ocrx_word' id='word_1_681' title='bbox 2124 3140 2285 3195; x_wconf 91' lang='lat' dir='ltr'><strong>verba</strong></span> <span class='ocrx_word' id='word_1_682' title='bbox 2309 3182 2324 3206; x_wconf 96' lang='lat'><strong>,</strong></span> <span class='ocrx_word' id='word_1_683' title='bbox 2369 3155 2558 3195; x_wconf 88' lang='lat' dir='ltr'><strong>omnes</strong></span> <span class='ocrx_word' id='word_1_684' title='bbox 2589 3141 2641 3194; x_wconf 90' lang='lat' dir='ltr'><strong>in</strong></span> <span class='ocrx_word' id='word_1_685' title='bbox 2672 3142 3043 3212; x_wconf 72' lang='lat' dir='ltr'><strong>paenitentiam</strong></span> <span class='ocrx_word' id='word_1_686' title='bbox 3087 3142 3326 3198; x_wconf 83' lang='lat' dir='ltr'><strong>deduxit.</strong></span> <span class='ocrx_word' id='word_1_687' title='bbox 3375 3143 3501 3198; x_wconf 89' lang='lat' dir='ltr'><strong>Ideo</strong></span> <span class='ocrx_word' id='word_1_688' title='bbox 3539 3146 3712 3214; x_wconf 91' lang='lat' dir='ltr'><strong>ipsum</strong></span> 
     </span>
    </p>
   </div>
   <div class='ocr_carea' id='block_1_90' title="bbox 2123 3233 3713 3303">
    <p class='ocr_par' dir='ltr' id='par_1_90' title="bbox 2123 3233 3713 3303">
     <span class='ocr_line' id='line_1_90' title="bbox 2123 3233 3713 3303; baseline 0.004 -19"><span class='ocrx_word' id='word_1_689' title='bbox 2123 3246 2228 3286; x_wconf 93' lang='lat' dir='ltr'><strong>non</strong></span> <span class='ocrx_word' id='word_1_690' title='bbox 2273 3233 2457 3286; x_wconf 86' lang='lat' dir='ltr'><strong>statim</strong></span> <span class='ocrx_word' id='word_1_691' title='bbox 2503 3233 2572 3287; x_wconf 94' lang='lat' dir='ltr'><strong>de</strong></span> <span class='ocrx_word' id='word_1_692' title='bbox 2611 3233 2822 3303; x_wconf 90' lang='lat' dir='ltr'><strong>navigio</strong></span> <span class='ocrx_word' id='word_1_693' title='bbox 2871 3234 3011 3288; x_wconf 88' lang='lat' dir='ltr'><strong>Deus</strong></span> <span class='ocrx_word' id='word_1_694' title='bbox 3052 3234 3120 3288; x_wconf 90' lang='lat' dir='ltr'><strong>ad</strong></span> <span class='ocrx_word' id='word_1_695' title='bbox 3171 3235 3354 3290; x_wconf 90' lang='lat' dir='ltr'><strong>urbem</strong></span> <span class='ocrx_word' id='word_1_696' title='bbox 3395 3235 3581 3299; x_wconf 88' lang='lat' dir='ltr'><strong>duxit,</strong></span> <span class='ocrx_word' id='word_1_697' title='bbox 3619 3235 3713 3290; x_wconf 85' lang='lat' dir='ltr'><strong>sed</strong></span> 
     </span>
    </p>
   </div>
   <div class='ocr_carea' id='block_1_91' title="bbox 2124 3323 3717 3394">
    <p class='ocr_par' dir='ltr' id='par_1_91' title="bbox 2124 3323 3717 3394">
     <span class='ocr_line' id='line_1_91' title="bbox 2124 3323 3717 3394; baseline 0.004 -18"><span class='ocrx_word' id='word_1_698' title='bbox 2124 3332 2302 3376; x_wconf 66' lang='lat' dir='ltr'><strong>nautae</strong></span> <span class='ocrx_word' id='word_1_699' title='bbox 2329 3323 2464 3377; x_wconf 90' lang='lat' dir='ltr'><strong>mari</strong></span> <span class='ocrx_word' id='word_1_700' title='bbox 2494 3324 2846 3389; x_wconf 88' lang='lat' dir='ltr'><strong>tradiderunt,</strong></span> <span class='ocrx_word' id='word_1_701' title='bbox 2880 3341 3028 3380; x_wconf 89' lang='lat' dir='ltr'><strong>mare</strong></span> <span class='ocrx_word' id='word_1_702' title='bbox 3054 3335 3205 3392; x_wconf 89' lang='lat' dir='ltr'><strong>ceto,</strong></span> <span class='ocrx_word' id='word_1_703' title='bbox 3233 3336 3386 3382; x_wconf 91' lang='lat' dir='ltr'><strong>cetus</strong></span> <span class='ocrx_word' id='word_1_704' title='bbox 3415 3327 3546 3394; x_wconf 88' lang='lat' dir='ltr'><strong>Deo,</strong></span> <span class='ocrx_word' id='word_1_705' title='bbox 3576 3328 3717 3382; x_wconf 81' lang='lat' dir='ltr'><strong>Deus</strong></span> 
     </span>
    </p>
   </div>
   <div class='ocr_carea' id='block_1_92' title="bbox 2123 3413 3716 3488">
    <p class='ocr_par' dir='ltr' id='par_1_92' title="bbox 2123 3413 3716 3488">
     <span class='ocr_line' id='line_1_92' title="bbox 2123 3413 3716 3488; baseline 0.002 -20"><span class='ocrx_word' id='word_1_706' title='bbox 2123 3413 2391 3480; x_wconf 81' lang='lat' dir='ltr'><strong>Ninivitis,</strong></span> <span class='ocrx_word' id='word_1_707' title='bbox 2439 3425 2493 3470; x_wconf 91' lang='lat' dir='ltr'><strong>et</strong></span> <span class='ocrx_word' id='word_1_708' title='bbox 2535 3431 2629 3484; x_wconf 88' lang='lat' dir='ltr'><strong>per</strong></span> <span class='ocrx_word' id='word_1_709' title='bbox 2656 3417 2868 3486; x_wconf 92' lang='lat' dir='ltr'><strong>longum</strong></span> <span class='ocrx_word' id='word_1_710' title='bbox 2915 3417 3196 3471; x_wconf 85' lang='lat' dir='ltr'><strong>circuitum</strong></span> <span class='ocrx_word' id='word_1_711' title='bbox 3244 3415 3524 3488; x_wconf 89' lang='lat' dir='ltr'><strong>profugum</strong></span> <span class='ocrx_word' id='word_1_712' title='bbox 3555 3418 3716 3473; x_wconf 80' lang='lat' dir='ltr'><strong>resti-</strong></span> 
     </span>
    </p>
   </div>
   <div class='ocr_carea' id='block_1_93' title="bbox 2126 3507 3712 3578">
    <p class='ocr_par' dir='ltr' id='par_1_93' title="bbox 2126 3507 3712 3578">
     <span class='ocr_line' id='line_1_93' title="bbox 2126 3507 3712 3578; baseline 0.003 -19"><span class='ocrx_word' id='word_1_713' title='bbox 2126 3507 2247 3571; x_wconf 92' lang='lat' dir='ltr'><strong>tuit,</strong></span> <span class='ocrx_word' id='word_1_714' title='bbox 2291 3516 2349 3558; x_wconf 93' lang='lat' dir='ltr'><strong>ut</strong></span> <span class='ocrx_word' id='word_1_715' title='bbox 2378 3521 2567 3560; x_wconf 88' lang='lat' dir='ltr'><strong>omnes</strong></span> <span class='ocrx_word' id='word_1_716' title='bbox 2607 3507 2816 3573; x_wconf 89' lang='lat' dir='ltr'><strong>doceat,</strong></span> <span class='ocrx_word' id='word_1_717' title='bbox 2861 3507 2951 3562; x_wconf 91' lang='lat' dir='ltr'><strong>Dei</strong></span> <span class='ocrx_word' id='word_1_718' title='bbox 2998 3522 3188 3562; x_wconf 91' lang='lat' dir='ltr'><strong>manus</strong></span> <span class='ocrx_word' id='word_1_719' title='bbox 3229 3507 3464 3578; x_wconf 73' lang='lat' dir='ltr'><strong>effugere</strong></span> <span class='ocrx_word' id='word_1_720' title='bbox 3510 3509 3712 3578; x_wconf 88' lang='lat' dir='ltr'><strong>impos-</strong></span> 
     </span>
    </p>
   </div>
   <div class='ocr_carea' id='block_1_94' title="bbox 2123 3596 3713 3668">
    <p class='ocr_par' dir='ltr' id='par_1_94' title="bbox 2123 3596 3713 3668">
     <span class='ocr_line' id='line_1_94' title="bbox 2123 3596 3713 3668; baseline 0.003 -18"><span class='ocrx_word' id='word_1_721' title='bbox 2123 3596 2281 3652; x_wconf 86' lang='lat' dir='ltr'><strong>sibile</strong></span> <span class='ocrx_word' id='word_1_722' title='bbox 2309 3611 2449 3651; x_wconf 89' lang='lat' dir='ltr'><strong>esse.</strong></span> <span class='ocrx_word' id='word_1_723' title='bbox 2482 3597 2615 3651; x_wconf 78' lang='lat' dir='ltr'><strong>Nam</strong></span> <span class='ocrx_word' id='word_1_724' title='bbox 2641 3612 2977 3667; x_wconf 91' lang='lat' dir='ltr'><strong>quocumque</strong></span> <span class='ocrx_word' id='word_1_725' title='bbox 3003 3599 3122 3668; x_wconf 88' lang='lat' dir='ltr'><strong>quis</strong></span> <span class='ocrx_word' id='word_1_726' title='bbox 3151 3599 3518 3668; x_wconf 88' lang='lat' dir='ltr'><strong>proﬁciscatur</strong></span> <span class='ocrx_word' id='word_1_727' title='bbox 3535 3639 3550 3662; x_wconf 91' lang='lat'><strong>,</strong></span> <span class='ocrx_word' id='word_1_728' title='bbox 3585 3615 3713 3667; x_wconf 82' lang='lat' dir='ltr'><strong>pec-</strong></span> 
     </span>
    </p>
   </div>
   <div class='ocr_carea' id='block_1_95' title="bbox 2124 3686 3718 3757">
    <p class='ocr_par' dir='ltr' id='par_1_95' title="bbox 2124 3686 3718 3757">
     <span class='ocr_line' id='line_1_95' title="bbox 2124 3686 3718 3757; baseline 0.003 -17"><span class='ocrx_word' id='word_1_729' title='bbox 2124 3695 2300 3740; x_wconf 87' lang='lat' dir='ltr'><strong>catum</strong></span> <span class='ocrx_word' id='word_1_730' title='bbox 2331 3686 2679 3757; x_wconf 87' lang='lat' dir='ltr'><strong>pertrahens,</strong></span> <span class='ocrx_word' id='word_1_731' title='bbox 2709 3687 2912 3742; x_wconf 89' lang='lat' dir='ltr'><strong>infinita</strong></span> <span class='ocrx_word' id='word_1_732' title='bbox 2942 3687 3226 3742; x_wconf 87' lang='lat' dir='ltr'><strong>sustinebit</strong></span> <span class='ocrx_word' id='word_1_733' title='bbox 3265 3687 3580 3744; x_wconf 89' lang='lat' dir='ltr'><strong>detrimenta</strong></span> <span class='ocrx_word' id='word_1_734' title='bbox 3615 3708 3628 3743; x_wconf 91' lang='lat'><strong>:</strong></span> <span class='ocrx_word' id='word_1_735' title='bbox 3661 3699 3718 3745; x_wconf 89' lang='lat' dir='ltr'><strong>et</strong></span> 
     </span>
    </p>
   </div>
   <div class='ocr_carea' id='block_1_96' title="bbox 2123 3778 3715 3850">
    <p class='ocr_par' dir='ltr' id='par_1_96' title="bbox 2123 3778 3715 3850">
     <span class='ocr_line' id='line_1_96' title="bbox 2123 3778 3715 3850; baseline 0.004 -19"><span class='ocrx_word' id='word_1_736' title='bbox 2123 3778 2166 3831; x_wconf 92' lang='lat' dir='ltr'><strong>si</strong></span> <span class='ocrx_word' id='word_1_737' title='bbox 2199 3778 2473 3832; x_wconf 90' lang='lat' dir='ltr'><strong>hominum</strong></span> <span class='ocrx_word' id='word_1_738' title='bbox 2507 3794 2663 3832; x_wconf 89' lang='lat' dir='ltr'><strong>nemo</strong></span> <span class='ocrx_word' id='word_1_739' title='bbox 2692 3778 2868 3844; x_wconf 91' lang='lat' dir='ltr'><strong>adsit,</strong></span> <span class='ocrx_word' id='word_1_740' title='bbox 2917 3780 3027 3846; x_wconf 88' lang='lat' dir='ltr'><strong>ipsa</strong></span> <span class='ocrx_word' id='word_1_741' title='bbox 3069 3779 3441 3850; x_wconf 89' lang='lat' dir='ltr'><strong>undecumque</strong></span> <span class='ocrx_word' id='word_1_742' title='bbox 3472 3791 3715 3837; x_wconf 81' lang='lat' dir='ltr'><strong>creatura</strong></span> 
     </span>
    </p>
   </div>
   <div class='ocr_carea' id='block_1_97' title="bbox 2123 3868 3715 3941">
    <p class='ocr_par' dir='ltr' id='par_1_97' title="bbox 2123 3868 3715 3941">
     <span class='ocr_line' id='line_1_97' title="bbox 2123 3868 3715 3941; baseline 0.001 -20"><span class='ocrx_word' id='word_1_743' title='bbox 2123 3882 2244 3922; x_wconf 92' lang='lat' dir='ltr'><strong>cum</strong></span> <span class='ocrx_word' id='word_1_744' title='bbox 2276 3868 2440 3921; x_wconf 91' lang='lat' dir='ltr'><strong>multa</strong></span> <span class='ocrx_word' id='word_1_745' title='bbox 2488 3868 2560 3922; x_wconf 92' lang='lat' dir='ltr'><strong>illi</strong></span> <span class='ocrx_word' id='word_1_746' title='bbox 2609 3869 2822 3922; x_wconf 91' lang='lat' dir='ltr'><strong>resistet</strong></span> <span class='ocrx_word' id='word_1_747' title='bbox 2854 3869 3209 3924; x_wconf 87' lang='lat' dir='ltr'><strong>vehementia.</strong></span> <span class='ocrx_word' id='word_1_748' title='bbox 3256 3869 3335 3925; x_wconf 86' lang='lat' dir='ltr'><strong>Ne</strong></span> <span class='ocrx_word' id='word_1_749' title='bbox 3379 3873 3536 3941; x_wconf 89' lang='lat' dir='ltr'><strong>igitur</strong></span> <span class='ocrx_word' id='word_1_750' title='bbox 3578 3869 3715 3941; x_wconf 72' lang='lat' dir='ltr'><strong>fuga:</strong></span> 
     </span>
    </p>
   </div>
   <div class='ocr_carea' id='block_1_98' title="bbox 2123 3958 3708 4022">
    <p class='ocr_par' dir='ltr' id='par_1_98' title="bbox 2123 3958 3708 4022">
     <span class='ocr_line' id='line_1_98' title="bbox 2123 3958 3708 4022; baseline 0.002 -10"><span class='ocrx_word' id='word_1_751' title='bbox 2123 3958 2348 4012; x_wconf 90' lang='lat' dir='ltr'><strong>salutem</strong></span> <span class='ocrx_word' id='word_1_752' title='bbox 2379 3966 2614 4013; x_wconf 87' lang='lat' dir='ltr'><strong>nostram</strong></span> <span class='ocrx_word' id='word_1_753' title='bbox 2657 3959 2972 4022; x_wconf 87' lang='lat' dir='ltr'><strong>credamus,</strong></span> <span class='ocrx_word' id='word_1_754' title='bbox 3019 3961 3113 4014; x_wconf 89' lang='lat' dir='ltr'><strong>scd</strong></span> <span class='ocrx_word' id='word_1_755' title='bbox 3158 3976 3366 4015; x_wconf 87' lang='lat' dir='ltr'><strong>morum</strong></span> <span class='ocrx_word' id='word_1_756' title='bbox 3413 3963 3708 4016; x_wconf 88' lang='lat' dir='ltr'><strong>mutationi.</strong></span> 
     </span>
    </p>
   </div>
   <div class='ocr_carea' id='block_1_99' title="bbox 2123 4045 3714 4119">
    <p class='ocr_par' dir='ltr' id='par_1_99' title="bbox 2123 4045 3714 4119">
     <span class='ocr_line' id='line_1_99' title="bbox 2123 4045 3714 4119; baseline 0.004 -19"><span class='ocrx_word' id='word_1_757' title='bbox 2123 4045 2258 4101; x_wconf 86' lang='lat' dir='ltr'><strong>Num</strong></span> <span class='ocrx_word' id='word_1_758' title='bbox 2289 4048 2432 4102; x_wconf 89' lang='lat' dir='ltr'><strong>enim</strong></span> <span class='ocrx_word' id='word_1_759' title='bbox 2473 4049 2596 4117; x_wconf 87' lang='lat' dir='ltr'><strong>quia</strong></span> <span class='ocrx_word' id='word_1_760' title='bbox 2639 4050 2693 4103; x_wconf 92' lang='lat' dir='ltr'><strong>in</strong></span> <span class='ocrx_word' id='word_1_761' title='bbox 2736 4050 2949 4104; x_wconf 90' lang='lat' dir='ltr'><strong>civitate</strong></span> <span class='ocrx_word' id='word_1_762' title='bbox 2997 4065 3217 4110; x_wconf 86' lang='lat' dir='ltr'><strong>manes,</strong></span> <span class='ocrx_word' id='word_1_763' title='bbox 3263 4060 3544 4119; x_wconf 71' lang='lat' dir='ltr'><strong>preptu-rea</strong></span> <span class='ocrx_word' id='word_1_764' title='bbox 3575 4054 3714 4106; x_wconf 78' lang='lat' dir='ltr'><strong>Deus</strong></span> 
     </span>
    </p>
   </div>
   <div class='ocr_carea' id='block_1_100' title="bbox 2127 4139 3711 4213">
    <p class='ocr_par' dir='ltr' id='par_1_100' title="bbox 2127 4139 3711 4213">
     <span class='ocr_line' id='line_1_100' title="bbox 2127 4139 3711 4213; baseline 0.003 -21"><span class='ocrx_word' id='word_1_765' title='bbox 2127 4139 2396 4206; x_wconf 91' lang='lat' dir='ltr'><strong>irritatur,</strong></span> <span class='ocrx_word' id='word_1_766' title='bbox 2427 4150 2484 4193; x_wconf 93' lang='lat' dir='ltr'><strong>ut</strong></span> <span class='ocrx_word' id='word_1_767' title='bbox 2511 4140 2720 4210; x_wconf 82' lang='lat' dir='ltr'><strong>fugias?</strong></span> <span class='ocrx_word' id='word_1_768' title='bbox 2747 4141 3008 4207; x_wconf 86' lang='lat' dir='ltr'><strong>Quoniam</strong></span> <span class='ocrx_word' id='word_1_769' title='bbox 3042 4143 3291 4210; x_wconf 88' lang='lat' dir='ltr'><strong>peccasti,</strong></span> <span class='ocrx_word' id='word_1_770' title='bbox 3323 4154 3601 4213; x_wconf 85' lang='lat' dir='ltr'><strong>propterea</strong></span> <span class='ocrx_word' id='word_1_771' title='bbox 3630 4143 3711 4198; x_wconf 88' lang='lat' dir='ltr'><strong>iu-</strong></span> 
     </span>
    </p>
   </div>
   <div class='ocr_carea' id='block_1_101' title="bbox 2123 4229 3714 4300">
    <p class='ocr_par' dir='ltr' id='par_1_101' title="bbox 2123 4229 3714 4300">
     <span class='ocr_line' id='line_1_101' title="bbox 2123 4229 3714 4300; baseline 0.004 -18"><span class='ocrx_word' id='word_1_772' title='bbox 2123 4229 2393 4299; x_wconf 87' lang='lat' dir='ltr'><strong>dignatur.</strong></span> <span class='ocrx_word' id='word_1_773' title='bbox 2445 4230 2607 4300; x_wconf 84' lang='lat' dir='ltr'><strong>igitur</strong></span> <span class='ocrx_word' id='word_1_774' title='bbox 2637 4239 2909 4299; x_wconf 90' lang='lat' dir='ltr'><strong>peccatum</strong></span> <span class='ocrx_word' id='word_1_775' title='bbox 2955 4232 3195 4300; x_wconf 89' lang='lat' dir='ltr'><strong>depone,</strong></span> <span class='ocrx_word' id='word_1_776' title='bbox 3243 4243 3297 4288; x_wconf 91' lang='lat' dir='ltr'><strong>et</strong></span> <span class='ocrx_word' id='word_1_777' title='bbox 3338 4233 3480 4288; x_wconf 84' lang='lat' dir='ltr'><strong>unde</strong></span> <span class='ocrx_word' id='word_1_778' title='bbox 3508 4234 3714 4290; x_wconf 89' lang='lat' dir='ltr'><strong>vulneri</strong></span> 
     </span>
    </p>
   </div>
   <div class='ocr_carea' id='block_1_102' title="bbox 2123 4323 3712 4394">
    <p class='ocr_par' dir='ltr' id='par_1_102' title="bbox 2123 4323 3712 4394">
     <span class='ocr_line' id='line_1_102' title="bbox 2123 4323 3712 4394; baseline 0.003 -19"><span class='ocrx_word' id='word_1_779' title='bbox 2123 4337 2281 4376; x_wconf 87' lang='lat' dir='ltr'><strong>causa</strong></span> <span class='ocrx_word' id='word_1_780' title='bbox 2310 4366 2322 4388; x_wconf 83' lang='lat'><strong>,</strong></span> <span class='ocrx_word' id='word_1_781' title='bbox 2372 4323 2492 4376; x_wconf 90' lang='lat' dir='ltr'><strong>inde</strong></span> <span class='ocrx_word' id='word_1_782' title='bbox 2538 4324 2663 4376; x_wconf 90' lang='lat' dir='ltr'><strong>mali</strong></span> <span class='ocrx_word' id='word_1_783' title='bbox 2708 4324 2905 4378; x_wconf 89' lang='lat' dir='ltr'><strong>fontem</strong></span> <span class='ocrx_word' id='word_1_784' title='bbox 2953 4325 3522 4394; x_wconf 79' lang='lat' dir='ltr'><strong>reprimezcontraria</strong></span> <span class='ocrx_word' id='word_1_785' title='bbox 3569 4326 3712 4381; x_wconf 90' lang='lat' dir='ltr'><strong>enim</strong></span> 
     </span>
    </p>
   </div>
   <div class='ocr_carea' id='block_1_103' title="bbox 2121 4412 3713 4486">
    <p class='ocr_par' dir='ltr' id='par_1_103' title="bbox 2121 4412 3713 4486">
     <span class='ocr_line' id='line_1_103' title="bbox 2121 4412 3713 4486; baseline 0.004 -23"><span class='ocrx_word' id='word_1_786' title='bbox 2121 4412 2405 4464; x_wconf 90' lang='lat' dir='ltr'><strong>contrariis</strong></span> <span class='ocrx_word' id='word_1_787' title='bbox 2433 4426 2626 4465; x_wconf 91' lang='lat' dir='ltr'><strong>curare</strong></span> <span class='ocrx_word' id='word_1_788' title='bbox 2653 4421 2708 4466; x_wconf 92' lang='lat' dir='ltr'><strong>et</strong></span> <span class='ocrx_word' id='word_1_789' title='bbox 2738 4413 2928 4465; x_wconf 89' lang='lat' dir='ltr'><strong>medici</strong></span> <span class='ocrx_word' id='word_1_790' title='bbox 2966 4414 3175 4481; x_wconf 91' lang='lat' dir='ltr'><strong>jubent.</strong></span> <span class='ocrx_word' id='word_1_791' title='bbox 3217 4413 3295 4468; x_wconf 86' lang='lat' dir='ltr'><strong>Ex</strong></span> <span class='ocrx_word' id='word_1_792' title='bbox 3331 4415 3547 4484; x_wconf 89' lang='lat' dir='ltr'><strong>crapula</strong></span> <span class='ocrx_word' id='word_1_793' title='bbox 3585 4430 3713 4486; x_wconf 89' lang='lat' dir='ltr'><strong>ergo</strong></span> 
     </span>
    </p>
   </div>
   <div class='ocr_carea' id='block_1_104' title="bbox 2123 4500 3713 4573">
    <p class='ocr_par' dir='ltr' id='par_1_104' title="bbox 2123 4500 3713 4573">
     <span class='ocr_line' id='line_1_104' title="bbox 2123 4500 3713 4573; baseline 0.003 -20"><span class='ocrx_word' id='word_1_794' title='bbox 2123 4510 2242 4553; x_wconf 90' lang='lat' dir='ltr'><strong>nata</strong></span> <span class='ocrx_word' id='word_1_795' title='bbox 2270 4509 2352 4554; x_wconf 90' lang='lat' dir='ltr'><strong>est</strong></span> <span class='ocrx_word' id='word_1_796' title='bbox 2377 4500 2575 4554; x_wconf 85' lang='lat' dir='ltr'><strong>febris?</strong></span> <span class='ocrx_word' id='word_1_797' title='bbox 2601 4501 2774 4555; x_wconf 87' lang='lat' dir='ltr'><strong>inedia</strong></span> <span class='ocrx_word' id='word_1_798' title='bbox 2800 4501 3046 4556; x_wconf 91' lang='lat' dir='ltr'><strong>morbum</strong></span> <span class='ocrx_word' id='word_1_799' title='bbox 3073 4505 3368 4573; x_wconf 86' lang='lat' dir='ltr'><strong>corrigunt.</strong></span> <span class='ocrx_word' id='word_1_800' title='bbox 3397 4505 3474 4558; x_wconf 85' lang='lat' dir='ltr'><strong>Ex</strong></span> <span class='ocrx_word' id='word_1_801' title='bbox 3502 4505 3713 4558; x_wconf 88' lang='lat' dir='ltr'><strong>tristitia</strong></span> 
     </span>
    </p>
   </div>
   <div class='ocr_carea' id='block_1_105' title="bbox 2120 4591 3715 4662">
    <p class='ocr_par' dir='ltr' id='par_1_105' title="bbox 2120 4591 3715 4662">
     <span class='ocr_line' id='line_1_105' title="bbox 2120 4591 3715 4662; baseline 0.004 -19"><span class='ocrx_word' id='word_1_802' title='bbox 2120 4591 2240 4659; x_wconf 91' lang='lat' dir='ltr'><strong>quis</strong></span> <span class='ocrx_word' id='word_1_803' title='bbox 2270 4591 2569 4645; x_wconf 83' lang='lat' dir='ltr'><strong>infirmatus</strong></span> <span class='ocrx_word' id='word_1_804' title='bbox 2596 4592 2721 4645; x_wconf 84' lang='lat' dir='ltr'><strong>est?</strong></span> <span class='ocrx_word' id='word_1_805' title='bbox 2764 4592 3004 4646; x_wconf 77' lang='lat' dir='ltr'><strong>hetitiam</strong></span> <span class='ocrx_word' id='word_1_806' title='bbox 3035 4591 3158 4647; x_wconf 91' lang='lat' dir='ltr'><strong>huic</strong></span> <span class='ocrx_word' id='word_1_807' title='bbox 3186 4603 3365 4662; x_wconf 90' lang='lat' dir='ltr'><strong>aptam</strong></span> <span class='ocrx_word' id='word_1_808' title='bbox 3396 4593 3715 4650; x_wconf 87' lang='lat' dir='ltr'><strong>medicinam</strong></span> 
     </span>
    </p>
   </div>
   <div class='ocr_carea' id='block_1_106' title="bbox 2121 4682 3714 4754">
    <p class='ocr_par' dir='ltr' id='par_1_106' title="bbox 2121 4682 3714 4754">
     <span class='ocr_line' id='line_1_106' title="bbox 2121 4682 3714 4754; baseline 0.003 -17"><span class='ocrx_word' id='word_1_809' title='bbox 2121 4697 2243 4737; x_wconf 92' lang='lat' dir='ltr'><strong>esse</strong></span> <span class='ocrx_word' id='word_1_810' title='bbox 2284 4682 2487 4737; x_wconf 90' lang='lat' dir='ltr'><strong>dicunt.</strong></span> <span class='ocrx_word' id='word_1_811' title='bbox 2538 4682 2627 4737; x_wconf 91' lang='lat' dir='ltr'><strong>Sic</strong></span> <span class='ocrx_word' id='word_1_812' title='bbox 2657 4693 2713 4737; x_wconf 91' lang='lat' dir='ltr'><strong>et</strong></span> <span class='ocrx_word' id='word_1_813' title='bbox 2744 4683 2796 4736; x_wconf 92' lang='lat' dir='ltr'><strong>in</strong></span> <span class='ocrx_word' id='word_1_814' title='bbox 2845 4683 3041 4738; x_wconf 78' lang='lat' dir='ltr'><strong>animae</strong></span> <span class='ocrx_word' id='word_1_815' title='bbox 3085 4685 3488 4754; x_wconf 72' lang='lat' dir='ltr'><strong>:egritudinibns</strong></span> <span class='ocrx_word' id='word_1_816' title='bbox 3534 4687 3714 4741; x_wconf 84' lang='lat' dir='ltr'><strong>facere</strong></span> 
     </span>
    </p>
   </div>
   <div class='ocr_carea' id='block_1_107' title="bbox 2122 4772 3712 4845">
    <p class='ocr_par' dir='ltr' id='par_1_107' title="bbox 2122 4772 3712 4845">
     <span class='ocr_line' id='line_1_107' title="bbox 2122 4772 3712 4845; baseline 0.003 -20"><span class='ocrx_word' id='word_1_817' title='bbox 2122 4781 2356 4841; x_wconf 87' lang='lat' dir='ltr'><strong>oportet.</strong></span> <span class='ocrx_word' id='word_1_818' title='bbox 2392 4772 2530 4827; x_wconf 85' lang='lat' dir='ltr'><strong>Iram</strong></span> <span class='ocrx_word' id='word_1_819' title='bbox 2556 4782 2741 4842; x_wconf 92' lang='lat' dir='ltr'><strong>torpor</strong></span> <span class='ocrx_word' id='word_1_820' title='bbox 2765 4773 3060 4827; x_wconf 81' lang='lat' dir='ltr'><strong>excitavit?</strong></span> <span class='ocrx_word' id='word_1_821' title='bbox 3090 4773 3348 4828; x_wconf 88' lang='lat' dir='ltr'><strong>industria</strong></span> <span class='ocrx_word' id='word_1_822' title='bbox 3372 4773 3511 4829; x_wconf 90' lang='lat' dir='ltr'><strong>hanc</strong></span> <span class='ocrx_word' id='word_1_823' title='bbox 3535 4776 3712 4845; x_wconf 78' lang='lat' dir='ltr'><strong>repel-</strong></span> 
     </span>
    </p>
   </div>
   <div class='ocr_carea' id='block_1_108' title="bbox 2123 4862 3708 4932">
    <p class='ocr_par' dir='ltr' id='par_1_108' title="bbox 2123 4862 3708 4932">
     <span class='ocr_line' id='line_1_108' title="bbox 2123 4862 3708 4932; baseline 0.003 -16"><span class='ocrx_word' id='word_1_824' title='bbox 2123 4862 2328 4929; x_wconf 91' lang='lat' dir='ltr'><strong>lamus,</strong></span> <span class='ocrx_word' id='word_1_825' title='bbox 2361 4864 2689 4932; x_wconf 91' lang='lat' dir='ltr'><strong>multamque</strong></span> <span class='ocrx_word' id='word_1_826' title='bbox 2731 4879 2840 4932; x_wconf 68' lang='lat' dir='ltr'><strong>prte</strong></span> <span class='ocrx_word' id='word_1_827' title='bbox 2881 4865 3036 4918; x_wconf 91' lang='lat' dir='ltr'><strong>nobis</strong></span> <span class='ocrx_word' id='word_1_828' title='bbox 3077 4864 3311 4919; x_wconf 92' lang='lat' dir='ltr'><strong>feramus</strong></span> <span class='ocrx_word' id='word_1_829' title='bbox 3336 4867 3708 4922; x_wconf 90' lang='lat' dir='ltr'><strong>mutationem.</strong></span> 
     </span>
    </p>
   </div>
   <div class='ocr_carea' id='block_1_109' title="bbox 2123 4954 3714 5025">
    <p class='ocr_par' dir='ltr' id='par_1_109' title="bbox 2123 4954 3714 5025">
     <span class='ocr_line' id='line_1_109' title="bbox 2123 4954 3714 5025; baseline 0.003 -15"><span class='ocrx_word' id='word_1_830' title='bbox 2123 4955 2390 5025; x_wconf 84' lang='lat' dir='ltr'><strong>Jejunium</strong></span> <span class='ocrx_word' id='word_1_831' title='bbox 2439 4956 2694 5010; x_wconf 87' lang='lat' dir='ltr'><strong>habemus</strong></span> <span class='ocrx_word' id='word_1_832' title='bbox 2738 4954 3149 5022; x_wconf 81' lang='lat' dir='ltr'><strong>auxiliatorem,</strong></span> <span class='ocrx_word' id='word_1_833' title='bbox 3199 4967 3253 5010; x_wconf 93' lang='lat' dir='ltr'><strong>et</strong></span> <span class='ocrx_word' id='word_1_834' title='bbox 3293 4958 3714 5014; x_wconf 76' lang='lat' dir='ltr'><strong>commilitonem</strong></span> 
     </span>
    </p>
   </div>
   <div class='ocr_carea' id='block_1_110' title="bbox 2125 5048 3712 5122">
    <p class='ocr_par' dir='ltr' id='par_1_110' title="bbox 2125 5048 3712 5122">
     <span class='ocr_line' id='line_1_110' title="bbox 2125 5048 3712 5122; baseline 0.002 -20"><span class='ocrx_word' id='word_1_835' title='bbox 2125 5049 2414 5102; x_wconf 80' lang='lat' dir='ltr'><strong>maximum</strong></span> <span class='ocrx_word' id='word_1_836' title='bbox 2435 5087 2451 5109; x_wconf 88' lang='lat'><strong>,</strong></span> <span class='ocrx_word' id='word_1_837' title='bbox 2485 5055 2539 5102; x_wconf 92' lang='lat' dir='ltr'><strong>et</strong></span> <span class='ocrx_word' id='word_1_838' title='bbox 2568 5057 2760 5117; x_wconf 59' lang='lat' dir='ltr'><strong>prater</strong></span> <span class='ocrx_word' id='word_1_839' title='bbox 2797 5048 3060 5119; x_wconf 85' lang='lat' dir='ltr'><strong>jejunium</strong></span> <span class='ocrx_word' id='word_1_840' title='bbox 3092 5051 3376 5107; x_wconf 91' lang='lat' dir='ltr'><strong>instantem</strong></span> <span class='ocrx_word' id='word_1_841' title='bbox 3415 5054 3712 5122; x_wconf 89' lang='lat' dir='ltr'><strong>angustiam</strong></span> 
     </span>
    </p>
   </div>
   <div class='ocr_carea' id='block_1_111' title="bbox 2124 5142 3710 5215">
    <p class='ocr_par' dir='ltr' id='par_1_111' title="bbox 2124 5142 3710 5215">
     <span class='ocr_line' id='line_1_111' title="bbox 2124 5142 3710 5215; baseline 0 -17"><span class='ocrx_word' id='word_1_842' title='bbox 2124 5155 2177 5198; x_wconf 91' lang='lat' dir='ltr'><strong>et</strong></span> <span class='ocrx_word' id='word_1_843' title='bbox 2204 5145 2421 5212; x_wconf 87' lang='lat' dir='ltr'><strong>periculi</strong></span> <span class='ocrx_word' id='word_1_844' title='bbox 2459 5145 2725 5199; x_wconf 87' lang='lat' dir='ltr'><strong>timorem.</strong></span> <span class='ocrx_word' id='word_1_845' title='bbox 2754 5142 3017 5200; x_wconf 86' lang='lat' dir='ltr'><strong>Instemus</strong></span> <span class='ocrx_word' id='word_1_846' title='bbox 3045 5145 3202 5215; x_wconf 91' lang='lat' dir='ltr'><strong>igitur</strong></span> <span class='ocrx_word' id='word_1_847' title='bbox 3229 5146 3420 5199; x_wconf 68' lang='lat' dir='ltr'><strong>anima:</strong></span> <span class='ocrx_word' id='word_1_848' title='bbox 3445 5146 3548 5199; x_wconf 91' lang='lat' dir='ltr'><strong>hoc</strong></span> <span class='ocrx_word' id='word_1_849' title='bbox 3579 5153 3710 5199; x_wconf 89' lang='lat' dir='ltr'><strong>tem-</strong></span> 
     </span>
    </p>
   </div>
   <div class='ocr_carea' id='block_1_112' title="bbox 2124 5235 3713 5305">
    <p class='ocr_par' dir='ltr' id='par_1_112' title="bbox 2124 5235 3713 5305">
     <span class='ocr_line' id='line_1_112' title="bbox 2124 5235 3713 5305; baseline 0.004 -21"><span class='ocrx_word' id='word_1_850' title='bbox 2124 5250 2252 5302; x_wconf 84' lang='lat' dir='ltr'><strong>pore</strong></span> <span class='ocrx_word' id='word_1_851' title='bbox 2297 5253 2309 5287; x_wconf 92' lang='lat'>:</span> <span class='ocrx_word' id='word_1_852' title='bbox 2356 5236 2555 5288; x_wconf 80' lang='lat' dir='ltr'><strong>ctenim</strong></span> <span class='ocrx_word' id='word_1_853' title='bbox 2603 5237 2701 5305; x_wconf 90' lang='lat' dir='ltr'><strong>ipsi</strong></span> <span class='ocrx_word' id='word_1_854' title='bbox 2750 5237 2928 5291; x_wconf 90' lang='lat' dir='ltr'><strong>omnia</strong></span> <span class='ocrx_word' id='word_1_855' title='bbox 2978 5251 3322 5305; x_wconf 69' lang='lat' dir='ltr'><strong>quazcumque</strong></span> <span class='ocrx_word' id='word_1_856' title='bbox 3360 5235 3713 5298; x_wconf 84' lang='lat' dir='ltr'><strong>voluerimus.</strong></span> 
     </span>
    </p>
   </div>
   <div class='ocr_carea' id='block_1_113' title="bbox 2123 5323 3716 5396">
    <p class='ocr_par' dir='ltr' id='par_1_113' title="bbox 2123 5323 3716 5396">
     <span class='ocr_line' id='line_1_113' title="bbox 2123 5323 3716 5396; baseline 0.001 -20"><span class='ocrx_word' id='word_1_857' title='bbox 2123 5323 2277 5378; x_wconf 80' lang='lat' dir='ltr'><strong>facile</strong></span> <span class='ocrx_word' id='word_1_858' title='bbox 2321 5326 2643 5394; x_wconf 77' lang='lat' dir='ltr'><strong>persuadere</strong></span> <span class='ocrx_word' id='word_1_859' title='bbox 2689 5327 2998 5396; x_wconf 90' lang='lat' dir='ltr'><strong>poterimus.</strong></span> <span class='ocrx_word' id='word_1_860' title='bbox 3051 5326 3278 5381; x_wconf 86' lang='lat' dir='ltr'><strong>Pavidus</strong></span> <span class='ocrx_word' id='word_1_861' title='bbox 3322 5326 3462 5380; x_wconf 91' lang='lat' dir='ltr'><strong>enim</strong></span> <span class='ocrx_word' id='word_1_862' title='bbox 3503 5334 3559 5380; x_wconf 88' lang='lat' dir='ltr'><strong>et</strong></span> <span class='ocrx_word' id='word_1_863' title='bbox 3608 5335 3716 5380; x_wconf 81' lang='lat' dir='ltr'><strong>tre-</strong></span> 
     </span>
    </p>
   </div>
   <div class='ocr_carea' id='block_1_114' title="bbox 2126 5417 3715 5486">
    <p class='ocr_par' dir='ltr' id='par_1_114' title="bbox 2126 5417 3715 5486">
     <span class='ocr_line' id='line_1_114' title="bbox 2126 5417 3715 5486; baseline -0.001 -17"><span class='ocrx_word' id='word_1_864' title='bbox 2126 5430 2317 5482; x_wconf 88' lang='lat' dir='ltr'><strong>mens,</strong></span> <span class='ocrx_word' id='word_1_865' title='bbox 2365 5426 2420 5470; x_wconf 92' lang='lat' dir='ltr'><strong>et</strong></span> <span class='ocrx_word' id='word_1_866' title='bbox 2467 5433 2496 5470; x_wconf 92' lang='lat' dir='ltr'><strong>a</strong></span> <span class='ocrx_word' id='word_1_867' title='bbox 2541 5418 2744 5473; x_wconf 89' lang='lat' dir='ltr'><strong>deliciis</strong></span> <span class='ocrx_word' id='word_1_868' title='bbox 2790 5421 3039 5473; x_wconf 86' lang='lat' dir='ltr'><strong>omnibus</strong></span> <span class='ocrx_word' id='word_1_869' title='bbox 3087 5417 3398 5486; x_wconf 86' lang='lat' dir='ltr'><strong>expeditus,</strong></span> <span class='ocrx_word' id='word_1_870' title='bbox 3447 5425 3609 5486; x_wconf 91' lang='lat' dir='ltr'><strong>atque</strong></span> <span class='ocrx_word' id='word_1_871' title='bbox 3665 5418 3715 5470; x_wconf 88' lang='lat' dir='ltr'><strong>in</strong></span> 
     </span>
    </p>
   </div>
   <div class='ocr_carea' id='block_1_115' title="bbox 2126 5509 3714 5579">
    <p class='ocr_par' dir='ltr' id='par_1_115' title="bbox 2126 5509 3714 5579">
     <span class='ocr_line' id='line_1_115' title="bbox 2126 5509 3714 5579; baseline 0.001 -20"><span class='ocrx_word' id='word_1_872' title='bbox 2126 5509 2317 5562; x_wconf 88' lang='lat' dir='ltr'><strong>timore</strong></span> <span class='ocrx_word' id='word_1_873' title='bbox 2348 5509 2569 5570; x_wconf 82' lang='lat' dir='ltr'><strong>vivens.</strong></span> <span class='ocrx_word' id='word_1_874' title='bbox 2623 5510 2772 5563; x_wconf 89' lang='lat' dir='ltr'><strong>facile</strong></span> <span class='ocrx_word' id='word_1_875' title='bbox 2820 5509 3178 5579; x_wconf 87' lang='lat' dir='ltr'><strong>philosophari</strong></span> <span class='ocrx_word' id='word_1_876' title='bbox 3230 5517 3442 5578; x_wconf 90' lang='lat' dir='ltr'><strong>potest,</strong></span> <span class='ocrx_word' id='word_1_877' title='bbox 3491 5519 3546 5564; x_wconf 90' lang='lat' dir='ltr'><strong>et</strong></span> <span class='ocrx_word' id='word_1_878' title='bbox 3596 5523 3714 5563; x_wconf 86' lang='lat' dir='ltr'><strong>cum</strong></span> 
     </span>
    </p>
   </div>
   <div class='ocr_carea' id='block_1_116' title="bbox 2125 5601 3388 5669">
    <p class='ocr_par' dir='ltr' id='par_1_116' title="bbox 2125 5601 3388 5669">
     <span class='ocr_line' id='line_1_116' title="bbox 2125 5601 3388 5669; baseline -0.002 -14"><span class='ocrx_word' id='word_1_879' title='bbox 2125 5601 2286 5655; x_wconf 91' lang='lat' dir='ltr'><strong>multa</strong></span> <span class='ocrx_word' id='word_1_880' title='bbox 2316 5601 2588 5655; x_wconf 86' lang='lat' dir='ltr'><strong>alacritate</strong></span> <span class='ocrx_word' id='word_1_881' title='bbox 2620 5602 2828 5655; x_wconf 89' lang='lat' dir='ltr'><strong>virtutis</strong></span> <span class='ocrx_word' id='word_1_882' title='bbox 2853 5602 3055 5656; x_wconf 89' lang='lat' dir='ltr'><strong>semina</strong></span> <span class='ocrx_word' id='word_1_883' title='bbox 3095 5601 3388 5669; x_wconf 87' lang='lat' dir='ltr'><strong>suscipere.</strong></span> 
     </span>
    </p>
   </div>
   <div class='ocr_carea' id='block_1_117' title="bbox 2199 5691 3710 5762">
    <p class='ocr_par' dir='ltr' id='par_1_117' title="bbox 2199 5691 3710 5762">
     <span class='ocr_line' id='line_1_117' title="bbox 2199 5691 3710 5762; baseline -0.003 -16"><span class='ocrx_word' id='word_1_884' title='bbox 2199 5694 2250 5746; x_wconf 90' lang='lat'><strong>7.</strong></span> <span class='ocrx_word' id='word_1_885' title='bbox 2282 5692 2584 5747; x_wconf 72' lang='lat' dir='ltr'><strong>loramenta</strong></span> <span class='ocrx_word' id='word_1_886' title='bbox 2612 5693 2836 5745; x_wconf 82' lang='lat' dir='ltr'><strong>vitanda.</strong></span> <span class='ocrx_word' id='word_1_887' title='bbox 2864 5721 2934 5731; x_wconf 92' lang='lat'><strong>—-</strong></span> <span class='ocrx_word' id='word_1_888' title='bbox 2963 5691 3199 5746; x_wconf 80' lang='lat' dir='ltr'><strong>Primum</strong></span> <span class='ocrx_word' id='word_1_889' title='bbox 3237 5692 3397 5762; x_wconf 86' lang='lat' dir='ltr'><strong>igitur</strong></span> <span class='ocrx_word' id='word_1_890' title='bbox 3417 5691 3464 5746; x_wconf 87' lang='lat' dir='ltr'><strong>ei</strong></span> <span class='ocrx_word' id='word_1_891' title='bbox 3495 5704 3710 5762; x_wconf 83' lang='lat' dir='ltr'><strong>persna-</strong></span> 
     </span>
    </p>
   </div>
   <div class='ocr_carea' id='block_1_118' title="bbox 2126 5782 3708 5856">
    <p class='ocr_par' dir='ltr' id='par_1_118' title="bbox 2126 5782 3708 5856">
     <span class='ocr_line' id='line_1_118' title="bbox 2126 5782 3708 5856; baseline -0.004 -14"><span class='ocrx_word' id='word_1_892' title='bbox 2126 5786 2346 5842; x_wconf 88' lang='lat' dir='ltr'><strong>dcamus</strong></span> <span class='ocrx_word' id='word_1_893' title='bbox 2367 5827 2382 5851; x_wconf 93' lang='lat'><strong>,</strong></span> <span class='ocrx_word' id='word_1_894' title='bbox 2428 5794 2486 5840; x_wconf 90' lang='lat' dir='ltr'><strong>ut</strong></span> <span class='ocrx_word' id='word_1_895' title='bbox 2523 5800 2552 5838; x_wconf 92' lang='lat' dir='ltr'><strong>a</strong></span> <span class='ocrx_word' id='word_1_896' title='bbox 2593 5786 3015 5856; x_wconf 89' lang='lat' dir='ltr'><strong>juramentorum</strong></span> <span class='ocrx_word' id='word_1_897' title='bbox 3047 5783 3168 5854; x_wconf 88' lang='lat' dir='ltr'><strong>fuga</strong></span> <span class='ocrx_word' id='word_1_898' title='bbox 3199 5785 3545 5839; x_wconf 90' lang='lat' dir='ltr'><strong>mutationem</strong></span> <span class='ocrx_word' id='word_1_899' title='bbox 3575 5782 3708 5838; x_wconf 79' lang='lat' dir='ltr'><strong>inci-</strong></span> 
     </span>
    </p>
   </div>
   <div class='ocr_carea' id='block_1_119' title="bbox 2128 5873 3706 5950">
    <p class='ocr_par' dir='ltr' id='par_1_119' title="bbox 2128 5873 3706 5950">
     <span class='ocr_line' id='line_1_119' title="bbox 2128 5873 3706 5950; baseline -0.004 -17"><span class='ocrx_word' id='word_1_900' title='bbox 2128 5880 2278 5950; x_wconf 89' lang='lat' dir='ltr'><strong>piat:</strong></span> <span class='ocrx_word' id='word_1_901' title='bbox 2312 5879 2412 5934; x_wconf 85' lang='lat' dir='ltr'><strong>etsi</strong></span> <span class='ocrx_word' id='word_1_902' title='bbox 2455 5878 2599 5934; x_wconf 89' lang='lat' dir='ltr'><strong>enim</strong></span> <span class='ocrx_word' id='word_1_903' title='bbox 2641 5877 2754 5934; x_wconf 90' lang='lat' dir='ltr'><strong>heri</strong></span> <span class='ocrx_word' id='word_1_904' title='bbox 2801 5886 2853 5934; x_wconf 88' lang='lat' dir='ltr'><strong>ct</strong></span> <span class='ocrx_word' id='word_1_905' title='bbox 2899 5875 3285 5934; x_wconf 86' lang='lat' dir='ltr'><strong>nudiustertius</strong></span> <span class='ocrx_word' id='word_1_906' title='bbox 3313 5874 3380 5930; x_wconf 91' lang='lat' dir='ltr'><strong>de</strong></span> <span class='ocrx_word' id='word_1_907' title='bbox 3425 5874 3524 5931; x_wconf 90' lang='lat' dir='ltr'><strong>hac</strong></span> <span class='ocrx_word' id='word_1_908' title='bbox 3564 5873 3706 5928; x_wconf 80' lang='lat' dir='ltr'><strong>vobis</strong></span> 
     </span>
    </p>
   </div>
  </div>
