4458 6676
794 464 863 517 79
1533 462 1590 518 S.
1621 463 1895 519 JOANNIS
1935 464 2405 521 CIIRYSOSTOMI
2444 466 2757 523 ARCHIEP.
2799 468 3323 529 CONSTANTINOP.
4002 482 4070 539 80

798 573 1051 642 loquutus
1077 588 1193 629 sum
1223 574 1443 628 materia
1466 615 1480 641 ,
1508 590 1681 645 neque
1708 585 1882 629 tamen
1911 576 2067 631 hodie
2095 575 2372 641 desistam,

796 677 972 733 neque
998 679 1146 729 cras,
1178 679 1350 734 neque
1379 666 1629 734 perendie
1657 665 1842 719 eadem
1873 682 2111 721 monere.
2162 667 2229 720 Et
2254 669 2378 737 quid

801 754 925 810 dico
951 758 1234 811 crastinam
1273 765 1365 810 aut
1409 759 1618 812 tertiam
1648 758 1834 812 diem?
1875 760 2049 815 Donec
2076 774 2172 815 vos
2200 774 2377 815 corre-

799 854 915 901 ctos
941 847 1165 912 videam,
1207 862 1315 902 non
1344 848 1596 903 absistam
1626 868 1637 901 :
1677 850 1722 903 si
1752 851 1892 905 enim
1924 851 2092 919 legem
2122 852 2379 921 priet-ari-

798 947 984 992 cantes
1013 952 1118 992 non
1145 939 1499 1005 erubescunt,
1534 940 1700 995 multo
1726 942 1895 1012 magis
1923 958 2021 997 nos
2042 942 2287 1011 iubentes
2315 959 2380 997 ne

796 1028 1211 1097 przevaricemini
1231 1071 1249 1095 ,
1276 1030 1343 1085 de
1373 1030 1635 1100 frequenti
1666 1031 2029 1088 admonitione
2058 1047 2161 1086 non
2190 1032 2380 1089 erube-

794 1134 945 1173 scere
989 1134 1085 1189 par
1120 1131 1221 1175 est.
1276 1121 1349 1174 De
1392 1122 1579 1175 iisdem
1607 1124 1749 1177 enim
1788 1125 2039 1177 continue
2067 1136 2378 1177 commone-

795 1209 1009 1275 facere,
1059 1228 1162 1267 non
1205 1213 1471 1277 dicentis,
1518 1212 1611 1267 sed
1658 1213 1983 1266 audientiutn
2027 1222 2111 1267 est
2155 1213 2378 1279 crimen,

794 1301 1041 1354 diuturna
1082 1316 1245 1369 super
1278 1302 1609 1371 simplicibus
1637 1312 1691 1355 et
1720 1302 1963 1356 facilibus
1992 1304 2272 1372 praeceptis
2304 1305 2381 1357 in-

792 1390 1084 1459 digentium
1125 1392 1423 1462 disciplina.
1465 1392 1600 1460 Quid
1628 1394 1769 1447 enim
1817 1392 2023 1448 facilius
2068 1410 2227 1463 quam
2274 1411 2381 1449 non

790 1483 1018 1550 jurare?
1062 1482 1477 1540 Consuetudinis
1527 1495 1729 1539 tantum
1781 1501 1916 1557 Opus
1963 1497 2044 1541 est
2086 1505 2101 1541 :
2146 1502 2252 1542 non
2300 1500 2383 1543 est

794 1575 1036 1641 corporis
1066 1574 1219 1629 labor
1239 1615 1255 1639 ,
1289 1592 1395 1629 non
1422 1587 1503 1630 est
1532 1579 1876 1647 pecuniarum
1911 1578 2257 1647 impendium.
2295 1581 2381 1635 Vis

792 1662 1005 1718 discere
1046 1666 1316 1735 quomodo
1351 1667 1533 1721 vitium
1582 1670 1823 1739 superari
1860 1670 2075 1737 possit?
2117 1670 2382 1741 quomodo

792 1752 861 1805 ab
914 1755 1154 1822 improba
1214 1757 1599 1812 consuetudine
1655 1759 1869 1813 liberari
1921 1760 2121 1815 liccat?
2169 1762 2280 1826 Ego
2330 1770 2381 1814 te

792 1843 1079 1909 quemdam
1104 1845 1308 1900 docebo
1335 1849 1571 1913 modum,
1602 1865 1761 1917 quem
1788 1850 1831 1903 si
1862 1852 2127 1915 tenueris,
2160 1865 2378 1919 supera-

795 1933 877 1987 his
903 1934 1144 1989 omnino.
1189 1935 1324 1989 Cant
1354 1938 1551 1991 videris
1598 1942 1823 2007 teipsum
1844 1980 1860 2006 ,
1891 1941 1973 1994 vel
2001 1942 2163 1995 alium
2191 1957 2378 2011 quem-

791 2037 933 2090 que,
960 2025 1043 2078 vel
1072 2038 1285 2080 servum
1308 2069 1322 2093 ,
1354 2029 1440 2083 vel
1470 2028 1668 2093 ﬁlium,
1700 2030 1784 2083 vel
1830 2046 2050 2087 uxorem
2094 2032 2194 2087 hoc
2240 2033 2379 2087 malo

790 2122 995 2181 captos,
1025 2124 1080 2168 et
1102 2121 1354 2171 continue
1382 2120 1853 2187 commonefactos,
1887 2138 2057 2191 neque
2086 2132 2374 2187 correctos,

790 2203 918 2273 iube
962 2219 1068 2259 non
1107 2216 1350 2262 cmuatos
1388 2208 1606 2275 cubare,
1656 2219 1711 2265 et
1754 2210 1891 2266 hanc
1937 2212 2134 2281 tibique
2177 2222 2231 2267 et
2275 2214 2380 2267 illis

791 2292 1190 2348 damnationem
1242 2296 1455 2363 impone
1479 2339 1494 2362 ,
1527 2298 1923 2354 damnationem
1968 2316 2071 2354 non
2102 2301 2375 2365 damnum,

790 2383 888 2437 sed
917 2385 1119 2438 lucrum
1148 2385 1430 2441 ferentem.
1457 2387 1606 2442 Talia
1638 2390 1780 2443 enim
1812 2399 1933 2443 sunt
1960 2390 2251 2458 spiritualia
2283 2410 2297 2445 :
2327 2402 2381 2446 et

794 2477 996 2528 iucrutn
1026 2474 1237 2541 ferunt,
1275 2485 1330 2532 et
1356 2480 1693 2534 celerrimam
1736 2483 2123 2535 correctionem
2154 2501 2169 2537 :
2200 2483 2377 2552 lingua

790 2567 934 2622 enim
962 2567 1177 2625 assidue
1205 2572 1438 2625 cruciata
1464 2614 1480 2637 ,
1513 2572 1595 2625 vel
1627 2574 1840 2629 nemine
1867 2585 2239 2631 commonente
2265 2577 2379 2631 suf-

792 2657 1059 2714 ﬁcientem
1080 2662 1220 2730 capit
1236 2661 1651 2717 admonitionem
1675 2679 1705 2718 a
1729 2665 1814 2718 siti
1830 2680 2159 2734 compressa,
2182 2682 2214 2722 a
2240 2668 2380 2723 fame

792 2748 1089 2817 angustiata
1114 2766 1130 2815 ;
1183 2761 1233 2804 et
1263 2751 1388 2807 licet
1414 2755 1650 2807 omnium
1681 2756 1847 2808 simus
1874 2755 2203 2811 stolidissimi
2226 2799 2241 2822 ,
2272 2766 2378 2811 tota

794 2838 885 2893 die
913 2839 1070 2908 hujus
1097 2844 1343 2896 tormenti
1373 2844 1734 2914 magnitudine
1758 2846 2090 2911 commoniti,
2121 2847 2227 2902 alio
2252 2863 2381 2903 con-

793 2928 914 2983 silio
941 2939 995 2985 et
1022 2932 1384 2987 admonitione
1420 2948 1524 2989 non
1568 2934 1945 3005 indigebimus.
1979 2936 2259 2993 Laudastis
2296 2938 2377 2993 di-

791 3028 877 3073 cta
900 3062 915 3085 ,
940 3035 1122 3075 vermn
1150 3032 1203 3076 et
1230 3021 1383 3076 factis
1409 3024 1617 3079 laudem
1648 3025 2029 3080 demonstrate.
2058 3026 2209 3093 Quod
2236 3030 2376 3081 enim

793 3108 989 3178 alioqui
1037 3110 1193 3179 hujus
1241 3114 1512 3167 co..eionis
1542 3116 2007 3169 emolumentum?
2048 3118 2100 3170 Si
2144 3118 2378 3186 quotidie

793 3200 1047 3269 puerulus
1074 3200 1139 3254 ad
1181 3200 1417 3255 scholam
1448 3212 1659 3272 pergat,
1695 3213 1877 3273 postea
1906 3206 1981 3259 nil
2014 3205 2186 3260 discat
2206 3247 2220 3270 ,
2250 3222 2375 3261 nunt

795 3291 862 3345 ad
891 3293 1284 3347 excusationem
1316 3292 1542 3348 sufﬁciat
1568 3295 1740 3361 nobis,
1775 3298 1947 3366 ipsum
1990 3296 2118 3352 illuc
2142 3297 2377 3367 quotidie

796 3382 1060 3450 pergere?
1090 3396 1194 3435 non
1222 3381 1324 3437 hoc
1351 3384 1521 3451 ipsum
1553 3384 1842 3438 maximum
1869 3384 2127 3441 ducemus
2152 3387 2375 3453 crimen,

794 3472 936 3540 quod
976 3487 1070 3540 per
1110 3472 1344 3542 singulos
1390 3474 1507 3529 dies
1549 3476 1674 3530 illuc
1722 3491 1988 3547 pergens,
2034 3478 2137 3533 hoc
2184 3478 2377 3533 frustra

796 3561 997 3615 faciat?
1026 3560 1138 3616 lloc
1166 3572 1221 3617 et
1249 3562 1302 3616 in
1334 3564 1487 3618 nobis
1517 3565 1646 3633 ipsis
1675 3567 1968 3636 cogitemus
1988 3609 2003 3632 ,
2037 3576 2091 3621 et
2117 3569 2252 3622 intra
2282 3584 2381 3622 nos

793 3650 939 3720 ipsos
958 3650 1201 3707 dicamus
1227 3672 1238 3705 :
1264 3652 1493 3708 Tantum
1520 3656 1775 3724 temporis
1794 3656 1862 3711 ad
1884 3658 2166 3712 ecclesiam
2192 3674 2377 3713 occur-

794 3750 975 3795 rentes
995 3783 1008 3804 ,
1058 3743 1447 3797 terribilissima
1479 3745 1710 3800 fruentes
1740 3748 1923 3818 synaxi
1942 3787 1955 3810 ,
1990 3749 2208 3818 ipsaque
2237 3751 2377 3803 mul-

797 3842 907 3884 tum
951 3832 1152 3885 lucrum
1200 3835 1465 3900 habente,
1511 3836 1555 3889 si
1602 3836 1733 3891 tales
1774 3852 1986 3891 rursum
2014 3836 2373 3905 discedamus,

794 3923 981 3991 quales
1007 3922 1337 3988 advenimus,
1372 3926 1573 3978 nullum
1600 3925 1899 3980 defectuum
1927 3939 2230 3981 nosurorum
2260 3943 2378 3981 cor-

795 4016 1033 4082 rigentcs
1052 4055 1067 4077 ,
1097 4028 1217 4081 qu:e
1244 4013 1397 4067 nobis
1427 4014 1529 4067 crit
1567 4014 1724 4082 hujus
1764 4015 2106 4083 profectionis
2134 4017 2379 4069 utilitas?

796 4104 1003 4158 litcnim
1048 4106 1211 4158 multa
1242 4120 1347 4159 non
1391 4116 1608 4174 propter
1636 4121 1696 4160 se
1739 4106 1870 4160 ﬁunt
1891 4149 1905 4173 ,
1946 4108 2042 4162 sed
2072 4118 2288 4177 propter
2316 4124 2378 4162 ea

794 4210 914 4262 qua:
957 4210 1025 4249 ex
1068 4195 1197 4263 ipsis
1242 4197 1513 4250 eveniunt.
1562 4198 1729 4262 Quale
1777 4198 1902 4252 illud
1951 4209 2031 4253 est
2065 4218 2077 4254 :
2107 4201 2378 4255 seminans

798 4298 903 4337 non
935 4283 1056 4338 ideo
1084 4286 1344 4350 seminat,
1389 4295 1447 4340 ut
1474 4295 1674 4340 tantum
1702 4290 1949 4355 scminct,
1979 4291 2071 4345 sed
2102 4302 2157 4344 ut
2186 4300 2241 4345 et
2268 4306 2376 4345 me-

800 4384 876 4427 tat
906 4389 918 4426 :
948 4374 1089 4443 quod
1116 4375 1217 4429 nisi
1248 4376 1347 4429 hoc
1375 4376 1558 4440 ﬁeret,
1596 4388 1649 4430 et
1673 4378 1924 4432 damnum
1951 4382 2205 4434 sententis
2233 4391 2380 4450 pate-

798 4477 972 4530 retur,
1003 4468 1295 4525 seminibus
1332 4471 1596 4525 incassum
1629 4472 1957 4540 putrefactis.
1987 4473 2246 4527 Mercator
2274 4492 2376 4527 non

801 4566 1014 4626 propter
1039 4557 1139 4612 hoc
1164 4560 1406 4628 navigat,
1437 4570 1492 4614 ut
1518 4568 1724 4615 tantum
1753 4562 1980 4631 naviget,
2012 4562 2107 4616 sed
2138 4570 2195 4615 ut
2222 4579 2376 4631 pere-

796 4646 1056 4712 granando
1081 4648 1370 4702 auctiorem
1404 4649 1560 4703 faciat
1600 4666 1715 4705 rem
1749 4668 1763 4703 :
1793 4653 1935 4721 quod
1964 4653 2062 4705 nisi
2092 4653 2191 4707 ltoc
2218 4654 2373 4718 adsit,

800 4747 853 4788 et
880 4736 1129 4790 damnum
1159 4739 1363 4794 accidet
1387 4751 1706 4807 extremum,
1740 4756 1793 4797 et
1819 4743 2073 4799 damnosa
2120 4759 2377 4801 mercato-

802 4841 918 4877 rum
949 4830 1317 4896 peregrinatio.
1347 4830 1458 4885 lloc
1494 4832 1631 4887 idem
1662 4844 1714 4887 et
1744 4835 1797 4887 in
1828 4836 1979 4889 nobis
2007 4836 2134 4906 ipsis
2163 4836 2376 4891 ratioci-

800 4933 992 4971 nemur
1016 4936 1030 4971 :
1057 4922 1250 4973 etenim
1281 4932 1332 4975 et
1360 4938 1455 4976 nos
1482 4924 1532 4977 in
1565 4926 1840 4980 ecclesiam
1872 4929 2238 4995 convenimus,
2270 4946 2373 4985 non

802 5017 1025 5077 propter
1049 5009 1151 5063 hoc
1175 5011 1344 5077 ipsunt
1373 5014 1565 5076 solum,
1595 5024 1651 5068 ut
1674 5015 1759 5071 hic
1785 5019 2158 5087 immoremur,
2195 5023 2286 5077 sed
2322 5035 2377 5077 ut

800 5098 997 5167 aliquid
1026 5114 1274 5171 magnum
1303 5110 1355 5155 et
1394 5104 1665 5173 spirituale
1708 5108 1891 5162 lucrati
1922 5110 2273 5165 discedamus.
2320 5114 2375 5168 Si

801 5191 961 5258 igitur
995 5193 1179 5246 inanes
1207 5202 1262 5246 et
1292 5194 1421 5248 nihil
1461 5195 1636 5264 adepti
1667 5198 1938 5261 abeamus,
1970 5202 2373 5255 condemnatio-

801 5298 920 5334 nem
952 5284 1105 5339 nobis
1132 5284 1233 5340 hoc
1259 5286 1488 5341 studium
1514 5298 1770 5344 accerset.
1804 5289 1952 5357 Quod
1980 5308 2046 5347 ne
2078 5294 2186 5360 ﬁat,
2216 5306 2375 5363 utque

804 5380 1003 5425 tantum
1032 5374 1280 5430 damnum
1311 5378 1593 5442 evitemus,
1624 5380 1883 5435 abeuntes
1917 5382 2056 5449 hinc,
2090 5386 2227 5438 inter
2256 5400 2375 5440 sese

801 5466 958 5520 amici
986 5480 1104 5519 eum
1137 5468 1256 5522 ﬁliis
1287 5478 1463 5537 patres
1483 5513 1497 5535 ,
1538 5487 1656 5526 cum
1687 5473 1858 5528 servis
1884 5473 2115 5542 domini,
2148 5478 2374 5530 medita-

804 5559 969 5624 mini,
1001 5568 1055 5613 et
1083 5559 1315 5616 laborate
1339 5565 1603 5633 quomodo
1632 5567 1946 5635 imperatmn
1976 5568 2290 5635 expediatis,
2321 5578 2377 5621 ut

799 5659 1080 5721 postquam
1112 5649 1300 5705 iterum
1343 5656 1538 5710 reversi
1578 5655 1781 5712 fueritis
1806 5699 1819 5721 ,
1873 5666 1927 5713 et
1967 5657 2034 5712 de
2063 5658 2248 5713 iisdem
2278 5674 2375 5713 nos

793 5742 1083 5797 suadentes
1124 5743 1429 5810 audieritis,
1468 5762 1570 5801 non
1604 5748 1803 5818 pudore
1847 5748 2146 5805 afﬁciamini
2174 5793 2186 5814 ,
2234 5765 2377 5803 mor-

793 5832 954 5889 dente
983 5850 1075 5891 vos
1102 5834 1447 5902 «inscientia,
1476 5838 1566 5892 sed
1595 5838 1889 5909 gaudeatis,
1918 5852 1968 5897 ct
2002 5842 2252 5899 la'temini
2280 5845 2370 5896 ad-

2492 578 2801 634 monitionis
2840 584 3094 652 majorem
3131 584 3283 639 vobis
3322 592 3527 654 partem
3558 588 3818 655 expletam
3855 595 4071 663 conSpi-

2483 677 2702 721 ctentes.
2748 668 2873 723 llzec
2914 689 3019 727 non
3067 684 3270 729 tantum
3321 674 3407 729 hic
3450 674 3884 745 philosophemur
3916 702 3929 736 :
3960 700 4066 739 non

2483 762 2624 815 enim
2673 763 2785 817 haec
2830 779 3201 823 momentanea
3246 769 3541 823 admonitio
3585 776 3753 822 totum
3794 775 4058 832 eradicars

2484 860 2694 920 potest,
2728 867 2912 907 verum
2942 864 2996 909 et
3024 857 3167 912 domi
3210 861 3290 912 vir
3316 860 3381 912 ab
3409 872 3573 911 uxore
3597 857 3713 912 hrrc
3745 860 3957 927 audiat,
4007 877 4062 920 et

2485 956 2618 995 uxor
2644 957 2672 994 a
2702 943 2927 1013 conjuge
2960 961 2973 996 :
3015 956 3068 1000 et
3106 949 3376 1003 a‘mulatio
3404 948 3643 1019 qumdam
3690 950 3780 1002 fiat
3816 965 3923 1005 omi
3946 954 4065 1010 ibus

2484 1032 2548 1086 ad
2578 1032 2732 1102 hujus
2764 1033 2896 1102 legis
2926 1034 3291 1104 itnpletionem
3318 1040 3596 1109 pervenire
3621 1036 3983 1107 studentibm,
4010 1053 4067 1098 ct

2485 1122 2571 1189 qtti
2620 1123 2763 1191 prius
2807 1124 3107 1192 impleverit
3133 1128 3397 1183 deficienti
3436 1128 3758 1196 exprobret,
3805 1137 3864 1183 ut
3890 1131 4062 1199 ipsum

2486 1212 2651 1280 magis
2674 1213 2867 1267 excitet
2898 1231 2911 1265 :
2941 1215 3031 1283 qui
3057 1216 3255 1281 deficit,
3304 1229 3357 1272 et
3383 1219 3616 1272 nondum
3646 1220 3900 1288 implevit,
3931 1238 4066 1290 pra:-

2485 1303 2784 1356 venientem
2830 1313 3073 1373 spectet,
3119 1318 3174 1361 et
3201 1309 3266 1363 ad
3318 1310 3485 1377 ipsum
3514 1308 3759 1363 celeriter
3788 1314 4065 1380 pervenire

2484 1391 2787 1444 contendat.
2816 1392 2871 1445 Si
2899 1394 3011 1448 haec
3043 1396 3378 1460 meditemur,
3407 1399 3451 1451 si
3480 1398 3592 1450 ba-c
3618 1412 3884 1463 curemus,
3915 1402 4065 1456 brevi

2486 1485 2634 1537 nobis
2665 1493 2717 1538 et
2762 1486 2864 1538 alia
2904 1502 3159 1557 prospere
3204 1492 3413 1561 negotia
3454 1488 3769 1559 dirigentur.
3820 1492 3899 1547 Tu
3944 1510 4066 1563 qua:

2486 1572 2575 1625 Dei
2605 1584 2727 1627 sunt
2753 1575 3011 1631 meditare
3032 1619 3046 1643 ,
3076 1589 3130 1632 et
3162 1579 3275 1648 ipse
3316 1582 3420 1634 tuis
3458 1578 3771 1647 providebit.
3799 1581 3907 1637 Nec
3933 1584 4065 1637 mihi

2482 1660 2627 1715 dicas
2657 1682 2671 1717 :
2698 1664 2835 1731 Quid
2865 1682 2990 1721 vero
3009 1709 3024 1733 ,
3052 1669 3095 1720 si
3124 1671 3241 1738 quis
3277 1670 3489 1738 jurandi
3517 1672 3884 1727 necessitatem
3912 1676 4067 1730 nobis

2483 1751 2763 1819 imponat?
2806 1756 2933 1824 quid
2964 1758 3010 1812 si
3058 1773 3161 1811 non
3202 1760 3428 1813 credat?
3473 1758 3613 1813 Sane
3637 1774 3803 1827 vero,
3847 1762 3935 1816 ubi
3981 1764 4064 1818 lex

2482 1844 2758 1910 violanda,
2792 1849 3125 1903 necessitatis
3172 1849 3478 1903 meminisse
3521 1864 3626 1903 non
3670 1861 3898 1919 oportet.
3951 1853 4065 1909 Una

2481 1942 2565 1985 est
2592 1934 2735 1989 enim
2763 1937 3081 1991 inevitabilis
3108 1938 3420 2001 necessitas,
3449 1938 3612 1991 Deum
3638 1954 3742 1993 non
3769 1940 4064 1999 offendere.

2486 2019 2866 2079 Verumtamen
2902 2026 3115 2079 interim
3156 2025 3285 2079 illud
3313 2034 3537 2094 praesta,
3580 2027 3852 2097 superﬂua
3889 2032 4068 2087 recide

2478 2109 2814 2177 juramenta,
2849 2124 3049 2168 temere
3087 2123 3140 2168 et
3182 2116 3299 2168 sine
3340 2117 3693 2183 necessitate,
3736 2117 3901 2185 domi,
3944 2135 4065 2175 cum

2483 2204 2689 2269 amicis,
2715 2220 2836 2259 cum
2863 2206 3039 2259 servis
3067 2204 3271 2273 prolata
3302 2224 3315 2259 :
3341 2208 3386 2259 si
3417 2205 3531 2262 haec
3554 2208 3853 2273 sustuleris,
3883 2211 3939 2264 in
3962 2212 4070 2267 illis

2484 2296 2587 2347 ιιιοί
2631 2295 2762 2349 nihil
2802 2295 3030 2364 amplius
3059 2296 3318 2365 indigebis
3349 2313 3362 2348 :
3393 2298 3567 2366 ipsum
3610 2298 3753 2353 enim
3780 2314 3845 2355 os
3881 2301 3933 2354 in
3966 2301 4068 2356 hoc

2484 2386 2859 2449 exercitatum,
2886 2394 2945 2440 ut
2964 2386 3177 2454 jurandi
3206 2384 3560 2454 frequentiam
3594 2388 3777 2442 timeat
3802 2399 3857 2443 et
3882 2390 4064 2458 fugiat.

2485 2490 2658 2544 neque
2679 2477 2722 2529 si
2747 2477 2867 2545 quis
2888 2477 3080 2530 millies
3098 2477 3355 2545 coegerit,
3378 2476 3433 2530 in
3459 2476 3601 2530 illam
3624 2478 3851 2546 amplius
3874 2478 4068 2535 cadere

2482 2566 2919 2621 consuetudinem
2959 2566 3221 2621 admittet.
3270 2566 3377 2621 Sed
3408 2578 3466 2621 ut
3494 2582 3635 2622 nunc
3674 2569 3844 2622 multo
3887 2568 4069 2624 labore

2483 2665 2537 2708 et
2565 2654 2769 2709 inﬁnita
2795 2657 3235 2712 interturbatione
3258 2700 3273 2722 ,
3305 2668 3567 2713 terrentes
3590 2699 3605 2719 .
3638 2659 3936 2724 minantes,
3967 2660 4067 2713 ad-

2485 2755 2787 2810 monentes,
2819 2748 3188 2811 consulentes,
3218 2750 3305 2802 vix
3334 2752 3604 2817 potuimus
3629 2750 3681 2803 in
3707 2750 3863 2803 aliam
3895 2751 4067 2820 ipsum

2484 2839 2924 2893 consuetudinem
2975 2847 3334 2893 transmutare
3382 2858 3395 2892 :
3444 2841 3522 2893 sic
3565 2850 3619 2893 et
3660 2848 3786 2894 tunc
3828 2841 4066 2909 quidem,

2486 2930 2607 2982 licet
2636 2930 2895 2983 inﬁnitam
2924 2930 3042 2999 quis
3071 2929 3265 2984 inferat
3292 2932 3665 2985 necessitatem
3686 2969 3701 2992 ,
3734 2930 3870 2985 hanc
3894 2940 4068 2986 trans-

2482 3019 2629 3087 gredi
2656 3019 2825 3088 legem
2851 3034 2958 3073 non
2998 3020 3191 3089 poterit
3217 3020 3544 3089 persuadere
3569 3036 3583 3083 ;
3620 3020 3713 3074 sed
3740 3021 3877 3075 sicut
3903 3037 4069 3076 vene-

2482 3125 2608 3163 num
2634 3109 2919 3179 quodpiam
2950 3126 3238 3180 numquam
3274 3118 3493 3179 gustare
3523 3112 3643 3179 quis
3670 3112 3861 3177 vellet,
3903 3114 4064 3165 etiam

2482 3200 2715 3254 instante
2742 3201 3095 3267 necessitate,
3127 3201 3206 3254 sic
3232 3215 3402 3269 neque
3433 3200 3731 3269 juramenta
3760 3201 4063 3255 admittere.

2483 3291 2595 3345 Hoc
2630 3302 2809 3347 autem
2838 3293 2883 3345 si
2928 3292 3037 3355 ﬁat,
3082 3290 3233 3345 vobis
3258 3291 3495 3345 solamen
3525 3292 3649 3357 erit,
3681 3300 3733 3344 et
3762 3293 4063 3345 hortamen-

2485 3391 2595 3435 tuut
2626 3382 2693 3435 ad
2723 3382 2955 3451 reliquas
2980 3382 3191 3435 virtutis
3221 3391 3397 3451 partes
3420 3382 3769 3451 attingendus.
3798 3382 3895 3449 Qui
3921 3386 4064 3436 enim

2486 3472 2619 3526 nihil
2647 3473 2910 3542 praastitit,
2947 3476 3201 3540 torpescit
3226 3482 3280 3526 et
3324 3472 3431 3525 cito
3469 3472 3700 3526 concidit
3727 3475 3930 3534 animo,
3974 3474 4065 3540 qui

2484 3576 2612 3615 vero
2657 3561 2756 3615 sibi
2799 3563 3043 3615 conscius
3086 3570 3205 3626 est,
3252 3562 3392 3631 quod
3430 3562 3510 3615 vel
3557 3577 3720 3615 unum
3766 3562 4065 3630 expleverit

2484 3651 2811 3711 mandatum.
2838 3667 2905 3705 ex
2936 3652 3036 3707 hoc
3062 3653 3199 3706 bene
3234 3667 3451 3721 sperare
3474 3652 3683 3715 doctus,
3725 3654 3908 3723 majori
3939 3669 4061 3706 cum

2482 3742 2659 3795 studio
2687 3741 2753 3794 ad
2792 3742 2993 3811 reliqua
3021 3740 3273 3811 procedet
3303 3758 3315 3794 :
3345 3752 3530 3813 postea
3562 3742 3702 3795 aliud
3725 3744 3969 3811 capiens,
3994 3744 4063 3796 ad

2481 3832 2624 3886 aliud
2660 3833 2907 3887 celeriter
2937 3834 3147 3897 veniet,
3180 3848 3280 3889 nec
3323 3834 3469 3903 prius
3512 3833 3771 3901 desistet,
3812 3849 3970 3904 quam
3995 3834 4063 3888 ad

2484 3925 2653 3991 ipsum
2684 3924 2895 3978 culmen
2924 3924 3223 3992 perveniat.
3255 3923 3310 3978 Si
3340 3925 3483 3979 enim
3515 3925 3568 3977 itt
3600 3925 3837 3993 pecuniis
3865 3934 4064 3992 quanto

2482 4016 2599 4081 quis
2625 4015 2803 4082 plures
2827 4014 3251 4082 comparaverit,
3282 4024 3430 4068 tanto
3470 4015 3649 4083 plures
3674 4015 3822 4083 cupit
3852 4033 3865 4067 :
3895 4016 4063 4068 multo

2483 4104 2651 4170 magis
2687 4104 2737 4155 in
2766 4102 2956 4157 ofﬁciis
2996 4105 3358 4172 spiritualibus
3386 4105 3489 4157 hoc
3526 4103 3832 4171 contingere
3858 4105 4060 4159 videas.

2484 4195 2769 4261 Propterea
2800 4195 2993 4249 festino
3023 4206 3076 4249 et
3105 4210 3291 4264 urgeo,
3327 4204 3381 4247 ut
3412 4209 3499 4247 res
3526 4194 3837 4261 principium
3865 4197 4057 4261 capiat,

2484 4295 2538 4337 et
2578 4285 2627 4336 in
2669 4284 2859 4339 animis
2889 4287 3081 4339 vestris
3124 4286 3334 4338 virtutis
3378 4282 3774 4336 fundamentum
3821 4284 4059 4348 iaciatur,

2484 4384 2537 4427 et
2581 4389 2861 4443 precamur
2905 4386 2959 4429 et
2998 4376 3395 4442 supplicamus,
3444 4383 3501 4425 ut
3543 4387 3649 4425 non
3691 4382 3889 4426 tantum
3931 4375 4060 4427 hora

2485 4467 2731 4532 prmsenti
2774 4467 2962 4519 horum
2994 4466 3109 4517 sitis
3139 4463 3422 4515 verborum
3464 4475 3728 4515 memores
3749 4502 3765 4524 ,
3798 4478 3976 4517 verum
4006 4474 4063 4519 et

2483 4555 2623 4609 domi
2644 4595 2660 4620 ,
2692 4564 2746 4609 et
2771 4556 2825 4608 in
2868 4554 3013 4615 foro,
3043 4562 3097 4605 et
3126 4551 3451 4619 ubicumque
3490 4552 3911 4606 commoremini.
3946 4552 4062 4608 Uti-

2481 4662 2601 4700 nam
2631 4646 2759 4699 mihi
2784 4645 2898 4698 dari
2931 4651 3129 4710 posset,
3156 4648 3212 4693 ut
3234 4640 3505 4694 vobiscum
3533 4655 3878 4696 conversarer
3907 4646 3919 4697 Ξ
3953 4658 4058 4698 non

2483 4738 2585 4791 hoc
2611 4738 2770 4805 longo
2793 4733 2926 4787 mihi
2949 4744 3197 4785 sermone
3224 4730 3412 4784 fuisset
3432 4744 3566 4800 Opus
3588 4747 3603 4784 :
3629 4746 3769 4786 nunc
3788 4748 3917 4789 vero
3937 4752 4059 4790 cum

2484 4831 2583 4883 hoc
2611 4843 2715 4881 non
2759 4826 2955 4887 liceat,
2984 4836 3077 4875 vos
3106 4835 3192 4874 me
3233 4822 3454 4876 absente
3484 4823 3767 4879 verborum
3793 4841 4061 4884 memores

2482 4930 2652 4973 estote
2678 4931 2941 4977 nieorum,
2982 4922 3038 4968 et
3075 4913 3142 4966 ad
3169 4928 3406 4967 mensam
3445 4915 3693 4972 sedentes
3730 4918 3933 4989 ingredi
3972 4937 4060 4976 me

2485 5022 2682 5081 putate,
2705 5017 2761 5063 et
2784 5006 3018 5068 adstare,
3046 5014 3101 5059 et
3122 5006 3299 5058 omnia
3325 5020 3445 5075 qua:
3472 5022 3611 5062 nunc
3634 5008 3784 5063 vobis
3804 5010 3890 5064 hic
3914 5011 4056 5075 dico,

2484 5107 2730 5157 insonare
2758 5116 2772 5150 :
2812 5107 2866 5151 et
2896 5097 3210 5165 ubicumque
3238 5098 3389 5152 vobis
3432 5098 3497 5153 de
3526 5114 3612 5154 me
3642 5099 3918 5156 habebitur
3942 5118 4058 5156 ser-

2485 5212 2592 5253 nm,
2629 5207 2735 5259 prie
2761 5189 3006 5243 omnibus
3032 5188 3185 5258 hujus
3210 5199 3535 5245 mementote
3560 5191 3815 5249 mandati.
3844 5202 3897 5246 et
3922 5192 4062 5244 hanc

2485 5288 2613 5341 mihi
2661 5285 2857 5336 amoris
2901 5283 2951 5336 in
2993 5298 3086 5336 vos
3135 5283 3235 5337 mei
3283 5283 3682 5337 retributionem
3733 5283 3981 5337 reddite:
4014 5281 4058 5333 si

2484 5380 2584 5431 hoc
2613 5393 2704 5427 vos
2733 5376 2977 5442 implesse
3004 5377 3205 5436 videro,
3251 5386 3417 5429 tutum
3446 5377 3644 5444 recepi,
3674 5376 3884 5443 dignam
3914 5372 4059 5423 labo-

2486 5484 2600 5523 rum
2630 5468 2746 5535 cepi
2777 5467 3095 5521 mercedem.
3129 5467 3197 5521 Ut
3238 5467 3393 5535 igitur
3420 5478 3470 5519 et
3496 5481 3595 5520 nos
3619 5465 3850 5519 reddatis
3882 5476 4058 5528 prom-

2486 5561 2701 5628 ptiores,
2742 5567 2793 5611 ct
2817 5572 2910 5612 vos
2950 5559 3100 5611 bona:
3127 5557 3238 5624 spei
3274 5556 3601 5618 efﬁciamini,
3628 5564 3682 5609 et
3708 5553 3960 5617 majorem
3988 5548 4055 5601 ad

2486 5654 2682 5720 reliqua
2706 5650 2950 5706 mandata
2974 5649 3278 5703 facilitatem
3303 5648 3519 5717 paretis,
3545 5645 3711 5698 multo
3731 5642 3864 5693 banc
3889 5638 4054 5705 legem

2484 5746 2657 5800 studio
2684 5746 2733 5799 in
2762 5744 2953 5798 animis
2977 5741 3168 5795 vestris
3195 5738 3464 5809 reponite,
3506 5745 3559 5790 et
3586 5744 3708 5787 tunc
3734 5726 4054 5782 admonitio.

2486 5840 2565 5895 nis
2595 5839 2868 5893 utilitatem
2902 5835 3098 5891 scietis.
3145 5832 3404 5900 Quoniam
3437 5837 3483 5882 ct
3518 5836 3735 5879 auremu
3768 5818 4053 5879 vestimen-
