  <div class='ocr_page' id='page_1' title='image "/cluster/home/n/w/nwhite01/storage/ocr_20150623/49/hvd.32044025239823/081.png"; bbox 0 0 4494 6668; ppageno 0'>
   <div class='ocr_carea' id='block_1_1' title="bbox 793 445 4254 507">
    <p class='ocr_par' dir='ltr' id='par_1_1' title="bbox 793 445 4254 507">
     <span class='ocr_line' id='line_1_1' title="bbox 793 445 4254 507; baseline 0.001 -6"><span class='ocrx_word' id='word_1_1' title='bbox 793 447 855 501; x_wconf 79' lang='grc'>81</span> <span class='ocrx_word' id='word_1_2' title='bbox 1609 450 1667 506; x_wconf 88' lang='lat' dir='ltr'>S.</span> <span class='ocrx_word' id='word_1_3' title='bbox 1703 448 1993 505; x_wconf 78' lang='lat' dir='ltr'>JOANNIS</span> <span class='ocrx_word' id='word_1_4' title='bbox 2028 448 2527 507; x_wconf 75' lang='lat' dir='ltr'>CHRYSOSTOMI</span> <span class='ocrx_word' id='word_1_5' title='bbox 2564 445 2887 503; x_wconf 80' lang='lat' dir='ltr'>ARCIIIEP.</span> <span class='ocrx_word' id='word_1_6' title='bbox 2931 446 3488 505; x_wconf 78' lang='lat' dir='ltr'>CONSTANTINOP.</span> <span class='ocrx_word' id='word_1_7' title='bbox 4174 450 4254 505; x_wconf 64' lang='lat'>8&#39;2</span> 
     </span>
    </p>
   </div>
   <div class='ocr_carea' id='block_1_2' title="bbox 786 558 2461 635">
    <p class='ocr_par' dir='ltr' id='par_1_2' title="bbox 786 558 2461 635">
     <span class='ocr_line' id='line_1_2' title="bbox 786 558 2461 635; baseline 0.002 -22"><span class='ocrx_word' id='word_1_8' title='bbox 786 560 987 621; x_wconf 83' lang='grc' dir='ltr'>νέσεως</span> <span class='ocrx_word' id='word_1_9' title='bbox 1015 559 1115 631; x_wconf 80' lang='grc' dir='ltr'>τήν</span> <span class='ocrx_word' id='word_1_10' title='bbox 1144 558 1433 631; x_wconf 83' lang='grc' dir='ltr'>ὠφέλειαν.</span> <span class='ocrx_word' id='word_1_11' title='bbox 1483 560 1637 613; x_wconf 77' lang='grc' dir='ltr'>Ἐπεὶ</span> <span class='ocrx_word' id='word_1_12' title='bbox 1674 563 1767 616; x_wconf 81' lang='grc' dir='ltr'>καὶ</span> <span class='ocrx_word' id='word_1_13' title='bbox 1801 564 2013 633; x_wconf 75' lang='grc' dir='ltr'>ἱμάτιον</span> <span class='ocrx_word' id='word_1_14' title='bbox 2035 564 2271 635; x_wconf 79' lang='grc' dir='ltr'>χρυσοῦν</span> <span class='ocrx_word' id='word_1_15' title='bbox 2296 564 2461 618; x_wconf 75' lang='grc' dir='ltr'>καλὸν</span> 
     </span>
    </p>
   </div>
   <div class='ocr_carea' id='block_1_3' title="bbox 790 646 2462 721">
    <p class='ocr_par' dir='ltr' id='par_1_3' title="bbox 790 646 2462 721">
     <span class='ocr_line' id='line_1_3' title="bbox 790 646 2462 721; baseline 0.003 -22"><span class='ocrx_word' id='word_1_16' title='bbox 790 648 891 717; x_wconf 70' lang='grc' dir='ltr'>μὲν</span> <span class='ocrx_word' id='word_1_17' title='bbox 924 646 1039 700; x_wconf 70' lang='grc' dir='ltr'>ἔστι</span> <span class='ocrx_word' id='word_1_18' title='bbox 1063 648 1156 699; x_wconf 68' lang='grc' dir='ltr'>καὶ</span> <span class='ocrx_word' id='word_1_19' title='bbox 1184 646 1484 720; x_wconf 85' lang='grc' dir='ltr'>ὁρώμενον.</span> <span class='ocrx_word' id='word_1_20' title='bbox 1756 649 1815 702; x_wconf 80' lang='grc' dir='ltr'>δὲ</span> <span class='ocrx_word' id='word_1_21' title='bbox 1849 650 2009 703; x_wconf 84' lang='grc' dir='ltr'>πλέον</span> <span class='ocrx_word' id='word_1_22' title='bbox 2042 653 2175 721; x_wconf 88' lang='grc' dir='ltr'>ήμῖν</span> <span class='ocrx_word' id='word_1_23' title='bbox 2215 654 2462 719; x_wconf 88' lang='grc' dir='ltr'>φανεῖται</span> 
     </span>
    </p>
   </div>
   <div class='ocr_carea' id='block_1_4' title="bbox 784 732 2463 807">
    <p class='ocr_par' dir='ltr' id='par_1_4' title="bbox 784 732 2463 807">
     <span class='ocr_line' id='line_1_4' title="bbox 784 732 2463 807; baseline 0.004 -22"><span class='ocrx_word' id='word_1_24' title='bbox 784 734 1168 805; x_wconf 75' lang='grc' dir='ltr'>περικείμενον</span> <span class='ocrx_word' id='word_1_25' title='bbox 1195 735 1351 807; x_wconf 88' lang='grc' dir='ltr'>ήμῶν</span> <span class='ocrx_word' id='word_1_26' title='bbox 1374 734 1450 804; x_wconf 82' lang='grc' dir='ltr'>τῷ</span> <span class='ocrx_word' id='word_1_27' title='bbox 1477 732 1711 805; x_wconf 90' lang='grc' dir='ltr'>σώματι·</span> <span class='ocrx_word' id='word_1_28' title='bbox 1737 736 1880 790; x_wconf 87' lang='grc' dir='ltr'>οῦτω</span> <span class='ocrx_word' id='word_1_29' title='bbox 1903 740 1999 792; x_wconf 78' lang='grc' dir='ltr'>καὶ</span> <span class='ocrx_word' id='word_1_30' title='bbox 2024 740 2080 791; x_wconf 88' lang='grc' dir='ltr'>αἰ</span> <span class='ocrx_word' id='word_1_31' title='bbox 2105 739 2196 791; x_wconf 91' lang='grc' dir='ltr'>τοῦ</span> <span class='ocrx_word' id='word_1_32' title='bbox 2218 737 2352 790; x_wconf 82' lang='grc' dir='ltr'>Θεοῦ</span> <span class='ocrx_word' id='word_1_33' title='bbox 2380 741 2463 791; x_wconf 87' lang='grc' dir='ltr'>ἐν-</span> 
     </span>
    </p>
   </div>
   <div class='ocr_carea' id='block_1_5' title="bbox 785 820 2461 893">
    <p class='ocr_par' dir='ltr' id='par_1_5' title="bbox 785 820 2461 893">
     <span class='ocr_line' id='line_1_5' title="bbox 785 820 2461 893; baseline 0.001 -20"><span class='ocrx_word' id='word_1_34' title='bbox 785 820 938 873; x_wconf 78' lang='grc' dir='ltr'>τολαὶ</span> <span class='ocrx_word' id='word_1_35' title='bbox 978 820 1144 875; x_wconf 86' lang='grc' dir='ltr'>καλαί</span> <span class='ocrx_word' id='word_1_36' title='bbox 1180 821 1279 890; x_wconf 79' lang='grc' dir='ltr'>μὲν</span> <span class='ocrx_word' id='word_1_37' title='bbox 1307 821 1414 873; x_wconf 79' lang='grc' dir='ltr'>εἰσὶ</span> <span class='ocrx_word' id='word_1_38' title='bbox 1444 821 1538 874; x_wconf 79' lang='grc' dir='ltr'>καὶ</span> <span class='ocrx_word' id='word_1_39' title='bbox 1569 822 1982 893; x_wconf 89' lang='grc' dir='ltr'>ἐπαινούμεναι,</span> <span class='ocrx_word' id='word_1_40' title='bbox 2022 822 2200 893; x_wconf 81' lang='grc' dir='ltr'>πολλῷ</span> <span class='ocrx_word' id='word_1_41' title='bbox 2240 822 2297 875; x_wconf 86' lang='grc' dir='ltr'>δὲ</span> <span class='ocrx_word' id='word_1_42' title='bbox 2329 825 2461 877; x_wconf 82' lang='grc' dir='ltr'>καλ-</span> 
     </span>
    </p>
   </div>
   <div class='ocr_carea' id='block_1_6' title="bbox 784 904 2465 981">
    <p class='ocr_par' dir='ltr' id='par_1_6' title="bbox 784 904 2465 981">
     <span class='ocr_line' id='line_1_6' title="bbox 784 904 2465 981; baseline 0.002 -24"><span class='ocrx_word' id='word_1_43' title='bbox 784 904 933 969; x_wconf 89' lang='grc' dir='ltr'>λίους</span> <span class='ocrx_word' id='word_1_44' title='bbox 951 907 1232 976; x_wconf 88' lang='grc' dir='ltr'>φαίνονται</span> <span class='ocrx_word' id='word_1_45' title='bbox 1253 906 1707 978; x_wconf 90' lang='grc' dir='ltr'>κατορθούμεναι.</span> <span class='ocrx_word' id='word_1_46' title='bbox 1735 908 1852 963; x_wconf 89' lang='grc' dir='ltr'>Νῦν</span> <span class='ocrx_word' id='word_1_47' title='bbox 1882 910 1980 980; x_wconf 85' lang='grc' dir='ltr'>μὲν</span> <span class='ocrx_word' id='word_1_48' title='bbox 2017 910 2125 981; x_wconf 81' lang='grc' dir='ltr'>γὰρ</span> <span class='ocrx_word' id='word_1_49' title='bbox 2154 911 2211 961; x_wconf 87' lang='grc' dir='ltr'>ἐν</span> <span class='ocrx_word' id='word_1_50' title='bbox 2236 908 2465 980; x_wconf 72' lang='grc' dir='ltr'>βραχείᾳ</span> 
     </span>
    </p>
   </div>
   <div class='ocr_carea' id='block_1_7' title="bbox 784 991 2457 1066">
    <p class='ocr_par' dir='ltr' id='par_1_7' title="bbox 784 991 2457 1066">
     <span class='ocr_line' id='line_1_7' title="bbox 784 991 2457 1066; baseline 0.002 -21"><span class='ocrx_word' id='word_1_51' title='bbox 784 991 979 1063; x_wconf 82' lang='grc' dir='ltr'>καιροῦ</span> <span class='ocrx_word' id='word_1_52' title='bbox 1010 994 1150 1064; x_wconf 74' lang='grc' dir='ltr'>ῥοπῇ</span> <span class='ocrx_word' id='word_1_53' title='bbox 1170 992 1239 1047; x_wconf 71' lang='grc' dir='ltr'>τὰ</span> <span class='ocrx_word' id='word_1_54' title='bbox 1254 992 1521 1065; x_wconf 85' lang='grc' dir='ltr'>λεγόμενα</span> <span class='ocrx_word' id='word_1_55' title='bbox 1542 996 1837 1061; x_wconf 83' lang='grc' dir='ltr'>ἐπαινεῖτε,</span> <span class='ocrx_word' id='word_1_56' title='bbox 1860 998 1954 1050; x_wconf 80' lang='grc' dir='ltr'>ἐὰν</span> <span class='ocrx_word' id='word_1_57' title='bbox 1970 997 2026 1051; x_wconf 82' lang='grc' dir='ltr'>δὲ</span> <span class='ocrx_word' id='word_1_58' title='bbox 2050 994 2457 1066; x_wconf 81' lang='grc' dir='ltr'>κατορθώσητε,</span> 
     </span>
    </p>
   </div>
   <div class='ocr_carea' id='block_1_8' title="bbox 783 1078 2461 1153">
    <p class='ocr_par' dir='ltr' id='par_1_8' title="bbox 783 1078 2461 1153">
     <span class='ocr_line' id='line_1_8' title="bbox 783 1078 2461 1153; baseline 0.002 -21"><span class='ocrx_word' id='word_1_59' title='bbox 783 1078 876 1133; x_wconf 78' lang='grc' dir='ltr'>διὰ</span> <span class='ocrx_word' id='word_1_60' title='bbox 908 1080 1087 1151; x_wconf 81' lang='grc' dir='ltr'>πάσης</span> <span class='ocrx_word' id='word_1_61' title='bbox 1119 1081 1218 1151; x_wconf 84' lang='grc' dir='ltr'>τῆς</span> <span class='ocrx_word' id='word_1_62' title='bbox 1247 1082 1483 1153; x_wconf 81' lang='grc' dir='ltr'>ἡμέρας,</span> <span class='ocrx_word' id='word_1_63' title='bbox 1520 1082 1613 1135; x_wconf 76' lang='grc' dir='ltr'>καὶ</span> <span class='ocrx_word' id='word_1_64' title='bbox 1640 1081 1730 1136; x_wconf 90' lang='grc' dir='ltr'>διά</span> <span class='ocrx_word' id='word_1_65' title='bbox 1756 1084 1956 1147; x_wconf 80' lang='grc' dir='ltr'>παντὸς</span> <span class='ocrx_word' id='word_1_66' title='bbox 1986 1082 2079 1137; x_wconf 92' lang='grc' dir='ltr'>τοῦ</span> <span class='ocrx_word' id='word_1_67' title='bbox 2118 1082 2332 1153; x_wconf 87' lang='grc' dir='ltr'>χρόνου,</span> <span class='ocrx_word' id='word_1_68' title='bbox 2366 1084 2461 1137; x_wconf 72' lang='grc' dir='ltr'>καὶ</span> 
     </span>
    </p>
   </div>
   <div class='ocr_carea' id='block_1_9' title="bbox 784 1167 2463 1240">
    <p class='ocr_par' dir='ltr' id='par_1_9' title="bbox 784 1167 2463 1240">
     <span class='ocr_line' id='line_1_9' title="bbox 784 1167 2463 1240; baseline 0.002 -19"><span class='ocrx_word' id='word_1_69' title='bbox 784 1167 931 1237; x_wconf 73' lang='grc' dir='ltr'>ἡμᾶς</span> <span class='ocrx_word' id='word_1_70' title='bbox 950 1169 1046 1223; x_wconf 77' lang='grc' dir='ltr'>καὶ</span> <span class='ocrx_word' id='word_1_71' title='bbox 1076 1170 1220 1240; x_wconf 72' lang='grc' dir='ltr'>ὑμᾶς</span> <span class='ocrx_word' id='word_1_72' title='bbox 1251 1169 1448 1233; x_wconf 76' lang='grc' dir='ltr'>αὐτοὺς</span> <span class='ocrx_word' id='word_1_73' title='bbox 1469 1170 1849 1224; x_wconf 85' lang='grc' dir='ltr'>ἐπαινέσεσθε·</span> <span class='ocrx_word' id='word_1_74' title='bbox 1878 1172 1971 1225; x_wconf 76' lang='grc' dir='ltr'>καὶ</span> <span class='ocrx_word' id='word_1_75' title='bbox 1991 1171 2052 1223; x_wconf 85' lang='grc' dir='ltr'>ού</span> <span class='ocrx_word' id='word_1_76' title='bbox 2078 1170 2238 1223; x_wconf 88' lang='grc' dir='ltr'>τοῦτό</span> <span class='ocrx_word' id='word_1_77' title='bbox 2262 1172 2377 1222; x_wconf 83' lang='grc' dir='ltr'>ἐστι</span> <span class='ocrx_word' id='word_1_78' title='bbox 2401 1170 2463 1224; x_wconf 81' lang='grc' dir='ltr'>τὸ</span> 
     </span>
    </p>
   </div>
   <div class='ocr_carea' id='block_1_10' title="bbox 2566 560 4270 634">
    <p class='ocr_par' dir='ltr' id='par_1_10' title="bbox 2566 560 4270 634">
     <span class='ocr_line' id='line_1_10' title="bbox 2566 560 4270 634; baseline 0.003 -21"><span class='ocrx_word' id='word_1_79' title='bbox 2566 561 2731 632; x_wconf 84' lang='grc' dir='ltr'>μέγα,</span> <span class='ocrx_word' id='word_1_80' title='bbox 2778 564 2861 616; x_wconf 83' lang='grc' dir='ltr'>ὅτι</span> <span class='ocrx_word' id='word_1_81' title='bbox 2900 562 3164 634; x_wconf 87' lang='grc' dir='ltr'>ἀλλήλους</span> <span class='ocrx_word' id='word_1_82' title='bbox 3207 560 3640 632; x_wconf 85' lang='grc' dir='ltr'>ἐπαινεσόμεθα,</span> <span class='ocrx_word' id='word_1_83' title='bbox 3684 561 3798 614; x_wconf 81' lang='grc' dir='ltr'>ἀλλ’</span> <span class='ocrx_word' id='word_1_84' title='bbox 3826 565 3909 617; x_wconf 88' lang='grc' dir='ltr'>ὃτι</span> <span class='ocrx_word' id='word_1_85' title='bbox 3944 566 4037 617; x_wconf 77' lang='grc' dir='ltr'>καὶ</span> <span class='ocrx_word' id='word_1_86' title='bbox 4067 568 4096 618; x_wconf 93' lang='lat'>6</span> <span class='ocrx_word' id='word_1_87' title='bbox 4127 568 4270 627; x_wconf 67' lang='grc' dir='ltr'>θεὸς</span> 
     </span>
    </p>
   </div>
   <div class='ocr_carea' id='block_1_11' title="bbox 2564 648 4269 719">
    <p class='ocr_par' dir='ltr' id='par_1_11' title="bbox 2564 648 4269 719">
     <span class='ocr_line' id='line_1_11' title="bbox 2564 648 4269 719; baseline 0.002 -19"><span class='ocrx_word' id='word_1_88' title='bbox 2564 649 2713 718; x_wconf 81' lang='grc' dir='ltr'>ἡμᾶς</span> <span class='ocrx_word' id='word_1_89' title='bbox 2751 648 3095 716; x_wconf 88' lang='grc' dir='ltr'>ἀποδέξεται,</span> <span class='ocrx_word' id='word_1_90' title='bbox 3145 651 3239 704; x_wconf 77' lang='grc' dir='ltr'>καὶ</span> <span class='ocrx_word' id='word_1_91' title='bbox 3288 652 3388 704; x_wconf 79' lang='grc' dir='ltr'>οὐκ</span> <span class='ocrx_word' id='word_1_92' title='bbox 3420 648 3743 713; x_wconf 81' lang='grc' dir='ltr'>ἀποδέξεται</span> <span class='ocrx_word' id='word_1_93' title='bbox 3788 650 3970 719; x_wconf 89' lang='grc' dir='ltr'>μόνον,</span> <span class='ocrx_word' id='word_1_94' title='bbox 4000 652 4138 706; x_wconf 81' lang='grc' dir='ltr'>ἀλλὰ</span> <span class='ocrx_word' id='word_1_95' title='bbox 4168 654 4269 706; x_wconf 74' lang='grc' dir='ltr'>καὶ</span> 
     </span>
    </p>
   </div>
   <div class='ocr_carea' id='block_1_12' title="bbox 2566 732 4235 807">
    <p class='ocr_par' dir='ltr' id='par_1_12' title="bbox 2566 732 4235 807">
     <span class='ocr_line' id='line_1_12' title="bbox 2566 732 4235 807; baseline 0.002 -20"><span class='ocrx_word' id='word_1_96' title='bbox 2566 732 2859 804; x_wconf 75' lang='grc' dir='ltr'>ἀμείψεται</span> <span class='ocrx_word' id='word_1_97' title='bbox 2900 739 3022 799; x_wconf 88' lang='grc' dir='ltr'>ταῖς</span> <span class='ocrx_word' id='word_1_98' title='bbox 3066 736 3332 807; x_wconf 83' lang='grc' dir='ltr'>μεγάλαις</span> <span class='ocrx_word' id='word_1_99' title='bbox 3366 736 3605 799; x_wconf 77' lang='grc' dir='ltr'>ἐκείναις</span> <span class='ocrx_word' id='word_1_100' title='bbox 3649 735 3744 788; x_wconf 81' lang='grc' dir='ltr'>καὶ</span> <span class='ocrx_word' id='word_1_101' title='bbox 3779 734 4115 805; x_wconf 76' lang='grc' dir='ltr'>ἀπορρήτοις</span> <span class='ocrx_word' id='word_1_102' title='bbox 4153 738 4235 791; x_wconf 83' lang='grc' dir='ltr'>δω</span> 
     </span>
    </p>
   </div>
   <div class='ocr_carea' id='block_1_13' title="bbox 2570 812 4269 894">
    <p class='ocr_par' dir='ltr' id='par_1_13' title="bbox 2570 812 4269 894">
     <span class='ocr_line' id='line_1_13' title="bbox 2570 812 4269 894; baseline 0.003 -23"><span class='ocrx_word' id='word_1_103' title='bbox 2570 822 2737 889; x_wconf 89' lang='grc' dir='ltr'>ρεαῖς,</span> <span class='ocrx_word' id='word_1_104' title='bbox 2766 812 2842 872; x_wconf 85' lang='grc' dir='ltr'>ὦν</span> <span class='ocrx_word' id='word_1_105' title='bbox 2872 820 3083 886; x_wconf 80' lang='grc' dir='ltr'>γένοιτο</span> <span class='ocrx_word' id='word_1_106' title='bbox 3117 823 3323 886; x_wconf 83' lang='grc' dir='ltr'>πάντας</span> <span class='ocrx_word' id='word_1_107' title='bbox 3362 824 3512 894; x_wconf 78' lang='grc' dir='ltr'>ἡμᾶς</span> <span class='ocrx_word' id='word_1_108' title='bbox 3542 822 3858 892; x_wconf 79' lang='grc' dir='ltr'>ἀξιωθῆναι,</span> <span class='ocrx_word' id='word_1_109' title='bbox 3892 823 4075 891; x_wconf 86' lang='grc' dir='ltr'>χάριτι</span> <span class='ocrx_word' id='word_1_110' title='bbox 4110 835 4137 863; x_wconf 75' lang='grc' dir='ltr'>ι</span> <span class='ocrx_word' id='word_1_111' title='bbox 4168 826 4269 877; x_wconf 73' lang='grc' dir='ltr'>καὶ</span> 
     </span>
    </p>
   </div>
   <div class='ocr_carea' id='block_1_14' title="bbox 2567 904 4266 981">
    <p class='ocr_par' dir='ltr' id='par_1_14' title="bbox 2567 904 4266 981">
     <span class='ocr_line' id='line_1_14' title="bbox 2567 904 4266 981; baseline 0.003 -24"><span class='ocrx_word' id='word_1_112' title='bbox 2567 904 2946 975; x_wconf 78' lang='grc' dir='ltr'>φιλανθρωπίᾳ</span> <span class='ocrx_word' id='word_1_113' title='bbox 2979 907 3071 959; x_wconf 90' lang='grc' dir='ltr'>τοῦ</span> <span class='ocrx_word' id='word_1_114' title='bbox 3117 907 3318 980; x_wconf 81' lang='grc' dir='ltr'>Κυρίου</span> <span class='ocrx_word' id='word_1_115' title='bbox 3357 910 3514 981; x_wconf 80' lang='grc' dir='ltr'>ἡμῶν</span> <span class='ocrx_word' id='word_1_116' title='bbox 3570 908 3743 981; x_wconf 82' lang='grc' dir='ltr'>⁹ιησοῦ</span> <span class='ocrx_word' id='word_1_117' title='bbox 3786 907 4049 979; x_wconf 85' lang='grc' dir='ltr'>Χριστοῦ,</span> <span class='ocrx_word' id='word_1_118' title='bbox 4087 909 4159 961; x_wconf 84' lang='grc' dir='ltr'>δι’</span> <span class='ocrx_word' id='word_1_119' title='bbox 4198 904 4266 962; x_wconf 75' lang='grc' dir='ltr'>οὗ</span> 
     </span>
    </p>
   </div>
   <div class='ocr_carea' id='block_1_15' title="bbox 2567 985 4265 1068">
    <p class='ocr_par' dir='ltr' id='par_1_15' title="bbox 2567 985 4265 1068">
     <span class='ocr_line' id='line_1_15' title="bbox 2567 985 4265 1068; baseline 0.001 -21"><span class='ocrx_word' id='word_1_120' title='bbox 2567 995 2660 1047; x_wconf 73' lang='grc' dir='ltr'>καὶ</span> <span class='ocrx_word' id='word_1_121' title='bbox 2699 993 2817 1064; x_wconf 86' lang='grc' dir='ltr'>μεθ’</span> <span class='ocrx_word' id='word_1_122' title='bbox 2840 985 2904 1045; x_wconf 80' lang='grc' dir='ltr'>οῦ</span> <span class='ocrx_word' id='word_1_123' title='bbox 2944 991 3024 1063; x_wconf 78' lang='grc' dir='ltr'>τῷ</span> <span class='ocrx_word' id='word_1_124' title='bbox 3052 995 3231 1067; x_wconf 73' lang='grc' dir='ltr'>Πατρὶ</span> <span class='ocrx_word' id='word_1_125' title='bbox 3265 999 3300 1067; x_wconf 90' lang='grc' dir='ltr'>ή</span> <span class='ocrx_word' id='word_1_126' title='bbox 3339 997 3487 1064; x_wconf 89' lang='grc' dir='ltr'>δόξα,</span> <span class='ocrx_word' id='word_1_127' title='bbox 3523 998 3640 1068; x_wconf 71' lang='grc' dir='ltr'>ἅμα</span> <span class='ocrx_word' id='word_1_128' title='bbox 3666 996 3745 1067; x_wconf 86' lang='grc' dir='ltr'>τῷ</span> <span class='ocrx_word' id='word_1_129' title='bbox 3784 996 3925 1067; x_wconf 85' lang='grc' dir='ltr'>ἀγίῳ</span> <span class='ocrx_word' id='word_1_130' title='bbox 3956 996 4265 1065; x_wconf 86' lang='grc' dir='ltr'>Πνεύματι,</span> 
     </span>
    </p>
   </div>
   <div class='ocr_carea' id='block_1_16' title="bbox 2568 1080 4265 1153">
    <p class='ocr_par' dir='ltr' id='par_1_16' title="bbox 2568 1080 4265 1153">
     <span class='ocr_line' id='line_1_16' title="bbox 2568 1080 4265 1153; baseline 0.001 -20"><span class='ocrx_word' id='word_1_131' title='bbox 2568 1081 2666 1135; x_wconf 83' lang='grc' dir='ltr'>νῦν</span> <span class='ocrx_word' id='word_1_132' title='bbox 2698 1081 2792 1133; x_wconf 79' lang='grc' dir='ltr'>καὶ</span> <span class='ocrx_word' id='word_1_133' title='bbox 2833 1080 2939 1143; x_wconf 76' lang='grc' dir='ltr'>ἀεὶ,</span> <span class='ocrx_word' id='word_1_134' title='bbox 2985 1082 3079 1133; x_wconf 72' lang='grc' dir='ltr'>καὶ</span> <span class='ocrx_word' id='word_1_135' title='bbox 3123 1084 3203 1145; x_wconf 89' lang='grc' dir='ltr'>εἰς</span> <span class='ocrx_word' id='word_1_136' title='bbox 3242 1084 3371 1147; x_wconf 75' lang='grc' dir='ltr'>τοὺς</span> <span class='ocrx_word' id='word_1_137' title='bbox 3414 1084 3618 1148; x_wconf 92' lang='grc' dir='ltr'>αἰῶνας</span> <span class='ocrx_word' id='word_1_138' title='bbox 3648 1085 3759 1138; x_wconf 90' lang='grc' dir='ltr'>τῶν</span> <span class='ocrx_word' id='word_1_139' title='bbox 3790 1082 4023 1138; x_wconf 87' lang='grc' dir='ltr'>αίώνων.</span> <span class='ocrx_word' id='word_1_140' title='bbox 4064 1084 4265 1153; x_wconf 79' lang='grc' dir='ltr'>’Δμήν.</span> 
     </span>
    </p>
   </div>
   <div class='ocr_carea' id='block_1_17' title="bbox 2634 1178 3889 1247">
    <p class='ocr_par' dir='ltr' id='par_1_17' title="bbox 2634 1178 3889 1247">
     <span class='ocr_line' id='line_1_17' title="bbox 2634 1178 3889 1247; baseline 0 -19"><span class='ocrx_word' id='word_1_141' title='bbox 2634 1181 2661 1210; x_wconf 81' lang='grc'><strong><em>⁸</em></strong></span> <span class='ocrx_word' id='word_1_142' title='bbox 2689 1178 2837 1228; x_wconf 76' lang='lat' dir='ltr'>Savil.</span> <span class='ocrx_word' id='word_1_143' title='bbox 2867 1186 2921 1227; x_wconf 77' lang='lat' dir='ltr'><strong>et</strong></span> <span class='ocrx_word' id='word_1_144' title='bbox 2938 1178 3138 1240; x_wconf 80' lang='lat' dir='ltr'>quidam</span> <span class='ocrx_word' id='word_1_145' title='bbox 3167 1192 3285 1229; x_wconf 82' lang='lat' dir='ltr'>mss.</span> <span class='ocrx_word' id='word_1_146' title='bbox 3308 1185 3435 1245; x_wconf 81' lang='grc' dir='ltr'>ἡμᾶς</span> <span class='ocrx_word' id='word_1_147' title='bbox 3456 1184 3693 1246; x_wconf 77' lang='grc' dir='ltr'>ἐπιτυχεῖν</span> <span class='ocrx_word' id='word_1_148' title='bbox 3714 1184 3889 1247; x_wconf 74' lang='grc' dir='ltr'>χάριτι.</span> 
     </span>
    </p>
   </div>
   <div class='ocr_carea' id='block_1_18' title="bbox 784 1357 4268 1433">
    <p class='ocr_par' dir='ltr' id='par_1_18' title="bbox 784 1357 4268 1433">
     <span class='ocr_line' id='line_1_18' title="bbox 784 1357 4268 1433; baseline -0.003 -17"><span class='ocrx_word' id='word_1_149' title='bbox 784 1360 902 1433; x_wconf 80' lang='lat'>[75]</span> <span class='ocrx_word' id='word_1_150' title='bbox 931 1362 1051 1414; x_wconf 85' lang='grc' dir='ltr'>Ὅτι</span> <span class='ocrx_word' id='word_1_151' title='bbox 1077 1360 1377 1431; x_wconf 78' lang='grc' dir='ltr'>χρήσιμος</span> <span class='ocrx_word' id='word_1_152' title='bbox 1409 1364 1443 1416; x_wconf 83' lang='grc' dir='ltr'>ό</span> <span class='ocrx_word' id='word_1_153' title='bbox 1474 1360 1595 1416; x_wconf 83' lang='grc' dir='ltr'>τῶν</span> <span class='ocrx_word' id='word_1_154' title='bbox 1623 1362 1932 1430; x_wconf 75' lang='grc' dir='ltr'>ἀρχόντων</span> <span class='ocrx_word' id='word_1_155' title='bbox 1961 1361 2164 1430; x_wconf 76' lang='grc' dir='ltr'>φόϐος,</span> <span class='ocrx_word' id='word_1_156' title='bbox 2192 1361 2291 1413; x_wconf 79' lang='grc' dir='ltr'>καί</span> <span class='ocrx_word' id='word_1_157' title='bbox 2323 1360 2603 1430; x_wconf 74' lang='grc' dir='ltr'>διήγησις</span> <span class='ocrx_word' id='word_1_158' title='bbox 2628 1358 2745 1413; x_wconf 87' lang='grc' dir='ltr'>τῶν</span> <span class='ocrx_word' id='word_1_159' title='bbox 2773 1358 2921 1411; x_wconf 85' lang='grc' dir='ltr'>κατά</span> <span class='ocrx_word' id='word_1_160' title='bbox 2951 1358 3067 1425; x_wconf 80' lang='grc' dir='ltr'>τὴν</span> <span class='ocrx_word' id='word_1_161' title='bbox 3092 1357 3239 1412; x_wconf 81' lang='grc' dir='ltr'>ὁδὸν</span> <span class='ocrx_word' id='word_1_162' title='bbox 3270 1361 3631 1429; x_wconf 76' lang='grc' dir='ltr'>συμϐάντων</span> <span class='ocrx_word' id='word_1_163' title='bbox 3675 1363 3799 1428; x_wconf 83' lang='grc' dir='ltr'>τοῖς</span> <span class='ocrx_word' id='word_1_164' title='bbox 3834 1364 3949 1431; x_wconf 78' lang='grc' dir='ltr'>τὴν</span> <span class='ocrx_word' id='word_1_165' title='bbox 3970 1365 4268 1433; x_wconf 69' lang='grc' dir='ltr'>ἀγγελίαν</span> 
     </span>
    </p>
   </div>
   <div class='ocr_carea' id='block_1_19' title="bbox 854 1448 4264 1523">
    <p class='ocr_par' dir='ltr' id='par_1_19' title="bbox 854 1448 4264 1523">
     <span class='ocr_line' id='line_1_19' title="bbox 854 1448 4264 1523; baseline 0.001 -17"><span class='ocrx_word' id='word_1_166' title='bbox 854 1452 963 1519; x_wconf 80' lang='grc' dir='ltr'>τῆς</span> <span class='ocrx_word' id='word_1_167' title='bbox 995 1452 1272 1520; x_wconf 82' lang='grc' dir='ltr'>στάσεως</span> <span class='ocrx_word' id='word_1_168' title='bbox 1298 1452 1380 1519; x_wconf 83' lang='grc' dir='ltr'>τῷ</span> <span class='ocrx_word' id='word_1_169' title='bbox 1430 1453 1686 1519; x_wconf 76' lang='grc' dir='ltr'>βασιλεῖ</span> <span class='ocrx_word' id='word_1_170' title='bbox 1726 1452 2121 1521; x_wconf 66' lang='grc' dir='ltr'>ἀναφέρουσι,</span> <span class='ocrx_word' id='word_1_171' title='bbox 2158 1452 2257 1505; x_wconf 80' lang='grc' dir='ltr'>καὶ</span> <span class='ocrx_word' id='word_1_172' title='bbox 2295 1452 2385 1505; x_wconf 84' lang='grc' dir='ltr'>ὅτι</span> <span class='ocrx_word' id='word_1_173' title='bbox 2448 1457 2482 1507; x_wconf 83' lang='grc' dir='ltr'>ό</span> <span class='ocrx_word' id='word_1_174' title='bbox 2523 1451 2742 1513; x_wconf 81' lang='grc' dir='ltr'>ἀδίκως</span> <span class='ocrx_word' id='word_1_175' title='bbox 2796 1467 2851 1502; x_wconf 85' lang='grc' dir='ltr'>τι</span> <span class='ocrx_word' id='word_1_176' title='bbox 2908 1448 3164 1518; x_wconf 80' lang='grc' dir='ltr'>πάσχων</span> <span class='ocrx_word' id='word_1_177' title='bbox 3197 1450 3297 1503; x_wconf 81' lang='grc' dir='ltr'>καί</span> <span class='ocrx_word' id='word_1_178' title='bbox 3325 1452 3701 1520; x_wconf 80' lang='grc' dir='ltr'>εὐχαριστῶν</span> <span class='ocrx_word' id='word_1_179' title='bbox 3728 1454 3809 1519; x_wconf 84' lang='grc' dir='ltr'>τῷ</span> <span class='ocrx_word' id='word_1_180' title='bbox 3840 1456 4264 1523; x_wconf 71' lang='grc' dir='ltr'>συγχωροῦντα</span> 
     </span>
    </p>
   </div>
   <div class='ocr_carea' id='block_1_20' title="bbox 855 1540 4268 1613">
    <p class='ocr_par' dir='ltr' id='par_1_20' title="bbox 855 1540 4268 1613">
     <span class='ocr_line' id='line_1_20' title="bbox 855 1540 4268 1613; baseline 0.001 -15"><span class='ocrx_word' id='word_1_181' title='bbox 855 1543 996 1609; x_wconf 83' lang='grc' dir='ltr'>Θεῷ,</span> <span class='ocrx_word' id='word_1_182' title='bbox 1031 1544 1167 1611; x_wconf 81' lang='grc' dir='ltr'>ισος</span> <span class='ocrx_word' id='word_1_183' title='bbox 1198 1544 1331 1598; x_wconf 77' lang='grc' dir='ltr'>ἐστί</span> <span class='ocrx_word' id='word_1_184' title='bbox 1361 1544 1467 1597; x_wconf 85' lang='grc' dir='ltr'>τοῦ</span> <span class='ocrx_word' id='word_1_185' title='bbox 1498 1543 1595 1597; x_wconf 83' lang='grc' dir='ltr'>διὰ</span> <span class='ocrx_word' id='word_1_186' title='bbox 1620 1544 1729 1597; x_wconf 84' lang='grc' dir='ltr'>τὸν</span> <span class='ocrx_word' id='word_1_187' title='bbox 1761 1542 1912 1596; x_wconf 82' lang='grc' dir='ltr'>Θεὸν</span> <span class='ocrx_word' id='word_1_188' title='bbox 1939 1543 2013 1595; x_wconf 84' lang='grc' dir='ltr'>τὰ</span> <span class='ocrx_word' id='word_1_189' title='bbox 2043 1543 2197 1596; x_wconf 83' lang='grc' dir='ltr'>αὐτὰ</span> <span class='ocrx_word' id='word_1_190' title='bbox 2230 1543 2604 1612; x_wconf 78' lang='grc' dir='ltr'>πάσχοντος·</span> <span class='ocrx_word' id='word_1_191' title='bbox 2642 1541 2743 1593; x_wconf 82' lang='grc' dir='ltr'>καί</span> <span class='ocrx_word' id='word_1_192' title='bbox 2779 1542 2850 1595; x_wconf 78' lang='grc' dir='ltr'>τὰ</span> <span class='ocrx_word' id='word_1_193' title='bbox 2876 1540 3321 1611; x_wconf 76' lang='grc' dir='ltr'>παραδείγματα</span> <span class='ocrx_word' id='word_1_194' title='bbox 3348 1542 3537 1597; x_wconf 73' lang='grc' dir='ltr'>πάλιν</span> <span class='ocrx_word' id='word_1_195' title='bbox 3562 1544 3631 1596; x_wconf 77' lang='grc' dir='ltr'>ἐκ</span> <span class='ocrx_word' id='word_1_196' title='bbox 3662 1542 3779 1597; x_wconf 85' lang='grc' dir='ltr'>τῶν</span> <span class='ocrx_word' id='word_1_197' title='bbox 3816 1544 3994 1613; x_wconf 81' lang='grc' dir='ltr'>τριῶν</span> <span class='ocrx_word' id='word_1_198' title='bbox 4026 1547 4268 1602; x_wconf 71' lang='grc' dir='ltr'>παίδων</span> 
     </span>
    </p>
   </div>
   <div class='ocr_carea' id='block_1_21' title="bbox 850 1631 2965 1703">
    <p class='ocr_par' dir='ltr' id='par_1_21' title="bbox 850 1631 2965 1703">
     <span class='ocr_line' id='line_1_21' title="bbox 850 1631 2965 1703; baseline -0.002 -14"><span class='ocrx_word' id='word_1_199' title='bbox 850 1636 953 1689; x_wconf 78' lang='grc' dir='ltr'>καί</span> <span class='ocrx_word' id='word_1_200' title='bbox 990 1635 1100 1703; x_wconf 79' lang='grc' dir='ltr'>τῆς</span> <span class='ocrx_word' id='word_1_201' title='bbox 1136 1635 1523 1700; x_wconf 75' lang='grc' dir='ltr'>Βαϐυλωνίας</span> <span class='ocrx_word' id='word_1_202' title='bbox 1562 1636 1845 1703; x_wconf 81' lang='grc' dir='ltr'>καμίνου,</span> <span class='ocrx_word' id='word_1_203' title='bbox 1881 1636 1979 1687; x_wconf 82' lang='grc' dir='ltr'>καί</span> <span class='ocrx_word' id='word_1_204' title='bbox 2015 1633 2149 1702; x_wconf 75' lang='grc' dir='ltr'>περὶ</span> <span class='ocrx_word' id='word_1_205' title='bbox 2186 1633 2297 1702; x_wconf 82' lang='grc' dir='ltr'>τῆς</span> <span class='ocrx_word' id='word_1_206' title='bbox 2335 1634 2453 1687; x_wconf 82' lang='grc' dir='ltr'>τῶν</span> <span class='ocrx_word' id='word_1_207' title='bbox 2483 1634 2675 1701; x_wconf 73' lang='grc' dir='ltr'>ἴριιων</span> <span class='ocrx_word' id='word_1_208' title='bbox 2706 1631 2965 1700; x_wconf 77' lang='grc' dir='ltr'>ἀποχῆς.</span> 
     </span>
    </p>
   </div>
   <div class='ocr_carea' id='block_1_22' title="bbox 1460 1818 1791 1889">
    <p class='ocr_par' dir='ltr' id='par_1_22' title="bbox 1460 1818 1791 1889">
     <span class='ocr_line' id='line_1_22' title="bbox 1460 1818 1791 1889; baseline -0.003 -18"><span class='ocrx_word' id='word_1_209' title='bbox 1460 1818 1684 1889; x_wconf 70' lang='grc' dir='ltr'>Ὀμιλία</span> <span class='ocrx_word' id='word_1_210' title='bbox 1716 1826 1791 1883; x_wconf 88' lang='grc' dir='ltr'>ς’.</span> 
     </span>
    </p>
   </div>
   <div class='ocr_carea' id='block_1_23' title="bbox 847 1904 2459 1977">
    <p class='ocr_par' dir='ltr' id='par_1_23' title="bbox 847 1904 2459 1977">
     <span class='ocr_line' id='line_1_23' title="bbox 847 1904 2459 1977; baseline -0.002 -17"><span class='ocrx_word' id='word_1_211' title='bbox 847 1913 917 1963; x_wconf 84' lang='grc' dir='ltr'>α’.</span> <span class='ocrx_word' id='word_1_212' title='bbox 956 1904 1169 1969; x_wconf 68' lang='grc' dir='ltr'>Πολλὰς</span> <span class='ocrx_word' id='word_1_213' title='bbox 1214 1905 1315 1977; x_wconf 79' lang='grc' dir='ltr'>μὲν</span> <span class='ocrx_word' id='word_1_214' title='bbox 1359 1906 1720 1977; x_wconf 82' lang='grc' dir='ltr'>ἀνηλώσαμεν</span> <span class='ocrx_word' id='word_1_215' title='bbox 1754 1904 1968 1975; x_wconf 82' lang='grc' dir='ltr'>ἡμέρας</span> <span class='ocrx_word' id='word_1_216' title='bbox 2015 1905 2459 1977; x_wconf 83' lang='grc' dir='ltr'>παρακαλοῦντες</span> 
     </span>
    </p>
   </div>
   <div class='ocr_carea' id='block_1_24' title="bbox 780 1991 2461 2064">
    <p class='ocr_par' dir='ltr' id='par_1_24' title="bbox 780 1991 2461 2064">
     <span class='ocr_line' id='line_1_24' title="bbox 780 1991 2461 2064; baseline -0.014 3"><span class='ocrx_word' id='word_1_217' title='bbox 780 1993 937 2064; x_wconf 63' lang='grc' dir='ltr'>ὑμῶν</span> <span class='ocrx_word' id='word_1_218' title='bbox 960 1994 1061 2064; x_wconf 72' lang='grc' dir='ltr'>τὴν</span> <span class='ocrx_word' id='word_1_219' title='bbox 1089 1991 1335 2063; x_wconf 65' lang='grc' dir='ltr'>ἀγάπηψ</span> <span class='ocrx_word' id='word_1_220' title='bbox 1370 1994 1431 2045; x_wconf 86' lang='grc' dir='ltr'>οὐ</span> <span class='ocrx_word' id='word_1_221' title='bbox 1456 1994 1563 2061; x_wconf 82' lang='grc' dir='ltr'>μὴν</span> <span class='ocrx_word' id='word_1_222' title='bbox 1594 1993 1683 2045; x_wconf 78' lang='grc' dir='ltr'>διὰ</span> <span class='ocrx_word' id='word_1_223' title='bbox 1714 1992 1872 2045; x_wconf 84' lang='grc' dir='ltr'>τοῦτο</span> <span class='ocrx_word' id='word_1_224' title='bbox 1910 1992 2335 2063; x_wconf 85' lang='grc' dir='ltr'>ἀποστησόμεθα</span> <span class='ocrx_word' id='word_1_225' title='bbox 2364 1993 2461 2062; x_wconf 86' lang='grc' dir='ltr'>τῆς</span> 
     </span>
    </p>
   </div>
   <div class='ocr_carea' id='block_1_25' title="bbox 779 2078 2457 2157">
    <p class='ocr_par' dir='ltr' id='par_1_25' title="bbox 779 2078 2457 2157">
     <span class='ocr_line' id='line_1_25' title="bbox 779 2078 2457 2157; baseline -0.002 -22"><span class='ocrx_word' id='word_1_226' title='bbox 779 2078 1089 2142; x_wconf 72' lang='grc' dir='ltr'>ὑποθέσεως</span> <span class='ocrx_word' id='word_1_227' title='bbox 1104 2078 1328 2148; x_wconf 86' lang='grc' dir='ltr'>ταύτης,</span> <span class='ocrx_word' id='word_1_228' title='bbox 1343 2078 1457 2131; x_wconf 79' lang='grc' dir='ltr'>ἀλλ’</span> <span class='ocrx_word' id='word_1_229' title='bbox 1471 2078 1574 2140; x_wconf 69' lang='grc' dir='ltr'>ἕως</span> <span class='ocrx_word' id='word_1_230' title='bbox 1590 2078 1657 2131; x_wconf 83' lang='grc' dir='ltr'>ἀν</span> <span class='ocrx_word' id='word_1_231' title='bbox 1676 2078 1817 2157; x_wconf 62' lang='grc' dir='ltr'>μένῃ</span> <span class='ocrx_word' id='word_1_232' title='bbox 1830 2078 1894 2132; x_wconf 81' lang='grc' dir='ltr'>τδ</span> <span class='ocrx_word' id='word_1_233' title='bbox 1907 2078 2068 2142; x_wconf 73' lang='grc' dir='ltr'>ἕλκος</span> <span class='ocrx_word' id='word_1_234' title='bbox 2083 2080 2185 2149; x_wconf 83' lang='grc' dir='ltr'>τῆς</span> <span class='ocrx_word' id='word_1_235' title='bbox 2203 2079 2457 2149; x_wconf 89' lang='grc' dir='ltr'>ἀθυμίας,</span> 
     </span>
    </p>
   </div>
   <div class='ocr_carea' id='block_1_26' title="bbox 778 2164 2461 2236">
    <p class='ocr_par' dir='ltr' id='par_1_26' title="bbox 778 2164 2461 2236">
     <span class='ocr_line' id='line_1_26' title="bbox 778 2164 2461 2236; baseline -0.002 -16"><span class='ocrx_word' id='word_1_236' title='bbox 778 2168 875 2221; x_wconf 71' lang='grc' dir='ltr'>καὶ</span> <span class='ocrx_word' id='word_1_237' title='bbox 896 2166 959 2219; x_wconf 86' lang='grc' dir='ltr'>τδ</span> <span class='ocrx_word' id='word_1_238' title='bbox 980 2165 1272 2235; x_wconf 83' lang='grc' dir='ltr'>φάρμακον</span> <span class='ocrx_word' id='word_1_239' title='bbox 1293 2164 1394 2234; x_wconf 87' lang='grc' dir='ltr'>τῆς</span> <span class='ocrx_word' id='word_1_240' title='bbox 1410 2164 1769 2235; x_wconf 82' lang='grc' dir='ltr'>παραμυθίας</span> <span class='ocrx_word' id='word_1_241' title='bbox 1789 2164 2143 2236; x_wconf 78' lang='grc' dir='ltr'>ἐπιθήσομεν.</span> <span class='ocrx_word' id='word_1_242' title='bbox 2169 2165 2229 2217; x_wconf 84' lang='grc' dir='ltr'>Εἰ</span> <span class='ocrx_word' id='word_1_243' title='bbox 2246 2165 2354 2235; x_wconf 84' lang='grc' dir='ltr'>γὰρ</span> <span class='ocrx_word' id='word_1_244' title='bbox 2368 2166 2461 2217; x_wconf 80' lang='grc' dir='ltr'>ἐπὶ</span> 
     </span>
    </p>
   </div>
   <div class='ocr_carea' id='block_1_27' title="bbox 785 2244 2461 2321">
    <p class='ocr_par' dir='ltr' id='par_1_27' title="bbox 785 2244 2461 2321">
     <span class='ocr_line' id='line_1_27' title="bbox 785 2244 2461 2321; baseline -0.002 -16"><span class='ocrx_word' id='word_1_245' title='bbox 785 2252 886 2305; x_wconf 79' lang='grc' dir='ltr'>τῶν</span> <span class='ocrx_word' id='word_1_246' title='bbox 914 2249 1009 2304; x_wconf 91' lang='grc' dir='ltr'>τοῦ</span> <span class='ocrx_word' id='word_1_247' title='bbox 1040 2248 1295 2320; x_wconf 86' lang='grc' dir='ltr'>σώματος</span> <span class='ocrx_word' id='word_1_248' title='bbox 1319 2251 1654 2321; x_wconf 81' lang='grc' dir='ltr'>τραυμάτων</span> <span class='ocrx_word' id='word_1_249' title='bbox 1681 2254 1743 2305; x_wconf 85' lang='grc' dir='ltr'>ού</span> <span class='ocrx_word' id='word_1_250' title='bbox 1774 2251 2039 2306; x_wconf 83' lang='grc' dir='ltr'>παύονται</span> <span class='ocrx_word' id='word_1_251' title='bbox 2067 2244 2461 2315; x_wconf 85' lang='grc' dir='ltr'>ἐπαντλοῦντες</span> 
     </span>
    </p>
   </div>
   <div class='ocr_carea' id='block_1_28' title="bbox 778 2334 2464 2407">
    <p class='ocr_par' dir='ltr' id='par_1_28' title="bbox 778 2334 2464 2407">
     <span class='ocr_line' id='line_1_28' title="bbox 778 2334 2464 2407; baseline -0.001 -16"><span class='ocrx_word' id='word_1_252' title='bbox 778 2337 980 2407; x_wconf 81' lang='grc' dir='ltr'>ἰατρῶν</span> <span class='ocrx_word' id='word_1_253' title='bbox 995 2335 1204 2399; x_wconf 82' lang='grc' dir='ltr'>παῖδες,</span> <span class='ocrx_word' id='word_1_254' title='bbox 1229 2336 1334 2399; x_wconf 78' lang='grc' dir='ltr'>ἐως</span> <span class='ocrx_word' id='word_1_255' title='bbox 1359 2334 1424 2389; x_wconf 83' lang='grc' dir='ltr'>ἀν</span> <span class='ocrx_word' id='word_1_256' title='bbox 1452 2336 1604 2389; x_wconf 78' lang='grc' dir='ltr'>[δωσι</span> <span class='ocrx_word' id='word_1_257' title='bbox 1633 2336 1801 2406; x_wconf 85' lang='grc' dir='ltr'>λῆξαν</span> <span class='ocrx_word' id='word_1_258' title='bbox 1821 2337 1882 2390; x_wconf 82' lang='grc' dir='ltr'>τὸ</span> <span class='ocrx_word' id='word_1_259' title='bbox 1904 2336 2096 2399; x_wconf 81' lang='grc' dir='ltr'>πάθος,</span> <span class='ocrx_word' id='word_1_260' title='bbox 2117 2334 2298 2404; x_wconf 87' lang='grc' dir='ltr'>πολλῷ</span> <span class='ocrx_word' id='word_1_261' title='bbox 2326 2336 2464 2406; x_wconf 73' lang='grc' dir='ltr'>μάλ-</span> 
     </span>
    </p>
   </div>
   <div class='ocr_carea' id='block_1_29' title="bbox 780 2421 2463 2495">
    <p class='ocr_par' dir='ltr' id='par_1_29' title="bbox 780 2421 2463 2495">
     <span class='ocr_line' id='line_1_29' title="bbox 780 2421 2463 2495; baseline -0.002 -16"><span class='ocrx_word' id='word_1_262' title='bbox 780 2434 868 2479; x_wconf 74' lang='grc' dir='ltr'>λον</span> <span class='ocrx_word' id='word_1_263' title='bbox 898 2425 993 2477; x_wconf 80' lang='grc' dir='ltr'>ἐπὶ</span> <span class='ocrx_word' id='word_1_264' title='bbox 1018 2423 1121 2494; x_wconf 82' lang='grc' dir='ltr'>τῆς</span> <span class='ocrx_word' id='word_1_265' title='bbox 1148 2422 1326 2493; x_wconf 82' lang='grc' dir='ltr'>ψυχῆς</span> <span class='ocrx_word' id='word_1_266' title='bbox 1351 2421 1510 2477; x_wconf 89' lang='grc' dir='ltr'>τοῦτο</span> <span class='ocrx_word' id='word_1_267' title='bbox 1534 2426 1709 2476; x_wconf 79' lang='grc' dir='ltr'>ποιεῖν</span> <span class='ocrx_word' id='word_1_268' title='bbox 1736 2425 1864 2495; x_wconf 87' lang='grc' dir='ltr'>χρή.</span> <span class='ocrx_word' id='word_1_269' title='bbox 1895 2424 2005 2476; x_wconf 88' lang='lat' dir='ltr'>Kal</span> <span class='ocrx_word' id='word_1_270' title='bbox 2036 2423 2147 2493; x_wconf 82' lang='grc' dir='ltr'>γὰρ</span> <span class='ocrx_word' id='word_1_271' title='bbox 2177 2422 2332 2486; x_wconf 70' lang='grc' dir='ltr'>ἕλκος</span> <span class='ocrx_word' id='word_1_272' title='bbox 2358 2422 2463 2493; x_wconf 80' lang='grc' dir='ltr'>ψυ-</span> 
     </span>
    </p>
   </div>
   <div class='ocr_carea' id='block_1_30' title="bbox 774 2508 2459 2583">
    <p class='ocr_par' dir='ltr' id='par_1_30' title="bbox 774 2508 2459 2583">
     <span class='ocr_line' id='line_1_30' title="bbox 774 2508 2459 2583; baseline -0.009 -17"><span class='ocrx_word' id='word_1_273' title='bbox 774 2510 881 2583; x_wconf 84' lang='grc' dir='ltr'>χῆς</span> <span class='ocrx_word' id='word_1_274' title='bbox 905 2512 940 2581; x_wconf 83' lang='grc' dir='ltr'>ή</span> <span class='ocrx_word' id='word_1_275' title='bbox 971 2508 1198 2579; x_wconf 89' lang='grc' dir='ltr'>ἀθυμία,</span> <span class='ocrx_word' id='word_1_276' title='bbox 1238 2508 1332 2562; x_wconf 83' lang='grc' dir='ltr'>καὶ</span> <span class='ocrx_word' id='word_1_277' title='bbox 1368 2508 1451 2561; x_wconf 85' lang='grc' dir='ltr'>δεῖ</span> <span class='ocrx_word' id='word_1_278' title='bbox 1488 2509 1731 2579; x_wconf 85' lang='grc' dir='ltr'>συνεχῶς</span> <span class='ocrx_word' id='word_1_279' title='bbox 1762 2508 1931 2581; x_wconf 77' lang='grc' dir='ltr'>αὐτὴν</span> <span class='ocrx_word' id='word_1_280' title='bbox 1962 2509 2251 2562; x_wconf 74' lang='grc' dir='ltr'>ἐπαντλεῖν</span> <span class='ocrx_word' id='word_1_281' title='bbox 2286 2526 2459 2581; x_wconf 83' lang='grc' dir='ltr'>προσ-</span> 
     </span>
    </p>
   </div>
   <div class='ocr_carea' id='block_1_31' title="bbox 778 2594 2464 2670">
    <p class='ocr_par' dir='ltr' id='par_1_31' title="bbox 778 2594 2464 2670">
     <span class='ocr_line' id='line_1_31' title="bbox 778 2594 2464 2670; baseline 0.001 -20"><span class='ocrx_word' id='word_1_282' title='bbox 778 2597 932 2670; x_wconf 80' lang='grc' dir='ltr'>ηνέσι</span> <span class='ocrx_word' id='word_1_283' title='bbox 971 2598 1232 2667; x_wconf 78' lang='grc' dir='ltr'>ῥήμασιν.</span> <span class='ocrx_word' id='word_1_284' title='bbox 1269 2594 1404 2648; x_wconf 70' lang='grc' dir='ltr'>υύδὲ</span> <span class='ocrx_word' id='word_1_285' title='bbox 1445 2594 1557 2666; x_wconf 91' lang='grc' dir='ltr'>γάρ</span> <span class='ocrx_word' id='word_1_286' title='bbox 1589 2595 1764 2660; x_wconf 86' lang='grc' dir='ltr'>οῦτως</span> <span class='ocrx_word' id='word_1_287' title='bbox 1802 2596 2005 2667; x_wconf 73' lang='grc' dir='ltr'>οἴδημα</span> <span class='ocrx_word' id='word_1_288' title='bbox 2050 2596 2256 2668; x_wconf 82' lang='grc' dir='ltr'>σαρκὸς</span> <span class='ocrx_word' id='word_1_289' title='bbox 2292 2596 2464 2668; x_wconf 79' lang='grc' dir='ltr'>χαλᾷν</span> 
     </span>
    </p>
   </div>
   <div class='ocr_carea' id='block_1_32' title="bbox 778 2682 2464 2755">
    <p class='ocr_par' dir='ltr' id='par_1_32' title="bbox 778 2682 2464 2755">
     <span class='ocr_line' id='line_1_32' title="bbox 778 2682 2464 2755; baseline 0 -16"><span class='ocrx_word' id='word_1_290' title='bbox 778 2683 938 2739; x_wconf 80' lang='grc' dir='ltr'>εῐωθε</span> <span class='ocrx_word' id='word_1_291' title='bbox 972 2682 1193 2755; x_wconf 88' lang='grc' dir='ltr'>θερμῶν</span> <span class='ocrx_word' id='word_1_292' title='bbox 1221 2682 1428 2737; x_wconf 80' lang='grc' dir='ltr'>ὑδάτων</span> <span class='ocrx_word' id='word_1_293' title='bbox 1462 2682 1645 2751; x_wconf 83' lang='grc' dir='ltr'>φύσις,</span> <span class='ocrx_word' id='word_1_294' title='bbox 1672 2682 1748 2747; x_wconf 82' lang='grc' dir='ltr'>ὡς</span> <span class='ocrx_word' id='word_1_295' title='bbox 1772 2683 1951 2755; x_wconf 81' lang='grc' dir='ltr'>ψυχῆς</span> <span class='ocrx_word' id='word_1_296' title='bbox 1969 2683 2143 2747; x_wconf 84' lang='grc' dir='ltr'>πάθος</span> <span class='ocrx_word' id='word_1_297' title='bbox 2165 2684 2464 2739; x_wconf 75' lang='grc' dir='ltr'>καταπέλ-</span> 
     </span>
    </p>
   </div>
   <div class='ocr_carea' id='block_1_33' title="bbox 777 2770 2464 2844">
    <p class='ocr_par' dir='ltr' id='par_1_33' title="bbox 777 2770 2464 2844">
     <span class='ocr_line' id='line_1_33' title="bbox 777 2770 2464 2844; baseline 0 -18"><span class='ocrx_word' id='word_1_298' title='bbox 777 2779 893 2826; x_wconf 74' lang='grc' dir='ltr'>λειν</span> <span class='ocrx_word' id='word_1_299' title='bbox 939 2770 1150 2840; x_wconf 76' lang='grc' dir='ltr'>πέφυκε</span> <span class='ocrx_word' id='word_1_300' title='bbox 1196 2770 1623 2841; x_wconf 87' lang='grc' dir='ltr'>παρακλητικῶν</span> <span class='ocrx_word' id='word_1_301' title='bbox 1668 2771 1845 2839; x_wconf 89' lang='grc' dir='ltr'>λόγων</span> <span class='ocrx_word' id='word_1_302' title='bbox 1897 2772 2144 2844; x_wconf 82' lang='grc' dir='ltr'>δύναμις·</span> <span class='ocrx_word' id='word_1_303' title='bbox 2191 2773 2255 2826; x_wconf 87' lang='grc' dir='ltr'>ού</span> <span class='ocrx_word' id='word_1_304' title='bbox 2304 2774 2464 2843; x_wconf 85' lang='grc' dir='ltr'>χρεία</span> 
     </span>
    </p>
   </div>
   <div class='ocr_carea' id='block_1_34' title="bbox 777 2855 2465 2929">
    <p class='ocr_par' dir='ltr' id='par_1_34' title="bbox 777 2855 2465 2929">
     <span class='ocr_line' id='line_1_34' title="bbox 777 2855 2465 2929; baseline -0.001 -15"><span class='ocrx_word' id='word_1_305' title='bbox 777 2858 1047 2928; x_wconf 80' lang='grc' dir='ltr'>σπογγίας</span> <span class='ocrx_word' id='word_1_306' title='bbox 1084 2855 1342 2920; x_wconf 79' lang='grc' dir='ltr'>ἐνταῦθα,</span> <span class='ocrx_word' id='word_1_307' title='bbox 1382 2857 1637 2929; x_wconf 82' lang='grc' dir='ltr'>καθάπερ</span> <span class='ocrx_word' id='word_1_308' title='bbox 1666 2860 1760 2911; x_wconf 78' lang='grc' dir='ltr'>ἐπὶ</span> <span class='ocrx_word' id='word_1_309' title='bbox 1792 2859 1902 2911; x_wconf 89' lang='grc' dir='ltr'>τῶν</span> <span class='ocrx_word' id='word_1_310' title='bbox 1932 2859 2153 2929; x_wconf 89' lang='grc' dir='ltr'>ἰατρῶν,</span> <span class='ocrx_word' id='word_1_311' title='bbox 2193 2858 2311 2912; x_wconf 84' lang='grc' dir='ltr'>ἀλλ’</span> <span class='ocrx_word' id='word_1_312' title='bbox 2342 2860 2465 2913; x_wconf 82' lang='grc' dir='ltr'>ἀντὶ</span> 
     </span>
    </p>
   </div>
   <div class='ocr_carea' id='block_1_35' title="bbox 780 2944 2465 3019">
    <p class='ocr_par' dir='ltr' id='par_1_35' title="bbox 780 2944 2465 3019">
     <span class='ocr_line' id='line_1_35' title="bbox 780 2944 2465 3019; baseline -0.001 -18"><span class='ocrx_word' id='word_1_313' title='bbox 780 2946 1024 3016; x_wconf 79' lang='grc' dir='ltr'>σπόγγου</span> <span class='ocrx_word' id='word_1_314' title='bbox 1056 2945 1156 3017; x_wconf 80' lang='grc' dir='ltr'>τήν</span> <span class='ocrx_word' id='word_1_315' title='bbox 1184 2944 1431 3015; x_wconf 86' lang='grc' dir='ltr'>γλῶτταν</span> <span class='ocrx_word' id='word_1_316' title='bbox 1467 2945 1978 3017; x_wconf 87' lang='grc' dir='ltr'>μεταχειρισόμεθα·</span> <span class='ocrx_word' id='word_1_317' title='bbox 2007 2947 2069 3000; x_wconf 82' lang='grc' dir='ltr'>οὐ</span> <span class='ocrx_word' id='word_1_318' title='bbox 2103 2946 2262 3018; x_wconf 83' lang='grc' dir='ltr'>χρεία</span> <span class='ocrx_word' id='word_1_319' title='bbox 2292 2947 2465 3019; x_wconf 82' lang='grc' dir='ltr'>πυρὸς</span> 
     </span>
    </p>
   </div>
   <div class='ocr_carea' id='block_1_36' title="bbox 781 3031 2460 3106">
    <p class='ocr_par' dir='ltr' id='par_1_36' title="bbox 781 3031 2460 3106">
     <span class='ocr_line' id='line_1_36' title="bbox 781 3031 2460 3106; baseline 0.001 -20"><span class='ocrx_word' id='word_1_320' title='bbox 781 3033 1041 3097; x_wconf 80' lang='grc' dir='ltr'>ἐνταῦθα,</span> <span class='ocrx_word' id='word_1_321' title='bbox 1080 3033 1170 3087; x_wconf 68' lang='lat' dir='ltr'>Eva</span> <span class='ocrx_word' id='word_1_322' title='bbox 1209 3031 1593 3104; x_wconf 88' lang='grc' dir='ltr'>θερμαίνωμεν</span> <span class='ocrx_word' id='word_1_323' title='bbox 1635 3032 1827 3098; x_wconf 88' lang='grc' dir='ltr'>ῦδατα,</span> <span class='ocrx_word' id='word_1_324' title='bbox 1873 3034 1988 3087; x_wconf 85' lang='grc' dir='ltr'>ἀλλ’</span> <span class='ocrx_word' id='word_1_325' title='bbox 2026 3035 2149 3088; x_wconf 83' lang='grc' dir='ltr'>ἀντί</span> <span class='ocrx_word' id='word_1_326' title='bbox 2182 3034 2354 3106; x_wconf 83' lang='grc' dir='ltr'>πυρὸς</span> <span class='ocrx_word' id='word_1_327' title='bbox 2392 3037 2460 3105; x_wconf 79' lang='grc' dir='ltr'>τῇ</span> 
     </span>
    </p>
   </div>
   <div class='ocr_carea' id='block_1_37' title="bbox 787 3115 2463 3191">
    <p class='ocr_par' dir='ltr' id='par_1_37' title="bbox 787 3115 2463 3191">
     <span class='ocr_line' id='line_1_37' title="bbox 787 3115 2463 3191; baseline -0.001 -19"><span class='ocrx_word' id='word_1_328' title='bbox 787 3119 875 3172; x_wconf 72' lang='grc' dir='ltr'>τοῦ</span> <span class='ocrx_word' id='word_1_329' title='bbox 901 3118 1219 3189; x_wconf 82' lang='grc' dir='ltr'>Πνεύματος</span> <span class='ocrx_word' id='word_1_330' title='bbox 1243 3118 1563 3189; x_wconf 85' lang='grc' dir='ltr'>χρησόμεθα</span> <span class='ocrx_word' id='word_1_331' title='bbox 1590 3118 1792 3189; x_wconf 87' lang='grc' dir='ltr'>χάριτι.</span> <span class='ocrx_word' id='word_1_332' title='bbox 1822 3118 1961 3189; x_wconf 68' lang='grc' dir='ltr'>Φέρε</span> <span class='ocrx_word' id='word_1_333' title='bbox 1980 3115 2073 3173; x_wconf 83' lang='grc' dir='ltr'>οὖν</span> <span class='ocrx_word' id='word_1_334' title='bbox 2101 3120 2196 3173; x_wconf 72' lang='grc' dir='ltr'>καὶ</span> <span class='ocrx_word' id='word_1_335' title='bbox 2218 3121 2463 3191; x_wconf 82' lang='grc' dir='ltr'>τήμερον</span> 
     </span>
    </p>
   </div>
   <div class='ocr_carea' id='block_1_38' title="bbox 778 3204 2461 3278">
    <p class='ocr_par' dir='ltr' id='par_1_38' title="bbox 778 3204 2461 3278">
     <span class='ocr_line' id='line_1_38' title="bbox 778 3204 2461 3278; baseline 0.001 -19"><span class='ocrx_word' id='word_1_336' title='bbox 778 3206 840 3259; x_wconf 75' lang='grc' dir='ltr'>εδ</span> <span class='ocrx_word' id='word_1_337' title='bbox 866 3205 1001 3259; x_wconf 78' lang='grc' dir='ltr'>αὐτὸ</span> <span class='ocrx_word' id='word_1_338' title='bbox 1025 3205 1187 3259; x_wconf 90' lang='grc' dir='ltr'>τοῦτο</span> <span class='ocrx_word' id='word_1_339' title='bbox 1217 3204 1535 3275; x_wconf 84' lang='grc' dir='ltr'>πράξωμεν.</span> <span class='ocrx_word' id='word_1_340' title='bbox 1566 3206 1630 3258; x_wconf 85' lang='grc' dir='ltr'>Εἰ</span> <span class='ocrx_word' id='word_1_341' title='bbox 1654 3206 1764 3277; x_wconf 82' lang='grc' dir='ltr'>γὰρ</span> <span class='ocrx_word' id='word_1_342' title='bbox 1796 3204 1871 3277; x_wconf 83' lang='grc' dir='ltr'>μή</span> <span class='ocrx_word' id='word_1_343' title='bbox 1902 3208 2066 3277; x_wconf 87' lang='grc' dir='ltr'>ήμεῖς</span> <span class='ocrx_word' id='word_1_344' title='bbox 2097 3208 2245 3277; x_wconf 76' lang='grc' dir='ltr'>ὑμᾶς</span> <span class='ocrx_word' id='word_1_345' title='bbox 2278 3223 2461 3278; x_wconf 86' lang='grc' dir='ltr'>παρα-</span> 
     </span>
    </p>
   </div>
   <div class='ocr_carea' id='block_1_39' title="bbox 779 3293 2464 3367">
    <p class='ocr_par' dir='ltr' id='par_1_39' title="bbox 779 3293 2464 3367">
     <span class='ocr_line' id='line_1_39' title="bbox 779 3293 2464 3367; baseline -0.001 -17"><span class='ocrx_word' id='word_1_346' title='bbox 779 3294 1120 3366; x_wconf 79' lang='grc' dir='ltr'>καλέσωμεν,</span> <span class='ocrx_word' id='word_1_347' title='bbox 1150 3293 1315 3348; x_wconf 87' lang='grc' dir='ltr'>πόθεν</span> <span class='ocrx_word' id='word_1_348' title='bbox 1353 3293 1621 3366; x_wconf 80' lang='grc' dir='ltr'>ἑτέρωθεν</span> <span class='ocrx_word' id='word_1_349' title='bbox 1653 3294 1995 3367; x_wconf 88' lang='grc' dir='ltr'>παράκλησιν</span> <span class='ocrx_word' id='word_1_350' title='bbox 2023 3294 2271 3361; x_wconf 77' lang='grc' dir='ltr'>δέξεσθες</span> <span class='ocrx_word' id='word_1_351' title='bbox 2301 3298 2464 3349; x_wconf 85' lang='grc' dir='ltr'>Δικα-</span> 
     </span>
    </p>
   </div>
   <div class='ocr_carea' id='block_1_40' title="bbox 781 3382 2465 3457">
    <p class='ocr_par' dir='ltr' id='par_1_40' title="bbox 781 3382 2465 3457">
     <span class='ocr_line' id='line_1_40' title="bbox 781 3382 2465 3457; baseline 0 -18"><span class='ocrx_word' id='word_1_352' title='bbox 781 3386 905 3439; x_wconf 66' lang='lat' dir='ltr'>mal</span> <span class='ocrx_word' id='word_1_353' title='bbox 932 3382 1207 3453; x_wconf 82' lang='grc' dir='ltr'>φοϐοῦσιν·</span> <span class='ocrx_word' id='word_1_354' title='bbox 1243 3383 1439 3437; x_wconf 74' lang='grc' dir='ltr'>οὐκοῦν</span> <span class='ocrx_word' id='word_1_355' title='bbox 1475 3384 1641 3455; x_wconf 74' lang='grc' dir='ltr'>ἱερεῖς</span> <span class='ocrx_word' id='word_1_356' title='bbox 1663 3384 2174 3455; x_wconf 87' lang='grc' dir='ltr'>παρακαλείτωσαν·</span> <span class='ocrx_word' id='word_1_357' title='bbox 2201 3387 2465 3457; x_wconf 74' lang='grc' dir='ltr'>ἄρχοντες</span> 
     </span>
    </p>
   </div>
   <div class='ocr_carea' id='block_1_41' title="bbox 779 3469 2466 3545">
    <p class='ocr_par' dir='ltr' id='par_1_41' title="bbox 779 3469 2466 3545">
     <span class='ocr_line' id='line_1_41' title="bbox 779 3469 2466 3545; baseline -0.001 -19"><span class='ocrx_word' id='word_1_358' title='bbox 779 3469 1116 3526; x_wconf 85' lang='grc' dir='ltr'>ἀπειλοῦσιν·</span> <span class='ocrx_word' id='word_1_359' title='bbox 1138 3469 1335 3523; x_wconf 84' lang='grc' dir='ltr'>οὐκοῦν</span> <span class='ocrx_word' id='word_1_360' title='bbox 1354 3472 1388 3539; x_wconf 88' lang='grc' dir='ltr'>ή</span> <span class='ocrx_word' id='word_1_361' title='bbox 1424 3471 1725 3542; x_wconf 85' lang='grc' dir='ltr'>Ἐκκλησία</span> <span class='ocrx_word' id='word_1_362' title='bbox 1745 3472 2201 3543; x_wconf 85' lang='grc' dir='ltr'>παραμυθείσθω.</span> <span class='ocrx_word' id='word_1_363' title='bbox 2224 3474 2336 3527; x_wconf 83' lang='lat' dir='ltr'>Kal</span> <span class='ocrx_word' id='word_1_364' title='bbox 2354 3473 2466 3545; x_wconf 81' lang='grc' dir='ltr'>γὰρ</span> 
     </span>
    </p>
   </div>
   <div class='ocr_carea' id='block_1_42' title="bbox 779 3556 2466 3629">
    <p class='ocr_par' dir='ltr' id='par_1_42' title="bbox 779 3556 2466 3629">
     <span class='ocr_line' id='line_1_42' title="bbox 779 3556 2466 3629; baseline 0.001 -17"><span class='ocrx_word' id='word_1_365' title='bbox 779 3560 875 3613; x_wconf 75' lang='grc' dir='ltr'>ἐπὶ</span> <span class='ocrx_word' id='word_1_366' title='bbox 912 3559 1022 3612; x_wconf 91' lang='grc' dir='ltr'>τῶν</span> <span class='ocrx_word' id='word_1_367' title='bbox 1055 3557 1282 3612; x_wconf 88' lang='grc' dir='ltr'>παιδίων</span> <span class='ocrx_word' id='word_1_368' title='bbox 1310 3556 1422 3610; x_wconf 88' lang='grc' dir='ltr'>τῶν</span> <span class='ocrx_word' id='word_1_369' title='bbox 1454 3560 1666 3629; x_wconf 88' lang='grc' dir='ltr'>μικρῶν</span> <span class='ocrx_word' id='word_1_370' title='bbox 1712 3559 1856 3613; x_wconf 90' lang='grc' dir='ltr'>οῦτω</span> <span class='ocrx_word' id='word_1_371' title='bbox 1896 3558 2126 3627; x_wconf 89' lang='grc' dir='ltr'>γίνεται·</span> <span class='ocrx_word' id='word_1_372' title='bbox 2155 3558 2466 3614; x_wconf 86' lang='grc' dir='ltr'>διδάσκαλοι</span> 
     </span>
    </p>
   </div>
   <div class='ocr_carea' id='block_1_43' title="bbox 777 3644 2467 3719">
    <p class='ocr_par' dir='ltr' id='par_1_43' title="bbox 777 3644 2467 3719">
     <span class='ocr_line' id='line_1_43' title="bbox 777 3644 2467 3719; baseline 0 -20"><span class='ocrx_word' id='word_1_373' title='bbox 777 3647 850 3699; x_wconf 86' lang='grc' dir='ltr'>τά</span> <span class='ocrx_word' id='word_1_374' title='bbox 880 3645 1070 3699; x_wconf 86' lang='grc' dir='ltr'>παιδία</span> <span class='ocrx_word' id='word_1_375' title='bbox 1102 3644 1329 3715; x_wconf 88' lang='grc' dir='ltr'>φοϐοῦσι</span> <span class='ocrx_word' id='word_1_376' title='bbox 1360 3647 1456 3699; x_wconf 82' lang='grc' dir='ltr'>καί</span> <span class='ocrx_word' id='word_1_377' title='bbox 1485 3644 1773 3709; x_wconf 89' lang='grc' dir='ltr'>τύπτουσι,</span> <span class='ocrx_word' id='word_1_378' title='bbox 1805 3647 1899 3699; x_wconf 73' lang='grc' dir='ltr'>καί¹</span> <span class='ocrx_word' id='word_1_379' title='bbox 1922 3646 2304 3718; x_wconf 83' lang='grc' dir='ltr'>δεδακρυμένα</span> <span class='ocrx_word' id='word_1_380' title='bbox 2329 3647 2467 3719; x_wconf 81' lang='grc' dir='ltr'>πρὸς</span> 
     </span>
    </p>
   </div>
   <div class='ocr_carea' id='block_1_44' title="bbox 779 3732 2461 3804">
    <p class='ocr_par' dir='ltr' id='par_1_44' title="bbox 779 3732 2461 3804">
     <span class='ocr_line' id='line_1_44' title="bbox 779 3732 2461 3804; baseline 0.001 -19"><span class='ocrx_word' id='word_1_381' title='bbox 779 3732 879 3797; x_wconf 67' lang='grc' dir='ltr'>τάς</span> <span class='ocrx_word' id='word_1_382' title='bbox 916 3732 1160 3803; x_wconf 80' lang='grc' dir='ltr'>μητέρας</span> <span class='ocrx_word' id='word_1_383' title='bbox 1204 3734 1689 3803; x_wconf 87' lang='grc' dir='ltr'>παραπέμπουσιν·</span> <span class='ocrx_word' id='word_1_384' title='bbox 1731 3734 1789 3785; x_wconf 93' lang='grc' dir='ltr'>αί</span> <span class='ocrx_word' id='word_1_385' title='bbox 1821 3732 1878 3786; x_wconf 80' lang='grc' dir='ltr'>δὲ</span> <span class='ocrx_word' id='word_1_386' title='bbox 1918 3733 2156 3804; x_wconf 86' lang='grc' dir='ltr'>μητέρες</span> <span class='ocrx_word' id='word_1_387' title='bbox 2198 3732 2461 3797; x_wconf 81' lang='grc' dir='ltr'>ὑποδεξά-</span> 
     </span>
    </p>
   </div>
   <div class='ocr_carea' id='block_1_45' title="bbox 783 3818 2457 3890">
    <p class='ocr_par' dir='ltr' id='par_1_45' title="bbox 783 3818 2457 3890">
     <span class='ocr_line' id='line_1_45' title="bbox 783 3818 2457 3890; baseline 0 -17"><span class='ocrx_word' id='word_1_388' title='bbox 783 3836 944 3890; x_wconf 87' lang='grc' dir='ltr'>μεναι</span> <span class='ocrx_word' id='word_1_389' title='bbox 973 3821 1087 3882; x_wconf 90' lang='grc' dir='ltr'>τοῖς</span> <span class='ocrx_word' id='word_1_390' title='bbox 1112 3818 1334 3882; x_wconf 84' lang='grc' dir='ltr'>κόλποις</span> <span class='ocrx_word' id='word_1_391' title='bbox 1352 3822 1467 3882; x_wconf 86' lang='grc' dir='ltr'>τοῖς</span> <span class='ocrx_word' id='word_1_392' title='bbox 1489 3819 1698 3872; x_wconf 82' lang='grc' dir='ltr'>ἑαυτῶν</span> <span class='ocrx_word' id='word_1_393' title='bbox 1726 3819 2020 3889; x_wconf 74' lang='grc' dir='ltr'>κατέχουσι</span> <span class='ocrx_word' id='word_1_394' title='bbox 2050 3822 2146 3873; x_wconf 77' lang='grc' dir='ltr'>καὶ</span> <span class='ocrx_word' id='word_1_395' title='bbox 2170 3821 2457 3890; x_wconf 81' lang='grc' dir='ltr'>περισφίγ-</span> 
     </span>
    </p>
   </div>
   <div class='ocr_carea' id='block_1_46' title="bbox 779 3903 2466 3975">
    <p class='ocr_par' dir='ltr' id='par_1_46' title="bbox 779 3903 2466 3975">
     <span class='ocr_line' id='line_1_46' title="bbox 779 3903 2466 3975; baseline 0.001 -19"><span class='ocrx_word' id='word_1_396' title='bbox 779 3920 937 3972; x_wconf 78' lang='grc' dir='ltr'>γουσι</span> <span class='ocrx_word' id='word_1_397' title='bbox 962 3915 1012 3963; x_wconf 77' lang='grc' dir='ltr'><strong>ι.</strong></span> <span class='ocrx_word' id='word_1_398' title='bbox 1042 3904 1138 3957; x_wconf 75' lang='grc' dir='ltr'>καὶ</span> <span class='ocrx_word' id='word_1_399' title='bbox 1168 3905 1237 3957; x_wconf 89' lang='grc' dir='ltr'>τά</span> <span class='ocrx_word' id='word_1_400' title='bbox 1262 3904 1472 3974; x_wconf 86' lang='grc' dir='ltr'>δάκρυα</span> <span class='ocrx_word' id='word_1_401' title='bbox 1511 3903 1901 3975; x_wconf 84' lang='grc' dir='ltr'>καταψήσασαι</span> <span class='ocrx_word' id='word_1_402' title='bbox 1946 3903 2329 3974; x_wconf 89' lang='grc' dir='ltr'>καταφιλοῦσι,</span> <span class='ocrx_word' id='word_1_403' title='bbox 2371 3906 2466 3958; x_wconf 76' lang='grc' dir='ltr'>καὶ</span> 
     </span>
    </p>
   </div>
   <div class='ocr_carea' id='block_1_47' title="bbox 778 3990 2465 4062">
    <p class='ocr_par' dir='ltr' id='par_1_47' title="bbox 778 3990 2465 4062">
     <span class='ocr_line' id='line_1_47' title="bbox 778 3990 2465 4062; baseline 0.001 -19"><span class='ocrx_word' id='word_1_404' title='bbox 778 3991 880 4059; x_wconf 82' lang='grc' dir='ltr'>τὴν</span> <span class='ocrx_word' id='word_1_405' title='bbox 927 3990 1271 4060; x_wconf 87' lang='grc' dir='ltr'>όὸυνωμένην</span> <span class='ocrx_word' id='word_1_406' title='bbox 1319 3990 1502 4045; x_wconf 80' lang='grc' dir='ltr'>αὐτῶν</span> <span class='ocrx_word' id='word_1_407' title='bbox 1543 3991 1887 4045; x_wconf 89' lang='grc' dir='ltr'>ἀνακτῶνται</span> <span class='ocrx_word' id='word_1_408' title='bbox 1938 3991 2139 4062; x_wconf 80' lang='grc' dir='ltr'>ψυχὴν,</span> <span class='ocrx_word' id='word_1_409' title='bbox 2182 3991 2465 4045; x_wconf 87' lang='grc' dir='ltr'>πείθουσαι</span> 
     </span>
    </p>
   </div>
   <div class='ocr_carea' id='block_1_48' title="bbox 781 4070 2466 4148">
    <p class='ocr_par' dir='ltr' id='par_1_48' title="bbox 781 4070 2466 4148">
     <span class='ocr_line' id='line_1_48' title="bbox 781 4070 2466 4148; baseline -0.001 -17"><span class='ocrx_word' id='word_1_410' title='bbox 781 4077 851 4131; x_wconf 84' lang='grc' dir='ltr'>δι’</span> <span class='ocrx_word' id='word_1_411' title='bbox 883 4070 959 4131; x_wconf 79' lang='grc' dir='ltr'>ὧν</span> <span class='ocrx_word' id='word_1_412' title='bbox 998 4076 1268 4144; x_wconf 80' lang='grc' dir='ltr'>λέγουσιν,</span> <span class='ocrx_word' id='word_1_413' title='bbox 1297 4078 1379 4130; x_wconf 83' lang='grc' dir='ltr'>ὅτι</span> <span class='ocrx_word' id='word_1_414' title='bbox 1409 4080 1680 4148; x_wconf 87' lang='grc' dir='ltr'>χρήσιμος</span> <span class='ocrx_word' id='word_1_415' title='bbox 1713 4080 1743 4130; x_wconf 96' lang='lat'>6</span> <span class='ocrx_word' id='word_1_416' title='bbox 1769 4076 1879 4129; x_wconf 89' lang='grc' dir='ltr'>τῶν</span> <span class='ocrx_word' id='word_1_417' title='bbox 1906 4077 2245 4131; x_wconf 82' lang='grc' dir='ltr'>διδασκάλων</span> <span class='ocrx_word' id='word_1_418' title='bbox 2282 4079 2466 4140; x_wconf 81' lang='grc' dir='ltr'>αὐτοῖς</span> 
     </span>
    </p>
   </div>
   <div class='ocr_carea' id='block_1_49' title="bbox 867 4243 2464 4319">
    <p class='ocr_par' dir='ltr' id='par_1_49' title="bbox 867 4243 2464 4319">
     <span class='ocr_line' id='line_1_49' title="bbox 867 4243 2464 4319; baseline 0.001 -17"><span class='ocrx_word' id='word_1_419' title='bbox 867 4250 1021 4302; x_wconf 69' lang='grc' dir='ltr'>Ἐπεὶ</span> <span class='ocrx_word' id='word_1_420' title='bbox 1046 4243 1142 4303; x_wconf 75' lang='grc' dir='ltr'>οὖν</span> <span class='ocrx_word' id='word_1_421' title='bbox 1172 4250 1268 4302; x_wconf 73' lang='grc' dir='ltr'>καὶ</span> <span class='ocrx_word' id='word_1_422' title='bbox 1296 4249 1440 4319; x_wconf 70' lang='grc' dir='ltr'>ὑμᾶς</span> <span class='ocrx_word' id='word_1_423' title='bbox 1473 4249 1752 4319; x_wconf 84' lang='grc' dir='ltr'>ἐφόϐησαν</span> <span class='ocrx_word' id='word_1_424' title='bbox 1793 4251 2075 4318; x_wconf 76' lang='grc' dir='ltr'>ἄρχοντες,</span> <span class='ocrx_word' id='word_1_425' title='bbox 2128 4250 2220 4303; x_wconf 71' lang='grc' dir='ltr'>καὶ</span> <span class='ocrx_word' id='word_1_426' title='bbox 2255 4252 2464 4318; x_wconf 83' lang='grc' dir='ltr'>ἐναγω-</span> 
     </span>
    </p>
   </div>
   <div class='ocr_carea' id='block_1_50' title="bbox 784 4336 2461 4408">
    <p class='ocr_par' dir='ltr' id='par_1_50' title="bbox 784 4336 2461 4408">
     <span class='ocr_line' id='line_1_50' title="bbox 784 4336 2461 4408; baseline 0.001 -19"><span class='ocrx_word' id='word_1_427' title='bbox 784 4336 931 4398; x_wconf 87' lang='grc' dir='ltr'>νίους</span> <span class='ocrx_word' id='word_1_428' title='bbox 961 4336 1242 4405; x_wconf 81' lang='grc' dir='ltr'>ἐποίησαν,</span> <span class='ocrx_word' id='word_1_429' title='bbox 1270 4338 1304 4407; x_wconf 88' lang='grc' dir='ltr'>ή</span> <span class='ocrx_word' id='word_1_430' title='bbox 1348 4336 1667 4407; x_wconf 81' lang='grc' dir='ltr'>Ἐκκλησία,</span> <span class='ocrx_word' id='word_1_431' title='bbox 1691 4340 1723 4407; x_wconf 94' lang='grc' dir='ltr'>ή</span> <span class='ocrx_word' id='word_1_432' title='bbox 1752 4338 1905 4408; x_wconf 83' lang='grc' dir='ltr'>κοινὴ</span> <span class='ocrx_word' id='word_1_433' title='bbox 1937 4336 2156 4390; x_wconf 88' lang='grc' dir='ltr'>πάντων</span> <span class='ocrx_word' id='word_1_434' title='bbox 2180 4336 2335 4407; x_wconf 89' lang='grc' dir='ltr'>ήμῶν</span> <span class='ocrx_word' id='word_1_435' title='bbox 2359 4339 2461 4407; x_wconf 78' lang='grc' dir='ltr'>μή·</span> 
     </span>
    </p>
   </div>
   <div class='ocr_carea' id='block_1_51' title="bbox 784 4422 2458 4495">
    <p class='ocr_par' dir='ltr' id='par_1_51' title="bbox 784 4422 2458 4495">
     <span class='ocr_line' id='line_1_51' title="bbox 784 4422 2458 4495; baseline 0 -18"><span class='ocrx_word' id='word_1_436' title='bbox 784 4439 915 4494; x_wconf 87' lang='grc' dir='ltr'>τηρ,</span> <span class='ocrx_word' id='word_1_437' title='bbox 950 4422 1074 4485; x_wconf 75' lang='grc' dir='ltr'>τοὺς</span> <span class='ocrx_word' id='word_1_438' title='bbox 1104 4422 1333 4485; x_wconf 85' lang='grc' dir='ltr'>κόλπους</span> <span class='ocrx_word' id='word_1_439' title='bbox 1361 4422 1680 4485; x_wconf 86' lang='grc' dir='ltr'>ἀπλώσασα,</span> <span class='ocrx_word' id='word_1_440' title='bbox 1714 4426 1808 4477; x_wconf 71' lang='grc' dir='ltr'>καὶ</span> <span class='ocrx_word' id='word_1_441' title='bbox 1838 4426 2057 4487; x_wconf 85' lang='grc' dir='ltr'>ὑπτίαις</span> <span class='ocrx_word' id='word_1_442' title='bbox 2084 4426 2458 4495; x_wconf 78' lang='grc' dir='ltr'>ὑποδεξαμένη</span> 
     </span>
    </p>
   </div>
   <div class='ocr_carea' id='block_1_52' title="bbox 786 4508 2460 4581">
    <p class='ocr_par' dir='ltr' id='par_1_52' title="bbox 786 4508 2460 4581">
     <span class='ocr_line' id='line_1_52' title="bbox 786 4508 2460 4581; baseline 0.001 -20"><span class='ocrx_word' id='word_1_443' title='bbox 786 4508 964 4580; x_wconf 77' lang='grc' dir='ltr'>χερσὶ,</span> <span class='ocrx_word' id='word_1_444' title='bbox 990 4508 1111 4562; x_wconf 80' lang='grc' dir='ltr'>καθ’</span> <span class='ocrx_word' id='word_1_445' title='bbox 1136 4508 1371 4579; x_wconf 85' lang='grc' dir='ltr'>ἐκάστην</span> <span class='ocrx_word' id='word_1_446' title='bbox 1393 4509 1701 4580; x_wconf 80' lang='grc' dir='ltr'>παρακαλεῖ</span> <span class='ocrx_word' id='word_1_447' title='bbox 1724 4512 1822 4581; x_wconf 78' lang='grc' dir='ltr'>τὴν</span> <span class='ocrx_word' id='word_1_448' title='bbox 1846 4512 2080 4581; x_wconf 80' lang='grc' dir='ltr'>ἡμέραν,</span> <span class='ocrx_word' id='word_1_449' title='bbox 2103 4511 2355 4577; x_wconf 84' lang='grc' dir='ltr'>λέγουσα,</span> <span class='ocrx_word' id='word_1_450' title='bbox 2379 4512 2460 4564; x_wconf 88' lang='grc' dir='ltr'>ὃτι</span> 
     </span>
    </p>
   </div>
   <div class='ocr_carea' id='block_1_53' title="bbox 787 4595 2462 4667">
    <p class='ocr_par' dir='ltr' id='par_1_53' title="bbox 787 4595 2462 4667">
     <span class='ocr_line' id='line_1_53' title="bbox 787 4595 2462 4667; baseline 0 -20"><span class='ocrx_word' id='word_1_451' title='bbox 787 4596 1055 4666; x_wconf 87' lang='grc' dir='ltr'>χρήσιμος</span> <span class='ocrx_word' id='word_1_452' title='bbox 1084 4596 1179 4649; x_wconf 80' lang='grc' dir='ltr'>καὶ</span> <span class='ocrx_word' id='word_1_453' title='bbox 1209 4596 1239 4649; x_wconf 87' lang='grc' dir='ltr'>ό</span> <span class='ocrx_word' id='word_1_454' title='bbox 1276 4595 1385 4648; x_wconf 87' lang='grc' dir='ltr'>τῶν</span> <span class='ocrx_word' id='word_1_455' title='bbox 1424 4597 1700 4667; x_wconf 87' lang='grc' dir='ltr'>ἀρχόντων</span> <span class='ocrx_word' id='word_1_456' title='bbox 1733 4597 1898 4665; x_wconf 85' lang='grc' dir='ltr'>φόϐος</span> <span class='ocrx_word' id='word_1_457' title='bbox 1932 4598 2069 4661; x_wconf 77' lang='grc' dir='ltr'>ἐστὶ,</span> <span class='ocrx_word' id='word_1_458' title='bbox 2099 4597 2193 4649; x_wconf 69' lang='grc' dir='ltr'>καὶ</span> <span class='ocrx_word' id='word_1_459' title='bbox 2220 4597 2303 4649; x_wconf 87' lang='grc' dir='ltr'>ὅτι</span> <span class='ocrx_word' id='word_1_460' title='bbox 2328 4614 2462 4667; x_wconf 89' lang='grc' dir='ltr'>χρη-</span> 
     </span>
    </p>
   </div>
   <div class='ocr_carea' id='block_1_54' title="bbox 790 4681 2466 4754">
    <p class='ocr_par' dir='ltr' id='par_1_54' title="bbox 790 4681 2466 4754">
     <span class='ocr_line' id='line_1_54' title="bbox 790 4681 2466 4754; baseline 0.002 -21"><span class='ocrx_word' id='word_1_461' title='bbox 790 4684 923 4751; x_wconf 86' lang='grc' dir='ltr'>σίμη</span> <span class='ocrx_word' id='word_1_462' title='bbox 964 4682 1060 4735; x_wconf 81' lang='grc' dir='ltr'>καὶ</span> <span class='ocrx_word' id='word_1_463' title='bbox 1092 4683 1126 4752; x_wconf 86' lang='grc' dir='ltr'>ή</span> <span class='ocrx_word' id='word_1_464' title='bbox 1172 4681 1422 4735; x_wconf 82' lang='grc' dir='ltr'>ἐντεῦθεν</span> <span class='ocrx_word' id='word_1_465' title='bbox 1463 4682 1828 4754; x_wconf 81' lang='grc' dir='ltr'>παράκλησις.</span> <span class='ocrx_word' id='word_1_466' title='bbox 1871 4684 2127 4736; x_wconf 87' lang='grc' dir='ltr'>Ἐκείνων</span> <span class='ocrx_word' id='word_1_467' title='bbox 2170 4682 2271 4752; x_wconf 80' lang='grc' dir='ltr'>μὲν</span> <span class='ocrx_word' id='word_1_468' title='bbox 2300 4683 2409 4753; x_wconf 86' lang='grc' dir='ltr'>γὰρ</span> <span class='ocrx_word' id='word_1_469' title='bbox 2436 4686 2466 4736; x_wconf 94' lang='lat'>6</span> 
     </span>
    </p>
   </div>
   <div class='ocr_carea' id='block_1_55' title="bbox 789 4767 2465 4840">
    <p class='ocr_par' dir='ltr' id='par_1_55' title="bbox 789 4767 2465 4840">
     <span class='ocr_line' id='line_1_55' title="bbox 789 4767 2465 4840; baseline 0 -21"><span class='ocrx_word' id='word_1_470' title='bbox 789 4767 952 4835; x_wconf 89' lang='grc' dir='ltr'>φόϐος</span> <span class='ocrx_word' id='word_1_471' title='bbox 978 4769 1078 4821; x_wconf 89' lang='grc' dir='ltr'>ούκ</span> <span class='ocrx_word' id='word_1_472' title='bbox 1107 4769 1332 4837; x_wconf 80' lang='grc' dir='ltr'>ἀφίησιν</span> <span class='ocrx_word' id='word_1_473' title='bbox 1363 4769 1467 4821; x_wconf 73' lang='grc' dir='ltr'>ὑπὸ</span> <span class='ocrx_word' id='word_1_474' title='bbox 1497 4772 1596 4839; x_wconf 79' lang='grc' dir='ltr'>τῆς</span> <span class='ocrx_word' id='word_1_475' title='bbox 1622 4770 1897 4840; x_wconf 71' lang='grc' dir='ltr'>ῥᾳθυμίας</span> <span class='ocrx_word' id='word_1_476' title='bbox 1924 4769 2236 4823; x_wconf 88' lang='grc' dir='ltr'>ἐκλύεσθαι·</span> <span class='ocrx_word' id='word_1_477' title='bbox 2262 4769 2465 4838; x_wconf 84' lang='grc' dir='ltr'>ταύτης</span> 
     </span>
    </p>
   </div>
   <div class='ocr_carea' id='block_1_56' title="bbox 788 4853 2463 4927">
    <p class='ocr_par' dir='ltr' id='par_1_56' title="bbox 788 4853 2463 4927">
     <span class='ocr_line' id='line_1_56' title="bbox 788 4853 2463 4927; baseline 0.001 -22"><span class='ocrx_word' id='word_1_478' title='bbox 788 4853 845 4905; x_wconf 70' lang='grc' dir='ltr'>δὲ</span> <span class='ocrx_word' id='word_1_479' title='bbox 870 4856 905 4923; x_wconf 94' lang='grc' dir='ltr'>ή</span> <span class='ocrx_word' id='word_1_480' title='bbox 935 4854 1280 4923; x_wconf 85' lang='grc' dir='ltr'>παράκλησις</span> <span class='ocrx_word' id='word_1_481' title='bbox 1306 4856 1405 4908; x_wconf 78' lang='grc' dir='ltr'>οὐκ</span> <span class='ocrx_word' id='word_1_482' title='bbox 1432 4856 1659 4925; x_wconf 74' lang='grc' dir='ltr'>ἀφίησιν</span> <span class='ocrx_word' id='word_1_483' title='bbox 1684 4860 1733 4895; x_wconf 74' lang='grc' dir='ltr'>ι’</span> <span class='ocrx_word' id='word_1_484' title='bbox 1763 4857 1868 4909; x_wconf 82' lang='grc' dir='ltr'>ὑπὸ</span> <span class='ocrx_word' id='word_1_485' title='bbox 1897 4857 1995 4926; x_wconf 86' lang='grc' dir='ltr'>τῆς</span> <span class='ocrx_word' id='word_1_486' title='bbox 2020 4856 2258 4927; x_wconf 80' lang='grc' dir='ltr'>ἀθυμίας</span> <span class='ocrx_word' id='word_1_487' title='bbox 2292 4872 2463 4908; x_wconf 89' lang='grc' dir='ltr'>κατα-</span> 
     </span>
    </p>
   </div>
   <div class='ocr_carea' id='block_1_57' title="bbox 789 4946 2464 5019">
    <p class='ocr_par' dir='ltr' id='par_1_57' title="bbox 789 4946 2464 5019">
     <span class='ocr_line' id='line_1_57' title="bbox 789 4946 2464 5019; baseline 0 -22"><span class='ocrx_word' id='word_1_488' title='bbox 789 4946 1031 4998; x_wconf 85' lang='grc' dir='ltr'>πίπτειν·</span> <span class='ocrx_word' id='word_1_489' title='bbox 1079 4947 1174 4998; x_wconf 73' lang='grc' dir='ltr'>καὶ</span> <span class='ocrx_word' id='word_1_490' title='bbox 1218 4946 1284 4998; x_wconf 83' lang='grc' dir='ltr'>δι’</span> <span class='ocrx_word' id='word_1_491' title='bbox 1321 4946 1644 5015; x_wconf 84' lang='grc' dir='ltr'>ἀμφοτέρων</span> <span class='ocrx_word' id='word_1_492' title='bbox 1677 4949 1705 4998; x_wconf 89' lang='lat'>6</span> <span class='ocrx_word' id='word_1_493' title='bbox 1737 4946 1870 5010; x_wconf 75' lang='grc' dir='ltr'>Θεὸς</span> <span class='ocrx_word' id='word_1_494' title='bbox 1906 4949 2005 5018; x_wconf 77' lang='grc' dir='ltr'>τὴν</span> <span class='ocrx_word' id='word_1_495' title='bbox 2040 4947 2320 5019; x_wconf 79' lang='grc' dir='ltr'>ἡμετέραν</span> <span class='ocrx_word' id='word_1_496' title='bbox 2360 4962 2464 4998; x_wconf 77' lang='grc' dir='ltr'>σωο</span> 
     </span>
    </p>
   </div>
   <div class='ocr_carea' id='block_1_58' title="bbox 786 5032 2459 5104">
    <p class='ocr_par' dir='ltr' id='par_1_58' title="bbox 786 5032 2459 5104">
     <span class='ocr_line' id='line_1_58' title="bbox 786 5032 2459 5104; baseline 0 -19"><span class='ocrx_word' id='word_1_497' title='bbox 786 5050 853 5104; x_wconf 87' lang='grc' dir='ltr'>τη</span> <span class='ocrx_word' id='word_1_498' title='bbox 862 5033 984 5103; x_wconf 89' lang='grc' dir='ltr'>ρίαν</span> <span class='ocrx_word' id='word_1_499' title='bbox 1008 5034 1302 5103; x_wconf 88' lang='grc' dir='ltr'>οἰκονομεῖ.</span> <span class='ocrx_word' id='word_1_500' title='bbox 1321 5034 1431 5085; x_wconf 90' lang='lat' dir='ltr'>Kal</span> <span class='ocrx_word' id='word_1_501' title='bbox 1452 5032 1559 5103; x_wconf 71' lang='grc' dir='ltr'>γὰρ</span> <span class='ocrx_word' id='word_1_502' title='bbox 1576 5033 1700 5095; x_wconf 75' lang='grc' dir='ltr'>τοὺς</span> <span class='ocrx_word' id='word_1_503' title='bbox 1718 5034 1982 5104; x_wconf 70' lang='grc' dir='ltr'>ἄρχοντας</span> <span class='ocrx_word' id='word_1_504' title='bbox 2005 5036 2169 5098; x_wconf 62' lang='grc' dir='ltr'>αύτὸς</span> <span class='ocrx_word' id='word_1_505' title='bbox 2196 5034 2459 5097; x_wconf 85' lang='grc' dir='ltr'>ῶπλισεν,</span> 
     </span>
    </p>
   </div>
   <div class='ocr_carea' id='block_1_59' title="bbox 790 5120 2463 5193">
    <p class='ocr_par' dir='ltr' id='par_1_59' title="bbox 790 5120 2463 5193">
     <span class='ocr_line' id='line_1_59' title="bbox 790 5120 2463 5193; baseline 0.001 -23"><span class='ocrx_word' id='word_1_506' title='bbox 790 5120 877 5172; x_wconf 86' lang='grc' dir='ltr'>ῖνα</span> <span class='ocrx_word' id='word_1_507' title='bbox 918 5121 1121 5187; x_wconf 83' lang='grc' dir='ltr'>φοϐῶσι</span> <span class='ocrx_word' id='word_1_508' title='bbox 1162 5120 1289 5181; x_wconf 75' lang='grc' dir='ltr'>τοὺς</span> <span class='ocrx_word' id='word_1_509' title='bbox 1325 5120 1764 5187; x_wconf 64' lang='grc' dir='ltr'>ἀσελγαίνοντας</span> <span class='ocrx_word' id='word_1_510' title='bbox 1807 5123 1899 5173; x_wconf 85' lang='grc' dir='ltr'>καί</span> <span class='ocrx_word' id='word_1_511' title='bbox 1928 5124 2052 5184; x_wconf 76' lang='grc' dir='ltr'>τοὺς</span> <span class='ocrx_word' id='word_1_512' title='bbox 2085 5123 2265 5193; x_wconf 80' lang='grc' dir='ltr'>ἱερέας</span> <span class='ocrx_word' id='word_1_513' title='bbox 2301 5121 2463 5183; x_wconf 76' lang='grc' dir='ltr'>αὐτὸς</span> 
     </span>
    </p>
   </div>
   <div class='ocr_carea' id='block_1_60' title="bbox 790 5206 2465 5277">
    <p class='ocr_par' dir='ltr' id='par_1_60' title="bbox 790 5206 2465 5277">
     <span class='ocr_line' id='line_1_60' title="bbox 790 5206 2465 5277; baseline 0.001 -21"><span class='ocrx_word' id='word_1_514' title='bbox 790 5206 1213 5277; x_wconf 78' lang='grc' dir='ltr'>ἐχειροτόνησεν,</span> <span class='ocrx_word' id='word_1_515' title='bbox 1258 5207 1345 5259; x_wconf 80' lang='grc' dir='ltr'>ἵνα</span> <span class='ocrx_word' id='word_1_516' title='bbox 1385 5206 1746 5277; x_wconf 81' lang='grc' dir='ltr'>παρακαλῶσι</span> <span class='ocrx_word' id='word_1_517' title='bbox 1780 5207 1907 5268; x_wconf 79' lang='grc' dir='ltr'>τοὺς</span> <span class='ocrx_word' id='word_1_518' title='bbox 1945 5207 2334 5276; x_wconf 81' lang='grc' dir='ltr'>ὀδυνωμένους·</span> <span class='ocrx_word' id='word_1_519' title='bbox 2371 5208 2465 5259; x_wconf 70' lang='grc' dir='ltr'>καί¹</span> 
     </span>
    </p>
   </div>
   <div class='ocr_carea' id='block_1_61' title="bbox 790 5291 2466 5365">
    <p class='ocr_par' dir='ltr' id='par_1_61' title="bbox 790 5291 2466 5365">
     <span class='ocr_line' id='line_1_61' title="bbox 790 5291 2466 5365; baseline 0.001 -22"><span class='ocrx_word' id='word_1_520' title='bbox 790 5291 961 5344; x_wconf 84' lang='grc' dir='ltr'>ταῦτα</span> <span class='ocrx_word' id='word_1_521' title='bbox 983 5292 1284 5365; x_wconf 86' lang='grc' dir='ltr'>ἀμφότερα,</span> <span class='ocrx_word' id='word_1_522' title='bbox 1322 5292 1464 5363; x_wconf 86' lang='grc' dir='ltr'>μετά</span> <span class='ocrx_word' id='word_1_523' title='bbox 1485 5292 1593 5345; x_wconf 88' lang='grc' dir='ltr'>τῶν</span> <span class='ocrx_word' id='word_1_524' title='bbox 1617 5292 1868 5361; x_wconf 82' lang='grc' dir='ltr'>Γραφῶν,</span> <span class='ocrx_word' id='word_1_525' title='bbox 1902 5294 1994 5345; x_wconf 76' lang='grc' dir='ltr'>καὶ</span> <span class='ocrx_word' id='word_1_526' title='bbox 2019 5293 2157 5363; x_wconf 73' lang='grc' dir='ltr'>αὐτὴ</span> <span class='ocrx_word' id='word_1_527' title='bbox 2188 5295 2297 5345; x_wconf 90' lang='grc' dir='ltr'>τῶν</span> <span class='ocrx_word' id='word_1_528' title='bbox 2326 5310 2466 5362; x_wconf 81' lang='grc' dir='ltr'>πραο</span> 
     </span>
    </p>
   </div>
   <div class='ocr_carea' id='block_1_62' title="bbox 790 5377 2466 5452">
    <p class='ocr_par' dir='ltr' id='par_1_62' title="bbox 790 5377 2466 5452">
     <span class='ocr_line' id='line_1_62' title="bbox 790 5377 2466 5452; baseline 0.001 -22"><span class='ocrx_word' id='word_1_529' title='bbox 790 5377 1017 5447; x_wconf 88' lang='grc' dir='ltr'>γμάτων</span> <span class='ocrx_word' id='word_1_530' title='bbox 1042 5382 1076 5449; x_wconf 85' lang='grc' dir='ltr'>ή</span> <span class='ocrx_word' id='word_1_531' title='bbox 1101 5384 1264 5452; x_wconf 89' lang='grc' dir='ltr'>πεῖρα</span> <span class='ocrx_word' id='word_1_532' title='bbox 1288 5381 1547 5434; x_wconf 87' lang='grc' dir='ltr'>διδάσκει.</span> <span class='ocrx_word' id='word_1_533' title='bbox 1584 5380 1646 5433; x_wconf 79' lang='lat' dir='ltr'><strong><em>El</em></strong></span> <span class='ocrx_word' id='word_1_534' title='bbox 1672 5379 1781 5450; x_wconf 89' lang='grc' dir='ltr'>γάρ</span> <span class='ocrx_word' id='word_1_535' title='bbox 1804 5380 1831 5418; x_wconf 68' lang='grc' dir='ltr'>ι’</span> <span class='ocrx_word' id='word_1_536' title='bbox 1852 5380 2131 5450; x_wconf 85' lang='grc' dir='ltr'>ἀρχόντων</span> <span class='ocrx_word' id='word_1_537' title='bbox 2151 5380 2341 5442; x_wconf 75' lang='grc' dir='ltr'>ὄντων,</span> <span class='ocrx_word' id='word_1_538' title='bbox 2374 5380 2466 5432; x_wconf 76' lang='grc' dir='ltr'>καὶ</span> 
     </span>
    </p>
   </div>
   <div class='ocr_carea' id='block_1_63' title="bbox 791 5466 2466 5539">
    <p class='ocr_par' dir='ltr' id='par_1_63' title="bbox 791 5466 2466 5539">
     <span class='ocr_line' id='line_1_63' title="bbox 791 5466 2466 5539; baseline 0 -21"><span class='ocrx_word' id='word_1_539' title='bbox 791 5467 1134 5537; x_wconf 87' lang='grc' dir='ltr'>στρατιωτῶν</span> <span class='ocrx_word' id='word_1_540' title='bbox 1164 5467 1377 5532; x_wconf 77' lang='grc' dir='ltr'>ζώντων</span> <span class='ocrx_word' id='word_1_541' title='bbox 1414 5470 1471 5521; x_wconf 79' lang='grc' dir='ltr'>ἐν</span> <span class='ocrx_word' id='word_1_542' title='bbox 1509 5468 1715 5531; x_wconf 85' lang='grc' dir='ltr'>ὅπλοις,</span> <span class='ocrx_word' id='word_1_543' title='bbox 1758 5467 1921 5539; x_wconf 89' lang='grc' dir='ltr'>μανία</span> <span class='ocrx_word' id='word_1_544' title='bbox 1946 5466 2251 5537; x_wconf 86' lang='grc' dir='ltr'>ἀνθρώπων</span> <span class='ocrx_word' id='word_1_545' title='bbox 2280 5468 2466 5536; x_wconf 75' lang='grc' dir='ltr'>εὐαρι-</span> 
     </span>
    </p>
   </div>
   <div class='ocr_carea' id='block_1_64' title="bbox 792 5550 2462 5625">
    <p class='ocr_par' dir='ltr' id='par_1_64' title="bbox 792 5550 2462 5625">
     <span class='ocr_line' id='line_1_64' title="bbox 792 5550 2462 5625; baseline 0 -21"><span class='ocrx_word' id='word_1_546' title='bbox 792 5550 1035 5621; x_wconf 87' lang='grc' dir='ltr'>θμήτων,</span> <span class='ocrx_word' id='word_1_547' title='bbox 1058 5552 1297 5622; x_wconf 84' lang='grc' dir='ltr'>μιγάδων</span> <span class='ocrx_word' id='word_1_548' title='bbox 1313 5556 1405 5608; x_wconf 73' lang='grc' dir='ltr'>καὶ</span> <span class='ocrx_word' id='word_1_549' title='bbox 1426 5554 1728 5625; x_wconf 84' lang='grc' dir='ltr'>ἐπηλύδων,</span> <span class='ocrx_word' id='word_1_550' title='bbox 1761 5557 1820 5609; x_wconf 89' lang='grc' dir='ltr'>ἐν</span> <span class='ocrx_word' id='word_1_551' title='bbox 1848 5553 2082 5625; x_wconf 82' lang='grc' dir='ltr'>βραχείᾳ</span> <span class='ocrx_word' id='word_1_552' title='bbox 2101 5551 2298 5624; x_wconf 85' lang='grc' dir='ltr'>καιροῦ</span> <span class='ocrx_word' id='word_1_553' title='bbox 2322 5553 2462 5623; x_wconf 78' lang='grc' dir='ltr'>ῥοπῇ</span> 
     </span>
    </p>
   </div>
   <div class='ocr_carea' id='block_1_65' title="bbox 790 5636 2464 5711">
    <p class='ocr_par' dir='ltr' id='par_1_65' title="bbox 790 5636 2464 5711">
     <span class='ocr_line' id='line_1_65' title="bbox 790 5636 2464 5711; baseline 0.003 -24"><span class='ocrx_word' id='word_1_554' title='bbox 790 5636 1060 5708; x_wconf 87' lang='grc' dir='ltr'>τοσαύτην</span> <span class='ocrx_word' id='word_1_555' title='bbox 1083 5640 1215 5709; x_wconf 87' lang='grc' dir='ltr'>ήμῖν</span> <span class='ocrx_word' id='word_1_556' title='bbox 1242 5640 1415 5709; x_wconf 84' lang='grc' dir='ltr'>ἀνῆψε</span> <span class='ocrx_word' id='word_1_557' title='bbox 1444 5640 1643 5711; x_wconf 71' lang='grc' dir='ltr'>πυρὰν,</span> <span class='ocrx_word' id='word_1_558' title='bbox 1680 5644 1776 5694; x_wconf 78' lang='grc' dir='ltr'>καὶ</span> <span class='ocrx_word' id='word_1_559' title='bbox 1806 5640 2050 5711; x_wconf 89' lang='grc' dir='ltr'>χειμῶνα</span> <span class='ocrx_word' id='word_1_560' title='bbox 2069 5638 2327 5694; x_wconf 87' lang='grc' dir='ltr'>τοσοῦτον</span> <span class='ocrx_word' id='word_1_561' title='bbox 2344 5636 2464 5709; x_wconf 68' lang='grc'>[741</span> 
     </span>
    </p>
   </div>
   <div class='ocr_carea' id='block_1_66' title="bbox 790 5722 2461 5798">
    <p class='ocr_par' dir='ltr' id='par_1_66' title="bbox 790 5722 2461 5798">
     <span class='ocr_line' id='line_1_66' title="bbox 790 5722 2461 5798; baseline 0.001 -23"><span class='ocrx_word' id='word_1_562' title='bbox 790 5722 1002 5792; x_wconf 80' lang='grc' dir='ltr'>ήγειρε,</span> <span class='ocrx_word' id='word_1_563' title='bbox 1025 5726 1119 5778; x_wconf 80' lang='grc' dir='ltr'>καὶ</span> <span class='ocrx_word' id='word_1_564' title='bbox 1141 5726 1271 5795; x_wconf 79' lang='grc' dir='ltr'>περὶ</span> <span class='ocrx_word' id='word_1_565' title='bbox 1290 5726 1554 5794; x_wconf 90' lang='grc' dir='ltr'>ναυαγίας</span> <span class='ocrx_word' id='word_1_566' title='bbox 1583 5726 1877 5781; x_wconf 80' lang='grc' dir='ltr'>δεδοικέναι</span> <span class='ocrx_word' id='word_1_567' title='bbox 1907 5728 2166 5798; x_wconf 77' lang='grc' dir='ltr'>ἐποίησεν</span> <span class='ocrx_word' id='word_1_568' title='bbox 2196 5726 2461 5787; x_wconf 74' lang='grc' dir='ltr'>ἅπαντας·</span> 
     </span>
    </p>
   </div>
   <div class='ocr_carea' id='block_1_67' title="bbox 791 5809 2465 5885">
    <p class='ocr_par' dir='ltr' id='par_1_67' title="bbox 791 5809 2465 5885">
     <span class='ocr_line' id='line_1_67' title="bbox 791 5809 2465 5885; baseline 0.001 -22"><span class='ocrx_word' id='word_1_569' title='bbox 791 5809 841 5859; x_wconf 75' lang='grc' dir='ltr'>εἰ</span> <span class='ocrx_word' id='word_1_570' title='bbox 873 5810 1101 5865; x_wconf 83' lang='grc' dir='ltr'>καθόλου</span> <span class='ocrx_word' id='word_1_571' title='bbox 1128 5812 1237 5866; x_wconf 88' lang='grc' dir='ltr'>τῶν</span> <span class='ocrx_word' id='word_1_572' title='bbox 1275 5812 1553 5883; x_wconf 86' lang='grc' dir='ltr'>ἀρχόντων</span> <span class='ocrx_word' id='word_1_573' title='bbox 1584 5815 1612 5865; x_wconf 89' lang='lat'>6</span> <span class='ocrx_word' id='word_1_574' title='bbox 1639 5812 1803 5881; x_wconf 87' lang='grc' dir='ltr'>φόϐος</span> <span class='ocrx_word' id='word_1_575' title='bbox 1835 5814 2098 5885; x_wconf 86' lang='grc' dir='ltr'>ἀνῄρητο,</span> <span class='ocrx_word' id='word_1_576' title='bbox 2139 5814 2242 5867; x_wconf 87' lang='grc' dir='ltr'>ποῦ</span> <span class='ocrx_word' id='word_1_577' title='bbox 2273 5814 2371 5867; x_wconf 73' lang='grc' dir='ltr'>οὐκ</span> <span class='ocrx_word' id='word_1_578' title='bbox 2399 5813 2465 5865; x_wconf 75' lang='grc' dir='ltr'>ἂν</span> 
     </span>
    </p>
   </div>
   <div class='ocr_carea' id='block_1_68' title="bbox 857 5912 2461 5982">
    <p class='ocr_par' dir='ltr' id='par_1_68' title="bbox 857 5912 2461 5982">
     <span class='ocr_line' id='line_1_68' title="bbox 857 5912 2461 5982; baseline 0.001 -20"><span class='ocrx_word' id='word_1_579' title='bbox 857 5912 985 5982; x_wconf 53' lang='lat' dir='ltr'>{Sic</span> <span class='ocrx_word' id='word_1_580' title='bbox 1004 5916 1158 5982; x_wconf 20' lang='lat' dir='ltr'>ngili</span> <span class='ocrx_word' id='word_1_581' title='bbox 1181 5926 1233 5966; x_wconf 78' lang='lat' dir='ltr'>et</span> <span class='ocrx_word' id='word_1_582' title='bbox 1260 5918 1470 5982; x_wconf 81' lang='lat' dir='ltr'><strong><em>maxima</em></strong></span> <span class='ocrx_word' id='word_1_583' title='bbox 1501 5929 1613 5979; x_wconf 82' lang='lat' dir='ltr'>pars</span> <span class='ocrx_word' id='word_1_584' title='bbox 1632 5918 1869 5969; x_wconf 87' lang='lat' dir='ltr'>codicum.</span> <span class='ocrx_word' id='word_1_585' title='bbox 1902 5918 2461 5982; x_wconf 57' lang='grc' dir='ltr'>ΜοῖρινπττνεάὊττ-φ.</span> 
     </span>
    </p>
   </div>
   <div class='ocr_carea' id='block_1_69' title="bbox 855 5975 1448 6040">
    <p class='ocr_par' dir='ltr' id='par_1_69' title="bbox 855 5975 1448 6040">
     <span class='ocr_line' id='line_1_69' title="bbox 855 5975 1448 6040; baseline 0.012 -20"><span class='ocrx_word' id='word_1_586' title='bbox 855 5975 899 6040; x_wconf 52' lang='grc' dir='ltr'>ξ’</span> <span class='ocrx_word' id='word_1_587' title='bbox 925 5979 1075 6040; x_wconf 48' lang='grc' dir='ltr'>βωὶἰ.</span> <span class='ocrx_word' id='word_1_588' title='bbox 1115 5981 1168 6025; x_wconf 67' lang='grc' dir='ltr'>οὐ</span> <span class='ocrx_word' id='word_1_589' title='bbox 1198 5981 1448 6040; x_wconf 59' lang='grc' dir='ltr'>συγχωρεῖ-</span> 
     </span>
    </p>
   </div>
   <div class='ocr_carea' id='block_1_70' title="bbox 858 6034 1779 6107">
    <p class='ocr_par' dir='ltr' id='par_1_70' title="bbox 858 6034 1779 6107">
     <span class='ocr_line' id='line_1_70' title="bbox 858 6034 1779 6107; baseline 0.024 -24"><span class='ocrx_word' id='word_1_590' title='bbox 858 6034 884 6073; x_wconf 60' lang='grc' dir='ltr'>ὶ·</span> <span class='ocrx_word' id='word_1_591' title='bbox 909 6038 1102 6100; x_wconf 68' lang='grc' dir='ltr'>Αῑηιιοι</span> <span class='ocrx_word' id='word_1_592' title='bbox 1131 6055 1241 6089; x_wconf 60' lang='grc' dir='ltr'>[ηδε.</span> <span class='ocrx_word' id='word_1_593' title='bbox 1264 6034 1448 6106; x_wconf 52' lang='grc' dir='ltr'>ἦεέλρα</span> <span class='ocrx_word' id='word_1_594' title='bbox 1474 6045 1587 6107; x_wconf 62' lang='lat'>5973&#39;</span> <span class='ocrx_word' id='word_1_595' title='bbox 1614 6042 1649 6089; x_wconf 72' lang='grc' dir='ltr'>εἷ</span> <span class='ocrx_word' id='word_1_596' title='bbox 1674 6041 1779 6104; x_wconf 41' lang='lat' dir='ltr'>li?-</span> 
     </span>
    </p>
   </div>
   <div class='ocr_carea' id='block_1_71' title="bbox 2487 1754 2555 1767">
    <p class='ocr_par' dir='ltr' id='par_1_71' title="bbox 2487 1754 2555 1767">
     <span class='ocr_line' id='line_1_71' title="bbox 2487 1754 2555 1767; baseline 0 -3"><span class='ocrx_word' id='word_1_597' title='bbox 2487 1754 2555 1767; x_wconf 54' lang='grc' dir='ltr'>ρ.</span> 
     </span>
    </p>
   </div>
   <div class='ocr_carea' id='block_1_72' title="bbox 2563 1807 4268 1889">
    <p class='ocr_par' dir='ltr' id='par_1_72' title="bbox 2563 1807 4268 1889">
     <span class='ocr_line' id='line_1_72' title="bbox 2563 1807 4268 1889; baseline 0.006 -24"><span class='ocrx_word' id='word_1_598' title='bbox 2563 1809 2728 1884; x_wconf 76' lang='grc' dir='ltr'>ἦλθον</span> <span class='ocrx_word' id='word_1_599' title='bbox 2756 1807 2902 1866; x_wconf 78' lang='grc' dir='ltr'>οῦτοι</span> <span class='ocrx_word' id='word_1_600' title='bbox 2935 1810 3299 1885; x_wconf 52' lang='grc' dir='ltr'>μανίαςίᾶρα</span> <span class='ocrx_word' id='word_1_601' title='bbox 3325 1814 3425 1867; x_wconf 79' lang='grc' dir='ltr'>οὐκ</span> <span class='ocrx_word' id='word_1_602' title='bbox 3454 1814 3521 1867; x_wconf 80' lang='grc' dir='ltr'>ἂν</span> <span class='ocrx_word' id='word_1_603' title='bbox 3550 1816 3614 1867; x_wconf 80' lang='grc' dir='ltr'>ἐκ</span> <span class='ocrx_word' id='word_1_604' title='bbox 3644 1815 3860 1887; x_wconf 86' lang='grc' dir='ltr'>βάθρων</span> <span class='ocrx_word' id='word_1_605' title='bbox 3888 1820 4019 1887; x_wconf 81' lang='grc' dir='ltr'>ἡμῖν</span> <span class='ocrx_word' id='word_1_606' title='bbox 4040 1821 4141 1889; x_wconf 76' lang='grc' dir='ltr'>τὴν</span> <span class='ocrx_word' id='word_1_607' title='bbox 4166 1823 4268 1875; x_wconf 63' lang='grc' dir='ltr'>πόα</span> 
     </span>
    </p>
   </div>
   <div class='ocr_carea' id='block_1_73' title="bbox 2562 1898 4263 1974">
    <p class='ocr_par' dir='ltr' id='par_1_73' title="bbox 2562 1898 4263 1974">
     <span class='ocr_line' id='line_1_73' title="bbox 2562 1898 4263 1974; baseline 0.006 -24"><span class='ocrx_word' id='word_1_608' title='bbox 2562 1898 2643 1951; x_wconf 87' lang='grc' dir='ltr'>λιν</span> <span class='ocrx_word' id='word_1_609' title='bbox 2684 1898 3012 1970; x_wconf 73' lang='grc' dir='ltr'>ἀνέτρεψαν,</span> <span class='ocrx_word' id='word_1_610' title='bbox 3062 1900 3156 1953; x_wconf 78' lang='grc' dir='ltr'>καὶ</span> <span class='ocrx_word' id='word_1_611' title='bbox 3195 1901 3373 1953; x_wconf 86' lang='grc' dir='ltr'>πάντα</span> <span class='ocrx_word' id='word_1_612' title='bbox 3416 1900 3528 1954; x_wconf 80' lang='grc' dir='ltr'>ἄνω</span> <span class='ocrx_word' id='word_1_613' title='bbox 3567 1902 3661 1955; x_wconf 76' lang='grc' dir='ltr'>καὶ</span> <span class='ocrx_word' id='word_1_614' title='bbox 3708 1903 3858 1955; x_wconf 88' lang='grc' dir='ltr'>κάτω</span> <span class='ocrx_word' id='word_1_615' title='bbox 3906 1906 4263 1974; x_wconf 78' lang='grc' dir='ltr'>ποιήσαντες,</span> 
     </span>
    </p>
   </div>
   <div class='ocr_carea' id='block_1_74' title="bbox 2560 1985 4269 2060">
    <p class='ocr_par' dir='ltr' id='par_1_74' title="bbox 2560 1985 4269 2060">
     <span class='ocr_line' id='line_1_74' title="bbox 2560 1985 4269 2060; baseline 0.006 -23"><span class='ocrx_word' id='word_1_616' title='bbox 2560 1985 2735 2047; x_wconf 78' lang='grc' dir='ltr'>αὑτάς</span> <span class='ocrx_word' id='word_1_617' title='bbox 2766 1985 2831 2038; x_wconf 83' lang='grc' dir='ltr'>ἂν</span> <span class='ocrx_word' id='word_1_618' title='bbox 2862 1985 3021 2055; x_wconf 88' lang='grc' dir='ltr'>ήμῶν</span> <span class='ocrx_word' id='word_1_619' title='bbox 3055 1986 3338 2053; x_wconf 84' lang='grc' dir='ltr'>ἀφείλοντο</span> <span class='ocrx_word' id='word_1_620' title='bbox 3362 1986 3462 2049; x_wconf 76' lang='grc' dir='ltr'>τὰς</span> <span class='ocrx_word' id='word_1_621' title='bbox 3488 1988 3701 2057; x_wconf 82' lang='grc' dir='ltr'>ψυχάς;</span> <span class='ocrx_word' id='word_1_622' title='bbox 3742 1987 3869 2042; x_wconf 80' lang='grc' dir='ltr'>Ἐὰν</span> <span class='ocrx_word' id='word_1_623' title='bbox 3888 1989 3998 2060; x_wconf 82' lang='grc' dir='ltr'>γὰρ</span> <span class='ocrx_word' id='word_1_624' title='bbox 4020 1992 4086 2043; x_wconf 81' lang='grc' dir='ltr'>τὰ</span> <span class='ocrx_word' id='word_1_625' title='bbox 4106 1991 4269 2047; x_wconf 80' lang='grc' dir='ltr'>δικα-</span> 
     </span>
    </p>
   </div>
   <div class='ocr_carea' id='block_1_75' title="bbox 2567 2071 4263 2147">
    <p class='ocr_par' dir='ltr' id='par_1_75' title="bbox 2567 2071 4263 2147">
     <span class='ocr_line' id='line_1_75' title="bbox 2567 2071 4263 2147; baseline 0.005 -24"><span class='ocrx_word' id='word_1_626' title='bbox 2567 2072 2763 2141; x_wconf 87' lang='grc' dir='ltr'>στήρια</span> <span class='ocrx_word' id='word_1_627' title='bbox 2796 2071 3014 2143; x_wconf 80' lang='grc' dir='ltr'>ἀνέλῃς,</span> <span class='ocrx_word' id='word_1_628' title='bbox 3046 2074 3226 2125; x_wconf 76' lang='grc' dir='ltr'>πᾶσαν</span> <span class='ocrx_word' id='word_1_629' title='bbox 3251 2072 3349 2141; x_wconf 79' lang='grc' dir='ltr'>τῆς</span> <span class='ocrx_word' id='word_1_630' title='bbox 3374 2071 3519 2141; x_wconf 78' lang='grc' dir='ltr'>ζωῆς</span> <span class='ocrx_word' id='word_1_631' title='bbox 3546 2075 3703 2143; x_wconf 88' lang='grc' dir='ltr'>ήμῶν</span> <span class='ocrx_word' id='word_1_632' title='bbox 3730 2074 3937 2139; x_wconf 89' lang='grc' dir='ltr'>ἀνεῖλες</span> <span class='ocrx_word' id='word_1_633' title='bbox 3964 2075 4063 2147; x_wconf 77' lang='grc' dir='ltr'>τὴν</span> <span class='ocrx_word' id='word_1_634' title='bbox 4094 2078 4263 2131; x_wconf 76' lang='grc' dir='ltr'>εὐτα-</span> 
     </span>
    </p>
   </div>
   <div class='ocr_carea' id='block_1_76' title="bbox 2562 2158 4265 2237">
    <p class='ocr_par' dir='ltr' id='par_1_76' title="bbox 2562 2158 4265 2237">
     <span class='ocr_line' id='line_1_76' title="bbox 2562 2158 4265 2237; baseline 0.008 -29"><span class='ocrx_word' id='word_1_635' title='bbox 2562 2158 2703 2225; x_wconf 81' lang='grc' dir='ltr'>ξίαν·</span> <span class='ocrx_word' id='word_1_636' title='bbox 2740 2160 2832 2212; x_wconf 78' lang='grc' dir='ltr'>καὶ</span> <span class='ocrx_word' id='word_1_637' title='bbox 2868 2158 3058 2229; x_wconf 88' lang='grc' dir='ltr'>ῶσπερ</span> <span class='ocrx_word' id='word_1_638' title='bbox 3093 2161 3222 2228; x_wconf 78' lang='grc' dir='ltr'>νηὸς</span> <span class='ocrx_word' id='word_1_639' title='bbox 3252 2161 3342 2213; x_wconf 82' lang='grc' dir='ltr'>τὸν</span> <span class='ocrx_word' id='word_1_640' title='bbox 3389 2161 3732 2232; x_wconf 90' lang='grc' dir='ltr'>κυϐερνήτην</span> <span class='ocrx_word' id='word_1_641' title='bbox 3775 2164 3870 2216; x_wconf 76' lang='grc' dir='ltr'>ἐὰν</span> <span class='ocrx_word' id='word_1_642' title='bbox 3917 2166 4265 2237; x_wconf 80' lang='grc' dir='ltr'>ἀποστήσῃς,</span> 
     </span>
    </p>
   </div>
   <div class='ocr_carea' id='block_1_77' title="bbox 2562 2245 4266 2322">
    <p class='ocr_par' dir='ltr' id='par_1_77' title="bbox 2562 2245 4266 2322">
     <span class='ocr_line' id='line_1_77' title="bbox 2562 2245 4266 2322; baseline 0.004 -24"><span class='ocrx_word' id='word_1_643' title='bbox 2562 2245 2957 2307; x_wconf 87' lang='grc' dir='ltr'>κατεπόντισας</span> <span class='ocrx_word' id='word_1_644' title='bbox 2980 2245 3041 2297; x_wconf 85' lang='grc' dir='ltr'>τὸ</span> <span class='ocrx_word' id='word_1_645' title='bbox 3069 2246 3299 2314; x_wconf 71' lang='grc' dir='ltr'>σκάφος,</span> <span class='ocrx_word' id='word_1_646' title='bbox 3328 2248 3420 2298; x_wconf 86' lang='grc' dir='ltr'>καί</span> <span class='ocrx_word' id='word_1_647' title='bbox 3441 2246 3533 2298; x_wconf 75' lang='grc' dir='ltr'>τὸν</span> <span class='ocrx_word' id='word_1_648' title='bbox 3556 2249 3867 2318; x_wconf 81' lang='grc' dir='ltr'>στρατηγὸν</span> <span class='ocrx_word' id='word_1_649' title='bbox 3881 2250 3947 2302; x_wconf 80' lang='grc' dir='ltr'>ἀν</span> <span class='ocrx_word' id='word_1_650' title='bbox 3961 2253 4266 2322; x_wconf 66' lang='grc' dir='ltr'>ἀπαγάγῃς</span> 
     </span>
    </p>
   </div>
   <div class='ocr_carea' id='block_1_78' title="bbox 2560 2331 4266 2409">
    <p class='ocr_par' dir='ltr' id='par_1_78' title="bbox 2560 2331 4266 2409">
     <span class='ocr_line' id='line_1_78' title="bbox 2560 2331 4266 2409; baseline 0.003 -23"><span class='ocrx_word' id='word_1_651' title='bbox 2560 2333 2655 2386; x_wconf 88' lang='grc' dir='ltr'>τοῦ</span> <span class='ocrx_word' id='word_1_652' title='bbox 2696 2331 3085 2404; x_wconf 86' lang='grc' dir='ltr'>στρατοπέδου,</span> <span class='ocrx_word' id='word_1_653' title='bbox 3130 2332 3450 2401; x_wconf 85' lang='grc' dir='ltr'>δεδεμένους</span> <span class='ocrx_word' id='word_1_654' title='bbox 3481 2335 3594 2396; x_wconf 89' lang='grc' dir='ltr'>τοῖς</span> <span class='ocrx_word' id='word_1_655' title='bbox 3631 2335 3909 2404; x_wconf 86' lang='grc' dir='ltr'>πολεμίοις</span> <span class='ocrx_word' id='word_1_656' title='bbox 3938 2338 4266 2409; x_wconf 83' lang='grc' dir='ltr'>παρέδωκας</span> 
     </span>
    </p>
   </div>
   <div class='ocr_carea' id='block_1_79' title="bbox 2560 2418 4263 2492">
    <p class='ocr_par' dir='ltr' id='par_1_79' title="bbox 2560 2418 4263 2492">
     <span class='ocr_line' id='line_1_79' title="bbox 2560 2418 4263 2492; baseline 0.004 -20"><span class='ocrx_word' id='word_1_657' title='bbox 2560 2421 2688 2481; x_wconf 69' lang='grc' dir='ltr'>τοὺς</span> <span class='ocrx_word' id='word_1_658' title='bbox 2736 2418 3101 2488; x_wconf 85' lang='grc' dir='ltr'>στρατιώτας·</span> <span class='ocrx_word' id='word_1_659' title='bbox 3145 2418 3290 2471; x_wconf 71' lang='grc' dir='ltr'>οὕτω</span> <span class='ocrx_word' id='word_1_660' title='bbox 3334 2419 3443 2471; x_wconf 87' lang='grc' dir='ltr'>τῶν</span> <span class='ocrx_word' id='word_1_661' title='bbox 3477 2418 3687 2473; x_wconf 84' lang='grc' dir='ltr'>πόλεων</span> <span class='ocrx_word' id='word_1_662' title='bbox 3724 2422 3851 2484; x_wconf 76' lang='grc' dir='ltr'>τοὺς</span> <span class='ocrx_word' id='word_1_663' title='bbox 3885 2424 4150 2492; x_wconf 83' lang='grc' dir='ltr'>ἄρχοντας</span> <span class='ocrx_word' id='word_1_664' title='bbox 4191 2427 4263 2479; x_wconf 82' lang='grc' dir='ltr'>ἂν</span> 
     </span>
    </p>
   </div>
   <div class='ocr_carea' id='block_1_80' title="bbox 2562 2503 4263 2577">
    <p class='ocr_par' dir='ltr' id='par_1_80' title="bbox 2562 2503 4263 2577">
     <span class='ocr_line' id='line_1_80' title="bbox 2562 2503 4263 2577; baseline 0.003 -19"><span class='ocrx_word' id='word_1_665' title='bbox 2562 2504 2777 2575; x_wconf 82' lang='grc' dir='ltr'>ἀνέλῃς,</span> <span class='ocrx_word' id='word_1_666' title='bbox 2810 2504 3017 2574; x_wconf 85' lang='grc' dir='ltr'>θηρίων</span> <span class='ocrx_word' id='word_1_667' title='bbox 3048 2503 3257 2571; x_wconf 89' lang='grc' dir='ltr'>ἀλόγων</span> <span class='ocrx_word' id='word_1_668' title='bbox 3282 2503 3621 2575; x_wconf 82' lang='grc' dir='ltr'>ἀλογώτερον</span> <span class='ocrx_word' id='word_1_669' title='bbox 3657 2505 3966 2577; x_wconf 71' lang='grc' dir='ltr'>βιωσόμεθα</span> <span class='ocrx_word' id='word_1_670' title='bbox 3994 2508 4131 2577; x_wconf 78' lang='grc' dir='ltr'>βίον,</span> <span class='ocrx_word' id='word_1_671' title='bbox 4161 2511 4263 2563; x_wconf 85' lang='grc' dir='ltr'>δά-</span> 
     </span>
    </p>
   </div>
   <div class='ocr_carea' id='block_1_81' title="bbox 2564 2587 4262 2664">
    <p class='ocr_par' dir='ltr' id='par_1_81' title="bbox 2564 2587 4262 2664">
     <span class='ocr_line' id='line_1_81' title="bbox 2564 2587 4262 2664; baseline 0.005 -23"><span class='ocrx_word' id='word_1_672' title='bbox 2564 2605 2779 2653; x_wconf 87' lang='grc' dir='ltr'>κνοντες</span> <span class='ocrx_word' id='word_1_673' title='bbox 2833 2587 3098 2658; x_wconf 82' lang='grc' dir='ltr'>ἀλλήλους</span> <span class='ocrx_word' id='word_1_674' title='bbox 3137 2590 3233 2641; x_wconf 72' lang='grc' dir='ltr'>καὶ</span> <span class='ocrx_word' id='word_1_675' title='bbox 3271 2588 3670 2653; x_wconf 86' lang='grc' dir='ltr'>κατεσθίοντες,</span> <span class='ocrx_word' id='word_1_676' title='bbox 3710 2591 3803 2643; x_wconf 78' lang='grc' dir='ltr'>τὸν</span> <span class='ocrx_word' id='word_1_677' title='bbox 3843 2592 4169 2664; x_wconf 85' lang='grc' dir='ltr'>πενέστερον</span> <span class='ocrx_word' id='word_1_678' title='bbox 4230 2599 4262 2649; x_wconf 83' lang='grc' dir='ltr'>ό</span> 
     </span>
    </p>
   </div>
   <div class='ocr_carea' id='block_1_82' title="bbox 2566 2673 4265 2749">
    <p class='ocr_par' dir='ltr' id='par_1_82' title="bbox 2566 2673 4265 2749">
     <span class='ocr_line' id='line_1_82' title="bbox 2566 2673 4265 2749; baseline 0.004 -20"><span class='ocrx_word' id='word_1_679' title='bbox 2566 2675 2838 2739; x_wconf 90' lang='grc' dir='ltr'>πλούσιος,</span> <span class='ocrx_word' id='word_1_680' title='bbox 2876 2675 2970 2727; x_wconf 77' lang='grc' dir='ltr'>τὸν</span> <span class='ocrx_word' id='word_1_681' title='bbox 3004 2673 3398 2743; x_wconf 85' lang='grc' dir='ltr'>ἀσθενέστερον</span> <span class='ocrx_word' id='word_1_682' title='bbox 3420 2676 3449 2727; x_wconf 87' lang='lat'>6</span> <span class='ocrx_word' id='word_1_683' title='bbox 3467 2676 3856 2749; x_wconf 79' lang='grc' dir='ltr'>δυνατώτερος,</span> <span class='ocrx_word' id='word_1_684' title='bbox 3888 2680 3979 2732; x_wconf 81' lang='grc' dir='ltr'>τὸν</span> <span class='ocrx_word' id='word_1_685' title='bbox 4007 2682 4265 2735; x_wconf 81' lang='grc' dir='ltr'>ἐπιεικέ-</span> 
     </span>
    </p>
   </div>
   <div class='ocr_carea' id='block_1_83' title="bbox 2567 2761 4263 2833">
    <p class='ocr_par' dir='ltr' id='par_1_83' title="bbox 2567 2761 4263 2833">
     <span class='ocr_line' id='line_1_83' title="bbox 2567 2761 4263 2833; baseline 0.004 -17"><span class='ocrx_word' id='word_1_686' title='bbox 2567 2779 2758 2833; x_wconf 90' lang='grc' dir='ltr'>στερον</span> <span class='ocrx_word' id='word_1_687' title='bbox 2795 2765 2824 2816; x_wconf 93' lang='lat'>6</span> <span class='ocrx_word' id='word_1_688' title='bbox 2862 2761 3218 2833; x_wconf 85' lang='grc' dir='ltr'>θρασύτερος.</span> <span class='ocrx_word' id='word_1_689' title='bbox 3265 2761 3427 2816; x_wconf 78' lang='grc' dir='ltr'>Ἀλλᾶ</span> <span class='ocrx_word' id='word_1_690' title='bbox 3458 2762 3553 2815; x_wconf 90' lang='grc' dir='ltr'>νῦν</span> <span class='ocrx_word' id='word_1_691' title='bbox 3584 2763 3787 2816; x_wconf 86' lang='grc' dir='ltr'>τούτων</span> <span class='ocrx_word' id='word_1_692' title='bbox 3826 2766 3982 2818; x_wconf 73' lang='grc' dir='ltr'>οὐδέν</span> <span class='ocrx_word' id='word_1_693' title='bbox 4016 2768 4134 2821; x_wconf 85' lang='grc' dir='ltr'>ἐστι</span> <span class='ocrx_word' id='word_1_694' title='bbox 4168 2769 4263 2822; x_wconf 63' lang='grc' dir='ltr'>διὰ</span> 
     </span>
    </p>
   </div>
   <div class='ocr_carea' id='block_1_84' title="bbox 2562 2847 4254 2923">
    <p class='ocr_par' dir='ltr' id='par_1_84' title="bbox 2562 2847 4254 2923">
     <span class='ocr_line' id='line_1_84' title="bbox 2562 2847 4254 2923; baseline 0.002 -19"><span class='ocrx_word' id='word_1_695' title='bbox 2562 2852 2664 2923; x_wconf 81' lang='grc' dir='ltr'>τὴν</span> <span class='ocrx_word' id='word_1_696' title='bbox 2687 2849 2847 2920; x_wconf 86' lang='grc' dir='ltr'>χάριν</span> <span class='ocrx_word' id='word_1_697' title='bbox 2874 2849 2969 2903; x_wconf 87' lang='grc' dir='ltr'>τοῦ</span> <span class='ocrx_word' id='word_1_698' title='bbox 2992 2847 3150 2901; x_wconf 90' lang='grc' dir='ltr'>Θεοῦ·</span> <span class='ocrx_word' id='word_1_699' title='bbox 3177 2850 3228 2901; x_wconf 90' lang='grc' dir='ltr'>οἰ</span> <span class='ocrx_word' id='word_1_700' title='bbox 3254 2850 3352 2919; x_wconf 85' lang='grc' dir='ltr'>μὲν</span> <span class='ocrx_word' id='word_1_701' title='bbox 3372 2849 3481 2921; x_wconf 71' lang='grc' dir='ltr'>γὰρ</span> <span class='ocrx_word' id='word_1_702' title='bbox 3510 2849 3764 2921; x_wconf 70' lang='grc' dir='ltr'>εὐλαϐείᾳ.</span> <span class='ocrx_word' id='word_1_703' title='bbox 3795 2852 4067 2918; x_wconf 78' lang='grc' dir='ltr'>συζῶντες</span> <span class='ocrx_word' id='word_1_704' title='bbox 4091 2856 4254 2910; x_wconf 82' lang='grc' dir='ltr'>οὐδὲν</span> 
     </span>
    </p>
   </div>
   <div class='ocr_carea' id='block_1_85' title="bbox 2562 2936 4260 3011">
    <p class='ocr_par' dir='ltr' id='par_1_85' title="bbox 2562 2936 4260 3011">
     <span class='ocr_line' id='line_1_85' title="bbox 2562 2936 4260 3011; baseline 0.005 -20"><span class='ocrx_word' id='word_1_705' title='bbox 2562 2938 2773 2991; x_wconf 86' lang='grc' dir='ltr'>δέονται</span> <span class='ocrx_word' id='word_1_706' title='bbox 2797 2937 2898 3006; x_wconf 80' lang='grc' dir='ltr'>τῆς</span> <span class='ocrx_word' id='word_1_707' title='bbox 2922 2936 3127 2989; x_wconf 87' lang='grc' dir='ltr'>τούτων</span> <span class='ocrx_word' id='word_1_708' title='bbox 3150 2936 3550 3006; x_wconf 83' lang='grc' dir='ltr'>παιδαγωγίας·</span> <span class='ocrx_word' id='word_1_709' title='bbox 3580 2940 3793 3003; x_wconf 82' lang='grc' dir='ltr'>Δικαίῳ</span> <span class='ocrx_word' id='word_1_710' title='bbox 3824 2941 3935 3007; x_wconf 77' lang='grc' dir='ltr'>γὰρ</span> <span class='ocrx_word' id='word_1_711' title='bbox 3965 2943 4153 3011; x_wconf 79' lang='grc' dir='ltr'>νόμος</span> <span class='ocrx_word' id='word_1_712' title='bbox 4181 2947 4260 2999; x_wconf 86' lang='grc' dir='ltr'>οὐ</span> 
     </span>
    </p>
   </div>
   <div class='ocr_carea' id='block_1_86' title="bbox 2565 3021 4247 3093">
    <p class='ocr_par' dir='ltr' id='par_1_86' title="bbox 2565 3021 4247 3093">
     <span class='ocr_line' id='line_1_86' title="bbox 2565 3021 4247 3093; baseline 0.004 -18"><span class='ocrx_word' id='word_1_713' title='bbox 2565 3023 2773 3087; x_wconf 79' lang='grc' dir='ltr'>κεῖται,</span> <span class='ocrx_word' id='word_1_714' title='bbox 2803 3022 2988 3091; x_wconf 88' lang='grc' dir='ltr'>φησίν.</span> <span class='ocrx_word' id='word_1_715' title='bbox 3016 3023 3081 3075; x_wconf 77' lang='lat' dir='ltr'><strong><em>Ol</em></strong></span> <span class='ocrx_word' id='word_1_716' title='bbox 3117 3022 3176 3074; x_wconf 76' lang='grc' dir='ltr'>δὲ</span> <span class='ocrx_word' id='word_1_717' title='bbox 3211 3021 3399 3075; x_wconf 70' lang='grc' dir='ltr'>πολλοὶ</span> <span class='ocrx_word' id='word_1_718' title='bbox 3432 3023 3570 3093; x_wconf 80' lang='grc' dir='ltr'>πρὸς</span> <span class='ocrx_word' id='word_1_719' title='bbox 3601 3024 3801 3077; x_wconf 88' lang='grc' dir='ltr'>κακίαν</span> <span class='ocrx_word' id='word_1_720' title='bbox 3843 3022 4152 3093; x_wconf 85' lang='grc' dir='ltr'>βλέποντες,</span> <span class='ocrx_word' id='word_1_721' title='bbox 4193 3032 4247 3082; x_wconf 87' lang='grc' dir='ltr'>εἰ</span> 
     </span>
    </p>
   </div>
   <div class='ocr_carea' id='block_1_87' title="bbox 2570 3104 4259 3185">
    <p class='ocr_par' dir='ltr' id='par_1_87' title="bbox 2570 3104 4259 3185">
     <span class='ocr_line' id='line_1_87' title="bbox 2570 3104 4259 3185; baseline 0.003 -23"><span class='ocrx_word' id='word_1_722' title='bbox 2570 3108 2645 3180; x_wconf 81' lang='grc' dir='ltr'>μὴ</span> <span class='ocrx_word' id='word_1_723' title='bbox 2673 3109 2766 3162; x_wconf 79' lang='grc' dir='ltr'>τὸν</span> <span class='ocrx_word' id='word_1_724' title='bbox 2797 3110 2907 3162; x_wconf 77' lang='grc' dir='ltr'>ἀπὸ</span> <span class='ocrx_word' id='word_1_725' title='bbox 2930 3107 3139 3162; x_wconf 87' lang='grc' dir='ltr'>τούτων</span> <span class='ocrx_word' id='word_1_726' title='bbox 3168 3107 3333 3176; x_wconf 88' lang='grc' dir='ltr'>φόϐον</span> <span class='ocrx_word' id='word_1_727' title='bbox 3360 3104 3505 3177; x_wconf 71' lang='grc' dir='ltr'>εἶχον</span> <span class='ocrx_word' id='word_1_728' title='bbox 3535 3109 3717 3171; x_wconf 70' lang='grc' dir='ltr'>αὐτοῖς</span> <span class='ocrx_word' id='word_1_729' title='bbox 3748 3111 4119 3181; x_wconf 88' lang='grc' dir='ltr'>ἐπικείμενον,</span> <span class='ocrx_word' id='word_1_730' title='bbox 4154 3134 4259 3185; x_wconf 87' lang='grc' dir='ltr'>μυ-</span> 
     </span>
    </p>
   </div>
   <div class='ocr_carea' id='block_1_88' title="bbox 2569 3193 4258 3269">
    <p class='ocr_par' dir='ltr' id='par_1_88' title="bbox 2569 3193 4258 3269">
     <span class='ocr_line' id='line_1_88' title="bbox 2569 3193 4258 3269; baseline 0.005 -21"><span class='ocrx_word' id='word_1_731' title='bbox 2569 3196 2700 3267; x_wconf 90' lang='grc' dir='ltr'>ρίων</span> <span class='ocrx_word' id='word_1_732' title='bbox 2730 3193 2797 3248; x_wconf 80' lang='grc' dir='ltr'>ἂν</span> <span class='ocrx_word' id='word_1_733' title='bbox 2836 3194 3024 3247; x_wconf 88' lang='grc' dir='ltr'>κακῶν</span> <span class='ocrx_word' id='word_1_734' title='bbox 3063 3194 3164 3257; x_wconf 83' lang='grc' dir='ltr'>τάς</span> <span class='ocrx_word' id='word_1_735' title='bbox 3201 3194 3388 3258; x_wconf 89' lang='grc' dir='ltr'>πόλεις</span> <span class='ocrx_word' id='word_1_736' title='bbox 3428 3196 3752 3265; x_wconf 86' lang='grc' dir='ltr'>ἐνέπλησαν,</span> <span class='ocrx_word' id='word_1_737' title='bbox 3798 3196 3944 3269; x_wconf 76' lang='grc' dir='ltr'>ἅπερ</span> <span class='ocrx_word' id='word_1_738' title='bbox 3974 3194 4070 3252; x_wconf 78' lang='grc' dir='ltr'>οὖν</span> <span class='ocrx_word' id='word_1_739' title='bbox 4106 3204 4258 3257; x_wconf 83' lang='grc' dir='ltr'>καὶὸ</span> 
     </span>
    </p>
   </div>
   <div class='ocr_carea' id='block_1_89' title="bbox 2566 3279 4255 3357">
    <p class='ocr_par' dir='ltr' id='par_1_89' title="bbox 2566 3279 4255 3357">
     <span class='ocr_line' id='line_1_89' title="bbox 2566 3279 4255 3357; baseline 0.002 -22"><span class='ocrx_word' id='word_1_740' title='bbox 2566 3280 2779 3345; x_wconf 87' lang='grc' dir='ltr'>Παῦλος</span> <span class='ocrx_word' id='word_1_741' title='bbox 2820 3279 3049 3333; x_wconf 87' lang='grc' dir='ltr'>συνιδὼν</span> <span class='ocrx_word' id='word_1_742' title='bbox 3079 3279 3285 3349; x_wconf 75' lang='grc' dir='ltr'>ἔλεγεν·</span> <span class='ocrx_word' id='word_1_743' title='bbox 3331 3282 3413 3335; x_wconf 84' lang='grc' dir='ltr'>Οὐ</span> <span class='ocrx_word' id='word_1_744' title='bbox 3462 3280 3573 3351; x_wconf 80' lang='grc' dir='ltr'>γάρ</span> <span class='ocrx_word' id='word_1_745' title='bbox 3602 3282 3775 3335; x_wconf 86' lang='grc' dir='ltr'>ἐστιν</span> <span class='ocrx_word' id='word_1_746' title='bbox 3798 3282 4052 3346; x_wconf 74' lang='grc' dir='ltr'>ἐξουσία</span> <span class='ocrx_word' id='word_1_747' title='bbox 4084 3290 4137 3339; x_wconf 83' lang='grc' dir='ltr'>εί</span> <span class='ocrx_word' id='word_1_748' title='bbox 4165 3290 4255 3357; x_wconf 81' lang='grc' dir='ltr'>μὴ</span> 
     </span>
    </p>
   </div>
   <div class='ocr_carea' id='block_1_90' title="bbox 2565 3365 4257 3433">
    <p class='ocr_par' dir='ltr' id='par_1_90' title="bbox 2565 3365 4257 3433">
     <span class='ocr_line' id='line_1_90' title="bbox 2565 3365 4257 3433; baseline 0.004 -10"><span class='ocrx_word' id='word_1_749' title='bbox 2565 3367 2687 3423; x_wconf 84' lang='grc' dir='ltr'>ὑπὸ</span> <span class='ocrx_word' id='word_1_750' title='bbox 2723 3368 2896 3430; x_wconf 86' lang='grc' dir='ltr'>Θεοῦ,</span> <span class='ocrx_word' id='word_1_751' title='bbox 2939 3369 3038 3422; x_wconf 84' lang='grc' dir='ltr'>καί</span> <span class='ocrx_word' id='word_1_752' title='bbox 3070 3372 3129 3422; x_wconf 79' lang='grc' dir='ltr'>αὶ</span> <span class='ocrx_word' id='word_1_753' title='bbox 3160 3365 3341 3424; x_wconf 87' lang='grc' dir='ltr'>οὖσαι</span> <span class='ocrx_word' id='word_1_754' title='bbox 3366 3370 3641 3433; x_wconf 78' lang='grc' dir='ltr'>ἐξουσίαι</span> <span class='ocrx_word' id='word_1_755' title='bbox 3694 3372 3814 3425; x_wconf 81' lang='grc' dir='ltr'>ὑπὸ</span> <span class='ocrx_word' id='word_1_756' title='bbox 3843 3372 3949 3426; x_wconf 83' lang='grc' dir='ltr'>τοῦ</span> <span class='ocrx_word' id='word_1_757' title='bbox 3983 3374 4131 3428; x_wconf 88' lang='grc' dir='ltr'>Θεοῦ</span> <span class='ocrx_word' id='word_1_758' title='bbox 4162 3393 4257 3430; x_wconf 78' lang='grc' dir='ltr'>τε-</span> 
     </span>
    </p>
   </div>
   <div class='ocr_carea' id='block_1_91' title="bbox 2568 3453 4255 3525">
    <p class='ocr_par' dir='ltr' id='par_1_91' title="bbox 2568 3453 4255 3525">
     <span class='ocr_line' id='line_1_91' title="bbox 2568 3453 4255 3525; baseline 0.005 -19"><span class='ocrx_word' id='word_1_759' title='bbox 2568 3453 2852 3522; x_wconf 79' lang='grc' dir='ltr'>ταγμέναι</span> <span class='ocrx_word' id='word_1_760' title='bbox 2892 3455 3071 3507; x_wconf 76' lang='grc' dir='ltr'>εἰσίν.</span> <span class='ocrx_word' id='word_1_761' title='bbox 3121 3454 3299 3524; x_wconf 88' lang='grc' dir='ltr'>Ὅπερ</span> <span class='ocrx_word' id='word_1_762' title='bbox 3336 3456 3445 3525; x_wconf 87' lang='grc' dir='ltr'>γάρ</span> <span class='ocrx_word' id='word_1_763' title='bbox 3480 3460 3618 3508; x_wconf 78' lang='grc' dir='ltr'>εἰσιν</span> <span class='ocrx_word' id='word_1_764' title='bbox 3662 3458 3722 3508; x_wconf 86' lang='grc' dir='ltr'>ἐν</span> <span class='ocrx_word' id='word_1_765' title='bbox 3754 3460 3875 3519; x_wconf 90' lang='grc' dir='ltr'>ταῖς</span> <span class='ocrx_word' id='word_1_766' title='bbox 3905 3458 4109 3523; x_wconf 80' lang='grc' dir='ltr'>οἰκίαις</span> <span class='ocrx_word' id='word_1_767' title='bbox 4144 3461 4255 3514; x_wconf 89' lang='grc' dir='ltr'>τῶν</span> 
     </span>
    </p>
   </div>
   <div class='ocr_carea' id='block_1_92' title="bbox 2570 3539 4253 3613">
    <p class='ocr_par' dir='ltr' id='par_1_92' title="bbox 2570 3539 4253 3613">
     <span class='ocr_line' id='line_1_92' title="bbox 2570 3539 4253 3613; baseline 0.005 -22"><span class='ocrx_word' id='word_1_768' title='bbox 2570 3539 2741 3602; x_wconf 77' lang='grc' dir='ltr'>ξύλων</span> <span class='ocrx_word' id='word_1_769' title='bbox 2764 3542 2820 3593; x_wconf 73' lang='grc' dir='ltr'>αἱ</span> <span class='ocrx_word' id='word_1_770' title='bbox 2845 3540 3195 3610; x_wconf 83' lang='grc' dir='ltr'>ίμαντώσεις,</span> <span class='ocrx_word' id='word_1_771' title='bbox 3230 3541 3390 3594; x_wconf 89' lang='grc' dir='ltr'>τοῦτο</span> <span class='ocrx_word' id='word_1_772' title='bbox 3422 3544 3516 3595; x_wconf 74' lang='grc' dir='ltr'>καὶ</span> <span class='ocrx_word' id='word_1_773' title='bbox 3548 3544 3597 3596; x_wconf 85' lang='grc' dir='ltr'>οί</span> <span class='ocrx_word' id='word_1_774' title='bbox 3624 3544 3884 3613; x_wconf 76' lang='grc' dir='ltr'>ἄρχοντες</span> <span class='ocrx_word' id='word_1_775' title='bbox 3914 3547 3974 3597; x_wconf 81' lang='grc' dir='ltr'>ἐν</span> <span class='ocrx_word' id='word_1_776' title='bbox 4003 3550 4124 3609; x_wconf 84' lang='grc' dir='ltr'>ταῖς</span> <span class='ocrx_word' id='word_1_777' title='bbox 4149 3549 4253 3600; x_wconf 78' lang='grc' dir='ltr'>πό-</span> 
     </span>
    </p>
   </div>
   <div class='ocr_carea' id='block_1_93' title="bbox 2567 3626 4254 3701">
    <p class='ocr_par' dir='ltr' id='par_1_93' title="bbox 2567 3626 4254 3701">
     <span class='ocr_line' id='line_1_93' title="bbox 2567 3626 4254 3701; baseline 0.005 -22"><span class='ocrx_word' id='word_1_778' title='bbox 2567 3627 2734 3679; x_wconf 86' lang='grc' dir='ltr'>λεσιν·</span> <span class='ocrx_word' id='word_1_779' title='bbox 2767 3629 2860 3680; x_wconf 83' lang='grc' dir='ltr'>καὶ</span> <span class='ocrx_word' id='word_1_780' title='bbox 2899 3626 3149 3698; x_wconf 83' lang='grc' dir='ltr'>καθάπερ</span> <span class='ocrx_word' id='word_1_781' title='bbox 3179 3628 3246 3681; x_wconf 87' lang='grc' dir='ltr'>ἂν</span> <span class='ocrx_word' id='word_1_782' title='bbox 3294 3629 3509 3693; x_wconf 84' lang='grc' dir='ltr'>ἐκείνας</span> <span class='ocrx_word' id='word_1_783' title='bbox 3551 3632 3769 3701; x_wconf 84' lang='grc' dir='ltr'>ἀνέλῃς,</span> <span class='ocrx_word' id='word_1_784' title='bbox 3815 3632 4159 3697; x_wconf 84' lang='grc' dir='ltr'>διαλυθέντες</span> <span class='ocrx_word' id='word_1_785' title='bbox 4201 3637 4254 3688; x_wconf 92' lang='grc' dir='ltr'>οἰ</span> 
     </span>
    </p>
   </div>
   <div class='ocr_carea' id='block_1_94' title="bbox 2565 3714 4253 3790">
    <p class='ocr_par' dir='ltr' id='par_1_94' title="bbox 2565 3714 4253 3790">
     <span class='ocr_line' id='line_1_94' title="bbox 2565 3714 4253 3790; baseline 0.004 -24"><span class='ocrx_word' id='word_1_786' title='bbox 2565 3716 2731 3783; x_wconf 90' lang='grc' dir='ltr'>τοῖχοι</span> <span class='ocrx_word' id='word_1_787' title='bbox 2768 3714 3178 3784; x_wconf 86' lang='grc' dir='ltr'>συμπίπτουσιν</span> <span class='ocrx_word' id='word_1_788' title='bbox 3218 3716 3471 3787; x_wconf 89' lang='grc' dir='ltr'>ἀλλήλοις</span> <span class='ocrx_word' id='word_1_789' title='bbox 3513 3719 3835 3788; x_wconf 74' lang='grc' dir='ltr'>αὐτόματοι·</span> <span class='ocrx_word' id='word_1_790' title='bbox 3874 3718 4014 3771; x_wconf 81' lang='grc' dir='ltr'>οὕτω</span> <span class='ocrx_word' id='word_1_791' title='bbox 4042 3720 4139 3790; x_wconf 74' lang='grc' dir='ltr'>τῆς</span> <span class='ocrx_word' id='word_1_792' title='bbox 4172 3724 4253 3773; x_wconf 84' lang='grc' dir='ltr'>οἰ·-</span> 
     </span>
    </p>
   </div>
   <div class='ocr_carea' id='block_1_95' title="bbox 2567 3799 4255 3875">
    <p class='ocr_par' dir='ltr' id='par_1_95' title="bbox 2567 3799 4255 3875">
     <span class='ocr_line' id='line_1_95' title="bbox 2567 3799 4255 3875; baseline 0.004 -21"><span class='ocrx_word' id='word_1_793' title='bbox 2567 3801 2840 3871; x_wconf 81' lang='grc' dir='ltr'>κουμένης</span> <span class='ocrx_word' id='word_1_794' title='bbox 2884 3800 2950 3854; x_wconf 83' lang='grc' dir='ltr'>ἂν</span> <span class='ocrx_word' id='word_1_795' title='bbox 2992 3799 3200 3873; x_wconf 82' lang='grc' dir='ltr'>ἀφέλῃς</span> <span class='ocrx_word' id='word_1_796' title='bbox 3228 3804 3356 3866; x_wconf 65' lang='grc' dir='ltr'>τοὺς</span> <span class='ocrx_word' id='word_1_797' title='bbox 3387 3804 3655 3875; x_wconf 84' lang='grc' dir='ltr'>ἄρχοντας</span> <span class='ocrx_word' id='word_1_798' title='bbox 3688 3806 3782 3858; x_wconf 70' lang='grc' dir='ltr'>καὶ</span> <span class='ocrx_word' id='word_1_799' title='bbox 3819 3806 3913 3859; x_wconf 79' lang='grc' dir='ltr'>τὸν</span> <span class='ocrx_word' id='word_1_800' title='bbox 3954 3808 4018 3859; x_wconf 91' lang='grc' dir='ltr'>ἐκ</span> <span class='ocrx_word' id='word_1_801' title='bbox 4050 3809 4255 3861; x_wconf 88' lang='grc' dir='ltr'>τούτων</span> 
     </span>
    </p>
   </div>
   <div class='ocr_carea' id='block_1_96' title="bbox 2568 3885 4251 3960">
    <p class='ocr_par' dir='ltr' id='par_1_96' title="bbox 2568 3885 4251 3960">
     <span class='ocr_line' id='line_1_96' title="bbox 2568 3885 4251 3960; baseline 0.004 -23"><span class='ocrx_word' id='word_1_802' title='bbox 2568 3885 2755 3955; x_wconf 76' lang='grc' dir='ltr'>φόϐον,</span> <span class='ocrx_word' id='word_1_803' title='bbox 2791 3886 2886 3938; x_wconf 55' lang='grc' dir='ltr'>καὶ⁸</span> <span class='ocrx_word' id='word_1_804' title='bbox 2922 3885 3090 3937; x_wconf 82' lang='grc' dir='ltr'>οἰκίαι</span> <span class='ocrx_word' id='word_1_805' title='bbox 3120 3887 3214 3938; x_wconf 73' lang='grc' dir='ltr'>καὶ</span> <span class='ocrx_word' id='word_1_806' title='bbox 3247 3888 3431 3949; x_wconf 86' lang='grc' dir='ltr'>πόλεις</span> <span class='ocrx_word' id='word_1_807' title='bbox 3463 3890 3557 3941; x_wconf 79' lang='grc' dir='ltr'>καὶ</span> <span class='ocrx_word' id='word_1_808' title='bbox 3590 3889 3716 3958; x_wconf 80' lang='grc' dir='ltr'>ἐθνη</span> <span class='ocrx_word' id='word_1_809' title='bbox 3754 3891 3894 3959; x_wconf 89' lang='grc' dir='ltr'>μετά</span> <span class='ocrx_word' id='word_1_810' title='bbox 3925 3890 4127 3960; x_wconf 81' lang='grc' dir='ltr'>πολλῆς</span> <span class='ocrx_word' id='word_1_811' title='bbox 4154 3893 4251 3944; x_wconf 73' lang='grc' dir='ltr'>ἀλ-</span> 
     </span>
    </p>
   </div>
   <div class='ocr_carea' id='block_1_97' title="bbox 2567 3972 4254 4043">
    <p class='ocr_par' dir='ltr' id='par_1_97' title="bbox 2567 3972 4254 4043">
     <span class='ocr_line' id='line_1_97' title="bbox 2567 3972 4254 4043; baseline 0.005 -21"><span class='ocrx_word' id='word_1_812' title='bbox 2567 3972 2748 4043; x_wconf 87' lang='grc' dir='ltr'>λήλοις</span> <span class='ocrx_word' id='word_1_813' title='bbox 2774 3973 3188 4042; x_wconf 78' lang='grc' dir='ltr'>συμπεσοῦνται</span> <span class='ocrx_word' id='word_1_814' title='bbox 3210 3973 3312 4041; x_wconf 78' lang='grc' dir='ltr'>τῆς</span> <span class='ocrx_word' id='word_1_815' title='bbox 3344 3974 3549 4035; x_wconf 80' lang='grc' dir='ltr'>ἀδείας,</span> <span class='ocrx_word' id='word_1_816' title='bbox 3587 3974 3801 4036; x_wconf 82' lang='grc' dir='ltr'>οὐδενὸς</span> <span class='ocrx_word' id='word_1_817' title='bbox 3828 3975 3980 4037; x_wconf 78' lang='grc' dir='ltr'>ὄντος</span> <span class='ocrx_word' id='word_1_818' title='bbox 4002 3977 4096 4029; x_wconf 84' lang='grc' dir='ltr'>τοῦ</span> <span class='ocrx_word' id='word_1_819' title='bbox 4123 3995 4254 4031; x_wconf 81' lang='grc' dir='ltr'>κατ-</span> 
     </span>
    </p>
   </div>
   <div class='ocr_carea' id='block_1_98' title="bbox 2570 4058 4253 4129">
    <p class='ocr_par' dir='ltr' id='par_1_98' title="bbox 2570 4058 4253 4129">
     <span class='ocr_line' id='line_1_98' title="bbox 2570 4058 4253 4129; baseline 0.004 -19"><span class='ocrx_word' id='word_1_820' title='bbox 2570 4058 2784 4127; x_wconf 86' lang='grc' dir='ltr'>έχοντος</span> <span class='ocrx_word' id='word_1_821' title='bbox 2814 4058 2907 4110; x_wconf 71' lang='grc' dir='ltr'>καὶ</span> <span class='ocrx_word' id='word_1_822' title='bbox 2944 4058 3407 4129; x_wconf 88' lang='grc' dir='ltr'>ἀνακρουομένου,</span> <span class='ocrx_word' id='word_1_823' title='bbox 3440 4060 3533 4110; x_wconf 72' lang='grc' dir='ltr'>καὶ</span> <span class='ocrx_word' id='word_1_824' title='bbox 3561 4058 3640 4128; x_wconf 86' lang='grc' dir='ltr'>τῷ</span> <span class='ocrx_word' id='word_1_825' title='bbox 3673 4059 3821 4127; x_wconf 85' lang='grc' dir='ltr'>φόϐῳ</span> <span class='ocrx_word' id='word_1_826' title='bbox 3847 4061 3943 4129; x_wconf 78' lang='grc' dir='ltr'>τῆς</span> <span class='ocrx_word' id='word_1_827' title='bbox 3978 4063 4253 4127; x_wconf 79' lang='grc' dir='ltr'>κολάσεως</span> 
     </span>
    </p>
   </div>
   <div class='ocr_carea' id='block_1_99' title="bbox 2571 4143 3305 4213">
    <p class='ocr_par' dir='ltr' id='par_1_99' title="bbox 2571 4143 3305 4213">
     <span class='ocr_line' id='line_1_99' title="bbox 2571 4143 3305 4213; baseline -0.003 -17"><span class='ocrx_word' id='word_1_828' title='bbox 2571 4144 2961 4208; x_wconf 86' lang='grc' dir='ltr'>ἀναπείθοντος</span> <span class='ocrx_word' id='word_1_829' title='bbox 2988 4143 3305 4213; x_wconf 76' lang='grc' dir='ltr'>ἡσυχάζειν.</span> 
     </span>
    </p>
   </div>
   <div class='ocr_carea' id='block_1_100' title="bbox 2641 4230 4251 4307">
    <p class='ocr_par' dir='ltr' id='par_1_100' title="bbox 2641 4230 4251 4307">
     <span class='ocr_line' id='line_1_100' title="bbox 2641 4230 4251 4307; baseline 0.001 -23"><span class='ocrx_word' id='word_1_830' title='bbox 2641 4232 2732 4303; x_wconf 80' lang='grc' dir='ltr'><strong>Μὴ</strong></span> <span class='ocrx_word' id='word_1_831' title='bbox 2762 4232 2943 4283; x_wconf 84' lang='grc' dir='ltr'>τοίνυν</span> <span class='ocrx_word' id='word_1_832' title='bbox 2977 4230 3252 4297; x_wconf 87' lang='grc' dir='ltr'>ἀλγῶμεν,</span> <span class='ocrx_word' id='word_1_833' title='bbox 3299 4230 3594 4299; x_wconf 80' lang='grc' dir='ltr'>ἀγαπητοὶ,</span> <span class='ocrx_word' id='word_1_834' title='bbox 3636 4230 3724 4283; x_wconf 89' lang='grc' dir='ltr'>διά</span> <span class='ocrx_word' id='word_1_835' title='bbox 3752 4231 3840 4283; x_wconf 71' lang='grc' dir='ltr'>τὸν</span> <span class='ocrx_word' id='word_1_836' title='bbox 3875 4233 3982 4284; x_wconf 79' lang='grc' dir='ltr'>ἀπὸ</span> <span class='ocrx_word' id='word_1_837' title='bbox 4019 4235 4127 4285; x_wconf 84' lang='grc' dir='ltr'>τῶν</span> <span class='ocrx_word' id='word_1_838' title='bbox 4152 4238 4251 4307; x_wconf 82' lang='grc' dir='ltr'>ἀρ-</span> 
     </span>
    </p>
   </div>
   <div class='ocr_carea' id='block_1_101' title="bbox 2568 4315 4250 4395">
    <p class='ocr_par' dir='ltr' id='par_1_101' title="bbox 2568 4315 4250 4395">
     <span class='ocr_line' id='line_1_101' title="bbox 2568 4315 4250 4395; baseline 0.002 -26"><span class='ocrx_word' id='word_1_839' title='bbox 2568 4318 2772 4387; x_wconf 86' lang='grc' dir='ltr'>χόντων</span> <span class='ocrx_word' id='word_1_840' title='bbox 2804 4316 2990 4385; x_wconf 79' lang='grc' dir='ltr'>φόϐον,</span> <span class='ocrx_word' id='word_1_841' title='bbox 3022 4315 3158 4367; x_wconf 82' lang='grc' dir='ltr'>ἀλλὰ</span> <span class='ocrx_word' id='word_1_842' title='bbox 3193 4315 3287 4367; x_wconf 76' lang='grc' dir='ltr'>καὶ</span> <span class='ocrx_word' id='word_1_843' title='bbox 3317 4317 3729 4387; x_wconf 82' lang='grc' dir='ltr'>εὐχαριστῶμεν</span> <span class='ocrx_word' id='word_1_844' title='bbox 3766 4318 3845 4389; x_wconf 79' lang='grc' dir='ltr'>τῷ</span> <span class='ocrx_word' id='word_1_845' title='bbox 3879 4319 4017 4391; x_wconf 83' lang='grc' dir='ltr'>Θεῷ,</span> <span class='ocrx_word' id='word_1_846' title='bbox 4047 4323 4127 4374; x_wconf 82' lang='grc' dir='ltr'>ὅτι</span> <span class='ocrx_word' id='word_1_847' title='bbox 4154 4326 4250 4395; x_wconf 77' lang='grc' dir='ltr'>τὴν</span> 
     </span>
    </p>
   </div>
   <div class='ocr_carea' id='block_1_102' title="bbox 2569 4398 4249 4476">
    <p class='ocr_par' dir='ltr' id='par_1_102' title="bbox 2569 4398 4249 4476">
     <span class='ocr_line' id='line_1_102' title="bbox 2569 4398 4249 4476; baseline 0.002 -23"><span class='ocrx_word' id='word_1_848' title='bbox 2569 4401 2845 4471; x_wconf 78' lang='grc' dir='ltr'>ρᾳθυμίαν</span> <span class='ocrx_word' id='word_1_849' title='bbox 2876 4399 3036 4469; x_wconf 79' lang='grc' dir='ltr'>ήμῶν</span> <span class='ocrx_word' id='word_1_850' title='bbox 3082 4398 3376 4457; x_wconf 87' lang='grc' dir='ltr'>ἀνέστειλε,</span> <span class='ocrx_word' id='word_1_851' title='bbox 3431 4400 3523 4450; x_wconf 77' lang='grc' dir='ltr'>καὶ</span> <span class='ocrx_word' id='word_1_852' title='bbox 3570 4400 4023 4473; x_wconf 77' lang='grc' dir='ltr'>σπουδαιοτέρους</span> <span class='ocrx_word' id='word_1_853' title='bbox 4064 4408 4249 4476; x_wconf 83' lang='grc' dir='ltr'>είργά-</span> 
     </span>
    </p>
   </div>
   <div class='ocr_carea' id='block_1_103' title="bbox 2570 4484 4247 4561">
    <p class='ocr_par' dir='ltr' id='par_1_103' title="bbox 2570 4484 4247 4561">
     <span class='ocr_line' id='line_1_103' title="bbox 2570 4484 4247 4561; baseline 0.003 -22"><span class='ocrx_word' id='word_1_854' title='bbox 2570 4504 2717 4539; x_wconf 89' lang='grc' dir='ltr'>σατο.</span> <span class='ocrx_word' id='word_1_855' title='bbox 2738 4486 2802 4538; x_wconf 82' lang='grc' dir='ltr'>Τί</span> <span class='ocrx_word' id='word_1_856' title='bbox 2820 4485 2956 4552; x_wconf 68' lang='grc' dir='ltr'>γάρ,</span> <span class='ocrx_word' id='word_1_857' title='bbox 2982 4484 3101 4535; x_wconf 84' lang='grc' dir='ltr'>εἰπέ</span> <span class='ocrx_word' id='word_1_858' title='bbox 3129 4500 3247 4552; x_wconf 89' lang='grc' dir='ltr'>μοι,</span> <span class='ocrx_word' id='word_1_859' title='bbox 3272 4484 3460 4552; x_wconf 82' lang='grc' dir='ltr'>γέγονε</span> <span class='ocrx_word' id='word_1_860' title='bbox 3490 4485 3686 4554; x_wconf 81' lang='grc' dir='ltr'>βλάϐος</span> <span class='ocrx_word' id='word_1_861' title='bbox 3710 4488 3820 4541; x_wconf 80' lang='grc' dir='ltr'>ἀπὸ</span> <span class='ocrx_word' id='word_1_862' title='bbox 3841 4490 3939 4559; x_wconf 81' lang='grc' dir='ltr'>τῆς</span> <span class='ocrx_word' id='word_1_863' title='bbox 3974 4492 4247 4561; x_wconf 79' lang='grc' dir='ltr'>φροντίδος</span> 
     </span>
    </p>
   </div>
   <div class='ocr_carea' id='block_1_104' title="bbox 2564 4570 4248 4647">
    <p class='ocr_par' dir='ltr' id='par_1_104' title="bbox 2564 4570 4248 4647">
     <span class='ocr_line' id='line_1_104' title="bbox 2564 4570 4248 4647; baseline 0.004 -23"><span class='ocrx_word' id='word_1_864' title='bbox 2564 4572 2791 4639; x_wconf 86' lang='grc' dir='ltr'>ταύτης,</span> <span class='ocrx_word' id='word_1_865' title='bbox 2831 4572 2926 4622; x_wconf 78' lang='grc' dir='ltr'>καὶ</span> <span class='ocrx_word' id='word_1_866' title='bbox 2967 4570 3065 4637; x_wconf 84' lang='grc' dir='ltr'>τῆς</span> <span class='ocrx_word' id='word_1_867' title='bbox 3110 4570 3419 4640; x_wconf 75' lang='grc' dir='ltr'>μερίμνηςς</span> <span class='ocrx_word' id='word_1_868' title='bbox 3462 4574 3543 4625; x_wconf 84' lang='grc' dir='ltr'>ὅτι</span> <span class='ocrx_word' id='word_1_869' title='bbox 3581 4574 3898 4645; x_wconf 86' lang='grc' dir='ltr'>σεμνότεροι</span> <span class='ocrx_word' id='word_1_870' title='bbox 3944 4579 4248 4647; x_wconf 86' lang='grc' dir='ltr'>γεγόναμεν</span> 
     </span>
    </p>
   </div>
   <div class='ocr_carea' id='block_1_105' title="bbox 2569 4656 4249 4731">
    <p class='ocr_par' dir='ltr' id='par_1_105' title="bbox 2569 4656 4249 4731">
     <span class='ocr_line' id='line_1_105' title="bbox 2569 4656 4249 4731; baseline 0.005 -21"><span class='ocrx_word' id='word_1_871' title='bbox 2569 4660 2663 4710; x_wconf 73' lang='grc' dir='ltr'>καὶ</span> <span class='ocrx_word' id='word_1_872' title='bbox 2694 4657 3120 4724; x_wconf 86' lang='grc' dir='ltr'>ἐπιεικέστεροι;</span> <span class='ocrx_word' id='word_1_873' title='bbox 3145 4656 3226 4708; x_wconf 84' lang='grc' dir='ltr'>ὅτι</span> <span class='ocrx_word' id='word_1_874' title='bbox 3261 4658 3665 4729; x_wconf 85' lang='grc' dir='ltr'>σπουδαιότεροι</span> <span class='ocrx_word' id='word_1_875' title='bbox 3694 4662 3789 4713; x_wconf 78' lang='grc' dir='ltr'>καὶ</span> <span class='ocrx_word' id='word_1_876' title='bbox 3818 4664 4249 4731; x_wconf 88' lang='grc' dir='ltr'>προσεκτικώτε-</span> 
     </span>
    </p>
   </div>
   <div class='ocr_carea' id='block_1_106' title="bbox 2575 4741 4250 4817">
    <p class='ocr_par' dir='ltr' id='par_1_106' title="bbox 2575 4741 4250 4817">
     <span class='ocr_line' id='line_1_106' title="bbox 2575 4741 4250 4817; baseline 0.006 -23"><span class='ocrx_word' id='word_1_877' title='bbox 2575 4760 2683 4811; x_wconf 83' lang='grc' dir='ltr'>ροι;</span> <span class='ocrx_word' id='word_1_878' title='bbox 2725 4744 2807 4795; x_wconf 83' lang='grc' dir='ltr'>δτι</span> <span class='ocrx_word' id='word_1_879' title='bbox 2854 4741 3121 4812; x_wconf 87' lang='grc' dir='ltr'>μεθύοντα</span> <span class='ocrx_word' id='word_1_880' title='bbox 3163 4743 3257 4794; x_wconf 77' lang='grc' dir='ltr'>καὶ</span> <span class='ocrx_word' id='word_1_881' title='bbox 3288 4742 3483 4813; x_wconf 76' lang='grc' dir='ltr'>ᾄδοντα</span> <span class='ocrx_word' id='word_1_882' title='bbox 3529 4746 3764 4816; x_wconf 80' lang='grc' dir='ltr'>πορνικά</span> <span class='ocrx_word' id='word_1_883' title='bbox 3800 4746 4021 4817; x_wconf 76' lang='grc' dir='ltr'>ᾄσματα</span> <span class='ocrx_word' id='word_1_884' title='bbox 4061 4750 4250 4805; x_wconf 78' lang='grc' dir='ltr'>οὐδένα</span> 
     </span>
    </p>
   </div>
   <div class='ocr_carea' id='block_1_107' title="bbox 2575 4825 4248 4902">
    <p class='ocr_par' dir='ltr' id='par_1_107' title="bbox 2575 4825 4248 4902">
     <span class='ocr_line' id='line_1_107' title="bbox 2575 4825 4248 4902; baseline 0.007 -26"><span class='ocrx_word' id='word_1_885' title='bbox 2575 4826 2844 4895; x_wconf 84' lang='grc' dir='ltr'>βλέπομεν</span> <span class='ocrx_word' id='word_1_886' title='bbox 2869 4825 3017 4890; x_wconf 84' lang='grc' dir='ltr'>;άλλ’</span> <span class='ocrx_word' id='word_1_887' title='bbox 3046 4827 3128 4878; x_wconf 81' lang='grc' dir='ltr'>ὅτι</span> <span class='ocrx_word' id='word_1_888' title='bbox 3154 4827 3294 4881; x_wconf 76' lang='grc' dir='ltr'>λιταὶ</span> <span class='ocrx_word' id='word_1_889' title='bbox 3314 4830 3584 4900; x_wconf 86' lang='grc' dir='ltr'>διηνεκεῖς</span> <span class='ocrx_word' id='word_1_890' title='bbox 3602 4871 3616 4894; x_wconf 95' lang='grc'>,</span> <span class='ocrx_word' id='word_1_891' title='bbox 3648 4832 3743 4884; x_wconf 77' lang='grc' dir='ltr'>καὶ</span> <span class='ocrx_word' id='word_1_892' title='bbox 3770 4831 3979 4902; x_wconf 86' lang='grc' dir='ltr'>δάκρυα</span> <span class='ocrx_word' id='word_1_893' title='bbox 3998 4872 4013 4895; x_wconf 96' lang='grc'>,</span> <span class='ocrx_word' id='word_1_894' title='bbox 4039 4834 4133 4886; x_wconf 80' lang='grc' dir='ltr'>καὶ</span> <span class='ocrx_word' id='word_1_895' title='bbox 4156 4836 4248 4887; x_wconf 85' lang='grc' dir='ltr'>εύ-</span> 
     </span>
    </p>
   </div>
   <div class='ocr_carea' id='block_1_108' title="bbox 2568 4912 4247 4991">
    <p class='ocr_par' dir='ltr' id='par_1_108' title="bbox 2568 4912 4247 4991">
     <span class='ocr_line' id='line_1_108' title="bbox 2568 4912 4247 4991; baseline 0.005 -26"><span class='ocrx_word' id='word_1_896' title='bbox 2568 4912 2657 4981; x_wconf 88' lang='grc' dir='ltr'>χαί</span> <span class='ocrx_word' id='word_1_897' title='bbox 2674 4930 2689 4977; x_wconf 88' lang='grc'><strong>;</strong></span> <span class='ocrx_word' id='word_1_898' title='bbox 2713 4914 2795 4964; x_wconf 86' lang='grc' dir='ltr'>ὅτι</span> <span class='ocrx_word' id='word_1_899' title='bbox 2817 4914 2991 4980; x_wconf 89' lang='grc' dir='ltr'>γέλως</span> <span class='ocrx_word' id='word_1_900' title='bbox 3013 4914 3239 4984; x_wconf 82' lang='grc' dir='ltr'>ἄκαιρος</span> <span class='ocrx_word' id='word_1_901' title='bbox 3268 4918 3362 4969; x_wconf 78' lang='grc' dir='ltr'>καὶ</span> <span class='ocrx_word' id='word_1_902' title='bbox 3380 4918 3584 4989; x_wconf 87' lang='grc' dir='ltr'>αἰσχρά</span> <span class='ocrx_word' id='word_1_903' title='bbox 3606 4921 3828 4989; x_wconf 80' lang='grc' dir='ltr'>ῥήματα</span> <span class='ocrx_word' id='word_1_904' title='bbox 3847 4962 3861 4984; x_wconf 86' lang='grc'>,</span> <span class='ocrx_word' id='word_1_905' title='bbox 3894 4922 3987 4973; x_wconf 80' lang='grc' dir='ltr'>καὶ</span> <span class='ocrx_word' id='word_1_906' title='bbox 4006 4920 4247 4991; x_wconf 84' lang='grc' dir='ltr'>διάχυσις</span> 
     </span>
    </p>
   </div>
   <div class='ocr_carea' id='block_1_109' title="bbox 2566 4998 4248 5075">
    <p class='ocr_par' dir='ltr' id='par_1_109' title="bbox 2566 4998 4248 5075">
     <span class='ocr_line' id='line_1_109' title="bbox 2566 4998 4248 5075; baseline 0.004 -24"><span class='ocrx_word' id='word_1_907' title='bbox 2566 4998 2754 5051; x_wconf 78' lang='grc' dir='ltr'>ἅπασα</span> <span class='ocrx_word' id='word_1_908' title='bbox 2769 4998 3108 5069; x_wconf 83' lang='grc' dir='ltr'>ἀπελήλαται</span> <span class='ocrx_word' id='word_1_909' title='bbox 3124 5041 3137 5063; x_wconf 90' lang='grc'>,</span> <span class='ocrx_word' id='word_1_910' title='bbox 3155 5003 3247 5055; x_wconf 78' lang='grc' dir='ltr'>καὶ</span> <span class='ocrx_word' id='word_1_911' title='bbox 3264 5008 3500 5071; x_wconf 90' lang='grc' dir='ltr'>γυναῖκα</span> <span class='ocrx_word' id='word_1_912' title='bbox 3515 5007 3831 5074; x_wconf 76' lang='grc' dir='ltr'>εὐσχήμονα</span> <span class='ocrx_word' id='word_1_913' title='bbox 3846 5008 3939 5058; x_wconf 80' lang='grc' dir='ltr'>καί</span> <span class='ocrx_word' id='word_1_914' title='bbox 3960 5007 4248 5075; x_wconf 82' lang='grc' dir='ltr'>ἐλευθέραν</span> 
     </span>
    </p>
   </div>
   <div class='ocr_carea' id='block_1_110' title="bbox 2568 5085 4244 5160">
    <p class='ocr_par' dir='ltr' id='par_1_110' title="bbox 2568 5085 4244 5160">
     <span class='ocr_line' id='line_1_110' title="bbox 2568 5085 4244 5160; baseline 0.004 -25"><span class='ocrx_word' id='word_1_915' title='bbox 2568 5085 2599 5152; x_wconf 86' lang='grc' dir='ltr'>ή</span> <span class='ocrx_word' id='word_1_916' title='bbox 2628 5086 2781 5149; x_wconf 86' lang='grc' dir='ltr'>πόλις</span> <span class='ocrx_word' id='word_1_917' title='bbox 2814 5088 2946 5155; x_wconf 88' lang='grc' dir='ltr'>ήμῖν</span> <span class='ocrx_word' id='word_1_918' title='bbox 2985 5098 3005 5124; x_wconf 74' lang='grc' dir='ltr'>ε</span> <span class='ocrx_word' id='word_1_919' title='bbox 3046 5088 3232 5142; x_wconf 79' lang='grc' dir='ltr'>ἅπασα</span> <span class='ocrx_word' id='word_1_920' title='bbox 3271 5094 3520 5160; x_wconf 89' lang='grc' dir='ltr'>μιμεῖται</span> <span class='ocrx_word' id='word_1_921' title='bbox 3547 5092 3677 5150; x_wconf 87' lang='grc' dir='ltr'>νῦν;</span> <span class='ocrx_word' id='word_1_922' title='bbox 3717 5091 3805 5143; x_wconf 88' lang='grc' dir='ltr'>διά</span> <span class='ocrx_word' id='word_1_923' title='bbox 3838 5092 4010 5144; x_wconf 67' lang='grc' dir='ltr'>ταῦτα⁵</span> <span class='ocrx_word' id='word_1_924' title='bbox 4042 5093 4244 5156; x_wconf 89' lang='grc' dir='ltr'>ἀλγεῖς,</span> 
     </span>
    </p>
   </div>
   <div class='ocr_carea' id='block_1_111' title="bbox 2567 5174 4245 5249">
    <p class='ocr_par' dir='ltr' id='par_1_111' title="bbox 2567 5174 4245 5249">
     <span class='ocr_line' id='line_1_111' title="bbox 2567 5174 4245 5249; baseline 0.002 -25"><span class='ocrx_word' id='word_1_925' title='bbox 2567 5175 2687 5225; x_wconf 81' lang='grc' dir='ltr'>εἰπέ</span> <span class='ocrx_word' id='word_1_926' title='bbox 2714 5191 2832 5243; x_wconf 85' lang='grc' dir='ltr'>μοι;</span> <span class='ocrx_word' id='word_1_927' title='bbox 2869 5174 2969 5227; x_wconf 82' lang='grc' dir='ltr'>Διά</span> <span class='ocrx_word' id='word_1_928' title='bbox 2995 5177 3168 5232; x_wconf 82' lang='grc' dir='ltr'>ταῦτα</span> <span class='ocrx_word' id='word_1_929' title='bbox 3197 5181 3294 5249; x_wconf 84' lang='grc' dir='ltr'>μὲν</span> <span class='ocrx_word' id='word_1_930' title='bbox 3317 5176 3410 5232; x_wconf 85' lang='grc' dir='ltr'>οῦν</span> <span class='ocrx_word' id='word_1_931' title='bbox 3433 5179 3643 5248; x_wconf 86' lang='grc' dir='ltr'>χαίρειν</span> <span class='ocrx_word' id='word_1_932' title='bbox 3675 5178 3884 5229; x_wconf 87' lang='grc' dir='ltr'>δίκαιον</span> <span class='ocrx_word' id='word_1_933' title='bbox 3914 5180 4007 5229; x_wconf 75' lang='grc' dir='ltr'>καὶ</span> <span class='ocrx_word' id='word_1_934' title='bbox 4031 5178 4245 5246; x_wconf 82' lang='grc' dir='ltr'>εὐχαρι-</span> 
     </span>
    </p>
   </div>
   <div class='ocr_carea' id='block_1_112' title="bbox 2570 5250 4245 5333">
    <p class='ocr_par' dir='ltr' id='par_1_112' title="bbox 2570 5250 4245 5333">
     <span class='ocr_line' id='line_1_112' title="bbox 2570 5250 4245 5333; baseline 0.003 -20"><span class='ocrx_word' id='word_1_935' title='bbox 2570 5264 2714 5313; x_wconf 86' lang='grc' dir='ltr'>στεῖν</span> <span class='ocrx_word' id='word_1_936' title='bbox 2755 5261 2832 5331; x_wconf 82' lang='grc' dir='ltr'>τῷ</span> <span class='ocrx_word' id='word_1_937' title='bbox 2873 5262 3011 5332; x_wconf 83' lang='grc' dir='ltr'>Θεῷ,</span> <span class='ocrx_word' id='word_1_938' title='bbox 3054 5267 3138 5319; x_wconf 84' lang='grc' dir='ltr'>ὅτι</span> <span class='ocrx_word' id='word_1_939' title='bbox 3180 5250 3452 5333; x_wconf 81' lang='grc' dir='ltr'>τοσαύτην</span> <span class='ocrx_word' id='word_1_940' title='bbox 3490 5264 3747 5333; x_wconf 74' lang='grc' dir='ltr'>βλακείαν</span> <span class='ocrx_word' id='word_1_941' title='bbox 3784 5263 3981 5331; x_wconf 84' lang='grc' dir='ltr'>ὀλίγων</span> <span class='ocrx_word' id='word_1_942' title='bbox 4029 5264 4245 5333; x_wconf 77' lang='grc' dir='ltr'>ἡμερῶν</span> 
     </span>
    </p>
   </div>
   <div class='ocr_carea' id='block_1_113' title="bbox 2568 5346 4243 5422">
    <p class='ocr_par' dir='ltr' id='par_1_113' title="bbox 2568 5346 4243 5422">
     <span class='ocr_line' id='line_1_113' title="bbox 2568 5346 4243 5422; baseline 0.004 -23"><span class='ocrx_word' id='word_1_943' title='bbox 2568 5346 2717 5416; x_wconf 85' lang='grc' dir='ltr'>φόϐῳ</span> <span class='ocrx_word' id='word_1_944' title='bbox 2745 5347 2771 5387; x_wconf 63' lang='grc'>«³</span> <span class='ocrx_word' id='word_1_945' title='bbox 2809 5350 3095 5406; x_wconf 85' lang='grc' dir='ltr'>κατέλυσε.</span> <span class='ocrx_word' id='word_1_946' title='bbox 3132 5353 3264 5413; x_wconf 75' lang='grc' dir='ltr'>Ναὶ,</span> <span class='ocrx_word' id='word_1_947' title='bbox 3306 5352 3492 5421; x_wconf 75' lang='grc' dir='ltr'>φησὶν,</span> <span class='ocrx_word' id='word_1_948' title='bbox 3526 5346 3641 5403; x_wconf 80' lang='grc' dir='ltr'>αλλ’</span> <span class='ocrx_word' id='word_1_949' title='bbox 3670 5352 3719 5402; x_wconf 88' lang='grc' dir='ltr'>εἰ</span> <span class='ocrx_word' id='word_1_950' title='bbox 3752 5350 3851 5419; x_wconf 79' lang='grc' dir='ltr'>μὲν</span> <span class='ocrx_word' id='word_1_951' title='bbox 3887 5351 4048 5422; x_wconf 91' lang='grc' dir='ltr'>μέχρι</span> <span class='ocrx_word' id='word_1_952' title='bbox 4082 5352 4243 5419; x_wconf 85' lang='grc' dir='ltr'>φόϐου</span> 
     </span>
    </p>
   </div>
   <div class='ocr_carea' id='block_1_114' title="bbox 2572 5436 4242 5510">
    <p class='ocr_par' dir='ltr' id='par_1_114' title="bbox 2572 5436 4242 5510">
     <span class='ocr_line' id='line_1_114' title="bbox 2572 5436 4242 5510; baseline 0.003 -23"><span class='ocrx_word' id='word_1_953' title='bbox 2572 5436 2729 5503; x_wconf 89' lang='grc' dir='ltr'>μόνον</span> <span class='ocrx_word' id='word_1_954' title='bbox 2753 5437 3165 5510; x_wconf 83' lang='grc' dir='ltr'>ἐκινδυνεύομεν</span> <span class='ocrx_word' id='word_1_955' title='bbox 3188 5482 3202 5501; x_wconf 85' lang='grc'>,</span> <span class='ocrx_word' id='word_1_956' title='bbox 3229 5438 3418 5506; x_wconf 77' lang='grc' dir='ltr'>ἱκανὴν</span> <span class='ocrx_word' id='word_1_957' title='bbox 3438 5437 3503 5489; x_wconf 76' lang='grc' dir='ltr'>ἂν</span> <span class='ocrx_word' id='word_1_958' title='bbox 3524 5438 3970 5508; x_wconf 84' lang='grc' dir='ltr'>ἐκαρπωσάμεθα</span> <span class='ocrx_word' id='word_1_959' title='bbox 3986 5439 4084 5508; x_wconf 76' lang='grc' dir='ltr'>τὴν</span> <span class='ocrx_word' id='word_1_960' title='bbox 4105 5440 4242 5506; x_wconf 77' lang='grc' dir='ltr'>ὠφὲ-</span> 
     </span>
    </p>
   </div>
   <div class='ocr_carea' id='block_1_115' title="bbox 2568 5523 4244 5599">
    <p class='ocr_par' dir='ltr' id='par_1_115' title="bbox 2568 5523 4244 5599">
     <span class='ocr_line' id='line_1_115' title="bbox 2568 5523 4244 5599; baseline 0.002 -24"><span class='ocrx_word' id='word_1_961' title='bbox 2568 5523 2732 5577; x_wconf 87' lang='grc' dir='ltr'>λειαν·</span> <span class='ocrx_word' id='word_1_962' title='bbox 2766 5530 2883 5580; x_wconf 75' lang='grc' dir='ltr'>νυνὶ</span> <span class='ocrx_word' id='word_1_963' title='bbox 2907 5528 2964 5581; x_wconf 84' lang='grc' dir='ltr'>δὲ</span> <span class='ocrx_word' id='word_1_964' title='bbox 2992 5528 3307 5594; x_wconf 85' lang='grc' dir='ltr'>δεδοίκαμεν</span> <span class='ocrx_word' id='word_1_965' title='bbox 3339 5524 3414 5593; x_wconf 82' lang='grc' dir='ltr'>μὴ</span> <span class='ocrx_word' id='word_1_966' title='bbox 3449 5526 3757 5595; x_wconf 84' lang='grc' dir='ltr'>περαιτέρω</span> <span class='ocrx_word' id='word_1_967' title='bbox 3790 5526 4028 5599; x_wconf 81' lang='grc' dir='ltr'>προέλθῃ</span> <span class='ocrx_word' id='word_1_968' title='bbox 4061 5527 4123 5578; x_wconf 78' lang='grc' dir='ltr'>τὸ</span> <span class='ocrx_word' id='word_1_969' title='bbox 4148 5527 4244 5581; x_wconf 81' lang='grc' dir='ltr'>δει-</span> 
     </span>
    </p>
   </div>
   <div class='ocr_carea' id='block_1_116' title="bbox 2568 5609 4240 5686">
    <p class='ocr_par' dir='ltr' id='par_1_116' title="bbox 2568 5609 4240 5686">
     <span class='ocr_line' id='line_1_116' title="bbox 2568 5609 4240 5686; baseline 0.002 -22"><span class='ocrx_word' id='word_1_970' title='bbox 2568 5610 2676 5673; x_wconf 82' lang='grc' dir='ltr'>νὸν,</span> <span class='ocrx_word' id='word_1_971' title='bbox 2699 5615 2793 5668; x_wconf 78' lang='grc' dir='ltr'>καὶ</span> <span class='ocrx_word' id='word_1_972' title='bbox 2814 5616 3064 5686; x_wconf 71' lang='grc' dir='ltr'>περὶτῶν</span> <span class='ocrx_word' id='word_1_973' title='bbox 3085 5612 3327 5681; x_wconf 86' lang='grc' dir='ltr'>ἐσχάτων</span> <span class='ocrx_word' id='word_1_974' title='bbox 3351 5609 3785 5683; x_wconf 88' lang='grc' dir='ltr'>κινδυνεύσωμεν</span> <span class='ocrx_word' id='word_1_975' title='bbox 3810 5614 4065 5675; x_wconf 74' lang='grc' dir='ltr'>ἅπαντες.</span> <span class='ocrx_word' id='word_1_976' title='bbox 4089 5614 4240 5668; x_wconf 74' lang='grc' dir='ltr'>’Δλλά</span> 
     </span>
    </p>
   </div>
   <div class='ocr_carea' id='block_1_117' title="bbox 2570 5697 4239 5771">
    <p class='ocr_par' dir='ltr' id='par_1_117' title="bbox 2570 5697 4239 5771">
     <span class='ocr_line' id='line_1_117' title="bbox 2570 5697 4239 5771; baseline -0.001 -17"><span class='ocrx_word' id='word_1_977' title='bbox 2570 5700 2644 5769; x_wconf 82' lang='grc' dir='ltr'>μὴ</span> <span class='ocrx_word' id='word_1_978' title='bbox 2689 5700 2931 5771; x_wconf 81' lang='grc' dir='ltr'>δείσητε,</span> <span class='ocrx_word' id='word_1_979' title='bbox 2983 5699 3194 5759; x_wconf 86' lang='grc' dir='ltr'>Παῦλος</span> <span class='ocrx_word' id='word_1_980' title='bbox 3245 5697 3388 5766; x_wconf 76' lang='grc' dir='ltr'>ὑμᾶς</span> <span class='ocrx_word' id='word_1_981' title='bbox 3442 5702 3842 5770; x_wconf 85' lang='grc' dir='ltr'>παραμυθεῖται</span> <span class='ocrx_word' id='word_1_982' title='bbox 3896 5700 4069 5767; x_wconf 87' lang='grc' dir='ltr'>λέγων</span> <span class='ocrx_word' id='word_1_983' title='bbox 4100 5740 4115 5758; x_wconf 85' lang='grc'><strong>.</strong></span> <span class='ocrx_word' id='word_1_984' title='bbox 4161 5702 4239 5753; x_wconf 85' lang='grc' dir='ltr'>ὅτι</span> 
     </span>
    </p>
   </div>
   <div class='ocr_carea' id='block_1_118' title="bbox 2566 5784 4239 5857">
    <p class='ocr_par' dir='ltr' id='par_1_118' title="bbox 2566 5784 4239 5857">
     <span class='ocr_line' id='line_1_118' title="bbox 2566 5784 4239 5857; baseline 0 -19"><span class='ocrx_word' id='word_1_985' title='bbox 2566 5788 2788 5853; x_wconf 87' lang='grc' dir='ltr'>Πιστὸς</span> <span class='ocrx_word' id='word_1_986' title='bbox 2816 5792 2849 5841; x_wconf 85' lang='grc' dir='ltr'>ό</span> <span class='ocrx_word' id='word_1_987' title='bbox 2873 5787 3035 5850; x_wconf 77' lang='grc' dir='ltr'>Θεὸς,</span> <span class='ocrx_word' id='word_1_988' title='bbox 3069 5784 3136 5849; x_wconf 84' lang='grc' dir='ltr'>ὃς</span> <span class='ocrx_word' id='word_1_989' title='bbox 3165 5785 3275 5836; x_wconf 85' lang='grc' dir='ltr'>οὐκ</span> <span class='ocrx_word' id='word_1_990' title='bbox 3300 5784 3467 5839; x_wconf 82' lang='grc' dir='ltr'>ἐάσει</span> <span class='ocrx_word' id='word_1_991' title='bbox 3494 5786 3646 5857; x_wconf 82' lang='grc' dir='ltr'>ὑμᾶς</span> <span class='ocrx_word' id='word_1_992' title='bbox 3675 5787 4067 5857; x_wconf 80' lang='grc' dir='ltr'>πειρασθῆναι</span> <span class='ocrx_word' id='word_1_993' title='bbox 4094 5788 4239 5857; x_wconf 70' lang='grc' dir='ltr'>ὑπὲρ</span> 
     </span>
    </p>
   </div>
   <div class='ocr_carea' id='block_1_119' title="bbox 2568 5870 4233 5949">
    <p class='ocr_par' dir='ltr' id='par_1_119' title="bbox 2568 5870 4233 5949">
     <span class='ocr_line' id='line_1_119' title="bbox 2568 5870 4233 5949; baseline 0.001 -22"><span class='ocrx_word' id='word_1_994' title='bbox 2568 5875 2597 5927; x_wconf 75' lang='grc' dir='ltr'><strong>ὂ</strong></span> <span class='ocrx_word' id='word_1_995' title='bbox 2629 5875 2914 5936; x_wconf 75' lang='grc' dir='ltr'>δύνασθε,</span> <span class='ocrx_word' id='word_1_996' title='bbox 2952 5870 3114 5925; x_wconf 64' lang='grc' dir='ltr'>ἀλλὰ</span> <span class='ocrx_word' id='word_1_997' title='bbox 3134 5870 3371 5938; x_wconf 78' lang='grc' dir='ltr'>ποιήσει</span> <span class='ocrx_word' id='word_1_998' title='bbox 3404 5875 3525 5930; x_wconf 77' lang='grc' dir='ltr'>σὺν</span> <span class='ocrx_word' id='word_1_999' title='bbox 3552 5876 3631 5942; x_wconf 86' lang='grc' dir='ltr'>τῷ</span> <span class='ocrx_word' id='word_1_1000' title='bbox 3658 5876 3965 5949; x_wconf 69' lang='grc' dir='ltr'>πειρασμῷ</span> <span class='ocrx_word' id='word_1_1001' title='bbox 3999 5881 4101 5936; x_wconf 80' lang='grc' dir='ltr'>καὶ</span> <span class='ocrx_word' id='word_1_1002' title='bbox 4128 5875 4233 5945; x_wconf 73' lang='grc' dir='ltr'>τὴν</span> 
     </span>
    </p>
   </div>
   <div class='ocr_carea' id='block_1_120' title="bbox 2636 5976 2963 6033">
    <p class='ocr_par' dir='ltr' id='par_1_120' title="bbox 2636 5976 2963 6033">
     <span class='ocr_line' id='line_1_120' title="bbox 2636 5976 2963 6033; baseline -0.018 -7"><span class='ocrx_word' id='word_1_1003' title='bbox 2636 5983 2657 6007; x_wconf 61' lang='grc' dir='ltr'>τ’</span> <span class='ocrx_word' id='word_1_1004' title='bbox 2689 5976 2783 6026; x_wconf 63' lang='lat' dir='ltr'>Alii</span> <span class='ocrx_word' id='word_1_1005' title='bbox 2809 5980 2963 6033; x_wconf 68' lang='grc' dir='ltr'>ἡμῶν.</span> 
     </span>
    </p>
   </div>
   <div class='ocr_carea' id='block_1_121' title="bbox 2636 6038 2974 6103">
    <p class='ocr_par' dir='ltr' id='par_1_121' title="bbox 2636 6038 2974 6103">
     <span class='ocr_line' id='line_1_121' title="bbox 2636 6038 2974 6103; baseline -0.012 -12"><span class='ocrx_word' id='word_1_1006' title='bbox 2636 6038 2660 6078; x_wconf 73' lang='grc' dir='ltr'><strong><em>ἀ</em></strong></span> <span class='ocrx_word' id='word_1_1007' title='bbox 2686 6040 2784 6091; x_wconf 72' lang='lat' dir='ltr'>Alii</span> <span class='ocrx_word' id='word_1_1008' title='bbox 2813 6040 2974 6103; x_wconf 67' lang='grc' dir='ltr'>φόϐος.</span> 
     </span>
    </p>
   </div>
  </div>
