4494 6672
417 455 478 510 8|
1392 455 1486 509 AD
1517 453 1834 512 POPULUM
1873 452 2357 517 ANTIOCHENUM
2419 457 2649 515 HOMIL.
2693 458 2778 511 Vl.
3637 464 3704 519 83

423 584 532 624 tum
565 586 628 627 ex
656 589 714 628 se
739 573 1020 644 pulchrum
1048 569 1255 624 videtur
1275 610 1291 635 ,
1320 571 1485 624 multo
1515 571 1786 641 pulchrius
1828 578 2006 626 autem

422 661 577 716 nobis
605 664 869 719 videbitur
899 670 1083 716 nostro
1105 662 1536 729 circumpositum
1563 661 1774 730 corpori
1809 676 1826 726 ;
1855 661 1931 715 sic
1952 670 2008 717 et

422 751 516 807 Dei
543 753 793 809 mandata
818 750 1036 821 pulchra
1059 751 1271 819 quidem
1294 761 1436 817 sunt,
1459 754 1619 808 etiam
1642 767 1762 805 cum
1790 751 2009 806 laudan-

415 852 543 908 tur;
583 844 750 898 multo
791 850 969 894 autem
1033 840 1334 910 pulchriora
1359 884 1374 909 ,
1420 858 1542 898 cum
1605 851 1659 896 et
1699 843 2002 912 explentur,

416 945 699 1006 apparent.
728 933 940 987 Etenim
968 947 1110 987 nunc
1150 933 1294 988 brevi
1326 934 1582 1002 temporis
1611 943 1884 988 momento
1920 935 2006 988 di-

415 1037 502 1078 eta
530 1035 714 1079 nostra
736 1022 999 1088 laudatis;
1028 1025 1071 1077 si
1096 1039 1225 1079 vero
1252 1039 1339 1079 res
1367 1024 1653 1092 impleatis,
1679 1039 1773 1092 per
1792 1039 2006 1078 omnem

419 1117 587 1182 diem,
612 1126 667 1169 et
696 1129 789 1183 per
812 1129 971 1170 omne
993 1126 1222 1184 tempus,
1251 1126 1306 1169 et
1331 1129 1430 1170 nos
1455 1126 1510 1168 et
1539 1129 1632 1168 vos
1657 1116 1799 1185 ipsos
1828 1114 2012 1168 lauda-

2111 568 2257 626 bitis.
2291 568 2399 625 Nec
2432 570 2530 625 hoc
2555 581 2934 642 estmagnum,
2961 571 3104 641 quod
3127 572 3347 628 invicem
3379 589 3475 628 nos
3503 574 3688 628 lauda-

2115 663 2291 718 bimus
2313 705 2327 729 ,
2357 662 2451 716 sed
2477 663 2618 731 quod
2647 673 2701 716 et
2733 663 2873 716 Deus
2909 678 3005 716 nos
3043 665 3298 732 suscipiet
3327 682 3339 716 :
3368 681 3464 720 nec
3496 676 3699 719 tantum

2113 755 2406 824 suscipiet,
2449 752 2545 807 sed
2575 763 2629 808 et
2671 754 2879 823 magnis
2910 755 3013 807 illis
3053 755 3481 810 remunerabitnr
3522 764 3576 810 et
3614 756 3692 809 in.

2114 846 2413 900 eﬂabilibus
2437 844 2594 898 donis
2625 862 2638 897 :
2666 861 2784 914 qua:
2815 859 2914 899 nos
2940 861 3126 901 onmcs
3165 847 3376 916 assequi
3405 841 3699 915 contingat,

2113 936 2280 1003 gratia
2309 934 2522 988 Domini
2552 935 2719 988 nostri
2745 934 2873 989 Jesu
2900 933 3135 1001 Christi,
3187 951 3282 1004 per
3315 951 3473 1006 quem
3502 945 3556 989 et
3580 952 3702 988 cum

2116 1040 2220 1092 quo
2251 1024 2392 1078 Patri
2439 1025 2609 1093 gloria
2657 1039 2760 1077 una
2806 1040 2927 1078 cum
2973 1035 3158 1079 sancto
3202 1028 3422 1095 Spiritu,
3473 1042 3613 1080 nunc
3651 1034 3705 1079 et

2119 1129 2349 1182 semper,
2377 1125 2429 1170 et
2457 1115 2509 1168 in
2539 1117 2735 1168 saecula
2759 1116 3097 1170 smculorum.
3137 1118 3326 1170 Amen.

415 1344 591 1396 οιόι)
635 1343 837 1386 υτιιιε
880 1344 990 1386 EST
1034 1342 1534 1384 MAGISTRATUUM
1578 1341 1804 1394 TIMOR,
1852 1340 1934 1382 ET
1975 1337 2300 1381 NARRATIO
2344 1338 2585 1391 EORUM,
2631 1338 2774 1390 QUE
2819 1338 2939 1379 PER
2984 1339 3140 1381 VIAM
3182 1340 3586 1384 ACCIDERUNT
3629 1337 3708 1379 IIS

500 1443 609 1494 QUI
653 1443 939 1485 NUNTIL‘M
986 1441 1339 1484 SEDITIONIS
1382 1440 1772 1482 IMPERATORI
1809 1438 2229 1479 AFFEREBANT
2278 1439 2292 1476 ε

2342 1438 2420 1477 ET
2464 1437 2632 1487 QUOD
2661 1436 2770 1488 QUI
2805 1437 3069 1479 INDIGNA
3106 1437 3381 1479 PATITUR
3437 1439 3517 1479 ET
3544 1439 3711 1480 GRA-

500 1541 639 1583 TIAS
682 1541 829 1584 AGIT
873 1539 1306 1581 PERMIT'I‘ENTI
1352 1539 1499 1593 DEO,
1547 1539 1669 1580 PAR
1709 1537 1809 1578 SIT
1854 1537 1914 1577 EI
1961 1535 2068 1588 QUI
2095 1536 2283 1579 TAI.IA
2315 1535 2602 1577 PROPTER
2629 1538 2807 1579 DEUM
2843 1538 3140 1580 PATITUR.
3186 1538 3484 1580 EXEMI’LA
3539 1539 3695 1580 RUR-

501 1640 622 1682 SUII
655 1642 691 1682 Δ
734 1639 960 1681 TRIBUS
1005 1638 1225 1680 PUERIS
1270 1639 1349 1680 ΕΤ
1392 1636 1680 1680 FORNACE
1725 1635 2117 1677 BABYLONICA
2163 1637 2179 1675 ε

2228 1635 2308 1676 ET
2353 1635 2433 1675 DE
2478 1635 2897 1678 ABSTINENTIA
2939 1639 2979 1678 Δ
3019 1637 3442 1678 JURAHENTIS.

1708 1751 2432 1792 murmurum

1067 1908 1285 1948 ιιοιιιιιΑ
1324 1910 1395 1946 VI.

501 2036 552 2088 1.
594 2032 783 2086 Multos
808 2028 1022 2098 quidem
1069 2027 1423 2096 impendimus
1455 2027 2015 2086 diescharitatemve-

423 2137 590 2179 stram
623 2120 1002 2176 consolantes:
1036 2133 1140 2171 non
1163 2128 1442 2186 propterea
1476 2129 1653 2172 tamen
1696 2119 1764 2172 ab
1793 2118 1893 2172 hac
1918 2117 2016 2170 de-

425 2214 682 2265 sistemus
705 2210 958 2271 materia;
989 2208 1082 2264 sed
1105 2207 1276 2262 donec
1304 2209 1532 2262 tristitiae
1563 2208 1754 2262 vulnus
1802 2223 2029 2262 reman--

425 2304 575 2364 serit,
623 2299 1006 2355 consolationis
1060 2299 1507 2353 medicamentum
1554 2300 1912 2368 imponemus.
1960 2299 2014 2353 Si

423 2395 572 2446 enim
601 2392 842 2460 corporis
869 2391 1089 2444 vulnera
1115 2405 1302 2444 curare
1350 2407 1454 2444 non
1497 2389 1749 2444 desinunt
1799 2389 2015 2455 ntedici,

424 2482 596 2536 donec
615 2481 874 2535 desivisse
909 2480 1150 2533 dolorem
1183 2479 1444 2533 viderint:
1498 2481 1664 2534 multo
1702 2481 1872 2548 magis
1916 2479 2017 2532 hoc

428 2572 688 2624 inanima
727 2571 841 2624 ﬁeri
871 2571 1144 2624 convenit.
1193 2569 1405 2624 Etenim
1455 2572 1648 2624 animae
1696 2571 1888 2624 vulnus
1933 2579 2017 2623 est

429 2663 664 2726 tristitia,
721 2672 778 2715 et
820 2662 989 2729 ipsam
1039 2663 1292 2714 continue
1345 2661 1554 2714 lenibus
1602 2661 1782 2714 fovere
1837 2661 2016 2715 verbis

426 2761 679 2819 Oportet:
731 2769 829 2806 nec
868 2756 1008 2806 enim
1059 2756 1128 2806 ita
1181 2754 1363 2806 carnis
1413 2763 1674 2808 tumorem
1724 2752 2014 2806 calidarum

427 2843 566 2895 solet
606 2857 860 2910 aquarum
915 2853 1100 2898 natura
1147 2845 1443 2910 remittere,
1498 2854 1554 2898 ut
1597 2846 1788 2899 animae
1826 2854 2014 2899 mstum

427 2933 818 2985 consolantium
847 2935 996 3002 copia
1025 2950 1332 2988 sermonum
1361 2934 1549 2989 sedare
1568 2936 1864 2990 consuevit.
1897 2934 2013 2988 Non

415 3021 514 3075 'hic
542 3037 675 3090 opus
717 3025 957 3091 spongia,
1009 3025 1144 3078 sicut
1197 3025 1440 3090 medicis,
1489 3025 1582 3078 sed
1640 3041 1738 3095 pro
1788 3026 2010 3094 spongia

427 3113 660 3176 linguam
692 3114 1038 3167 tractabimus
1063 3133 1076 3168 :
1106 3129 1209 3167 non
1240 3113 1328 3169 hic
1353 3130 1488 3183 opus
1519 3117 1660 3184 igne,
1697 3131 1803 3184 quo
1845 3129 2013 3183 aquas

425 3201 817 3266 calefaciamus,
844 3204 936 3256 sed
966 3219 1062 3271 pro
1115 3203 1234 3272 igne
1279 3204 1506 3272 Spiritus
1551 3206 1720 3274 gratia
1779 3215 2012 3259 utemur.

424 3297 536 3361 Age
566 3295 723 3361 igitur
749 3303 804 3347 et
845 3294 1006 3347 hodie
1033 3294 1136 3348 hoc
1170 3295 1344 3363 ipsum
1379 3294 1650 3348 faciamus.
1701 3294 1811 3348 Nisi
1865 3295 2010 3349 enim

425 3399 522 3438 nos
549 3386 964 3439 Consolationetn
987 3387 1137 3440 vobis
1183 3386 1540 3449 attulerimus,
1591 3387 1730 3440 unde
1769 3389 2006 3441 solamen

425 3477 633 3529 abunde
685 3478 960 3545 capietis?
1005 3479 1224 3533 Judices
1271 3488 1492 3543 terrent,
1544 3480 1664 3534 ideo
1705 3481 2012 3535 sacerdotes

425 3566 812 3621 consolentur:
861 3570 1203 3635 magistratus
1245 3570 1549 3632 minantur,
1602 3571 1722 3624 ideo
1773 3571 2011 3625 Ecclesia

425 3658 723 3710 conﬁrmet.
744 3658 949 3711 Etenim
976 3661 1076 3713 hoc
1098 3660 1147 3712 in
1164 3661 1402 3728 parvulis
1420 3663 1632 3724 evenit;
1659 3674 2014 3731 prmceptores

427 3756 647 3810 terrent,
675 3755 728 3800 et
759 3749 1061 3813 verberant,
1090 3759 1143 3802 et
1173 3751 1530 3819 lacrymantes
1559 3752 1626 3804 ad
1675 3764 1873 3806 matres
1920 3769 2010 3808 re-

425 3840 892 3893 ntittuntzmatres
913 3855 1039 3894 vero
1062 3842 1182 3894 sinu
1229 3842 1582 3910 suscipientes
1631 3845 1913 3898 continent
1955 3853 2012 3899 et

425 3931 952 3997 circumplectuntur,
981 3943 1035 3985 et
1065 3933 1328 4002 lacrymas
1373 3933 1714 4003 detergentes
1753 3937 2009 3989 osculan-

429 4033 535 4087 tur,
563 4030 615 4075 et
657 4021 924 4076 dolentem
955 4024 1192 4091 ipsorum
1237 4024 1472 4078 animam
1521 4026 1782 4088 relevant,
1833 4027 2011 4080 verbis

427 4115 823 4180 persuadentes,
847 4113 1014 4180 ipsius
1038 4115 1218 4166 utilem
1241 4129 1362 4168 esse
1380 4126 1767 4184 praeceptorum
1786 4126 2009 4173 metum.

500 4204 886 4273 Magistratuum
915 4205 1063 4256 timor
1088 4206 1248 4257 utilis.
1279 4235 1353 4245 —
1377 4205 1637 4270 Quoniam
1666 4209 1824 4276 igitttr
1844 4218 1897 4260 et
1918 4223 2011 4263 vos

427 4305 728 4350 terruerunt
757 4299 1111 4365 magistratus,
1160 4306 1215 4351 et
1267 4299 1457 4352 anxios
1511 4299 1876 4364 reddiderunt,
1908 4301 2012 4355 Ec-

423 4384 584 4437 clesia
614 4388 912 4439 communis
941 4387 1173 4439 omnium
1193 4397 1363 4441 mater
1375 4397 1553 4441 nostra
1571 4390 1719 4442 sinus
1736 4390 2004 4457 aperiens,

425 4485 479 4528 et
504 4479 706 4544 supinis
751 4481 1049 4549 suscipiens
1093 4481 1338 4534 manibus
1386 4482 1623 4550 quotidie
1674 4483 2001 4547 consolatur,

424 4569 606 4621 dicens
622 4571 804 4624 utilem
828 4588 947 4626 esse
972 4574 1372 4640 magistratuum
1397 4583 1619 4637 metum,
1636 4574 1818 4628 utilem
1841 4576 2003 4630 etiam

427 4659 548 4712 hinc
574 4658 860 4726 profectam
890 4663 1334 4716 consolationem.
1380 4663 1593 4716 lllornnt
1637 4665 1778 4716 enim
1827 4674 2005 4720 metus

426 4769 529 4804 non
577 4751 698 4804 sinit
722 4766 820 4805 nos
849 4762 1067 4822 torpore
1091 4755 1339 4818 dissolvi;
1372 4755 1524 4823 hujus
1545 4766 1720 4808 autem
1753 4759 2003 4810 consola-

426 4846 501 4895 tio
546 4841 642 4893 sub
673 4840 886 4894 tristitia
933 4846 1285 4900 succumbere
1326 4862 1428 4899 non
1478 4849 1768 4915 permittit:
1811 4858 1865 4901 et
1911 4866 2004 4918 per

425 4944 645 4999 utraque
674 4933 810 4984 Dens
832 4933 1056 4985 salutem
1091 4947 1328 4990 nostram
1359 4938 1610 5006 diSponit.
1634 4938 1763 4991 Nam
1809 4950 1862 4992 et
1893 4955 2007 4993 ma-

421 5027 675 5094 gistratus
710 5024 824 5090 ipse
865 5026 1113 5086 armavit,
1165 5038 1222 5080 ut
1274 5029 1612 5084 lascivientes
1657 5040 1922 5085 terreant:
1951 5043 2004 5087 et

421 5116 727 5168 sacerdotes
755 5115 865 5182 ipse
895 5113 1074 5180 elegit,
1133 5124 1188 5166 ut
1242 5117 1487 5173 dolentes
1529 5122 1913 5175 consolentur:
1949 5133 2004 5177 et

424 5205 540 5260 haec
561 5216 782 5273 utraque
813 5212 932 5273 post
952 5203 1276 5271 Scripturas,
1305 5208 1418 5276 ipsa
1441 5211 1604 5264 etiam
1633 5227 1810 5267 rerum
1835 5229 1999 5281 expe-

424 5298 612 5351 rientia
641 5297 796 5350 docet
821 5297 867 5346 ¹.
900 5295 955 5348 Si
986 5295 1126 5348 enim
1152 5310 1271 5347 cum
1299 5314 1406 5350 non
1431 5300 1683 5356 deessent
1724 5308 2003 5373 magistra-

422 5401 530 5454 tus,
561 5401 611 5443 et
641 5392 835 5445 milites
863 5391 912 5443 in
932 5390 1094 5442 armis
1115 5399 1310 5456 praesto
1326 5404 1526 5456 essent,
1552 5397 1698 5451 furor
1717 5415 2002 5467 paucorum

422 5483 696 5535 hominum
731 5484 1150 5552 prontiscuoruni
1173 5491 1225 5536 et
1253 5482 1578 5539 advenarmn
1623 5491 1766 5546 brevi
1797 5501 2004 5562 tempo-

421 5579 494 5630 ris
525 5586 797 5630 momento
828 5586 1032 5632 tantum
1052 5577 1524 5633 nobisincendium
1549 5582 1691 5648 fecit,
1721 5596 1775 5640 et
1804 5598 2001 5642 tantam

419 5664 669 5720 excitavit
693 5668 1004 5736 procellam,
1033 5677 1085 5723 et
1107 5668 1173 5723 de
1201 5669 1475 5739 naufragio
1503 5683 1727 5728 cunctos
1762 5687 2003 5733 metuere

488 5821 500 5850 ³
541 5817 726 5879 Aliquot
749 5826 856 5869 Mss.
887 5835 898 5868 :
931 5823 1236 5883 experientia
1257 5825 1446 5876 clmnut.

2122 1900 2417 1968 compulit:
2449 1898 2493 1952 si
2526 1899 2933 1966 magistratuum
2976 1909 3152 1950 metus
3196 1897 3418 1950 omnino
3468 1895 3711 1950 sublatus

2123 1989 2341 2054 luisset,
2370 1988 2435 2042 ad
2461 1988 2585 2056 quid
2613 1988 2807 2041 furoris
2837 1989 2923 2041 isti
2953 2004 3057 2040 non
3100 1988 3418 2041 venissent?
3459 2003 3637 2041 nonne
3681 2004 3711 2040 a

2126 2080 2491 2133 fundamentis
2512 2079 2652 2133 hanc
2673 2080 2830 2132 nobis
2856 2081 3041 2132 urbem
3073 2080 3420 2143 evertissent,
3453 2089 3508 2133 et
3534 2080 3712 2133 omnia

2123 2168 2533 2233 confundentes,
2570 2170 2714 2238 ipsas
2740 2169 2954 2223 demum
2981 2169 3188 2222 animas
3211 2179 3422 2222 nostras
3448 2169 3703 2224 abstulis-

2122 2259 2281 2312 sent?
2306 2257 2361 2313 Si
2384 2259 2529 2312 enim
2552 2258 2823 2327 judicialia
2849 2257 3131 2312 sustuleris
3153 2257 3456 2322 tribunalia,
3490 2273 3706 2313 omnem

2121 2350 2246 2403 vita:
2271 2358 2471 2404 nostrae
2500 2348 2743 2402 ordinem
2766 2347 3047 2400 sustuleris
3074 2363 3087 2398 :
3120 2356 3176 2401 et
3209 2348 3348 2400 sicut
3367 2348 3410 2400 si
3441 2346 3704 2416 guberna-

2123 2445 2293 2495 torem
2324 2455 2354 2493 a
2381 2440 2503 2494 navi
2536 2438 2895 2508 separaveris,
2925 2437 3177 2506 scapham
3231 2437 3609 2502 submerseris,
3658 2447 3711 2490 et

2121 2532 2164 2584 si
2193 2530 2383 2584 ducem
2406 2530 2475 2583 ab
2503 2531 2745 2584 exercitu
2774 2528 3084 2593 abduxeris,
3108 2529 3315 2581 vinctos
3341 2529 3580 2582 hostibus
3606 2537 3712 2581 tra-

2120 2622 2318 2676 dideris
2347 2622 2585 2676 milites:
2617 2622 2688 2675 ita
2715 2622 2760 2675 si
2784 2622 3127 2690 magistratus
3153 2619 3220 2674 de
3239 2605 3541 2674 civitatibus
3590 2620 3713 2674 abs-

2125 2715 2331 2780 tuleris,
2389 2713 2518 2768 feris
2560 2713 3018 2768 irrationabilibus
3068 2713 3239 2781 magis
3285 2709 3709 2766 irrationabilem

2122 2807 2376 2878 degemus
2403 2807 2584 2868 vitam,
2621 2807 2763 2860 inter
2789 2820 2886 2859 nos
2914 2805 3218 2859 mordentes
3243 2813 3300 2858 et
3324 2817 3422 2856 nos
3448 2802 3708 2857 devorano

2123 2909 2221 2964 tes,
2243 2899 2618 2967 pauperiorem
2638 2898 2808 2960 dives,
2842 2896 3196 2950 inﬁrmiorem
3226 2893 3515 2964 potentior,
3551 2909 3705 2944 man-

2118 2991 2410 3045 snetiorem
2440 2989 2719 3043 audacior.
2753 2989 2860 3044 Sed
2893 2988 3082 3042 horum
3113 2986 3250 3041 nihil
3295 3000 3438 3040 nunc
3479 2995 3562 3038 est
3605 2999 3702 3053 per

2122 3082 2213 3135 Dei
2240 3082 2503 3150 gratiam:
2535 3082 2588 3134 in
2618 3079 2881 3149 religione
2909 3079 3054 3134 enim
3100 3078 3343 3131 viventes
3396 3073 3526 3130 nihil
3571 3090 3707 3145 opus

2118 3171 2313 3226 horum
2339 3172 2538 3226 habent
2562 3172 2942 3226 correctione:
2990 3167 3141 3222 Iusto
3175 3171 3319 3224 enim
3357 3167 3440 3222 (ea:
3480 3182 3584 3219 non
3634 3174 3707 3219 est

2117 3265 2302 3332 posita,
2335 3262 2620 3332 inquit(i.
2644 3261 2780 3314 Tim.
2812 3263 2862 3315 1.
2890 3261 2967 3332 9).
3025 3257 3174 3314 Multi
3225 3272 3357 3313 vero
3403 3255 3469 3310 ad
3514 3255 3704 3309 vitium

2114 3363 2442 3423 spectantes,
2473 3353 2576 3407 nisi
2595 3355 2739 3407 hunc
2762 3352 3132 3407 imminentem
3153 3349 3403 3404 timorem
3423 3348 3703 3410 haberent,

2116 3445 2338 3499 inﬁnitis
2408 3444 2594 3514 utique
2650 3443 2806 3497 malis
2874 3443 3118 3497 civitates
3173 3441 3532 3510 implessent,
3586 3452 3705 3508 qua:

2115 3534 2313 3589 Paulus
2333 3549 2544 3603 quoque
2566 3549 2894 3602 cognoscens
2915 3533 3162 3588 dicebat:
3201 3529 3321 3584 Non
3341 3531 3476 3583 enim
3503 3539 3574 3583 est
3603 3545 3701 3598 po-

2117 3636 2288 3690 testas,
2318 3627 2412 3679 nisi
2434 3643 2465 3678 α
2487 3625 2592 3679 Deo
2614 3643 2632 3680 :
2655 3635 2700 3679 et
2729 3641 2842 3695 qua:
2864 3633 2981 3678 sunt
3010 3632 3295 3692 potestates,
3343 3637 3375 3674 a
3402 3620 3510 3673 Deo
3563 3618 3705 3672 ordi-

2117 3731 2251 3773 nata:
2273 3720 2598 3788 sunt(Rom.
2634 3721 2721 3774 15.
2753 3719 2828 3788 1).
2855 3717 3007 3783 Quod
3037 3717 3180 3771 enim
3227 3717 3282 3769 in
3329 3714 3576 3768 domibus
3628 3711 3701 3765 l'a-

2114 3813 2260 3864 ciunt
2305 3812 2570 3879 lignorum
2619 3810 3064 3879 contignationes,
3115 3807 3218 3861 hoc
3272 3806 3609 3874 magistratus
3651 3803 3706 3856 in

2113 3901 2455 3955 civitatibus:
2488 3912 2542 3955 et
2567 3903 2702 3955 sicut
2728 3902 2773 3954 si
2804 3901 2922 3954 illas
2941 3899 3242 3962 sustuleris,
3275 3896 3513 3950 dissoluti
3535 3894 3708 3964 parie-

2116 4001 2194 4045 tes
2219 4008 2312 4061 per
2331 4007 2450 4047 sese
2477 4001 2736 4046 corruunt
2764 4009 2778 4045 :
2811 3991 2882 4044 ita
2931 3990 2977 4044 si
3025 4005 3090 4042 ex
3141 3987 3339 4041 mundo
3363 3987 3707 4055 magistratus

2119 4084 2271 4138 tollas
2287 4093 2341 4138 et
2362 4083 2549 4137 horum
2579 4093 2800 4147 metum,
2830 4091 2883 4136 et
2908 4081 3098 4134 domus
3123 4089 3175 4132 et
3201 4078 3446 4133 civitates
3473 4085 3528 4130 et
3567 4091 3702 4145 gen-

2118 4184 2196 4228 tes
2217 4189 2339 4228 cum
2367 4175 2528 4228 multa
2560 4175 2698 4228 inter
2723 4187 2782 4228 se
2803 4172 3014 4226 licentia
3037 4178 3314 4233 corruent,
3351 4169 3566 4222 nemine
3586 4167 3703 4220 exi-

2116 4275 2290 4320 stente
2318 4267 2406 4336 qui
2433 4267 2707 4319 contineat
2728 4277 2782 4320 et
2811 4264 3056 4334 repellat,
3086 4273 3142 4318 et
3172 4276 3345 4332 poma:
3375 4261 3566 4316 timore
3607 4274 3702 4315 eos

2115 4356 2398 4424 quiescere
2423 4356 2760 4425 persuadeat.

2181 4444 2553 4497 zErumnarum
2580 4446 2785 4497 utilitas.
2813 4443 2962 4496 -—Ne
2988 4445 3145 4512 igitur
3164 4442 3462 4508 doleamus,
3506 4441 3703 4506 dilecti,

2111 4546 2324 4604 propter
2345 4536 2746 4604 magistratuum
2775 4542 3005 4597 metum;
3035 4548 3219 4587 verum
3258 4542 3315 4587 et
3357 4533 3467 4588 Deo
3503 4533 3703 4602 gratias

2110 4643 2329 4697 agamus
2355 4627 2493 4696 quod
2521 4637 2785 4694 torporem
2811 4636 3050 4679 nostrum
3091 4626 3446 4693 corripuerit,
3498 4636 3553 4678 et
3605 4639 3703 4679 nos

2111 4719 2473 4787 diligentiores
2525 4718 2779 4772 eﬂecerit.
2825 4717 2975 4783 Quod
3035 4718 3176 4769 enim
3208 4757 3223 4779 ,
3280 4731 3496 4785 qutrso,
3543 4717 3696 4770 dam-

2112 4825 2237 4861 num
2260 4807 2454 4861 factum
2478 4818 2558 4862 est
2587 4823 2650 4860 ex
2697 4823 2826 4861 cura
2858 4816 2912 4861 et
2963 4807 3325 4861 sollicitudine
3381 4807 3518 4860 ista?
3558 4807 3698 4876 quod

2111 4900 2441 4951 honestiores
2467 4898 2586 4951 iacti
2635 4899 2803 4951 simus
2845 4905 2898 4951 et
2934 4899 3359 4950 mansuetiores?
3389 4897 3529 4966 quod
3576 4897 3697 4950 dili-

2109 4991 2379 5059 gentiores
2409 4999 2463 5043 et
2488 4990 2848 5044 attentiores?
2873 4991 3012 5058 quod
3040 4991 3247 5045 ebrium
3295 4999 3347 5043 et
3396 4990 3696 5043 meretricia

2109 5091 2388 5136 canentem
2416 5084 2624 5138 cantica
2672 5083 2949 5138 videamus
2980 5082 3287 5137 neminem?
3316 5080 3456 5149 quod
3497 5080 3696 5149 suppli-

2109 5176 2351 5231 cationes
2378 5177 2666 5242 continure,
2698 5186 2748 5230 et
2777 5177 3026 5247 lacrymre
3053 5183 3109 5229 et
3131 5174 3355 5242 preces?
3387 5173 3526 5242 quod
3552 5175 3692 5227 risus

2111 5269 2466 5337 importunus,
2489 5278 2543 5323 et
2570 5269 2740 5336 turpia
2762 5268 2943 5333 verba,
2966 5276 3019 5320 et
3045 5266 3213 5319 omnis
3237 5265 3449 5318 lascivia
3472 5265 3692 5332 expulsa

2110 5361 2199 5423 sit,
2224 5369 2275 5412 et
2303 5361 2580 5413 mulierem
2609 5359 2904 5414 modestam
2955 5369 3006 5412 et
3036 5358 3253 5413 liberam
3281 5356 3468 5409 civitas
3512 5367 3693 5409 nostra

2112 5463 2218 5508 tota
2251 5469 2390 5508 nunc
2410 5453 2682 5507 imitetur?
2715 5462 2930 5522 propter
2952 5452 3065 5504 hare
3086 5448 3274 5502 doles?
3305 5448 3441 5515 Quin
3467 5448 3696 5517 gaudere

2114 5553 2327 5615 prOpter
2353 5545 2467 5599 haec
2491 5555 2543 5598 et
2572 5545 2680 5600 Deo
2701 5545 2898 5614 gratias
2924 5556 3081 5610 agerc
3109 5541 3276 5609 magis
3294 5551 3524 5608 oportet,
3554 5539 3692 5609 quod

2113 5645 2311 5689 tantam
2338 5637 2614 5690 mollitiem
2649 5648 2931 5704 paucorum
2962 5632 3169 5686 dierum
3196 5630 3483 5686 formidine
3519 5630 3692 5685 resol—

2110 5729 2264 5781 verit.
2295 5727 2413 5782 Non
2437 5744 2594 5798 nego,
2623 5727 2826 5798 inquit;
2859 5724 2952 5780 sed
2998 5724 3043 5778 si
3071 5724 3137 5779 ad
3165 5736 3362 5778 metum
3386 5738 3549 5793 usque
3572 5734 3690 5774 tan-

2109 5830 2217 5874 tum
2247 5821 2685 5889 periclitaremur,
2739 5819 2867 5874 satis
2895 5833 3136 5875 essemus
3162 5817 3400 5872 utilitatis
3453 5815 3636 5870 literati
3669 5831 3685 5869 ;
