4458 6690
790 459 863 516 83
1512 458 1566 517 S.
1609 459 1886 517 JOANNIS
1919 460 2397 521 CllRYSOSTOMl
2434 467 2748 527 ARCHIEP.
2790 470 3318 531 CONSTANTINOP.
3996 485 4068 542 ει

792 584 938 625 nunc
965 580 1094 623 vero
1119 565 1371 623 timemus
1400 584 1469 625 ne
1504 570 1730 625 ulterius
1750 571 1947 626 malum
1977 574 2266 644 procedat,
2321 586 2376 633 et

793 660 863 714 de
892 658 1091 714 ultionis
1117 657 1485 727 periclitemur
1507 674 1715 716 omnes.
1738 660 1843 716 Sed
1874 678 1944 718 ne
1965 665 2215 730 timeatis,
2241 666 2378 721 Pau-

796 750 881 805 lus
898 764 990 803 vos
1018 751 1328 806 consolatur
1351 750 1538 806 dicens
1562 770 1578 807 :
1612 751 1806 808 Fidelis
1827 764 1901 808 est
1941 754 2100 823 Deus,
2147 757 2235 826 qui
2278 773 2381 811 non

794 842 920 894 sinet
944 854 1031 894 vos
1054 842 1235 895 tentari
1259 843 1371 909 plus
1392 857 1545 911 quam
1568 844 1793 911 potestis,
1845 846 1935 899 aed
1979 848 2126 915 faciet
2175 857 2224 901 et
2267 863 2383 901 cum

800 931 1074 984 laudatione
1099 941 1411 1001 proventum,
1440 940 1494 984 ut
1539 934 1740 1002 possitis
1764 933 1979 1001 att/ferre
2007 936 2083 1007 (Ι.
2108 935 2225 990 Cor.
2286 936 2375 991 10.

801 1022 909 1089 l3).
941 1018 1065 1089 Ipse
1088 1020 1216 1073 enim
1240 1021 1390 1086 dixit,
1425 1020 1548 1076 Non
1569 1033 1617 1076 te
1640 1025 1912 1088 dimittant,
1931 1041 2086 1094 neque
2100 1034 2148 1079 te
2165 1026 2382 1080 derelin-

800 1125 949 1179 quam
972 1108 992 1178 (
1019 1107 1179 1161 Helr.
1214 1110 1306 1164 15.
1328 1110 1389 1172 5;
1429 1109 1584 1164 Deut.
1616 1112 1705 1168 3|.
1733 1113 1798 1175 6;
1829 1112 1945 1167 λοι.
1977 1115 2027 1168 1.
2055 1115 2131 1184 5).
2159 1115 2215 1168 Si
2241 1118 2384 1169 enim

802 1199 961 1252 rebus
992 1199 1123 1266 ipsis
1149 1200 1414 1269 castigare
1440 1201 1622 1264 vellet,
1652 1210 1707 1253 et
1732 1202 1992 1256 malorum
2016 1205 2346 1273 experientia
2369 1247 2383 1269 ,

798 1304 907 1348 non
933 1297 1013 1344 tot
1040 1290 1231 1345 diebus
1260 1304 1357 1344 nos
1381 1291 1558 1344 timori
1588 1292 1894 1348 tradidisset
1919 1312 1932 1347 :
1961 1310 2083 1349 cum
2112 1298 2255 1352 enim
2286 1314 2385 1367 pu-

804 1382 923 1437 nire
971 1381 1218 1442 noluerit,
1249 1390 1446 1447 terret;
1477 1383 1730 1451 quoniam
1783 1384 1828 1437 si
1878 1386 2157 1454 puniturus
2209 1394 2387 1450 esset.

806 1473 969 1527 timor
991 1482 1134 1527 esset
1162 1473 1487 1541 superﬂuus,
1518 1474 1803 1543 superﬂua:
1834 1478 2013 1531 minae.
2061 1477 2213 1532 Nunc
2262 1493 2392 1533 vero

807 1562 1101 1617 innumeris
1130 1565 1395 1617 mortibus
1420 1566 1717 1634 graviorem
1743 1568 1903 1621 vitam
1928 1569 2299 1637 sustinuimus,
2319 1579 2397 1625 tot

803 1652 996 1708 diebus
1017 1652 1343 1723 trepidantes
1369 1664 1423 1707 et
1455 1665 1765 1717 trementes.
1809 1667 1863 1711 et
1892 1659 2033 1728 ipsas
2059 1659 2277 1714 umbras
2304 1674 2394 1715 re-

805 1740 1182 1807 formidantes,
1208 1753 1367 1810 atque
1393 1742 1560 1811 ipsius
1580 1742 1708 1796 Cain
1731 1759 1945 1813 paruam
1979 1747 2206 1812 luentes,
2259 1756 2315 1802 et
2365 1762 2397 1801 e

808 1834 990 1889 medio
1010 1847 1200 1889 somno
1230 1848 1338 1901 pra:
1367 1836 1621 1888 continua
1648 1836 1918 1889 anxietate
1939 1837 2275 1901 exsilientes,
2324 1837 2395 1890 ita

809 1934 868 1980 ut
892 1926 935 1979 si
962 1924 1121 1980 etiam
1152 1924 1318 1979 Deum
1368 1925 1749 1990 irritassemus,
1806 1940 1949 1980 nunc
1998 1935 2199 1980 tantam
2254 1926 2395 1995 passi

810 2030 1045 2086 pinnam,
1097 2014 1516 2070 reddidissemus
1566 2017 1873 2085 propitimn.
1932 2016 2045 2072 Etsi
2088 2018 2231 2072 enim
2290 2033 2396 2071 non

808 2108 1025 2176 dignum
1047 2116 1267 2177 peccato
1296 2107 1617 2177 supplicium
1644 2108 1913 2177 dedimus,
1949 2111 2041 2165 Dei
2070 2120 2250 2166 tamen
2292 2111 2401 2165 cle-

813 2196 1029 2251 mentite
1055 2194 1270 2251 sufﬁcit.

881 2287 939 2342 2.
983 2286 1035 2341 Ν
1041 2288 1169 2342 unlii
1188 2287 1447 2343 seditionis
1474 2289 1802 2343 Antiocheam!
1825 2290 1878 2342 iit
1903 2290 1983 2343 via
2004 2305 2171 2342 moras
2200 2289 2404 2342 trahere

814 2388 1082 2450 coguntur.
1112 2407 1184 2419 -
1207 2379 1323 2434 Non
1353 2388 1555 2433 tantum
1577 2389 1754 2434 autem
1782 2393 1848 2432 ex
1877 2379 1995 2443 hoc,
2027 2378 2121 2432 sed
2149 2379 2310 2431 etiam
2334 2393 2399 2430 ex

815 2468 939 2522 aliis
987 2468 1168 2522 multis
1216 2468 1486 2524 conlidere
1531 2478 1742 2538 Oportet
1780 2484 1795 2520 :
1846 2484 1951 2522 non
2000 2468 2142 2522 enim
2191 2465 2399 2521 modica

812 2561 969 2615 nobis
1000 2560 1151 2614 bona:
1175 2560 1289 2630 spei
1312 2561 1532 2631 pignora
1555 2561 1666 2629 jam
1690 2559 1831 2615 Deus
1856 2558 2023 2614 dedit.
2054 2558 2120 2612 Et
2143 2557 2285 2628 quod
2317 2565 2400 2612 est

813 2652 1054 2707 omnium
1085 2653 1340 2722 primum,
1373 2654 1462 2722 qui
1490 2652 1691 2705 malum
1718 2652 1948 2705 attulere
1970 2650 2239 2713 nuntium,
2277 2649 2401 2702 hinc

815 2745 965 2800 velut
979 2743 1360 2814 alatidigressi,
1388 2754 1443 2798 et
1460 2743 1662 2797 dudum
1690 2743 1756 2797 ad
1779 2752 1952 2796 castra
1974 2757 2033 2797 se
2058 2749 2408 2811 perventuros

816 2851 941 2892 esse
978 2843 1245 2905 putantes,
1297 2834 1439 2889 circa
1469 2834 1700 2889 medium
1731 2833 1909 2887 adhuc
1961 2834 2062 2886 iter
2092 2840 2403 2894 morantur;

819 2938 901 2986 tot
925 2927 1196 2983 obstacula
1226 2936 1281 2982 et
1330 2926 1704 2996 impedimenta
1760 2926 1892 2994 ipsis
1944 2923 2299 2988 acciderunt,
2351 2930 2408 2975 et

816 3033 987 3090 equos
1011 3017 1361 3081 dimittentes,
1384 3031 1525 3071 nunc
1546 3016 1787 3070 vehicula
1806 3023 2003 3084 agunt:
2026 3012 2169 3068 unde
2187 3026 2408 3066 necesse

819 3120 906 3166 est
921 3125 1017 3166 eos
1046 3110 1171 3165 illuc
1187 3108 1391 3164 tardius
1415 3118 1766 3178 perventuros
1783 3120 1923 3161 esse.
1949 3106 2238 3175 Postquam
2262 3103 2405 3157 enim

819 3203 1112 3256 antistitem
1138 3208 1380 3255 nostrum
1405 3207 1461 3253 et
1482 3212 1821 3253 communem
1855 3204 2059 3265 patrem
2089 3195 2231 3248 Deus
2282 3192 2409 3245 hinc

818 3292 1120 3354 suscitavit,
1148 3300 1203 3346 et
1248 3290 1516 3361 persuasit
1561 3288 1733 3354 abire,
1786 3296 1838 3340 et
1889 3287 2041 3340 obire
2092 3284 2410 3355 legationem

824 3382 982 3446 hanc,
1016 3395 1142 3435 mox
1179 3379 1295 3434 illos
1332 3382 1472 3433 circa
1520 3377 1752 3433 medium
1797 3375 2003 3430 itineris
2047 3380 2413 3443 consequutus

821 3480 927 3538 est,
958 3486 1025 3526 ne
1050 3469 1435 3539 praevenienles
1457 3470 1630 3537 ignem
1660 3466 2071 3528 succenderent,
2114 3473 2168 3517 et
2190 3465 2244 3515 in
2287 3462 2413 3516 reli-

822 3579 985 3634 quum
1008 3560 1393 3617 correctionem
1416 3559 1621 3614 doctori
1652 3557 1894 3612 inutilem
1922 3555 2231 3620 redderent,
2250 3553 2415 3622 regiis

823 3655 1045 3709 auribus
1074 3652 1435 3707 inﬂammatis.
1459 3649 1612 3717 Quod
1639 3649 1784 3703 enim
1816 3662 1920 3701 non
1950 3646 2065 3701 sine
2087 3645 2200 3700 Deo
2216 3643 2411 3697 factum

823 3749 897 3802 sit
932 3747 1035 3802 hoc
1075 3745 1535 3815 impedimentum,
1579 3742 1704 3796 inde
1754 3741 2135 3795 manifestum:
2165 3737 2414 3792 homines

829 3848 999 3893 totum
1045 3846 1259 3905 tempus
1288 3836 1341 3889 in
1371 3835 1566 3889 talibus
1625 3829 2143 3902 peregrinationibus
2199 3829 2410 3897 impen-

824 3930 1048 3994 dentes,
1098 3926 1284 3983 ethoc
1331 3924 1564 3980 oﬂicium
1593 3923 1869 3988 habentes,
1917 3934 2086 3990 equos
2159 3920 2413 3973 continue

824 4020 1035 4091 agendi,
1064 4032 1205 4072 nunc
1228 4018 1297 4070 ab
1324 4016 1434 4084 ipsa
1461 4013 1789 4085 equitatione
1813 4010 2027 4066 contriti
2054 4008 2368 4063 defecerunt
2395 4047 2410 4070 ,

828 4123 1025 4183 ctqua:
1067 4124 1209 4165 nunc
1248 4108 1513 4174 accidere,
1562 4106 1715 4161 Jona:
1761 4104 1923 4158 rebus
1968 4101 2237 4156 contraria
2278 4099 2415 4152 facta

830 4210 957 4259 sunt
980 4200 1164 4273 (Iona:
1193 4198 1269 4269 l).
1295 4198 1449 4252 Illum
1474 4197 1618 4251 enim
1649 4194 1874 4265 urgebat
1901 4193 2040 4246 Dens
2059 4191 2209 4245 ahire
2231 4189 2418 4244 nolen-

829 4306 961 4358 tem,
988 4290 1086 4346 hos
1115 4290 1354 4344 volentes
1376 4290 1560 4342 vetuit.
1592 4285 1636 4341 Ο
1662 4300 1857 4339 novum
1879 4292 1933 4339 et
1965 4280 2281 4336 admirabile
2319 4294 2417 4333 ne-

829 4383 1063 4455 gotium!
1098 4382 1187 4437 ille
1206 4380 1613 4435 subversionem
1640 4375 1934 4446 plu-dicare
1963 4373 2198 4437 nolebat,
2227 4380 2283 4425 et
2338 4370 2418 4423 in-

830 4476 999 4528 vitum
1017 4488 1138 4527 eum
1166 4470 1420 4527 excitavit
1450 4487 1462 4520 :
1498 4469 1549 4522 lii
1578 4483 1697 4522 cum
1721 4466 1994 4521 celeritate
2012 4463 2413 4519 subversionem

831 4564 1149 4623 annuntiare
1175 4562 1448 4627 festinant,
1480 4570 1536 4616 et
1559 4560 1753 4614 invitos
1784 4559 1928 4628 ipsos
1974 4571 2185 4611 rursum
2236 4554 2418 4624 prohi-

832 4654 969 4710 buit.
997 4653 1110 4721 Qua
1136 4652 1349 4704 tandem
1398 4651 1464 4703 de
1512 4650 1713 4703 causa?
1757 4648 2019 4713 Quoniam
2067 4646 2153 4699 hic
2202 4644 2417 4714 quidem

835 4746 1088 4800 celeritas
1113 4742 1389 4807 damnum,
1418 4741 1525 4794 illic
1548 4754 1673 4793 vero
1698 4739 1941 4793 celeritas
1961 4739 2167 4790 lucrum
2190 4736 2415 4789 ferebat:

839 4837 962 4892 ideo
981 4845 1035 4889 et
1064 4834 1213 4889 illum
1245 4847 1341 4903 per
1363 4840 1537 4886 cetum
1590 4829 1847 4887 festinare
1897 4828 2040 4893 fecit,
2086 4836 2141 4881 et
2190 4828 2287 4879 hos
2325 4842 2423 4896 per

837 4941 1007 4996 equos
1033 4923 1326 4994 impedivit.
1386 4921 1548 4976 Vides
1601 4921 1698 4976 Dei
1753 4917 2108 4988 sapientiam?
2161 4932 2257 4987 per
2306 4930 2422 4984 qua:

837 5018 1065 5087 quisque
1090 5014 1231 5083 quod
1260 5013 1605 5082 exspectabat
1643 5027 1702 5067 se
1746 5010 2119 5080 expediturum
2166 5005 2421 5077 speravit,

839 5126 937 5183 per
966 5110 1083 5165 haec
1107 5109 1331 5179 quisque
1353 5107 1636 5177 impeditus
1663 5114 1765 5161 est.
1797 5104 1903 5160 Per
1928 5103 2197 5170 navigium
2233 5099 2319 5152 ille
2364 5113 2423 5153 se

837 5216 1126 5259 evasurum
1157 5199 1377 5270 putavit,
1402 5208 1456 5252 et
1488 5199 1752 5265 navigium
1802 5196 1874 5249 illi
1924 5194 2193 5246 vineulmn
2228 5192 2424 5243 factum

851 5306 973 5349 est:
1002 5294 1086 5347 isti
1117 5307 1215 5362 per
1243 5305 1410 5359 equos
1462 5303 1627 5358 ocyus
1671 5302 1729 5341 se
1782 5287 2163 5354 Imperatorem
2215 5281 2426 5334 visuros

841 5391 1212 5455 speraverant,
1242 5390 1291 5436 et
1324 5381 1444 5450 equi
1475 5379 1688 5434 fuerunt
1715 5378 2129 5448 impedimento:
2162 5374 2268 5426 imo
2300 5386 2427 5425 vero

846 5494 952 5533 non
980 5477 1123 5545 equi,
1154 5476 1292 5530 sicut
1318 5488 1416 5527 nec
1442 5473 1515 5527 illi
1550 5471 1836 5540 navigium,
1861 5468 1954 5523 sed
1977 5467 2068 5521 Dei
2097 5464 2425 5535 providentia

847 5569 1039 5636 ubique
1066 5566 1242 5621 omnia
1270 5564 1482 5634 propria
1509 5564 1825 5632 dispensans
1851 5558 2131 5628 sapientia.
2154 5556 2220 5609 Et
2242 5554 2420 5609 consi-

843 5660 973 5715 dera
990 5657 1334 5729 providentia:
1352 5657 1586 5719 modum,
1608 5653 1876 5723 quomodo
1892 5664 1945 5706 et
1958 5651 2147 5707 terruit
2161 5660 2216 5704 et
2232 5663 2425 5703 conso-

846 5754 981 5809 latus
997 5761 1097 5807 est.
1116 5749 1235 5819 lpso
1256 5750 1397 5804 enim
1415 5749 1501 5805 dic
1516 5764 1619 5817 quo
1634 5746 1811 5801 omnia
1825 5745 1909 5799 illa
1929 5754 2129 5813 patrata
2145 5750 2268 5798 sunt
2294 5739 2392 5795 faci
2404 5764 2423 5779 ο

848 5860 999 5911 nora,
1028 5843 1172 5914 ipsos
1199 5840 1412 5912 quidem
1438 5840 1610 5905 cvire,
1642 5847 1912 5907 tamquam
1935 5837 2109 5891 omnia
2144 5850 2261 5906 qua:
2287 5830 2425 5888 acci-

2485 580 2676 638 derant
2704 582 3016 653 Imperatori
3061 589 3394 645 nuntiaturos
3441 590 3789 660 permittens,
3836 604 4069 656 exeundi

2484 672 2760 729 celeritate
2785 688 2974 729 omnes
2996 679 3319 744 perterruit;
3350 688 3629 752 postquam
3648 696 3778 738 vero
3794 683 4069 757 abierunt,

2485 764 2690 819 etduos
2712 774 2885 821 tresve
2937 766 3052 822 dies
3095 773 3482 839 contriverunt,
3526 788 3646 829 cum
3697 774 3806 844 jam
3851 776 4071 835 inanem

2488 869 2611 910 esse
2639 858 2890 911 antistitis
2915 860 3080 912 nostri
3112 861 3500 927 profectionem
3530 864 3867 935 putabamus,
3884 876 4075 937 utpote

2490 946 2581 1013 qui
2615 948 2879 1014 posterior
2898 958 3040 1003 esset
3062 949 3269 1004 futurus
3294 968 3307 1001 :
3337 963 3463 1007 tunc
3502 968 3702 1010 metum
3729 955 3991 1021 dissolvit,
4018 970 4077 1012 et

2492 1049 2590 1089 nos
2613 1039 2918 1092 consolatus
2943 1048 3044 1102 est,
3077 1039 3212 1102 illos,
3252 1041 3391 1095 sicut
3437 1044 3578 1109 dixi,
3607 1046 3781 1100 media
3826 1044 4079 1101 detinens

2492 1127 2595 1190 via,
2629 1128 2975 1198 eﬂieiensque
2997 1138 3055 1183 ut
3082 1130 3115 1182 ii
3154 1129 3245 1199 qui
3271 1130 3415 1184 illinc
3443 1132 3511 1185 ad
3539 1148 3636 1189 nos
3666 1136 4079 1204 proficisceban-

2493 1225 2599 1281 tur,
2626 1218 2837 1272 illorum
2872 1236 2967 1287 per
2988 1222 3125 1274 viam
3164 1236 3433 1276 aerumnas
3474 1224 3630 1278 nobis
3673 1231 4076 1288 annuntiarent.

2496 1318 2553 1361 ut
2575 1324 2862 1377 parumper
2890 1313 3321 1380 respiraremus:
3352 1312 3497 1381 quod
3526 1322 3583 1367 et
3621 1314 3815 1370 factum
3863 1327 3980 1381 est,
4025 1327 4083 1372 et

2496 1413 2741 1468 magnam
2763 1400 3091 1455 anxietatum
3119 1412 3323 1472 partem
3350 1403 3717 1472 deposuimus.
3744 1406 3840 1461 Bis
3858 1408 4079 1465 auditis.

2498 1490 2691 1546 horum
2719 1502 2991 1546 auctorem
3023 1493 3364 1548 adoravimus
3391 1496 3579 1557 Deum,
3607 1495 3697 1564 qui
3727 1507 3876 1564 patre
3890 1500 4085 1567 quovis

2504 1585 2811 1655 diligentius
2843 1598 3030 1639 omnes
3052 1599 3137 1637 res
3158 1596 3372 1639 nostras
3397 1601 3535 1639 nunc
3561 1585 3847 1655 disposuit,
3902 1590 4089 1643 invisi-

2503 1676 2595 1733 bili
2634 1674 2850 1743 quidem
2882 1675 2936 1730 vi
2975 1678 3245 1746 improbos
3276 1678 3407 1731 istos
3430 1678 3689 1732 cohibens
3715 1680 3927 1735 nuntios
3947 1723 3965 1747 ,
4009 1692 4069 1738 et

2506 1772 2710 1818 tantum
2762 1779 2872 1819 non
2925 1766 3128 1830 dicens,
3160 1765 3298 1833 Quid
3349 1765 3652 1821 festinatis?
3676 1767 3871 1837 quidve
3892 1785 4091 1840 prope—

2501 1857 2630 1906 ratis
2656 1852 2931 1909 civitatem
2960 1857 3115 1910 talem
3135 1857 3446 1911 subvertere
3470 1857 3749 1912 volentes?
3794 1873 3918 1911 num
3946 1860 4089 1914 bona

2502 1944 2610 2012 regi
2636 1944 2817 1997 nuntia
2831 1944 3072 1999 aﬂ‘ertis?
3102 1946 3311 2003 Mauete
3329 1947 3467 2013 istic,
3480 1946 3651 2003 donec
3666 1963 3879 2003 servum
3907 1963 4090 2003 meum

2504 2042 2773 2102 tamquam
2795 2034 3060 2089 medicum
3082 2038 3341 2105 optimum
3374 2040 3700 2108 prtevenire,
3752 2047 3809 2093 et
3850 2046 4092 2093 vestrum

2505 2132 2828 2193 prmvertcre
2855 2140 3069 2180 cursum
3090 2126 3298 2181 fat-iam.
3326 2127 3381 2182 Si
3412 2142 3543 2182 vero
3585 2137 3839 2182 nascente
3884 2142 4092 2197 praeva—

2505 2214 2782 2268 ricationis
2828 2215 3041 2280 ulcere,
3095 2224 3239 2271 tanta
3296 2217 3627 2285 providentia
3680 2217 3921 2272 exhibita
3967 2227 4091 2273 est:

2510 2306 2679 2358 multo
2700 2307 2867 2372 magis
2890 2316 3009 2374 past
3053 2307 3483 2373 conversionem,
3536 2318 3657 2377 post
3700 2308 4092 2375 penitentiam,

2509 2403 2628 2463 post
2668 2403 2875 2448 tantum
2913 2396 3183 2460 timorem,
3219 2405 3339 2466 post
3363 2382 3628 2467 lacryinas
3657 2404 3712 2451 et
3740 2411 3947 2466 preces,
3977 2412 4093 2451 ma-

2502 2484 2676 2553 jorem
2708 2484 3012 2540 libertatem
3033 2501 3449 2556 consequemur.
3478 2486 3646 2541 Jonas
3681 2488 3823 2540 enim
3852 2503 4095 2558 congrue

2510 2575 2825 2644 pellebatur,
2855 2586 2913 2630 ut
2940 2575 3006 2629 ad
3034 2578 3406 2646 paenitentiam
3455 2576 3770 2643 induceret;
3821 2595 3916 2634 vos
3964 2594 4097 2633 vero

2508 2668 2616 2734 jam
2640 2666 2959 2721 exhibuistis
2992 2669 3360 2737 penitentiam
3409 2678 3463 2722 et
3499 2684 3744 2737 magnam
3779 2670 4095 2724 conversio-

2514 2772 2656 2818 nem,
2690 2758 2917 2827 ideoque
2955 2760 3322 2814 consolatione
3364 2759 3619 2828 deinceps
3656 2770 3739 2815 est
3779 2776 3934 2829 Opus,
3986 2775 4095 2814 non

2514 2848 2703 2902 nuntio
2732 2850 2907 2902 minas
2936 2848 3159 2903 ferente.
3184 2848 3472 2918 Propterea
3503 2863 3843 2904 communem
3873 2860 3928 2904 et
3972 2849 4102 2904 hinc

2515 2946 2722 3006 patrem
2749 2940 3045 3004 suscitavit,
3077 2948 3134 2995 et
3156 2940 3370 3009 quidem
3399 2954 3520 2994 cum
3547 2940 3714 2994 multa
3748 2951 3929 2994 essent
3977 2955 4104 3010 qua:

2515 3028 2897 3096 prohiberent;
2930 3031 2975 3082 si
3001 3046 3129 3084 vero
3154 3045 3259 3083 non
3291 3031 3623 3099 pepercisset
3649 3032 3667 3063 ⁸
3694 3031 3851 3083 saluti
3874 3039 4100 3092 nostrae,

2514 3135 2620 3173 non
2653 3120 2726 3173 illi
2756 3121 3131 3188 persuasiSset,
3164 3120 3256 3174 sed
3276 3128 3329 3174 et
3352 3122 3616 3173 volentem
3646 3120 3796 3174 exire
3816 3120 4101 3173 vetuisset.

2586 3212 2638 3265 3.
2669 3208 2939 3265 Theodosii
2966 3211 3019 3264 in
3043 3209 3290 3264 Paschate
3308 3210 3668 3264 clementia.—
3688 3208 3926 3263 Tertium
3945 3208 4107 3276 quid-

2517 3304 2657 3372 piam
2677 3303 2908 3371 suppetit
2927 3302 3230 3367 dicendutn,
3257 3302 3400 3371 quod
3433 3301 3675 3355 fiduciam
3705 3301 3856 3354 vobis
3889 3300 4103 3370 pariat,

2518 3406 2759 3462 prmsens
2799 3406 2992 3460 nempe
3022 3392 3366 3456 solemnitas,
3415 3404 3571 3459 quam
3601 3398 3657 3444 et
3697 3388 3939 3443 inlideles
3989 3388 4105 3443 fere

2518 3497 2706 3537 omnes
2726 3490 3066 3542 reverentur,
3094 3490 3150 3535 et
3171 3481 3256 3535 hic
3277 3482 3390 3549 ipse
3410 3481 3689 3549 religiosus
3711 3479 4006 3548 Imperator
4024 3478 4106 3533 sic

2519 3572 2761 3640 suspexit
2786 3580 2843 3626 et
2873 3570 3176 3634 honoravit,
3228 3578 3285 3622 ut
3310 3583 3498 3622 ornnes
3523 3576 3646 3622 ante
3671 3582 3730 3622 se
3753 3582 3872 3622 cum
3903 3567 4106 3636 pietate

2520 3665 2846 3732 imperantes
2866 3662 3216 3732 superaverit.
3252 3660 3471 3715 Talibus
3502 3675 3728 3729 namque
3752 3658 3940 3713 diebus
3978 3673 4104 3712 cum

2516 3754 2795 3821 epistolam
2831 3752 2897 3806 ad
2923 3751 3280 3807 solemnitatis
3312 3748 3569 3803 honorem
3608 3750 3868 3812 misisset,
3912 3761 4107 3802 omnes

2517 3844 2631 3899 fere
2647 3857 2919 3898 carcerem
2963 3842 3266 3897 habitantes
3287 3839 3508 3894 dimisit.
3540 3838 3609 3893 Et
3657 3838 3795 3893 hanc
3821 3836 4103 3905 epistolam

2517 3935 2785 3989 admissus
2814 3934 3037 3987 antistes
3065 3940 3249 3986 noster
3278 3945 3459 3985 coram
3490 3927 3811 3997 lmperatore
3840 3928 4010 3995 leget,
4049 3936 4106 3980 et

2520 4023 2855 4093 prepriarum
2877 4021 3052 4091 legum
3077 4018 3542 4078 eommoncfaciet.
3565 4026 3619 4069 et
3638 4017 3779 4070 d'cet
3801 4015 3866 4068 ad
3894 4016 4069 4083 ipsum
4091 4032 4104 4065 :

2522 4115 2600 4169 Tu
2625 4115 2854 4182 teipsum
2882 4114 3187 4179 exhortare,
3210 4121 3264 4167 et
3294 4112 3367 4166 tui
3399 4108 3684 4166 recordare
3716 4106 4107 4161 :domesticmn

2523 4204 2689 4258 babes
2720 4203 3063 4257 humanitatis
3078 4201 3378 4271 exemplum
3404 4219 3418 4255 ;
3442 4202 3641 4271 justam
3665 4197 3879 4252 noluisti
3903 4196 4107 4249 eadem

2522 4296 2883 4359 committere,
2915 4302 2971 4348 et
2991 4292 3240 4360 injustam
3276 4302 3485 4362 patrare
3549 4288 3880 4346 sustinebis?
3917 4286 4106 4341 comi-

2523 4397 2642 4441 ctos
2667 4397 2722 4441 et
2747 4386 3136 4440 condemnatos
3164 4383 3467 4438 festivitatis
3507 4382 3804 4437 reverentia
3834 4377 4109 4442 dimisisti,

2521 4490 2576 4534 et
2624 4480 2868 4532 insontes
2897 4474 3134 4542 nihilque
3161 4488 3321 4527 ausos
3352 4470 3732 4527 eondemuabis
3754 4509 3770 4533 ,
3814 4468 4111 4537 prmsertim

2523 4566 2865 4623 solemnitate
2909 4564 3215 4633 prteseute?
3258 4563 3622 4633 Nequaquam,
3666 4560 3979 4627 Imperator.
4029 4558 4111 4610 Tu

2526 4661 2664 4714 hanc
2684 4658 2968 4727 epistolam
2993 4654 3293 4709 civitatibus
3317 4655 3565 4708 omnibus
3592 4652 3808 4704 mittens
3824 4687 3838 4709 .
3893 4646 4112 4701 aiebas:

2527 4751 2739 4807 Utinam
2765 4760 2821 4804 et
2854 4746 3132 4802 defunctos
3180 4746 3499 4800 resuscitare
3533 4754 3766 4810 possem.
3816 4736 3928 4791 [lac
3976 4751 4116 4804 opus

2527 4845 2785 4898 habemus
2811 4840 3163 4903 humanitate,
3212 4836 3292 4891 his
3322 4852 3461 4891 nunc
3480 4849 3700 4904 egemus
3721 4832 3900 4886 verbis
3920 4831 3962 4882 ².
3995 4828 4113 4884 Non

2527 4944 2633 4987 tam
2661 4935 2835 4988 claros
2857 4930 2983 4985 facit
3008 4943 3160 4997 reges
3198 4925 3378 4981 hostes
3404 4927 3644 4989 vincere,
3684 4937 3840 4992 quam
3874 4920 4116 4975 animum

2528 5034 2581 5079 et
2612 5026 2743 5077 iram
2784 5032 3085 5089 superare:
3127 5016 3233 5069 illic
3281 5016 3423 5070 enim
3475 5027 3749 5089 armorum
3794 5019 3849 5064 et
3886 5009 4116 5062 militum

2529 5131 2663 5185 opus
2678 5115 2901 5184 geritur,
2923 5110 3008 5164 hic
3026 5124 3150 5163 vero
3169 5118 3311 5162 tuum
3325 5108 3489 5163 solius
3505 5079 3813 5173 simpliciter
3826 5112 4113 5170 trepzeutn,

2529 5215 2584 5259 et
2612 5204 2777 5259 habes
2807 5202 3099 5263 neminem,
3124 5200 3211 5268 qni
3245 5208 3417 5252 tecum
3440 5196 3714 5263 sapientia:
3737 5193 3960 5263 gloriam
3989 5205 4114 5259 par-

2534 5299 2710 5351 tiatur.
2756 5293 3029 5364 Superasti
3089 5292 3370 5342 tumultum
3402 5286 3759 5348 barbaricum,
3811 5294 4005 5350 supera
4059 5286 4115 5332 et

2531 5388 2765 5441 animum
2793 5384 2995 5452 regium
3024 5397 3039 5434 :
3065 5380 3270 5435 discant
3299 5375 3759 5437 omnesiulideles,
3799 5371 3939 5443 quod
3958 5367 4116 5423 Chri-

2531 5480 2598 5532 sti
2632 5480 2790 5531 timor
2809 5488 3025 5529 omnem
3058 5469 3347 5539 potentiam
3378 5468 3645 5520 refrenare
3672 5458 4113 5533 possit.Glori[ica

2536 5569 2816 5623 Dominum
2848 5576 3017 5627 tuutn,
3045 5561 3323 5615 conservis
3347 5566 3562 5628 peccata
3584 5556 3876 5615 dimittens,
3902 5560 3959 5603 ut
4000 5549 4111 5615 ipse

2534 5676 2744 5730 quoque
2777 5669 2828 5713 te
2865 5656 3034 5726 magis
3063 5652 3343 5722 glurilicet,
3374 5658 3431 5703 ut
3457 5648 3741 5718 benignum
3770 5643 3863 5701 tibi
3891 5649 3939 5696 et
3972 5646 4111 5692 tran-

2598 5774 2614 5804 ι
2652 5771 2753 5830 Alii,
2778 5770 2820 5821 si
2842 5781 2953 5820 vero
2968 5780 3063 5816 non
3085 5762 3410 5830 consuluisset.

2599 5835 2620 5866 ³
2654 5824 2772 5883 Alii:
2804 5831 2997 5882 Illorum
3016 5840 3138 5878 nunc
3164 5826 3409 5876 verborum
3437 5824 3584 5875 locus.
