4494 6686
238 487 311 544 85
1268 482 1361 539 AD
1392 481 1724 541 POPULUM
1765 473 2267 536 ANTIOCHENUM
2308 479 2545 540 HOMIL.
2584 482 2677 539 Vl.
3638 476 3707 533 δι

236 603 495 658 ἔκϐασιν
523 602 631 658 τοῦ
659 602 952 659 δύνασθαι
993 599 1150 671 ὑμᾶς
1183 598 1561 670 ὐπενεγνιεῒν.“
1589 596 1783 660 Αὐτὸς
1814 594 1921 665 γὰρ

2029 593 2193 664 φόϐον
2227 594 2446 658 ἐξέλυσε
2480 597 2576 651 καὶ
2614 594 3063 668 παρεμυθήσατο,
3111 592 3353 655 ἐκείνους
3398 607 3478 654 τε,
3518 590 3706 663 ὥσπερ

235 685 529 745 εἶπεν·οὑ
554 692 640 762 μή
671 708 745 746 σε
772 691 918 754 ἀνῶ,
945 689 1072 744 οὐδ’
1104 690 1177 742 οὐ
1202 687 1287 757 μή
1320 704 1396 742 σε
1418 685 1814 758 ἐγκαταλίπω.
1849 683 1913 735 Εί
2020 682 2178 752 ἔφην,
2207 683 2349 736 κατά
2386 685 2561 755 μέσην
2594 681 2884 753 κατασχὼν
2908 682 3007 752 τὴν
3041 679 3179 745 ὁδὸν,
3223 680 3316 733 καὶ
3345 679 3472 741 τοὺς
3498 678 3707 731 ἐκεῖθεν

248 777 349 848 γάρ
370 777 441 831 δι’
462 777 637 849 ἔργων
669 778 921 832 ἐϐούλετο
957 775 1187 829 κολάσαι
1224 776 1318 829 καὶ
1346 775 1433 830 διά
1469 776 1568 845 τῆς
1596 772 1792 842 πείρας
1816 771 1916 823 αύ-

236 866 358 934 τῆς.
394 867 494 921 οὑκ
528 868 596 921 ἂν
626 866 896 920 τοσούτων
934 862 1158 933 ἡμερῶν
1202 864 1520 934 παρέδωκεν
1561 859 1709 929 ἡμᾶς
1749 858 1917 927 φόϐῳ·

238 954 368 1007 ὅταν
386 955 495 1025 γάρ
520 957 594 1027 μὴ
620 953 876 1023 βούληται
896 950 1165 1015 κολάζειν,
1190 952 1362 1021 φοϐεῖ·
1386 947 1509 1003 ἐπεὶ
1535 948 1584 999 εί
1608 944 1789 1016 μέλλοι
1805 941 1921 1016 [75]

241 1041 509 1106 κολάζειν,
536 1039 790 1111 περιττὸς
811 1041 839 1091 6
861 1037 1041 1106 φόϐος,
1065 1038 1293 1109 περιττὴ
1318 1040 1351 1109 ἡ
1381 1034 1601 1103 ἀπειλή·
1627 1032 1720 1086 νῦν
1743 1032 1798 1084 δέ
1824 1046 1925 1100 μυ⁹

245 1132 375 1201 ρίων
408 1126 799 1200 χαλεπωτέραν
834 1125 1079 1181 θανάτων
1109 1126 1429 1193 ὑπέστημεν
1459 1120 1623 1190 ζωὴν,
1650 1121 1707 1172 ἐν
1730 1116 1926 1171 τοσαύ-

274 1236 363 1281 αις
390 1217 624 1287 ἡμέραις
641 1214 934 1279 δεδοικότες
954 1216 1050 1269 καὶ
1070 1214 1392 1286 τρέμοντες,
1418 1209 1515 1261 καὶ
1533 1206 1632 1270 τὰς
1652 1205 1809 1267 σκιὰς
1829 1203 1927 1255 αὑ-

280 1307 341 1368 ἀς
369 1302 788 1367 ὑποπτεύοντες,
822 1305 915 1357 καὶ
941 1303 1040 1373 τὴν
1069 1299 1163 1353 τοῦ
1194 1299 1336 1353 Κάῖν
1365 1296 1601 1358 τίνοντες
1627 1294 1803 1362 δίκην,
1834 1289 1927 1343 καὶ

240 1408 308 1441 ..κ
340 1389 511 1457 μέσον
544 1389 651 1441 τῶν
686 1389 869 1443 ὕπνων
897 1387 1281 1458 ἀναπηδῶντες
1310 1396 1336 1425 ι
1373 1382 1481 1438 ἀπὸ
1514 1383 1612 1453 τῆς
1644 1374 1927 1449 διηνεκοῦς

245 1474 505 1542 ἀγωνίας·
529 1474 666 1528 ὥστε
689 1479 735 1529 εί
756 1478 851 1531 καὶ
883 1475 1318 1547 παρωργίσαμεν
1341 1472 1432 1525 τὸν
1459 1470 1610 1534 Θεὸν,
1637 1463 1928 1531 ἐξιλεωσά-

246 1560 388 1631 μεθα
407 1560 503 1613 νῦν
525 1563 792 1634 τοσαύτην
820 1561 1217 1632 ὑπομείναντες
1245 1559 1343 1630 τὴν
1364 1558 1653 1628 τιμωρίαν.
1680 1551 1791 1607 Καὶ
1817 1550 1927 1620 γάρ

242 1648 295 1699 εί
327 1647 425 1700 καὶ
458 1648 532 1719 μή
574 1649 679 1702 τῶν
720 1647 1139 1719 ἁμαρτημάτων
1173 1645 1331 1712 ἀξίαν
1358 1643 1639 1713 ἐδώκαμεν
1672 1644 1720 1682 ι’
1748 1642 1924 1710 δίκην,

243 1734 362 1787 ἀλλ’
389 1735 663 1805 ἀρκοῦσαν
688 1740 756 1808 τῇ
789 1737 882 1790 τοῦ
906 1736 1041 1790 Θεοῦ
1069 1732 1467 1805 φιλανθρωπίᾳ.

318 1819 383 1889 β’.
402 1822 516 1876 Οὑκ
530 1822 775 1876 ἐντεῦθεν
787 1824 843 1876 δέ
863 1824 1043 1894 μόνον,
1060 1821 1194 1875 ἀλλὰ
1209 1821 1303 1873 καὶ
1319 1818 1406 1871 ἐτέ
1415 1815 1585 1889 ρωθεν
1604 1814 1928 1885 πολλαχόθεν

244 1907 475 1979 θαρρεῖν
502 1912 631 1981 χρή·
668 1910 787 1963 οὑδὲ
809 1911 918 1980 γάρ
950 1909 1107 1978 ὀλίγα
1134 1910 1265 1978 ἡμῖν
1294 1906 1526 1977 ἐνέχυρα
1550 1903 1657 1957 τῶν
1681 1900 1930 1972 χρηστῶν

242 1996 481 2050 ἐλπίδων
507 1999 702 2051 ἔδωκεν
725 2000 754 2050 ό
776 1997 909 2061 Θεὸς
933 1997 1056 2068 ήδη.
1088 1998 1197 2049 Καὶ
1226 1995 1443 2067 πρῶτον
1471 1995 1568 2066 μὲν
1598 1994 1855 2047 ἀπάντων
1882 1994 1929 2046 οί

241 2082 343 2155 τὴν
385 2087 627 2156 πονηράν
660 2086 981 2155 κομίζοντες
1011 2085 1273 2152 ἀγγελίαν
1294 2123 1309 2147 ,
1345 2083 1653 2150 ἐξελθόντες
1682 2081 1930 2136 ἐντεῦθεν

242 2171 460 2223 καθάπε
470 2188 500 2240 ρ
514 2171 657 2235 τινὲς
675 2172 973 2243 ὑπόπτεροι
994 2171 1087 2225 καὶ
1100 2170 1267 2224 πάλαι
1284 2170 1694 2242 καταλήψεσθαι
1714 2169 1936 2242 προσδο-

243 2259 314 2327 κή
324 2273 517 2319 σαντες
531 2258 593 2309 τὸ
614 2258 998 2329 στρατόπεδον,
1021 2256 1164 2311 κατὰ
1184 2256 1357 2328 μέσην
1378 2256 1458 2309 ἐτι
1478 2255 1816 2327 διατρίϐουσι
1838 2254 1933 2327 τήν

240 2343 390 2396 ὀδόν·
417 2342 655 2398 τοσαῦτα
676 2345 862 2409 αὐτοῖς
888 2344 1191 2415 κωλύματα
1217 2344 1311 2397 καὶ
1332 2343 1565 2414 ἐμπόδια
1594 2343 1784 2412 γέγονε
1804 2382 1819 2405 ,
1843 2346 1935 2396 καὶ

240 2431 375 2493 τοὺς
393 2430 594 2495 ἵππους
614 2431 844 2500 ἀφέντες
862 2430 1114 2502 ὀχήματα
1136 2430 1418 2485 ἐλαύνουσι
1440 2428 1554 2493 νῦν,
1580 2428 1702 2481 ὅθεν
1722 2428 1934 2500 ἀνάγκη

242 2518 402 2570 πᾶσα
447 2516 781 2589 βραδυτέραν
822 2519 1010 2583 αὑτοῖς
1056 2517 1311 2588 γενέσθαι
1356 2516 1454 2588 τὴν
1502 2517 1681 2569 ἐκεῖσε
1730 2514 1933 2585 ἀφιξιν.

242 2604 467 2674 Ἐπειδὴ
502 2604 610 2675 γὰρ
641 2606 734 2658 τὸν
770 2605 922 2675 ἱερέα
957 2606 1051 2659 τὸν
1090 2605 1359 2677 ἡμέτερον
1391 2603 1487 2658 καὶ
1515 2604 1693 2657 κοινὸν
1723 2604 1936 2675 πατέρα

239 2692 545 2761 ἀνέστησεν
562 2695 591 2745 ὀ
609 2692 738 2756 Θεὸς
759 2692 1034 2756 ἐντεῦθεν,
1058 2693 1153 2745 καὶ
1177 2692 1394 2746 ἔπεισεν
1419 2692 1699 2756 ἀπελθεῖν,
1722 2693 1937 2761 καὶτῆς

242 2777 544 2845 πρεσϐείας
590 2780 1000 2850 συνεφάψασθαι
1034 2779 1241 2851 ταύτης
1266 2821 1280 2845 ,
1314 2780 1543 2848 κατέσχε
1574 2778 1763 2831 λοιπὸν
1794 2778 1938 2831 ἐκεί-

241 2881 373 2927 νους
416 2865 556 2918 κατά
599 2867 772 2937 μέσην
814 2867 912 2938 τὴν
955 2866 1094 2929 όδὸν,
1145 2867 1232 2919 ῖνα
1281 2866 1356 2938 μὴ
1398 2866 1705 2935 φθάσαντες
1737 2866 1799 2918 τὸ
1826 2865 1939 2937 πῦρ

241 2951 517 3020 ἀνάψωσι.
559 2953 652 3006 καὶ
683 2952 761 3024 τῷ
802 2954 1107 3024 διδασκάλῳ
1149 2953 1334 3007 λοιπὸν
1372 2954 1633 3024 ἀνόνητον
1672 2953 1939 3024 ποιήσωσι

241 3041 347 3107 τὴν
376 3040 684 3111 διόρθωσιν,
722 3041 823 3104 τὰς
858 3040 1143 3110 βασιλικάς
1175 3042 1563 3114 ἐμπρήσαντες
1593 3040 1784 3105 ἀκοάς.
1819 3042 1938 3094 Ὅτι

242 3129 357 3198 γὰρ
391 3129 493 3181 οὑκ
527 3128 656 3181 ἀνευ
692 3127 828 3181 Θεοῦ
871 3129 935 3182 τὸ
978 3128 1207 3200 κώλυμα
1248 3129 1462 3197 γέγονε,
1503 3128 1664 3199 δῆλον
1698 3128 1933 3182 ἐκεῖθεν·

248 3216 564 3286 ⁸Ἄνθρωποι
611 3218 704 3271 τὸν
744 3217 963 3273 ἅπαντα
1000 3220 1191 3289 χρόνον
1226 3217 1506 3281 τοιαύταις
1539 3217 1941 3290 συντραφέντες

244 3303 579 3373 ἀποδημίαις
599 3344 614 3368 ,
652 3305 744 3359 καὶ
770 3306 931 3359 τοῦτο
965 3308 994 3347 δ
1030 3307 1189 3378 ἔργον
1223 3305 1436 3377 ἔχοντες
1465 3306 1665 3368 ἵππους
1691 3303 1937 3358 ἐλαύνειν

244 3389 545 3459 διηνεκῶς,
590 3390 683 3444 νῦν
724 3392 817 3444 ὑπ’
862 3394 1033 3463 αὑτῆς
1086 3394 1186 3463 τῆς
1231 3392 1497 3455 ἱππασίας
1560 3390 1936 3461 συντριϐέντες

246 3477 591 3549 ὑστέρησαν,
633 3479 727 3530 καὶ
762 3478 988 3547 γέγονεν
1032 3481 1129 3533 ἀπ’
1184 3479 1434 3543 ἐναντίας
1478 3481 1591 3542 τοῖς
1646 3477 1742 3531 τοῦ
1783 3479 1940 3535 Ἰωνᾶ

246 3565 542 3635 πράγμασι
569 3564 640 3617 τά
666 3564 950 3635 συμϐάντα
975 3565 1091 3620 νῦν.
1119 3567 1356 3620 Ἐκεῖνον
1380 3566 1479 3636 μὲν
1502 3566 1612 3637 γὰρ
1647 3564 1723 3637 μὴ
1754 3564 1941 3635 βουλό-

248 3670 415 3720 μενον
444 3651 696 3705 ἀπελθεῖν
723 3652 940 3720 ἤπειγε·
968 3654 1190 3729 τούτους
1216 3653 1271 3707 δέ
1294 3652 1657 3723 βουλομένους
1686 3652 1942 3706 ἀπελθεῖν

244 3738 544 3790 ἐκώλυσεν.
580 3739 642 3790 Ὠ
670 3737 859 3791 καινοῦ
885 3738 978 3791 καί⁵
1007 3738 1312 3809 παραδόξου
1342 3739 1697 3809 πράγματοςί
1734 3740 1943 3802 ἐκεῖνος

244 3826 348 3876 οὐκ
371 3823 623 3875 ἐϐούλετο
654 3823 888 3894 κηρῦξαι
922 3825 1339 3895 καταστροφὴν,
1403 3825 1497 3877 καὶ
1537 3825 1739 3879 ἄκοντα
1776 3823 1939 3879 αὑτὸν

244 3910 566 3977 ἀνέστησεν·
605 3902 749 3962 οῦτοι
802 3909 940 3980 μετά
990 3910 1186 3964 πολλοῦ
1232 3909 1329 3963 τοῦ
1372 3912 1569 3980 τάχους
1618 3908 1939 3961 σπεύδουσιν

246 3996 585 4063 ἀπαγγεῖλαι
640 3998 1047 4068 καταστροφὴν,
1099 3998 1195 4050 καὶ
1243 3996 1478 4059 ἄκοντας
1526 3996 1727 4059 αὑτοὺς
1780 3994 1940 4048 πάλιν

248 4084 515 4137 ἐκώλυσε.
548 4084 612 4136 Τί
639 4084 874 4156 δήποτε;
903 4087 1026 4139 Ὅτι
1056 4085 1291 4140 ἐνταῦθα
1325 4084 1424 4156 μὲν
1456 4084 1518 4139 τὸ
1537 4085 1701 4155 τάχος
1725 4083 1938 4154 βλάϐος,

249 4173 371 4224 ἐκεῖ
398 4172 455 4224 δὲ
482 4172 542 4224 τὸ
565 4172 726 4241 τάχος
750 4172 941 4243 κέρδος
962 4172 1147 4244 ἔφερε·
1172 4173 1260 4227 διά
1284 4172 1443 4226 τοῦτο
1475 4173 1726 4226 κάκεῖνον
1752 4170 1943 4241 ήπειξε

248 4260 341 4311 διὰ
371 4259 466 4311 τοῦ
493 4259 707 4331 κήτους,
730 4260 826 4313 κα)⁸
851 4259 941 4313 διά
962 4260 1073 4314 τῶν
1104 4262 1288 4315 ἵππων
1313 4260 1541 4323 τούτους
1569 4258 1939 4312 συνεπόδισεν.

262 4345 432 4415 Ὀρᾷς
482 4345 618 4399 Θεοῦ
664 4348 885 4416 σοφίαν;
932 4346 1022 4400 διὰ
1066 4347 1174 4400 τῶν
1226 4348 1569 4418 πραγμάτων
1615 4345 1818 4407 αὑτῶν,
1868 4338 1944 4397 ὧν

251 4431 487 4495 ἕκαστος
528 4433 752 4503 ἤλπισεν
799 4433 983 4487 ἀνύειν
1021 4433 1083 4486 τὸ
1130 4433 1491 4505 προκείμενον
1515 4444 1562 4498 ε,
1610 4431 1701 4484 διά
1740 4430 1942 4483 τούτων

256 4520 720 4591 συνεποδίσθησαν
742 4521 989 4584 ἕκαστος.
1025 4521 1262 4582 Ἐκεῖνος
1290 4519 1379 4572 διὰ
1406 4518 1500 4571 τοῦ
1545 4517 1730 4572 πλοίου
1766 4533 1938 4589 προσ-

255 4602 486 4673 ἐδόκησε
525 4608 847 4679 πτήσεσθαι,
871 4608 1043 4662 καὶτὸ
1078 4607 1257 4660 πλοῖον
1292 4606 1441 4676 αὑτῷ
1473 4604 1672 4676 δεσμὸς
1703 4606 1941 4673 ἐγένετο*

253 4688 345 4739 διὰ
376 4690 483 4742 τῶν
518 4693 698 4747 ἵππων
743 4691 888 4750 οῦτοι
928 4694 1331 4767 προσεδόκησαν
1376 4692 1675 4763 ταχύτερον
1713 4694 1942 4763 ὄψεσθαι

254 4776 350 4825 τὸν
390 4775 636 4843 βασιλέα,
672 4783 767 4834 καὶ
795 4785 849 4836 οἱ
878 4784 1033 4836 ἵπποι
1057 4782 1343 4851 γεγόνασιν
1366 4779 1615 4851 κώλυμα·
1652 4780 1855 4850 μᾶλλον
1886 4782 1945 4835 δέ

254 4862 353 4929 οὔχ
387 4864 434 4913 οἱ
465 4863 641 4924 ἵπποι,
671 4866 863 4939 ῶσπερ
894 4866 987 4924 οῦν
1029 4870 1138 4924 οὐδ’
1184 4869 1375 4939 ἐκείνῳ
1412 4868 1472 4921 τὸ
1514 4867 1716 4933 πλοῖον,
1754 4868 1871 4921 ἀλλ’
1911 4870 1945 4939 ἡ

255 4949 487 5018 πρόνοια
513 4950 608 5002 τοῦ
636 4951 771 5005 Θεοῦ
804 4957 1083 5027 πανταχοῦ
1119 4958 1295 5010 πάντα
1325 4956 1461 5027 μετά
1490 4955 1589 5026 τῆς
1626 4954 1833 5018 οἰκείας
1863 4957 1945 5008 οἱ·

258 5036 566 5105 κονομοῦσα
594 5039 805 5107 σοφίας.
833 5043 945 5096 Καὶ
970 5046 1163 5098 σκόπει
1187 5045 1534 5117 κηδεμονίαν,
1560 5044 1675 5107 πῶς
1700 5044 1795 5097 καὶ
1821 5044 1948 5112 ἐφό-

258 5129 329 5196 ϐη
338 5143 391 5179 σε
421 5127 515 5178 καὶ
544 5128 903 5198 παρεκάλεσε.
939 5133 1100 5204 Παρά
1134 5136 1231 5204 μὲν
1254 5136 1362 5207 γάρ
1387 5134 1558 5206 αὑτὴν
1583 5133 1682 5205 τὴν
1710 5132 1961 5203 ἡμέραν,

257 5218 347 5268 ὅτε
374 5214 440 5266 τά
474 5214 765 5285 παράνομα
807 5217 1077 5288 ἐτολμήθη
1111 5220 1288 5274 πάντα
1324 5225 1527 5288 ἐκεῖνα,
1561 5222 1717 5291 ἀφεὶς
1750 5223 1947 5284 αὐτοὺς

261 5300 494 5367 ἐξελθεῖν
524 5300 599 5361 ώς
624 5301 1072 5370 ἀπαγγελοῦντας
1102 5305 1181 5375 τῷ
1216 5307 1429 5376 βασιλεῖ
1459 5310 1528 5363 τὰ
1564 5309 1946 5381 συμϐεϐηκότα

262 5390 498 5446 ἅπαντα,
528 5384 605 5457 τῷ
636 5389 792 5458 τάχει
836 5392 937 5461 τῆς
974 5390 1154 5456 ἐξόδου
1197 5394 1407 5458 πάντας
1442 5397 1730 5469 ἐφόϐησεν·
1764 5396 1945 5469 ἐπειδὴ

261 5478 320 5530 δὲ
345 5474 602 5548 ἀπῆλθον,
630 5477 725 5529 καὶ
748 5476 841 5529 δύο
863 5480 957 5533 καὶ
977 5483 1124 5551 τρεῖς
1146 5480 1432 5551 ἀνήλωσαν
1454 5485 1690 5557 ἡμέρας,
1719 5486 1812 5539 καὶ
1837 5484 1948 5537 λοι-

264 5567 369 5618 πὸν
406 5563 635 5636 ματαίαν
663 5559 798 5617 εἶναι
836 5566 1159 5636 ἐνομίζομεν
1193 5567 1286 5621 τοῦ
1326 5570 1519 5640 ίερέως
1550 5574 1645 5626 τοῦ
1679 5573 1946 5647 ἡμετέρου

264 5650 366 5721 τὴν
395 5653 725 5726 ἀποδημίαν,
760 5648 899 5723 [76]
928 5654 1003 5717 ώς
1035 5654 1337 5725 ὑστερίζειν
1363 5656 1682 5726 μέλλοντος,
1712 5661 1833 5714 τότε
1856 5661 1947 5715 τὸν

327 5824 465 5889 {Sic
488 5824 794 5889 Savil.Vulg.
820 5825 969 5874 ἀποπ.
998 5827 1135 5879 Εοιτ.

331 5888 352 5952 _“
366 5888 377 5901 '
395 5890 552 5952 Savil.
590 5888 769 5952 ἔδομεν.

488 5947 769 6026 χρόνονλιῆς
784 5954 911 6026 ,ζωῆς
932 5951 1089 6023 αὐτῶν
1101 5954 1331 6026 τοιαῦτα,
1358 5958 1598 6026 καὶτοῦτο
1622 5958 1796 6022 μόνοις.
1833 5959 1943 6009 Mox

264 6010 463 6078 quidam
484 6010 637 6078 ἔργον,
661 6022 712 6064 εὶ
729 6010 850 6078 infra
874 6014 1068 6067 τούτους
1097 6010 1496 6078 δὲᾉέπειγομένους
1513 6022 1596 6068 ἀπ.

331 6069 355 6101 ο
382 6071 493 6121 εον.
509 6069 562 6123 τὸ
574 6069 988 6143 προσδοκώμενον,
1002 6081 1053 6125 el
1072 6069 1341 6139 siclogiséc'
1358 6069 1830 6147 vidcl'urintcrpres.
1846 6081 1932 6134 Ευ.

2024 768 2454 838 ἀφικνουμένους
2480 771 2613 841 πρὸς
2637 772 2783 840 ἡμᾶς
2800 768 2888 823 διά
2908 768 3007 840 τῆς
3038 766 3208 836 αὐτῆς
3234 766 3352 819 όδοῦ
3387 763 3458 818 τά
3484 763 3708 817 ἐκείνων

2024 853 2174 925 πάθη
2200 855 2366 908 πᾶσιν
2393 857 2525 925 ἡμῖν
2558 855 2875 925 ἀναγγεῖλαι
2903 852 3358 926 παρασκευάσας,
3387 853 3477 907 ἵνα
3513 850 3710 922 μικρὸν

2023 940 2475 1010 ἀναπνεύσωμεν·
2494 944 2629 1013 ὅπερ
2648 938 2742 997 οὖν
2771 944 2867 996 καὶ
2886 942 3123 1011 ἐγένετο,
3153 942 3250 994 καὶ
3272 940 3407 992 πολὺ
3438 939 3539 1008 τῆς
3562 939 3712 1005 ἀγω-

2024 1027 2144 1092 νίας
2186 1027 2502 1097 ἀπεθέμεθα
2551 1029 2737 1099 μέρος.
2776 1029 2962 1083 Ταῦτα
3003 1028 3355 1089 ἀκούσαντες,
3404 1027 3495 1079 τὸν
3536 1023 3712 1078 ταῦτα

2026 1115 2330 1185 ποιήσαντα
2373 1118 2861 1185 προσεκυνήσαμεν
2904 1116 3036 1169 Θεὸν
3074 1116 3150 1179 ώς
3192 1114 3450 1185 πατέρων
3493 1112 3713 1165 πάντων

2028 1201 2526 1273 φιλοστοργότερον·
2559 1204 2655 1255 καὶ
2677 1203 2771 1256 νῦν
2798 1205 2866 1257 τά
2888 1204 3008 1257 καθ’
3028 1204 3176 1273 ἡμᾶς
3194 1202 3445 1272 διέθηκεν
3475 1198 3711 1263 ἅπαντα,

2026 1290 2244 1361 ἀοράτῳ
2273 1291 2380 1343 τινὶ
2410 1291 2640 1362 δυνάμει
2672 1294 2798 1353 τοὺς
2855 1292 3117 1360 πονηροὺς
3158 1289 3382 1351 τούτους
3424 1285 3717 1356 κατασχὼν

2028 1377 2315 1445 ἀγγέλους,
2349 1378 2443 1432 καὶ
2479 1378 2762 1449 μονονουχὶ
2784 1378 2982 1445 λέγων’
3015 1379 3081 1431 Τί
3102 1376 3393 1441 σπεύδετε;
3414 1375 3543 1428 τίδέ
3565 1372 3698 1425 ἐπεί-

2028 1464 2191 1533 γεσθε
2222 1464 2376 1519 πόλιν
2401 1465 2659 1537 τοιαύτην
2697 1463 3113 1528 καταποντίζειν
3153 1464 3474 1535 μέλλοντες;
3508 1462 3583 1533 μή
3607 1461 3717 1534 γάρ

2029 1551 2322 1619 εὐαγγέλια
2353 1552 2610 1623 κομίζετε
2652 1553 2730 1624 τῷ
2769 1551 3011 1623 βασιλεῖ;
3057 1550 3265 1605 Μένετε
3293 1548 3483 1611 αὑτοῦ,
3520 1548 3626 1610 ἓως
3655 1540 3718 1599 οῦ

2029 1636 2122 1691 τὸν
2151 1636 2178 1673 ά
2214 1636 2521 1708 θεράποντα
2545 1639 2638 1692 τὸν
2661 1638 2815 1708 ἐμὸν,
2838 1637 3092 1708 καθάπερ
3122 1635 3308 1707 ίατρὸν
3336 1634 3581 1705 ἀριστον,
3606 1649 3719 1686 πα-

2034 1722 2359 1794 ρασκευάσω
2385 1722 2588 1792 φθάσαι
2621 1726 2715 1778 καὶ
2734 1725 2823 1777 τὸν
2849 1726 2875 1777 ὑ
2884 1725 3012 1794 μέτε
3022 1741 3111 1795 ρον
3134 1720 3576 1793 προκαταλαϐεῖν
3594 1718 3719 1790 δρό-

2036 1825 2157 1880 μον.
2190 1808 2255 1862 Et
2281 1808 2338 1861 δὲ
2366 1810 2424 1861 ἐν
2453 1811 2596 1881 ἀρχῇ
2634 1810 2728 1863 τοῦ
2760 1810 2860 1879 τῆς
2893 1810 3240 1882 παρανομίας
3265 1808 3457 1871 ἕλκους
3487 1805 3721 1876 τοσαύτη

2034 1894 2265 1963 πρόνοια
2307 1893 2522 1963 γέγονε,
2566 1894 2747 1966 πολλῷ
2795 1894 2996 1966 μᾶλλον
3049 1895 3191 1965 μετὰ
3240 1893 3337 1964 τὴν
3368 1892 3722 1964 ἐπιστροφὴν,

2036 1981 2176 2050 μετά
2212 1980 2312 2050 τὴν
2344 1981 2653 2051 μετάνοιαν,
2684 1982 2824 2052 μετά
2851 1982 2944 2036 τὸν
2971 1981 3225 2036 τοσοῦτον
3258 1979 3446 2049 φόϐον,
3480 1977 3620 2048 μετά
3656 1978 3723 2029 τὰ

2032 2069 2245 2140 δάκρυα
2272 2070 2367 2123 καὶ
2382 2070 2480 2134 τὰς
2500 2071 2667 2141 εὐχὰς
2688 2072 2933 2136 πλείονος
2956 2069 3379 2141 ἀπολαυσὸμεθα
3401 2068 3500 2137 τῆς
3521 2065 3722 2126 ἀδείας.

2048 2155 2107 2209 ’0
2138 2156 2236 2227 μὲν
2269 2156 2378 2227 γάρ
2407 2158 2590 2222 Ἰωνᾶς
2631 2159 2855 2222 είκότως
2896 2156 3279 2229 συνηλαύνετο,
3322 2157 3409 2209 ἴνα
3446 2157 3528 2218 είς
3565 2155 3716 2223 μετάο

2035 2260 2187 2296 νοιαν
2213 2243 2447 2316 ἐμϐάλῃ,
2482 2245 2641 2315 ὑμεῖς
2678 2246 2735 2298 δέ
2769 2246 2872 2316 ήδη
2912 2246 3010 2316 τὴν
3053 2245 3343 2316 μετάνοιαν
3376 2240 3729 2305 ἐπεδείξασθε

2037 2331 2132 2385 καὶ⁵
2161 2332 2364 2403 πολλὴν
2402 2332 2505 2403 τὴν
2546 2334 2905 2404 ἐπιστροφήν·
2952 2334 3033 2387 διὸ
3073 2333 3169 2386 καί⁵
3212 2330 3613 2402 παρακλήσεως
3648 2327 3730 2381 δεῖ

2035 2419 2243 2484 λοιπὸν,
2272 2421 2374 2473 οὐκ
2398 2419 2660 2489 ἀγγελίας
2683 2418 2912 2491 ἀπειλὴν
2935 2419 3186 2492 ἐχούσης.
3216 2417 3317 2472 Διά
3334 2415 3495 2471 τοῦτο
3518 2417 3611 2470 καὶ
3638 2417 3731 2468 τὸν

2037 2506 2219 2561 κοινὸν
2253 2505 2509 2560 ἐντεῦθεν
2542 2506 2808 2578 ἀνέστησε
2838 2506 3071 2578 πατέρα,
3111 2506 3288 2561 καίτοι
3320 2503 3532 2558 πολλῶν
3561 2503 3731 2556 όντων

2035 2592 2146 2646 τῶν
2180 2592 2521 2646 κωλυόντων·
2553 2596 2602 2647 εί
2630 2593 2688 2646 δὲ
2722 2592 2797 2665 μὴ
2823 2594 3065 2664 ἐφείδετο
3109 2594 3207 2665 τῆς
3245 2603 3269 2632 ο
3309 2591 3586 2664 σωτηρίας
3632 2590 3730 2661 τῆς

2035 2680 2334 2751 ἡμετέρας,
2368 2680 2469 2734 οὑκ
2505 2682 2570 2734 ἀν
2602 2682 2808 2734 ἐκεῖνον
2834 2680 3074 2747 ἔπεισεν,
3112 2679 3247 2735 ἀλλά
3280 2680 3375 2733 καὶ
3408 2678 3732 2750 βουλόμενον

2040 2768 2275 2835 ἐξελθεῖν
2308 2769 2581 2823 ἐκώλυσεν
2612 2771 2697 2825 ἀν.

2112 2864 2181 2927 γ’.
2219 2858 2369 2928 Ἔχω
2397 2875 2450 2911 τι
2476 2859 2571 2912 καὶ
2619 2858 2804 2930 τρίτον
2835 2860 3010 2912 είπεῖν
3044 2859 3343 2929 δυνάμενον
3366 2859 3510 2929 ὑμᾶς
3548 2858 3732 2913 πεῖσαι

2039 2944 2283 3018 θαρρεῖν,
2304 2947 2403 3018 τήν
2426 2947 2709 3019 παροῦσαν
2730 2947 2947 3018 ἐορτὴν,
2973 2947 3040 3018 ἡν
3066 2946 3157 2999 καὶ
3191 2946 3412 3000 ἄπιστοι
3455 2944 3731 2999 αίδοῦνται

2040 3032 2225 3103 σχεδὸν
2256 3035 2476 3098 πάντες,
2499 3036 2566 3105 ἦν
2592 3034 2687 3087 καὶ
2720 3034 2883 3097 αὐτὸς
2906 3037 2936 3087 6
2968 3034 3222 3106 θεοφιλὴς
3269 3034 3524 3104 βασιλεὺς
3555 3032 3731 3097 οὑτως

2038 3122 2236 3193 ᾐδέσθη
2272 3124 2367 3176 κα)⁵
2392 3123 2673 3193 ἐτίμησεν,
2701 3122 2778 3186 ῶς
2801 3122 3048 3185 ἅπαντας
3090 3124 3217 3185 τοὺς
3253 3123 3360 3194 πρὸ
3400 3120 3569 3175 αὑτοῦ
3612 3121 3731 3193 μετ’

2039 3209 2323 3274 εὐσεϐείας
2375 3211 2757 3282 κρατήσαντας
2810 3208 3215 3281 ὑπερϐαλέσθαι
3279 3208 3569 3279 βασιλέας.
3640 3207 3732 3261 ἐν

2036 3298 2267 3362 ταύταις
2294 3297 2427 3368 γοῦν
2453 3300 2574 3361 ταῖς
2603 3297 2839 3369 ἡμέραις
2879 3297 3101 3368 πέμψας
3145 3296 3432 3367 ἐπιστολὴν
3461 3298 3539 3359 εἰς
3565 3294 3732 3366 τιμὴν

2036 3384 2137 3455 τῆς
2194 3386 2411 3457 ἑορτῆς,
2462 3388 2590 3448 τοὺς
2654 3385 2717 3438 τὸ
2770 3385 3144 3456 δεσμωτήριον
3203 3383 3491 3447 οἰκοῦντας
3542 3382 3731 3453 σχεδὸν

2038 3472 2251 3543 ἀφῆκεν
2292 3471 2570 3534 ἅπαντας·
2620 3472 2714 3524 καὶ
2774 3471 2981 3543 ταύτην
3038 3473 3068 3525 6
3133 3473 3313 3541 ἱερεὺς
3369 3472 3399 3525 6
3458 3470 3729 3542 ἡμέτερος

2040 3557 2299 3611 είσελθὼν
2326 3558 2697 3627 ἀναγνώσεται
2729 3558 2829 3629 τὴν
2859 3557 3149 3628 ἐπιστολὴν
3183 3557 3321 3629 πρὸς
3351 3557 3445 3610 τὸν
3476 3555 3728 3628 βασιλέα,

2042 3646 2139 3699 καὶ
2163 3646 2270 3698 τῶν
2297 3647 2512 3699 οἰκείων
2541 3646 2701 3700 αὑτὸν
2742 3646 3050 3718 ἀναμνήσει
3090 3646 3293 3719 νόμιον,
3323 3647 3416 3699 καὶ
3448 3646 3567 3717 ἐρεῖ
3593 3644 3731 3717 πρὸς

2043 3735 2228 3796 αὑτὸν,
2285 3736 2368 3788 ὅτι
2425 3735 2499 3788 Σὺ
2552 3734 2747 3788 σαυτὸν
2794 3733 3209 3806 παρακάλεσον,
3266 3737 3362 3787 καὶ
3408 3732 3479 3786 τά
3531 3730 3729 3786 σαυτοῦ

2044 3821 2323 3892 μέμνησο·
2365 3821 2579 3875 οἴκοθεν
2614 3820 2758 3892 ἐχεις
2790 3821 2850 3874 τὸ
2890 3820 3242 3893 παράδειγμα
3284 3820 3387 3891 τῆς
3425 3818 3733 3891 φιλανθρω-

2041 3908 2203 3970 πίας·
2238 3907 2448 3961 δίκαιον
2475 3909 2573 3978 οὐχ
2602 3909 2748 3961 εῖλου
2776 3908 3001 3979 ποιῆσαι
3034 3908 3215 3976 φόνον,
3250 3906 3345 3959 καὶ
3378 3905 3562 3959 ἄδικον
3596 3908 3731 3959 ὑπο·-

2044 3995 2227 4063 μενεῖς
2283 3994 2661 4064 ἐργάσασθαι;
2724 3994 2850 4057 τοὺς
2907 3994 3306 4064 ἐληλεγμένους
3372 3993 3466 4047 καὶ
3514 3993 3734 4046 καταδι-

2042 4080 2344 4144 κασθέντας
2392 4082 2492 4153 τὴν
2547 4081 2740 4153 ἑορτήν
2800 4082 3071 4146 αἰδεσθεὶς
3127 4082 3384 4152 ἀφῆκας,
3445 4082 3541 4136 καὶ
3603 4082 3734 4146 τοὺς

2044 4167 2369 4232 ἀνευθύνους
2406 4169 2501 4222 καὶ
2533 4168 2698 4239 μηδὲν
2739 4169 3144 4240 τετολμηκότας
3190 4171 3566 4241 κατακρινεῖς,
3603 4168 3733 4224 εἰπέ

2049 4272 2160 4325 μοι,
2190 4254 2482 4309 καὶταῦτα
2514 4256 2613 4326 τῆς
2646 4257 2840 4327 ἐορτῆς
2879 4256 3190 4327 παρούσης;
3232 4255 3537 4328 Μηδαμῶς,
3571 4256 3733 4328 βασι-

2045 4343 2159 4397 λεῦ.
2196 4345 2269 4398 Σὺ
2315 4345 2404 4398 διά
2440 4345 2539 4415 τῆς
2581 4344 2869 4414 ἐπιστολῆς
2919 4344 3122 4415 ταύτης
3172 4343 3558 4415 διαλεγόμενος
3610 4348 3733 4410 ταῖς

2045 4431 2234 4483 πόλεσι
2280 4431 2479 4494 πάσαις
2510 4431 2695 4498 ἔλεγες
2725 4447 2738 4460 ·
2791 4430 2917 4484 Εἴθε
2974 4448 3065 4501 μοι
3116 4430 3341 4485 δυνατὸν
3373 4428 3443 4503 ἦν
3483 4433 3577 4485 καὶ
3604 4433 3733 4497 τοὺς

2043 4517 2273 4587 νεκροὺς
2303 4518 2607 4586 ἀναστῆσαι
2651 4517 2695 4571 ί.
2751 4517 2967 4587 Ταύτης
3012 4518 3245 4587 δεόμεθα
3286 4519 3384 4589 τῆς
3426 4518 3733 4589 φιλανθρω-

2046 4607 2195 4671 πίας,
2236 4605 2439 4659 τούτων
2467 4604 2697 4675 δεόμεθα
2727 4605 2835 4658 τῶν
2877 4604 3138 4676 ῥημάτων
3179 4604 3294 4660 νῦν.
3336 4608 3448 4676 Οὑχ
3482 4606 3628 4661 οὑτω
3668 4608 3731 4661 τὸ

2049 4695 2322 4765 κρατῆσαι
2357 4693 2630 4764 πολεμίων
2657 4692 2944 4764 λαμπροὺς
2984 4695 3128 4745 ποιεῖ
3158 4694 3283 4755 τοὺς
3319 4692 3730 4762 βασιλεύοντας,

2049 4782 2124 4844 ώς
2163 4782 2224 4834 τὸ
2272 4782 2542 4853 κρατῆσαι
2582 4779 2754 4851 θυμοῦ
2793 4781 2887 4834 καὶ
2930 4781 3125 4851 ὀργῆς·
3172 4783 3287 4833 ἐκεῖ
3326 4781 3425 4851 μὲν
3467 4782 3576 4854 γάρ
3620 4782 3729 4835 τῶν

2050 4870 2231 4923 ὃπλων
2262 4872 2353 4923 καὶ
2385 4870 2492 4923 τῶν
2525 4869 2872 4940 στρατιωτῶν
2906 4870 2967 4921 τὸ
3009 4869 3339 4940 κατόρθωμα
3372 4870 3601 4938 γίνεται,
3636 4872 3726 4924 ἐν-

2050 4958 2223 5012 ταῦθα
2260 4959 2315 5011 δὲ
2344 4959 2549 5027 γυμνὸν
2574 4959 2665 5011 σόν
2687 4961 2803 5011 ἐστι
2830 4957 2893 5009 τὸ
2917 4957 3195 5027 τρόπαιον,
3232 4960 3326 5011 καὶ
3356 4958 3545 5012 ούδένα
3583 4958 3727 5029 ἔχεις

2050 5047 2142 5100 τὸν
2174 5045 2527 5117 μεριζόμενον
2577 5044 2713 5115 μετά
2759 5043 2854 5097 σοῦ
2898 5044 2998 5114 τὴν
3040 5045 3137 5115 τῆς
3186 5044 3503 5115 φιλοσοφίας
3543 5045 3722 5111 δόξαν.

2063 5133 2401 5204 Ἐκράτησας
2433 5132 2672 5202 πολέμου
2723 5131 3083 5204 βαρϐαρικοῦ,
3117 5133 3388 5203 κράτησον
3426 5133 3521 5186 καὶ
3550 5132 3723 5204 θυμοῦ

2052 5220 2331 5291 βασιλικοῦ
2352 5238 2366 5251 ο
2408 5220 2726 5292 μαθέτωσαν
2754 5223 2804 5274 οί
2844 5222 3061 5277 ἄπιστοι
3095 5222 3293 5285 πάντες
3319 5221 3402 5273 ὅτι
3429 5222 3457 5273 6
3477 5220 3571 5275 τοῦ
3597 5223 3726 5293 Χρι-

2050 5309 2179 5363 στοῦ
2208 5310 2372 5380 φόϐος
2392 5312 2573 5365 πᾶσαν
2594 5311 2840 5377 ἐξουσίαν
2860 5310 3080 5365 δύναται
3117 5308 3393 5379 χαλινοῦν·
3429 5309 3521 5382 [77
3532 5313 3545 5381 ι
3576 5309 3725 5375 δόξα·

2052 5399 2144 5452 σόν
2172 5417 2263 5453 σου
2296 5401 2387 5453 τὸν
2416 5401 2841 5470 Δεσπότην,τοῖς
2862 5398 3162 5460 συνδούλοις
3195 5398 3356 5466 ἀφεὶς
3384 5399 3452 5452 τά
3481 5400 3724 5473 ἀμαρτή·

2054 5506 2219 5560 ματα,
2250 5488 2338 5541 ἵνα
2369 5489 2462 5542 καὶ
2487 5488 2648 5550 αὑτός
2680 5504 2738 5539 σε
2765 5485 2962 5558 δοξάσῃ
2990 5485 3272 5556 μειζόνως,
3300 5486 3388 5540 ἵνα
3410 5486 3617 5558 ἥμερόν
3639 5505 3722 5541 σοι

2051 5576 2194 5631 κατά
2222 5578 2318 5646 τὴν
2347 5576 2443 5644 τῆς
2467 5575 2697 5645 κρίσεως
2729 5572 2939 5644 ἡμέραν
2971 5572 3116 5645 δείξῃ
3152 5573 3211 5626 τὸ
3237 5573 3392 5645 ὄμμα
3421 5575 3516 5627 καὶ
3550 5575 3720 5647 γαλη-

2050 5666 2158 5730 νὸν,
2200 5664 2402 5731 ταύτης
2429 5661 2773 5731 μεμνημένος
2816 5678 2908 5713 σου
2947 5660 3049 5731 τῆς
3083 5661 3510 5732 φιλανθρωπίας.
3536 5662 3721 5717 Ταῦτα

2050 5754 2144 5808 καὶ
2178 5751 2397 5804 πλείονα
2428 5748 2634 5802 τούτων
2661 5750 2792 5819 ἐρεῖ,
2822 5750 2917 5802 καὶ
2954 5750 3167 5813 πάντως
3204 5751 3351 5821 ἡμᾶς
3380 5749 3719 5822 ἐξαιρήσεται

2112 5888 2138 5929 (ι
2166 5890 2260 5940 Alii
2285 5891 2374 5945 ἕως
2393 5889 2449 5936 ἂν
2470 5888 2567 5934 τόν.

2121 5957 2139 5975 ⁸
2164 5954 2261 6003 Alii
2288 5955 2323 6001 εἰ
2349 5954 2401 5999 δὲ
2425 5954 2487 6010 μὴ
2513 5950 2711 6005 ἐκήδετο
2736 5956 2834 6007 τῆς.

2118 6014 2135 6053 ῐ
2164 6014 2314 6064 Sam.
2340 6020 2395 6061 et
2416 6008 2589 6073 magna
2610 6024 2719 6072 pars
2742 6025 2856 6073 mss:
2880 6016 2989 6073 τοὺς
3007 6014 3288 6068 ἀπελθόντας
3306 6011 3472 6062 ἀναστ.
3488 6008 3596 6061 Mox
3619 6008 3701 6059 alii

2052 6079 2232 6129 τούτων
2257 6075 2417 6139 καιρὸς
2437 6071 2532 6123 τῶν
2566 6071 2787 6139 ῥημάτων
2806 6071 2902 6121 νῦν.
