4494 6668
796 438 869 496 85
1620 437 1680 493 S.
1718 432 2009 493 JOANNIS
2044 435 2460 495 CHRYSOSTO

2574 438 2901 498 AﬂCﬂlEP.
2941 438 3079 496 CON
3088 437 3496 497 STANTINOP.
4178 446 4257 504 86

788 552 890 623 τῆς
907 550 1097 624 ὀργῆς.
1119 551 1233 605 Οὐκ
1265 550 1347 615 είς
1377 550 1441 604 τὸ
1480 551 1665 605 πεῖσαι
1697 552 1756 606 δὲ
1795 551 1955 621 μόνον
1987 551 2077 605 τὸν
2112 551 2335 623 βασιλέα
2365 569 2463 622 με·

788 637 953 709 γίστη
982 639 1130 710 παρά
1147 638 1250 709 τῆς
1271 638 1524 711 νηστείας
1546 638 1747 709 ταύτης
1773 640 1906 709 ἡμῖν
1937 640 1968 707 ἡ
1997 640 2304 711 συμμαχία,
2330 637 2467 693 ἀλλά

790 725 886 778 καὶ
922 726 1003 788 είς
1038 725 1097 778 τὸ
1127 725 1390 793 γενναίως
1418 726 1659 793 ἐνεγκεῖν
1690 723 1763 777 τά
1790 724 2157 795 συμϐαίνοντα
2180 743 2195 755 ·
2233 727 2326 781 καὶ
2357 725 2466 797 γάρ

794 810 1139 885 παράκλησιν
1161 811 1225 864 οὐ
1244 812 1344 882 τὴν
1365 810 1635 880 τυχοῦσαν
1660 810 1767 863 ἀπὸ
1786 810 1882 864 τοῦ
1904 813 2102 883 καιροῦ
2126 813 2315 866 τούτου
2340 829 2467 883 καρ-

792 897 1062 969 πούμεθα.
1101 898 1243 952 Αὐτὸ
1281 898 1388 968 γάρ
1422 898 1483 950 τὸ
1518 897 1643 951 καθ’
1689 898 1926 968 ἐκάστην
1969 900 2182 969 ἡμέραν
2217 898 2466 966 συλλέγε-

793 984 939 1049 σθαι,
967 988 1061 1040 καὶ
1086 987 1184 1056 τῆς
1205 985 1313 1037 τῶν
1351 984 1513 1039 θείων
1550 984 1779 1057 Γραφῶν
1809 986 2125 1057 ἀκροάσεως
2150 985 2462 1051 ἀπολαύειν,

791 1074 887 1127 καὶ
932 1074 1193 1145 ἀλλήλους
1244 1072 1492 1144 βλέπειν,
1532 1074 1627 1127 καὶ
1668 1072 1805 1143 πρὸς
1850 1074 2112 1143 ἀλλήλους
2154 1072 2463 1142 ὀδύρεσθαι,

791 1161 885 1213 καὶ
911 1160 1238 1231 εὐχομένους
1266 1162 1363 1214 καὶ
1395 1161 1645 1229 εὐλογίας
1686 1159 2027 1232 δεχομένους.
2070 1161 2243 1224 οὑτως
2280 1160 2467 1214 οἴκαδε

788 1246 1031 1314 ἀπιέναι,
1077 1247 1140 1301 τὸ
1175 1249 1336 1302 πλέον
1374 1249 1509 1319 ἡμῖν
1555 1248 1921 1318 ὑποτέμνεται
1968 1249 2067 1317 τῆς
2118 1247 2332 1319 ὀδύνης.
2374 1248 2467 1320 Μὴ

786 1332 966 1387 τοίνυν
1000 1335 1422 1404 καταπέσωμεν,
1461 1334 1597 1405 μηδὲ
1637 1335 1922 1405 προδῶμεν
1956 1335 2183 1398 ἐαυτοὺς
2227 1336 2334 1387 ὑπὸ
2368 1337 2467 1404 τῆς

784 1419 1047 1488 ἀγωνίας,
1088 1420 1227 1475 ἀλλά
1271 1422 1524 1491 μένωμεν
1556 1422 1625 1474 τά
1656 1421 1869 1493 χρηστά
1908 1421 2335 1494 προσδοκῶντες,
2372 1420 2465 1473 καὶ

784 1506 1143 1578 προσέχωμεν
1174 1509 1290 1570 τοῖς
1323 1508 1657 1579 ῥηθήσεσθαι
1692 1508 1964 1579 μέλλουσι.
1996 1511 2107 1562 Καὶ
2139 1509 2249 1578 γάρ
2281 1507 2465 1578 βούλο-

786 1610 888 1663 μαι
912 1597 1150 1666 σήμερον
1182 1593 1314 1666 περὶ
1339 1595 1641 1666 ὑπεροψίας
1670 1596 1899 1650 θανάτου
1929 1597 2278 1668 διαλεχθῆναι
2302 1609 2329 1637 ι
2362 1596 2465 1649 πά-

783 1680 887 1735 λιν.
933 1677 1103 1735 Εἶπον
1133 1681 1263 1752 χθὲς
1303 1684 1431 1751 ὑμῖν
1469 1683 1553 1735 δτι
1588 1682 1682 1735 τὸν
1727 1683 1958 1737 θάνατον
1988 1685 2330 1755 δεδοίκαμεν,
2364 1685 2465 1737 οὐκ

782 1768 969 1838 ἐπειδὴ
999 1768 1227 1838 φοϐερός
1257 1769 1404 1821 ἐστιν
1426 1769 1657 1829 ἐκεῖνος,
1683 1768 1799 1821 ἀλλ’
1831 1771 2020 1839 ἐπειδὴ
2046 1770 2158 1824 οὑθ⁹
2179 1774 2209 1824 ό
2235 1773 2334 1839 τῆς
2369 1771 2463 1840 βα-

783 1853 986 1917 σιλείας
1008 1854 1154 1923 ἡμᾶς
1185 1853 1324 1925 ἔρως
1350 1854 1575 1924 ἀνῆψεν,
1599 1853 1721 1906 οὐτε
1743 1857 1771 1909 6
1788 1856 1889 1925 τῆς
1909 1856 2134 1925 γεέννης
2150 1856 2314 1924 φόϐος
2334 1873 2463 1909 κατ-

779 1940 961 2011 έσχεν,
1003 1943 1096 1993 καὶ
1131 1942 1271 2010 πρὸς
1316 1942 1550 2005 τούτοις,
1586 1943 1667 1994 ὃτι
1712 1942 1774 1994 τὸ
1814 1942 2053 2005 συνειδὸς
2116 1942 2219 1996 οὐκ
2266 1942 2461 2012 ἔχομεν

781 2027 1005 2095 ἀγαθόν.
1033 2027 1295 2080 Βούλεσθε
1324 2030 1419 2081 καὶ
1444 2030 1711 2099 τετάρτην
1742 2029 1883 2083 εἴπω
1903 2030 2083 2084 αἰτίαν
2108 2030 2208 2101 τῆς
2232 2030 2460 2101 ἀκαίρου

778 2114 979 2185 ταύτης
1008 2114 1245 2183 ἀγωνίας
1283 2115 1384 2168 οὐκ
1414 2115 1693 2178 ἐλάττονα,
1726 2117 1836 2169 τῶν
1866 2117 2147 2188 προτέρων
2169 2116 2462 2188 ἀληθεστέ-

783 2217 915 2273 ραν;
952 2202 1027 2257 Οὐ
1058 2202 1241 2273 ζῶμεν
1278 2204 1417 2274 μετά
1444 2203 1546 2274 τῆς
1569 2206 1954 2275 προσηκούσης
1982 2208 2096 2269 τοῖς
2118 2207 2465 2277 Χριστιανοῖς

780 2290 1228 2359 σκληραγωγίας,
1260 2290 1401 2345 ἀλλά
1432 2291 1523 2344 τὸν
1557 2292 1724 2361 ὑγρὸν
1751 2292 1943 2346 τοῦτον
1963 2295 2055 2347 καὶ
2082 2292 2463 2362 διαλελυμένον

778 2378 873 2430 καὶ
898 2377 1096 2448 χαῦνον
1121 2376 1475 2449 ἐζηλώσαμεν
1512 2378 1626 2447 βίον
1649 2402 1653 2406 ε
1683 2379 1764 2431 διὸ
1791 2379 1886 2433 καὶ
1913 2380 2141 2443 είκότως
2166 2382 2282 2443 τοῖς
2318 2396 2462 2450 παρ-

774 2464 927 2518 οῦσιν
958 2464 1444 2536 ἐμφιλοχωροῦμεν
1468 2465 1814 2534 πράγμασιν.

856 2552 946 2614 Ὠς
984 2553 1044 2605 ετ
1078 2568 1141 2620 γε
1188 2552 1247 2603 ἐν
1287 2552 1564 2620 νηστείαις
1601 2551 1698 2603 καὶ
1746 2552 2036 2622 παννυχίσι
2091 2554 2187 2605 καὶ
2215 2552 2462 2624 εὐτελείᾳ

774 2639 987 2710 διαίτης
1012 2641 1113 2711 τήν
1137 2640 1284 2711 ζωὴν
1302 2638 1591 2709 διηνύομεν
1612 2638 1841 2710 ταύτην,
1862 2641 1961 2702 τὰς
1986 2638 2282 2709 ἐπιθυμίας
2301 2639 2462 2710 ἡμῶν

776 2728 1136 2790 ἐκκόπτοντες
1173 2728 1273 2790 τὰς
1306 2726 1563 2790 ἀτόπους,
1601 2726 1701 2790 τὰς
1732 2725 1927 2795 ἡδοιάς
1979 2725 2300 2789 κωλύοντες,
2338 2726 2465 2788 τούς

778 2814 1012 2885 ῑδρῶτας
1042 2814 1143 2884 τῆς
1177 2814 1379 2884 ἀρετῆς
1406 2814 1795 2884 ὑπομένοντες,
1837 2814 1980 2865 κατά
2006 2813 2097 2865 τὸν
2123 2813 2337 2867 Παύλου
2373 2813 2463 2865 λό-

780 2918 879 2972 γον
911 2906 963 2943 ιθ
997 2902 1387 2965 ὑποπιέζοντες
1412 2901 1473 2954 τὸ
1508 2900 1669 2970 σῶμα
1709 2900 1805 2952 καὶ
1843 2898 2338 2967 δουλαγωγοῦντες,
2364 2901 2464 2969 τῆς

778 2990 981 3061 σαρκὸς
1006 2989 1259 3060 πρόνοιαν
1293 2991 1367 3059 μή
1394 2986 1704 3057 ποιούμενοι
1745 2988 1825 3049 είς
1856 2985 2179 3055 ἐπιθυμίας,
2207 2986 2307 3057 τὴν
2340 3004 2463 3039 στε-

777 3077 875 3148 νὴν
913 3077 1008 3132 καὶ
1052 3076 1424 3146 τεθλιμμένην
1477 3076 1596 3129 ὁδὸν
1644 3073 1942 3137 ὁδεύοντες,
1990 3074 2204 3144 ταχέως
2251 3074 2319 3127 ἀν
2353 3074 2462 3127 τῶν

777 3163 1080 3235 μελλόντων
1111 3162 1564 3233 ἐπεθυμήσαμεν,
1595 3160 1705 3213 τῶν
1736 3160 2022 3230 παρόντων
2070 3159 2251 3215 πόνων
2285 3160 2462 3214 ἀπαλο

772 3249 1008 3323 λαγῆναι
1035 3249 1377 3313 σπεύδοντες.
1408 3249 1519 3302 Καὶ
1541 3250 1625 3302 ὃτι
1656 3249 1716 3302 οὑ
1751 3246 1953 3318 ψευδὴς
1980 3250 2009 3301 6
2028 3248 2186 3317 λόγος
2211 3248 2241 3300 6
2264 3248 2464 3319 ἡμέτε-

776 3355 891 3411 ρος,
919 3336 1152 3409 ἀνάϐηθι
1186 3336 1325 3408 πρὸς
1359 3336 1459 3399 τάς
1496 3335 1745 3405 κορυφάς
1778 3334 1886 3389 τῶν
1916 3336 2112 3407 ὀρέων,
2157 3335 2255 3390 καὶ
2288 3336 2462 3389 κατά-

776 3426 921 3497 μαθε
977 3426 1105 3489 τοὺς
1161 3426 1280 3477 ἐκεῖ
1334 3423 1629 3495 μοναχοὺς,
1687 3424 1817 3485 τοὺς
1860 3423 1920 3475 tv
1964 3422 2174 3492 σάκκῳ,
2224 3422 2353 3485 τοὺς
2403 3424 2463 3475 ἐν

769 3512 1012 3584 δεσμοῖς,
1054 3512 1181 3575 τοὺς
1222 3510 1281 3563 ἐν
1328 3509 1626 3581 νηστείαις,
1677 3509 1807 3571 τοὺς
1864 3510 1923 3561 ἐν
1984 3508 2164 3579 σκότῳ
2226 3526 2462 3563 κατακε-

773 3598 1147 3669 κλεισμένους,
1174 3596 1271 3650 καὶ
1294 3596 1414 3665 ὄψει
1444 3596 1649 3658 πάντας
1682 3594 1881 3657 αὐτοὺς
1918 3595 2017 3664 τῆς
2046 3592 2310 3663 τελευτῆς
2344 3595 2465 3647 ἐπι-

772 3685 1103 3759 θυμοῦντας,
1121 3687 1218 3739 καὶ
1234 3684 1545 3738 ἀνάπαυσιν
1571 3682 1634 3734 τὸ
1657 3683 1893 3752 πρᾶγμα
1921 3680 2241 3744 καλοῦντας.
2271 3681 2460 3735 Καθά-

773 3789 880 3844 περ
926 3772 1037 3844 γάρ
1080 3771 1110 3823 6
1154 3770 1441 3824 πυκτεύων
1489 3768 1773 3836 ἐπείγεται
1819 3768 1914 3821 τοῦ
1952 3766 2165 3820 σταδίου
2198 3767 2459 3835 ἐξελθεῖν,

774 3864 863 3917 ῖνα
888 3861 1178 3931 ἀπαλλαγῇ
1211 3859 1320 3913 τῶν
1338 3858 1685 3930 τραυμάτων
1708 3858 1801 3910 καὶ
1834 3858 1863 3909 6
1899 3855 2139 3927 ἀθλητής
2163 3858 2461 3929 ἀναστῆναι

770 3952 832 4005 τὸ
856 3950 1083 4020 θέατρον
1105 3947 1386 4018 ἐπιθυμεῖ,
1420 3948 1509 4000 ἴνα
1545 3944 1882 4015 ἐλευθερωθῇ
1923 3944 2035 3997 τῶν
2073 3946 2283 3998 πόνων·
2317 3943 2461 3997 οῦτω

770 4038 866 4093 καὶ
890 4041 919 4092 6
945 4040 1004 4091 tv
1039 4035 1261 4108 σκληρῷ
1289 4036 1385 4089 καὶ
1415 4035 1742 4106 τραχυτάτῳ
1780 4032 1883 4102 βίῳ
1920 4032 2029 4095 ζῶν
2081 4033 2200 4102 μετ’
2234 4031 2459 4103 ἀρετῆς,

771 4126 1031 4196 ἐπιθυμεῖ
1057 4126 1158 4195 τῆς
1184 4125 1464 4194 τελευτῆς,
1511 4125 1602 4177 ἵνα
1645 4124 1741 4174 καὶ
1781 4121 1893 4174 τῶν
1943 4121 2125 4173 πόνων
2167 4121 2460 4192 ἀπαλλαγῇ

771 4215 883 4270 τῶν
915 4213 1224 4285 παρόντων,
1251 4214 1348 4265 καὶ
1380 4210 1525 4282 ὑπὲρ
1554 4209 1663 4263 τῶν
1697 4208 2077 4278 ἀποκειμένων
2117 4207 2216 4278 ἔχῃ
2266 4209 2463 4276 στεφά-

770 4321 879 4358 νων
915 4303 1139 4375 θαρρεῖν
1172 4299 1309 4372 πρὸς
1344 4299 1434 4351 τὸν
1469 4296 1645 4351 εὑδιον
1692 4296 2075 4359 καταπλεύσας
2102 4294 2317 4365 λιμένα,
2368 4297 2460 4348 καὶ

770 4392 890 4444 ἐκεῖ
916 4388 1212 4461 μεταστάς,
1252 4384 1381 4439 ἔνθα
1414 4384 1601 4438 λοιπὸν
1639 4384 1739 4436 οὐκ
1776 4382 1922 4435 ἐστιν
1964 4382 2304 4435 ὑποπτεῦσαι
2336 4398 2462 4433 ναυ-

770 4479 948 4546 άγιον.
976 4477 1076 4530 Διά
1098 4475 1258 4529 τοῦτο
1287 4475 1382 4527 καὶ
1405 4476 1433 4527 6
1458 4473 1591 4535 Θεὸς
1621 4472 1879 4525 ἐπίπονον
1919 4470 2080 4539 φύσει
2120 4471 2215 4523 καὶ
2252 4469 2459 4540 μοχθη-

774 4567 868 4638 ρδν
899 4566 992 4619 τὸν
1027 4564 1141 4635 βίον
1178 4562 1337 4633 ἡμῶν
1364 4559 1789 4622 κατεσκεύασεν,
1825 4559 1913 4612 ἴνα
1940 4559 2046 4611 ὑπὸ
2087 4558 2187 4629 τῆς
2226 4557 2460 4611 ἐνταῦθα

773 4652 1179 4723 συνωθούμενοι
1203 4649 1460 4719 θλίψεως,
1495 4646 1792 4716 ἐπιθυμίαν
1814 4645 1923 4697 τῶν
1957 4645 2257 4714 μελλόντων
2286 4645 2461 4698 λάϐω-

777 4757 897 4811 μεν.
929 4739 992 4792 Et
1020 4737 1129 4809 γάρ
1156 4736 1253 4789 νῦν
1280 4733 1555 4788 τοσούτων
1578 4732 1747 4785 όντων
1772 4730 1881 4783 τῶν
1912 4730 2197 4801 λυπηρῶν,
2231 4733 2324 4784 καὶ
2353 4750 2461 4784 κω.

772 4826 967 4889 δύνων,
1002 4827 1096 4880 καὶ
1135 4823 1320 4893 φόϐων
1355 4823 1451 4875 καὶ
1483 4818 1781 4891 φροντίδων
1814 4816 2081 4870 πάντοθεν
2124 4819 2275 4888 ἡμᾶς
2310 4835 2463 4887 περι-

776 4913 1231 4986 στοιχιζομένων,
1283 4908 1457 4973 οῦτως
1509 4904 1999 4977 ἐμφιλοχωροῦμεν
2066 4908 2133 4976 τῇ
2210 4907 2461 4976 παρούσῃ

776 5005 911 5073 ζωῇ,
937 4998 1052 5074 [78]
1083 5001 1132 5053 εί
1172 4998 1338 5069 μηδὲν
1364 4997 1568 5050 τούτων
1590 4991 1680 5066 ῆν,
1709 4994 1824 5048 ἀλλ’
1848 4993 2054 5057 ἄλυπός
2081 5011 2167 5054 τις
2197 4994 2294 5047 καὶ
2328 4995 2461 5047 ἀτιι⁹

775 5091 1051 5162 λαίπωρος
1082 5090 1111 5142 6
1146 5086 1260 5157 βίος
1292 5087 1422 5156 ἡμῖν
1461 5084 1606 5148 ἄπας
1636 5084 1866 5151 ἐγίνετο,
1908 5081 2038 5136 πότε
2076 5082 2143 5135 ἂν
2184 5081 2463 5153 ἐπεθυμή.

779 5195 953 5249 σαμεν
980 5176 1092 5231 τῶν
1127 5174 1432 5246 μελλόντων
1454 5189 1469 5238 ;

850 5264 914 5320 δ’.
942 5265 1097 5318 Οῦτω
1123 5264 1218 5316 καὶ
1257 5260 1529 5323 Ἰουδαίοις
1551 5258 1803 5328 ἐποίησεν
1830 5258 2001 5322 όθεός
2019 5276 2032 5289 ·
2058 5258 2154 5311 καὶ
2183 5257 2293 5329 γάρ
2320 5256 2461 5309 ἐκείο

779 5371 905 5418 νους
942 5352 1261 5422 βουλόμενος
1293 5352 1373 5413 είς
1406 5347 1701 5417 ἐπιθυμίαν
1746 5346 2001 5415 ἐμϐαλεῖν
2042 5346 2141 5417 τῆς
2176 5344 2462 5407 ἐπανόδου,

783 5442 875 5497 καὶ
909 5442 1095 5494 πεῖσαι
1128 5439 1353 5509 μισῆσαι
1381 5437 1479 5508 τὴν
1509 5436 1803 5504 Αἴγυπτον,
1832 5434 2174 5505 συνεχώρησε
2202 5432 2282 5503 τῷ
2310 5431 2464 5501 πηλῷ

780 5530 879 5585 καὶ
1019 5526 1269 5597 πλινθεία
1311 5524 1801 5596 ταλαιπωρεῖσθαι,
1840 5522 1925 5575 ἵνα
1968 5523 2045 5591 τῷ
2081 5522 2305 5593 μεγέθει
2354 5520 2463 5573 τῶν

782 5618 963 5671 πόνων
983 5615 1082 5668 καὶ
1104 5614 1204 5684 τῆς
1234 5613 1609 5683 ταλαιπωρίας
1641 5612 1858 5682 ἐκείνης
1894 5611 2187 5681 ἀγχόμενοι
2224 5609 2463 5679 βοήσωσι

784 5704 921 5776 πρὸς
957 5704 1051 5758 τὸν
1085 5702 1219 5755 Θεὸν
1262 5702 1390 5771 περὶ
1434 5701 1535 5772 τῆς
1570 5698 1853 5753 ἐπανόδου.
1895 5699 1957 5751 Εἰ
2001 5701 2107 5769 γάρ
2146 5697 2211 5768 δὴ
2256 5698 2462 5751 τούτων

782 5791 1090 5862 γενομένων
1123 5788 1428 5856 ἐξελθόντες
1472 5787 1633 5841 πάλιν
1679 5788 1987 5858 ἐμέμνηντο
2025 5788 2121 5855 τῆς
2161 5787 2458 5853 Αἰγύπτου,

847 5948 877 5977 ⁸
901 5946 984 5997 Sic
1003 5945 1153 6005 Savil.
1178 5946 1359 5995 mclms
1392 5958 1535 6005 quam
1554 5946 1685 6005 vulg.
1710 5945 2044 6005 διαλεχθῶμεν.
2072 5944 2207 5992 lion.

849 6009 902 6043 ⁸⁸
923 6004 1021 6060 Alii
1043 6008 1164 6057 κατά
1187 6009 1267 6058 τὸν
1286 6004 1496 6057 Παῦλον.
1525 6004 1819 6059 Ιιήάίδυὶι.
1844 6004 2209 6063 ὑπωπιάζοντες.

2574 558 2671 610 καὶ
2689 555 2791 627 τῆς
2814 552 3057 626 χαλεπῆς
3077 555 3320 620 δουλείας
3344 558 3438 610 καὶ
3463 556 3598 625 πρὸς
3619 555 3717 626 τήν
3745 555 4020 627 προτέραν
4047 575 4259 631 τυραν-

2573 640 2693 696 νίδα
2725 641 3085 714 ὑποστρέφειν
3116 644 3427 711 ἠπείγοντο,
3462 647 3511 698 εί
3552 645 3628 714 μὴ
3663 642 3917 695 τοιούτων
3950 644 4255 716 ἐπειράθη-

2575 740 2677 781 σαν
2711 729 2823 784 τῶν
2877 727 3186 801 βαρϐάρων,
3245 732 3379 783 πότε
3428 731 3495 785 ἂν
3548 733 3762 802 ἀφεῖναι
3812 727 3910 800 τὴν
3957 729 4255 802 ἀλλοτρίαν

2573 812 2879 886 ἡθέλησαν;
2915 818 3030 870 Ἱνα
3072 811 3165 867 οῦν
3198 816 3294 868 καὶ
3328 819 3491 886 ἡμεῖς
3522 818 3597 889 μή
3629 821 3691 889 τῇ
3720 820 3790 889 γῇ
3834 814 4254 886 προσηλωμένοι

2572 901 2830 971 καὶπρὸς
2860 904 2930 955 τά
2961 902 3202 972 παρόντα
3241 904 3529 971 κεχηνότες
3571 905 3845 975 ἀλγῶμεν,
3885 903 3977 955 καὶ
4021 902 4253 955 ἐπιλανο

2573 983 2865 1056 θανώμεθα
2916 988 3028 1041 τῶν
3077 985 3410 1059 μελλόντων,
3474 991 3750 1062 μοχθηρὸν
3804 992 3933 1062 ἡμῖν
3990 988 4084 1041 τὸν
4133 988 4252 1057 βίον

2572 1073 2830 1142 ἐποίησεν
2862 1076 2891 1125 ό
2928 1073 3081 1137 Θεός,
3132 1072 3223 1145 Μὴ
3258 1072 3436 1125 τοίνυν
3488 1077 3873 1149 περιεχώμεθα
3911 1078 3939 1118 δ
3974 1076 4120 1147 πέρα
4149 1076 4250 1129 τοῦ

2571 1160 2779 1223 δέοντος
2804 1162 2903 1231 τῆς
2928 1163 3212 1234 παρούσης
3239 1159 3405 1229 ζωῆς.
3430 1158 3496 1213 Τί
3529 1163 3640 1232 γάρ
3669 1166 3862 1233 ὄφελος
3883 1167 4050 1237 ἡμῖνς
4090 1164 4248 1215 ποῖον

2572 1247 2629 1301 δέ
2669 1248 2859 1319 κέρδος
2901 1251 2966 1301 ἐκ
3002 1250 3095 1303 τοῦ
3130 1247 3510 1321 προσηλῶσθαι
3551 1250 3671 1318 μεθ’
3702 1254 4008 1324 ὑπερϐολῆς
4045 1254 4114 1321 τῇ
4152 1250 4252 1303 τοῦ

2574 1334 2839 1403 παρόντος
2871 1334 2986 1403 βίου
3026 1334 3324 1407 ἐπιθυμίας
3364 1334 3551 1389 Βούλει
3591 1335 3784 1404 μαθεῖν
3810 1339 3899 1393 διά
3932 1341 3985 1393 τί
4028 1337 4191 1392 καλὸν
4216 1338 4251 1406 ἡ

2574 1422 2825 1492 παροῦσα
2860 1421 3007 1492 ζωὴς
3039 1422 3165 1474 "Ut:
3188 1424 3287 1493 τῆς
3320 1422 3621 1493 μελλούσης
3659 1422 3806 1493 ζωῆς
3833 1428 3967 1494 ἡμῖν
3997 1424 4253 1484 ὑπόθεσις

2571 1507 2784 1574 γίνεται
2818 1509 2909 1561 καὶ
2938 1507 3180 1579 ἀφορμὴ,
3212 1510 3304 1563 καὶ
3340 1510 3573 1580 σκάμμα
3602 1510 3698 1563 καὶ
3744 1510 3956 1563 στάδιον
3988 1513 4097 1564 τῶν
4135 1512 4255 1564 ἐκεῖ

2573 1595 2854 1663 στεφάνων
2895 1596 3068 1649 ἐστίν·
3113 1596 3190 1659 ὡς
3235 1598 3283 1649 εί
3329 1596 3405 1667 μὴ
3442 1596 3599 1649 τοῦτο
3639 1595 3913 1665 παράσχοι
3957 1600 4113 1667 ἡμῖν,
4146 1617 4254 1669 μυ-

2573 1682 2704 1750 ρίων
2744 1682 2989 1735 θανάτων
3036 1683 3183 1735 ἐστὶν
3208 1682 3564 1752 ἐλεεινοτέρα.
3603 1679 3664 1733 El
3708 1679 3817 1750 γάρ
3865 1680 3941 1750 μὴ
3983 1684 4253 1754 μέλλομεν

2570 1766 2774 1830 ζῶντες
2805 1767 3063 1838 ἀρέσκειν
3093 1768 3234 1840 Θεῷ,
3275 1769 3478 1840 βέλτιον
3509 1766 3805 1820 ἀποθανεῖν
3848 1778 3897 1821 ε.
3938 1767 4005 1819 Τί
4046 1770 4155 1841 γὰρ
4187 1770 4254 1823 τὸ

2570 1854 2763 1919 πλέον;
2803 1855 2858 1907 τί
2890 1855 2952 1907 τὸ
3000 1858 3294 1927 περιττόν;
3329 1858 3465 1926 Οὐχὶ
3497 1854 3587 1907 τὸν
3626 1854 3787 1907 αὑτὸν
3826 1853 3979 1923 ἡλιον
4015 1858 4110 1908 καὶ
4150 1857 4251 1927 τὴν

2569 1941 2740 2013 αὐτὴν
2770 1942 3005 2014 σελήνην
3045 1945 3169 1998 καθ’
3204 1946 3442 2015 ἑκάστην
3467 1944 3678 2014 ἡμέραν
3704 1942 3954 2013 όρῶμενς
4000 1943 4121 2013 οὐχὶ
4158 1946 4257 1999 τὸν

2571 2030 2733 2083 αὐτὸν
2764 2030 3009 2101 χειμῶνα
3034 2048 3048 2095 ;
3085 2032 3208 2100 οὐχὶ
3232 2033 3293 2084 τὸ
3324 2032 3459 2086 αὐτὸ
3481 2032 3666 2102 θέρος;
3693 2030 3814 2098 οὐχὶ
3846 2031 3914 2081 τά
3936 2030 4080 2082 αὑτά
4109 2033 4255 2102 πρά-

2570 2134 2791 2185 γματα;
2843 2118 2904 2172 Τί
2941 2118 3007 2170 τὸ
3049 2119 3337 2186 γεγονόςς
3378 2118 3528 2171 αὐτὸ
3582 2118 3648 2171 τὸ
3698 2117 4125 2186 γενησόμενον.
4185 2120 4251 2173 Τί

2571 2202 2638 2255 τὸ
2667 2202 3107 2273 πεποιημένον;
3134 2202 3283 2257 αὐτὸ
3313 2203 3382 2256 τὸ
3415 2205 3916 2273 ποιηθησόμενον.
3947 2202 4038 2271 Μὴ
4067 2202 4253 2257 τοίνυν

2575 2293 2711 2361 μήτε
2759 2293 2883 2354 τοὺς
2931 2292 3139 2357 ζῶντας
3192 2289 3381 2353 ἀπλῶς
3446 2292 3870 2362 μακαρίζωμεν,
3930 2290 4067 2360 μήτε
4123 2291 4255 2354 τοὺς

2570 2376 3014 2448 ἀποθνήσκοντας
3048 2377 3355 2449 θρηνῶμεν·
3390 2377 3529 2430 ἀλλά
3560 2381 3688 2441 τοὺς
3730 2378 3828 2449 μὲν
3859 2379 3917 2430 ἐν
3954 2376 4253 2447 ἁμαρτίαις

2568 2462 2748 2526 ὄντας,
2786 2462 2889 2515 κᾶν
2923 2462 3056 2525 ζῶσι
3095 2464 3160 2527 ἀ,
3211 2464 3315 2517 κᾶν
3357 2464 3805 2534 τετελευτηκότες
3841 2458 4006 2529 ῶσιν,
4048 2461 4254 2533 όδυρὼ-

2572 2549 2713 2619 μεθα
2732 2568 2746 2581 ·
2776 2551 2903 2614 τοὺς
2930 2551 2987 2604 δέ
3019 2554 3075 2603 tv
3106 2550 3420 2624 δικαιοσύνῃ
3455 2550 3848 2621 μακαρίξωμεν
3879 2552 4057 2610 πάλιν,
4086 2552 4254 2603 ὅπου·

2572 2653 2678 2707 περ
2710 2635 2777 2689 ἂν
2804 2636 3041 2705 τύχωσιν
3065 2637 3235 2700 ὄντες.
3262 2638 3335 2691 Σὺ
3368 2638 3465 2708 μὲν
3490 2632 3583 2690 οὗν
3611 2638 3708 2691 ἕνα
3727 2638 3970 2701 δέδοικας
4000 2638 4252 2701 θάνατον,

2574 2722 2668 2773 καὶ
2698 2723 2937 2793 θρηνεῖς⁶
2964 2724 2992 2774 ό
3018 2722 3228 2786 Παῦλος
3256 2723 3313 2776 δὲ
3339 2724 3459 2777 καθ’
3496 2724 3733 2793 ἑκάστην
3764 2724 3979 2794 ἡμέραν
4010 2723 4254 2793 ἀποθνὴ-

2575 2826 2719 2861 σκων
2746 2810 2809 2861 οὐ
2842 2809 3002 2879 μόνον
3034 2810 3135 2862 οὐκ
3168 2809 3398 2880 ἐδάκρυε
3437 2809 3528 2862 διὰ
3562 2808 3738 2867 τοῦτο.
3775 2810 3911 2863 ἀλλά
3943 2811 4037 2864 καὶ
4064 2811 4253 2880 ἔχαιρε

2574 2898 2664 2948 καὶ
2692 2897 2977 2965 ἠγάλλετο.
3002 2896 3129 2950 Εἴθε
3152 2895 3307 2965 κάγὼ
3333 2897 3420 2950 διά
3445 2898 3534 2950 τὸν
3554 2897 3687 2949 Θεὸν
3708 2897 4065 2960 ἐκινδύνευον,
4094 2898 4253 2967 φησὶ,

2574 2983 2665 3034 καὶ
2694 2984 2795 3035 οὐκ
2824 2984 2889 3036 ἂν
2917 2984 3234 3056 ἐφρόντισα.
3291 2984 3451 3037 Ἀλλά
3474 2986 3604 3055 μηδὲ
3624 2985 3718 3038 νῦν
3756 2985 4073 3055 καταπέσης
4091 3002 4104 3014 ·
4132 2984 4255 3037 οὑδέ

2572 3071 2680 3139 γάρ
2720 3070 2880 3138 μόνον
2912 3071 2941 3122 6
2972 3071 3062 3125 διὰ
3106 3071 3199 3123 τὸν
3246 3070 3381 3124 Θεόν
3417 3088 3471 3124 τι
3520 3073 3742 3141 πάσχων
3783 3072 4081 3141 εὐδοκιμεῖ,
4118 3070 4257 3123 άλλά

2572 3158 2665 3209 καὶ
2694 3160 2723 3210 6
2751 3156 2949 3221 ἀδίκως
2985 3176 3039 3211 τι
3085 3158 3334 3227 πάσχων,
3366 3159 3463 3211 καὶ
3508 3159 3686 3230 φέρων
3712 3159 3995 3227 γενναίως.
4029 3158 4123 3211 καὶ
4166 3158 4257 3210 εὑ-

2571 3244 2845 3314 χαριστῶν
2868 3244 2945 3315 τῷ
2978 3246 3349 3317 συγχωροῦντι
3383 3246 3525 3316 Θεῷ,
3549 3246 3650 3299 οὐκ
3673 3246 3907 3299 ἐλάττων
3932 3246 4027 3299 τοῦ
4052 3246 4139 3298 διά
4162 3244 4255 3297 τὸν

2570 3330 2704 3383 Θεὸν
2745 3331 2921 3386 ταῦτα
2958 3332 3260 3403 πάσχοντός
3281 3334 3449 3387 ἐστιν.
3484 3334 3637 3385 Ἐπεὶ
3654 3334 3791 3386 καὶὸ
3828 3332 4096 3403 μακάριος
4133 3330 4254 3384 Ἰὼϐ

2570 3420 2669 3479 τάς
2691 3419 2894 3481 πολλάς
2926 3421 3021 3473 καὶ
3047 3421 3351 3490 ἀφορήτους
3375 3419 3593 3482 ἐκείνας
3647 3419 3860 3491 πληγάς
3889 3420 4128 3483 ἐδέξατο,
4155 3418 4253 3471 τοῦ

2571 3506 2818 3560 διαϐόλου
2849 3506 3026 3576 μάτην
3052 3506 3146 3557 καὶ
3165 3506 3287 3575 είκῆ
3318 3505 3411 3558 καὶ
3439 3505 3625 3564 άπλῶς
3652 3504 4114 3569 ἐπιϐουλεύοντος,
4139 3505 4253 3558 ἀλλ’

2572 3597 2721 3665 ὅμως
2741 3592 2929 3664 ἐπειδὴ
2955 3594 3217 3661 γενναίως
3233 3594 3452 3663 ήνεγκε,
3482 3595 3578 3647 καὶ
3600 3593 3972 3665 ηύχαρίστησε
3987 3592 4066 3661 τῷ
4082 3592 4257 3645 ταῦτα

2572 3679 2945 3753 συγχωροῦντι
2982 3678 3122 3749 Θεῷ,
3158 3678 3453 3750 ὁλόκληρον
3484 3680 3576 3733 τὸν
3625 3679 3887 3749 στέφανον
3930 3678 4253 3749 ἀνεδήσατο.

2641 3768 2732 3837 Μὴ
2760 3767 2945 3820 τοίνυν
2972 3764 3145 3819 λυποῦ
3174 3764 3267 3817 διά
3305 3764 3400 3817 τὸν
3426 3764 3682 3819 θάνατον·
3722 3765 3937 3833 φύσεως
3968 3766 4078 3835 γάρ
4103 3766 4249 3816 ἐστι·

2568 3851 2741 3906 λυποῦ
2778 3852 2846 3905 δι’
2882 3852 3192 3922 άμαρτίαν·
3236 3850 3609 3921 προαιρέσεως
3642 3851 3752 3923 γάρ
3782 3852 3845 3905 τὸ
3876 3851 4150 3921 ἔγκλημα.
4186 3851 4253 3903 Ei

2568 3939 2625 3991 δὲ
2650 3938 2795 4008 λυπῇ
2828 3938 2918 3991 διά
2948 3939 3077 4000 τοὺς
3106 3935 3503 3999 ἀποθανόντας,
3544 3936 3699 4006 ἄλγει
3733 3938 3827 3991 καὶ
3864 3937 3951 3991 διά
3979 3938 4104 3999 τοὺς
4136 3953 4255 4004 γεν-

2570 4026 2872 4095 νωμένους·
2903 4025 3092 4096 ῶσπερ
3119 4024 3229 4096 γὰρ
3260 4022 3423 4078 τοῦτο
3453 4024 3689 4094 φύσεως,
3718 4024 3862 4078 οῦτω
3890 4026 4112 4078 κάκεῖνο
4146 4023 4252 4091 φύ-

2573 4130 2732 4177 σεως.
2766 4113 2865 4166 ’Δν
2892 4112 3070 4165 τοίνυν
3114 4112 3390 4185 ἀπειλὴσῃ
3424 4130 3509 4175 τις
3549 4110 3799 4176 θάνατον,
3844 4111 3966 4164 είπέ
4000 4110 4136 4180 πρὸς
4158 4112 4254 4164 αὑ-

2568 4200 2683 4252 τόν·
2732 4199 3086 4267 Ἐπαιδεύθην
3125 4200 3277 4273 παρά
3296 4198 3393 4252 τοῦ
3432 4197 3672 4272 Χριστοῦ
3713 4198 3787 4269 μὴ
3829 4196 4111 4266 φοϐεῖσθαι
4144 4197 4255 4249 ἀπὸ

2568 4287 2678 4339 τῶν
2703 4287 3129 4341 ἀποκτεινόντων
3143 4286 3206 4339 τὸ
3231 4286 3412 4355 σῶμα,
3442 4285 3540 4356 τὴν
3560 4284 3617 4339 δὲ
3638 4284 3817 4356 ψυχὴν
3846 4283 3921 4354 μὴ
3939 4284 4254 4353 δυναμένων

2570 4375 2907 4427 ἀποκτεῖναι.
2938 4373 3054 4445 [79]
3086 4376 3183 4426 “Av
3206 4372 3400 4443 ἀπειλῇ
3427 4373 3695 4443 δήμευσιν
3724 4370 3933 4433 οὐσίας,
3962 4370 4083 4423 είπέ
4117 4369 4253 4441 πρὸς

2571 4463 2732 4515 αὐτόν
2759 4481 2770 4492 ·
2834 4462 3078 4529 Γυμνὸς
3124 4460 3393 4528 ἐξῆλθον
3435 4460 3505 4514 ἐκ
3552 4461 3787 4525 κοιλίας
3828 4458 4055 4541 μητρός
4092 4475 4249 4526 μου,

2572 4552 2796 4617 γυμνὸς
2836 4550 2934 4601 καί
2979 4549 3407 4617 ἀπελεύσομαι·
3473 4548 3667 4602 Οὐδὲν
3706 4546 4142 4615 εἰσηνέγκαμεν
4163 4548 4251 4611 είς

2571 4636 2677 4691 τὸν
2714 4638 2948 4705 κόσμεν
2990 4637 3225 4701 τοῦτον,
3269 4636 3463 4704 δῆλον
3510 4637 3599 4689 ὅτι
3642 4635 3785 4689 οὐδὲ
3830 4633 4169 4701 ἐξενεγκεῖν
4197 4652 4251 4687 τι

2568 4725 2990 4794 δυνησόμεθα·
3049 4722 3151 4776 κάν
3206 4723 3280 4794 μὴ
3347 4726 3410 4777 σὺ
3470 4724 3663 4796 λάϐῃς,
3722 4724 3952 4786 θάνατος
4005 4725 4250 4778 ἐπελθὼν

2571 4815 2829 4885 λήψεται·
2890 4813 2993 4866 κάν
3050 4812 3125 4882 μὴ
3168 4812 3231 4864 σὺ
3274 4812 3520 4883 σφάξης,
3577 4815 3603 4865 6
3667 4813 3766 4883 τῆς
3819 4810 4034 4879 φύσεως
4096 4814 4250 4865 ἐπελ-

2572 4902 2680 4955 θὼν
2708 4903 2872 4972 νόμος
2912 4902 3048 4953 οἴσει
3080 4900 3179 4969 τὴν
3207 4898 3481 4970 τελευτήν.
3523 4899 3708 4970 Μηδὲν
3742 4900 3922 4953 τοίνυν
3957 4900 4249 4970 φοϐώμεθα

2571 4989 2681 5041 τῶν
2708 4988 2818 5043 ἀπὸ
2862 4988 2961 5057 τῆς
2992 4985 3206 5054 φύσεως
3240 4987 3369 5056 ἡμῖν
3399 4987 3775 5057 ἐπαγομένων,
3818 4986 3933 5039 ἀλλ’
3970 4988 4152 5041 ἐκεῖνα
4180 4991 4247 5042 τά

2573 5080 2637 5131 ἐκ
2664 5077 2909 5146 πονηρᾶς
2942 5077 3075 5146 ἡμῖν
3110 5076 3433 5146 ἐγγινόμενα
3470 5076 3872 5147 προαιρέσεως·
3919 5075 4104 5130 ἐκεῖνα
4141 5079 4248 5149 γάρ

2572 5167 2703 5235 ἡμῖν
2728 5164 2901 5217 τίκτει
2923 5162 3020 5233 τὴν
3050 5161 3292 5215 κόλασιν.
3325 5162 3496 5216 Τοῦτο
3520 5164 3576 5215 6t
3606 5159 3952 5231 λογιζώμεθα
3985 5165 4247 5234 διηνεκῶς

2572 5252 2665 5304 ἐπὶ
2700 5250 2809 5303 τῶν
2855 5250 3259 5320 συμϐαινόντων
3300 5253 3434 5321 ἡμῖν
3476 5250 3774 5317 ἀδοκήτως,
3813 5250 3894 5303 ὅτι
3928 5252 3989 5303 οὐ
4027 5251 4247 5322 διορθώ-

2574 5354 2738 5408 σομεν
2772 5337 2907 5390 αὑτά
2956 5336 3264 5403 ἀλγοῦντες,
3299 5338 3393 5389 καὶ
3434 5335 3753 5405 παυσόμεθα
3788 5336 4106 5405 ἀλγοῦντες·
4151 5338 4245 5390 κάο

2572 5428 2719 5477 κεῖνο
2759 5422 2898 5493 μετά
2935 5423 3124 5478 τούτου
3166 5423 3359 5484 πάλιν,
3412 5424 3495 5475 ὅτι
3537 5421 3630 5475 ἐὰν
3672 5421 3933 5495 πάθωμέν
3971 5441 4025 5476 τι
4076 5422 4247 5475 δεινὸν

2571 5511 2712 5564 κατά
2757 5512 2846 5564 τὸν
2888 5511 3125 5583 παρόντα
3161 5512 3276 5583 βίον
3320 5508 3540 5571 ἀδίκως,
3592 5508 3880 5581 διαλύομεν
3922 5508 4096 5563 πολλά
4140 5507 4246 5559 τῶν

2571 5600 3003 5671 ἁμαρτημάτων.
3061 5600 3153 5653 Διὸ
3211 5600 3353 5669 μέγα
3410 5597 3614 5665 ἀγαθὸν
3663 5598 3900 5653 ἐνταῦθα
3948 5596 4245 5652 ἀπολαϐεῖν

2573 5687 2963 5759 ἁμαρτήματα,
2995 5690 3090 5744 καὶ
3124 5688 3199 5758 μὴ
3233 5689 3367 5741 ἐκεῖ·
3391 5688 3485 5740 καὶ
3509 5687 3615 5760 γάρ
3642 5691 3670 5742 6
3695 5688 3947 5749 πλούσιος
3979 5683 4133 5737 οὐδὲν
4163 5686 4245 5736 ἐν-

2571 5773 2743 5828 ταῦθα
2766 5776 2936 5831 δεινὸν
2958 5775 3218 5838 ἀπέλαϐε,
3244 5774 3337 5827 καὶ
3361 5773 3447 5829 διά
3467 5775 3625 5831 τοῦτο
3650 5778 3765 5831 ἐκεῖ
3791 5768 4240 5843 άπετηγανίζετο.

2635 5881 2661 5919 ³·
2687 5882 2721 5930 Α
2731 5881 2779 5929 lii
2804 5882 3033 5942 ἐχώμεθα.

2635 5946 2659 6004 ’ξ
2689 5942 2775 6004 Ξαι
2788 5935 2913 5991 ιιζύξ
2935 5944 3133 6004 quidam
3154 5942 3239 5994 alii
3256 5943 3487 5993 ἀπελθεῖν.

2634 6002 2659 6045 ἀ
2679 6002 2779 6058 Alii
2803 6005 2887 6054 κᾶν
2912 6002 3093 6063 ζῶντες.
