4458 6698
382 505 452 560 85
1323 499 1416 552 Al)
1454 497 1770 556 POPULUSI
1810 498 2142 554 ANTIOCHE

1907 498 2299 556 TIOCHENUII
2362 499 2591 556 ﬂOMlL.
2631 499 2719 553 Vl.
3595 503 3667 562 83

384 623 608 691 quillum
641 622 855 677 oculum
876 618 932 671 in
951 612 1138 683 judicii
1162 611 1251 666 die
1273 595 1576 667 clementiai
1593 623 1696 667 tua!
1721 610 1974 666 recorda-

386 724 473 767 tus
499 713 775 768 exhibeat.
809 709 939 763 llarc
969 713 1028 758 et
1053 703 1140 756 bis
1179 703 1329 771 plura
1361 704 1524 769 dicet,
1562 715 1616 758 et
1645 716 1747 756 nos
1787 702 1860 755 ab
1894 701 1972 754 ira

384 809 599 877 penitus
623 803 836 872 eripiet.
863 798 980 851 Non
1002 803 1207 848 tantum
1226 804 1404 850 autem
1430 797 1498 850 ad
1521 793 1835 862 Imperatori
1857 807 1976 860 pcr-

383 897 713 952 suadendum
733 889 1026 943 maximum
1053 900 1120 939 ex
1148 886 1251 939 boe
1273 887 1481 955 jejunio
1509 886 1668 940 nobis
1705 893 1790 937 est
1815 883 1972 936 auxi-

386 993 536 1050 lium,
568 984 663 1040 sed
701 982 863 1035 etiam
890 977 956 1031 ad
985 991 1143 1030 casus
1160 993 1418 1046 generose
1445 975 1700 1032 ferendos
1728 991 1744 1028 :
1774 972 1974 1027 etenim

383 1073 810 1132 consolationem
831 1083 939 1120 non
959 1067 1234 1120 minimam
1245 1083 1311 1120 ex
1333 1067 1436 1121 boc
1454 1077 1698 1133 tempore
1707 1064 1970 1131 capimus.

389 1170 490 1220 l’er
518 1160 758 1229 singulos
781 1158 926 1211 enim
953 1155 1070 1210 dies
1091 1157 1425 1224 congregari,
1459 1166 1516 1210 et
1547 1156 1851 1210 divinarum
1875 1166 1975 1203 au-

384 1260 500 1312 ditu
541 1252 935 1319 Scripturarum
966 1249 1090 1313 frui,
1109 1258 1164 1303 et
1203 1250 1429 1303 invicem
1455 1265 1554 1302 nos
1571 1247 1887 1314 conspicere
1919 1252 1978 1297 ct

387 1343 693 1408 lamentari,
716 1350 773 1394 et
791 1352 1027 1398 orantes.
1064 1356 1128 1394 ac
1160 1342 1583 1395 benedictionem
1612 1338 1934 1404 accipientes
1955 1376 1970 1395 ,

387 1437 467 1488 sic
498 1433 718 1486 domum
745 1430 915 1491 abire,
947 1429 1000 1483 id
1029 1429 1230 1484 doloris
1257 1431 1548 1499 plurimum
1579 1427 1736 1480 nobis
1775 1423 1967 1477 aufert.

386 1523 464 1577 Ne
488 1522 651 1591 igitur
671 1535 1005 1584 corruamus,
1030 1535 1204 1589 neque
1247 1536 1345 1573 nos
1372 1522 1520 1588 ipsos
1552 1532 1662 1585 pne
1704 1515 1975 1569 anxietate

390 1612 704 1682 prodamus.
736 1612 832 1664 sed
861 1627 1168 1664 maneamus
1188 1617 1568 1677 exspectantes
1588 1607 1728 1660 bona
1748 1645 1766 1669 ,
1808 1615 1862 1658 et
1887 1606 1974 1658 di-

395 1704 580 1756 cendis
609 1713 840 1756 neutr-tn
868 1702 1214 1756 adhibuimus
1239 1700 1474 1754 :etenim
1495 1699 1620 1750 volo
1644 1707 1700 1752 et
1723 1698 1878 1751 hodie
1906 1699 1976 1752 de

390 1798 586 1851 mortis
610 1805 920 1864 contemptu
948 1797 1140 1849 iterum
1165 1794 1433 1847 disserere
1455 1793 1498 1844 ¹.
1519 1791 1636 1844 Dixi
1661 1789 1813 1842 vobis
1837 1790 1971 1852 beri,

395 1901 495 1940 nos
532 1894 759 1939 mutem
786 1887 1008 1948 timere,
1049 1901 1156 1937 non
1181 1883 1399 1953 quidem
1424 1881 1552 1951 quia
1577 1878 1832 1934 terribilis
1868 1887 1973 1940 est,

393 1978 488 2031 δειά
518 1977 770 2045 quoniam
798 1991 973 2043 neque
994 1975 1222 2027 czelestis
1245 1973 1398 2042 regni
1432 1987 1586 2025 amor
1628 1985 1730 2024 nos
1755 1983 1978 2023 succen-

391 2068 491 2128 dit.
536 2082 709 2136 neque
732 2067 991 2135 gehenna-
1017 2067 1177 2116 timor
1203 2078 1302 2116 nos
1323 2066 1598 2132 occupavit
1623 2082 1638 2115 :
1663 2073 1716 2116 et
1741 2063 1811 2114 ad
1839 2061 1977 2126 lucc,

389 2159 650 2226 quoniam
673 2155 1056 2210 conscientiam
1084 2169 1192 2207 non
1219 2152 1476 2206 habemus
1493 2154 1709 2207 bonam.
1727 2151 1900 2204 Vultis
1923 2159 1983 2204 et

389 2261 639 2317 quartam
663 2247 823 2315 bujus
846 2248 1166 2314 importuna:
1184 2244 1469 2297 anxietatis
1493 2260 1712 2298 causam
1737 2257 1980 2296 comme-

390 2353 620 2400 tnui-cm,
651 2352 757 2389 non
779 2336 956 2389 minus
975 2333 1346 2403 superioribus
1365 2335 1582 2386 veram?
1607 2335 1725 2388 Non
1747 2333 1981 2386 vivimus

393 2435 444 2486 in
475 2431 765 2498 asperitate
791 2427 1117 2482 Christianis
1151 2441 1422 2494 congrua,
1453 2425 1549 2479 si-d
1587 2426 1798 2481 facilem
1840 2425 1980 2478 hanc

389 2534 442 2574 et
469 2522 698 2573 solutam
724 2529 780 2572 et
803 2520 1020 2571 mollem
1049 2531 1296 2570 amamus
1323 2517 1483 2568 vitam
1513 2534 1527 2568 :
1551 2517 1752 2569 idcirco
1787 2515 1981 2568 verisi-

390 2611 592 2662 tnililer
623 2618 681 2661 ct
709 2608 1059 2675 prasentibus
1083 2607 1420 2659 oblectamur
1446 2604 1629 2657 rebus.

469 2698 550 2752 lia:
601 2699 938 2749 maceratione
979 2697 1251 2749 celestis.
1291 2694 1598 2747 daidertum
1641 2694 1889 2746 nescitur.
1911 2723 1983 2732 —

397 2791 547 2857 Quod
585 2789 635 2843 si
670 2789 853 2856 utique
897 2789 950 2842 in
984 2787 1202 2855 jejuniis
1226 2797 1282 2840 et
1307 2785 1874 2854 pernoctationibnset
1898 2782 1983 2836 vi-

390 2894 510 2935 etus
541 2881 819 2943 tenuitate,
851 2879 988 2932 banc
1009 2880 1175 2932 vitam
1211 2875 1986 2946 transigeremus,cupiditaves

394 2983 610 3024 nostras
622 2971 966 3038 praeidcntrs
983 2971 1264 3028 absurdus.
1287 2971 1594 3037 voluptates
1608 2981 1877 3035 arcentis,
1894 2987 1986 3021 su-

395 3062 558 3114 dores
586 3062 795 3113 virtutis
820 3061 1167 3124 sustinentes,
1214 3060 1511 3113 secundum
1542 3061 1767 3113 Paulum
1786 3074 1985 3127 corpus

393 3152 720 3218 castigantes
744 3158 799 3201 et
822 3150 875 3202 in
896 3149 1206 3202 servitutem
1235 3150 1539 3216 redigentes
1567 3151 1617 3218 (I
1643 3148 1763 3202 Cor.
1790 3149 1844 3202 9.
1861 3147 1980 3218 2'7),

394 3242 571 3293 earuis
591 3239 983 3306 providentiam
996 3238 1061 3291 ad
1077 3238 1341 3292 dcs'deria
1367 3254 1474 3291 non
1495 3238 1776 3303 facientes,
1816 3254 1984 3306 angn-

393 3342 530 3383 suuu
557 3341 610 3383 et
625 3329 991 3399 confragosum
1019 3337 1260 3382 tenentes
1279 3328 1442 3387 viam,
1463 3328 1573 3380 cito
1591 3328 1763 3380 futura
1779 3343 1950 3380 coneu
1963 3359 1978 3367 -

396 3421 743 3485 pisccremus,
758 3419 1107 3486 praesentibus
1127 3417 1342 3470 liberari
1361 3418 1632 3471 laboribus
1648 3419 1981 3471 festinantes.

398 3508 466 3560 Et
490 3509 634 3577 quod
651 3524 757 3560 non
781 3508 945 3560 falsus
970 3509 1036 3559 sit
1060 3522 1243 3560 sermo
1263 3515 1466 3573 noster,
1483 3507 1552 3560 ad
1579 3510 1837 3561 montium
1866 3525 1985 3562 ver-

400 3601 533 3651 tices
558 3598 806 3658 ascende.
830 3597 1111 3651 considera
1162 3597 1274 3650 illic
1309 3609 1584 3651 morantes
1612 3599 1906 3652 monachos
1932 3600 1986 3652 in

399 3705 578 3753 sacco,
611 3690 664 3742 in
693 3690 945 3752 vinculis,
976 3689 1027 3741 in
1052 3689 1295 3756 jejuniis,
1327 3691 1379 3741 in
1406 3691 1646 3742 tenebris
1678 3693 1985 3756 conclusos,

396 3791 450 3832 et
479 3794 670 3833 omnes
694 3781 898 3832 videbis
927 3789 1154 3831 munem
1180 3789 1573 3847 exoptantes,“
1602 3795 1718 3834 rem
1739 3782 1886 3835 illam
1899 3799 1987 3837 re-

403 3875 584 3938 quiem
610 3872 963 3939 appellantes.
991 3872 1142 3924 Sicut
1166 3872 1309 3924 enim
1331 3873 1584 3926 aestibus
1609 3889 1848 3943 pugnans
1874 3884 1988 3928 sta-

401 3964 490 4015 dio
517 3963 666 4017 exire
695 3962 932 4028 festinat,
965 3972 1022 4016 nt
1060 3963 1372 4016 vulneribus
1406 3963 1684 4031 liberetur,
1703 3973 1759 4018 et
1786 3965 1989 4020 athleta

400 4062 732 4119 spectatores
746 4067 1035 4122 exsurgere
1053 4052 1462 4119 concupiscit,ut
1474 4052 1745 4106 laboribus
1759 4054 1992 4107 absolva-

403 4151 490 4195 tur
521 4160 533 4190 :
565 4143 647 4196 sic
684 4151 741 4196 et
785 4144 878 4211 qui
916 4143 971 4195 in
1012 4141 1181 4210 rigida
1207 4153 1261 4193 et
1293 4156 1486 4208 aspera
1511 4142 1616 4193 vita
1651 4157 1774 4195 cum
1799 4145 1994 4198 virtute

401 4234 556 4295 vivit,
584 4233 742 4284 ﬁnem
772 4231 1074 4294 desident,
1102 4241 1159 4283 ut
1184 4231 1536 4298 prrscntibus
1557 4231 1814 4298 eripiatur
1841 4233 1994 4287 labo-

404 4322 576 4382 ribus,
601 4330 658 4374 et
702 4336 802 4390 pro
838 4322 1088 4389 repositis
1120 4321 1292 4373 valeat
1330 4321 1545 4373 coronis
1585 4319 1880 4382 conlidere,
1919 4322 1988 4375 ad

404 4412 750 4478 tranquillum
800 4413 1060 4480 navigans
1104 4419 1343 4478 portum.
1371 4422 1426 4464 et
1451 4412 1545 4464 illo
1572 4415 1987 4482 transmigrans,

405 4504 493 4556 ubi
522 4518 632 4554 non
650 4512 734 4554 εει
761 4503 992 4570 amplius
1020 4501 1312 4554 timendum
1338 4501 1693 4571 naufragium.
1738 4505 1990 4573 Propter-

402 4609 464 4647 ea
518 4593 662 4646 Deus
696 4600 883 4643 natura
914 4592 1238 4645 laboriosam
1284 4599 1342 4645 et
1388 4607 1608 4660 gravem
1646 4594 1803 4647 nobis
1830 4596 1992 4648 vitam

403 4685 634 4753 paravit,
660 4690 719 4734 ut
736 4683 986 4748 presenti
1019 4682 1363 4734 tribulatione
1384 4684 1666 4750 compulsi,
1695 4683 1990 4738 futurorum

407 4773 733 4826 desiderium
763 4773 1056 4838 capiamus.
1089 4773 1146 4825 Si
1174 4775 1317 4826 enim
1335 4788 1457 4825 cum
1480 4777 1588 4826 sint
1613 4784 1690 4827 tot
1711 4777 1910 4840 tristia,
1937 4786 1992 4829 et

412 4863 648 4926 pericula
668 4873 721 4915 et
741 4863 995 4923 timores,
1042 4870 1098 4914 et
1141 4877 1284 4915 curm
1313 4879 1413 4917 nos
1468 4866 1700 4934 undique
1757 4868 1989 4921 circum-

404 4960 617 5012 euntes,
672 4963 777 5005 tam
823 4950 1049 5004 libenter
1093 4955 1341 5016 pmsenti
1372 4956 1717 5010 immoramur
1739 4958 1893 5021 vitae;
1944 4961 1989 5014 si

408 5042 537 5091 nihil
564 5041 754 5093 borum
771 5051 932 5104 esset,
954 5049 1008 5092 et
1027 5039 1227 5108 absque
1245 5044 1458 5095 tristitia
1507 5055 1563 5097 et
1606 5047 1859 5100 crumnis
1883 5059 1990 5102 tota

407 5131 546 5181 loret
585 5133 690 5183 vita
726 5141 939 5196 nostra,
979 5130 1191 5199 quando
1217 5147 1470 5201 umquam
1501 5136 1676 5190 futura
1717 5139 1991 5194 desidera-

406 5222 632 5273 runt-5?

483 5310 647 5364 ιι.εέ
671 5323 727 5364 et
748 5313 950 5369 Iuda-is
979 5315 1116 5368 Dens
1141 5315 1283 5368 fecit.
1317 5315 1514 5370 Yolcns
1541 5322 1686 5374 enim
1713 5333 1768 5375 et
1794 5324 1913 5376 illos
1938 5325 1989 5378 in

413 5403 616 5455 reditus
631 5404 978 5470 cupiditatem
993 5407 1266 5467 inducere,
1295 5416 1348 5459 et
1369 5417 1426 5460 ut
1441 5407 1731 5478 Egyptum
1753 5416 1993 5471 odissent

411 5493 750 5565 persmdere,
783 5498 1024 5561 permisit
1044 5513 1141 5551 eos
1182 5498 1412 5552 lateritio
1438 5514 1601 5567 opere
1628 5513 1680 5556 et
1709 5505 1821 5559 luto
1847 5508 1994 5562 labo-

412 5603 536 5642 rare
554 5583 748 5656 (Exod.
773 5586 825 5637 1.
855 5587 967 5657 N),
997 5597 1055 5641 ut
1073 5589 1316 5642 laborum
1337 5599 1392 5642 et
1427 5606 1677 5646 aerumna:
1705 5595 1848 5650 illius
1881 5615 1996 5652 ma—

409 5677 686 5749 gnituﬁnc
707 5676 950 5740 cruciati,
976 5679 1044 5730 ad
1062 5679 1228 5734 Deum
1249 5682 1574 5735 reversionis
1615 5699 1774 5738 eiusa
1794 5688 1872 5739 cl;-
1881 5705 1994 5741 ma-

479 5795 492 5821 ί
529 5786 936 5867 Misenis“?
957 5791 1188 5867 μιαιιίξτυ
1214 5795 1302 5867 sed
1326 5799 1389 5867 4e
1411 5797 1583 5867 uenis
1602 5803 1871 5867 τρειαιφιι
1891 5800 2003 5851 ἀίε-

417 5866 642 5902 serui-Is
665 5851 807 5914 (me
825 5853 931 5912 περὶ
951 5854 1213 5914 ingentia;
1239 5859 1440 5906 eciam
1460 5851 1813 5922 διαλεχθῶμενῇ.

2077 620 2216 664 rent.
2233 610 2291 666 Si
2306 611 2450 665 enim
2463 611 2687 680 egressi,
2703 610 2946 679 quavis
2960 609 3073 664 haec
3087 610 3424 677 accidissuit,
3437 611 3657 684 Βαῖμὶ

2077 702 2269 756 iterum
2285 703 2707 756 memineruntet
2727 702 2961 770 pristina
2974 705 3268 766 servitutis,
3284 712 3340 755 et
3352 704 3420 757 ad
3441 717 3656 772 gravem

2077 791 2412 859 tyrannidem
2437 790 2616 845 redire
2637 790 2959 846 festinabant
2983 790 3176 861 (Exod.
3201 791 3288 847 16.
3319 790 3379 861 3)
3405 809 3422 845 :
3447 793 3548 846 nisi
3575 803 3660 847 ta-

2078 880 2159 934 les
2192 881 2418 936 fuissent
2447 881 2651 949 experti
2689 881 2972 945 barbaros,
2999 881 3214 950 quando
3245 896 3503 951 umquam
3531 883 3664 936 alie-

2077 985 2201 1023 nam
2239 972 2512 1025 dimitterc
2559 980 2756 1023 terram
2786 971 3117 1024 voluissent?
3152 970 3230 1025 Ne
3269 971 3432 1040 igitur
3463 980 3523 1026 ct
3567 985 3670 1025 nos

2079 1070 2238 1115 terra:
2263 1063 2431 1125 aflixi,
2453 1071 2511 1116 et
2539 1061 2890 1130 prasentibus
2915 1062 3181 1115 inhiantes
3228 1070 3556 1129 torpearnus.
3611 1071 3675 1115 et

2078 1150 2377 1204 futuroru
2401 1153 2810 1220 obliviscamur,
2837 1151 2999 1204 vitam
3023 1151 3182 1205 nobis
3205 1151 3332 1205 fecit
3355 1151 3499 1204 Deus
3517 1151 3666 1204 labo-

2077 1235 2297 1286 riosam.
2349 1235 2464 1287 Non
2511 1234 2674 1304 igitur
2706 1234 2846 1287 ultra
2872 1248 3033 1301 quam
3061 1243 3144 1286 est
3169 1248 3304 1301 opus
3348 1242 3668 1301 prasemem

2077 1325 2241 1377 vitam
2292 1325 2693 1391 amplectamur.
2719 1327 2854 1391 Qua:
2874 1325 3032 1377 nobis
3058 1324 3300 1376 utilitas?
3345 1323 3489 1391 quod
3535 1339 3668 1377 vero

2075 1414 2495 1466 emolumentum
2541 1429 2609 1466 ex
2652 1414 2815 1467 nimia
2846 1412 3129 1481 prasentis
3175 1414 3298 1465 vita:
3341 1411 3674 1478 cupiditate?

2077 1503 2176 1556 Vis
2191 1503 2403 1556 discere
2419 1519 2588 1571 quare
2599 1504 2796 1557 bonum
2813 1505 2883 1556 sit
2901 1518 3141 1572 prasens
3159 1502 3305 1556 vita?
3323 1503 3458 1568 Quia
3478 1503 3670 1555 futura:

2077 1595 2236 1650 nobis
2256 1596 2382 1648 vita:
2403 1596 2627 1648 materia
2654 1596 2902 1661 efficitur,
2928 1605 2984 1647 et
3009 1595 3226 1648 occasio
3242 1605 3297 1648 et
3323 1594 3555 1648 stadium
3582 1602 3672 1649 est

2079 1701 2182 1755 pro
2204 1686 2426 1740 coronis
2467 1686 2578 1739 illic
2611 1685 2966 1752 adipiscendis
2994 1702 3011 1736 ε
3041 1686 3184 1754 quod
3213 1687 3317 1739 nisi
3361 1685 3466 1740 bne
3511 1685 3674 1738 nobis

2078 1778 2363 1847 praberet,
2398 1777 2696 1831 innumeris
2714 1775 2974 1829 mortibus
2994 1785 3138 1828 esset
3155 1777 3533 1830 miserabilior.
3556 1774 3670 1828 Nisi

2078 1870 2224 1923 enim
2246 1869 2492 1923 viventes
2520 1868 2634 1923 Deo
2656 1868 2828 1921 simus
2848 1866 3117 1936 placituri,
3150 1867 3345 1920 melius
3369 1876 3455 1921 est
3496 1867 3670 1921 obire.

2079 1957 2218 2022 Quid
2241 1960 2386 2011 enim
2407 1967 2492 2012 est
2517 1957 2930 2027 amplius?quid
2959 1957 3261 2025 reliquum?
3288 1971 3395 2010 non
3419 1957 3669 2010 eumdem

2081 2047 2252 2101 solem
2305 2056 2363 2101 et
2398 2047 2642 2100 eamdem
2689 2047 2869 2099 lunam
2911 2047 3148 2114 quotidie
3197 2046 3509 2100 cernimus!
3554 2061 3665 2099 non

2082 2136 2327 2189 eamdem
2364 2130 2676 2199 bicmcm,et
2695 2151 2801 2188 non
2823 2136 3065 2189 eamdem
3079 2136 3350 2189 aestatem!
3363 2150 3473 2189 non
3486 2135 3678 2188 eadem

2084 2225 2502 2296 negotia?0nid
2546 2225 2959 2294 estquodfuit.’
3001 2225 3366 2294 idquodait.
3421 2225 3678 2290 ριίιαι

2080 2317 2218 2386 quod
2236 2327 2310 2369 at
2335 2317 2567 2385 [κιηέ
2580 2317 2748 2383 ἕνεκα
2763 2317 2902 2386 quod
2927 2316 3158 2382 [ιιιηιιιι
3176 2324 3250 2368 est
3275 2314 3495 2385 (Ereto.
3517 2316 3570 2367 ι.
3589 2313 3672 2382 9).

2083 2407 2161 2460 Nc
2190 2407 2350 2475 igitur
2388 2407 2575 2460 beatos
2601 2414 2850 2474 putemus
2879 2406 3138 2471 viventes,
3162 2421 3342 2474 neque
3387 2406 3682 2458 morientes

2082 2497 2391 2566 lugeamus;
2419 2495 2519 2550 scd
2543 2497 2597 2548 in
2620 2498 2855 2563 peccatis
2889 2495 3232 2560 constitutos,
3271 2495 3392 2549 ve
3416 2495 3677 2553 viventes.

2084 2587 2202 2640 sive
2219 2594 2460 2639 mortuos
2483 2585 2865 2652 deploremus;
2899 2585 2952 2636 in
2976 2584 3184 2651 justitia
3205 2599 3337 2637 vero
3360 2583 3681 2652 ubicumque

2086 2677 2226 2740 sint,
2267 2676 2457 2730 beatos
2483 2677 2869 2729 existimemus.
2898 2675 2981 2728 'l'u
3007 2675 3222 2744 quidem
3259 2691 3422 2728 unam
3450 2685 3680 2727 mortem

2086 2767 2348 2822 formidas
2374 2776 2433 2821 et
2456 2768 2643 2836 luges;
2674 2775 2734 2820 at
2761 2766 2956 2820 Paulus
2979 2781 3077 2834 per
3118 2766 3359 2835 singulos
3401 2766 3521 2819 dies
3564 2781 3681 2817 mo-

2086 2859 2252 2923 riens,
2280 2875 2388 2911 non
2409 2867 2614 2911 tantum
2644 2871 2753 2910 non
2800 2857 3151 2926 lacrymabat,
3200 2856 3296 2910 sed
3315 2865 3371 2910 et
3400 2857 3684 2910 letabatur

2085 2950 2477 3004 etexsnltabat.
2507 2949 2723 3003 Utinam
2749 2956 2807 3002 et
2823 2962 2926 3016 ego
2953 2957 3173 3015 propter
3198 2947 3364 3000 Deum
3403 2946 3673 3015 periclita-

2086 3058 2196 3102 l'l'l’,
2223 3041 2417 3109 inquit,
2432 3050 2489 3094 et
2502 3039 2637 3093 nihil
2656 3054 2929 3094 atrarcm.
2956 3037 3065 3091 Sed
3086 3053 3259 3106 neque
3276 3051 3418 3090 nunc
3433 3046 3682 3091 duruer—

2087 3133 2406 3186 ncrisznou
2449 3132 2596 3184 enim
2644 3138 2850 3182 tantum
2894 3128 2986 3197 qui
3011 3137 3230 3196 propter
3271 3128 3438 3181 [lcum
3465 3127 3684 3196 ptitur,

2087 3221 2301 3275 laudern
2327 3231 2598 3284 meretur;
2618 3219 2714 3274 sed
2736 3220 2902 3289 etqui
2929 3219 3128 3287 injuste
3143 3217 3436 3287 quidquam
3462 3218 3680 3287 patitur,

2086 3324 2144 3366 et
2168 3327 2432 3382 generose
2459 3312 2582 3374 fert,
2607 3321 2664 3363 et
2693 3312 2802 3363 lleo
2829 3309 3158 3378 perurittenti
3186 3309 3386 3376 gratias
3407 3310 3551 3376 agit,
3571 3310 3680 3361 aiio

2088 3403 2204 3457 lucc
2233 3412 2452 3470 propter
2472 3401 2638 3454 Deum
2656 3400 2890 3468 patiente
2917 3416 3023 3450 non
3043 3409 3129 3451 est
3147 3397 3392 3451 inferior.
3417 3398 3681 3462 Olonia

2089 3505 2145 3547 ct
2196 3493 2387 3546 beatus
2422 3491 2528 3546 Job
2577 3491 2772 3542 multas
2811 3497 2872 3542 et
2897 3488 3258 3541 intolerabiles
3302 3487 3423 3540 illas
3446 3487 3683 3556 plagasa

2087 3583 2305 3636 diabolo
2328 3581 2523 3635 frustra
2552 3589 2608 3632 et
2631 3588 2836 3632 temere
2859 3586 2915 3632 et
2939 3579 3057 3632 sine
3078 3593 3238 3631 causa
3267 3577 3550 3632 insidiante
3575 3593 3676 3631 ex-

2089 3673 2263 3740 cepit;
2293 3670 2390 3723 sed
2413 3681 2595 3723 tamen
2631 3683 2719 3738 qui
2740 3669 2882 3721 niam
2907 3681 3167 3736 generose
3188 3666 3328 3729 tulit,
3355 3675 3414 3719 et
3434 3666 3683 3720 Dcoba-c

2094 3761 2419 3829 pennittenti
2437 3759 2636 3828 gratias
2653 3759 2782 3826 egit,
2811 3758 3071 3825 integram
3087 3757 3383 3824 reportavit
3397 3770 3680 3810 coronam.

2159 3850 2300 3905 Hora
2325 3866 2426 3903 non
2451 3848 2771 3903 tiaratdu.—
2813 3847 2891 3901 Nc
2915 3849 3307 3916 igiturpropter
3329 3856 3556 3900 mortem
3581 3850 3683 3899 tri-

2094 3944 2278 4008 steris,
2325 3951 2530 3995 natura
2555 3941 2702 3994 enim
2726 3949 2814 3995 est
2844 3958 2861 3993 :
2891 3940 3105 3993 tristare
3134 3948 3349 4007 propter
3369 3947 3682 4006 peccatu,

2094 4036 2382 4087 voluntatis
2406 4034 2551 4087 enim
2577 4041 2664 4087 est
2687 4033 2868 4101 culpa.
2893 4033 2950 4086 Si
2985 4047 3112 4086 vero
3146 4040 3365 4100 pmpter
3396 4032 3681 4086 defunctos

2103 4125 2357 4189 tristaris,
2384 4133 2438 4178 et
2465 4132 2689 4193 propter
2714 4132 2996 4176 nascentes
3017 4121 3142 4175 dole
3169 4138 3185 4172 :
3216 4122 3355 4175 sicut
3391 4123 3536 4176 enim
3584 4121 3689 4175 boc

2097 4226 2181 4271 est
2209 4225 2435 4279 natum,
2461 4217 2539 4270 sic
2565 4226 2616 4269 et
2646 4214 2794 4267 illud.
2827 4213 2882 4266 Ξ
2905 4214 3024 4280 quis
3057 4213 3222 4282 igitur
3243 4221 3473 4266 mortem
3506 4213 3684 4266 minc-

2097 4316 2205 4370 tur,
2230 4308 2318 4360 dic
2343 4307 2442 4374 ipsi
2469 4324 2484 4358 :
2503 4307 2778 4357 Institutas
2793 4320 2909 4357 sum
2924 4318 2958 4356 a
2976 4303 3194 4357 Christo
3213 4319 3320 4357 non
3337 4304 3687 4369 illostimere,

2093 4398 2183 4462 qui
2203 4411 2402 4462 corpus
2442 4393 2792 4455 interimunt,
2839 4394 3074 4447 animam
3121 4410 3255 4447 vero
3302 4395 3550 4448 occidere
3593 4410 3689 4448 nc-

2093 4494 2300 4554 queuttt
2347 4483 2562 4551 (Μαιιιι.
2597 4484 2685 4538 10.
2896 4481 2954 4536 Si
2975 4483 3053 4536 rei
3071 4483 3348 4538 familiaris
3367 4485 3686 4553 publicatio-

2096 4593 2221 4631 nem
2274 4578 2527 4642 minetur,
2553 4577 2822 4647 responde
2850 4595 2865 4628 :
2892 4575 3077 4628 Nudas
3099 4577 3230 4628 cauri
3257 4577 3323 4627 de
3341 4585 3485 4628 utero
3507 4578 3690 4629 metris

2096 4683 2243 4731 nuc,
2295 4681 2344 4721 et
2383 4669 2555 4720 nudus
2606 4678 2830 4719 ret-erm
2863 4668 2984 4718 illae
3021 4663 3144 4734 (Job
3176 4666 3230 4717 1.
3258 4664 3322 4718 2|
3355 4664 3592 4734 ):.\'ih'l
3630 4667 3687 4718 in

2095 4757 2232 4808 hunc
2253 4757 2499 4807 mundum
2515 4758 2816 4818 int-linus;
2836 4756 3009 4824 potant
3033 4764 3109 4808 est
3137 4756 3276 4824 quod
3303 4773 3397 4809 nec
3416 4767 3689 4826 apertae

2092 4847 2367 4914 quidquam
2391 4848 2662 4913 poterimus
2702 4847 2777 4914 (Ι.
2797 4845 2934 4898 Tim.
2957 4847 3012 4899 ti.
3035 4843 3093 4914 7)
3121 4864 3136 4898 :
3167 4855 3224 4899 et
3246 4847 3294 4899 si
3324 4858 3381 4900 tu
3408 4862 3516 4901 non
3553 4849 3682 4901 ειπερ

2095 4939 2308 4998 tuleris,
2360 4953 2508 4991 mors
2548 4939 2938 5006 superveniens
2967 4937 3195 5002 auferet,
3221 4940 3337 4992 etsi
3367 4948 3422 4992 tu
3444 4955 3552 4992 non
3589 4939 3684 5006 juo

2094 5031 2383 5098 gulaveris,
2405 5039 2608 5083 natura:
2629 5031 2715 5084 lex
2740 5030 2903 5083 ﬁnem
2927 5028 3139 5083 afferet.
3162 5029 3299 5081 Nihil
3317 5029 3474 5098 igitur
3492 5045 3681 5082 eorum

2097 5124 2403 5187 timeamus,
2424 5139 2545 5191 quae
2572 5123 2730 5176 nobis
2754 5131 2943 5173 natura
2981 5120 3299 5180 afferuntur,
3327 5118 3423 5172 sed
3443 5120 3532 5172 illa
3559 5136 3681 5189 qua

2094 5230 2161 5267 ex
2189 5217 2328 5269 mala
2367 5217 2520 5268 nobis
2557 5216 2877 5284 proveniunt
2899 5213 3166 5264 voluntate
3192 5229 3208 5263 :
3230 5211 3317 5264 illa
3355 5213 3499 5265 cui
3526 5215 3684 5268 nobis

2097 5323 2312 5375 [mnam
2331 5309 2544 5377 pariunt
2567 5325 2583 5361 :
2605 5309 2813 5375 hocque
2835 5305 3129 5370 cogitemus
3141 5303 3395 5355 motione
3409 5305 3461 5355 in
3476 5304 3544 5356 iis
3558 5319 3682 5371 quas

2097 5400 2252 5452 nobis
2277 5400 2631 5468 inexspectata
2657 5397 2920 5458 accidunt,
2945 5394 3087 5463 quod
3117 5410 3224 5448 non
3248 5397 3576 5463 corrigemus
3591 5397 3680 5451 illa

2094 5490 2372 5554 dolentes,
2401 5500 2457 5543 et
2479 5489 2663 5542 dolere
2703 5487 3011 5540 desinemus
3038 5502 3056 5538 ι
3086 5496 3143 5540 et
3188 5497 3383 5552 prater
3407 5487 3512 5541 hoc
3548 5488 3680 5543 illud

2095 5596 2328 5651 quoque,
2359 5598 2457 5634 nos
2477 5583 2521 5634 si
2547 5581 2672 5649 quid
2697 5580 2892 5649 injuste
2916 5581 2969 5633 in
3001 5580 3249 5648 pruenti
3295 5582 3527 5648 [utimur
3546 5583 3678 5644 vita,

2095 5673 2258 5726 multa
2282 5684 2495 5740 pomata
2531 5671 2844 5725 dissolvere.
2871 5671 3072 5725 Idcirco
3095 5685 3346 5740 magnum
3372 5672 3575 5726 butum
3599 5681 3682 5724 est

2096 5765 2185 5819 bic
2211 5765 2360 5818 luere
2383 5773 2620 5831 peccata,
2650 5774 2703 5816 et
2729 5778 2836 5818 non
2856 5763 2966 5817 illic
2988 5761 3217 5815 :etenim
3241 5761 3496 5817 divesillc
3516 5777 3681 5832 grave

2101 5857 2234 5910 nihil
2249 5855 2468 5924 recepit,
2494 5862 2549 5910 et
2577 5864 2860 5926 propterea
2903 5854 3013 5909 illic
3038 5851 3395 5920 torquet-ator.
3429 5854 3499 5910 Ει
3541 5857 3688 5928 quod
