4494 6684
221 480 292 535 87
1211 481 1304 535 AD
1337 480 1663 541 Ρορυιυιί
1709 481 2215 538 ΑΝΤΙΟΩΙΙΕΝυΜ
2260 480 2491 536 ΗΟΜΗ..
2532 482 2618 535 γι.
3603 484 3673 543 88

220 595 333 649 Καὶ
357 596 439 648 δτι
465 594 620 651 τοῦτο
643 591 711 669 ῆν
750 597 922 651 αἴτιον
950 594 1051 647 τοῦ
1086 595 1354 666 μηδεμιᾶς
1386 599 1546 651 αὑτὸν
1589 594 1897 651 ἀπολαῦσαι

218 685 609 754 παραμυθίας,
647 686 881 740 ἄκουσον
931 682 985 734 τί
1025 698 1189 752 φησιν
1221 686 1249 736 6
1304 686 1587 756 Ἀϐραάμ·
1644 682 1898 744 Τέκνον,

2005 595 2187 649 αὐτῶν
2206 597 2531 666 ἐκράτησεν,
2556 594 2893 664 ἐϐλασφήμει
2918 610 2934 627 ο
2961 593 3148 666 ἐπειδὴ
3170 594 3228 648 δὲ
3257 596 3452 662 αὐτοὺς
3484 597 3672 651 ἐνέϐα-

2006 681 2097 734 λεν
2130 682 2213 744 είς
2241 682 2302 735 τὸ
2330 681 2460 753 πῦρ,
2490 681 2817 750 ἐφιλοσόφει.
2854 681 2950 735 Διά
2983 680 3143 734 τοῦτο
3167 682 3261 735 καὶ
3305 684 3333 735 6
3378 682 3511 747 Θεὸς
3549 700 3675 736 συν·-

216 761 517 840 ἀπέλαϐες
546 774 617 827 τὰ
644 768 838 840 ἀγαθά
870 784 1009 827 σου.
1049 769 1144 824 διὰ
1170 772 1342 828 τοῦτο
1372 771 1673 827 ὀδυνᾶσαι
1697 788 1709 801 ·
1739 771 1820 823 ὅτι
1846 770 1904 823 δὲ
2008 766 2257 839 εχώρησε
2292 766 2471 821 πάντα
2502 766 2773 834 γενέσθαι,
2798 767 2896 819 ὅσα
2924 770 2952 821 6
2982 768 3245 841 τύραννος
3270 769 3551 839 ἠθέλησεν,
3583 771 3670 823 ῖνα

218 857 312 909 καὶ
350 857 429 929 τῷ
449 859 683 929 Λαζάρῳ
708 857 778 907 τὰ
800 854 979 921 ἀγαθά
1013 858 1149 926 μετά
1175 861 1273 930 τῆς
1301 859 1503 930 ἀρετῆς
1525 858 1619 911 καὶ
1641 856 1701 908 τὸ
1729 857 1895 926 μυρία

215 944 455 999 ἐνταῦθα
491 945 684 998 παθεῖν
725 940 875 993 δεινά
910 944 1255 1014 προεξένησε,
1289 947 1384 1000 τοῦ
1427 943 1766 1015 πατριάρχου
1803 945 1897 997 καὶ

213 1032 389 1085 ταῦτα
412 1032 661 1097 λέγοντος
687 1027 939 1081 ἄκουσον.
967 1029 1146 1085 Εἰπὼν
1179 1033 1289 1103 7&9
1326 1032 1406 1102 τῷ
1460 1030 1718 1099 πλουσίῳ,
1768 1031 1896 1084 Ἁπ-

210 1116 426 1182 έλαόες
455 1116 527 1169 τὰ
568 1112 757 1182 ἁγαθὰ
784 1130 921 1179 σου,
965 1119 1265 1189 ἐπήγαγεν,
1303 1120 1387 1172 ὅτι
1420 1118 1530 1172 Καὶ
1562 1120 1595 1170 ὁ
1635 1116 1894 1184 Λάζαρος

209 1203 287 1255 τὰ
321 1200 479 1255 κακά
506 1217 522 1230 ο
560 1198 658 1251 καὶ
698 1198 796 1253 διὰ
832 1202 1006 1257 τοῦτο
1050 1204 1498 1271 παρακαλεῖται.
1537 1204 1747 1273 Ὥσπερ
1785 1203 1892 1275 7&9

210 1292 263 1341 οί
300 1290 361 1339 ἐν
397 1287 567 1358 ἀρετῇ
603 1283 805 1350 ζῶντες
851 1291 947 1342 καὶ
979 1291 1286 1361 θλιϐόμενοι
1313 1290 1535 1343 διπλοῦν
1564 1290 1623 1342 τὸ
1651 1290 1841 1361 κέρδος
1862 1304 1888 1332 ι

211 1374 366 1443 παρά
394 1371 490 1423 τοῦ
519 1370 653 1424 Θεοῦ
687 1372 1073 1443 λαμϐάνουσιν,
1102 1379 1278 1442 οὕτως
1305 1380 1333 1432 ὁ
1370 1380 1427 1431 ἐν
1457 1378 1628 1449 κακία
1661 1377 1769 1441 ζῶν
1798 1380 1889 1432 καὶ

207 1457 436 1529 τρυφῶν
459 1456 652 1527 διπλῆν
678 1458 790 1522 ἐξει
825 1462 924 1529 τὴν
960 1464 1199 1519 κόλασιν.
1244 1465 1414 1519 Πάλιν
1444 1464 1588 1531 λέγω
1623 1465 1745 1533 οὐχὶ
1779 1464 1888 1517 τῶν

210 1544 524 1613 φευγόντων
572 1548 892 1617 κατηγορῶν
938 1550 1192 1621 (Ψυχὴν
1223 1552 1333 1622 7&9
1375 1552 1888 1618 τεταπεινωμένην

201 1630 292 1699 μὴ
327 1631 763 1701 προσταράξῃς,
795 1634 1025 1705 φησὶν),
1054 1639 1175 1690 οὐδὲ
1207 1638 1535 1709 ἐπιτιμῆσαι
1568 1636 1887 1707 βουλόμενος

207 1719 269 1787 (ό
305 1717 414 1788 7&9
465 1719 635 1772 νοσῶν
688 1723 1084 1794 παρακλήσεως
1136 1726 1366 1796 δεῖται),
1413 1726 1550 1780 ἀλλὰ
1596 1725 1885 1796 διορθῶσαι

207 1802 550 1867 σπουδάζωνν
587 1804 662 1876 μὴ
700 1810 765 1878 τῇ
806 1812 953 1879 φυγῇ
1000 1812 1101 1881 τὴν
1146 1813 1420 1884 σωτηρίαν
1458 1812 1619 1883 ήμῶν
1652 1812 1886 1881 ἐγχειρί-

204 1888 414 1957 ζωμεν,
450 1890 584 1943 ἀλλά
614 1891 875 1963 φύγωμεν
920 1896 1216 1964 ἁμαρτίας,
1262 1898 1588 1968 ἀποστῶμεν
1631 1899 1740 1950 ἀπὸ
1783 1897 1884 1965 τῆς

200 1973 329 2026 ὀδοῦ
363 1974 465 2044 τῆς
500 1980 761 2048 πονηρᾶς.
806 1979 934 2031 Ἐἀν
966 1978 1163 2043 ταύτας
1199 1982 1480 2051 φύγωμεν,
1520 1983 1622 2035 κᾶν
1675 1982 1881 2047 μεταξὺ

205 2059 420 2129 μυρίων
452 2056 600 2132 ὦμεν
630 2064 998 2133 στρατιωτῶν,
1032 2065 1207 2127 οὐδεὶς
1241 2068 1388 2135 ἡμᾶς
1427 2068 1628 2138 πλῆξαι
1657 2070 1881 2139 δυνήσε-

200 2161 325 2197 ταισ
363 2146 460 2199 ἐάν
483 2148 685 2211 ταύτας
718 2148 792 2219 μὴ
820 2149 1103 2219 φύγωμεν,
1132 2150 1233 2204 κᾶν
1262 2153 1342 2215 είς
1375 2154 1545 2223 αὐτὴν
1573 2154 1680 2206 τῶν
1711 2156 1881 2225 ὀρέων

196 2230 300 2300 τὴν
337 2234 583 2303 κορυφὴν
623 2234 931 2305 ἀναδῶμεν,
969 2236 1261 2307 πολεμίους
1288 2238 1406 2290 ἐκεῖ
1443 2240 1744 2311 εὑρήσομεν
1779 2259 1882 2312 μυ-

201 2318 377 2387 ρίους.
438 2320 840 2391 Ἀναμνήσθητι
887 2321 1018 2390 γοῦν
1056 2323 1165 2375 τῶν
1205 2324 1373 2394 τριῶν
1408 2326 1612 2379 παίδων
1655 2328 1880 2382 ἐκείνων

198 2403 390 2467 πάλιν,
424 2404 473 2458 οἳ
512 2405 657 2460 ἔνδον
680 2402 822 2478 ἦσαν
862 2410 920 2461 ἐν
948 2412 1014 2479 τῇ
1061 2411 1301 2479 καμίνῳ,
1347 2412 1441 2463 καλ⁸
1486 2413 1636 2466 οὐδὲν
1678 2414 1878 2468 ἔπαθον

194 2488 407 2544 δεινόν’
446 2492 538 2545 καὶ
571 2494 678 2547 τῶν
705 2496 1049 2565 ἐμϐαλόντων
1091 2499 1291 2561 αὐτοὺς
1341 2498 1536 2565 ἔξωθεν
1577 2502 1677 2571 τῆς
1710 2504 1877 2573 καμί-

193 2594 311 2637 νου,
347 2578 461 2630 ὅσοι
490 2582 901 2653 περιεκάθηντο,
947 2585 1148 2649 πάντες
1191 2585 1623 2658 ἐδαπανήθησαν.
1665 2590 1731 2642 Τί
1760 2590 1878 2643 τού-

192 2680 290 2715 του
335 2666 792 2739 παραδοξότερον;
840 2669 949 2734 Οὖς
997 2674 1248 2742 κατεῖχεν
1295 2673 1451 2726 ἔλυσε
1494 2674 1557 2726 τὸ
1598 2674 1730 2746 πῦρ,
1782 2677 1879 2730 καὶ

191 2749 291 2811 οὓς
320 2751 381 2801 οὐ
424 2757 672 2822 κατεῖχεν
712 2756 998 2825 ἥρπασεν·
1035 2760 1121 2811 ἵνα
1166 2760 1366 2831 μάθῃς,
1397 2762 1479 2814 ὅτι
1522 2763 1643 2831 οὐχὶ
1688 2762 1873 2827 τόπος,

192 2836 335 2889 ἀλλά
366 2839 563 2907 τρόπος
601 2844 871 2913 σωτηρίαν
908 2846 1067 2916 φέρει
1103 2848 1198 2901 καὶ
1224 2849 1477 2912 κόλασιν,
1519 2851 1570 2903 οί
1611 2850 1759 2903 ἔνδον
1798 2850 1874 2904 δι⁹

192 2924 430 2991 έφυγον,
470 2927 520 2979 οί
549 2926 654 2991 ἔξω
694 2928 1080 3003 διεφθάρησαν.
1114 2935 1197 2987 Τὰ
1235 2936 1377 2989 αύτά
1418 2938 1645 3005 σώματα
1688 2938 1874 2991 κάκεί-

191 3026 307 3073 νοις
332 3012 425 3064 καὶ⁵
452 3012 679 3077 τούτοις,
712 3016 826 3070 ἀλλ’
854 3020 914 3071 οὑ
943 3020 1013 3073 τὰ
1032 3021 1173 3074 αύτά
1200 3026 1558 3093 φρονήματα·
1590 3024 1680 3077 διὰ
1711 3024 1871 3079 τοῦτο

190 3095 315 3148 οὐδὲ
336 3097 405 3149 τὰ
428 3098 567 3151 αύτά
600 3100 769 3171 πάθη.
805 3105 913 3157 Καὶ
948 3105 1057 3176 γὰρ
1093 3109 1123 3160 6
1165 3109 1359 3177 χόρτος
1404 3108 1507 3162 κάν
1558 3109 1663 3173 ἔξω
1708 3126 1866 3181 περιο

189 3180 413 3248 κέηται,
442 3185 653 3255 ταχέως
683 3187 1010 3243 ἀνάπτεταιο
1043 3192 1231 3265 ῶσπερ
1276 3190 1371 3247 οὖν
1406 3195 1468 3247 τὸ
1510 3196 1733 3268 χρυσίον
1764 3180 1868 3251 κάν

188 3265 341 3319 ἔνδον
376 3268 532 3341 μένῃ,
567 3270 830 3339 μειζόνως
860 3276 1226 3347 φαιδρύνεται.

260 3352 324 3405 ε’.
344 3354 454 3407 Ποῦ
471 3356 565 3408 νῦν
580 3360 715 3411 είσιν
733 3361 782 3412 οί
810 3360 1076 3429 λέγοντες·
1095 3365 1279 3420 Πάντα
1304 3367 1516 3421 λαϐέτω
1542 3369 1570 3419 6
1592 3368 1865 3438 βασιλεὺς,

189 3438 287 3490 καὶ
314 3440 377 3491 τὸ
404 3440 562 3510 σῶμα
595 3444 725 3512 ἡμῖν
754 3445 1037 3517 ἐλεύθερον
1066 3451 1231 3517 δότω;
1261 3453 1325 3505 Τί
1368 3454 1497 3507 ποτέ
1526 3456 1665 3520 ἐστι,
1705 3456 1865 3528 σῶμα

186 3524 476 3598 ἐλεύθερον
511 3524 669 3593 εἶναι,
707 3534 1144 3601 μανθανέτωσαν.
1183 3541 1257 3593 Οὐ
1291 3540 1396 3611 7&9
1426 3542 1487 3594 :6
1520 3543 1595 3614 μὴ
1640 3524 1865 3607 κολάξε-

186 3610 316 3665 σθαι
341 3613 498 3667 τοῦτο
519 3616 801 3690 ἐλεύθερον
830 3626 973 3675 ποιεί
996 3624 1175 3694 σῶμα,
1203 3627 1337 3680 ἀλλά
1364 3628 1423 3680 τὸ
1448 3610 1547 3699 ζῇν
1580 3610 1636 3681 ἐν
1661 3632 1864 3685 δικαιο-

187 3698 326 3770 σύνῃ
372 3700 653 3771 διηνεκῶς.
705 3708 923 3761 Τούτων
966 3711 1096 3779 γοῦν
1137 3712 1241 3767 τῶν
1287 3714 1487 3767 παίδων
1527 3716 1596 3769 τὰ
1633 3717 1861 3788 σώματα

184 3786 450 3854 ἐλεύθερα
496 3784 564 3858 ῆν
598 3793 693 3845 καὶ
744 3794 959 3865 καμίνῳ
1006 3798 1409 3868 παραδοθέντα’
1463 3802 1560 3873 τὴν
1606 3784 1729 3875 γὰρ⁷
1760 3806 1861 3875 τῆς

183 3872 460 3942 ἁμαρτίας
491 3875 732 3927 δουλείαν
765 3880 1028 3937 ἀπέθεντο
1056 3886 1253 3939 πάλαι·
1287 3890 1381 3941 καὶ
1403 3872 1859 3960 γάρντοῦτόνέστιν

184 3959 471 4029 ἐλευθερία
510 3962 688 4030 μόνον,
718 3966 779 4017 ού
806 3967 866 4018 τὸ
900 3969 973 4039 μὴ
1000 3972 1341 4038 κολάζεσθαι,
1374 3959 1511 4045 μηδὲ
1545 3978 1773 4048 πάσχειν
1807 3998 1859 4034 τι

182 4045 356 4098 δεινόν
378 4048 425 4099 δ.
455 4048 525 4099 Σὺ
553 4049 609 4102 δὲ
630 4050 781 4115 είδὼς
808 4052 921 4124 [80]
951 4056 1052 4127 τὴν
1076 4060 1325 4130 κάμινον,
1359 4045 1733 4136 ἀναμνήσθητι
1754 4067 1860 4119 τῶν

181 4132 280 4185 τοῦ
315 4134 487 4204 πυρὸς
514 4137 788 4206 ποταμῶν,
815 4141 923 4193 τῶν
958 4145 1099 4196 κατά
1127 4147 1227 4216 τὴν
1259 4148 1471 4218 ἡμέραν
1500 4152 1597 4220 τὴν
1625 4153 1860 4223 φοϐερὰν

178 4220 423 4289 ἐκείνην.
462 4222 723 4293 Καθάπερ
754 4226 861 4295 7&9
898 4228 1131 4283 ἐνταῦθα
1163 4235 1291 4296 τοὺς
1322 4235 1419 4304 μὲν
1447 4238 1661 4306 ἥρπασε
1682 4280 1695 4301 ,
1733 4242 1859 4304 τοὺς

179 4304 237 4357 δὲ
265 4307 465 4377 ᾐδέσθη
502 4311 562 4361 τὸ
599 4311 726 4381 πῦρ,
759 4311 898 4366 οὔτω
941 4315 1034 4366 καὶ
1082 4318 1176 4369 ἐπὶ
1209 4321 1316 4372 τῶν
1348 4324 1605 4393 ποταμῶν
1634 4327 1856 4379 ἐκείνων

182 4392 338 4444 ἔσται
357 4409 371 4421 ·
405 4395 505 4446 κᾶν
534 4397 633 4464 μέν
656 4416 739 4462 τις
767 4400 863 4471 ἔχῃ
891 4401 1099 4469 χόρτον,
1130 4404 1291 4469 ξύλα,
1322 4392 1595 4479 καλάμην,
1627 4412 1853 4467 ἀνάπτει

179 4481 241 4531 τὸ
274 4478 387 4549 πῦρ
406 4493 422 4507 ο
450 4480 514 4531 ἂν
544 4483 600 4533 δέ
625 4501 709 4547 τις
737 4485 832 4556 ἔχῃ
857 4488 1073 4557 χρυσὸν,
1110 4488 1373 4561 ἄργυρον,
1405 4498 1753 4569 φαιδρότερος
1773 4503 1855 4570 γί-

177 4584 350 4619 νεται.
368 4566 583 4636 Ταύτην
608 4572 787 4624 τοίνυν
808 4574 905 4643 τὴν
923 4574 1049 4645 ὓλην
1070 4578 1489 4648 συναγάγωμεν,
1517 4588 1693 4641 καὶτὰ
1718 4606 1856 4660 παρ-

177 4652 307 4705 όντα
342 4652 595 4721 φέρωμεν
625 4662 908 4723 γενναίως,
942 4662 1141 4723 ειδότες
1198 4663 1280 4715 ὅτι
1314 4666 1407 4717 καὶ
1448 4670 1666 4741 ἐκείνης
1706 4652 1855 4743 ημάς

177 4739 277 4808 τῆς
304 4738 577 4799 κολάσεως
598 4741 631 4807 ἡ
662 4744 912 4813 παροῦσα
946 4747 1237 4814 ἀπαλλάξει
1264 4749 1471 4819 θλίψις,
1504 4754 1598 4807 ἐὰν
1622 4738 1851 4827 εἰδῶμεν

178 4827 512 4892 φιλοσοφεῖν,
534 4824 628 4876 καὶ
648 4828 884 4885 ἐνταῦθα
906 4832 1146 4901 βελτίους
1167 4836 1477 4906 ἐργάσεται,
1504 4840 1601 4908 οὐχ
1628 4824 1774 4910 ἡμᾶς
1793 4847 1849 4899 δὲ

179 4913 362 4980 μόνον,
412 4910 544 4963 ἀλλά
575 4912 667 4963 καὶ
701 4917 827 4981 τοὺς
866 4920 1205 4990 ἐμϐαλόντας
1235 4926 1383 4995 ἡμᾶς
1430 4926 1705 4991 πολλάκις,
1752 4934 1848 4985 ἐὰν

174 5000 468 5066 νήφωμενυ
509 4998 741 5069 τοσαύτη
782 5004 882 5073 τῆς
925 5007 1243 5075 φιλοσοφίας
1286 5012 1319 5080 ἠ
1360 5014 1675 5083 περιουσία·
1713 5016 1741 5067 6
1782 5017 1845 5087 δὴ

175 5086 270 5136 καὶ
310 5085 403 5137 ἐπὶ
443 5082 533 5134 τοῦ
578 5085 840 5152 τυράννου
887 5093 1008 5145 τότε
1046 5096 1287 5162 γέγονεν.
1341 5099 1555 5170 Ἐπειδὴ
1589 5102 1696 5173 7&9
1740 5100 1845 5157 εἶδε

175 5171 348 5238 μηδὲν
398 5168 664 5231 παθόντας
704 5170 896 5237 δεινὸν,
931 5178 1162 5233 ἄκουσον
1206 5181 1324 5245 πῶς
1380 5168 1705 5253 μετεϐάλετο
1729 5208 1741 5222 ο
1785 5194 1847 5246 Ol

171 5255 383 5310 δοῦλοι
402 5254 502 5309 τοῦ
525 5255 669 5308 Θεοῦ
810 5262 1097 5331 ὑψίστου,
1115 5268 1390 5333 ἐξέλθετε
1412 5274 1509 5326 καί
1534 5275 1727 5341 δεῦτε,
1752 5296 1849 5349 φη-

174 5342 278 5394 σίν.
300 5343 372 5395 06
396 5340 496 5411 πρὸ
521 5340 715 5410 μικροῦ
738 5340 923 5428 ἔλεγες
944 5359 990 5411 ο,
1022 5354 1126 5405 Καὶ
1146 5354 1234 5419 τίς
1250 5355 1381 5408 ἐστι
1403 5358 1557 5423 θεὸς,
1579 5360 1646 5425 ὃς
1662 5340 1843 5428 δωίιί.

170 5446 343 5482 σεται
368 5426 677 5515 ἐξελέσθαι
702 5426 859 5497 ὑμᾶς
883 5432 950 5484 ἐκ
981 5436 1097 5490 τῶν
1118 5443 1333 5509 χειρῶν
1347 5460 1503 5511 you;
1534 5446 1598 5497 Τί
1620 5426 1839 5515 γέγονες

170 5515 338 5567 πόθεν
371 5517 404 5585 ἡ
437 5512 737 5599 μεταδολής
790 5516 913 5580 τοὺς
958 5518 1059 5584 ἔξω
1095 5526 1491 5599 διαφθαρέντας
1538 5512 1708 5596 εἶδες,
1746 5512 1840 5590 καί

167 5605 299 5665 τοὺς
324 5602 471 5655 ἔνδον
494 5598 706 5663 καλεῖς;
738 5602 897 5656 πόθεν
920 5607 1120 5676 ἐπῆλθέ
1153 5631 1237 5666 σοι
1262 5618 1481 5673 τοιαῦτα
1504 5620 1835 5690 φιλοσοφεῖνς

168 5685 325 5752 Εἶδες
378 5688 515 5757 πόση
566 5688 836 5762 μεταϐολὴ
886 5693 963 5763 τῷ
1008 5695 1221 5761 βασιλεῖ
1258 5706 1511 5773 γέγονεν;
1554 5709 1641 5761 ὅτε
1689 5709 1839 5765 οῦπω

233 5809 262 5878 ξ
286 5804 781 5878 ῥίὶίδιπλοῦνέχουσι
809 5814 864 5861 τὸ
885 5816 1063 5878 κέρδος.

231 5870 261 5940 ξ
286 5871 435 5955 Savjl.
460 5870 725 5955 εεᾳυξςξαη)
747 5886 863 5922 mss.
890 5870 1047 5945 τιίτῶν
1066 5880 1251 5955 δεινῶν.
1280 5884 1387 5955 Μοκ
1412 5892 1497 5955 qlii
1514 5891 1601 5941 :06
1619 5897 1838 5955 ποταμοῦ

170 5931 257 5980 τοῦ
276 5933 420 6006 πυρὸς
435 5931 545 6007 :06,
571 5931 652 6004 alii
675 5933 754 5980 τὸν
774 5941 987 5997 ποταμὸν
1009 5940 1093 5988 τοῦ
1124 5945 1267 6005 πυρὸς
1294 5948 1392 5993 τόν.
1422 5950 1547 6002 Infra
1586 5957 1683 6006 duo
1728 5931 1838 6007 ita:

171 6010 277 6041 πτει
299 5996 383 6048 τήν
402 5992 568 6051 φλόγα.
593 5992 665 6039 ἆν-

233 6056 257 6086 ⁶
288 6055 439 6105 Sail.
461 6060 512 6101 cl.
530 6053 713 6106 aliqua.
739 6071 851 6108 mss.
877 6058 965 6119 πρὸ
992 6065 1185 6125 βραχέος
1214 6068 1380 6128 ἔλεγες.

2000 852 2171 924 δείξῃ,
2233 853 2316 906 ὅτι
2344 854 2470 918 τοὺς
2506 854 2598 905 ὑπ’
2628 853 2793 907 αὑτοῦ
2830 853 3263 925 φυλαττομένους
3293 856 3467 920 οὐδεὶς
3489 874 3669 927 παρα-

1998 939 2202 1009 ϐλάψαι
2231 939 2519 1010 δυνήσεται
2538 958 2553 971 ·
2580 940 2673 994 καὶ⁸
2704 941 2839 1010 δπερ
2867 942 2957 993 ἐπί
2982 942 3075 994 τοῦ
3111 942 3230 995 Ἰὼϐ
3254 943 3498 1013 ἐποίησε,
3515 944 3673 995 τοῦτο

1996 1027 2092 1079 κα)⁵
2123 1026 2363 1079 ἐνταῦθα
2400 1028 2716 1098 είργάσατο.
2750 1028 2859 1080 Καὶ
2886 1027 2993 1097 γὰρ
3024 1030 3139 1080 ἐκεῖ
3171 1029 3347 1099 ἀφῆκε
3379 1030 3469 1082 τὸν
3492 1029 3671 1084 διάϐο-

1994 1112 2085 1165 λον
2113 1114 2296 1166 πᾶσαν
2329 1114 2494 1167 αὑτοῦ
2524 1116 2623 1185 τὴν
2650 1114 2878 1185 δύναμιν
2898 1113 3289 1178 ἐπιδείξασθαι,
3309 1116 3401 1167 καὶ
3432 1117 3519 1169 ἴκτε
3544 1116 3669 1168 ἐκέ-

1993 1216 2133 1253 νωσε
2188 1200 2258 1253 τὰ
2318 1200 2448 1271 βέλη
2501 1202 2700 1265 πάντα,
2752 1202 2847 1256 καὶ
2908 1200 3085 1264 οὐδεὶς
3135 1201 3426 1271 ἐπιϐουλῆς
3471 1202 3669 1255 ὑπελέο

1991 1286 2180 1340 λειπτο
2223 1287 2251 1325 ἀ
2301 1288 2536 1359 τρόπος,
2572 1287 2694 1341 τότε
2730 1288 3048 1343 ἀνεϐίϐασεν
3089 1290 3155 1341 ἐκ
3198 1287 3293 1341 τοῦ
3347 1289 3669 1360 σκάμματος

1989 1372 2082 1426 τὸν
2115 1372 2374 1445 ἀθλητὴν,
2412 1374 2498 1427 ἶνα
2542 1374 2771 1447 λαμπρά
2817 1374 2905 1428 καὶ
2958 1375 3436 1446 ἀναμφισϐήτητος
3476 1378 3509 1446 ἡ
3540 1376 3666 1446 νίκη

1989 1458 2216 1527 γένηται
2235 1476 2248 1490 ·
2280 1459 2423 1513 οὕτω
2452 1460 2518 1531 δὴ
2547 1461 2645 1515 καὶ
2694 1459 2932 1514 ἐνταῦθα
2956 1460 3017 1511 τὸ
3041 1461 3174 1513 αὐτὸ
3192 1460 3351 1514 τοῦτο
3390 1463 3664 1532 ἐποίησεν.

2001 1544 2299 1617 Ἐϐουλήθη
2353 1548 2453 1618 τὴν
2517 1547 2671 1602 πόλιν
2717 1547 2901 1601 αὐτῶν
2972 1548 3350 1616 κατασκάψαι,
3413 1550 3510 1602 καὶ
3565 1549 3667 1603 οὐκ

1988 1630 2293 1684 ἐκώλυσεν·
2354 1632 2622 1703 ἐϐουλήθη
2680 1632 2869 1686 λαϐεῖν
2932 1630 3351 1701 αίχμαλώτους,
3418 1636 3513 1688 καὶ
3566 1636 3667 1687 οὐκ

1988 1718 2331 1772 ἐνεπόδισεψ
2388 1720 2659 1791 ἐϐουλήθη
2700 1721 2895 1789 δῆσαι,
2953 1720 3371 1793 συνεχώρησεν·
3438 1727 3519 1787 είς
3570 1724 3667 1793 τὴν

1989 1804 2216 1873 κάμινον
2293 1807 2590 1877 ἐμϐαλεῖν,
2660 1807 2993 1878 ἐπέτρεψεν⁸
3064 1809 3265 1877 ἀνάψαι
3335 1810 3434 1881 τὴν
3494 1811 3666 1879 φλόγα

1990 1888 2134 1959 πέρα
2159 1888 2253 1942 τοῦ
2281 1893 2502 1961 μέτρου,
2529 1893 2624 1946 καὶ
2663 1892 2823 1945 τοῦτο
2873 1892 3051 1960 ἀφῆκε
3074 1908 3087 1922 ’
3124 1896 3218 1946 καὶ
3243 1896 3331 1948 ὅτε
3368 1896 3517 1950 οὐδὲν
3560 1898 3658 1949 6::-

1988 1974 2265 2029 ελέλειπτο
2293 1977 2497 2042 λοιπὸν,
2522 1980 2659 2033 ἀλλά
2682 1980 2863 2033 πᾶσαν
2891 1978 3159 2032 ἐκένωσεν
3195 1982 3361 2035 αὑτοῦ
3392 1983 3490 2054 τὴν
3514 1985 3668 2055 ίσχῑλν

1986 2064 2013 2113 6
2034 2061 2321 2133 τύραννος,
2343 2066 2463 2117 τότε
2494 2066 2660 2131 ἔδειξε
2689 2067 2786 2136 τὴν
2820 2063 2986 2118 αὐτοῦ
3029 2066 3262 2140 δύναμιν
3306 2073 3335 2125 6
3368 2072 3501 2135 Θεὸς
3520 2112 3535 2135 ,
3571 2073 3666 2125 καὶ

1983 2149 2085 2219 τὴν
2117 2150 2226 2203 τῶν
2258 2152 2466 2205 παίδων
2492 2154 2789 2228 ὑπομονήν.
2835 2159 2998 2232 Ὁρᾷς
3024 2164 3105 2215 δτι
3125 2159 3215 2214 διὰ
3244 2159 3403 2213 τοῦτο
3427 2160 3665 2230 συνεχώ.

1986 2251 2152 2306 ρησεν
2174 2238 2203 2289 6
2230 2237 2365 2301 Θεὸς
2401 2239 2563 2309 μέχρι
2592 2252 2616 2279 ο
2644 2243 2831 2307 τέλους
2854 2247 2950 2310 τὰς
2980 2247 3207 2317 θλίψεις,
3252 2248 3339 2300 ἵνα
3369 2246 3517 2316 δείξῃ
3550 2250 3664 2309 τοῖς

1982 2321 2389 2378 ἐπιϐουλεύουσι
2411 2327 2505 2379 καὶ
2528 2326 2627 2398 τὴν
2655 2328 2761 2383 τῶν
2785 2331 3288 2401 ἐπιϐουλευομένων
3318 2333 3659 2402 φιλοσοφίαν,

1981 2407 2078 2460 καὶ
2100 2406 2201 2478 τὴν
2226 2408 2392 2462 αὑτοῦ
2424 2411 2709 2481 πρόνοιανς
2743 2417 2921 2487 Ἀπερ
2950 2419 3236 2489 ἀμφότερα
3264 2418 3513 2482 κάκεῖνος
3541 2418 3663 2473 τότε

1982 2491 2169 2560 μαθὼν
2223 2494 2355 2547 ἐϐόα
2380 2511 2392 2524 ·
2456 2499 2522 2549 Ol
2588 2498 2799 2553 δοῦλοι
2853 2504 2960 2557 τοῦ
3022 2504 3170 2558 Θεοῦ
3213 2504 3317 2557 τοῦ
3366 2505 3658 2572 ὑψίστου,

1978 2578 2258 2641 ἐξέλθετε
2281 2582 2379 2634 καί
2411 2582 2606 2638 δεῦτε.
2646 2586 2719 2639 Σὺ
2753 2587 2811 2640 δέ
2847 2606 2935 2658 μοι
2976 2590 3168 2643 σκόπει
3192 2590 3301 2644 τῶν
3325 2591 3529 2644 παίδων
3559 2609 3657 2663 με-

1979 2662 2312 2734 γαλοψυχίαν
2331 2682 2345 2695 ·
2388 2665 2515 2720 οὔτε
2545 2669 2656 2740 γάρ
2689 2671 2795 2741 πρὸ
2840 2672 2939 2742 τῆς
2966 2676 3152 2745 φωνῆς
3179 2673 3537 2747 ἐξεπήδησαν,
3564 2662 3659 2734 θῖνα

1981 2748 2056 2819 μὴ
2080 2751 2281 2823 νομίσῃ
2314 2768 2399 2815 τις
2430 2754 2628 2819 αὐτοὺς
2658 2758 2999 2830 πεφοϐῆσθαι
3035 2762 3054 2801 ι
3089 2763 3152 2816 τὸ
3184 2762 3324 2834 πῦρ,
3363 2763 3485 2817 οὔτε
3517 2766 3653 2833 κλη-

1978 2834 2164 2899 θέντες
2192 2836 2341 2890 ἔνδον
2368 2838 2591 2909 ἔμειναν
2610 2882 2623 2905 ,
2656 2844 2742 2896 ἵνα
2784 2846 2861 2916 μὴ
2888 2847 3160 2920 φιλότιμοι
3199 2866 3345 2914 τινες
3392 2847 3531 2905 εἶναι
3558 2853 3654 2906 καὶ

1976 2922 2269 2989 φιλόνεικοι
2283 2925 2527 2991 δόξωσιν.
2545 2930 2675 2983 Ὅτε
2692 2930 2915 3002 ἔμαθες,
2941 2936 3094 3003 φασὶ,
3112 2937 3260 3001 τίνος
3274 2938 3439 3008 ἐσμὲν
3456 2938 3652 3001 δοῦλοι,

1972 3007 2061 3059 ὅτε
2087 3008 2179 3061 τὸν
2195 3012 2474 3083 Δεσπότην
2499 3015 2655 3084 ημῶν
2678 3018 2943 3086 ἐπέγνως,
2965 3022 3085 3075 τότε
3105 3007 3459 3095 ἐξερχόμεθα,
3482 3029 3656 3097 κήρυ·

1973 3111 2068 3157 κες
2097 3096 2345 3166 ἐσόμενοι
2360 3101 2475 3162 τοῖς
2496 3102 2762 3171 παροῦσιν
2780 3105 2953 3159 ἅπασι
2968 3108 3065 3179 τῆς
3080 3109 3173 3162 τοῦ
3191 3110 3327 3163 Θεοῦ
3348 3096 3649 3182 δυνάμεως.

1970 3182 2188 3235 Μᾶλλον
2217 3184 2275 3237 δέ
2307 3186 2410 3239 οὐκ
2437 3188 2593 3241 αὐτοὶ
2624 3190 2805 3259 μόνον,
2848 3193 2987 3247 ἀλλά
3016 3196 3111 3248 καὶ
3134 3199 3163 3250 6
3198 3196 3456 3268 πολέμιος
3476 3201 3655 3272 οἰκείᾳ

1971 3272 2123 3340 φωνῇ
2146 3273 2239 3323 καὶ
2272 3272 2361 3326 διὰ
2389 3275 2488 3345 τῆς
2516 3276 2785 3348 γλώττης,
2807 3281 2900 3333 καὶ
2924 3282 3013 3336 διὰ
3043 3284 3145 3354 τῆς
3173 3287 3462 3358 ἐπιπολῆς
3486 3290 3653 3343 πᾶσιν

1970 3356 2325 3428 ἀνεκήρυττε,
2358 3363 2452 3414 καὶ
2474 3363 2574 3433 τὴν
2601 3364 2709 3420 τῶν
2736 3366 2986 3440 ἀθλητῶν
3012 3370 3283 3433 ἔνστασιν,
3316 3356 3533 3444 καὶντὴν
3553 3375 3650 3431 τοῦ

1969 3444 2304 3513 ἀγωνοθέτου
2326 3450 2499 3517 ἰσχύν.
2525 3452 2635 3504 Καὶ
2652 3452 2907 3526 καθάπερ
2932 3458 2981 3511 οί
3000 3459 3239 3529 κήρυκες
3259 3463 3386 3526 τοὺς
3410 3462 3650 3533 ἀθλητάς

1968 3531 2234 3596 νικῶντας
2263 3534 2685 3606 ἀναγορεύουσιν
2714 3542 2739 3579 ⁸
2767 3543 2825 3594 ἐν
2857 3543 3009 3614 μέσῳ
3034 3545 3112 3616 τῷ
3140 3546 3374 3619 θεάτρῳ,
3406 3550 3502 3603 καὶ
3532 3531 3647 3623 [81]

1965 3616 2064 3679 τάς
2092 3619 2277 3683 πόλεις
2305 3622 2483 3707 αὐτῶν
2512 3624 2789 3693 λέγουσιν·
2832 3630 2892 3683 ὐ
2915 3631 3063 3685 δεῖνα
3095 3634 3257 3703 τῆσδε
3276 3616 3389 3707 ’τῆς
3412 3616 3647 3702 πόλεωςί

1965 3702 2107 3756 οὕτω
2145 3708 2239 3759 καὶ
2279 3703 2437 3772 οὗτος
2482 3714 2603 3766 ἀντὶ
2628 3716 2727 3787 τῆς
2774 3718 2980 3782 πόλεως
3013 3721 3104 3774 τὸν
3154 3702 3431 3796 Δεσπότην
3469 3727 3651 3780 αὐτῶν

1964 3790 2297 3861 ἀνεκήρυττε
2332 3795 2385 3859 ιι,
2430 3798 2694 3870 Σεδρὰχ,
2739 3806 3319 3878 Μισὰχ,Ἁϐδεναγὼ,
3356 3790 3411 3865 οῖ
3438 3812 3649 3868 δοῦλοι

1963 3876 2068 3931 τοῦ
2100 3880 2249 3934 Θεοῦ
2282 3882 2390 3935 τοῦ
2418 3886 2707 3953 ὑψίστου,
2734 3890 3012 3954 ἐξέλθετε
3042 3897 3141 3949 καὶ
3172 3876 3362 3952 δεῦτε.
3394 3900 3459 3952 Τί
3487 3901 3649 3969 γέγο-

1962 3980 2072 4026 νεν,
2107 3966 2190 4019 ὃτι
2222 3967 2441 4034 δούλους
2474 3973 2671 4038 αὐτοὺς
2707 3977 2892 4042 καλεῖς
2923 3980 3016 4033 τοῦ
3040 3981 3211 4047 Θεοῦ;
3240 3986 3359 4054 οὐχὶ
3393 3987 3475 4039 σοὶ
3500 3966 3646 4059 ἦσαν

1961 4050 2173 4117 δοῦλοις
2216 4055 2377 4109 ’Λλλά
2406 4059 2709 4113 κατέλυσάν
2738 4079 2838 4132 μου
2888 4065 2986 4135 τὴν
3010 4050 3484 4142 βασιλείαν,-φησὶ,
3510 4050 3643 4127 κατ-

1963 4137 2246 4209 επάτησάν
2263 4157 2362 4210 μου
2383 4143 2474 4195 τὸν
2496 4143 2684 4213 τῦφον,
2707 4148 2911 4215 ἔδειξαν
2929 4151 3016 4233 διὰ
3033 4153 3142 4205 τῶν
3164 4137 3445 4225 ἕργωνὴτδν
3468 4160 3641 4233 ἀληθῆ

1961 4225 2239 4294 Δεσπότην
2268 4227 2466 4281 αὐτῶν.
2503 4231 2563 4283 El
2596 4233 2902 4305 ἀνθρώπων
2924 4232 3067 4308 ἦσαν
3093 4240 3291 4306 δοῦλοι,
3324 4244 3425 4297 οὐκ
3456 4244 3522 4299 ἀν
3547 4248 3641 4299 αὖ·

1959 4312 2085 4401 τοὺς
2115 4312 2605 4401 ἐφοϐήθηᾼτὸήπῦρ,
2635 4320 2733 4373 οὐκ
2762 4321 2828 4374 ἂν
2864 4326 3261 4398 παρεχώρησεν
3294 4332 3327 4401 ἠ
3356 4330 3488 4398 φλόξ
3507 4347 3522 4363 ⁸
3549 4333 3643 4386 ἀνο

1959 4392 2192 4463 θρὼπων
2225 4397 2333 4466 7&9
2363 4398 2583 4465 δούλους
2615 4404 2647 4471 ὴ
2695 4407 2874 4470 κτίσις
2912 4392 3192 4465 ούκηοίδέν
3235 4392 3499 4470 αἰδεῖσθαι
3546 4420 3641 4472 καὶ

1957 4482 2139 4551 τιμᾷν.
2172 4482 2273 4534 Διά
2292 4484 2451 4537 τοῦτο
2476 4488 2659 4552 πάλιν,
2693 4492 2880 4561 φησὶν,
2912 4498 3260 4567 Εὐλογητὸς
3291 4505 3324 4555 ό
3359 4503 3503 4569 Θεὸς
3528 4506 3637 4559 τοῦ

1951 4567 2214 4637 Σεδράκν
2268 4572 2503 4640 Μισάκς
2546 4575 2888 4648 Ἀσδεναγώ.
2939 4581 3011 4635 Σὺ
3050 4583 3107 4635 δέ
3150 4603 3239 4655 μοι
3281 4567 3490 4642 σκόπει-
3517 4592 3635 4655 πῶς

1958 4651 2174 4721 πρῶτον
2228 4657 2593 4729 ἀνακηρύττει
2642 4664 2734 4716 τὸν
2782 4666 3122 4740 ἀγωνοθέτην
3141 4651 3162 4702 ’⁷
3210 4676 3559 4744 Εὐλογητὸς

1958 4740 2101 4826 Θεός
2130 4741 2197 4806 ὃς
2218 4744 2539 4801 ἀπέστειλε
2569 4751 2678 4803 τὸν
2708 4752 2968 4822 ἄγγελον
2994 4759 3204 4823 αὑτοῦ,
3233 4763 3331 4815 καί
3366 4740 3631 4826 ἐξείλετο

1954 4825 2092 4889 τοὺς
2113 4826 2331 4891 παῖδας
2350 4834 2558 4889 αὑτοῦ.
2580 4836 2752 4891 Τοῦτο
2772 4842 2871 4910 τῆς
2888 4842 3169 4911 δυνάμεως
3189 4848 3281 4899 τοῦ
3308 4825 3443 4902 Θεοῦ
3464 4869 3477 4883 ’
3506 4854 3628 4907 είπέ

1952 4912 2043 4962 καὶ
2086 4912 2183 4983 τὴν
2210 4914 2409 4985 ἀρετὴν
2447 4918 2555 4971 τῶν
2600 4922 2851 4993 ἀθλητῶν
2875 4946 2888 4959 ·
2929 4930 3048 4982 ’Ὁτι
3082 4932 3508 4991 ἐπεποίθεισαν
3530 4939 3627 4991 ἐπ’

1949 4997 2141 5064 αὐτῷ,
2187 5002 2285 5055 καὶ
2320 5004 2667 5069 ὴλλοίωσαν
2702 5011 2769 5064 τὸ
2791 5011 2960 5083 ῥῆμα
3002 5019 3111 5073 τοῦ
3146 5022 3475 5091 βασιλέως,
3524 5029 3623 5081 καὶ

1950 5085 2302 5153 παρέδωκαν
2323 5090 2393 5142 τὰ
2420 5093 2665 5159 σώματα
2683 5098 2904 5167 αὐτῶν,
2936 5102 3097 5171 ὅπως
3115 5108 3206 5176 μὴ
3242 5085 3617 5179 λατρεύσωσι

1951 5172 2107 5237 θεοῖς
2133 5174 2494 5267 ἀλλοτρίοις.
2519 5176 2668 5252 Ἀρα
2715 5185 2768 5237 τί
2796 5188 2991 5254 γένοιτ’
3020 5192 3086 5244 ἂν
3108 5172 3309 5262 ἀρετῆς
3338 5172 3479 5260 ἶσονς
3508 5198 3622 5267 ιιρδ

1949 5258 2159 5326 τούτου,
2186 5263 2277 5316 ὅτε
2306 5259 2477 5332 εἶπον,
2512 5268 2643 5336 Τοῖς
2668 5272 2822 5338 θεοῖς
2858 5290 2974 5327 σου
3003 5280 3074 5330 οὐ
3102 5282 3489 5349 λατρεύομεν,
3518 5284 3620 5352 τῆς

1948 5346 2180 5415 καμίνου
2217 5350 2597 5424 χαλεπώτερον
2646 5358 2842 5430 ἐξεκάη
2864 5377 2877 5390 ·
2913 5362 3006 5413 νῦν
3051 5363 3108 5417 δὲ
3141 5367 3327 5439 ἐπειδὴ
3352 5346 3482 5424 -δια

1944 5433 2122 5502 ἔργων
2149 5437 2325 5491 αὐτῶν
2351 5439 2508 5494 τοῦτο
2534 5444 2877 5509 ἐπαίδευσαν,
2901 5450 2961 5501 οὐ
2993 5452 3153 5521 μόνον
3186 5456 3285 5508 οὐκ
3309 5458 3621 5528 ἠγανάκτη-

1945 5535 2056 5583 σεν,
2093 5522 2228 5577 ἀλλά
2268 5528 2363 5580 καὶ
2399 5529 2627 5599 ἐπῄνεσε
2672 5534 2766 5585 καὶ
2810 5534 3139 5607 ἐθαύμασεν,
3168 5542 3249 5595 ὅτι
3284 5522 3451 5599 αῦτοῦ
3479 5522 3618 5616 παρ-

1942 5606 2206 5673 ἠκουσαν.
2232 5612 2498 5667 Τοσοῦτον
2519 5616 2685 5689 ἀρετὴ
2712 5620 2895 5687 καλὸν,
2914 5624 2995 5678 ὅτι
3025 5630 3116 5680 καὶ
3140 5629 3337 5694 αὐτοὺς
3364 5634 3489 5696 τοὺς
3518 5651 3618 5687 πο-

1940 5690 2159 5788 λεμίους
2185 5696 2198 5733 i
2232 5696 2343 5766 ἔχει
2369 5698 2689 5770 θαυμαστὰς
2712 5709 2806 5761 καὶ
2828 5710 3137 5776 ἐπαινέτας.
3172 5690 3395 5771 Ἐκεῖνοι
3420 5690 3616 5788 ἠγωνί-

2002 5776 2028 5861 ξ
2168 5783 2614 5864 Δςδττελείφὶθη,ξ’ξιυιι)
2627 5797 2877 5864 ροειοῦτω
2895 5800 2951 5857 δή
2973 5800 3115 5864 deest
3129 5801 3179 5850 in
3189 5776 3477 5864 quibusdal'h
3499 5820 3615 5857 mss.

2006 5841 2026 5927 ς
2051 5843 2154 5927 λιιιιίε
2168 5841 2428 5927 ῦπὲμρνῂν,
2449 5851 2526 5897 διά
2551 5841 2641 5916 τάῥ
2660 5841 2803 5905 τοῡέό
2817 5841 3239 5927 ’ἔυᾶιιῖρὶῖἆὶρῖἶ

2008 5898 2026 5936 ί
2060 5902 2155 5951 Alii
2180 5898 2439 5966 φοϐεῖσθαι.

2004 5966 2249 6038 fQ'uidam
2270 5983 2383 6038 mgis.
2409 5974 2778 6038 ἀναγορεύοντες.

2002 6024 2029 6102 ξ
2058 6024 2162 6102 ῌρῃ
2192 6030 2330 6102 pa_uci
2352 6045 2465 6102 lpss.
2491 6024 2755 6102 άνᾶήρυξεξ

2011 6087 2023 6125 ί
2057 6090 2093 6137 Α
2105 6087 2156 6137 lii
2188 6087 2521 6155 πολεμοῦντας.
