4494 6672
863 431 936 492 89
1690 428 1747 483 S.
1788 428 2079 484 JOANNIS
2115 424 2610 486 CHRYSOSTOMI
2640 421 2965 481 ARCIIIEP.
3001 421 3555 483 CONSTANTINOP.
4266 419 4341 475 90

864 562 1025 601 σαντο
1070 544 1165 598 καὶ
1206 544 1483 615 ἐνίκησαν,
1516 542 1612 596 καὶ
1644 542 1673 595 ὀ
1710 542 1965 615 ἡττηθεὶς
2011 544 2426 616 εὐχαρίστησεν,
2455 544 2539 597 δτι

859 634 960 686 οὐκ
988 631 1257 702 ἐφόϐησεν
1285 632 1483 694 αὐτοὺς
1514 631 1548 699 ή
1597 632 1695 701 τῆς
1734 630 1929 699 φλογὸς
1960 629 2106 699 δψις,
2133 630 2269 684 άλλὰ
2296 630 2543 700 παρεκά-

862 717 1017 771 λεσεν
1049 717 1247 780 αὐτοὺς
1287 719 1320 788 ή
1360 718 1443 779 είς
1479 716 1575 770 τὸν
1620 717 1897 786 Δεσπότην
1936 716 2121 780 ἐλπὶς,
2171 717 2267 769 καὶ
2310 715 2403 768 τὸν
2438 716 2541 785 τῆς

861 804 1188 874 οικουμένης
1214 802 1345 856 Θεὸν
1366 802 1475 857 άπὸ
1493 800 1606 856 τῶν
1630 802 1797 876 τριῶν
1825 803 2025 857 παίδων
2048 803 2223 865 καλεῖ,
2243 800 2365 870 ούχὶ
2385 817 2542 871 περι-

862 890 1060 945 κλείων
1085 889 1249 944 αὐτοῦ
1288 890 1388 961 τήν
1414 890 1757 954 δεσποτείαν,
1794 890 1914 944 ἁλλ’
1948 889 2135 960 ἐπειδὴ
2160 890 2257 959 τῆς
2288 887 2540 958 οίκουμέ-

860 994 961 1048 νης
990 977 1231 1044 άντάξιοι
1250 973 1393 1049 ἦσαν
1410 980 1461 1031 οί
1488 978 1676 1041 παῖδες
1693 978 1745 1030 οί
1769 980 1937 1048 τρεῖς,
1968 976 2060 1031 διά
2078 975 2236 1029 τοῦτο
2263 975 2356 1028 καὶ
2382 975 2541 1028 ἐπαι-

862 1066 944 1117 νεῖ
980 1065 1107 1128 τοὺς
1138 1066 1657 1136 καταφρονήσαντας
1689 1063 1877 1127 αὑτοῦ,
1928 1065 2025 1118 καὶ
2068 1062 2371 1134 τυράννους
2415 1078 2536 1114 τοσ-

860 1150 1051 1214 ούτους
1098 1151 1194 1204 καὶ
1242 1152 1479 1221 βασιλεῖς
1541 1151 1638 1204 καὶ
1667 1150 1949 1223 ὑπάρχους
1994 1148 2375 1221 παραδραμὼν
2414 1149 2541 1211 τοὺς

861 1240 1182 1303 πεισθέντας
1208 1240 1379 1311 αὐτῷ,
1424 1243 1576 1313 τρεῖς
1610 1239 1988 1312 αἰχμαλώτους
2026 1239 2122 1293 καὶ
2167 1238 2389 1301 δούλους
2416 1239 2540 1299 τοὺς

854 1326 1341 1393 καταγελάσαντας
1386 1326 1555 1382 αὐτοῦ
1599 1328 1700 1398 τῆς
1729 1326 2046 1398 τυραννίδος
2086 1324 2421 1395 ἐθαύμασεν.
2462 1324 2538 1376 Ού

859 1412 970 1482 γὰρ
1007 1412 1469 1480 φιλονεικοῦντες,
1518 1413 1656 1468 ἁλλὰ
1704 1411 2120 1481 φιλοσοφοῦντες
2159 1410 2331 1465 ταῦτα
2373 1409 2542 1481 ἐπρα-

859 1496 959 1563 ξαν
977 1509 1028 1560 ι,
1062 1498 1183 1552 ούδέ
1211 1498 1278 1552 δι’
1322 1500 1601 1560 ἀπόνοιαν,
1644 1498 1781 1552 άλλά
1807 1498 1877 1550 δι’
1910 1498 2198 1551 εὐσέϐειαν
2220 1513 2233 1526 ·
2274 1497 2375 1550 οὐκ
2406 1496 2541 1549 άλα-

859 1582 1043 1654 ζονιίᾳ
1075 1586 1427 1656 φυσηθέντες,
1476 1586 1612 1639 άλλὰ
1654 1586 1801 1657 ζήλῳ
1856 1586 2224 1656 πυρωθέντες.
2279 1584 2391 1637 Kal
2432 1583 2541 1652 γὰρ

861 1668 1004 1737 μέγα
1030 1670 1233 1739 ἀγαθὸν
1257 1671 1478 1725 ἐλπίσαι
1505 1674 1587 1735 είς
1620 1672 1755 1725 Θεόν
1776 1689 1788 1702 ·
1825 1674 1963 1741 ὅπερ
1992 1668 2087 1725 οῦν
2122 1673 2217 1724 καὶ
2261 1672 2291 1723 ό
2328 1669 2537 1739 βάρϐα-

858 1772 953 1825 ρος
975 1757 1136 1824 ἔγνω,
1170 1759 1263 1811 καὶ
1285 1758 1445 1829 δῆλον
1472 1760 1554 1813 ὅτι
1579 1759 1832 1812 ἐντεῦθεν
1852 1760 2108 1826 διέφυγον
2135 1757 2228 1809 τὸν
2257 1755 2538 1826 ἐπικείμε-

856 1858 947 1897 νον
985 1843 1227 1898 κίνδυνον
1268 1845 1584 1916 ἀνεϐόησεν·
1616 1846 1736 1896 Ὀτι
1772 1844 2201 1898 ἑπεποίθεισαν
2231 1842 2327 1895 ἐπ’
2355 1840 2536 1906 αὐτῷ.

928 1936 1005 1993 ς’.
1032 1930 1220 1983 Ταῦτα
1245 1931 1303 1985 δέ
1320 1930 1463 2000 λέγω
1490 1931 1610 1989 νῦν.
1630 1930 1841 1995 καὶτὰς
1855 1930 2098 2001 ἱστορίας
2113 1929 2323 1997 ἐκλέγω
2336 1930 2536 1990 πάσας,

856 2015 916 2067 ἐν
944 2010 1034 2078 αἷς
1061 2019 1359 2088 πειρασμοὶ
1400 2020 1497 2072 καὶ
1537 2018 1768 2091 θλίψεις,
1796 2019 1890 2071 καὶ
1939 2018 2206 2087 βασιλέων
2234 2017 2416 2088 ὀργαὶ,
2447 2017 2540 2069 καὶ

854 2100 1163 2168 ἐπιϐουλαὶ,
1187 2104 1276 2157 ἵνα
1320 2106 1486 2175 μηδὲν
1518 2104 1838 2175 φοϐώμεθα,
1870 2104 1985 2157 ἁλλ’
2012 2105 2045 2172 ἦ
2076 2106 2137 2157 τὸ
2167 2104 2542 2177 προσκροῦσαι

855 2189 977 2261 Θεῷ
1006 2191 1185 2260 μόνον.
1216 2193 1328 2247 Kal
1357 2192 1465 2263 γάρ
1491 2193 1588 2245 καὶ
1608 2193 1732 2244 τότε
1756 2194 1790 2262 ή
1820 2192 2052 2261 κάμινος
2077 2192 2312 2255 ἐκαίετο,
2344 2193 2541 2245 ἐκεῖνοι

854 2276 913 2329 δέ
962 2277 1167 2348 ταύτης
1210 2279 1312 2349 μὲν
1355 2277 1755 2347 κατεγέλασαν,
1780 2278 1880 2350 τήν
1906 2280 1964 2333 δὲ
1991 2280 2267 2350 ἁμαρτίαν
2306 2279 2537 2333 ἔδεισαν.

860 2363 1119 2435 ’ῌδεισαν
1166 2366 1274 2437 γάρ
1323 2367 1407 2419 ὅτι
1458 2366 1687 2430 καέντες
1724 2368 1829 2437 μὲν
1855 2366 2009 2420 οὐδὲν
2035 2366 2312 2420 πείσονται
2343 2367 2537 2434 δεινὸν,

854 2450 1228 2521 ἀσεϐήσαντες
1254 2454 1312 2507 δὲ
1341 2453 1411 2507 τά
1436 2453 1641 2523 ἔσχατα
1675 2454 2097 2523 ύποστήσονται.

941 2538 1007 2592 Ἦ
1038 2540 1147 2611 γάρ
1180 2540 1409 2612 μεγίστη
1430 2542 1458 2581 1)
1489 2540 1710 2604 κόλασις
1740 2540 1802 2593 τὸ
1827 2541 2185 2612 ἁμαρτάνειν,
2214 2540 2318 2595 κᾶν
2345 2540 2422 2612 μὴ
2448 2559 2541 2595 κο-

856 2624 1180 2697 λαζώμεθα’
1204 2628 1392 2701 ὥσπερ
1411 2624 1506 2683 οὖν
1530 2630 1565 2700 ή
1588 2628 1822 2700 μεγίστη
1848 2628 1985 2699 τιμὴ
2002 2629 2099 2682 καὶ
2119 2630 2302 2692 ἄνεσις
2322 2630 2384 2683 τὸ
2406 2631 2544 2700 μετὰ

859 2714 1062 2783 ἀρετῆς
1087 2713 1209 2785 ζῇν,
1243 2716 1350 2769 κᾶν
1378 2714 1774 2786 κολαζώμεθα’
1808 2717 1865 2770 αί
1897 2716 1996 2786 μὲν
2028 2717 2136 2789 γάρ
2172 2719 2440 2789 ἁμαρτίαι
2464 2718 2545 2771 δι-

860 2799 1082 2853 ιστῶσιν
1115 2803 1263 2872 ήμᾶς
1308 2802 1419 2855 άπὸ
1462 2802 1557 2856 τοῦ
1603 2801 1761 2866 Θεοῦ,
1796 2803 1981 2867 καθὼς
2012 2804 2106 2857 καὶ
2138 2805 2302 2867 αύτός
2338 2821 2501 2874 φησιν
2525 2822 2539 2836 σ

862 2887 1011 2957 οὐχὶ
1043 2892 1101 2943 al
1134 2890 1408 2959 ἁμαρτίαι
1448 2889 1619 2961 ὑμῶν
1658 2890 1974 2945 διιστῶσιν
2003 2891 2123 2945 ἀνὰ
2146 2891 2345 2960 μέσον
2378 2890 2544 2960 ὑμῶν

858 2980 957 3029 καὶ
975 2977 1155 3046 ἐμοῦ;
1178 2980 1232 3031 al
1254 2978 1504 3044 κολάσεις
1521 2979 1578 3033 δέ
1602 2980 1923 3048 συνάγουσιν
1941 2982 2093 3051 ἡμᾶς
2113 2981 2248 3051 πρὸς
2266 2981 2358 3034 τὸν
2376 2980 2509 3034 Θεόν
2523 2999 2537 3013 ο

859 3063 972 3127 Δὸς
998 3064 1107 3136 γὰρ
1134 3067 1265 3137 ήμῖν
1293 3065 1433 3139 [82],
1462 3068 1647 3139 φησὶν,
1670 3069 1940 3137 ειρήνην,
1970 3068 2059 3121 ὅτι
2090 3068 2289 3121 πάντα
2319 3068 2538 3122 ἀπέδω-

859 3168 974 3217 κας
992 3163 1015 3191 ο
1040 3152 1203 3223 ἡμῖν.
1222 3154 1349 3209 Ἐάν
1368 3156 1594 3226 τραῦμά
1614 3174 1697 3220 τις
1719 3156 1839 3229 ἔχῃ,
1860 3157 1914 3209 τί
1934 3156 2232 3210 δεδοικέναι
2253 3156 2424 3221 ἄξιον,
2446 3158 2547 3228 τῆν

860 3240 1155 3311 σηπεδόνα,
1186 3241 1220 3313 ῆ
1248 3242 1346 3314 τὴν
1381 3246 1557 3316 τομὴν
1596 3244 1692 3297 τοῦ
1730 3244 1953 3316 ίατροῦ;
1988 3246 2048 3297 τὸ
2085 3246 2345 3317 σιδήριον,
2380 3247 2414 3317 ἦ
2446 3248 2547 3317 τὴν

858 3327 1033 3399 νομὴν
1056 3328 1148 3383 τοῦ
1173 3329 1398 3396 ἓλκους;
1439 3332 1504 3385 Ἦ
1535 3332 1781 3404 ἁμαρτία
1802 3331 2054 3403 σηπεδὼν
2075 3334 2245 3395 ἐστιν,
2267 3336 2301 3405 ή
2322 3334 2546 3399 κόλασις

862 3414 1103 3487 σιδήριον
1135 3417 1377 3489 ίατρικόν
1396 3435 1410 3448 ·
1438 3418 1631 3489 ῶσπερ
1664 3414 1758 3475 οῦν
1787 3421 1817 3472 ὀ
1849 3420 2120 3490 σηπεδόνα
2145 3421 2306 3491 ἔχων,
2339 3421 2443 3475 κάν
2470 3425 2543 3493 μὴ

860 3502 1149 3574 τέμνηται,
1175 3505 1470 3576 άρῤωστεῖ,
1498 3508 1594 3560 καὶ
1642 3507 1763 3559 τότε
1809 3508 2009 3578 μᾶλλόν
2041 3511 2189 3561 ἐστιν
2238 3512 2296 3562 ὲν
2336 3515 2542 3574 κακοῖς,

860 3588 989 3644 ὅταν
1019 3590 1094 3661 μὴ
1122 3592 1385 3663 τέμνηται
1408 3610 1423 3624 ⁸
1454 3593 1601 3648 οὕτω
1620 3595 1715 3648 καὶ
1745 3595 1773 3647 ὀ
1803 3596 2155 3666 ἁμαρτάνων,
2187 3595 2293 3650 κᾶν
2339 3598 2413 3667 μὴ
2450 3615 2545 3651 κο-

863 3675 1119 3749 λάζηται,
1155 3680 1373 3734 πάντων
1417 3681 1566 3734 ἐστὶν
1612 3682 1961 3753 ἀθλιώτερος,
2001 3686 2097 3737 καὶ
2140 3689 2263 3738 τότε
2310 3686 2547 3754 μάλιστα

863 3765 1067 3828 ἄθλιος,
1101 3766 1232 3820 ὅταν
1266 3768 1343 3839 μὴ
1389 3768 1708 3840 κολάζηται,
1740 3770 1876 3841 μηδέ
1912 3771 2097 3842 πάσχῃ
2143 3773 2313 3843 μηδὲν
2352 3774 2543 3829 δεινόν.

868 3853 980 3907 Kal
1010 3854 1265 3927 καθάπερ
1292 3858 1343 3910 οί
1378 3856 1595 3929 σπλῆνα
1633 3860 1728 3912 xal
1756 3858 1944 3929 ύδερον
1977 3859 2214 3929 ἔχοντες,
2252 3862 2383 3914 ὅταν
2418 3878 2549 3932 τρα-

864 3940 1041 4012 πέζης
1069 3944 1422 3998 ἀπολαύσωσι
1460 3945 1737 4015 δαψιλοῦς,
1774 3948 1870 3999 καὶ
1894 3947 2289 4019 ψυχροποσίας.
2326 3950 2421 4002 καὶ
2454 3966 2553 4003 πο-

864 4028 1104 4081 λυτελῶν
1150 4030 1491 4101 ἐδεσμάτων,
1524 4033 1619 4085 καὶ
1672 4035 2128 4105 καρυκευμάτων,
2155 4037 2277 4090 τότε
2314 4037 2547 4107 μάλιστα

866 4118 1087 4171 πάντων
1110 4120 1247 4172 εἰσὶν
1269 4120 1641 4192 ἐλεεινότεροι,
1662 4125 1726 4192 τῇ
1747 4127 1925 4194 τρυφῇ
1947 4124 2010 4177 1b
2030 4125 2244 4194 νόσημα
2270 4125 2543 4190 αῦξοντες·

870 4204 937 4257 ἂν
967 4204 1015 4258 δ’
1042 4206 1321 4277 άγχωνται
1349 4207 1495 4279 λιμῷ
1526 4210 1619 4262 καὶ
1648 4209 1789 4278 δίψει
1817 4212 1959 4264 κατὰ
1989 4214 2117 4275 τοὺς
2149 4216 2427 4284 ίατρικοὺς
2464 4216 2550 4266 νό-

871 4309 1029 4359 μους,
1059 4294 1249 4348 ἐλπίδα
1286 4296 1407 4349 τινά
1437 4298 1711 4366 σωτηρίας
1735 4297 1949 4367 ἔχουσιν
1969 4315 1982 4328 ο
2018 4298 2160 4352 οὕτω
2190 4300 2283 4353 καὶ
2317 4302 2367 4352 οί
2412 4301 2551 4363 ζιὶιν-

866 4398 961 4445 τες
991 4385 1050 4436 ἐν
1077 4382 1331 4453 πονηρία,
1359 4383 1426 4436 ἂν
1456 4385 1554 4453 μὲν
1582 4384 1937 4449 κολάζωνται,
1961 4388 2206 4457 χρηστάς
2235 4386 2449 4457 ἔχουσιν
2470 4390 2553 4441 ἐλ-

870 4470 1051 4535 πίδας,
1076 4472 1145 4526 ἂν
1173 4472 1231 4525 δὲ
1258 4473 1396 4542 μετά
1424 4474 1525 4543 τῆς
1549 4476 1833 4545 πονηρίας.
1856 4475 2042 4538 ἁδείας
2068 4478 2162 4529 καὶ
2183 4480 2395 4548 τρυφῆς
2420 4478 2555 4530 άπο-

872 4558 1100 4623 λαύωσι,
1138 4560 1249 4615 τῶν
1280 4562 1338 4613 ἐν
1374 4561 1548 4631 ὑδέρῳ
1579 4564 2021 4632 γαστριζομένων
2073 4564 2279 4635 σφόδρα
2320 4566 2554 4619 ἐλεεινό-

872 4664 1023 4720 τεροι
1070 4647 1136 4700 ἂν
1168 4644 1300 4711 εἷεν,
1331 4649 1427 4701 καὶ
1467 4647 1707 4718 τοσούτῳ
1744 4647 1925 4711 πλέον,
1953 4650 2063 4719 ὅσῳ
2107 4650 2252 4721 ψυχὴ
2300 4652 2552 4721 σώματός

873 4737 989 4788 ἐστι
1022 4734 1267 4803 βελτίων.
1286 4735 1412 4787 Ἐάν
1441 4734 1620 4787 τοίνυν
1661 4735 1777 4808 ίδῃς
1809 4737 1961 4798 τινάς
1992 4736 2049 4791 ἐν
2079 4738 2353 4801 τοιαύταις
2394 4740 2553 4805 ὄντας

874 4824 1194 4891 ἁμαρτίαις,
1231 4823 1325 4875 καὶ
1368 4825 1495 4886 τοὺς
1524 4824 1623 4892 μὲν
1657 4822 1799 4893 λιμῷ
1829 4824 2157 4887 παλαίοντας
2194 4825 2431 4895 διηνεκεῖ
2461 4831 2554 4882 καὶ

878 4910 1095 4981 μυρίοις
1124 4914 1336 4975 κακοῖς,
1362 4914 1489 4975 τοὺς
1522 4913 1579 4965 δὲ
1624 4913 1923 4983 μεθύοντας
1962 4914 2050 4965 καὶ
2094 4914 2554 4985 γαστριζομένους

878 4999 974 5050 καὶ
1000 4998 1343 5068 τρυφῶντας,
1364 4999 1489 5062 τοὺς
1514 5001 1583 5053 τά
1606 5000 1755 5053 δεινὰ
1776 5001 2082 5070 πάσχοντας
2108 5001 2382 5072 μακάριζε
2415 5004 2556 5071 μᾶλ-

876 5084 988 5138 λον.
1022 5086 1132 5139 Kal
1164 5086 1273 5156 γάρ
1320 5086 1424 5155 τῆς
1456 5087 1790 5155 ἡδυπαθείας
1820 5092 1852 5159 ή
1880 5086 2055 5157 φλὺξά
2097 5093 2217 5152 ταῖς
2250 5093 2558 5161 συμφοραῖς

880 5174 1242 5243 ὑποτέμνεται
1284 5173 1536 5237 ταύταις,
1572 5175 1664 5228 καὶ
1708 5175 1845 5246 πρὸς
1890 5176 1990 5245 τὴν
2043 5176 2340 5245 μέλλουσαν
2376 5178 2558 5248 ψῆφον

881 5262 976 5311 καὶ
998 5260 1060 5311 τὸ
1094 5259 1322 5330 φοϐερὸν
1365 5261 1544 5313 ἐκεῖνο
1574 5260 1921 5331 δικαστήριον
1962 5262 2025 5314 ού
2072 5264 2273 5334 μικρὰν
2300 5265 2559 5330 λαϐόντες

882 5347 1212 5418 ἀπέρχονται
1243 5350 1618 5421 παραμυθίαν,
1654 5352 1749 5405 καὶ
1779 5351 1848 5403 τά
1888 5350 2056 5403 πολλὰ
2083 5352 2191 5404 τῶν
2226 5354 2557 5425 ἁμαρτημά-

882 5451 993 5489 των
1020 5435 1087 5488 δι⁹
1114 5428 1188 5488 ὧν
1210 5435 1409 5491 ἔπαθον
1431 5438 1618 5492 δεινῶν
1647 5440 1881 5492 ἐνταῦθα
1912 5440 2261 5504 διαλύσαντες
2284 5442 2517 5495 ἄπεισιν.

972 5523 1131 5577 Ἀλλά
1152 5525 1250 5595 τῆς
1276 5526 1373 5595 μὲν
1398 5528 1792 5598 παρακλήσεως
1820 5528 1937 5592 ἃλις
1953 5545 1969 5561 ·
1993 5528 2114 5598 ῶρα
2222 5529 2406 5582 λοιπὸν
2426 5534 2557 5601 ἡμῖν

883 5610 1135 5683 διαϐῆναι
1163 5614 1257 5667 ἐπὶ
1280 5614 1379 5685 τὴν
1414 5616 1730 5687 παραίνεσιν
1761 5617 1861 5688 τῆς
1880 5618 1987 5670 τῶν
2016 5619 2195 5688 ὅρκων
2224 5621 2422 5689 φυγῆς,
2465 5619 2557 5672 καὶ

883 5700 981 5768 τὴν
1022 5700 1287 5755 δοκοῦσαν
1321 5698 1462 5756 εἶναι
1504 5704 1859 5775 παραμυθίαν
1884 5708 1995 5767 τοῖς
2022 5705 2314 5774 ὀμνύουσιν
2347 5706 2557 5760 ἀνελεῖν

944 5791 968 5853 ξ’
1002 5786 1103 5853 {Hii
1122 5787 1275 5853 ταῦτα
1298 5791 1542 5853 ἔπραττον.
1571 5791 1723 5840 l’au‘n
1745 5800 1851 5853 post
1876 5791 1960 5843 alii
1995 5794 2123 5849 ἐλπὶς
2142 5796 2173 5851 ἡ
2209 5796 2274 5849 εἰς
2293 5795 2430 5843 θεόν.

940 5848 970 5888 δ
1003 5849 1151 5914 Sam:
1174 5858 1226 5914 ει
1248 5854 1332 5900 alii
1356 5848 1552 5913 Quidam
1586 5848 1781 5914 μεγάλη.

944 5917 967 5977 'f
997 5910 1096 5977 ᾼΙὶί
1117 5912 1324 5977 εἰρήνην·
1350 5910 1503 5961 πάντα
1522 5910 1611 5977 γὰρ
1630 5910 1766 5965 άπέδζ

942 5972 967 6013 σι
1004 5972 1205 6037 Quidam
1232 5987 1347 6037 msg.
1371 5977 1447 6020 καὶ
1478 5972 1565 6035 γὰρ
1589 5972 1671 6030 τῆς
1694 5977 1939 6037 ἀσελγείας
1964 5980 1995 6031 ἠ
2027 5978 2153 6036 77'??-
2186 5978 2314 6029 Infra
2338 5980 2417 6029 καί
2443 5985 2555 6028 ante

898 6034 957 6081 τα
975 6033 1144 6089 πολλοὶ,
1170 6042 1221 6084 οἱ
1243 6035 1368 6085 infra
1390 6033 1577 6085 ἄπεισιν
1600 6039 1779 6087 desunt
1809 6033 1856 6087 ib
1880 6033 2065 6113 «lignei
2096 6054 2212 6088 mss.

2642 541 2743 612 τὴν
2766 539 2984 613 ψυχράν
3011 540 3107 593 καὶ
3138 539 3419 610 ἀνόνητον.
3444 536 3557 592 Kal
3574 531 3683 605 γὰρ
3709 527 3931 584 ἐπειδὰν
3948 530 4135 595 αὐτοῖς
4154 533 4343 601 hma-

2647 624 2851 696 λῶμεν,
2889 621 3111 693 ἐτέρους
3155 622 3288 691 ήμῖν
3317 618 3709 692 προϐάλλονται
3742 613 3873 669 αὐτὸ
3910 615 4067 696 τοῦτο
4113 615 4342 669 ποιοῦν-

2647 694 2765 773 τας,
2784 707 2878 761 καὶ
2907 704 3175 773 λέγουσιν·
3212 704 3271 755 Ὀ
3294 702 3443 755 δεῖνα
3468 702 3565 756 καὶ
3594 704 3622 755 ὀ
3645 701 3791 755 δεῖνα
3811 694 4119 767 ὀμνύουσιν.
4142 699 4336 751 Εἴπω-

2652 804 2751 857 μεν
2775 789 2954 843 τοίνυν
2983 785 3114 856 πρὸς
3150 784 3371 848 αύτούς·
3390 785 3531 838 Ἀλλ’
3559 786 3589 838 ό
3631 786 3779 838 δεῖνα
3802 780 3901 833 οὑκ
3927 778 4155 850 δμνυσιν
4172 797 4188 811 ·
4216 783 4249 834 ό
4279 782 4342 835 δι

2649 867 2783 933 Θεὸς
2815 870 2924 923 άπὸ
2951 868 3060 921 τῶν
3090 864 3535 935 κατωρθωκότων
3562 884 3645 920 σοι
3690 866 3845 937 φέρει
3886 861 3982 933 τὴν
4023 860 4233 930 ψῆφον.
4270 864 4342 915 Ol

2652 953 2753 1020 μὲν
2803 953 2912 1024 γὰρ
2944 950 3397 1021 ἁμαρτάνοντες*
3428 951 3555 1012 τοὺς
3585 948 3996 1021 ἁμαρτάνοντας
4030 944 4135 998 ούκ
4177 944 4343 1012 ὠφε-

2647 1031 2801 1086 λοῦσι
2854 1037 2918 1105 τῇ
2973 1031 3224 1102 κοινωνίᾳ
3267 1030 3379 1083 τῶν
3413 1033 3913 1102 παραπτωμάτων’
3957 1029 4009 1083 οί
4037 1027 4096 1081 δέ
4128 1043 4342 1095 κατορ-

2648 1113 2871 1179 θοῦντες
2909 1117 3037 1178 τοὺς
3064 1114 3483 1185 ἁμαρτάνοντας
3522 1113 3966 1179 καταδικάζουσι.
4003 1109 4116 1163 Kal
4141 1107 4261 1177 γὰρ
4285 1111 4340 1160 οἱ

2651 1193 2726 1263 μή
2747 1193 3047 1263 θρέψαντες
3071 1193 3164 1244 τὸν
3192 1190 3427 1260 Χριστὸν
3454 1191 3591 1259 μηδὲ
3616 1193 3938 1254 ποτίσαντες
3959 1186 4099 1261 ἦσαν
4121 1187 4337 1249 πολλοὶ,

2648 1272 2764 1326 ἀλλ’
2794 1272 2947 1326 οὐδὲν
2976 1269 3241 1339 ἀλλήλους
3272 1268 3563 1338 ὠφέλησαν
3582 1285 3595 1299 ⁸
3625 1268 3816 1341 ῶσπερ
3839 1266 3932 1324 οὖν
3964 1268 4085 1324 οὐδὲ
4113 1268 4169 1320 αἱ
4191 1281 4345 1335 παρ-

2650 1351 2793 1405 θένοι
2825 1352 2880 1404 αἱ
2908 1348 3070 1402 πέντε
3098 1348 3197 1400 οὑκ
3220 1346 3377 1415 ἔσχον
3405 1346 3528 1399 τινὰ
3553 1348 3887 1419 συγγνώμην
3912 1348 4043 1419 παρ’
4062 1345 4339 1415 ἀλλήλων,

2650 1431 2768 1485 ἁλλ’
2801 1428 2908 1483 ὑπὸ
2946 1427 3055 1480 τῶν
3098 1424 3543 1496 κατωρθωκότων
3574 1426 3670 1477 καὶ
3699 1422 3845 1479 οὗτοι
3883 1428 4135 1479 κάκεῖναι
4166 1442 4343 1477 κατα-

2648 1508 2995 1571 δικασθέντες
3041 1502 3380 1568 ἐκολάζοντο.
3397 1502 3830 1570 ’Δπαλλαγέντες
3861 1505 4039 1557 τοίνυν
4081 1504 4183 1572 τῆς
4230 1504 4341 1572 ψυ-

2649 1588 2789 1656 χρᾶς
2815 1586 3019 1655 ταύτης
3043 1582 3420 1653 ψυχαγωγίας,
3450 1580 3525 1652 μὴ
3549 1582 3676 1645 τοὺς
3697 1582 3999 1646 πίπτοντας
4022 1584 4343 1653 βλέπωμεν,

2648 1663 2786 1717 ἁλλὰ
2812 1664 2939 1725 τοὺς
2964 1661 3387 1732 κατορθοῦντας,
3418 1661 3510 1713 καί
3549 1659 3941 1729 σπουδάσωμεν
3988 1663 4345 1731 μνημόσυνον

2648 1742 2750 1811 τῆς
2777 1741 3063 1811 παρούσης
3084 1740 3337 1809 νηστείας
3360 1738 3619 1802 λαϐόντες
3646 1738 3926 1791 ἀπελθεῖν.
3948 1741 4060 1793 Kal
4081 1740 4344 1809 καθάπερ

2652 1820 2867 1889 ἱμάτιον
2922 1819 3185 1880 πολλάκις
3231 1818 3559 1888 κεκτημένοι
3584 1816 3628 1879 ί,
3654 1816 3688 1885 ἢ
3714 1816 3990 1887 οίκέτηνῆ
4026 1819 4223 1881 σκεῦος
4256 1821 4344 1870 τί-

2652 1914 2796 1968 μιον,
2823 1896 3358 1965 ἀναμιμνησκόμεθα
3390 1894 3499 1949 τῶν
3526 1894 3756 1965 καιρῶν,
3787 1896 3882 1947 καὶ
3908 1895 4044 1965 πρὸς
4071 1896 4345 1965 ἀλλήλους

2647 1977 2881 2047 λέγομεν
2900 1992 2913 2004 ·
2933 1974 3037 2027 Τὸν
3070 1974 3291 2041 οἰκέτην
3311 1974 3403 2026 τὸν
3435 1973 3583 2026 δεῖνα
3612 1973 3740 2043 τῇδε
3768 1974 4087 2045 ἐκτησάμην
4117 1979 4184 2045 τῇ
4221 1977 4346 2043 ἐορ-

2651 2060 2743 2128 τῇ,
2768 2056 2829 2108 τὸ
2864 2052 3077 2123 ἱμάτιον
3110 2049 3228 2102 τόδε
3253 2051 3536 2119 ἐπριάμην
3570 2050 3705 2121 τῷδε
3736 2051 3816 2121 τῷ
3848 2053 4027 2123 καιρῷ
4047 2070 4062 2083 ο
4093 2054 4246 2107 οὕτω
4278 2059 4349 2127 δὴ

2651 2137 2748 2189 καὶ
2772 2134 2863 2186 τὸν
2890 2132 3052 2201 νόμον
3076 2129 3264 2183 τοῦτον
3293 2128 3360 2181 ἂν
3393 2128 3853 2200 κατορθώσωμεν,
3877 2131 4110 2202 ἐροῦμεν
4126 2135 4211 2187 ὅτι
4236 2133 4335 2184 Tu:

2651 2216 2813 2284 ὅρκον
2843 2210 2971 2279 τῇδε
2999 2208 3338 2279 κατώρθωσα
3362 2208 3429 2276 τῇ
3452 2206 3880 2278 Τεσσαρακοστῇ
3901 2226 3916 2240 ο
3943 2210 4050 2272 ἕως
4079 2212 4190 2280 γάρ
4217 2216 4344 2265 τότε

2650 2293 2885 2362 ὤμνυον,
2909 2291 3004 2343 καὶ
3024 2289 3187 2359 ψιλῆς
3209 2286 3448 2349 ἀκούσας
3473 2286 3847 2354 παραινέσεως
3869 2289 4192 2359 ἀπεσχόμην
4218 2287 4342 2356 [831

2649 2371 2748 2441 τῆς
2798 2366 3278 2439 άμαρτίας.’Δλλά
3323 2364 3768 2435 δυσκατόρθωτον
3801 2365 3835 2434 ἡ
3881 2367 4161 2435 συνήθεια.
4203 2365 4346 2423 Οἶδα

2650 2448 2826 2517 κάγὼ,
2865 2448 2960 2501 καὶ
2997 2446 3083 2499 διὰ
3133 2445 3291 2499 τοῦτο
3335 2444 3629 2514 ἐπείγομαι
3676 2445 3757 2506 είς
3785 2444 3980 2515 ἑτέραν
4024 2446 4172 2513 ὑμᾶς
4215 2465 4344 2499 συν-

2651 2527 2843 2598 ήθειαν
2861 2525 3147 2596 ἐμϐαλεῖν,
3178 2522 3422 2595 χρηστὴν
3451 2523 3545 2576 καὶ
3568 2522 3758 2591 κέρδος
3777 2523 4205 2592 ἔχουσαν.⁶’οταν
4232 2528 4346 2597 γὰρ

2652 2607 2835 2677 εἴπῃς,
2857 2606 2938 2658 ὅτι
2967 2602 3249 2665 Δυσκόλως
3281 2601 3583 2670 ἀφίσταμαι
3617 2601 3717 2670 τῆς
3746 2602 4056 2671 συνηθείας,
4090 2604 4161 2656 δι’
4207 2608 4346 2661 αὐτὸ

2652 2686 2813 2739 τοῦτο
2856 2684 3157 2737 σπούδασον
3183 2682 3510 2750 ἀποστῆναι,
3555 2680 3742 2750 σαφῶς
3770 2681 3947 2744 εἰδὼς,
3978 2682 4060 2735 ὅτι
4091 2682 4187 2734 ἐὰν
4219 2683 4344 2735 ἐτέ-

2656 2782 2756 2835 ραν
2788 2762 2972 2832 σαυτῷ
3001 2762 3237 2831 ποιήσῃς
3288 2760 3577 2823 συνήθειαν
3603 2760 3701 2830 τὴν
3742 2760 3835 2813 τοῦ
3866 2761 3939 2831 μὴ
3976 2761 4220 2831 ὀμνύειν,
4248 2763 4346 2815 ού-

2656 2845 2808 2907 δενὸς
2844 2843 3015 2912 δεήσῃ
3061 2842 3230 2893 πόνου
3260 2839 3464 2892 λοιπόν.
3499 2838 3564 2893 Τί
3593 2838 4017 2909 δυσκολώτερον,
4054 2840 4129 2909 μὴ
4168 2840 4343 2911 ὀμνύ-

2652 2941 2761 2984 ναι,
2802 2923 2835 2992 ῆ
2866 2922 2936 2973 δι’
2969 2922 3099 2991 ὅλης
3125 2920 3225 2988 τῆς
3260 2920 3473 2990 ἡμέρας
3502 2921 3687 2973 ἄσιτον
3717 2916 3857 2973 εἷναι
3878 2961 3893 2985 ,
3920 2921 4013 2972 καὶ
4042 2922 4344 2993 ὑδροποσία

2653 3004 2746 3055 καὶ
2770 3001 2977 3053 εὐτελεῖ
2994 2998 3377 3070 ταριχεύεσθαι
3398 2999 3579 3068 διαίτῃ
3598 3015 3612 3063 ;
3633 2998 3869 3070 Εὔδηλον
3899 3000 3982 3052 ὅτι
4009 3000 4167 3053 τοῦτο
4196 3003 4344 3054 ὲκεί-

2654 3098 2747 3134 νου
2770 3100 2781 3109 ·
2807 3079 2924 3132 ἁλλ’
2956 3081 3105 3149 ὅμως
3134 3077 3307 3142 οὕτως
3332 3079 3479 3130 ἐστὶν
3506 3078 3541 3148 ή
3572 3078 3831 3149 συνήθεια
3856 3079 4078 3132 δυνατὸν
4106 3084 4343 3153 πρᾶγμα

2657 3163 2751 3214 καὶ
2794 3159 3037 3222 εὔκολον,
3071 3160 3215 3213 ῶστε
3264 3157 3720 3229 παραγενομένης
3768 3159 3864 3228 τῆς
3914 3162 4188 3229 νηστείας,
4236 3163 4342 3215 κᾶν

2664 3240 2836 3311 μυρία
2854 3256 2937 3301 τις
2962 3238 3278 3309 παρακαλῇ,
3310 3237 3412 3291 κᾶν
3446 3238 3614 3308 μυρία
3642 3255 3728 3298 τις
3752 3239 3896 3309 άγχῃ
3933 3241 4026 3293 καὶ
4061 3240 4337 3310 βιάζηται,

2661 3321 2805 3374 ὥστε
2840 3320 3130 3389 μετασχεῖν
3171 3318 3481 3380 οίνοποσίας
3504 3317 3538 3387 ἢ
3571 3318 3759 3386 ἑτέρου
3788 3318 3933 3382 τινὸς
3952 3320 4062 3372 τῶν
4093 3321 4168 3391 μή
4192 3339 4341 3375 νενοο

2660 3397 2941 3469 μισμένων
2989 3398 3048 3448 ἐν
3094 3396 3369 3463 νηστείαις
3398 3396 3766 3463 ἀπογεύεσθαι
3786 3399 3831 3461 ε,
3864 3399 4039 3453 πάντα
4066 3400 4133 3453 ἂν
4166 3401 4342 3454 ἕλοιτο

2657 3477 2853 3530 παθεῖν
2896 3474 3060 3545 τις,ῆ
3107 3475 3207 3543 τῆς
3254 3474 3643 3545 κεκωλυμένης
3675 3475 3917 3545 ἅψασθαι
3956 3479 4165 3549 τροφῆς
4189 3498 4201 3511 ι
4246 3480 4341 3532 καὶ

2654 3554 2831 3608 ταῦτα
2857 3554 3029 3623 ήδέως
3060 3552 3197 3623 πρὸς
3220 3551 3318 3621 τὴν
3343 3552 3621 3622 τράπεζαν
3650 3552 3887 3621 ἔχοντες,
3925 3556 4041 3608 ἁλλ’
4068 3557 4218 3625 ὅμως
4252 3558 4341 3609 διά

2654 3635 2755 3705 τῆν
2796 3633 2907 3687 άπὸ
2951 3632 3047 3683 τοῦ
3097 3630 3398 3694 συνειδότος
3428 3630 3718 3701 συνήθειαν
3743 3632 3980 3703 φέρομεν
4012 3634 4191 3687 πάντα
4218 3652 4340 3703 γεν-

2655 3714 2819 3775 ναίως
2850 3708 3377 3779 ταλαιπωρούμενοι.
3410 3708 3582 3761 Τοῦτο
3626 3708 3691 3780 δή
3724 3711 3818 3763 καὶ
3866 3713 3958 3765 ἐπὶ
4002 3712 4113 3765 τῶν
4157 3714 4339 3783 ὅρκων

2656 3795 2839 3847 ἔσται·
2870 3793 2967 3845 καὶ
2994 3790 3246 3860 καθάπερ
3271 3788 3385 3851 νῦν,
3415 3789 3519 3842 κᾶν
3551 3790 3750 3861 μυρίαν
3774 3792 4021 3863 ἀνάγκην
4048 3811 4132 3857 τις
4150 3794 4336 3863 ἐπιθῇ.

2662 3871 2845 3941 μένεις
2873 3870 3120 3939 κατέχων
3144 3869 3245 3938 τῆν
3280 3866 3566 3937 συνήθειαν
3585 3884 3600 3898 ·
3630 3868 3774 3923 οὕτω
3802 3873 3897 3922 καὶ
3926 3872 4067 3933 τότε,
4104 3871 4208 3924 κᾶν
4233 3890 4336 3940 μυ-

2660 3951 2753 4021 ρία
2777 3966 2861 4013 τις
2891 3946 3209 4017 παρακαλῇ,
3235 3945 3337 3998 ούκ
3366 3945 3647 4017 ἀποστήσῃ
3677 3946 3778 4015 τῆς
3806 3948 4112 4017 συνηθείας.

2731 4027 2797 4091 ζ’.
2834 4024 3036 4080 Ἀπιὼν
3070 4023 3249 4077 τοίνυν
3286 4022 3449 4087 οίκοι,
3482 4022 3732 4091 διαλέγου
3758 4024 3933 4077 ταῦτα
3952 4028 4065 4087 τοῖς
4087 4026 4227 4078 κατὰ
4240 4026 4339 4096 τὴν

2658 4108 2839 4160 οἰκίαν
2875 4104 3047 4157 ἅπασι
3067 4119 3080 4132 ·
3133 4102 3227 4155 καὶ
3256 4101 3504 4172 καθάπερ
3536 4101 3721 4154 πολλοὶ
3753 4101 4013 4164 πολλάκις
4046 4105 4110 4155 ἐκ
4140 4103 4340 4173 λειμῶ-

2659 4205 2747 4249 νος
2780 4182 3211 4253 ἀναχωροῦντες,
3243 4180 3392 4252 ῥόδον
3418 4181 3451 4251 ἢ
3484 4182 3562 4233 Iov
3591 4182 3625 4251 ή
3654 4198 3705 4232 τι
3736 4182 3845 4233 τῶν
3877 4183 4134 4235 τοιούτων
4164 4183 4340 4236 ἀνθῶν

2657 4266 2936 4325 λαϐόντες,
2966 4260 3063 4314 καὶ
3091 4262 3203 4322 τοῖς
3235 4260 3519 4321 δακτύλοις
3561 4260 3949 4329 περιφέροντες
3968 4262 3995 4301 h
4025 4264 4340 4331 ἀναχωροζ.-

2662 4360 2777 4397 σιν·
2826 4342 3005 4409 ἕτεροι
3042 4338 3098 4390 δὲ
3146 4337 3305 4389 πάλιν
3352 4339 3415 4390 ἐκ
3467 4336 3808 4407 παραδείσων
3844 4339 4026 4392 οἴκαδε
4061 4340 4336 4401 ἀπιόντες,

2662 4420 2887 4481 κλάδους
2917 4416 3151 4486 δένδρων
3181 4416 3427 4485 καρποὺς
3453 4416 3673 4485 ἔχοντας
3705 4418 4110 4487 ἑπικομίζονται
4131 4437 4144 4447 ·
4192 4418 4339 4472 ἄλλοι

2662 4501 2824 4553 πάλιν
2871 4494 2979 4548 άπὸ
3026 4494 3255 4546 δείπνων
3302 4495 3613 4547 πολυτελῶν
3659 4494 3887 4563 λείιξανα
3920 4499 4019 4567 τῆς
4057 4499 4337 4567 τραπέζης

2661 4582 2772 4639 τοῖς
2819 4574 3026 4629 ἑαυτῶν
3073 4572 3393 4641 ἐπιτηδείοις
3428 4574 3717 4642 φέρουσινο
3760 4572 3899 4627 οὕτω
3930 4576 3994 4645 δὴ
4031 4577 4124 4629 καὶ
4153 4578 4215 4628 σὺ
4251 4578 4336 4627 ἐν-

2662 4655 2853 4709 τεῦθεν
2910 4652 3109 4713 ἀπιὼν,
3143 4652 3413 4718 ἀπένεγκε
3465 4652 3787 4721 παραίνεσιν
3831 4656 3893 4724 τῇ
3942 4655 4183 4721 γυναικὶ,
4226 4656 4336 4717 τοῖς

2665 4734 2917 4796 παιδίοις,
2950 4736 3063 4795 τοῖς
3096 4730 3421 4799 ἐπιτηδείοις
3446 4731 3667 4785 ἅπασιν.
3694 4732 3838 4803 Δῦτη
3873 4734 3982 4804 γὰρ
4010 4734 4105 4787 καὶ
4136 4732 4335 4801 λειμῶ-

2663 4832 2772 4877 νος,
2806 4815 2897 4866 καὶ
2926 4811 3273 4883 παραδείσου,
3292 4810 3387 4861 καὶ
3412 4809 3687 4878 τραπέζης
3714 4814 4104 4883 χρησιμωτέρα
4128 4813 4272 4883 ἐστιν
4297 4813 4330 4881 ή

2667 4892 2976 4962 συμϐουλή·
3008 4882 3199 4943 ταῦτα
3236 4887 3490 4940 οὐδέποτε
3524 4888 3590 4940 τά
3626 4890 3752 4958 ῥόδα
3786 4882 4160 4960 μαραίνονται,
4192 4882 4333 4941 οὗτοι

2665 4972 2927 5024 οὐδέποτε
2977 4967 3379 5037 καταρῤέουσιν
3420 4966 3469 5016 οἱ
3514 4968 3739 5039 καρποὶ,
3768 4969 3939 5022 ταῦτα
3986 4969 4240 5022 οὐδέποτε
4267 4968 4333 5020 τά

2668 5048 2941 5117 ἐδέσματα
2991 5051 3255 5120 σήπεται·
3288 5044 3382 5095 ἀπ’
3409 5046 3632 5096 ἐκείνων
3667 5047 3997 5119 πρόσκαιρος
4046 5049 4079 5116 ή
4126 5046 4329 5116 τέρψις,

2667 5128 2774 5181 ἀπὸ
2804 5127 2860 5179 δὲ
2884 5126 3087 5180 τούτων
3115 5122 3369 5195 διηνεκὴς
3415 5124 3447 5191 ή
3491 5122 3723 5190 ὠφέλεια
3742 5142 3753 5153 ο
3785 5128 3845 5178 ού
3879 5127 4018 5195 μετὰ
4050 5125 4113 5177 τὸ
4143 5142 4333 5196 κατορ-

2669 5206 2904 5275 θωθῆναι
2958 5208 3138 5276 μόνον,
3178 5202 3316 5257 ἀλλά
3362 5204 3455 5254 καὶ
3505 5204 3563 5255 ἐν
3607 5205 3755 5275 αὐτῴ
3798 5206 3877 5276 τῷ
3920 5203 4326 5276 κατορθοῦσθαι.

2682 5288 2960 5356 Ἐννόησον
2983 5286 3092 5356 γάρ
3123 5279 3234 5336 οἷόν
3262 5286 3377 5334 ἐστι
3400 5280 3571 5334 πάντα
3600 5284 3667 5336 τά
3692 5284 3827 5337 ἄλλα
3861 5286 4117 5353 ἀφέντας,
4152 5282 4217 5334 τά
4245 5282 4331 5353 δη-

2672 5366 2853 5435 μόσια,
2888 5366 2956 5418 τὰ
2996 5362 3258 5423 ἰδιωτικὰ,
3292 5361 3419 5429 περὶ
3450 5361 3556 5414 τῶν
3584 5362 3742 5417 θείων
3769 5361 4114 5433 διαλέγεσθαι
4161 5362 4330 5431 νόμων

2667 5446 2977 5509 διαπαντὸς,
3014 5445 3109 5497 καὶ
3138 5442 3232 5493 ἐπὶ
3254 5439 3550 5512 τραπέζης,
3583 5444 3680 5497 καὶ
3708 5447 3765 5496 ὲν
3793 5445 3988 5515 ἀγορᾷ,
4014 5442 4107 5494 καὶ
4136 5441 4192 5491 ἐν
4218 5443 4330 5503 ταῖς

2668 5527 2856 5589 ἄλλαις
2883 5522 3317 5583 συνουσίαις.“Αν
3340 5521 3547 5586 τούτοις
3575 5526 3589 5563 ί
3627 5522 3999 5594 σχολάζωμεν,
4018 5519 4171 5573 οὐδὲν
4190 5518 4305 5589 ἐροῦ

2732 5669 2756 5695 ⁸
2782 5663 2877 5715 Alii
2904 5661 3205 5725 ἁμαρτόντες.

2736 5726 2754 5765 t
2782 5730 2877 5776 Alii
2900 5722 3128 5790 πολλάκις.
3148 5722 3474 5790 κτησάμεναι
3562 5784 3597 5790 _
3673 5785 3682 5790 _
3923 5782 3932 5790 .
3954 5783 3968 5790 -
4248 5780 4269 5790 -

2735 5792 2757 5827 ε
2782 5788 2938 5838 Aiiiév
2960 5784 3157 5850 νηστεία
3177 5783 3547 5850 ἀπογεύσασθαι.
3562 5782 4324 5850 Paulqposlqudatqmss.

2669 5854 2757 5901 οὐκ
2780 5850 2940 5905 ἀηδῶς
2969 5845 3084 5909 πρὸς
3109 5842 3194 5901 τήν
3215 5846 3444 5906 τραπεζαν
3476 5848 3678 5907 ἔχοντες,
3706 5842 3853 5908 ὅμως.
3869 5842 3999 5894 'Mox
4026 5842 4175 5891 iidem
4199 5842 4323 5893 τοῦτο

2673 5916 2719 5961 δὲ
2742 5914 2822 5960 καὶ
2842 5909 2933 5958 ἐπί.

2732 5974 2756 6013 h
2785 5971 2881 6022 Alii
2906 5969 3285 6030 :cpwrrr'mv‘rec
3330 5967 3436 6015 Mm
3471 5968 3619 6029 aiiqui
3646 5970 3697 6015 ἐκ
3719 5967 4032 6031 παραδείσω.

2739 6048 2752 6073 ι
2786 6035 2933 6084 $.r-ii.
2962 6042 3011 6080 vl
3044 6036 3122 6079 In
3146 6032 3339 6091 quidam
3365 6033 3416 6076 ειη
3442 6031 3459 6076 ἔ
3484 6064 3487 6065 ν
3520 6032 3712 6085 ισιόιοις.
