4494 6664
523 450 587 507 89
1438 452 1528 506 AD
1569 450 1886 509 POPULUM
1927 450 2412 506 ANTIOCIIENUM
2477 449 2704 505 llOMlL.
2746 450 2833 505 Ἦ.
3718 450 3786 505 90

524 579 738 633 rannos,
758 581 911 640 reges
938 577 991 624 et
1016 567 1283 639 principes
1306 564 1716 633 praetermittens
1758 568 1846 636 qui
1870 566 1967 620 sibi
1999 579 2097 633 pa-

521 667 757 722 ruerant,
776 668 882 714 tres
910 660 1149 728 captivos
1177 665 1231 709 et
1252 668 1453 719 servos,
1484 655 1572 724 qui
1593 657 1923 728 tyrannidem
1950 669 2099 708 suam

519 763 965 823 contempserant,
993 749 1283 803 admiratus
1329 758 1429 803 est.
1461 749 1573 808 Non
1603 751 1744 805 enim
1775 746 2102 803 contenden-

518 851 635 905 tes,
688 844 779 899 sed
828 838 1263 912 philosophantes
1306 839 1420 894 bzec
1468 841 1730 910 agebant,
1783 852 1957 907 neque
2007 851 2102 906 per

518 936 896 1004 arrogantiam,
933 929 1024 983 sed
1075 946 1169 998 per
1214 932 1521 1001 religionem
1553 950 1565 983 :
1599 947 1706 986 non
1752 929 2100 999 superbiain-

517 1024 646 1088 ﬂati,
676 1024 768 1079 sed
797 1021 915 1074 zelo
945 1020 1112 1088 igniti.
1138 1020 1383 1092 Magnum
1406 1025 1601 1077 etenim
1623 1023 1820 1076 bonum
1851 1021 1900 1074 in
1930 1020 2096 1075 Deum

516 1128 733 1183 sperare
766 1130 778 1164 :
837 1110 1219 1183 quodquidem
1242 1124 1295 1168 et
1318 1114 1576 1168 barbarus
1623 1111 2014 1176 animadvertit,
2044 1121 2099 1167 et

515 1204 888 1257 demonstrans
917 1214 1009 1254 eos
1035 1201 1156 1257 inde
1184 1202 1469 1258 imminens
1497 1200 1746 1270 ell‘ugisse
1780 1202 2093 1272 periculum,

517 1288 859 1361 proclamavit
891 1308 905 1345 :
936 1290 1183 1358 Quoniam
1209 1294 1527 1362 con/iderunt
1552 1293 1604 1345 in
1630 1309 1705 1346 eo.

585 1381 636 1433 6.
671 1380 793 1434 llrec
822 1391 995 1436 autem
1027 1398 1168 1437 nunc
1200 1384 1341 1449 dico,
1373 1392 1427 1437 et
1455 1398 1641 1437 omnes
1676 1396 1906 1450 excerpo
1933 1380 2095 1434 histo-

415 1510 418 1513 η
508 1472 639 1536 rias,
674 1471 722 1524 iu
748 1473 937 1541 quibus
976 1476 1297 1529 teutatioocs
1341 1484 1394 1529 et
1420 1491 1691 1539 aerumnae,
1714 1484 1769 1527 et
1798 1487 1980 1541 regum
2005 1473 2095 1526 irae

509 1568 567 1614 et
594 1561 796 1615 insidia:
822 1572 979 1626 sunt,
1018 1575 1075 1618 ut
1101 1564 1231 1619 nihil
1266 1566 1564 1631 timeamus,
1600 1564 1699 1617 nisi
1731 1563 2094 1618 tantummodo

513 1652 678 1706 Deum
702 1653 989 1709 offendere.
1018 1657 1226 1711 Etenim
1250 1666 1305 1711 et
1334 1667 1457 1710 tunc
1489 1659 1671 1710 fornax
1694 1670 1914 1709 accensa
1943 1665 2088 1722 erat;

511 1743 586 1796 illi
615 1759 740 1797 vero
768 1745 902 1799 hanc
930 1746 1144 1816 quidem
1188 1755 1642 1815 contempserunt,
1680 1756 1953 1815 peccatum
2000 1763 2092 1802 au-

512 1843 617 1886 tem
651 1834 934 1889 timuerunt
966 1854 979 1889 :
1010 1846 1267 1889 noverant
1304 1838 1445 1889 enim
1488 1851 1547 1890 se
1592 1837 1838 1891 incensos
1876 1838 2088 1907 quidem

513 1925 643 1980 nihil
672 1942 831 1995 grave
870 1943 1121 1997 passuros
1166 1942 1305 1990 esse,
1348 1928 1507 1997 impie
1542 1944 1667 1983 vero
1703 1939 1949 1999 agentes,
1993 1947 2090 1986 cx-

509 2026 677 2070 trema
703 2018 995 2071 subituros.

580 2106 859 2160 Peccatum
900 2109 1066 2179 ipsum
1106 2127 1344 2181 magnum
1389 2114 1711 2183 supplicium.
1740 2144 1811 2155 -—
1844 2114 2086 2181 Magnum

505 2198 649 2251 enim
684 2199 1001 2266 supplicium
1040 2215 1297 2268 peccare,
1344 2204 1502 2257 etiam
1543 2204 1585 2258 si
1615 2219 1720 2258 non
1766 2206 2083 2273 puniamur:

506 2288 642 2341 sicut
665 2300 718 2343 et
754 2291 1016 2345 maximus
1047 2293 1250 2357 honor,
1296 2296 1522 2348 maxima
1570 2297 1923 2366 tranquillitas
1964 2311 2085 2349 cum

505 2379 699 2434 virtute
726 2382 939 2446 vivere,
974 2384 1179 2437 etiamsi
1211 2386 1509 2452 puniamur.
1536 2387 1759 2440 Pcccata
1804 2387 1944 2440 enim
1990 2400 2087 2439 nos

504 2481 534 2517 τι
564 2468 673 2522 Deo
706 2481 979 2538 separant,
1013 2473 1151 2525 sicut
1198 2482 1253 2526 ct
1291 2475 1402 2541 ipse
1444 2476 1613 2529 dicit:
1663 2475 1843 2528 Nonne
1884 2486 2087 2543 peccata

503 2571 670 2613 uestra
706 2574 943 2631 separant
972 2564 1101 2616 inter
1140 2580 1225 2617 vos
1252 2573 1299 2617 et
1337 2582 1414 2617 me
1461 2563 1610 2632 (Isai.
1644 2567 1734 2620 59.
1776 2565 1870 2634 ειη
1912 2581 2085 2635 pmnte

506 2665 630 2703 vero
659 2668 754 2705 nos
781 2652 845 2705 ad
877 2654 1039 2707 Deum
1071 2654 1365 2721 perducunt
1395 2672 1406 2705 :
1443 2654 1612 2723 inquit
1639 2656 1802 2716 enim,
1835 2653 1917 2707 Da
1944 2656 2086 2709 nobis

502 2755 695 2805 pacem,
742 2743 910 2793 omnia
955 2743 1087 2795 enim
1125 2743 1398 2795 retribuisti
1435 2743 1993 2815 nobis(lsai.26.12).
2028 2743 2084 2798 Si

504 2832 619 2898 quis
648 2832 841 2886 vulnus
875 2833 1085 2898 habeat,
1116 2834 1240 2902 quid
1281 2836 1472 2888 timere
1496 2844 1727 2903 Oportet,
1758 2835 1983 2897 saniem,
2016 2849 2082 2887 an

504 2922 693 2976 medici
733 2924 1060 2978 sectionem?
1093 2923 1319 2989 ferrum,
1351 2940 1417 2979 an
1458 2926 1651 2980 ulceris
1678 2926 2083 2995 depastionem?

504 3011 780 3067 Peccatum
811 3015 987 3068 sanies
1012 3024 1095 3068 est
1123 3037 1134 3067 :
1162 3030 1317 3082 paena
1352 3014 1547 3069 ferrum
1570 3016 1903 3071 medicinale.
1934 3016 2083 3071 Sicut

506 3104 659 3171 gitur
677 3104 766 3171 qui
789 3106 991 3158 saniem
1020 3105 1199 3169 habet,
1222 3106 1320 3159 etsi
1343 3121 1447 3159 non
1469 3116 1698 3172 secetur,
1727 3108 1866 3161 male
1886 3107 2076 3163 habet:

500 3206 550 3246 et
584 3210 705 3247 cum
733 3210 837 3248 non
866 3205 1099 3259 secatur,
1134 3205 1256 3250 tunc
1286 3205 1368 3250 est
1393 3197 1445 3249 in
1471 3196 1762 3265 majoribus
1790 3198 1980 3252 malis:
2010 3200 2080 3253 ita

499 3287 588 3352 qui
618 3296 824 3353 peccat,
868 3287 973 3340 etsi
1016 3300 1120 3340 non
1151 3287 1420 3355 puniatur,
1449 3288 1686 3341 omnium
1717 3295 1800 3341 est.
1842 3288 2081 3342 miserri-

502 3391 659 3429 mus:
701 3385 756 3430 et
786 3386 912 3430 tunc
945 3379 1182 3432 maxime
1222 3378 1405 3442 miser,
1454 3393 1574 3431 cum
1620 3392 1725 3432 non
1764 3380 2005 3448 punitur,
2028 3390 2082 3435 et

499 3480 661 3534 grave
688 3464 820 3519 nihil
849 3468 1067 3535 patitur.
1098 3467 1164 3521 Et
1189 3468 1324 3521 sicut
1352 3467 1537 3536 splene
1562 3475 1616 3521 et
1645 3468 1908 3523 intercute
1930 3469 2079 3523 labo-

494 3564 680 3609 rantes
696 3595 712 3615 .
735 3571 853 3609 cum
880 3557 1022 3625 larga
1046 3557 1290 3610 fruuntur
1313 3571 1518 3623 mensa,
1546 3565 1601 3612 et
1626 3556 1813 3627 frigida
1844 3558 2077 3626 potione,

497 3657 552 3700 et
597 3648 840 3700 delicatis
878 3647 1181 3717 sapidisque
1230 3646 1464 3712 ferculis,
1503 3658 1628 3701 tunc
1667 3649 1933 3717 przncipue
1965 3664 2081 3702 om-

500 3737 645 3790 nium
671 3745 797 3790 sunt
836 3737 1152 3801 miserrimi,
1184 3737 1391 3792 deliciis
1421 3737 1665 3792 morbum
1706 3748 1961 3807 augentes
1989 3754 2001 3789 :
2035 3738 2079 3792 si

504 3843 631 3882 vero
670 3828 755 3882 siti
799 3837 855 3883 et
897 3828 1037 3882 fame
1061 3828 1353 3882 secundum
1400 3828 1726 3883 medicorum
1773 3828 1915 3897 leges
1958 3842 2081 3882 cru-

503 3920 732 3983 cientur,
761 3918 991 3987 aliquam
1023 3918 1210 3973 salutis
1236 3933 1384 3987 Spem
1415 3919 1614 3973 habent
1642 3936 1655 3971 :
1684 3919 1761 3972 sic
1803 3928 1858 3972 et
1889 3918 1939 3971 in
1976 3917 2079 3970 ini-

499 4011 703 4079 quitate
732 4010 994 4074 viventes,
1037 4010 1079 4063 si
1110 4010 1393 4078 puniantur
1422 4010 1659 4079 quidem,
1697 4008 1890 4062 bonam
1931 4022 2081 4077 spem

504 4101 732 4163 habent,
785 4100 830 4154 si
870 4116 1003 4154 vero
1048 4116 1165 4154 cmn
1205 4102 1480 4170 iniquitate
1526 4102 1735 4156 licentia
1778 4110 1833 4156 et
1881 4101 2084 4155 deliciis

498 4194 768 4259 fruantur,
817 4193 1059 4264 hydropa
1093 4194 1459 4248 laborantibus
1504 4194 1659 4248 simul
1710 4204 1762 4247 et
1799 4193 2081 4261 crapulan-

505 4284 645 4336 tibus
673 4294 798 4336 sunt
821 4284 989 4337 multo
1015 4284 1343 4349 miseriores,
1376 4295 1427 4338 ct
1477 4294 1623 4337 tanto
1669 4286 1859 4354 magis,
1884 4294 2083 4355 quanto

502 4388 727 4443 corpore
754 4374 945 4426 melior
971 4383 1052 4427 est
1076 4376 1271 4427 anima.
1305 4374 1359 4428 Si
1391 4376 1597 4443 aliquos
1628 4375 1785 4444 igitur
1815 4377 1865 4429 in
1896 4375 2081 4429 iisdem

498 4479 623 4518 esse
649 4464 880 4532 peccatis
909 4463 1138 4528 videris,
1170 4473 1226 4517 et
1254 4464 1350 4517 bos
1374 4464 1590 4533 quidem
1631 4464 1770 4521 fame
1809 4467 2080 4530 continua,

504 4562 560 4607 ct
588 4551 880 4607 innumeris
928 4553 1083 4606 malis
1125 4553 1427 4609 laborantes
1448 4596 1462 4619 ,
1510 4556 1609 4611 hos
1635 4571 1763 4612 vero
1806 4557 2079 4621 ebriosos,

501 4647 823 4714 gaudentes,
855 4655 910 4700 et
938 4646 1276 4715 crapulautes
1295 4687 1310 4710 ,
1351 4662 1446 4702 eos
1471 4649 1562 4718 qui
1590 4652 1769 4719 gravia
1814 4651 2083 4719 patiantur

500 4737 767 4791 beatiores
787 4745 932 4805 puta.
964 4736 1173 4790 Etenim
1199 4736 1569 4793 delectationis
1597 4743 1807 4794 ﬂamma
1836 4741 1918 4793 his
1945 4756 2083 4794 aeru-

502 4826 642 4879 mnis
657 4826 1007 4889 intcrciditur,
1026 4836 1081 4879 et
1098 4827 1235 4894 apud
1255 4826 1487 4883 futurum
1508 4831 1764 4899 judicium
1780 4840 1835 4884 et
1850 4831 2084 4886 terribile

505 4915 732 4969 tribunal
756 4916 883 4969 illud
918 4932 1024 4968 non
1061 4931 1243 4983 parum
1272 4920 1655 4975 consolationis
1685 4922 1957 4991 capientes
1985 4922 2086 4974 mi-

501 5006 799 5074 grant,quia
815 5006 975 5058 multa
990 5016 1204 5074 peccata
1218 5008 1340 5062 vita:
1353 5010 1508 5078 hujus
1519 5012 1770 5066 :erumnis
1781 5012 2079 5079 expiarunt.

576 5097 829 5151 Adversus
849 5099 1141 5167 juramenta
1167 5116 1257 5168 pro
1275 5117 1413 5154 more
1436 5103 1751 5171 loquitur.—
1766 5104 1868 5159 Sed
1890 5119 2082 5157 conso—

503 5188 714 5243 lationis
742 5189 912 5243 satis:
941 5190 1050 5259 jam
1090 5191 1243 5245 nobis
1270 5191 1521 5261 deinceps
1549 5205 1759 5265 tempus
1792 5206 1872 5250 est
1906 5196 1972 5250 ad
2000 5196 2082 5250 fu-

502 5280 817 5349 giendorum
838 5282 1181 5335 munitionem
1206 5281 1625 5350 juramentorum
1660 5285 2000 5352 transeundi,
2030 5297 2082 5339 ct

502 5370 721 5423 tollendi
752 5373 1149 5427 excusationem
1170 5412 1185 5437 ,
1217 5388 1335 5443 qua:
1356 5372 1660 5441 jurantibus
1690 5390 1809 5429 esse
1834 5376 2077 5442 videtur,

506 5460 750 5529 frigidam
778 5470 832 5514 et
862 5463 1125 5519 inutilem.
1159 5465 1367 5519 Etenim
1399 5479 1517 5518 cum
1555 5466 1700 5534 ipsos
1734 5481 2080 5533 accusamus,

502 5555 637 5608 alios
667 5555 821 5608 nobis
848 5555 989 5609 idem
1038 5556 1292 5611 facientes
1331 5557 1620 5625 objiciunt,
1646 5566 1701 5611 ct
1728 5558 1912 5612 dicunt
1943 5575 1956 5611 :
1990 5559 2083 5614 Ille

503 5648 664 5702 etille
678 5647 881 5716 jurant.
912 5648 1158 5704 Dicamus
1184 5651 1340 5721 igitur
1362 5650 1525 5720 ipsis:
1555 5648 1661 5704 Sed
1685 5648 1773 5705 ille
1794 5650 2078 5719 nonjurat,

506 5740 645 5793 licus
669 5747 848 5793 autem
867 5753 1052 5794 eorum
1080 5742 1173 5810 qui
1201 5751 1344 5797 recte
1364 5750 1605 5813 egerunt,
1630 5743 2079 5812 comparationem

506 5835 644 5885 inter
682 5829 1025 5901 judicandum
1070 5832 1313 5901 profert:
1348 5849 1468 5888 nam
1500 5841 1807 5904 peccatores
1851 5846 1943 5888 eos
1989 5835 2077 5902 qui

828 5928 1089 5985 ΡΑτιιοι..
1138 5928 1252 5985 Gn.
1310 5930 1522 5986 .\!.t.'~;.

2215 569 2436 629 peccant
2462 560 2776 617 delictorum
2808 560 3295 616 communicatione
3323 574 3426 615 non
3451 561 3638 629 juvant
3656 602 3670 625 ,
3698 562 3788 628 qui

2210 667 2337 706 vero
2368 660 2512 707 recte
2552 654 2764 718 vivunt,
2806 661 3118 724 peccatores
3161 652 3539 707 condemnant.
3582 652 3787 706 Etcmm

2207 742 2297 810 qui
2354 740 2625 796 Christum
2682 759 2789 797 non
2845 742 3184 807 cibaverant,
3237 756 3409 812 neque
3479 750 3790 810 potaveraut

2207 833 2417 899 (Matth.
2464 833 2553 890 25.
2608 834 2721 904 35),
2763 835 2913 889 multi
2967 844 3121 888 erant
3166 851 3179 885 :
3234 833 3328 888 sed
3382 830 3514 887 nihil
3551 830 3653 885 sibi
3703 830 3787 883 iu-

2206 925 2375 980 vicem
2435 928 2745 995 proluerunt
2794 943 2807 977 :
2863 926 2999 980 sicut
3048 939 3221 993 neque
3268 926 3499 997 virgines
3552 924 3789 994 quinque

2202 1016 2369 1069 altera
2421 1016 2489 1070 ab
2555 1015 2722 1068 altera
2786 1016 2946 1068 ullam
3010 1015 3324 1069 invenerunt
3384 1015 3635 1079 veniam,
3691 1014 3783 1069 sed

2202 1124 2312 1177 pne
2353 1110 2438 1174 iis,
2482 1110 2571 1178 qui
2616 1118 2763 1162 recte
2805 1123 2864 1162 se
2894 1117 3197 1178 gesserunt,
3240 1116 3297 1162 et
3333 1106 3417 1161 ha:
3461 1116 3515 1162 et
3550 1108 3623 1162 illi
3644 1122 3778 1161 cou-

2201 1200 2512 1255 demnati‘et
2540 1201 2711 1269 puniti
2736 1209 2880 1255 sunt.
2918 1199 2999 1253 Ab
3036 1200 3134 1254 hac
3161 1201 3320 1269 igitur
3349 1198 3533 1266 frigida
3561 1212 3783 1251 excusa-

2203 1294 2347 1346 tione
2367 1293 2595 1351 liberati.
2622 1308 2688 1346 ne
2714 1291 2892 1361 lapsos
2915 1290 3285 1360 respiciamus,
3318 1288 3412 1344 sed
3441 1297 3585 1342 recte
3610 1302 3668 1342 se
3687 1302 3783 1358 ge-

2202 1392 2406 1448 rentes,
2438 1392 2489 1437 et
2519 1382 2825 1436 Studeamus
2865 1379 3141 1450 praisentis
3166 1379 3351 1449 jejunii
3376 1386 3781 1432 monumentum

2200 1471 2419 1525 referre.
2462 1472 2530 1525 Et
2565 1474 2701 1526 sicut
2746 1484 3116 1541 saepenumero
3156 1472 3533 1523 vestimentum
3577 1467 3777 1536 adepti,

2200 1563 2284 1616 vel
2327 1577 2560 1627 servum,
2600 1564 2686 1617 vel
2713 1578 2806 1616 vas
2837 1563 3149 1631 pretiosum,
3188 1559 3442 1628 temporis
3482 1558 3779 1613 reminisci-

2198 1669 2349 1719 mur,
2379 1662 2434 1707 et
2463 1662 2646 1706 mutuo
2675 1653 2936 1707 dicimus:
2976 1652 3198 1707 Servum
3243 1650 3393 1705 illum
3443 1649 3533 1702 tali
3578 1649 3777 1702 solem-

2196 1748 2361 1801 nitate
2378 1747 2503 1811 emi,
2528 1748 2902 1801 vestimentum
2933 1745 3035 1800 hoc
3059 1746 3145 1799 tali
3171 1742 3477 1812 comparavi
3499 1751 3775 1810 tempore:

2195 1836 2267 1891 ita
2295 1852 2505 1906 quoque
2541 1837 2585 1892 si
2624 1837 2795 1906 legem
2849 1836 2985 1889 hanc
3026 1835 3452 1903 impleverimus,
3497 1833 3775 1887 dicemus:

2194 1927 2562 1982 Juramentum
2618 1928 2717 1981 hac
2760 1927 2971 1981 correxi
3020 1925 3469 1994 Quadragesima;
3516 1923 3775 1977 hactenus

2193 2018 2333 2073 enim
2372 2017 2637 2086 jurabam,
2667 2027 2722 2071 et
2758 2018 2871 2071 sola
2908 2016 3269 2071 admonitione
3310 2013 3487 2067 audita
3510 2054 3523 2077 ,
3561 2022 3777 2081 peccato

2194 2110 2443 2164 abstinui.
2471 2109 2575 2162 Sed
2626 2124 2709 2163 res
2753 2119 2836 2161 est
2875 2114 3116 2162 correctu
3158 2104 3389 2159 difﬁcilis
3424 2102 3771 2157 consuetudo.

2195 2203 2323 2257 Novi
2344 2214 2399 2258 et
2423 2218 2543 2272 ego,
2572 2210 2627 2257 et
2651 2210 2930 2271 prapterea
2957 2198 3151 2253 festino
3176 2213 3272 2250 vos
3303 2198 3356 2250 in
3375 2197 3530 2250 aliam
3552 2210 3776 2249 consue-

2196 2294 2430 2348 tudinem
2459 2293 2652 2347 bonam
2681 2302 2736 2347 et
2777 2293 2979 2345 lucrum
3017 2290 3299 2344 habentem
3338 2288 3610 2341 inducere.
3639 2286 3773 2340 Cum

2192 2386 2334 2440 enim
2400 2385 2636 2449 dixeris,
2708 2383 2927 2439 difﬁcile
2985 2398 3014 2435 a
3080 2378 3467 2435 consuetudine
3537 2377 3765 2439 desisto,

2191 2487 2471 2545 propterea
2530 2475 2793 2530 desistere
2859 2474 3075 2538 labora,
3126 2481 3275 2526 certo
3337 2470 3548 2535 sciens,
3628 2468 3770 2536 quod

2190 2567 2234 2620 si
2281 2566 2372 2619 tibi
2415 2566 2570 2619 aliam
2626 2580 2731 2619 non
2793 2563 3009 2633 jurandi
3069 2560 3510 2616 consuetudinem
3564 2559 3771 2611 indixe-

2191 2656 2299 2719 ris,
2353 2655 2550 2708 nullius
2595 2654 2793 2709 laboris
2835 2652 3066 2722 amplius
3118 2651 3397 2720 indigebis.
3447 2649 3583 2716 Quid
3630 2648 3771 2703 difﬁo

2189 2746 2366 2811 cilius,
2405 2760 2509 2799 non
2536 2746 2737 2815 jurare,
2770 2760 2835 2799 an
2866 2760 2960 2815 per
2999 2754 3165 2797 totum
3193 2744 3333 2797 diem
3384 2742 3613 2796 inediam
3666 2740 3773 2809 pati

2189 2846 2243 2888 ct
2269 2850 2419 2904 aquae
2461 2846 2584 2905 potu
2613 2844 2666 2891 et
2702 2837 2845 2890 tenui
2881 2836 3020 2889 victu
3063 2833 3289 2889 siccari?
3312 2832 3529 2887 Certum
3553 2839 3635 2886 est
3670 2830 3771 2885 hoc

2189 2927 2279 2979 illo
2308 2927 2519 2995 gravius
2545 2942 2697 2991 esse;
2727 2926 2820 2982 sed
2856 2935 3030 2980 tamen
3071 2924 3398 2979 consuetudo
3440 2939 3526 2978 res
3555 2932 3637 2978 est
3664 2932 3769 2977 tam

2186 3017 2355 3070 facilis
2383 3026 2437 3071 et
2462 3018 2726 3085 expedita,
2755 3028 2815 3071 ut
2841 3018 3157 3072 adveniente
3180 3017 3415 3086 jejunio,
3448 3017 3547 3070 etsi
3580 3016 3772 3070 millies

2186 3105 2303 3174 quis
2328 3106 2671 3172 exhortetur,
2713 3116 2767 3162 et
2798 3116 2954 3176 cogat
2994 3106 3174 3159 vinum
3214 3105 3476 3170 delibare,
3506 3105 3590 3160 vel
3627 3105 3769 3158 aliud

2184 3196 2307 3264 quid
2331 3195 2518 3264 jejunii
2550 3197 2665 3265 lege
2693 3212 2796 3251 non
2826 3210 3138 3250 concessum
3164 3204 3398 3264 gustare,
3440 3195 3615 3248 omnia
3653 3195 3771 3263 quis

2184 3285 2370 3339 mallet
2396 3285 2522 3354 pati,
2555 3301 2713 3353 quam
2738 3285 3062 3355 prohibitum
3089 3298 3301 3338 sumere
3342 3284 3727 3338 nutrimentum
3755 3301 3767 3335 :

2185 3387 2237 3430 et
2277 3376 2377 3430 huc
2401 3391 2520 3431 cum
2545 3392 2648 3430 non
2680 3378 2945 3431 illibenter
2964 3390 3088 3445 erga
3110 3390 3349 3430 mensam
3379 3374 3556 3428 ail'ecti
3580 3374 3767 3436 simus,

2184 3476 2360 3521 tamen
2395 3478 2613 3537 propter
2652 3466 3092 3521 consuetudinem
3134 3481 3201 3521 ex
3223 3465 3549 3520 conscientia
3590 3466 3769 3518 omnia

2184 3572 2443 3627 generose
2473 3558 2688 3611 ierimus
2711 3556 3018 3611 laborando.
3064 3556 3174 3610 [loc
3193 3556 3438 3610 nimirum
3456 3564 3511 3609 et
3543 3555 3594 3609 iu
3620 3554 3768 3623 jura-

2185 3650 2380 3703 mcntis
2409 3649 2548 3702 erit:
2578 3661 2633 3702 et
2669 3649 2808 3703 sicut
2835 3663 3011 3714 nunc,
3043 3647 3088 3702 si
3124 3648 3242 3717 quis
3282 3648 3441 3701 etiam
3486 3647 3769 3700 maximam

2186 3742 2558 3795 necessitatem
2586 3741 2821 3811 imponat
2844 3781 2859 3806 ,
2885 3754 3166 3809 permanes
3199 3738 3632 3793 consuetudinem
3659 3754 3773 3792 ser-

2184 3845 2315 3883 vans
2352 3847 2366 3882 :
2396 3830 2475 3884 sic
2514 3840 2568 3885 et
2595 3841 2741 3896 tunc,
2776 3832 2821 3885 si
2859 3832 2979 3900 quis
3013 3831 3175 3884 etiam
3211 3830 3405 3884 millies
3441 3830 3769 3888 exbortetur.

2184 3936 2211 3973 a
2238 3920 2625 3976 consuetudine
2649 3936 2752 3975 non
2776 3921 3021 3975 absistes.

2263 4012 2315 4064 7.
2344 4011 2569 4065 Domum
2613 4011 2771 4081 igitur
2819 4009 3105 4080 proiectus,
3140 4010 3386 4065 omnibus
3423 4010 3538 4063 bmc
3581 4010 3770 4065 dome-

2187 4104 2336 4157 sticis
2360 4103 2577 4172 loquere
2607 4120 2621 4156 :
2652 4110 2707 4157 et
2735 4104 2871 4156 sicut
2896 4117 3041 4172 sa'pe
3061 4102 3211 4156 multi
3241 4118 3310 4156 ex
3343 4111 3495 4171 prato
3520 4101 3774 4156 receden-

2189 4202 2291 4256 tes,
2320 4208 2497 4247 rosam
2530 4193 2616 4247 vel
2658 4192 2846 4246 violam
2890 4193 2973 4246 vel
3011 4193 3311 4261 quempiam
3358 4192 3539 4246 talium
3582 4192 3771 4245 ﬂorum

2186 4284 2424 4351 capiunt,
2452 4291 2507 4337 et
2532 4282 2714 4351 digitis
2741 4282 3175 4336 circumferentes
3202 4282 3460 4336 recedunt
3490 4300 3503 4334 :
3533 4282 3621 4335 alii
3648 4297 3772 4335 vero

2187 4389 2253 4427 ex
2276 4373 2525 4426 viridario
2547 4373 2763 4427 domum
2786 4372 3061 4439 abeuntes,
3086 4372 3336 4425 arborum
3360 4386 3538 4425 ramos
3568 4370 3772 4425 fructus

2186 4464 2444 4517 habentes
2496 4471 2771 4530 reportant
2817 4480 2830 4516 :
2885 4462 2975 4515 alii
3029 4477 3242 4516 rursum
3292 4478 3322 4516 a
3376 4463 3535 4517 lautis
3580 4462 3769 4524 cmnis.

2186 4567 2385 4607 mensa:
2415 4552 2665 4621 reliquias
2686 4552 3005 4606 necessariis
3032 4552 3142 4606 suis
3171 4551 3445 4607 referunt:
3478 4552 3554 4607 sic
3590 4553 3772 4621 utique

2185 4655 2239 4699 et
2284 4655 2337 4699 tu
2383 4644 2507 4699 hinc
2559 4644 2838 4706 recedens,
2881 4643 3299 4698 admonitionem
3348 4652 3558 4713 reporta
3613 4643 3766 4704 ﬁliis,

2189 4739 2363 4801 uxori,
2396 4737 2717 4792 necessariis
2743 4736 3009 4790 omnibus.
3044 4735 3169 4789 Haec
3203 4736 3344 4789 enim
3375 4734 3685 4797 admonitio,
3718 4745 3772 4788 et

2189 4839 2361 4897 prato,
2389 4839 2443 4884 et
2480 4829 2755 4894 viridario,
2803 4838 2858 4882 et
2887 4842 3069 4881 mensa
3108 4827 3289 4879 utilior
3332 4836 3451 4880 est:
3493 4827 3575 4879 Ine
3612 4844 3769 4881 num-

2188 4938 2348 4991 quam
2368 4937 2503 4975 rosze
2524 4928 2878 4985 marcescunt,
2908 4920 2960 4972 hi
2981 4934 3265 4987 numquam
3287 4918 3528 4972 deﬂuunt
3550 4918 3770 4985 fructus,

2190 5013 2306 5066 lucc
2331 5026 2614 5077 numquam
2642 5009 2839 5063 fercula
2868 5017 3281 5076 corrumpuntur
3305 5025 3317 5060 :
3346 5018 3401 5063 et
3422 5024 3496 5063 ex
3526 5010 3628 5062 illis
3658 5010 3773 5077 qui-

2190 5104 2310 5156 dem
2345 5101 2647 5170 temporalis
2684 5099 2987 5160 delectatio,
3016 5114 3078 5152 ex
3122 5098 3203 5152 his
3229 5115 3355 5153 vero
3384 5099 3631 5153 continua
3663 5099 3770 5150 uti-

2192 5193 2341 5256 litas,
2384 5207 2489 5244 non
2527 5198 2727 5242 tantum
2766 5198 3042 5257 postquam
3090 5189 3371 5255 adimplcta
3415 5188 3632 5252 fuerint,
3679 5188 3772 5240 sed

2190 5286 2352 5338 etiam
2378 5284 2502 5336 dum
2538 5281 2912 5348 adimplentur.
2944 5279 3125 5349 Cogita
3165 5282 3305 5334 enim
3349 5281 3503 5347 quale
3544 5289 3646 5343 est,
3685 5295 3770 5331 rc-

2194 5375 2350 5443 liquis
2372 5372 2616 5426 omnibus
2643 5370 2855 5425 omissis
2882 5371 3105 5440 publicis
3128 5381 3179 5423 ct
3209 5370 3447 5439 privatis,
3481 5368 3548 5422 de
3577 5369 3770 5421 di\i:tis

2192 5479 2405 5534 semper
2433 5464 2633 5533 legibus
2671 5462 2967 5527 disserere,
2997 5471 3047 5516 et
3077 5462 3140 5514 ad
3170 5475 3428 5525 mensam,
3462 5472 3515 5514 et
3550 5462 3601 5514 in
3637 5462 3767 5525 loro,

2189 5569 2243 5612 et
2284 5560 2336 5612 in
2362 5558 2481 5611 aliis
2518 5557 2922 5611 conventiculis.
2952 5556 3007 5610 Si
3038 5556 3119 5607 bis
3162 5568 3431 5617 vacemus,
3464 5553 3593 5608 nihil
3621 5554 3765 5607 dice-

2188 5668 2307 5707 mus
2334 5650 2714 5722 periculosum,
2746 5650 2877 5704 nihil
2914 5648 3148 5711 noxium,
3184 5662 3283 5701 nec
3330 5647 3479 5700 lnviti
3523 5646 3767 5717 peccabi-

2189 5757 2340 5806 mus;
2369 5742 2465 5797 sed
2490 5749 2544 5796 et
2567 5741 2881 5797 imminente
2903 5739 3109 5794 tristitia
3130 5737 3562 5794 sermocinationi
3596 5736 3661 5789 de
3685 5735 3764 5787 his

2190 5842 2457 5899 vacantes,
2484 5834 2712 5886 animam
2743 5833 2966 5887 libcmrc
2988 5829 3302 5899 poterimus,
3325 5829 3483 5883 missa
3506 5842 3628 5881 cura
3663 5825 3765 5877 illa.

3392 5922 3426 5977 ti
