4494 6674
717 403 778 460 9|
1444 405 1500 458 S.
1541 403 1820 462 JOANNIS
1858 401 2334 463 CIIRYSOSTOMI
2373 400 2690 457 AllClllEP.
2720 401 3254 463 CONSTANTINOP.
3942 414 4010 470 91

725 533 830 586 qua
873 517 1085 572 solliciti
1134 527 1318 572 mutuo
1365 517 1808 572 sciscitabamur:
1851 515 2119 587 Numquid
2166 523 2313 584 gesta

729 607 1023 679 Imperator
1052 607 1288 662 audivit?
1317 621 1384 660 an
1427 607 1665 661 irritatus
1709 607 1828 661 est?
1858 608 1982 677 quid
2029 619 2154 660 vero
2189 618 2316 657 sen-

731 701 913 756 tentiae
957 698 1356 770 pronuntiavit?
1404 698 1661 769 numquid
1704 699 1878 770 ipsum
1922 699 2184 770 quispiam
2227 712 2320 752 ex-

735 791 942 848 oravit?
957 789 1209 859 numquid
1236 805 1366 845 vero
1388 789 1520 844 feret
1543 788 1658 858 ipse
1683 799 1791 845 tam
1813 805 2055 860 magnam
2078 799 2131 842 et
2157 803 2320 856 p0pu-

737 884 904 938 losam
946 881 1184 936 funditus
1221 882 1490 936 civitatem
1537 879 1798 950 perdere?
1839 882 1962 936 llaec
2006 878 2220 949 quidem
2267 888 2322 933 et

723 973 905 1028 omnia
938 972 1062 1027 talia
1093 973 1146 1027 in
1168 973 1336 1028 Deum
1360 971 1727 1042 projicienles,
1755 972 1922 1043 ipsius
1940 978 2143 1026 tantum
2166 983 2320 1024 man-

723 1065 844 1119 data
859 1079 1142 1120 curemus:
1168 1066 1244 1120 sic
1262 1065 1403 1120 enim
1429 1072 1488 1120 et
1501 1065 1588 1120 illa
1602 1066 1780 1120 omnia
1797 1064 2149 1119 dissolvcmus
2170 1079 2184 1126 ;
2204 1071 2258 1116 et
2279 1061 2322 1116 si

726 1159 809 1213 vel
828 1159 1011 1214 decem
1027 1167 1226 1212 tantum
1245 1157 1296 1211 in
1315 1157 1467 1214 nobis
1484 1166 1630 1213 recte
1645 1158 1868 1227 egerint,
1887 1155 2032 1210 brevi
2047 1155 2120 1208 illi
2139 1153 2324 1208 decem

728 1249 912 1318 viginti
949 1249 1106 1312 ﬁent;
1137 1247 1320 1318 viginti
1351 1248 1730 1319 quinquaginta
1756 1289 1769 1310 ,
1789 1246 2165 1316 quinquaginta
2200 1260 2327 1300 cen-

729 1346 862 1401 tum,
891 1347 1102 1392 centum
1125 1339 1292 1405 mille,
1325 1339 1470 1394 mille
1496 1348 1605 1392 tota
1639 1337 1844 1392 civitas.
1869 1337 1938 1390 Et
1966 1337 2104 1390 sicut
2140 1337 2324 1390 decem

727 1429 970 1482 accensis
1011 1428 1245 1482 lucernis
1271 1443 1485 1484 omnem
1517 1428 1735 1487 domum
1774 1425 1978 1481 lumine
2013 1425 2169 1482 facile
2207 1427 2327 1496 quis

734 1518 961 1588 implere
1006 1519 1200 1587 poterit
1239 1536 1252 1572 :
1295 1519 1373 1572 sic
1415 1527 1470 1573 ct
1513 1519 1566 1571 in
1606 1515 1800 1572 ofﬁciis
1840 1517 2235 1586 spiritualibus,
2281 1515 2326 1569 si

733 1606 920 1661 decem
949 1609 1047 1661 εειιί
1077 1616 1220 1662 recte
1250 1607 1492 1678 egerint,
1521 1622 1704 1677 pyram
1735 1622 1831 1677 per
1862 1615 2025 1662 totam
2056 1607 2325 1661 civitatem

735 1697 1079 1752 incendemns
1094 1698 1386 1753 habentem
1401 1698 1613 1762 lumen,
1633 1707 1688 1753 et
1708 1699 2046 1754 securitatem
2073 1697 2225 1752 nobis
2245 1695 2304 1750 af
2305 1727 2327 1737 -

732 1785 1014 1841 ferentem.
1042 1787 1156 1842 Non
1188 1789 1332 1844 enim
1364 1789 1442 1843 sic
1474 1790 1701 1844 ﬂamma:
1738 1798 1926 1844 natura
1957 1789 2009 1843 in
2040 1790 2328 1842 materiam

736 1882 953 1952 delapsa
995 1885 1164 1938 vicina
1206 1900 1420 1955 semper
1459 1886 1600 1956 ligna
1645 1888 1904 1954 incendit,
1941 1887 2078 1941 sicut
2119 1887 2330 1942 virtutis

732 1974 884 2028 ze‘lus
924 1974 976 2029 in
1007 1990 1199 2044 paucas
1241 1976 1422 2045 lapsus
1461 1978 1702 2043 animas,
1747 1978 1946 2034 sensim
1990 1977 2330 2048 procedendo

731 2079 945 2119 omnem
981 2065 1204 2135 implere
1247 2067 1516 2122 civitatem
1551 2069 1770 2136 poterit.
1815 2069 1943 2124 Date
1987 2069 2168 2138 itaque
2197 2069 2329 2124 mihi

731 2165 789 2208 ut
824 2154 891 2208 de
929 2153 1085 2209 vobis
1110 2156 1344 2226 glorier,
1371 2167 1423 2213 et
1456 2159 1508 2212 in
1541 2160 1789 2229 prtesenti
1818 2161 1945 2226 vita,
1975 2168 2030 2215 et
2059 2159 2114 2215 in
2150 2159 2332 2218 futuro

733 2244 840 2305 die,
869 2259 977 2314 quo
1007 2245 1207 2301 talenta
1231 2247 1490 2304 habentes
1513 2249 1715 2305 credita
1744 2250 2152 2306 introducentur
2175 2268 2190 2306 :
2213 2251 2330 2306 suf-

734 2335 918 2388 ficiens
947 2335 1075 2389 mihi
1103 2336 1346 2392 laborum
1378 2353 1586 2394 merces
1603 2348 1776 2395 vestra
1807 2342 2045 2409 claritas,
2073 2352 2128 2399 et
2157 2343 2202 2399 si
2227 2359 2326 2399 vos

741 2444 864 2482 cnm
904 2430 1097 2498 pietate
1139 2431 1381 2487 viventes
1426 2432 1640 2498 videro,
1690 2442 1858 2488 totum
1899 2436 2100 2505 recepi.
2145 2436 2328 2492 Facite

732 2633 902 2687 QUOD
935 2635 1269 2680 TRISTITIE
1313 2637 1634 2682 AFFECTUS
1674 2639 1938 2683 TANTUM
1972 2641 2058 2682 AD
2099 2641 2364 2684 PECCATI
2408 2638 2936 2684 DESTRUCTIONEM
2981 2639 3082 2682 SIT
3124 2639 3328 2682 UTILIS

2426 514 2584 584 igitur
2607 515 2752 585 quod
2777 525 2830 572 et
2859 517 2970 572 heri
2999 515 3287 582 admonui,
3317 525 3371 570 ct
3393 515 3554 572 hodie
3579 516 3774 586 dicam,
3805 537 3903 578 nec
3931 525 4013 577 di-

2423 619 2552 659 cens
2572 607 2844 676 quiescam
2876 627 2888 661 :
2916 617 3101 662 contra
3123 609 3363 678 jurantcs
3384 604 3638 662 mulctam
3665 609 4010 682 deﬁnientes,

2424 698 2678 752 mulctam
2708 699 2934 763 lucrum,
2971 715 3074 754 non
3105 701 3356 756 damnum
3390 697 3674 754 habentem
3701 718 3712 753 :
3744 718 4012 775 praepara-

2426 787 2554 840 mini
2581 788 2691 856 jam
2731 797 2999 858 tamquam
3037 792 3190 846 nobis
3216 789 3487 860 profectus
3522 788 3891 858 probationem
3921 797 4016 850 da-

2425 878 2551 930 turi.
2581 879 2829 932 (Ionabor
2854 883 3050 934 etenim
3080 882 3219 951 apud
3246 895 3508 950 quemque
3535 889 3770 936 vestrum
3800 883 4014 956 longum

2426 968 2741 1037 protrahere
2781 984 3082 1026 sermonem
3125 973 3344 1027 dimissa
3388 970 3489 1025 hac
3531 973 3823 1042 concione,
3873 988 3928 1030 ut
3964 980 4014 1030 in

2429 1058 2714 1112 verborum
2762 1059 3092 1131 longitudine
3130 1063 3441 1119 emendatos
3483 1061 3751 1126 inveniam
3775 1067 3833 1120 ¹ε
3878 1079 3931 1123 et
3971 1070 4016 1123 si

2427 1164 2584 1218 quem
2607 1149 2880 1218 jurantem
2909 1152 3114 1219 videro,
3141 1154 3388 1208 omnibus
3411 1152 3708 1207 emendatis
3730 1155 3901 1226 ipsum
3923 1159 4016 1212 de-

2429 1239 2651 1305 clarent,
2683 1249 2740 1294 ut
2767 1242 3128 1313 increpantes,
3157 1255 3458 1315 arguentes,
3485 1246 3838 1314 corrigentes,
3871 1251 4016 1306 brevi

2431 1329 2604 1399 ipsum
2624 1331 2762 1386 mala
2787 1332 3078 1388 liberemus
3098 1335 3502 1390 consuetudine.
3523 1333 3710 1390 Melius
3723 1347 3805 1392 est
3820 1341 4017 1394 etenim

2430 1418 2518 1473 hic
2546 1421 2928 1489 exprobratum
2960 1425 3176 1494 corrigi,
3210 1439 3367 1494 quam
3404 1422 3493 1478 die
3523 1423 3609 1477 illa
3650 1426 3856 1494 palam,
3881 1445 4020 1498 pra:-

2430 1524 2584 1568 sente
2625 1523 2738 1569 toto
2782 1516 3011 1583 mundo,
3056 1515 3312 1571 confundi
3342 1525 3501 1584 atque
3545 1517 3743 1585 puniri,
3785 1523 4020 1589 peccatis

2433 1605 2635 1658 nostris
2665 1607 2766 1660 sub
2792 1608 3029 1661 omnium
3074 1617 3292 1676 aspectu
3323 1605 3594 1660 revelatis.
3626 1606 3730 1663 Sed
3762 1609 3935 1677 absit,
3964 1623 4024 1665 ut

2431 1698 2715 1768 quisquam
2746 1715 2812 1753 ex
2842 1699 2940 1753 hac
2989 1697 3212 1752 honesta
3241 1698 3502 1752 concione
3528 1698 3654 1753 talia
3679 1701 3883 1768 patiens
3913 1703 4020 1758 illic

2435 1798 2708 1858 appareat,
2739 1804 2921 1844 verum
2945 1797 3249 1841 sanctorum
3279 1797 3490 1857 patrum
3521 1789 3769 1858 precibus
3798 1804 4016 1861 peccata

2435 1881 2768 1951 corrigentes
2809 1879 3016 1943 omnia,
3047 1879 3379 1948 multumque
3411 1881 3624 1936 virtutis
3661 1881 3890 1936 fructum
3931 1899 4023 1938 ex-

2435 1969 2701 2036 hibentes,
2728 1984 2847 2024 cum
2872 1968 3040 2022 multa
3065 1968 3190 2025 hinc
3217 1969 3409 2025 ﬁducia
3433 1972 3744 2042 migremus,
3772 1973 3943 2044 gratia
3967 1983 4020 2028 et

2433 2073 2489 2118 et
2514 2063 2840 2134 benignitate
2869 2060 3081 2116 Domini
3118 2062 3289 2118 nostri
3319 2063 3448 2119 Jesu
3472 2063 3710 2132 Christi,
3741 2081 3835 2136 per
3862 2081 4022 2138 quem

2435 2164 2635 2211 etcum
2663 2167 2768 2225 quo
2812 2153 2953 2207 Patri
2992 2154 3162 2224 gloria
3187 2171 3293 2211 una
3328 2171 3450 2211 cum
3497 2166 3682 2213 sancto
3722 2158 3927 2228 Spiritu
3966 2159 4021 2214 in

2438 2247 2630 2302 sacula
2656 2244 2994 2301 surculorum.
3030 2247 3218 2302 Amen.

2503 2402 2519 2432 ⁸
2555 2398 2695 2450 savil.
2720 2398 2870 2459 addit,
2892 2404 2938 2450 et
2959 2411 3054 2448 non
3075 2401 3370 2451 emendatos.

3376 2641 3391 2681 :
3439 2640 3522 2682 nr
3567 2639 3766 2684 sanan
3808 2641 4021 2698 tuon,

814 2733 879 2775 IN
923 2731 1240 2778 PRINCIPIO
1282 2735 1469 2779 FECIT
1511 2737 1671 2780 DEUS
1713 2738 1942 2784 CELUM
1987 2740 2068 2782 ET
2109 2739 2396 2795 TEBBAM,
2476 2739 2560 2781 ΕΤ
2625 2738 2795 2791 QUOD
2859 2738 3117 2782 MAXIMA
3187 2738 3674 2786 CONSOLATlONIS
3741 2742 4022 2786 MATERIA

812 2834 933 2877 CRB
941 2837 1186 2881 A110le
1233 2840 1266 2880 Δ
1275 2837 1384 2881 ΡΡΑ
1394 2839 1592 2882 RATUS

1639 2841 1655 2881 :
1704 2841 1785 2883 er
1826 2841 2026 2885 aurea
2057 2841 2269 2898 ILLUD,
2316 2842 2518 2894 anan,
2564 2840 2672 2884 um
2716 2823 2831 2884 es?
2870 2841 2950 2883 ET
2993 2840 3076 2882 ne
3120 2839 3245 2883 uox
3287 2841 3580 2885 sensum
3622 2828 3662 2860 ¹’

2285 2962 2547 3021 0W0

1346 3112 1568 3154 ιιοιιιιιι
1605 3114 1698 3154 νη.

809 3274 860 3328 ι.
901 3272 1060 3326 Multa
1098 3273 1314 3343 quidem
1353 3283 1408 3328 et
1445 3273 1512 3329 de
1553 3273 1737 3330 multis
1766 3273 1882 3331 heri
1912 3277 2052 3346 apud
2092 3286 2326 3332 vestram

737 3361 964 3417 disserui
1007 3365 1334 3422 charitates:
1361 3363 1430 3419 de
1475 3365 1654 3420 multis
1697 3380 1826 3420 vero
1865 3365 1911 3420 si
1954 3367 2134 3421 omnia
2177 3367 2332 3421 vobis

745 3451 978 3506 retinere
1017 3453 1157 3507 haud
1197 3462 1278 3508 est
1317 3453 1499 3519 facile,
1534 3455 1664 3510 illud
1696 3456 1937 3510 omnium
1976 3457 2210 3510 maxime
2236 3471 2333 3511 vos

741 3541 1045 3596 meminisse
1089 3557 1219 3614 rogo
1241 3583 1258 3608 ,
1288 3543 1430 3612 quod
1469 3545 1735 3598 tristitiam
1779 3545 1932 3599 nobis
1963 3547 2102 3600 Deus
2129 3559 2234 3600 non
2264 3545 2334 3600 ob

735 3632 879 3687 aliud
899 3632 1155 3688 .indiderit
1175 3674 1191 3699 ,
1219 3633 1567 3704 nisiproptcr
1593 3635 1766 3689 solum
1800 3645 2074 3706 peccatum
2098 3677 2112 3699 ,
2142 3645 2198 3691 et
2227 3635 2329 3690 hoc

747 3737 844 3790 per
871 3723 1037 3793 ipsam
1069 3739 1247 3777 rerum
1274 3725 1658 3794 experientiam
1687 3724 2125 3780 manifestaverit.
2153 3724 2210 3780 In
2237 3741 2330 3795 pc-

741 3814 1018 3867 cuniarum
1048 3815 1189 3868 enim
1221 3813 1416 3868 mulcta
1441 3855 1457 3880 ,
1493 3823 1548 3869 et
1576 3826 1782 3881 morte,
1815 3825 1868 3870 et
1890 3815 2206 3884 aegritudine
2230 3857 2246 3882 ,
2277 3827 2333 3871 et

745 3905 864 3958 aliis
891 3904 1044 3958 nobis
1071 3904 1436 3974 ingruentibus
1464 3904 1723 3959 molestiis
1749 3905 1995 3960 dolentes
2022 3915 2076 3959 et
2101 3921 2334 3961 mearen-

744 4004 846 4060 tes,
864 4010 968 4048 non
988 4003 1192 4048 tantum
1210 3995 1407 4049 nullam
1424 3995 1844 4049 consolationem
1861 3996 2099 4064 capimus
2116 4037 2130 4060 ,
2147 4012 2331 4051 verum

743 4093 799 4137 et
826 4084 1099 4138 molestias
1123 4098 1412 4154 augemus;
1451 4085 1504 4138 in
1547 4084 1779 4154 peccatis
1817 4099 1945 4139 vero
1976 4085 2021 4139 si
2061 4085 2335 4142 doleamus

743 4186 801 4231 ct
835 4177 1245 4240 contristemur,
1269 4176 1470 4246 peccati
1503 4176 1916 4246 magnitudinem
1947 4177 2255 4241 minuimus,
2282 4190 2333 4234 et

745 4266 888 4335 quod
915 4275 1032 4322 erat
1059 4281 1304 4337 magunum
1326 4308 1342 4333 ,
1375 4266 1648 4321 reddimus
1674 4282 1930 4336 parvum;
1960 4282 2102 4336 serpe
2132 4285 2258 4324 vero
2282 4280 2336 4324 et

742 4358 982 4414 funditus
997 4361 1169 4428 ipsum
1189 4368 1356 4414 totum
1379 4359 1637 4414 delemus.
1659 4359 1770 4414 lloc
1791 4359 1921 4413 mihi
1938 4359 2149 4414 assidue
2163 4377 2336 4416 recor-

743 4451 962 4513 damini,
982 4459 1040 4505 ut
1057 4451 1127 4506 ob
1144 4459 1416 4519 peccatum
1444 4461 1643 4505 tantum
1667 4449 1912 4516 doleatis,
1933 4451 2130 4505 nullam
2155 4460 2333 4505 autem

744 4542 816 4593 ob
845 4555 954 4594 rem
982 4549 1238 4610 praeterea
1265 4557 1278 4594 :
1301 4548 1354 4594 et
1391 4550 1585 4608 praeter
1621 4541 1720 4594 hoc
1757 4540 1884 4594 illud
1919 4556 2129 4608 quoque
2153 4579 2169 4605 ,
2195 4541 2334 4610 quod

745 4641 972 4686 mortem
1015 4639 1071 4686 et
1098 4630 1368 4684 tristitiam
1404 4630 1457 4684 in
1489 4630 1648 4683 vitam
1682 4638 1916 4682 nostram
1949 4637 2222 4697 peccatum
2253 4631 2336 4684 in-

747 4721 925 4776 ferens
949 4763 964 4788 ,
1006 4722 1075 4776 ab
1113 4721 1199 4776 his
1237 4720 1499 4776 ambobus
1541 4719 1772 4774 vicissim
1813 4718 2111 4774 destruitur
2147 4737 2161 4773 :
2197 4720 2338 4789 quod

747 4814 958 4880 quidem
990 4813 1161 4882 ipsum
1195 4812 1529 4867 manifestius
1558 4821 1611 4866 et
1638 4820 1792 4867 antea
1830 4811 2336 4867 demonstravimus.

751 4903 896 4958 Nihil
923 4903 1080 4973 igitur
1107 4905 1186 4958 sic
1214 4906 1515 4970 timeamus,
1547 4912 1605 4957 ut
1631 4912 1903 4974 peccatum
1934 4911 1987 4958 ct
2015 4901 2338 4971 prmvarica-

753 4996 978 5050 tionem.
1011 4994 1089 5049 Ne
1117 4995 1398 5048 timeamus
1419 5009 1652 5063 pinnam,
1675 5003 1729 5048 et
1749 5009 1961 5063 pcenam
1983 4993 2298 5064 effugiemus
2324 5011 2336 5048 :

748 5089 886 5143 sicut
905 5096 960 5144 et
983 5096 1091 5144 tres
1113 5087 1186 5142 illi
1206 5087 1354 5156 pueri
1372 5101 1477 5140 non
1497 5085 1786 5140 timuerunt
1801 5086 2149 5152 fornacem,et
2165 5085 2343 5141 forna-

748 5195 866 5232 cem
897 5178 1197 5248 efl'ngerunt
1225 5195 1238 5232 :
1269 5178 1404 5233 tales
1427 5191 1548 5233 esse
1569 5177 1726 5232 decet
1747 5175 1840 5231 Dei
1864 5191 2067 5231 servos.
2117 5177 2172 5233 Si
2195 5178 2337 5232 enim

752 5282 808 5323 m
838 5273 1002 5327 veteri
1033 5272 1376 5328 Testamento
1403 5269 1612 5326 educati
1633 5309 1652 5335 ,
1693 5267 1904 5339 quando
1933 5267 2165 5322 nondum
2193 5283 2341 5323 mors

820 5427 836 5456 ‘
871 5427 1075 5476 'n'tulum
1091 5431 1162 5478 sic
1183 5428 1395 5479 efferunt
1410 5435 1516 5478 Sav.
1537 5435 1590 5478 et
1605 5427 1702 5478 duo
1718 5425 1914 5476 codices
1932 5438 1945 5474 :
1967 5423 2193 5486 Ejusdem
2211 5436 2341 5473 com-

755 5489 1035 5555 nu'n'oratio
1059 5503 1220 5538 rerum
1250 5490 1360 5552 jam
1381 5493 1458 5555 ab
1477 5491 1584 5554 ipso
1603 5495 1746 5540 arma
1784 5487 2026 5539 didarum
2049 5497 2341 5555 ροῃξεςῃιρη-

757 5555 832 5617 ter
861 5550 1029 5619 :hquod.
1051 5546 1298 5619 peccatum
1319 5546 1766 5619 sol:rogg,'po§tquam
1804 5555 2007 5619 mortem
2027 5553 2073 5619 et
2096 5546 2343 5619 tristitiam

763 5609 817 5658 in
841 5609 994 5676 vitam
1008 5609 1296 5676 introduxit,
1323 5625 1411 5676 per
1433 5609 1545 5676 suae
1566 5609 1697 5676 ipsas
1719 5625 1890 5662 rursus
1911 5611 2168 5673 aufertur;
2191 5616 2237 5659 et
2258 5622 2342 5676 sua

757 5683 846 5725 Der
869 5669 994 5720 illud
1022 5683 1040 5720 :
1071 5689 1094 5717 ι
1120 5679 1177 5736 In
1197 5669 1433 5736 principio
1453 5675 1566 5736 fecit
1585 5669 1806 5736 'Deus....
1843 5669 2060 5736 terram;
2080 5689 2103 5715 ι
2134 5669 2192 5736 et
2213 5675 2340 5736 quod

762 5739 906 5802 Deus,
949 5732 1208 5802 non-mdo
1229 5732 1549 5802 honoriﬁcam
1570 5747 1655 5785 nos
1678 5741 1724 5786 et
1747 5733 2046 5802 bene/aderis
2067 5732 2233 5802 meis;
2252 5732 2341 5783 sed

759 5794 904 5844 etiam
931 5794 1201 5860 castigans,
1239 5807 1375 5858 teque
1397 5794 1470 5847 sit
1505 5796 1686 5858 bonus;
1721 5802 1766 5847 et
1798 5794 1873 5848 de
1894 5794 2177 5846 abstinentia
2197 5795 2340 5856 jura-

763 5863 923 5906 mam.

2438 3111 2554 3158 erat
2577 3103 2913 3170 mortificata,
2929 3116 3028 3156 nec
3047 3115 3201 3156 mrem
3222 3107 3388 3170 portae
3408 3097 3712 3162 confractze,
3732 3113 3830 3153 nec
3851 3109 4024 3154 vectes

2439 3193 2600 3249 ferrei
2627 3194 2840 3249 contriti
2862 3236 2877 3258 ,
2911 3204 3016 3248 tam
3048 3206 3360 3262 generosam
3389 3197 3572 3245 contra
3603 3197 3830 3244 mortem
3859 3190 4024 3244 auda-

2439 3284 2576 3338 ciam
2608 3299 2719 3353 prm
2745 3300 2804 3339 se
2832 3284 3000 3339 tulere
3029 3301 3043 3336 :
3071 3297 3228 3350 quam
3263 3295 3359 3335 nos
3387 3279 3696 3334 habebimus
3723 3279 4024 3334 excusatio-

2441 3392 2562 3430 ncm
2587 3417 2604 3442 ,
2636 3386 2728 3431 aut
2767 3391 2926 3446 quam
2969 3374 3177 3430 veniam
3204 3415 3219 3438 ,
3252 3381 3450 3427 tantam
3496 3371 3636 3425 nacti
3679 3370 3900 3441 gratiam
3925 3411 3940 3434 ,
3971 3380 4025 3425 et

2443 3483 2613 3538 neque
2642 3483 2797 3536 pares
2826 3468 2932 3521 illis
2960 3465 3172 3520 virtutis
3197 3464 3393 3534 gradus
3419 3477 3559 3517 nunc
3585 3463 3875 3531 assequnti,
3904 3477 4022 3516 cum

2445 3575 2588 3614 mors
2613 3575 2806 3614 nomen
2837 3559 3008 3613 solum
3034 3559 3102 3612 sit
3127 3573 3186 3611 re
3213 3555 3475 3626 privatum
3499 3555 3522 3607 ?
3551 3552 3690 3607 Nihil
3718 3553 3860 3607 enim
3885 3553 4024 3607 aliud

2444 3667 2588 3708 mors
2612 3661 2716 3717 est,
2746 3667 2904 3721 quam
2931 3664 3172 3715 somnus,
3200 3659 3254 3704 et
3278 3647 3540 3717 migratio,
3568 3657 3622 3701 et
3650 3646 3941 3710 translatio,
3973 3655 4027 3699 et

2441 3744 2651 3814 requies
2669 3783 2682 3806 ,
2709 3752 2764 3798 et
2794 3743 3112 3813 tranquillus
3137 3751 3342 3812 portus,
3373 3750 3425 3795 et
3454 3739 3864 3809 perturbationis
3891 3738 4026 3792 libe-

2442 3833 2577 3888 ratio
2602 3873 2618 3899 ,
2649 3843 2704 3888 et
2729 3849 2761 3887 a
2791 3835 2910 3888 vitzc
2938 3832 3082 3887 curis
3108 3829 3499 3886 absolutio.Sed
3531 3829 3619 3882 hic
3646 3827 4026 3881 consolationis

2441 3939 2742 3980 sermonem
2790 3925 3058 3980 solvamus
3089 3923 3326 3979 :etenim
3357 3921 3595 3990 quintam
3637 3918 3777 3972 diem
3820 3919 4026 3985 agimus

2441 4028 2674 4074 vestram
2703 4019 3040 4074 consolantes
3061 4015 3405 4077 charitatem,
3422 4023 3475 4067 et
3489 4011 3598 4080 jam
3639 4010 3847 4064 molesti
3876 4010 4023 4063 vide-

2443 4126 2578 4164 mur.
2609 4111 2840 4166 Attentis
2865 4111 3009 4165 enim
3038 4109 3178 4162 dicta
3203 4104 3472 4160 sufﬁciunt
3497 4143 3511 4166 ,
3543 4100 3898 4170 pusillanimis
3926 4116 4022 4154 au-

2443 4210 2549 4256 tem
2571 4243 2586 4266 ,
2615 4201 2824 4256 etiarnsi
2867 4201 3026 4255 dictis
3055 4197 3204 4266 plura
3251 4193 3512 4247 addamus
3537 4231 3552 4254 ,
3585 4190 3716 4244 nihil
3747 4189 4023 4260 profuerit.

2442 4292 2677 4361 Tentpus
2696 4306 2826 4346 vero
2845 4289 3120 4354 nobisjam
3139 4284 3206 4338 ad
3225 4283 3618 4350 Scripturarum
3639 4280 4024 4348 expositionem

2441 4390 2760 4437 convertere
2799 4377 3096 4432 doctrinam
3131 4391 3144 4426 :
3176 4369 3622 4442 quemadmodum
3652 4371 3793 4424 enim
3823 4370 3867 4424 si
3896 4368 4025 4423 nihil

2441 4471 2510 4527 de
2537 4471 2637 4524 hac
2663 4482 2898 4523 mrumna
2928 4465 3128 4532 loquuti
3159 4477 3416 4528 essemus,
3445 4460 3773 4516 crudelitatis
3796 4468 3849 4514 et
3875 4457 4025 4512 inhu-

2444 4561 2714 4617 manitatis
2740 4574 2837 4613 nos
2864 4557 3056 4626 aliquis
3079 4554 3486 4610 condemnasset
3511 4572 3524 4607 :
3548 4553 3626 4608 sic
3653 4553 3697 4608 si
3724 4566 3934 4621 semper
3958 4550 4027 4605 de

2446 4654 2558 4720 ipsa
2585 4651 2938 4710 disseramus,
2971 4645 3412 4714 pusillanimitatis
3433 4645 3554 4714 jure
3581 4659 3679 4698 nos
3706 4642 4026 4698 condemna-

2448 4750 2550 4794 ret.
2593 4739 2763 4794 Corda
2808 4737 2964 4807 igitur
3003 4746 3176 4791 vestra
3216 4736 3325 4790 Deo
3352 4735 3785 4791 commendantes
3809 4772 3824 4795 ,
3853 4731 3940 4802 qui
3971 4731 4019 4785 in

2450 4839 2629 4883 mente
2655 4839 2829 4883 vestra
2865 4829 3004 4897 loqui
3036 4836 3243 4896 potest,
3271 4837 3329 4882 et
3351 4841 3570 4881 omnem
3597 4842 3661 4880 ex
3695 4834 3910 4894 pectore
3936 4823 4023 4874 tri-

2449 4921 2645 4973 stitiam
2676 4919 2950 4988 expellere
2975 4960 2988 4984 ,
3020 4929 3327 4974 consuetam
3369 4918 3665 4972 doctrinam
3697 4929 3836 4970 nunc
3871 4913 4025 4967 attin-

2447 5025 2636 5082 gamus
2658 5050 2673 5076 ,
2717 5009 2947 5064 maxime
2982 5009 3192 5078 quando
3229 5009 3405 5064 omnis
3440 5008 3731 5076 Scriptura:
3764 5001 4026 5074 expositio

2441 5103 2748 5160 exhortatio
2774 5110 2938 5158 estet
2963 5102 3275 5158 consolatio.
3311 5102 3491 5171 Itaque
3522 5099 3622 5154 etsi
3646 5113 3679 5152 a
3702 5092 4028 5152 consolando

2447 5195 2710 5252 absistere
2737 5195 3008 5263 videmur,
3036 5211 3244 5250 rursum
3271 5207 3372 5264 per
3395 5193 3784 5263 Scripturarum
3812 5186 4025 5254 exposi-

2450 5289 2648 5342 tionem
2690 5287 2742 5340 in
2781 5288 3022 5343 eamdem
3059 5286 3336 5340 materiam
3376 5284 3672 5339 incidimus.
3705 5276 3858 5345 Quod
3883 5275 4025 5330 enim

2450 5389 2682 5437 mentem
2719 5381 3096 5436 adhibentibus
3138 5387 3247 5433 tota
3287 5377 3560 5446 Scriptura
3592 5367 3884 5429 consolatio
3913 5368 3982 5419 sit
4009 5406 4024 5429 ν

2445 5473 2554 5543 jam
2577 5489 2718 5529 nunc
2739 5473 2888 5529 vobis
2910 5473 3083 5542 palam
3107 5470 3313 5524 faciam.
3335 5469 3451 5523 Non
3474 5468 3615 5524 enim
3635 5462 4025 5529 Scripturarum

2449 5567 2727 5622 historiam
2756 5564 3094 5626 circumiens,
3128 5561 3384 5631 quosdam
3411 5553 3796 5615 consolatorios
3819 5559 4026 5603 sermo-

2447 5675 2542 5714 nes
2567 5671 2808 5729 quaerere
2831 5653 3094 5717 conabor;
3124 5651 3214 5708 sed
3242 5661 3301 5707 ut
3321 5651 3639 5722 apertiorem
3661 5636 4027 5729 promissionis

2448 5725 2956 5804 demonstrationem
3008 5743 3306 5814 prmbeam,
3350 5741 3509 5796 hodie
3554 5737 3746 5792 lectum
3791 5725 4029 5782 tractabo

2448 5843 2640 5896 librum
2674 5856 2687 5892 :
2720 5846 2773 5892 et
2799 5835 2843 5890 si
2868 5835 3028 5903 libet,
3056 5837 3219 5906 ipsius
3246 5835 3560 5907 principium
3588 5837 3642 5884 et
3666 5820 3980 5893 precantium
4003 5855 4020 5884 ι
