4494 6676
420 519 491 574 95
1336 500 1425 551 AD
1464 489 1785 550 PUI‘ULUM
1824 479 2317 542 ANTIOllliENUM
2380 478 2609 533 llUMlL.
2656 476 2760 534 Vll.
3623 474 3690 526 ω

421 631 560 702 quod
591 628 818 683 maxime
856 622 1064 677 videtur
1104 625 1274 680 neque
1304 601 1681 664 consolationis
1717 598 1997 702 vestigium

420 690 806 779 demonstrare,
840 714 933 769 sed
963 726 993 762 a
1022 701 1394 761 consolatoriis
1424 696 1632 768 penitus
1660 693 1837 749 verbis
1865 690 2001 743 alie-

421 833 547 871 num
575 830 695 870 esse
714 854 730 875 ,
758 812 811 863 in
844 801 1073 858 medium
1105 807 1435 865 proponens,
1466 788 1605 859 quod
1629 788 1751 843 dico
1778 781 2004 875 manife-

421 921 563 963 stum
611 871 819 959 faciam.
866 890 1016 959 Quod
1045 887 1255 942 tandem
1286 893 1370 939 est
1411 883 1513 936 hoc
1549 875 1908 950 prooemium?
1937 871 2004 924 In

421 997 668 1071 prim-ipsa
698 989 812 1061 fecit
844 984 977 1035 Deus
1006 979 1183 1034 rwlum
1217 986 1261 1030 et
1293 984 1475 1028 terram
1501 989 1519 1025 :
1550 983 1681 1025 terra
1704 980 1870 1071 autem
1899 974 2005 1066 erat

421 1062 683 1140 invisibilis
710 1086 754 1129 et
781 1070 1113 1139 incomposita
1134 1109 1147 1129 ,
1176 1075 1222 1119 et
1249 1064 1458 1119 tenebra:
1481 1072 1622 1117 erant
1646 1077 1797 1130 super
1824 1062 2006 1129 facient

422 1176 588 1248 abyssi
615 1169 768 1241 (Gen.
799 1166 849 1219 l.
882 1165 932 1219 l.
963 1162 1043 1232 2).
1072 1158 1337 1229 Numquid
1366 1158 1479 1213 htcc
1504 1157 1765 1226 aliquibus
1795 1167 1825 1207 c
1850 1149 2005 1248 vobis

422 1243 672 1323 videnlur
698 1258 924 1314 tristitia:
948 1252 1363 1310 consolationem
1389 1250 1622 1305 habere?
1647 1262 1823 1302 nonne
1850 1243 2011 1305 histo:

422 1362 518 1414 ria:
545 1351 779 1409 narratio
804 1360 884 1403 est
904 1389 919 1411 ,
947 1356 1000 1402 et
1025 1346 1091 1401 de
1117 1346 1385 1401 creatione
1410 1342 1687 1398 doctrina?

493 1448 549 1501 2.
582 1444 753 1498 Vultis
795 1440 956 1509 igitur
994 1439 1355 1493 demonstrem
1381 1436 1797 1492 consolationem
1826 1432 1876 1484 in
1908 1429 2008 1483 hac

427 1537 661 1592 dictione
699 1530 1061 1586 absconditam
1080 1530 1105 1582 ?
1131 1530 1409 1599 Exsurgite
1436 1528 1593 1596 igitur
1612 1566 1624 1588 ,
1656 1533 1708 1579 et
1736 1537 1856 1576 cum
1882 1521 2007 1573 dili-

422 1630 599 1699 gentia
622 1625 881 1680 advertite
901 1640 1018 1694 qum
1032 1622 1252 1677 dicenda
1280 1631 1420 1675 sunt.
1442 1619 1574 1673 Cum
1592 1616 1732 1670 enim
1756 1612 2007 1677 audieris,

425 1721 565 1791 quod
610 1719 798 1774 caelum
823 1760 838 1783 ,
864 1728 1057 1770 terram
1081 1757 1095 1778 ,
1126 1728 1271 1767 mare
1296 1753 1310 1779 ,
1339 1726 1521 1765 aerem
1541 1752 1555 1776 ,
1587 1722 1750 1777 aquas
1778 1747 1793 1771 ,
1826 1705 2011 1760 stellas

427 1813 643 1875 multas,
672 1809 778 1864 duo
812 1807 1089 1861 luminaria
1112 1818 1324 1873 magna,
1354 1801 1582 1870 plantas,
1614 1795 2005 1867 quadrupedes,

429 1902 663 1957 natatilia
705 1910 759 1955 et
789 1897 1018 1953 volatilia
1062 1894 1307 1947 animalia
1333 1932 1347 1957 ,
1380 1891 1663 1958 omniaque
1692 1886 2012 1957 generaliter

427 2008 547 2062 qua:
568 1991 827 2048 videntur,
852 1997 1067 2057 propter
1090 1995 1139 2038 te
1163 1993 1410 2049 tuamque
1435 1980 1659 2034 salutem
1677 1989 1728 2032 et
1753 1978 2009 2030 honorem

434 2083 572 2137 Deus
598 2080 880 2143 creaverit,
913 2091 1089 2130 nonne
1121 2086 1362 2140 magnam
1394 2069 1539 2137 capis
1568 2067 2009 2129 consolationem,

428 2186 483 2231 et
522 2174 803 2229 maximam
852 2168 1152 2225 dilectionis
1198 2164 1289 2219 Dei
1334 2160 1844 2217 demonstrationem
1876 2157 2014 2211 hanc

427 2268 671 2337 suscipis,
695 2282 812 2320 cum
840 2262 1172 2333 cogiLaveris,
1198 2256 1337 2328 quod
1366 2264 1566 2310 tantutn
1592 2263 1644 2308 et
1675 2253 1832 2306 talem
1860 2266 2014 2304 mun-

430 2360 600 2422 dum,
643 2366 748 2410 tam
800 2353 1075 2423 pulchrum
1132 2358 1182 2404 et
1240 2360 1489 2415 magnum
1543 2353 1597 2398 et
1644 2341 2012 2395 admirabilem

430 2458 646 2520 propter
672 2458 722 2501 te
754 2444 998 2514 pusillum
1028 2444 1078 2495 in
1105 2440 1334 2494 medium
1366 2435 1680 2507 protulerit?
1700 2435 1831 2487 Cum
1857 2432 2015 2502 igitur

429 2540 682 2603 audieris,
716 2538 781 2590 In
812 2535 1059 2603 principio
1101 2533 1214 2599 fecit
1260 2530 1396 2582 Deus
1426 2528 1603 2580 cwlum
1631 2536 1673 2578 et
1701 2535 1885 2577 tetram
1904 2564 1917 2585 ,
1947 2537 2015 2577 nc

430 2629 740 2700 simpliciter
768 2627 966 2679 dictum
998 2632 1375 2689 prmtercurras
1402 2658 1413 2678 ,
1437 2616 1529 2670 sed
1566 2624 1722 2668 terra:
1753 2613 2017 2682 magnitu-

431 2722 605 2774 dinem
638 2724 816 2770 mente
846 2725 1096 2781 pcrcurre
1117 2750 1130 2769 ,
1159 2717 1212 2761 ct
1238 2716 1423 2774 reputa
1456 2719 1612 2772 quam
1639 2704 1835 2755 lautam
1864 2702 2017 2755 nobis

431 2820 483 2863 et
509 2808 737 2877 opimam
765 2801 1011 2871 produxit
1035 2812 1292 2857 mensam,
1322 2803 1375 2847 et
1404 2794 1620 2846 multam
1646 2793 1839 2861 passim
1864 2791 2016 2844 nobis

430 2899 836 2956 delectationem
869 2892 1088 2961 prmbuit
1110 2898 1193 2944 :et
1213 2887 1352 2958 quod
1376 2886 1586 2957 quidem
1608 2894 1689 2939 est
1707 2884 2017 2949 maximum,

434 2994 486 3045 in
514 2990 781 3043 nullorum
807 2986 1047 3039 laborum
1077 2981 1479 3036 retributionem
1507 2978 1671 3043 dedit,
1702 2993 1799 3032 nec
1828 2979 1878 3031 in
1908 2993 2022 3031 me-

434 3084 655 3135 ritorum
710 3076 984 3146 prmmium
1039 3080 1240 3125 tantum
1291 3078 1346 3124 et
1399 3069 1556 3122 talem
1606 3066 2018 3132 mundum;st

432 3173 629 3241 pariter
652 3183 750 3224 nos
779 3168 952 3230 finxit,
975 3175 1029 3219 et
1057 3165 1158 3218 hoc
1183 3178 1347 3231 regno
1375 3176 1541 3231 genus
1572 3168 1811 3214 nostrum
1845 3158 2017 3213 bonn-

434 3266 571 3321 ravit
600 3283 612 3317 :
646 3262 817 3332 inquit
848 3260 990 3315 enim
1016 3300 1029 3325 ,
1064 3256 1338 3310 Faciamus
1377 3253 1629 3306 hominem
1657 3251 1724 3303 ad
1741 3251 2018 3320 imaginem

427 3376 475 3414 et
507 3358 914 3415 sinulitudiuem
949 3365 1184 3407 nostram
1211 3350 1360 3421 (Gen.
1388 3348 1440 3403 l.
1474 3347 1588 3417 QG).
1618 3346 1760 3413 Quid
1784 3352 1892 3410 est,
1934 3343 2017 3395 Ad

429 3453 714 3521 imaginem
732 3459 779 3501 et
797 3446 1199 3500 similitudinem
1226 3453 1463 3495 uestram
1481 3439 1862 3508 ?Principatus
1886 3435 2023 3488 ima-

434 3539 609 3606 ginem
639 3534 791 3595 dixit,
818 3540 873 3585 nt
893 3531 1028 3584 sicut
1054 3526 1228 3581 nullus
1258 3526 1309 3578 in
1331 3524 1462 3578 cmlo
1491 3532 1573 3577 est
1604 3522 1711 3576 Dea
1739 3524 2018 3589 superior,

435 3630 513 3682 sic
538 3640 698 3693 super
719 3634 911 3677 terram
931 3618 1104 3673 nullus
1126 3616 1186 3670 sit
1214 3615 1430 3669 homine
1453 3614 1714 3681 superior.
1736 3612 1854 3666 Uno
1877 3613 2020 3666 cnim

437 3718 537 3771 hoc
561 3726 613 3769 et
640 3714 808 3782 primo
837 3708 1133 3771 honoravit,
1157 3705 1297 3775 quod
1321 3704 1385 3757 ad
1412 3703 1694 3771 imaginem
1721 3716 1869 3754 suam
1897 3716 2019 3755 eum

436 3806 619 3861 fecerit
645 3820 659 3857 :
685 3801 951 3863 secundo,
984 3798 1125 3867 quod
1158 3812 1261 3849 non
1289 3796 1528 3848 laborum
1562 3792 1833 3862 praemium
1868 3792 2020 3845 nobis

437 3898 715 3967 imperium
746 3891 1046 3964 praebuerit,
1071 3888 1164 3943 sed
1186 3888 1354 3941 solam
1392 3884 1691 3940 exhibuerit
1725 3883 2022 3952 benignita-

438 3993 506 4047 tis
536 4006 644 4045 suzc
672 3987 894 4059 gratiam
926 4003 937 4037 :
972 3983 1128 4037 tertio
1172 3989 1350 4034 autem
1396 3976 1538 4047 quod
1587 3976 1826 4029 naturale
1869 3973 2022 4029 nobis

438 4083 568 4139 illud
607 4080 856 4151 elargitus
900 4078 986 4131 sit.
1017 4072 1237 4141 Imperia
1276 4070 1417 4124 enim
1460 4076 1551 4121 aut
1581 4066 1839 4120 naturalia
1867 4073 2022 4129 sunt,

438 4186 528 4230 aut
549 4173 805 4231 electione
835 4171 1001 4227 fiunt;
1032 4164 1288 4219 naturalia
1330 4171 1486 4224 sunt,
1522 4169 1578 4213 ut
1603 4159 1770 4212 leonis
1802 4157 1853 4210 in
1892 4172 2022 4226 qua-

439 4266 724 4335 tiru,iedes,
748 4274 799 4316 et
828 4262 877 4314 in
909 4272 1032 4311 aves
1061 4254 1284 4323 aquilc;
1308 4252 1571 4306 electione
1596 4250 1745 4313 ﬁunt,
1772 4250 1903 4301 sicut
1932 4263 2028 4299 n0.

441 4359 538 4412 stri
577 4351 935 4425 Imperatoris.
968 4348 1059 4402 llic
1087 4346 1227 4398 enim
1270 4358 1376 4397 non
1404 4353 1589 4395 natura
1620 4340 1891 4396 conservis
1925 4340 2025 4390 im-

444 4456 611 4518 perat,
638 4446 755 4499 ideo
782 4457 924 4510 sa-pc
954 4436 1232 4507 imperium
1262 4433 1478 4487 amittit.
1511 4432 1658 4486 Talia
1691 4431 1832 4486 enim
1864 4437 2025 4492 sunt,

443 4556 561 4608 qum
586 4553 688 4590 non
715 4543 917 4587 nature
945 4529 1207 4582 inhzercut
1230 4565 1245 4589 ,
1278 4534 1329 4578 ut
1358 4524 1509 4579 facile
1541 4523 1823 4576 admittant
1853 4530 2027 4573 muta-

444 4633 664 4683 tionem.
710 4628 777 4679 At
823 4638 928 4677 non
978 4621 1046 4674 ita
1098 4615 1339 4682 leo,sed
1380 4624 1566 4668 natura
1603 4608 2029 4682 quadrupedibus

445 4719 785 4781 dominatur,
816 4714 953 4767 sicut
992 4709 1173 4764 itidem
1225 4714 1274 4759 et
1320 4705 1535 4759 alitibus
1578 4702 1775 4773 aquila.
1807 4701 2030 4768 Semper

448 4811 607 4881 igitur
651 4823 770 4862 cum
820 4817 1016 4873 genere
1044 4798 1327 4867 conjuncta
1372 4804 1455 4851 est
1484 4797 1631 4865 regni
1663 4793 1870 4863 species
1893 4831 1907 4856 ,
1935 4804 2033 4844 nec

449 4902 613 4953 ullum
642 4898 761 4966 quis
789 4893 933 4947 videt
972 4894 1180 4945 leonem
1223 4902 1472 4956 umquam
1520 4888 1661 4939 hunc
1699 4884 2029 4938 amittentetn

450 4988 820 5060 principatum.
848 4983 979 5036 Tale
1028 4981 1179 5035 nobis
1223 4979 1504 5047 imperium
1540 4978 1677 5030 Deus
1704 4991 1733 5027 a
1774 4972 2033 5043 principio

451 5081 670 5149 largitus
695 5086 797 5139 est,
828 5086 881 5129 ct
908 5088 1004 5127 nos
1030 5071 1278 5127 omnibus
1309 5071 1598 5139 prmposuit
1626 5085 1638 5121 :
1670 5080 1769 5120 nec
1796 5066 1893 5116 hoc
1919 5062 2034 5116 solo

454 5186 693 5229 naturam
724 5178 961 5223 nostram
990 5163 1282 5230 decoravit,
1314 5162 1407 5217 sed
1434 5172 1487 5217 et
1510 5163 1620 5230 ipsa
1652 5158 1752 5212 loci
1781 5163 2038 5227 praestan-

454 5268 559 5331 tia,
588 5262 855 5334 egregium
896 5259 1050 5314 nobis
1096 5256 1452 5310 habitaculum
1499 5254 1784 5320 designans
1823 5244 2037 5316 paradi-

453 5372 594 5422 sum,
621 5363 674 5409 et
700 5351 958 5405 rationem
981 5349 1136 5415 dans,
1164 5358 1218 5403 ct
1242 5346 1474 5401 animam
1506 5343 1735 5413 largiens
1760 5340 2039 5392 immorta-

457 5450 580 5502 lctn.

535 5538 665 5589 Dens
699 5548 798 5585 non
831 5539 1020 5583 tantum
1058 5547 1172 5583 cum
1200 5528 1446 5601 bcncfacit
1472 5569 1486 5593 ,
1518 5526 1605 5581 sed
1630 5523 1777 5577 etiam
1813 5536 1925 5571 cum
1954 5535 2042 5571 ca-

462 5632 628 5700 stigat,
656 5626 813 5680 bonus
854 5632 946 5675 est.
971 5651 1044 5661 —
1064 5621 1171 5677 Sed
1219 5638 1324 5676 non
1371 5622 1485 5674 hare
1531 5618 1700 5671 dicam
1728 5631 1741 5667 :
1769 5625 1868 5681 ego
1898 5612 2041 5665 enim

463 5732 658 5777 tantam
701 5717 797 5773 Dei
835 5714 1131 5770 dilectionis
1160 5710 1696 5784 superabundantiam
1737 5718 1855 5759 esse
1884 5704 2002 5758 dico
2024 5744 2040 5769 ,

463 5829 648 5872 utnon
681 5820 885 5868 tantum
929 5823 994 5862 ex
1034 5808 1097 5862 iis
1142 5809 1334 5877 quibus
1383 5821 1482 5861 nos
1525 5799 1841 5865 honoravit,
1870 5797 1962 5852 sed
1992 5803 2048 5850 et

464 5909 654 5982 quibus
706 5902 1021 5973 castigavit,
1068 5900 1311 5954 similiter
1366 5899 1631 5969 possimus
1682 5896 2046 5951 demonstrare

2118 590 2285 659 ipsius
2328 589 2617 645 bonitatem
2666 599 2721 644 et
2764 588 3159 659 benignitatem.
3197 585 3261 639 Et
3316 584 3416 639 hoc
3466 586 3695 639 maxime

2114 683 2352 736 omnium
2401 696 2495 736 vos
2537 696 2657 736 cum
2702 681 2979 751 diligentia
3018 679 3358 736 considerare
3408 678 3694 740 cohortor,

2117 774 2280 827 Deum
2330 786 2436 826 non
2484 781 2683 827 tantum
2737 787 2859 826 cum
2899 771 3123 826 honorat
3168 780 3222 826 et
3264 768 3561 833 benefacit,
3603 768 3695 821 sed

2114 873 2163 915 et
2194 877 2315 916 eum
2342 861 2562 931 castigat
2586 872 2638 915 et
2664 863 2835 933 punit,
2858 862 3102 915 similiter
3122 876 3241 917 esse
3262 861 3456 915 bonum
3478 876 3492 912 :
3515 867 3569 913 et
3585 857 3698 912 sive

2114 962 2299 1007 contra
2325 954 2568 1023 gentiles,
2588 954 2704 1007 sive
2724 964 2910 1008 contra
2931 952 3210 1008 bmreticos
3240 953 3391 1009 nobis
3408 951 3698 1007 certamina

2116 1052 2446 1105 moveantur,
2478 1052 2531 1096 et
2560 1058 2745 1112 pugna:
2774 1044 2839 1097 de
2869 1044 2962 1098 Dei
2992 1043 3331 1112 benignitate,
3357 1057 3461 1097 non
3491 1051 3699 1096 tantum

2115 1152 2179 1188 ex
2201 1134 2393 1204 quibus
2414 1149 2513 1188 nos
2539 1134 2839 1201 honoravit,
2863 1134 2955 1189 sed
2976 1144 3030 1189 et
3053 1148 3119 1189 ex
3139 1134 3328 1203 quibus
3349 1148 3445 1187 nos
3471 1133 3695 1203 punivit.

2117 1227 2283 1293 ipsius
2312 1228 2599 1281 bonitatem
2629 1225 3131 1281 demonstrabimus.
3165 1228 3221 1283 Si
3250 1228 3393 1282 enim
3427 1227 3697 1282 honorans

2119 1328 2320 1371 tantum
2350 1318 2521 1373 bonus
2548 1327 2711 1384 esset,
2736 1318 2963 1386 puniens
2988 1334 3116 1373 vero
3142 1336 3247 1374 non
3271 1328 3434 1386 esset,
3460 1336 3530 1374 ex
3553 1319 3702 1373 dimi-

2117 1413 2205 1466 dio
2231 1413 2403 1467 bonus
2424 1421 2597 1477 esset;
2625 1412 2718 1467 sed
2748 1427 2853 1466 non
2885 1412 2953 1466 ita
2983 1420 3101 1477 est,
3129 1413 3284 1466 absit.
3316 1414 3373 1467 ln
3403 1412 3702 1469 hominibus

2117 1503 2331 1573 quidem
2361 1503 2461 1558 hoc
2488 1505 2702 1558 evenire
2736 1504 3022 1558 verisimile
3060 1513 3176 1571 est,
3200 1506 3448 1573 quoniam
3469 1521 3589 1560 eum
3617 1506 3702 1560 fu-

2120 1609 2240 1649 rore
2281 1604 2336 1649 et
2373 1609 2437 1648 ex
2478 1596 2665 1649 affectu
2692 1610 2876 1664 pinnas
2906 1595 3173 1661 inferunt;
3209 1596 3348 1651 Deus
3376 1608 3551 1651 autem
3581 1612 3702 1653 cum

2120 1686 2279 1740 nullis
2302 1687 2370 1740 sit
2395 1685 2668 1741 affectibus
2687 1686 2966 1751 obnoxius,
2996 1687 3108 1742 sive
3136 1686 3451 1752 benefaciat,
3473 1689 3583 1742 sive
3604 1703 3705 1758 pu-

2120 1777 2230 1830 niat
2253 1817 2267 1840 ,
2297 1777 2542 1831 similiter
2567 1785 2649 1830 est
2680 1776 2849 1830 bonus
2874 1795 2886 1829 :
2917 1792 3014 1831 nec
3043 1793 3206 1845 regno
3232 1778 3408 1832 minus
3450 1778 3707 1848 gehenme

2118 1868 2463 1921 eumminatio
2493 1866 2658 1937 ipsius
2685 1866 2975 1920 bonitatem
2998 1867 3330 1921 demonstrat
3359 1886 3370 1920 :
3400 1876 3457 1922 et
3478 1884 3583 1936 quo
3611 1883 3705 1937 pa-

2118 1970 2208 2014 cto
2233 1959 2283 2013 id
2311 1959 2418 2023 fiat,
2448 1973 2547 2028 ego
2573 1958 2767 2012 dicam.
2795 1956 2903 2011 Nisi
2932 1956 3226 2027 gehennam
3248 1959 3476 2013 minatus
3501 1960 3705 2023 fuisset,

2122 2051 2221 2105 nisi
2266 2064 2475 2118 pcenam
2509 2058 2893 2117 pra-parasset,
2923 2063 3028 2102 non
3068 2049 3218 2102 nmlti
3249 2064 3469 2118 regnum
3499 2064 3710 2119 assequi

2126 2141 2441 2207 potuissent.
2469 2140 2584 2193 Non
2612 2141 2754 2194 enim
2780 2141 2848 2193 ita
2877 2140 3139 2195 bonorum
3185 2143 3470 2210 promissio
3510 2144 3574 2195 ad
3606 2145 3711 2197 vir-

2125 2241 2288 2286 tutem
2334 2232 2530 2285 multos
2568 2240 2787 2296 evocat,
2821 2239 2880 2285 ut
2921 2231 3183 2285 malorum
3214 2233 3493 2288 intentatio
3521 2235 3712 2290 timore

2124 2321 2429 2391 compellit,
2460 2329 2512 2375 et
2563 2320 2627 2374 ad
2671 2321 2862 2373 animae
2909 2334 3092 2374 curam
3140 2322 3353 2375 excitat.
3386 2321 3564 2391 Itaque
3611 2325 3711 2377 etsi

2121 2413 2374 2467 cmiorum
2403 2426 2569 2481 regno
2583 2410 2821 2480 gehenna
2843 2412 3106 2466 contraria
3133 2421 3234 2476 est,
3257 2412 3323 2466 ad
3346 2428 3505 2467 unum
3537 2422 3712 2470 tamen

2123 2506 2280 2559 ambo
2313 2506 2470 2559 linem
2501 2504 2812 2571 reSpiciunt,
2844 2502 3119 2558 hominum
3148 2505 3373 2559 salutem
3405 2507 3567 2560 :illnd
3595 2508 3712 2575 qui-

2124 2598 2243 2659 dem
2270 2596 2335 2650 ad
2366 2612 2425 2650 se
2455 2596 2713 2659 alliciens,
2749 2595 2861 2648 hmc
2890 2604 3071 2648 autem
3102 2594 3167 2648 ad
3196 2596 3325 2649 illud
3346 2598 3676 2665 compellens
3695 2640 3711 2665 ,

2126 2701 2178 2742 et
2204 2689 2614 2758 negligentiores
2646 2687 2835 2740 timore
2865 2691 3158 2757 corrigens.

2198 2780 2251 2834 5.
2284 2779 2435 2832 llunc
2460 2788 2640 2831 autem
2667 2792 2771 2831 non
2800 2778 3066 2831 incassum
3104 2792 3404 2833 sermonem
3438 2781 3710 2848 protraho;

2127 2871 2220 2923 sed
2249 2871 2497 2940 quoniam
2525 2884 2666 2937 smpe
2688 2867 2826 2923 fame
2854 2879 2907 2923 et
2935 2870 3260 2925 siccitatibus
3283 2871 3635 2936 venientibus,
3659 2884 3714 2927 ct

2130 2964 2276 3016 bellis
2298 3005 2310 3027 ,
2343 2972 2396 3015 et
2424 2962 2496 3014 ira
2526 2961 2669 3030 regia
2701 2962 2933 3016 irruente
2960 3004 2973 3028 ,
2998 2972 3049 3016 ct
3077 2962 3195 3017 aliis
3235 2963 3528 3017 istiusmodi
3561 2966 3714 3019 inex—

2125 3054 2376 3121 Spectatis
2402 3052 2582 3119 rebus,
2610 3052 2758 3106 multi
2790 3053 3143 3121 simpliciores
3172 3054 3443 3122 decipiunt
3464 3055 3709 3118 dicendo,

2126 3160 2229 3198 non
2258 3144 2414 3213 digna
2451 3142 2565 3197 haec
2608 3158 2727 3197 esse
2769 3143 2861 3197 Dei
2910 3143 3258 3212 providentia.
3285 3143 3361 3197 Ne
3387 3145 3547 3213 igitur
3572 3145 3713 3199 deci-

2128 3236 2362 3302 piantur,
2394 3235 2487 3289 sed
2530 3242 2679 3289 certo
2722 3234 2989 3300 sciamus,
3020 3234 3162 3304 quod
3200 3236 3317 3290 sive
3360 3235 3573 3302 famem,
3603 3237 3714 3291 sive

2127 3325 2344 3389 bellum,
2368 3327 2481 3379 sive
2511 3325 2653 3379 aliud
2679 3325 3051 3395 quodcumque
3078 3327 3359 3383 molestum
3385 3326 3619 3393 inducat,
3648 3344 3714 3382 ex

2130 3416 2452 3484 benignitate
2477 3424 2531 3468 et
2562 3414 2723 3468 multa
2752 3414 3038 3471 dilectione
3064 3415 3167 3470 hoc
3195 3415 3419 3483 efficiat,
3445 3415 3567 3471 huic
3594 3432 3710 3471 ser-

2130 3506 2274 3559 moni
2301 3515 2516 3561 coactus
2545 3521 2662 3559 sum
2694 3506 2986 3560 immorari.
3015 3506 3148 3560 Nam
3190 3515 3243 3560 et
3270 3516 3446 3576 patres
3474 3509 3713 3563 onmimn

2131 3598 2360 3652 maxime
2389 3598 2522 3651 filios
2549 3607 2791 3653 amantes
2818 3607 2869 3653 et
2893 3614 3075 3652 mensa
3106 3598 3410 3668 prohibent,
3434 3610 3485 3655 et
3507 3599 3712 3669 ﬂagella

2130 3686 2389 3755 inﬂigunt,
2414 3696 2464 3741 et
2487 3688 2720 3741 afﬁciunt
2741 3687 3045 3757 ignominia,
3065 3696 3121 3742 et
3146 3689 3263 3743 aliis
3285 3689 3504 3744 infinitis
3529 3691 3718 3746 talibus

2130 3776 2463 3830 lascivientes
2491 3791 2687 3845 pueros
2713 3777 2987 3847 corrigunt
3012 3796 3023 3830 :
3049 3777 3142 3832 sed
3165 3786 3341 3833 tamen
3371 3788 3545 3848 patres
3572 3790 3715 3846 sunt,

2131 3882 2234 3921 non
2266 3876 2467 3921 tantum
2498 3867 2623 3921 dum
2653 3866 2915 3921 honorant
2940 3908 2955 3934 ,
2987 3868 3079 3923 sed
3107 3877 3160 3923 et
3180 3868 3305 3922 dum
3337 3869 3450 3924 hazc
3481 3870 3679 3924 faciunt
3700 3910 3716 3936 ,

2130 3969 2184 4015 et
2230 3968 2357 4014 tunc
2394 3959 2625 4014 maxime
2656 3967 2867 4028 patres,
2898 3974 3018 4013 cum
3047 3958 3163 4014 haec
3186 3959 3402 4014 faciunt.
3435 3960 3490 4014 Si
3541 3972 3717 4014 autem

2133 4053 2396 4118 homines,
2414 4052 2503 4123 qui
2521 4053 2698 4107 furore
2726 4062 2776 4107 et
2809 4052 2881 4106 ira
2906 4066 3046 4122 smpe
3072 4051 3139 4106 ab
3166 4052 3275 4105 utili
3297 4052 3581 4116 declinant,
3611 4068 3719 4107 non

2133 4143 2445 4199 crudelitate
2474 4152 2525 4198 et
2556 4143 2958 4206 inhumanitate,
2981 4139 3720 4211 sedcuraetcharitate,qnos

2133 4243 2350 4299 amant,
2385 4234 2571 4303 punire
2616 4242 2868 4302 putantur
2900 4251 2915 4286 :
2949 4235 3114 4287 multo
3166 4234 3331 4303 magis
3381 4232 3447 4287 de
3497 4233 3608 4288 Deo
3644 4233 3723 4286 sic

2134 4327 2333 4381 sentire
2362 4333 2593 4396 Oportet,
2617 4326 2705 4396 qui
2732 4326 2984 4379 bonitatis
3014 4341 3123 4379 sua:
3147 4325 3360 4380 cumulo
3380 4341 3594 4381 omnem
3622 4341 3721 4381 cx-

2134 4418 2275 4472 cedit
2305 4426 2577 4487 paternam
2592 4419 2927 4475 eharitatem.
2948 4417 3012 4472 Et
3032 4432 3097 4470 ne
3125 4414 3314 4471 credas
3340 4417 3451 4472 haec
3472 4433 3570 4488 per
3596 4433 3725 4474 con-

2129 4510 2388 4579 jecturam
2416 4523 2535 4564 esse
2559 4508 2718 4573 dicta,
2750 4522 2846 4577 age
2872 4508 2936 4560 ad
2966 4509 3132 4577 ipsam
3159 4507 3485 4578 Scripturam
3513 4525 3723 4565 sermo-

2136 4617 2203 4656 ne
2224 4611 2571 4657 revertamur.
2591 4601 2875 4670 Postquam
2906 4602 3045 4653 enim
3077 4600 3237 4654 homo
3254 4600 3322 4655 ab
3346 4602 3589 4671 improbo
3617 4602 3727 4657 dze-

2137 4709 2295 4750 mone
2336 4693 2591 4764 deceptus
2632 4704 2687 4749 et
2729 4694 2948 4747 allectus
2992 4700 3103 4754 est,
3138 4690 3410 4745 videamus
3456 4694 3725 4761 quomodo

2138 4787 2310 4855 ipsum
2341 4786 2441 4840 tale
2468 4793 2743 4853 operatum
2772 4783 2971 4836 crimen
3002 4782 3139 4833 Deus
3169 4781 3430 4834 tractavit.
3460 4781 3725 4850 Numquid

2139 4879 2312 4948 ipsum
2349 4878 2566 4930 omnino
2596 4874 2855 4944 perdidit?
2879 4882 2930 4927 et
2956 4872 3167 4943 quidem
3209 4872 3426 4941 iustitia:
3466 4873 3599 4927 ratio
3627 4873 3728 4928 hoc

2140 4972 2421 5043 exigebat,
2444 4969 2574 5024 nihil
2616 4968 2828 5038 quidem
2866 4967 2990 5021 boni
3027 4975 3301 5035 operatum
3330 5007 3345 5031 ,
3376 4975 3571 5020 tantam
3601 4982 3738 5020 vero

2142 5064 2567 5119 benevolentiam
2611 5070 2955 5129 assequutum
2978 5102 2993 5127 ,
3019 5074 3142 5112 mox
3181 5075 3209 5111 a
3246 5058 3549 5128 primordiis
3572 5060 3729 5113 lasci-

2144 5158 2375 5210 vientem
2407 5154 2475 5209 de
2518 5154 2692 5207 medio
2719 5152 2828 5205 tolli
2849 5193 2865 5217 ,
2892 5159 2945 5206 ct
2974 5149 3210 5204 funditus
3236 5149 3420 5203 deleri.
3469 5149 3573 5204 Sed
3622 5165 3732 5206 non

2146 5251 2271 5306 fecit
2300 5250 2401 5304 hoc
2429 5249 2586 5312 Deus,
2619 5261 2717 5300 nec
2746 5244 3080 5299 abominatus
3108 5253 3208 5307 est,
3240 5255 3337 5296 nec
3360 5255 3481 5296 eum
3510 5256 3732 5296 aversa~

2149 5354 2235 5397 tus
2258 5385 2273 5409 ,
2304 5342 2393 5412 qui
2424 5356 2483 5395 se
2515 5349 2621 5393 tam
2648 5338 2911 5408 ingratum
2945 5336 2995 5389 in
3026 5334 3421 5389 benefactorem
3448 5332 3688 5387 exhibui:
3719 5373 3734 5394 ,

2148 5437 2242 5492 sed
2284 5436 2351 5491 ad
2392 5435 2563 5504 ipsum
2591 5431 2769 5497 venit,
2797 5431 2934 5484 sicut
2976 5429 3041 5481 ad
3089 5437 3346 5497 mgrotum
3380 5426 3637 5482 medicus.
3668 5427 3733 5480 Et

2151 5531 2260 5584 noli
2287 5530 2574 5584 oscitanter
2597 5524 2797 5577 dictum
2827 5531 3258 5591 praetercurrerc,
3278 5518 3620 5582 charissima,
3642 5518 3732 5572 sed

2151 5624 2321 5692 cogita
2348 5620 2503 5691 quale
2533 5626 2634 5683 est,
2666 5630 2764 5670 nec
2787 5615 3057 5683 angelum,
3089 5628 3188 5669 nec
3219 5613 3612 5682 archangelum,
3638 5628 3734 5667 nec

2154 5716 2315 5769 ullum
2342 5712 2502 5766 alium
2527 5710 2666 5763 illius
2686 5721 3068 5763 conservorum
3093 5704 3318 5768 misisse,
3341 5704 3432 5758 sed
3454 5712 3733 5772 ipsummet

2154 5808 2435 5863 Dominum
2476 5803 2541 5858 ad
2569 5802 2863 5872 collapsum
2893 5799 3233 5856 descendisse
3253 5841 3265 5862 ,
3285 5798 3550 5868 jaccntetn
3600 5796 3734 5852 rele-

2163 5919 2334 5971 vasse,
2364 5912 2416 5959 et
2445 5902 2615 5959 solutn
2645 5898 2709 5954 ad
2733 5897 2904 5954 solum
2928 5906 3193 5967 tamquam
3223 5890 3287 5946 ad
3318 5891 3546 5946 amicum
3576 5889 3738 5945 infor-
