4458 6672
813 384 883 440 95
1550 381 1607 438 8.
1647 377 1919 437 JOANNIS
1953 370 2415 434 CHRYSOSTOMJ
2451 368 2768 428 ARCIIIEP.
2805 372 3337 436 CONSTANTINOP.
4014 380 4085 437 96

816 505 1056 552 tunatum
1097 505 1153 551 et
1184 495 1238 551 in
1262 509 1449 566 magna
1485 491 1830 548 constitutum
1858 488 2179 544 adversitate
2203 499 2384 542 acces-

816 581 971 636 sisse.
994 578 1144 646 Quod
1172 580 1312 634 enim
1341 593 1406 632 ex
1427 576 1590 634 multa
1611 570 2388 638 hoeeharitatel'ecerit,etipsa

816 671 1000 734 verba,
1021 685 1140 740 quae
1159 668 1228 722 ad
1249 668 1417 736 ipsum
1439 665 1591 731 dixit,
1620 664 1783 734 ipsius
1809 661 2129 717 inell'abilem
2153 673 2388 713 amorem

817 761 1199 816 demonstrant.
1223 756 1290 810 Et
1310 755 1435 825 quid
1449 769 1582 824 opus
1605 762 1708 820 est,
1739 761 1796 807 ut
1816 752 1995 807 omnia
2015 749 2174 806 verba
2194 745 2391 803 dicam?

817 852 986 920 prima
1040 846 1276 920 profecto
1301 846 1465 902 dictio
1491 845 1671 900 statim
1712 843 1875 915 ipsius
1907 855 2143 896 amorem
2167 839 2389 894 demon-

813 940 1023 995 stravit.
1051 939 1166 993 Non
1197 938 1339 994 enim
1370 936 1542 1003 dixit,
1572 936 1709 990 sicut
1734 950 1828 1004 par
1850 942 1968 988 erat
1993 931 2235 1000 injuriam
2267 939 2388 994 pas-

811 1044 931 1084 sum
958 1029 1138 1084 dicere
1161 1027 1242 1082 :0
1267 1027 1527 1081 scelerate
1546 1034 1600 1080 et
1620 1023 2018 1085 scelestissime,
2043 1019 2131 1073 tali
2155 1032 2272 1071 mea
2300 1016 2392 1069 be-

813 1118 1115 1174 nevolentia
1163 1117 1361 1185 potitus
1386 1155 1400 1180 ,
1424 1125 1573 1169 tanto
1602 1115 1882 1168 decoratus
1921 1123 2119 1179 regno,
2147 1105 2392 1160 omnibus

812 1208 1154 1263 terrestribus
1170 1206 1316 1261 nullo
1342 1217 1432 1260 tuo
1447 1205 1637 1260 merito
1658 1202 1997 1274 prailiabitus,
2019 1208 2072 1253 et
2095 1213 2228 1252 mea:
2251 1210 2394 1251 cura:

816 1301 1033 1369 pignora
1062 1313 1156 1366 per
1181 1312 1343 1366 opera
1367 1305 1421 1351 et
1447 1311 1627 1349 veram
1656 1291 1999 1362 providentia:
2027 1288 2391 1357 probationem

812 1397 1130 1457 assequutus
1151 1427 1166 1452 ,
1190 1386 1487 1455 improbum
1527 1383 1824 1438 daemonem
1852 1390 1905 1434 et
1936 1379 2245 1448 pestiferum
2286 1386 2391 1432 tute

817 1477 1006 1531 salutis
1031 1476 1300 1530 inimicum
1326 1516 1341 1539 ,
1372 1473 1596 1527 Domino
1637 1481 1693 1526 et
1736 1480 1910 1525 tutore
1931 1510 1948 1536 ,
1977 1470 2061 1524 cui
2101 1468 2352 1524 crederes
2375 1509 2390 1533 .

814 1567 1108 1637 digniorem
1150 1563 1378 1619 duxisti?
1403 1562 1529 1632 quid
1560 1562 1650 1617 ille
1677 1562 1780 1616 tale
1809 1570 1894 1615 tua
1921 1575 2082 1614 causa
2109 1559 2357 1629 prmslitit
2375 1601 2391 1628 ,

812 1658 968 1726 quale
993 1672 1092 1726 ego
1118 1656 1141 1710 ?
1170 1669 1346 1710 nonne
1373 1655 1559 1708 cazlum
1597 1663 1814 1723 propter
1837 1661 1887 1706 te
1913 1651 2124 1705 creari?
2151 1661 2346 1705 terram
2376 1693 2391 1716 ,

815 1762 982 1813 mare,
1011 1747 1201 1811 solem,
1228 1747 1428 1808 lunam,
1458 1753 1512 1799 et
1540 1743 1719 1798 stellas
1745 1743 1974 1796 omnes?
1995 1755 2102 1796 non
2133 1742 2275 1796 enim
2304 1741 2394 1796 ulli

812 1839 987 1908 angeli
1025 1837 1180 1906 hujus
1206 1845 1462 1890 creatura:
1507 1833 1842 1902 indigebant,
1876 1832 1972 1888 sed
2002 1839 2220 1902 propter
2250 1841 2302 1887 te
2341 1840 2397 1887 et

814 1929 1050 1997 requiem
1083 1939 1222 1981 tuam
1248 1967 1262 1993 ,
1294 1926 1450 1980 talem
1477 1933 1534 1980 et
1571 1935 1772 1979 tantum
1802 1923 1905 1980 feci
1933 1925 2188 1978 mundum
2215 1943 2227 1978 :
2257 1934 2311 1980 et
2341 1933 2394 1978 tu

812 2019 954 2077 nuda
983 2019 1174 2084 verba,
1205 2029 1258 2074 et
1279 2017 1689 2087 promissionem
1721 2017 1908 2070 falsam
1933 2057 1947 2080 ,
1979 2025 2034 2071 et
2058 2016 2396 2086 pollicitatio-

813 2128 937 2168 nem
968 2110 1153 2167 fraude
1183 2110 1414 2180 plenam,
1439 2110 1633 2165 collata
1659 2107 1912 2177 operibus
1940 2108 2068 2177 ipsis
2094 2107 2399 2162 beneﬁcen-

811 2206 884 2259 tia
908 2214 963 2260 et
983 2204 1334 2274 providentia,
1362 2203 1464 2257 (ide
1489 2201 1782 2270 digniorem
1809 2215 1931 2255 esse
1958 2209 2124 2266 ratus,
2149 2210 2200 2254 te
2221 2199 2393 2268 ipsum

810 2296 887 2352 illi
913 2295 1199 2362 tradidisti,
1228 2308 1480 2363 measque
1498 2293 1644 2361 leges
1667 2289 2022 2346 conculcasti?

883 2386 978 2440 Dei
1014 2402 1132 2455 erga
1157 2385 1375 2455 primum
1409 2385 1661 2437 hominem
1688 2382 1970 2435 clementia.
2001 2411 2074 2421 —
2099 2379 2226 2434 Haec
2250 2381 2394 2435 enim

811 2487 866 2534 et
887 2477 970 2533 his
993 2477 1140 2546 plura
1170 2475 1358 2530 laesum
1383 2488 1478 2544 par
1498 2479 1615 2528 erat
1631 2471 1809 2527 dicere
1834 2489 1847 2524 :
1871 2471 1966 2526 sed
1994 2485 2100 2526 non
2131 2471 2203 2526 ita
2232 2471 2392 2538 Deus,

811 2583 1000 2624 verum
1023 2567 1242 2622 omnino
1261 2573 1468 2620 contra.
1498 2565 1540 2617 A
1568 2562 1738 2632 prima
1759 2562 1900 2617 enim
1924 2577 2055 2616 voce
2079 2561 2250 2630 ipsum
2282 2571 2396 2616 sta-

815 2657 918 2711 tim
940 2657 1148 2720 erexit,
1172 2669 1236 2709 ae
1268 2653 1564 2723 jacentem,
1595 2661 1754 2722 atque
1785 2653 2058 2708 timentem
2084 2660 2139 2705 et
2167 2661 2394 2706 tremen-

814 2759 920 2804 tem
948 2746 1219 2802 conlidere
1247 2745 1392 2812 fecit,
1426 2745 1571 2814 prior
1597 2758 1723 2798 cum
1749 2756 1948 2798 vocans
1974 2743 2124 2812 ipse:
2155 2742 2394 2812 quinimo

814 2853 922 2892 non
964 2845 1166 2891 tantum
1209 2837 1354 2904 prior
1377 2848 1573 2888 vocans
1595 2873 1614 2901 ,
1641 2833 1734 2888 sed
1768 2834 1931 2888 etiam
1977 2846 2042 2886 ex
2091 2846 2190 2886 suo
2217 2831 2389 2900 ipsum

813 2929 1031 2982 nomine
1047 2927 1339 2996 appellans,
1365 2933 1419 2980 et
1435 2923 1620 2980 dicens
1647 2940 1661 2977 :
1684 2924 1847 2977 Adam
1867 2923 1951 2977 ubi
1974 2938 2026 2976 es
2047 2921 2199 2993 (Gen.
2228 2921 2281 2976 5.
2306 2920 2393 2990 9)?

812 3034 1048 3074 amorem
1068 3033 1242 3083 suum,
1265 3026 1320 3072 et
1338 3016 1558 3071 multam
1581 3015 1720 3070 circa
1741 3016 1913 3084 ipsum
1934 3027 2116 3070 curam
2138 3012 2388 3067 ostendit.

819 3107 931 3165 lam
959 3108 1100 3162 enim
1130 3122 1316 3162 omnes
1357 3106 1526 3160 nostis
1574 3103 1678 3160 hoc
1719 3119 1840 3160 esse
1867 3103 2115 3174 legitima:
2143 3102 2390 3158 amicitiae

812 3200 1087 3256 indicium.
1116 3199 1206 3254 Sic
1230 3197 1408 3253 facere
1437 3204 1826 3252 consueverunt
1851 3196 1941 3266 qui
1969 3205 2206 3251 mortuos
2237 3209 2392 3250 revo-

810 3302 974 3357 cant,
1020 3290 1323 3360 frequenter
1361 3290 1595 3359 ipsorum
1637 3287 1854 3344 nomina
1900 3296 2177 3343 versantes
2208 3303 2222 3340 :
2255 3286 2393 3340 sicut

810 3383 1043 3438 vicissim
1086 3381 1176 3451 qui
1211 3381 1334 3436 odio
1361 3381 1596 3444 habent,
1624 3389 1679 3436 et
1712 3379 1928 3435 inimice
1965 3393 2088 3449 erga
2115 3377 2390 3448 quospiam

810 3473 983 3529 all‘eeti
1013 3483 1136 3528 sunt
1153 3512 1170 3538 ,
1196 3487 1294 3527 nec
1320 3471 1534 3526 nomina
1559 3485 1743 3525 eorum
1768 3470 1858 3538 qui
1887 3483 1950 3523 se
1974 3469 2182 3533 ltesere,
2214 3466 2393 3521 ferunt

818 3577 1260 3620 commemorare.
1302 3562 1428 3616 ideo
1467 3561 1595 3616 Saul
1639 3561 1834 3614 nullam
1882 3558 2096 3628 quidem
2144 3557 2388 3628 injuriam

814 3670 1002 3725 passus
1024 3694 1041 3720 ,
1064 3653 1258 3707 multas
1277 3667 1405 3706 vero
1430 3659 1485 3704 et
1513 3664 1730 3720 magnas
1758 3649 1979 3718 injurias
2004 3649 2056 3703 in
2085 3649 2248 3703 David
2276 3664 2391 3702 ma-

810 3747 1077 3806 chinatus,
1108 3751 1382 3812 postquam
1413 3740 1585 3810 ipsum
1616 3738 1962 3794 aversabatur
1985 3747 2038 3793 et
2057 3737 2263 3806 oderat,
2288 3753 2388 3794 nec

811 3835 951 3888 illius
989 3831 1397 3903 appellationem
1441 3843 1865 3885 commemorare
1921 3827 2252 3894 sustinebat,
2293 3828 2388 3884 sed

809 3923 1216 3978 considentibus
1244 3922 1491 3975 omnibus
1522 3930 1804 3990 postquam
1833 3935 1941 3974 non
1971 3919 2186 3973 venisse
2212 3918 2342 3973 vidit
2369 3960 2384 3984 ,

810 4013 938 4082 quid
978 4013 1178 4082 inquit?
1205 4011 1322 4065 Non
1365 4012 1532 4072 dixit.
1559 4011 1649 4064 ubi
1685 4018 1770 4066 est
1805 4008 2159 4075 David?sed,
2195 4007 2293 4064 Ubi
2316 4017 2390 4062 est

813 4103 951 4168 ﬁlius
979 4101 1217 4170 JesseU.
1250 4103 1371 4172 Reg.
1391 4101 1830 4174 20,27)’apatre
1864 4101 2042 4173 ipsum
2075 4113 2292 4155 vocans.
2322 4099 2390 4153 Et

810 4195 1002 4250 iterum
1025 4193 1191 4248 Judmi
1218 4195 1283 4249 de
1311 4194 1522 4249 Christo
1547 4195 1685 4250 idem
1709 4193 1939 4248 faciunt:
1969 4193 2214 4263 quoniam
2244 4192 2386 4246 enim

813 4286 986 4353 ipsum
1009 4285 1389 4339 aversabantur
1408 4296 1461 4340 ct
1485 4289 1726 4349 oderant,
1756 4302 1862 4340 non
1889 4284 2158 4349 dixerunt,
2186 4283 2283 4339 Ubi
2305 4292 2386 4338 est

815 4373 1081 4432 Christus.
1111 4374 1225 4436 sed,
1263 4373 1359 4429 Ubi
1385 4385 1454 4427 est
1484 4375 1568 4428 ille
1595 4374 1770 4446 (Joan.
1800 4377 1852 4430 7.
1883 4375 2014 4445 il)?

885 4466 939 4519 4.
972 4465 1073 4519 Sed
1107 4465 1245 4518 Deus
1273 4476 1324 4519 et
1374 4465 1426 4518 in
1467 4465 1567 4518 hoc
1595 4465 1959 4518 demonstrare
1997 4465 2215 4530 volens,
2246 4464 2388 4533 quod

817 4571 914 4610 nec
945 4565 1214 4624 pia-catum
1243 4569 1480 4609 amorem
1517 4554 1868 4618 exstinxerit,
1902 4567 2000 4607 nec
2036 4554 2388 4608 inobedientia

813 4662 962 4699 suam
996 4647 1045 4699 in
1075 4646 1244 4714 ipsum
1276 4645 1700 4699 benevolentiam
1741 4644 2049 4709 sustulerit,
2080 4643 2174 4698 sed
2217 4643 2390 4700 adhuc

816 4745 1086 4805 provideat
1113 4744 1165 4788 et
1189 4750 1367 4787 curam
1390 4744 1538 4802 gerat
1564 4734 1715 4804 lapsi,
1747 4734 1914 4802 inquit
1943 4751 1956 4787 :
1989 4734 2153 4786 Adam
2181 4733 2264 4786 ubi
2292 4751 2342 4788 es
2365 4735 2390 4788 .9

816 4840 922 4878 non
953 4825 1199 4893 ignorans
1225 4822 1314 4875 ubi
1337 4822 1573 4891 degeret,
1601 4823 1693 4876 sed
1723 4823 1972 4892 quoniam
2000 4824 2065 4878 iis
2087 4823 2175 4893 qui
2203 4837 2388 4892 pecca-

813 4923 1005 4969 verunt
1033 4927 1094 4966 os
1119 4920 1396 4965 consutum
1422 4921 1534 4978 est,
1565 4923 1782 4980 peccato
1820 4913 2046 4984 linguam
2077 4922 2348 4968 avertente
2371 4953 2385 4974 ,

813 5013 868 5058 et
897 5002 1217 5058 conscientia
1248 5002 1412 5071 ipsam
1443 5003 1748 5066 cohibente,
1779 5006 2075 5075 stupidique
2103 5006 2177 5059 illi
2219 5020 2390 5059 rema-

815 5104 961 5159 nent,
991 5093 1204 5148 silentio
1229 5102 1500 5163 tamquam
1525 5094 1756 5164 quodam
1784 5096 1990 5149 vinculo
2018 5098 2253 5150 coerciti.
2282 5095 2388 5151 Vo-

816 5185 931 5238 lvns
962 5185 1137 5253 itaque
1174 5185 1313 5240 Deus
1365 5184 1537 5254 ipsum
1587 5185 1655 5240 ad
1704 5185 1948 5241 ﬁduciam
1993 5197 2045 5240 et
2094 5188 2386 5244 libertatem

818 5275 1062 5344 loquendi
1085 5277 1373 5345 provocare
1397 5317 1414 5339 ,
1445 5286 1498 5330 et
1519 5277 1571 5331 in
1597 5292 1781 5332 eorum
1807 5293 1925 5349 quae
1950 5277 2235 5334 admiserat
2261 5297 2388 5350 pur-

814 5367 1079 5435 gationem
1111 5365 1361 5420 inducere
1392 5406 1407 5431 ,
1434 5377 1490 5420 ut
1515 5367 1689 5438 aliqua
1719 5367 1984 5424 frueretur
2013 5371 2184 5433 venia,
2217 5371 2387 5440 ipsum

817 5456 963 5526 prior
1015 5455 1127 5526 ipse
1171 5455 1406 5521 vocavit,
1441 5458 1718 5512 anxietatis
1775 5460 1998 5515 multum
2041 5461 2391 5529 appellatione

817 5547 1058 5603 recidens
1081 5590 1096 5614 ,
1125 5556 1179 5601 et
1203 5547 1474 5616 expellens
1502 5549 1766 5615 timorem,
1799 5567 1964 5623 osque
1992 5553 2233 5609 vocando
2261 5569 2389 5625 ορθ-

821 5639 979 5695 tiens.
1003 5639 1229 5711 Ideoque
1245 5639 1471 5704 dicebat,
1492 5641 1650 5694 Adam
1669 5643 1750 5696 ubi
1770 5661 1819 5698 es
1831 5645 1856 5697 ἔ)
1871 5647 2008 5700 Alibi
2027 5656 2074 5701 te
2091 5648 2296 5719 reliqui,
2319 5649 2393 5703 in-

820 5732 950 5798 quit,
967 5741 1019 5786 ct
1038 5731 1159 5787 alibi
1179 5747 1316 5788 nunc
1333 5732 1542 5789 invenio
1560 5733 1771 5805 :reliqui
1792 5746 1843 5792 te
1860 5738 1909 5792 in
1932 5740 2114 5795 liducia
2134 5750 2182 5794 ct
2199 5741 2386 5813 gloria,

2494 496 2638 537 nunc
2664 492 2843 538 autem
2868 484 3078 543 invenio
3103 487 3158 544 in
3185 487 3495 545 confusione
3522 497 3576 542 et
3611 487 3841 544 silentio.
3866 489 3935 546 Et
3960 507 4086 547 cono

2492 573 2669 628 sidera
2710 589 2894 630 curam
2939 577 3035 634 Dei
3067 595 3084 636 :
3114 595 3222 635 non
3260 579 3428 634 Evam
3472 579 3714 646 vocavit,
3741 594 3848 634 non
3875 586 4086 640 vocavit

2493 673 2797 734 serpentem
2821 707 2836 732 ,
2868 669 2964 724 sed
3007 673 3098 742 qui
3125 671 3362 726 omnium
3404 669 3674 725 levissime
3719 685 4032 739 peccavth
4061 715 4080 742 ,

2494 753 2637 810 hunc
2677 755 2745 810 ad
2777 756 3036 825 judicium
3079 760 3305 830 primum
3342 757 3599 823 accersit,
3633 765 3691 812 ut
3736 759 3802 814 ab
3847 775 3915 815 eo
3943 761 4086 818 inci-

2495 845 2646 914 piens
2671 887 2686 910 ,
2717 847 2806 916 qui
2845 848 3023 921 aliqua
3048 859 3258 920 poterat
3285 849 3438 905 venia
3465 848 3643 918 potiri,
3674 849 3832 903 etiam
3877 850 3932 904 in
3960 867 4084 908 eam

2495 953 2613 1008 qua:
2643 941 2869 994 multum
2899 952 3232 1012 peccaverat,
3265 941 3530 997 mitiorem
3572 939 3707 994 {erat
3736 945 4083 1001 sententiam.

2499 1028 2570 1082 Et
2593 1029 2800 1099 judices
2825 1033 3038 1101 quidem
3065 1047 3354 1089 conservos
3377 1045 3523 1096 suos,
3551 1037 3607 1085 et
3633 1030 3868 1099 ejusdem
3898 1049 4085 1092 secum

2498 1129 2704 1174 naturae
2734 1121 3046 1191 participes,
3085 1140 3183 1194 per
3212 1124 3416 1192 seipsos
3442 1119 3734 1176 examinari
3773 1138 3878 1178 non
3917 1128 4087 1181 susti-

2496 1219 2658 1275 nent,
2689 1211 2784 1265 sed
2817 1211 3183 1269 ministrorum
3207 1211 3508 1283 quempiam
3551 1210 3650 1264 sibi
3680 1212 3912 1268 medium
3957 1232 4084 1285 pro-

2497 1308 2795 1366 ponentes,
2825 1300 3264 1372 interi-agationes
3306 1301 3452 1354 illum
3486 1313 3610 1353 suas
3652 1298 3720 1353 ad
3762 1317 3910 1356 reum
3954 1320 4088 1373 pro-

2496 1391 2636 1447 ferre
2654 1392 2842 1462 jubent
2866 1436 2881 1462 ,
2909 1404 2964 1450 et
2985 1410 3079 1464 per
3107 1395 3277 1464 ipsum
3318 1406 3664 1462 quiscumque
3693 1393 3876 1461 velint,
3897 1396 4088 1454 dicunt

2497 1493 2552 1537 et
2587 1482 2846 1550 audiunt,
2877 1484 3002 1540 dum
3049 1499 3169 1538 reos
3197 1481 3500 1536 examinant
3527 1497 3540 1543 ;
3572 1481 3712 1536 Deus
3755 1495 3932 1539 autem
3957 1502 4085 1541 me-

2498 1571 2706 1629 diatore
2736 1574 2882 1628 nullo
2907 1573 2975 1628 ad
3009 1573 3276 1627 hominem
3305 1584 3439 1639 opus
3466 1569 3684 1638 habuit,
3715 1573 3810 1627 sed
3847 1574 3961 1643 ipse
3987 1591 4088 1644 per

2497 1663 2730 1732 seipsum
2757 1665 2992 1733 judicat,
3025 1671 3077 1717 et
3119 1660 3451 1715 consolatur.
3481 1660 3591 1716 Nec
3631 1662 3732 1718 hoc
3773 1674 3972 1720 tantum
3997 1677 4088 1722 est

2501 1752 2813 1808 admirabile
2835 1795 2850 1817 ,
2893 1753 2987 1807 sed
3012 1753 3175 1806 etiam
3195 1750 3338 1819 quod
3367 1752 3652 1806 commissa
3679 1755 3927 1824 corrigat.
3977 1757 4079 1811 Ju-

2499 1842 2648 1898 dices
2666 1845 2808 1898 enim
2834 1857 2954 1898 cum
2993 1843 3225 1895 latrones
3267 1842 3506 1910 ceperint
3529 1852 3584 1898 et
3620 1844 3943 1914 sacrilegos,
3968 1862 4082 1902 non

2498 1933 2764 2002 quomodo
2814 1933 2956 2001 ipsos
2995 1929 3222 1984 reddant
3257 1930 3509 1986 meliores
3553 1934 3934 2003 considerant,
3982 1938 4084 1992 sed

2500 2022 2768 2090 quomodo
2792 2021 2861 2076 ab
2903 2021 3033 2091 ipsis
3070 2027 3405 2089 peccatorum
3435 2037 3621 2091 pmnas
3647 2026 3895 2094 exigant;
3941 2027 4091 2083 Deus

2497 2119 2674 2166 autem
2703 2121 2910 2176 contra,
2939 2124 3058 2165 cum
3084 2111 3313 2178 aliquem
3342 2111 3546 2179 ceperit
3575 2125 3902 2180 peccatorem
3924 2156 3940 2180 ,
3970 2132 4082 2170 non

2498 2199 2800 2256 considerat
2823 2199 3088 2270 quomodo
3115 2208 3289 2252 sumat
3319 2199 3664 2268 supplicium,
3689 2201 3784 2255 sed
3815 2204 4090 2271 quomodo

2497 2292 2671 2360 ipsum
2694 2292 2957 2362 corrigat,
2987 2301 3041 2345 et
3059 2291 3332 2345 meliorem
3379 2291 3535 2346 faciat
3560 2299 3616 2346 et
3642 2291 3697 2347 in
3725 2291 3964 2347 futurum
4002 2295 4088 2348 in-

2497 2384 2920 2454 expugnabilem.
2949 2383 3128 2452 Itaque
3154 2392 3208 2437 et
3239 2381 3407 2452 judex
3439 2383 3637 2453 pariter
3657 2424 3673 2450 ,
3704 2391 3758 2438 et
3796 2382 4040 2439 medicus
4067 2427 4085 2450 ,

2497 2484 2552 2530 et
2579 2475 2830 2546 magister
2855 2483 2937 2529 est
2965 2475 3105 2530 Deus
3128 2491 3142 2527 :
3164 2475 3360 2529 etenim
3392 2483 3661 2545 tamquam
3684 2475 3846 2545 judex
3867 2478 4080 2531 exami-

2499 2576 2610 2629 nat,
2643 2576 2698 2622 et
2723 2576 2986 2637 tamquam
3031 2565 3272 2621 medicus
3305 2566 3562 2636 corrigit,
3590 2576 3645 2620 et
3669 2575 3935 2637 tamquam
3967 2583 4086 2621 ma~

2495 2656 2659 2725 gister
2686 2655 2862 2722 docet,
2893 2657 3268 2725 praevaricatos
3295 2655 3347 2710 in
3375 2670 3587 2709 onmem
3622 2655 3953 2725 disciplinam
3995 2657 4083 2711 in-

2496 2747 2717 2802 ducens.
2750 2745 2806 2801 Si
2846 2761 2972 2802 vero
3007 2761 3168 2800 unum
3206 2754 3260 2801 ct
3288 2745 3450 2801 breve
3492 2745 3710 2800 verbum
3740 2754 3938 2799 tantam
3987 2746 4085 2801 Dei

2495 2853 2677 2893 curam
2708 2838 3113 2905 demonstravit,
3135 2839 3262 2909 quid
3290 2839 3336 2892 si
3375 2847 3538 2893 totam
3566 2840 3714 2894 vobis
3755 2839 3900 2893 litem
3931 2840 4082 2909 lege-

2498 2943 2702 2994 remus,
2731 2937 2786 2984 et
2814 2929 3015 2999 integra
3041 2929 3430 2998 explicaremus
3458 2937 3800 2983 monumenta
3824 2929 3847 2981 ‘3
3889 2928 4085 2984 Cernis

2495 3018 2764 3085 quomodo
2797 3027 2904 3071 tota
2930 3018 3203 3087 Scriptura
3232 3017 3529 3072 consolatio
3551 3025 3631 3071 est
3660 3026 3712 3071 et
3738 3017 4036 3071 exhortatio
4057 3019 4083 3072 2

2495 3108 2563 3163 Et
2587 3108 2688 3163 hoc
2712 3109 2930 3178 quidem
2955 3123 3192 3178 congruo
3229 3120 3467 3177 tempore
3494 3108 3733 3162 dicemus
3763 3123 3776 3160 :
3804 3117 3928 3161 ante
3967 3107 4083 3163 hinc

2493 3210 2671 3254 autem
2702 3199 3061 3254 necessarium
3091 3208 3172 3253 est
3199 3197 3379 3252 dicere
3403 3237 3420 3263 ,
3445 3198 3657 3267 quando
3683 3197 3818 3252 liber
3841 3197 3927 3251 hic
3958 3196 4081 3252 edi-

2497 3300 2582 3346 tus
2629 3291 2771 3346 fuit:
2805 3308 2908 3348 non
2955 3292 3098 3346 enim
3146 3292 3197 3346 in
3238 3291 3531 3360 principio,
3579 3305 3686 3343 nou
3731 3291 3909 3344 statim
3956 3300 4083 3359 post

2497 3382 2666 3436 Adam
2712 3381 2827 3435 haec
2871 3381 3064 3450 scripta
3093 3390 3217 3435 sunt
3240 3420 3256 3446 ,
3287 3381 3379 3434 sed
3407 3387 3524 3448 post
3551 3380 3745 3434 multas
3771 3379 4076 3448 generatio-

2498 3487 2594 3526 nes
2621 3489 2634 3524 :
2663 3481 2716 3527 et
2748 3485 2926 3539 opera:
2962 3472 3185 3540 pretium
3213 3479 3290 3525 est
3313 3485 3588 3540 qumrere,
3622 3484 3718 3523 cur
3743 3478 3859 3540 post
3883 3470 4081 3523 multas

2495 3562 2902 3633 generationes,
2943 3569 2998 3614 et
3051 3575 3148 3614 cur
3184 3559 3396 3615 tandem
3443 3559 3642 3616 Judzuis
3685 3561 4080 3625 dumtaxat,et

2495 3669 2600 3708 non
2627 3653 2871 3707 omnibus
2917 3652 3262 3706 hominibus?
3302 3667 3399 3706 cur
3435 3651 3692 3708 Hebraica
3737 3651 3910 3721 lingua
3933 3691 3948 3714 ,
3982 3666 4082 3705 cur

2495 3746 2546 3800 in
2577 3743 2789 3799 deserto
2819 3744 2946 3797 Sina
2970 3745 2993 3796 ‘I
3018 3743 3200 3814 Neque
3226 3745 3366 3798 enim
3397 3743 3708 3812 simpliciter
3735 3743 3908 3797 locum
3931 3746 4077 3811 Apo-

2494 3835 2662 3890 stolus
2693 3836 3072 3902 prmtercurrit,
3099 3835 3195 3890 sed
3218 3845 3272 3888 et
3293 3834 3344 3887 in
3377 3835 3476 3887 hoc
3502 3847 3744 3902 magnam
3767 3832 3925 3887 nobis
3948 3847 4080 3886 con-

2496 3924 2890 3992 temptationem
2918 3923 3274 3987 demonstrat,
3299 3925 3376 3976 sic
3398 3921 3582 3975 dicens
3605 3938 3619 3973 :
3654 3919 3776 3972 Ha’c
3805 3923 3936 3972 enim
3974 3921 4082 3974 duo

2495 4011 3139 4082 Testamentasuut,ttnum
3165 4031 3196 4066 a
3234 4023 3401 4066 monte
3440 4011 3569 4066 Sina
3597 4012 3650 4064 in
3677 4012 3961 4064 servitutem
3984 4027 4078 4081 ge-

2494 4121 2676 4158 nerant
2704 4103 2860 4177 (Gal.
2886 4105 2940 4160 4.
2965 4106 3082 4177 24).

2565 4198 2619 4253 5.
2649 4193 2900 4248 Contacta
2918 4197 2986 4248 ad
3003 4197 3292 4265 juramenla
3320 4190 3522 4244 vitanda
3545 4191 3923 4246 exltortatio.—
3938 4191 4077 4259 Quin

2494 4293 2549 4340 et
2573 4286 2675 4340 alia
2717 4287 2866 4355 plura
2891 4301 3132 4355 quaerere
3174 4283 3531 4338 necessarium
3574 4293 3755 4350 esset;
3799 4283 3892 4337 sed
3922 4285 4079 4340 video

2496 4385 2704 4446 tempus
2732 4378 2884 4431 nobis
2927 4392 3031 4431 non
3059 4375 3367 4444 permittere
3391 4383 3448 4427 ut
3473 4389 3773 4429 sermonem
3806 4385 3950 4430 tanto
3976 4391 4075 4445 pe.

2495 4465 2612 4535 lago
2639 4469 3071 4520 committamus:
3105 4465 3224 4520 ideo
3246 4465 3327 4518 his
3361 4465 3413 4518 in
3441 4480 3728 4534 congruum
3754 4476 3960 4536 tempus
3987 4467 4074 4521 di-

2494 4556 2635 4622 latis,
2665 4558 2856 4610 iterum
2885 4556 2951 4610 de
2975 4556 3188 4626 jurandi
3213 4556 3528 4612 abstinentia
3552 4559 3701 4613 vobis
3728 4559 4076 4625 disseremus,

2493 4658 2546 4703 et
2573 4646 2883 4716 rogabimus
2898 4651 3550 4716 cliaritatemvestraunut
3572 4651 3741 4705 multo
3777 4651 3917 4705 circa
3943 4649 4078 4703 hanc

2494 4753 2610 4793 rem
2661 4739 2840 4796 studio
2883 4750 3077 4792 utatur.
3108 4739 3383 4805 Quomodo
3411 4742 3551 4795 enim
3601 4757 3705 4796 non
3747 4741 4034 4795 absurdum
4059 4780 4076 4804 ,

2493 4843 2711 4886 servum
2755 4830 2965 4900 quidem
3011 4845 3116 4883 non
3151 4831 3344 4886 audere
3381 4833 3655 4887 dominum
3687 4835 3998 4888 nominatim
4027 4843 4078 4887 et

2496 4921 2617 4978 sine
2660 4921 2878 4976 honoris
2923 4921 3227 4990 prmfatione
3266 4927 3566 4994 appellare,
3595 4927 3903 4996 angelorum
3951 4941 4078 4980 vero

2495 5012 2782 5068 Dominum
2815 5019 3012 5066 temere
3055 5022 3108 5065 et
3148 5016 3488 5086 contemptim
3522 5016 3714 5084 ubique
3755 5017 3998 5086 jactare?
4026 5028 4079 5069 et

2497 5103 2545 5159 si
2569 5101 2906 5170 Evangelium
2932 5103 3140 5172 quidem
3170 5120 3362 5174 capere
3388 5115 3629 5172 oporteat
3658 5107 3898 5161 manibus
3933 5106 4076 5169 lotis,

2498 5204 2695 5251 etcum
2728 5193 2890 5246 multa
2927 5197 3221 5249 reverentia
3259 5206 3313 5250 ct
3347 5195 3603 5266 religione
3643 5209 3876 5253 tremens
3911 5205 3966 5251 et
4011 5197 4078 5249 ti—

2499 5299 2651 5340 mens
2676 5286 2871 5350 sumis,
2909 5287 3177 5359 Evangelii
3207 5303 3335 5343 vero
3367 5289 3644 5345 Dominum
3674 5302 3872 5346 temere
3901 5291 4078 5358 lingua

2500 5376 2694 5444 passim
2725 5380 2949 5431 versas?
2981 5378 3069 5432 Vis
3116 5380 3322 5433 discere
3363 5381 3629 5448 quomodo
3672 5383 3843 5451 ipsum
3891 5379 4075 5448 appel-

2500 5467 2610 5520 lant
2646 5483 2888 5537 superna:
2913 5468 3146 5524 Virtutes
3169 5508 3185 5534 ,
3208 5483 3328 5523 cum
3356 5480 3552 5539 quanto
3580 5480 3811 5526 tremore
3829 5511 3844 5533 ,
3875 5480 4072 5539 quanto

2497 5556 2718 5614 horrore
2744 5601 2757 5624 ,
2786 5569 2978 5629 quanta
3017 5558 3414 5615 admiratione?
3453 5560 3565 5615 Vidi
3596 5561 3866 5616 Dominum
3906 5558 4076 5612 seden.

2497 5661 2615 5717 (em,
2649 5652 2838 5722 inquit,
2865 5653 2919 5703 in
2947 5651 3129 5705 throno
3153 5652 3258 5705 ulto
3285 5662 3331 5707 et
3356 5653 3576 5723 elevato,
3609 5665 3655 5710 et
3685 5651 3953 5722 Seraphin:
3978 5661 4073 5702 sta-

2499 5745 2616 5800 bant
2647 5746 2780 5797 circa
2823 5744 3007 5812 ipsum,
3035 5753 3078 5797 ct
3112 5745 3394 5801 clamabant
3422 5749 3550 5804 alter
3573 5749 3640 5801 ad
3665 5747 3893 5809 alterum,
3927 5752 3972 5796 ct
3998 5743 4067 5797 di-
