4458 6720
292 485 373 540 95
1331 475 1430 529 AD
1459 472 1803 532 POPULUM
1824 469 2333 528 ANTIOCHENL‘M
2368 469 2604 528 HOMIL.
2647 470 2760 528 VH.
3695 474 3767 532 96

298 598 373 649 τὰ
402 596 615 667 ῥήματα
635 597 887 661 ἅπαντας
923 596 955 666 ἡ
980 588 1174 663 πρώτη
1210 590 1309 661 μὲν
1328 584 1423 644 οῦν
1457 590 1616 662 ῥῆσις
1655 589 1858 652 εὐθέως
1882 587 1981 641 αὖ-

288 682 393 734 τοῦ
419 685 482 737 τὸ
516 683 736 756 φίλτρον
773 683 1052 751 ἐνέφηνεν.
1084 678 1162 732 Οὑ
1206 678 1314 750 γάρ
1348 673 1504 745 εἷπε,
1539 678 1792 747 καθάπερ
1836 674 1983 737 είκὸς

289 765 365 837 ἦν
396 770 720 843 ὑϐρισμένον
750 771 925 823 εἰπεῖν
945 783 958 796 ο
982 763 1053 817 Ὦ
1093 766 1257 837 μιαρέ
1276 808 1291 831 ,
1323 767 1417 821 καὶ
1447 766 1761 837 παμμίαρε,
1792 760 1979 815 τοιαύ-

288 874 399 922 της
423 859 734 921 ἀπολαύσας
761 855 975 917 εὑνοίας
1004 856 1131 927 παρ’
1158 854 1315 925 ἐμοῦ,
1345 855 1585 925 τοσαύτῃ
1606 850 1860 922 τιμηθεὶς
1894 848 1985 920 βα-

293 944 498 1017 σιλείᾳ,
528 948 623 999 καὶ
656 944 764 996 τῶν
797 942 893 994 ὲπὶ
920 941 1018 1012 τῆς
1039 942 1145 1012 γῆς
1178 941 1539 1015 προτιμηθείς
1574 938 1831 992 ἀπάντων
1868 938 1985 990 ἀντ’

292 1024 513 1098 οὐδενὸς
554 1029 1011 1102 κατορθώματος,
1057 1034 1152 1085 καὶ
1186 1033 1274 1086 διὰ
1311 1032 1421 1084 τῶν
1448 1028 1627 1100 ἔργων
1678 1025 1859 1080 αὐτῶν
1900 1027 1986 1078 ἐν-

292 1122 473 1194 έχυρα
522 1119 702 1175 λαϐὼν
734 1118 835 1189 τῆς
877 1119 1017 1191 ἐμῆς
1048 1120 1397 1191 κηδεμονίας,
1434 1117 1532 1171 καὶ
1578 1116 1679 1186 τῆς
1728 1115 1985 1187 προνοίας

289 1208 570 1272 ἀπόδειξιν
604 1205 778 1276 ἀληθῆ
805 1246 820 1271 ,
849 1208 1085 1279 πονηρὸν
1115 1207 1346 1278 δαίμονα
1371 1205 1465 1259 καὶ
1490 1204 1745 1272 λυμεῶνα
1770 1203 1865 1256 καὶ
1886 1205 1984 1273 τῆς

290 1300 403 1367 σῆς
458 1295 650 1366 ἐχθρὸν
706 1296 982 1366 σωτηρίας
1035 1293 1475 1365 ἀξιοπιστότερον
1532 1293 1849 1362 ἐποίησαςι
1888 1290 1984 1343 τοῦ

288 1382 570 1435 Δεσπότου
608 1382 704 1433 καὶ
732 1382 1061 1453 κηδεμόνος;
1096 1382 1148 1436 τί
1176 1399 1259 1435 σοι
1284 1380 1525 1434 τοιοῦτον
1548 1381 1756 1440 ἐκεῖνος
1785 1376 1986 1442 ἔδειξεν

284 1464 411 1523 οἷον
458 1468 607 1536 ἐγώ;
641 1470 762 1541 οὑχὶ
788 1470 880 1524 τὸν
931 1470 1158 1543 οὐρανὸν
1188 1469 1423 1539 ἐποίησα
1465 1466 1556 1520 διὰ
1584 1464 1679 1529 σός
1718 1462 1816 1534 τήν
1857 1462 1982 1534 γῆν,

284 1562 397 1627 τήν
419 1556 713 1621 θάλατταν,
740 1558 833 1610 τὸν
851 1558 1026 1628 ἥλιον,
1060 1556 1159 1628 τὴν
1182 1556 1413 1625 σελήνην
1437 1592 1452 1616 ,
1484 1551 1555 1605 τὰ
1581 1549 1758 1621 ἄστρα
1783 1550 1981 1615 πάντα;

282 1644 354 1696 οὑ
390 1643 499 1714 γάρ
538 1643 708 1713 δήπου
742 1643 851 1696 τῶν
899 1643 1149 1711 ἀγγέλων
1178 1642 1325 1702 τινὲς
1370 1638 1576 1707 ταύτης
1630 1635 1837 1689 ἐδέοντο
1884 1636 1984 1707 τῆς

283 1732 656 1803 δημιουργίας
682 1774 696 1796 ,
730 1732 865 1786 ἀλλά
909 1732 999 1785 διά
1033 1731 1095 1783 σέ
1130 1730 1225 1782 καὶ
1269 1727 1369 1796 τὴν
1414 1725 1723 1781 ἀνάπαυσιν
1752 1724 1851 1795 τὴν
1884 1724 1982 1796 σὴν

284 1820 389 1873 τὸν
414 1820 663 1873 τοσοῦτον
694 1822 789 1873 καὶ
817 1817 1133 1889 τηλικοῦτον
1171 1814 1408 1884 ἐποίησα
1438 1813 1644 1881 κόσμον
1672 1828 1685 1840 ·
1728 1811 1822 1864 καὶ
1851 1810 1983 1881 ψιλά

284 1911 545 1981 ῥήματα,
575 1911 669 1963 καὶ¹
715 1908 1012 1977 ὑπόσχεσιν
1037 1903 1207 1975 ψευδῆ
1233 1944 1247 1970 ,
1292 1904 1388 1955 καὶ
1410 1900 1744 1969 ἐπαγγελίαν
1767 1900 1982 1970 ἀπάτης

283 1998 570 2069 γέμουσαν
594 2039 608 2061 ,
648 1999 749 2069 τῆς
786 1997 877 2050 διά
916 1994 1038 2048 τῶν
1059 1993 1236 2066 ἔργων
1269 1990 1591 2062 εὐεργεσίας
1625 2007 1684 2043 τε
1710 1990 1803 2044 καὶ
1850 2005 1982 2057 προ-

287 2086 447 2149 νοίας
474 2084 923 2153 ἀξιοπιστοτέραν
950 2080 1179 2151 νομίσας
1210 2074 1371 2145 εἶναι,
1402 2078 1597 2149 ἐκείνῳ
1624 2077 1819 2131 σαυτὸν
1848 2076 1980 2129 ἐδω-

289 2190 399 2235 κας
422 2211 437 2233 ,
470 2172 563 2224 καὶ
591 2171 716 2235 τοὺς
744 2170 911 2240 ἐμοὺς
936 2168 1327 2238 κατεπάτησας
1352 2166 1585 2237 νόμους;

361 2258 551 2312 Ταῦτα
576 2258 685 2329 γὰρ
729 2258 825 2311 καὶ
867 2256 1090 2312 πλείονα
1118 2254 1324 2308 τούτων
1355 2254 1445 2307 τὸν
1475 2254 1801 2325 ὑϐρισμένον
1836 2250 1981 2313 εἰκὸς

284 2341 358 2415 ἦν
386 2347 562 2399 είπεῖν
586 2363 599 2376 ·
627 2346 742 2399 ἀλλ’
770 2345 871 2416 οὑχ
894 2347 922 2399 6
942 2344 1073 2407 Θεὸς
1090 2342 1285 2407 οὕτως,
1309 2341 1445 2396 ἀλλά
1471 2340 1785 2395 τούναντίον
1812 2339 1979 2393 ἅπαν.

298 2434 441 2487 Ἀπὸ
490 2433 598 2505 γὰρ
644 2434 744 2504 τῆς
789 2432 1017 2504 πρώτης
1056 2432 1243 2501 φωνῆς
1276 2430 1479 2493 εὐθέως
1508 2429 1671 2482 αὑτὸν
1715 2427 1981 2496 ἀνέστησε

286 2523 579 2591 κείμενον,
628 2521 721 2573 καὶ
772 2520 1047 2573 δεδοικότα
1105 2520 1201 2573 καὶ
1251 2519 1527 2589 τρέμοντα
1560 2515 1786 2588 θαρρεῖν
1836 2528 1982 2583 παρ-

282 2609 556 2663 εσκεύασε
594 2608 811 2679 πρῶτος
859 2608 1026 2660 αὑτὸν
1089 2606 1327 2669 καλέσας
1354 2604 1518 2667 αὑτός
1540 2619 1556 2633 ⁶
1588 2602 1790 2673 μᾶλλον
1826 2600 1883 2653 δὲ
1920 2600 1981 2651 οὑ

281 2698 367 2769 τῷ
390 2697 618 2750 καλέσαι
655 2696 871 2766 πρῶτος
893 2737 907 2758 ,
939 2694 1075 2749 ἀλλά
1097 2696 1190 2747 καὶ
1221 2692 1298 2764 τῷ
1328 2692 1652 2763 προσειπεῖν
1680 2688 1845 2741 αὑτὸν
1873 2686 1984 2740 ἀπὸ

280 2786 389 2856 τῆς
411 2784 578 2837 αὑτοῦ
613 2783 984 2855 προσηγορίας
1006 2783 1098 2837 καὶ
1133 2783 1329 2835 εἰπεῖν·
1368 2778 1563 2847 Ἀδὰμ,
1593 2776 1713 2830 ποῦ
1737 2771 1827 2838 et;
1850 2774 1984 2827 ἔδει·

284 2874 381 2938 ξεν
427 2872 593 2927 αὑτοῦ
640 2873 701 2925 τὸ
736 2872 990 2943 φίλτρον,
1029 2872 1122 2925 καὶ
1150 2870 1251 2941 τὴν
1287 2868 1490 2938 πολλὴν
1525 2867 1656 2937 περὶ
1688 2864 1850 2918 αὑτὸν
1879 2880 1971 2933 κηο

280 2959 566 3029 δεμυνίαν.
599 2960 742 3011 Ἰστε
788 2956 899 3027 γὰρ
922 2958 1095 3029 δήπου
1128 2958 1361 3019 πάντες,
1395 2955 1479 3006 ὅτι
1526 2951 1709 3021 φιλίας
1750 2949 1981 3019 γνησίας

282 3048 411 3100 ἐστὶ
450 3046 611 3100 τοῦτο
639 3047 973 3119 τεκμήριονο
1006 3045 1149 3098 οὑτω
1182 3044 1278 3096 καὶ
1316 3042 1367 3095 οἱ
1405 3038 1807 3101 ἀνακαλοῦντες
1854 3038 1980 3099 τοὺς

280 3134 746 3205 τετελευτηκότας
799 3133 1027 3187 είώθασι
1076 3134 1290 3197 ποιεῖν,
1340 3127 1579 3199 συνεχῶς
1628 3126 1697 3180 τά
1740 3124 1981 3195 ὀνόματα

283 3221 469 3275 αὑτῶν
503 3222 960 3292 περιστρέφοντες
980 3260 994 3283 ,
1015 3220 1090 3281 ὡς
1116 3219 1170 3272 οῖ
1196 3235 1261 3287 γε
1290 3216 1577 3287 μισοῦντες
1601 3214 1696 3267 καὶ
1721 3209 1979 3282 ἀπεχθῶς

285 3310 429 3380 πρός
454 3326 605 3371 τινας
640 3309 855 3379 ἔχοντες
872 3347 887 3371 ,
922 3306 1044 3359 οὑδέ
1067 3304 1135 3359 τά
1161 3305 1405 3375 ὀνόματα
1428 3299 1841 3373 ἀναμνησθῆναι
1868 3298 1979 3351 τῶν

280 3396 670 3464 λελυπηκὴιυν
720 3393 1023 3462 ἀνέχονται.
1066 3392 1126 3445 ’0
1157 3391 1290 3460 γοῦν
1330 3390 1501 3443 Σαοὺλ
1548 3386 1831 3457 ἀδικηθεὶς
1880 3386 1979 3457 μὲν

277 3482 458 3547 οὐδὲν,
495 3477 666 3533 πολλὰ
683 3478 740 3532 δὲ
763 3479 860 3531 καὶ
895 3478 1105 3548 μεγάλα
1133 3478 1225 3530 τὸν
1252 3476 1414 3529 Δαυῖδ
1450 3475 1719 3545 ἀδικήσας
1740 3513 1755 3537 ,
1788 3471 1978 3542 ἐπειδὴ

282 3568 456 3623 αὑτὸν
505 3566 878 3637 ἀπεστρέφετο
927 3566 1021 3618 καὶ
1051 3565 1265 3635 ἐμίσει,
1296 3563 1419 3617 οὑδέ
1466 3563 1566 3633 τῆς
1602 3560 1977 3633 προσηγορίας

278 3655 456 3708 αὑτοῦ
520 3654 935 3725 ἀναμνησθῆναι
1000 3651 1245 3722 ἀνείχετο
1271 3690 1287 3717 ,
1343 3650 1482 3704 ἀλλά
1543 3647 1979 3719 συγκαθημένων

281 3741 569 3803 ἁπάντων,
596 3740 783 3811 ἐπειδὴ
834 3739 1282 3810 παραγενόμενον
1333 3738 1435 3791 οὐκ
1476 3733 1648 3802 εἶδεν,
1693 3736 1748 3790 τί
1775 3750 1975 3806 φησιν;

280 3830 405 3882 υὺκ
436 3825 558 3881 εἶπε
582 3867 597 3889 ,
643 3827 753 3881 Ποῦ
796 3826 914 3879 ἐστι
954 3826 1151 3890 Δαϐίδ;
1188 3826 1362 3889 ἀλλά,
1408 3825 1533 3881 Ποῦ
1570 3828 1743 3879 ἐστιν
1773 3828 1805 3877 ό
1849 3823 1979 3889 υίὸς

297 3918 523 3971 Ἰεσσαί
539 3933 556 3977 ;
590 3916 699 3969 ἀπὸ
726 3915 821 3968 τοῦ
852 3916 1060 3985 πατρὸς
1088 3915 1253 3969 αὑτὸν
1282 3915 1539 3979 καλέσας.
1579 3914 1689 3968 Καὶ
1714 3912 1829 3986 [89]
1875 3912 1980 3966 πά-

280 4005 370 4057 λιν
395 4007 444 4057 οἱ
480 4003 724 4057 Ἰουδαῖοι
747 4003 841 4055 ἐπὶ
864 4001 959 4055 τοῦ
986 4001 1224 4073 Χριστοῦ
1248 4001 1310 4054 τὸ
1333 4003 1465 4055 αὑτὸ
1488 4000 1733 4055 ποιοῦσιν
1752 4018 1763 4030 °
1790 3998 1978 4070 ἐπειδὴ

278 4094 398 4165 γάρ
425 4093 587 4146 αὑτὸν
625 4093 1035 4163 ἀπεστρέφοντο
1073 4092 1169 4145 καὶ
1202 4092 1426 4161 ἐμίσουν
1447 4130 1463 4155 ,
1495 4091 1597 4143 οὑκ
1646 4087 1820 4155 εἶπον,
1865 4088 1976 4141 Ποῦ

279 4185 437 4236 ἐστιν
460 4186 489 4236 6
518 4182 787 4253 Χριστός;
823 4181 981 4243 ἀλλά,
1023 4180 1148 4235 Ποῦ
1180 4181 1353 4234 ἐστιν
1374 4179 1645 4243 ἐκεῖνος;

355 4271 422 4324 ἃ.
454 4269 592 4322 Ἀλλ’
608 4272 638 4322 6
661 4269 794 4332 Θεὸς
812 4272 914 4322 κάν
934 4269 1111 4340 τούτῳ
1136 4268 1455 4338 βουλόμενος
1472 4266 1660 4331 δεῖξαι,
1682 4267 1763 4319 δτι
1782 4265 1844 4318 τὸ
1860 4265 1978 4335 φίλ-

279 4376 417 4432 τρον
445 4360 547 4411 οὑκ
594 4357 816 4410 ἔσϐεσεν
851 4360 883 4428 ή
922 4358 1167 4427 ἁμαρτία
1190 4396 1205 4418 ,
1240 4355 1360 4409 οὑδέ
1394 4354 1491 4426 τὴν
1526 4355 1664 4427 πρὸς
1693 4355 1859 4408 αὑτὸν
1890 4352 1976 4408 εὓο

280 4465 440 4503 νοιαν
471 4448 680 4500 ἀνεῖλεν
704 4448 738 4514 ή
766 4445 1042 4516 παρακοὴ,
1077 4443 1191 4497 ἀλλ’
1216 4442 1296 4495 ἔτι
1322 4445 1545 4515 προνοεῖ
1576 4443 1672 4496 καὶ
1698 4442 1925 4513 κήδεται
1950 4443 1978 4483 ι’

279 4536 385 4589 τοῦ
412 4552 475 4588 πε
487 4534 911 4605 ριπεπτωκότος,
938 4532 1103 4602 φησίν
1123 4548 1137 4562 ·
1170 4530 1372 4600 Ἀδὰμ,
1395 4531 1514 4585 ποῦ
1527 4528 1613 4593 sl;
1639 4532 1739 4585 οὑκ
1765 4531 1977 4599 ἀγνοῶν

278 4625 423 4678 ὅπου
450 4622 742 4694 διέτριϐεν,
785 4622 898 4675 ἀλλ’
923 4620 1112 4690 ἐπειδὴ
1146 4621 1257 4682 τοῖς
1300 4620 1680 4690 ἡμαρτηκόσιν
1709 4619 1976 4689 ἔρραπται

278 4716 347 4766 τὸ
382 4714 559 4783 στόμα
582 4754 596 4777 ,
629 4712 727 4781 τῆς
768 4710 1045 4782 ἁμαρτίας
1072 4706 1523 4779 ἀποστρεφούσης
1560 4707 1659 4778 τὴν
1704 4707 1976 4774 γλῶσσαν,

283 4803 383 4855 καὶ
408 4801 502 4853 τοῦ
529 4799 828 4861 συνειδότος
856 4797 1029 4866 αὐτῆς
1059 4794 1563 4867 ἐπιλαμϐανομένου
1587 4834 1601 4855 ,
1645 4795 1740 4847 καὶ
1789 4795 1980 4864 μένου-

283 4907 374 4940 σιν
396 4891 619 4957 ἀχανεῖς
645 4889 694 4938 οί
720 4886 968 4951 τοιοῦτοι,
1004 4885 1194 4955 ὥσπερ
1214 4886 1321 4937 τινὶ
1344 4882 1528 4954 δεσμῷ
1559 4887 1625 4955 τῇ
1684 4887 1810 4955 σιγῇ
1843 4901 1977 4937 κατ-

279 4977 564 5045 εχόμενοι.
611 4973 941 5041 Βουλόμενος
979 4973 1007 5023 ό
1043 4970 1173 5033 Θεὸς
1207 4974 1288 5034 είς
1331 4974 1645 5043 παρρησίαν
1689 4973 1851 5024 αὑτὸν
1889 4973 1980 5023 ἐκ-

281 5061 621 5116 καλέσασθαι
664 5059 949 5125 διαλέξεως
982 5068 1028 5120 ο,
1070 5058 1165 5109 καὶ
1212 5058 1393 5111 δοῦναι
1449 5058 1670 5130 θαρρεῖν
1696 5099 1711 5123 ,
1759 5059 1853 5111 καὶ
1900 5060 1979 5122 είς

280 5150 589 5219 ἀπολογίαν
636 5142 710 5201 ὧν
754 5148 1004 5219 ἥμαρτεν
1043 5144 1335 5214 ἐμϐαλεῖν,
1381 5146 1469 5197 ἵνα
1513 5147 1658 5210 τινὸς
1696 5146 1979 5220 ἀπολαύσῃ

284 5239 662 5308 συγγνώμης,
714 5237 977 5307 πρότερος
1027 5234 1186 5298 αὐτὸς
1236 5233 1399 5287 αὑτὸν
1447 5234 1712 5301 ἐκάλεσε,
1741 5236 1803 5289 τὸ
1844 5237 1977 5289 πολὺ

278 5332 385 5399 τῆς
436 5328 678 5396 ἀγωνίας
729 5326 1168 5395 ὑποτεμνόμενος
1203 5325 1269 5392 τῇ
1326 5325 1704 5395 προσηγορίᾳ,
1758 5325 1979 5378 καὶτὸν

282 5416 459 5483 φόϐον
486 5412 827 5475 ἀπελαύνων,
858 5415 954 5466 καὶ
980 5413 1039 5465 τὸ
1066 5410 1239 5481 στόμα
1263 5409 1353 5463 διά
1386 5410 1592 5481 ταύτης
1622 5411 1855 5481 ἀνοίγων
1878 5413 1980 5483 τῆς

283 5505 563 5574 κλήσεως.
594 5499 683 5551 Διὸ
714 5501 807 5552 καὶ
833 5499 1038 5567 ἔλεγεν·
1059 5498 1250 5569 Ἀδὰμ,
1281 5498 1398 5553 ποῦ
1432 5495 1528 5557 εἷς
1556 5498 1821 5571 Ἐτέρωθι
1849 5518 1982 5555 κατ-

284 5593 478 5645 έλιπόν
522 5606 602 5649 σε,
632 5590 785 5657 φησὶ,
826 5589 921 5641 καὶ
968 5588 1193 5659 ἑτέρωθι
1252 5588 1348 5641 νῦν
1388 5588 1655 5658 εὑρίσκω·
1689 5591 1983 5645 κατέλιπόν

2090 586 2190 657 τὴν
2214 585 2379 651 Εὕαν,
2418 586 2519 640 οὑκ
2544 587 2771 641 ἐκάλεσε
2793 586 2885 640 τὸν
2915 583 3062 657 ὅφιν,
3093 586 3231 641 ἀλλά
3249 588 3340 643 τὸν
3365 588 3618 644 ἁπάντων
3646 606 3769 642 κου-

2093 674 2320 744 φότερον
2346 675 2725 744 ἡμαρτηκότα,
2754 673 2941 728 τοῦτον
2974 676 3055 737 είς
3083 672 3145 726 τὸ
3175 674 3529 745 δικαστήριον
3559 678 3772 744 εἰσάγει
3844 691 3848 695 ‘

2093 761 2390 833 πρότερον,
2434 762 2522 813 ἴνα
2550 762 2656 814 ἀπὸ
2691 761 2786 814 τοῦ
2823 761 3122 833 δυναμένου
3158 768 3491 833 συγγνώμης
3527 763 3768 816 ἀπολαῦ-

2088 849 2178 901 σαί
2211 866 2354 911 τινος
2390 848 2735 918 ἀρξάμενος,
2788 849 3144 921 ἡμερωτέραν
3192 850 3391 921 ἐνέγκῃ
3446 850 3545 919 τὴν
3593 850 3772 921 ψῆφον

2086 935 2180 989 καὶ
2212 935 2347 1005 πρὸς
2379 936 2477 1007 τὴν
2520 935 2731 1006 μεγάλα
2769 935 3207 1007 ἐξαμαρτοῦσαν.
3247 938 3359 992 Καὶ
3387 938 3642 991 δικασταὶ
3671 940 3772 1009 μὲν

2084 1017 2178 1075 οῦν
2216 1024 2341 1085 τοὺς
2370 1022 2687 1087 συνδούλους
2720 1024 2846 1084 τοὺς
2877 1023 3091 1077 ἑαυτῶν
3116 1024 3211 1077 καὶ
3249 1024 3347 1093 τῆς
3379 1026 3553 1097 αὑτῆς
3586 1028 3771 1089 αὑτοῖς

2087 1109 2477 1174 κοινωνοῦντας
2515 1110 2729 1179 φύσεως
2767 1111 2867 1163 οὑκ
2899 1110 3183 1182 ἀνέχονται
3228 1111 3297 1165 δι’
3332 1112 3543 1165 ἑαυτῶν
3584 1112 3772 1178 ἐξετά-

2085 1198 2199 1262 ζειν
2219 1239 2231 1263 ,
2271 1198 2408 1252 άλλά
2461 1198 2626 1269 μέσον
2655 1196 2777 1251 τινὰ
2805 1198 2913 1251 τῶν
2951 1199 3387 1271 διακονουμένων
3420 1186 3604 1264 αὑτοῖς
3638 1218 3773 1270 προ-

2084 1285 2439 1357 ϐαλλόμενοι,
2479 1286 2578 1349 τὰς
2612 1285 2821 1339 ἑαυτῶν
2853 1287 3149 1358 ἐρωτήσεις
3177 1290 3385 1342 ἐκεῖνον
3415 1290 3769 1359 παρασκευάς

2085 1372 2235 1435 ζουσι
2264 1374 2596 1439 διαϐιϐάζειν
2630 1374 2767 1445 πρὸς
2796 1374 2886 1427 τὸν
2916 1374 3226 1440 κατάδικον,
3260 1376 3356 1429 καὶ
3392 1376 3460 1429 δι’
3487 1376 3650 1429 αὑτοῦ
3684 1375 3771 1429 λέ-

2084 1476 2242 1527 γουσι
2301 1463 2395 1514 καὶ
2428 1462 2716 1516 ἀκούουσιν
2757 1463 2902 1534 άπερ
2944 1462 3011 1516 ἂν
3052 1462 3344 1525 ἐθέλωσιν,
3388 1465 3607 1518 ἐπειδὰν
3642 1466 3772 1527 τοὺς

2085 1549 2472 1617 ἡμαρτηκότας
2502 1549 2827 1615 ἐξετάζωσιν
2847 1567 2860 1582 ⁸
2892 1552 2921 1603 ὁ
2943 1551 3001 1604 δέ
3030 1551 3163 1613 Θεὸς
3193 1550 3295 1604 οὑκ
3325 1550 3519 1623 ἐδεήθη
3549 1551 3768 1622 μεσίτου

2083 1637 2227 1700 τινὸς
2252 1638 2385 1710 πρὸς
2423 1638 2513 1691 τὸν
2546 1638 2833 1711 ἄνθρωπον
2856 1680 2870 1703 ,
2900 1640 3016 1692 ἀλλ’
3039 1640 3203 1704 αὑτὸς
3235 1640 3304 1694 δι’
3334 1640 3530 1694 ἑαυτοῦ
3561 1640 3768 1704 δικάζει

2083 1727 2178 1779 καὶ
2219 1727 2651 1797 παραμυθεῖται.
2683 1729 2793 1781 Καὶ
2822 1728 2883 1780 οὑ
2920 1728 3081 1781 τοῦτο
3121 1728 3281 1797 μόνον
3314 1729 3433 1781 ἐστὶ
3462 1728 3524 1781 τὸ
3554 1728 3767 1797 θαυμα-

2084 1814 2231 1878 στὸν,
2268 1813 2382 1867 ἀλλ’
2413 1816 2495 1868 ὅτι
2541 1814 2635 1867 καὶ
2666 1814 2972 1884 διορθοῦται
3003 1814 3071 1868 τά
3098 1815 3573 1886 πλημμελήματα.
3606 1818 3768 1869 Δικα-

2086 1902 2210 1956 σταὶ
2237 1902 2335 1972 μέν
2359 1902 2469 1972 γάρ
2493 1900 2715 1955 ἐπειδὰν
2748 1900 2955 1955 λάϐωσι
2985 1900 3187 1973 λῃστάς
3218 1903 3325 1954 καὶη
3347 1902 3765 1973 τυμϐωρύχους,

2083 1991 2183 2060 οὐχ
2209 1990 2358 2053 ὅπως
2398 1991 2596 2054 αὑτοὺς
2631 1991 2977 2063 ἐργάσωνται
3017 1990 3259 2061 βελτίους
3292 1982 3621 2055 σκοποῦσιν,
3649 1993 3765 2045 ἀλλ’

2083 2078 2234 2140 ὅπως
2282 2077 2477 2140 αὐτοὺς
2510 2078 2854 2148 ἀπαιτήσωσι
2888 2078 2998 2130 τῶν
3042 2078 3450 2149 ἡμαρτημένων
3502 2079 3659 2151 δίκην
3684 2097 3697 2110 ο
3738 2084 3768 2132 ό

2082 2163 2140 2216 δὲ
2173 2164 2306 2229 θεὸς
2356 2164 2669 2218 τούναντίον
2724 2166 2899 2219 ἅπαν·
2934 2165 3155 2219 ἐπειδάν
3185 2183 3308 2219 τινα
3343 2167 3484 2240 λάϐῃ
3516 2169 3766 2240 ἡμαρτη-

2084 2250 2253 2316 κότα,
2287 2253 2387 2322 οὑχ
2412 2254 2560 2317 ὅπως
2589 2254 2870 2325 ἀπαιτήσῃ
2902 2253 3061 2324 δίκην
3089 2256 3300 2319 σκοπεῖ,
3331 2254 3447 2307 ἀλλ’
3488 2255 3635 2318 ὅπως
3668 2257 3765 2309 αὑ-

2081 2340 2174 2393 τὸν
2201 2340 2585 2415 διορθώσηται,
2618 2341 2712 2393 καὶ
2741 2340 2935 2411 βελτίω
2964 2342 3163 2413 ποιήσῃ
3187 2382 3201 2405 ,
3241 2342 3337 2396 καὶ
3372 2343 3509 2415 πρὸς
3539 2343 3600 2395 τό
3640 2344 3767 2413 μέλ-

2082 2428 2171 2481 λον
2207 2428 2525 2499 ἀχείρωτον.
2558 2429 2720 2482 Ὥστε
2759 2428 2895 2499 ὁμοῦ
2950 2428 3045 2482 καὶ
3073 2428 3336 2501 δικαστὴς
3363 2470 3379 2496 ,
3422 2429 3519 2484 καὶ
3560 2433 3762 2505 ἰατρὸς,

2083 2516 2176 2568 καὶ
2209 2516 2529 2579 διδάσκαλός
2572 2518 2720 2570 ἐστιν
2742 2519 2770 2570 6
2797 2517 2957 2579 Θεός’
2992 2517 3087 2571 καὶ
3119 2516 3230 2588 γάρ
3282 2518 3359 2581 ώς
3386 2518 3643 2590 δικαστὴς
3676 2520 3766 2584 ἐξ-

2084 2605 2283 2668 ετάζει,
2310 2605 2405 2657 καὶ
2429 2604 2503 2667 ώς
2524 2605 2709 2675 ἰατρὸς
2732 2604 3063 2675 διορθοῦται,
3087 2604 3181 2657 καὶ
3199 2603 3275 2668 ώς
3298 2605 3615 2669 διδάσκαλος
3636 2626 3762 2661 παι-

2082 2690 2225 2743 δεύει
2256 2693 2383 2753 τοὺς
2421 2692 2812 2764 ἡμαρτηκότας
2848 2693 2929 2755 εἰς
2966 2693 3144 2745 πᾶσαν
3174 2692 3385 2761 ἐνάγων
3419 2694 3759 2764 φιλοσοφίαν.

2083 2780 2144 2833 Εἰ
2173 2780 2230 2833 δέ
2253 2781 2312 2834 ἐν
2342 2782 2493 2853 ρῆμα
2518 2780 2672 2850 ψιλὸν
2699 2782 2794 2835 καὶ
2825 2780 3000 2851 βραχὺ
3030 2779 3303 2851 τοσαύτην
3338 2781 3636 2846 ἐνεδείξατο
3668 2784 3760 2837 τοῦ

2080 2867 2213 2920 Θεοῦ
2256 2869 2355 2939 τὴν
2404 2869 2731 2939 κηδεμονίαν
2756 2908 2771 2932 ,
2808 2869 2863 2922 τί
2901 2870 2949 2921 εί
2984 2870 3167 2922 πᾶσαν
3198 2870 3405 2941 ταύτην
3441 2871 3766 2943 ἀναγνῶμεν

2080 2956 2209 3026 ὑμῖν
2234 2958 2333 3029 τὴν
2356 2957 2532 3027 δίκην,
2574 2958 2668 3010 καὶ
2693 2958 2965 3029 ὁλόκληρα
2990 2957 3393 3028 ἀναπτύξωμεν
3424 2959 3491 3012 τά
3519 2960 3769 3031 ὑπομνή-

2084 3061 2267 3114 ματα;
2311 3045 2475 3115 Ὀρᾷς
2527 3044 2644 3108 πῶς
2683 3046 2835 3099 πᾶσα
2880 3044 3073 3116 Γραφὴ
3108 3045 3453 3116 παράκλησίς
3506 3047 3623 3100 ἐστι
3672 3050 3769 3101 καὶ

2079 3130 2452 3201 παραμυθία;
2492 3130 2656 3183 ’Λλλά
2705 3131 2880 3185 ταῦτα
2933 3133 3033 3202 μὲν
3075 3132 3217 3186 κατὰ
3271 3132 3364 3185 τὸν
3419 3136 3768 3205 προσήκοντα

2078 3218 2273 3289 καιρὸν
2304 3217 2569 3290 ἐροῦμεν
2604 3219 2713 3289 πρὸ
2744 3218 2801 3272 δέ
2838 3219 3044 3272 τούτων
3073 3221 3370 3289 ἀναγκαῖον
3401 3222 3597 3284 εἰπεῖν,
3633 3224 3764 3275 πότε

2078 3306 2137 3359 τὸ
2177 3306 2381 3376 βιϐλίον
2419 3306 2576 3377 ἐδόθη
2604 3306 2795 3359 τοῦτο·
2827 3307 2889 3359 οὑ
2928 3307 3036 3379 γὰρ
3069 3308 3133 3379 δὴ
3166 3309 3224 3361 ἐν
3253 3310 3398 3380 ἀρχῇ
3419 3308 3471 3375 ἀ,
3516 3310 3637 3362 οὑδέ
3670 3311 3763 3363 εὑ-

2078 3393 2215 3459 θέως
2242 3398 2336 3447 τοῦ
2384 3394 2557 3465 Ἀδάμ
2603 3395 2900 3465 γενομένου
2936 3394 3109 3448 ταῦτα
3136 3396 3428 3466 ἐγράφετο,
3457 3397 3592 3449 ἀλλά
3624 3398 3765 3467 μετά

2077 3481 2277 3545 πολλάς
2304 3481 2530 3553 ὕστερον
2560 3481 2754 3550 γενεάς
2778 3498 2790 3512 ·
2820 3481 2915 3536 καὶ
2954 3482 3105 3549 ἀξιον
3131 3482 3367 3552 ζητῆσαι
3396 3484 3542 3546 τίνος
3574 3484 3763 3538 ἕνεκεν

2082 3570 2218 3640 μετά
2251 3569 2452 3632 πολλάς
2499 3568 2718 3640 ὕστεροι
2770 3570 2996 3637 γενεάς,
3028 3568 3124 3622 καὶ
3152 3568 3205 3622 τί
3242 3568 3443 3639 δήποτε
3487 3570 3763 3635 Ἰουδαίοις

2081 3658 2264 3728 μόνον,
2298 3656 2414 3730 [90]
2466 3659 2562 3712 καὶ
2587 3658 2710 3727 οὐχὶ
2756 3659 2925 3711 πᾶσιν
2951 3655 3291 3728 ἀνθρώποις,
3325 3659 3422 3710 καὶ
3470 3658 3523 3711 τί
3562 3659 3763 3729 δήποτε

2077 3749 2143 3817 τῇ
2188 3747 2430 3817 Ἐϐραΐδι
2458 3746 2712 3817 γλώσσῃ,
2754 3747 2847 3799 καὶ
2877 3746 3023 3809 τίνος
3062 3746 3250 3799 ἐνεκεν
3290 3746 3384 3799 ἐπὶ
3426 3746 3523 3817 τῆς
3552 3747 3761 3816 ἐρήμου

2079 3836 2244 3899 Σινᾶ;
2275 3834 2410 3888 Οὑδέ
2436 3836 2546 3907 γάρ
2573 3836 2664 3890 τόν
2679 3835 2843 3888 τόπον
2872 3833 3061 3897 ἁπλῶς
3087 3836 3114 3886 ὁ
3131 3833 3456 3898 ’Λπόστολος
3482 3839 3763 3905 παρατρέ-

2077 3940 2164 3993 χει
2182 3939 2200 3956 ⁸
2238 3921 2374 3976 ἀλλὰ
2394 3922 2692 3977 κάντεῦθεν
2724 3921 2967 3993 μεγάλην
2993 3923 3126 3993 ἡμῖν
3164 3921 3553 3994 παραδείκνυσι
3582 3934 3605 3961 ο
3624 3921 3762 3976 θεω-

2080 4011 2226 4083 ρίαν,
2253 4010 2397 4065 οὑτω
2424 4011 2599 4079 λέγων
2625 4030 2638 4043 ·
2672 4007 2859 4066 Αὗται
2883 4009 2995 4079 γάρ
3022 4012 3140 4064 εισι
3178 4009 3289 4064 δύο
3324 4008 3623 4079 διαθῆκαι,
3653 4012 3765 4080 μία

2070 4099 2191 4169 μὲν
2214 4098 2334 4154 ἀπὸ
2363 4099 2540 4167 ὅρους
2571 4098 2714 4152 Σινᾶ
2742 4101 2831 4164 εἰς
2859 4096 3150 4152 δουλείαν
3177 4096 3477 4166 γεννῶσα.

2148 4193 2211 4242 ε’.
2226 4187 2337 4241 Καὶ
2356 4187 2521 4259 ἔτερα
2540 4186 2596 4239 δέ
2621 4185 2792 4239 πλείω
2810 4184 3017 4238 τούτων
3038 4186 3338 4252 ἀναγκαῖον
3356 4186 3589 4257 ζητῆσαι
3604 4202 3618 4217 ο
3646 4184 3763 4240 ἀλλ’

2076 4274 2190 4347 ὁρῶ
2242 4276 2335 4329 τὸν
2370 4275 2561 4347 καιρὸν
2611 4275 2745 4345 ἡμῖν
2797 4274 2899 4328 οὑκ
2947 4273 3314 4344 ἐπιτρέποντα
3350 4272 3485 4344 πρὸς
3522 4272 3764 4327 τοιοῦτον

2078 4364 2296 4430 ἀφεῖναι
2325 4363 2415 4415 τὸν
2434 4362 2592 4430 λόγον
2628 4361 2863 4429 πέλαγος
2880 4377 2896 4393 °
2918 4360 3104 4430 διόπερ
3132 4359 3304 4415 ταῦτα
3327 4362 3404 4431 τῷ
3432 4362 3762 4434 προσήκοντι

2079 4447 2257 4517 καιρῷ
2283 4448 2732 4517 ταμιευσάμενοι,
2768 4447 2929 4501 πάλιν
2957 4448 3087 4517 περὶ
3116 4447 3213 4518 τῆς
3238 4446 3347 4499 τῶν
3380 4449 3560 4519 ὅρκων
3584 4448 3763 4502 ἀπαλ-

2077 4535 2252 4604 λαγῆς
2284 4535 2413 4606 ὑμῖν
2442 4534 2798 4605 διαλεξόμεθα
2822 4575 2837 4599 ,
2873 4535 2968 4588 καὶ
2996 4535 3452 4606 παρακαλέσομεν
3478 4536 3633 4606 ὑμῶν
3660 4537 3761 4607 τὴν

2077 4621 2298 4691 ἀγάπην
2354 4621 2522 4694 πολλῇ
2576 4622 2703 4692 περὶ
2760 4622 2819 4675 τὸ
2860 4624 3093 4694 πρᾶγμα
3126 4622 3284 4676 τοῦτο
3336 4624 3645 4694 χρήσασθαι
3692 4629 3758 4696 τῇ

2080 4709 2306 4781 σπουδῇ.
2348 4710 2474 4774 Πῶς
2500 4711 2610 4781 γὰρ
2648 4712 2745 4763 οὑκ
2792 4712 2992 4765 ἄτοπον
3042 4710 3260 4781 οίκέτην
3294 4712 3391 4782 μὲν
3445 4712 3519 4783 μή
3555 4714 3761 4785 τολμᾷν

2080 4795 2139 4860 ἐξ
2180 4797 2447 4868 ὀνόματος
2493 4798 2585 4851 τόν
2638 4798 2907 4868 δεσπότην
2952 4797 3043 4850 τὸν
3101 4796 3295 4851 ἐαυτοῦ
3344 4798 3567 4862 καλεῖν,
3626 4801 3761 4869 μηδὲ

2080 4884 2269 4949 ἁπλῶς
2321 4886 2418 4939 καὶ
2455 4887 2529 4950 ὡς
2575 4885 2763 4955 ἔτυχε·
2815 4886 2906 4940 τὸν
2950 4887 3007 4941 δὲ
3060 4887 3168 4941 τῶν
3201 4887 3449 4956 ἀγγέλων
3482 4888 3759 4959 Δεσπότην

2082 4974 2271 5038 ἁπλῶς
2302 4976 2395 5028 καὶ
2431 4975 2568 5046 μετὰ
2602 4975 2804 5047 πολλῆς
2843 4976 2941 5046 τῆς
2981 4978 3444 5048 καταφρονήσεως
3483 4978 3758 5049 πανταχοῦ

2082 5063 2438 5134 περιφέρειν;
2474 5063 2578 5117 κᾶν
2616 5064 2714 5133 μὲν
2763 5066 3099 5133 Εὑαγγέλιον
3147 5067 3439 5134 κατασχεῖν
3489 5065 3619 5137 δέῃ,
3660 5066 3760 5131 τάς

2082 5153 2270 5220 χεῖρας
2298 5150 2730 5220 ἀπονιψάμενος,
2777 5152 2916 5222 μετά
2956 5152 3154 5222 πολλῆς
3180 5153 3281 5222 τῆς
3318 5153 3501 5215 αἰδοῦς
3536 5154 3628 5207 καὶ
3658 5155 3761 5223 τῆς

2083 5237 2368 5301 εὐλαϐείας
2404 5238 2643 5310 φρίττων
2700 5240 2794 5291 καὶ
2844 5238 3093 5303 δεδοικὼς
3124 5240 3374 5309 κατέχεις
3400 5258 3412 5270 ·
3452 5241 3544 5294 τὸν
3576 5240 3633 5293 δὲ
3665 5244 3760 5295 τοῦ

2084 5325 2416 5394 Εὑαγγελίου
2446 5328 2724 5397 Δεσπότην
2768 5326 2954 5390 ἁπλῶς
2997 5328 3091 5380 ἐπὶ
3125 5328 3226 5399 τῆς
3260 5328 3506 5397 γλώττης
3555 5346 3758 5383 παντα-

2082 5412 2179 5483 χοῦ
2212 5413 2563 5486 περιφέρεις;
2596 5416 2782 5469 Βούλει
2839 5415 3030 5486 μαθεῖν
3060 5414 3177 5479 πῶς
3202 5415 3362 5470 αὑτὸν
3402 5415 3657 5471 καλοῦσιν
3703 5420 3760 5472 αί

2085 5501 2197 5556 ἀνω
2232 5502 2512 5574 δυνάμεις,
2539 5502 2655 5573 μεθ’
2685 5507 2817 5575 ὅσης
2846 5504 3048 5575 φρίκης
3072 5545 3086 5567 ,
3119 5505 3236 5575 μεθ’
3264 5504 3396 5576 ὅσης
3420 5506 3759 5576 ἐκπλήξεως,

2088 5590 2204 5661 μεθ’
2245 5592 2371 5646 ὅσου
2402 5592 2720 5663 θαύματος;
2770 5593 2951 5647 Εἶδον
2995 5594 3102 5647 τὸν
3145 5595 3363 5661 Κύριον
3395 5594 3760 5664 καθήμενον,

285 5701 347 5734 σ;
390 5685 451 5734 ἐν
486 5676 773 5750 παρρησίᾳ
804 5678 901 5730 καὶ
924 5677 1083 5749 δόξῃ,
1120 5679 1215 5731 καὶ
1254 5678 1495 5750 εὑρίσκω
1542 5677 1637 5733 νῦν
1686 5680 1744 5731 ἐν
1786 5681 1983 5752 ἀτιμίᾳ
2085 5680 2278 5751 φησὶν,
2320 5680 2419 5733 ἐπὶ
2456 5681 2674 5750 θρόνου
2713 5682 2962 5751 ὑψηλοῦ
2998 5681 3094 5735 καὶ
3135 5682 3477 5754 ἐπηρμένου
3502 5724 3518 5750 ,
3558 5683 3655 5737 καί
3692 5684 3764 5738 τὰ

284 5776 380 5825 καὶ
437 5772 586 5840 σιγῇ.
631 5768 741 5821 Καὶ
779 5768 971 5819 σκόπει
1005 5768 1140 5820 Θεοῦ
1204 5768 1564 5840 κηδεμονίαν·
1616 5769 1715 5822 οὐκ
1755 5770 1982 5825 ἐκάλεσε

352 5983 377 6010 ⁸
410 5981 546 6027 Savil
593 5976 747 6028 elalii
768 5977 967 6038 quidam
994 5973 1227 6032 ἐποιήσω.

354 6042 383 6084 1-
425 6044 512 6089 \lii
540 6043 659 6088 rma
683 6041 899 6097 προνοῶν
921 6040 1001 6086 καὶ
1024 6039 1298 6097 κηδόμενος.

352 6108 373 6137 -'
411 6107 545 6153 mm!
586 6104 632 6153 dx
672 6116 782 6151 crso
811 6114 980 6158 sensu,
1109 6107 1190 6157 τῆς
1214 6102 1476 6157 ξιαλέζςως.

2088 5767 2351 5837 Σεραφὶμ
2385 5767 2772 5835 είστήκεισαν
2807 5770 3010 5837 κύκλῳ
3054 5770 3275 5837 αὑτοῦ,
3311 5770 3407 5825 καὶ
3437 5770 3765 5841 ἐκέκραγον

2146 6003 2173 6019 -ι
2196 5982 2346 6046 Saxﬂ.
2370 5989 2416 6029 el
2443 5983 2629 6041 aliquoi
2665 5997 2783 6031 mss.
2810 5983 2976 6033 τοῦτο·
3004 5983 3224 6046 οὐδὲγὰρ
3248 5985 3295 6032 ἐν
3318 5985 3460 6046 ἀρχῇ.

2150 6003 2173 6019 -ι
2197 6002 2346 6029 δἨιι.
2370 6002 2416 6029 (Ἴ
2443 6002 2629 6041 aliqum
2665 6002 2783 6031 mss.
2810 6002 2976 6033 τουτο·
3004 6002 3113 6033 ouo:
3134 6002 3224 6046 γαρ
3248 6002 3295 6032 εν
3318 6002 3391 6045 αρ“
3409 6002 3460 6045 ῃ.

2150 6044 2877 6137 ‘(SaHL11196,.{y-.'.~cz,\lorc|.
2900 6048 3255 6107 τιοςαδείκκνοι,
3277 6002 3473 6109 quidam
3502 6060 3600 6097 mss
3647 6063 3696 6077 "
3720 6062 3760 6078 ὀ

2151 6122 2173 6137 νλ
2196 6123 2327 6137 υιζιιηνν

2091 6120 2327 6166 may-am
2338 6140 2348 6149 .
