4494 6672
763 366 831 422 97

748 479 948 549 ἕτερος
988 478 1136 547 πρὸς
1165 479 1271 532 τὸν
1301 477 1524 544 ἕτερον,
1561 477 1661 530 καὶ
1699 478 1938 546 ἔλεγον·
1972 477 2168 546 ’Ἄγιος
2191 518 2205 540 ,
2232 477 2416 547 ἅγιος,

746 565 912 633 ἅγιος
945 567 1160 634 Κύριος
1197 563 1436 618 στιΰαώθ
1461 581 1473 594 ·
1503 561 1742 633 πλήρης
1785 561 1952 618 πᾶσα
1985 565 2020 632 ἡ
2067 565 2144 634 γῆ
2177 564 2285 633 τῆς
2324 564 2422 616 δό-

747 653 862 720 ξης
903 652 1111 706 αὑτοῦ.
1145 649 1298 714 Εἶδες
1336 650 1454 721 μεθ’
1485 652 1613 704 ὅσου
1650 651 1848 721 φόϐου.
1894 649 2015 720 μεθ’
2045 653 2178 721 ὅσης
2221 651 2420 722 φρίκης

747 741 974 794 καλοῦσι
1025 738 1398 806 δοξολογοῦσαι
1451 740 1547 792 καὶ
1581 739 1882 810 ὑμνοῦσαι;
1919 739 1992 792 Σὺ
2043 739 2100 791 δὲ
2141 741 2198 792 ἐν
2238 739 2421 807 εὐχαῖς

753 829 850 896 μὲν
883 829 978 881 καὶ
1009 827 1310 896 ἱκετηρίαις
1354 828 1494 896 μετά
1537 827 1739 897 πολλῆς
1777 825 1935 880 αὐτὸν
1974 825 2158 890 καλεῖς
2197 827 2293 896 τῆς
2327 829 2422 896 ρα-

749 916 974 986 θυμίας,
1000 916 1089 968 ὂτε
1119 915 1362 986 φρίττειν
1395 914 1522 977 ἔδει,
1547 915 1644 969 καὶ
1665 913 2047 986 ἐγρηγορέναι,
2077 916 2170 966 κοιί¹
2195 915 2384 984 νήφειν
2405 929 2418 942 ·

749 1007 806 1056 ἐν
839 1005 1022 1075 ὅρκοις
1063 1003 1118 1056 δὲ
1168 1005 1254 1056 ὅτε
1293 1002 1401 1055 οὐδ’
1427 1003 1565 1067 ὅλως
1604 1005 1663 1056 τὸ
1705 1001 2014 1072 θαυμαστὸν
2063 1002 2224 1055 τοῦτο
2253 1002 2422 1068 ὄνομα

749 1093 1020 1162 παράγειν
1045 1091 1232 1162 ἐχρῆν,
1259 1090 1536 1154 ποικίλους
1564 1091 1714 1153 τινας
1737 1089 1830 1142 καὶ
1860 1089 2196 1160 ἐπαλλήλους
2226 1091 2422 1157 ὅρκους

752 1181 1040 1252 συνείρεις.
1083 1181 1194 1234 Καὶ
1224 1179 1354 1232 ποία
1391 1178 1716 1250 συγγνώμη,
1757 1178 1838 1242 τίς
1869 1178 1924 1231 δὲ
1947 1181 2080 1249 ἡμῖν
2111 1179 2260 1232 ἔσται
2289 1180 2421 1231 ἀπο-

751 1269 907 1337 λογία
932 1309 946 1331 .
987 1267 1088 1322 κᾶν
1141 1269 1397 1340 μυριάκις
1431 1267 1716 1336 συνήθειαν
1755 1265 2222 1337 προϐαλλώμεθα;
2249 1267 2420 1334 Λέγε-

749 1355 838 1410 ταί
864 1373 948 1417 τις
992 1355 1097 1408 τῶν
1136 1353 1332 1420 ἔξωθεν
1369 1353 1613 1425 ρητόρων
1651 1352 1756 1406 ὑπό
1796 1369 1942 1416 τινος
1973 1353 2260 1424 συνηθείας
2301 1351 2422 1406 ἀλό-

751 1462 848 1514 γου
881 1446 974 1498 τὸν
1007 1443 1176 1508 δεξιὸν
1205 1443 1442 1512 συνεχῶς
1467 1436 1616 1512 ὦμον
1641 1443 1812 1494 κινεῖν
1849 1440 2102 1512 βαδίζων,
2132 1440 2243 1494 ἀλλ’
2274 1441 2423 1509 ὅμως

753 1531 1096 1600 περιεγένετο
1120 1531 1217 1600 τῆς
1245 1528 1551 1600 συνηθείας,
1577 1529 1870 1598 καὶ¹μαχαί
1877 1545 1977 1600 ρας
2004 1529 2271 1597 ἀκονήσας
2297 1528 2426 1578 ἐκα·

747 1617 988 1688 τέρωθεν
1020 1615 1256 1688 ἐπέθηκε
1289 1617 1402 1678 τοῖς
1432 1614 1632 1686 ῶμοις,
1655 1615 1797 1668 ὥστε
1824 1615 1900 1686 τῷ
1934 1615 2083 1686 φόϐῳ
2116 1615 2216 1684 τῆς
2248 1614 2422 1683 τομῆς

751 1703 1085 1774 σωφρονίσαι
1121 1703 1183 1756 τὸ
1230 1703 1388 1774 μέλος
1427 1703 1671 1774 ἀκαίρως
1719 1703 2036 1774 κινούμενον
2063 1721 2074 1733 ·
2117 1701 2274 1756 τοῦτο
2329 1701 2422 1754 καὶ

753 1793 818 1843 ob
849 1790 1074 1860 ποίησον
1105 1791 1196 1844 ἐπί
1221 1793 1320 1860 τῆς
1348 1789 1594 1860 γλώττης
1614 1829 1629 1852 ,
1660 1791 1754 1843 καὶ
1785 1791 1904 1844 ἀντί
1937 1791 2206 1860 μαχαίρας
2240 1787 2422 1850 ἐπίθες

749 1879 887 1948 αὐτῇ
923 1879 1014 1931 τὸν
1060 1877 1222 1946 φόϐον
1275 1878 1372 1948 τῆς
1421 1878 1513 1930 τοῦ
1555 1877 1690 1930 Θεοῦ
1730 1879 2035 1942 κολάσεως,
2067 1879 2160 1931 καὶ
2197 1875 2424 1948 περιέσῃ

752 1964 988 2027 πάντως.
1028 1965 1333 2034 Ἀμήχανον
1374 1963 1480 2036 γὰρ
1507 2003 1521 2028 ,
1573 1965 1854 2036 ἀμήχανον
1905 1963 2282 2036 μεριμνῶντας
2330 1963 2424 2015 καὶ

753 2050 1152 2114 σπουδάζοντας
1200 2051 1294 2104 καλ¹
1327 2049 1487 2122 ἔργον
1532 2050 1691 2104 τοῦτο
1740 2051 2094 2120 ποιουμένους
2127 2048 2426 2120 ήττηθῆναί

751 2154 907 2192 ποτε.
953 2139 1255 2193 Ἐπαινεῖτε
1291 2138 1384 2192 νῦν
1413 2138 1480 2192 τὰ
1513 2137 1777 2210 εἰρημένα
1797 2177 1812 2202 ,
1851 2137 1965 2191 ἀλλ’
1991 2139 2114 2190 ὅταν
2147 2135 2420 2207 κατορθώ-

753 2243 905 2298 σητε,
938 2224 1200 2298 μειζόνως
1228 2226 1601 2290 ἐπαινέσεσθε,
1633 2229 1732 2296 οὐχ
1765 2227 1911 2296 ἡμᾶς
1945 2225 2126 2296 μόνον,
2161 2224 2298 2279 ἀλλά
2329 2226 2424 2277 καὶ

753 2316 898 2385 ὑμᾶς
929 2317 1156 2379 αὐτοὺς,
1193 2316 1286 2368 καί⁵
1317 2315 1456 2388 μετά
1501 2314 1744 2378 πλείονος
1774 2314 1872 2386 τῆς
1901 2313 2095 2384 ήδονῆς
2121 2313 2422 2367 ἀκούσεσθε

888 2538 1064 2556 _

1617 363 1674 418 S.
1709 359 1994 418 JOANNIS
2025 361 2518 418 CIIRYSOSTOMI
2559 360 2882 418 ARCHIEP.
2924 363 3478 422 CONSTANTINOP.

4127 373 4198 432 93

2523 475 2632 530 τῶν
2665 475 2994 548 λεγομένων,
3021 484 3114 534 καὶ
3155 479 3292 553 μετά
3321 478 3562 551 καθαροῦ
3589 479 3683 532 τοῦ
3717 483 4015 550 συνειδότος
4036 488 4198 541 καλέ-

2524 579 2646 616 σετε
2675 563 2767 618 τὸν
2798 566 2929 621 Θεὸν
2949 607 2962 632 ,
2997 567 3055 632 ὸς
3084 567 3226 622 οὕτω
3260 583 3350 620 σου
3399 565 3638 634 φείδεται
3665 607 3680 632 ,
3708 565 3784 630 ὡς
3813 569 4011 624 εἰπεῖν·
4038 574 4204 640 Μηδὲ

2521 650 2670 703 κατά
2716 650 2828 718 τῆς
2879 655 3149 722 κεφαλῆς
3177 669 3294 708 σου
3349 651 3614 720 ὀμόσῃς·
3650 653 3714 706 σὺ
3744 653 3799 706 δὲ
3831 653 4002 720 οὕτως
4038 659 4204 714 αὑτοῦ

2521 741 2886 807 καταφρονεῖς
2911 782 2924 804 ,
2953 741 3028 806 ὡς
3080 742 3172 794 καὶ
3219 737 3358 792 κατὰ
3395 739 3494 810 τῆς
3545 740 3712 794 αὑτοῦ
3746 739 3902 812 δόξης
3951 743 4200 814 ὀμνύναι.

2523 826 2632 878 Καὶ
2681 827 2734 878 τί
2769 827 2928 882 πάθω
2957 839 2998 896 ⁸,
3049 828 3210 899 φησὶ,
3247 823 3380 896 πρὸς
3426 829 3553 892 τοὺς
3585 829 3831 902 ἀνάγκην
3865 831 4198 902 ἐπάγοντας;

2523 913 2692 966 Ποίαν
2745 915 3026 988 ἀνάγκην,
3081 914 3370 986 ἀνθρωπε;
3419 915 3754 972 Μαθέτωσαν
3807 919 4080 982 άπαντες,
4121 922 4196 975 δτι

2523 999 2702 1052 πάντα
2735 1002 2928 1073 αἰρέση
2959 1003 3170 1066 παθεῖν,
3205 1001 3236 1070 ἦ
3268 999 3357 1052 τὸν
3389 1001 3484 1054 τοῦ
3511 1001 3646 1055 Θεοῦ
3676 1005 3989 1075 παραϐῆναι
4015 1007 4198 1076 νόμον.

2525 1083 2639 1158 [9|]
2670 1089 2762 1140 καὶ
2793 1090 3194 1160 ἀποστήσονται
3217 1087 3313 1158 τῆς
3345 1087 3608 1157 ἀνάγκης.
3627 1091 3748 1144 Ὀτι
3783 1093 3890 1163 γάρ
3915 1095 4014 1163 οὐχ
4043 1095 4204 1164 ὅρκος

2523 1174 2837 1238 ἀξιόπιστον
2873 1179 3046 1241 ποιεῖ,
3100 1175 3233 1230 ἀλλά
3289 1173 3403 1243 βίου
3454 1177 3731 1247 μαρτυρία
3781 1179 3875 1232 καὶ
3925 1179 4200 1238 πολιτείας

2523 1261 2808 1332 ἀκρίϐεια,
2856 1263 2948 1317 καὶ
2983 1261 3245 1334 ὑπόληψις
3278 1260 3494 1330 ἀγαθὴ,
3524 1263 3710 1316 πολλοὶ
3762 1265 4024 1329 πολλάκις
4061 1267 4202 1331 διερο

2525 1348 2773 1419 ράγησαν
2810 1349 3100 1420 ὀμνύντες,
3130 1348 3222 1401 καὶ
3248 1346 3435 1398 οὐδένα
3483 1347 3740 1414 ἔπεισαν,
3773 1349 3950 1421 ἕτεροι
3993 1351 4048 1404 δὲ
4087 1353 4204 1402 ἐπι-

2525 1435 2814 1500 νεύσαντες
2845 1438 3038 1507 μόνον,
3070 1434 3498 1503 ἀξιοπιστότεροι
3544 1435 3650 1487 τῶν
3696 1437 3931 1490 τοσαῦτα
3983 1438 4204 1506 ὀμωμο-

2526 1523 2700 1577 κότων
2753 1524 3051 1595 ἐφάνησαν.
3082 1523 3242 1576 Ταῦτ’
3281 1517 3374 1574 οῦν
3427 1521 3630 1584 εἰδότες
3669 1523 3918 1589 ἅπαντα,
3973 1521 4068 1576 κάι
4105 1523 4206 1594 τὴν

2527 1611 2786 1680 κειμένην
2819 1615 2930 1676 τοῖς
2977 1629 3033 1664 τε
3064 1609 3321 1680 ὀμνύουσι
3354 1611 3465 1672 τοῖς
3514 1623 3570 1661 τε
3615 1610 3932 1680 ἐπιορκοῖσι
3983 1609 4204 1662 κόλασιν

2529 1697 2634 1767 πρὸ
2668 1699 2774 1750 τῶν
2803 1697 3093 1768 ὀφθαλμῶν
3127 1685 3436 1766 βλέπον’τες,
3471 1695 3795 1766 άποστῶμεν
3829 1697 3926 1766 τῆς
3959 1697 4206 1766 πονηρᾶς

2528 1785 2815 1855 συνηθείας
2836 1826 2849 1850 ,
2883 1787 2948 1840 ἶν’
2979 1785 3226 1838 ἐντεῦθεν
3275 1783 3369 1837 καὶ
3403 1783 3540 1854 πρὸς
3586 1783 3654 1836 τὰ
3691 1784 3852 1836 λοιπά
3897 1783 4204 1853 βαδίζοντες

2527 1873 2929 1944 κατορθώματα
2955 1915 2967 1936 ,
3000 1873 3104 1924 τῶν
3137 1871 3438 1943 μελλόντων
3465 1870 3684 1940 ἀγαθῶν
3717 1871 4062 1942 ἐπιτύχωμεν
4081 1910 4096 1934 ,
4127 1865 4204 1924 ὧν

2527 1959 2738 2026 γένοιτο
2768 1962 2974 2023 πάντας
2999 1961 3143 2030 ἡμᾶς
3177 1957 3508 2028 ἀξιωθῆναι,
3543 1960 3727 2030 χάριτι
3756 1958 3849 2012 καὶ
3890 1957 4200 2028 φιλανθρω-

2529 2045 2631 2116 πία
2662 2045 2757 2099 τοῦ
2793 2047 2999 2120 Κυρίου
3033 2045 3188 2118 ήμῶν
3229 2045 3406 2118 Ἰησοῦ
3435 2047 3670 2117 Χριστοῦ
3695 2087 3709 2109 ,
3745 2045 3811 2098 δι’
3849 2039 3910 2098 οῦ
3953 2045 4048 2098 καὶ
4083 2044 4202 2114 μεθ’

2529 2125 2591 2185 οὗ
2625 2133 2702 2204 τῷ
2732 2136 2906 2207 Πατρὶ
2935 2137 3048 2208 ἅμα
3077 2135 3153 2206 τῷ
3185 2135 3322 2205 ἁγίῳ
3339 2134 3618 2205 Πνεύματι
3638 2133 3784 2198 δόξα,
3807 2133 4028 2205 κράτος,
4047 2131 4200 2203 τιμὴ,

2532 2218 2628 2272 νῦν
2655 2221 2750 2274 καὶ
2781 2223 2888 2286 ἀεὶ,
2920 2225 3014 2277 καὶ
3038 2225 3116 2284 εἰς
3143 2224 3266 2286 τοὺς
3297 2221 3500 2285 αἰῶνας
3528 2221 3636 2273 τῶν
3661 2220 3894 2274 αἰώνων.
3937 2221 4126 2290 Ἀμήν.

2597 2324 2622 2352 ⁸
2647 2323 2796 2374 Savil.
2824 2327 2906 2375 καὶ
2931 2331 2976 2374 τί
2999 2327 3202 2384 ποιὴσω.

1859 2539 3726 2562 —————~——-—————-—-—_——_——_,—

757 2686 1067 2758 Προτροπὴ
1095 2688 1182 2750 είς
1218 2683 1460 2753 ἀρετήν·
1505 2684 1600 2738 καί
1637 2685 1722 2748 εἰς
1771 2685 1858 2750 τὸ,
1903 2683 2227 2754 Περιεπάτει
2269 2687 2296 2736 ό
2336 2683 2468 2746 Θεὸς
2501 2685 2560 2736 τὸ
2593 2683 2818 2738 δειλινὸν
2859 2689 2915 2738 ἐν
2949 2686 3024 2756 τῷ
3069 2687 3408 2758 παραδείσῳ·
3465 2689 3561 2741 καὶ
3613 2689 3744 2755 περὶ
3802 2689 3906 2742 τοῦ
3963 2689 4204 2756 φεύγειν

2259 2775 2399 2842 τοὺς
2444 2775 2672 2842 ὅρκους.

1437 3059 1660 3129 Ὁμινίίά
1696 3067 1766 3126 η’.

831 3152 902 3208 α’.
923 3151 1160 3216 Ἐγνωτε
1183 3147 1373 3220 πρώην
1401 3146 1514 3208 πῶς
1531 3149 1678 3198 πᾶσα
1697 3145 1884 3218 Γραφὴ
1909 3145 2250 3216 παράκλησιν
2277 3144 2428 3215 φέρει

759 3243 852 3296 καὶ
892 3235 1264 3308 παραμυθίαν,
1303 3232 1406 3286 κᾶν
1450 3234 1687 3302 ἱστορίας
1718 3229 2054 3304 διήγησιςῇ·
2081 3233 2175 3285 καὶ
2205 3231 2314 3302 γὰρ
2346 3232 2428 3294 τὸ,

771 3331 875 3382 Ἐν
895 3323 1048 3394 ἀρχῇ
1072 3321 1359 3388 ἐποίησεν
1384 3323 1416 3374 ὀ
1441 3319 1584 3385 Θεὸς
1618 3319 1725 3374 τὸν
1750 3321 2010 3389 οὐρανὸν
2035 3320 2132 3372 καὶ
2161 3318 2275 3386 τὴν
2293 3316 2427 3385 γῆν,

761 3412 999 3483 ἱστορίας
1033 3407 1289 3478 ἐξήγησις
1330 3401 1418 3476 ἦν,
1447 3405 1560 3458 ἀλλ’
1593 3405 1789 3469 ἔδειξεν
1827 3408 1855 3458 ὀ
1891 3405 2048 3474 λόγος
2096 3404 2296 3474 πολλῆς
2335 3405 2428 3472 γέ-

763 3515 970 3570 μουσαν
999 3493 1354 3566 παραμυθίας
1375 3492 1475 3562 τὴν
1507 3491 1664 3561 ῥῆσιν
1685 3507 1698 3520 ·
1731 3485 1863 3554 οἷον,
1890 3491 1974 3556 ότι
2003 3491 2196 3560 διπλῆν
2228 3491 2432 3560 τράπε-

760 3589 860 3652 ζαν
880 3588 908 3638 ὁ
930 3585 1063 3646 Θεὸς
1093 3581 1336 3650 ἐποίησε,
1366 3579 1470 3648 γῆν
1493 3580 1585 3630 καὶ
1608 3578 1876 3630 θάλατταν
1901 3577 2038 3646 ὁμοῦ
2069 3576 2310 3648 προθεὶς,
2337 3579 2430 3630 καὶ

763 3673 1060 3743 φωστῆρας
1090 3667 1331 3732 διπλοῦς,
1369 3667 1518 3737 ἥλιον
1548 3665 1642 3720 καὶ
1673 3666 1923 3736 σελήνην,
1961 3664 2172 3733 άνάψας
2201 3664 2429 3727 ἄνωθεν,

761 3762 856 3814 καὶ
878 3756 1067 3812 διπλοῦ
1099 3755 1298 3828 δρόμου
1325 3752 1538 3824 καιρὸν,
1565 3752 1778 3824 ἡμέραν
1807 3752 1900 3805 καὶ
1929 3753 2098 3804 νύκτα
2121 3751 2432 3820 ἐργασάμε-

771 3865 874 3911 Ιρος,
913 3845 1006 3900 καὶ
1035 3844 1132 3912 τὴν
1175 3843 1268 3910 μὲν
1313 3843 1392 3902 είς
1421 3840 1706 3910 ἐργασίαν,
1745 3840 1842 3908 τὴν
1877 3838 1932 3890 δέ
1983 3840 2063 3899 εἰς
2103 3838 2431 3890 ἀνάπαυσιν.

833 3933 908 3986 Οὐ
943 3931 1052 3999 γάρ
1085 3929 1342 3980 ἐλάττονα
1371 3924 1471 3992 τῆς
1502 3926 1712 3994 ἡμέρας
1751 3925 1882 3992 ἡμῖν
1915 3922 2158 3992 εἰσφέρει
2188 3921 2431 3994 λειτουρ-

762 4022 885 4091 γίαν
922 4022 954 4090 ἡ
986 4015 1118 4082 νύξ·
1147 4013 1260 4068 ἀλλ’
1292 4012 1482 4080 ὥσπερ
1507 4011 1597 4062 ἐπὶ
1631 4011 1736 4062 τῶν
1767 4009 1997 4080 δένδρων
2022 4005 2189 4072 εἷπον,
2223 4008 2432 4062 ὅτιτῶν

763 4107 1056 4176 ἐγκάρπων
1081 4100 1148 4154 τά
1182 4099 1406 4170 ἄκαρπα
1445 4096 1736 4166 ἐφάμιλλον
1767 4095 2063 4166 παρέχεται
2098 4094 2306 4164 χρείαν,
2333 4094 2433 4146 οὐκ

764 4193 1136 4262 ἀναγκάζοντα
1183 4189 1330 4258 ἡμᾶς
1357 4185 1466 4238 τῶν
1503 4186 1726 4256 ἡμέρων
1765 4185 2028 4238 ἅπτεσθαι
2077 4183 2310 4254 δένδρων
2351 4185 2431 4246 εἰς

765 4283 862 4345 τὰς
889 4278 1191 4346 οἰκοδομάς·
1221 4275 1313 4328 καὶ
1339 4275 1444 4328 τῶν
1470 4273 1693 4342 ἡμέρων
1711 4271 1864 4335 ζώων
1892 4273 1990 4326 οὐκ
2010 4272 2266 4325 ἐλάττονα
2292 4287 2432 4340 παρ-

763 4367 945 4436 έχεται
991 4363 1178 4434 χρείαν
1226 4362 1358 4429 ήμῖν
1413 4359 1482 4410 τὰ
1527 4359 1696 4426 ἄγρια
1743 4359 1836 4410 καί.
1886 4359 2158 4428 ἀνήμερα,
2213 4357 2308 4409 καὶ
2355 4355 2434 4425 τῷ

765 4453 916 4522 φόϐῳ
931 4451 1065 4522 πρὸς
1079 4446 1174 4509 τὰς
1202 4445 1384 4506 πόλεις
1413 4445 1558 4512 ἡμᾶς
1583 4441 1992 4506 συνελαύνοντα,
2021 4444 2115 4494 καὶ
2145 4459 2433 4512 προσεκτι-

765 4540 1034 4609 κωτέρους
1072 4532 1361 4590 ποιοῦντα.
1414 4531 1508 4583 καὶ
1553 4529 1921 4597 συσφίγγοντα
1969 4528 2102 4597 πρὸς
2151 4529 2430 4598 ἀλλήλους,

765 4627 859 4680 καὶ
887 4623 994 4676 τῶν
1021 4623 1116 4693 μὲν
1147 4621 1247 4690 τὴν
1269 4617 1495 4688 δύναμιν
1519 4616 1948 4686 ἐγγυμνάζοντα,
1977 4615 2083 4668 τῶν
2110 4617 2166 4668 δὲ
2189 4618 2254 4670 τὰ
2277 4619 2434 4688 you-7"-

767 4729 914 4782 ματα
943 4709 1137 4762 λύοντα
1166 4705 1357 4774 (πολλά
1391 4703 1499 4773 γάρ
1530 4703 1591 4769 ἐξ
1616 4704 1838 4757 ἐκείνων
1870 4703 1940 4755 τά
1973 4703 2240 4773 φάρμακα
2265 4721 2432 4756 κατα-

765 4797 1120 4860 σκευάζουσιν
1166 4791 1366 4862 ἰατρῶν
1419 4791 1651 4858 παῖδε-ς),
1698 4791 1792 4842 καὶ
1847 4789 1947 4860 τῆς
2005 4791 2240 4853 παλαιᾶς
2289 4794 2432 4862 ἡμᾶς

763 4885 1034 4956 ἁμαρτίας
1052 4881 1556 4951 ἀναμιμνήσκοντα.
1574 4879 1740 4931 Ὅταν
1755 4879 1862 4948 γὰρ
1875 4877 2007 4931 ἀκού
2017 4895 2110 4942 σω,
2127 4879 2208 4931 ὅτι
2229 4881 2434 4932 Ἔσται

765 4975 796 5022 ό
829 4972 1011 5040 φόϐος
1041 4967 1205 5037 ὑμῶν
1237 4967 1334 5018 καὶ
1370 4968 1402 5018 ό
1427 4966 1642 5032 τρόμος
1674 4963 1771 5016 ἐπὶ
1803 4963 1998 5016 πάντα
2025 4967 2096 5018 τὰ
2126 4965 2298 5032 θηρία
2324 4965 2432 5032 τῆς

767 5057 897 5126 γῆς,
929 5051 1046 5108 εἶτα
1067 5055 1164 5122 τὴν
1189 5051 1352 5121 τιμὴν
1375 5049 1914 5122 ἀκρωτηριασθεῖσαν
1939 5051 2030 5103 ἴδω
2053 5052 2272 5121 ταύτην,
2305 5053 2432 5106 ἁνα-

769 5144 1148 5214 μιμνήσκομαι
1175 5139 1274 5208 τῆς
1313 5139 1604 5206 ἁμαρτίας.
1635 5140 1668 5207 ἢ
1699 5138 1792 5190 καὶ
1837 5137 1926 5189 τὸν
1961 5138 2121 5204 φόϐον
2143 5140 2299 5208 ἡμῶν
2340 5141 2430 5206 ἐξ-

766 5234 944 5296 έλυσε,
986 5231 1079 5283 καὶ
1111 5229 1210 5298 τὴν
1259 5225 1431 5296 ἀρχὴν
1461 5225 1784 5296 ύπετέμετο,
1827 5225 1922 5277 καὶ
1956 5225 2173 5295 γίνομαι
2211 5225 2430 5294 βελτίων

767 5321 861 5374 καὶ
896 5315 1348 5386 σωφρονέστερος,
1395 5311 1582 5384 μαθὼν
1627 5313 1723 5383 τὴν
1753 5315 1816 5366 ἐκ
1858 5313 1954 5382 τῆς
1991 5313 2263 5382 ἁμαρτίας
2299 5317 2430 5384 ἡμῖν

765 5403 1135 5476 γεγενημένην
1163 5415 1188 5442 α
1221 5401 1442 5472 ζημίαν.
1490 5402 1700 5469 Ὠσπερ
1746 5395 1858 5456 οὖν.
1888 5401 2025 5468 ὅπερ
2075 5400 2230 5468 ἔφην,
2273 5403 2332 5453 ού
2371 5403 2431 5455 τὸ

765 5493 926 5566 τυχὸν
957 5492 1038 5553 εἰς
1072 5490 1163 5542 τὸν
1189 5489 1300 5559 βίον
1333 5490 1461 5557 ἡμῖν
1493 5487 1736 5540 συντελεῖ
1767 5486 1941 5540 ταῦτά
1975 5505 2031 5539 τε
2063 5487 2130 5542 τά
2165 5489 2429 5558 εἰρημένα

764 5583 859 5634 καὶ
885 5580 1050 5648 ’έτερα
1073 5575 1240 5628 πλείω
1267 5575 1488 5638 τούτων,
1510 5575 1650 5645 ειπερ
1671 5574 1700 5624 ὁ
1723 5573 1950 5642 ποιήσας
1975 5569 2082 5626 οἶδε
2103 5573 2232 5637 Θεός
2251 5591 2265 5604 ·
2289 5575 2430 5627 οὕτω

764 5668 828 5738 δὴ
859 5667 952 5721 καὶ
973 5668 1006 5736 ἡ
1039 5662 1136 5728 νὺξ
1156 5662 1256 5714 οὐκ
1285 5661 1542 5714 ἐλάττονα
1579 5662 1676 5730 τῆς
1705 5659 1921 5730 ἡμέρας
1945 5660 2183 5731 εἰσφέρει
2211 5663 2426 5732 χρῆσιν,

765 5755 1067 5814 ἀνάπαυσις
1097 5747 1228 5805 οὖσα
1263 5747 1460 5812 πόνων,
1495 5749 1587 5801 καί¹
1617 5749 1906 5817 φάρμακον
1932 5743 2064 5800 οὖσα
2086 5751 2424 5819 νοσημάτων.

829 5912 856 5976 ε
881 5911 1032 5976 Savil.
1049 5909 1309 5976 .olquiﬂam
1335 5921 1445 5976 mss.
1471 5909 1787 5976 éjf.'-._-zop£-mv_
1811 5908 1918 5976 hjox
1945 5912 2139 5973 quidam
2165 5925 2261 5962 mss
2296 5913 2426 5976 ἴςηκι,

768 5975 844 6024 καὶ
871 5975 927 6024 τά
949 5972 1142 6024 nudus:
1173 5973 1232 6022 εἷς
1257 5972 1333 6018 τὸν
1357 5972 1454 6019 ρίου
1481 5974 1606 6034 imi“.
1639 5973 1844 6019 σ·.·“.’ῑεῗ·ττ

2539 3059 2804 3123 Πολλάκις
2828 3061 2958 3128 γοῦν
2991 3063 3167 3132 ἱατροί
3197 3062 3366 3117 πολλα
3395 3063 3966 3134 πραγματευσάμενοι,
3995 3065 4090 3117 καὶ
4115 3083 4206 3134 ps3-

2541 3145 2629 3216 ρία
2663 3149 3170 3212 κατασκευάσαντες
3196 3151 3481 3220 φάρμακα,
3515 3151 3612 3202 ούκ
3641 3151 3866 3218 ἴσχυσαν
3897 3151 4204 3216 ἀπαλλάξαι

2540 3230 2654 3304 [92]
2681 3232 2780 3302 τῆς
2813 3234 3124 3304 ἀρρωστίας
3145 3234 3238 3286 τὸν
3271 3235 3548 3304 κάμνοντα
3571 3253 3584 3266 ·
3620 3235 3784 3299 ὕπνος
3810 3237 3866 3290 δὲ
3901 3238 4204 3308 αὐτόματος

2538 3317 2800 3382 ἐπελθὼν,
2829 3319 2891 3371 τὸ
2928 3321 3037 3372 πᾶν
3075 3320 3231 3372 ἔλυσε
3274 3321 3508 3391 νόσημα,
3549 3323 3644 3376 καὶ
3681 3324 3788 3376 τῶν
3829 3325 4036 3396 μυρίων
4063 3327 4204 3377 ἐκεί-

2536 3419 2659 3468 νους
2679 3405 2955 3476 ἀπήλλαξε
2984 3407 3162 3460 πόνων
3183 3425 3194 3438 ·
3231 3409 3292 3460 οὐ
3331 3409 3518 3462 παθῶν
3555 3409 3612 3461 δὲ
3659 3409 3988 3480 σωματικῶν
4022 3411 4200 3481 μόνον,

2537 3489 2674 3543 ἀλλά
2695 3493 2789 3544 καὶ
2813 3493 3059 3562 ψυχικῶν
3081 3495 3404 3563 νοσημάτων
3433 3497 3548 3549 ἐστὶ
3571 3497 3860 3567 φάρμακον
3891 3500 3922 3568 ή
3959 3497 4054 3564 νὺξ
4077 3499 4205 3550 ἀνα-

2535 3577 2781 3630 παύουσα
2805 3581 2902 3643 τὰς
2929 3581 3268 3650 όδυνωμένας
3293 3583 3490 3651 ψυχάς.
3521 3583 3784 3647 Πολλάκις
3809 3585 3943 3652 γοῦν
3981 3603 4065 3648 τις
4103 3587 4206 3638 ἀπ-

2535 3663 2724 3718 έϐαλεν
2743 3667 2880 3730 υἱὸν,
2913 3669 3008 3720 καὶ
3039 3669 3250 3739 μυρίων
3283 3671 3457 3739 μυρία
3501 3671 3959 3740 παρακαλούντων
3981 3675 4081 3725 οὐκ
4109 3675 4202 3742 ήν-

2535 3749 2725 3822 έσχετο
2749 3753 2856 3805 τῶν
2883 3754 3096 3823 θρήνων
3129 3757 3432 3826 ἀποστῆναι
3464 3758 3558 3809 καὶ
3583 3758 3680 3825 τῆς
3715 3761 3980 3830 οἰμωγῆς·
4013 3761 4203 3824 νυκτὸς

2532 3837 2588 3890 δὲ
2631 3839 2982 3909 ἐπελθούσης,
3026 3836 3133 3905 εἶξε
3165 3845 3230 3912 τῇ
3275 3843 3552 3912 τυραννίδι
3591 3845 3682 3896 τοῦ
3727 3845 3894 3898 ὕπνου
3927 3847 4201 3916 ἡττηθεὶς,

2535 3926 2626 3978 καὶ
2653 3926 2720 3978 τὰ
2747 3925 2991 3997 βλέφαρα
3029 3930 3404 3998 κατεκοίμισε,
3431 3929 3524 3981 καὶ
3554 3931 3756 3998 μικράν
3783 3949 3902 3984 τινα
3928 3934 4036 3984 τῶν
4073 3935 4202 3986 καθ-

2530 4013 2806 4084 ημερινῶν
2837 4013 2866 4053 Β
2898 4014 3086 4068 κακῶν
3127 4015 3480 4085 παραμυθίαν
3515 4015 3696 4069 ἔλαϐε.
3729 4017 3864 4088 Φέρε
3908 4019 3972 4089 δὴ
4018 4020 4202 4074 λοιπὸν

2532 4099 2666 4170 πρὸς
2692 4099 2790 4171 τὴν
2818 4100 3076 4153 ὑπόθεσιν
3105 4103 3296 4170 ἴωμεν,
3325 4102 3418 4168 ἀφ’
3445 4097 3514 4173 ἦς
3554 4104 3648 4155 καὶ
3679 4103 3851 4157 ταῦτα
3878 4107 4198 4176 εἰρήκαμεν.

2531 4187 2642 4240 Καὶ
2665 4187 2774 4257 γάρ
2801 4183 2861 4238 εὖ
2899 4182 3017 4238 οἶδα
3042 4187 3124 4238 ὅτι
3159 4187 3294 4256 πρὸς
3327 4187 3530 4258 ταύτην
3561 4192 3820 4260 κεχήνατε
3851 4193 4072 4256 πάντες,
4111 4195 4202 4248 καὶ

2531 4274 2760 4336 ἕκαστος
2795 4271 2946 4340 ὑμῶν
2971 4271 3153 4324 ὠδίνει
3187 4272 3378 4342 μαθεῖν
3413 4275 3558 4338 τίνος
3586 4275 3771 4328 ἕνεκεν
3815 4278 3916 4330 οὐκ
3941 4277 3998 4344 ἐξ
4029 4281 4202 4350 ἀρχῆς

2533 4363 2593 4414 τὸ
2627 4361 2832 4432 βιϐλίον
2875 4361 3032 4414 τοῦτο
3071 4361 3250 4430 ἐδόθη,
3290 4363 3406 4416 ἀλλ’
3429 4365 3550 4416 ούδέ
3591 4365 3690 4418 νῦν
3717 4366 3828 4436 ὁρῶ
3873 4368 3964 4418 τὸν
4011 4369 4202 4438 καιρὸν

2533 4449 2662 4504 ὄντα
2685 4450 2783 4520 τῆς
2809 4448 3116 4518 ἐξηγήσεως
3149 4448 3369 4518 ταύτης.
3411 4450 3474 4502 Τί
3513 4451 3749 4520 δήποτε;
3781 4453 3924 4525 Πρὸς
3951 4455 4014 4506 τὸ
4051 4455 4202 4518 τέλος

2533 4539 2662 4606 ἡμῖν
2687 4539 2720 4606 ή
2765 4535 2999 4602 ἐϐδομάς
3027 4537 3330 4606 ἀπήντησε,
3377 4539 3470 4590 καὶ
3495 4539 3712 4592 δέδοικα
3752 4540 3852 4609 τῆς
3893 4541 4202 4606 ὑποθέσεως

2533 4623 2796 4690 ἅψασθαι,
2826 4617 2946 4673 εἶτα
2977 4621 3178 4684 εὐθέως
3205 4624 3434 4694 ἐγκόψαι
3457 4627 3556 4696 τὴν
3585 4626 3954 4682 διδασκαλίαν.
3985 4629 4201 4684 Πολλῶν

2532 4709 2640 4780 γὰρ
2665 4707 2860 4778 ἐφεξῆς
2887 4707 3109 4778 ἡμερῶν
3132 4711 3260 4779 ἡμῖν
3293 4714 3324 4782 ή
3356 4712 3611 4776 ὑπόθεσις
3636 4714 3804 4768 δεῖται
3825 4716 3920 4768 καὶ
3949 4715 4201 4786 συνεχοῦς

2533 4793 2634 4862 τῆς
2671 4794 2922 4863 μνήμης·
2961 4793 3042 4847 διὸ
3080 4795 3240 4848 πάλιν
3275 4797 3446 4868 αὐτὴν
3474 4799 3890 4870 ἀναϐαλώμεθα.
3934 4801 4096 4854 Ἀλλά
4127 4803 4200 4872 μὴ

2532 4879 2919 4950 δυσχεράνητε,
2959 4882 3096 4950 μετά
3133 4885 3293 4936 τόκου
3335 4887 3551 4948 πάντως
3595 4887 3723 4956 ὑμῖν
3761 4887 4114 4960 ἀποδώσομεν
4141 4889 4200 4940 τὸ

2533 4965 2718 5036 χρέος·
2755 4964 2898 5018 οὕτω
2928 4967 3035 5039 γάρ
3063 4968 3156 5020 καὶ
3185 4971 3313 5040 ήμίν
3346 4981 3368 5008 ε
3402 4973 3512 5032 τοῖς
3549 4972 3946 5025 καταϐάλλουσι
3993 4975 4200 5042 συμφέ-

2537 5068 2646 5123 ρει·
2681 5052 2818 5114 τέως
2849 5052 2905 5104 δὲ
2932 5053 2994 5105 τὸ
3039 5054 3164 5125 χθὲς
3213 5057 3581 5126 παραλειφθὲν
3617 5058 3848 5128 ἐροῦμεν
3881 5058 3997 5112 νῦν.
4034 5060 4098 5110 Τί
4143 5061 4200 5112 δὲ

2533 5137 2593 5190 τὸ
2625 5138 2750 5208 χθὲς
2781 5140 3152 5211 παραλειφθὲν
3179 5139 3280 5214 ἦν;
3307 5141 3672 5211 Περιεπάτει,
3697 5146 3880 5214 φησὶν,
3907 5149 3939 5198 ό
3963 5145 4106 5211 Θεὸς
4133 5147 4202 5199 ἐν

2531 5225 2612 5290 τῷ
2645 5226 2982 5293 παραδείσῳ
3016 5230 3081 5282 τὸ
3123 5229 3408 5282 δειλινόν.
3449 5229 3510 5280 Τί
3555 5230 3752 5298 λέγεις,
3795 5233 3916 5286 εἰπέ
3948 5251 4058 5304 μοι,
4089 5237 4200 5286 Πε-

2523 5312 2790 5380 ριεπάτει
2829 5316 2860 5367 ό
2903 5317 3080 5380 Θεός;
3117 5317 3191 5369 Οὐ
3240 5316 3556 5386 περιεπάτει
3593 5319 3622 5370 ὁ
3655 5319 3787 5384 Θεός
3811 5337 3824 5350 ο
3872 5321 3988 5380 πῶς
4016 5327 4122 5392 γάρ
4169 5324 4198 5374 ό

2535 5401 2805 5471 πανταχοῦ
2831 5403 3043 5474 παρὼν,
3071 5405 3165 5459 καὶ
3191 5403 3258 5456 τὰ
3291 5404 3465 5458 πάντα
3499 5407 3602 5478 πλη
3613 5408 3754 5476 ρῶν;
3787 5409 3923 5463 ἀλλά
3947 5409 4199 5476 τοιαύτην

2533 5485 2782 5558 αἴσθησιν
2803 5491 3026 5562 ἐνέθηκε
3058 5493 3132 5561 τῷ
3171 5490 3360 5560 Ἀδὰμ,
3393 5492 3460 5544 ἵν’
3485 5493 3678 5548 ἐαυτὸν
3703 5513 3761 5548 συ
3773 5497 3978 5568 στείλῃ,
4013 5497 4100 5549 ἵνα
4125 5497 4200 5566 μὴ

2531 5571 2918 5644 διακεχυμένος
2949 5573 3004 5648 ᾗ,
3038 5577 3124 5630 ἵνα
3163 5577 3224 5629 τὸ
3267 5581 3456 5646 φυγεῖν
3499 5583 3594 5636 καὶ
3633 5583 3904 5654 κρυϐῆναι
3949 5583 4115 5652 μέρος
4151 5600 4200 5634 τι

2531 5659 2630 5730 τῆς
2663 5663 2957 5730 ἀπολογίας
2987 5663 3324 5734 προϐάληται
3359 5666 3386 5704 ἀ
3423 5669 3516 5722 καὶ
3549 5670 3654 5739 πρὸ
3677 5671 3784 5723 τῶν
3821 5667 4081 5739 ῥημάτων
4106 5671 4202 5723 αὐ-

2591 5849 2620 5919 ξι
2647 5851 2797 5919 ξιιιιί.
2827 5850 3003 5919 et_d_uo_
3023 5865 3135 5919 mss_.
3161 5856 3492 5919 μεθημερινῶν.

2597 5913 2614 5940 τ
2645 5912 2794 5959 Savil.
2824 5913 3028 5971 miﬁpiv
3051 5915 3127 5961 καὶ
3155 5912 3280 5974 ἡμῖν.

3237 5979 3256 5998 Ι

2597 5975 2620 6012 ιῖ
2649 5974 2746 6022 Alii
2771 5979 2819 6022 Cl
2844 5975 2974 6023 533.21!
3021 5992 3126 6036 τςοι
3147 5994 3192 6024 τι
3205 5979 3449 6037 sci-301,27.
