4494 6682
442 386 510 440 97
1334 375 1425 428 AD
1464 373 1787 432 POPULUM
1829 373 2324 432 ANTlOCHENUM
2387 373 2620 432 IIOMIL.
2664 377 2798 433 VIII.
3660 391 3730 449 93

443 494 612 546 nabant
663 510 681 548 :
733 494 996 555 Sanctus,
1048 498 1287 554 sanctus,
1335 504 1538 547 sanctus
1592 492 1841 545 Dominus
1897 489 2030 545 Deus

442 582 873 657 Sabaotlt:plena
905 583 1069 638 omnis
1102 591 1235 636 terra
1263 585 1427 654 gloria
1460 587 1568 656 ejus
1603 584 1768 656 (Isai.
1806 583 1858 637 6.
1893 583 2025 647 1-3).

448 677 627 731 Vidisti
652 693 771 732 cum
795 684 996 745 quanto
1028 674 1218 728 timore
1237 716 1253 740 ,
1279 688 1475 745 quanto
1502 677 1727 730 horrore
1754 676 2032 729 nominant

448 782 562 820 eum
591 769 947 838 glorificantes
977 774 1032 819 et
1075 766 1393 822 laudantes?
1414 769 1493 822 Tu
1534 783 1662 821 vero
1705 768 1755 819 in
1784 767 2031 835 precibus

444 860 652 925 quidem
683 869 735 914 et
760 857 1237 927 supplicationibus
1264 874 1381 913 cum
1409 863 1579 914 multo
1606 865 1822 918 invocas
1859 861 2029 929 ipsum

445 961 677 1017 torpore,
704 949 919 1020 quando
950 949 1261 1003 horrescere
1290 954 1590 1019 Oportebat,
1620 960 1676 1006 et
1700 952 1917 1020 vigilare
1936 992 1949 1015 ,
1980 960 2033 1006 et

444 1040 679 1094 sobrium
737 1056 857 1097 esse
887 1058 899 1093 :
936 1040 988 1091 in
1021 1039 1249 1105 jurando
1297 1058 1424 1096 vero
1448 1085 1461 1105 ,
1494 1060 1615 1099 cum
1673 1060 1769 1098 neo
1816 1045 2033 1098 omnino

446 1127 707 1185 adducere
756 1130 1071 1186 admirabile
1119 1146 1309 1185 nomen
1362 1136 1679 1202 oportebat,
1714 1136 1857 1187 varia
1888 1151 2035 1204 qtuc-

446 1217 567 1274 dam
593 1231 644 1277 et
670 1224 772 1277 alia
794 1237 957 1290 super
983 1221 1087 1274 alia
1111 1226 1386 1279 connectis
1410 1228 1734 1293 juramenta.
1774 1227 1835 1280 Et
1861 1228 2036 1294 qualis

445 1312 631 1378 venia,
659 1330 775 1383 qua:
816 1327 946 1365 vero
990 1310 1144 1366 nobis
1182 1316 1283 1367 erit
1324 1319 1631 1383 excusatio,
1676 1318 1803 1372 licet
1844 1317 2040 1372 millies

446 1404 884 1458 consuetudinem
937 1401 1251 1469 objieiamus
1284 1406 1306 1446 ‘P
1361 1407 1563 1461 Dicitur
1618 1406 1759 1477 quod
1820 1407 2035 1476 quidam

449 1501 787 1547 externorum
818 1503 1091 1547 oratorum
1123 1491 1196 1562 (η)
1238 1510 1345 1562 prce
1369 1499 1593 1565 quadam
1625 1500 1786 1552 stulta
1812 1512 2043 1552 consue-

453 1582 631 1637 tudine
654 1584 932 1639 dexterum
964 1581 1141 1635 eundo
1193 1583 1466 1639 humerum
1506 1588 1724 1643 assidue
1754 1589 2033 1651 movebat,

447 1672 541 1725 sed
583 1684 757 1728 tamen
804 1671 1250 1728 consuetudinem
1298 1676 1458 1743 vicit,
1510 1688 1563 1732 et
1606 1679 1814 1748 gladios
1854 1688 2040 1733 acutos

446 1763 713 1831 utrimque
738 1763 974 1818 humeris
1003 1763 1275 1831 imposuit,
1311 1777 1364 1820 ut
1387 1769 1620 1824 vulneris
1648 1773 1839 1825 timore
1870 1788 2041 1824 metu-

446 1852 599 1907 brum
623 1855 800 1923 inepte
828 1869 889 1909 se
923 1868 1144 1908 movens
1182 1858 1508 1926 corrigeret:
1543 1860 1643 1914 hoc
1671 1871 1723 1915 et
1754 1869 1807 1915 tu
1850 1863 2041 1930 lingme

446 1939 635 2007 facias,
670 1952 724 1998 et
755 1945 855 2014 ipsi
889 1959 986 2013 pro
1010 1944 1186 2013 gladio
1220 1946 1411 2001 divinrc
1454 1965 1625 2018 puum
1666 1952 1912 2006 timorem
1944 1954 2045 2006 im-

448 2046 618 2100 pone,
648 2046 703 2090 et
747 2036 969 2090 omnino
1014 2038 1309 2105 superabis.
1347 2040 1675 2110 Impossibile
1720 2046 1899 2108 enim,
1938 2046 2041 2099 im-

451 2127 736 2194 possibile,
783 2129 999 2198 inquam
1027 2168 1040 2192 ,
1083 2140 1165 2183 est
1216 2132 1532 2189 meditantes
1560 2145 1613 2189 et
1659 2136 1937 2191 studentes
1989 2149 2043 2194 et

450 2229 583 2283 opus
625 2218 727 2273 hoc
776 2219 1034 2274 facientes
1082 2236 1332 2290 umquam
1387 2228 1649 2293 superari.
1695 2228 1843 2281 Dicta
1898 2245 2040 2284 nunc

452 2306 674 2362 laudatis
693 2349 709 2373 ,
741 2310 837 2363 sed
868 2325 989 2365 cum
1020 2313 1249 2365 correcti
1269 2314 1501 2379 fueritis,
1529 2318 1697 2387 magis
1725 2318 2042 2391 laudabitis,

515 2488 585 2550 (α)
618 2489 995 2538 Demosthenes.

2140 506 2245 544 non
2273 500 2474 545 tantum
2509 508 2604 548 nos
2624 537 2639 560 ,
2664 495 2757 549 sed
2784 504 2836 549 et
2864 511 2957 552 vos
2987 500 3131 568 ipsos
3152 542 3165 563 ,
3185 509 3239 555 et
3269 517 3387 558 cum
3417 505 3622 575 majore
3647 526 3731 561 νη-

2138 581 2340 649 luptate
2360 583 2585 638 audietis
2611 602 2728 653 qua:
2758 586 3036 657 dicentur,
3064 600 3115 647 et
3140 608 3260 647 cum
3291 609 3417 663 pura
3448 602 3729 655 conscien-

2140 674 2208 726 tia
2244 674 2405 726 Demn
2433 676 2766 743 invocabitis,
2801 681 2889 748 qui
2917 692 3117 737 tantum
3146 684 3238 738 tibi
3272 687 3459 754 parcit,
3486 700 3541 741 ut
3567 692 3730 758 dicat,

2141 764 2324 833 Neque
2359 783 2447 835 per
2472 779 2621 838 caput
2648 779 2786 822 tuum
2802 772 3003 839 jurabis
3026 774 3238 845 (Illattlt.
3264 778 3317 832 5.
3350 778 3489 849 36);
3521 790 3574 833 tu
3606 798 3730 837 vero

2138 859 2217 913 sic
2247 859 2416 926 ipsum
2444 862 2745 916 contemnis
2765 905 2780 928 ,
2810 872 2863 916 ut
2900 874 2951 918 et
2983 880 3081 934 per
3114 868 3275 937 ipsius
3304 871 3530 940 gloriam
3556 874 3729 943 jures.

2139 949 2205 1002 Et
2232 949 2356 1017 quid
2389 949 2577 1004 faciam
2605 994 2619 1017 ,
2659 954 2862 1023 inquiet
2906 957 3097 1027 aliquis
3123 1000 3135 1018 ,
3169 960 3423 1016 adversus
3463 980 3557 1019 eos
3581 1007 3596 1031 ,
3644 968 3732 1036 qui

2138 1041 2514 1095 necessitatem
2583 1043 2879 1099 inducunt?
2939 1047 3161 1115 Qualem
3236 1054 3647 1118 necessitatem,
3703 1072 3734 1109 o

2140 1130 2345 1184 homo?
2383 1132 2598 1186 Discant
2642 1148 2829 1190 omnes
2874 1146 2924 1191 te
2969 1141 3147 1193 omnia
3193 1142 3352 1197 malle
3404 1145 3540 1212 pati,
3571 1162 3732 1215 quam

2142 1220 2234 1274 Dei
2257 1222 2425 1291 legem
2445 1224 2766 1290 transgredi,
2785 1235 2838 1279 et
2864 1227 2930 1281 ab
2957 1229 3224 1285 inferenda
3256 1236 3574 1291 necessitate
3596 1238 3738 1291 desi-

2141 1320 2300 1365 stent.
2332 1312 2484 1378 Quod
2504 1316 2644 1368 enim
2678 1332 2782 1370 non
2811 1317 3172 1383 juramentum
3199 1324 3302 1379 fide
3322 1325 3537 1395 dignum
3562 1328 3739 1382 homi-

2144 1417 2263 1455 nem
2296 1403 2478 1469 faciat,
2507 1406 2602 1459 sed
2649 1409 2771 1461 vita:
2805 1411 3198 1477 testimonium,
3232 1424 3285 1468 et
3315 1420 3739 1475 conversationis

2144 1491 2416 1560 integritas
2437 1536 2451 1559 ,
2479 1504 2531 1549 ct
2561 1513 2711 1552 mens
2743 1500 2877 1553 bona
2901 1544 2914 1566 ,
2947 1518 3091 1573 szepe
3122 1505 3270 1558 multi
3296 1507 3539 1576 jurantes
3565 1511 3741 1565 disnt-

2147 1583 2219 1649 pti
2266 1596 2385 1637 sunt
2411 1626 2426 1650 ,
2455 1595 2511 1640 et
2551 1603 2657 1641 non
2706 1604 3116 1660 persuaserunt;
3150 1597 3238 1650 alii
3282 1614 3413 1652 vero
3443 1611 3739 1657 aunuentes

2148 1682 2381 1739 tantum,
2430 1680 2597 1732 multo
2638 1680 2831 1749 juratis
2882 1683 2985 1738 ﬁde
3034 1686 3303 1756 digniores
3355 1702 3742 1760 apparuerunt.

2149 1764 2274 1819 Ηωο
2306 1768 2461 1836 igitur
2507 1773 2683 1825 omnia
2728 1776 2960 1829 scientes
2981 1818 2994 1841 ,
3024 1786 3077 1830 et
3108 1793 3318 1847 poenam
3356 1781 3662 1850 jurantibus
3690 1795 3746 1839 ct

2151 1857 2508 1924 pejerantibus
2559 1873 2809 1919 statutam
2866 1877 2990 1922 ante
3042 1871 3228 1925 oculos
3282 1886 3587 1942 ponentes,
3636 1878 3743 1930 im-

2152 1949 2315 2014 proha
2347 1954 2733 2008 consuetudine
2754 1956 3094 2023 absistamus,
3122 1970 3178 2014 ut
3208 1963 3334 2017 hinc
3363 1972 3417 2017 et
3445 1966 3509 2018 ad
3543 1966 3745 2036 reliqua

2149 2039 2459 2106 gradientes
2490 2042 2701 2098 virtutis
2731 2062 2914 2116 opera,
2942 2065 3335 2121 consequamur
3359 2055 3497 2110 bona
3530 2056 3703 2113 futura
3730 2079 3745 2113 :

2148 2144 2270 2195 quae
2300 2147 2397 2185 nos
2428 2146 2617 2188 omnes
2652 2138 2861 2206 assequi
2902 2138 3090 2209 detur,
3118 2145 3285 2212 gratia
3322 2157 3377 2201 ct
3421 2148 3747 2219 benignitate

2148 2219 2355 2274 Domini
2399 2225 2564 2278 nostri
2600 2224 2727 2280 Jesu
2770 2229 3003 2296 Christi,
3036 2248 3131 2301 per
3170 2250 3326 2304 quem
3372 2248 3428 2292 et
3470 2255 3592 2294 cum
3636 2258 3745 2312 quo

2150 2309 2292 2364 Patri
2337 2329 2440 2367 una
2486 2332 2605 2369 cum
2663 2318 2866 2387 Spiritu
2921 2337 3107 2378 saneto
3156 2325 3363 2395 gloria,
3418 2330 3699 2400 imperium
3729 2374 3746 2397 ,

2149 2399 2525 2468 bonor,nunc
2567 2417 2621 2461 et
2669 2425 2915 2481 semper,
2947 2424 2999 2467 et
3050 2417 3101 2470 in
3157 2420 3349 2474 sa'cula
3403 2425 3743 2481 sat-culorum.

2151 2496 2340 2549 Amen.

456 2610 3748 2662 Ἥ

455 2684 539 2725 ΔΙ)
577 2684 903 2729 VIRTUTEM
951 2685 1499 2767 ΕΧΗΟΒΤΔΤῙρἎΕΤ
1540 2686 1609 2767 ΠΣ
1651 2688 1841 2767 ιξζμω
1881 2690 2163 2747 GENESIS,
2190 2696 2659 2743 DEAMBULABAT
2701 2703 2861 2748 DECS
2906 2705 2973 2749 IN
3019 2709 3291 2755 MERIDIE
3338 2715 3401 2758 IN
3446 2717 3753 2767 PABADISO

1344 2745 1524 2825 (Gen.
1569 2748 1631 2807 3.
1675 2748 1765 2824 8),
1820 2769 1901 2812 er
1944 2771 2028 2813 DE
2072 2745 2412 2820 contemnis
2443 2745 2862 2826 annuimus.

1067 3030 1288 3071 HOIILIA
1328 3032 1437 3071 VIII.

525 3149 574 3202 1.
606 3147 842 3202 Audistis
870 3163 1062 3217 nuper,
1094 3148 1366 3217 quomodo
1392 3149 1567 3204 omnis
1595 3149 1871 3221 Scriptura
1909 3167 2042 3207 con-

453 3239 768 3293 solationem
812 3238 997 3293 afferat
1026 3248 1080 3293 et
1108 3238 1479 3309 refrigerium,
1525 3241 1651 3296 licet
1680 3243 1935 3297 historica
1979 3245 2049 3299 sit

455 3330 707 3383 narratio.
742 3329 946 3382 Etenim
976 3328 1103 3383 illud
1131 3352 1142 3387 :
1168 3328 1234 3383 In
1263 3331 1516 3399 principio
1554 3332 1672 3400 fecit
1700 3330 1837 3386 Deus
1871 3335 2050 3388 aetum

452 3430 498 3473 εἰ
543 3431 728 3474 terram
772 3418 940 3489 (Gen.
972 3422 1024 3475 1.
1056 3420 1151 3490 1),
1194 3420 1432 3476 historia:
1471 3425 1734 3491 expositio
1777 3435 1891 3479 erat
1916 3443 1927 3479 :
1957 3427 2050 3480 sed

457 3511 844 3564 demonstravit
888 3512 1059 3564 oratio
1107 3524 1160 3565 et
1210 3512 1374 3565 multa
1424 3513 1633 3581 plenam
1683 3515 2052 3570 consolatione

451 3600 737 3654 dictionem
767 3616 885 3655 esse
921 3619 933 3654 :
966 3603 1122 3669 quale
1151 3611 1251 3669 est,
1280 3603 1419 3671 quod
1444 3604 1707 3673 duplicem
1735 3606 1874 3660 Deus
1896 3623 2050 3661 men-

452 3707 565 3745 sam
593 3691 811 3756 fecerit,
843 3702 1042 3747 terram
1071 3703 1124 3747 et
1156 3709 1305 3749 mare
1334 3695 1490 3748 simul
1522 3710 1727 3766 ponens
1757 3714 1770 3749 :
1804 3706 1857 3751 et
1886 3698 2046 3752 lumi-

455 3783 599 3836 naria
627 3784 858 3852 gemina,
894 3784 1061 3837 solem
1089 3792 1143 3839 et
1164 3784 1341 3838 lunam
1374 3800 1605 3854 superne
1634 3787 1933 3842 accendens
1960 3805 1975 3842 :
1998 3796 2051 3842 et

455 3874 681 3943 duplicis
720 3889 908 3929 cursus
948 3886 1193 3946 tempus,
1227 3875 1369 3931 diem
1418 3886 1471 3930 et
1518 3886 1727 3931 noctem
1761 3887 2048 3947 operatus:

460 3964 605 4019 illum
633 3966 843 4035 quidem
880 3967 931 4019 in
963 3968 1357 4035 Operationem,
1397 3968 1531 4023 hanc
1560 3970 1609 4021 in
1638 3971 1893 4038 requiem.

531 4057 710 4110 Noctis
756 4057 1059 4111 ulilitas.—
1088 4059 1203 4113 Non
1246 4061 1387 4113 enim
1440 4060 1613 4114 minus
1659 4062 2050 4125 ministerium,

456 4166 613 4219 quam
645 4151 760 4205 dies
792 4152 946 4205 nobis
988 4167 1090 4205 nox
1130 4152 1316 4218 affert;
1361 4152 1454 4206 sed
1501 4153 1637 4205 sicut
1678 4153 1730 4205 in
1775 4153 2053 4207 arboribus

457 4241 600 4304 dixi,
630 4243 769 4311 quod
800 4244 1085 4297 fructuosis
1122 4244 1465 4297 infructuosze
1503 4247 1745 4298 temulam
1781 4246 2052 4315 przcbeant

459 4333 759 4401 utilitatem,
794 4335 1048 4388 facientes
1079 4350 1145 4389 ne
1170 4351 1423 4405 engamur
1448 4335 1513 4389 ad
1546 4336 1767 4391 aedilicia
1790 4338 2051 4393 domesti-

460 4437 550 4476 cas
578 4422 798 4476 arbores
820 4425 1079 4495 attingere
1102 4441 1118 4478 :
1140 4435 1191 4479 et
1212 4425 1587 4480 mansuefactis
1607 4428 1925 4483 animalibus
1946 4445 2050 4483 non

459 4519 717 4570 minorem
750 4518 904 4571 nobis
933 4519 1217 4574 utilitatem
1261 4521 1538 4591 sylvestria
1576 4532 1630 4577 et
1673 4522 1891 4578 immitia
1919 4524 2054 4579 alie-

458 4616 603 4671 runt,
634 4621 754 4675 qua:
784 4608 977 4664 timore
1006 4609 1088 4663 sui
1119 4624 1217 4664 nos
1245 4612 1297 4665 in
1324 4613 1485 4667 urbes
1515 4616 1875 4683 compellunt,
1924 4616 2053 4670 red-

458 4697 591 4749 dunt
630 4696 935 4761 cautiores,
982 4708 1036 4752 et
1083 4716 1180 4755 nos
1228 4711 1411 4756 mutuo
1458 4705 1863 4774 constringunt,
1894 4714 2052 4775 atque

459 4788 648 4842 horum
676 4788 888 4857 quidem
915 4802 1171 4845 exercent
1203 4797 1473 4855 virtutem,
1509 4795 1720 4850 illorum
1750 4812 1876 4850 vero
1902 4812 2048 4852 mor—

461 4881 560 4934 bos
591 4881 843 4948 solvunt;
887 4883 1051 4936 multa
1082 4885 1224 4938 enim
1254 4903 1320 4941 ex
1352 4889 1415 4942 iis
1446 4890 1827 4945 medicamenta
1860 4893 2052 4946 medici

460 4972 783 5039 conficiunt;
828 4974 1029 5043 antiqui
1090 4976 1215 5029 item
1275 4993 1373 5033 nos
1425 4982 1632 5051 peccati
1687 4994 2048 5037 eommoncnt.

460 5062 593 5116 Cum
621 5065 764 5119 enim
791 5065 1011 5120 audiero
1033 5108 1046 5129 ,
1081 5065 1252 5120 Timor
1282 5079 1441 5122 vester
1478 5073 1571 5125 crit
1597 5089 1750 5142 super
1776 5090 1944 5127 omnes
1971 5075 2055 5127 be-

461 5154 583 5205 stias
613 5154 932 5229 terrw(Gen.
955 5157 1007 5212 9.
1028 5157 1107 5229 2),
1134 5167 1187 5211 et
1215 5167 1395 5227 postea
1420 5161 1678 5217 honorem
1709 5165 1847 5219 hunc
1873 5166 2053 5220 subla-

464 5252 571 5296 tum
621 5245 846 5313 videro,
889 5250 1089 5317 peccati
1143 5249 1479 5319 reminiscar,
1524 5255 1664 5322 quod
1711 5264 1765 5309 et
1808 5258 2051 5312 timorem

465 5333 632 5386 nostri
663 5334 927 5398 dlssolvit,
957 5349 1011 5394 et
1039 5339 1390 5409 principatum
1436 5342 1703 5398 imminuit
1729 5387 1743 5410 ,
1772 5358 1826 5401 et
1855 5348 2054 5401 clliciar

463 5422 651 5476 melior
676 5432 729 5477 ct
754 5427 1087 5494 prudentior,
1118 5429 1368 5483 damnum
1393 5447 1458 5485 ex
1491 5444 1712 5501 peccato
1742 5437 1898 5490 nobis
1929 5438 2048 5493 illa-

466 5520 575 5566 tum
602 5515 1010 5582 contemplatus.
1053 5519 1206 5575 Sicut
1248 5520 1406 5591 igitur
1429 5561 1444 5586 ,
1473 5522 1613 5591 qunti
1643 5532 1697 5577 et
1724 5534 1878 5581 antea
1910 5527 2056 5595 dixi,

467 5603 533 5658 ad
560 5605 717 5658 vitam
749 5604 902 5660 nobis
928 5611 1108 5663 omnia
1135 5612 1418 5667 conferunt
1442 5613 1557 5668 luce
1584 5629 1703 5685 qua:
1732 5616 1873 5672 dicta
1897 5628 2054 5689 sunt,

470 5706 523 5750 et
552 5696 654 5752 alia
683 5696 765 5753 his
794 5696 975 5767 plura,
998 5716 1116 5771 quae
1146 5705 1236 5774 qui
1264 5704 1388 5760 fecit
1416 5705 1557 5760 Deus
1580 5748 1595 5773 ,
1629 5708 1741 5776 ipse
1767 5712 1913 5765 novit
1943 5732 1954 5764 :
1987 5714 2057 5768 ita

470 5788 681 5856 quidem
730 5797 785 5844 et
833 5804 937 5845 nox
991 5806 1097 5847 non
1142 5795 1437 5864 minorem,
1481 5811 1637 5868 quam
1685 5797 1800 5854 dies
1831 5840 1847 5868 ,
1905 5818 2054 5858 usum

2158 3023 2329 3091 affert,
2360 3041 2482 3081 cum
2512 3028 2753 3085 laborum
2784 3033 2854 3086 sit
2882 3037 3115 3104 requies,
3149 3049 3202 3094 et
3234 3042 3542 3098 morborum
3580 3048 3750 3103 medi-

2151 3113 2291 3167 cina.
2337 3116 2493 3185 Stepe
2534 3120 2676 3173 enim
2725 3123 2914 3178 medici
2958 3129 3122 3183 multa
3168 3134 3393 3199 operati,
3439 3146 3495 3190 et
3538 3137 3743 3194 infinita

2153 3206 2505 3264 medicamina
2535 3211 2726 3277 tnoliti,
2756 3229 2786 3268 a
2814 3217 3004 3271 morbo
3030 3234 3231 3289 tegrum
3261 3222 3488 3281 liberare
3523 3243 3629 3282 non
3658 3245 3751 3299 po-

2157 3310 2407 3365 tuerunt;
2455 3320 2677 3359 somnus
2720 3316 2899 3363 autem
2952 3323 3144 3380 sponte
3194 3315 3505 3386 adveniens,
3538 3336 3752 3379 omnem

2157 3393 2316 3446 solvit
2340 3395 2709 3465 aegritudinem
2730 3440 2745 3464 ,
2778 3409 2835 3454 et
2874 3401 3094 3457 inlinitis
3121 3405 3225 3459 illis
3256 3406 3524 3465 laboribus
3556 3413 3751 3468 libera-

2159 3486 2228 3537 vit
2254 3502 2268 3539 :
2300 3502 2398 3541 nec
2424 3490 2624 3543 morbis
2665 3500 2865 3547 tantum
2898 3498 3135 3565 corporis
3157 3539 3172 3563 ,
3206 3500 3299 3553 sed
3327 3512 3379 3555 et
3408 3506 3598 3558 anima:
3641 3524 3751 3561 nox

2158 3586 2240 3630 est
2269 3578 2553 3645 medicina,
2579 3582 2823 3638 dolentes
2843 3586 3049 3641 animas
3076 3590 3288 3645 sedans.
3313 3592 3467 3663 S;epe
3487 3598 3750 3668 quispiam

2159 3678 2435 3739 postquam
2465 3672 2628 3727 filium
2656 3678 2868 3742 amisit,
2902 3680 3199 3738 innumeris
3241 3686 3316 3741 illi
3362 3690 3753 3748 consolationes

2161 3760 2517 3828 offerentibus,
2552 3780 2580 3818 a
2609 3765 2821 3823 ﬂetibus
2846 3779 2898 3825 et
2920 3773 3115 3841 gemitu
3139 3776 3393 3833 desistere
3418 3796 3524 3835 non
3554 3783 3753 3849 valuit;

2161 3859 2319 3906 nocte
2345 3868 2472 3908 vero
2497 3860 2932 3926 superveniente,
2962 3866 3132 3917 somni
3156 3869 3316 3922 cessit
3344 3869 3568 3939 imperio
3589 3889 3751 3943 supe-

2162 3954 2310 3999 ratus
2335 3988 2348 4010 ,
2381 3948 2660 4017 palpebras
2686 3951 2752 4004 ad
2789 3969 3035 4007 somnum
3065 3961 3392 4026 composuit,
3425 3971 3481 4016 et
3509 3968 3752 4035 exiguam

2162 4038 2459 4105 quampiam
2489 4039 2799 4094 diurnorum
2831 4043 2975 4112 cepit
3016 4047 3276 4101 malorum
3308 4053 3749 4109 consolationem.

2160 4126 2272 4193 Age
2295 4142 2420 4179 vero
2443 4127 2550 4196 jam
2577 4129 2642 4182 ad
2669 4133 2944 4186 materiam
2973 4150 3158 4189 eamus
3186 4139 3326 4194 unde
3350 4147 3606 4210 processit
3635 4160 3757 4199 ora-

2161 4218 2249 4270 tio.
2278 4218 2408 4272 Nam
2433 4222 2598 4288 probe
2621 4224 2743 4277 novi
2767 4241 2862 4280 vos
2888 4226 3013 4283 huic
3040 4244 3225 4285 omnes
3247 4233 3470 4300 inhiare,
3496 4248 3548 4290 et
3569 4254 3757 4307 quem-

2162 4327 2266 4381 que
2314 4314 2528 4370 discere
2574 4329 2829 4386 exoptare
2882 4338 2981 4389 qua
3026 4322 3093 4377 de
3140 4339 3298 4380 causa
3341 4343 3447 4381 non
3492 4329 3561 4383 ab
3606 4331 3758 4384 initio

2161 4404 2337 4459 editus
2365 4407 2434 4459 sit
2464 4406 2548 4461 hic
2574 4407 2711 4463 liber
2740 4428 2753 4463 :
2782 4412 2877 4465 sed
2910 4428 3082 4482 neque
3106 4431 3247 4469 nunc
3276 4421 3623 4486 expositionis
3650 4422 3752 4475 bu-

2158 4499 2246 4569 jus
2289 4516 2408 4554 esse
2456 4512 2664 4571 tempus
2708 4504 2880 4559 video.
2911 4507 3045 4573 Quid
3088 4508 3157 4562 ita
3206 4511 3566 4568 tandem?Ad
3595 4517 3752 4571 tinem

2165 4592 2318 4646 nobis
2348 4593 2462 4647 lucc
2489 4595 2701 4648 devenit
2732 4596 3054 4662 hebdomas,
3087 4608 3142 4653 et
3184 4603 3463 4657 materiam
3494 4607 3756 4677 attingere

2164 4696 2380 4748 metuo,
2420 4686 2615 4741 deinde
2662 4688 2837 4742 statim
2892 4692 3286 4761 expositionem
3338 4697 3751 4769 intercepturos.

2160 4776 2336 4830 Multis
2385 4779 2527 4831 enim
2575 4779 2765 4835 diebus
2810 4796 2943 4851 opus
2996 4782 3157 4841 habet
3197 4786 3298 4841 hoc
3344 4802 3711 4859 argumentum
3743 4836 3759 4859 ,

2160 4870 2382 4938 ejusque
2430 4872 2632 4926 mentio
2683 4873 2989 4944 frequenter
3042 4877 3281 4933 habenda
3329 4882 3500 4935 :ideo
3540 4900 3753 4939 rursum

2162 4960 2332 5029 ipsum
2377 4962 2705 5018 diﬂ’eramus.
2733 4965 2836 5020 Sed
2867 4983 2934 5021 ne
2960 4984 3100 5037 aegre
3139 4970 3352 5036 feratis,
3385 4987 3506 5027 cum
3547 4973 3757 5031 fmnore

2159 5051 2312 5107 vobis
2341 5055 2558 5107 omnino
2588 5055 2822 5111 debitum
2852 5060 3134 5115 reddemus
3159 5080 3171 5114 :
3200 5062 3277 5117 sic
3305 5063 3449 5116 enim
3479 5074 3530 5119 et
3561 5068 3717 5122 nobis
3742 5071 3754 5101 ¹

2160 5145 2248 5213 qui
2295 5148 2646 5215 persolvimus
2673 5150 2921 5220 expedit:
2954 5166 3092 5206 nunc
3143 5166 3318 5208 autem
3361 5156 3573 5211 interim
3605 5160 3753 5213 dice-

2164 5251 2284 5289 mus
2311 5238 2449 5304 qnod
2472 5240 2583 5293 heri
2610 5240 2850 5295 relictum
2880 5241 2992 5295 fuit.
3013 5244 3146 5310 Quid
3168 5254 3344 5300 autem
3370 5248 3481 5302 heri
3510 5250 3751 5305 relictmn

2162 5326 2300 5381 iuit?
2332 5329 2713 5395 Deambulabat,
2748 5332 2934 5401 iuqttit,
2968 5333 3104 5389 Deus
3133 5337 3184 5389 in
3211 5340 3450 5408 paradiso
3473 5340 3525 5394 in
3550 5344 3754 5398 meridie

2165 5416 2318 5485 (Gen.
2345 5422 2396 5475 3.
2429 5420 2503 5490 8).
2529 5421 2663 5488 Quid
2695 5422 2792 5486 ais,
2825 5421 3195 5481 Deambulabat
3226 5427 3537 5486 Deus?Non
3571 5433 3752 5487 deam-

2162 5509 2375 5565 bulabat
2406 5528 2418 5565 :
2451 5512 2720 5582 quomodo
2768 5515 2909 5569 enim
2962 5517 3157 5588 ubique
3208 5536 3444 5590 prtesens
3481 5533 3534 5578 et
3576 5527 3753 5580 omnia

2160 5606 2421 5674 implens?
2454 5608 2548 5663 sed
2593 5610 2643 5664 in
2690 5611 2856 5666 Adam
2896 5615 3059 5669 talem
3083 5632 3298 5671 sensum
3329 5619 3531 5688 posuit,
3570 5629 3626 5673 ut
3662 5635 3749 5673 se-

2165 5697 2337 5766 ipsmn
2364 5700 2687 5769 corriperet,
2721 5717 2787 5757 ne
2815 5704 3106 5763 dissolutus
3132 5716 3272 5765 esset
3292 5752 3305 5774 ,
3339 5718 3393 5763 ut
3421 5708 3669 5780 fugiendo
3697 5720 3751 5765 et

2233 5817 2245 5846 ι
2287 5820 2333 5863 In
2359 5822 2460 5863 Sav.
2491 5814 2589 5878 leg.
2622 5832 2633 5866 :
2662 5823 2718 5869 ει
2736 5816 2864 5870 vobis
2887 5826 2932 5869 ct
2955 5819 3105 5871 nobis.
