4458 6680
743 444 812 500 99
1448 437 1504 493 S.
1543 432 1822 491 JOANNIS
1856 432 2331 489 CHRYSOSTOMI
2369 434 2686 493 ARCHIEP.
2727 435 3265 500 CONSTANTINOP.

742 558 954 613 latendo
980 555 1213 625 aliquam
1235 550 1591 609 excusationis
1614 558 1821 620 partem
1846 546 2218 616 prmtenderet,
2242 546 2326 601 vel

740 657 865 703 ante
911 648 1024 717 ipsa
1066 644 1247 701 verba.
1290 642 1439 698 Sicut
1483 642 1573 711 qui
1622 645 1675 694 in
1723 638 1980 709 judicium
2034 636 2331 692 adducendi

740 749 885 805 sunt,
915 738 1322 793 commissorum
1354 748 1541 803 poenas
1561 730 1804 795 subituri,
1836 727 2333 799 squalidi,’sorden-

743 841 858 895 tes,
899 830 1114 891 tristes,
1141 824 1434 894 contempti
1456 820 1819 893 judicantibus
1856 829 2145 891 apparent,
2178 828 2234 871 ut
2258 833 2326 870 ex

744 921 922 975 habitu
950 920 1093 987 ipsos
1121 916 1189 970 ad
1220 915 1609 969 humanitatem
1642 919 1697 966 et
1721 911 1931 965 veniam
1955 918 2011 965 et
2030 909 2332 963 misericor-

739 1010 880 1063 diam
914 1008 1131 1062 trahant
1157 1026 1172 1063 :
1202 1008 1279 1063 sic
1303 1014 1360 1061 et
1383 1005 1437 1059 in
1468 1004 1637 1058 Adam
1678 1002 1878 1057 factum
1906 1010 2009 1055 est.
2041 1000 2334 1068 Oportebat

742 1102 883 1157 enim
930 1101 1219 1156 demissum
1265 1100 1317 1153 in
1360 1096 1623 1167 judicium
1674 1095 1776 1150 hoc
1825 1093 1999 1157 trahi;
2056 1101 2333 1159 propterea

749 1192 1010 1263 praevenit
1051 1192 1223 1260 ipsum
1255 1191 1391 1243 Deus
1411 1227 1428 1252 ,
1456 1196 1512 1242 et
1538 1186 1810 1255 corripuit.
1845 1184 1947 1238 Sed
1975 1181 2114 1252 quod
2144 1181 2335 1251 aliquis

746 1284 1113 1341 deambularet
1156 1282 1323 1336 sensit
1349 1299 1363 1335 :
1394 1280 1535 1335 unde
1562 1293 1690 1334 vero
1727 1276 1976 1345 cogitavit
2012 1274 2153 1343 quod
2194 1274 2334 1328 Deus

745 1375 1147 1433 deambularet?
1170 1373 1317 1428 Talis
1345 1381 1428 1427 est
1457 1371 1789 1441 peccantium
1819 1365 2185 1421 consuetudo:
2219 1379 2336 1419 om-

742 1470 828 1524 nia
858 1477 1103 1536 suspecta
1132 1465 1348 1528 habent,
1380 1463 1597 1515 umbras
1623 1466 1874 1517 tremunt,
1898 1471 2111 1510 omnem
2139 1454 2333 1522 strepi-

720 1575 856 1613 ‘sum
887 1561 1094 1621 timent,
1120 1566 1383 1625 quemque
1410 1559 1597 1619 putant
1621 1558 1807 1605 contra
1839 1563 1897 1602 se
1919 1547 2121 1601 venire.
2143 1546 2335 1599 Multos

748 1651 907 1721 igitur
928 1663 1068 1717 8.pr
1088 1643 1379 1713 conspicati
1399 1643 1464 1696 ad
1489 1642 1631 1696 aliud
1658 1641 2009 1695 ministerium
2037 1647 2332 1703 currentes,

746 1742 813 1795 ad
840 1756 897 1794 se
926 1738 1109 1792 venire
1139 1737 1510 1804 Cogitaverunt
1534 1743 1841 1803 peccatores
1869 1748 1882 1784 :
1914 1740 1967 1784 et
1987 1731 2104 1782 aliis
2125 1729 2229 1783 alia
2255 1729 2337 1781 in.

745 1844 826 1887 ter
847 1845 907 1885 se
931 1827 1347 1890 disserentibus,
1381 1824 1585 1895 peccati
1613 1823 1713 1878 sibi
1744 1823 1873 1893 ipsis
1903 1820 2105 1877 conscii
2146 1828 2334 1891 putant

741 1923 861 1977 illos
888 1918 956 1975 de
979 1934 1040 1985 se
1065 1917 1431 1974 sermocinari.

804 2005 859 2057 2.
902 2004 1048 2058 Talis
1072 2005 1214 2058 enim
1243 2016 1331 2056 res
1358 2009 1633 2071 peccatum
1661 2009 1783 2065 est,
1829 2002 1979 2057 nutlo
2017 2007 2196 2070 prodit
2239 2016 2334 2055 ar-

738 2101 930 2162 guente
956 2134 972 2157 ,
1000 2093 1147 2147 nullo
1174 2091 1508 2146 condemnat
1540 2099 1827 2147 accusante
1851 2132 1867 2157 ,
1908 2091 2159 2160 pavidum
2210 2090 2340 2146 facit

740 2194 796 2239 et
843 2184 1086 2239 timidum
1128 2194 1468 2255 peccatorem
1495 2224 1515 2250 ,
1557 2182 1696 2237 sicut
1736 2182 1942 2253 justitia
1989 2183 2337 2237 contrarium.

743 2276 880 2331 Audi
913 2276 1073 2347 igitur
1099 2276 1370 2346 quomodo
1399 2284 1451 2329 ct
1484 2274 1639 2344 hujus
1668 2289 1918 2343 pavorem
1948 2315 1960 2333 .
2002 2282 2056 2326 ct
2095 2274 2238 2327 illius
2276 2274 2342 2327 li-

740 2360 1004 2412 bertatcm
1040 2360 1320 2428 Scriptura
1344 2360 1868 2432 designavit:Fugit
1891 2363 2087 2431 impius
2122 2362 2337 2415 nemine

735 2461 1074 2519 persequente
1110 2448 1297 2519 (Prov.
1335 2451 1427 2506 28.
1462 2452 1540 2519 1),
1578 2452 1776 2521 inquit.
1820 2451 2107 2518 Quomodo
2143 2470 2331 2522 perse—

736 2548 933 2608 quente
960 2541 1173 2595 nemine
1206 2540 1336 2610 fugit
1358 2543 1383 2593 't
1422 2541 1568 2595 lntus
1596 2541 1751 2596 habet
1782 2553 2026 2613 agentem
2057 2546 2338 2601 conscien-

738 2629 827 2683 tite
879 2640 1247 2685 accusatorem
1274 2672 1288 2697 ,
1340 2639 1394 2685 et
1442 2630 1584 2686 hunc
1630 2632 1824 2703 ubique
1868 2634 2178 2689 circumfert
2221 2654 2235 2690 ε
2284 2647 2339 2692 et

737 2720 878 2774 sicut
905 2721 1139 2790 seipsum
1171 2738 1276 2775 non
1306 2730 1482 2791 potest
1507 2723 1692 2791 fugere
1717 2762 1733 2787 ,
1756 2725 1835 2777 sic
1866 2740 1964 2778 nec
1990 2740 2112 2780 eum
2139 2727 2229 2795 qui
2258 2726 2340 2780 in-

741 2820 825 2864 tus
852 2811 1023 2881 ipsum
1056 2812 1218 2881 agitat
1244 2829 1258 2875 ;
1292 2812 1385 2867 sed
1414 2828 1750 2884 quocumque
1775 2814 1930 2869 abeat
1958 2858 1972 2880 ,
2005 2817 2333 2888 nigellatur,

740 2910 798 2957 et
823 2902 1013 2956 vulnus
1045 2902 1205 2957 habet
1244 2902 1655 2958 immedicabile.
1704 2906 1773 2957 At
1812 2920 1917 2959 non
1964 2907 2084 2962 talis
2118 2909 2333 2977 justus;

742 2992 836 3047 sed
861 2992 1033 3062 qualis
1059 3035 1075 3059 ,
1106 2993 1227 3047 audi
1262 3012 1276 3048 :
1304 2992 1488 3049 Justus
1518 3004 1776 3063 tamquam
1803 2995 1912 3054 leo.
1941 2998 2106 3067 inquit
2135 3042 2149 3065 ,
2176 3000 2339 3067 conﬁ-

746 3087 821 3139 dit
849 3083 1024 3157 (Ibid.
1060 3089 1096 3153 ).
1128 3086 1274 3141 Talis
1299 3098 1415 3142 erat
1445 3088 1623 3142 llelias
1652 3106 1667 3143 :
1704 3088 1837 3142 vidit
1876 3091 2035 3158 igitur
2066 3106 2243 3160 regem
2270 3091 2340 3147 ad

741 3194 800 3232 se
829 3178 1133 3233 venientem
1167 3194 1182 3233 :
1210 3187 1263 3233 et
1289 3178 1502 3235 dicente
1533 3180 1624 3234 illo
1650 3221 1665 3246 ,
1699 3178 1767 3234 Ut
1809 3180 1934 3250 quid
1977 3183 2216 3250 pervertis
2252 3181 2342 3237 Is-

744 3270 852 3322 reel
876 3269 903 3323 7
932 3267 1054 3322 Non
1082 3285 1173 3339 ego
1200 3279 1424 3338 perverto
1453 3268 1657 3337 Israel,
1684 3271 1892 3339 inquit,
1923 3273 2011 3325 sed
2055 3281 2109 3325 tu
2151 3281 2199 3327 et
2238 3272 2336 3327 do-

739 3380 851 3417 mus
886 3364 1045 3434 patris
1075 3365 1148 3418 tui
1183 3363 1201 3437 (
1229 3366 1281 3420 3.
1311 3364 1441 3434 Reg.
1474 3365 1561 3418 18.
1600 3364 1689 3418 Π.
1722 3364 1854 3435 l8).
1888 3364 2026 3420 Vere
2059 3365 2237 3435 justus
2280 3374 2338 3421 ut

738 3456 822 3509 leo
850 3456 1071 3511 confidit
1100 3473 1117 3510 :
1148 3457 1284 3511 sicut
1325 3459 1467 3510 enim
1513 3456 1598 3511 leo
1644 3456 1696 3510 in
1739 3471 1921 3526 regem
1971 3466 2237 3527 tamquam
2281 3458 2335 3512 in

738 3546 894 3601 vilem
920 3546 1172 3602 catellum
1194 3546 1491 3600 insurrexit
1515 3561 1531 3609 ;
1558 3546 1769 3600 tametsi
1795 3562 2078 3616 purpuram
2108 3548 2337 3603 habebat

736 3638 828 3691 ille
851 3680 865 3702 ,
896 3638 989 3692 sed
1022 3637 1109 3692 hic
1137 3639 1368 3692 melotcn
1399 3635 1665 3701 habebat,
1696 3636 2070 3692 indumentum
2105 3655 2333 3709 purpura

738 3728 823 3779 illa
859 3728 1234 3781 venerabilius.

810 3818 1029 3875 Elim:
1077 3820 1267 3890 duplex
1328 3818 1478 3874 Elius
1528 3820 1804 3874 secundum
1869 3821 2332 3891 interpretationem

734 3910 1099 3983 Chrysostomi.
1144 3943 1217 3954 —
1265 3912 1504 3984 Purpura
1564 3914 1707 3968 enim
1764 3914 1852 3968 illa
1914 3915 2106 3970 famem
2164 3932 2331 3985 pepe-

736 4004 804 4057 rit
860 4019 1115 4074 gravem;
1180 4005 1375 4060 melote
1431 4013 1607 4058 autem
1670 4005 1785 4059 hazc
1832 4006 2160 4060 calamitates
2217 4006 2329 4060 dis-

733 4096 898 4150 cuSsit
922 4136 938 4161 ,
984 4096 1098 4151 haec
1138 4096 1426 4152 Iordanem
1457 4096 1675 4161 divisit;
1720 4097 1835 4153 lucc
1870 4098 2120 4152 Eliszrum
2159 4099 2331 4169 dupli-

729 4200 845 4240 cem
880 4187 1047 4241 Eliam
1080 4188 1202 4243 fecit
1231 4188 1251 4259 (
1278 4189 1329 4243 4.
1366 4187 1493 4259 Reg.
1524 4190 1577 4243 2.
1605 4186 1656 4241 8.
1683 4187 1761 4258 9).
1785 4187 1830 4243 Ο
1867 4199 2068 4258 quanta
2112 4203 2329 4245 sancto-

731 4295 848 4332 rum
882 4280 1086 4334 virtus!
1116 4296 1221 4333 non
1253 4282 1365 4334 sola
1397 4281 1633 4350 ipsorum
1663 4281 1823 4334 verba
1854 4290 1909 4335 ct
1935 4295 2161 4351 corpora
2185 4322 2200 4345 ,
2231 4281 2328 4337 sed

730 4379 782 4423 ct
814 4369 924 4438 ipsa
958 4370 1264 4424 indumenta
1286 4380 1542 4425 creatura:
1563 4371 1707 4425 omni
1732 4382 1986 4443 perpetuo
2013 4383 2136 4427 sunt
2159 4388 2324 4429 vene-

728 4460 936 4513 rabilia.
967 4460 1135 4529 Hujus
1163 4461 1360 4515 melote
1390 4460 1675 4515 Jordanem
1705 4461 1879 4515 divisit
1910 4480 1923 4515 :
1955 4463 2317 4519 calceamenta

733 4552 889 4605 trium
935 4566 1220 4619 puerorum
1273 4552 1449 4621 ignem
1496 4552 1983 4606 conculcaverunt:
2032 4553 2212 4608 Elisa-i
2254 4556 2320 4608 Ii-

730 4656 894 4709 gnum
923 4642 940 4672 ¹
991 4657 1157 4712 aquas
1210 4643 1455 4707 mutavit,
1504 4650 1557 4697 et
1606 4650 1663 4695 ut
1701 4641 1897 4696 ferrum
1943 4642 1994 4696 in
2043 4644 2324 4711 superficie

728 4743 1002 4803 portarent
1027 4735 1238 4790 etfacit:
1268 4735 1429 4790 Musis
1459 4734 1608 4805 virga
1634 4749 1784 4789 mare
1813 4734 2055 4788 Rubrum
2098 4734 2273 4788 divisit
2300 4778 2314 4801 ,

730 4838 934 4895 petram
980 4827 1180 4882 scidit:
1227 4827 1377 4881 Pauli
1419 4829 1734 4882 vestimenta
1776 4828 2061 4898 languores
2105 4828 2323 4898 expule-

728 4928 855 4973 runt
881 4936 894 4970 :
924 4919 1108 4973 umbra
1136 4918 1278 4972 Petri
1312 4926 1539 4972 mortem
1578 4917 1795 4988 fugavit.

792 5009 1079 5080 Martyrum
1095 5011 1269 5082 favilla
1282 5010 1539 5062 daemonas
1557 5008 2170 5077 expellit.—Sanctorum
2189 5024 2270 5061 ma
2279 5025 2321 5062 r-

727 5114 899 5173 tyruni
913 5102 1088 5156 favilla
1104 5103 1360 5172 malignos
1373 5102 1589 5172 expellit
1602 5100 2177 5172 darntonas.Pr0ptcrea
2194 5119 2314 5156 cum

724 5194 910 5248 fiducia
929 5194 1105 5247 omnia
1122 5192 1351 5256 faciunt,
1389 5194 1598 5247 sicutet
1630 5191 1805 5245 Elias:
1830 5207 1932 5244 non
1950 5194 2089 5247 enim
2108 5202 2318 5262 specta-

723 5287 813 5340 bat
832 5286 1097 5350 diadema,
1123 5294 1179 5341 et
1194 5286 1519 5340 exteriorem
1540 5284 1679 5355 regis
1693 5282 2030 5353 splendorem
2054 5301 2068 5348 ;
2086 5285 2176 5339 sed
2195 5286 2281 5338 ani
2296 5312 2315 5323 -

678 5438 685 5451 ι
721 5393 860 5431 mam
877 5392 1188 5446 pannosam,
1208 5376 1563 5446 squalentem,
1580 5374 1870 5438 sordidam,
1888 5376 2093 5428 etoumi
2115 5391 2205 5429 reo
2224 5376 2315 5431 mi-

676 5479 687 5541 ;
717 5471 888 5524 serius
917 5468 1160 5523 aﬂ'ectam
1186 5468 1479 5537 respiciens
1503 5508 1517 5531 ,
1547 5476 1600 5520 et
1626 5468 1803 5536 ipsum
1853 5465 1997 5520 intus
2041 5467 2305 5535 captivum

722 5575 855 5625 esse,
879 5575 941 5614 ac
958 5559 1203 5614 vitiorum
1222 5558 1641 5629 servum,ipsius
1679 5558 2027 5626 principatum
2066 5566 2311 5611 contem-

718 5652 851 5723 psit:
875 5653 1075 5707 etenim
1104 5659 1373 5721 tamquam
1392 5650 1443 5705 in
1461 5664 1641 5717 scena,
1662 5648 1755 5703 sed
1781 5663 1886 5703 non
1907 5649 1960 5707 in
1982 5648 2202 5703 veritate
2226 5663 2312 5704 rc-

781 5785 800 5816 ¹
826 5788 899 5840 Sic
937 5784 1078 5835 savii.
1128 5790 1180 5835 ct
1203 5796 1376 5833 onmes
1412 5796 1542 5845 pene
1587 5791 1691 5833 Mss.
1717 5781 1882 5832 Morel.
1910 5797 1923 5831 :
1950 5790 2096 5844 Ligna
2120 5780 2305 5835 eam.

718 5845 840 5897 infra
857 5847 953 5899 dno
972 5855 1077 5899 uss.
1106 5862 1117 5873 -
1144 5856 1185 5880 τί
1201 5844 1423 5897 mairum
1437 5853 1481 5897 et
1513 5845 1705 5910 egregie
1741 5844 1972 5897 pictorum
2010 5853 2301 5910 martyrum.

2435 566 2556 620 gem
2568 550 2670 612 sibi
2683 565 2904 609 cernere
2919 555 3350 631 videbatur.Qu:e
3366 565 3508 622 enim
3523 567 3802 625 exterioris
3812 576 4033 642 opulen-

2438 647 2558 701 tiae‘
2588 650 2806 717 utilitas,
2824 666 2945 707 cum
2970 651 3112 707 intus
3130 663 3214 708 est
3239 664 3393 712 tanta
3405 660 3720 728 pauperies?
3752 677 3870 731 qua:
3898 679 4031 720 vero

2436 742 2766 807 paupertatis
2794 756 2930 797 noxa
2953 781 2970 808 ,
2998 756 3119 797 cum
3161 744 3305 799 intus
3340 758 3501 804 tanta:
3527 752 3775 821 reposita
3798 762 3921 806 sunt
3947 754 4029 808 di-

2437 829 2579 883 vitiae
2598 831 2630 883 τλ
2643 831 2787 886 Talis
2808 843 2925 887 erat
2947 834 3034 888 leo
3054 842 3108 888 et
3125 833 3313 889 beatus
3333 837 3531 894 Paulus
3555 858 3569 894 :
3593 857 3859 899 carcerem
3881 845 4030 900 enim

2438 919 2709 989 ingressus
2728 963 2743 986 ,
2761 923 2881 978 solo
2900 924 3135 979 clamore
3152 924 3332 979 omnia
3359 927 3702 987 fundamenta
3725 936 4026 1001 concussit,

2436 1008 2648 1063 vincula
2679 1013 2812 1065 rosit
2842 1013 2859 1081 (
2886 1014 3000 1067 Act.
3031 1015 3119 1069 16.
3146 1013 3287 1085 26),
3312 1030 3420 1071 non
3458 1018 3707 1077 dentibus
3728 1066 3741 1088 ,
3775 1025 3868 1079 sed
3901 1041 4027 1079 ver-

2438 1098 2519 1153 bis
2542 1117 2555 1153 :
2582 1111 2862 1170 propterea
2894 1120 2999 1158 non
3027 1106 3208 1161 leoiies
3234 1107 3385 1176 ipsos
3415 1116 3621 1164 tantum
3644 1153 3658 1175 ,
3693 1115 3786 1169 sed
3813 1124 3866 1170 et
3886 1118 4027 1170 aliud

2435 1190 2562 1258 quid
2591 1191 2834 1246 leonibus
2863 1195 3037 1263 majus
3076 1205 3288 1265 oportet
3325 1199 3617 1267 appellare.
3654 1202 3764 1258 Leo
3794 1209 3936 1262 enim
3973 1211 4029 1263 in

2437 1281 2569 1335 retia
2594 1298 2740 1351 stepe
2757 1285 2935 1353 lapsus
2950 1288 3159 1355 capitur
3179 1330 3195 1354 ,
3228 1292 3401 1345 sancti
3428 1307 3558 1345 vero
3600 1309 3721 1347 cum
3758 1298 3984 1368 ligantur
4008 1344 4027 1367 ,

2437 1370 2562 1426 hinc
2590 1371 2843 1429 fortiores
2882 1375 3055 1430 fiunt:
3091 1377 3231 1432 sicut
3265 1390 3319 1434 et
3363 1382 3449 1436 hic
3488 1383 3675 1439 beatus
3717 1387 3769 1441 in
3812 1405 4029 1448 carcere

2439 1470 2563 1517 tunc
2590 1461 2715 1519 fecit
2735 1506 2751 1530 ,
2782 1466 2995 1522 solvens
3020 1469 3351 1538 compeditos
3374 1513 3389 1534 ,
3418 1474 3647 1541 parietes
3676 1481 3988 1536 concutiens
4007 1523 4028 1550 ,

2435 1555 2672 1608 carceris
2694 1557 2969 1612 custodem
2997 1558 3218 1629 alligans
3245 1570 3299 1613 et
3325 1561 3538 1630 pietatis
3576 1565 3745 1619 verbo
3785 1569 4026 1636 capiens.

2439 1643 2549 1698 Leo
2574 1646 2771 1699 clamat
2794 1685 2811 1713 ,
2842 1656 2896 1701 et
2924 1664 3112 1704 omnes
3135 1650 3333 1705 bestias
3356 1651 3532 1721 fugat;
3561 1664 3778 1711 sanctus
3796 1659 4028 1726 clamat,

2436 1746 2492 1789 et
2515 1734 2787 1791 daemones
2813 1736 3045 1807 undique
3074 1735 3313 1809 expelxit.
3341 1741 3537 1799 Lectus
3562 1760 3709 1800 arma
3734 1790 3747 1809 ,
3776 1748 4030 1817 jubarum

2438 1825 2665 1892 horror,
2721 1828 2974 1897 unguium
3020 1846 3207 1886 mucro
3232 1874 3246 1896 ,
3286 1842 3342 1888 ct
3382 1834 3571 1891 dentes
3610 1839 3751 1893 acuti
3803 1858 3816 1894 :
3876 1856 4027 1897 arma

2430 1916 2601 1985 justi,
2635 1917 2971 1990 philosophia
2990 1959 3007 1986 ,
3038 1926 3392 1993 temperantia
3418 1968 3434 1994 ,
3468 1929 3720 1997 patientia
3744 1972 3760 1998 ,
3792 1948 4031 2000 praesen-

2440 2010 2568 2057 tium
2600 2016 2937 2076 contemptus
2953 2008 3214 2061 omnium.
3241 2010 3366 2062 lliec
3385 2027 3537 2065 arma
3563 2013 3803 2082 quisquis
3830 2014 4031 2085 habet,

2441 2112 2545 2149 non
2578 2096 2822 2153 homines
2852 2108 3058 2154 tantum
3090 2098 3364 2169 improbos
3388 2142 3403 2166 ,
3437 2104 3535 2157 sed
3561 2115 3615 2158 et
3657 2106 3800 2173 ipsas
3841 2108 4034 2164 adver~

2441 2189 2610 2241 sarias
2641 2197 2930 2257 potestates
2969 2190 3257 2246 deridebit.
3306 2190 3476 2248 Stude
3514 2194 3712 2263 igitur,
3754 2213 3789 2251 o
3832 2199 4033 2267 homo,

2440 2281 2735 2334 secundum
2769 2283 2935 2336 Deum
2971 2283 3148 2338 vivere
3174 2325 3190 2349 ,
3230 2293 3286 2339 et
3325 2300 3486 2339 nemo
3512 2293 3565 2339 te
3592 2302 3841 2355 umquam
3873 2304 4033 2358 supe-

2439 2372 2609 2436 rabit;
2644 2372 2739 2427 sed
2767 2373 2929 2427 etiam
2960 2375 3004 2429 si
3032 2376 3270 2429 omnium
3300 2376 3593 2430 vilissimus
3621 2391 3740 2432 esse
3768 2378 4030 2446 videaris,

2438 2464 2677 2517 omnium
2706 2465 2816 2519 eris
2843 2466 3290 2535 potentissimus;
3322 2468 3460 2522 sicut
3491 2483 3518 2521 s
3579 2470 3740 2522 animi
3783 2468 4028 2526 virtutem

2438 2557 2745 2627 neglexeris
2766 2599 2782 2623 ,
2809 2560 2971 2613 etiam
3002 2559 3047 2614 si
3072 2559 3310 2614 omnium
3342 2562 3419 2614 sis
3448 2561 3851 2630 potentissinms
3875 2604 3889 2623 .
3918 2578 4044 2617 om-

2440 2646 2601 2700 nibus
2644 2646 3022 2703 insidiantibus
3056 2650 3163 2705 eris
3202 2650 3359 2705 facile
3396 2652 3783 2721 etpugnabilis.
3824 2653 3889 2707 Et
3935 2654 4025 2707 hoc

2440 2740 2652 2809 quidem
2675 2740 2816 2795 dicta
2840 2740 3343 2796 demonstraverunt
3362 2744 3604 2812 exempla
3630 2761 3643 2805 ;
3668 2760 3710 2795 St
3732 2744 3811 2797 vis
3830 2754 4029 2810 autem,

2438 2839 2493 2884 et
2525 2846 2621 2898 per
2650 2846 2813 2899 opera
2844 2842 2896 2887 te
2923 2831 3119 2887 docere
3145 2833 3383 2887 conabor
3406 2875 3420 2897 ,
3454 2836 3558 2887 vim
3583 2835 3846 2902 justorum
3880 2835 4028 2890 inex-

2438 2920 2827 2990 pugnabilem,
2881 2932 2936 2977 et
2986 2923 3196 2978 facilem
3257 2936 3596 2992 peccatorum
3650 2926 4011 2993 Captivitatem

2439 3011 2577 3065 Audi
2604 3012 2763 3082 igitur
2782 3013 3051 3083 quomodo
3082 3013 3196 3068 hmc
3227 3014 3387 3067 ambo
3406 3013 3673 3083 Propheta
3704 3016 3990 3071 insinuavit
4011 3044 4033 3079 ς

2444 3100 2568 3155 Νοη
2607 3103 2681 3157 sic
2721 3104 2903 3173 impii,
2948 3120 3049 3157 non
3071 3104 3180 3169 sic,
3223 3102 3311 3157 sed
3352 3112 3606 3173 tamquam
3650 3104 3846 3173 pulvis,
3887 3123 4035 3173 quem

2443 3195 2645 3267 projicit
2670 3206 2841 3250 ventus
2863 3213 2895 3248 a
2921 3196 3051 3266 {acie
3076 3204 3221 3249 terra:
3250 3196 3268 3267 (
3300 3194 3446 3249 Psal.
3478 3197 3529 3249 1.
3561 3196 3656 3267 4).
3701 3199 3851 3253 Sicut
3889 3200 4033 3253 enim

2438 3284 2533 3340 ille
2570 3294 2851 3339 ventorum
2884 3284 3184 3338 incursibus
3212 3285 3366 3339 facile
3393 3285 3754 3355 projieiendus
3787 3289 4023 3357 proposi-

2439 3382 2526 3430 tus
2551 3384 2635 3430 est
2658 3395 2671 3429 :
2700 3377 2779 3431 sic
2807 3385 2864 3431 et
2894 3384 3143 3445 peccator
3170 3375 3239 3430 ab
3267 3376 3412 3430 omni
3446 3378 3737 3431 teutatione
3764 3379 4035 3432 subverti-

2440 3474 2545 3521 tur.
2576 3467 2712 3523 Cum
2739 3468 2880 3522 enim
2912 3467 3027 3535 ipse
3052 3467 3156 3522 sibi
3198 3477 3499 3537 repugnet,
3539 3479 3593 3522 et
3628 3468 3768 3524 hanc
3802 3485 4033 3540 pugnam

2438 3562 2637 3632 passim
2667 3559 3046 3626 circumferat;
3086 3575 3207 3630 quae
3237 3560 3337 3628 ipsi
3361 3574 3486 3628 spes
3514 3560 3701 3614 salutis
3729 3562 3873 3615 domi
3905 3576 4033 3629 pro-

2436 3654 2548 3710 dito
2573 3696 2589 3719 .
2625 3662 2681 3708 et
2713 3655 3023 3708 continuum
3055 3652 3264 3707 hostem
3295 3653 3678 3707 conscientiam
3707 3669 3887 3708 secum
3920 3665 4031 3706 tra-

2435 3747 2582 3801 henti
2606 3747 2628 3800 ?
2665 3746 2771 3801 Sed
2802 3760 2907 3799 non
2940 3745 3055 3799 talis
3076 3744 3271 3814 justus.
3296 3744 3482 3809 Qualis
3504 3759 3632 3813 ergo
3654 3745 3676 3798 ἲ
3697 3745 3831 3798 Audi
3856 3746 4029 3812 ipsum

2424 3837 2749 3906 Prophetam
2797 3836 3063 3891 dicentem
3113 3854 3127 3890 :
3175 3835 3277 3901 Qui
3328 3835 3591 3902 confidunt
3650 3837 3703 3887 in
3774 3835 4028 3901 Domino,

2435 3927 2579 3981 Sicut
2620 3943 2763 3980 mons
2813 3928 2940 3980 Sion
2984 3924 3172 3997 (Psal.
3218 3923 3381 3994 124).
3431 3924 3566 3990 Quid
3618 3924 3848 3979 tamdem
3898 3934 3979 3978 est
4007 3965 4026 3990 ,

2432 4017 2561 4070 sicut
2583 4033 2726 4070 mons
2746 4016 2903 4070 Sion?
2924 4014 3043 4067 Non
3064 4015 3453 4068 commovebitur
3473 4016 3526 4068 in
3550 4025 3791 4069 internum
3815 4012 4027 4084 (Ibid);

2434 4112 2623 4183 inquit.
2668 4111 3029 4180 Quaecumque
3079 4110 3221 4165 enim
3266 4109 3576 4163 adhibueris
3630 4108 4030 4163 machinamen-

2432 4214 2524 4272 ta,
2584 4220 2933 4274 quascumque
2985 4203 3302 4273 jacnlaveris
3363 4202 3465 4256 tcla
3536 4210 3772 4255 montem
3841 4201 4027 4255 demo-

2432 4296 2515 4350 liri
2551 4296 2735 4351 volens
2758 4337 2773 4361 ,
2809 4295 2956 4348 illum
2997 4293 3211 4363 quidem
3252 4308 3538 4361 numquam
3586 4292 3863 4359 super-abis
3893 4310 3905 4344 :
3933 4292 4024 4361 qui

2432 4388 2579 4441 enim
2632 4384 2880 4456 poteris?
2928 4384 3352 4439 machinamenta
3406 4399 3532 4436 vero
3582 4384 3757 4436 solves
3801 4384 4023 4449 omnia,

2428 4478 2589 4533 etiam
2624 4487 2765 4531 tuam
2787 4476 3034 4530 destrucs
3056 4474 3440 4528 fortitudinem.
3465 4475 3609 4528 Talis
3629 4484 3711 4527 est
3737 4484 3789 4528 et
3812 4474 4023 4542 justus:

2426 4582 2777 4637 quaecumque
2820 4564 3046 4618 vulnera
3090 4565 3401 4633 exceperit,
3457 4564 3571 4631 ipne
3611 4563 3824 4630 quidem
3862 4578 4026 4631 grave

2428 4660 2624 4729 patitur
2662 4659 2835 4724 nihil,
2886 4656 2981 4711 sed
3024 4656 3391 4710 insidiantium
3434 4655 3538 4707 vim
3596 4653 3877 4718 dissolvit,
3926 4669 4026 4708 nec

2429 4767 2557 4806 vero
2584 4750 2888 4805 mortalium
2919 4746 3080 4802 modo
3104 4788 3119 4811 ,
3148 4746 3242 4800 sed
3289 4747 3524 4814 ipsorum
3567 4759 3778 4812 quoque
3818 4743 4024 4797 daemo-

2428 4859 2574 4897 num.
2608 4843 2813 4897 Audisti
2848 4856 3077 4909 namque
3109 4839 3305 4908 saepius
3328 4879 3344 4903 ,
3379 4846 3511 4907 quot
3538 4838 3787 4891 diabolus
3818 4835 4021 4889 machi-

2426 4944 2673 4989 namenta
2701 4934 2803 4988 Job
2825 4930 3169 4995 adhibuerit,
3193 4944 3291 4983 nec
3314 4929 3485 4983 solum
3512 4938 3686 4981 tamen
3706 4926 3849 4978 illum
3873 4940 4027 4979 mon-

2429 5037 2535 5081 tem
2577 5042 2684 5081 non
2734 5023 3152 5094 conquassavit,
3194 5022 3287 5077 sed
3325 5031 3376 5076 et
3423 5029 3709 5075 enervatus
3759 5020 4024 5085 recessit,

2423 5119 2629 5189 sagittis
2659 5118 2787 5187 ipsis
2813 5115 3100 5170 confractis
3120 5156 3134 5180 ,
3165 5123 3220 5169 et
3260 5113 3704 5168 machinamentis
3748 5111 4025 5167 inutilibus

2422 5228 2488 5267 ex
2519 5212 2609 5265 illo
2636 5210 2838 5265 inﬂictu
2866 5208 3107 5263 redditis.

2495 5302 2548 5357 5.
2593 5300 2717 5354 llaec
2746 5300 2921 5369 itaque
2948 5298 3211 5363 scientes,
3258 5296 3422 5349 vitam
3458 5308 3705 5347 curemus
3735 5302 3976 5348 nostram
4004 5311 4020 5347 τ

2423 5408 2596 5462 neque
2623 5392 2761 5447 circa
2793 5392 3043 5460 pecunias
3076 5388 3387 5443 studeamus
3414 5426 3430 5451 ,
3460 5400 3576 5453 qua:
3608 5397 3831 5453 pereunt
3872 5402 3885 5438 :
3928 5398 4004 5440 ne

2420 5500 2525 5555 que
2546 5485 2689 5538 circa
2721 5484 2941 5552 gloriam
2971 5523 2986 5545 ,
3016 5496 3135 5552 qua!
3162 5478 3518 5545 exstinguitur
3548 5495 3561 5531 :
3597 5493 3699 5531 non
3722 5478 3861 5531 circa
3890 5492 4018 5531 eor-

2420 5589 2521 5646 pus
2542 5615 2556 5639 ,
2586 5573 2727 5643 quod
2767 5572 3001 5628 senescit
3025 5612 3040 5638 ,
3074 5586 3180 5623 non
3225 5568 3366 5621 circa
3398 5567 3866 5636 pulchritudinem,
3897 5580 4020 5633 utne

2419 5664 2738 5733 marcescit,
2790 5680 2896 5720 non
2954 5664 3097 5717 circa
3140 5660 3398 5726 delicias,
3442 5675 3564 5730 qua:
3595 5659 3863 5723 deﬂuunt;
3915 5655 4011 5711 sed

2480 5845 2493 5875 ¹
2519 5844 2589 5893 sic
2612 5840 2751 5893 savii.
2780 5848 2831 5892 ct
2853 5840 3061 5891 maxima
3094 5850 3206 5903 pars
3226 5846 3335 5891 Mss.
3365 5847 3523 5892 recte.
3544 5836 3952 5901 ttorcl.,decoris.
