4458 6692
228 423 307 480 99
1267 419 1362 473 AD
1398 417 1724 474 PUPIJLUM
1760 420 1909 474 AN'I'.

2015 419 2266 474 MENUM
2304 419 2540 476 [1061"...
2574 422 2604 476 τ
2617 421 2704 475 Ill.

227 536 369 590 τιῖιν.
401 533 666 609 Καθάπερ
714 535 824 609 γάρ
866 537 917 591 οἰ
957 535 1243 607 μέλλοντες
1286 533 1368 596 εἰς
1412 532 1758 601 δικαστήριον
1801 514 1916 584 εἰσ-

229 621 489 690 άγεσθαι.
506 624 599 678 καὶ
622 623 854 684 εὐθύνας
870 621 979 676 τῶν
995 624 1174 696 πεπλη
1182 620 1361 694 μμελη
1369 619 1546 690 μένων
1561 619 1800 688 ὑπέχειν,
1826 620 1907 673 αὐ·

229 709 506 781 χμῶντες,
538 711 841 783 ῥυπῶντες,
873 711 1113 778 στυγνοὶ,
1151 707 1586 779 κατεσταλμένοι
1615 709 1725 770 τοῖς
1760 706 1910 761 δικά-

232 796 394 865 ζουσι
422 800 722 870 φαίνονται,
750 798 892 851 ὥστε
921 798 1016 851 καλ⁹
1045 799 1154 854 ἀπὸ
1175 797 1268 852 τοῦ
1300 796 1581 867 σχήματος
1609 794 1804 856 αὐτοὺς
1832 795 1912 857 εἰς
1958 847 1976 877 ³

232 886 651 958 φιλανθρωπίαν
675 883 1083 938 ἐπισπάσασθαι
1121 886 1212 939 καὶ
1241 884 1392 937 ἔλεον
1418 881 1514 936 καὶ
1542 879 1870 950 συγγνώμην
1889 895 1902 908 ’

228 973 384 1030 οὕτω
405 975 500 1029 καὶ
527 973 622 1026 ἐπὶ
642 970 738 1024 τοῦ
777 970 949 1042 Ἀδὰμ
971 971 1181 1041 γέγονε.
1215 972 1324 1026 Καὶ
1350 969 1460 1040 γάρ
1484 967 1591 1020 ἔδει
1623 965 1912 1020 κατεσταλ·

232 1062 404 1129 μένον
435 1063 516 1122 εἰς
558 1058 620 1111 16
649 1057 998 1128 δικαστήριον
1043 1059 1363 1130 εἰσαχθῆναι
1401 1054 1596 1108 τοῦτο’
1637 1053 1726 1106 διά
1756 1051 1911 1104 τοῦτο

230 1146 526 1223 προλαϐὼν
557 1147 586 1197 6
617 1143 772 1208 Θεὸς,
803 1145 966 1200 αὐτὸν
1001 1147 1358 1200 συνέστειλεν.
1408 1143 1548 1196 Ἀλλ’
1571 1144 1655 1196 ὅτι
1698 1140 1796 1210 μέν
1826 1156 1912 1202 τις

227 1233 560 1304 περιεπάτει
600 1230 828 1301 ᾔσθετο·
870 1233 1032 1287 πόθεν
1063 1235 1121 1287 δὲ
1162 1233 1414 1303 ἐνόμισεν
1451 1231 1533 1284 ὃτι
1579 1230 1608 1282 6
1640 1227 1773 1288 Θεὸς
1809 1242 1909 1277 πε-

233 1325 528 1392 ριεπάτεις
573 1319 824 1376 Τοιοῦτον
866 1322 976 1376 τῶν
1015 1322 1439 1393 ἁμαρτανόντων
1493 1318 1554 1372 16
1599 1315 1722 1379 ἔθος
1763 1314 1908 1367 ἐστί’

230 1408 420 1462 πάντα
447 1406 833 1474 ὑποπτεύουσι,
867 1410 966 1473 τὰς
1001 1411 1162 1472 σκιάς
1195 1407 1485 1480 τρέμουσι,
1524 1404 1704 1458 πάντα
1740 1400 1912 1470 ψόφον

227 1495 532 1558 δεδοίκασι,
574 1495 669 1547 καὶ
701 1495 928 1550 ἑκαστον
970 1499 1056 1550 ἐπ’
1086 1497 1285 1559 αὐτοὺς
1317 1493 1557 1564 βαδίζειν
1605 1489 1906 1560 νομίζουσι.

227 1581 473 1644 Πολλοὺς
521 1580 651 1649 γοῦν
701 1582 957 1648 πολλάκις
1005 1583 1205 1644 ἰδόντες
1254 1581 1338 1650 ἐφ’
1377 1580 1571 1648 ἑτέραν
1618 1577 1909 1648 τρέχοντας

226 1668 532 1734 διακονίαν,
564 1670 818 1740 ἐνόμισαν
843 1675 928 1725 ἐπ’
955 1673 1152 1734 αὐτοὺς
1176 1671 1334 1739 ῆκειν
1357 1671 1406 1721 οί
1427 1667 1834 1738 ἁμαρτάνοντες
1857 1678 1906 1730 ε,

227 1755 329 1808 καὶ
361 1757 536 1811 ἀλλων
572 1759 706 1813 ἀλλα
734 1761 868 1832 πρὸς
894 1759 1158 1831 ἀλλήλους
1195 1756 1622 1825 διαλεγομένων,
1653 1756 1702 1808 οἰ
1732 1770 1906 1808 συνει-

224 1844 386 1908 δότες
417 1846 627 1912 ἑαυτοῖς
665 1850 959 1920 ἁμαρτίαν,
997 1847 1126 1918 περί
1171 1844 1352 1898 αὐτῶν
1384 1845 1626 1908 ἐκείνους
1670 1843 1911 1913 διαλέγε-

227 1932 361 1985 σθαι
399 1934 690 2003 νομίζουσι.

305 2019 374 2089 β’.
397 2022 646 2076 Τοιοῦτον
678 2025 786 2097 γὰρ
809 2027 842 2095 ή
869 2025 1132 2096 ἁμαρτία·
1155 2027 1370 2092 οὐδενὸς
1385 2027 1700 2096 ἐλέγχοντος
1720 2024 1906 2094 προδί-

222 2106 417 2168 δωσιν,
453 2110 662 2173 οὐδενὸς
684 2113 1120 2182 κατηγοροῦντος
1145 2114 1519 2178 καταδικάζει,
1551 2114 1646 2166 καὶ
1670 2111 1906 2182 ψοφοδεῆ

221 2199 380 2248 τοοιεί
397 2198 490 2248 καὶ
513 2197 682 2250 δειλὸν
696 2199 786 2252 τὸν
801 2201 1157 2270 ἡμαρτηκότα
1173 2217 1188 2231 ο
1209 2201 1401 2273 ῶσπερ
1422 2198 1568 2273 οῦνή
1593 2199 1905 2268 δικαιοσύνη

218 2283 290 2336 τὸ
323 2285 584 2338 ἐναντίον.
615 2287 879 2340 Ἀκουσον
901 2286 1032 2356 γοῦν
1061 2289 1180 2352 πῶς
1205 2292 1302 2342 καί¹
1329 2290 1520 2343 τούτου
1551 2290 1650 2361 τὴν
1678 2287 1902 2352 δειλίαν,

221 2371 481 2424 κάκείνου
501 2373 600 2442 τὴν
640 2374 950 2445 παρρησίαν
983 2375 1300 2446 ὑπέγραψεν
1325 2378 1358 2446 ή
1390 2377 1579 2448 Γραφή
1598 2394 1613 2408 ο
1639 2376 1847 2444 Φεύτει
1871 2377 1906 2428 ὀ

218 2456 476 2524 ἀσεϐὴς,
497 2476 569 2528 φη
578 2459 678 2522 σίν,
696 2461 944 2528 οὐδενὸς
955 2463 1296 2530 διώκοντος.
1316 2464 1441 2528 Πῶς
1459 2463 1670 2526 οὐδενὸς
1683 2463 1907 2516 διώκον-

218 2560 320 2607 τος
335 2545 528 2613 φεύγει
545 2563 560 2609 ;
579 2549 764 2601 Ἔνδον
779 2549 890 2618 ἔχει
907 2549 934 2588 δ
954 2551 1044 2604 τὸν
1061 2550 1372 2616 ἐλαύνοντα,
1388 2551 1480 2603 τὸν
1495 2549 1592 2603 τοῦ
1606 2549 1906 2613 συνειδότος

220 2633 560 2701 κατήγορον,
580 2635 673 2686 καὶ
692 2635 876 2688 τοῦτον
907 2639 1182 2708 πανταχοῦ
1198 2640 1486 2710 περιφέρει
1503 2654 1518 2669 ⁸
1543 2638 1636 2692 καὶ
1655 2636 1906 2707 καθάπερ

219 2717 424 2770 ἑαυτὸν
447 2719 548 2770 οὐκ
582 2719 648 2772 ἂν
675 2720 926 2792 δυνηθείη
953 2725 1196 2792 φεύγειν,
1227 2725 1402 2790 οὕτως
1436 2725 1559 2780 οὐδὲ
1578 2724 1671 2778 τὸν
1695 2723 1908 2777 ἔνδοθεν

219 2805 394 2857 αὐτὸν
437 2805 752 2868 ἐλαύνοντα,
795 2809 912 2862 ἀλλ’
948 2811 1192 2882 ὅπουπερ
1229 2813 1296 2866 ἂν
1347 2812 1538 2884 ἀπῄει,
1583 2811 1906 2883 μαστίζεται

223 2891 347 2965 [95]
384 2895 477 2946 καὶ
495 2894 718 2965 τραῦμα
747 2896 964 2950 ἀνίατον
995 2897 1105 2968 ἔχει
1125 2915 1139 2930 ’
1167 2901 1281 2953 ἀλλ’
1309 2902 1406 2970 οὐχ
1437 2901 1466 2952 6
1497 2901 1704 2964 δίκαιος
1726 2898 1904 2953 τοιοῦ-

220 2995 339 3043 τος,
382 2980 498 3033 ἁλλ’
545 2983 748 3048 ὁποῖος,
797 2984 963 3038 ἄκουε
987 3001 1001 3016 °
1042 2989 1274 3054 Δίκαιος
1304 2990 1385 3055 ὡς
1428 2989 1586 3044 λέων
1632 2990 1899 3044 πέποιθε.

221 3067 486 3132 Τοιοῦτος
507 3065 575 3140 ἦν
595 3072 625 3124 6
669 3071 856 3134 Ἠλίας
877 3089 892 3103 ο
921 3067 1028 3126 εἶδε
1054 3073 1184 3142 γοῦν
1211 3076 1302 3128 16v
1333 3075 1554 3146 βασιλέα
1581 3077 1720 3148 πρὸς
1742 3077 1904 3132 αὐτὸν

221 3155 546 3226 ἐρχόμενον,
579 3158 673 3210 καί
706 3160 952 3224 εἰπόντος
992 3162 1224 3226 ἐκείνου,
1265 3165 1388 3218 ἰνα
1425 3166 1483 3218 τί
1526 3165 1905 3234 διαστρέφεις

221 3243 333 3295 τὸν
381 3244 663 3310 Ἶσραήλ;
713 3247 836 3299 Οὐκ
861 3246 979 3316 ἐγὼ
1005 3247 1363 3318 διαστρέψω,
1407 3249 1595 3319 φησὶν,
1630 3251 1793 3305 ἀλλὰ
1823 3251 1905 3304 σὺ

221 3330 327 3383 καί
369 3333 404 3384 ό
433 3327 598 3398 οἶκος
620 3331 727 3386 τοῦ
746 3335 972 3402 πατρός
995 3349 1134 3390 σου.
1178 3337 1417 3408 Ἀληθῶς
1447 3339 1654 3402 δίκαιος
1676 3339 1751 3402 ώς
1772 3338 1908 3392 λέων

225 3417 485 3472 πέποιθε.
504 3419 768 3490 Καθάπερ
784 3420 893 3492 γὰρ
915 3421 1052 3475 λέων
1070 3423 1308 3477 κυνιδίου
1335 3426 1482 3489 τινὸς
1497 3425 1746 3490 εὐτελοῦς
1774 3443 1909 3480 κατ-

223 3504 496 3574 εξανέστη
536 3506 630 3559 τοῦ
677 3506 974 3576 βασιλέως·
1021 3509 1198 3563 καίτοι
1236 3513 1546 3582 πορφυρίδα
1583 3509 1728 3583 εἶχεν
1761 3515 1907 3566 ἐκεῖ·

222 3609 339 3654 νος,
373 3593 488 3645 ἀλλ’
527 3589 641 3662 εἶχε
679 3595 930 3666 μηλωτην
970 3590 1146 3660 οὗτος,
1178 3599 1395 3668 ἱμάτιον
1436 3599 1539 3668 τῆς
1575 3601 1909 3672 πορφυρίδος

222 3678 446 3749 ἐκείνης
475 3680 818 3751 σεμνότερον.

310 3767 377 3818 Ἥ
419 3768 516 3836 μὲν
554 3768 663 3838 γάρ
692 3769 966 3839 πορφυρὶς
997 3770 1180 3841 ἐκείνη
1204 3771 1294 3825 τὸν
1324 3770 1487 3842 λιμὸν
1516 3772 1670 3826 ἔτεκε
1698 3775 1791 3827 τὸν
1813 3791 1909 3844 χα-

220 3853 414 3918 λεπὸν,
455 3856 490 3924 ή
541 3855 762 3925 μηλωτὴ
798 3855 852 3908 δὲ
900 3855 1037 3925 αῦτη
1082 3857 1154 3910 τά
1191 3858 1341 3912 δεινά
1381 3860 1606 3913 ἔλυσενο
1636 3860 1774 3933 αῦτη
1813 3862 1907 3914 τὸν

237 3939 515 4011 Ἰορδάνην
547 3942 780 4011 ἔσχισεν,
821 3943 958 4013 αῦτη
993 3945 1086 3995 τὸν
1127 3945 1427 3999 Ἐλισσαῖον
1464 3947 1684 4001 διπλοῦν
1717 3949 1905 4001 Ἠλίαν

223 4029 510 4096 ἐποίησεν.
549 4031 612 4081 Ὢ
636 4030 774 4100 πόση
801 4031 907 4083 τῶν
938 4030 1106 4097 ἁγίων
1139 4035 1172 4103 ή
1199 4035 1369 4104 ἀρετή
1393 4036 1406 4088 ἰ
1434 4036 1554 4105 οὐχὶ
1585 4036 1654 4089 τά
1689 4037 1905 4108 ῥήματα

222 4116 414 4169 αὐτῶν
441 4119 598 4188 μόνα,
639 4118 760 4171 οὐδὲ
787 4119 854 4172 τὰ
887 4118 1132 4188 σώματα,
1166 4120 1303 4173 ἀλλά
1329 4122 1426 4173 καὶ
1457 4122 1595 4176 αὐτά
1620 4123 1688 4177 τά
1715 4123 1905 4193 ἱμάτια

221 4206 295 4273 τῇ
327 4205 507 4257 κτίσει
529 4206 678 4276 πάσῃ
705 4206 933 4260 πάντοτέ
965 4209 1107 4259 ἐστιν
1137 4207 1411 4277 αἰδέσιμα.
1452 4208 1518 4261 Ἦ
1543 4210 1766 4282 μηλωτὴ
1792 4211 1905 4264 τού-

221 4307 323 4343 του
352 4293 446 4344 τὸν
483 4293 755 4365 Ἰορδάνην
782 4293 980 4365 ἔσχισε,
1013 4295 1080 4347 τὰ
1104 4295 1275 4365 ὐποδή
1285 4313 1430 4364 ματα
1451 4296 1561 4349 τῶν
1585 4297 1752 4368 τριῶν
1783 4299 1908 4351 παί-

223 4375 336 4429 δων
361 4377 424 4429 τὸ
451 4379 562 4449 πῦρ
592 4382 998 4452 κατεπάτησαν,
1023 4381 1085 4433 16
1124 4380 1278 4448 ξύλον
1307 4393 1329 4421 ο
1361 4382 1456 4435 τοῦ
1499 4384 1804 4438 Ἐλισσαίου
1841 4385 1910 4439 τά

226 4462 404 4517 ὕδατα
436 4467 721 4536 μετέϐαλε,
757 4469 852 4521 καὶ
881 4469 1113 4539 σιδήριον
1152 4469 1291 4539 ὑπὲρ
1327 4469 1425 4539 τὴν
1456 4471 1780 4539 ἐπιφάνειαν
1811 4473 1908 4543 βα-

225 4551 454 4616 στάζειν
502 4554 793 4624 ὲποίησενο
832 4558 864 4626 ή
928 4557 1120 4627 ῥάϐδος
1168 4557 1450 4619 Μωύσέως
1498 4559 1598 4628 τὴν
1639 4560 1910 4631 Ἐρυθρὰν

223 4637 419 4710 ἔσχισε
449 4640 748 4706 θάλασσαν,
777 4644 876 4712 τὴν
900 4645 1105 4716 πέτραν
1128 4644 1341 4716 ἔρρηξε,
1371 4644 1436 4696 τά
1467 4645 1658 4714 ἱμάτια
1691 4647 1908 4700 Παύλου

224 4729 520 4796 νοσήματα
548 4729 769 4798 ῆλασεν,
803 4732 836 4800 ή
868 4732 995 4784 σκιά
1019 4732 1226 4801 Πέτρου
1251 4732 1478 4787 θάνατον
1514 4733 1904 4802 ἐφυγάδευσεν.

313 4813 383 4865 Ἦ
410 4813 586 4884 τέφρα
621 4815 728 4868 τῶν
767 4816 938 4883 ἁγίων
969 4819 1266 4890 μαρτύρων
1312 4821 1580 4891 πονηροὺς
1611 4821 1906 4875 ἀπελαύνει

225 4901 516 4970 δαίμονας.
565 4899 663 4952 Διά
695 4900 850 4954 τοῦτο
887 4905 1005 4971 μετ’
1035 4905 1286 4970 ἐξουσίας
1331 4907 1548 4962 ἅπαντα
1587 4908 1904 4977 πράττουσι,

227 4988 490 5056 καθάπερ
518 4988 613 5041 καὶ
643 4989 672 5040 ὁ
717 4989 929 5051 Ἠλίας·
956 4991 1017 5042 οὐ
1041 4992 1151 5063 γὰρ
1181 4994 1244 5064 δή
1278 4995 1423 5067 ἐώρα
1454 4997 1516 5050 16
1545 4997 1780 5068 διάδημα
1813 4998 1908 5050 καὶ

226 5077 333 5147 τὴν
363 5073 562 5139 ἔξωθεν
595 5075 895 5144 φαντασίαν
923 5077 1016 5129 τοῦ
1052 5077 1339 5148 βασιλέως,
1369 5083 1484 5136 ἀλλ’
1511 5083 1659 5156 ἐώρα
1697 5084 1794 5156 τὴν
1814 5084 1910 5153 ψυ-

229 5167 337 5238 χὴν
379 5164 548 5235 ῥάκια
589 5163 1080 5236 περιϐεϐλημένην,
1128 5167 1450 5238 αὐχμῶσαν,
1500 5173 1777 5241 ρυπῶσαν,
1816 5172 1909 5227 καὶ

230 5251 532 5306 καταδίκου
581 5250 781 5312 παντὸς
823 5251 1150 5324 ἀθλιώτερον
1196 5255 1582 5328 διακειμένην·
1641 5261 1732 5313 καὶ
1790 5259 1910 5313 ἰδὼν

232 5341 403 5393 αὐτὸν
426 5338 768 5408 αἰχμάλωτον
792 5341 884 5392 καί
907 5339 1092 5394 δοῦλον
1118 5342 1243 5396 ὄντα
1270 5343 1380 5396 τῶν
1411 5344 1620 5410 παθῶν,
1647 5348 1912 5419 κατεφρό-

231 5445 403 5499 νησεν
436 5424 601 5480 αὐτοῦ
625 5425 721 5494 τῆς
748 5426 942 5496 ἀρχῆς.
984 5429 1250 5502 Καθάπερ
1281 5430 1390 5501 γὰρ
1422 5433 1514 5484 ἐπὶ
1543 5433 1646 5502 τῆς
1678 5436 1909 5507 σκηνῆς,

231 5516 355 5572 ἀλλ’
383 5516 488 5568 οὐκ
529 5514 622 5568 ἐπὶ
649 5513 747 5583 τῆς
787 5512 1044 5584 ἀληθείας
1089 5518 1265 5572 ἐδόκει
1297 5518 1521 5589 βασιλέα
1576 5520 1815 5590 βλέπειν.
1847 5525 1912 5577 Τί

302 5721 330 5783 f
353 5721 394 5769 Α
404 5721 454 5768 lii
475 5723 519 5768 οί
538 5720 834 5783 ἁμαρτόντες.

297 5780 329 5851 Ρ
353 5780 690 5851 Aliqgollna‘s;
717 5782 903 5851 φεύγειᾷ
924 5783 1085 5851 ἐπειδὴ
1112 5784 1292 5851 ἔνδοθεν
1312 5789 1426 5851 ἔχει.
1453 5787 1580 5839 Infra
1603 5787 1748 5838 Savil.
1773 5790 1910 5847 δυνη-

231 5843 338 5899 θείη
355 5844 534 5953 ξυγεξν.
565 5841 851 5904 1³31110⁷ροὲί
873 5841 1023 5893 Savil.
1051 5852 1104 5893 ει
1125 5841 1430 5907 αυῑᾱυωξῆἥῆ
1455 5853 1664 5914 ὅπουπερ
1690 5853 1746 5900 ἂν
1774 5841 1908 5911 ἀπίη.

297 5907 321 5936 ο
355 5939 368 5952 ι
397 5918 441 5952 Ic
464 5906 614 5953 θαι-Η.
647 5913 699 5953 et
721 5919 894 5953 omnes
920 5918 1048 5953 ncnc
1080 5919 1190 5953 msm
1227 5907 1398 5953 Morel.
1425 5914 1487 5953 τὰ
1511 5915 1638 5953 ξύὶα.
1679 5913 1798 5953 Ihm-
1825 5916 1908 5953 sn.

297 5907 321 5936 ⁶
355 5905 441 5953 Sic
464 5905 614 5954 Savil.
647 5913 699 5953 et
721 5919 894 5955 omnes
920 5918 1048 5965 penc
1080 5905 1190 5954 ms}.
1227 5907 1398 5958 Morel.
1425 5914 1487 5959 τὰ
1511 5905 1650 5967 ξύὶαί
1679 5913 1799 5962 Ibid.
1825 5905 1914 5963 SJ-

231 5968 319 6015 ι-ἱι.
349 5968 468 6031 ὑπὲρ
490 5973 574 6023 τῆς
599 5967 882 6026 ἐπιφανείας.
912 5967 1079 6016 Morel.
1109 5969 1222 6030 ὐτὶρ
1247 5973 1329 6031 τήν
1356 5973 1639 6027 Ξπιςτέομτιπν.
1674 5975 1792 6025 Infra
1817 5977 1914 6025 duo

234 6046 350 6078 ruﬁ.
384 6030 529 6090 ἁγίων
560 6031 636 6074 καὶ
666 6030 943 6077 7Ἇ))ἰίίῖἦζ·.ν“ι“
982 6045 1120 6092 τσσξτ.
1296 6030 1301 6031 ν
1448 6036 1449 6039 “

3591 421 3697 478 ιω

2023 532 2133 603 γὰρ
2162 532 2355 602 ὄφελος
2377 533 2474 604 τῆς
2505 533 2705 602 ἔξωθεν
2732 534 2993 605 εὐπορίας
3014 532 3065 599 ⁸,
3097 535 3226 588 ὅταν
3252 535 3400 589 ἔνδον
3427 536 3590 589 πενία
3607 552 3684 589 το

2021 621 2196 691 σαύτη
2235 617 2304 693 ﬁ;
2336 620 2390 673 τί
2423 621 2479 675 δὲ
2513 621 2704 692 βλάϐος
2747 622 2846 689 τῆς
2890 621 3088 688 ἔξωθεν
3127 623 3340 686 πενίας,
3374 623 3502 676 ὅταν
3544 623 3692 676 ἔνδον

2018 707 2274 772 τοσοῦτος
2319 708 2624 780 ἁποκέηται
2663 709 2928 775 πλοῦτος;
2964 710 3217 774 Τοιοῦτος
3243 706 3311 781 ἧν
3357 710 3491 764 λέων
3534 713 3628 764 καὶ
3663 712 3693 764 6

2021 796 2293 868 μακάριος
2321 795 2530 860 Παῦλος
2555 813 2569 827 ·
2603 794 2858 850 εἰσελθὼν
2881 796 2988 866 γάρ
3012 799 3091 860 εἰς
3115 797 3176 850 16
3200 797 3577 869 δεσμωτήριον
3598 800 3692 852 καὶ

2018 883 2222 955 βοήσας
2253 883 2435 954 μόνον,
2466 885 2534 938 τά
2568 885 2791 956 θεμέλια
2828 885 3006 938 πάντα
3038 883 3234 948 ἔσεισε,
3263 885 3332 938 τὰ
3357 885 3533 956 δεσμά
3562 903 3694 938 κατ-

2016 971 2240 1041 έφαγεν,
2275 971 2376 1024 οὐκ
2412 970 2591 1024 ὀδοῦσι
2621 973 2987 1042 χρησάμενος,
3022 970 3160 1024 ἁλλά
3219 973 3462 1042 ῥήμασι·
3502 972 3694 1040 διόπερ

2017 1061 2138 1130 οὐχί
2178 1061 2398 1124 λέοντας
2435 1060 2631 1122 αὐτοὺς
2665 1063 2844 1130 μόνον,
2892 1060 3029 1114 ἀλλά
3080 1062 3174 1113 καὶ
3210 1060 3398 1131 ἔτερόν
3430 1078 3482 1134 τι
3530 1061 3698 1114 πλέον

2016 1145 2247 1201 λεόντων
2286 1147 2391 1218 χρὴ
2436 1148 2642 1200 καλεῖν.
2691 1147 2749 1198 Ὀ
2787 1147 2885 1216 μὲν
2915 1147 3024 1218 γὰρ
3061 1146 3200 1200 λέων
3234 1150 3314 1210 εἰς
3343 1147 3534 1200 δίκτυα
3565 1148 3695 1202 πολ-

2015 1233 2172 1298 λάκις
2209 1233 2467 1304 ἐμπεσὼν
2521 1233 2833 1286 ἀλίσκεταν
2871 1235 2919 1285 οἰ
2967 1235 3023 1286 δέ
3072 1233 3218 1299 ἆγιοι
3260 1233 3527 1298 δεθέντες,
3570 1235 3693 1287 τότε

2019 1322 2355 1391 ἰσχυρότεροι
2381 1321 2622 1389 γίνονται
2640 1337 2652 1349 ·
2681 1319 2933 1388 καθάπερ
2957 1322 3051 1373 καὶ
3078 1323 3106 1373 6
3133 1322 3398 1392 μακάριος
3422 1315 3578 1382 οὗτος
3599 1321 3694 1374 ἐπὶ

2014 1408 2110 1462 τοῦ
2148 1409 2526 1478 δεσμωτηρίου
2567 1408 2696 1460 τότε
2732 1408 2978 1476 ἐποίησε,
3019 1409 3145 1470 τοὺς
3181 1407 3462 1474 δεσμώτας
3502 1409 3690 1472 λύσας,

2014 1497 2141 1558 τοὺς
2166 1496 2379 1564 τοίχους
2407 1494 2692 1559 σολεύσας,
2727 1495 2818 1548 τὸν
2850 1493 3241 1563 δεσμοφύλακα
3262 1496 3455 1565 δήσας,
3488 1495 3582 1549 καὶ
3616 1496 3697 1565 τῷ

2015 1586 2114 1654 τῆς
2143 1583 2423 1646 εὐσεϐείας
2459 1584 2864 1653 χειρωσάμενος
2904 1583 3067 1653 λόγῳ.
3109 1582 3168 1635 ’0
3205 1581 3339 1636 λέων
3374 1582 3695 1651 φθέγγεται,

2015 1670 2110 1720 καὶ
2136 1669 2204 1721 τά
2233 1668 2396 1737 θηρία
2426 1669 2720 1737 φυγαδεύει
2752 1670 2930 1722 πάντα
2950 1685 2962 1697 ·
2989 1670 3018 1721 6
3059 1668 3216 1736 ἅγιος
3247 1668 3564 1738 φθέγγεται.
3601 1669 3698 1722 καὶ

2013 1757 2140 1818 τοὺς
2173 1755 2435 1825 δαίμονας
2477 1756 2771 1810 ἀπελαύνει
2823 1755 3120 1810 πάντοθεν·
3153 1756 3296 1809 ὅπλα
3336 1755 3431 1810 τοῦ
3479 1756 3698 1820 λέοντος

2017 1843 2162 1913 κόμη
2195 1844 2418 1914 τριχῶν,
2463 1843 2670 1914 ὀνύχων
2713 1845 2889 1916 ἀκμὴ,
2925 1845 3021 1898 καὶ
3063 1843 3283 1906 ὀδόντες
3335 1843 3694 1914 ἠκονημένον

2019 1929 2160 1984 ὅπλα
2195 1931 2402 1984 δικαίου
2433 1931 2740 2000 φιλοσοφία,
2779 1932 3066 2004 καρτερία,
3121 1930 3392 2002 ὑπομονὴ,
3427 1931 3698 2001 ὑπεροψία

2016 2017 2125 2071 τῶν
2155 2020 2438 2089 παρόντων
2481 2020 2757 2073 ἁπάντων.
2783 2020 2968 2072 Ταῦτα
2999 2020 3068 2073 τά
3109 2018 3249 2071 ὅπλα
3281 2036 3366 2081 τις
3407 2017 3567 2087 ἔχων,
3595 2018 3698 2071 οὐκ

2017 2104 2321 2176 ἀνθρώπων
2353 2106 2514 2175 μόνον
2548 2106 2820 2176 πονηρῶν,
2845 2106 2978 2160 ἀλλά
3002 2105 3098 2158 καὶ
3118 2105 3298 2157 αὐτῶν
3325 2103 3697 2172 καταγελάσε-

2013 2209 2107 2246 ται
2144 2191 2255 2245 τῶν
2285 2191 2678 2262 ἀντικειμένων
2716 2191 3014 2262 δυνάμεων.
3045 2190 3334 2261 Φρόντισον
3378 2193 3557 2242 τοίνυν
3597 2190 3699 2258 τῆς

2014 2280 2157 2335 κατά
2188 2281 2322 2335 Θεὸν
2371 2281 2539 2351 ζωῆς,
2584 2280 2861 2354 ἄνθρωπε,
2890 2281 2985 2332 καὶ
3016 2279 3192 2341 οὐδεὶς
3236 2277 3552 2348 περιέσεταί
3599 2278 3696 2330 σού

2013 2385 2168 2432 ποτε,
2202 2368 2341 2422 ἀλλά
2367 2368 2470 2422 κάν
2501 2368 2758 2422 ἁπάντων
2779 2367 3162 2437 εὐτελέστερος
3191 2361 3332 2418 εἶναι
3355 2366 3538 2434 δοκῇς.
3569 2365 3696 2418 πάν·

2012 2475 2122 2511 των
2153 2455 2523 2527 δυνατώτερος
2573 2457 2709 2528 ἔσῃ’
2757 2454 2951 2525 ὥσπερ
2994 2453 3060 2507 ἂν
3090 2453 3375 2525 ἀμελήσῃς
3412 2453 3507 2521 τῆς
3550 2453 3694 2505 κατά

2012 2544 2192 2614 ψυχὴν
2228 2544 2454 2614 ἀρετῆς,
2501 2543 2606 2596 κᾶν
2637 2542 2893 2597 ἀπάντων
2920 2542 3289 2612 δυνατώτερος
3315 2537 3404 2611 ᾖς,
3433 2540 3694 2610 εὐχείρω-

2014 2647 2106 2694 τος
2127 2631 2228 2703 ἔσῃ
2250 2635 2364 2694 τοῖς
2389 2629 2829 2684 ἐπιϐουλεύουσιν
2856 2629 3046 2684 ἅπασι.
3076 2628 3191 2700 [94]
3215 2629 3325 2682 Καὶ
3345 2627 3502 2681 τοῦτο
3525 2627 3691 2692 ἔδειξε

2020 2718 2120 2787 μὲν
2167 2717 2240 2772 τά
2285 2718 2552 2789 εἰρημένα
2603 2718 3053 2790 παραδείγματα’
3085 2718 3134 2770 εἰ
3177 2717 3235 2770 δὲ
3272 2715 3450 2786 βούλει
3488 2715 3584 2768 καὶ
3623 2713 3690 2768 δι’

2014 2804 2195 2878 ἔργων
2222 2821 2281 2857 σε
2311 2804 2521 2869 διδάξαι
2560 2806 2893 2877 πειράσομαι
2924 2804 3032 2857 τῶν
3059 2804 3282 2858 δικαίων
3312 2804 3372 2857 τὸ
3405 2801 3693 2869 ἀκαταγώ-

2013 2909 2194 2947 νιστον
2210 2892 2302 2945 καὶ
2327 2893 2437 2945 τῶν
2461 2892 2801 2964 ἁμαρτωλῶν
2824 2891 2886 2945 16
2905 2891 3251 2961 εὐχείρωτον.
3275 2891 3538 2943 ’Ἄκουσον
3559 2887 3691 2957 γοῦν

2014 2979 2134 3043 πῶς
2160 2979 2447 3051 ἀμφότερα
2476 2979 2650 3033 ταῦτα
2678 2981 2707 3033 6
2729 2981 3015 3049 προφήτης
3047 2979 3268 3049 ᾐνίξατο
3290 2995 3303 3009 ο
3347 2979 3472 3046 Οὐχ
3499 2977 3688 3042 οὕτως

2011 3070 2066 3120 οἱ
2093 3066 2351 3133 ἀσεϐεῖς,
2382 3068 2496 3135 οὐχ
2527 3067 2702 3127 οὕτω,
2737 3067 2924 3136 φησὶν,
2966 3067 3104 3120 ἀλλ’
3138 3064 3177 3132 ἢ
3209 3064 3350 3120 ὡσεί
3381 3064 3588 3132 χνοῦς,
3616 3063 3692 3116 ὃν

2010 3153 2275 3221 ἐκρίπτει
2307 3157 2340 3208 ό
2365 3153 2587 3218 ἄνεμος
2615 3152 2737 3207 ἀπὸ
2765 3151 3091 3220 προσώπου
3123 3149 3232 3218 τῆς
3257 3149 3386 3219 γῆς.
3421 3150 3688 3222 Καθάπερ

2012 3240 2124 3309 γάρ
2153 3242 2356 3301 ἐκεῖνος
2377 3241 2495 3302 ταῖς
2517 3238 2626 3291 τῶν
2650 3237 2870 3308 ἀνέμων
2899 3237 3158 3308 ἐμϐολαῖς
3186 3237 3467 3307 πρόκειται
3493 3237 3689 3308 ῥᾳδίως

2014 3324 2525 3396 ἀναῤῥιπιζόμενος,
2553 3323 2698 3378 οῦτω
2733 3323 2797 3395 δὴ
2828 3326 2920 3377 καὶ
2948 3326 2976 3377 6
3005 3323 3330 3394 ἁμαρτωλὸς
3356 3323 3460 3376 ὐπὸ
3487 3324 3689 3387 παντὸς

2016 3410 2328 3482 πειρασμοῦ
2363 3412 2768 3483 περιτρέπεται.
2803 3412 2974 3466 Ὅταν
3006 3411 3115 3482 γὰρ
3158 3411 3323 3475 αὐτὸς
3373 3410 3550 3482 ἐαυτῷ
3590 3429 3692 3464 πο-

2015 3499 2178 3571 λεμῇ,
2212 3499 2306 3552 καὶ
2334 3499 2434 3570 τὴν
2481 3499 2658 3570 μάχην
2705 3499 2983 3570 πανταχοῦ
3025 3499 3314 3572 περιφέρῃ,
3361 3499 3488 3552 ποία
3538 3499 3690 3569 αὐτῷ

2019 3586 2291 3658 σωτηρίας
2313 3586 2467 3650 ἐλπὶς
2491 3585 2705 3640 οἴκοθεν
2731 3586 3126 3658 προδεδομένῳ,
3149 3587 3244 3640 καὶ
3272 3587 3492 3658 διηνεκῆ
3529 3588 3691 3640 πολέα

2021 3691 2141 3745 μιον
2174 3676 2488 3745 περιάγοντι
2513 3673 2575 3727 16
2608 3675 2881 3738 συνειδός;
2925 3676 3064 3728 Ἀλλ’
3101 3677 3199 3746 οὐχ
3233 3679 3261 3731 6
3285 3676 3489 3740 δίκαιος
3516 3676 3692 3730 τοιοῦ-

2015 3779 2128 3826 τος,
2168 3761 2303 3815 ἀλλά
2331 3762 2608 3826 ποταπό;;
2650 3763 2916 3815 ’Ἄκουσον
2950 3763 3042 3816 τοῦ
3077 3763 3244 3817 αὐτοῦ
3284 3767 3566 3834 προφήτου
3601 3765 3682 3817 λέ-

2015 3866 2204 3916 γοντος
2230 3869 2241 3879 ·
2270 3852 2334 3903 Οἱ
2381 3850 2728 3916 πεποιθότες
2757 3850 2856 3902 ἐπί
2899 3851 3122 3918 Κύριον
3147 3851 3228 3918 ὡς
3255 3851 3393 3919 ὅρος
3417 3849 3587 3905 Σιών.
3621 3850 3690 3903 Τί

2016 3937 2135 3990 ποτ’
2165 3932 2258 3989 οῦν
2294 3939 2460 3999 ἐστιν,
2508 3937 2606 4001 ’.Ως
2641 3935 2777 4003 ὄρος
2806 3935 2990 3999 Σιών;
3023 3941 3106 3991 Οὺ
3129 3936 3571 4004 σαλευθήσεται
3601 3939 3691 4004 εἰς

2014 4022 2124 4075 τὸν
2147 4021 2354 4085 αἰῶνα,
2389 4021 2542 4092 φησί.
2573 4022 2683 4076 Καὶ
2707 4022 2814 4094 γὰρ
2839 4025 2938 4076 ὅσα
2972 4025 3039 4077 ἂν
3064 4024 3431 4094 προσενέγκῃς
3457 4034 3482 4062 ο
3511 4040 3691 4094 μηχα-

2013 4109 2250 4178 νήματα,
2277 4109 2379 4162 ὅσα
2415 4109 2481 4162 ἂν
2505 4110 2796 4182 ἀκοντίσῃς
2836 4110 2987 4180 βέλη,
3013 4111 3134 4181 ὄρος
3163 4110 3533 4180 καταστρέψαι
3569 4111 3690 4182 βου-

2012 4195 2258 4265 λόμενος,
2294 4195 2506 4248 ἐκείνου
2551 4197 2652 4264 μὲν
2685 4197 2940 4250 οὐδέποτε
2978 4198 3208 4270 περιέσῃ
3231 4197 3370 4268 (πῶς
3407 4199 3515 4271 γάρ
3529 4201 3688 4269 ;),1&

2013 4282 2069 4335 δὲ
2103 4283 2471 4353 μηχανήματα
2499 4281 2772 4345 διαλύσεις
2803 4284 3040 4348 ἅπαντα,
3070 4287 3164 4337 καὶ
3193 4285 3294 4354 τὴν
3325 4286 3555 4340 σεαυτοῦ
3584 4305 3687 4340 κα-

2013 4370 2264 4433 ταλύσεις
2309 4369 2480 4440 ἰσχύν.
2511 4368 2762 4432 Τοιοῦτός
2806 4370 2921 4422 ἐστι
2964 4370 3056 4423 καὶ
3102 4372 3130 4423 6
3176 4371 3423 4435 δίκαιοςο
3455 4375 3586 4437 ὅσας
3621 4373 3690 4428 ἂν

2016 4457 2235 4529 δέξηται
2257 4457 2490 4528 πληγάς,
2506 4457 2666 4518 αὐτὸς
2690 4457 2786 4526 μὲν
2803 4457 2953 4509 οὐδὲν
2971 4457 3139 4510 ἔπαθε
3160 4457 3352 4522 δεινὸν,
3368 4459 3477 4512 τῶν
3497 4460 3555 4514 δὲ
3576 4462 3692 4515 ἐπι-

2018 4546 2381 4599 ϐουλευόντων
2423 4543 2681 4598 καταλύει
2721 4544 2820 4614 τὴν
2861 4544 3110 4615 δύναμιν,
3142 4546 3242 4599 οὐκ
3292 4546 3600 4618 ἀνθρώπων
3630 4547 3689 4603 δὲ

2021 4635 2200 4704 μόνον,
2235 4633 2371 4686 ἀλλά
2404 4633 2498 4685 καὶ
2532 4632 2802 4702 δαιμόνων
2835 4632 3032 4686 αὐτῶν.
3074 4633 3353 4697 Ἤκουσας
3392 4634 3525 4702 γοῦν
3557 4635 3689 4688 πολ-

2017 4722 2174 4785 λάκις
2202 4721 2342 4774 πόσα
2375 4721 2694 4790 προσήγαγε
2721 4721 3090 4790 μηχανήματα
3112 4722 3190 4791 τῷ
3225 4721 3345 4775 Ἰὼϐ
3372 4724 3400 4774 6
3420 4722 3684 4786 διάϐολος,

2017 4810 2113 4861 καὶ
2168 4809 2228 4860 οὐ
2266 4807 2422 4877 μόνον
2461 4807 2521 4858 οὐ
2561 4806 2876 4859 κατέσεισεν
2926 4808 3104 4861 ἐκεῖνο
3135 4808 3194 4861 16
3230 4808 3374 4879 ὅρος,
3404 4807 3542 4863 ἁλλά
3590 4810 3688 4863 καὶ

2017 4897 2258 4960 ἐκλυοείς
2283 4893 2618 4966 ἀνεχώρησε,
2647 4893 2759 4949 τῶν
2783 4893 2952 4965 βελῶν
2981 4896 3148 4950 αὐτοῦ
3176 4897 3685 4963 κατακλασθέντων,

2017 4986 2112 5040 καὶ
2162 4985 2271 5038 τῶν
2317 4982 2722 5054 μηχανημάτων
2769 4983 3080 5055 γενομένων
3117 4986 3404 5057 ἀχρήστων
3445 4987 3552 5040 ἀπὸ
3587 4985 3689 5058 τῆς

2016 5071 2320 5144 προσϐολῆς
2347 5071 2582 5141 ἐκείνης.

2085 5166 2156 5227 γ’.
2181 5159 2367 5212 Ταῦτα
2383 5154 2476 5212 οὖν
2503 5160 2876 5229 ἐπιστάμενοι,
2895 5159 2997 5228 τῆς
3015 5160 3160 5229 ζωῆς
3187 5159 3570 5231 ἐπιμελώμεθα
3590 5162 3690 5232 τῆς

2016 5247 2309 5318 ἡμετέρας,
2359 5247 2456 5300 καὶ
2505 5248 2643 5318 μήτε
2688 5249 2816 5318 περί
2869 5248 3130 5317 χρήματα
3181 5248 3576 5318 σπουδάσωμεν
3619 5251 3690 5304 τά

2015 5336 2387 5406 ἀπολλύμενα,
2434 5338 2570 5408 μήτε
2617 5336 2746 5407 περί
2789 5334 2946 5399 δόξαν
2991 5334 3092 5405 τὴν
3124 5335 3514 5406 σϐεννυμένην,
3549 5337 3690 5407 μήτε

2019 5443 2086 5479 πε
2097 5427 2150 5496 ρ).
2177 5427 2238 5479 16
2265 5427 2422 5497 σῶμα
2441 5426 2502 5478 16
2525 5424 2824 5494 γηράσκον,
2860 5427 2998 5494 μήτε
3022 5423 3149 5494 περί
3177 5422 3374 5487 κάλλος
3401 5426 3463 5476 16
3493 5440 3690 5494 μαραι-

2018 5517 2262 5586 νόμενον,
2298 5517 2434 5586 μήτε
2461 5513 2588 5584 περ)⁸
2609 5513 2823 5584 τρυφὴν
2849 5512 2948 5584 τὴν
2979 5511 3356 5583 διαρῤέουσαν,
3387 5511 3523 5566 ἀλλά
3561 5511 3690 5581 περὶ

2017 5604 2195 5676 ψυχήν
2223 5604 2438 5657 ἃπασαν
2469 5600 2837 5672 ἀναλώσωμεν
2865 5599 2884 5640 ί
2918 5600 3016 5673 τὴν
3052 5600 3392 5670 ἐπιμέλειαν,
3434 5599 3525 5653 καὶ
3552 5596 3690 5652 ταύο

2081 5784 2105 5824 ἀ
2133 5787 2386 5850 εἰεεονὶι.
2411 5794 2461 5837 el
2492 5789 2702 5850 maxima
2723 5801 2837 5850 pars
2859 5799 2972 5834 mss.
3010 5790 3168 5850 recip.
3197 5782 3367 5832 Morel.
3392 5776 3690 5850 εὐπρεπείας.

2020 5910 2038 5956 >
2062 5851 2108 5919 ,⁸
2133 5849 2233 5900 Alii
2255 5851 2579 5914 προσαγάγῃς.
2609 5844 2945 5912 Mox'quidam
2967 5861 3081 5897 mss.
3106 5848 3214 5910 ὄρος
3239 5844 3549 5906 κατασκάψαι
3578 5846 3695 5908 βονο

2040 5927 2229 5956 οιλιενοε.

2040 5927 2074 5957 .9
2089 5928 2134 5956 ι’
2197 5931 2229 5956 '.

2080 5927 2578 6047 ιίῢξῗιῖίιιοιέὶὶαιιοι
2610 5987 2725 6046 φῇς.
2745 5971 3096 6047 ἣᾶναλίσκωμεν,
3132 5969 3303 6047 Μότοι.
3328 5974 3380 6042 εἰ
3398 5967 3478 6017 alii
3500 5968 3689 6041 ἀναλώ-

3005 6049 3144 6069 ηηιγην
3169 6047 3384 6066 Ιθξν-ειοιιη
3438 6047 3511 6069 ’θαι
3609 6047 3644 6062 ἰ

2881 6034 2903 6066 Γἰ
2928 6035 3144 6066 κιῖιοίηοῆν
3169 6034 3384 6066 ΐιτν-ειοιέοι

2025 6053 2123 6097 710;:
2136 6053 2196 6084 ιν.
2229 6035 2350 6086 ίιιίιει
2374 6035 2522 6087 Sam.
2552 6037 2629 6083 καὶ
2650 6038 2682 6091 ἡ
2707 6037 2787 6095 μὲν
2821 6035 2903 6080 τοῦ
2928 6035 3144 6079 σύνοικος
