4494 6732
479 422 570 476 illi

476 538 617 591 circa
647 537 878 594 animam
907 554 1117 595 omnem
1155 554 1336 594 curam
1380 540 1746 610 impendamus
1770 584 1786 608 ,
1827 550 1881 596 et
1923 541 2060 595 hanc

471 626 618 683 onmi
645 629 803 685 modo
829 646 1094 687 curemus.
1128 631 1367 700 Corpora
1399 634 1593 704 quippe
1617 633 1925 704 languentia
1951 648 2057 688 non

471 719 721 775 omnibus
742 735 934 776 curare
965 720 1116 774 facile
1141 730 1223 774 est
1247 762 1261 785 ,
1293 724 1523 777 animam
1554 740 1683 779 vero
1721 722 2058 777 laborantem

469 817 554 860 est
578 809 768 878 cuique
798 809 1048 864 medicari
1078 809 1381 866 facillimum
1409 832 1422 867 :
1452 822 1507 867 et
1550 814 1792 882 corporis
1840 813 2056 883 quidem

470 897 676 949 curatio
700 939 715 964 ,
742 908 796 952 et
821 898 1228 953 medicaminum
1255 909 1309 954 et
1342 904 1544 971 argenti
1588 903 1788 972 indiget
1814 943 1828 967 ,
1866 903 2057 958 anima:

472 998 599 1039 vero
625 986 775 1042 facile
808 988 1057 1058 parabilis
1081 996 1135 1041 et
1167 991 1434 1058 impendio
1471 1007 1662 1048 carens
1699 1011 1712 1048 :
1740 994 1920 1047 carnis
1957 1008 2055 1048 na-

473 1085 587 1129 tura
617 1081 780 1134 multo
804 1097 924 1134 cum
954 1081 1136 1133 labore
1163 1080 1230 1134 ab
1261 1080 1631 1138 infestantibus
1658 1084 1915 1139 liberatur
1940 1085 2052 1139 vul-

471 1171 690 1225 neribus
724 1190 738 1226 :
771 1175 965 1227 etenim
999 1172 1201 1226 ferrum
1229 1188 1371 1243 satpe
1404 1186 1457 1229 et
1495 1191 1673 1230 amara
1702 1174 2056 1230 medicamina

472 1261 726 1319 adhibere
754 1265 1114 1319 necessarium
1148 1275 1262 1331 est;
1306 1267 1358 1320 in
1402 1268 1573 1321 anima
1617 1283 1749 1323 vero
1797 1266 1926 1320 nihil
1975 1276 2056 1322 est

473 1354 577 1406 tale
604 1393 620 1419 ,
651 1355 742 1408 sed
776 1365 981 1409 tantum
1016 1356 1148 1409 velle
1174 1367 1226 1410 et
1265 1373 1461 1428 cupere
1504 1360 1698 1414 sufficit
1722 1400 1737 1424 ,
1778 1367 1835 1413 et
1877 1359 2054 1413 omnia

470 1454 708 1498 eorrecta
755 1454 897 1499 sunt.
946 1444 1013 1498 Et
1056 1447 1155 1500 hoc
1199 1446 1297 1501 fuit
1338 1464 1471 1517 opus
1522 1448 1617 1503 Dei
1662 1448 2049 1518 providentiae:

470 1534 717 1598 queuiam
765 1536 906 1588 enim
952 1551 1015 1589 ex
1061 1539 1300 1605 corporis
1335 1540 1641 1594 infirmitate
1682 1555 1786 1593 non
1830 1540 2052 1594 multum

472 1623 583 1676 fieri
614 1636 988 1680 uocuntentum
1023 1636 1236 1695 potest:
1276 1645 1395 1683 nam
1422 1632 1582 1685 etiam
1613 1632 1658 1685 si
1691 1647 1797 1685 non
1826 1641 2052 1700 aegrote-

469 1728 589 1766 mus
612 1757 625 1780 ,
661 1732 802 1771 mors
831 1718 1214 1786 superveniens
1250 1719 1419 1787 ipsum
1463 1730 1807 1790 corrumpet,
1845 1733 1898 1777 et
1938 1736 2052 1775 om-

472 1806 597 1857 nino
622 1807 916 1862 dissolvet:
951 1818 1119 1861 totum
1162 1824 1290 1863 vero
1327 1811 1480 1864 nobis
1530 1812 1581 1864 in
1623 1813 1785 1865 animi
1826 1813 2055 1867 sanitate

468 1898 622 1950 situm
649 1908 731 1952 est
762 1918 774 1952 :
819 1901 986 1955 multo
1015 1901 1241 1954 utilioris
1270 1910 1325 1955 et
1350 1902 1515 1969 magis
1544 1904 1860 1956 necessariae
1887 1904 2055 1973 partis

467 1990 792 2043 curationem
821 1992 942 2046 fecit
968 1991 1173 2045 facilem
1199 2000 1255 2046 et
1286 1992 1556 2060 impendio
1576 2002 1629 2046 ct
1650 1993 1834 2048 dolore
1862 2009 2054 2049 carenc

466 2084 593 2131 tem.
645 2079 809 2144 Quam
854 2083 1011 2151 igitur
1046 2083 1445 2138 excusationem
1502 2084 1859 2139 habebimus?
1893 2101 2053 2155 quam

464 2177 639 2222 autem
665 2175 870 2227 veniam
900 2218 914 2241 ,
941 2190 1059 2230 cum
1089 2177 1332 2246 corporis
1362 2176 1574 2246 quidem
1601 2218 1616 2243 ,
1652 2177 1736 2231 ubi
1766 2187 2043 2247 argentum

468 2269 757 2329 erogatur,
802 2274 855 2316 et
897 2266 1083 2320 medici
1127 2278 1512 2334 accersuntur,
1559 2275 1611 2321 et
1656 2267 1855 2321 multus
1900 2267 2056 2323 dolor

467 2350 794 2416 sustinetur,
828 2362 1024 2409 tantam
1066 2372 1313 2426 geramus
1355 2373 1535 2411 curant
1561 2397 1577 2421 ,
1621 2360 1885 2427 prmcipue
1929 2373 2052 2412 cum

464 2456 570 2495 non
599 2457 847 2511 magnum
879 2446 946 2497 sit
976 2446 1128 2499 nobis
1157 2447 1407 2501 damnum
1430 2462 1496 2501 ex
1522 2447 1667 2502 illius
1695 2448 2008 2516 mgritudine
2035 2466 2049 2514 ;

461 2531 691 2583 anitmun
722 2548 849 2586 vero
875 2543 1278 2590 contemnamus
1301 2577 1316 2602 ,
1349 2544 1404 2590 et
1440 2536 1543 2590 hoc
1571 2551 1693 2590 cunt
1725 2552 1825 2591 ucc
1861 2553 2054 2607 argen-

462 2634 570 2675 tum
602 2639 822 2693 erogare
846 2667 858 2688 ,
891 2641 989 2680 nec
1032 2626 1165 2680 alios
1206 2627 1519 2695 perturbare
1543 2669 1558 2694 ,
1610 2643 1787 2696 neque
1827 2628 2042 2683 dolores

460 2715 721 2769 sustinere
749 2716 1044 2771 debeamus
1069 2734 1083 2781 ;
1113 2718 1206 2771 sed
1236 2717 1438 2787 absque
1465 2719 1546 2772 his
1575 2719 1823 2773 omnibus
1849 2734 2049 2790 propo-

461 2806 562 2856 situ
593 2805 760 2858 solum
794 2814 847 2859 et
888 2808 1161 2861 voluntate
1200 2821 1414 2861 omnem
1459 2807 1625 2877 ipsius
1662 2809 2048 2863 correctionem

460 2892 632 2949 facere
663 2897 930 2964 possimus
959 2914 972 2950 :
1000 2908 1057 2952 et
1091 2899 1293 2967 optime
1336 2899 1569 2953 sciamus
1608 2914 1705 2953 nos
1735 2940 1750 2965 ,
1799 2900 1901 2954 nisi
1948 2899 2048 2956 hoc

462 2984 741 3041 â€˜ecerimus
770 3030 785 3053 ,
818 2996 1110 3043 extremam
1142 2990 1415 3044 subituros
1445 3005 1652 3059 pwnam
1677 3032 1693 3056 ,
1732 3000 1787 3045 et
1827 2991 2049 3047 inevita-

477 3075 581 3127 v..ia
612 3085 874 3131 tormenta
900 3086 1060 3147 atque
1091 3079 1349 3147 supplicia
1374 3079 1396 3132 ?
1428 3080 1520 3132 Dic
1546 3095 1777 3149 namque
1804 3081 1932 3134 mihi
1957 3120 1975 3148 ,
2004 3083 2045 3136 si

458 3166 573 3236 quis
599 3175 765 3220 artem
791 3168 1066 3223 medicina:
1099 3168 1245 3223 brevi
1269 3170 1526 3239 temporis
1554 3180 1827 3226 momento
1845 3172 2047 3242 absque

457 3267 675 3325 argento
703 3267 754 3312 et
780 3259 963 3313 labore
989 3275 1049 3313 se
1090 3260 1375 3314 ducturum
1425 3270 1478 3315 te
1516 3261 1856 3330 polliceretur
1879 3303 1894 3327 ,
1939 3279 2045 3318 non

458 3348 626 3414 ipsum
657 3358 867 3417 putares
913 3349 1352 3404 benefactorem?
1394 3365 1574 3405 nonne
1618 3351 1829 3408 subires
1866 3354 2044 3409 omnia

457 3438 629 3492 facere
656 3446 711 3492 ct
737 3440 838 3507 pati
866 3482 880 3504 ,
911 3455 1262 3509 qumcumque
1294 3440 1409 3494 haec
1454 3442 1715 3510 pollicens
1751 3443 2045 3513 jussisset?

458 3527 593 3580 Ecce
628 3542 768 3581 nunc
804 3528 920 3581 sine
955 3528 1223 3583 laboribus
1268 3529 1428 3594 licet,
1472 3546 1578 3584 non
1619 3532 1861 3600 corporis
1886 3575 1901 3598 ,
1948 3533 2044 3588 sed

455 3617 648 3669 anima:
678 3619 951 3672 vulnerum
997 3620 1237 3674 invenire
1277 3620 1508 3674 remedia
1536 3662 1550 3688 ,
1594 3631 1647 3676 et
1681 3637 1797 3676 eam
1838 3624 2041 3693 absque

453 3706 640 3761 dolore
669 3709 777 3761 ullo
802 3709 865 3762 ad
903 3711 1184 3764 sanitatem
1218 3710 1475 3766 reducere
1504 3729 1518 3764 :
1562 3727 1630 3767 ne
1675 3713 1834 3782 igitur
1875 3716 2041 3783 negli-

448 3811 657 3863 gamus.
691 3797 817 3864 Quis
844 3799 983 3852 enim
1014 3840 1028 3863 ,
1075 3800 1162 3853 die
1206 3801 1376 3867 mihi,
1427 3801 1621 3865 dolor,
1664 3803 1796 3856 iram
1840 3805 2041 3859 contri-

449 3889 609 3942 stanti
639 3891 960 3944 remittere?
989 3892 1152 3945 Dolor
1194 3894 1408 3962 quidem
1456 3905 1539 3949 est
1589 3896 1807 3963 injurias
1852 3899 2037 3951 memi.

449 3979 593 4031 uisse
621 4021 635 4042 ,
670 3988 725 4034 et
752 3996 853 4033 non
878 3983 1169 4035 conciliari.
1198 3983 1329 4049 Quis
1360 3984 1512 4038 labor
1540 4000 1697 4039 orare
1719 4028 1733 4051 ,
1764 3997 1815 4040 et
1855 4002 1884 4038 a
1931 3988 2040 4042 Deo

451 4079 694 4139 prompte
718 4074 987 4140 pr:ebeule
1008 4115 1020 4136 .
1048 4075 1323 4127 innumera
1356 4075 1492 4128 bona
1518 4079 1870 4145 petere?quis
1891 4080 2040 4132 labor

447 4159 732 4217 detrahere
766 4168 961 4219 nemini
986 4168 1008 4220 ?
1032 4184 1148 4236 quze
1170 4167 1449 4222 difficultas
1471 4169 1538 4223 ab
1567 4170 1763 4224 invidia
1791 4182 1844 4224 et
1870 4173 2036 4228 livore

445 4250 701 4306 liberari?
745 4272 866 4325 qua:
937 4259 1178 4311 molestia
1249 4261 1547 4328 proximum
1599 4261 1863 4331 diligere?
1914 4280 2033 4333 quae

447 4358 683 4397 atruutua
732 4364 835 4400 non
875 4352 1044 4418 turpia
1095 4352 1254 4404 verba
1308 4352 1489 4421 loqui,
1535 4367 1640 4406 non
1690 4354 2026 4419 convicium,

448 4448 551 4484 uolt
580 4433 825 4501 injuriam
858 4440 1053 4494 inferre
1074 4441 1098 4494 ?
1121 4459 1238 4510 qnic
1268 4443 1500 4513 fatigatio
1528 4459 1629 4497 nou
1656 4443 1834 4512 jurare
1858 4446 1882 4497 ?
1910 4461 2028 4498 rur-

448 4537 563 4574 sum
590 4524 729 4576 enim
760 4527 825 4579 ad
858 4532 1100 4584 eamdem
1127 4531 1407 4587 deveniam
1436 4535 1872 4590 admonitionem.
1917 4536 2029 4590 lmo

447 4613 598 4666 labor
639 4616 903 4673 maximus
936 4620 1163 4688 jurare;
1214 4626 1406 4693 saepius
1446 4627 1589 4680 enim
1638 4629 1715 4681 ira
1753 4638 1806 4682 et
1852 4627 2029 4683 furore

446 4704 644 4758 detenti
674 4746 687 4769 ,
718 4720 813 4758 nos
844 4708 1204 4767 infestantinm
1232 4717 1459 4785 cuipiam
1505 4732 1611 4770 non
1660 4720 2033 4774 reconciliatu-

447 4810 537 4849 ros
558 4796 850 4864 juravimus
873 4840 888 4863 ,
916 4810 1100 4867 pestca
1130 4805 1205 4858 ira
1236 4808 1494 4862 exstincta
1522 4819 1575 4862 et
1602 4808 1779 4866 furore
1807 4812 1989 4867 sedato
2010 4855 2025 4879 ,

448 4886 779 4939 reconciliari
833 4890 1113 4958 volentes,
1157 4905 1211 4949 et
1242 4897 1664 4965 jurameutorunt
1712 4905 2028 4958 necessitate

444 4977 659 5031 coerciti
685 5018 698 5040 ,
724 4977 986 5032 doluimus
1016 4989 1285 5049 tamquam
1334 4990 1522 5059 laqueo
1564 4992 1791 5061 quodam
1822 4994 2026 5048 detenti

443 5077 497 5119 et
526 5068 750 5122 vinculis
780 5068 1146 5124 insolubilibus
1177 5072 1389 5131 irretiti.
1414 5080 1564 5147 Quod
1589 5091 1640 5135 et
1664 5082 1903 5137 diabolus
1927 5099 2026 5137 uo-

442 5160 556 5225 vit,
590 5169 642 5214 et
668 5162 789 5230 quia
819 5162 971 5230 plane
998 5164 1143 5215 novit
1169 5164 1300 5217 iram
1348 5185 1466 5225 esse
1513 5174 1686 5241 ignem
1714 5216 1728 5239 ,
1774 5185 1826 5229 et
1871 5174 2025 5229 facile

444 5252 708 5321 exstingui
734 5294 749 5318 ,
778 5261 830 5308 et
856 5254 1113 5309 exstincta
1143 5254 1219 5307 ira
1248 5262 1739 5319 reconciliationem
1767 5276 1821 5320 et
1849 5268 2027 5321 amici-

444 5336 572 5390 tiam
620 5340 807 5408 sequi,
854 5341 1073 5410 cupieus
1130 5342 1303 5412 ignem
1355 5345 1495 5399 httnc
1540 5350 2022 5423 iuexstiuguibilem

442 5442 661 5485 manere
681 5472 699 5498 ,
727 5432 1032 5502 iuramento
1062 5451 1159 5489 nos
1186 5437 1375 5506 sacpius
1404 5439 1631 5496 irrctivit
1656 5486 1670 5509 ,
1699 5457 1758 5500 ut
1783 5457 1838 5502 et
1874 5450 1919 5503 si
1947 5451 2023 5505 ira

437 5514 734 5590 desiverit,
769 5523 1057 5595 juramenti
1088 5531 1376 5585 necessitas
1406 5546 1625 5588 manens
1647 5577 1661 5601 ,
1691 5537 1940 5595 ardorem
1970 5543 2021 5596 in

1411 427 1501 483 AD
1540 424 1857 517 lâ€™OPilLUai
1898 427 2384 484 Î‘Îá¼¸á¼¹ÎŸÎ©Î Î•ÎÎ•Îœ
2447 427 2677 485 1105111..
2720 427 2844 484 Vill.

3658 425 3753 479 111Â³3

2168 541 2322 595 nobis
2347 549 2667 606 conservet,
2698 550 2751 595 et
2776 540 2999 594 duorum
3028 539 3120 593 fiat
3150 538 3371 590 alterum
3398 578 3412 603 ,
3440 536 3520 591 vel
3561 552 3753 591 Ï„ÎµÎ¸Î¿Ï‰-

2165 630 2327 684 ciliati
2364 629 2668 699 pcjeremus
2692 669 2708 695 ,
2762 630 2845 683 vel
2890 645 2995 682 non
3041 626 3409 688 reconciliati,
3445 626 3550 680 odii
3582 628 3753 695 culpa:

2171 730 2381 775 nosmet
2412 734 2533 773 reos
2559 721 2965 773 constituamus.

2234 812 2290 865 4.
2335 809 2549 864 Moralt's
2595 810 2879 863 exhortatio
2922 808 2993 862 ad
3039 809 3331 879 juramenta
3398 806 3630 859 uitanda.
3682 835 3750 847 Î¿Î‡-

2167 905 2294 957 llzec
2343 903 2502 972 igitur
2550 902 2819 965 scientes,
2865 901 3169 971 juramenta
3217 899 3478 969 fugiamus
3517 908 3572 953 et
3623 899 3748 952 assi-

2165 992 2269 1047 due
2317 992 2605 1046 meditetur
2647 1006 2707 1046 os
2753 1002 2989 1045 nostrum
3044 990 3263 1053 dicere,
3309 988 3509 1042 Crede:
3555 996 3612 1042 et
3654 987 3754 1040 hoc

2158 1085 2262 1138 erit
2334 1083 2488 1137 nobis
2557 1083 2719 1137 totius
2786 1082 2997 1149 pietatis
3077 1088 3469 1150 argumentum.
3551 1078 3753 1146 Lingua

2159 1176 2301 1228 enim
2350 1176 2568 1229 verbum
2629 1174 2730 1228 hoc
2774 1188 2936 1225 unum
2966 1174 2982 1204 á½·
3027 1172 3207 1227 dicere
3249 1172 3427 1235 docta,
3472 1169 3753 1224 confundi-

2160 1274 2245 1320 tur
2302 1275 2356 1320 et
2419 1265 2692 1319 erubescit
2742 1265 2914 1333 turpia
2986 1272 3040 1317 et
3105 1262 3333 1316 absurda
3404 1262 3566 1316 verba
3628 1276 3751 1329 pro-

2160 1357 2300 1412 ferre
2329 1375 2343 1411 :
2372 1366 2427 1411 et
2450 1358 2494 1412 si
2523 1373 2734 1411 rursum
2760 1372 2789 1410 a
2816 1354 3203 1411 consuetudine
3239 1355 3546 1408 retrahatur
3573 1395 3588 1415 ,
3619 1354 3749 1407 mul-

2161 1454 2243 1499 tos
2285 1445 2488 1500 habens
2526 1455 2867 1501 accusatores
2906 1444 3247 1513 eorripietur.
3288 1447 3418 1496 Cum
3447 1444 3591 1497 enim
3629 1443 3750 1513 quis

2161 1535 2553 1604 uoujurantem
2583 1537 2754 1604 turpia
2798 1535 2995 1589 viderit
3019 1533 3183 1588 verba
3226 1532 3581 1602 proferentem
3610 1572 3626 1597 ,
3673 1532 3755 1586 in-

2162 1624 2379 1678 sultabit
2411 1625 2566 1680 facile
2590 1665 2605 1689 ,
2635 1625 2899 1679 deridebit
2928 1666 2943 1691 ,
2986 1634 3041 1679 et
3074 1640 3302 1694 carpens
3346 1623 3489 1678 dicet
3520 1641 3535 1678 :
3562 1624 3640 1677 Tu
3664 1624 3754 1693 qui

2159 1715 2212 1769 in
2244 1717 2494 1770 omnibus
2519 1717 2653 1770 dicis
2679 1757 2695 1783 ,
2726 1714 2920 1782 Crede,
2959 1716 3317 1784 juramentum
3362 1713 3601 1784 proferre
3647 1729 3754 1768 non

2160 1806 2362 1859 audens
2385 1848 2399 1868 ,
2434 1808 2705 1876 quomodo
2750 1806 2997 1875 turpibus
3034 1807 3264 1875 linguam
3311 1814 3453 1860 tuam
3493 1807 3756 1860 sermoni-

2162 1895 2261 1949 bus
2290 1899 2663 1951 contaminas?
2694 1899 2873 1967 Itaque
2896 1908 2950 1951 et
2993 1898 3140 1951 inviti
3173 1912 3202 1949 a
3230 1896 3581 1964 praesentibus
3608 1912 3757 1950 com-

2161 1987 2336 2055 pulsi,
2370 1989 2436 2041 ad
2467 1991 2713 2057 pietatem
2736 1991 3045 2044 redihimus.
3073 1987 3212 2054 Quid
3254 1988 3415 2057 igitur
3457 1988 3501 2041 si
3535 1988 3751 2056 juraudi

2165 2078 2460 2132 necessitas
2483 2080 2596 2132 sit?
2625 2080 2795 2148 inquit
2820 2082 3026 2148 aliquis.
3055 2080 3152 2135 Ubi
3176 2088 3259 2133 est
3285 2078 3415 2148 legis
3443 2079 3756 2147 praevarica-

2168 2167 2242 2221 tio
2268 2209 2283 2233 ,
2308 2183 2414 2223 non
2445 2178 2527 2222 est
2552 2170 2864 2223 necessitas.
2898 2168 2966 2222 Et
2995 2169 3247 2237 possibile
3275 2178 3357 2222 est
3386 2169 3597 2236 penitus
3624 2208 3639 2231 ,
3669 2169 3754 2222 in-

2163 2258 2317 2326 quit,
2349 2274 2453 2313 non
2472 2260 2863 2329 jurare?Quid
2905 2260 3026 2313 ais?
3073 2260 3214 2313 Deus
3256 2259 3456 2329 jussit,
3505 2269 3560 2313 et
3592 2260 3755 2313 audes

2162 2346 2536 2418 interrogare,
2616 2366 2681 2403 an
2748 2349 2919 2419 legem
2984 2350 3252 2404 custodire
3316 2350 3385 2403 sit
3450 2350 3752 2419 possibile?

2165 2438 2279 2493 luto
2333 2441 2662 2509 impossibile
2709 2458 2814 2495 non
2862 2441 3172 2506 custodire,
3225 2449 3279 2494 et
3327 2439 3428 2495 hoc
3479 2454 3573 2509 per
3616 2454 3753 2508 pra:-

2161 2532 2334 2585 sentia
2383 2530 2534 2585 vobis
2585 2532 2911 2600 persuadere
2975 2532 3097 2585 volo
3156 2531 3297 2600 quod
3369 2545 3474 2584 non
3555 2531 3753 2598 impos-

2164 2621 2321 2675 sibile
2366 2621 2437 2675 sit
2485 2634 2590 2675 non
2631 2622 2853 2689 jurare,
2905 2622 2997 2676 sed
3042 2621 3244 2691 jurare.
3277 2621 3414 2675 Ecce
3446 2620 3588 2675 enim
3615 2621 3750 2687 jussi

2156 2720 2282 2765 sunt
2312 2711 2499 2767 urbem
2531 2713 2848 2777 habitantes,
2875 2712 3015 2783 quod
3042 2713 3325 2767 multorum
3350 2712 3491 2766 vires
3511 2712 3747 2767 excede-

2157 2817 2216 2853 re
2244 2802 2476 2864 videtur.
2502 2818 2690 2858 aurum
2715 2818 2956 2874 erogare,
2984 2815 3038 2858 et
3078 2804 3251 2871 major
3274 2818 3398 2872 pars
3414 2803 3523 2872 jam
3553 2803 3745 2857 collata

2154 2904 2261 2959 est,
2290 2903 2453 2965 atque
2501 2906 2781 2951 exactores
2827 2895 3016 2950 audire
3069 2896 3231 2960 licet,
3284 2896 3571 2951 dicentes:
3612 2896 3747 2961 Quid

2151 2987 2338 3041 tardas
2363 2987 2562 3043 homo?
2590 2988 2716 3056 quid
2756 3003 2884 3042 vero
2914 3002 3013 3041 nos
3045 2987 3113 3042 de
3138 2986 3226 3042 die
3253 2988 3303 3041 in
3338 2987 3480 3043 diem
3527 2987 3750 3042 differs?

2157 3093 2264 3131 non
2290 3078 2433 3133 enim
2461 3079 2695 3149 effingere
2726 3088 2875 3147 potes
2906 3096 2918 3131 :
2949 3079 3033 3133 lex
3084 3079 3427 3148 imperatoris
3476 3088 3580 3144 est,
3625 3095 3745 3148 qua:

2157 3184 2360 3223 moram
2398 3185 2505 3224 non
2560 3170 2776 3238 patitur.
2817 3169 2952 3237 Quid
2996 3185 3179 3239 qmeso
3230 3170 3403 3224 dicis?
3451 3171 3747 3239 Imperator

2147 3259 2310 3327 jussit
2329 3261 2583 3327 pecunias
2614 3259 2806 3328 pendi,
2825 3268 2879 3314 et
2902 3269 2959 3313 ut
2988 3275 3092 3312 non
3126 3259 3347 3328 pendas,
3377 3260 3490 3314 fieri
3510 3276 3614 3314 non
3645 3276 3744 3329 po-

2151 3355 2289 3411 test;
2324 3346 2464 3403 Deus
2510 3349 2811 3418 juramenta
2870 3348 3052 3418 fugere
3085 3349 3262 3417 jussit,
3320 3358 3374 3403 et
3415 3350 3570 3415 dicis,
3622 3351 3738 3406 Non

2150 3452 2435 3508 possumus
2462 3440 2646 3509 fugere
2668 3440 3011 3507 juramenta?
3037 3439 3228 3494 Sextus
3258 3440 3346 3494 hic
3371 3440 3487 3495 dies
3502 3443 3742 3512 estquod

2153 3525 2222 3581 de
2249 3527 2352 3582 hoc
2372 3544 2467 3582 vos
2498 3540 2764 3599 praecepto
2783 3530 3046 3583 admoneo
3076 3545 3090 3581 :
3129 3528 3180 3582 in
3202 3528 3435 3582 futurum
3464 3530 3740 3585 vobiscum

2152 3619 2347 3685 pacisci
2388 3619 2529 3681 volo,
2566 3630 2832 3688 tamquam
2861 3619 3159 3684 desisteus,
3215 3628 3272 3672 ut
3324 3621 3580 3675 caveatis.
3622 3620 3740 3676 Non

2144 3707 2371 3774 amplius
2393 3708 2542 3763 vobis
2561 3708 2662 3762 erit
2682 3708 2955 3763 excusatio
2972 3724 3145 3777 neque
3166 3708 3338 3773 venia,
3363 3710 3596 3764 maxime
3618 3725 3741 3765 cum

2144 3795 2355 3849 etiamsi
2375 3811 2404 3849 a
2433 3798 2586 3852 nobis
2600 3798 2799 3852 dictum
2821 3798 3007 3854 fuisset
3032 3799 3160 3853 nihil
3186 3840 3201 3865 ,
3230 3814 3259 3853 a
3291 3800 3444 3854 vobis
3471 3801 3600 3869 ipsis
3632 3801 3737 3857 hoc

2150 3886 2344 3955 corrigi
2393 3886 2638 3943 debuerit
2682 3904 2826 3944 :nee
2874 3890 3013 3943 enim
3059 3889 3257 3943 varium
3312 3898 3414 3953 est,
3467 3901 3521 3946 et
3571 3894 3736 3948 multa

2147 3977 2541 4043 przeparatione
2570 3978 2828 4048 indigens.
2877 3978 3007 4032 Cum
3056 3994 3183 4033 vero
3210 3988 3411 4034 tantum
3440 3982 3557 4037 suis
3597 3986 3737 4039 nacti

2146 4062 2526 4119 admonitionis
2546 4076 2600 4120 et
2625 4067 2853 4131 consilii,
2880 4083 3037 4136 quam
3057 4068 3319 4123 habebitis
3335 4073 3736 4128 excusationem

2145 4154 2400 4218 accusati,
2428 4172 2524 4223 pro
2547 4156 2794 4210 tribunali
2817 4157 3087 4211 constituti
3108 4160 3403 4224 tremendo,
3422 4175 3541 4215 cum
3560 4177 3733 4231 meum

2144 4245 2600 4309 prmvaricatioois
2652 4246 2810 4315 hujus
2864 4262 2891 4298 a
2943 4247 3091 4302 vobis
3144 4250 3424 4319 exigentur
3455 4252 3479 4307 ?
3516 4253 3725 4308 Nullam

2141 4330 2332 4385 afferre
2376 4334 2554 4387 licebit
2601 4337 2999 4390 excusationem
3028 4377 3043 4396 .
3086 4338 3179 4390 sed
3232 4355 3456 4395 necesse
3504 4343 3607 4397 erit
3648 4346 3732 4399 vel

2138 4424 2450 4477 emendatos
2477 4424 2644 4488 abire,
2680 4426 2762 4478 vel
2795 4441 2898 4478 non
2927 4427 3238 4483 emendatos
3256 4432 3449 4499 puniri,
3469 4442 3523 4486 et
3549 4446 3730 4490 cxtre~

2137 4528 2281 4567 mum
2325 4513 2507 4569 subire
2552 4515 2890 4584 supplicium.
2933 4517 3057 4571 llme
3087 4518 3245 4588 igitur
3270 4522 3445 4575 omnia
3490 4524 3731 4594 cogitan-

2138 4611 2218 4657 tes
2244 4607 2286 4670 ',
2318 4620 2437 4660 cum
2465 4607 2625 4661 multa
2655 4608 2777 4662 hinc
2810 4625 2935 4665 cura
2960 4611 3212 4680 digressi,
3256 4629 3372 4683 qua:
3425 4624 3503 4669 tot
3539 4617 3727 4675 diebus

2137 4694 2276 4749 dicta
2297 4707 2423 4751 sunt
2446 4700 2592 4752 omni
2615 4700 2851 4754 custodia
2883 4701 2934 4754 iu
2975 4711 3153 4756 mente
3187 4712 3360 4759 vestra
3401 4721 3725 4765 conservare

2139 4786 2280 4842 inter
2304 4804 2398 4843 vos
2427 4791 2781 4845 exhortatniui
2813 4809 2825 4842 :
2858 4807 2962 4859 quo
3004 4793 3087 4846 vel
3126 4795 3281 4848 nobis
3311 4799 3611 4855 tacentibus
3638 4802 3722 4855 al-

2142 4888 2222 4935 ter
2246 4883 2466 4936 alterum
2494 4882 2747 4937 docentes
2766 4923 2779 4945 ,
2812 4884 3157 4951 aedificantes,
3188 4887 3565 4957 exhortantes,
3585 4894 3724 4946 mul-

2141 4979 2248 5023 tum
2275 4972 2649 5026 demonstretis
2678 4974 2994 5042 profectum,
3025 4986 3078 5031 et
3106 4992 3294 5032 omnes
3320 4981 3552 5051 reliquas
3575 4982 3722 5052 leges

2138 5064 2436 5134 impleutes,
2472 5068 2690 5122 :eteruis
2735 5067 2983 5123 fruamini
3024 5073 3425 5141 coroniszquas
3449 5075 3724 5146 contingat

2136 5173 2235 5211 nos
2264 5174 2453 5214 omnes
2479 5161 2711 5230 assequi,
2742 5164 2909 5231 gratia
2933 5169 2989 5218 et
3010 5163 3333 5232 benignitate
3385 5166 3592 5221 Domini
3622 5183 3722 5223 no-

2136 5250 2231 5302 stri
2255 5244 2382 5304 Jesu
2409 5252 2626 5317 Christi,
2670 5269 2766 5321 per
2792 5270 2951 5323 quem
2980 5264 3034 5309 et
3071 5270 3192 5309 cum
3226 5270 3331 5325 quo
3373 5255 3512 5311 Patri
3548 5258 3719 5327 gloria

2138 5341 2401 5413 simulque
2418 5355 2601 5398 sancto
2614 5344 2852 5413 Spiritui,
2873 5346 2927 5399 in
2962 5347 3149 5400 savcnla
3175 5346 3716 5406 S:lâ€˜t.â€˜lll0l'lllll.AmCl'..

2197 5494 2211 5556 Î¾
2241 5500 2359 5556 Vox,
2382 5508 2530 5556 unum
2547 5493 2689 5556 deest
2712 5496 2759 5541 in
2778 5496 3061 5556 quibusdam
3087 5504 3190 5546 Mss.

2195 5554 2216 5586 Â³
2240 5555 2326 5603 Alii
2346 5568 2359 5604 :
2384 5564 2498 5604 Haâ€™c
2517 5555 2660 5617 iga-tr
2683 5554 2842 5606 omnes
2865 5569 2903 5605 Îµ.
2920 5557 3134 5619 gitrtrttes.
