4494 6700
782 448 879 504 103

1547 441 1602 494 5.
1644 435 1921 493 JOANNIS
1945 435 2418 493 CHRYSOSTOMI
2459 439 2774 498 ARCHIEP.
2812 433 3350 494 CONSTANTINOP.

3953 443 4055 498 1M

779 671 1103 713 LACDATIO
1145 669 1361 712 EORUM
1404 667 1512 719 QUI
1553 667 1828 709 JURANDI
1871 662 2405 709 CONSUETUDINEM
2448 662 2901 706 DEPOSUERANT
2932 663 2946 702 2
2979 661 3058 702 ΕΤ
3101 659 3274 712 QUOD
3315 663 3494 708 NEMO
3560 663 4054 708 ευρεηετιτιοκιι

863 769 1097 811 TENERI
1140 767 1367 820 DEBET,
1411 766 1495 807 NE
1536 765 1689 807 POS'I‘
1733 764 2178 807 BEFECTIONEM
2221 758 2470 805 DIVINOS
2512 759 2576 801 IN
2621 761 2918 804 ECCLESIA
2958 758 3286 803 SERMONES
3325 762 3568 807 AUDIAT
3598 765 3613 805 ζ
3648 763 3858 816 ΩΗΔΒΕ
3902 766 4052 811 ροςτ

862 868 1130 912 IULTUM
1172 866 1418 910 TEMPUS
1465 864 1704 906 DIVINE
1748 865 1908 907 SUNT
1956 863 2251 905 TRADITE
2294 858 2658 902 SCRIPTUBB
2690 861 2705 900 :
2741 861 2823 901 ΕΤ
2865 860 2929 902 ΙΝ
2973 857 3183 911 ιιιω),
3215 855 3376 900 C(ELI
3403 860 3744 905 ENARRAN'I‘
3771 862 4052 906 GLORIAM

865 968 969 1012 nui
1001 949 1022 1029 (
1050 949 1223 1009 Psal.
1272 947 1366 1013 18,
1412 946 1491 1024 2)
1527 966 1542 1004 :
1571 964 1778 1006 unum
1810 961 2155 1004 Narunaus
2183 954 2553 1000 DESCRIPTIO
2587 957 2600 995 :
2636 956 2717 997 er
2747 957 2813 998 IN
2856 958 3030 1012 FINE,
3073 956 3157 998 ne
3198 953 3323 998 non
3365 955 3684 1002 JUBANDO.

2185 1084 2597 1152 WW-

1411 1240 1625 1280 HOMILIA
1663 1242 1736 1278 IX.

853 1348 904 1402 l.
948 1347 1016 1400 Et
1043 1358 1213 1412 nuper
1241 1341 1306 1395 ad
1337 1354 1432 1394 vos
1457 1381 1474 1402 ,
1501 1351 1554 1394 et
1593 1354 1734 1392 nunc
1762 1337 1830 1392 ad
1871 1353 1964 1391 vos
1990 1337 2149 1391 verba
2177 1336 2312 1390 facio
2346 1354 2361 1389 :

785 1440 984 1493 utinam
1016 1451 1146 1489 vero
1177 1442 1231 1486 et
1263 1447 1479 1500 semper
1499 1430 1804 1494 vobiscum,
1831 1428 1938 1480 imo
1959 1428 2134 1495 potius
2152 1442 2367 1495 semper

783 1529 1059 1583 vobiscum
1083 1566 1100 1590 ,
1128 1525 1230 1579 etsi
1260 1537 1364 1575 non
1391 1520 1630 1589 corporis
1658 1517 2170 1586 prtesentia,saltem
2187 1515 2366 1568 chari-

783 1624 904 1672 tatis
931 1618 983 1672 vi
1017 1635 1030 1670 :
1059 1631 1155 1670 nec
1181 1614 1321 1667 enim
1352 1612 1478 1664 mihi
1508 1618 1591 1663 est
1623 1609 1728 1661 alia
1759 1609 1866 1661 vita
1890 1649 1905 1672 ,
1938 1607 2040 1660 nisi
2071 1621 2165 1660 vos
2193 1615 2248 1660 et
2281 1620 2366 1659 sa-

787 1710 909 1762 lutis
936 1719 1125 1761 vestra:
1144 1720 1290 1758 cura.
1318 1703 1470 1757 Sicut
1488 1701 1628 1756 enim
1650 1701 1877 1755 colonus
1895 1699 2028 1752 nihil
2048 1699 2190 1753 aliud
2215 1708 2368 1754 curat

783 1809 978 1870 praeter
1003 1796 1204 1850 semina
1230 1802 1285 1848 et
1318 1801 1526 1862 segetes
1549 1830 1569 1855 ,
1595 1801 1651 1844 et
1674 1799 1836 1844 nauta
1865 1790 2035 1844 undas
2059 1801 2114 1844 et
2140 1799 2322 1858 portus
2351 1807 2364 1842 :

783 1892 861 1944 sic
884 1899 937 1943 et
970 1889 1059 1958 qui
1087 1886 1343 1956 loquitur,
1373 1883 1644 1937 auditores
1669 1892 1839 1948 curat,
1869 1891 1924 1936 et
1949 1882 2160 1936 illorum
2189 1880 2367 1950 profe-

780 1993 948 2046 ctum,
971 1981 1108 2033 sicut
1131 1987 1185 2032 et
1209 1993 1311 2047 ego
1335 1991 1476 2031 nunc
1498 1977 1540 2027 ¹.
1562 1974 1690 2029 Ideo
1707 1983 1764 2028 et
1781 1990 1973 2029 omnes
1994 1990 2089 2028 vos
2112 1976 2164 2027 in
2193 1983 2372 2028 mente

784 2085 899 2124 mea
928 2068 1274 2132 circumfero,
1306 2083 1405 2121 nec
1431 2082 1563 2121 vero
1587 2066 1674 2120 hic
1713 2075 1914 2119 tantum
1937 2108 1955 2131 ,
1985 2067 2078 2121 sed
2121 2076 2174 2120 et
2202 2066 2366 2121 domi.

783 2161 896 2215 Etsi
926 2160 1066 2214 enim
1104 2157 1301 2211 multus
1340 2167 1422 2210 est
1461 2157 1715 2224 populus,
1739 2165 1797 2210 et
1833 2156 2014 2210 brevis
2043 2158 2223 2212 cordis
2260 2159 2366 2213 mei

783 2265 1052 2311 mensura,
1075 2249 1169 2302 sed
1190 2249 1292 2302 lata
1313 2258 1394 2303 est
1407 2247 1667 2312 cbaritas,
1677 2256 1732 2303 et
1747 2247 1797 2299 Ν
1799 2250 1934 2304 enin
1949 2246 2091 2300 nobis
2107 2249 2368 2318 angustia-

781 2345 904 2396 mim’
931 2342 1011 2413 (2.
1036 2341 1152 2396 Cor.
1183 2341 1234 2395 6.
1267 2340 1354 2408 12)
1381 2359 1394 2393 :
1419 2340 1696 2410 sequentia
1723 2354 1853 2393 vero
1876 2355 1984 2392 non
2007 2339 2232 2403 addam;
2266 2355 2363 2393 ne-

784 2448 891 2502 que
917 2432 1059 2486 enim
1097 2444 1194 2484 nos
1223 2429 1361 2498 apud
1392 2443 1484 2482 vos
1513 2430 1898 2497 angustiamnr.
1942 2427 2089 2482 Unde
2120 2429 2220 2481 hoc
2248 2443 2364 2482 ma-

784 2525 1070 2580 nifestum?
1093 2523 1223 2577 Novi
1253 2523 1449 2576 multos
1475 2522 1790 2585 referentes,
1816 2521 2120 2574 Mandatum
2143 2520 2369 2575 fecimus

785 2616 934 2684 leges
957 2615 1219 2667 nobismet
1245 2620 1506 2680 ponentes
1529 2613 1574 2674 ²,
1603 2622 1656 2664 et
1681 2610 1986 2679 iurantibus
2015 2626 2200 2680 putans
2230 2610 2368 2665 deli-

783 2707 1014 2768 ientcs,
1032 2713 1089 2758 et
1107 2705 1276 2773 legem
1298 2703 1808 2772 transgredioritibns
1823 2717 2035 2772 [ranam
2053 2703 2366 2768 inferentes,

782 2811 995 2866 pinnam
1025 2795 1175 2848 vobis
1211 2808 1521 2862 congruam,
1556 2791 1699 2860 quod
1729 2803 1816 2846 est
1838 2793 2371 2847 maxima'clvarilalk

787 2887 1057 2939 indicium.
1081 2883 1196 2937 Non
1218 2884 1360 2937 enim
1378 2899 1466 2936 me
1482 2882 1650 2952 pudet
1667 2883 1795 2936 talia
1814 2891 2058 2953 satgere
2077 2900 2093 2935 τ
2112 2886 2366 2953 quoniam

786 2978 840 3030 in
867 2980 971 3030 hoc
991 2975 1311 3028 curiositatis
1337 2973 1468 3025 nibil
1505 2984 1586 3025 est
1607 3014 1626 3035 ,
1653 2972 1749 3027 sed
1771 2974 2117 3042 [Invidentia
2145 2975 2262 3028 luce
2283 2982 2370 3029 est

783 3065 1105 3120 sollicitudo.
1131 3065 1188 3118 Si
1220 3065 1364 3118 enim
1405 3062 1618 3117 medico
1651 3079 1759 3115 non
1798 3074 1884 3116 est
1916 3064 2260 3132 opprobrium
2298 3064 2370 3120 de

781 3166 985 3226 aegroto
1002 3155 1282 3217 sciscitari,
1306 3169 1480 3220 neque
1499 3154 1947 3208 obiscrimende
1961 3165 2136 3208 vestra
2157 3170 2368 3225 semper

785 3250 1055 3318 inquirere
1081 3249 1272 3302 salute.
1316 3247 1407 3301 Sic
1430 3247 1576 3301 enim
1601 3246 1790 3299 moniti
1815 3246 1944 3314 quid
1968 3246 2127 3299 vobis
2151 3247 2365 3315 quidem

781 3339 1088 3410 expeditum
1112 3341 1200 3401 sit,
1223 3337 1348 3404 quid
1372 3351 1498 3390 vero
1519 3336 1786 3399 relictum,
1805 3351 2039 3405 congrua
2060 3351 2186 3389 cum
2203 3337 2368 3390 disci-

781 3430 927 3502 plina
953 3429 1157 3498 reliqua
1179 3427 1466 3482 al’eremus
1493 3425 1753 3479 remedia.

853 3514 2371 3588 Διᾶιοταιῇπηιαιὶεάωι-αέαιὶο-ηκῇῑωτ

780 3611 997 3666 curiwe
1017 3609 1238 3662 satiati
1264 3607 1610 3677 cognovimus
1633 3647 1651 3671 ,
1675 3616 1733 3660 et
1766 3606 1877 3661 Deo
1897 3608 2099 3676 gratias
2121 3610 2365 3677 egimus,

781 3702 924 3772 aloud
947 3715 1054 3755 non
1081 3701 1138 3754 in
1166 3699 1331 3769 petris
1350 3698 1733 3753 seminavimus
1754 3737 1773 3761 ,
1799 3712 1903 3751 nec
1927 3698 1980 3750 in
2001 3698 2187 3766 spinas
2212 3699 2364 3751 misi-

784 3810 906 3849 mus
927 3794 1153 3858 semina,
1173 3806 1346 3860 neque
1371 3790 1540 3843 multo
1563 3799 1807 3860 tempore
1823 3790 2094 3859 multaque
2110 3790 2368 3845 dilatiOne

780 3883 1106 3952 iudiin
1126 3922 1146 3948 ,
1177 3889 1238 3934 ut
1263 3888 1472 3948 aegr":
1495 3889 1839 3933 mitteremus.
1873 3880 2161 3948 Propterea
2183 3895 2280 3934 vos
2308 3881 2363 3934 in

779 3975 941 4029 corde
965 3987 1090 4028 meo
1107 3971 1323 4026 nsidue
1344 3985 1496 4039 gero,
1518 3981 1794 4038 propterea
1816 3985 1928 4022 non
1947 3971 2122 4023 sentio
2137 3969 2366 4023 docendi

779 4063 1014 4117 laborem
1031 4102 1051 4129 ,
1078 4060 1380 4115 auditorum
1405 4060 1560 4113 luero
1584 4059 1872 4112 revelatus.
1902 4059 2031 4113 ιιπ
2051 4059 2194 4112 alim
2218 4075 2364 4113 mer-

779 4167 874 4207 ces
907 4166 1009 4206 nos
1030 4165 1284 4219 reparare
1309 4156 1488 4217 potest
1514 4157 1572 4202 et
1606 4148 1847 4202 relevare
1868 4157 1926 4201 et
1948 4149 2154 4202 alacres
2180 4163 2364 4217 prom-

781 4239 1290 4314 ptosquefaceread
1315 4255 1526 4293 omnem
1551 4239 2369 4307 provobislaburcmsustinen-

779 4337 932 4391 dum.
977 4332 1243 4400 Quoniam
1289 4331 1451 4401 igitur
1491 4331 1654 4382 multa
1689 4345 1786 4383 vos
1818 4331 1957 4399 grati
1999 4332 2167 4385 animi
2212 4331 2363 4400 signa

781 4427 1024 4490 dedistis,
1052 4439 1153 4494 age
1169 4423 1281 4492 jam
1308 4430 1364 4476 et
1386 4435 1487 4474 nos
1511 4420 1748 4473 debitum
1768 4436 2071 4489 erogemm,
2094 4422 2237 4491 Quod
2264 4438 2364 4475 nu-

781 4534 878 4588 per
911 4517 1328 4585 promiseramus
1363 4530 1380 4565 :
1411 4511 1539 4565 licet
1566 4526 1674 4564 non
1699 4511 1906 4564 videam
1931 4521 2222 4579 μντεειια
2239 4528 2364 4568 esse

781 4610 904 4663 illos
915 4621 1125 4670 omnes,
1138 4604 1253 4674 qui,
1266 4619 1388 4658 cum
1406 4601 1814 4671 prom'nsionem
1830 4599 1953 4662 feci,
1967 4601 2072 4656 huc
2084 4613 2358 4658 venerant.

780 5082 931 5126 recte
950 5070 1004 5123 in
1021 5067 1126 5120 hoc
1151 5064 1390 5119 sentiunt
1409 5080 1426 5115 :
1447 5076 1624 5130 neque
1640 5062 1805 5126 enirn,
1824 5061 1872 5114 si
1890 5060 1997 5114 hoc
2012 5070 2157 5115 esset
2175 5059 2370 5114 absur.

780 5164 932 5228 dum,
951 5161 1150 5215 multos
1173 5167 1231 5212 et
1251 5157 1442 5225 longus
1464 5153 1812 5222 inpendisset
1828 5167 2104 5209 summes
2121 5153 2368 5208 Christus

783 5251 1086 5314 nostillam
1121 5246 1404 5319 mysticam
1445 5243 2368 5312 certam:nunutiquesiboein-

2477 1219 2897 1279 accommodare.
2927 1219 3057 1274 Cum
3078 1219 3220 1274 enim
3245 1217 3336 1272 tibi
3357 1218 3709 1285 persuaseris,
3739 1229 3859 1290 post
3879 1219 4053 1274 cibum

2471 1326 2526 1372 et
2553 1324 2733 1385 potum
2759 1320 2816 1366 et
2840 1310 2907 1364 ad
2932 1310 3174 1382 synaxim
3202 1308 3486 1363 convenire
3512 1320 3731 1363 necesse
3756 1325 3905 1377 esse,
3934 1325 4054 1364 out-

2471 1408 2598 1460 nino
2636 1406 2718 1459 vel
2749 1403 2940 1458 invitus
2975 1401 3195 1454 multam
3234 1414 3389 1469 geres
3417 1396 3723 1450 sobrietatis
3748 1413 3932 1453 curam
3953 1441 3968 1463 ,
4002 1409 4058 1453 et

2473 1515 2648 1568 neque
2679 1499 2729 1552 in
2760 1496 3067 1552 ebrietatem
3091 1507 3267 1561 neque
3295 1492 3349 1544 in
3381 1488 3652 1556 crapulam
3684 1505 3931 1558 umquam
3958 1491 4058 1544 de.

2472 1590 2685 1644 duceris
2711 1606 2726 1641 :
2752 1602 2879 1643 cura
2919 1585 3058 1640 enim
3101 1590 3156 1636 et
3196 1580 3521 1649 exspectatio
3562 1578 3614 1631 in
3654 1578 3881 1633 ecclesia
3924 1595 4054 1633 eon-

2475 1681 2720 1736 veniendi
2754 1696 2874 1734 cum
2911 1679 3129 1731 honesta
3168 1687 3415 1728 mensura
3455 1671 3630 1727 cibum
3658 1678 3714 1723 et
3741 1679 3922 1738 potum
3962 1687 4052 1724 su—

2473 1790 2622 1830 mere
2659 1774 2848 1838 docet,
2891 1787 2959 1825 ne
3000 1771 3266 1838 ingressus
3305 1775 3360 1820 et
3401 1762 3656 1818 fratribus
3690 1761 4012 1817 commixtus
4037 1803 4056 1827 ,

2473 1875 2656 1936 postea
2687 1866 2873 1916 vinum
2907 1862 3157 1916 redolens
3178 1899 3194 1924 ,
3234 1868 3289 1912 et
3325 1855 3638 1910 immodeste
3675 1860 3960 1916 eructans,
3989 1852 4061 1906 ab

2473 1956 2720 2010 omnibus
2747 1951 3095 2021 prmseutibus
3115 1947 3428 2004 deridearis.
3459 1945 3585 1997 llzre
3609 1957 3715 1994 non
3740 1940 3893 1992 vobis
3918 1955 4060 1994 nunc

2477 2043 2830 2114 praesentibus
2847 2083 2862 2105 ,
2893 2040 2984 2095 sed
3018 2041 3081 2093 iis
3110 2038 3199 2107 qui
3223 2037 3418 2090 absunt
3443 2034 3590 2098 dico,
3619 2039 3677 2083 ut
3701 2030 3816 2082 bme
3844 2043 3940 2095 per
3963 2043 4059 2082 vos

2472 2136 2702 2190 discant.
2745 2133 2865 2186 Non
2908 2131 3050 2185 enim
3103 2128 3384 2182 comedere
3427 2122 3676 2178 audiendi
3720 2120 4053 2175 obstaculqu

2470 2225 2699 2296 prmbet,
2726 2223 2819 2277 sed
2847 2231 3090 2290 torpere;
3123 2229 3177 2273 tu
3208 2233 3337 2272 vero
3361 2218 3564 2271 crimen
3589 2229 3709 2268 esse
3733 2221 3921 2281 putans
3949 2227 4056 2264 non

2464 2317 2729 2385 ieiunare,
2750 2315 2800 2368 in
2824 2312 2964 2366 aliud
2988 2311 3216 2365 incurris
3237 2310 3461 2372 crimen,
3487 2307 3651 2360 multo
3672 2303 3844 2372 majus
3865 2313 3917 2354 et
3938 2317 4057 2368 gra-

2469 2407 2606 2471 vius,
2631 2405 2773 2474 quod
2792 2419 2960 2458 sacra:
2982 2402 3137 2471 bujts
3157 2414 3355 2455 mensa:
3377 2414 3482 2452 non
3505 2397 3766 2466 particeps
3785 2393 4054 2454 efﬁciarie,

2470 2507 2524 2552 et
2547 2496 2690 2566 quod
2719 2509 2915 2563 corpus
2940 2503 3084 2546 tuum
3115 2491 3289 2553 alens,
3319 2489 3552 2542 animam
3578 2486 3716 2539 fame
3738 2495 4058 2538 consumas:

2473 2598 2529 2644 et
2575 2602 2730 2657 quam
2777 2585 3179 2640 excusationem
3226 2579 3483 2634 habebis?
3532 2579 3589 2632 In
3624 2576 3827 2646 jejunio
3862 2575 4056 2643 quippe.

2475 2681 2718 2749 corporis
2732 2679 3146 2732 imbecillitatem
3164 2672 3497 2743 [Intendere
3513 2672 3737 2725 fortasse
3754 2669 3952 2737 poteris
3969 2708 3986 2731 ,
4005 2666 4058 2718 in

2471 2769 2740 2824 audiendo
2757 2779 2935 2821 autem
2955 2765 3083 2834 quid
3102 2764 3321 2818 tandem
3340 2763 3523 2816 dicere
3544 2759 3768 2829 posses?
3789 2773 3895 2810 non
3916 2757 4058 2809 enim

2469 2860 2713 2928 corporis
2761 2859 3046 2911 infirmitas
3088 2855 3394 2909 divinorum
3440 2851 3690 2922 prohibet
3729 2851 4059 2918 eloquiorum

2468 2949 2780 3018 participem
2818 2946 2959 3000 ﬁeri.
3000 2946 3058 2999 Si
3097 2946 3243 3000 enim
3281 2944 3538 2998 dixissem
3574 2960 3590 2995 :
3627 2942 3798 2996 Nemo
3837 2955 4064 3009 pransus

2469 3039 2590 3094 aliis
2618 3039 2926 3102 misceatur,
2952 3045 3072 3105 post
3096 3035 3278 3090 cibum
3301 3033 3486 3087 audiat
3509 3047 3690 3096 neuio,
3710 3032 3942 3101 aliquam
3965 3028 4001 3081 b
4018 3049 4061 3077 I-

2470 3131 2679 3184 buisses
2705 3129 2947 3190 veniam;
2978 3141 3121 3180 nunc
3142 3139 3273 3178 vero
3297 3138 3423 3178 eum
3450 3137 3549 3177 vos
3578 3122 3872 3182 trabamus,
3900 3129 3954 3173 et
3976 3121 4058 3171 al-

2470 3220 2733 3282 lieiamus,
2761 3227 2816 3271 et
2843 3217 2912 3270 ad
2939 3231 3040 3270 nos
3067 3229 3343 3280 vocemus,
3372 3229 3533 3283 quam
3563 3213 3864 3267 resilientes
3886 3227 4057 3264 excu-

2469 3313 2735 3365 sationem
2774 3309 3076 3363 habebitis?
3100 3309 3313 3362 Etenim
3340 3323 3447 3359 non
3477 3307 3700 3360 idoneus
3726 3306 3939 3359 auditor
3967 3305 4060 3357 ille

2470 3412 2638 3466 esset,
2659 3417 2768 3454 non
2791 3401 2884 3470 qui
2910 3399 3233 3454 comedisset
3255 3407 3348 3453 aut
3374 3399 3617 3462 bibisset,
3643 3398 3736 3452 sed
3763 3398 3854 3466 qui
3882 3397 4059 3450 verbis

2477 3509 2584 3547 non
2609 3490 2931 3554 attenderet,
2958 3491 3196 3544 oscitans
3220 3497 3279 3543 et
3297 3489 3607 3554 dissolutus,
3632 3489 3722 3558 qni
3751 3503 3944 3555 corpus
3971 3487 4059 3540 bic

2474 3583 2701 3645 habens,
2723 3590 2904 3634 mente
2928 3579 3038 3632 alio
3064 3588 3382 3648 vagantur;
3407 3578 3495 3632 hic
3515 3579 3723 3632 etianisi
3738 3578 3967 3646 jejunet,
3987 3576 4056 3629 ad

2468 3672 2794 3727 audiendum
2824 3670 3026 3723 iiiutilis
3058 3679 3144 3724 est
3169 3687 3184 3722 :
3210 3669 3476 3723 excitatus
3499 3677 3682 3723 contra
3710 3679 3766 3721 et
3788 3668 4014 3736 vigilans
4035 3707 4055 3728 .

2467 3775 2753 3830 menteque
2775 3760 3086 3824 attendens,
3114 3759 3233 3813 sive
3253 3758 3548 3812 comederit
3570 3761 3682 3812 sive
3711 3759 3924 3823 biberit,
3952 3773 4056 3811 no-

2467 3857 2552 3912 bis
2590 3856 2697 3911 erit
2737 3856 2976 3910 omnium
3018 3855 3330 3922 aptissimus
3371 3854 3602 3907 auditor.
3653 3853 3708 3906 In
3747 3866 4056 3908 exterarum

2468 3949 2612 4003 enim
2633 3948 2846 4018 iudiciis
2877 3959 2932 4001 et
2966 3948 3204 4002 consiliis
3232 3962 3468 4016 congrue
3495 3947 3580 3998 lex
3606 3946 3706 3999 ista
3733 3947 4008 4014 praevaluit
4035 3963 4053 4000 :

2471 4055 2571 4094 nec
2594 4041 2738 4094 enim
2766 4050 2963 4094 norunt
2988 4040 3369 4109 philosophari,
3404 4038 3524 4092 ideo
3552 4053 3659 4090 non
3685 4037 3970 4091 comedunt
3994 4047 4058 4090 ut

2472 4134 2776 4186 nutriantur
2794 4173 2811 4197 ,
2839 4132 2934 4186 sed
2971 4143 3030 4185 ut
3064 4132 3467 4199 disrumpantur
3498 4147 3512 4182 :
3540 4144 3684 4196 stupe
3725 4129 3867 4180 enim
3895 4143 4055 4194 supra

2469 4226 2771 4280 satietatem
2803 4225 2990 4278 bibunt
3016 4241 3034 4277 :
3070 4232 3352 4292 pmpterea
3384 4223 3593 4290 seipsos
3619 4235 3800 4273 rernm
3825 4218 4053 4272 adminiv

2471 4315 2714 4369 strationi
2741 4316 2948 4382 ineptos
2969 4314 3255 4368 rcddentes
3271 4355 3288 4376 ,
3317 4327 3544 4381 rapere
3569 4319 3627 4364 et
3653 4308 3879 4362 meridie
3904 4323 3936 4360 a
3964 4323 4026 4362 se

2473 4415 2600 4460 natu
2624 4415 2680 4460 et
2700 4404 2919 4474 judiciis
2943 4404 3232 4458 abstinent.
3262 4404 3359 4457 llic
3383 4415 3563 4456 autem
3591 4416 3700 4454 non
3743 4403 3836 4464 ita,
3872 4399 4013 4451 absit
4045 4441 4052 4446 .

2469 4499 2565 4552 sed
2588 4497 2680 4567 qui
2697 4495 2962 4558 comedit,
2986 4494 3172 4563 jejuno
3196 4495 3361 4548 animi
3387 4493 3649 4547 modestia
3672 4492 3774 4544 erit
3793 4489 4012 4560 :rqualis
4033 4506 4054 4542 :

2467 4604 2577 4642 non
2613 4587 2758 4641 enim
2792 4594 2854 4638 ut
2888 4593 3132 4638 ventrem
3166 4585 3464 4652 disrumpat
3496 4592 3592 4636 aut
3619 4583 3882 4636 rationem
3904 4580 4056 4633 obte-

2467 4679 2691 4742 nebret,
2717 4675 2955 4731 comedit
2985 4683 3042 4728 et
3076 4674 3230 4739 bibit,
3259 4676 3357 4729 sed
3396 4685 3457 4728 ut
3484 4689 3685 4744 corpus
3719 4671 4053 4726 debilitatum

2341 4829 2363 4852 ο
2466 4777 2705 4838 reparet.

2535 4861 2591 4913 2.
2630 4859 2740 4914 Sed
2776 4855 3400 4925 bmcproadmonitione
3422 4855 3724 4922 satis;jam
3749 4867 3880 4906 vero
3914 4862 4057 4905 tem-

2469 4967 2570 5020 pus
2602 4960 2687 5005 αι
2709 4949 2779 5004 ad
2803 4956 3177 5018 argumentum
3206 4947 3511 5000 transeundi
3534 4987 3552 5010 ,
3587 4947 3715 5000 licet
3748 4942 3977 5011 refugiat
3999 4953 4058 4994 et

2469 5050 2676 5110 torpeat
2698 5041 2843 5095 circa
2865 5039 3166 5093 doctrinam
3193 5037 3330 5092 bne
3352 5039 3605 5108 cogitatio
3627 5044 3810 5090 nostra
3836 5043 4056 5103 propter

2466 5147 2583 5196 eos,
2624 5133 2716 5201 qui
2755 5134 3173 5185 nouvcnerunt.
3218 5127 3448 5182 Etsieut
3486 5129 3573 5196 pia
3600 5137 3776 5182 mater
3811 5141 4054 5179 mensam

2467 5237 2781 5291 apponens,
2803 5221 3056 5275 omnibus
3095 5219 3221 5271 ﬁliis
3257 5233 3365 5271 non
3400 5220 3751 5288 prmsentibus
3773 5259 3790 5282 ,
3818 5217 3966 5271 dolet
3999 5227 4056 5269 et

2468 5315 2634 5384 gemit
2656 5331 2676 5366 :
2702 5315 2806 5369 boc
2827 5324 2886 5369 et
2905 5329 3009 5383 ego
3034 5327 3179 5366 nunc
3201 5312 3396 5380 patior,
3420 5321 3478 5366 et
3497 5313 3722 5366 fratrum
3746 5320 4052 5365 nostrorum

2341 5463 2362 5478 _
2465 5406 2759 5462 absentiam
2772 5406 3036 5475 cogitans,
3047 5419 3079 5457 a
3097 5403 3366 5457 solutione
3382 5404 3627 5458 retrabor
3639 5405 4050 5472 promissorum;

2340 5557 2362 5586 ,
2463 5488 4044 5565 sedvospotestisbuucejiceretorporem.8ienimpel-

2463 5581 4051 5654 liceamiuiuu’bivusoumiaadilloscumdiligentiarela-

2462 5673 4048 5748 mnosvubisomuiaprompteangabimusnieemm

2463 5773 2570 5832 illis
2598 5773 2700 5828 erit
2723 5770 2984 5828 absentia
3007 5768 3323 5838 cuusuhtiu,
3334 5781 3530 5830 vestrae
3539 5765 3818 5827 claritatis
3841 5764 4044 5819 doctri-
