4494 6666
493 451 591 505 105

492 580 558 618 tta
587 582 600 618 :
634 579 829 634 vosque
859 577 956 619 nos
997 559 1252 616 attentius
1287 553 1514 610 audietis
1535 596 1550 621 ,
1584 555 1813 610 scientes
1840 553 1908 608 ad
1936 552 2070 605 alios

491 658 638 711 vobis
671 660 782 713 haec
810 658 1009 713 referre
1044 648 1400 705 necessarium
1430 662 1567 703 esse.
1614 647 1683 704 Ut
1718 647 1876 716 igitur
1901 643 2072 697 maui-

495 753 670 807 festior
690 755 842 807 nobis
863 750 1033 804 «initio
1057 746 1170 810 tiat,
1192 757 1224 796 a
1248 741 1610 811 superioribus
1635 742 1801 810 ipsam
1825 746 2072 805 repeten-

492 854 570 899 tes
595 845 852 899 dicamus.

559 937 662 990 Cur
707 935 977 1000 Scriptura
1016 942 1116 979 non
1158 933 1378 994 τετηρογε
1418 925 1582 978 Adam
1628 936 1787 991 neque
1834 916 1948 971 Noe
1993 916 2071 970 vel

487 1029 704 1082 Αὺταιια
730 1026 848 1076 data
888 1021 972 1073 sit.
1000 1047 1074 1058 —
1098 1017 1276 1086 Nuper
1312 1018 1488 1087 itaque
1525 1014 1895 1086 qumrebamus
1919 1051 1936 1076 ,
1965 1023 2068 1078 qua

486 1120 553 1173 de
592 1131 746 1170 causa
777 1119 897 1181 post
941 1118 1018 1163 tot
1059 1122 1226 1162 annos
1254 1108 1409 1163 emta:
1437 1116 1562 1162 sunt
1587 1106 1874 1174 Scriptura;
1913 1120 1927 1156 :
1960 1116 2067 1154 non

486 1208 625 1261 enim
650 1202 816 1256 Adatu
844 1214 1017 1268 neque
1050 1198 1158 1253 Noe
1186 1205 1241 1254 et
1267 1198 1531 1252 Abraham
1553 1207 1816 1264 tempore,
1843 1191 1936 1247 sed
1959 1190 2069 1245 Mo-

485 1300 560 1350 sis
584 1337 597 1357 ,
631 1293 763 1346 liber
794 1292 878 1345 hic
907 1291 1129 1344 traditus
1156 1299 1269 1355 est;
1297 1301 1351 1346 et
1380 1292 1573 1345 multos
1600 1287 1757 1342 audio
1784 1285 2023 1339 dicentes
2048 1321 2064 1348 ,

485 1384 626 1453 quod
657 1382 703 1436 si
740 1383 881 1435 utilis
909 1391 1023 1436 erat
1045 1420 1062 1447 ,
1095 1383 1161 1436 ab
1198 1383 1345 1436 initio
1372 1381 1552 1435 datum
1582 1393 1702 1434 esse
1730 1374 2007 1446 oportebat
2049 1390 2063 1427 :

485 1477 528 1528 si
561 1489 686 1527 vero
712 1473 910 1526 inutilis
933 1482 1067 1539 erat,
1091 1489 1263 1544 neque
1286 1483 1466 1546 postea
1492 1469 1771 1541 Oportebat
1795 1467 1932 1521 dari.
1957 1465 2064 1522 Sed

485 1579 614 1616 vana
646 1563 757 1616 haec
784 1563 1115 1618 ratiocinatio
1142 1580 1156 1616 :
1195 1578 1303 1616 non
1317 1560 1462 1614 enim
1481 1560 1688 1622 omnio,
1704 1558 1749 1611 si
1770 1556 1897 1625 quid
1916 1564 2062 1625 post-

484 1668 548 1704 ea
590 1652 718 1703 utile
776 1661 858 1706 est
899 1650 1129 1705 futurum
1156 1689 1172 1711 ,
1202 1651 1271 1704 ab
1311 1650 1459 1703 initio
1491 1649 1624 1701 tradi
1655 1647 1815 1702 debet
1845 1665 1858 1699 :
1890 1663 2064 1716 neque

483 1739 526 1790 si
558 1737 681 1804 quid
726 1753 754 1790 a
797 1741 1054 1809 principio
1084 1740 1262 1793 datttm
1290 1749 1373 1794 est
1396 1780 1410 1802 ,
1445 1738 1545 1792 hoc
1579 1736 1800 1791 omnino
1826 1737 1982 1792 debet
2010 1747 2066 1793 et

485 1838 663 1895 pestea
697 1844 929 1883 manere.
958 1829 1216 1896 Quoniam
1241 1839 1296 1883 et
1324 1829 1409 1883 lac
1426 1827 1574 1893 utile,
1602 1842 1701 1882 nec
1726 1836 1902 1881 tamen
1925 1842 2066 1881 scm-

481 1932 578 1985 per
601 1959 616 1982 ,
649 1919 740 1971 sed
780 1922 957 1987 pueris
995 1931 1195 1975 tantum
1225 1921 1380 1976 nobis
1406 1920 1563 1974 datur
1590 1938 1603 1974 :
1631 1930 1687 1974 et
1712 1921 1939 1975 solidum
1968 1938 2066 1975 nu-

482 2009 785 2062 trimetutn
815 2012 944 2065 utile
965 2051 982 2076 ,
1015 2012 1107 2064 scd
1144 2026 1302 2064 nemo
1330 2011 1482 2065 nobis
1511 2011 1686 2080 ipsum
1716 2011 1767 2065 itt
1805 2012 2066 2081 principio

480 2103 662 2161 tradit.
686 2103 777 2156 sed
803 2115 1078 2173 postquam
1104 2105 1354 2172 puerilem
1379 2103 1635 2160 fuerimus
1657 2113 1868 2159 aetatem
1890 2118 2064 2174 egres-

479 2197 546 2247 si.
581 2196 804 2249 Rursum
837 2206 995 2250 testas
1024 2197 1167 2251 utilis
1187 2239 1201 2260 ,
1231 2198 1322 2251 sed
1351 2214 1453 2251 uou
1481 2213 1693 2266 semper
1715 2206 1938 2267 apparet
1967 2215 1980 2251 :
2010 2208 2064 2252 et

480 2283 666 2354 hyems
692 2286 968 2339 commoda
989 2329 1004 2350 ,
1036 2288 1128 2342 sed
1155 2300 1206 2341 et
1236 2287 1350 2341 hzec
1377 2289 1582 2342 transit.
1610 2289 1744 2356 Quid
1773 2291 1950 2358 igitur,
1979 2289 2063 2343 di-

480 2386 564 2427 cet
578 2376 786 2445 aliquis,
807 2377 1091 2446 Scriptura:
1108 2394 1213 2432 non
1235 2391 1356 2432 sunt
1376 2379 1564 2433 utiles?
1587 2380 1893 2436 Utilissituaa
1909 2397 2057 2449 sane,

481 2475 535 2518 et
563 2465 846 2519 admodum
876 2470 1209 2520 necessarizr.
1252 2469 1318 2522 Et
1346 2470 1388 2520 si
1417 2470 1603 2532 utiles,
1633 2470 1838 2539 inquit,
1865 2486 1967 2540 qua
1992 2471 2062 2527 de

477 2570 634 2607 causa
667 2572 770 2609 uou
803 2567 924 2609 sunt
953 2559 1157 2611 trudiun
1186 2559 1336 2611 nobis
1363 2560 1430 2612 ab
1459 2560 1645 2612 initio?
1671 2561 1804 2626 Quia
1833 2578 1938 2614 non
1969 2579 2063 2630 per

479 2644 702 2706 litteras,
730 2647 822 2700 sed
855 2662 947 2716 per
975 2663 1059 2700 res
1089 2648 1226 2702 Deus
1257 2657 1496 2702 naturam
1527 2649 1812 2705 humanum
1867 2653 2060 2708 dooere

477 2737 703 2790 volebat.
738 2739 874 2802 Quid
907 2740 1118 2793 tandem
1150 2748 1234 2794 est
1255 2781 1271 2806 ,
1303 2755 1395 2809 per
1423 2742 1549 2795 res?
1587 2742 1688 2796 Per
1717 2744 1883 2812 ipsam
1910 2758 2060 2798 crea-

480 2836 668 2880 turam.
705 2827 757 2880 lu
791 2828 926 2884 hanc
958 2830 1098 2884 enim
1126 2832 1443 2885 sententiam
1463 2830 1711 2887 incidens
1732 2833 2054 2902 Apostolus,

476 2928 530 2970 et
568 2920 619 2970 in
649 2920 873 2987 gentiles
899 2921 1176 2973 intendens
1197 2962 1211 2986 ,
1241 2921 1481 2976 dicentes
1504 2963 1519 2985 ,
1552 2921 1668 2975 Non
1694 2923 1761 2974 ab
1785 2922 1934 2974 initio
1963 2921 2054 2975 Dei

475 3011 833 3076 cognitionem
867 3023 932 3063 ex
960 3009 1249 3080 Scripturis
1276 3011 1556 3065 didicimus
1579 3050 1595 3074 ,
1635 3011 1754 3066 vide
1789 3011 2058 3080 quomodo

475 3101 765 3167 respondit.
797 3101 928 3155 Cum
957 3102 1098 3154 cuitu
1125 3102 1379 3166 dixisset,
1418 3100 1739 3155 Revelabitur
1765 3103 1842 3154 ira
1871 3101 1968 3155 Dei
1993 3103 2057 3156 de

473 3192 599 3242 ca'lo
633 3207 784 3260 super
823 3208 1018 3244 omnem
1048 3191 1351 3258 impietatem
1385 3202 1430 3245 et
1473 3193 1772 3260 iniustitiam
1796 3192 2055 3245 hominum

471 3299 664 3346 eorum,
696 3289 780 3349 qui
809 3285 1062 3339 veritatem
1085 3285 1182 3338 Dei
1206 3285 1258 3338 in
1281 3285 1530 3354 injustitia
1555 3285 1776 3338 detinent
1801 3284 1975 3354 (Rom.
2004 3285 2052 3338 l.

476 3374 586 3445 18),
615 3385 668 3429 et
697 3377 914 3432 vidisset
935 3377 1286 3446 objectiuuem
1309 3375 1407 3431 sibi
1429 3385 1822 3440 occurrentem,
1845 3385 1900 3432 et
1923 3377 2058 3430 mul-

473 3474 558 3520 tos
598 3477 780 3521 contra
820 3478 1152 3537 quaerentes,
1192 3469 1330 3524 unde
1367 3469 1595 3539 gentiles
1644 3469 1734 3522 Dei
1776 3469 2055 3524 veritatem

473 3561 864 3628 cognovissent,
889 3561 1064 3615 intulit
1089 3562 1272 3616 dicens
1295 3581 1309 3615 :
1337 3561 1471 3628 Quia
1489 3562 1623 3629 quod
1647 3573 1819 3614 notum
1843 3573 1914 3615 est
1941 3562 2053 3630 Dei,

474 3649 792 3716 manifestum
821 3660 893 3703 est
919 3651 970 3702 in
1000 3652 1101 3703 illis
1127 3650 1176 3723 (1
1185 3651 1231 3704 b.
1251 3670 1311 3707 ν.
1345 3650 1454 3719 19).
1489 3650 1556 3703 Et
1586 3652 1851 3720 quomodo
1879 3653 2053 3705 maui-

473 3739 664 3791 festuni
694 3750 774 3792 est
804 3740 856 3792 in
897 3741 1036 3794 illis?
1062 3743 1328 3810 quomodo
1353 3758 1480 3798 vero
1521 3745 1686 3797 Deum
1715 3759 1872 3799 nosse
1904 3755 2055 3814 pote-

476 3823 630 3875 runt?
656 3823 776 3892 quis
800 3824 1068 3878 ostendit?
1092 3826 1195 3879 dic.
1218 3825 1354 3879 Deus
1383 3829 1514 3880 enim
1540 3829 1643 3883 illis
1659 3833 1993 3900 manifestavit
2014 3832 2055 3893 ¹.

476 3914 662 3983 inquit.
696 3916 813 3983 Quo
864 3917 1050 3984 pacto?
1078 3933 1235 3988 quem
1263 3919 1579 3990 prephetatn
1631 3924 1867 3989 mittens,
1895 3939 2054 3994 quem

473 4007 851 4074 evangelistam
875 4010 899 4061 it
926 4023 1083 4076 quem
1115 4009 1411 4076 doctorem,
1442 4011 1487 4065 si
1511 4010 1800 4081 Scriptura:
1822 4015 2056 4068 nondum

474 4098 664 4150 crant?
697 4097 979 4152 lnvisibilia
997 4101 1125 4153 enim
1151 4102 1331 4170 ipsius,
1362 4103 1549 4172 inquit,
1577 4120 1609 4154 a
1632 4113 1863 4157 creatura
1883 4104 2059 4157 mundi

476 4203 565 4254 per
586 4202 645 4238 ea
669 4204 782 4256 qua:
806 4189 940 4256 facta
970 4202 1119 4256 sunt,
1148 4193 1403 4246 intellecta
1428 4195 1806 4264 conspiciuntur
1824 4235 1840 4258 ,
1867 4196 2056 4264 sentpi-

474 4287 712 4346 ternaquc
735 4281 890 4332 virtus
911 4281 1019 4351 ejus
1039 4292 1085 4334 et
1105 4283 1344 4336 diuinitas
1361 4283 1463 4352 (Ib.
1488 4300 1534 4335 υ.
1565 4283 1676 4351 20).
1701 4284 1852 4350 Quod
1879 4297 2056 4339 autem

474 4370 636 4435 dicit,
668 4371 772 4425 tale
812 4381 938 4426 est:
975 4374 1112 4426 Ante
1154 4375 1390 4426 omnium
1436 4374 1620 4428 oculos
1660 4383 1960 4430 creaturam
2003 4376 2055 4430 in

475 4461 654 4515 medio
703 4463 1006 4530 preposuit,
1050 4472 1109 4515 ut
1142 4477 1208 4517 ex
1257 4464 1506 4532 Operibus
1540 4475 1837 4519 creatorem
1883 4467 2056 4537 conji-

475 4553 653 4606 ciant:
679 4553 818 4622 quod
845 4552 1057 4623 quidem
1087 4563 1141 4608 et
1170 4553 1305 4608 alius
1330 4554 1536 4610 dicebat
1563 4573 1576 4609 :
1608 4555 1690 4612 Ea:
1712 4557 2058 4628 magnitudine

475 4645 610 4699 enim
657 4655 704 4699 et
749 4643 1125 4714 pulchritudine
1172 4655 1518 4699 creaturarum
1565 4648 2061 4718 proportionabiliter

475 4737 702 4789 imarum
734 4745 912 4788 auctor
935 4735 1286 4789 consideratur
1313 4737 1471 4807 (Sap.
1503 4740 1591 4793 15.
1622 4739 1700 4810 5).
1736 4739 1922 4796 Vidisti
1947 4756 2062 4797 ma-

474 4826 803 4895 gnitudinem
821 4827 844 4880 3
865 4827 1144 4881 considera
1173 4831 1460 4896 potentiam
1488 4830 1793 4888 Conditoris
1817 4849 1940 4890 cum
1966 4836 2060 4892 ad-

477 4917 776 4972 miratione.
816 4916 1003 4972 Vidisti
1040 4919 1529 4986 pulchritudinem?
1555 4924 1871 4992 sapientiam
1897 4941 2061 4983 exor-

479 5007 679 5060 natoris
715 5008 1035 5078 obstupesce
1058 5049 1073 5072 ,
1119 5010 1257 5079 quod
1305 5019 1363 5065 et
1384 5009 1645 5080 Propheta
1684 5015 2060 5078 demonstrans

479 5101 686 5157 dicebat
718 5101 884 5157 ποιειὶ
930 5112 1168 5155 enarrant
1206 5102 1420 5171 gloriam
1461 5102 1559 5158 Dei
1601 5105 1622 5176 (
1651 5107 1794 5162 Psal.
1840 5111 1927 5167 18.
1962 5113 2057 5184 2).

476 5194 754 5261 Quomodo
779 5195 959 5266 igitur,
984 5209 1193 5265 quaeso,
1221 5197 1473 5251 narrant?
1499 5213 1682 5254 vocem
1709 5216 1814 5256 non
1842 5202 2057 5270 habent,

477 5300 538 5338 os
567 5301 670 5338 nou
699 5287 1000 5355 possident,
1037 5303 1138 5340 nou
1167 5297 1244 5340 est
1274 5287 1401 5356 ipsis
1428 5287 1603 5356 lingua
1634 5307 1646 5342 :
1672 5294 1940 5360 quomodo
1967 5296 2062 5366 igi-

479 5384 564 5428 tur
592 5377 846 5430 natrant?
878 5378 977 5432 Per
1005 5378 1172 5447 ipsum
1205 5387 1494 5445 aspectum.
1528 5380 1661 5433 Cum
1690 5383 1832 5435 enim
1865 5384 2060 5441 videris

482 5465 949 5534 pulchritudinem,
977 5470 1411 5538 magnitudinem,
1443 5470 1836 5537 celsitudinem,
1869 5477 2055 5542 situm,

482 5559 702 5611 formant
743 5574 836 5626 per
877 5570 1076 5614 tantum
1123 5561 1374 5633 temporis
1408 5578 1722 5631 permanere
1745 5606 1759 5628 ,
1792 5575 2058 5637 tamquam

482 5664 663 5703 vocent
693 5649 934 5716 audiens,
966 5660 1018 5704 et
1048 5668 1140 5720 pcr
1165 5663 1437 5722 aspectum
1468 5653 1654 5708 dicens
1673 5697 1687 5720 ,
1717 5656 1907 5712 adoras
1936 5674 2058 5714 eum

546 5828 559 5859 ί
596 5836 698 5875 Sav.
728 5838 778 5877 et
800 5829 990 5885 quidam
1011 5828 1089 5877 alit
1117 5846 1128 5878 :
1164 5840 1285 5880 Deus
1308 5846 1435 5882 enim
1457 5830 1554 5882 illis
1569 5831 1864 5882 monstravit.

781 5919 1050 5979 Pnaoc.
1100 5924 1213 5980 tiu.
1264 5924 1486 5983 XLIX.

1461 440 1553 496 AD
1590 437 1906 497 POPULUM
1945 431 2434 491 ANTIOCIIENUM
2497 435 2722 492 ΙΙΟΜΙΙ..
2764 436 2882 503 IX._

3654 443 3758 500 106

2182 548 2271 618 qui
2295 557 2399 603 tam
2421 549 2698 621 pulchrum
2723 561 2776 606 et
2794 551 3107 607 admirabile
3129 565 3324 622 corpus
3347 553 3566 609 creavit.
3594 557 3757 614 Tacet

2177 637 2400 705 cadum,
2445 639 2539 695 sed
2582 641 2745 709 ipsius
2786 652 3032 713 aspectus
3075 657 3259 699 vocem
3306 644 3429 698 tuba
3475 645 3754 705 clariorem

2176 729 2407 794 emittit,
2435 744 2534 800 per
2557 730 2741 785 oculos
2765 772 2780 794 ,
2813 748 2918 786 non
2957 748 3050 800 per
3085 748 3243 788 aures
3269 748 3366 789 uos
3394 734 3593 790 docens
3623 755 3638 790 :
3672 738 3759 796 hic

2176 819 2319 873 enim
2349 835 2540 874 sensus
2577 836 2608 874 a
2653 833 2837 875 natura
2860 831 2946 876 est
2974 823 3069 878 illo
3095 825 3292 879 certior
3317 837 3372 880 et
3401 827 3755 887 manifestior.

2174 908 2229 963 Si
2253 917 2395 964 enim
2421 926 2515 980 per
2537 911 2701 966 libros
2720 913 2992 970 docuisset
3012 924 3068 969 et
3095 915 3614 982 litteras,litterarum
3638 923 3757 991 qui-

2173 999 2294 1055 dem
2332 1003 2532 1072 peritus
2565 1005 2763 1075 scripta
2803 1005 3406 1072 didicisset,illitteratus
3453 1027 3579 1067 vero
3622 1014 3756 1069 nihil

2175 1091 2298 1148 inde
2326 1096 2536 1165 adjutus
2568 1098 2786 1154 abiisset
2809 1139 2826 1164 ,
2858 1100 2903 1153 si
2941 1101 3061 1169 quis
3100 1101 3235 1156 alius
3273 1119 3378 1158 non
3409 1105 3704 1162 induxisset
3738 1126 3753 1164 .'

2172 1183 2321 1239 dives
2357 1187 2550 1242 librum
2579 1190 2831 1254 emisset,
2866 1206 3070 1261 pauper
3095 1207 3274 1248 emere
3314 1210 3418 1250 non
3447 1198 3708 1265 potuisset
3735 1215 3752 1254 :

2175 1290 2384 1330 rursum
2411 1279 2499 1348 qui
2521 1280 2682 1334 sciret
2694 1296 2881 1337 vocem
2896 1284 3039 1338 illam
3055 1284 3364 1350 perlitteras
3380 1286 3752 1356 signiﬁcatam,

2173 1362 2315 1420 intus
2337 1367 2502 1434 posita
2525 1379 2740 1434 nosset;
2764 1367 2962 1440 Scytha
2986 1385 3117 1424 vero
3141 1381 3194 1427 et
3215 1372 3496 1440 Barbarus,
3520 1388 3575 1432 et
3593 1376 3754 1434 Indus

2171 1465 2225 1510 et
2252 1456 2553 1529 Egyptius,
2583 1472 2635 1515 et
2659 1476 2844 1518 omnes
2868 1464 3045 1535 lingua
3068 1475 3310 1521 carentes
3337 1468 3446 1533 illa,
3470 1469 3601 1525 nihil
3625 1473 3756 1528 cdo-

2169 1547 2238 1601 cti
2266 1549 2541 1604 abiissent.
2569 1552 2681 1606 Hoc
2701 1564 2878 1608 autem
2904 1555 2973 1610 de
2994 1557 3128 1612 coelo
3150 1558 3329 1615 dicere
3354 1576 3460 1615 non
3485 1561 3631 1630 licet,
3656 1566 3751 1620 sed

2169 1646 2223 1691 et
2242 1637 2438 1709 Scytha
2462 1649 2514 1694 et
2535 1640 2814 1707 Barbarus,
2840 1654 2891 1697 et
2918 1643 3077 1700 ludus
3097 1657 3150 1702 ct
3170 1647 3474 1719 Egyptius,
3498 1661 3553 1708 et
3577 1655 3753 1708 omnis

2171 1729 2330 1784 homo
2375 1745 2538 1801 super
2567 1742 2760 1787 terram
2803 1735 3055 1791 incedens
3077 1777 3092 1802 ,
3127 1738 3261 1792 hanc
3299 1756 3485 1795 vocem
3524 1744 3747 1800 audiet:

2170 1837 2274 1875 non
2299 1823 2443 1877 enim
2475 1839 2569 1892 per
2595 1841 2754 1881 aures
2775 1868 2790 1890 ,
2820 1827 2913 1881 sed
2947 1843 3043 1896 per
3071 1829 3254 1883 oculos
3283 1830 3336 1885 in
3363 1843 3592 1889 mentem
3619 1837 3753 1891 inci-

2167 1910 2246 1966 dit
2266 1923 2526 1969 nostram.
2550 1915 2846 1971 Visibilium
2868 1928 3045 1974 autem
3071 1920 3405 1990 partieipatio
3426 1923 3612 1979 eadem
3637 1936 3750 1992 est,

2170 2017 2341 2072 neque
2379 2004 2631 2060 differens
2657 2007 2794 2062 sicut
2832 2009 3128 2078 linguarum
3161 2029 3177 2065 ε
3209 2012 3260 2066 in
3292 2011 3433 2068 hunc
3460 2017 3658 2084 pariter
3681 2018 3750 2072 li-

2171 2091 2323 2146 brum
2353 2103 2407 2148 et
2432 2094 2591 2148 idiota
2616 2106 2672 2150 et
2695 2097 2909 2167 sapiens
2933 2099 3123 2154 intueri
3151 2112 3432 2171 poterunt,
3464 2114 3520 2160 et
3548 2122 3752 2178 pauper

2166 2195 2221 2240 et
2245 2185 2415 2248 dives,
2445 2199 2499 2242 et
2528 2203 2861 2260 quocumque
2886 2193 3003 2260 quis
3030 2195 3256 2261 venerit,
3284 2196 3338 2251 in
3361 2197 3550 2256 coelum
3583 2203 3752 2270 respi-

2164 2276 2352 2343 ciens,
2405 2276 2756 2334 sufﬁcientem
2799 2283 2971 2351 capiet
3017 2282 3314 2340 doctrinam
3360 2301 3425 2341 cx
3483 2300 3747 2357 aspectu:

2163 2367 2304 2435 quod
2323 2371 2541 2439 quidem
2550 2380 2602 2426 et
2619 2372 2633 2426 i
2639 2388 2732 2442 pse
2746 2372 3008 2446 Propheta
3033 2375 3260 2430 innitens
3275 2385 3329 2431 et
3344 2376 3745 2449 demonstrans,

2163 2458 2305 2526 quod
2334 2473 2521 2514 vocem
2559 2471 2803 2516 creatura
2831 2473 2885 2517 et
2915 2464 3153 2520 barbaris
3178 2468 3386 2524 emittat
3413 2479 3467 2525 et
3503 2471 3706 2529 Grecis
3729 2516 3745 2539 ,

2163 2558 2217 2602 et
2236 2551 2551 2610 omnibusin
2571 2553 2874 2607 universum
2898 2554 3203 2612 hominibus
3223 2559 3492 2617 intellectu
3515 2564 3746 2631 facilem,

2163 2642 2375 2698 dicebat
2413 2661 2426 2697 :
2460 2643 2580 2698 Non
2618 2655 2735 2699 sunt
2773 2647 2985 2715 loquella
3019 2667 3176 2719 neque
3212 2669 3494 2720 sermones,
3535 2674 3750 2727 quorum

2164 2749 2263 2786 non
2291 2735 2565 2790 audiantur
2588 2753 2731 2791 voces
2756 2754 2927 2792 eorum
2953 2739 3127 2808 (Psal.
3161 2743 3248 2798 l8.
3278 2743 3352 2814 4).
3383 2746 3534 2812 Quod
3565 2758 3746 2805 autem

2162 2825 2311 2892 dicit,
2341 2827 2447 2882 tale
2474 2837 2558 2882 est
2588 2846 2602 2882 :
2632 2827 2747 2884 Non
2781 2840 2864 2885 est
2886 2847 3022 2901 gens
3052 2848 3224 2904 neque
3255 2835 3430 2906 lingua
3461 2855 3579 2907 qua:
3610 2839 3749 2895 hanc

2160 2929 2350 2971 vocem
2395 2918 2692 2989 intelligere
2737 2936 2842 2977 non
2872 2925 3072 2992 possit;
3105 2926 3199 2980 sed
3231 2928 3352 2982 talis
3385 2938 3470 2984 est
3506 2930 3746 3000 ipsorum

2161 3020 2284 3070 vox,
2312 3016 2370 3062 ut
2394 3007 2463 3062 ab
2486 3011 2735 3066 omnibus
2759 3012 3060 3070 hominibus
3085 3017 3257 3074 audiri
3279 3022 3445 3089 possit
3469 3038 3483 3075 :
3508 3037 3607 3078 nec
3631 3025 3747 3080 mall

2162 3103 2368 3150 tantum
2395 3138 2409 3162 ,
2443 3100 2538 3153 sed
2576 3109 2630 3154 et
2665 3102 2771 3158 diei
2805 3114 2860 3159 et
2900 3108 3090 3162 noctis.
3138 3109 3207 3164 Et
3243 3113 3511 3177 quomodo
3547 3115 3653 3170 diei
3693 3127 3749 3172 et

2160 3187 2372 3240 noctis?
2401 3189 2530 3244 illud
2556 3192 2696 3246 enim
2726 3204 2779 3249 et
2805 3211 2903 3265 per
2929 3200 3402 3269 pulchritudinem,
3432 3216 3488 3260 et
3515 3223 3608 3277 per
3633 3225 3746 3263 ma-

2158 3277 2486 3344 gnitudinem
2513 3321 2528 3344 ,
2559 3291 2612 3337 et
2643 3300 2739 3354 per
2767 3286 2870 3340 alia
2899 3293 3080 3345 omnia
3106 3305 3432 3362 spectatores
3462 3302 3703 3368 percellit
3729 3345 3744 3367 ,

2160 3377 2214 3422 et
2258 3369 2311 3424 in
2354 3372 2517 3440 ipsius
2551 3374 2826 3432 Creatoris
2865 3379 3276 3440 admirationem
3324 3389 3584 3456 traducit;
3629 3391 3748 3448 dies

2159 3476 2289 3516 vero
2310 3473 2362 3517 et
2391 3480 2492 3518 nos
2523 3467 2647 3535 quid
2675 3471 2830 3523 nobis
2855 3481 3127 3530 ostentare
3157 3480 3411 3545 possent?
3433 3481 3746 3551 llujusmodi

2159 3553 2372 3620 quidem
2404 3557 2558 3622 nihil,
2590 3558 2683 3614 sed
2714 3560 2815 3613 alia
2845 3561 2928 3615 his
2955 3579 3059 3618 non
3092 3565 3340 3624 inferiora
3377 3586 3391 3622 :
3420 3575 3748 3629 convenien-

2160 3643 2287 3696 tiam
2314 3685 2328 3706 ,
2357 3646 2600 3703 ordinem
2631 3665 2750 3703 cum
2790 3654 2937 3708 omni
2976 3655 3246 3726 diligentia
3281 3671 3571 3718 servatum.
3610 3666 3746 3723 Cum

2159 3734 2302 3787 enim
2340 3739 2654 3806 cogitaveris
2680 3782 2694 3804 ,
2725 3746 2994 3810 quomodo
3023 3756 3189 3803 totum
3222 3765 3319 3820 per
3339 3769 3536 3810 annum
3565 3757 3747 3814 distri-

2161 3824 2423 3891 buuutur,
2451 3838 2505 3884 et
2536 3839 2801 3900 tamquam
2835 3834 2886 3889 in
2919 3835 3053 3892 libra
3082 3847 3136 3893 et
3165 3840 3371 3897 bilance
3398 3845 3558 3900 totius
3587 3851 3745 3917 spatii

2164 3914 2545 3984 longitudinem
2581 3921 2878 3979 diviserunt
2913 3942 2927 3978 :
2967 3942 3090 3983 eum
3130 3931 3220 4000 qui
3266 3934 3530 3990 ordinavit
3572 3914 3747 3994 admi-

2166 4006 2390 4061 raberis.
2422 4008 2582 4064 Velut
2608 4013 2750 4068 enim
2799 4031 3016 4074 sorores
3049 4021 3291 4090 quaedam
3334 4034 3608 4094 paternam
3631 4037 3738 4084 tite-

2163 4098 2274 4150 redi
2285 4107 2444 4153 tatem
2460 4103 2793 4168 partitaacunt
2807 4107 3066 4164 charitate
3079 4110 3260 4176 multa,
3275 4114 3422 4169 nullo
3433 4116 3595 4171 modo
3608 4115 3743 4172 inter

2162 4205 2220 4244 se
2239 4192 2648 4260 calumniantes,
2678 4194 2756 4248 sic
2781 4203 2836 4248 et
2858 4195 2973 4250 dies
2998 4206 3054 4250 et
3081 4213 3182 4252 nos
3209 4214 3329 4254 cum
3351 4206 3496 4258 omni
3519 4206 3742 4277 diligen-

2163 4284 2232 4335 tia
2273 4299 2471 4338 annum
2503 4287 2802 4354 aequalitate
2837 4295 2982 4341 tanta
3010 4289 3374 4360 distribuunt,
3400 4304 3453 4349 et
3495 4300 3741 4367 proprios

2159 4387 2476 4430 conservant
2505 4376 2638 4432 lines
2665 4421 2679 4440 ,
2710 4392 2813 4434 nec
2841 4393 3092 4448 umquam
3124 4380 3345 4437 alteram
3374 4384 3540 4440 altera
3571 4390 3741 4457 pellit.

2161 4465 2458 4535 Numquam
2482 4467 2640 4536 igitur
2679 4467 2854 4524 hieme
2876 4469 2993 4524 dies
3018 4469 3114 4525 fuit
3138 4472 3314 4542 longa,
3343 4473 3476 4530 sicut
3503 4493 3604 4534 nec
3629 4497 3743 4536 utu-

2161 4572 2320 4626 quam
2348 4567 2532 4613 testate
2559 4558 2712 4629 longa
2743 4559 2839 4613 luit
2867 4575 2993 4624 nox,
3022 4571 3101 4614 tot
3131 4565 3414 4632 prmteritis
3440 4571 3742 4635 generatio-

2165 4652 2320 4706 nibus
2343 4692 2359 4717 ,
2391 4651 2485 4706 scd
2516 4652 2566 4704 in
2595 4651 2787 4706 eodem
2825 4652 3102 4706 intervallo
3131 4663 3184 4708 et
3215 4655 3542 4724 longitudine
3570 4675 3744 4730 neque

2164 4741 2431 4796 modicum
2453 4756 2551 4796 nec
2570 4739 2844 4795 dimidiam
2865 4741 3050 4797 horam
3073 4758 3172 4798 nec
3190 4746 3330 4800 oculi
3352 4747 3552 4803 uictum
3577 4750 3745 4806 altera

2163 4847 2323 4903 quam
2348 4834 2514 4887 altera
2541 4831 2658 4902 plus
2685 4833 2888 4889 habuit.

2234 4924 2289 4980 3.
2314 4923 2411 4980 Dei
2425 4925 2673 4992 sapientia
2697 4927 2748 4980 in
2769 4944 2938 4982 rerum
2957 4929 3266 4983 naturalium
3293 4933 3563 4988 ordine.—-
3609 4936 3743 4992 Pro-

2163 5024 2346 5084 pterea
2371 5025 2428 5069 et
2444 5010 2732 5069 Psalmista
2749 5014 2990 5081 isporum
3044 5019 3398 5088 aequalitatem
3429 5024 3742 5092 admiratus,

2162 5103 2423 5161 clamabat
2451 5105 2633 5159 dicens
2666 5121 2679 5157 :
2717 5106 2837 5160 Nox
2875 5110 3009 5161 nocti
3035 5111 3226 5165 indicat
3253 5114 3557 5186 scientiam(
3596 5117 3744 5172 Psal.

2165 5196 2310 5251 18.3
2335 5197 2377 5264 ).
2407 5195 2463 5250 Si
2497 5195 2609 5250 haec
2655 5197 3014 5267 philosophari
3070 5202 3228 5265 scias,
3267 5203 3345 5257 sic
3395 5205 3746 5263 admiraberis

2162 5301 2309 5346 eum,
2337 5286 2426 5356 qui
2456 5286 2522 5341 ab
2573 5287 2732 5348 initio
2765 5286 2863 5341 hos
2901 5287 3204 5345 immobiles
3233 5295 3494 5350 terminos
3535 5301 3742 5357 statuit.

2167 5378 2399 5433 Audiant
2441 5378 2557 5432 lucc
2602 5378 2746 5430 avari
2772 5385 2826 5431 et
2853 5377 3023 5432 aliena
3051 5382 3495 5451 concupiscentes
3514 5428 3529 5452 ,
3555 5399 3612 5444 et
3638 5390 3744 5446 dict

2169 5471 2444 5539 noctisque
2489 5467 2843 5537 aequalitatem
2893 5467 3187 5526 imitentur.
3219 5473 3454 5531 Audiant
3500 5478 3664 5534 inﬂati
3695 5492 3745 5537 et

2167 5561 2271 5614 alta
2293 5562 2582 5628 sapientes,
2612 5568 2667 5614 et
2705 5561 2950 5614 nolentes
2977 5562 3175 5630 primas
3198 5576 3376 5633 partes
3402 5568 3522 5622 aliis
3547 5587 3742 5626 concc-

2166 5651 2314 5706 dere.
2338 5651 2456 5705 Dies
2475 5652 2614 5706 nocti
2636 5651 2774 5706 cedit
2793 5668 2890 5707 nec
2915 5653 3114 5707 alienos
3137 5657 3267 5711 lines
3295 5659 3514 5726 int-adit;
3540 5671 3593 5716 tu
3624 5681 3750 5717 vero

2167 5755 2378 5812 semper
2422 5743 2624 5797 honore
2678 5743 2859 5797 fruens
2905 5747 3154 5801 trntribus
3183 5748 3323 5804 hunc
3349 5755 3747 5810 communicare

2173 5852 2277 5892 non
2308 5835 2544 5891 dicttaris
2567 5837 2588 5889 ?
2615 5835 2680 5891 Et
2705 5837 2982 5892 considera
3028 5840 3154 5893 ntihi
3196 5841 3510 5909 legislalorts
3539 5847 3748 5915 sapien-

3342 5942 3379 5997 7
