4414 6698
738 415 835 469 ιυγ

737 533 881 584 tiam.
912 528 967 584 In
999 527 1189 600 hyeme
1231 525 1438 592 longam
1468 531 1679 577 noctem
1724 535 1844 575 esse
1867 521 2064 590 jussit,
2093 515 2310 586 quando

739 621 980 675 molliora
1021 619 1220 672 semina
1255 624 1311 669 et
1343 615 1509 683 magis
1544 612 1832 682 frigescere
1867 609 2189 679 indigentia,
2213 619 2310 658 nec

736 713 1043 765 calidiorem
1093 707 1295 760 radium
1349 704 1627 758 tolerant:
1662 710 1939 770 postquam
1982 711 2111 750 vero
2160 701 2312 748 aucta

740 805 931 857 inierint
957 842 969 859 .
1003 814 1103 852 una
1129 814 1250 851 cum
1283 797 1413 864 ipsis
1439 796 1632 848 crescit
1672 809 1882 848 rursum
1927 791 2042 845 dies
2064 829 2080 854 ,
2107 797 2160 842 et
2190 795 2315 841 tunc

750 899 806 946 tit
827 891 1054 958 longior,
1083 886 1297 957 quando
1319 886 1428 956 jam
1467 885 1608 953 viget
1657 885 1879 937 fructus.
1911 881 2019 933 lloc
2044 890 2172 930 vero
2210 890 2314 928 non

734 981 1025 1036 seminibus
1042 987 1264 1040 unitum,
1292 975 1384 1029 sed
1407 975 1567 1028 etiam
1593 972 1907 1042 corporibus
1932 976 2310 1036 opportunum.

735 1071 994 1140 Quoniam
1043 1069 1233 1137 hyeme
1287 1077 1442 1120 nauta
1472 1105 1487 1129 ,
1519 1067 1839 1134 gubernator
1862 1071 1915 1114 et
1944 1059 2132 1120 viator,
2163 1057 2316 1110 miles

735 1175 790 1216 et
826 1161 1054 1230 agricola
1095 1161 1318 1213 multum
1366 1157 1512 1211 domi
1542 1156 1760 1217 sedent,
1781 1151 1902 1221 gelu
1933 1148 2242 1213 constricti,
2262 1156 2317 1202 et

735 1257 829 1308 otii
861 1265 1071 1322 tempus
1114 1261 1195 1306 cst
1245 1251 1294 1304 in
1328 1249 1521 1320 hyeme
1545 1288 1560 1311 ,
1603 1247 1723 1315 plus
1753 1242 2004 1312 temporis
2047 1241 2101 1292 in
2131 1248 2317 1294 noctes

736 1343 968 1413 impendi
997 1342 1134 1395 [laetis
1170 1339 1462 1401 constituit,
1504 1351 1568 1390 ne
1604 1334 1708 1388 diei
1758 1330 2029 1400 longitudo
2048 1327 2314 1396 superﬂua

740 1437 829 1496 sit,
858 1433 988 1486 nihil
1017 1430 1316 1484 hominibus
1348 1428 1523 1480 facere
1543 1423 1863 1478 valentibus.
1893 1422 2024 1488 Quis
2049 1420 2174 1473 anni
2196 1434 2318 1488 par-

735 1527 862 1577 tium
913 1522 1152 1575 ordinun
1203 1519 1384 1572 dicere
1437 1512 1947 1585 possit?quomodo
1973 1521 2026 1565 et
2053 1511 2136 1565 lue
2176 1519 2313 1564 tam-

735 1631 891 1682 quam
921 1613 1152 1680 virgines
1184 1610 1429 1680 qua-dam
1461 1609 1514 1661 in
1549 1622 1684 1678 gyro
1703 1607 2118 1669 saltantes,cum
2149 1602 2313 1657 multa

736 1705 942 1758 ratione
972 1703 1070 1756 sibi
1099 1713 1282 1756 mutuo
1306 1701 1622 1764 succedunt,
1651 1708 1706 1752 et
1734 1697 1984 1766 paulatim
2017 1695 2133 1748 sine
2169 1701 2312 1747 stre-

738 1796 848 1862 pitu
880 1793 944 1846 ad
967 1793 1262 1847 contrarias
1285 1791 1474 1845 media:
1503 1788 1730 1843 transire
1759 1801 1864 1840 non
1892 1793 2105 1840 cessant
2127 1783 2152 1837 ?
2174 1783 2309 1838 Pro.

735 1896 911 1956 pterea
941 1900 1038 1940 nec
1062 1885 1129 1939 ab
1174 1885 1364 1954 hyeme
1392 1898 1488 1936 ttos
1526 1880 1722 1950 excipit
1752 1889 1932 1940 restas,
1966 1894 2064 1933 nec
2105 1879 2173 1932 ab
2199 1878 2316 1948 ipsa

733 1979 911 2031 statim
942 1976 1152 2047 hycms,
1183 1974 1273 2028 sed
1304 1973 1534 2027 medium
1569 1987 1667 2025 ver
1694 1970 2065 2039 interpositum
2095 1979 2208 2036 est,
2242 1971 2313 2024 ita

733 2079 788 2123 ut
817 2067 1017 2123 sensim
1046 2076 1099 2120 et
1127 2065 1378 2134 paulatim
1408 2062 1818 2116 succedentibus
1849 2061 2065 2114 densata
2085 2075 2310 2128 corpora

734 2171 914 2213 nostra
949 2158 1119 2211 azstati
1160 2157 1275 2210 sine
1328 2156 1536 2208 tristitia
1588 2153 1853 2205 adducat:
1889 2152 2138 2217 quoidam
2171 2151 2313 2202 enim

732 2253 1025 2306 subitanea:
1056 2250 1106 2302 in
1137 2248 1467 2302 contrarimu
1511 2245 1830 2297 tnntatiom-s
1858 2251 2230 2293 nicumi-ntmn
2261 2249 2314 2293 et

732 2344 978 2397 morbum
1028 2342 1236 2410 pariunt
1289 2349 1629 2398 extremum,
1670 2333 1996 2402 dispensavit
2057 2331 2198 2384 Deus
2247 2330 2314 2382 ab

735 2438 923 2506 hyeme
944 2432 1156 2502 quidem
1182 2445 1275 2483 ver
1305 2443 1400 2481 nos
1427 2429 1676 2494 excipere
1698 2464 1714 2488 ,
1743 2439 1773 2478 a
1807 2439 1930 2478 vere
1958 2438 1991 2492 p
2030 2437 2117 2476 rro
2143 2433 2304 2474 uasta-

743 2538 871 2589 tem,
893 2525 960 2578 ab
983 2531 1164 2577 a-state
1186 2533 1520 2579 autumnum,
1545 2526 1597 2570 et
1622 2518 1698 2570 sic
1719 2515 1894 2586 hycmi
1926 2513 2313 2568 transmittere:

736 2619 912 2687 itaque
944 2617 1186 2668 innocua:
1226 2622 1279 2666 et
1326 2609 1674 2680 procedentes
1719 2607 1966 2676 paulatim
1998 2604 2316 2658 inutationcs

735 2726 797 2763 ex
825 2707 1104 2762 contrariis
1123 2706 1245 2759 anni
1270 2702 1670 2772 tempestatibus
1700 2716 1794 2765 per
1813 2699 2016 2753 medias
2040 2697 2193 2750 nobis
2217 2696 2316 2750 ad-

736 2801 972 2853 \Cllitll’ll.
999 2797 1126 2864 Quis
1156 2796 1313 2864 igitur
1333 2804 1438 2847 tam
1468 2792 1630 2845 miser
1653 2799 1707 2844 ct
1733 2787 2192 2856 :m-unuiosus,tpti
2214 2802 2323 2841 cm-

738 2892 844 2943 lum
878 2890 1092 2958 quidem
1118 2901 1348 2940 cernens
1369 2926 1384 2950 ,
1415 2896 1642 2937 cernens
1674 2896 1801 2935 vero
1832 2896 1978 2932 mare
2019 2891 2071 2933 et
2099 2888 2315 2943 terram,

739 2983 1120 3046 tempestatum
1139 2977 1264 3032 anni
1293 2975 1603 3044 temperiem
1636 2983 1742 3026 tam
1768 2971 2046 3039 diligi-nter
2077 2968 2314 3022 modera-

740 3078 962 3133 tam,ct
1004 3057 1372 3122 inconcussum
1417 3065 1522 3118 diei
1588 3072 1642 3117 ct
1687 3063 1856 3115 noctis
1898 3061 2170 3123 ordinem,
2205 3059 2319 3112 h:cc

743 3171 932 3231 sponte
958 3161 1072 3214 ﬁeri
1103 3168 1284 3229 putet,
1316 3172 1415 3212 nec
1441 3157 1626 3210 adoret
1656 3170 1774 3209 cum
1801 3195 1814 3214 .
1844 3153 1931 3224 qui
1980 3151 2096 3206 lucc
2141 3151 2317 3204 omnia

737 3269 858 3310 cum
888 3252 1142 3322 sapientia
1181 3264 1412 3320 congrua
1429 3246 1738 3317 disposuit?
1766 3245 1946 3299 llabco
1971 3241 2113 3312 quod
2141 3241 2318 3295 dicam

739 3353 795 3398 et
833 3344 920 3396 his
959 3343 1129 3411 majus
1178 3357 1192 3394 :
1239 3356 1341 3393 non
1364 3339 1509 3392 enim
1557 3333 1864 3404 magnitudo
1893 3341 2092 3386 tantum
2122 3340 2174 3384 et
2205 3330 2320 3399 pul-

741 3433 1010 3496 chritmlo,
1040 3432 1132 3485 sed
1161 3439 1216 3484 et
1245 3431 1359 3498 ipse
1384 3427 1670 3481 crcationis
1696 3425 1887 3478 modus
1915 3421 2152 3476 omnium
2183 3434 2318 3473 eon-

741 3529 965 3582 ditorem
1011 3525 1360 3579 demonstrat.
1413 3519 1675 3585 Quoniam
1739 3516 1882 3570 enim
1941 3512 2192 3568 condenti
2261 3520 2311 3563 ct

744 3616 944 3672 creanti
986 3615 1160 3670 omnia
1202 3613 1268 3666 ab
1294 3611 1444 3665 initio
1473 3624 1576 3662 non
1597 3607 1898 3668 aderamus,
1929 3620 2119 3674 neque,
2150 3603 2194 3656 si
2223 3602 2318 3654 ad-

745 3710 1046 3769 fuissemus,
1071 3702 1340 3774 quomodo
1370 3701 1568 3755 liebaut
1607 3698 1746 3751 scire
1778 3707 2103 3766 poteramus,
2129 3690 2316 3746 invisi-

744 3801 832 3855 bili
888 3799 1080 3852 r-irtnte
1122 3804 1309 3850 cuncta
1365 3799 1756 3860 componente,
1810 3788 1983 3856 ipsum
2036 3783 2322 3838 creationis

746 3889 958 3944 modum
987 3886 1245 3953 optimum
1273 3881 1426 3938 nobis
1456 3882 1766 3949 magistrum
1802 3889 1922 3931 esse
1962 3874 2106 3938 fecit,
2132 3887 2321 3940 supcr-

745 3979 970 4034 naturali
1000 3975 1378 4045 consequentia
1413 3984 1737 4039 componens
1755 3968 1931 4021 omnia
1959 3981 2074 4035 qurc
2107 3963 2320 4018 fiebant.

750 4070 907 4126 Ferte
945 4069 1082 4138 quod
1133 4068 1240 4120 dixi
1271 4063 1548 4119 obscurius
1583 4072 1665 4116 cst
1704 4078 1717 4114 :
1768 4059 1928 4131 igitur
1971 4071 2188 4111 necesse
2226 4055 2326 4106 hoc

751 4178 961 4218 rursum
1002 4158 1327 4214 manifestius
1368 4155 1568 4210 dicere.
1619 4154 1816 4208 Omnes
1845 4151 2023 4218 utique
2065 4146 2328 4200 fateantur

751 4264 950 4307 natura:
991 4249 1425 4318 consequentiam
1473 4260 1594 4299 esse
1619 4284 1633 4307 ,
1666 4253 1722 4297 ut
1773 4257 1908 4310 aqua
1942 4253 2102 4307 super
2129 4246 2325 4290 terram

751 4342 844 4398 sed
891 4358 991 4395 non
1025 4352 1162 4393 terra
1214 4339 1283 4391 ab
1311 4337 1462 4404 aquis
1507 4335 1726 4388 feratur.
1752 4330 1917 4385 Terra
1970 4329 2164 4397 quippe
2205 4339 2326 4377 cum

754 4433 820 4486 sit
850 4431 1010 4484 densa
1040 4470 1054 4493 ,
1085 4428 1215 4482 dura
1245 4436 1298 4481 ct
1341 4439 1444 4478 non
1474 4424 1668 4479 cedens
1695 4463 1710 4485 ,
1743 4431 1903 4490 atque
1944 4418 2110 4473 solida
2134 4457 2147 4478 ,
2177 4414 2327 4468 facile

759 4530 927 4591 ρυιυει
969 4533 1221 4587 aquarum
1258 4527 1496 4568 llﬂllll‘illll
1545 4517 1807 4566 sustinere
1837 4527 1852 4572 ;
1884 4522 2017 4577 aqua
2058 4521 2182 4559 VCI'O
2205 4520 2325 4558 Clllll

757 4611 951 4680 liquida
975 4611 1042 4663 sit
1073 4619 1126 4663 et
1151 4608 1346 4669 mollis,
1381 4617 1667 4672 teneraque
1695 4613 1749 4656 ct
1772 4600 2039 4662 difﬂuens,
2071 4607 2124 4652 et
2153 4597 2325 4650 omni-

756 4707 856 4759 bus
882 4703 1078 4758 cedens
1125 4699 1525 4754 occurrentibus
1548 4737 1563 4762 ,
1593 4695 1791 4748 nullmn
1841 4706 2036 4761 cOrpus
2082 4704 2326 4757 umquam

757 4797 1022 4850 sustinere
1049 4792 1271 4855 valeret,
1294 4787 1502 4844 etiamsi
1531 4787 1854 4842 levissimum
1899 4786 1967 4839 sit
1995 4799 2009 4836 :
2043 4797 2164 4836 nam
2190 4794 2332 4848 saepe

753 4888 932 4957 lapillo
962 4883 1208 4938 incidenti
1237 4894 1401 4950 parvo
1427 4878 1569 4933 cedit
1595 4887 1649 4932 et
1692 4876 1913 4946 refugit,
1960 4874 2238 4942 ipsumque
2265 4872 2331 4926 ad

756 4976 1071 5048 profundum
1103 4966 1567 5026 transmittit.Cum
1587 4966 1783 5022 videris
1808 4966 1962 5035 igitur
1975 4981 2078 5019 non
2101 4963 2332 5032 lapillum

755 5084 1007 5139 parvum,
1027 5060 1122 5118 sed
1141 5069 1338 5115 terram
1371 5073 1582 5114 omnem
1623 5072 1782 5126 super
1803 5070 1965 5125 aquas
1989 5053 2136 5120 ferri,
2164 5067 2335 5122 neque

757 5156 1041 5227 submergi,
1065 5150 1326 5209 admirare
1351 5149 1636 5220 potentiam
1662 5159 1820 5216 supra
1843 5153 2078 5198 naturam
2107 5143 2219 5197 haec
2239 5141 2338 5196 mia

758 5251 992 5306 rabiliter
1011 5257 1340 5316 operantem.
1375 5243 1440 5297 Et
1491 5239 1631 5295 unde
1661 5238 1763 5293 hoc
1791 5235 2146 5299 manifestum,
2193 5231 2336 5302 quod

760 5351 899 5396 terra
924 5354 1080 5408 super
1095 5351 1255 5406 aquas
1276 5335 1473 5389 feratur
1490 5333 1514 5386 ?
1539 5329 1800 5400 Propheta
1828 5327 1928 5381 hoc
1952 5324 2097 5379 dicit:
2121 5323 2239 5392 Ipse
2252 5338 2340 5376 δας

761 5447 852 5504 per
873 5429 1030 5484 maria
1053 5427 1280 5498 fundarit
1309 5441 1416 5479 eam
1433 5432 1477 5477 et
1497 5437 1650 5492 super
1672 5418 1885 5490 ﬂumina
1908 5413 2210 5487 preparavit
2229 5427 2338 5466 eum

760 5517 1103 5594 (l’saf.23.2):
1121 5527 1173 5571 et
1199 5529 1426 5578 rursum,
1453 5512 1553 5580 Qui
1568 5510 1795 5580 {undavit
1815 5517 2000 5563 terram
2011 5519 2162 5574 super
2181 5517 2339 5571 aquas

759 5593 932 5682 (Psal.
968 5610 1090 5665 155.
1112 5606 1332 5676 6).Quid
1380 5602 1554 5658 dicis?
1584 5601 1817 5670 lapillum
1841 5599 2084 5668 exiguum
2123 5609 2256 5663 aqua
2284 5593 2336 5648 in

761 5703 1040 5773 superﬁcie
1068 5699 1206 5755 ferre
1238 5711 1342 5750 non
1369 5703 1577 5764 potest,
1607 5703 1662 5747 et
1704 5702 1896 5745 terram
1929 5698 2126 5743 tantam
2153 5686 2289 5756 gerit
2316 5723 2334 5748 ,

766 5808 818 5855 et
844 5805 1066 5857 montes,
1098 5801 1151 5846 et
1171 5789 1356 5854 colles,
1383 5795 1436 5841 ct
1466 5783 1644 5850 urbes,
1665 5790 1719 5837 ct
1743 5782 1969 5852 plantas,
1991 5788 2042 5834 et
2069 5777 2332 5839 homines,

1434 410 1492 466 S.
1531 407 1810 466 JOANNIS
1844 402 2316 464 CIIRYSOSTOMI
2360 401 2672 457 AllCllllLP.
2713 404 3246 466 (IONSTANTINOP.

3895 414 3992 472 tos
4030 468 4039 486 ,

2421 523 2474 566 ct
2502 513 2673 576 bruta,
2697 522 2750 566 ct
2777 530 2882 568 non
2918 519 3308 588 submergitur?
3337 519 3400 574 Et
3425 518 3548 588 quid
3574 519 3716 587 dico,
3740 535 3844 576 non
3869 524 3993 579 sub-
4031 499 4038 525 i

2424 603 2680 670 mergitur
2709 619 2723 664 ;
2753 606 3019 671 quomodo
3059 609 3278 663 inferius
3328 611 3704 665 circumstante
3728 611 3828 666 sibi
3857 628 3990 683 aqua

2423 701 2567 746 tanto
2591 703 2830 761 tempore
2878 707 3098 749 nonest
3136 699 3428 766 dissoluta,
3477 715 3572 754 nec
3618 703 3785 754 lutum
3823 704 3996 756 omnia

2423 785 2555 837 facta
2577 785 2742 838 sunt?
2767 781 2821 838 Si
2849 785 2990 838 enim
3016 786 3280 856 lignorum
3306 804 3495 847 natura
3525 807 3708 862 parum
3741 796 3996 862 temporis

2421 877 2571 944 aquis
2591 877 2867 929 immorata
2895 881 3252 949 corrumpitur
3273 894 3327 938 ct
3349 885 3694 950 dissolvitur;
3722 884 3848 957 quid
3875 886 3998 939 dico

2425 965 2689 1032 lignurum
2735 975 2920 1018 natura
2946 965 2968 1017 ?
2995 969 3119 1036 quid
3162 970 3305 1025 ferro
3359 974 3587 1028 validius
3629 991 3750 1030 esse
3787 976 4002 1045 possit?

2421 1055 2511 1108 sed
2541 1067 2594 1109 et
2625 1057 2724 1110 hoc
2751 1071 2892 1125 schc
2920 1059 3183 1114 mollescit
3211 1103 3227 1127 ,
3259 1079 3379 1118 eum
3405 1081 3614 1135 semper
3637 1067 3689 1121 in
3712 1068 3864 1135 aquis
3888 1081 4000 1120 ma.

2423 1160 2531 1212 net,
2560 1157 2616 1202 et
2645 1151 2839 1202 merito
2868 1166 2882 1202 :
2915 1151 3110 1218 quippe
3132 1162 3184 1206 et
3217 1153 3384 1222 ipsum
3405 1172 3436 1210 a
3467 1167 3608 1210 terra
3650 1158 3998 1212 substantiam

2422 1238 2598 1292 habet.
2644 1239 2928 1308 Propterea
2979 1240 3131 1294 multi
3180 1241 3518 1312 fugitivorum
3553 1262 3827 1302 servorum
3853 1258 4001 1318 post-

2419 1345 2578 1398 quam
2598 1331 2883 1398 compedes
2907 1341 2961 1385 et
2989 1341 3205 1386 catenas
3231 1336 3595 1402 pertrahentes
3623 1339 3901 1409 fugerunt,
3930 1339 3999 1393 ad

2420 1421 2564 1473 rivos
2591 1437 2844 1488 aquarum
2876 1422 3148 1475 venientes
3191 1432 3246 1476 et
3290 1425 3496 1478 vinctos
3532 1427 3682 1495 aquis
3714 1429 3875 1496 pedes
3899 1429 4000 1482 im-

2421 1511 2691 1567 mittentes
2715 1555 2727 1574 ,
2754 1523 2808 1566 et
2846 1515 2922 1567 sic
2953 1513 3163 1567 mollius
3192 1512 3394 1568 ferrum
3437 1514 3712 1578 facientes,
3741 1519 3890 1574 facile
3912 1519 3996 1572 la-

2422 1602 2540 1670 pide
2590 1605 2956 1672 percutientes
2983 1604 3308 1673 diﬂ'ringunt.
3362 1603 3524 1674 igitur
3559 1608 3755 1660 ferrum
3783 1610 3998 1677 quidem

2420 1694 2703 1759 mollescit,
2737 1695 2873 1764 ligna
2908 1695 3194 1764 putrefiunt
3216 1735 3232 1760 ,
3262 1705 3317 1749 et
3360 1695 3562 1764 lapides
3589 1710 4002 1766 corrumpuntur

2420 1784 2488 1838 ab
2515 1799 2770 1854 aquarum
2804 1795 2992 1840 natura
3017 1803 3032 1850 ;
3059 1795 3213 1840 terra:
3234 1801 3360 1841 vero
3385 1787 3686 1856 magnitudo
3709 1798 3852 1842 tanto
3873 1799 4001 1842 tem-

2421 1891 2552 1944 pore
2581 1878 2733 1946 aquis
2771 1879 3014 1946 imposita
3034 1919 3050 1945 ,
3101 1893 3205 1932 non
3233 1888 3315 1933 cst
3343 1881 3617 1935 submersa
3637 1922 3652 1946 ,
3701 1897 3796 1934 nec
3824 1880 4002 1934 disso-

2425 1964 2554 2029 luta,
2585 1982 2684 2021 nec
2713 1966 2938 2035 perdita.

2489 2058 2541 2108 4.
2577 2057 2640 2109 Et
2665 2058 2783 2125 quis
2815 2057 2926 2110 hate
2957 2072 3058 2111 non
3089 2057 3430 2126 Obstupescat
3454 2067 3506 2112 et
3537 2059 3859 2120 admiretur,
3896 2075 4000 2114 nec

2419 2159 2538 2196 cum
2570 2144 2757 2197 liducia
2786 2145 2946 2207 dicat,
2978 2160 3081 2198 non
3107 2160 3226 2199 esse
3258 2155 3457 2200 natura:
3485 2161 3645 2215 opera
3665 2151 3778 2214 ,sed
3798 2146 3998 2202 Provi-

2418 2233 2610 2286 denti:e
2650 2244 2889 2286 naturam
2919 2234 3268 2287 excedentis?
3316 2235 3436 2288 Ideo
3464 2237 3674 2304 quidam
3708 2238 3868 2290 dicit:
3896 2238 3999 2302 Qui

2416 2325 2676 2391 suspendit
2703 2335 2886 2376 lemnu
2916 2341 3064 2391 super
3106 2324 3264 2378 nihilo
3296 2325 3418 2394 (Job
3469 2325 3559 2378 26.
3588 2323 3642 2396 7)
3669 2344 3681 2379 :
3706 2327 3838 2380 alius
3867 2343 4001 2382 vero

2417 2415 2628 2484 quidam
2663 2435 2676 2467 :
2711 2414 2775 2467 lu
2816 2432 2969 2467 manu
3020 2416 3177 2484 ipsius
3219 2417 3343 2482 ﬁnes
3387 2426 3532 2469 terra:
3569 2415 3737 2485 (Psal.
3781 2417 3870 2472 94.
3913 2419 3997 2485 4).

2418 2503 2546 2559 item
2573 2547 2588 2570 ,
2636 2505 2804 2572 Super
2857 2507 3016 2558 maria
3065 2506 3294 2577 fundavit
3341 2524 3450 2559 eam
3499 2506 3665 2579 (Psal.
3700 2509 3788 2562 25.
3817 2508 3896 2578 2).
3931 2510 4000 2564 Et

2423 2595 2536 2650 haec
2569 2596 2778 2664 quidem
2810 2597 3071 2648 contraria
3102 2610 3219 2650 esse
3245 2596 3523 2660 videntur,
3572 2598 3785 2651 multam
3817 2609 4000 2656 tamen

2423 2685 2618 2739 habent
2645 2686 3064 2740 consonantiam.
3099 2687 3198 2752 Qui
3230 2688 3370 2740 enim
3413 2687 3579 2751 dixit,
3623 2688 3790 2755 Super
3834 2691 4002 2742 maria

2422 2777 2651 2846 fundavit
2678 2793 2816 2840 eam,
2853 2776 2989 2830 idem
3016 2775 3144 2829 dixit
3172 2785 3329 2845 atque
3370 2776 3414 2830 is
3453 2778 3541 2846 qui
3567 2777 3640 2830 ait
3667 2777 3805 2846 quod
3835 2794 4002 2846 super

2421 2866 2587 2920 nihilo
2633 2875 2823 2919 terram
2876 2865 3252 2934 suspenderit:
3285 2881 3446 2933 super
3483 2880 3644 2933 aquas
3687 2866 3827 2919 enim
3868 2881 4006 2920 con-

2419 2957 2608 3009 sistere
2633 2956 2835 3024 arquale
2857 2967 2938 3010 est
2959 2972 3019 3009 ac
3041 2971 3200 3024 super
3227 2956 3392 3009 nihilo
3416 2957 3687 3023 suspendi.
3716 2955 3814 3012 Ubi
3841 2957 4005 3026 igitur

2419 3061 2674 3115 suspensa
2705 3057 2758 3100 ct
2787 3056 2976 3100 statuta
3007 3048 3122 3102 est?
3151 3047 3288 3101 Audi
3343 3047 3587 3101 eumdem
3615 3047 3908 3102 dicentem:
3931 3047 4002 3101 In

2423 3153 2574 3188 inmm
2625 3137 2783 3206 ipsius
2831 3136 2956 3204 ﬁnes
3004 3145 3166 3188 term.
3222 3135 3336 3188 Non
3383 3135 3522 3203 quod
3575 3151 3762 3188 manus
3808 3135 4004 3188 habent

2423 3225 2564 3280 DCIIS
2587 3264 2601 3285 .
2633 3225 2726 3278 sed
2758 3232 2814 3276 ut
2839 3224 3012 3278 discas
3031 3263 3047 3289 ,
3098 3225 3265 3292 ipsius
3296 3224 3581 3292 potentiam
3610 3223 3855 3277 omnibus
3877 3240 4004 3294 pro-

2423 3315 2687 3370 videntem
2718 3331 2871 3381 esse,
2902 3330 3020 3384 quae
3050 3324 3204 3369 terra:
3233 3330 3424 3383 corpus
3456 3317 3688 3368 continet
3714 3325 3769 3368 et
3803 3325 4003 3384 portat.

2425 3408 2480 3462 Si
2517 3407 2671 3462 dictis
2710 3423 2814 3461 non
2844 3407 3018 3460 credis
3038 3447 3052 3470 ,
3100 3407 3163 3460 iis
3191 3421 3308 3476 qua:
3338 3406 3484 3460 vides
3518 3406 3675 3460 crede
3699 3423 3711 3457 :
3735 3415 3788 3459 et
3812 3405 3863 3459 in
3892 3406 4008 3458 alio

2423 3497 2618 3567 quippe
2633 3496 2900 3550 elemento
2918 3495 3052 3549 hanc
3071 3496 3362 3549 mirabilem
3379 3496 3740 3564 operationem
3765 3495 4006 3549 invenire

2425 3591 2565 3642 licet.
2595 3587 2734 3656 Ignis
2757 3588 2897 3641 enim
2928 3596 3112 3641 natura
3141 3587 3245 3640 alta
3276 3587 3424 3656 petit,
3446 3596 3500 3640 et
3528 3587 3578 3640 in
3609 3587 3834 3640 sublime
3862 3601 4007 3640 seni-

2428 3694 2521 3746 pcr
2550 3678 2689 3739 salit,
2721 3687 2775 3731 et
2799 3693 2828 3731 a
2861 3687 3047 3732 natura
3077 3688 3134 3732 ut
3161 3678 3396 3739 exsiliat,
3429 3677 3588 3732 habet
3612 3696 3625 3732 :
3649 3687 3702 3732 et
3731 3679 3850 3732 licet
3879 3679 4006 3730 inli-

2427 3768 2532 3821 nita
2559 3779 2750 3836 cogant
2777 3779 2828 3822 ct
2857 3780 3110 3838 urgeant,
3137 3769 3202 3822 ad
3235 3767 3482 3823 inferiora
3512 3768 3706 3822 deferri
3733 3783 3837 3821 non
3863 3768 4004 3835 patio

2429 3867 2532 3911 tur.
2563 3857 2964 3928 Nonnumquam
3003 3859 3144 3914 enim
3187 3860 3354 3914 facem
3395 3873 3670 3912 accensam
3700 3858 4005 3926 capientes,

2428 3960 2481 4004 et
2510 3951 2560 4004 in
2587 3959 2742 4018 caput
2768 3951 3112 4016 inclinantes,
3161 3951 3296 4018 ignis
3335 3951 3587 4018 impetum
3620 3948 3837 4003 inferius
3879 3949 4006 4000 ferri

2430 4057 2534 4094 non
2577 4042 2815 4112 cogimus
2841 4061 2854 4098 :
2878 4043 2968 4096 sed
2999 4051 3051 4096 ct
3077 4044 3152 4096 sic
3181 4043 3231 4096 in
3262 4041 3532 4109 superiora
3564 4039 3824 4103 recurrit,
3867 4047 3924 4091 et
3951 4040 4006 4090 in

2429 4137 2654 4190 sublime
2686 4135 2889 4189 inferne
2921 4135 3160 4197 festinat;
3210 4134 3260 4186 in
3307 4132 3418 4184 sole
3445 4145 3572 4183 vero
3602 4139 3765 4183 totum
3791 4137 4007 4183 contra-

2431 4229 2565 4282 rimn
2597 4228 2733 4281 Deus
2778 4225 2899 4280 fecit
2925 4243 2937 4278 :
2964 4225 3129 4292 ipsius
3164 4223 3305 4275 enim
3351 4219 3527 4273 radios
3557 4219 3622 4272 ad
3657 4229 3850 4273 terram
3876 4233 4011 4270 cou-

2430 4319 2622 4383 vcrtit,
2664 4326 2718 4369 et
2754 4315 2924 4368 lucem
2975 4314 3099 4368 fecit
3137 4311 3356 4364 inferius
3389 4323 3640 4377 vergere;
3673 4317 3871 4361 tantum
3899 4322 4008 4360 non

2429 4410 2614 4464 dicens
2640 4406 2737 4472 ipsi
2770 4419 2863 4472 per
2890 4405 3129 4471 figuram,
3167 4399 3388 4452 Inferius
3413 4398 3674 4466 prospice,
3698 4407 3750 4450 et
3775 4396 4011 4449 homqu-

2433 4504 2531 4552 bus
2573 4497 2958 4562 luce:proptcr
2996 4491 3114 4544 illos
3157 4490 3298 4543 enim
3349 4487 3518 4541 factus
3557 4502 3634 4541 es.
3677 4487 3740 4541 Et
3779 4487 4012 4540 lucerna

2432 4588 2644 4656 quidem
2675 4583 2885 4636 ﬂamma
2919 4580 3017 4632 hoc
3049 4578 3150 4646 pati
3184 4593 3287 4630 non
3331 4584 3534 4645 potest;
3565 4576 3711 4629 sidus
3735 4589 3862 4628 vero
3901 4582 4010 4625 tant

2436 4691 2681 4746 maguum
2710 4681 2764 4726 ct
2792 4669 3102 4724 admirabile
3130 4667 3194 4721 ad
3223 4667 3469 4722 inferiora
3511 4666 3679 4736 vergit
3715 4674 3770 4720 et
3807 4662 3873 4716 ad
3904 4673 4014 4714 ter-

2435 4784 2549 4825 ram
2581 4763 2827 4833 respicit,
2877 4769 3059 4814 contra
3099 4773 3255 4828 quam
3301 4758 3469 4828 ignis,
3515 4764 3733 4826 propter
3769 4753 3884 4822 ejus
3919 4752 4010 4820 qui

2433 4857 2592 4929 jussit
2641 4851 2950 4924 potentiam.
2999 4847 3089 4904 Vis
3127 4857 3183 4903 et
3220 4847 3361 4902 aliud
3407 4847 3512 4901 tale
3557 4841 4014 4900 commemorem?

2440 4952 2605 5006 Dorsa
2627 4945 2740 4999 εαξη
2767 4942 2922 5012 hujus
2947 4941 3098 4996 nobis
3125 4939 3396 5010 conspicui
3425 4952 3577 5007 aqua:
3605 4933 3836 5003 undique
3859 4946 4006 4984 coni-

2439 5035 2793 5112 prehendunt,
2825 5041 2879 5087 ct
2908 5047 3078 5102 neque
3104 5031 3342 5086 deﬂuunt
3370 5041 3542 5096 neque
3569 5022 3831 5080 excedunt
3854 5036 3869 5074 :
3892 5019 4015 5073 licet

2441 5107 2546 5183 non
2576 5127 2696 5182 talis
2717 5125 2785 5180 sit
2813 5138 3068 5194 aquarum
3097 5131 3305 5187 natura,
3337 5118 3431 5174 sed
3462 5118 3513 5171 in
3543 5125 3774 5169 concava
3798 5107 4013 5179 quidem

2441 5221 2594 5277 facile
2619 5226 2972 5282 concurrant;
3003 5228 3123 5270 cum
3167 5221 3345 5268 autem
3373 5209 3442 5264 sit
3464 5217 3658 5273 corpus
3681 5215 3976 5257 convexum
3996 5239 4016 5264 ,

2441 5312 2671 5381 undique
2691 5309 2946 5373 deﬂuunt,
2968 5315 3024 5360 et
3044 5318 3213 5374 neque
3237 5301 3443 5358 modica
3467 5308 3650 5352 earum
3681 5305 3802 5362 pars
3826 5291 3883 5381 in
3925 5289 4016 5381 tali

2443 5379 2620 5475 posset
2661 5401 2777 5455 loco
2820 5397 3132 5453 subsistere.
3176 5390 3283 5448 Sed
3320 5401 3448 5444 ecce
3482 5384 3585 5438 hoc
3622 5379 3931 5436 miraculum
3963 5379 4018 5431 in

2441 5469 2584 5552 caelis
2613 5493 2807 5548 factum
2833 5497 2935 5550 est,
2966 5495 3020 5540 et
3044 5483 3146 5538 hoc
3171 5483 3342 5552 ipsum
3371 5487 3557 5532 rursus
3579 5471 3864 5530 iusinuans
3883 5469 4016 5524 Pro-

2443 5589 2621 5660 pheta,
2653 5582 2899 5639 dieebat:
2927 5577 3154 5631 Laudate
3180 5571 3486 5631 Dominum,
3515 5577 3692 5634 nque,
3731 5575 3839 5630 qua.

2443 5647 2753 5734 enatos'estis
2803 5669 2972 5746 (Psat.
3021 5669 3144 5724 148.
3197 5667 3278 5733 ὁ).
3333 5661 3402 5716 Et
3451 5669 3623 5746 neque
3667 5667 3802 5722 aqua
3851 5647 4018 5702 solem

2447 5769 2732 5834 exstinxit,
2775 5744 2944 5835 neque
2989 5761 3067 5816 sol
3113 5765 3259 5813 tanto
3296 5751 3482 5807 subtus
3509 5744 3707 5800 vadens
3745 5751 4019 5809 tempore,
