4414 6678
244 463 357 521 107

251 594 351 649 μοι
378 579 669 652 νομοθέτου
694 576 912 646 σοφίαν.
946 571 1037 626 Ἔν
1063 568 1295 641 χειμῶνι
1325 570 1545 646 μακρὰν
1574 561 1937 652 ἔταξεν-εἷναι

237 661 348 733 τὴν
372 648 562 728 νύκτα,
580 664 670 717 ὅτε
700 655 1030 725 ἁπαλώτερα
1063 651 1135 707 τά
1173 652 1463 726 σπέρματα
1491 652 1589 707 καὶ⁸
1618 648 1931 720 καταψύχε-

243 748 377 803 σθαι
408 749 548 822 [1οη
578 749 806 818 δεόμενα
843 741 1065 814 μᾶλλον,
1097 739 1192 795 καὶ
1219 740 1555 814 θερμοτέρας
1596 739 1699 793 οὐκ
1736 735 1931 822 ἀνέχε-

240 852 340 891 ται
378 821 477 908 τῆς
502 837 748 896 ἀκτῖνος
795 827 1092 882 ἐπειδὰνδέ
1128 826 1359 901 αὐξηθῇ,
1400 825 1725 892 συναύξεται
1771 821 1934 908 πάλιν

242 907 440 987 αὐτοῖς
472 925 506 995 ή
550 920 754 992 ήμέρα,
801 916 900 971 καὶ
952 915 1074 969 τότε
1122 915 1330 985 γίνεται
1380 913 1715 987 μακροτέρα,
1744 910 1873 995 ὅταν
1904 907 1934 961 δ

243 1010 461 1080 καρπὸς
497 993 725 1075 ’ἀκμάζῃ
774 1002 981 1056 λοιπόν.
1028 1002 1103 1055 Οὐ
1150 1004 1263 1068 τοῖς
1320 1002 1600 1072 σπέρμασι
1653 996 1713 1051 δέ
1753 993 1933 1058 τοῦτο,

240 1096 389 1150 ἀλλά
432 1093 527 1147 καὶ⁵
574 1092 689 1154 τοῖς
732 1088 980 1161 σώμασιν
1018 1090 1337 1162 ἐπιτήδειον.
1388 1084 1640 1141 Ἐπειδὰν
1688 1081 1800 1152 7&9
1835 1080 1933 1134 τοῦ

241 1180 517 1253 χειμῶνος
559 1176 656 1231 καὶ
700 1175 925 1246 ναύτης,
958 1176 1052 1230 καὶ
1092 1177 1451 1249 κυϐερνήτης,
1499 1172 1594 1226 καὶ
1631 1168 1932 1239 ὁδοιπόρος,

243 1269 347 1321 καὶ
383 1262 739 1335 στρατιώτης,
774 1263 868 1317 καὶ
898 1265 1139 1337 γεωργὸς
1169 1264 1239 1318 τὰ
1282 1260 1455 1315 πολλά
1484 1259 1622 1312 οῖκοι
1668 1254 1934 1325 κάθηνται

240 1352 329 1422 τῷ
362 1349 559 1421 κρυμῷ
589 1348 980 1420 συνδεδεμένοι,
1011 1352 1105 1406 καὶ
1136 1349 1333 1422 ἀργίας
1380 1344 1574 1416 καιρὸς
1618 1344 1647 1396 δ
1680 1342 1777 1395 τοῦ
1820 1359 1934 1412 χει-

245 1439 435 1509 μῶνός
466 1439 603 1501 ἐστι,
628 1438 690 1491 τδ
710 1438 871 1492 πλέον
897 1437 990 1493 τοῦ
1017 1438 1209 1512 χρόνου
1236 1439 1316 1500 είς
1339 1434 1512 1487 νύκτα
1543 1431 1932 1488 ἀναλίσκεσθαι

242 1527 506 1597 ἐποίησεν
539 1527 567 1581 ὁ
598 1525 750 1590 Θεὸς.
784 1527 872 1580 ῖνα
910 1527 984 1599 μὴ
1012 1526 1264 1599 περιττὸν
1369 1520 1470 1590 τῆς
1495 1519 1710 1591 ἡμέρας
1736 1520 1797 1574 τδ
1827 1521 1935 1592 μῆ-

244 1632 372 1678 κος,
395 1614 547 1668 οὐδὲν
596 1614 909 1685 δυναμένων
958 1616 1132 1667 ποιεῖν
1174 1611 1283 1665 τῶν
1304 1604 1627 1676 ἀνθρώπων.
1656 1607 1721 1660 Τί
1758 1609 1824 1662 άν
1848 1625 1935 1673 τις

244 1701 401 1754 εἴποι
432 1701 541 1753 τῶν
583 1699 744 1772 ὡρῶν
770 1701 870 1771 τήν
898 1699 1173 1764 εὑταξίαν;
1213 1695 1332 1758 πῶς
1362 1693 1455 1746 καὶ
1481 1686 1639 1746 αὗται
1681 1693 1933 1764 καθάπερ

248 1787 517 1859 παρθένοι
550 1786 693 1851 τινὲς
739 1785 1059 1858 χορεύουσαι
1092 1786 1150 1838 ἐν
1182 1781 1370 1851 κύκλῳ
1416 1778 1555 1851 μετά
1601 1778 1803 1850 πολλῆς
1832 1780 1935 1850 τῆς

249 1875 512 1941 εὐταξίας
529 1875 765 1946 ἀλλήλας
784 1874 1137 1944 διαδέχονται,
1171 1870 1266 1924 καὶ
1296 1868 1441 1921 κατά
1471 1866 1666 1938 μικρὸν
1688 1868 1783 1919 καὶ
1810 1868 1938 1936 ἀψο-

250 1962 537 2034 φητῖπρδς
556 1961 655 2026 τάς
670 1960 918 2023 ἐναντίας
943 1961 998 2013 al
1027 1957 1188 2029 μέσαι
1215 1953 1626 2018 διαϐιϐάζουσαι
1652 1953 1716 2005 οὑ
1734 1952 1936 2006 παύον-

250 2066 373 2111 ται;
404 2050 501 2102 Διά
516 2048 672 2102 τοῦτο
699 2046 824 2101 οὐτε
847 2046 956 2101 ἀπὸ
975 2042 1243 2115 χειμῶνος
1269 2041 1417 2112 ἡμᾶς
1434 2039 1740 2109 διαδέχεται
1756 2038 1937 2110 θέρος,

250 2139 386 2190 οὐτε
415 2136 619 2189 ἐκεῖθεν
649 2134 856 2205 χειμὼν
872 2132 1093 2196 εὐθέως,
1128 2128 1266 2184 ἀλλά
1299 2128 1465 2200 μέσον
1487 2125 1939 2197 παρεμϐέϐληται

247 2224 319 2277 τδ
344 2225 465 2295 ἔαρ,
482 2223 620 2276 ὥστε
637 2222 737 2295 ήρέ
745 2239 820 2292 μα
835 2220 930 2274 καὶ
950 2218 1093 2272 κατὰ
1124 2216 1322 2289 μικρὸν
1346 2215 1743 2285 διαδεχομένων
1758 2213 1936 2283 ήμῶν,

251 2311 664 2381 πεπυκνωμένα
697 2308 768 2362 τά
796 2306 1024 2377 σώματα
1065 2305 1289 2368 ἀλύπως
1324 2303 1623 2375 προσάγειν
1655 2300 1734 2372 τῷ
1766 2301 1934 2371 θέρει.

267 2398 489 2469 Ἐπειδὴ
512 2399 622 2467 7&9
640 2397 697 2449 αί
729 2394 922 2466 ἀθρόαι
951 2392 1089 2464 πρὸς
1113 2393 1173 2445 τδ
1197 2391 1440 2446 ἐναντίον
1465 2388 1762 2460 μεταϐολαὶ
1786 2389 1939 2443 νόσον

252 2488 355 2541 καὶ
379 2485 581 2555 βλάϐην
597 2484 841 2537 τίκτουσι
857 2481 955 2551 τὴν
981 2480 1240 2550 ἐσχάτην,
1263 2477 1615 2549 ᾠκοδόμησεν
1635 2476 1665 2530 ό
1684 2476 1818 2539 Θεὸς
1832 2474 1942 2529 ἀπὸ

255 2576 364 2645 μὲν
393 2573 489 2626 τοῦ
519 2572 786 2644 χειμῶνος
826 2571 974 2641 ήμᾶς
995 2569 1057 2623 τδ
1091 2569 1191 2638 ἔαρ
1218 2566 1581 2637 διαδέχεσθαι,
1622 2564 1729 2617 ἀπὸ
1756 2563 1813 2616 δέ
1843 2560 1939 2615 τοῦ

258 2662 428 2731 ἔαρος
456 2661 518 2713 τδ
547 2659 724 2731 θέρος,
758 2658 868 2712 ἀπὸ
919 2657 976 2710 δέ
1027 2656 1122 2709 τοῦ
1157 2655 1349 2726 θέρους
1379 2654 1441 2705 τὸ
1467 2653 1806 2724 μετόπωρον,
1844 2651 1942 2704 καὶ

250 2748 404 2803 οὕτω
432 2747 509 2818 τῷ
535 2747 763 2818 χειμῶνι
791 2745 1205 2817 παραπέμπειν,
1224 2742 1364 2794 ὥστε
1390 2740 1649 2803 ἀϐλαϐεῖς
1669 2739 1765 2792 καὶ
1800 2739 1942 2792 κατά

255 2837 461 2907 μικρὸν
489 2837 587 2899 τας
638 2833 937 2904 μεταϐολὰς
982 2832 1082 2895 τὰς
1130 2833 1193 2884 ἐκ
1238 2831 1346 2883 τῶν
1381 2830 1640 2883 ἐναντίων
1671 2828 1829 2899 ὡρῶν
1854 2828 1942 2881 διὰ

252 2925 370 2977 τῶν
407 2924 586 2993 μέσων
618 2925 749 2993 ημῖν
803 2919 1137 2988 ἐγγίνεσθαι.
1175 2918 1271 2982 Τίς
1299 2913 1392 2971 οὑν
1425 2916 1599 2980 οὕτως
1629 2915 1813 2979 άθλιος
1846 2915 1940 2968 καὶ

253 3012 625 3079 ταλαίπωρος,
660 3010 717 3073 ὃς
744 3007 887 3078 δρῶν
910 3007 1009 3078 μέν
1029 3006 1278 3077 οὐρανὸν,
1312 3006 1454 3076 ὁρῶν
1471 3004 1526 3058 δὲ
1557 3003 1824 3058 θάλατταν
1846 3002 1940 3056 καὶ

254 3102 387 3170 γῆν,
423 3099 566 3169 όρῶν
593 3099 651 3152 δὲ
679 3098 950 3166 τοσαύτην
989 3096 1148 3167 ὡρῶν
1188 3095 1484 3167 εὐκρασίαν
1508 3093 1683 3157 οὕτως
1713 3092 1937 3164 ἀκριϐῆ,

255 3188 359 3240 xal
394 3187 607 3256 ἡμέρας
642 3186 735 3238 καὶ
758 3184 950 3246 νυκτὸς
983 3183 1321 3237 ἀδιάπτωτον
1354 3181 1528 3245 τάξιν,
1565 3179 1807 3251 νομίζειν
1840 3180 1939 3233 αὐ-

254 3276 514 3343 τομάτως
537 3271 707 3327 ταῦτα
730 3271 1004 3339 γενέσθαι,
1023 3269 1157 3325 ἀλλὰ
1177 3269 1251 3340 μὴ
1274 3270 1599 3340 προσκυνεῖν
1615 3268 1704 3321 τδν
1727 3267 1941 3321 ἅπαντα

256 3360 438 3417 ταῦτα
454 3361 592 3431 μετά
608 3359 801 3429 σοφίας
827 3360 928 3428 τῆς
946 3356 1328 3428 προσηκούσης
1347 3354 1739 3425 διαταξάμενον
1756 3373 1769 3417 ;
1790 3355 1942 3425 Ἔχω

257 3467 315 3501 τι
357 3450 453 3502 καὶ
485 3449 644 3501 πλέον
666 3448 870 3501 τούτων
892 3449 1067 3500 εἰπεῖν
1088 3461 1102 3475 ο
1134 3445 1195 3497 οὐ
1226 3443 1336 3514 7&9
1352 3443 1415 3513 δὴ
1440 3443 1600 3513 μόνον
1624 3442 1685 3496 τὸ
1716 3443 1942 3513 μέγεθος

260 3533 361 3587 καὶ
394 3532 608 3595 κάλλος,
648 3531 785 3585 ἀλλά
827 3530 923 3584 καὶ
962 3528 1124 3590 αὐτὸς
1151 3528 1180 3579 δ
1210 3526 1413 3597 τρόπος
1445 3526 1543 3596 τῆς
1580 3525 1943 3596 δημιουργίας

256 3621 519 3692 ἐμφαίνει
547 3620 641 3673 τὸν
662 3617 1067 3689 ωγκροτοῦντα
1088 3616 1157 3668 τά
1184 3615 1363 3668 πάντα
1392 3612 1545 3666 Θεόν.
1584 3613 1805 3683 Ἐπειδὴ
1833 3613 1943 3684 γὰρ

258 3708 504 3770 κτίζοντι
538 3706 633 3758 καὶ
685 3703 1110 3776 δημιουργοῦντι
1138 3702 1317 3756 πάντα
1361 3698 1514 3771 παρά
1540 3699 1639 3770 τὴν
1667 3699 1842 3771 ἀρχήν
1880 3701 1942 3753 οὐ

257 3794 542 3865 παρῆμεν,
568 3792 689 3846 οὑδέ
720 3794 767 3845 εί
802 3790 1081 3860 παρῆμεν,
1114 3788 1326 3858 εἴδομεν
1349 3787 1416 3841 ἂν
1450 3786 1567 3850 πῶς
1590 3786 1825 3855 ἐγένετο,
1846 3787 1946 3857 τῆς

256 3881 501 3953 ἀοράτου
542 3880 825 3949 δυνάμεως
882 3876 1021 3930 αὐτά
1070 3875 1618 3944 κατασκευαζούσης,
1665 3874 1829 3927 αὑτὸν
1855 3875 1948 3927 τὸν

256 3970 470 4041 τρόπον
492 3969 589 4038 τῆς
627 3964 991 4036 δημιουργίας
1024 3964 1156 4034 ἡμῖν
1188 3963 1412 4033 ἄριστον
1444 3962 1699 4031 ἐποίησεν
1725 3962 1947 4029 ἐγγενέ-

260 4057 393 4111 σθαι
410 4055 749 4120 διδάσκαλον,
768 4054 909 4124 ὑπὲρ
932 4051 1149 4120 φύσεως
1164 4048 1485 4103 ἀκολουθίαν
1508 4049 1722 4112 συνθεὶς
1734 4050 1950 4103 ᾶπαντα

256 4147 331 4200 ’ιά
360 4145 647 4215 γενόμενα.
689 4143 842 4212 Τάχα
863 4138 1233 4209 ἀεαφέστερόν
1260 4137 1408 4189 ἐστιν
1441 4138 1576 4208 ὅπερ
1603 4132 1758 4189 εἷπον
1782 4153 1796 4166 ·
1823 4137 1950 4189 οὑκ-

253 4234 359 4288 οὖν
387 4232 601 4302 ἀνάγκη
636 4230 970 4299 σαφέστερον
1025 4226 1183 4280 τοῦτο
1217 4224 1380 4277 πάλιν
1414 4224 1609 4275 εἰπεῖν·
1644 4224 1853 4285 Πάντες
1882 4221 1950 4275 ἂν

257 4322 679 4392 ὁμολογήσαιεν,
709 4318 791 4370 ὃτι
816 4312 1032 4385 φύσεώς
1058 4314 1207 4366 ἐστιν
1239 4309 1529 4364 ἀκολουθία
1550 4309 1613 4361 τὸ
1643 4308 1786 4379 ὕδωρ
1807 4309 1949 4377 ὑπὲρ

258 4409 366 4479 τὴν
406 4407 513 4476 γῆν
559 4403 840 4475 φέρεσθαι,
876 4401 991 4454 ἀλλ’
1022 4400 1145 4469 οὐχὶ
1171 4398 1270 4468 τήν
1296 4397 1401 4467 γῆν
1435 4395 1530 4448 ἐπὶ
1566 4395 1675 4449 τῶν
1705 4396 1944 4449 ὑδάτωνο

258 4501 295 4567 ή
332 4497 433 4566 μὲν
461 4496 570 4565 γάρ
590 4495 662 4564 γῆ
692 4492 875 4562 πυκνή
904 4507 986 4553 τις
1022 4483 1157 4541 οὖσα
1183 4486 1278 4539 καὶ
1299 4485 1513 4557 σκληρά
1539 4486 1633 4538 καὶ
1658 4484 1949 4549 ἀντίτυπος

263 4587 363 4638 καὶ
394 4584 642 4653 συνεχὴς,
681 4580 879 4652 ῥαδίως
927 4576 1152 4630 δύναται
1203 4574 1418 4644 στέγειν
1453 4572 1563 4626 τῶν
1598 4571 1809 4625 ὑδάτων
1850 4571 1951 4643 τὴν

262 4673 432 4740 φύσιν
458 4688 472 4699 ·
501 4671 561 4722 τὸ
585 4669 641 4722 δὲ
688 4668 832 4739 ὕδωρ
864 4666 1020 4737 ῥυτὸν
1052 4663 1111 4717 ὃν
1136 4664 1229 4715 καὶ
1249 4662 1468 4731 χαῦνον,
1509 4658 1747 4731 μαλακόν
1770 4675 1828 4710 τε
1854 4660 1950 4712 καὶ

260 4759 541 4830 διαρρέον,
570 4758 665 4810 καὶ
692 4759 805 4818 τοῖς
850 4754 1214 4825 ἐμπίπτουσιν
1257 4748 1404 4803 εἶκον
1442 4749 1666 4810 ἅπασιν,
1697 4746 1849 4799 οὐδὲν
1883 4746 1952 4800 ἂν

258 4845 522 4913 δυνηθείη
560 4843 721 4914 σῶμα
747 4841 980 4909 στέγειν,
1008 4839 1112 4892 κᾶν
1129 4837 1337 4908 σφόδρα
1362 4836 1691 4905 κουφότατον
1824 4834 1951 4887 πολο

259 4936 427 4996 λάκις
452 4932 582 5001 γοῦν
621 4931 853 5000 ψηφῖδος
881 4930 1086 4999 μικρᾶς
1122 4925 1474 4997 ἐμπεσούσης
1518 4920 1650 4990 εἶξε,
1686 4926 1782 4980 καὶ
1811 4940 1952 4992 παρ-

258 5020 537 5091 εχὼρησε,
581 5018 677 5071 καὶ
703 5017 841 5085 πρδς
864 5015 927 5068 τδ
959 5015 1120 5084 βάθος
1168 5014 1340 5084 αὐτὴν
1375 5013 1757 5085 παρέπεμψεν.
1785 5013 1953 5065 Ὅταν

257 5105 359 5161 οὖν
376 5107 491 5176 ἴδῃς
507 5104 626 5174 οὐχὶ
645 5104 853 5173 ψηφῖδα
882 5101 1103 5172 μικράν.
1130 5101 1270 5155 ἀλλά
1289 5100 1388 5171 τήν
1417 5102 1521 5173 γῆν
1548 5102 1767 5155 ἃπασαν
1783 5099 1953 5171 ὑπερ-

260 5199 387 5252 άνω
433 5193 545 5245 τῶν
574 5191 786 5244 ὑδάτων
821 5190 1130 5261 φερομένην
1155 5190 1251 5243 καὶ
1280 5188 1356 5260 μὴ
1388 5186 1950 5258 καταποντιξομένην,

261 5284 552 5353 θαύμασον
581 5280 680 5350 τὴν
698 5278 926 5348 δύναμιν
946 5278 1044 5350 τὴν
1060 5276 1201 5348 ὑπὲρ
1218 5277 1380 5347 φύσιν
1403 5275 1578 5330 ταῦτα
1610 5275 1955 5346 θαυματουρ-

260 5372 494 5441 γοῦσαν.
524 5368 634 5422 Kal
668 5366 829 5419 πόθεν
864 5366 1022 5420 τοῦτο
1047 5365 1227 5437 δῆλον,
1270 5365 1353 5418 ὅτι
1392 5367 1425 5433 ή
1455 5366 1525 5435 γῆ
1552 5363 1811 5436 ὑπεράνω
1842 5361 1954 5416 τῶν

263 5460 480 5513 ὑδάτων
501 5455 756 5528 φέρεται;
782 5454 839 5508 ’0
859 5454 1148 5525 προφήτης
1174 5452 1332 5507 τοῦτό
1361 5469 1545 5523 φησιν,
1574 5450 1718 5504 οὕτω
1742 5450 1917 5519 λέγων
1936 5468 1952 5482 ο

258 5542 456 5608 Αὐτὸς
491 5540 590 5594 ἐπὶ
619 5535 950 5593 θαλασσῶν
998 5538 1395 5607 ἐθεμελίωσεν
1442 5534 1659 5600 αὐτὴν,
1706 5534 1807 5588 καὶ
1854 5535 1954 5589 ἐπὶ

265 5628 555 5700 ποταμῶν
580 5626 736 5701 [102]
769 5625 1100 5696 ἡτοίμασεν
1138 5626 1355 5691 αὑτήν.
1393 5624 1504 5678 Kal
1540 5621 1725 5687 πάλιν,
1756 5621 1841 5689 Τῷ
1861 5626 1956 5678 θε-

262 5718 632 5789 μελιώσσντι
664 5715 780 5781 τὴν
805 5713 923 5782 γῆν
952 5713 1050 5766 ἐπὶ
1074 5712 1193 5767 τῶν
1220 5713 1473 5769 ὑδάτων.
1508 5710 1575 5765 Τί
1612 5710 1822 5779 λέγεις;
1847 5711 1956 5782 ψη-

264 5809 397 5877 φῖδα
424 5806 632 5876 μικράν
653 5802 798 5873 ὕδωρ
825 5802 915 5855 ἐπὶ
937 5799 1046 5854 τῶν
1068 5801 1252 5855 νώτων
1264 5802 1366 5855 οὐκ
1386 5801 1452 5856 ἂν
1468 5798 1725 5870 δυνηθείη
1757 5798 1957 5868 βαστά-

264 5907 385 5951 σαι,
412 5889 510 5942 xal
543 5888 650 5958 γῆν
677 5886 943 5956 τοσαύτην
976 5884 1153 5957 φέρει,
1186 5886 1282 5939 καὶ
1307 5885 1431 5958 δρη,
1462 5885 1554 5938 καὶ
1593 5883 1836 5954 βουνοὺς,
1861 5883 1955 5937 καὶ

265 5977 478 6039 πόλεις,
535 5977 632 6029 καὶ¹
689 5975 851 6045 φυτά,
872 5974 967 6026 καὶ
1016 5970 1360 6043 ἀνθρώπους.
1400 5972 1495 6026 καὶ
1551 5972 1747 6041 ἄλογα,
1773 5969 1869 6026 καὶ
1891 5973 1953 6025 ού

264 6058 757 6125 καταποντίζεται;
779 6057 833 6111 τί
854 6056 1018 6125 λέγω,
1036 6055 1096 6109 οὑ
1121 6054 1607 6122 καταποντίζεται;
1636 6054 1751 6121 πῶς
1777 6054 1954 6110 κάτω-
2036 6078 2043 6079 ί

1269 453 1364 508 AD
1400 451 1731 515 POPULUM
1766 444 2270 507 ANI'IULHENUI
2304 446 2538 505 1108111...
2597 453 2687 505 nx.

2043 560 2137 616 θεν
2163 559 2482 633 ὁμιλοῦντος
2511 563 2653 635 αὐτῇ
2686 559 2781 617 τοῦ
2810 560 3005 627 ὕδατος
3030 559 3285 616 τοσοῦτον
3309 561 3500 635 χρόνον
3541 564 3605 620 οὐ
3626 565 3715 624 δι-

2034 648 2201 720 ελύθη
2237 648 2334 702 καὶ
2378 650 2550 721 πηλὸς
2576 650 2768 719 γέγονε
2806 651 2869 704 τδ
2896 650 3042 714 adv;
3072 649 3139 703 El
3163 649 3272 721 7&9
3306 649 3479 716 ξύλων
3507 663 3537 694 ι
3552 652 3715 723 φύσις

2037 733 2192 790 ὕδασι
2212 734 2417 807 βραχὺν
2440 736 2827 808 ἐνδιατρίψασα
2837 736 3028 808 χρόνον
3043 737 3276 808 σήπεται
3298 736 3394 790 καὶ
3414 736 3715 796 διαλύεταιο

2034 823 2129 876 xal
2155 824 2210 877 τί
2237 822 2384 891 λέγω
2413 821 2586 889 ξύλων
2612 822 2774 892 φύσις
2791 864 2807 889 ,
2830 823 2883 876 τί
2917 823 3135 895 σιδήρου
3173 823 3373 893 γένοιτ’
3401 823 3470 878 ἂν
3488 824 3720 880 εὐτονώ-

2036 926 2129 981 ρον
2151 927 2166 975 ;
2193 910 2331 965 ἀλλά
2350 910 2445 964 καὶ
2470 901 2626 974 οὗτος
2650 911 2943 980 χαυνοῦται
2968 912 3252 977 πολλάκις,
3269 913 3400 967 δταν
3424 912 3719 978 διαπαντὸς

2032 998 2092 1051 ἐν
2120 996 2274 1051 ὕδατι
2304 997 2443 1071 μένῃ
2472 1014 2488 1029 ·
2515 997 2611 1050 καὶ
2664 997 2809 1067 μάλα
2853 998 3078 1062 εἰκότως
3098 1013 3113 1028 ⁶
3158 998 3254 1053 καὶ
3287 999 3399 1071 γάρ
3428 999 3524 1053 καὶ
3550 999 3718 1061 αὐτὸς

2031 1084 2140 1138 ἀπδ
2163 1084 2268 1156 γῆς
2297 1083 2411 1155 ἔχει
2451 1083 2551 1156 τήν
2591 1082 2847 1155 ὓπαρξιν.
2896 1085 2994 1139 Διά
3031 1084 3190 1139 τούτο
3222 1086 3411 1140 πολλοὶ
3441 1086 3554 1140 τῶν
3580 1085 3717 1157 δρα-

2031 1172 2367 1226 πετευόντων
2393 1170 2641 1233 οίκετῶν.
2670 1171 2890 1226 ἐπειδάν
2916 1174 3015 1236 τας
3043 1174 3209 1236 πέδας
3238 1173 3332 1226 καὶ
3358 1173 3458 1237 τάς
3489 1171 3718 1237 ἁλύσεις

2032 1258 2412 1330 ἐπισυρόμενοι
2439 1257 2677 1328 φύγωσι,
2697 1258 2849 1329 παρὰ
2864 1258 3071 1329 ῥύακας
3093 1259 3303 1313 ὑδάτων
3331 1259 3601 1326 ἐλθόντες,
3618 1261 3719 1318 καὶ

2031 1346 2347 1419 δεδεμένους
2363 1346 2748 1419 ἐναποθέμενοι
2765 1346 2891 1409 τοὺς
2916 1345 3079 1408 πόδας
3107 1347 3220 1409 τοῖς
3250 1344 3434 1411 ὐδασι,
3464 1347 3563 1402 καὶ
3585 1364 3718 1418 χαυ-

2032 1436 2251 1507 νότερον
2302 1435 2477 1508 ταύτῃ
2526 1435 2855 1506 ποιήσαντες
2911 1433 3004 1485 τὸν
3054 1431 3294 1503 σίδηρον,
3336 1433 3538 1504 ῥαδίως
3581 1434 3722 1507 λίθῳ

2033 1523 2288 1586 παίοντες
2330 1521 2642 1577 διακλῶσιν.
2702 1517 2837 1576 Εἶτα
2868 1520 3090 1592 σίδηρος
3120 1520 3220 1590 μὲν
3267 1518 3583 1589 χαυνοῦται,
3621 1523 3723 1579 καὶ

2035 1608 2169 1675 ξύλα
2196 1610 2453 1680 σήπεται,
2488 1610 2584 1663 καὶ
2610 1609 2749 1662 λίθοι
2792 1608 3107 1679 φθείρονται
3142 1606 3250 1660 ὑπὸ
3277 1606 3374 1677 τῆς
3405 1606 3436 1647 δ
3462 1606 3569 1661 τῶν
3591 1608 3723 1665 ὑδά.

2034 1712 2144 1749 των
2169 1696 2408 1765 φύσεως.
2437 1697 2543 1766 γῆς
2570 1695 2626 1749 δέ
2656 1695 2824 1763 δγκος
2843 1695 3099 1757 τοσοῦτος
3128 1694 3223 1746 ἐπὶ
3247 1692 3501 1748 τοσοῦτον
3525 1694 3725 1765 χρόνον

2038 1783 2386 1853 ἐπικείμενος
2401 1786 2516 1847 τοῖς
2546 1782 2750 1847 ὖδασιν,
2778 1780 2903 1834 οὐτε
2917 1780 3336 1853 κατεποντίσθη,
3352 1779 3476 1835 οὐτε
3499 1781 3726 1855 διελύθη

2036 1870 2132 1923 καὶ
2158 1868 2428 1925 ἀπώλετο.

2106 1956 2169 2009 δ’.
2189 1957 2299 2011 Kal
2315 1957 2397 2021 τίς
2416 1959 2516 2011 οὐκ
2533 1955 2599 2010 ἂν
2614 1955 2912 2027 ἐκπλαγείη
2934 1955 3108 2010 ταῦτα
3131 1956 3225 2009 καὶ
3240 1954 3541 2027 θαυμάσειε
3560 1968 3608 2021 ι,
3627 1961 3724 2014 καὶ

2040 2042 2257 2115 θαρρῶν
2287 2044 2354 2097 ἂν
2382 2044 2547 2107 εἴποι,
2573 2044 2691 2113 οὑχί
2710 2043 2927 2113 φύσεως
2946 2040 3086 2097 εἶναι
3112 2042 3271 2114 ἐργα,
3296 2042 3434 2097 ἀλλά
3456 2046 3558 2115 τῆς
3579 2044 3722 2117 ὑπέρ

2040 2130 2203 2199 φύσιν
2236 2131 2533 2202 Προνοίας;
2556 2130 2655 2184 Διά
2679 2129 2855 2184 ταῦτά
2878 2130 2965 2193 τίς
2991 2146 3181 2198 φησιν’
3198 2130 3263 2183 '0
3284 2130 3591 2201 κρεμάσας
3608 2131 3725 2202 τὴν

2040 2218 2159 2287 γῆν
2185 2219 2275 2272 ἐπ’
2291 2217 2544 2284 οὐδενός
2562 2236 2577 2250 ο
2611 2218 2770 2282 ἀλλος
2788 2217 2847 2271 δέ
2876 2234 2964 2281 τις
2982 2256 2998 2281 ,
3040 2218 3146 2272 Ἐν
3165 2215 3241 2285 τῇ
3272 2218 3427 2287 χειρί
3443 2219 3631 2274 αὑτοῦ
3648 2219 3728 2276 τὰ

2040 2305 2265 2373 πέρατα
2289 2304 2398 2375 τῆς
2412 2303 2526 2375 τῆς
2547 2323 2561 2336 ’
2595 2306 2708 2369 καὶ,
2723 2306 2805 2358 δτι
2821 2306 2945 2357 Ἐπί
2973 2303 3305 2360 θαλασσῶν
3327 2299 3731 2376 ἐθεμελίωσὼ

2037 2392 2251 2460 αὑτήν.
2286 2391 2391 2448 Kal
2417 2393 2566 2447 δοκεῖ
2595 2394 2697 2464 μὲν
2741 2392 2960 2446 ἐναντία
3006 2392 3183 2447 ταῦτα
3216 2388 3382 2457 εἶναι,
3435 2393 3639 2466 πολλὴν
3666 2394 3728 2455 δδ

2040 2478 2154 2549 ἔχει
2176 2478 2273 2550 τήν
2295 2480 2635 2550 συμφωνίαν.
2682 2480 2742 2533 '0
2784 2479 2895 2551 γὰρ
2930 2479 3121 2546 εἰπὼν,
3156 2480 3240 2534 ὃτι
3281 2480 3417 2536 Ἐπί
3442 2481 3562 2535 τῶν
3581 2481 3729 2536 66d-

2040 2580 2158 2617 των
2175 2564 2571 2632 ἐθεμελίωσεν
2607 2564 2825 2634 αὐτὴν,
2865 2566 3062 2619 ταυτὸν
3085 2561 3210 2619 εἷπε
3242 2566 3323 2637 τῷ
3346 2568 3613 2638 εἰρηκότι,
3640 2568 3729 2623 δτι

2041 2652 2129 2703 ἐπ’
2157 2650 2370 2714 οὐδενδς
2392 2652 2563 2722 αὑτήν
2579 2653 2854 2724 ἐκρέμασε
2880 2669 2894 2682 °
2919 2652 2980 2706 1:b
3007 2652 3117 2724 γάρ
3148 2654 3242 2707 ἐπὶ⁵
3264 2654 3474 2709 ὑδάτων
3502 2655 3726 2712 ἐστάναι

2043 2738 2157 2790 ἴσον
2186 2739 2305 2791 ἐστὶ
2331 2738 2427 2791 τοῦ
2456 2740 2769 2810 κρέμασθαι
2796 2741 2882 2793 ἐπ’
2913 2739 3150 2804 οὐδενός.
3180 2740 3294 2795 Ποῦ
3326 2737 3421 2797 οὖν
3450 2742 3726 2814 κρέμαται

2042 2826 2137 2878 καὶ
2161 2824 2390 2895 ἔστηκεν
2410 2842 2425 2890 ;
2449 2827 2715 2881 Ἀκουσον
2734 2826 2828 2881 τοῦ
2851 2827 3019 2882 αὐτοῦ
3049 2827 3329 2897 λέγοντος·
3355 2830 3459 2884 ‘Er
3484 2828 3558 2898 τῇ
3575 2832 3726 2897 χειρί

2040 2913 2227 2967 αὑτοῦ
2249 2912 2322 2966 τὰ
2356 2913 2581 2982 πέρατα
2596 2915 2706 2983 τῆς
2739 2914 2851 2985 γῆς
2870 2932 2886 2948 ο
2917 2917 3016 2986 οὑχ
3040 2917 3121 2969 ὅτι
3150 2918 3341 2988 χεῖρας
3368 2917 3481 2986 έχει
3519 2919 3548 2969 ό
3568 2916 3724 2981 θεὸς,

2040 2998 2154 3052 ἀλλ’
2177 2999 2264 3054 ἵνα
2284 2999 2462 3072 μάθῃς
2489 3001 2573 3054 ὃτι
2596 3002 2630 3071 ή
2659 3000 2886 3072 δύναμις
2917 3001 3083 3055 αὐτοῦ
3102 3002 3134 3072 ή
3152 3001 3455 3074 προνοοῦσα
3482 3004 3726 3068 πάντων,

2039 3084 2178 3156 αὐτη
2208 3087 2358 3140 ἐστὶν
2384 3089 2417 3156 ή
2448 3087 2831 3159 συγκρατοῦσα
2860 3088 2956 3141 καί⁵
2987 3087 3427 3154 διαϐαστάζουσα
3445 3089 3473 3128 ἀ
3492 3089 3553 3143 τὸ
3566 3089 3724 3160 σῶμα

2039 3178 2139 3248 τῆς
2167 3178 2293 3246 γῆς.
2334 3178 2476 3230 Ἀλλ’
2492 3178 2553 3229 οὑ
2590 3176 2752 3250 πείθῃ
2773 3180 2886 3239 τοῖς
2912 3179 3262 3249 είρημένοις;
3297 3178 3595 3233 Πίστευσον
3613 3182 3728 3245 τοῖς

2040 3268 2339 3338 δρωμένοις
2357 3284 2371 3299 ο
2411 3266 2635 3337 καὶγὰρ
2658 3269 2752 3320 καὶ
2779 3268 2866 3335 ἐφ’
2889 3269 3078 3339 ἐτέρου
3112 3268 3375 3339 στοιχείου
3392 3268 3490 3339 τήν
3513 3269 3730 3339 θαυμα-

2040 3355 2303 3425 τουργίαν
2335 3356 2541 3425 ταύτην
2590 3354 2744 3408 ἐστιν
2779 3355 2985 3425 εὑρεῖν.
3022 3356 3129 3410 Τοῦ
3155 3357 3266 3428 7&9
3294 3357 3465 3428 πυρὸς
3497 3358 3531 3428 ή
3562 3357 3727 3427 φύσις

2044 3442 2335 3512 ἀνωφερής
2361 3442 2445 3505 τίς
2478 3443 2596 3495 ἐστι
2619 3444 2714 3495 καὶ
2732 3443 2871 3513 πρὸς
2896 3443 2958 3497 τδ
2986 3442 3121 3513 ὕψος
3146 3444 3235 3498 ἀεὶ
3254 3444 3431 3515 πηδᾷν
3452 3445 3547 3498 καὶ
3571 3444 3732 3500 me.

2046 3530 2171 3583 σθαι
2209 3529 2443 3598 πέφυκε,
2472 3529 2575 3583 κᾶν
2606 3530 2777 3601 μυρία
2803 3530 2965 3603 βιάσῃ
3010 3534 3108 3586 καὶ
3138 3533 3585 3604 καταναγκάτῃς,
3624 3534 3731 3589 οὐκ

2045 3616 2113 3670 ἂν
2144 3618 2435 3687 ἀνάσχοιτο
2464 3616 2566 3687 τῆς
2591 3618 2741 3672 κάτω
2763 3620 2956 3689 φορᾶς.
2984 3620 3248 3685 Πολλάκις
3270 3618 3401 3689 γοῦν
3428 3620 3562 3690 δᾷδα
3578 3637 3730 3675 καιο-

2048 3705 2218 3776 μένην
2243 3716 2267 3743 ε
2297 3704 2576 3769 λαϐόντες,
2598 3706 2693 3758 καὶ
2717 3705 2861 3759 κατά
2880 3707 3125 3777 κεφαλῆς
3147 3706 3428 3770 κλίναντες
3443 3706 3540 3761 τοῦ
3557 3707 3732 3779 πυρὸς

2043 3791 2144 3861 τήν
2171 3791 2348 3863 ὁρμὴν
2380 3792 2482 3845 οὐκ
2513 3792 2908 3861 ἠναγκάσαμεν
2922 3793 3075 3846 κάτω
3100 3793 3480 3853 νεῦσαι..ἀλλά
3514 3796 3610 3849 καὶ
3631 3796 3727 3850 οὐ·

2044 3895 2154 3941 τως
2191 3880 2302 3933 ἄνω
2346 3879 2549 3950 τρέχει,
2581 3879 2676 3931 καὶ
2706 3880 2844 3951 πρὸς
2881 3881 2943 3934 τδ
2970 3880 3105 3950 ὐψος
3131 3882 3413 3949 ἐπείγεται
3440 3882 3687 3936 κάτωθεν
3712 3902 3725 3915 ’

2049 3968 2143 4020 ἐπί
2167 3967 2224 4020 δέ
2255 3967 2348 4020 τοῦ
2377 3967 2529 4037 ήλίου
2549 3968 2860 4023 τούναντίον
2897 3968 3044 4024 άπαν
3067 3969 3326 4041 ἐποίησεν
3363 3972 3392 4024 ὁ
3432 3971 3565 4034 Θεός
3584 3988 3598 4001 '
3632 3972 3733 4034 τὰς

2050 4054 2161 4125 7&9
2175 4055 2398 4117 ἀκτῖνας
2421 4054 2586 4107 αὑτοῦ
2610 4055 2747 4126 πρὸς
2759 4055 2856 4125 τὴν
2886 4056 2988 4127 γῆν
3008 4055 3224 4127 ἔτρεψε,
3250 4058 3344 4110 καὶ
3368 4058 3428 4111 τὸ
3453 4057 3735 4127 φῶςκάτω

2050 4140 2227 4193 νεύειν
2241 4141 2486 4210 ἐποίησε,
2518 4143 2797 4211 μονονουχὶ
2826 4142 2999 4210 λέγων
3021 4144 3171 4213 αὑτῷ
3202 4143 3291 4198 διά
3311 4143 3406 4197 τοῦ
3430 4146 3730 4215 σχήματος·

2051 4226 2218 4279 Κάτω
2248 4228 2433 4297 βλέπε,
2470 4228 2624 4299 φησὶ,
2660 4229 2755 4281 καὶ
2791 4231 2904 4291 τοῖς
2931 4229 3243 4302 ἀνθρώποις
3274 4235 3433 4301 φαῖνε
3456 4250 3471 4265 ο
3506 4234 3597 4288 διὰ
3623 4234 3734 4305 γάρ

2050 4313 2294 4379 ἐκείνους
2323 4315 2530 4382 ἐγένου.
2564 4318 2675 4370 Kal
2698 4316 2894 4387 λύχνου
2932 4317 3031 4389 μὲν
3065 4319 3197 4387 φλὸξ
3217 4320 3318 4373 οὐκ
3345 4319 3412 4373 ἂν
3445 4321 3735 4391 ἀνάσχοιτο

2049 4401 2211 4456 τοῦτο
2240 4402 2453 4466 παθεῖν,
2471 4404 2670 4475 άστρον
2696 4404 2754 4457 δὲ
2781 4403 2924 4458 οὔτω
2949 4405 3091 4474 μέγα
3117 4406 3211 4458 καὶ
3240 4406 3558 4476 θαυμαστὸν
3580 4408 3731 4462 κάτω

2051 4488 2222 4553 νεύει,
2258 4489 2351 4543 xal
2382 4490 2518 4562 πρδς
2547 4492 2648 4561 τήν
2679 4492 2783 4561 γῆν
2828 4490 3014 4560 βλέπει
3071 4493 3404 4557 ἀπεναντίας
3438 4494 3515 4566 τῷ
3572 4497 3727 4567 πυρὶ,

2050 4574 2140 4629 διά
2170 4576 2271 4645 τήν
2302 4576 2394 4628 τοῦ
2430 4576 2585 4648 [105]
2618 4576 2975 4642 κελεύσαντος
3010 4576 3261 4649 δύναμιν.
3296 4578 3484 4634 Βούλει
3509 4582 3603 4636 καὶ
3618 4584 3734 4636 ἐτεο

2055 4679 2147 4732 ρον
2175 4662 2314 4715 εἴπω
2350 4664 2622 4729 τοιοῦτον;
2656 4665 2738 4718 Τὰ
2764 4666 2910 4719 νῶτα
2944 4666 3036 4719 τοῦ
3080 4668 3315 4740 οὐρανοῦ
3345 4669 3438 4723 τοῦ
3469 4674 3732 4741 φαινομέ-

2051 4766 2143 4801 νου
2178 4749 2349 4803 ὑδατα
2374 4750 2769 4822 περιλαμϐάνει
2797 4753 3083 4815 πάντοθεν,
3101 4756 3194 4808 καὶ
3216 4756 3278 4807 οὐ
3300 4759 3587 4828 καταρρεῖ,
3611 4757 3733 4810 οὑδέ

2053 4836 2349 4901 ἐξίσταται,
2376 4837 2553 4890 καίτοι
2583 4855 2644 4903 γε
2666 4838 2767 4891 οὐκ
2799 4838 2915 4892 ἔστι
2943 4840 3165 4911 τοιαύτη
3191 4841 3301 4895 τῶν
3334 4843 3543 4897 ὑδάτων
3577 4846 3609 4914 ή
3634 4844 3733 4912 φύ-

2054 4940 2140 4988 σις
2157 4940 2172 4954 ·
2196 4925 2311 4979 ἀλλ’
2341 4926 2423 4988 είς
2450 4925 2551 4995 μὲν
2580 4926 2649 4979 τά
2674 4926 2831 4981 κοῖλα
2856 4928 3137 5000 συντρέχει
3169 4929 3396 5002 ῥαδίωςο
3430 4931 3653 4985 ἐπειδάν
3676 4932 3733 4985 δέ

2053 5012 2474 5084 κεκυρτωμένον
2582 5012 2763 5084 σῶμα,
2799 5012 3143 5070 διολισθαίνει
3188 5017 3476 5084 πάντοθεν,
3507 5020 3602 5073 καὶ
3631 5021 3733 5075 οὐκ

2053 5098 2121 5152 ἂν
2147 5099 2312 5153 αὐτοῦ
2350 5100 2470 5154 οὑδέ
2491 5101 2688 5173 μικρὸν
2710 5102 2873 5172 σταίη
2907 5101 3075 5173 μέρος
3096 5103 3191 5156 ἐπὶ
3222 5104 3317 5158 τοῦ
3339 5106 3582 5160 τοιούτου
3600 5110 3735 5177 σχήσ

2058 5204 2247 5256 ματος.
2295 5187 2435 5242 Ἀλλ’
2466 5189 2576 5242 ίδοὺ
2605 5188 2668 5241 τὸ
2698 5189 2996 5257 παράδοξον
3033 5191 3192 5245 τοῦτο
3240 5191 3466 5259 γέγονεν
3506 5195 3600 5247 ἐπὶ
3624 5196 3734 5246 τῶν

2054 5275 2301 5347 οὐρανῶν
2318 5292 2333 5306 θ
2369 5276 2642 5330 καὶτοῦτο
2662 5275 2797 5330 αὐτὸ
2817 5277 2980 5331 πάλιν
3003 5278 3032 5329 ό
3051 5278 3338 5348 προφήτης
3362 5280 3734 5350 αίνιττόμενος

2057 5362 2205 5434 λέγει
2228 5382 2243 5396 ·
2264 5364 2490 5421 Αίνεῖτε
2518 5362 2626 5415 τὸν
2650 5363 2888 5430 Κύριον,
2912 5363 2986 5416 τὰ
3003 5363 3192 5417 ὕδατα
3208 5366 3281 5419 τὰ
3308 5365 3586 5433 ὑπεράνω
3613 5366 3736 5421 τῶν

2057 5453 2350 5521 οὐρανῶν.
2380 5452 2490 5506 Kal
2533 5449 2654 5503 οὐτε
2681 5451 2744 5502 τὸ
2785 5449 2931 5522 ὕδωρ
2959 5451 3051 5505 τδν
3079 5453 3232 5524 ἥλιον
3275 5454 3518 5522 ἐσϐεσεν,
3554 5453 3676 5509 οὐτε
3704 5457 3737 5510 ό

2056 5541 2207 5612 ήλιος
2240 5542 2335 5595 ἐπὶ
2390 5538 2638 5595 τοσοῦτον
2669 5537 2860 5609 χρόνον
2883 5538 3120 5609 βαδίζων
3146 5542 3392 5599 κάτωθεν
3422 5542 3484 5597 rb
3522 5542 3737 5597 ἐπικεί-

2121 5750 2139 5817 _'
2164 5752 2319 5817 Sal“,
2346 5755 2377 5817 h,
2393 5753 2484 5817 γὰρ
2504 5754 2544 5809 ε-

2117 5812 2146 5853 δ
2177 5812 2272 5864 Alii
2294 5816 2392 5863 ἀπὸ
2406 5812 2514 5874 τῆς.

2122 5878 2146 5941 ῗ
2176 5875 2275 5941 Alii
2286 5877 2690 5941 ᾼύπερθαυμάσειε.

2120 5937 2146 5977 d
2174 5939 2379 6004 Quidam
2394 5937 2525 6004 'mss'.
2550 5944 2582 5997 ἡ
2614 5939 2947 6004 συγκροτοῦσα
2975 5940 3187 5999 πάντων,
3219 5941 3301 5988 καὶ
3331 5942 3738 5999 διαϐαστιέζονσα.

2060 6000 2169 6051 11οκ
2192 6001 2388 6066 quidam
2413 6002 2629 6066 πείσθητι
2653 6000 2753 6057 τοῖς
2782 6005 3053 6066 ὁρωμένοις.

2126 6067 2150 6094 ε
2176 6063 2377 6125 Aliquot
2398 6077 2513 6113 mss.
2537 6065 2660 6129 δᾷδα
2677 6063 3015 6128 ἡμμένην,·σ1ἱὶ
3035 6077 3148 6114 cum
3173 6064 3292 6114 Mor.
3320 6066 3442 6130 δᾷδα
3463 6068 3739 6128 καιομένηι.
