4414 6690
476 501 573 553 ιω

471 611 859 679 superpositam
915 624 1106 679 aquam
1160 604 1463 661 cxsiccavit.
1513 603 1604 658 Vis
1654 614 1704 659 te
1752 605 1803 657 in
1853 612 2045 656 terram

474 702 664 755 iterum
696 702 1033 763 reducamus,
1062 704 1117 750 et
1133 693 1275 764 quod
1296 694 1504 747 mireris
1528 692 1905 749 ostendamus?
1933 690 2047 743 Non

473 791 649 843 cernis
676 791 776 844 hoc
802 804 947 842 mare
971 784 1125 838 undis
1142 824 1157 849 ,
1190 792 1245 838 et
1271 783 1514 838 violentis
1540 784 1751 838 llatibus
1788 782 2003 849 plenutn
2027 778 2050 831 ?

473 880 568 932 sed
601 881 702 934 hoc
727 892 873 933 mare
901 876 1191 944 spatiosum
1219 884 1273 928 et
1300 891 1544 944 magnum
1566 916 1581 939 ,
1626 882 1681 927 et
1722 872 1902 925 furens
1921 910 1933 928 .
1967 870 2049 923 in-

475 969 625 1021 firma
653 967 958 1023 continetur
981 978 1163 1017 arena.
1198 965 1261 1019 Et
1284 964 1557 1019 considera
1584 963 1673 1015 Dei
1704 960 2047 1029 sapientiam:

479 1074 583 1110 non
626 1055 864 1127 permisit
903 1054 1072 1122 ipsum
1100 1055 1370 1124 quiescere
1394 1098 1407 1119 ,
1450 1068 1620 1122 neque
1650 1066 1865 1106 manere
1893 1051 2051 1106 seda-

477 1156 613 1209 tum,
646 1160 711 1197 ne
740 1144 789 1196 id
821 1157 939 1197 esse
964 1154 1165 1200 natura:
1191 1146 1355 1215 ipsius
1380 1146 1619 1198 ordinem
1646 1142 1935 1207 existimes,
1957 1141 2050 1195 sed

480 1235 614 1287 intra
646 1235 900 1286 terminos
931 1249 1147 1288 manens
1175 1234 1387 1298 clamat,
1418 1233 1675 1295 turbatur,
1711 1231 2053 1285 vehementer

482 1328 714 1381 resonat,
742 1329 797 1373 et
825 1320 1223 1376 inenarrabiletn
1256 1322 1306 1375 itt
1331 1320 1657 1374 altitudinem
1685 1318 1877 1372 ﬂuctus
1906 1317 2053 1371 exci-

484 1418 561 1462 tat
575 1425 591 1473 ',
607 1424 728 1463 cum
741 1420 916 1465 autem
941 1414 1005 1467 ad
1036 1415 1180 1467 littus
1192 1423 1245 1468 et
1259 1428 1472 1467 arenam
1490 1412 1808 1485 pervenerit,
1824 1410 2052 1463 dissolu-

486 1508 595 1550 tum
626 1514 833 1554 rursum
861 1502 923 1555 ad
951 1504 1179 1572 scipsnm
1223 1505 1537 1566 revertitur,
1570 1518 1664 1571 per
1698 1502 1810 1553 lucc
1837 1509 2055 1569 utraque

485 1595 537 1640 te
576 1588 806 1656 docens,
850 1595 992 1662 quod
1038 1610 1142 1648 non
1192 1603 1391 1649 natura
1430 1608 1563 1662 opus
1602 1600 1686 1647 est
1720 1592 1888 1662 ipsum
1916 1592 2054 1647 intra

486 1683 726 1748 proprios
754 1682 882 1738 fines
912 1701 1158 1750 manere,
1200 1685 1292 1739 sed
1334 1683 1542 1738 virtutis
1570 1682 1720 1751 ejus,
1758 1683 1845 1753 qui
1884 1683 2053 1752 ipsum

484 1770 715 1826 cohibet.
736 1774 1018 1842 Propterea
1041 1775 1181 1828 enim
1206 1774 1471 1827 infirmum
1494 1773 1655 1843 ipsius
1680 1789 1884 1827 mttrum
1908 1776 2052 1841 fecit,

492 1878 594 1916 non
624 1864 783 1932 ligna,
808 1883 910 1919 non
939 1866 1157 1934 lapides,
1192 1882 1294 1917 non
1324 1874 1532 1919 montes
1561 1864 1643 1919 his
1670 1865 1931 1920 littoribus
1950 1868 2056 1920 cir-

486 1955 815 2023 cumposuit,
862 1965 919 2007 ut
952 1969 1055 2007 non
1093 1954 1173 2007 his
1199 1955 1519 2008 elementum
1566 1957 1617 2009 in
1660 1955 1897 2010 ordinem
1936 1956 2054 2025 cogi

488 2052 658 2109 putes.
688 2044 798 2098 lloc
827 2046 981 2113 igitur
1017 2053 1071 2097 et
1110 2044 1220 2112 ipse
1258 2044 1538 2113 aliquando
1570 2044 1765 2101 Juda'is
1791 2047 2056 2115 imprope-

488 2147 613 2186 rans
641 2132 850 2186 dicebat
876 2150 886 2181 :
914 2132 998 2185 Me
1025 2148 1124 2184 non
1152 2134 1406 2199 tiinebitis,
1444 2137 1531 2205 qui
1556 2151 1757 2189 arenam
1796 2136 1925 2188 mari
1954 2146 2054 2188 ter-

488 2223 677 2273 minam
708 2218 964 2283 constitui,
977 2227 1019 2269 et
1037 2235 1135 2271 non
1153 2220 1460 2274 transcendet
1485 2220 1673 2289 (λετ-,5.
1691 2228 1755 2280 ‘2"!
1784 2223 1934 2278 ?Non
1962 2243 2052 2280 au-

490 2318 595 2363 tem
614 2308 713 2362 hoc
729 2319 917 2373 solum,
945 2326 976 2362 ο
998 2311 1176 2378 homo,
1195 2322 1276 2367 est
1294 2313 1620 2380 admirabile,
1644 2316 1785 2385 quod
1808 2332 2054 2387 magnum

487 2407 540 2451 et
569 2397 860 2452 mirabilem
889 2400 1068 2455 fecerit
1117 2401 1256 2456 lnmc
1283 2402 1569 2468 mundum,
1600 2406 1739 2473 quod
1770 2421 1927 2476 supra
1960 2422 2055 2461 na-

490 2498 618 2542 tnrte
660 2494 1090 2560 consequentiam
1134 2494 1303 2561 ipsum
1352 2496 1718 2564 compegerit,
1770 2498 1866 2552 sed
1915 2499 2055 2568 quod

485 2579 645 2631 etiam
675 2594 737 2633 ex
765 2583 1044 2636 contrariis
1070 2584 1238 2652 ipsum
1274 2584 1645 2652 constituerit,
1686 2587 1857 2642 calido
1882 2598 1935 2642 et
1960 2588 2055 2643 fri-

485 2670 631 2738 gido,
654 2670 796 2726 sicco
821 2683 871 2727 et
901 2674 1135 2740 humido,
1166 2676 1283 2746 igne
1312 2687 1362 2730 et
1392 2693 1549 2747 aqua,
1580 2690 1715 2732 terra
1747 2688 1801 2734 et
1827 2696 1982 2737 aere:
2006 2688 2061 2735 et

484 2763 747 2815 Contraria
788 2762 901 2817 hzec
950 2766 1228 2827 elementa,
1276 2782 1341 2820 ex
1390 2768 1454 2821 iis
1496 2767 1691 2836 quibus
1739 2768 1841 2823 hoc
1891 2778 2059 2825 totum

484 2851 757 2916 Consistit,
791 2853 927 2907 inter
955 2871 1010 2907 se
1040 2860 1342 2925 pugnantia,
1391 2872 1419 2909 a
1458 2871 1580 2912 sese
1624 2872 1729 2911 non
1768 2868 1890 2912 sunt
1929 2874 2052 2914 con-

485 2948 689 3007 sumpta
717 2958 729 2993 :
757 2956 859 2994 non
891 2943 1023 3012 ignis
1050 2946 1353 3010 supervenit
1377 2956 1431 2999 et
1457 2945 1695 3001 ascendit
1723 2948 1922 3013 omnia,
1953 2964 2058 3003 non

484 3043 619 3097 aqua
648 3033 1028 3099 superveniens
1068 3034 1251 3087 orbem
1277 3036 1581 3090 submersit.
1610 3036 1715 3091 Sed
1742 3037 1793 3091 in
1821 3039 2057 3107 corpori-

486 3121 584 3175 bus
602 3122 819 3190 quidem
847 3124 1043 3179 nostris
1064 3124 1179 3179 ba-c
1203 3127 1351 3191 fiunt,
1381 3136 1435 3181 et
1458 3127 1563 3183 bile
1583 3138 1858 3184 crescente
1883 3131 2057 3185 nasci-

485 3221 569 3265 tur
607 3211 799 3279 febris,
831 3225 883 3267 et
914 3223 1080 3269 totum
1106 3216 1300 3270 animal
1338 3217 1478 3271 lzedit
1504 3236 1518 3272 :
1540 3228 1594 3273 et
1624 3218 1805 3288 pituita
1836 3235 2057 3290 supera-

485 3300 753 3356 bundante
783 3303 991 3371 plurimi
1042 3315 1327 3359 nascuntur
1356 3306 1561 3372 morbi,
1608 3316 1663 3363 et
1702 3308 1895 3363 animal
1938 3323 2058 3363 cor-

484 3402 757 3462 rumpunt.
790 3394 843 3448 lu
867 3395 969 3450 hoc
994 3405 1171 3451 autem
1201 3399 1445 3452 universo
1468 3399 1596 3453 nihil
1625 3399 1813 3455 horum
1840 3401 2052 3467 accidit,

484 3482 577 3536 sed
601 3484 1011 3554 unumquodque
1037 3497 1245 3550 manet,
1276 3498 1539 3556 tamquam
1569 3490 1796 3559 quodam
1826 3491 1977 3547 freno
2003 3501 2059 3548 et

486 3572 716 3639 vinculo,
743 3574 1046 3629 Conditoris
1066 3576 1332 3631 voluntate
1355 3579 1597 3649 proprios
1616 3582 1921 3638 custodiens
1947 3592 2056 3638 ter-

486 3662 686 3725 minos,
728 3673 783 3717 et
811 3664 997 3717 borum
1024 3681 1197 3736 pugna
1242 3668 1439 3721 mundo
1467 3672 1557 3723 toti
1596 3672 1742 3737 pacis
1782 3671 1840 3725 fit
1876 3688 2055 3727 causa.

486 3753 675 3805 Annon
704 3752 815 3806 hmc
841 3764 894 3808 et
915 3770 1056 3808 cmco
1083 3768 1200 3809 sunt
1233 3758 1510 3814 manifesta
1532 3802 1545 3823 ,
1574 3771 1629 3816 et
1668 3764 1821 3818 valde
1860 3764 2057 3833 impru-

485 3840 727 3894 dentibus
754 3842 1114 3913 intelligibilia,
1138 3846 1276 3913 quod
1302 3847 1625 3914 providentia
1648 3852 1897 3920 quapiam
1921 3851 2057 3907 facta

486 3934 591 3986 sint
635 3944 687 3987 et
728 3936 1134 3991 contineantur?
1170 3938 1299 4004 Quis
1332 3940 1473 3994 enim
1513 3950 1619 3996 tam
1650 3943 1841 3997 stultus
1882 3953 1964 3998 est
2004 3954 2060 4000 et

485 4023 760 4092 stupidus,
808 4026 897 4095 qui
936 4036 1133 4081 tantam
1174 4030 1364 4083 molem
1393 4045 1654 4100 cernens,
1700 4041 1898 4088 tantam
1943 4035 2060 4104 pul-

484 4111 838 4169 chritudinem
865 4157 880 4180 ,
930 4125 1126 4172 tantam
1150 4121 1589 4189 compositionem
1613 4164 1628 4188 ,
1675 4122 1855 4177 talium
1891 4126 2061 4180 conti-

488 4218 643 4255 nuam
691 4204 1076 4262 elementorum
1128 4222 1352 4278 pugnant
1404 4220 1457 4265 et
1507 4214 1958 4280 contrarietatem,
2007 4224 2062 4270 et

487 4295 934 4358 perseverantiam
960 4337 975 4361 ,
1021 4312 1123 4350 non
1163 4300 1296 4352 intra
1336 4301 1567 4369 seipsum
1595 4304 1972 4371 ratiocinetur,
2006 4316 2061 4361 et

484 4381 660 4434 dicat:
685 4381 791 4436 Nisi
825 4385 1151 4451 providentia
1180 4387 1422 4455 quaedam
1467 4399 1611 4444 esset
1637 4406 1918 4460 corporum
1949 4408 2061 4447 ma-

485 4471 810 4537 gnitudinem
844 4474 1120 4536 cohibens,
1153 4491 1250 4529 nec
1277 4476 1584 4544 permittens
1611 4486 1776 4531 totum
1805 4479 2057 4549 dissilire,

486 4575 584 4614 nec
621 4575 966 4629 permanere,
1014 4578 1111 4617 nec
1142 4564 1334 4619 durare
1372 4567 1660 4633 potuisset?
1698 4568 1895 4623 Tantus
1933 4571 2058 4624 anni

486 4660 859 4719 tempestatum
891 4652 1054 4716 ordo,
1088 4662 1228 4706 tanta
1261 4656 1430 4707 noctis
1452 4663 1505 4708 et
1528 4656 1630 4710 diei
1657 4658 2057 4723 convenientia,

470 4754 545 4795 tot
593 4742 975 4797 irrationalium
1012 4758 1204 4811 genera
1244 4744 1549 4799 animalium
1569 4786 1586 4812 ,
1616 4746 1910 4816 plantarum
1932 4789 1948 4814 ,
1975 4762 2061 4803 se.

470 4832 575 4884 min
600 4848 687 4886 um
725 4841 777 4886 et
809 4832 1091 4887 herbarum
1124 4841 1363 4888 tenorem
1391 4850 1543 4890 suum
1575 4846 1822 4904 servant,
1850 4846 1902 4894 et
1928 4838 2060 4894 nihil

470 4925 519 4973 in
570 4932 887 4992 prmsentcm
926 4923 1065 4977 diem
1112 4939 1281 4993 neque
1316 4926 1617 4995 intercidit,
1656 4943 1828 5001 neque
1853 4930 2063 5002 penitus

468 5027 530 5060 με)
552 5024 855 5082 nsumme
899 5023 998 5067 est.

557 5102 609 5154 5.
656 5102 770 5155 Non
819 5103 935 5157 inec
982 5118 1106 5159 vero
1135 5113 1371 5171 tantum,
1414 5106 1509 5161 sed
1552 5117 1606 5162 et
1646 5108 1745 5163 alia
1792 5110 1956 5166 multo
1981 5113 2062 5166 his

475 5190 522 5256 pl
543 5207 635 5244 nra
663 5204 715 5245 et
742 5195 1087 5263 profundiora
1112 5194 1215 5249 dici
1244 5205 1509 5263 poterant,
1548 5207 1603 5253 et
1639 5198 1708 5254 de
1734 5200 1844 5270 ipsa
1874 5202 2060 5255 disseri

485 5292 758 5348 creatura;
786 5285 880 5339 sed
906 5288 955 5339 in
981 5286 1267 5339 crastinum
1313 5285 1400 5339 illa
1428 5286 1767 5355 differentes,
1811 5292 1947 5345 dicta
1977 5292 2061 5345 di-

486 5370 713 5439 ligenter
739 5373 970 5429 retinere
999 5384 1053 5429 et
1081 5376 1134 5428 in
1158 5375 1291 5428 alios
1310 5374 1500 5430 eﬂ‘erre
1525 5378 1848 5434 Studeamus.
1871 5380 1935 5434 Et
1954 5381 2062 5433 scio

487 5460 700 5529 quidem
748 5466 1131 5519 sententiarum
1174 5463 1581 5533 profunditatem
1620 5470 1836 5524 auribus
1878 5471 2064 5527 vestris

490 5555 789 5607 inusitatam
819 5571 937 5611 esse
959 5600 975 5623 ,
1016 5559 1109 5614 sed
1136 5559 1178 5614 si
1212 5573 1493 5629 parumper
1532 5559 1841 5628 vigilemus,
1884 5571 1939 5617 et
1982 5563 2064 5619 his

490 5663 587 5701 nos
630 5646 772 5715 ipsos
814 5650 1225 5706 assuefaciamus
1250 5694 1262 5716 ,
1308 5652 1465 5705 etiam
1512 5650 1630 5705 aliis
1672 5654 1869 5708 erimus
1913 5656 2065 5711 facile

490 5742 755 5796 doctores.
798 5741 1009 5798 Interim
1040 5761 1162 5800 vero
1183 5743 1309 5799 illttd
1326 5743 1565 5801 eharitati
1597 5754 1783 5799 vestra:
1822 5762 2063 5803 necessa-

492 5837 629 5891 rium
648 5846 732 5891 est
750 5834 927 5892 dicere
947 5854 961 5890 :
984 5840 1119 5893 sicut
1144 5857 1241 5894 nos
1255 5838 1563 5911 glorificavit
1590 5840 1727 5895 Deus
1750 5854 1842 5911 per
1864 5851 2061 5897 tantam

1406 495 1500 548 AD
1541 493 1857 550 POI’ULUM
1898 491 2384 548 AN'l'lOCllENUM
2448 491 2676 547 IIOMIL.
2717 492 2807 547 IX.

3629 497 3726 545 MU

2157 610 2477 665 creaturam,
2514 603 2581 655 ita
2614 616 2710 657 nos
2736 616 2945 671 quoque
2972 614 3066 671 per
3092 615 3276 670 puram
3305 601 3473 669 ipsum
3506 614 3701 655 conver

2154 689 2411 744 sationem
2430 691 2801 758 gloriﬁcemns.
2821 690 2945 747 ϐαειὶ
2962 699 3198 745 euarrant
3213 690 3425 760 gloriam
3445 689 3537 743 Dei
3558 687 3721 757 (ιιοηιλ

2158 781 2245 835 18.
2275 780 2333 852 2)
2358 822 2374 847 ,
2419 782 2543 834 dum
2574 792 2832 850 apparent
2860 784 3030 836 solum
3057 801 3069 835 :
3094 789 3147 837 et
3174 796 3271 836 nos
3302 782 3459 849 igitur
3492 781 3580 835 Dei
3615 782 3723 849 ειυ-

2156 873 2287 927 riam
2309 888 2639 939 enarremus,
2662 890 2765 928 non
2787 874 3023 929 dicentes
3045 883 3268 939 tantum,
3287 872 3379 927 sed
3401 881 3450 923 et
3471 880 3729 935 tacentes,

2155 973 2205 1017 et
2235 963 2355 1018 vita:
2374 964 2617 1019 claritate
2641 979 2829 1019 omnes
2855 965 2908 1018 iu
2938 964 3343 1018 admirationem
3369 962 3693 1016 adducentes
3717 980 3728 1014 :

2158 1053 2343 1107 Luceat
2369 1054 2535 1120 enim,
2567 1054 2638 1107 ait
2666 1094 2682 1120 ,
2714 1054 2805 1108 tua:
2830 1064 2992 1108 vestra
3018 1070 3187 1107 coram
3225 1053 3537 1117 hominibus,
3577 1062 3631 1105 ut
3657 1053 3731 1105 ri-

2156 1143 2307 1198 deant
2331 1161 2485 1213 opera
2511 1154 2672 1199 vestra
2700 1144 2828 1198 bona
2846 1185 2862 1210 ,
2887 1154 2933 1197 et
2958 1143 3238 1212 gloriﬁcent
3283 1142 3487 1197 Ραιγεκι
3512 1152 3731 1197 rostrum

2155 1231 2242 1301 qui
2267 1244 2342 1289 est
2367 1235 2419 1289 in
2447 1234 2584 1289 ralis
2613 1233 2823 1305 (Matth.
2866 1236 2917 1290 5.
2952 1234 3062 1299 l6).
3103 1234 3235 1288 Cum
3260 1233 3402 1288 enim
3434 1234 3623 1287 viderit
3648 1233 3731 1285 itt-

2160 1323 2330 1377 (idelis
2357 1333 2408 1379 te
2452 1324 2660 1379 fidelem
2687 1324 3038 1393 compositum
3064 1365 3077 1389 ,
3106 1323 3405 1377 modestum
3442 1366 3455 1383 .
3484 1334 3731 1375 ornatum

2157 1428 2297 1479 esse,
2328 1416 2604 1470 mirabitur
2625 1426 2677 1472 et
2701 1416 2878 1470 dicet:
2902 1414 3039 1469 Vere
3070 1431 3288 1484 magnus
3308 1414 3729 1468 Christiatuiruen

2162 1503 2301 1558 Deus
2324 1522 2337 1557 :
2360 1505 2542 1574 quales
2578 1507 2851 1560 constituit
2898 1505 3140 1560 homines
3163 1545 3178 1569 ,
3218 1504 3402 1573 quales
3428 1520 3457 1558 e
3491 1504 3733 1571 qualibus

2160 1591 2284 1647 fecit
2307 1594 2324 1646 !
2350 1596 2566 1663 angelos
2603 1611 2669 1651 ex
2711 1595 3012 1650 hominibus
3061 1594 3204 1662 ipsos
3231 1592 3477 1648 reddidit.
3513 1592 3571 1647 Si
3612 1591 3732 1661 quis

2157 1684 2533 1738 contumeliam
2574 1684 2786 1749 fecerit,
2828 1699 2934 1739 non
2970 1680 3435 1738 convicianturzsi
3462 1680 3582 1749 quis
3610 1695 3732 1749 per-

2157 1774 2406 1842 cusserit,
2438 1789 2544 1828 non
2570 1791 2709 1844 a‘gre
2738 1778 2912 1830 ferunt
2935 1794 2951 1831 :
2973 1776 3017 1829 si
3043 1776 3162 1843 quis
3188 1773 3437 1841 injuriam
3462 1770 3729 1835 intulerit,

2159 1878 2257 1932 pro
2288 1863 2352 1917 iis
2376 1865 2465 1933 qui
2495 1879 2555 1918 se
2582 1864 2835 1931 lmscrint,
2865 1877 3057 1919 orant:
3080 1864 3349 1918 inimicum
3382 1877 3486 1915 non
3515 1859 3728 1921 habent,

2159 1952 2291 2006 iram
2334 1968 2549 2008 servare
2587 1969 2691 2008 non
2738 1962 2961 2018 norunt,
2997 1953 3179 2022 nugari
3216 1952 3480 2017 nesciunt,
3522 1949 3732 2005 mentiri

2159 2058 2265 2097 non
2309 2043 2641 2107 didicerunt,
2694 2044 2936 2114 pejerare
2983 2059 3086 2098 non
3130 2041 3422 2103 sustinent,
3478 2040 3584 2093 into
3632 2054 3730 2093 nec

2154 2132 2364 2201 iurare,
2403 2135 2496 2189 sed
2541 2136 2769 2205 linguam
2798 2134 2965 2189 excidi
2996 2133 3245 2197 mallent,
3288 2146 3445 2200 quam
3476 2129 3637 2182 ullum
3663 2145 3728 2181 ex

2159 2236 2253 2276 ore
2290 2222 2645 2291 juramentum
2689 2226 2953 2280 emittere.
2996 2225 3121 2279 llmc
3161 2223 3263 2277 illis
3306 2221 3633 2292 pra-beamus
3665 2220 3734 2273 de

2162 2312 2314 2366 nobis
2335 2312 2576 2376 dicenda,
2608 2322 2664 2369 et
2692 2315 2985 2384 improbam
3010 2314 3431 2382 juramentorum
3455 2318 3738 2365 consuetu-

2161 2401 2340 2457 dinem
2367 2405 2697 2474 eXpellamus
2720 2422 2733 2458 :
2756 2414 2811 2459 et
2836 2404 2918 2457 vel
2946 2412 3147 2458 tantum
3187 2403 3295 2457 Deo
3319 2402 3615 2455 tribuamus
3642 2400 3740 2452 ho~

2162 2492 2306 2546 noris
2337 2533 2352 2555 ,
2406 2504 2659 2563 quantum
2708 2494 3039 2548 vestimentis
3081 2492 3276 2546 nostris
3310 2489 3735 2560 pretiosioribus.

2162 2580 2440 2649 Quomodo
2465 2583 2606 2638 enim
2640 2598 2744 2639 non
2775 2583 3062 2637 absurdum
3092 2592 3195 2645 est,
3223 2581 3593 2636 vestimentum
3623 2579 3739 2645 qui-

2162 2672 2283 2727 dem
2315 2673 2570 2728 babentes
2596 2674 2810 2743 reliquis
2836 2674 3055 2737 melius,
3103 2672 3217 2739 ipsa
3261 2670 3566 2738 frequenter
3591 2669 3736 2721 abuti

2164 2777 2267 2817 non
2296 2764 2582 2828 sustinere,
2630 2764 2720 2817 Dei
2746 2778 2873 2817 vero
2900 2778 3092 2816 nomen
3123 2761 3316 2829 ubique
3342 2769 3542 2813 temere
3560 2799 3575 2822 ,
3602 2768 3655 2812 et
3683 2767 3741 2811 ut

2163 2853 2416 2920 occurrit,
2444 2853 2773 2908 distrahere?
2804 2853 2964 2923 Igitur
2990 2866 3178 2922 precor
3200 2858 3256 2905 et
3281 2848 3541 2919 supplico,
3570 2863 3638 2902 ne
3660 2848 3741 2902 sie

2162 2944 2385 2999 salutem
2413 2953 2821 2999 contemnamus
2850 2953 3082 2998 nostram
3105 2983 3121 3007 ,
3166 2941 3260 2995 sed
3298 2939 3529 2994 studium
3550 2979 3566 3004 ,
3595 2940 3736 3007 qttod

2160 3032 2231 3087 ab
2265 3034 2415 3088 initio
2440 3035 2579 3087 circa
2609 3033 2913 3087 mandatum
2945 3032 3085 3087 istud
3112 3030 3493 3086 adbibebauius
3512 3067 3530 3094 ,
3568 3027 3737 3082 dedu-

2162 3137 2346 3178 camus
2390 3122 2457 3178 ad
2486 3125 2665 3177 linem.
2695 3124 2980 3193 Propterea
3018 3137 3117 3192 ego
3143 3121 3452 3177 continuam
3489 3119 3557 3174 de
3594 3118 3740 3187 jura-

2162 3216 2357 3270 mentis
2408 3214 2837 3268 exhortationem
2887 3214 3021 3267 facio
3042 3253 3061 3280 ,
3112 3227 3218 3267 non
3269 3210 3411 3281 quod
3469 3219 3736 3279 torporem

2161 3314 2395 3359 vestrum
2430 3306 2816 3369 condemnem,
2860 3304 2956 3360 sed
2995 3303 3135 3374 quod
3175 3304 3429 3373 majorem
3475 3311 3676 3370 partem
3706 3316 3737 3353 a

2162 3394 2312 3448 vobis
2340 3404 2634 3449 correctam
2667 3394 2875 3447 videam
2906 3405 2997 3448 :et
3025 3393 3213 3447 studeo
3244 3392 3543 3460 festiuoque
3568 3398 3737 3443 totum

2163 3482 2451 3552 perfectqu
2478 3498 2625 3547 esse,
2654 3492 2709 3537 et
2732 3482 2892 3537 (litem
2921 3483 3183 3551 accipere.
3223 3483 3311 3536 Sic
3335 3490 3390 3534 et
3414 3489 3739 3548 spectatores

2162 3564 2382 3639 faciunt,
2412 3575 2502 3644 qni
2528 3574 2724 3629 braviis
2748 3576 3018 3645 proximos
3043 3575 3211 3645 magis
3232 3575 3485 3629 excitant.
3516 3572 3623 3627 Nec
3641 3587 3737 3627 uos

2167 3664 2326 3732 igitur
2379 3664 2639 3719 lassemur
2667 3681 2681 3718 :
2710 3679 2893 3719 sumus
2934 3666 3076 3719 enim
3132 3678 3299 3734 prope
3348 3666 3511 3716 totius
3559 3677 3739 3716 corre-

2162 3756 2356 3809 cliOniS
2402 3756 2591 3821 tinem,
2639 3765 2693 3810 et
2739 3756 2878 3810 circa
2920 3753 3235 3824 principium
3278 3760 3395 3807 erat
3435 3750 3737 3805 difﬁcultas.

2162 3845 2386 3911 Quando
2412 3860 2541 3899 vero
2565 3845 2967 3900 consuetudinis
3008 3843 3293 3914 plurinntm
3326 3856 3465 3895 nunc
3491 3849 3573 3894 est
3600 3840 3737 3893 reci-

2162 3949 2304 4001 sum,
2331 3943 2388 3989 et
2412 3934 2677 3989 modicum
2702 3942 2946 4003 superest
2968 3950 2982 3988 :
3004 3933 3112 4001 jam
3138 3947 3235 3987 nee
3259 3932 3368 3985 ullo
3398 3930 3580 3983 labore
3606 3944 3740 3997 opus

2163 4034 2279 4091 est,
2326 4026 2420 4081 sed
2466 4026 2671 4081 modica
2717 4026 3123 4088 observatione;
3174 4033 3229 4077 et
3272 4023 3416 4077 brevi
3466 4021 3739 4088 diligentia

2165 4132 2402 4188 egemus,
2435 4126 2493 4171 ut
2521 4116 2618 4187 ipsi
2644 4117 2868 4171 correcti
2894 4115 3011 4169 aliis
3036 4114 3283 4170 doctores
3314 4112 3479 4166 simus
3498 4150 3513 4172 ,
3543 4120 3595 4164 et
3617 4126 3739 4163 cum

2167 4208 2356 4263 fiducia
2384 4223 2592 4263 sacrum
2624 4207 2817 4276 pascha
2848 4206 3143 4269 videamus,
3172 4216 3227 4259 et
3250 4218 3371 4258 cum
3396 4200 3559 4255 mtdta
3586 4201 3737 4253 voln-

2164 4308 2307 4370 ptate
2350 4300 2561 4367 duplam
2601 4308 2657 4353 et
2694 4298 2908 4367 triplam
2950 4306 3257 4350 consuetam
3300 4294 3571 4362 capiamus
3601 4293 3731 4345 laui-

2166 4389 2311 4443 tiam.
2338 4388 2453 4443 Non
2476 4389 2619 4442 enim
2643 4397 2846 4441 tantum
2873 4400 2973 4440 nos
2992 4385 3176 4455 jejuuii
3206 4383 3476 4438 laboribus
3500 4392 3553 4437 et
3575 4380 3737 4435 sudo-

2164 4481 2309 4535 ribus
2335 4480 2581 4534 liberatos
2602 4492 2721 4533 esse
2753 4477 2982 4532 deleCtat
3000 4514 3015 4538 ,
3042 4487 3297 4546 quantum
3325 4488 3446 4528 cum
3472 4472 3663 4528 merito
3687 4480 3740 4525 et

2163 4569 2437 4642 splendida
2484 4584 2683 4625 corona
2726 4583 2894 4623 sacra:
2937 4568 3015 4622 illi
3064 4565 3386 4621 solemnitati
3427 4576 3737 4625 occurrere,

2163 4677 2361 4717 corona
2385 4676 2672 4730 numquam
2697 4667 3081 4714 marcescente.
3107 4656 3177 4713 Ut
3193 4667 3372 4711 autem
3398 4654 3623 4709 celerior
3651 4651 3737 4706 fiat

2166 4752 2491 4819 emendatio,
2534 4754 2635 4805 hoc
2672 4751 2755 4805 {ac
2792 4749 2934 4820 quod
2958 4749 3077 4803 dico
3098 4763 3112 4800 :
3136 4745 3308 4800 scribe
3332 4745 3385 4799 in
3416 4744 3614 4813 pariete
3641 4741 3741 4796 do-

2170 4856 2287 4897 mus
2317 4851 2419 4896 tua:
2438 4882 2452 4905 ,
2481 4853 2535 4896 et
2561 4842 2614 4895 in
2641 4840 2819 4895 cordis
2849 4840 2920 4892 ttti
2951 4838 3149 4907 pariete
3174 4834 3362 4890 falcem
3389 4835 3530 4887 illam
3560 4832 3739 4885 volan-

2169 4944 2297 4996 tem,
2326 4941 2381 4987 et
2406 4933 2541 4985 hanc
2563 4930 2631 4985 ad
2656 4929 3075 4984 maledictionem
3104 4926 3283 4981 volare
3310 4932 3434 4995 puta
3462 4922 3642 4992 (Zach.
3676 4921 3732 4976 5.

2170 5022 2290 5090 1-5)
2312 5039 2324 5074 :
2346 5029 2403 5075 et
2428 5019 2640 5075 assidue
2674 5019 2843 5089 ipsam
2870 5018 3123 5088 recogita,
3156 5016 3268 5071 sive
3293 5015 3455 5070 alium
3473 5016 3739 5083 jurautem

2170 5112 2369 5177 videas,
2393 5110 2601 5175 cohibe,
2625 5120 2765 5175 veta,
2786 5118 2839 5163 et
2858 5124 3040 5163 curam
3066 5118 3276 5162 tuorum
3298 5120 3426 5176 gere
3443 5118 3738 5161 servorum.

2168 5201 2222 5256 Si
2244 5200 2386 5255 enim
2414 5201 2515 5255 hoc
2539 5200 2958 5265 consideremus,
2981 5198 3250 5269 quomodo
3275 5212 3381 5252 non
3409 5204 3612 5250 tantum
3641 5193 3740 5263 ipsi

2171 5299 2314 5345 recte
2358 5305 2455 5344 nos
2480 5305 2762 5361 geramus,
2807 5290 2899 5344 sed
2944 5299 2999 5343 et
3026 5288 3157 5342 alios
3183 5288 3234 5341 in
3262 5286 3365 5339 hoc
3390 5284 3699 5339 inducamus
3722 5324 3739 5349 ,

2169 5381 2411 5437 celeriter
2434 5382 2532 5451 ipsi
2555 5382 2621 5436 ad
2641 5382 2800 5436 ﬁnem
2827 5380 3116 5433 veniemus.
3138 5376 3285 5430 Alios
3302 5376 3443 5429 enim
3470 5375 3742 5443 corrigere

2171 5473 2535 5544 aggredientes
2555 5516 2569 5536 ,
2602 5470 2964 5527 erubescimus
2986 5476 3041 5522 et
3062 5465 3458 5529 confundimur,
3484 5481 3603 5535 quae
3623 5465 3742 5519 aliis

2171 5566 2502 5631 mandamus,
2529 5568 2641 5620 haec
2660 5564 2759 5633 ipsi
2780 5561 3101 5617 amittentes.
3125 5558 3233 5614 Nec
3251 5558 3490 5630 pluribus
3509 5568 3592 5614 est
3606 5572 3743 5626 opus

2172 5657 2543 5713 sermonibus:
2568 5654 2731 5709 multa
2773 5652 2915 5709 enim
2956 5650 3099 5720 prius
3128 5660 3251 5704 sunt
3284 5658 3695 5704 commemorata
3723 5686 3740 5711 ,

2171 5758 2225 5803 et
2256 5748 2367 5801 hmc
2391 5746 2708 5803 renovandte
2731 5744 2999 5800 memoria:
3026 5752 3226 5796 tantum
3253 5756 3408 5796 causa
3430 5739 3567 5794 dicta
3592 5747 3739 5793 sunt.

2177 5841 2314 5894 Deus
2342 5852 2467 5893 vero
2492 5838 2579 5909 qui
2608 5837 2773 5907 magis
2800 5851 2956 5907 quam
2988 5852 3082 5889 nos
3111 5834 3301 5888 ttoS'ris
3329 5832 3493 5899 parcit
3519 5827 3735 5891 animis,
