4414 6688
805 388 905 445 Ill
1520 393 1575 446 ε.
1615 390 1893 450 JOANNIS
1928 392 2407 452 ClilﬂSOSTOMl
2443 399 2548 454 Alli

1615 390 1893 450 JOANNIS
1928 392 2407 452 ειιιιὶδοδτοκι
2443 398 2761 458 ARCIIIEP.
2801 403 3332 469 CONSTANTINOP.

797 514 853 559 ct
876 505 931 560 in
961 502 1064 561 hoc
1100 515 1155 561 et
1194 506 1247 561 in
1282 506 1425 561 omni
1472 520 1570 561 nos
1604 507 1743 561 bono
1783 506 2047 575 perfectos
2094 507 2278 573 faciat,
2326 519 2384 564 ut

795 611 1009 653 omnem
1048 598 1267 667 iustitia:
1310 597 1537 651 fructum
1582 599 1890 668 assequtui,
1930 600 2187 655 cmlorum
2220 615 2385 669 regno

796 688 939 759 digni
966 703 1319 755 censeantur,
1357 689 1527 758 gratia
1551 699 1605 743 et
1636 688 1959 758 benignitate
1988 691 2193 744 Domini
2216 692 2383 745 nostri

2348 821 4070 862 .———_‘.__‘_~-

791 910 945 956 μοι
987 911 1205 954 κοιυιι
1248 910 1357 963 QUI
1402 910 1553 954 POST
1595 911 1795 955 CIBUM
1838 913 1923 955 AD
1980 910 2357 955 AUDIENDUII
2411 909 2773 967 VENERANT,
2839 913 2921 956 ΕΤ
2992 918 3103 962 ΝΔΊ
3123 922 3342 969 ῦιιιιιε
3409 928 3612 971 κωπίω
3678 931 4068 996 ΕΝΔΠΠΔΤΠ),

945 1008 1101 1051 1⁸1⁵811
1146 1008 1394 1051 CONTRA
1440 1009 1744 1053 GENTILES
1776 1009 2160 1052 οιιεΑτυιιΑΜ
2209 1008 2291 1050 UT
2333 1008 2509 1049 DEUM
2554 1006 2688 1050 σοι]

2154 1010 2160 1049 Ι
2209 1008 2291 1050 UT
2333 1008 2509 1049 DEUM
2554 1006 2893 1067 COLENTBS,
2940 1014 3021 1058 ΕΤ
3063 1018 3145 1064 υκ
3195 1023 3471 1069 νιτιιωο
3500 1027 3897 1076 ΙυΒΔΜΕΝΤΟ.

2199 1132 2619 1187 ιεέοοοοοοο»

3977 432 4087 489 ΗΞ

2494 510 2618 607 Jesu
2660 515 2890 585 Christi,
2941 538 3037 591 per
3075 540 3233 593 quem
3261 537 3316 580 ct
3344 542 3464 581 cunt
3492 545 3597 598 quo
3625 532 3768 589 Patri
3794 541 3959 607 gloria
4000 551 4079 600 si-

2498 605 2713 675 mulque
2740 621 2926 664 sancto
2947 611 3189 682 Spiritui.
3221 618 3272 670 in
3300 618 3493 672 stecula
3518 605 3852 682 szrculorum.
3880 637 4077 691 Amen.

2477 1250 2787 1311 reditatibus
2809 1300 2825 1323 ,
2854 1262 2935 1315 vel
2964 1262 3032 1319 de
3066 1267 3183 1324 aliis
3211 1271 3402 1329 talibus
3438 1289 3469 1328 a
3507 1278 3712 1331 cunctis
3750 1295 3816 1335 eo
3858 1300 4059 1342 eonve.

2474 1342 2739 1438 nientibus
2775 1364 3050 1413 sermones
3086 1358 3367 1421 habentur.
3397 1367 3460 1421 Et
3488 1367 3531 1421 si
3562 1369 3613 1421 in
3643 1370 3809 1438 ipsam
3846 1382 4057 1434 veneris

2473 1435 2705 1527 regiam,
2732 1450 2783 1494 et
2813 1443 2918 1499 illic
2948 1462 3157 1507 rursum
3188 1469 3375 1511 omnes
3398 1458 3720 1517 disserentes
3760 1468 3940 1524 audies
3982 1474 4056 1527 de

2470 1526 2729 1625 pecuniis,
2758 1529 2826 1585 de
2852 1538 3106 1604 potentia,
3135 1542 3202 1596 de
3230 1545 3393 1613 gloria
3415 1588 3429 1611 ,
3453 1564 3571 1616 qua:
3601 1550 3684 1604 lllC
3719 1540 4052 1625 honoi-atur;

1429 1272 1642 1310 HOIILIA
1685 1274 1711 1309 Χ
1724 1295 1737 1309 .

849 1348 903 1403 1.
941 1346 1196 1414 Gaudeo,
1233 1357 1288 1404 et
1334 1349 1573 1418 gratulor
1602 1348 1846 1402 ontnibns
1878 1347 2028 1400 vobis
2054 1386 2068 1411 ,
2098 1344 2239 1415 quod
2276 1344 2365 1397 διι-

778 1436 1123 1491 monitionem
1158 1448 1395 1491 nostram
1425 1479 1440 1503 ,
1472 1453 1629 1506 quam
1659 1452 1752 1505 pro
1775 1453 1878 1490 non
1920 1435 2283 1506 ieiunantibus
2310 1445 2365 1489 et

777 1536 1055 1595 propterea
1097 1527 1408 1582 absentibus
1436 1543 1604 1595 nuper
1629 1525 1729 1581 feci
1751 1566 1764 1585 ,
1796 1543 1853 1580 re
1893 1526 2235 1594 prmstitistis.
2263 1528 2365 1579 Ar-

775 1615 943 1669 bitror
962 1616 1102 1668 enim
1132 1616 1327 1669 multos
1358 1615 1465 1682 iatn
1492 1629 1713 1682 pransus
1739 1612 1899 1667 hodie
1931 1614 2119 1669 adesse
2154 1622 2203 1668 et
2247 1614 2361 1682 pul-
2467 1616 2741 1684 spirituale
2768 1638 2895 1679 vero
2919 1628 3047 1683 nihil
3080 1648 3093 1684 :
3130 1631 3217 1688 hic
3238 1612 3371 1690 ivero
3398 1612 3721 1695 contrarium
3750 1654 3914 1702 totum
3935 1690 3950 1713 ,

770 1706 954 1761 cltram
986 1706 1124 1761 hanc
1152 1706 1305 1761 nobis
1344 1708 1569 1776 implere
1589 1708 1903 1761 concionem
1928 1724 1941 1761 :
1971 1716 2026 1761 et
2062 1706 2164 1761 hoc
2187 1706 2357 1775 conji-
2465 1706 2529 1762 iis
2555 1724 2674 1779 qua:
2697 1712 2751 1766 in
2780 1716 2912 1771 ca‘lo
2933 1730 3056 1776 sunt
3082 1725 3259 1791 rebus,
3291 1726 3357 1781 de
3386 1728 3581 1796 anima,
3610 1730 3677 1785 de
3702 1734 3805 1787 vita
3841 1706 4045 1806 nostra,

769 1796 854 1850 cio
895 1812 963 1852 eo
985 1837 1001 1861 ,
1032 1796 1175 1866 quod
1222 1798 1455 1868 amplius
1497 1798 1649 1853 uobis
1690 1798 1953 1853 theatrum
1985 1797 2180 1853 factum
2210 1799 2277 1852 sit
2305 1807 2359 1851 et
2462 1808 2516 1854 et
2553 1816 2719 1871 quare
2744 1804 2866 1862 facti
2910 1826 3119 1879 sumus,
3154 1826 3206 1870 et
3232 1834 3393 1886 quare
3438 1820 3524 1874 hic
3556 1832 3756 1879 tantum
3788 1796 4047 1900 temporis

768 1890 938 1991 maior
964 1892 1295 1991 audientium
1324 1904 1635 1950 conventus.
1660 1894 1774 1948 Non
1804 1895 2096 1991 frustraxut
2125 1893 2352 1957 videtur,
2459 1905 2872 1991 contmoramur,
2892 1912 2945 1956 et
2964 1904 3030 1958 ad
3055 1922 3171 1974 qua:
3202 1907 3325 1962 hinc
3354 1910 3662 1981 migramus,
3692 1928 3745 1971 et
3768 1890 4044 1991 quid'post

767 1981 966 2038 multos
1006 1984 1075 2039 de
1122 1986 1252 2054 ipsis
1295 2001 1573 2041 sermones
1614 2000 1785 2054 nuper
1831 1984 2187 2053 impenditnm
2210 2024 2226 2050 ,
2256 2000 2352 2037 ve-
2460 1978 2573 2035 haec
2602 1998 2700 2039 nos
2728 1990 2980 2059 suscipiet
3008 2033 3023 2059 ,
3055 2004 3108 2048 et
3135 2012 3291 2063 quam
3322 1997 3391 2053 ob
3415 1978 3823 2063 tunsam-nobis
3846 1978 4043 2082 corpus

764 2078 927 2124 stram
956 2072 1301 2128 exhortantes
1322 2073 1666 2139 charitatem,
1694 2074 1841 2144 ipsos
1881 2073 1948 2128 ad
1990 2082 2216 2129 matrem
2246 2084 2353 2128 tra-
2454 2080 2537 2125 est
2569 2074 2765 2131 luteum
2790 2120 2806 2145 ,
2835 2091 2890 2135 et
2915 2099 3032 2153 qua:
3060 2089 3243 2141 mortis
3276 2102 3461 2145 natura
3485 2135 3501 2158 ,
3546 2097 3669 2163 quid
3714 2103 3925 2157 tandem
3941 2072 4043 2162 est

762 2159 923 2227 bere,
954 2174 1007 2218 et
1032 2164 1094 2219 iis
1120 2166 1445 2235 persuadere
1484 2165 1627 2237 quod
1665 2166 1825 2221 liceat
1851 2176 1907 2221 et
1949 2174 2069 2235 post
2108 2167 2350 2236 corporis

760 2255 1143 2311 nutrimentum
1210 2258 1503 2328 spiritualis
1567 2272 1707 2314 esca:
1767 2258 2172 2327 participatione
2238 2273 2344 2312 non

759 2342 1010 2399 fraudari.
1042 2347 1267 2415 Quando
1295 2364 1458 2416 vero,
1501 2363 1717 2419 qumso,
1747 2361 1846 2403 vos
1865 2388 1881 2411 ,
1905 2346 2084 2402 dilecti
2105 2389 2119 2412 ,
2152 2350 2345 2404 melius

755 2433 996 2490 fecistis?
1028 2452 1096 2491 an
1128 2439 1395 2506 prteterita
1424 2439 1611 2509 synaxi
1638 2478 1653 2502 ,
1693 2435 1909 2507 quando
1946 2445 2070 2506 post
2102 2452 2341 2491 mensam

753 2525 819 2581 ad
844 2541 1091 2582 somnum
1121 2528 1595 2593 convertebamini,
1625 2542 1693 2582 an
1718 2541 1864 2581 nunc
1889 2541 2010 2582 cum
2043 2536 2162 2595 post
2187 2543 2340 2582 men-

751 2632 866 2671 sam
893 2617 960 2672 ad
984 2617 1190 2675 divinas
1218 2620 1364 2691 leges
1404 2619 1699 2675 audiendas
1724 2617 2091 2673 convenistis?
2125 2618 2339 2687 quando

753 2708 809 2762 in
851 2708 971 2764 foro
1011 2711 1526 2777 commorabamini,
1558 2719 1615 2767 et
1654 2724 2004 2766 consessuum
2050 2709 2181 2763 nihil
2213 2710 2337 2764 boui

751 2800 1058 2857 habentium
1108 2805 1394 2875 participes
1444 2806 1607 2861 eratis
1629 2845 1644 2869 ,
1678 2818 1745 2858 an
1790 2815 1934 2855 nunc
1965 2800 2178 2871 quando
2213 2815 2335 2855 cum

748 2889 1005 2946 fratribus
1030 2895 1225 2948 vestris
1251 2892 1405 2950 statis
1443 2906 1499 2951 et
1541 2897 1882 2965 prOphetieos
1920 2913 2197 2955 sermones
2239 2915 2335 2955 au-

742 2978 903 3035 ditis?
921 2980 1039 3037 Non
1062 2994 1146 3038 est
1174 2984 1463 3055 ignominia
1482 2985 1765 3044 comedere
1782 3029 1799 3056 ,
1827 2989 2037 3055 dilecti,
2070 2990 2163 3046 sed
2185 3005 2331 3045 sum-

744 3079 835 3139 pto
860 3071 984 3127 cibo
1006 3074 1150 3129 domi
1172 3091 1451 3132 remanere
1474 3086 1531 3133 et
1563 3077 1663 3133 bac
1684 3093 1836 3134 sacra
1861 3080 2199 3137 solemnitate
2224 3083 2332 3151 pri-

742 3163 879 3216 vari.
904 3163 1057 3219 Domi
1072 3166 1218 3220 enim
1238 3182 1462 3223 manens
1495 3167 1719 3224 otiosior
1741 3170 1851 3225 eris
1866 3178 1922 3225 et
1948 3170 2197 3239 segnior:
2224 3171 2328 3227 huc

739 3264 917 3309 autem
944 3256 1163 3311 veniens
1184 3297 1201 3323 ,
1229 3272 1445 3312 omnem
1484 3272 1732 3313 somnum
1769 3267 1827 3314 et
1853 3268 2122 3331 torporem
2162 3277 2326 3317 excu-

739 3343 874 3409 tles,
909 3361 1011 3401 nec
1040 3357 1307 3417 torporem
1351 3363 1482 3404 vero
1526 3356 1766 3413 tantum,
1811 3350 1905 3406 sed
1950 3359 2006 3407 et
2056 3352 2322 3409 tristitiam

734 3452 947 3490 onmem
976 3437 1251 3507 deponens
1270 3480 1286 3505 ,
1316 3438 1525 3495 facilior
1551 3449 1608 3496 et
1647 3441 1821 3496 latior
1861 3442 1915 3495 in
1941 3442 2188 3498 omnibus
2214 3444 2323 3499 eris

732 3526 963 3581 casibus.
993 3528 1059 3581 Et
1084 3529 1209 3599 quid
1248 3544 1383 3600 opus
1419 3539 1503 3585 est
1544 3530 1696 3599 plura
1731 3529 1947 3585 dicere?
1973 3529 2066 3585 Sta
2117 3539 2320 3586 tantum

735 3633 903 3685 prope
945 3619 1313 3688 ieiunantem,
1364 3631 1421 3676 et
1467 3620 1634 3690 ipsius
1684 3622 1862 3675 statim
1910 3621 2094 3677 odoris
2142 3622 2322 3677 suavi-

732 3717 892 3763 tatem
920 3709 1143 3764 senties.
1184 3709 1319 3765 Nam
1342 3710 1432 3781 qui
1454 3710 1696 3781 ieiunat,
1743 3720 2066 3781 unguentum
2094 3720 2177 3767 est
2203 3712 2316 3782 spi-

730 3796 920 3853 rituale
942 3838 957 3860 ,
984 3808 1040 3853 et
1082 3816 1178 3869 per
1210 3800 1396 3856 oculos
1419 3810 1473 3856 et
1498 3815 1596 3871 per
1637 3801 1869 3873 linguam
1903 3813 1958 3859 et
2004 3817 2098 3873 per
2133 3804 2313 3859 omnia

731 3890 923 3943 bonam
968 3890 1160 3945 anima:
1195 3891 1601 3961 dispositionem
1643 3892 1925 3948 exhibens.
1950 3892 2077 3948 llaac
2108 3909 2213 3949 non
2255 3904 2315 3951 ut

730 3995 959 4049 pra-sos
980 3997 1227 4038 accusem
1262 3984 1370 4039 disi
1394 4024 1409 4050 ,
1438 3983 1535 4040 sed
1557 3994 1617 4040 ut
1641 3983 1827 4054 ieiunii
1853 3984 2059 4040 lucrum
2083 3985 2310 4041 demon-

728 4082 916 4127 strem.

799 4163 1017 4220 Praestat
1044 4166 1242 4221 uerbum
1270 4166 1365 4222 Dei
1404 4165 1585 4221 audire
1608 4182 1760 4236 quam
1778 4166 2039 4237 Μίδωνι.
2065 4193 2136 4207 --
2157 4165 2309 4237 Jeju-

726 4258 871 4312 ninm
906 4274 1038 4314 vero
1079 4276 1183 4315 non
1213 4261 1454 4315 ciborum
1483 4260 1865 4315 abstinentiam
1908 4268 2115 4314 tantum
2144 4259 2267 4315 dico
2287 4300 2304 4325 ,

722 4346 815 4402 sed
844 4356 900 4403 et
915 4357 1246 4416 peccatorum
1273 4349 1448 4419 fugam
1470 4351 1639 4420 magis
1666 4363 1824 4420 quam
1846 4349 2025 4404 illam:
2053 4352 2305 4421 quoniam

720 4447 777 4494 et
804 4441 1227 4505 convivatos,et
1267 4440 1371 4495 huc
1406 4455 1528 4496 cum
1574 4440 1835 4495 modestia
1864 4439 2136 4511 profectus
2175 4454 2306 4495 con-

719 4547 848 4601 grua
868 4572 884 4598 ,
916 4547 1020 4585 non
1050 4531 1219 4586 multo
1240 4546 1273 4585 a
1292 4531 1567 4601 ieiunante
1603 4530 1835 4584 vincitur
1864 4547 1878 4584 :
1907 4531 2045 4585 sicut
2069 4530 2302 4583 vicissim

715 4623 962 4693 ieiunans
1000 4637 1098 4676 nec
1125 4637 1246 4677 cum
1288 4622 1470 4676 studio
1500 4630 1556 4676 et
1577 4620 1850 4691 diligentia
1880 4620 1945 4675 iis
1969 4635 2090 4689 qua:
2111 4620 2302 4675 dicun-

717 4726 805 4771 tur
836 4714 1145 4775 attendens.
1184 4712 1410 4769 nihilex
1439 4712 1765 4783 hoe‘jejunio
1793 4726 2044 4783 magnum
2072 4711 2304 4766 lucrabi-

717 4817 819 4860 tur.
860 4805 1158 4859 Comcdens
1200 4805 1345 4860 enim
1387 4814 1441 4860 et
1483 4804 1760 4859 concionis
1811 4812 2013 4859 sancta
2063 4817 2302 4873 congruo

713 4896 892 4951 studio
920 4896 1229 4966 participem
1256 4910 1320 4952 se
1345 4895 1570 4961 faciens,
1590 4895 1719 4950 nihil
1756 4894 2073 4951 comedente
2110 4902 2167 4949 et
2204 4894 2301 4947 ab-

711 4997 867 5043 sente
891 4986 1066 5041 multo
1089 4986 1277 5041 melior
1302 4995 1385 5042 est
1413 5004 1427 5039 :
1455 5001 1560 5041 non
1587 4986 1730 5041 enim
1763 4994 1968 5040 tantum
1996 4998 2096 5040 nos
2124 4983 2299 5040 inedia

711 5080 964 5150 adiuvare
1010 5077 1237 5149 poterit,
1269 5086 1523 5148 quantum
1551 5077 1768 5147 prodest
1793 5087 1847 5133 et
1872 5077 2071 5133 bonum
2096 5075 2255 5132 affert
2277 5114 2295 5143 ,

711 5170 972 5240 spirituali
1000 5168 1297 5239 disciplinae
1327 5169 1606 5224 interesse.
1638 5166 1866 5223 Ubinam
1912 5167 2027 5223 haec
2070 5167 2291 5235 audies,

709 5276 829 5330 quae
856 5261 942 5315 hic
969 5258 1409 5331 philosopharis?
1435 5258 1490 5315 Si
1522 5258 1577 5313 in
1606 5258 1778 5314 forum
1826 5257 2025 5325 iveris,
2053 5258 2186 5314 rixa:
2220 5258 2294 5314 ibi

709 5364 763 5407 et
791 5368 977 5423 pugna:
1005 5368 1021 5408 :
1050 5353 1095 5408 si
1126 5354 1180 5409 in
1198 5353 1423 5415 curiam.
1448 5352 1681 5408 civilium
1711 5365 1889 5407 rerum
1924 5364 2051 5406 cura
2076 5366 2090 5403 :
2122 5349 2171 5405 si
2194 5349 2293 5405 do-

708 5460 854 5501 mutu
876 5487 893 5513 ,
924 5445 1243 5515 privatarum
1286 5444 1585 5501 sollicitudo
1631 5442 1863 5513 undique
1888 5441 2077 5512 afﬂigit
2107 5458 2120 5495 :
2164 5441 2209 5495 si
2240 5440 2292 5495 in

705 5538 809 5594 furi
833 5535 1199 5593 conventicula
1227 5545 1281 5592 et
1303 5550 1587 5591 consessus
1607 5576 1623 5599 ,
1656 5534 1834 5589 omnia
1865 5532 1972 5588 illic
1997 5541 2209 5587 terrena
2236 5539 2293 5585 et

703 5628 1068 5700 corruptibilia
1096 5643 1112 5683 :
1143 5627 1227 5682 vel
1256 5627 1398 5682 enim
1424 5626 1492 5681 de
1510 5626 1786 5681 venalibus
1802 5666 1816 5689 ,
1844 5622 1926 5678 vel
1951 5623 2019 5678 de
2043 5620 2254 5676 tributis
2274 5662 2288 5684 ,

707 5725 789 5779 vel
816 5725 883 5781 de
908 5725 1047 5779 lauta
1072 5734 1257 5777 mensa
1284 5762 1297 5787 ,
1329 5722 1411 5778 vel
1446 5720 1514 5775 de
1536 5735 1786 5791 agrorum
1826 5717 2131 5775 venditione
2151 5759 2168 5783 ,
2203 5716 2289 5771 vel

707 5816 775 5873 de
802 5818 917 5876 aliis
944 5815 1303 5876 contractibus
1321 5854 1341 5883 ,
1371 5814 1457 5871 vel
1485 5813 1552 5871 de
1578 5812 1908 5872 testamentis
1930 5851 1946 5878 ,
2003 5806 2087 5865 vel
2102 5804 2169 5864 de
2185 5805 2292 5863 ba:-

2456 2176 2691 2260 prarsens
2715 2169 2821 2224 vita
2846 2181 2899 2226 et
2924 2189 3041 2243 qua:
3066 2175 3235 2229 futura
3269 2196 3282 2231 :
3323 2180 3452 2236 nihil
3482 2200 3695 2251 prorsus
3723 2199 3990 2247 terrenum
4018 2236 4037 2260 ,

2450 2252 2544 2306 sed
2572 2270 2760 2313 omnes
2784 2259 2853 2315 de
2879 2265 3239 2333 spiritualibus
3258 2283 3535 2329 sermones
3557 2278 3707 2333 nobis
3732 2252 4033 2353 habentur

2448 2353 2502 2397 et
2550 2361 2738 2437 magna
2773 2353 2960 2409 salutis
3003 2367 3197 2412 nostra:
3238 2362 3425 2416 viatica
3461 2369 3764 2437 capientes,
3793 2374 3917 2430 hinc
3958 2377 4034 2431 ita

2447 2446 2567 2487 cum
2596 2436 2737 2493 bona
2766 2455 2862 2511 spe
2890 2446 3251 2515 migrabimus.

2516 2526 2570 2579 2.
2606 2528 2865 2596 Quoniam
2891 2534 3050 2605 igitur
3079 2554 3182 2593 non
3215 2550 3413 2595 temere
3438 2546 3638 2599 semina
3661 2549 3907 2621 iecimus,
3932 2557 4030 2611 sed

2444 2614 2583 2670 sicut
2610 2633 2705 2674 vos
2743 2622 3054 2679 exhortatus
3077 2626 3301 2693 fueram,
3333 2648 3520 2688 omnes
3544 2638 3631 2703 qui
3659 2614 3725 2693 ex
3754 2614 3905 2698 vobis
3926 2644 4029 2701 de-

2443 2705 2714 2775 fecerant,
2747 2716 2922 2771 venali
2950 2719 3079 2773 estis
3108 2736 3122 2773 :
3153 2736 3249 2791 age
3276 2731 3331 2777 et
3372 2740 3469 2780 nos
3507 2726 3655 2783 vobis
3682 2734 3904 2801 gratiam
3935 2753 4027 2792 re-

2392 2818 2395 2821 λ
2443 2800 2736 2867 pendamus
2764 2815 2818 2860 et
2846 2822 3011 2876 pauca
3052 2811 3205 2867 vobis
3252 2814 3398 2883 prius
3426 2800 3771 2876 dictoruntin
3812 2840 4025 2882 memo-

2440 2888 2572 2981 riam
2636 2904 2983 2963 revocantes,
3028 2898 3227 2969 reliqua
3269 2918 3478 2973 quoque
3532 2909 3836 2966 reddamus.
3889 2915 4020 2981 Qua:

2436 2976 2595 3075 igitur
2617 2983 2764 3050 prius
2795 2996 2919 3040 sunt
2946 2988 3086 3044 dicta
3107 2991 3131 3043 ἲ
3150 2992 3528 3058 ρυωτοδξιηιιιε
3552 3002 3777 3069 qualiter
3801 3014 3855 3059 et
3881 2976 4020 3075 quo-

2434 3070 2597 3125 modo
2639 3084 2763 3130 ante
2804 3076 3198 3149 Scripturarum
3245 3085 3442 3142 donum
3494 3106 3579 3144 res
3622 3103 3831 3149 nostras
3876 3070 4018 3152 [iens

2430 3159 2732 3231 disposuit:
2758 3175 2811 3221 et
2834 3167 3173 3238 dicebamus,
3210 3176 3351 3244 quod
3381 3192 3477 3244 per
3494 3190 3791 3236 creaturam
3817 3184 4018 3241 docue-

2429 3254 2499 3309 rit
2540 3270 2711 3323 genus
2745 3273 2985 3315 neatrum
3008 3302 3023 3325 ,
3055 3264 3245 3320 oculum
3286 3269 3578 3324 extendens
3604 3282 3658 3325 et
3687 3273 3740 3326 in
3780 3276 4012 3331 medium

2426 3360 2733 3416 proponens
2754 3390 2771 3416 ,
2803 3354 3096 3409 maximum
3138 3356 3329 3411 librum
3360 3358 3537 3413 idiotis
3561 3370 3615 3415 et
3642 3364 3967 3432 sapientibus
3988 3408 4009 3434 ,

2428 3437 2747 3505 pauperibus
2774 3448 2830 3495 et
2856 3441 3126 3510 divitibus,
3154 3444 3366 3517 Scythis
3389 3456 3443 3501 et
3468 3448 3729 3516 Barbaris,
3758 3462 3813 3507 et
3835 3457 4009 3511 omni-

2428 3522 2528 3578 bus
2551 3528 2873 3595 generaliter
2901 3539 3098 3586 terram
3130 3533 3489 3590 habitantibus
3519 3538 3697 3593 utilem
3724 3580 3738 3603 ,
3768 3541 3959 3598 librum
3988 3547 4005 3577 '

2424 3618 2592 3673 nmlto
2656 3621 2911 3690 maiorem
2960 3639 3143 3678 eorum
3194 3626 3283 3695 qui
3339 3626 3597 3682 docentur
3647 3632 3999 3689 multitudine.

2420 3705 2581 3762 Multa
2614 3710 2774 3765 etiam
2812 3711 2880 3765 de
2907 3726 3062 3768 noete
3086 3723 3139 3769 et
3168 3714 3284 3778 die,
3311 3726 3366 3770 et
3390 3716 3577 3772 borum
3601 3722 3788 3776 ordine
3808 3764 3823 3785 ,
3852 3734 3907 3777 et
3933 3726 4002 3779 de

2417 3802 2787 3858 convenientia
2827 3803 2896 3858 ab
2921 3806 3050 3875 ipsis
3073 3821 3192 3861 cum
3222 3806 3491 3877 diligentia
3517 3819 3724 3864 servata
3748 3812 4003 3869 dissemi-

2416 3905 2574 3945 mus:
2604 3894 2767 3947 multa
2797 3904 2850 3949 et
2877 3895 2945 3950 de
2970 3906 3342 3966 tempestatum
3372 3901 3495 3954 anni
3519 3916 3761 3966 numero,
3784 3918 4000 3958 earum-

2415 3996 2520 4051 que
2562 3984 2883 4052 aequalitate.
2926 3986 3074 4041 Sicut
3122 3988 3266 4042 enim
3306 3989 3423 4044 dies
3475 3999 3633 4044 nocte
3674 4006 3741 4045 ne
3780 3992 3996 4047 dimidia

2414 4073 2628 4141 quidem
2662 4074 2791 4128 hora
2837 4075 2954 4143 plus
2998 4075 3159 4132 habet
3206 4093 3301 4148 per
3344 4088 3511 4133 totum
3552 4094 3789 4145 annum,
3817 4082 3895 4134 sic
3942 4093 3997 4136 et

2416 4162 2499 4216 ha:
2541 4162 2679 4217 inter
2714 4178 2773 4219 se
2800 4180 2865 4220 ex
2904 4181 3058 4236 :cquo
3096 4167 3216 4223 dies
3251 4182 3439 4222 omnes
3481 4167 3865 4222 distribuerunt
3894 4187 3909 4223 :
3941 4182 3997 4225 et

2412 4254 2553 4323 quod
2598 4256 2744 4323 prius
2789 4256 3070 4326 dicebam,
3124 4275 3231 4313 non
3285 4258 3590 4327 magnitudo
3632 4270 3889 4314 creatura:
3939 4272 3995 4315 ct

2410 4343 2751 4412 pulchritudo
2802 4355 3003 4401 tantum
3055 4358 3352 4403 creatorem
3404 4347 3763 4410 demonstrat,
3794 4349 3889 4403 sed
3936 4361 3994 4405 et

2408 4436 2523 4504 ipse
2546 4439 3024 4507 coagmentationis
3049 4439 3241 4495 modus
3261 4478 3279 4505 ,
3309 4447 3366 4493 et
3406 4437 3549 4509 quod
3573 4454 3733 4509 super
3771 4450 3992 4495 natura-

2407 4528 2511 4583 lem
2557 4530 2993 4599 consequentiam
3049 4531 3120 4585 sit
3172 4529 3363 4584 modus
3414 4530 3721 4585 creatiouis.
3776 4531 3988 4585 Natura:

2408 4632 2598 4686 nempe
2622 4619 2999 4688 consequentia
3028 4627 3164 4682 erat,
3187 4632 3377 4687 aquam
3405 4631 3566 4687 super
3592 4628 3783 4673 terram
3814 4620 3940 4673 ferri
3968 4638 3984 4674 :

2406 4724 2548 4763 nunc
2599 4724 2726 4763 vero
2768 4709 3095 4763 contrarium
3147 4708 3423 4775 videmus,
3474 4717 3669 4764 terram
3721 4710 3789 4763 ab
3835 4711 3986 4779 aquis

2405 4797 2555 4854 ferri.
2583 4798 2794 4853 Natura:
2830 4806 2946 4852 erat
2983 4800 3381 4869 consequentia,
3414 4800 3588 4871 ignem
3616 4801 3684 4855 ad
3710 4801 3982 4868 superiora

2402 4904 2619 4947 currere
2648 4903 2663 4943 :
2691 4902 2834 4943 nunc
2892 4903 3020 4944 vero
3074 4890 3396 4945 contrarium
3445 4890 3717 4955 videmus,
3764 4887 3983 4943 inferius

2402 4996 2601 5042 terram
2628 5000 2814 5041 versus
2838 4998 3125 5040 universos
3153 4986 3284 5042 solis
3317 4986 3523 5050 radios,
3555 4994 3610 5038 et
3631 4998 3794 5052 aquas
3820 4996 3979 5050 super

2396 5078 2563 5136 celos
2598 5091 2754 5143 esse,
2778 5086 2967 5133 etnon
2990 5079 3231 5134 consumi
3259 5095 3275 5144 ;
3319 5078 3491 5135 solem
3537 5076 3723 5131 subtus
3759 5088 3983 5128 curren-

2400 5179 2509 5226 tem
2544 5183 2652 5225 non
2690 5167 2956 5237 exstingui
2982 5168 3053 5224 ab
3092 5170 3267 5239 aquis,
3296 5182 3399 5223 nec
3437 5162 3806 5220 humiditatem
3835 5163 3980 5219 illam

2396 5260 2703 5316 absumere.
2733 5258 2813 5314 Ad
2861 5259 2977 5315 hare
3020 5260 3254 5316 diximus
3276 5298 3296 5325 ,
3325 5272 3394 5313 ex
3430 5262 3655 5325 quatuor
3698 5253 3981 5309 elementis

2398 5353 2501 5408 hoc
2525 5360 2693 5407 totum
2720 5352 3014 5409 consistere
3052 5352 3189 5409 inter
3225 5365 3287 5405 se
3308 5346 3591 5404 contrariis
3617 5357 3672 5402 et
3695 5347 3977 5417 pugnanti-

2396 5447 2496 5501 bus
2517 5485 2533 5511 ,
2560 5453 2616 5500 et
2652 5445 2878 5501 alterum
2904 5445 3131 5501 alterum
3160 5457 3266 5497 non
3296 5452 3644 5504 consumere,
3674 5438 3797 5493 licet
3836 5438 3977 5493 alte.

2396 5552 2514 5591 rum
2542 5537 2611 5593 ab
2633 5536 2807 5593 altero
2832 5545 3017 5592 natura
3046 5548 3145 5589 sua
3168 5528 3410 5587 consumi
3434 5527 3645 5584 debeat.
3674 5527 3826 5585 Unde
3855 5542 3974 5583 ma-

2396 5625 2666 5694 nifestum,
2696 5627 2837 5699 quod
2866 5629 3035 5681 virtus
3060 5620 3302 5693 quredam
3344 5618 3620 5675 invisibilis
3661 5619 3776 5676 haec
3818 5619 3973 5675 cohi-

2458 5818 2471 5848 ι
2502 5822 2695 5873 vocem,
2718 5811 2914 5869 librum,
2937 5806 3014 5856 hic
3032 5804 3406 5866 interinsuintus
3426 5798 3652 5854 Savllbun
3671 5799 3846 5850 secuti.
