4414 6732
229 481 345 535 ιιι

256 593 674 664 εαταξιωθῶμεν
707 594 807 666 τῆς
847 595 1122 666 βασιλείας
1154 593 1262 645 τῶν
1292 593 1536 663 οὐρανῶν
1558 636 1574 661 ,
1602 596 1781 666 χάριτι
1815 595 1910 648 καὶ

241 680 638 755 φιλανθρωπίᾳ
675 684 771 738 τοῦ
817 683 1021 752 Κυρίου
1067 680 1223 751 ήμῶν
1258 680 1430 751 Ἰησοῦ
1461 682 1719 755 Χριστοῦ,
1761 682 1830 736 δι’
1856 674 1917 736 οὗ

1275 481 1365 534 ΑΙ)
1404 478 1732 536 POPULUM
1774 478 2281 537 ANTIOCIIENUM
2323 480 2555 537 HOMIL.
2592 480 2660 536 Χ.

3593 487 3695 537 ΗΞ

2031 595 2124 648 καὶ
2150 594 2268 664 μεθ’
2294 588 2355 647 οῦ
2404 594 2480 665 τῷ
2511 595 2687 666 Πατρὶ
2722 596 2753 665 ή
2782 593 2909 659 δόξα
2950 593 3065 664 ἅμα
3102 594 3179 665 τῷ
3220 596 3360 665 ἁγίῳ
3397 594 3692 666 Πνεύματι,

2027 682 2109 744 εἰς
2135 679 2262 744 τοὺς
2290 679 2492 743 αίῶνας
2520 680 2627 733 τῶν
2652 680 2884 734 αἰώνων.
2922 682 3116 753 Ἀμήν.

3538 881 3592 900 α.

228 1007 536 1075 Ἐπωνος
563 1007 682 1061 τῶν
720 1003 872 1073 μετὰ
900 1001 1013 1069 τὴν
1044 1002 1320 1059 ἑστίασιν
1348 1004 1779 1072 ἀπηντηκότων
1809 1003 1898 1066 είς
1935 1000 2051 1067 τὴν
2072 999 2366 1068 ἀκρόασιν
2386 1015 2398 1027 ·
2426 998 2525 1054 καὶ
2550 1003 2913 1071 φυσιολογιά
2932 1005 3163 1072 κόσμου
3187 1022 3200 1035 ·
3227 1005 3324 1059 καί
3382 1007 3534 1061 κατὰ
3575 1005 3694 1061 τῶν

1120 1097 1556 1151 θεοποιούντων
1592 1096 1707 1161 τὴν
1737 1094 1972 1148 κτίσιν-ο
2006 1090 2104 1144 καί
2133 1092 2266 1160 περὶ
2302 1089 2410 1145 τοῦ
2432 1090 2519 1159 μὴ
2551 1092 2815 1160 ὀμνύειν.

928 1321 1158 1391 Ὁμιλία
1193 1328 1247 1376 ι’.

2024 1317 2191 1388 ἢγάρ
2234 1317 2363 1386 περὶ
2410 1317 2519 1370 τῶν
2552 1316 2751 1383 ὠνίων,
2778 1317 2812 1386 ἢ
2858 1319 2988 1390 περὶ
3023 1320 3134 1379 τῶν
3171 1322 3461 1395 εἰσφορῶν,
3494 1326 3527 1395 ἢ
3565 1330 3692 1400 περὶ

314 1408 693 1480 α’.Χαίρωκαὶ
708 1411 1193 1481 συγχαίρωξπᾶσινο
1212 1412 1359 1481 ὑμῖν,
1385 1410 1469 1463 ὅτι
1493 1406 1922 1478 τήνπαραίνεσιν
2021 1402 2301 1475 τραπέζης
2332 1404 2682 1467 πολυτελοῦς,
2715 1404 2748 1475 ἢ
2785 1406 2911 1475 περὶ
2949 1407 3165 1477 χωρίων
3189 1410 3466 1479 πράσεως,
3498 1414 3531 1482 ἦ
3563 1417 3692 1486 περὶ

198 1482 201 1483 ν
226 1504 269 1571 ἡ
278 1500 424 1570 μῶν,
452 1498 518 1567 ἣν
554 1496 695 1568 ὑπὲρ
729 1496 838 1550 τῶν
871 1498 946 1569 μὴ
969 1499 1337 1570 νηστευόντων
1363 1499 1456 1551 καὶ
1478 1496 1566 1549 διὰ
1596 1493 1756 1548 τοῦτο
1780 1495 1916 1547 ἀπο-

225 1584 664 1655 λιμπανομένων
699 1584 1074 1655 ἐποιησάμεθα
1108 1585 1319 1654 πρώην,
1344 1584 1424 1645 είς
1452 1582 1613 1651 ἔργον
1644 1581 1802 1649 ὑμεῖς
1825 1580 1915 1647 ἐξ·

225 1670 533 1741 ηνέγκατε.
586 1669 695 1722 Καὶ
740 1670 848 1741 γὰρ
898 1670 1125 1733 πολλοὺς
1177 1665 1334 1739 οἶμαι
1378 1667 1488 1721 τῶν
1540 1667 1914 1736 ἠριστηκότων

227 1760 501 1829 παρεῖναι
529 1758 799 1829 τήμερον,
838 1760 936 1811 καὶ
962 1759 1054 1811 τὸν
1086 1758 1248 1811 καλὸν
1280 1758 1411 1826 ἡμῖν
1436 1755 1692 1824 σύλλογον
1727 1755 1913 1809 τοῦτον

229 1844 521 1915 πληροῦν*
564 1845 659 1897 καὶ
709 1844 867 1898 τοῦτο
913 1844 1246 1913 στοχάζομαι
1292 1844 1356 1893 ἐκ
1397 1841 1489 1894 τοῦ
1535 1842 1911 1913 λαμπρότερον

228 1934 379 2002 ἡμῖν
408 1932 471 1985 τὺ
509 1931 730 2003 θέατρον
762 1929 1141 2001 γενέσθαικαὶ
1180 1928 1350 1981 πλείω
1395 1929 1504 1982 τῶν
1545 1929 1910 2000 ἀκροωμένων

230 2017 341 2088 τὴν
371 2020 605 2073 σύνοδον.
653 2020 728 2072 Οὐ
772 2018 981 2088 μάτην,
1026 2014 1102 2077 ὡς
1132 2014 1300 2077 ἔοικε,
1340 2016 1465 2079 τοὺς
1513 2015 1741 2078 πολλοὺς
1783 2016 1914 2085 περὶ

230 2105 426 2159 αὐτῶν
455 2105 644 2177 πρώην
682 2105 1041 2175 ἀνηλώσαμεν
1070 2102 1281 2168 λόγους,
1324 2102 1423 2170 τὴν
1461 2102 1733 2171 ὑμετέραν
1770 2101 1911 2168 ἀγά-

232 2208 355 2262 πην
395 2190 837 2261 παρακαλοῦντες
883 2189 1064 2241 ἕλκειν
1109 2188 1244 2257 πρὸς
1283 2188 1383 2256 τὴν
1417 2187 1629 2258 μητέρα
1674 2187 1873 2249 αὐτοὺς
1896 2226 1911 2247 ,

231 2282 338 2330 καὶ
367 2278 592 2341 πείθειν,
632 2279 708 2341 ὡς
736 2276 910 2341 ἔξεστι
936 2276 1033 2327 καὶ
1067 2275 1203 2344 μετά
1242 2274 1447 2344 τροφὴν
1476 2274 1792 2345 σωματικὴν
1820 2272 1915 2327 καὶ

228 2363 449 2433 τροφῆς
501 2366 792 2433 μετασχεῖν
837 2362 1230 2431 πνευματικῆς.
1276 2361 1413 2413 Πότε
1464 2362 1603 2431 γάρ,
1639 2361 1759 2413 είπέ
1799 2376 1910 2429 μοι,

238 2449 457 2518 βέλτιον
484 2453 840 2521 πεποιήκατε,
872 2448 1180 2516 ἀγαπητοί;
1210 2451 1274 2517 τῇ
1304 2448 1648 2522 παρελθούσῃ
1675 2444 1908 2512 συνάξει,

226 2539 328 2589 ὅτε
356 2537 494 2605 μετὰ
527 2536 624 2606 τὴν
649 2536 931 2603 τράπεζαν
963 2533 1056 2586 ἐπὶ
1082 2534 1247 2587 ὖπνον
1280 2535 1594 2607 ἐτρέπεσθε,
1623 2535 1655 2603 ἢ
1684 2534 1800 2595 νῦν,
1822 2534 1910 2585 ὅτε

234 2622 387 2690 μετά
434 2622 533 2688 τὴν
582 2620 864 2687 τράπεζαν
907 2620 1044 2690 πρὸς
1087 2619 1242 2692 [106]
1287 2624 1385 2693 τὴν
1433 2622 1695 2690 ἀκρόασιν
1734 2620 1763 2660 ι)
1803 2618 1912 2673 τῶν

231 2706 404 2758 θείων
441 2707 789 2776 ἀπηντήκατε
822 2706 1039 2774 νόμων;
1081 2707 1170 2761 ὅτε
1217 2710 1309 2761 ἐπὶ
1339 2710 1441 2778 τῆς
1469 2708 1672 2777 ἀγορᾶς
1710 2705 1909 2776 διετρί-

227 2793 384 2855 εετε,
427 2792 520 2844 καὶ⁵
557 2792 844 2862 συνεδρίων
883 2793 1159 2864 μετείχετε
1198 2795 1351 2848 οὐδὲν
1382 2794 1612 2864 ἐχόντων
1651 2793 1909 2862 χρηστὸν,

227 2880 267 2942 ἢ
301 2879 423 2941 νῦν,
452 2879 540 2931 ὅτε
570 2880 708 2948 μετά
745 2880 849 2930 τῶν
886 2881 1129 2948 ἀδελφῶν
1158 2883 1425 2952 ἑστήκατε
1468 2881 1576 2933 τῶν
1605 2880 1908 2950 ὑμετέρων,

230 2965 332 3022 καὶ
368 2970 715 3038 προφητικῶν
768 2968 989 3020 άκιύετε
1023 2969 1225 3036 λόγωνς
1263 2970 1376 3021 Οὐκ
1416 2967 1563 3019 ἐστιν
1587 2965 1819 3036 αἰσχύνη
1850 2967 1913 3019 τὸ

232 3058 457 3122 φαγεῖν,
489 3055 784 3125 ἀγαπητοὶ,
817 3054 953 3106 ἀλλὰ
990 3054 1073 3117 τί;
1116 3054 1190 3105 Τὸ
1228 3054 1471 3121 φαγόντα
1493 3063 1515 3092 ο
1552 3053 1732 3122 μένειν
1772 3054 1912 3106 οἴκοι

234 3143 336 3194 καὶ
380 3142 626 3210 ὑστερεῖν
662 3142 763 3208 τῆς
803 3143 954 3211 ἱερᾶς
983 3142 1185 3211 ταύτης
1229 3141 1442 3211 ἑορτῆς.
1481 3140 1632 3193 Οἷκοι
1668 3140 1767 3210 μὲν
1801 3140 1911 3212 γὰρ

237 3229 425 3297 μένων
455 3228 750 3299 ἀργότερος
782 3228 880 3300 ἔσῃ
909 3230 1002 3280 καὶ
1029 3228 1373 3298 νωθέστερος,
1405 3227 1635 3281 ἐνταῦθα
1654 3228 1709 3280 δὲ
1740 3226 1909 3280 ἐλθὼν

236 3316 425 3367 πάντα
459 3314 623 3366 ῦπνον
663 3316 755 3367 καὶ
815 3316 995 3367 πᾶσαν
1042 3314 1315 3384 ῥαθυμίαν
1370 3314 1715 3380 ἀποτινάξεις
1743 3314 1802 3353 ά·
1845 3316 1907 3367 οὑ

238 3400 518 3472 ῥαθυμίαν
553 3400 612 3452 δὲ
657 3401 836 3470 μόνον,
873 3401 1008 3452 ἀλλὰ
1041 3401 1132 3453 καὶ
1183 3400 1419 3472 ἀθυμίαν
1452 3401 1667 3455 ἃπασαν
1707 3402 1907 3454 ἀποθέ-

239 3504 426 3557 μενος,
461 3487 604 3557 ῥᾴων
634 3488 728 3540 καὶ
767 3486 1130 3558 εὐθυμότερος
1160 3488 1217 3541 ὲν
1248 3490 1450 3542 ἅπασιν
1489 3487 1588 3558 ἔσῃ
1623 3490 1736 3549 τοῖς
1766 3504 1908 3558 συμ-

236 3576 505 3627 πίπτουσι
540 3573 850 3645 πράγμασι.
884 3575 995 3626 Καὶ
1030 3576 1083 3626 τί
1115 3575 1218 3647 χρὴ
1244 3574 1311 3627 τά
1336 3574 1472 3627 ἄλλα
1496 3575 1714 3642 λέγειν;
1742 3574 1906 3644 Στῆθι

238 3662 407 3733 μόνον
442 3662 609 3728 ὲγγὺς
634 3661 729 3714 τοῦ
768 3660 1137 3729 νηστεύοντος,
1169 3662 1263 3714 καὶ
1297 3661 1590 3730 μετέλαϐες
1614 3660 1777 3713 αὑτοῦ
1812 3660 1908 3714 εύ-

238 3747 385 3809 θέως
412 3747 513 3813 τῆς
544 3746 773 3808 εὐωδίας
794 3761 807 3773 ’
846 3746 1019 3815 μύρον
1045 3746 1154 3817 γάρ
1182 3749 1329 3800 ἐστιν
1360 3748 1389 3798 ὁ
1425 3746 1701 3815 νηστεύων
1744 3764 1909 3799 πνευ-

240 3832 498 3904 ματικὸν,
536 3834 631 3885 καὶ
674 3833 765 3887 διὰ
795 3833 903 3885 τῶν
937 3832 1230 3902 ὀφθαλμῶν
1269 3834 1363 3885 καὶ
1406 3832 1493 3885 διά
1538 3832 1637 3899 τῆς
1662 3832 1909 3903 γλώττης

240 3923 339 3974 καὶ
351 3919 441 3974 διὰ
460 3918 675 3972 πάντων
705 3920 985 3989 ἐμφαίνων
1010 3920 1106 3990 τὴν
1128 3920 1228 3987 τῆς
1245 3919 1426 3989 ψυχῆς
1448 3919 1911 3984 εὐταξίαν.Ταῦτα

236 4010 365 4081 οὐχὶ
396 4008 719 4079 κατηγορῶν
743 4007 853 4060 τῶν
885 4007 1262 4078 ἠριστηκότων
1286 4002 1458 4072 εἷπον,
1481 4006 1597 4060 ἀλλ’
1632 4006 1719 4059 ἵνα
1749 4005 1911 4073 δείξω

237 4098 340 4167 τῆς
366 4096 623 4166 νηστείας
656 4095 716 4148 τὸ
744 4094 957 4162 κέρδος.

310 4183 586 4254 Νηστείαν
612 4182 667 4236 δὲ
696 4183 755 4235 οὐ
788 4183 887 4252 τὴν
919 4185 1129 4256 ἀποχὴν
1160 4183 1306 4252 λέγω
1337 4183 1447 4236 τῶν
1474 4181 1779 4253 βρωμάτων
1811 4181 1908 4250 μό-

238 4286 354 4330 νον,
376 4270 514 4323 ἀλλὰ
546 4270 641 4322 καὶ
674 4270 782 4341 πρὸ
817 4270 1022 4341 ταύτης
1057 4273 1155 4341 τὴν
1190 4272 1301 4325 τῶν
1347 4270 1763 4341 ἁμαρτημάτων
1802 4267 1909 4321 άπ-

235 4357 399 4425 οχήν·
430 4356 553 4410 ἐπεὶ
581 4358 718 4411 καὶὸ
748 4357 1037 4420 ἑστιαθεὶς,
1064 4358 1157 4412 καὶ
1188 4358 1419 4414 ἐνταῦθα
1452 4356 1589 4429 μετά
1610 4355 1710 4424 τῆς
1740 4370 1907 4423 προσο

237 4442 481 4512 ηκούσης
523 4444 967 4514 παραγενόμενος
1000 4445 1377 4517 σωφροσύνης,
1410 4445 1471 4497 οὑ
1515 4442 1650 4496 πολὺ
1681 4440 1777 4494 τοῦ
1810 4458 1905 4511 νη-

240 4527 522 4592 στεύοντος
569 4529 1032 4601 ἀπολιμπάνεται,
1063 4531 1254 4603 ὥσπερ
1282 4528 1377 4585 οῦν
1407 4533 1436 4585 ὁ
1483 4527 1781 4601 νηστεύσας
1813 4527 1907 4580 καὶ

239 4615 317 4685 μὴ
353 4616 493 4685 μετά
527 4616 767 4686 σπουδῆς
792 4618 887 4671 καὶ
929 4618 1217 4689 ἀκριϐείας
1244 4623 1355 4682 τοῖς
1393 4617 1708 4688 λεγομένοις
1738 4632 1906 4685 προσ-

235 4702 400 4772 έχων,
427 4701 579 4756 οὐδὲν
605 4703 713 4757 ἀπὸ
731 4704 832 4773 τῆς
852 4705 1103 4775 νηστείας
1133 4706 1487 4777 καρπώσεται
1520 4704 1682 4775 μέγα.
1712 4703 1771 4754 ’0
1796 4704 1905 4772 γάρ

236 4786 435 4842 ἐσθίων
480 4791 574 4842 καὶ
604 4790 878 4856 συνάξεως
906 4793 1068 4859 ἁγίας
1115 4792 1391 4847 κοινωνῶν
1436 4791 1571 4862 μετά
1596 4790 1695 4858 τῆς
1734 4807 1905 4859 προσ-

233 4875 478 4945 ηκούσης
499 4878 754 4948 σπουδῆς,
784 4878 880 4931 τοῦ
905 4880 1071 4950 μηδὲν
1108 4880 1378 4942 ἐσθίοντος
1407 4879 1501 4931 καὶ
1528 4875 1903 4945 ἀπολιμπάνο-

237 4964 402 5034 μένου
451 4964 585 5018 πολὺ
639 4966 865 5036 βελτίων
904 4968 1086 5022 ἐστίν’
1130 4968 1284 5021 οὐδὲν
1322 4964 1432 5035 γάρ
1467 4963 1675 5017 τοιοῦτο
1716 4962 1777 5017 τὸ
1829 4965 1904 5035 μὴ

235 5051 432 5119 φαγεῖν
489 5052 630 5121 ἡμᾶς
698 5055 978 5125 ὠφελῆσαι
1032 5055 1355 5123 δυνήσεται,
1402 5053 1505 5105 ὅσα
1557 5052 1756 5121 ὠφελεῖ
1810 5053 1906 5105 καὶ¹

234 5139 450 5193 δίδωσιν
487 5138 670 5205 ἀγαθά
722 5142 786 5195 τὸ
831 5142 1204 5213 πνευματικῆς
1248 5140 1538 5211 μετασχεῖν
1578 5151 1603 5179 ο
1650 5139 1903 5194 διδασκα-

236 5228 379 5289 λίας.
414 5223 523 5277 Ποῦ
565 5223 676 5295 γάρ
723 5229 951 5299 ἑτέρωθι
999 5228 1172 5282 ταῦτα
1216 5228 1426 5300 ἀκούσῃ
1473 5227 1617 5299 άπερ
1671 5228 1905 5282 ἐνταῦθα

236 5317 574 5387 φιλοσοφεῖς;
610 5318 710 5372 Ἂν
738 5321 820 5383 είς
864 5320 1211 5390 δικαστήριον
1246 5316 1491 5391 ἀπέλθῃς
1511 5358 1526 5382 ,
1558 5317 1906 5387 ἀμφισϐητή-

235 5422 355 5468 σεις
378 5404 495 5457 ἐκεῖ
532 5404 626 5458 καὶ
659 5406 831 5476 μάχαι
850 5423 863 5438 ο
891 5407 959 5462 ἂν
990 5406 1070 5470 είς
1110 5404 1509 5475 βουλευτήριον,
1544 5407 1577 5474 ἡ
1607 5404 1717 5457 τῶν
1750 5404 1903 5456 πολι-

233 5492 404 5547 τικῶν
426 5492 766 5562 πραγμάτων
789 5494 1010 5566 φροντίς
1026 5511 1039 5524 ·
1071 5493 1137 5548 ἂν
1168 5492 1245 5555 είς
1265 5490 1464 5555 οἰκίαν,
1484 5491 1593 5543 τῶν
1618 5490 1905 5545 ἰδιωτικῶν

235 5583 271 5652 ή
298 5581 535 5652 μέριμνα
574 5580 905 5651 κατατρύχει
943 5580 1239 5636 πάντοθεν·
1274 5577 1340 5632 ἂν
1374 5579 1454 5641 είς
1493 5577 1784 5648 συλλόγους
1812 5581 1906 5634 καὶ

235 5668 490 5739 συνέδρια
515 5666 616 5736 τῆς
657 5668 885 5737 ἀγορᾶς,
928 5670 1104 5724 πάντα
1132 5668 1291 5722 κάκεῖ
1317 5666 1481 5737 γήινα
1509 5666 1604 5719 καὶ
1651 5666 1863 5738 φθαρτά
1886 5686 1900 5700 ·

296 5794 324 5855 9
349 5789 823 5855 Coisljnianusanus
843 5790 995 5855 ha_bet
1013 5792 1166 5855 χαίρω
1184 5792 1266 5855 καὶ
1287 5788 1561 5854 σνγχορεύω
1581 5793 1745 5838 πᾶσιν.

292 5854 321 5894 b
352 5853 485 5902 Savil
528 5860 591 5917 9y
610 5850 806 5917 quidam
832 5850 914 5917 alii
942 5850 1119 5912 εἰς⁷τὴν
1136 5853 1380 5917 ἀκρόασιν.

293 5918 319 5975 9
346 5916 497 5964 SaVil.
521 5914 643 5962 ἀλλὰ
662 5913 717 5960 τὸ
740 5913 966 5975 φαγόντα.

286 5974 317 6045 ξ
340 5977 491 6045 Savi}.
520 5982 571 6024 ct
596 5975 793 6034 quidam
815 5976 896 6024 alii
919 5976 1191 6039 ἀποτινάξῃη

294 6041 320 6069 ο
343 6041 493 6089 Savil.
520 6044 744 6101 μετέχειν.

2024 1489 2367 1561 συμϐολαίων
2400 1492 2627 1562 ἑτέρων.
2653 1491 2686 1561 ῆ
2728 1493 2857 1562 περὶ
2894 1492 3186 1562 διαθηκῶν,
3209 1496 3244 1565 ῆ
3276 1498 3403 1567 περὶ
3435 1498 3690 1568 κληρονο-

2021 1576 2181 1646 μιῶν,
2214 1576 2247 1644 ἢ
2286 1577 2417 1647 περὶ
2461 1578 2667 1649 ἑτέρων
2695 1580 2861 1631 τινῶν
2892 1579 3145 1633 τοιούτων
3171 1583 3412 1644 ἅπαντες
3440 1588 3549 1647 τοῖς
3578 1589 3691 1639 ἐκεῖ

2019 1662 2436 1731 συλλεγομένοις
2475 1667 2523 1717 οἱ
2554 1664 2700 1732 λόγοι
2729 1665 2990 1734 γίνονται.
3026 1667 3145 1721 Κᾶν
3183 1670 3263 1732 είς
3291 1668 3460 1733 αὐτάς
3497 1671 3552 1723 δὲ
3582 1676 3689 1725 είσυ

2014 1748 2177 1822 έλθῃς
2229 1749 2330 1811 τάς
2370 1749 2658 1818 βασιλικάς
2694 1752 2885 1816 αὐλὰς,
2936 1753 3033 1807 καὶ
3086 1756 3205 1807 ἐκεῖ
3241 1756 3404 1809 πάλιν
3441 1757 3509 1809 τὰ
3550 1761 3688 1812 αὐτίι

2015 1833 2224 1904 ἀκούσῃ
2270 1834 2668 1906 διαλεγομένων
2715 1839 2970 1893 ἁπάντων
3002 1843 3129 1910 περὶ
3179 1843 3507 1913 χρημάτων,
3561 1851 3689 1917 περὶ

2015 1919 2368 1986 δυναστείας,
2401 1923 2530 1992 περὶ
2559 1923 2717 1991 δόξης
2749 1924 2848 1993 τῆς
2885 1926 3113 1981 ἐνταῦθα
3149 1930 3487 1999 τιμωμένης,
3524 1950 3689 1985 πνευ-

2020 2007 2249 2076 ματικὸν
2277 2008 2334 2061 δὲ
2356 2009 2541 2062 οὐδέν·
2570 2010 2804 2063 ἐνταῦθα
2831 2012 2887 2064 δὲ
2915 2013 3221 2069 τούναντίον
3241 2015 3407 2082 ἀπαν,
3441 2020 3567 2090 περὶ
3594 2020 3688 2072 τοῦ

2017 2094 2245 2163 οὐρανοῦ
2294 2095 2388 2149 καὶ
2422 2096 2533 2148 τῶν
2565 2096 2626 2149 ἐν
2665 2097 2879 2168 οὐρανῷ
2913 2101 3291 2171 πραγμάτων,
3323 2104 3452 2173 περὶ
3491 2106 3687 2175 ψυχῆς,

2021 2180 2149 2249 περὶ
2169 2180 2315 2251 ζωῆς
2338 2182 2438 2251 τῆς
2458 2183 2752 2254 ἡμετέρας,
2776 2185 2867 2238 καὶ
2888 2187 3029 2250 τίνος
3054 2187 3237 2241 ἕνεκεν
3255 2190 3577 2262 γεγόναμεν,
3596 2197 3688 2248 καὶ

2018 2263 2106 2316 διὰ
2133 2265 2185 2318 τί
2209 2266 2464 2321 τοσοῦτον
2486 2269 2829 2341 διατρίϐομεν
2845 2272 3079 2325 ἐνταῦθα
3098 2275 3307 2343 χρόνον,
3321 2278 3415 2330 καὶ
3433 2280 3526 2332 ἐπὶ
3547 2281 3686 2335 τίσιν

2013 2348 2401 2421 ἀποδημοῦμεν
2427 2353 2696 2418 ἐντεῦθεν,
2734 2358 2827 2408 καὶ
2860 2356 2913 2407 τί
2948 2357 3088 2426 μετὰ
3123 2359 3296 2413 ταῦτα
3332 2364 3478 2433 ἡμᾶς
3506 2366 3684 2420 διαδέ-

2015 2432 2186 2499 ξεται,
2221 2438 2317 2490 καὶ
2349 2440 2495 2503 τίνος
2522 2440 2709 2494 ἕνεκεν
2741 2442 2801 2494 τὸ
2834 2442 2993 2511 σῶμα
3026 2446 3158 2515 ήμῖν
3201 2448 3445 2518 πήλινον,
3482 2453 3575 2505 καὶ
3601 2455 3687 2518 τίς

2012 2523 2046 2590 ή
2076 2520 2170 2574 τοῦ
2203 2523 2436 2578 θανάτου
2466 2526 2649 2594 φύσις,
2682 2529 2775 2581 καὶ
2804 2529 2856 2580 τί
2883 2530 3012 2583 ποτέ
3038 2533 3183 2585 ἐστιν
3213 2536 3245 2603 ἡ
3271 2537 3517 2604 παροῦσα
3547 2538 3682 2611 ζωὴ,

2011 2608 2106 2660 και
2136 2610 2220 2672 τίς
2244 2614 2277 2680 ή
2308 2611 2595 2679 μέλλουσα,
2618 2614 2713 2666 καὶ
2742 2614 2895 2668 οὐδὲν
2924 2617 3111 2682 ἁπλῶς
3143 2620 3287 2690 γήινι
3306 2640 3351 2677 ν.
3382 2623 3518 2677 ἀλλά
3546 2608 3684 2678 πάνὶ

2011 2711 2102 2757 τες
2133 2696 2262 2767 περὶ
2303 2700 2690 2769 πνευματικῶν
2719 2703 2849 2771 ἡμῖν
2882 2706 2930 2755 οί
2972 2704 3118 2772 λόγοι
3148 2706 3386 2773 γίνονται
3406 2726 3418 2738 ·
3459 2713 3550 2763 καὶ
3586 2730 3685 2781 με·

2012 2781 2153 2847 γάλα
2178 2784 2277 2852 τῆς
2303 2785 2576 2856 σωτηρίας
2611 2787 2769 2856 ήμῶν
2799 2786 3053 2854 λαϐόντες
3080 2792 3287 2859 ἐφόδια,
3315 2793 3484 2858 οὕτως
3506 2798 3685 2852 ἐντεῦ-

2015 2865 2107 2920 θεν
2135 2868 2554 2941 ἀπελευσόμεθα
2585 2872 2723 2941 μετά
2750 2877 2990 2946 χρηστῆς
3012 2879 3110 2948 τῆς
3136 2878 3364 2943 ἐλπίδος.

2084 2953 2150 3023 β’.
2179 2952 2433 3010 Ἐπεὶοῦν
2448 2958 2549 3010 οὐκ
2582 2960 2703 3030 είκῆ
2729 2960 2797 3014 τά
2830 2962 3117 3033 σπέρματα
3150 2967 3538 3038 κατεϐάλομεν,
3570 2973 3684 3026 ἀλλ’

2011 3039 2201 3129 ῶσπερ
2231 3042 2377 3112 ὑμᾶς
2404 3047 2749 3116 παρεκάλεσα
2792 3048 2998 3112 πάντας
3024 3051 3357 3120 ἐθηρεύσατε
3380 3054 3531 3129 [1οη
3558 3061 3683 3123 τοὺς

2010 3127 2436 3199 ἀπολειφθέντας
2468 3132 2641 3202 ὑμῶν,
2661 3136 2790 3206 φέρε
2822 3137 2915 3189 καὶ
2942 3139 3100 3207 ἡμεῖς
3131 3140 3274 3208 ὑμᾶς
3301 3127 3681 3215 ἀμεινζιώμεθα,

2011 3215 2106 3269 καὶ
2130 3216 2302 3287 μικρὰ
2323 3218 2432 3270 τῶν
2462 3219 2725 3288 πρότερον
2754 3222 3059 3292 εἰρημένων
3085 3226 3228 3295 ὑμᾶς
3252 3229 3679 3300 ἀναμνήσαντες,

2007 3300 2079 3354 τὰ
2125 3303 2419 3374 λειπόμενα
2459 3307 2746 3378 ἀποδῶμεν
2778 3310 2959 3363 πάλιν.
2998 3312 3131 3365 Τίνα
3164 3310 3257 3367 οὖν
3292 3311 3360 3386 ῆν
3392 3318 3459 3369 τὰ
3496 3320 3683 3391 πρώην

2009 3391 2309 3476 εἰρημένω
2348 3392 2678 3464 Ἐζητοῦμεν
2709 3396 2828 3460 πῶς
2859 3398 2953 3451 καὶ
2980 3398 3083 3453 τίνι
3106 3402 3291 3473 τρόπῳ
3315 3403 3421 3476 πρὸ
3449 3408 3544 3473 τῆς
3573 3408 3681 3461 τῶν

2008 3475 2242 3545 Γραφῶν
2273 3479 2475 3542 δόσεως
2512 3480 2581 3534 τὰ
2616 3483 2740 3535 καθ’
2785 3485 2932 3554 ήμᾶς
2966 3486 3318 3559 ᾠκονόμησεν
3350 3475 3376 3543 ό
3407 3494 3557 3557 Θεὸς,
3589 3496 3682 3551 καὶ

2010 3562 2291 3634 ἐλέγομεν,
2318 3566 2400 3618 ὄτι
2426 3566 2515 3620 διά
2539 3568 2637 3637 τῆς
2665 3570 2895 3633 κτίσεως
2916 3574 3232 3627 ἐπαίδευσεν
3249 3578 3403 3647 ήμῶν
3428 3580 3485 3631 τὸ
3506 3581 3678 3649 γένος,

2010 3648 2239 3719 οὐρανὸν
2277 3652 2525 3716 ἐκτείνας
2554 3654 2648 3708 καὶ
2666 3657 2755 3719 ιείς
2780 3658 2840 3709 τὸ
2869 3658 3030 3727 μέσον
3061 3663 3315 3731 προθεὶς,
3348 3664 3548 3735 βιϐλίον
3584 3670 3681 3738 μέ-

2010 3751 2216 3801 γιστον,
2241 3739 2335 3790 καὶ
2362 3738 2597 3803 ἰδιώταις
2614 3742 2707 3794 καὶ
2732 3746 3040 3812 σοφοῖς,καὶ
3055 3748 3248 3818 πένησι
3272 3754 3362 3803 καὶ
3385 3752 3678 3818 πλουσίοις,

2011 3823 2106 3914 καὶ
2136 3824 2371 3914 Σκύθαις
2403 3826 2497 3880 καὶ
2529 3827 2852 3914 βαρϐάροις,
2886 3833 2980 3886 καὶ
3013 3837 3174 3888 πᾶσιν
3204 3837 3389 3902 ἁπλῶς
3432 3845 3544 3904 τοῖς
3583 3844 3682 3914 τὴν

2011 3910 2116 4000 γῆν
2146 3910 2677 4000 οίκοῦσιῗχρήσιμον,
2720 3917 2972 3985 βιϐλίον(
3007 3922 3141 3975 πολὺ
3183 3925 3367 3994 μεῖζον
3405 3927 3497 3980 τοῦ
3543 3910 3680 4000 πλή-

2012 3996 2137 4059 θους
2166 3996 2275 4048 τῶν
2303 3998 2706 4071 διδασκομένων
2747 4004 2825 4058 δν.
2866 4006 3042 4059 Πολλά
3081 4012 3173 4061 καὶ
3204 4013 3333 4082 περὶ
3360 4015 3551 4078 νυκτὶ-ς
3592 3996 3683 4070 κάι

2010 4082 2243 4171 ήμέρας,
2270 4086 2493 4156 καὶτῆς
2534 4088 2739 4141 τούτων
2768 4092 3043 4159 εὐταξίας,
3074 4096 3169 4149 καὶ
3196 4099 3291 4150 τοῦ
3335 4102 3545 4171 ῥυθμοῦ
3585 4102 3681 4156 τοῦ

2012 4168 2163 4258 μετά
2194 4171 2485 4244 ἀκριϐείας
2518 4175 2611 4227 ὑπ’
2640 4177 2823 4231 αὐτῶν
2855 4180 3255 4254 φυλαττομένου
3289 4168 3640 4258 διελέχθημεν
3663 4206 3675 4219 ·

2008 4255 2180 4311 πολλὰ
2208 4259 2304 4311 καὶ
2330 4262 2460 4331 περὶ
2486 4262 2581 4315 τοῦ
2610 4263 2774 4334 χοροῦ
2801 4266 2908 4319 τῶν
2933 4267 3093 4339 ὡρῶν
3127 4270 3220 4324 τοῦ
3251 4255 3554 4337 ἔτουςίκαῖ
3579 4277 3679 4343 τῆς

2006 4343 2214 4397 τούτων
2263 4346 2531 4418 ίσότητος.
2582 4350 2848 4424 Καθάπερ
2878 4353 2988 4426 γάρ
3045 4357 3078 4427 ή
3124 4359 3304 4431 ήμέρα
3350 4361 3448 4429 τῆς
3488 4364 3680 4429 νυκτὸς

2006 4431 2127 4484 οὐδὲ
2176 4433 2449 4504 ήμιώριον
2496 4436 2809 4492 πλεονεκτεῖ
2855 4443 3001 4495 κατὰ
3041 4444 3219 4497 πάντα
3264 4446 3356 4500 τὸν
3404 4448 3677 4503 ἐνιαυτόν

2006 4517 2149 4606 οὑτω
2200 4520 2297 4573 καὶ
2355 4515 2518 4576 αὗται
2577 4525 2714 4595 πρὸς
2766 4526 3001 4598 ἀλλήλας
3050 4528 3111 4594 ὲε
3156 4533 3276 4602 ίσης
3322 4535 3420 4595 τὰς
3466 4536 3678 4606 ήμέρας

2006 4605 2347 4677 διενείμαντο
2388 4611 2588 4675 πάσας.
2631 4614 2771 4667 Ἀλλ’
2800 4615 2940 4687 ὅπερ
2983 4618 3077 4671 καὶ
3118 4618 3427 4690 ἔμπροσθεν
3471 4605 3674 4692 ἔλεγον,

2006 4694 2089 4746 ὅτι
2118 4695 2178 4747 οὐ
2210 4696 2271 4748 τὸ
2306 4698 2536 4767 μέγεθος
2568 4700 2663 4753 καὶ
2696 4701 2758 4754 τὸ
2799 4702 2991 4767 κάλλος
3022 4705 3124 4776 τῆς
3165 4708 3396 4771 κτίσεως
3438 4711 3675 4763 δείκνυσι

2004 4781 2098 4834 τὸν
2120 4784 2462 4856 Δημιουργὸν
2488 4788 2514 4827 8
2546 4788 2705 4858 μόνον
2725 4830 2740 4850 .
2772 4791 2907 4847 ἀλλὰ
2944 4794 3037 4845 καὶ
3069 4796 3097 4847 ό
3142 4796 3341 4865 τρόπος
3374 4796 3537 4861 αὐτὸς
3576 4799 3675 4868 τῆς

2008 4870 2363 4941 συμπήξεως,
2398 4874 2496 4927 καὶ
2525 4874 2586 4927 τὸ
2626 4876 2768 4948 ὑπὲρ
2799 4878 3013 4946 φύσεως
3039 4881 3359 4936 ἀκολουθίαν
3406 4880 3543 4937 εἶναι
3574 4886 3673 4953 τῆς

2004 4956 2365 5029 δημιουργίας
2394 4962 2486 5014 τὸν
2513 4964 2736 5033 τρόπον.
2759 4965 2977 5029 Φύσεως
3007 4968 3108 5037 μὲν
3132 4969 3242 5038 γάρ
3270 4970 3560 5025 ἀκολουθία
3582 4968 3673 5044 ῆν,

2002 5044 2064 5096 τὸ
2110 5044 2254 5115 ὕδωρ
2301 5046 2439 5118 ὑπὲρ
2490 5048 2589 5119 τὴν
2617 5051 2721 5121 γῆν
2773 5052 3067 5122 φέρεσθαιο
3112 5054 3206 5107 νῦν
3251 5055 3309 5108 δὲ
3363 5058 3673 5117 τούναντίον

2003 5131 2241 5216 δρῶμεν,
2261 5134 2361 5201 τήν
2386 5134 2488 5204 γῆν
2514 5135 2619 5189 ὑπὸ
2643 5138 2749 5190 τῶν
2777 5138 2982 5194 ὑδάτων
3009 5140 3437 5216 βασταζομένην.
3454 5144 3674 5210 Φύσεως

2003 5214 2071 5288 ῆν
2094 5219 2403 5288 ἀκολουθία,
2420 5223 2480 5274 τὸ
2498 5222 2608 5294 πῦρ
2628 5224 2741 5277 ἀνω
2767 5227 2980 5297 τρέχειν
2996 5244 3007 5257 ·
3031 5229 3128 5282 νῦν
3148 5229 3203 5282 δὲ
3219 5231 3279 5282 τὸ
3300 5214 3538 5285 ἐναντίον
3555 5234 3673 5304 βλέ-

2004 5321 2178 5375 πομεν
2212 5307 2363 5360 κάτω
2396 5309 2533 5381 πρὸς
2560 5311 2659 5381 τὴν
2702 5314 2805 5382 γῆν
2848 5315 3230 5388 τετραμμένας
3255 5316 3348 5369 τοῦ
3380 5319 3531 5389 ήλίου
3573 5323 3669 5384 τὰς

2002 5392 2250 5458 ἀκτῖνας,
2286 5396 2381 5448 καὶ
2412 5396 2483 5449 τά
2516 5397 2683 5450 ὖδατα
2714 5400 2967 5467 ὑπεράνω
2988 5401 3095 5452 τῶν
3121 5402 3365 5473 οὐρανῶν
3397 5406 3547 5469 ὄντα,
3578 5410 3671 5461 ναὶ

2002 5479 2062 5531 οὑ
2089 5478 2532 5546 διολισθαίνοντα,
2568 5484 2661 5536 καὶ
2689 5484 2779 5537 τὸν
2810 5485 2960 5553 ἥλιον
2990 5486 3233 5541 κάτωθεν
3258 5490 3541 5562 τρέχοντα,
3577 5499 3670 5548 καὶ

2002 5566 2123 5620 οὐδὲ
2151 5567 2507 5640 σϐεννύμενον
2533 5571 2636 5623 ὑπὸ
2660 5570 2768 5623 τῶν
2808 5570 3035 5638 ὑδάτων,
3061 5572 3184 5627 οὑτε
3212 5577 3545 5645 ἀφανίζοντα
3571 5584 3637 5651 τη
3655 5604 3671 5633 ι

2003 5654 2181 5708 νοτίδα
2213 5656 2448 5727 ἐκείνην.
2465 5658 2606 5731 Πρὸς
2631 5656 2839 5721 τούτοις
2864 5660 3183 5731 εἰρήκαμεν,
3203 5663 3286 5717 ὅτι
3312 5667 3376 5719 ὲκ
3395 5670 3669 5737 τεττάρων

2006 5742 2283 5813 στοιχείων
2306 5743 2425 5796 τόδε
2475 5745 2536 5797 τὸ
2587 5746 2696 5798 πᾶν
2738 5747 3068 5818 συνέστηκεν
3116 5751 3376 5806 ἐναντίων
3420 5755 3669 5827 ἀλλήλοις

2005 5828 2100 5882 καὶ
2135 5832 2478 5903 μαχομένων,
2510 5834 2605 5886 καὶ
2636 5832 2862 5905 θάτερον
2894 5835 2955 5889 τὸ
2982 5836 3168 5909 ἕτερον
3199 5842 3261 5893 οὑ
3294 5843 3661 5913 κατηνάλωσε,

2071 5970 2087 6007 f
2120 5970 2222 6019 Vox
2252 5973 2429 6035 βιϐλίον
2450 5987 2509 6023 ex
2537 5974 2721 6025 Savilin
2743 5982 2961 6026 arcessit.
2995 5980 3121 6027 l-lmr.

2066 6035 2090 6075 ε
2118 6035 2262 6084 SaVil.
2289 6041 2338 6085 et
2364 6037 2559 6098 quidam
2581 6052 2690 6088 mss.
2722 6042 3141 6099 δημιουργῇ-αντα.
