  <div class='ocr_page' id='page_1' title='image "/cluster/home/n/w/nwhite01/storage/ocr_20150623/49/hvd.32044025239823/113.png"; bbox 0 0 4414 6672; ppageno 0'>
   <div class='ocr_carea' id='block_1_1' title="bbox 809 384 915 441">
    <p class='ocr_par' dir='ltr' id='par_1_1' title="bbox 809 384 915 441">
     <span class='ocr_line' id='line_1_1' title="bbox 809 384 915 441; baseline 0.028 -3"><span class='ocrx_word' id='word_1_1' title='bbox 809 384 915 441; x_wconf 75' lang='lat'>“3</span> 
     </span>
    </p>
   </div>
   <div class='ocr_carea' id='block_1_2' title="bbox 806 496 2477 571">
    <p class='ocr_par' dir='ltr' id='par_1_2' title="bbox 806 496 2477 571">
     <span class='ocr_line' id='line_1_2' title="bbox 806 496 2477 571; baseline 0.001 -18"><span class='ocrx_word' id='word_1_2' title='bbox 806 496 1048 567; x_wconf 75' lang='grc' dir='ltr'>καίτοιγε</span> <span class='ocrx_word' id='word_1_3' title='bbox 1102 496 1351 569; x_wconf 77' lang='grc' dir='ltr'>ἀλλήλων</span> <span class='ocrx_word' id='word_1_4' title='bbox 1402 498 1532 552; x_wconf 72' lang='grc' dir='ltr'>ὄντα</span> <span class='ocrx_word' id='word_1_5' title='bbox 1580 498 1908 552; x_wconf 85' lang='grc' dir='ltr'>ἀναλωτικά.</span> <span class='ocrx_word' id='word_1_6' title='bbox 1969 498 2129 553; x_wconf 83' lang='grc' dir='ltr'>Ὅθεν</span> <span class='ocrx_word' id='word_1_7' title='bbox 2172 500 2351 571; x_wconf 87' lang='grc' dir='ltr'>δῆλον,</span> <span class='ocrx_word' id='word_1_8' title='bbox 2395 501 2477 554; x_wconf 80' lang='grc' dir='ltr'>ὅτι</span> 
     </span>
    </p>
   </div>
   <div class='ocr_carea' id='block_1_3' title="bbox 802 580 2475 659">
    <p class='ocr_par' dir='ltr' id='par_1_3' title="bbox 802 580 2475 659">
     <span class='ocr_line' id='line_1_3' title="bbox 802 580 2475 659; baseline 0 -20"><span class='ocrx_word' id='word_1_9' title='bbox 802 580 1031 656; x_wconf 85' lang='grc' dir='ltr'>δύναμίς</span> <span class='ocrx_word' id='word_1_10' title='bbox 1058 602 1142 648; x_wconf 91' lang='grc' dir='ltr'>τις</span> <span class='ocrx_word' id='word_1_11' title='bbox 1170 585 1402 657; x_wconf 88' lang='grc' dir='ltr'>ἀόρατος</span> <span class='ocrx_word' id='word_1_12' title='bbox 1430 585 1571 639; x_wconf 83' lang='grc' dir='ltr'>αὑτά</span> <span class='ocrx_word' id='word_1_13' title='bbox 1603 584 1830 654; x_wconf 83' lang='grc' dir='ltr'>χαλινοῖ,</span> <span class='ocrx_word' id='word_1_14' title='bbox 1860 587 1955 639; x_wconf 66' lang='grc' dir='ltr'>καὶ</span> <span class='ocrx_word' id='word_1_15' title='bbox 1983 586 2180 657; x_wconf 78' lang='grc' dir='ltr'>δεσμὸς</span> <span class='ocrx_word' id='word_1_16' title='bbox 2202 587 2411 655; x_wconf 77' lang='grc' dir='ltr'>γίνεται</span> <span class='ocrx_word' id='word_1_17' title='bbox 2442 590 2475 659; x_wconf 87' lang='grc' dir='ltr'>ή</span> 
     </span>
    </p>
   </div>
   <div class='ocr_carea' id='block_1_4' title="bbox 803 671 2474 747">
    <p class='ocr_par' dir='ltr' id='par_1_4' title="bbox 803 671 2474 747">
     <span class='ocr_line' id='line_1_4' title="bbox 803 671 2474 747; baseline 0.003 -22"><span class='ocrx_word' id='word_1_18' title='bbox 803 671 899 727; x_wconf 90' lang='grc' dir='ltr'>τοῦ</span> <span class='ocrx_word' id='word_1_19' title='bbox 938 671 1074 727; x_wconf 81' lang='grc' dir='ltr'>Θεοῦ</span> <span class='ocrx_word' id='word_1_20' title='bbox 1098 671 1380 743; x_wconf 80' lang='grc' dir='ltr'>βούλησις.</span> <span class='ocrx_word' id='word_1_21' title='bbox 1424 672 1611 742; x_wconf 81' lang='grc' dir='ltr'>Τούτῳ</span> <span class='ocrx_word' id='word_1_22' title='bbox 1658 672 1819 726; x_wconf 85' lang='grc' dir='ltr'>πλέον</span> <span class='ocrx_word' id='word_1_23' title='bbox 1863 674 2203 746; x_wconf 80' lang='grc' dir='ltr'>ὲνδιατρίψαι</span> <span class='ocrx_word' id='word_1_24' title='bbox 2234 676 2474 747; x_wconf 80' lang='grc' dir='ltr'>σήμερον</span> 
     </span>
    </p>
   </div>
   <div class='ocr_carea' id='block_1_5' title="bbox 808 759 2474 834">
    <p class='ocr_par' dir='ltr' id='par_1_5' title="bbox 808 759 2474 834">
     <span class='ocr_line' id='line_1_5' title="bbox 808 759 2474 834; baseline 0.001 -21"><span class='ocrx_word' id='word_1_25' title='bbox 808 759 1073 832; x_wconf 82' lang='grc' dir='ltr'>βούλομαι</span> <span class='ocrx_word' id='word_1_26' title='bbox 1106 760 1188 831; x_wconf 84' lang='grc' dir='ltr'>τῷ</span> <span class='ocrx_word' id='word_1_27' title='bbox 1217 761 1389 832; x_wconf 85' lang='grc' dir='ltr'>λόγῳ·</span> <span class='ocrx_word' id='word_1_28' title='bbox 1443 759 1580 814; x_wconf 89' lang='grc' dir='ltr'>ἀλλά</span> <span class='ocrx_word' id='word_1_29' title='bbox 1626 761 1984 834; x_wconf 86' lang='grc' dir='ltr'>διανάστητε,</span> <span class='ocrx_word' id='word_1_30' title='bbox 2035 764 2130 817; x_wconf 74' lang='grc' dir='ltr'>καὶ</span> <span class='ocrx_word' id='word_1_31' title='bbox 2180 762 2474 832; x_wconf 83' lang='grc' dir='ltr'>προσέχετε</span> 
     </span>
    </p>
   </div>
   <div class='ocr_carea' id='block_1_6' title="bbox 809 847 2476 921">
    <p class='ocr_par' dir='ltr' id='par_1_6' title="bbox 809 847 2476 921">
     <span class='ocr_line' id='line_1_6' title="bbox 809 847 2476 921; baseline 0.001 -20"><span class='ocrx_word' id='word_1_32' title='bbox 809 848 928 917; x_wconf 78' lang='grc' dir='ltr'>μετ’</span> <span class='ocrx_word' id='word_1_33' title='bbox 960 848 1247 912; x_wconf 84' lang='grc' dir='ltr'>ἀκριϐείας</span> <span class='ocrx_word' id='word_1_34' title='bbox 1281 850 1434 919; x_wconf 88' lang='grc' dir='ltr'>ήμῖν.</span> <span class='ocrx_word' id='word_1_35' title='bbox 1477 848 1639 900; x_wconf 81' lang='grc' dir='ltr'>Ὥστε</span> <span class='ocrx_word' id='word_1_36' title='bbox 1666 847 1724 901; x_wconf 78' lang='grc' dir='ltr'>δὲ</span> <span class='ocrx_word' id='word_1_37' title='bbox 1768 849 2101 921; x_wconf 83' lang='grc' dir='ltr'>σαφέστερον</span> <span class='ocrx_word' id='word_1_38' title='bbox 2132 847 2383 917; x_wconf 88' lang='grc' dir='ltr'>γενέσθαι</span> <span class='ocrx_word' id='word_1_39' title='bbox 2413 848 2476 903; x_wconf 87' lang='grc' dir='ltr'>τὸ</span> 
     </span>
    </p>
   </div>
   <div class='ocr_carea' id='block_1_7' title="bbox 803 930 2476 1007">
    <p class='ocr_par' dir='ltr' id='par_1_7' title="bbox 803 930 2476 1007">
     <span class='ocr_line' id='line_1_7' title="bbox 803 930 2476 1007; baseline 0.002 -21"><span class='ocrx_word' id='word_1_40' title='bbox 803 933 1014 1006; x_wconf 78' lang='grc' dir='ltr'>θαῦμα,</span> <span class='ocrx_word' id='word_1_41' title='bbox 1042 930 1153 989; x_wconf 80' lang='grc' dir='ltr'>ἀπὸ</span> <span class='ocrx_word' id='word_1_42' title='bbox 1178 935 1274 987; x_wconf 90' lang='grc' dir='ltr'>τοῦ</span> <span class='ocrx_word' id='word_1_43' title='bbox 1304 933 1557 1005; x_wconf 85' lang='grc' dir='ltr'>σώματος</span> <span class='ocrx_word' id='word_1_44' title='bbox 1578 933 1679 987; x_wconf 90' lang='grc' dir='ltr'>τοῦ</span> <span class='ocrx_word' id='word_1_45' title='bbox 1708 935 1981 1007; x_wconf 77' lang='grc' dir='ltr'>ἡμετέρου</span> <span class='ocrx_word' id='word_1_46' title='bbox 2012 936 2110 1007; x_wconf 82' lang='grc' dir='ltr'>τὴν</span> <span class='ocrx_word' id='word_1_47' title='bbox 2131 935 2476 989; x_wconf 79' lang='grc' dir='ltr'>διδασκαλίαν</span> 
     </span>
    </p>
   </div>
   <div class='ocr_carea' id='block_1_8' title="bbox 804 1020 2473 1095">
    <p class='ocr_par' dir='ltr' id='par_1_8' title="bbox 804 1020 2473 1095">
     <span class='ocr_line' id='line_1_8' title="bbox 804 1020 2473 1095; baseline 0 -20"><span class='ocrx_word' id='word_1_48' title='bbox 804 1020 904 1093; x_wconf 78' lang='grc' dir='ltr'>τήν</span> <span class='ocrx_word' id='word_1_49' title='bbox 937 1024 1066 1091; x_wconf 75' lang='grc' dir='ltr'>περὶ</span> <span class='ocrx_word' id='word_1_50' title='bbox 1096 1020 1301 1074; x_wconf 87' lang='grc' dir='ltr'>τούτων</span> <span class='ocrx_word' id='word_1_51' title='bbox 1327 1022 1643 1091; x_wconf 88' lang='grc' dir='ltr'>ποιήσομαι.</span> <span class='ocrx_word' id='word_1_52' title='bbox 1674 1023 1785 1076; x_wconf 70' lang='grc' dir='ltr'>Καὶ</span> <span class='ocrx_word' id='word_1_53' title='bbox 1816 1022 1926 1095; x_wconf 83' lang='grc' dir='ltr'>γάρ</span> <span class='ocrx_word' id='word_1_54' title='bbox 1951 1023 2012 1076; x_wconf 71' lang='grc' dir='ltr'>τὸ</span> <span class='ocrx_word' id='word_1_55' title='bbox 2042 1022 2202 1091; x_wconf 90' lang='grc' dir='ltr'>σῶμα</span> <span class='ocrx_word' id='word_1_56' title='bbox 2237 1021 2301 1075; x_wconf 88' lang='grc' dir='ltr'>τό</span> <span class='ocrx_word' id='word_1_57' title='bbox 2331 1023 2473 1093; x_wconf 63' lang='grc' dir='ltr'>ήμέ-</span> 
     </span>
    </p>
   </div>
   <div class='ocr_carea' id='block_1_9' title="bbox 804 1107 2472 1180">
    <p class='ocr_par' dir='ltr' id='par_1_9' title="bbox 804 1107 2472 1180">
     <span class='ocr_line' id='line_1_9' title="bbox 804 1107 2472 1180; baseline -0.001 -18"><span class='ocrx_word' id='word_1_58' title='bbox 804 1125 961 1180; x_wconf 81' lang='grc' dir='ltr'>τερον</span> <span class='ocrx_word' id='word_1_59' title='bbox 1000 1108 1063 1160; x_wconf 79' lang='grc' dir='ltr'>τὸ</span> <span class='ocrx_word' id='word_1_60' title='bbox 1103 1107 1275 1179; x_wconf 87' lang='grc' dir='ltr'>βραχύ</span> <span class='ocrx_word' id='word_1_61' title='bbox 1329 1107 1489 1161; x_wconf 89' lang='grc' dir='ltr'>τοῦτο</span> <span class='ocrx_word' id='word_1_62' title='bbox 1518 1109 1613 1162; x_wconf 72' lang='grc' dir='ltr'>καὶ</span> <span class='ocrx_word' id='word_1_63' title='bbox 1658 1110 1850 1179; x_wconf 82' lang='grc' dir='ltr'>μικρὸν</span> <span class='ocrx_word' id='word_1_64' title='bbox 1907 1111 1971 1162; x_wconf 83' lang='grc' dir='ltr'>έκ</span> <span class='ocrx_word' id='word_1_65' title='bbox 2020 1110 2294 1180; x_wconf 81' lang='grc' dir='ltr'>τεττάρων</span> <span class='ocrx_word' id='word_1_66' title='bbox 2346 1126 2472 1162; x_wconf 83' lang='grc' dir='ltr'>συν-</span> 
     </span>
    </p>
   </div>
   <div class='ocr_carea' id='block_1_10' title="bbox 807 1194 2467 1267">
    <p class='ocr_par' dir='ltr' id='par_1_10' title="bbox 807 1194 2467 1267">
     <span class='ocr_line' id='line_1_10' title="bbox 807 1194 2467 1267; baseline 0.001 -19"><span class='ocrx_word' id='word_1_67' title='bbox 807 1194 1005 1264; x_wconf 81' lang='grc' dir='ltr'>έστηκε</span> <span class='ocrx_word' id='word_1_68' title='bbox 1035 1206 1063 1235; x_wconf 71' lang='grc' dir='ltr'>ι</span> <span class='ocrx_word' id='word_1_69' title='bbox 1090 1194 1398 1265; x_wconf 79' lang='grc' dir='ltr'>στοιχείων,</span> <span class='ocrx_word' id='word_1_70' title='bbox 1432 1194 1637 1266; x_wconf 88' lang='grc' dir='ltr'>θερμοῦ</span> <span class='ocrx_word' id='word_1_71' title='bbox 1678 1196 1776 1266; x_wconf 87' lang='grc' dir='ltr'>μὲν</span> <span class='ocrx_word' id='word_1_72' title='bbox 1812 1195 1906 1249; x_wconf 90' lang='grc' dir='ltr'>τοῦ</span> <span class='ocrx_word' id='word_1_73' title='bbox 1934 1196 2184 1266; x_wconf 78' lang='grc' dir='ltr'>αἵματος,</span> <span class='ocrx_word' id='word_1_74' title='bbox 2217 1194 2386 1267; x_wconf 78' lang='grc' dir='ltr'>ξηροῦ</span> <span class='ocrx_word' id='word_1_75' title='bbox 2411 1197 2467 1250; x_wconf 86' lang='grc' dir='ltr'>δὲ</span> 
     </span>
    </p>
   </div>
   <div class='ocr_carea' id='block_1_11' title="bbox 804 1279 2467 1353">
    <p class='ocr_par' dir='ltr' id='par_1_11' title="bbox 804 1279 2467 1353">
     <span class='ocr_line' id='line_1_11' title="bbox 804 1279 2467 1353; baseline 0.001 -20"><span class='ocrx_word' id='word_1_76' title='bbox 804 1281 902 1351; x_wconf 85' lang='grc' dir='ltr'>τῆς</span> <span class='ocrx_word' id='word_1_77' title='bbox 928 1280 1088 1352; x_wconf 83' lang='grc' dir='ltr'>χολῆς</span> <span class='ocrx_word' id='word_1_78' title='bbox 1114 1280 1213 1351; x_wconf 92' lang='grc' dir='ltr'>τῆς</span> <span class='ocrx_word' id='word_1_79' title='bbox 1236 1279 1456 1350; x_wconf 79' lang='grc' dir='ltr'>ξανθῆς·</span> <span class='ocrx_word' id='word_1_80' title='bbox 1476 1283 1571 1335; x_wconf 57' lang='grc' dir='ltr'>καὶ¹</span> <span class='ocrx_word' id='word_1_81' title='bbox 1600 1281 1768 1352; x_wconf 88' lang='grc' dir='ltr'>ὑγροῦ</span> <span class='ocrx_word' id='word_1_82' title='bbox 1788 1282 1886 1353; x_wconf 83' lang='grc' dir='ltr'>μὲν</span> <span class='ocrx_word' id='word_1_83' title='bbox 1911 1280 2005 1335; x_wconf 88' lang='grc' dir='ltr'>τοῦ</span> <span class='ocrx_word' id='word_1_84' title='bbox 2028 1281 2355 1351; x_wconf 77' lang='grc' dir='ltr'>φλέγματος,</span> <span class='ocrx_word' id='word_1_85' title='bbox 2372 1282 2467 1351; x_wconf 78' lang='grc' dir='ltr'>ψυ-</span> 
     </span>
    </p>
   </div>
   <div class='ocr_carea' id='block_1_12' title="bbox 803 1366 2474 1440">
    <p class='ocr_par' dir='ltr' id='par_1_12' title="bbox 803 1366 2474 1440">
     <span class='ocr_line' id='line_1_12' title="bbox 803 1366 2474 1440; baseline 0.001 -20"><span class='ocrx_word' id='word_1_86' title='bbox 803 1366 934 1439; x_wconf 91' lang='grc' dir='ltr'>χροῦ</span> <span class='ocrx_word' id='word_1_87' title='bbox 960 1367 1019 1421; x_wconf 69' lang='grc' dir='ltr'>δὲ</span> <span class='ocrx_word' id='word_1_88' title='bbox 1048 1367 1150 1437; x_wconf 86' lang='grc' dir='ltr'>τῆς</span> <span class='ocrx_word' id='word_1_89' title='bbox 1180 1366 1441 1439; x_wconf 75' lang='grc' dir='ltr'>μελαίνης</span> <span class='ocrx_word' id='word_1_90' title='bbox 1460 1368 1642 1438; x_wconf 87' lang='grc' dir='ltr'>χολῆς.</span> <span class='ocrx_word' id='word_1_91' title='bbox 1671 1367 1782 1422; x_wconf 75' lang='grc' dir='ltr'>Καὶ</span> <span class='ocrx_word' id='word_1_92' title='bbox 1802 1370 1876 1439; x_wconf 90' lang='grc' dir='ltr'>μή</span> <span class='ocrx_word' id='word_1_93' title='bbox 1901 1386 1985 1433; x_wconf 92' lang='grc' dir='ltr'>τις</span> <span class='ocrx_word' id='word_1_94' title='bbox 2009 1368 2286 1440; x_wconf 87' lang='grc' dir='ltr'>ἀλλότριον</span> <span class='ocrx_word' id='word_1_95' title='bbox 2314 1368 2474 1440; x_wconf 90' lang='grc' dir='ltr'>ήμῶν</span> 
     </span>
    </p>
   </div>
   <div class='ocr_carea' id='block_1_13' title="bbox 801 1450 2474 1527">
    <p class='ocr_par' dir='ltr' id='par_1_13' title="bbox 801 1450 2474 1527">
     <span class='ocr_line' id='line_1_13' title="bbox 801 1450 2474 1527; baseline 0.001 -19"><span class='ocrx_word' id='word_1_96' title='bbox 801 1450 940 1508; x_wconf 74' lang='grc' dir='ltr'>εἶναι</span> <span class='ocrx_word' id='word_1_97' title='bbox 968 1451 1239 1525; x_wconf 74' lang='grc' dir='ltr'>νομιζέτω</span> <span class='ocrx_word' id='word_1_98' title='bbox 1260 1454 1449 1508; x_wconf 86' lang='grc' dir='ltr'>τοῦτον</span> <span class='ocrx_word' id='word_1_99' title='bbox 1482 1454 1573 1507; x_wconf 79' lang='grc' dir='ltr'>τὸν</span> <span class='ocrx_word' id='word_1_100' title='bbox 1593 1454 1751 1522; x_wconf 91' lang='grc' dir='ltr'>λόγον</span> <span class='ocrx_word' id='word_1_101' title='bbox 1770 1470 1783 1484; x_wconf 94' lang='grc'><strong>·</strong></span> <span class='ocrx_word' id='word_1_102' title='bbox 1823 1454 1885 1507; x_wconf 90' lang='lat'>&#39;0</span> <span class='ocrx_word' id='word_1_103' title='bbox 1915 1453 2027 1527; x_wconf 78' lang='grc' dir='ltr'>γάρ</span> <span class='ocrx_word' id='word_1_104' title='bbox 2069 1456 2474 1525; x_wconf 79' lang='grc' dir='ltr'>πνευματικὸς</span> 
     </span>
    </p>
   </div>
   <div class='ocr_carea' id='block_1_14' title="bbox 799 1538 2471 1609">
    <p class='ocr_par' dir='ltr' id='par_1_14' title="bbox 799 1538 2471 1609">
     <span class='ocr_line' id='line_1_14' title="bbox 799 1538 2471 1609; baseline 0 -14"><span class='ocrx_word' id='word_1_105' title='bbox 799 1541 1107 1609; x_wconf 74' lang='grc' dir='ltr'>ἀνακρίνει</span> <span class='ocrx_word' id='word_1_106' title='bbox 1131 1539 1248 1609; x_wconf 82' lang='grc' dir='ltr'>μὲν</span> <span class='ocrx_word' id='word_1_107' title='bbox 1276 1541 1348 1594; x_wconf 81' lang='grc' dir='ltr'>τὰ</span> <span class='ocrx_word' id='word_1_108' title='bbox 1372 1540 1590 1602; x_wconf 80' lang='grc' dir='ltr'>πάντα,</span> <span class='ocrx_word' id='word_1_109' title='bbox 1620 1540 1802 1607; x_wconf 82' lang='grc' dir='ltr'>αὐτὸς</span> <span class='ocrx_word' id='word_1_110' title='bbox 1826 1538 1895 1594; x_wconf 81' lang='grc' dir='ltr'>δὲ</span> <span class='ocrx_word' id='word_1_111' title='bbox 1920 1540 2022 1596; x_wconf 81' lang='grc' dir='ltr'>ὑπ’</span> <span class='ocrx_word' id='word_1_112' title='bbox 2050 1542 2299 1609; x_wconf 76' lang='grc' dir='ltr'>οὐδενὸς</span> <span class='ocrx_word' id='word_1_113' title='bbox 2326 1542 2471 1597; x_wconf 78' lang='lat' dir='ltr'><strong><em>dra-</em></strong></span> 
     </span>
    </p>
   </div>
   <div class='ocr_carea' id='block_1_15' title="bbox 801 1625 2470 1700">
    <p class='ocr_par' dir='ltr' id='par_1_15' title="bbox 801 1625 2470 1700">
     <span class='ocr_line' id='line_1_15' title="bbox 801 1625 2470 1700; baseline 0.001 -20"><span class='ocrx_word' id='word_1_114' title='bbox 801 1627 1084 1693; x_wconf 78' lang='grc' dir='ltr'>κρίνεται.</span> <span class='ocrx_word' id='word_1_115' title='bbox 1126 1625 1283 1680; x_wconf 81' lang='grc' dir='ltr'>Οὕτω</span> <span class='ocrx_word' id='word_1_116' title='bbox 1311 1628 1407 1680; x_wconf 82' lang='grc' dir='ltr'>καὶ</span> <span class='ocrx_word' id='word_1_117' title='bbox 1441 1626 1654 1690; x_wconf 82' lang='grc' dir='ltr'>Παῦλος</span> <span class='ocrx_word' id='word_1_118' title='bbox 1693 1627 2013 1697; x_wconf 83' lang='grc' dir='ltr'>γεωργικῶν</span> <span class='ocrx_word' id='word_1_119' title='bbox 2051 1627 2228 1699; x_wconf 76' lang='grc' dir='ltr'>ἥψατο</span> <span class='ocrx_word' id='word_1_120' title='bbox 2260 1630 2470 1700; x_wconf 88' lang='grc' dir='ltr'>θεωρη-</span> 
     </span>
    </p>
   </div>
   <div class='ocr_carea' id='block_1_16' title="bbox 802 1713 2467 1789">
    <p class='ocr_par' dir='ltr' id='par_1_16' title="bbox 802 1713 2467 1789">
     <span class='ocr_line' id='line_1_16' title="bbox 802 1713 2467 1789; baseline 0.002 -21"><span class='ocrx_word' id='word_1_121' title='bbox 802 1714 1007 1785; x_wconf 79' lang='grc' dir='ltr'>μάτων,</span> <span class='ocrx_word' id='word_1_122' title='bbox 1029 1714 1156 1784; x_wconf 72' lang='grc' dir='ltr'>περὶ</span> <span class='ocrx_word' id='word_1_123' title='bbox 1181 1713 1530 1776; x_wconf 79' lang='grc' dir='ltr'>ἀναστάσεως</span> <span class='ocrx_word' id='word_1_124' title='bbox 1557 1715 1685 1785; x_wconf 79' lang='grc' dir='ltr'>ἡμῖν</span> <span class='ocrx_word' id='word_1_125' title='bbox 1708 1713 2113 1785; x_wconf 90' lang='grc' dir='ltr'>διαλεγόμενος,</span> <span class='ocrx_word' id='word_1_126' title='bbox 2142 1716 2237 1769; x_wconf 92' lang='grc' dir='ltr'>καί</span> <span class='ocrx_word' id='word_1_127' title='bbox 2265 1735 2432 1789; x_wconf 89' lang='grc' dir='ltr'>φησιν</span> <span class='ocrx_word' id='word_1_128' title='bbox 2453 1734 2467 1748; x_wconf 94' lang='grc'><strong>·</strong></span> 
     </span>
    </p>
   </div>
   <div class='ocr_carea' id='block_1_17' title="bbox 802 1799 2467 1873">
    <p class='ocr_par' dir='ltr' id='par_1_17' title="bbox 802 1799 2467 1873">
     <span class='ocr_line' id='line_1_17' title="bbox 802 1799 2467 1873; baseline 0.03 -52"><span class='ocrx_word' id='word_1_129' title='bbox 802 1802 1041 1870; x_wconf 44' lang='lat' dir='ltr'>“sapor,</span> <span class='ocrx_word' id='word_1_130' title='bbox 1085 1800 1169 1854; x_wconf 72' lang='grc' dir='ltr'>σὺ</span> <span class='ocrx_word' id='word_1_131' title='bbox 1212 1799 1245 1854; x_wconf 78' lang='grc' dir='ltr'><strong>δ</strong></span> <span class='ocrx_word' id='word_1_132' title='bbox 1290 1801 1561 1870; x_wconf 67' lang='grc' dir='ltr'>σπείρεις</span> <span class='ocrx_word' id='word_1_133' title='bbox 1619 1804 1692 1855; x_wconf 82' lang='grc' dir='ltr'>οὐ</span> <span class='ocrx_word' id='word_1_134' title='bbox 1729 1802 2088 1863; x_wconf 81' lang='grc' dir='ltr'>ζωοποιεῖται</span> <span class='ocrx_word' id='word_1_135' title='bbox 2131 1805 2181 1869; x_wconf 75' lang='grc' dir='ltr'>ι’,</span> <span class='ocrx_word' id='word_1_136' title='bbox 2225 1805 2334 1859; x_wconf 76' lang='grc' dir='ltr'>ἐὰν</span> <span class='ocrx_word' id='word_1_137' title='bbox 2381 1804 2467 1873; x_wconf 79' lang='grc' dir='ltr'>μὴ</span> 
     </span>
    </p>
   </div>
   <div class='ocr_carea' id='block_1_18' title="bbox 796 1887 2469 1962">
    <p class='ocr_par' dir='ltr' id='par_1_18' title="bbox 796 1887 2469 1962">
     <span class='ocr_line' id='line_1_18' title="bbox 796 1887 2469 1962; baseline 0.002 -20"><span class='ocrx_word' id='word_1_138' title='bbox 796 1887 1093 1957; x_wconf 73' lang='grc' dir='ltr'>ἀποθάνῃ.</span> <span class='ocrx_word' id='word_1_139' title='bbox 1120 1887 1186 1942; x_wconf 79' lang='lat' dir='ltr'>El</span> <span class='ocrx_word' id='word_1_140' title='bbox 1209 1887 1267 1942; x_wconf 71' lang='grc' dir='ltr'>δὲ</span> <span class='ocrx_word' id='word_1_141' title='bbox 1288 1889 1319 1941; x_wconf 83' lang='grc' dir='ltr'>ό</span> <span class='ocrx_word' id='word_1_142' title='bbox 1361 1889 1629 1960; x_wconf 90' lang='grc' dir='ltr'>μακάριος</span> <span class='ocrx_word' id='word_1_143' title='bbox 1653 1889 1862 1955; x_wconf 71' lang='grc' dir='ltr'>ἐκεῖνος</span> <span class='ocrx_word' id='word_1_144' title='bbox 1898 1893 2024 1954; x_wconf 85' lang='grc' dir='ltr'>τούς</span> <span class='ocrx_word' id='word_1_145' title='bbox 2064 1891 2166 1961; x_wconf 88' lang='grc' dir='ltr'>τῆς</span> <span class='ocrx_word' id='word_1_146' title='bbox 2193 1893 2469 1962; x_wconf 78' lang='grc' dir='ltr'>γεωργίας</span> 
     </span>
    </p>
   </div>
   <div class='ocr_carea' id='block_1_19' title="bbox 794 1975 2468 2049">
    <p class='ocr_par' dir='ltr' id='par_1_19' title="bbox 794 1975 2468 2049">
     <span class='ocr_line' id='line_1_19' title="bbox 794 1975 2468 2049; baseline 0.002 -20"><span class='ocrx_word' id='word_1_147' title='bbox 794 1975 965 2030; x_wconf 69' lang='grc' dir='ltr'>ἐκίνει</span> <span class='ocrx_word' id='word_1_148' title='bbox 994 1975 1207 2044; x_wconf 83' lang='grc' dir='ltr'>λόγους,</span> <span class='ocrx_word' id='word_1_149' title='bbox 1250 1975 1372 2029; x_wconf 80' lang='grc' dir='ltr'>οὐδὲ</span> <span class='ocrx_word' id='word_1_150' title='bbox 1403 1976 1534 2046; x_wconf 81' lang='grc' dir='ltr'>ήμίν</span> <span class='ocrx_word' id='word_1_151' title='bbox 1580 1976 1845 2047; x_wconf 72' lang='grc' dir='ltr'>μέμφοιτό</span> <span class='ocrx_word' id='word_1_152' title='bbox 1885 1995 1967 2042; x_wconf 89' lang='grc' dir='ltr'>τις</span> <span class='ocrx_word' id='word_1_153' title='bbox 2012 1978 2269 2049; x_wconf 90' lang='grc' dir='ltr'>ἰατρικῶν</span> <span class='ocrx_word' id='word_1_154' title='bbox 2300 1980 2468 2032; x_wconf 88' lang='grc' dir='ltr'>ἀπτο-</span> 
     </span>
    </p>
   </div>
   <div class='ocr_carea' id='block_1_20' title="bbox 798 2061 2470 2136">
    <p class='ocr_par' dir='ltr' id='par_1_20' title="bbox 798 2061 2470 2136">
     <span class='ocr_line' id='line_1_20' title="bbox 798 2061 2470 2136; baseline 0.002 -20"><span class='ocrx_word' id='word_1_155' title='bbox 798 2061 983 2133; x_wconf 79' lang='grc' dir='ltr'>μένοις</span> <span class='ocrx_word' id='word_1_156' title='bbox 1014 2062 1299 2133; x_wconf 79' lang='grc' dir='ltr'>νοημάτων</span> <span class='ocrx_word' id='word_1_157' title='bbox 1321 2079 1335 2093; x_wconf 87' lang='grc'><strong>·</strong></span> <span class='ocrx_word' id='word_1_158' title='bbox 1367 2062 1499 2132; x_wconf 70' lang='grc' dir='ltr'>περὶ</span> <span class='ocrx_word' id='word_1_159' title='bbox 1538 2063 1646 2131; x_wconf 85' lang='grc' dir='ltr'>γάρ</span> <span class='ocrx_word' id='word_1_160' title='bbox 1673 2064 2037 2136; x_wconf 82' lang='grc' dir='ltr'>δημιουργίας</span> <span class='ocrx_word' id='word_1_161' title='bbox 2062 2064 2194 2118; x_wconf 84' lang='grc' dir='ltr'>Θεοῦ</span> <span class='ocrx_word' id='word_1_162' title='bbox 2222 2064 2314 2117; x_wconf 90' lang='grc' dir='ltr'>νῦν</span> <span class='ocrx_word' id='word_1_163' title='bbox 2337 2067 2470 2136; x_wconf 87' lang='grc' dir='ltr'>ήμῖν</span> 
     </span>
    </p>
   </div>
   <div class='ocr_carea' id='block_1_21' title="bbox 793 2148 2469 2224">
    <p class='ocr_par' dir='ltr' id='par_1_21' title="bbox 793 2148 2469 2224">
     <span class='ocr_line' id='line_1_21' title="bbox 793 2148 2469 2224; baseline 0.002 -22"><span class='ocrx_word' id='word_1_164' title='bbox 793 2149 825 2202; x_wconf 86' lang='grc' dir='ltr'>ό</span> <span class='ocrx_word' id='word_1_165' title='bbox 844 2148 1033 2217; x_wconf 86' lang='grc' dir='ltr'>λόγος·</span> <span class='ocrx_word' id='word_1_166' title='bbox 1064 2148 1160 2203; x_wconf 84' lang='grc' dir='ltr'>καὶ</span> <span class='ocrx_word' id='word_1_167' title='bbox 1187 2149 1463 2217; x_wconf 85' lang='grc' dir='ltr'>ἀναγκαία</span> <span class='ocrx_word' id='word_1_168' title='bbox 1484 2149 1681 2218; x_wconf 76' lang='grc' dir='ltr'>γένοιτ’</span> <span class='ocrx_word' id='word_1_169' title='bbox 1707 2151 1774 2205; x_wconf 80' lang='grc' dir='ltr'>ἂν</span> <span class='ocrx_word' id='word_1_170' title='bbox 1808 2153 1937 2223; x_wconf 88' lang='grc' dir='ltr'>ήμῖν</span> <span class='ocrx_word' id='word_1_171' title='bbox 1966 2151 2105 2221; x_wconf 84' lang='grc' dir='ltr'>αὐτη</span> <span class='ocrx_word' id='word_1_172' title='bbox 2127 2151 2235 2205; x_wconf 91' lang='grc' dir='ltr'>τῶν</span> <span class='ocrx_word' id='word_1_173' title='bbox 2259 2153 2469 2224; x_wconf 88' lang='grc' dir='ltr'>νοημά-</span> 
     </span>
    </p>
   </div>
   <div class='ocr_carea' id='block_1_22' title="bbox 792 2231 2469 2310">
    <p class='ocr_par' dir='ltr' id='par_1_22' title="bbox 792 2231 2469 2310">
     <span class='ocr_line' id='line_1_22' title="bbox 792 2231 2469 2310; baseline 0.003 -21"><span class='ocrx_word' id='word_1_174' title='bbox 792 2252 901 2289; x_wconf 88' lang='grc' dir='ltr'>των</span> <span class='ocrx_word' id='word_1_175' title='bbox 930 2236 966 2307; x_wconf 86' lang='grc' dir='ltr'>ή</span> <span class='ocrx_word' id='word_1_176' title='bbox 999 2234 1277 2299; x_wconf 88' lang='grc' dir='ltr'>ὑπόθεσις.</span> <span class='ocrx_word' id='word_1_177' title='bbox 1305 2236 1486 2307; x_wconf 84' lang='grc' dir='ltr'>Ὅπερ</span> <span class='ocrx_word' id='word_1_178' title='bbox 1532 2231 1625 2291; x_wconf 77' lang='grc' dir='ltr'>οὖν</span> <span class='ocrx_word' id='word_1_179' title='bbox 1664 2236 1837 2308; x_wconf 85' lang='grc' dir='ltr'>ἔφθην</span> <span class='ocrx_word' id='word_1_180' title='bbox 1870 2237 2062 2300; x_wconf 85' lang='grc' dir='ltr'>εἰπὼν,</span> <span class='ocrx_word' id='word_1_181' title='bbox 2095 2241 2159 2292; x_wconf 79' lang='grc' dir='ltr'>ὲκ</span> <span class='ocrx_word' id='word_1_182' title='bbox 2193 2238 2469 2310; x_wconf 80' lang='grc' dir='ltr'>τεττάρων</span> 
     </span>
    </p>
   </div>
   <div class='ocr_carea' id='block_1_23' title="bbox 794 2321 2469 2397">
    <p class='ocr_par' dir='ltr' id='par_1_23' title="bbox 794 2321 2469 2397">
     <span class='ocr_line' id='line_1_23' title="bbox 794 2321 2469 2397; baseline 0.004 -23"><span class='ocrx_word' id='word_1_183' title='bbox 794 2324 927 2394; x_wconf 82' lang='grc' dir='ltr'>ήμῖν</span> <span class='ocrx_word' id='word_1_184' title='bbox 961 2324 1242 2394; x_wconf 86' lang='grc' dir='ltr'>στοιχείων</span> <span class='ocrx_word' id='word_1_185' title='bbox 1267 2321 1426 2376; x_wconf 90' lang='grc' dir='ltr'>τοῦτο</span> <span class='ocrx_word' id='word_1_186' title='bbox 1448 2323 1510 2376; x_wconf 85' lang='grc' dir='ltr'>τὸ</span> <span class='ocrx_word' id='word_1_187' title='bbox 1539 2323 1699 2394; x_wconf 90' lang='grc' dir='ltr'>σῶμα</span> <span class='ocrx_word' id='word_1_188' title='bbox 1722 2325 2037 2395; x_wconf 81' lang='grc' dir='ltr'>συνέστηκε,</span> <span class='ocrx_word' id='word_1_189' title='bbox 2071 2326 2172 2379; x_wconf 83' lang='grc' dir='ltr'>κᾶν</span> <span class='ocrx_word' id='word_1_190' title='bbox 2197 2326 2258 2379; x_wconf 85' lang='grc' dir='ltr'>τὸ</span> <span class='ocrx_word' id='word_1_191' title='bbox 2281 2326 2469 2397; x_wconf 73' lang='grc' dir='ltr'>ἕτερον</span> 
     </span>
    </p>
   </div>
   <div class='ocr_carea' id='block_1_24' title="bbox 793 2409 2467 2482">
    <p class='ocr_par' dir='ltr' id='par_1_24' title="bbox 793 2409 2467 2482">
     <span class='ocr_line' id='line_1_24' title="bbox 793 2409 2467 2482; baseline 0.003 -20"><span class='ocrx_word' id='word_1_192' title='bbox 793 2410 1065 2482; x_wconf 78' lang='grc' dir='ltr'>στασιάσῃ</span> <span class='ocrx_word' id='word_1_193' title='bbox 1098 2409 1262 2481; x_wconf 84' lang='grc' dir='ltr'>μέχρι</span> <span class='ocrx_word' id='word_1_194' title='bbox 1288 2409 1512 2473; x_wconf 78' lang='grc' dir='ltr'>παντὸς,</span> <span class='ocrx_word' id='word_1_195' title='bbox 1554 2410 1783 2473; x_wconf 81' lang='grc' dir='ltr'>Θάνατος</span> <span class='ocrx_word' id='word_1_196' title='bbox 1827 2412 1939 2465; x_wconf 84' lang='grc' dir='ltr'>ἀπὸ</span> <span class='ocrx_word' id='word_1_197' title='bbox 1964 2411 2062 2482; x_wconf 90' lang='grc' dir='ltr'>τῆς</span> <span class='ocrx_word' id='word_1_198' title='bbox 2110 2413 2353 2477; x_wconf 88' lang='grc' dir='ltr'>στάσεως</span> <span class='ocrx_word' id='word_1_199' title='bbox 2377 2414 2467 2482; x_wconf 86' lang='grc' dir='ltr'>γί-</span> 
     </span>
    </p>
   </div>
   <div class='ocr_carea' id='block_1_25' title="bbox 791 2489 2469 2569">
    <p class='ocr_par' dir='ltr' id='par_1_25' title="bbox 791 2489 2469 2569">
     <span class='ocr_line' id='line_1_25' title="bbox 791 2489 2469 2569; baseline 0.003 -21"><span class='ocrx_word' id='word_1_200' title='bbox 791 2512 942 2550; x_wconf 84' lang='grc' dir='ltr'>νεται</span> <span class='ocrx_word' id='word_1_201' title='bbox 970 2495 1174 2564; x_wconf 87' lang='grc' dir='ltr'>ταύτης</span> <span class='ocrx_word' id='word_1_202' title='bbox 1189 2509 1205 2526; x_wconf 75' lang='grc'><strong>⁸</strong></span> <span class='ocrx_word' id='word_1_203' title='bbox 1226 2493 1381 2567; x_wconf 75' lang='grc'>[108]</span> <span class='ocrx_word' id='word_1_204' title='bbox 1408 2489 1521 2547; x_wconf 77' lang='grc' dir='ltr'>οἷον</span> <span class='ocrx_word' id='word_1_205' title='bbox 1542 2496 1640 2566; x_wconf 89' lang='grc' dir='ltr'>τῆς</span> <span class='ocrx_word' id='word_1_206' title='bbox 1663 2496 1823 2566; x_wconf 84' lang='grc' dir='ltr'>χολῆς</span> <span class='ocrx_word' id='word_1_207' title='bbox 1845 2496 2267 2569; x_wconf 79' lang='grc' dir='ltr'>πλεοναζούσης,</span> <span class='ocrx_word' id='word_1_208' title='bbox 2290 2499 2469 2553; x_wconf 83' lang='grc' dir='ltr'>τίκτε-</span> 
     </span>
    </p>
   </div>
   <div class='ocr_carea' id='block_1_26' title="bbox 789 2578 2469 2658">
    <p class='ocr_par' dir='ltr' id='par_1_26' title="bbox 789 2578 2469 2658">
     <span class='ocr_line' id='line_1_26' title="bbox 789 2578 2469 2658; baseline 0.004 -26"><span class='ocrx_word' id='word_1_209' title='bbox 789 2597 881 2635; x_wconf 82' lang='grc' dir='ltr'>ται</span> <span class='ocrx_word' id='word_1_210' title='bbox 912 2580 1165 2652; x_wconf 78' lang='grc' dir='ltr'>πυρετὸς,</span> <span class='ocrx_word' id='word_1_211' title='bbox 1183 2578 1288 2635; x_wconf 79' lang='grc' dir='ltr'>κάν</span> <span class='ocrx_word' id='word_1_212' title='bbox 1309 2582 1656 2654; x_wconf 76' lang='grc' dir='ltr'>ἐπικρατήσῃ</span> <span class='ocrx_word' id='word_1_213' title='bbox 1676 2582 1818 2654; x_wconf 83' lang='grc' dir='ltr'>πέρα</span> <span class='ocrx_word' id='word_1_214' title='bbox 1838 2583 1932 2637; x_wconf 88' lang='grc' dir='ltr'>τοῦ</span> <span class='ocrx_word' id='word_1_215' title='bbox 1960 2583 2182 2655; x_wconf 85' lang='grc' dir='ltr'>μέτρου,</span> <span class='ocrx_word' id='word_1_216' title='bbox 2205 2586 2469 2658; x_wconf 87' lang='grc' dir='ltr'>ταχίστην</span> 
     </span>
    </p>
   </div>
   <div class='ocr_carea' id='block_1_27' title="bbox 793 2665 2464 2741">
    <p class='ocr_par' dir='ltr' id='par_1_27' title="bbox 793 2665 2464 2741">
     <span class='ocr_line' id='line_1_27' title="bbox 793 2665 2464 2741; baseline 0.003 -21"><span class='ocrx_word' id='word_1_217' title='bbox 793 2665 995 2736; x_wconf 70' lang='grc' dir='ltr'>ἐπάγει</span> <span class='ocrx_word' id='word_1_218' title='bbox 1025 2667 1133 2738; x_wconf 78' lang='grc' dir='ltr'>τήν</span> <span class='ocrx_word' id='word_1_219' title='bbox 1161 2668 1449 2739; x_wconf 88' lang='grc' dir='ltr'>τελευτήν·</span> <span class='ocrx_word' id='word_1_220' title='bbox 1482 2669 1645 2722; x_wconf 90' lang='grc' dir='ltr'>πάλιν</span> <span class='ocrx_word' id='word_1_221' title='bbox 1677 2668 1771 2723; x_wconf 91' lang='grc' dir='ltr'>τοῦ</span> <span class='ocrx_word' id='word_1_222' title='bbox 1801 2670 2010 2741; x_wconf 72' lang='grc' dir='ltr'>ψυχροῦ</span> <span class='ocrx_word' id='word_1_223' title='bbox 2056 2669 2464 2739; x_wconf 74' lang='grc' dir='ltr'>πλεονάζοντος,</span> 
     </span>
    </p>
   </div>
   <div class='ocr_carea' id='block_1_28' title="bbox 792 2755 2467 2829">
    <p class='ocr_par' dir='ltr' id='par_1_28' title="bbox 792 2755 2467 2829">
     <span class='ocr_line' id='line_1_28' title="bbox 792 2755 2467 2829; baseline 0.002 -21"><span class='ocrx_word' id='word_1_224' title='bbox 792 2755 1055 2827; x_wconf 74' lang='grc' dir='ltr'>παρέσεις</span> <span class='ocrx_word' id='word_1_225' title='bbox 1084 2755 1178 2808; x_wconf 73' lang='grc' dir='ltr'>καὶ</span> <span class='ocrx_word' id='word_1_226' title='bbox 1199 2756 1391 2827; x_wconf 84' lang='grc' dir='ltr'>τρόμοι</span> <span class='ocrx_word' id='word_1_227' title='bbox 1418 2758 1513 2810; x_wconf 72' lang='grc' dir='ltr'>καὶ</span> <span class='ocrx_word' id='word_1_228' title='bbox 1539 2756 1870 2827; x_wconf 82' lang='grc' dir='ltr'>ἀποπληξίαι</span> <span class='ocrx_word' id='word_1_229' title='bbox 1895 2758 1988 2811; x_wconf 73' lang='grc' dir='ltr'>καὶ</span> <span class='ocrx_word' id='word_1_230' title='bbox 2007 2757 2176 2828; x_wconf 89' lang='grc' dir='ltr'>μυρία</span> <span class='ocrx_word' id='word_1_231' title='bbox 2194 2758 2358 2829; x_wconf 80' lang='grc' dir='ltr'>ἔτερα</span> <span class='ocrx_word' id='word_1_232' title='bbox 2382 2776 2467 2812; x_wconf 84' lang='lat' dir='ltr'>vo-</span> 
     </span>
    </p>
   </div>
   <div class='ocr_carea' id='block_1_29' title="bbox 792 2841 2466 2915">
    <p class='ocr_par' dir='ltr' id='par_1_29' title="bbox 792 2841 2466 2915">
     <span class='ocr_line' id='line_1_29' title="bbox 792 2841 2466 2915; baseline 0.004 -22"><span class='ocrx_word' id='word_1_233' title='bbox 792 2842 1013 2913; x_wconf 79' lang='grc' dir='ltr'>σήματα</span> <span class='ocrx_word' id='word_1_234' title='bbox 1038 2841 1280 2895; x_wconf 85' lang='grc' dir='ltr'>τίκτεται</span> <span class='ocrx_word' id='word_1_235' title='bbox 1297 2855 1311 2871; x_wconf 75' lang='grc'><strong><em>⁸</em></strong></span> <span class='ocrx_word' id='word_1_236' title='bbox 1350 2846 1444 2896; x_wconf 80' lang='grc' dir='ltr'>καὶ</span> <span class='ocrx_word' id='word_1_237' title='bbox 1472 2843 1610 2907; x_wconf 83' lang='grc' dir='ltr'>ὅλως</span> <span class='ocrx_word' id='word_1_238' title='bbox 1634 2844 1840 2914; x_wconf 77' lang='grc' dir='ltr'>ἑκάστη</span> <span class='ocrx_word' id='word_1_239' title='bbox 1864 2844 2186 2915; x_wconf 89' lang='grc' dir='ltr'>νοσημάτων</span> <span class='ocrx_word' id='word_1_240' title='bbox 2213 2844 2324 2899; x_wconf 88' lang='grc' dir='ltr'>ἰδέα</span> <span class='ocrx_word' id='word_1_241' title='bbox 2354 2845 2466 2900; x_wconf 79' lang='grc' dir='ltr'>ἀπὸ</span> 
     </span>
    </p>
   </div>
   <div class='ocr_carea' id='block_1_30' title="bbox 790 2927 2465 3000">
    <p class='ocr_par' dir='ltr' id='par_1_30' title="bbox 790 2927 2465 3000">
     <span class='ocr_line' id='line_1_30' title="bbox 790 2927 2465 3000; baseline 0.003 -20"><span class='ocrx_word' id='word_1_242' title='bbox 790 2928 889 2997; x_wconf 72' lang='grc' dir='ltr'>τῆς</span> <span class='ocrx_word' id='word_1_243' title='bbox 928 2927 1240 2995; x_wconf 79' lang='grc' dir='ltr'>πλεονεξίας</span> <span class='ocrx_word' id='word_1_244' title='bbox 1266 2928 1376 2982; x_wconf 91' lang='grc' dir='ltr'>τῶν</span> <span class='ocrx_word' id='word_1_245' title='bbox 1420 2930 1699 3000; x_wconf 86' lang='grc' dir='ltr'>στοιχείων</span> <span class='ocrx_word' id='word_1_246' title='bbox 1731 2930 1939 2999; x_wconf 89' lang='grc' dir='ltr'>γίνεται</span> <span class='ocrx_word' id='word_1_247' title='bbox 1976 2930 2201 2993; x_wconf 91' lang='grc' dir='ltr'>τούτων,</span> <span class='ocrx_word' id='word_1_248' title='bbox 2245 2932 2373 2986; x_wconf 85' lang='grc' dir='ltr'>ὅταν</span> <span class='ocrx_word' id='word_1_249' title='bbox 2405 2933 2465 2985; x_wconf 77' lang='grc' dir='ltr'>τὸ</span> 
     </span>
    </p>
   </div>
   <div class='ocr_carea' id='block_1_31' title="bbox 791 3014 2463 3089">
    <p class='ocr_par' dir='ltr' id='par_1_31' title="bbox 791 3014 2463 3089">
     <span class='ocr_line' id='line_1_31' title="bbox 791 3014 2463 3089; baseline 0.001 -19"><span class='ocrx_word' id='word_1_250' title='bbox 791 3019 983 3086; x_wconf 77' lang='grc' dir='ltr'>ἔτερον</span> <span class='ocrx_word' id='word_1_251' title='bbox 1005 3015 1132 3077; x_wconf 85' lang='grc' dir='ltr'>τούς</span> <span class='ocrx_word' id='word_1_252' title='bbox 1179 3014 1411 3079; x_wconf 85' lang='grc' dir='ltr'>οἰκείους</span> <span class='ocrx_word' id='word_1_253' title='bbox 1445 3016 1691 3087; x_wconf 78' lang='grc' dir='ltr'>ὑπερϐἀν</span> <span class='ocrx_word' id='word_1_254' title='bbox 1732 3018 1891 3089; x_wconf 81' lang='grc' dir='ltr'>ὅρους</span> <span class='ocrx_word' id='word_1_255' title='bbox 1935 3017 2077 3071; x_wconf 89' lang='grc' dir='ltr'>κατά</span> <span class='ocrx_word' id='word_1_256' title='bbox 2125 3018 2232 3071; x_wconf 91' lang='grc' dir='ltr'>τῶν</span> <span class='ocrx_word' id='word_1_257' title='bbox 2261 3018 2463 3072; x_wconf 84' lang='grc' dir='ltr'>λοιπῶν</span> 
     </span>
    </p>
   </div>
   <div class='ocr_carea' id='block_1_32' title="bbox 789 3101 2283 3175">
    <p class='ocr_par' dir='ltr' id='par_1_32' title="bbox 789 3101 2283 3175">
     <span class='ocr_line' id='line_1_32' title="bbox 789 3101 2283 3175; baseline 0.003 -21"><span class='ocrx_word' id='word_1_258' title='bbox 789 3104 1049 3171; x_wconf 74' lang='grc' dir='ltr'>τυραννῇ,</span> <span class='ocrx_word' id='word_1_259' title='bbox 1084 3102 1177 3155; x_wconf 72' lang='grc' dir='ltr'>καὶ</span> <span class='ocrx_word' id='word_1_260' title='bbox 1205 3101 1301 3174; x_wconf 79' lang='grc' dir='ltr'>τὴν</span> <span class='ocrx_word' id='word_1_261' title='bbox 1325 3104 1669 3175; x_wconf 88' lang='grc' dir='ltr'>συμμετρίαν</span> <span class='ocrx_word' id='word_1_262' title='bbox 1699 3103 2005 3174; x_wconf 83' lang='grc' dir='ltr'>λυμήνηται</span> <span class='ocrx_word' id='word_1_263' title='bbox 2031 3105 2209 3157; x_wconf 82' lang='grc' dir='ltr'>πᾶσαν</span> <span class='ocrx_word' id='word_1_264' title='bbox 2237 3116 2283 3159; x_wconf 79' lang='grc' dir='ltr'>ο.</span> 
     </span>
    </p>
   </div>
   <div class='ocr_carea' id='block_1_33' title="bbox 853 3182 2458 3261">
    <p class='ocr_par' dir='ltr' id='par_1_33' title="bbox 853 3182 2458 3261">
     <span class='ocr_line' id='line_1_33' title="bbox 853 3182 2458 3261; baseline 0.002 -20"><span class='ocrx_word' id='word_1_265' title='bbox 853 3182 1163 3260; x_wconf 82' lang='grc' dir='ltr'>Ἐρώτησον</span> <span class='ocrx_word' id='word_1_266' title='bbox 1177 3188 1353 3244; x_wconf 84' lang='grc' dir='ltr'>τοίνυν</span> <span class='ocrx_word' id='word_1_267' title='bbox 1373 3190 1464 3243; x_wconf 84' lang='grc' dir='ltr'>τὸν</span> <span class='ocrx_word' id='word_1_268' title='bbox 1484 3189 1709 3259; x_wconf 89' lang='grc' dir='ltr'>λέγοντα</span> <span class='ocrx_word' id='word_1_269' title='bbox 1725 3191 2006 3261; x_wconf 90' lang='grc' dir='ltr'>αὐτόματα</span> <span class='ocrx_word' id='word_1_270' title='bbox 2026 3187 2161 3245; x_wconf 76' lang='grc' dir='ltr'>εἶναι</span> <span class='ocrx_word' id='word_1_271' title='bbox 2176 3191 2243 3245; x_wconf 90' lang='grc' dir='ltr'>τά</span> <span class='ocrx_word' id='word_1_272' title='bbox 2263 3191 2458 3255; x_wconf 87' lang='grc' dir='ltr'>πάντα,</span> 
     </span>
    </p>
   </div>
   <div class='ocr_carea' id='block_1_34' title="bbox 786 3273 2459 3350">
    <p class='ocr_par' dir='ltr' id='par_1_34' title="bbox 786 3273 2459 3350">
     <span class='ocr_line' id='line_1_34' title="bbox 786 3273 2459 3350; baseline 0.003 -23"><span class='ocrx_word' id='word_1_273' title='bbox 786 3273 881 3328; x_wconf 72' lang='grc' dir='ltr'>καὶ</span> <span class='ocrx_word' id='word_1_274' title='bbox 911 3275 1003 3344; x_wconf 79' lang='grc' dir='ltr'>ἀφ’</span> <span class='ocrx_word' id='word_1_275' title='bbox 1037 3276 1247 3330; x_wconf 72' lang='grc' dir='ltr'>ἑαυτῶν</span> <span class='ocrx_word' id='word_1_276' title='bbox 1293 3278 1632 3332; x_wconf 86' lang='grc' dir='ltr'>συνεστάναι.</span> <span class='ocrx_word' id='word_1_277' title='bbox 1696 3279 1759 3330; x_wconf 72' lang='lat' dir='ltr'><strong><em>El</em></strong></span> <span class='ocrx_word' id='word_1_278' title='bbox 1807 3279 1866 3331; x_wconf 84' lang='grc' dir='ltr'>τὸ</span> <span class='ocrx_word' id='word_1_279' title='bbox 1902 3278 2075 3350; x_wconf 86' lang='grc' dir='ltr'>βραχύ</span> <span class='ocrx_word' id='word_1_280' title='bbox 2111 3280 2268 3332; x_wconf 88' lang='grc' dir='ltr'>τοῦτο</span> <span class='ocrx_word' id='word_1_281' title='bbox 2300 3279 2459 3349; x_wconf 90' lang='grc' dir='ltr'>σῶμα</span> 
     </span>
    </p>
   </div>
   <div class='ocr_carea' id='block_1_35' title="bbox 785 3361 2458 3436">
    <p class='ocr_par' dir='ltr' id='par_1_35' title="bbox 785 3361 2458 3436">
     <span class='ocr_line' id='line_1_35' title="bbox 785 3361 2458 3436; baseline 0.003 -23"><span class='ocrx_word' id='word_1_282' title='bbox 785 3362 880 3414; x_wconf 62' lang='grc' dir='ltr'>καί⁵</span> <span class='ocrx_word' id='word_1_283' title='bbox 916 3361 1131 3433; x_wconf 58' lang='grc' dir='ltr'>μοιρὸν,</span> <span class='ocrx_word' id='word_1_284' title='bbox 1166 3362 1260 3417; x_wconf 71' lang='grc' dir='ltr'>καὶ</span> <span class='ocrx_word' id='word_1_285' title='bbox 1290 3363 1594 3434; x_wconf 78' lang='grc' dir='ltr'>φαρμάκων</span> <span class='ocrx_word' id='word_1_286' title='bbox 1626 3364 1896 3417; x_wconf 88' lang='grc' dir='ltr'>ἀπολαῦον</span> <span class='ocrx_word' id='word_1_287' title='bbox 1925 3366 2019 3418; x_wconf 78' lang='grc' dir='ltr'>καὶ</span> <span class='ocrx_word' id='word_1_288' title='bbox 2051 3365 2301 3436; x_wconf 81' lang='grc' dir='ltr'>ἰατρικῆς</span> <span class='ocrx_word' id='word_1_289' title='bbox 2335 3367 2458 3418; x_wconf 80' lang='grc' dir='ltr'>έπι-</span> 
     </span>
    </p>
   </div>
   <div class='ocr_carea' id='block_1_36' title="bbox 785 3448 2463 3523">
    <p class='ocr_par' dir='ltr' id='par_1_36' title="bbox 785 3448 2463 3523">
     <span class='ocr_line' id='line_1_36' title="bbox 785 3448 2463 3523; baseline 0.003 -23"><span class='ocrx_word' id='word_1_290' title='bbox 785 3448 1022 3519; x_wconf 89' lang='grc' dir='ltr'>στήμης,</span> <span class='ocrx_word' id='word_1_291' title='bbox 1055 3449 1149 3502; x_wconf 75' lang='grc' dir='ltr'>καὶ</span> <span class='ocrx_word' id='word_1_292' title='bbox 1173 3449 1271 3521; x_wconf 91' lang='grc' dir='ltr'>τῆς</span> <span class='ocrx_word' id='word_1_293' title='bbox 1294 3450 1598 3523; x_wconf 89' lang='grc' dir='ltr'>διοικούσης</span> <span class='ocrx_word' id='word_1_294' title='bbox 1619 3451 1751 3505; x_wconf 80' lang='grc' dir='ltr'>αὐτὸ</span> <span class='ocrx_word' id='word_1_295' title='bbox 1778 3451 1956 3523; x_wconf 82' lang='grc' dir='ltr'>ψυχῆς</span> <span class='ocrx_word' id='word_1_296' title='bbox 1988 3452 2155 3517; x_wconf 88' lang='grc' dir='ltr'>ἔνδον,</span> <span class='ocrx_word' id='word_1_297' title='bbox 2184 3454 2278 3505; x_wconf 72' lang='grc' dir='ltr'>καὶ</span> <span class='ocrx_word' id='word_1_298' title='bbox 2312 3453 2463 3521; x_wconf 88' lang='grc' dir='ltr'>φιλο-</span> 
     </span>
    </p>
   </div>
   <div class='ocr_carea' id='block_1_37' title="bbox 784 3535 2462 3612">
    <p class='ocr_par' dir='ltr' id='par_1_37' title="bbox 784 3535 2462 3612">
     <span class='ocr_line' id='line_1_37' title="bbox 784 3535 2462 3612; baseline 0.005 -25"><span class='ocrx_word' id='word_1_299' title='bbox 784 3535 977 3604; x_wconf 80' lang='grc' dir='ltr'>σοφίας</span> <span class='ocrx_word' id='word_1_300' title='bbox 1020 3536 1239 3606; x_wconf 85' lang='grc' dir='ltr'>πολλῆς,</span> <span class='ocrx_word' id='word_1_301' title='bbox 1291 3539 1385 3591; x_wconf 80' lang='grc' dir='ltr'>καὶ</span> <span class='ocrx_word' id='word_1_302' title='bbox 1430 3539 1640 3610; x_wconf 89' lang='grc' dir='ltr'>μυρίων</span> <span class='ocrx_word' id='word_1_303' title='bbox 1696 3540 1901 3611; x_wconf 76' lang='grc' dir='ltr'>ἑτέρων</span> <span class='ocrx_word' id='word_1_304' title='bbox 1940 3540 2325 3612; x_wconf 81' lang='grc' dir='ltr'>βοηθημάτων,</span> <span class='ocrx_word' id='word_1_305' title='bbox 2360 3542 2462 3595; x_wconf 90' lang='grc' dir='ltr'>οὐκ</span> 
     </span>
    </p>
   </div>
   <div class='ocr_carea' id='block_1_38' title="bbox 786 3620 2460 3695">
    <p class='ocr_par' dir='ltr' id='par_1_38' title="bbox 786 3620 2460 3695">
     <span class='ocr_line' id='line_1_38' title="bbox 786 3620 2460 3695; baseline 0.005 -24"><span class='ocrx_word' id='word_1_306' title='bbox 786 3620 961 3691; x_wconf 72' lang='grc' dir='ltr'>ἰσχύει</span> <span class='ocrx_word' id='word_1_307' title='bbox 986 3620 1275 3686; x_wconf 84' lang='grc' dir='ltr'>διαπαντὸς</span> <span class='ocrx_word' id='word_1_308' title='bbox 1303 3625 1361 3676; x_wconf 83' lang='grc' dir='ltr'>έν</span> <span class='ocrx_word' id='word_1_309' title='bbox 1398 3623 1625 3695; x_wconf 77' lang='grc' dir='ltr'>εὐταξίᾳ</span> <span class='ocrx_word' id='word_1_310' title='bbox 1657 3624 1857 3693; x_wconf 92' lang='grc' dir='ltr'>μένειν,</span> <span class='ocrx_word' id='word_1_311' title='bbox 1889 3625 2006 3679; x_wconf 86' lang='grc' dir='ltr'>ἀλλ’</span> <span class='ocrx_word' id='word_1_312' title='bbox 2030 3626 2327 3680; x_wconf 89' lang='grc' dir='ltr'>ἀπόλλυται</span> <span class='ocrx_word' id='word_1_313' title='bbox 2364 3629 2460 3682; x_wconf 79' lang='grc' dir='ltr'>καὶ</span> 
     </span>
    </p>
   </div>
   <div class='ocr_carea' id='block_1_39' title="bbox 780 3707 2455 3784">
    <p class='ocr_par' dir='ltr' id='par_1_39' title="bbox 780 3707 2455 3784">
     <span class='ocr_line' id='line_1_39' title="bbox 780 3707 2455 3784; baseline 0.006 -24"><span class='ocrx_word' id='word_1_314' title='bbox 780 3707 1153 3779; x_wconf 74' lang='grc' dir='ltr'>διαφθείρεται</span> <span class='ocrx_word' id='word_1_315' title='bbox 1200 3708 1488 3773; x_wconf 78' lang='grc' dir='ltr'>πολλάκις,</span> <span class='ocrx_word' id='word_1_316' title='bbox 1523 3710 1581 3761; x_wconf 85' lang='grc' dir='ltr'>ὲν</span> <span class='ocrx_word' id='word_1_317' title='bbox 1614 3710 1765 3781; x_wconf 88' lang='grc' dir='ltr'>αὐτῷ</span> <span class='ocrx_word' id='word_1_318' title='bbox 1820 3714 2065 3783; x_wconf 84' lang='grc' dir='ltr'>ταραχῆς</span> <span class='ocrx_word' id='word_1_319' title='bbox 2127 3714 2455 3784; x_wconf 80' lang='grc' dir='ltr'>γενομένης’</span> 
     </span>
    </p>
   </div>
   <div class='ocr_carea' id='block_1_40' title="bbox 780 3791 2458 3871">
    <p class='ocr_par' dir='ltr' id='par_1_40' title="bbox 780 3791 2458 3871">
     <span class='ocr_line' id='line_1_40' title="bbox 780 3791 2458 3871; baseline 0.004 -25"><span class='ocrx_word' id='word_1_320' title='bbox 780 3791 903 3855; x_wconf 80' lang='grc' dir='ltr'>πῶς</span> <span class='ocrx_word' id='word_1_321' title='bbox 936 3792 1002 3847; x_wconf 81' lang='grc' dir='ltr'>ἀν</span> <span class='ocrx_word' id='word_1_322' title='bbox 1038 3794 1068 3845; x_wconf 84' lang='grc' dir='ltr'>ό</span> <span class='ocrx_word' id='word_1_323' title='bbox 1111 3793 1366 3858; x_wconf 81' lang='grc' dir='ltr'>τοσοῦτος</span> <span class='ocrx_word' id='word_1_324' title='bbox 1403 3796 1609 3865; x_wconf 91' lang='grc' dir='ltr'>κόσμος</span> <span class='ocrx_word' id='word_1_325' title='bbox 1637 3797 1926 3862; x_wconf 80' lang='grc' dir='ltr'>τοσούτους</span> <span class='ocrx_word' id='word_1_326' title='bbox 1962 3800 2161 3867; x_wconf 78' lang='grc' dir='ltr'>ὄγκους</span> <span class='ocrx_word' id='word_1_327' title='bbox 2189 3801 2458 3871; x_wconf 89' lang='grc' dir='ltr'>σωμάτων</span> 
     </span>
    </p>
   </div>
   <div class='ocr_carea' id='block_1_41' title="bbox 781 3878 2455 3959">
    <p class='ocr_par' dir='ltr' id='par_1_41' title="bbox 781 3878 2455 3959">
     <span class='ocr_line' id='line_1_41' title="bbox 781 3878 2455 3959; baseline 0.008 -28"><span class='ocrx_word' id='word_1_328' title='bbox 781 3878 945 3949; x_wconf 79' lang='grc' dir='ltr'>ἔχων,</span> <span class='ocrx_word' id='word_1_329' title='bbox 979 3880 1075 3933; x_wconf 80' lang='grc' dir='ltr'>καὶ</span> <span class='ocrx_word' id='word_1_330' title='bbox 1108 3880 1171 3933; x_wconf 76' lang='grc' dir='ltr'>ἐκ</span> <span class='ocrx_word' id='word_1_331' title='bbox 1199 3880 1308 3934; x_wconf 91' lang='grc' dir='ltr'>τῶν</span> <span class='ocrx_word' id='word_1_332' title='bbox 1351 3881 1531 3936; x_wconf 88' lang='grc' dir='ltr'>αὐτῶν</span> <span class='ocrx_word' id='word_1_333' title='bbox 1564 3885 1920 3956; x_wconf 88' lang='grc' dir='ltr'>συγκείμενος</span> <span class='ocrx_word' id='word_1_334' title='bbox 1954 3887 2257 3959; x_wconf 85' lang='grc' dir='ltr'>στοιχείων,</span> <span class='ocrx_word' id='word_1_335' title='bbox 2292 3890 2343 3943; x_wconf 85' lang='grc' dir='ltr'>εἰ</span> <span class='ocrx_word' id='word_1_336' title='bbox 2380 3888 2455 3959; x_wconf 84' lang='grc' dir='ltr'>μὴ</span> 
     </span>
    </p>
   </div>
   <div class='ocr_carea' id='block_1_42' title="bbox 781 3965 2456 4046">
    <p class='ocr_par' dir='ltr' id='par_1_42' title="bbox 781 3965 2456 4046">
     <span class='ocr_line' id='line_1_42' title="bbox 781 3965 2456 4046; baseline 0.007 -28"><span class='ocrx_word' id='word_1_337' title='bbox 781 3965 988 4036; x_wconf 81' lang='grc' dir='ltr'>πολλῆς</span> <span class='ocrx_word' id='word_1_338' title='bbox 1013 3966 1301 4037; x_wconf 84' lang='grc' dir='ltr'>ἀπήλαυσε</span> <span class='ocrx_word' id='word_1_339' title='bbox 1327 3971 1600 4039; x_wconf 88' lang='grc' dir='ltr'>προνοίας,</span> <span class='ocrx_word' id='word_1_340' title='bbox 1618 3970 1835 4041; x_wconf 88' lang='grc' dir='ltr'>ἔμεινεν</span> <span class='ocrx_word' id='word_1_341' title='bbox 1854 3972 1921 4027; x_wconf 84' lang='grc' dir='ltr'>ἂν</span> <span class='ocrx_word' id='word_1_342' title='bbox 1944 3973 2039 4028; x_wconf 79' lang='grc' dir='ltr'>ἐπὶ</span> <span class='ocrx_word' id='word_1_343' title='bbox 2058 3974 2312 4029; x_wconf 89' lang='grc' dir='ltr'>τοσοῦτον</span> <span class='ocrx_word' id='word_1_344' title='bbox 2329 3975 2456 4046; x_wconf 76' lang='grc' dir='ltr'>χρόο</span> 
     </span>
    </p>
   </div>
   <div class='ocr_carea' id='block_1_43' title="bbox 781 4054 2457 4132">
    <p class='ocr_par' dir='ltr' id='par_1_43' title="bbox 781 4054 2457 4132">
     <span class='ocr_line' id='line_1_43' title="bbox 781 4054 2457 4132; baseline 0.005 -26"><span class='ocrx_word' id='word_1_345' title='bbox 781 4070 873 4107; x_wconf 82' lang='grc' dir='ltr'>νον</span> <span class='ocrx_word' id='word_1_346' title='bbox 896 4054 1200 4125; x_wconf 86' lang='grc' dir='ltr'>ἀτάραχος;</span> <span class='ocrx_word' id='word_1_347' title='bbox 1234 4056 1368 4111; x_wconf 58' lang='grc' dir='ltr'>Οὐδέἓ⁹</span> <span class='ocrx_word' id='word_1_348' title='bbox 1389 4057 1496 4128; x_wconf 83' lang='grc' dir='ltr'>γάρ</span> <span class='ocrx_word' id='word_1_349' title='bbox 1525 4058 1592 4111; x_wconf 84' lang='grc' dir='ltr'>ἂν</span> <span class='ocrx_word' id='word_1_350' title='bbox 1622 4058 1735 4128; x_wconf 89' lang='grc' dir='ltr'>ἔχοι</span> <span class='ocrx_word' id='word_1_351' title='bbox 1767 4059 1945 4127; x_wconf 87' lang='grc' dir='ltr'>λόγον,</span> <span class='ocrx_word' id='word_1_352' title='bbox 1979 4060 2040 4115; x_wconf 75' lang='grc' dir='ltr'>τὸ</span> <span class='ocrx_word' id='word_1_353' title='bbox 2071 4062 2170 4131; x_wconf 79' lang='grc' dir='ltr'>μὲν</span> <span class='ocrx_word' id='word_1_354' title='bbox 2201 4061 2457 4132; x_wconf 89' lang='grc' dir='ltr'>προνοίας</span> 
     </span>
    </p>
   </div>
   <div class='ocr_carea' id='block_1_44' title="bbox 780 4140 2452 4218">
    <p class='ocr_par' dir='ltr' id='par_1_44' title="bbox 780 4140 2452 4218">
     <span class='ocr_line' id='line_1_44' title="bbox 780 4140 2452 4218; baseline 0.005 -24"><span class='ocrx_word' id='word_1_355' title='bbox 780 4140 1052 4196; x_wconf 80' lang='grc' dir='ltr'>ἀπολαῦον</span> <span class='ocrx_word' id='word_1_356' title='bbox 1078 4143 1238 4213; x_wconf 79' lang='grc' dir='ltr'>ἡμῶν</span> <span class='ocrx_word' id='word_1_357' title='bbox 1282 4143 1443 4214; x_wconf 89' lang='grc' dir='ltr'>σῶμα</span> <span class='ocrx_word' id='word_1_358' title='bbox 1482 4145 1579 4197; x_wconf 79' lang='grc' dir='ltr'>καὶ</span> <span class='ocrx_word' id='word_1_359' title='bbox 1614 4145 1717 4214; x_wconf 85' lang='grc' dir='ltr'>τῆς</span> <span class='ocrx_word' id='word_1_360' title='bbox 1747 4144 1946 4212; x_wconf 79' lang='grc' dir='ltr'>ἔξωθεν</span> <span class='ocrx_word' id='word_1_361' title='bbox 1975 4148 2069 4201; x_wconf 79' lang='grc' dir='ltr'>καὶ</span> <span class='ocrx_word' id='word_1_362' title='bbox 2096 4151 2193 4218; x_wconf 86' lang='grc' dir='ltr'>τῆς</span> <span class='ocrx_word' id='word_1_363' title='bbox 2220 4148 2452 4213; x_wconf 84' lang='grc' dir='ltr'>ἔνδοθεν,</span> 
     </span>
    </p>
   </div>
   <div class='ocr_carea' id='block_1_45' title="bbox 783 4227 2448 4301">
    <p class='ocr_par' dir='ltr' id='par_1_45' title="bbox 783 4227 2448 4301">
     <span class='ocr_line' id='line_1_45' title="bbox 783 4227 2448 4301; baseline 0.005 -20"><span class='ocrx_word' id='word_1_364' title='bbox 783 4227 938 4298; x_wconf 80' lang='grc' dir='ltr'>μόλις</span> <span class='ocrx_word' id='word_1_365' title='bbox 970 4228 1213 4300; x_wconf 79' lang='grc' dir='ltr'>διαρκεῖν</span> <span class='ocrx_word' id='word_1_366' title='bbox 1237 4231 1374 4301; x_wconf 73' lang='grc' dir='ltr'>πρὸς</span> <span class='ocrx_word' id='word_1_367' title='bbox 1400 4230 1498 4301; x_wconf 82' lang='grc' dir='ltr'>τὴν</span> <span class='ocrx_word' id='word_1_368' title='bbox 1521 4232 1717 4287; x_wconf 76' lang='grc' dir='ltr'>ἑαυτοῦ</span> <span class='ocrx_word' id='word_1_369' title='bbox 1746 4232 2007 4288; x_wconf 89' lang='grc' dir='ltr'>σύστασιν</span> <span class='ocrx_word' id='word_1_370' title='bbox 2028 4252 2041 4265; x_wconf 89' lang='grc'><strong>·</strong></span> <span class='ocrx_word' id='word_1_371' title='bbox 2067 4236 2157 4288; x_wconf 82' lang='grc' dir='ltr'>τὸν</span> <span class='ocrx_word' id='word_1_372' title='bbox 2186 4236 2245 4289; x_wconf 83' lang='grc' dir='ltr'>δὲ</span> <span class='ocrx_word' id='word_1_373' title='bbox 2267 4237 2448 4290; x_wconf 82' lang='grc' dir='ltr'>τοσοῦ-</span> 
     </span>
    </p>
   </div>
   <div class='ocr_carea' id='block_1_46' title="bbox 777 4314 2453 4391">
    <p class='ocr_par' dir='ltr' id='par_1_46' title="bbox 777 4314 2453 4391">
     <span class='ocr_line' id='line_1_46' title="bbox 777 4314 2453 4391; baseline 0.007 -24"><span class='ocrx_word' id='word_1_374' title='bbox 777 4331 874 4368; x_wconf 78' lang='grc' dir='ltr'>τον</span> <span class='ocrx_word' id='word_1_375' title='bbox 896 4314 1119 4386; x_wconf 86' lang='grc' dir='ltr'>κόσμον,</span> <span class='ocrx_word' id='word_1_376' title='bbox 1145 4317 1419 4387; x_wconf 78' lang='grc' dir='ltr'>μηδεμιᾶς</span> <span class='ocrx_word' id='word_1_377' title='bbox 1439 4318 1779 4373; x_wconf 82' lang='grc' dir='ltr'>ἀπολαύοντα</span> <span class='ocrx_word' id='word_1_378' title='bbox 1799 4321 2075 4391; x_wconf 83' lang='grc' dir='ltr'>προνοίας,</span> <span class='ocrx_word' id='word_1_379' title='bbox 2098 4323 2191 4375; x_wconf 86' lang='grc' dir='ltr'>ἐπὶ</span> <span class='ocrx_word' id='word_1_380' title='bbox 2217 4326 2453 4379; x_wconf 82' lang='grc' dir='ltr'>τοσαῦτα</span> 
     </span>
    </p>
   </div>
   <div class='ocr_carea' id='block_1_47' title="bbox 780 4401 2448 4484">
    <p class='ocr_par' dir='ltr' id='par_1_47' title="bbox 780 4401 2448 4484">
     <span class='ocr_line' id='line_1_47' title="bbox 780 4401 2448 4484; baseline 0.008 -30"><span class='ocrx_word' id='word_1_381' title='bbox 780 4401 876 4473; x_wconf 77' lang='grc' dir='ltr'>ἔτη</span> <span class='ocrx_word' id='word_1_382' title='bbox 911 4403 1078 4473; x_wconf 81' lang='grc' dir='ltr'>μηδὲν</span> <span class='ocrx_word' id='word_1_383' title='bbox 1110 4403 1348 4457; x_wconf 91' lang='grc' dir='ltr'>τοιοῦτον</span> <span class='ocrx_word' id='word_1_384' title='bbox 1382 4405 1594 4471; x_wconf 77' lang='grc' dir='ltr'>παθεῖν,</span> <span class='ocrx_word' id='word_1_385' title='bbox 1639 4401 1750 4462; x_wconf 72' lang='grc' dir='ltr'>οἷον</span> <span class='ocrx_word' id='word_1_386' title='bbox 1782 4409 1841 4462; x_wconf 77' lang='grc' dir='ltr'>τὸ</span> <span class='ocrx_word' id='word_1_387' title='bbox 1873 4410 2034 4480; x_wconf 89' lang='grc' dir='ltr'>σῶμα</span> <span class='ocrx_word' id='word_1_388' title='bbox 2064 4411 2126 4463; x_wconf 87' lang='grc' dir='ltr'>τδ</span> <span class='ocrx_word' id='word_1_389' title='bbox 2164 4411 2448 4484; x_wconf 86' lang='grc' dir='ltr'>ήμέτερον.</span> 
     </span>
    </p>
   </div>
   <div class='ocr_carea' id='block_1_48' title="bbox 782 4487 2453 4566">
    <p class='ocr_par' dir='ltr' id='par_1_48' title="bbox 782 4487 2453 4566">
     <span class='ocr_line' id='line_1_48' title="bbox 782 4487 2453 4566; baseline 0.007 -26"><span class='ocrx_word' id='word_1_390' title='bbox 782 4487 908 4552; x_wconf 80' lang='grc' dir='ltr'>Πῶς</span> <span class='ocrx_word' id='word_1_391' title='bbox 924 4488 1036 4560; x_wconf 85' lang='grc' dir='ltr'>γάρ</span> <span class='ocrx_word' id='word_1_392' title='bbox 1054 4489 1174 4543; x_wconf 82' lang='grc' dir='ltr'>οὐδὲ</span> <span class='ocrx_word' id='word_1_393' title='bbox 1196 4488 1255 4542; x_wconf 78' lang='grc' dir='ltr'>ἓν</span> <span class='ocrx_word' id='word_1_394' title='bbox 1269 4490 1378 4544; x_wconf 91' lang='grc' dir='ltr'>τῶν</span> <span class='ocrx_word' id='word_1_395' title='bbox 1402 4493 1682 4563; x_wconf 87' lang='grc' dir='ltr'>στοιχείων</span> <span class='ocrx_word' id='word_1_396' title='bbox 1706 4495 1930 4559; x_wconf 84' lang='grc' dir='ltr'>τούτων,</span> <span class='ocrx_word' id='word_1_397' title='bbox 1954 4495 2076 4550; x_wconf 90' lang='grc' dir='ltr'>εἰπέ</span> <span class='ocrx_word' id='word_1_398' title='bbox 2103 4515 2213 4566; x_wconf 89' lang='grc' dir='ltr'>μοι,</span> <span class='ocrx_word' id='word_1_399' title='bbox 2232 4500 2357 4561; x_wconf 84' lang='grc' dir='ltr'>τούς</span> <span class='ocrx_word' id='word_1_400' title='bbox 2378 4501 2453 4552; x_wconf 72' lang='lat' dir='ltr'>ol-</span> 
     </span>
    </p>
   </div>
   <div class='ocr_carea' id='block_1_49' title="bbox 781 4574 2449 4651">
    <p class='ocr_par' dir='ltr' id='par_1_49' title="bbox 781 4574 2449 4651">
     <span class='ocr_line' id='line_1_49' title="bbox 781 4574 2449 4651; baseline 0.007 -23"><span class='ocrx_word' id='word_1_401' title='bbox 781 4574 963 4638; x_wconf 75' lang='grc' dir='ltr'>κείους</span> <span class='ocrx_word' id='word_1_402' title='bbox 977 4575 1247 4648; x_wconf 76' lang='grc' dir='ltr'>ὐπερέϐηά</span> <span class='ocrx_word' id='word_1_403' title='bbox 1262 4578 1621 4648; x_wconf 80' lang='grc' dir='ltr'>ὄρους,καὶτά</span> <span class='ocrx_word' id='word_1_404' title='bbox 1634 4580 1796 4633; x_wconf 79' lang='grc' dir='ltr'>λοιπά</span> <span class='ocrx_word' id='word_1_405' title='bbox 1812 4583 2194 4651; x_wconf 81' lang='grc' dir='ltr'>κατηνάλωσεν</span> <span class='ocrx_word' id='word_1_406' title='bbox 2212 4584 2449 4651; x_wconf 74' lang='grc' dir='ltr'>ἅπαντας</span> 
     </span>
    </p>
   </div>
   <div class='ocr_carea' id='block_1_50' title="bbox 779 4662 2450 4741">
    <p class='ocr_par' dir='ltr' id='par_1_50' title="bbox 779 4662 2450 4741">
     <span class='ocr_line' id='line_1_50' title="bbox 779 4662 2450 4741; baseline 0.007 -27"><span class='ocrx_word' id='word_1_407' title='bbox 779 4662 864 4727; x_wconf 90' lang='grc' dir='ltr'>τίς</span> <span class='ocrx_word' id='word_1_408' title='bbox 893 4662 951 4715; x_wconf 82' lang='grc' dir='ltr'>δὲ</span> <span class='ocrx_word' id='word_1_409' title='bbox 977 4662 1119 4715; x_wconf 87' lang='grc' dir='ltr'>αὐτά</span> <span class='ocrx_word' id='word_1_410' title='bbox 1149 4664 1455 4733; x_wconf 87' lang='grc' dir='ltr'>συνήγαγεν</span> <span class='ocrx_word' id='word_1_411' title='bbox 1481 4665 1573 4717; x_wconf 78' lang='grc' dir='ltr'>ἀπ’</span> <span class='ocrx_word' id='word_1_412' title='bbox 1600 4666 1805 4736; x_wconf 87' lang='grc' dir='ltr'>ἀρχῆς;</span> <span class='ocrx_word' id='word_1_413' title='bbox 1839 4668 1926 4730; x_wconf 87' lang='grc' dir='ltr'>τίς</span> <span class='ocrx_word' id='word_1_414' title='bbox 1953 4668 2131 4739; x_wconf 88' lang='grc' dir='ltr'>ἔδησε,</span> <span class='ocrx_word' id='word_1_415' title='bbox 2161 4670 2243 4733; x_wconf 87' lang='grc' dir='ltr'>τίς</span> <span class='ocrx_word' id='word_1_416' title='bbox 2269 4672 2450 4741; x_wconf 80' lang='grc' dir='ltr'>ἐχαλί-</span> 
     </span>
    </p>
   </div>
   <div class='ocr_carea' id='block_1_51' title="bbox 780 4749 2451 4830">
    <p class='ocr_par' dir='ltr' id='par_1_51' title="bbox 780 4749 2451 4830">
     <span class='ocr_line' id='line_1_51' title="bbox 780 4749 2451 4830; baseline 0.007 -28"><span class='ocrx_word' id='word_1_417' title='bbox 780 4766 941 4813; x_wconf 88' lang='grc' dir='ltr'>νωσε,</span> <span class='ocrx_word' id='word_1_418' title='bbox 986 4750 1070 4811; x_wconf 88' lang='grc' dir='ltr'>τίς</span> <span class='ocrx_word' id='word_1_419' title='bbox 1099 4749 1197 4803; x_wconf 77' lang='grc' dir='ltr'>ἐπὶ</span> <span class='ocrx_word' id='word_1_420' title='bbox 1242 4749 1496 4803; x_wconf 89' lang='grc' dir='ltr'>τοσοῦτον</span> <span class='ocrx_word' id='word_1_421' title='bbox 1532 4750 1814 4823; x_wconf 89' lang='grc' dir='ltr'>διακρατεῖ</span> <span class='ocrx_word' id='word_1_422' title='bbox 1852 4754 2076 4827; x_wconf 90' lang='grc' dir='ltr'>χρόνον;</span> <span class='ocrx_word' id='word_1_423' title='bbox 2123 4759 2229 4810; x_wconf 76' lang='grc' dir='ltr'>Καὶ</span> <span class='ocrx_word' id='word_1_424' title='bbox 2262 4760 2371 4830; x_wconf 75' lang='grc' dir='ltr'>γὰρ</span> <span class='ocrx_word' id='word_1_425' title='bbox 2404 4763 2451 4814; x_wconf 88' lang='grc' dir='ltr'>εί</span> 
     </span>
    </p>
   </div>
   <div class='ocr_carea' id='block_1_52' title="bbox 784 4835 2451 4920">
    <p class='ocr_par' dir='ltr' id='par_1_52' title="bbox 784 4835 2451 4920">
     <span class='ocr_line' id='line_1_52' title="bbox 784 4835 2451 4920; baseline 0.008 -31"><span class='ocrx_word' id='word_1_426' title='bbox 784 4836 884 4906; x_wconf 76' lang='grc' dir='ltr'>μὲν</span> <span class='ocrx_word' id='word_1_427' title='bbox 916 4835 1122 4890; x_wconf 89' lang='grc' dir='ltr'>ἀπλοῦν</span> <span class='ocrx_word' id='word_1_428' title='bbox 1153 4838 1247 4890; x_wconf 76' lang='grc' dir='ltr'>καὶ</span> <span class='ocrx_word' id='word_1_429' title='bbox 1268 4840 1549 4920; x_wconf 78' lang='grc' dir='ltr'>μονοειδὲς</span> <span class='ocrx_word' id='word_1_430' title='bbox 1590 4835 1660 4911; x_wconf 75' lang='grc' dir='ltr'>ἦν</span> <span class='ocrx_word' id='word_1_431' title='bbox 1688 4839 1782 4893; x_wconf 86' lang='grc' dir='ltr'>τοῦ</span> <span class='ocrx_word' id='word_1_432' title='bbox 1817 4843 2021 4912; x_wconf 89' lang='grc' dir='ltr'>κόσμου</span> <span class='ocrx_word' id='word_1_433' title='bbox 2050 4845 2110 4897; x_wconf 75' lang='grc' dir='ltr'>τὸ</span> <span class='ocrx_word' id='word_1_434' title='bbox 2140 4846 2317 4915; x_wconf 90' lang='grc' dir='ltr'>σῶμα,</span> <span class='ocrx_word' id='word_1_435' title='bbox 2354 4849 2451 4920; x_wconf 88' lang='grc' dir='ltr'>οὐχ</span> 
     </span>
    </p>
   </div>
   <div class='ocr_carea' id='block_1_53' title="bbox 781 4919 2450 5007">
    <p class='ocr_par' dir='ltr' id='par_1_53' title="bbox 781 4919 2450 5007">
     <span class='ocr_line' id='line_1_53' title="bbox 781 4919 2450 5007; baseline 0.009 -32"><span class='ocrx_word' id='word_1_436' title='bbox 781 4922 956 4986; x_wconf 82' lang='grc' dir='ltr'>οὕτως</span> <span class='ocrx_word' id='word_1_437' title='bbox 981 4922 1242 4977; x_wconf 88' lang='grc' dir='ltr'>ἀδύνατον</span> <span class='ocrx_word' id='word_1_438' title='bbox 1260 4919 1329 4995; x_wconf 80' lang='grc' dir='ltr'>ῆν</span> <span class='ocrx_word' id='word_1_439' title='bbox 1358 4925 1420 4978; x_wconf 79' lang='grc' dir='ltr'>τὸ</span> <span class='ocrx_word' id='word_1_440' title='bbox 1443 4925 1730 4996; x_wconf 86' lang='grc' dir='ltr'>λεγόμενον</span> <span class='ocrx_word' id='word_1_441' title='bbox 1748 4944 1761 4957; x_wconf 92' lang='grc'><strong>·</strong></span> <span class='ocrx_word' id='word_1_442' title='bbox 1795 4928 1922 4981; x_wconf 81' lang='grc' dir='ltr'>ὅταν</span> <span class='ocrx_word' id='word_1_443' title='bbox 1947 4928 2002 4982; x_wconf 83' lang='grc' dir='ltr'>δὲ</span> <span class='ocrx_word' id='word_1_444' title='bbox 2036 4932 2181 5005; x_wconf 89' lang='grc' dir='ltr'>μάχη</span> <span class='ocrx_word' id='word_1_445' title='bbox 2216 4919 2450 5007; x_wconf 85' lang='grc' dir='ltr'>τοσαύτη</span> 
     </span>
    </p>
   </div>
   <div class='ocr_carea' id='block_1_54' title="bbox 780 5008 2453 5086">
    <p class='ocr_par' dir='ltr' id='par_1_54' title="bbox 780 5008 2453 5086">
     <span class='ocr_line' id='line_1_54' title="bbox 780 5008 2453 5086; baseline 0.006 -25"><span class='ocrx_word' id='word_1_446' title='bbox 780 5008 889 5061; x_wconf 86' lang='grc' dir='ltr'>τῶν</span> <span class='ocrx_word' id='word_1_447' title='bbox 920 5008 1203 5077; x_wconf 82' lang='grc' dir='ltr'>στοιχείων</span> <span class='ocrx_word' id='word_1_448' title='bbox 1238 5008 1297 5073; x_wconf 77' lang='grc' dir='ltr'>ἐξ</span> <span class='ocrx_word' id='word_1_449' title='bbox 1334 5011 1508 5081; x_wconf 83' lang='grc' dir='ltr'>ἀρχῆς</span> <span class='ocrx_word' id='word_1_450' title='bbox 1540 5008 1599 5084; x_wconf 82' lang='grc' dir='ltr'>ᾖ,</span> <span class='ocrx_word' id='word_1_451' title='bbox 1641 5012 1722 5075; x_wconf 91' lang='grc' dir='ltr'>τίς</span> <span class='ocrx_word' id='word_1_452' title='bbox 1753 5013 1926 5077; x_wconf 83' lang='grc' dir='ltr'>οὑτως</span> <span class='ocrx_word' id='word_1_453' title='bbox 1971 5015 2195 5086; x_wconf 86' lang='grc' dir='ltr'>ἀνόητος</span> <span class='ocrx_word' id='word_1_454' title='bbox 2244 5020 2320 5083; x_wconf 83' lang='grc' dir='ltr'>ὡς</span> <span class='ocrx_word' id='word_1_455' title='bbox 2367 5023 2453 5075; x_wconf 83' lang='grc' dir='ltr'>ὲν-</span> 
     </span>
    </p>
   </div>
   <div class='ocr_carea' id='block_1_55' title="bbox 781 5094 2454 5170">
    <p class='ocr_par' dir='ltr' id='par_1_55' title="bbox 781 5094 2454 5170">
     <span class='ocr_line' id='line_1_55' title="bbox 781 5094 2454 5170; baseline 0.008 -23"><span class='ocrx_word' id='word_1_456' title='bbox 781 5094 992 5166; x_wconf 90' lang='grc' dir='ltr'>νοῆσαι,</span> <span class='ocrx_word' id='word_1_457' title='bbox 1014 5094 1097 5147; x_wconf 79' lang='grc' dir='ltr'>ὅτι</span> <span class='ocrx_word' id='word_1_458' title='bbox 1126 5094 1297 5165; x_wconf 72' lang='grc' dir='ltr'>χωρὶς</span> <span class='ocrx_word' id='word_1_459' title='bbox 1329 5095 1425 5147; x_wconf 91' lang='grc' dir='ltr'>τοῦ</span> <span class='ocrx_word' id='word_1_460' title='bbox 1461 5098 1785 5164; x_wconf 86' lang='grc' dir='ltr'>συνάγοντος</span> <span class='ocrx_word' id='word_1_461' title='bbox 1830 5100 2057 5170; x_wconf 85' lang='grc' dir='ltr'>συνῆλθε</span> <span class='ocrx_word' id='word_1_462' title='bbox 2094 5104 2267 5156; x_wconf 88' lang='grc' dir='ltr'>ταῦτα</span> <span class='ocrx_word' id='word_1_463' title='bbox 2292 5108 2454 5161; x_wconf 81' lang='grc' dir='ltr'>αὐτό-</span> 
     </span>
    </p>
   </div>
   <div class='ocr_carea' id='block_1_56' title="bbox 787 5181 2452 5262">
    <p class='ocr_par' dir='ltr' id='par_1_56' title="bbox 787 5181 2452 5262">
     <span class='ocr_line' id='line_1_56' title="bbox 787 5181 2452 5262; baseline 0.009 -29"><span class='ocrx_word' id='word_1_464' title='bbox 787 5196 950 5249; x_wconf 82' lang='grc' dir='ltr'>ματα,</span> <span class='ocrx_word' id='word_1_465' title='bbox 974 5181 1066 5234; x_wconf 75' lang='grc' dir='ltr'>καὶ</span> <span class='ocrx_word' id='word_1_466' title='bbox 1095 5181 1419 5236; x_wconf 88' lang='grc' dir='ltr'>συνελθόντα</span> <span class='ocrx_word' id='word_1_467' title='bbox 1454 5182 1697 5253; x_wconf 86' lang='grc' dir='ltr'>ἔμεινεν;</span> <span class='ocrx_word' id='word_1_468' title='bbox 1723 5185 1785 5238; x_wconf 75' lang='lat' dir='ltr'>El</span> <span class='ocrx_word' id='word_1_469' title='bbox 1806 5185 1915 5256; x_wconf 87' lang='grc' dir='ltr'>γὰρ</span> <span class='ocrx_word' id='word_1_470' title='bbox 1939 5188 2101 5256; x_wconf 78' lang='grc' dir='ltr'>ἡμεῖς</span> <span class='ocrx_word' id='word_1_471' title='bbox 2128 5190 2245 5261; x_wconf 73' lang='grc' dir='ltr'>οὐχὶ</span> <span class='ocrx_word' id='word_1_472' title='bbox 2268 5193 2452 5262; x_wconf 87' lang='grc' dir='ltr'>φύσει,</span> 
     </span>
    </p>
   </div>
   <div class='ocr_carea' id='block_1_57' title="bbox 781 5266 2454 5344">
    <p class='ocr_par' dir='ltr' id='par_1_57' title="bbox 781 5266 2454 5344">
     <span class='ocr_line' id='line_1_57' title="bbox 781 5266 2454 5344; baseline 0.01 -26"><span class='ocrx_word' id='word_1_473' title='bbox 781 5266 920 5320; x_wconf 82' lang='grc' dir='ltr'>ἀλλά</span> <span class='ocrx_word' id='word_1_474' title='bbox 962 5268 1281 5340; x_wconf 78' lang='grc' dir='ltr'>προαιρέσει</span> <span class='ocrx_word' id='word_1_475' title='bbox 1317 5268 1457 5340; x_wconf 79' lang='grc' dir='ltr'>πρὸς</span> <span class='ocrx_word' id='word_1_476' title='bbox 1495 5268 1758 5342; x_wconf 83' lang='grc' dir='ltr'>ἀλλήλους</span> <span class='ocrx_word' id='word_1_477' title='bbox 1795 5270 2082 5342; x_wconf 75' lang='grc' dir='ltr'>ἐχθρωδῶς</span> <span class='ocrx_word' id='word_1_478' title='bbox 2112 5274 2324 5344; x_wconf 87' lang='grc' dir='ltr'>ἔχοντες</span> <span class='ocrx_word' id='word_1_479' title='bbox 2353 5281 2454 5335; x_wconf 89' lang='grc' dir='ltr'>οὐκ</span> 
     </span>
    </p>
   </div>
   <div class='ocr_carea' id='block_1_58' title="bbox 784 5352 2455 5435">
    <p class='ocr_par' dir='ltr' id='par_1_58' title="bbox 784 5352 2455 5435">
     <span class='ocr_line' id='line_1_58' title="bbox 784 5352 2455 5435; baseline 0.01 -30"><span class='ocrx_word' id='word_1_480' title='bbox 784 5352 851 5405; x_wconf 82' lang='grc' dir='ltr'>ἂν</span> <span class='ocrx_word' id='word_1_481' title='bbox 878 5353 1175 5424; x_wconf 85' lang='grc' dir='ltr'>αὐτόματοι</span> <span class='ocrx_word' id='word_1_482' title='bbox 1204 5356 1575 5428; x_wconf 88' lang='grc' dir='ltr'>συμϐαίημεν,</span> <span class='ocrx_word' id='word_1_483' title='bbox 1615 5358 1721 5424; x_wconf 83' lang='grc' dir='ltr'>ἔως</span> <span class='ocrx_word' id='word_1_484' title='bbox 1766 5360 1833 5413; x_wconf 85' lang='grc' dir='ltr'>ἀν</span> <span class='ocrx_word' id='word_1_485' title='bbox 1861 5359 2046 5431; x_wconf 73' lang='grc' dir='ltr'>ἐχθροὶ</span> <span class='ocrx_word' id='word_1_486' title='bbox 2077 5362 2329 5435; x_wconf 87' lang='grc' dir='ltr'>μένωμεν</span> <span class='ocrx_word' id='word_1_487' title='bbox 2360 5370 2455 5422; x_wconf 75' lang='grc' dir='ltr'>καὶ</span> 
     </span>
    </p>
   </div>
   <div class='ocr_carea' id='block_1_59' title="bbox 783 5438 2454 5520">
    <p class='ocr_par' dir='ltr' id='par_1_59' title="bbox 783 5438 2454 5520">
     <span class='ocr_line' id='line_1_59' title="bbox 783 5438 2454 5520; baseline 0.011 -30"><span class='ocrx_word' id='word_1_488' title='bbox 783 5438 921 5509; x_wconf 82' lang='grc' dir='ltr'>πρὸς</span> <span class='ocrx_word' id='word_1_489' title='bbox 946 5438 1205 5509; x_wconf 82' lang='grc' dir='ltr'>ἀλλήλους</span> <span class='ocrx_word' id='word_1_490' title='bbox 1234 5440 1445 5513; x_wconf 84' lang='grc' dir='ltr'>ἔχωμεν</span> <span class='ocrx_word' id='word_1_491' title='bbox 1461 5454 1485 5483; x_wconf 79' lang='grc' dir='ltr'>ο</span> <span class='ocrx_word' id='word_1_492' title='bbox 1510 5444 1711 5516; x_wconf 85' lang='grc' dir='ltr'>ἀηδῶς,</span> <span class='ocrx_word' id='word_1_493' title='bbox 1746 5445 1861 5499; x_wconf 80' lang='grc' dir='ltr'>ἀλλ’</span> <span class='ocrx_word' id='word_1_494' title='bbox 1891 5446 2078 5517; x_wconf 79' lang='grc' dir='ltr'>ἐτέρου</span> <span class='ocrx_word' id='word_1_495' title='bbox 2108 5447 2339 5520; x_wconf 88' lang='grc' dir='ltr'>δεόμεθα</span> <span class='ocrx_word' id='word_1_496' title='bbox 2358 5454 2454 5507; x_wconf 93' lang='grc' dir='ltr'>τοῦ</span> 
     </span>
    </p>
   </div>
   <div class='ocr_carea' id='block_1_60' title="bbox 784 5524 2453 5606">
    <p class='ocr_par' dir='ltr' id='par_1_60' title="bbox 784 5524 2453 5606">
     <span class='ocr_line' id='line_1_60' title="bbox 784 5524 2453 5606; baseline 0.01 -29"><span class='ocrx_word' id='word_1_497' title='bbox 784 5524 1112 5592; x_wconf 80' lang='grc' dir='ltr'>συνάγοντος</span> <span class='ocrx_word' id='word_1_498' title='bbox 1130 5526 1294 5597; x_wconf 75' lang='grc' dir='ltr'>ἡμᾶς,</span> <span class='ocrx_word' id='word_1_499' title='bbox 1315 5531 1412 5583; x_wconf 81' lang='grc' dir='ltr'>καὶ</span> <span class='ocrx_word' id='word_1_500' title='bbox 1437 5530 1577 5600; x_wconf 84' lang='grc' dir='ltr'>μετά</span> <span class='ocrx_word' id='word_1_501' title='bbox 1592 5531 1651 5585; x_wconf 85' lang='grc' dir='ltr'>τὺ</span> <span class='ocrx_word' id='word_1_502' title='bbox 1673 5535 2001 5603; x_wconf 77' lang='grc' dir='ltr'>συναγαγεῖν</span> <span class='ocrx_word' id='word_1_503' title='bbox 2016 5535 2453 5606; x_wconf 73' lang='grc' dir='ltr'>ἑπισφίγγοντος,</span> 
     </span>
    </p>
   </div>
   <div class='ocr_carea' id='block_1_61' title="bbox 784 5610 2454 5698">
    <p class='ocr_par' dir='ltr' id='par_1_61' title="bbox 784 5610 2454 5698">
     <span class='ocr_line' id='line_1_61' title="bbox 784 5610 2454 5698; baseline 0.01 -33"><span class='ocrx_word' id='word_1_504' title='bbox 784 5612 877 5665; x_wconf 72' lang='grc' dir='ltr'>καὶ</span> <span class='ocrx_word' id='word_1_505' title='bbox 908 5610 1186 5675; x_wconf 84' lang='grc' dir='ltr'>πείθοντος</span> <span class='ocrx_word' id='word_1_506' title='bbox 1221 5613 1400 5683; x_wconf 82' lang='grc' dir='ltr'>μένειν</span> <span class='ocrx_word' id='word_1_507' title='bbox 1434 5618 1525 5672; x_wconf 73' lang='grc' dir='ltr'>ἐπὶ</span> <span class='ocrx_word' id='word_1_508' title='bbox 1562 5619 1661 5690; x_wconf 87' lang='grc' dir='ltr'>τῆς</span> <span class='ocrx_word' id='word_1_509' title='bbox 1702 5622 2070 5694; x_wconf 81' lang='grc' dir='ltr'>καταλλαγῆς,</span> <span class='ocrx_word' id='word_1_510' title='bbox 2112 5624 2208 5678; x_wconf 78' lang='grc' dir='ltr'>καὶ</span> <span class='ocrx_word' id='word_1_511' title='bbox 2242 5626 2317 5698; x_wconf 84' lang='grc' dir='ltr'>μὴ</span> <span class='ocrx_word' id='word_1_512' title='bbox 2347 5628 2454 5681; x_wconf 88' lang='grc' dir='ltr'>πά-</span> 
     </span>
    </p>
   </div>
   <div class='ocr_carea' id='block_1_62' title="bbox 842 5699 1783 5767">
    <p class='ocr_par' dir='ltr' id='par_1_62' title="bbox 842 5699 1783 5767">
     <span class='ocr_line' id='line_1_62' title="bbox 842 5699 1783 5767; baseline 0.01 -22"><span class='ocrx_word' id='word_1_513' title='bbox 842 5700 871 5767; x_wconf 70' lang='lat'>_‘</span> <span class='ocrx_word' id='word_1_514' title='bbox 896 5699 1047 5767; x_wconf 49' lang='lat' dir='ltr'>gavit.</span> <span class='ocrx_word' id='word_1_515' title='bbox 1077 5705 1131 5747; x_wconf 72' lang='lat' dir='ltr'>et</span> <span class='ocrx_word' id='word_1_516' title='bbox 1156 5701 1352 5767; x_wconf 67' lang='lat' dir='ltr'><strong>qpidam</strong></span> <span class='ocrx_word' id='word_1_517' title='bbox 1380 5716 1495 5752; x_wconf 85' lang='lat' dir='ltr'>mss.</span> <span class='ocrx_word' id='word_1_518' title='bbox 1522 5706 1783 5767; x_wconf 78' lang='grc' dir='ltr'>σύγκειται.</span> 
     </span>
    </p>
   </div>
   <div class='ocr_carea' id='block_1_63' title="bbox 840 5712 2449 5832">
    <p class='ocr_par' dir='ltr' id='par_1_63' title="bbox 840 5712 2449 5832">
     <span class='ocr_line' id='line_1_63' title="bbox 842 5712 1783 5809; baseline 0.009 -63"><span class='ocrx_word' id='word_1_519' title='bbox 842 5712 871 5730; x_wconf 89' lang='grc'><strong>·</strong></span> <span class='ocrx_word' id='word_1_520' title='bbox 896 5712 1047 5747; x_wconf 67' lang='lat' dir='ltr'>sam.</span> <span class='ocrx_word' id='word_1_521' title='bbox 1077 5712 1131 5747; x_wconf 71' lang='lat' dir='ltr'>et</span> <span class='ocrx_word' id='word_1_522' title='bbox 1156 5712 1352 5809; x_wconf 43' lang='lat' dir='ltr'><strong>quidam</strong></span> <span class='ocrx_word' id='word_1_523' title='bbox 1380 5716 1495 5752; x_wconf 85' lang='lat' dir='ltr'>mss.</span> <span class='ocrx_word' id='word_1_524' title='bbox 1522 5712 1783 5767; x_wconf 83' lang='grc' dir='ltr'>σύγκειται.</span> 
     </span>
     <span class='ocr_line' id='line_1_64' title="bbox 840 5758 2449 5832; baseline 0.012 -28"><span class='ocrx_word' id='word_1_525' title='bbox 840 5758 871 5832; x_wconf 54' lang='grc' dir='ltr'><strong>ξ</strong></span> <span class='ocrx_word' id='word_1_526' title='bbox 893 5760 1052 5832; x_wconf 40' lang='lat' dir='ltr'>“Savil.</span> <span class='ocrx_word' id='word_1_527' title='bbox 1076 5767 1131 5832; x_wconf 55' lang='grc' dir='ltr'>εἰ</span> <span class='ocrx_word' id='word_1_528' title='bbox 1147 5763 1333 5832; x_wconf 44' lang='grc' dir='ltr'>ψωμοί</span> <span class='ocrx_word' id='word_1_529' title='bbox 1354 5776 1467 5811; x_wconf 59' lang='grc' dir='ltr'>ωδε.</span> <span class='ocrx_word' id='word_1_530' title='bbox 1491 5768 1545 5832; x_wconf 78' lang='grc' dir='ltr'>οὐ</span> <span class='ocrx_word' id='word_1_531' title='bbox 1570 5770 1880 5832; x_wconf 80' lang='grc' dir='ltr'>ζωογονεῖται.</span> <span class='ocrx_word' id='word_1_532' title='bbox 1906 5771 2025 5822; x_wconf 79' lang='lat' dir='ltr'><strong><em>Mor.</em></strong></span> <span class='ocrx_word' id='word_1_533' title='bbox 2052 5774 2108 5824; x_wconf 85' lang='grc' dir='ltr'>οὐ</span> <span class='ocrx_word' id='word_1_534' title='bbox 2134 5777 2449 5830; x_wconf 81' lang='grc' dir='ltr'>ζωοποιεῖται.</span> 
     </span>
    </p>
   </div>
   <div class='ocr_carea' id='block_1_64' title="bbox 846 5822 1997 5886">
    <p class='ocr_par' dir='ltr' id='par_1_64' title="bbox 846 5822 1997 5886">
     <span class='ocr_line' id='line_1_65' title="bbox 846 5822 1997 5886; baseline 0.011 -18"><span class='ocrx_word' id='word_1_535' title='bbox 846 5828 871 5886; x_wconf 55' lang='grc' dir='ltr'>’ί</span> <span class='ocrx_word' id='word_1_536' title='bbox 892 5822 1042 5886; x_wconf 60' lang='grc' dir='ltr'>ξενὶί.</span> <span class='ocrx_word' id='word_1_537' title='bbox 1067 5828 1121 5870; x_wconf 78' lang='lat' dir='ltr'><strong>et</strong></span> <span class='ocrx_word' id='word_1_538' title='bbox 1145 5822 1333 5886; x_wconf 49' lang='lat' dir='ltr'>{liquot</span> <span class='ocrx_word' id='word_1_539' title='bbox 1354 5837 1467 5873; x_wconf 71' lang='lat' dir='ltr'>mss.</span> <span class='ocrx_word' id='word_1_540' title='bbox 1497 5822 1771 5886; x_wconf 68' lang='grc' dir='ltr'>λυμαίνὴταλ</span> <span class='ocrx_word' id='word_1_541' title='bbox 1794 5835 1997 5883; x_wconf 72' lang='grc' dir='ltr'>ἃπασαν.</span> 
     </span>
    </p>
   </div>
   <div class='ocr_carea' id='block_1_65' title="bbox 848 5881 1678 5945">
    <p class='ocr_par' dir='ltr' id='par_1_65' title="bbox 848 5881 1678 5945">
     <span class='ocr_line' id='line_1_66' title="bbox 848 5881 1678 5945; baseline 0.01 -16"><span class='ocrx_word' id='word_1_542' title='bbox 848 5884 876 5921; x_wconf 66' lang='grc' dir='ltr'><strong>τι</strong></span> <span class='ocrx_word' id='word_1_543' title='bbox 903 5882 1052 5945; x_wconf 66' lang='lat' dir='ltr'>Savi].</span> <span class='ocrx_word' id='word_1_544' title='bbox 1073 5890 1127 5930; x_wconf 82' lang='lat' dir='ltr'>el</span> <span class='ocrx_word' id='word_1_545' title='bbox 1146 5881 1312 5935; x_wconf 76' lang='lat' dir='ltr'><strong>iidém.</strong></span> <span class='ocrx_word' id='word_1_546' title='bbox 1340 5898 1455 5935; x_wconf 83' lang='lat' dir='ltr'>mss.</span> <span class='ocrx_word' id='word_1_547' title='bbox 1482 5881 1678 5945; x_wconf 71' lang='grc' dir='ltr'>παρέϐη.</span> 
     </span>
    </p>
   </div>
   <div class='ocr_carea' id='block_1_66' title="bbox 850 5942 1280 6008">
    <p class='ocr_par' dir='ltr' id='par_1_66' title="bbox 850 5942 1280 6008">
     <span class='ocr_line' id='line_1_67' title="bbox 850 5942 1280 6008; baseline 0.002 -16"><span class='ocrx_word' id='word_1_548' title='bbox 850 5946 874 5975; x_wconf 73' lang='grc'><strong><em>⁸</em></strong></span> <span class='ocrx_word' id='word_1_549' title='bbox 898 5942 1046 5994; x_wconf 72' lang='lat' dir='ltr'>Sam.</span> <span class='ocrx_word' id='word_1_550' title='bbox 1077 5945 1280 6008; x_wconf 83' lang='grc' dir='ltr'>ἔχοιμεν.</span> 
     </span>
    </p>
   </div>
   <div class='ocr_carea' id='block_1_67' title="bbox 1581 382 3449 450">
    <p class='ocr_par' dir='ltr' id='par_1_67' title="bbox 1581 382 3449 450">
     <span class='ocr_line' id='line_1_68' title="bbox 1581 382 3449 450; baseline 0.005 -10"><span class='ocrx_word' id='word_1_551' title='bbox 1581 385 1641 440; x_wconf 82' lang='grc'>8.</span> <span class='ocrx_word' id='word_1_552' title='bbox 1681 382 1968 441; x_wconf 69' lang='lat' dir='ltr'>JOANNIS</span> <span class='ocrx_word' id='word_1_553' title='bbox 2000 383 2505 443; x_wconf 75' lang='lat' dir='ltr'>CHRYSOSTOMI</span> <span class='ocrx_word' id='word_1_554' title='bbox 2534 386 2854 444; x_wconf 77' lang='lat' dir='ltr'>ARCIIIEP.</span> <span class='ocrx_word' id='word_1_555' title='bbox 2890 389 3449 450; x_wconf 79' lang='lat' dir='ltr'>CONSTANTINOP.</span> 
     </span>
    </p>
   </div>
   <div class='ocr_carea' id='block_1_68' title="bbox 4163 395 4261 455">
    <p class='ocr_par' dir='ltr' id='par_1_68' title="bbox 4163 395 4261 455">
     <span class='ocr_line' id='line_1_69' title="bbox 4163 395 4261 455; baseline 0.041 -4"><span class='ocrx_word' id='word_1_556' title='bbox 4163 395 4261 455; x_wconf 63' lang='lat' dir='ltr'>Ha</span> 
     </span>
    </p>
   </div>
   <div class='ocr_carea' id='block_1_69' title="bbox 2585 500 4262 580">
    <p class='ocr_par' dir='ltr' id='par_1_69' title="bbox 2585 500 4262 580">
     <span class='ocr_line' id='line_1_70' title="bbox 2585 500 4262 580; baseline 0.008 -27"><span class='ocrx_word' id='word_1_557' title='bbox 2585 500 2664 555; x_wconf 90' lang='grc' dir='ltr'>λιν</span> <span class='ocrx_word' id='word_1_558' title='bbox 2705 502 2995 575; x_wconf 76' lang='grc' dir='ltr'>ἀποπηδᾷν</span> <span class='ocrx_word' id='word_1_559' title='bbox 3013 523 3026 536; x_wconf 92' lang='grc'><strong>·</strong></span> <span class='ocrx_word' id='word_1_560' title='bbox 3082 508 3199 573; x_wconf 86' lang='grc' dir='ltr'>πῶς</span> <span class='ocrx_word' id='word_1_561' title='bbox 3252 507 3317 561; x_wconf 81' lang='grc' dir='ltr'>ἂν</span> <span class='ocrx_word' id='word_1_562' title='bbox 3357 506 3425 561; x_wconf 75' lang='grc' dir='ltr'>τά</span> <span class='ocrx_word' id='word_1_563' title='bbox 3451 504 3588 576; x_wconf 87' lang='grc' dir='ltr'>μήτε</span> <span class='ocrx_word' id='word_1_564' title='bbox 3617 507 3881 576; x_wconf 90' lang='grc' dir='ltr'>λογισμοῦ</span> <span class='ocrx_word' id='word_1_565' title='bbox 3908 510 4047 580; x_wconf 85' lang='grc' dir='ltr'>μήτε</span> <span class='ocrx_word' id='word_1_566' title='bbox 4072 510 4262 580; x_wconf 71' lang='grc' dir='ltr'>αἰσθή-</span> 
     </span>
    </p>
   </div>
   <div class='ocr_carea' id='block_1_70' title="bbox 2586 588 4259 668">
    <p class='ocr_par' dir='ltr' id='par_1_70' title="bbox 2586 588 4259 668">
     <span class='ocr_line' id='line_1_71' title="bbox 2586 588 4259 668; baseline 0.008 -28"><span class='ocrx_word' id='word_1_567' title='bbox 2586 588 2722 651; x_wconf 79' lang='grc' dir='ltr'>σεώς</span> <span class='ocrx_word' id='word_1_568' title='bbox 2756 607 2899 654; x_wconf 90' lang='grc' dir='ltr'>τινος</span> <span class='ocrx_word' id='word_1_569' title='bbox 2941 594 3241 664; x_wconf 86' lang='grc' dir='ltr'>μετέχοντα</span> <span class='ocrx_word' id='word_1_570' title='bbox 3280 597 3537 664; x_wconf 84' lang='grc' dir='ltr'>στοιχεῖα,</span> <span class='ocrx_word' id='word_1_571' title='bbox 3581 593 3675 645; x_wconf 78' lang='grc' dir='ltr'>καὶ</span> <span class='ocrx_word' id='word_1_572' title='bbox 3703 594 3860 660; x_wconf 86' lang='grc' dir='ltr'>φύσει</span> <span class='ocrx_word' id='word_1_573' title='bbox 3892 598 4133 668; x_wconf 81' lang='grc' dir='ltr'>πολέμια</span> 
     </span>
    </p>
   </div>
   <div class='ocr_carea' id='block_1_71' title="bbox 2583 672 4260 754">
    <p class='ocr_par' dir='ltr' id='par_1_71' title="bbox 2583 672 4260 754">
     <span class='ocr_line' id='line_1_72' title="bbox 2583 672 4260 754; baseline 0.008 -30"><span class='ocrx_word' id='word_1_574' title='bbox 2583 672 2762 743; x_wconf 88' lang='grc' dir='ltr'>λήλοις</span> <span class='ocrx_word' id='word_1_575' title='bbox 2804 674 2935 729; x_wconf 73' lang='grc' dir='ltr'>ὄντα</span> <span class='ocrx_word' id='word_1_576' title='bbox 2978 678 3073 730; x_wconf 78' lang='grc' dir='ltr'>καὶ</span> <span class='ocrx_word' id='word_1_577' title='bbox 3115 680 3286 750; x_wconf 78' lang='grc' dir='ltr'>ἐχθρά</span> <span class='ocrx_word' id='word_1_578' title='bbox 3331 678 3556 750; x_wconf 80' lang='grc' dir='ltr'>συνῆλθε</span> <span class='ocrx_word' id='word_1_579' title='bbox 3591 678 3685 730; x_wconf 73' lang='grc' dir='ltr'>καὶ</span> <span class='ocrx_word' id='word_1_580' title='bbox 3738 680 3958 749; x_wconf 89' lang='grc' dir='ltr'>συνέϐη,</span> <span class='ocrx_word' id='word_1_581' title='bbox 4004 684 4098 735; x_wconf 79' lang='grc' dir='ltr'>καὶ</span> <span class='ocrx_word' id='word_1_582' title='bbox 4144 685 4260 754; x_wconf 83' lang='grc' dir='ltr'>μετ’</span> 
     </span>
    </p>
   </div>
   <div class='ocr_carea' id='block_1_72' title="bbox 2586 760 4262 839">
    <p class='ocr_par' dir='ltr' id='par_1_72' title="bbox 2586 760 4262 839">
     <span class='ocr_line' id='line_1_73' title="bbox 2586 760 4262 839; baseline 0.007 -27"><span class='ocrx_word' id='word_1_583' title='bbox 2586 761 2831 831; x_wconf 89' lang='grc' dir='ltr'>ἀλλήλων</span> <span class='ocrx_word' id='word_1_584' title='bbox 2866 763 3102 833; x_wconf 86' lang='grc' dir='ltr'>ἔμεινεν,</span> <span class='ocrx_word' id='word_1_585' title='bbox 3137 769 3185 819; x_wconf 87' lang='grc' dir='ltr'>εί</span> <span class='ocrx_word' id='word_1_586' title='bbox 3218 769 3293 837; x_wconf 84' lang='grc' dir='ltr'>μὴ</span> <span class='ocrx_word' id='word_1_587' title='bbox 3324 766 3549 836; x_wconf 87' lang='grc' dir='ltr'>δύναμίς</span> <span class='ocrx_word' id='word_1_588' title='bbox 3581 782 3663 827; x_wconf 92' lang='grc' dir='ltr'>τις</span> <span class='ocrx_word' id='word_1_589' title='bbox 3710 760 3779 834; x_wconf 82' lang='grc' dir='ltr'>ἦν</span> <span class='ocrx_word' id='word_1_590' title='bbox 3812 766 4067 837; x_wconf 76' lang='grc' dir='ltr'>ἀρρητος,</span> <span class='ocrx_word' id='word_1_591' title='bbox 4101 773 4141 839; x_wconf 80' lang='grc' dir='ltr'><strong>ἡ</strong></span> <span class='ocrx_word' id='word_1_592' title='bbox 4170 773 4262 824; x_wconf 68' lang='grc' dir='ltr'>καὶ</span> 
     </span>
    </p>
   </div>
   <div class='ocr_carea' id='block_1_73' title="bbox 2583 848 4260 926">
    <p class='ocr_par' dir='ltr' id='par_1_73' title="bbox 2583 848 4260 926">
     <span class='ocr_line' id='line_1_74' title="bbox 2583 848 4260 926; baseline 0.008 -26"><span class='ocrx_word' id='word_1_593' title='bbox 2583 848 2912 917; x_wconf 91' lang='grc' dir='ltr'>συνάγουσα,</span> <span class='ocrx_word' id='word_1_594' title='bbox 2936 854 3031 903; x_wconf 83' lang='grc' dir='ltr'>καὶ</span> <span class='ocrx_word' id='word_1_595' title='bbox 3068 854 3205 922; x_wconf 77' lang='grc' dir='ltr'>μετὰ</span> <span class='ocrx_word' id='word_1_596' title='bbox 3236 854 3299 907; x_wconf 85' lang='grc' dir='ltr'>τὸ</span> <span class='ocrx_word' id='word_1_597' title='bbox 3331 854 3651 922; x_wconf 82' lang='grc' dir='ltr'>συναγαγεῖν</span> <span class='ocrx_word' id='word_1_598' title='bbox 3680 851 3969 917; x_wconf 79' lang='grc' dir='ltr'>διαπαντὸς</span> <span class='ocrx_word' id='word_1_599' title='bbox 3996 858 4141 926; x_wconf 85' lang='grc' dir='ltr'>μετά</span> <span class='ocrx_word' id='word_1_600' title='bbox 4164 858 4260 913; x_wconf 75' lang='grc' dir='ltr'>τοῦ</span> 
     </span>
    </p>
   </div>
   <div class='ocr_carea' id='block_1_74' title="bbox 2581 933 3370 1010">
    <p class='ocr_par' dir='ltr' id='par_1_74' title="bbox 2581 933 3370 1010">
     <span class='ocr_line' id='line_1_75' title="bbox 2581 933 3370 1010; baseline 0.008 -23"><span class='ocrx_word' id='word_1_601' title='bbox 2581 933 2783 1004; x_wconf 86' lang='grc' dir='ltr'>δεσμοῦ</span> <span class='ocrx_word' id='word_1_602' title='bbox 2813 936 3004 990; x_wconf 90' lang='grc' dir='ltr'>τούτου</span> <span class='ocrx_word' id='word_1_603' title='bbox 3035 940 3339 1010; x_wconf 88' lang='grc' dir='ltr'>κατέχουσα</span> <span class='ocrx_word' id='word_1_604' title='bbox 3355 957 3370 1004; x_wconf 91' lang='grc'><strong>;</strong></span> 
     </span>
    </p>
   </div>
   <div class='ocr_carea' id='block_1_75' title="bbox 2648 1021 4256 1101">
    <p class='ocr_par' dir='ltr' id='par_1_75' title="bbox 2648 1021 4256 1101">
     <span class='ocr_line' id='line_1_76' title="bbox 2648 1021 4256 1101; baseline -0.009 -26"><span class='ocrx_word' id='word_1_605' title='bbox 2648 1021 2841 1091; x_wconf 86' lang='grc' dir='ltr'>γ’.υύχ</span> <span class='ocrx_word' id='word_1_606' title='bbox 2860 1022 2992 1092; x_wconf 79' lang='grc' dir='ltr'>ὁρᾷς</span> <span class='ocrx_word' id='word_1_607' title='bbox 3018 1023 3373 1087; x_wconf 83' lang='grc' dir='ltr'>πῶςτοῦτοτὸ</span> <span class='ocrx_word' id='word_1_608' title='bbox 3390 1027 3544 1096; x_wconf 89' lang='grc' dir='ltr'>σῶμα</span> <span class='ocrx_word' id='word_1_609' title='bbox 3571 1024 3669 1093; x_wconf 90' lang='grc' dir='ltr'>τῆς</span> <span class='ocrx_word' id='word_1_610' title='bbox 3694 1023 3866 1095; x_wconf 76' lang='grc' dir='ltr'>ψυχῆς</span> <span class='ocrx_word' id='word_1_611' title='bbox 3890 1030 4216 1101; x_wconf 59' lang='grc' dir='ltr'>,ποστάσης</span> <span class='ocrx_word' id='word_1_612' title='bbox 4238 1032 4256 1071; x_wconf 72' lang='grc' dir='ltr'>ι</span> 
     </span>
    </p>
   </div>
   <div class='ocr_carea' id='block_1_76' title="bbox 2578 1107 4258 1187">
    <p class='ocr_par' dir='ltr' id='par_1_76' title="bbox 2578 1107 4258 1187">
     <span class='ocr_line' id='line_1_77' title="bbox 2578 1107 4258 1187; baseline 0.006 -29"><span class='ocrx_word' id='word_1_613' title='bbox 2578 1107 2811 1179; x_wconf 68' lang='grc' dir='ltr'>διαρρεῖ,</span> <span class='ocrx_word' id='word_1_614' title='bbox 2848 1110 2941 1161; x_wconf 82' lang='grc' dir='ltr'>καὶ</span> <span class='ocrx_word' id='word_1_615' title='bbox 2977 1112 3321 1180; x_wconf 88' lang='grc' dir='ltr'>μαραίνεται,</span> <span class='ocrx_word' id='word_1_616' title='bbox 3370 1114 3461 1165; x_wconf 72' lang='grc' dir='ltr'>καὶ</span> <span class='ocrx_word' id='word_1_617' title='bbox 3505 1111 3820 1176; x_wconf 85' lang='grc' dir='ltr'>ἀπόλλυται,</span> <span class='ocrx_word' id='word_1_618' title='bbox 3855 1113 3950 1166; x_wconf 78' lang='grc' dir='ltr'>καὶ</span> <span class='ocrx_word' id='word_1_619' title='bbox 3981 1116 4120 1186; x_wconf 68' lang='grc' dir='ltr'>πρὸς</span> <span class='ocrx_word' id='word_1_620' title='bbox 4160 1118 4258 1187; x_wconf 80' lang='grc' dir='ltr'>τὴν</span> 
     </span>
    </p>
   </div>
   <div class='ocr_carea' id='block_1_77' title="bbox 2579 1191 4259 1270">
    <p class='ocr_par' dir='ltr' id='par_1_77' title="bbox 2579 1191 4259 1270">
     <span class='ocr_line' id='line_1_78' title="bbox 2579 1191 4259 1270; baseline 0.007 -27"><span class='ocrx_word' id='word_1_621' title='bbox 2579 1191 2784 1243; x_wconf 76' lang='grc' dir='ltr'>οἰκείαν</span> <span class='ocrx_word' id='word_1_622' title='bbox 2815 1191 3048 1247; x_wconf 73' lang='grc' dir='ltr'>ἕκαστον</span> <span class='ocrx_word' id='word_1_623' title='bbox 3081 1196 3190 1250; x_wconf 91' lang='grc' dir='ltr'>τῶν</span> <span class='ocrx_word' id='word_1_624' title='bbox 3241 1198 3517 1268; x_wconf 89' lang='grc' dir='ltr'>στοιχείων</span> <span class='ocrx_word' id='word_1_625' title='bbox 3561 1196 3917 1265; x_wconf 77' lang='grc' dir='ltr'>ἐπανέρχεται</span> <span class='ocrx_word' id='word_1_626' title='bbox 3945 1200 4131 1270; x_wconf 84' lang='grc' dir='ltr'>λῆξιν;</span> <span class='ocrx_word' id='word_1_627' title='bbox 4186 1205 4259 1255; x_wconf 78' lang='grc' dir='ltr'>Τὸ</span> 
     </span>
    </p>
   </div>
   <div class='ocr_carea' id='block_1_78' title="bbox 2584 1277 4257 1356">
    <p class='ocr_par' dir='ltr' id='par_1_78' title="bbox 2584 1277 4257 1356">
     <span class='ocr_line' id='line_1_79' title="bbox 2584 1277 4257 1356; baseline 0.006 -26"><span class='ocrx_word' id='word_1_628' title='bbox 2584 1277 2715 1330; x_wconf 85' lang='grc' dir='ltr'>αὐτὸ</span> <span class='ocrx_word' id='word_1_629' title='bbox 2738 1277 2985 1347; x_wconf 80' lang='grc' dir='ltr'>δήτοῦτο</span> <span class='ocrx_word' id='word_1_630' title='bbox 3016 1282 3111 1335; x_wconf 77' lang='grc' dir='ltr'>καὶ</span> <span class='ocrx_word' id='word_1_631' title='bbox 3140 1284 3234 1336; x_wconf 78' lang='grc' dir='ltr'>ὲπὶ</span> <span class='ocrx_word' id='word_1_632' title='bbox 3278 1283 3431 1336; x_wconf 86' lang='grc' dir='ltr'>τοῦδε</span> <span class='ocrx_word' id='word_1_633' title='bbox 3476 1281 3692 1349; x_wconf 75' lang='grc' dir='ltr'>ἐγένετο</span> <span class='ocrx_word' id='word_1_634' title='bbox 3723 1280 3788 1334; x_wconf 80' lang='grc' dir='ltr'>ἂν</span> <span class='ocrx_word' id='word_1_635' title='bbox 3817 1283 3909 1336; x_wconf 88' lang='grc' dir='ltr'>τοῦ</span> <span class='ocrx_word' id='word_1_636' title='bbox 3941 1287 4174 1356; x_wconf 82' lang='grc' dir='ltr'>κόσμου,</span> <span class='ocrx_word' id='word_1_637' title='bbox 4210 1290 4257 1340; x_wconf 87' lang='grc' dir='ltr'>εί</span> 
     </span>
    </p>
   </div>
   <div class='ocr_carea' id='block_1_79' title="bbox 2587 1362 4255 1442">
    <p class='ocr_par' dir='ltr' id='par_1_79' title="bbox 2587 1362 4255 1442">
     <span class='ocr_line' id='line_1_80' title="bbox 2587 1362 4255 1442; baseline 0.007 -28"><span class='ocrx_word' id='word_1_638' title='bbox 2587 1362 2877 1416; x_wconf 87' lang='grc' dir='ltr'>κατέλιπεν</span> <span class='ocrx_word' id='word_1_639' title='bbox 2899 1366 3060 1420; x_wconf 84' lang='grc' dir='ltr'>αὐτὸν</span> <span class='ocrx_word' id='word_1_640' title='bbox 3088 1367 3293 1439; x_wconf 88' lang='grc' dir='ltr'>ἔρημον</span> <span class='ocrx_word' id='word_1_641' title='bbox 3316 1369 3414 1438; x_wconf 86' lang='grc' dir='ltr'>τῆς</span> <span class='ocrx_word' id='word_1_642' title='bbox 3439 1366 3644 1428; x_wconf 80' lang='grc' dir='ltr'>οἰκείας</span> <span class='ocrx_word' id='word_1_643' title='bbox 3673 1368 3929 1436; x_wconf 89' lang='grc' dir='ltr'>προνοίας</span> <span class='ocrx_word' id='word_1_644' title='bbox 3959 1372 3991 1442; x_wconf 82' lang='grc' dir='ltr'>ή</span> <span class='ocrx_word' id='word_1_645' title='bbox 4016 1372 4255 1425; x_wconf 85' lang='grc' dir='ltr'>διαπαν-</span> 
     </span>
    </p>
   </div>
   <div class='ocr_carea' id='block_1_80' title="bbox 2578 1446 4255 1522">
    <p class='ocr_par' dir='ltr' id='par_1_80' title="bbox 2578 1446 4255 1522">
     <span class='ocr_line' id='line_1_81' title="bbox 2578 1446 4255 1522; baseline 0.007 -24"><span class='ocrx_word' id='word_1_646' title='bbox 2578 1446 2669 1509; x_wconf 81' lang='grc' dir='ltr'>τὸς</span> <span class='ocrx_word' id='word_1_647' title='bbox 2697 1447 2860 1500; x_wconf 82' lang='grc' dir='ltr'>αὐτὸν</span> <span class='ocrx_word' id='word_1_648' title='bbox 2892 1446 3210 1519; x_wconf 66' lang='grc' dir='ltr'>κυϐερνῶσα</span> <span class='ocrx_word' id='word_1_649' title='bbox 3241 1453 3491 1522; x_wconf 87' lang='grc' dir='ltr'>δύναμις.</span> <span class='ocrx_word' id='word_1_650' title='bbox 3542 1450 3605 1502; x_wconf 84' lang='grc' dir='ltr'>Εἰ</span> <span class='ocrx_word' id='word_1_651' title='bbox 3635 1449 3744 1521; x_wconf 82' lang='grc' dir='ltr'>γὰρ</span> <span class='ocrx_word' id='word_1_652' title='bbox 3784 1450 3964 1509; x_wconf 85' lang='grc' dir='ltr'>πλοῖον</span> <span class='ocrx_word' id='word_1_653' title='bbox 3994 1455 4122 1509; x_wconf 79' lang='grc' dir='ltr'>ἀνευ</span> <span class='ocrx_word' id='word_1_654' title='bbox 4152 1474 4255 1510; x_wconf 77' lang='grc' dir='ltr'>κυο</span> 
     </span>
    </p>
   </div>
   <div class='ocr_carea' id='block_1_81' title="bbox 2578 1532 4256 1605">
    <p class='ocr_par' dir='ltr' id='par_1_81' title="bbox 2578 1532 4256 1605">
     <span class='ocr_line' id='line_1_82' title="bbox 2578 1532 4256 1605; baseline 0.007 -22"><span class='ocrx_word' id='word_1_655' title='bbox 2578 1532 2841 1603; x_wconf 90' lang='grc' dir='ltr'>ϐερνήτου</span> <span class='ocrx_word' id='word_1_656' title='bbox 2878 1534 2941 1587; x_wconf 90' lang='grc' dir='ltr'>οὐ</span> <span class='ocrx_word' id='word_1_657' title='bbox 2977 1537 3311 1598; x_wconf 89' lang='grc' dir='ltr'>συνίσταται,</span> <span class='ocrx_word' id='word_1_658' title='bbox 3340 1536 3477 1590; x_wconf 88' lang='grc' dir='ltr'>ἀλλά</span> <span class='ocrx_word' id='word_1_659' title='bbox 3504 1535 3954 1599; x_wconf 79' lang='grc' dir='ltr'>καταποντίξεται</span> <span class='ocrx_word' id='word_1_660' title='bbox 3986 1541 4256 1605; x_wconf 83' lang='grc' dir='ltr'>εὐκόλως,</span> 
     </span>
    </p>
   </div>
   <div class='ocr_carea' id='block_1_82' title="bbox 2575 1619 4255 1697">
    <p class='ocr_par' dir='ltr' id='par_1_82' title="bbox 2575 1619 4255 1697">
     <span class='ocr_line' id='line_1_83' title="bbox 2575 1619 4255 1697; baseline 0.006 -26"><span class='ocrx_word' id='word_1_661' title='bbox 2575 1620 2605 1671; x_wconf 90' lang='grc' dir='ltr'>ό</span> <span class='ocrx_word' id='word_1_662' title='bbox 2633 1619 2835 1689; x_wconf 88' lang='grc' dir='ltr'>κόσμος</span> <span class='ocrx_word' id='word_1_663' title='bbox 2860 1622 2979 1685; x_wconf 89' lang='grc' dir='ltr'>πῶς</span> <span class='ocrx_word' id='word_1_664' title='bbox 3022 1623 3087 1677; x_wconf 84' lang='grc' dir='ltr'>ἂν</span> <span class='ocrx_word' id='word_1_665' title='bbox 3134 1625 3362 1694; x_wconf 81' lang='grc' dir='ltr'>συνέστη</span> <span class='ocrx_word' id='word_1_666' title='bbox 3399 1623 3491 1675; x_wconf 72' lang='grc' dir='ltr'>ἐπὶ</span> <span class='ocrx_word' id='word_1_667' title='bbox 3531 1622 3784 1674; x_wconf 89' lang='grc' dir='ltr'>τοσοῦτον</span> <span class='ocrx_word' id='word_1_668' title='bbox 3806 1625 3993 1694; x_wconf 85' lang='grc' dir='ltr'>χρόνον</span> <span class='ocrx_word' id='word_1_669' title='bbox 4022 1628 4255 1697; x_wconf 76' lang='grc' dir='ltr'>μηδενὸς</span> 
     </span>
    </p>
   </div>
   <div class='ocr_carea' id='block_1_83' title="bbox 2581 1705 4255 1783">
    <p class='ocr_par' dir='ltr' id='par_1_83' title="bbox 2581 1705 4255 1783">
     <span class='ocr_line' id='line_1_84' title="bbox 2581 1705 4255 1783; baseline 0.004 -25"><span class='ocrx_word' id='word_1_670' title='bbox 2581 1705 2744 1759; x_wconf 81' lang='grc' dir='ltr'>αὐτὸν</span> <span class='ocrx_word' id='word_1_671' title='bbox 2786 1707 3193 1779; x_wconf 86' lang='grc' dir='ltr'>κυϐερνῶντος;</span> <span class='ocrx_word' id='word_1_672' title='bbox 3221 1711 3330 1764; x_wconf 73' lang='grc' dir='ltr'>Καὶ</span> <span class='ocrx_word' id='word_1_673' title='bbox 3362 1711 3447 1762; x_wconf 81' lang='grc' dir='ltr'>ἴνα</span> <span class='ocrx_word' id='word_1_674' title='bbox 3479 1709 3643 1778; x_wconf 85' lang='grc' dir='ltr'>μηδὲν</span> <span class='ocrx_word' id='word_1_675' title='bbox 3666 1708 3806 1762; x_wconf 77' lang='grc' dir='ltr'>εἴπω</span> <span class='ocrx_word' id='word_1_676' title='bbox 3827 1711 4003 1773; x_wconf 84' lang='grc' dir='ltr'>πλέον,</span> <span class='ocrx_word' id='word_1_677' title='bbox 4028 1715 4255 1783; x_wconf 76' lang='grc' dir='ltr'>νόμισον</span> 
     </span>
    </p>
   </div>
   <div class='ocr_carea' id='block_1_84' title="bbox 2576 1786 4254 1870">
    <p class='ocr_par' dir='ltr' id='par_1_84' title="bbox 2576 1786 4254 1870">
     <span class='ocr_line' id='line_1_85' title="bbox 2576 1786 4254 1870; baseline 0.004 -26"><span class='ocrx_word' id='word_1_678' title='bbox 2576 1786 2717 1845; x_wconf 76' lang='grc' dir='ltr'>εἶναι</span> <span class='ocrx_word' id='word_1_679' title='bbox 2751 1793 2935 1848; x_wconf 88' lang='grc' dir='ltr'>πλοῖον</span> <span class='ocrx_word' id='word_1_680' title='bbox 2977 1796 3069 1849; x_wconf 79' lang='grc' dir='ltr'>τὸν</span> <span class='ocrx_word' id='word_1_681' title='bbox 3115 1798 3337 1865; x_wconf 88' lang='grc' dir='ltr'>κόσμον,</span> <span class='ocrx_word' id='word_1_682' title='bbox 3372 1794 3521 1866; x_wconf 81' lang='grc'>[109]</span> <span class='ocrx_word' id='word_1_683' title='bbox 3565 1796 3757 1865; x_wconf 87' lang='grc' dir='ltr'>τρόπιν</span> <span class='ocrx_word' id='word_1_684' title='bbox 3794 1796 4115 1852; x_wconf 77' lang='grc' dir='ltr'>ὑποκεῖσθαι</span> <span class='ocrx_word' id='word_1_685' title='bbox 4148 1801 4254 1870; x_wconf 81' lang='grc' dir='ltr'>τὴν</span> 
     </span>
    </p>
   </div>
   <div class='ocr_carea' id='block_1_85' title="bbox 2580 1880 4254 1952">
    <p class='ocr_par' dir='ltr' id='par_1_85' title="bbox 2580 1880 4254 1952">
     <span class='ocr_line' id='line_1_86' title="bbox 2580 1880 4254 1952; baseline 0.004 -21"><span class='ocrx_word' id='word_1_686' title='bbox 2580 1880 2706 1949; x_wconf 84' lang='grc' dir='ltr'>γῆν,</span> <span class='ocrx_word' id='word_1_687' title='bbox 2737 1880 2882 1933; x_wconf 85' lang='grc' dir='ltr'>ἰστία</span> <span class='ocrx_word' id='word_1_688' title='bbox 2910 1880 3003 1934; x_wconf 84' lang='grc' dir='ltr'>τὸν</span> <span class='ocrx_word' id='word_1_689' title='bbox 3049 1881 3297 1952; x_wconf 81' lang='grc' dir='ltr'>οὐρανὸν,</span> <span class='ocrx_word' id='word_1_690' title='bbox 3331 1880 3592 1943; x_wconf 76' lang='grc' dir='ltr'>ἐπιϐάτας</span> <span class='ocrx_word' id='word_1_691' title='bbox 3619 1881 3747 1943; x_wconf 78' lang='grc' dir='ltr'>τοὺς</span> <span class='ocrx_word' id='word_1_692' title='bbox 3783 1880 4121 1951; x_wconf 85' lang='grc' dir='ltr'>ἀνθρώπους,</span> <span class='ocrx_word' id='word_1_693' title='bbox 4151 1886 4254 1937; x_wconf 84' lang='grc' dir='ltr'>πέ-</span> 
     </span>
    </p>
   </div>
   <div class='ocr_carea' id='block_1_86' title="bbox 2573 1963 4253 2038">
    <p class='ocr_par' dir='ltr' id='par_1_86' title="bbox 2573 1963 4253 2038">
     <span class='ocr_line' id='line_1_87' title="bbox 2573 1963 4253 2038; baseline 0.002 -19"><span class='ocrx_word' id='word_1_694' title='bbox 2573 1963 2735 2034; x_wconf 88' lang='grc' dir='ltr'>λαγος</span> <span class='ocrx_word' id='word_1_695' title='bbox 2761 1967 2861 2038; x_wconf 84' lang='grc' dir='ltr'>τὴν</span> <span class='ocrx_word' id='word_1_696' title='bbox 2891 1968 3253 2038; x_wconf 80' lang='grc' dir='ltr'>ὑποκειμένην</span> <span class='ocrx_word' id='word_1_697' title='bbox 3298 1968 3532 2021; x_wconf 86' lang='grc' dir='ltr'>άϐυσσον</span> <span class='ocrx_word' id='word_1_698' title='bbox 3563 1983 3577 1997; x_wconf 76' lang='grc' dir='ltr'><strong><em>ο</em></strong></span> <span class='ocrx_word' id='word_1_699' title='bbox 3623 1963 3736 2029; x_wconf 88' lang='grc' dir='ltr'>πῶς</span> <span class='ocrx_word' id='word_1_700' title='bbox 3760 1963 3852 2019; x_wconf 79' lang='grc' dir='ltr'>οὖν</span> <span class='ocrx_word' id='word_1_701' title='bbox 3876 1968 3967 2021; x_wconf 71' lang='grc' dir='ltr'>ἐπὶ</span> <span class='ocrx_word' id='word_1_702' title='bbox 3994 1970 4253 2023; x_wconf 81' lang='grc' dir='ltr'>τοσούτου</span> 
     </span>
    </p>
   </div>
   <div class='ocr_carea' id='block_1_87' title="bbox 2575 2051 4256 2126">
    <p class='ocr_par' dir='ltr' id='par_1_87' title="bbox 2575 2051 4256 2126">
     <span class='ocr_line' id='line_1_88' title="bbox 2575 2051 4256 2126; baseline 0.002 -21"><span class='ocrx_word' id='word_1_703' title='bbox 2575 2053 2776 2123; x_wconf 88' lang='grc' dir='ltr'>χρόνου</span> <span class='ocrx_word' id='word_1_704' title='bbox 2803 2056 2828 2095; x_wconf 78' lang='grc'><strong>8</strong></span> <span class='ocrx_word' id='word_1_705' title='bbox 2860 2054 3115 2123; x_wconf 89' lang='grc' dir='ltr'>ναυάγιον</span> <span class='ocrx_word' id='word_1_706' title='bbox 3143 2056 3244 2107; x_wconf 90' lang='grc' dir='ltr'>οὐκ</span> <span class='ocrx_word' id='word_1_707' title='bbox 3280 2053 3496 2121; x_wconf 77' lang='grc' dir='ltr'>ἐγένετο</span> <span class='ocrx_word' id='word_1_708' title='bbox 3520 2069 3535 2117; x_wconf 87' lang='lat'><strong>;</strong></span> <span class='ocrx_word' id='word_1_709' title='bbox 3583 2051 3740 2105; x_wconf 80' lang='grc' dir='ltr'>ἔασον</span> <span class='ocrx_word' id='word_1_710' title='bbox 3764 2053 3890 2122; x_wconf 88' lang='grc' dir='ltr'>γοῦν</span> <span class='ocrx_word' id='word_1_711' title='bbox 3913 2054 4098 2108; x_wconf 85' lang='grc' dir='ltr'>πλοῖον</span> <span class='ocrx_word' id='word_1_712' title='bbox 4122 2055 4256 2126; x_wconf 88' lang='grc' dir='ltr'>μίαν</span> 
     </span>
    </p>
   </div>
   <div class='ocr_carea' id='block_1_88' title="bbox 2587 2138 4256 2212">
    <p class='ocr_par' dir='ltr' id='par_1_88' title="bbox 2587 2138 4256 2212">
     <span class='ocr_line' id='line_1_89' title="bbox 2587 2138 4256 2212; baseline 0.001 -20"><span class='ocrx_word' id='word_1_713' title='bbox 2587 2140 2800 2210; x_wconf 77' lang='grc' dir='ltr'>ἡμέραν</span> <span class='ocrx_word' id='word_1_714' title='bbox 2839 2140 3007 2212; x_wconf 78' lang='grc' dir='ltr'>χωρὶς</span> <span class='ocrx_word' id='word_1_715' title='bbox 3046 2139 3373 2209; x_wconf 88' lang='grc' dir='ltr'>κυϐερνήτου</span> <span class='ocrx_word' id='word_1_716' title='bbox 3406 2139 3500 2191; x_wconf 77' lang='grc' dir='ltr'>καὶ</span> <span class='ocrx_word' id='word_1_717' title='bbox 3530 2138 3760 2201; x_wconf 89' lang='grc' dir='ltr'>ναυτῶν,</span> <span class='ocrx_word' id='word_1_718' title='bbox 3799 2140 3893 2192; x_wconf 75' lang='grc' dir='ltr'>καὶ</span> <span class='ocrx_word' id='word_1_719' title='bbox 3924 2141 4045 2210; x_wconf 74' lang='grc' dir='ltr'>ὄψει</span> <span class='ocrx_word' id='word_1_720' title='bbox 4082 2160 4256 2195; x_wconf 85' lang='grc' dir='ltr'>κατα-</span> 
     </span>
    </p>
   </div>
   <div class='ocr_carea' id='block_1_89' title="bbox 2587 2222 4252 2295">
    <p class='ocr_par' dir='ltr' id='par_1_89' title="bbox 2587 2222 4252 2295">
     <span class='ocr_line' id='line_1_90' title="bbox 2587 2222 4252 2295; baseline 0 -18"><span class='ocrx_word' id='word_1_721' title='bbox 2587 2224 2972 2295; x_wconf 79' lang='grc' dir='ltr'>ποντιζόμενον</span> <span class='ocrx_word' id='word_1_722' title='bbox 2988 2222 3215 2286; x_wconf 91' lang='grc' dir='ltr'>εὐθέως·</span> <span class='ocrx_word' id='word_1_723' title='bbox 3239 2223 3352 2276; x_wconf 83' lang='grc' dir='ltr'>ἀλλ’</span> <span class='ocrx_word' id='word_1_724' title='bbox 3373 2224 3402 2275; x_wconf 86' lang='grc' dir='ltr'>ό</span> <span class='ocrx_word' id='word_1_725' title='bbox 3425 2222 3624 2293; x_wconf 89' lang='grc' dir='ltr'>κόσμος</span> <span class='ocrx_word' id='word_1_726' title='bbox 3648 2222 3800 2275; x_wconf 82' lang='grc' dir='ltr'>οὐδὲν</span> <span class='ocrx_word' id='word_1_727' title='bbox 3819 2224 4057 2277; x_wconf 84' lang='grc' dir='ltr'>τοιοῦτον</span> <span class='ocrx_word' id='word_1_728' title='bbox 4081 2226 4252 2279; x_wconf 80' lang='grc' dir='ltr'>ἔπαθε</span> 
     </span>
    </p>
   </div>
   <div class='ocr_carea' id='block_1_90' title="bbox 2585 2310 4252 2383">
    <p class='ocr_par' dir='ltr' id='par_1_90' title="bbox 2585 2310 4252 2383">
     <span class='ocr_line' id='line_1_91' title="bbox 2585 2310 4252 2383; baseline -0.001 -17"><span class='ocrx_word' id='word_1_729' title='bbox 2585 2312 2997 2383; x_wconf 87' lang='grc' dir='ltr'>πεντακισχίλια</span> <span class='ocrx_word' id='word_1_730' title='bbox 3026 2312 3121 2365; x_wconf 80' lang='grc' dir='ltr'>καὶ</span> <span class='ocrx_word' id='word_1_731' title='bbox 3144 2310 3324 2381; x_wconf 91' lang='grc' dir='ltr'>πολλῷ</span> <span class='ocrx_word' id='word_1_732' title='bbox 3353 2311 3573 2364; x_wconf 89' lang='grc' dir='ltr'>πλείονα</span> <span class='ocrx_word' id='word_1_733' title='bbox 3597 2310 3782 2363; x_wconf 82' lang='grc' dir='ltr'>λοιπὸν</span> <span class='ocrx_word' id='word_1_734' title='bbox 3812 2311 3909 2382; x_wconf 79' lang='grc' dir='ltr'>ἔτη</span> <span class='ocrx_word' id='word_1_735' title='bbox 3944 2312 4105 2382; x_wconf 81' lang='grc' dir='ltr'>ἔχων.</span> <span class='ocrx_word' id='word_1_736' title='bbox 4141 2314 4252 2367; x_wconf 75' lang='grc' dir='ltr'>Καὶ</span> 
     </span>
    </p>
   </div>
   <div class='ocr_carea' id='block_1_91' title="bbox 2578 2395 4251 2467">
    <p class='ocr_par' dir='ltr' id='par_1_91' title="bbox 2578 2395 4251 2467">
     <span class='ocr_line' id='line_1_92' title="bbox 2578 2395 4251 2467; baseline 0 -17"><span class='ocrx_word' id='word_1_737' title='bbox 2578 2397 2633 2450; x_wconf 84' lang='grc' dir='ltr'>τί</span> <span class='ocrx_word' id='word_1_738' title='bbox 2684 2398 2827 2465; x_wconf 90' lang='grc' dir='ltr'>λέγω</span> <span class='ocrx_word' id='word_1_739' title='bbox 2861 2398 3077 2462; x_wconf 85' lang='grc' dir='ltr'>πλοῖον;</span> <span class='ocrx_word' id='word_1_740' title='bbox 3115 2396 3356 2465; x_wconf 89' lang='grc' dir='ltr'>καλύϐην</span> <span class='ocrx_word' id='word_1_741' title='bbox 3398 2396 3600 2467; x_wconf 72' lang='grc' dir='ltr'>μικρὰν</span> <span class='ocrx_word' id='word_1_742' title='bbox 3641 2395 3878 2467; x_wconf 77' lang='grc' dir='ltr'>ὲπήξατό</span> <span class='ocrx_word' id='word_1_743' title='bbox 3924 2414 4009 2460; x_wconf 88' lang='grc' dir='ltr'>τις</span> <span class='ocrx_word' id='word_1_744' title='bbox 4038 2398 4098 2451; x_wconf 82' lang='grc' dir='ltr'>ὲν</span> <span class='ocrx_word' id='word_1_745' title='bbox 4126 2402 4251 2462; x_wconf 85' lang='grc' dir='ltr'>ταῖς</span> 
     </span>
    </p>
   </div>
   <div class='ocr_carea' id='block_1_92' title="bbox 2576 2480 4249 2555">
    <p class='ocr_par' dir='ltr' id='par_1_92' title="bbox 2576 2480 4249 2555">
     <span class='ocr_line' id='line_1_93' title="bbox 2576 2480 4249 2555; baseline -0.001 -19"><span class='ocrx_word' id='word_1_746' title='bbox 2576 2482 2865 2552; x_wconf 87' lang='grc' dir='ltr'>ἀμπέλοις,</span> <span class='ocrx_word' id='word_1_747' title='bbox 2901 2484 2994 2536; x_wconf 77' lang='grc' dir='ltr'>καὶ</span> <span class='ocrx_word' id='word_1_748' title='bbox 3028 2481 3117 2534; x_wconf 89' lang='grc' dir='ltr'>τοῦ</span> <span class='ocrx_word' id='word_1_749' title='bbox 3151 2480 3361 2552; x_wconf 90' lang='grc' dir='ltr'>καρποῦ</span> <span class='ocrx_word' id='word_1_750' title='bbox 3398 2481 3846 2551; x_wconf 78' lang='grc' dir='ltr'>συναιρεθέντοςιι</span> <span class='ocrx_word' id='word_1_751' title='bbox 3881 2481 4095 2551; x_wconf 81' lang='grc' dir='ltr'>ἀφῆκεν</span> <span class='ocrx_word' id='word_1_752' title='bbox 4124 2484 4249 2555; x_wconf 82' lang='grc' dir='ltr'>ἔρη-</span> 
     </span>
    </p>
   </div>
   <div class='ocr_carea' id='block_1_93' title="bbox 2576 2567 4248 2638">
    <p class='ocr_par' dir='ltr' id='par_1_93' title="bbox 2576 2567 4248 2638">
     <span class='ocr_line' id='line_1_94' title="bbox 2576 2567 4248 2638; baseline 0 -17"><span class='ocrx_word' id='word_1_753' title='bbox 2576 2585 2697 2638; x_wconf 87' lang='grc' dir='ltr'>μον,</span> <span class='ocrx_word' id='word_1_754' title='bbox 2725 2568 2818 2621; x_wconf 76' lang='grc' dir='ltr'>καὶ</span> <span class='ocrx_word' id='word_1_755' title='bbox 2845 2567 2964 2620; x_wconf 83' lang='grc' dir='ltr'>οὐδὲ</span> <span class='ocrx_word' id='word_1_756' title='bbox 3003 2567 3095 2620; x_wconf 89' lang='grc' dir='ltr'>δύο</span> <span class='ocrx_word' id='word_1_757' title='bbox 3128 2567 3385 2631; x_wconf 90' lang='grc' dir='ltr'>πολλάκις</span> <span class='ocrx_word' id='word_1_758' title='bbox 3434 2567 3648 2638; x_wconf 75' lang='grc' dir='ltr'>ἡμέρας</span> <span class='ocrx_word' id='word_1_759' title='bbox 3677 2567 3940 2637; x_wconf 85' lang='grc' dir='ltr'>διαμένει,</span> <span class='ocrx_word' id='word_1_760' title='bbox 3965 2568 4103 2621; x_wconf 83' lang='grc' dir='ltr'>ἀλλά</span> <span class='ocrx_word' id='word_1_761' title='bbox 4131 2569 4248 2621; x_wconf 80' lang='grc' dir='ltr'>δια-</span> 
     </span>
    </p>
   </div>
   <div class='ocr_carea' id='block_1_94' title="bbox 2570 2650 4245 2724">
    <p class='ocr_par' dir='ltr' id='par_1_94' title="bbox 2570 2650 4245 2724">
     <span class='ocr_line' id='line_1_95' title="bbox 2570 2650 4245 2724; baseline 0 -17"><span class='ocrx_word' id='word_1_762' title='bbox 2570 2654 2756 2709; x_wconf 87' lang='grc' dir='ltr'>λύεται</span> <span class='ocrx_word' id='word_1_763' title='bbox 2779 2654 2871 2707; x_wconf 72' lang='grc' dir='ltr'>καὶ</span> <span class='ocrx_word' id='word_1_764' title='bbox 2902 2653 3235 2706; x_wconf 84' lang='grc' dir='ltr'>καταπίπτει</span> <span class='ocrx_word' id='word_1_765' title='bbox 3262 2653 3493 2723; x_wconf 86' lang='grc' dir='ltr'>ταχέως.</span> <span class='ocrx_word' id='word_1_766' title='bbox 3520 2650 3652 2706; x_wconf 80' lang='grc' dir='ltr'>Εἶτα</span> <span class='ocrx_word' id='word_1_767' title='bbox 3683 2652 3892 2723; x_wconf 75' lang='grc' dir='ltr'>καλύϐη</span> <span class='ocrx_word' id='word_1_768' title='bbox 3929 2654 4024 2724; x_wconf 79' lang='grc' dir='ltr'>μὲν</span> <span class='ocrx_word' id='word_1_769' title='bbox 4052 2656 4153 2707; x_wconf 82' lang='grc' dir='ltr'>οὐκ</span> <span class='ocrx_word' id='word_1_770' title='bbox 4181 2656 4245 2707; x_wconf 76' lang='grc' dir='ltr'>ἄν</span> 
     </span>
    </p>
   </div>
   <div class='ocr_carea' id='block_1_95' title="bbox 2573 2737 4246 2810">
    <p class='ocr_par' dir='ltr' id='par_1_95' title="bbox 2573 2737 4246 2810">
     <span class='ocr_line' id='line_1_96' title="bbox 2573 2737 4246 2810; baseline -0.002 -17"><span class='ocrx_word' id='word_1_771' title='bbox 2573 2740 2729 2809; x_wconf 90' lang='grc' dir='ltr'>σταίη</span> <span class='ocrx_word' id='word_1_772' title='bbox 2757 2740 2926 2808; x_wconf 76' lang='grc' dir='ltr'>χωρὶς</span> <span class='ocrx_word' id='word_1_773' title='bbox 2954 2738 3047 2791; x_wconf 92' lang='grc' dir='ltr'>τοῦ</span> <span class='ocrx_word' id='word_1_774' title='bbox 3082 2739 3458 2808; x_wconf 90' lang='grc' dir='ltr'>προνοοῦντος,</span> <span class='ocrx_word' id='word_1_775' title='bbox 3492 2737 3880 2810; x_wconf 88' lang='grc' dir='ltr'>δημιούργημα</span> <span class='ocrx_word' id='word_1_776' title='bbox 3909 2738 3966 2791; x_wconf 84' lang='grc' dir='ltr'>δὲ</span> <span class='ocrx_word' id='word_1_777' title='bbox 3992 2739 4246 2792; x_wconf 81' lang='grc' dir='ltr'>τοσοῦτον</span> 
     </span>
    </p>
   </div>
   <div class='ocr_carea' id='block_1_96' title="bbox 2569 2826 4245 2896">
    <p class='ocr_par' dir='ltr' id='par_1_96' title="bbox 2569 2826 4245 2896">
     <span class='ocr_line' id='line_1_97' title="bbox 2569 2826 4245 2896; baseline 0 -17"><span class='ocrx_word' id='word_1_778' title='bbox 2569 2826 2709 2880; x_wconf 79' lang='grc' dir='ltr'>οὑτω</span> <span class='ocrx_word' id='word_1_779' title='bbox 2748 2826 2909 2879; x_wconf 78' lang='grc' dir='ltr'>καλὸν</span> <span class='ocrx_word' id='word_1_780' title='bbox 2950 2826 3045 2879; x_wconf 78' lang='grc' dir='ltr'>καὶ</span> <span class='ocrx_word' id='word_1_781' title='bbox 3082 2826 3412 2896; x_wconf 83' lang='grc' dir='ltr'>θαυμαστὸν,</span> <span class='ocrx_word' id='word_1_782' title='bbox 3451 2827 3545 2879; x_wconf 77' lang='grc' dir='ltr'>καὶ</span> <span class='ocrx_word' id='word_1_783' title='bbox 3570 2826 3724 2895; x_wconf 88' lang='grc' dir='ltr'>νόμοι</span> <span class='ocrx_word' id='word_1_784' title='bbox 3757 2827 3952 2888; x_wconf 77' lang='grc' dir='ltr'>νυκτὸς</span> <span class='ocrx_word' id='word_1_785' title='bbox 3984 2828 4080 2895; x_wconf 72' lang='grc' dir='ltr'>καὶ</span> <span class='ocrx_word' id='word_1_786' title='bbox 4110 2828 4245 2895; x_wconf 82' lang='grc' dir='ltr'>ἡμέ-</span> 
     </span>
    </p>
   </div>
   <div class='ocr_carea' id='block_1_97' title="bbox 2571 2910 4244 2982">
    <p class='ocr_par' dir='ltr' id='par_1_97' title="bbox 2571 2910 4244 2982">
     <span class='ocr_line' id='line_1_98' title="bbox 2571 2910 4244 2982; baseline -0.002 -19"><span class='ocrx_word' id='word_1_787' title='bbox 2571 2927 2688 2982; x_wconf 90' lang='grc' dir='ltr'>ρας,</span> <span class='ocrx_word' id='word_1_788' title='bbox 2719 2912 2813 2962; x_wconf 56' lang='grc' dir='ltr'>καὶ⁵</span> <span class='ocrx_word' id='word_1_789' title='bbox 2826 2910 2983 2981; x_wconf 85' lang='grc' dir='ltr'>ὡρῶν</span> <span class='ocrx_word' id='word_1_790' title='bbox 3013 2910 3411 2981; x_wconf 82' lang='grc' dir='ltr'>ὲνηλλαγμέναι</span> <span class='ocrx_word' id='word_1_791' title='bbox 3450 2912 3677 2980; x_wconf 86' lang='grc' dir='ltr'>χορεῖαι,</span> <span class='ocrx_word' id='word_1_792' title='bbox 3702 2910 3795 2962; x_wconf 75' lang='grc' dir='ltr'>καὶ</span> <span class='ocrx_word' id='word_1_793' title='bbox 3812 2910 4024 2977; x_wconf 83' lang='grc' dir='ltr'>φύσεως</span> <span class='ocrx_word' id='word_1_794' title='bbox 4050 2910 4244 2979; x_wconf 82' lang='grc' dir='ltr'>δρόμος</span> 
     </span>
    </p>
   </div>
   <div class='ocr_carea' id='block_1_98' title="bbox 2567 2995 4245 3067">
    <p class='ocr_par' dir='ltr' id='par_1_98' title="bbox 2567 2995 4245 3067">
     <span class='ocr_line' id='line_1_99' title="bbox 2567 2995 4245 3067; baseline -0.002 -18"><span class='ocrx_word' id='word_1_795' title='bbox 2567 2996 2808 3060; x_wconf 87' lang='grc' dir='ltr'>ποικίλος</span> <span class='ocrx_word' id='word_1_796' title='bbox 2835 3015 2920 3062; x_wconf 83' lang='grc' dir='ltr'>τις</span> <span class='ocrx_word' id='word_1_797' title='bbox 2984 2997 3082 3051; x_wconf 78' lang='grc' dir='ltr'>καὶ</span> <span class='ocrx_word' id='word_1_798' title='bbox 3117 2996 3457 3058; x_wconf 81' lang='grc' dir='ltr'>παντοδαπὸς</span> <span class='ocrx_word' id='word_1_799' title='bbox 3500 2998 3557 3049; x_wconf 79' lang='grc' dir='ltr'>ὲν</span> <span class='ocrx_word' id='word_1_800' title='bbox 3600 3000 3670 3067; x_wconf 75' lang='grc' dir='ltr'>γῇ</span> <span class='ocrx_word' id='word_1_801' title='bbox 3705 2997 3800 3048; x_wconf 71' lang='grc' dir='ltr'>καὶ</span> <span class='ocrx_word' id='word_1_802' title='bbox 3847 2995 4110 3065; x_wconf 73' lang='grc' dir='ltr'>θαλάττῃ,</span> <span class='ocrx_word' id='word_1_803' title='bbox 4151 2998 4245 3047; x_wconf 73' lang='grc' dir='ltr'>καὶ</span> 
     </span>
    </p>
   </div>
   <div class='ocr_carea' id='block_1_99' title="bbox 2567 3080 4241 3154">
    <p class='ocr_par' dir='ltr' id='par_1_99' title="bbox 2567 3080 4241 3154">
     <span class='ocr_line' id='line_1_100' title="bbox 2567 3080 4241 3154; baseline -0.001 -20"><span class='ocrx_word' id='word_1_804' title='bbox 2567 3082 2714 3153; x_wconf 90' lang='grc' dir='ltr'>ἀέρι,</span> <span class='ocrx_word' id='word_1_805' title='bbox 2756 3084 2851 3135; x_wconf 77' lang='grc' dir='ltr'>καὶ</span> <span class='ocrx_word' id='word_1_806' title='bbox 2897 3082 3132 3154; x_wconf 83' lang='grc' dir='ltr'>οὐρανῷ,</span> <span class='ocrx_word' id='word_1_807' title='bbox 3181 3083 3275 3136; x_wconf 78' lang='grc' dir='ltr'>καὶ</span> <span class='ocrx_word' id='word_1_808' title='bbox 3314 3085 3520 3152; x_wconf 89' lang='grc' dir='ltr'>φυτοῖς,</span> <span class='ocrx_word' id='word_1_809' title='bbox 3556 3084 3649 3135; x_wconf 79' lang='grc' dir='ltr'>καὶ</span> <span class='ocrx_word' id='word_1_810' title='bbox 3689 3082 3847 3145; x_wconf 80' lang='grc' dir='ltr'>ζώοις</span> <span class='ocrx_word' id='word_1_811' title='bbox 3904 3080 4241 3148; x_wconf 79' lang='grc' dir='ltr'>πετομένοις,</span> 
     </span>
    </p>
   </div>
   <div class='ocr_carea' id='block_1_100' title="bbox 2564 3166 4240 3240">
    <p class='ocr_par' dir='ltr' id='par_1_100' title="bbox 2564 3166 4240 3240">
     <span class='ocr_line' id='line_1_101' title="bbox 2564 3166 4240 3240; baseline -0.001 -19"><span class='ocrx_word' id='word_1_812' title='bbox 2564 3167 2907 3239; x_wconf 82' lang='grc' dir='ltr'>νηχομένοις,</span> <span class='ocrx_word' id='word_1_813' title='bbox 2958 3168 3285 3238; x_wconf 82' lang='grc' dir='ltr'>βαδίζουσιν,</span> <span class='ocrx_word' id='word_1_814' title='bbox 3335 3168 3581 3240; x_wconf 77' lang='grc' dir='ltr'>ἓρπουσι,</span> <span class='ocrx_word' id='word_1_815' title='bbox 3640 3168 3734 3218; x_wconf 76' lang='grc' dir='ltr'>καὶ</span> <span class='ocrx_word' id='word_1_816' title='bbox 3781 3166 3838 3218; x_wconf 84' lang='grc' dir='ltr'>έν</span> <span class='ocrx_word' id='word_1_817' title='bbox 3899 3166 3976 3236; x_wconf 83' lang='grc' dir='ltr'>τῷ</span> <span class='ocrx_word' id='word_1_818' title='bbox 4024 3166 4240 3220; x_wconf 84' lang='grc' dir='ltr'>πάντων</span> 
     </span>
    </p>
   </div>
   <div class='ocr_carea' id='block_1_101' title="bbox 2570 3251 4242 3325">
    <p class='ocr_par' dir='ltr' id='par_1_101' title="bbox 2570 3251 4242 3325">
     <span class='ocr_line' id='line_1_102' title="bbox 2570 3251 4242 3325; baseline 0 -19"><span class='ocrx_word' id='word_1_819' title='bbox 2570 3254 2794 3307; x_wconf 72' lang='grc' dir='ltr'>ἐκείνων</span> <span class='ocrx_word' id='word_1_820' title='bbox 2823 3254 3141 3325; x_wconf 84' lang='grc' dir='ltr'>κυριωτέρῳ</span> <span class='ocrx_word' id='word_1_821' title='bbox 3162 3255 3269 3308; x_wconf 90' lang='grc' dir='ltr'>τῶν</span> <span class='ocrx_word' id='word_1_822' title='bbox 3294 3254 3592 3325; x_wconf 84' lang='grc' dir='ltr'>ἀνθρώπων</span> <span class='ocrx_word' id='word_1_823' title='bbox 3614 3253 3780 3321; x_wconf 84' lang='grc' dir='ltr'>γένει’,</span> <span class='ocrx_word' id='word_1_824' title='bbox 3807 3251 3922 3315; x_wconf 87' lang='grc' dir='ltr'>πῶς</span> <span class='ocrx_word' id='word_1_825' title='bbox 3950 3251 4015 3306; x_wconf 79' lang='grc' dir='ltr'>ἂν</span> <span class='ocrx_word' id='word_1_826' title='bbox 4046 3253 4242 3323; x_wconf 72' lang='grc' dir='ltr'>διέμεισ</span> 
     </span>
    </p>
   </div>
   <div class='ocr_carea' id='block_1_102' title="bbox 2566 3339 4238 3410">
    <p class='ocr_par' dir='ltr' id='par_1_102' title="bbox 2566 3339 4238 3410">
     <span class='ocr_line' id='line_1_103' title="bbox 2566 3339 4238 3410; baseline 0 -18"><span class='ocrx_word' id='word_1_827' title='bbox 2566 3357 2653 3393; x_wconf 88' lang='grc' dir='ltr'>νεν</span> <span class='ocrx_word' id='word_1_828' title='bbox 2705 3340 2799 3393; x_wconf 73' lang='grc' dir='ltr'>ἐπὶ</span> <span class='ocrx_word' id='word_1_829' title='bbox 2834 3339 3087 3394; x_wconf 88' lang='grc' dir='ltr'>τοσοῦτον</span> <span class='ocrx_word' id='word_1_830' title='bbox 3138 3342 3475 3403; x_wconf 86' lang='grc' dir='ltr'>ἀδιάπτωτος</span> <span class='ocrx_word' id='word_1_831' title='bbox 3520 3340 3709 3410; x_wconf 82' lang='grc' dir='ltr'>χρόνον</span> <span class='ocrx_word' id='word_1_832' title='bbox 3755 3339 3923 3409; x_wconf 72' lang='grc' dir='ltr'>χωρὶς</span> <span class='ocrx_word' id='word_1_833' title='bbox 3986 3342 4238 3409; x_wconf 83' lang='grc' dir='ltr'>προνοίας</span> 
     </span>
    </p>
   </div>
   <div class='ocr_carea' id='block_1_103' title="bbox 2564 3426 4240 3499">
    <p class='ocr_par' dir='ltr' id='par_1_103' title="bbox 2564 3426 4240 3499">
     <span class='ocr_line' id='line_1_104' title="bbox 2564 3426 4240 3499; baseline 0.002 -21"><span class='ocrx_word' id='word_1_834' title='bbox 2564 3426 2737 3489; x_wconf 87' lang='grc' dir='ltr'>τινός;</span> <span class='ocrx_word' id='word_1_835' title='bbox 2773 3426 2929 3479; x_wconf 90' lang='grc' dir='ltr'>Μετά</span> <span class='ocrx_word' id='word_1_836' title='bbox 2953 3426 3062 3497; x_wconf 85' lang='grc' dir='ltr'>γὰρ</span> <span class='ocrx_word' id='word_1_837' title='bbox 3089 3428 3197 3480; x_wconf 91' lang='grc' dir='ltr'>τῶν</span> <span class='ocrx_word' id='word_1_838' title='bbox 3220 3428 3525 3499; x_wconf 82' lang='grc' dir='ltr'>εἰρημένων</span> <span class='ocrx_word' id='word_1_839' title='bbox 3557 3426 3749 3480; x_wconf 86' lang='grc' dir='ltr'>ἔπελθέ</span> <span class='ocrx_word' id='word_1_840' title='bbox 3778 3444 3865 3497; x_wconf 85' lang='grc' dir='ltr'>μοι</span> <span class='ocrx_word' id='word_1_841' title='bbox 3892 3426 4017 3488; x_wconf 77' lang='grc' dir='ltr'>τούς</span> <span class='ocrx_word' id='word_1_842' title='bbox 4050 3426 4240 3496; x_wconf 74' lang='grc' dir='ltr'>λειμῶ-</span> 
     </span>
    </p>
   </div>
   <div class='ocr_carea' id='block_1_104' title="bbox 2566 3512 4235 3585">
    <p class='ocr_par' dir='ltr' id='par_1_104' title="bbox 2566 3512 4235 3585">
     <span class='ocr_line' id='line_1_105' title="bbox 2566 3512 4235 3585; baseline -0.001 -20"><span class='ocrx_word' id='word_1_843' title='bbox 2566 3529 2664 3576; x_wconf 89' lang='grc' dir='ltr'>νας</span> <span class='ocrx_word' id='word_1_844' title='bbox 2706 3512 2784 3583; x_wconf 81' lang='grc' dir='ltr'>τῷ</span> <span class='ocrx_word' id='word_1_845' title='bbox 2830 3512 2994 3583; x_wconf 82' lang='grc' dir='ltr'>λόγῳ,</span> <span class='ocrx_word' id='word_1_846' title='bbox 3024 3515 3150 3577; x_wconf 84' lang='grc' dir='ltr'>τούς</span> <span class='ocrx_word' id='word_1_847' title='bbox 3202 3514 3583 3585; x_wconf 85' lang='grc' dir='ltr'>παραδείσους,</span> <span class='ocrx_word' id='word_1_848' title='bbox 3620 3512 3688 3566; x_wconf 85' lang='grc' dir='ltr'>τά</span> <span class='ocrx_word' id='word_1_849' title='bbox 3741 3513 3871 3583; x_wconf 88' lang='grc' dir='ltr'>γένη</span> <span class='ocrx_word' id='word_1_850' title='bbox 3903 3512 4012 3564; x_wconf 87' lang='grc' dir='ltr'>τῶν</span> <span class='ocrx_word' id='word_1_851' title='bbox 4038 3512 4235 3577; x_wconf 83' lang='grc' dir='ltr'>ἀνθῶν,</span> 
     </span>
    </p>
   </div>
   <div class='ocr_carea' id='block_1_105' title="bbox 2568 3596 4234 3670">
    <p class='ocr_par' dir='ltr' id='par_1_105' title="bbox 2568 3596 4234 3670">
     <span class='ocr_line' id='line_1_106' title="bbox 2568 3596 4234 3670; baseline -0.001 -19"><span class='ocrx_word' id='word_1_852' title='bbox 2568 3598 2667 3661; x_wconf 83' lang='grc' dir='ltr'>τὰς</span> <span class='ocrx_word' id='word_1_853' title='bbox 2699 3596 2926 3666; x_wconf 86' lang='grc' dir='ltr'>βοτάνας</span> <span class='ocrx_word' id='word_1_854' title='bbox 2959 3599 3192 3665; x_wconf 83' lang='grc' dir='ltr'>ἁπάσας,</span> <span class='ocrx_word' id='word_1_855' title='bbox 3235 3601 3335 3663; x_wconf 91' lang='grc' dir='ltr'>τάς</span> <span class='ocrx_word' id='word_1_856' title='bbox 3374 3600 3563 3670; x_wconf 85' lang='grc' dir='ltr'>χρείας</span> <span class='ocrx_word' id='word_1_857' title='bbox 3621 3598 3819 3662; x_wconf 85' lang='grc' dir='ltr'>αὐτῶν,</span> <span class='ocrx_word' id='word_1_858' title='bbox 3847 3600 3942 3667; x_wconf 81' lang='grc' dir='ltr'>τήν</span> <span class='ocrx_word' id='word_1_859' title='bbox 3988 3597 4234 3660; x_wconf 83' lang='grc' dir='ltr'>εὐωδίαν,</span> 
     </span>
    </p>
   </div>
   <div class='ocr_carea' id='block_1_106' title="bbox 2563 3682 4235 3756">
    <p class='ocr_par' dir='ltr' id='par_1_106' title="bbox 2563 3682 4235 3756">
     <span class='ocr_line' id='line_1_107' title="bbox 2563 3682 4235 3756; baseline 0 -20"><span class='ocrx_word' id='word_1_860' title='bbox 2563 3684 2630 3736; x_wconf 84' lang='grc' dir='ltr'>τά</span> <span class='ocrx_word' id='word_1_861' title='bbox 2664 3685 2937 3755; x_wconf 89' lang='grc' dir='ltr'>σχήματα,</span> <span class='ocrx_word' id='word_1_862' title='bbox 2959 3684 3055 3756; x_wconf 83' lang='grc' dir='ltr'>τὴν</span> <span class='ocrx_word' id='word_1_863' title='bbox 3081 3684 3249 3749; x_wconf 87' lang='grc' dir='ltr'>θέσιν,</span> <span class='ocrx_word' id='word_1_864' title='bbox 3279 3685 3348 3738; x_wconf 76' lang='grc' dir='ltr'>τά</span> <span class='ocrx_word' id='word_1_865' title='bbox 3373 3684 3611 3755; x_wconf 86' lang='grc' dir='ltr'>ὀνόματα</span> <span class='ocrx_word' id='word_1_866' title='bbox 3660 3685 3836 3754; x_wconf 84' lang='grc' dir='ltr'>μόνον·</span> <span class='ocrx_word' id='word_1_867' title='bbox 3870 3684 3933 3735; x_wconf 74' lang='grc' dir='ltr'>τά</span> <span class='ocrx_word' id='word_1_868' title='bbox 3958 3682 4148 3752; x_wconf 84' lang='grc' dir='ltr'>δένδρα</span> <span class='ocrx_word' id='word_1_869' title='bbox 4171 3685 4235 3736; x_wconf 70' lang='grc' dir='ltr'>τά</span> 
     </span>
    </p>
   </div>
   <div class='ocr_carea' id='block_1_107' title="bbox 2562 3768 4233 3842">
    <p class='ocr_par' dir='ltr' id='par_1_107' title="bbox 2562 3768 4233 3842">
     <span class='ocr_line' id='line_1_108' title="bbox 2562 3768 4233 3842; baseline -0.001 -19"><span class='ocrx_word' id='word_1_870' title='bbox 2562 3770 2836 3842; x_wconf 84' lang='grc' dir='ltr'>ἔγκαρπα.</span> <span class='ocrx_word' id='word_1_871' title='bbox 2890 3771 2961 3824; x_wconf 86' lang='grc' dir='ltr'>τά</span> <span class='ocrx_word' id='word_1_872' title='bbox 3018 3772 3271 3841; x_wconf 76' lang='grc' dir='ltr'>ἄκαρπαο</span> <span class='ocrx_word' id='word_1_873' title='bbox 3319 3771 3428 3824; x_wconf 67' lang='grc' dir='ltr'>τῶν</span> <span class='ocrx_word' id='word_1_874' title='bbox 3478 3770 3754 3841; x_wconf 86' lang='grc' dir='ltr'>μετάλλων</span> <span class='ocrx_word' id='word_1_875' title='bbox 3785 3770 3882 3841; x_wconf 77' lang='grc' dir='ltr'>τὴν</span> <span class='ocrx_word' id='word_1_876' title='bbox 3916 3768 4101 3838; x_wconf 84' lang='grc' dir='ltr'>φύσιν·</span> <span class='ocrx_word' id='word_1_877' title='bbox 4129 3769 4233 3821; x_wconf 86' lang='grc' dir='ltr'>τῶν</span> 
     </span>
    </p>
   </div>
   <div class='ocr_carea' id='block_1_108' title="bbox 2565 3853 4233 3929">
    <p class='ocr_par' dir='ltr' id='par_1_108' title="bbox 2565 3853 4233 3929">
     <span class='ocr_line' id='line_1_109' title="bbox 2565 3853 4233 3929; baseline -0.001 -20"><span class='ocrx_word' id='word_1_878' title='bbox 2565 3856 2719 3921; x_wconf 81' lang='grc' dir='ltr'>ζώων</span> <span class='ocrx_word' id='word_1_879' title='bbox 2743 3856 2854 3910; x_wconf 91' lang='grc' dir='ltr'>τῶν</span> <span class='ocrx_word' id='word_1_880' title='bbox 2887 3859 2943 3910; x_wconf 80' lang='grc' dir='ltr'>ὲν</span> <span class='ocrx_word' id='word_1_881' title='bbox 2986 3857 3245 3929; x_wconf 82' lang='grc' dir='ltr'>θαλάττῃ,</span> <span class='ocrx_word' id='word_1_882' title='bbox 3278 3858 3386 3909; x_wconf 91' lang='grc' dir='ltr'>τῶν</span> <span class='ocrx_word' id='word_1_883' title='bbox 3419 3858 3476 3910; x_wconf 83' lang='grc' dir='ltr'>ὲν</span> <span class='ocrx_word' id='word_1_884' title='bbox 3506 3862 3571 3928; x_wconf 82' lang='grc' dir='ltr'>τῇ</span> <span class='ocrx_word' id='word_1_885' title='bbox 3620 3860 3711 3927; x_wconf 82' lang='grc' dir='ltr'>γῇ,</span> <span class='ocrx_word' id='word_1_886' title='bbox 3742 3856 3845 3909; x_wconf 87' lang='grc' dir='ltr'>τῶν</span> <span class='ocrx_word' id='word_1_887' title='bbox 3868 3854 4102 3922; x_wconf 82' lang='grc' dir='ltr'>νηκτῶν,</span> <span class='ocrx_word' id='word_1_888' title='bbox 4128 3853 4233 3908; x_wconf 77' lang='grc' dir='ltr'>τῶν</span> 
     </span>
    </p>
   </div>
   <div class='ocr_carea' id='block_1_109' title="bbox 2560 3941 4232 4014">
    <p class='ocr_par' dir='ltr' id='par_1_109' title="bbox 2560 3941 4232 4014">
     <span class='ocr_line' id='line_1_110' title="bbox 2560 3941 4232 4014; baseline -0.002 -17"><span class='ocrx_word' id='word_1_889' title='bbox 2560 3944 2900 4014; x_wconf 86' lang='grc' dir='ltr'>ἀεροπόρων·</span> <span class='ocrx_word' id='word_1_890' title='bbox 2938 3944 3005 3995; x_wconf 70' lang='grc' dir='ltr'>τὰ</span> <span class='ocrx_word' id='word_1_891' title='bbox 3035 3944 3158 4014; x_wconf 78' lang='grc' dir='ltr'>ὅρη,</span> <span class='ocrx_word' id='word_1_892' title='bbox 3194 3942 3292 4006; x_wconf 76' lang='grc' dir='ltr'>τὰς</span> <span class='ocrx_word' id='word_1_893' title='bbox 3325 3944 3520 4006; x_wconf 83' lang='grc' dir='ltr'>νάπας,</span> <span class='ocrx_word' id='word_1_894' title='bbox 3539 3942 3663 4004; x_wconf 79' lang='grc' dir='ltr'>τοὺς</span> <span class='ocrx_word' id='word_1_895' title='bbox 3681 3941 3933 4011; x_wconf 70' lang='grc' dir='ltr'>δρυμοὺς,</span> <span class='ocrx_word' id='word_1_896' title='bbox 3963 3941 4055 3991; x_wconf 82' lang='grc' dir='ltr'>τὸν</span> <span class='ocrx_word' id='word_1_897' title='bbox 4086 3942 4232 3993; x_wconf 84' lang='grc' dir='ltr'>κάτω</span> 
     </span>
    </p>
   </div>
   <div class='ocr_carea' id='block_1_110' title="bbox 2560 4027 4231 4102">
    <p class='ocr_par' dir='ltr' id='par_1_110' title="bbox 2560 4027 4231 4102">
     <span class='ocr_line' id='line_1_111' title="bbox 2560 4027 4231 4102; baseline 0 -21"><span class='ocrx_word' id='word_1_898' title='bbox 2560 4028 2820 4099; x_wconf 85' lang='grc' dir='ltr'>λειμῶνα,</span> <span class='ocrx_word' id='word_1_899' title='bbox 2868 4030 2958 4083; x_wconf 76' lang='grc' dir='ltr'>τὸν</span> <span class='ocrx_word' id='word_1_900' title='bbox 2992 4031 3103 4083; x_wconf 83' lang='grc' dir='ltr'>ἄνω</span> <span class='ocrx_word' id='word_1_901' title='bbox 3147 4030 3389 4100; x_wconf 88' lang='grc' dir='ltr'>λειμῶνα</span> <span class='ocrx_word' id='word_1_902' title='bbox 3449 4031 3562 4102; x_wconf 74' lang='grc' dir='ltr'>(καὶ</span> <span class='ocrx_word' id='word_1_903' title='bbox 3606 4028 3714 4096; x_wconf 77' lang='grc' dir='ltr'>γάρ</span> <span class='ocrx_word' id='word_1_904' title='bbox 3752 4029 3808 4079; x_wconf 81' lang='grc' dir='ltr'>ὲν</span> <span class='ocrx_word' id='word_1_905' title='bbox 3834 4029 3898 4095; x_wconf 86' lang='grc' dir='ltr'>τῇ</span> <span class='ocrx_word' id='word_1_906' title='bbox 3932 4030 4002 4097; x_wconf 78' lang='grc' dir='ltr'>γῇ</span> <span class='ocrx_word' id='word_1_907' title='bbox 4031 4027 4231 4097; x_wconf 78' lang='grc' dir='ltr'>λειμὼν</span> 
     </span>
    </p>
   </div>
   <div class='ocr_carea' id='block_1_111' title="bbox 2561 4112 4227 4187">
    <p class='ocr_par' dir='ltr' id='par_1_111' title="bbox 2561 4112 4227 4187">
     <span class='ocr_line' id='line_1_112' title="bbox 2561 4112 4227 4187; baseline -0.002 -19"><span class='ocrx_word' id='word_1_908' title='bbox 2561 4116 2655 4168; x_wconf 80' lang='grc' dir='ltr'>καὶ</span> <span class='ocrx_word' id='word_1_909' title='bbox 2683 4118 2739 4169; x_wconf 84' lang='grc' dir='ltr'>ὲν</span> <span class='ocrx_word' id='word_1_910' title='bbox 2762 4116 2838 4186; x_wconf 85' lang='grc' dir='ltr'>τῷ</span> <span class='ocrx_word' id='word_1_911' title='bbox 2860 4116 3070 4187; x_wconf 84' lang='grc' dir='ltr'>οὐρανῷ</span> <span class='ocrx_word' id='word_1_912' title='bbox 3098 4116 3346 4187; x_wconf 86' lang='grc' dir='ltr'>λειμὼν),</span> <span class='ocrx_word' id='word_1_913' title='bbox 3368 4117 3436 4169; x_wconf 89' lang='grc' dir='ltr'>τά</span> <span class='ocrx_word' id='word_1_914' title='bbox 3461 4115 3679 4168; x_wconf 82' lang='grc' dir='ltr'>ποικίλα</span> <span class='ocrx_word' id='word_1_915' title='bbox 3702 4112 3809 4163; x_wconf 86' lang='grc' dir='ltr'>τῶν</span> <span class='ocrx_word' id='word_1_916' title='bbox 3834 4112 4049 4177; x_wconf 81' lang='grc' dir='ltr'>ἄστρων</span> <span class='ocrx_word' id='word_1_917' title='bbox 4074 4115 4227 4183; x_wconf 77' lang='grc' dir='ltr'>ἄνθη,</span> 
     </span>
    </p>
   </div>
   <div class='ocr_carea' id='block_1_112' title="bbox 2559 4197 4226 4274">
    <p class='ocr_par' dir='ltr' id='par_1_112' title="bbox 2559 4197 4226 4274">
     <span class='ocr_line' id='line_1_113' title="bbox 2559 4197 4226 4274; baseline -0.001 -20"><span class='ocrx_word' id='word_1_918' title='bbox 2559 4202 2707 4254; x_wconf 88' lang='grc' dir='ltr'>κάτω</span> <span class='ocrx_word' id='word_1_919' title='bbox 2732 4203 2880 4273; x_wconf 76' lang='grc' dir='ltr'>ῥόδα,</span> <span class='ocrx_word' id='word_1_920' title='bbox 2909 4204 3020 4256; x_wconf 89' lang='grc' dir='ltr'>άνω</span> <span class='ocrx_word' id='word_1_921' title='bbox 3057 4198 3187 4274; x_wconf 75' lang='grc' dir='ltr'>ἶρις.</span> <span class='ocrx_word' id='word_1_922' title='bbox 3239 4202 3425 4255; x_wconf 83' lang='grc' dir='ltr'>Βούλει</span> <span class='ocrx_word' id='word_1_923' title='bbox 3476 4200 3570 4252; x_wconf 72' lang='grc' dir='ltr'>καὶ</span> <span class='ocrx_word' id='word_1_924' title='bbox 3609 4198 3700 4249; x_wconf 76' lang='grc' dir='ltr'>ἐπὶ</span> <span class='ocrx_word' id='word_1_925' title='bbox 3746 4197 3853 4248; x_wconf 90' lang='grc' dir='ltr'>τῶν</span> <span class='ocrx_word' id='word_1_926' title='bbox 3888 4198 4119 4268; x_wconf 85' lang='grc' dir='ltr'>ὀρνίθων</span> <span class='ocrx_word' id='word_1_927' title='bbox 4150 4220 4226 4253; x_wconf 88' lang='grc' dir='ltr'>σοι</span> 
     </span>
    </p>
   </div>
   <div class='ocr_carea' id='block_1_113' title="bbox 2557 4282 4228 4358">
    <p class='ocr_par' dir='ltr' id='par_1_113' title="bbox 2557 4282 4228 4358">
     <span class='ocr_line' id='line_1_114' title="bbox 2557 4282 4228 4358; baseline -0.002 -19"><span class='ocrx_word' id='word_1_928' title='bbox 2557 4285 2714 4350; x_wconf 83' lang='grc' dir='ltr'>δείξω</span> <span class='ocrx_word' id='word_1_929' title='bbox 2734 4286 3001 4356; x_wconf 84' lang='grc' dir='ltr'>λειμῶνα;</span> <span class='ocrx_word' id='word_1_930' title='bbox 3026 4288 3307 4358; x_wconf 86' lang='grc' dir='ltr'>κατάμαθε</span> <span class='ocrx_word' id='word_1_931' title='bbox 3330 4287 3422 4341; x_wconf 87' lang='grc' dir='ltr'>τοῦ</span> <span class='ocrx_word' id='word_1_932' title='bbox 3448 4284 3561 4337; x_wconf 86' lang='grc' dir='ltr'>ταὼ</span> <span class='ocrx_word' id='word_1_933' title='bbox 3581 4285 3595 4322; x_wconf 81' lang='grc' dir='ltr'>ί</span> <span class='ocrx_word' id='word_1_934' title='bbox 3626 4282 3686 4333; x_wconf 78' lang='grc' dir='ltr'>τὸ</span> <span class='ocrx_word' id='word_1_935' title='bbox 3710 4282 3863 4351; x_wconf 84' lang='grc' dir='ltr'>σῶμα</span> <span class='ocrx_word' id='word_1_936' title='bbox 3907 4283 3968 4335; x_wconf 80' lang='grc' dir='ltr'>τὸ</span> <span class='ocrx_word' id='word_1_937' title='bbox 3990 4286 4228 4337; x_wconf 84' lang='grc' dir='ltr'>ποικίλον</span> 
     </span>
    </p>
   </div>
   <div class='ocr_carea' id='block_1_114' title="bbox 2558 4366 4228 4445">
    <p class='ocr_par' dir='ltr' id='par_1_114' title="bbox 2558 4366 4228 4445">
     <span class='ocr_line' id='line_1_115' title="bbox 2558 4366 4228 4445; baseline -0.001 -22"><span class='ocrx_word' id='word_1_938' title='bbox 2558 4372 2651 4423; x_wconf 75' lang='grc' dir='ltr'>καὶ</span> <span class='ocrx_word' id='word_1_939' title='bbox 2670 4373 2847 4425; x_wconf 83' lang='grc' dir='ltr'>πᾶσαν</span> <span class='ocrx_word' id='word_1_940' title='bbox 2870 4373 3194 4445; x_wconf 88' lang='grc' dir='ltr'>ὑπερϐαῖνον</span> <span class='ocrx_word' id='word_1_941' title='bbox 3213 4373 3412 4443; x_wconf 78' lang='grc' dir='ltr'>βαφὴν,</span> <span class='ocrx_word' id='word_1_942' title='bbox 3438 4371 3564 4431; x_wconf 79' lang='grc' dir='ltr'>τοὺς</span> <span class='ocrx_word' id='word_1_943' title='bbox 3589 4366 4018 4439; x_wconf 76' lang='grc' dir='ltr'>πορφυρίζοντας</span> <span class='ocrx_word' id='word_1_944' title='bbox 4042 4387 4228 4440; x_wconf 84' lang='grc' dir='ltr'>στρου-</span> 
     </span>
    </p>
   </div>
   <div class='ocr_carea' id='block_1_115' title="bbox 2557 4453 4227 4531">
    <p class='ocr_par' dir='ltr' id='par_1_115' title="bbox 2557 4453 4227 4531">
     <span class='ocr_line' id='line_1_116' title="bbox 2557 4453 4227 4531; baseline -0.001 -21"><span class='ocrx_word' id='word_1_945' title='bbox 2557 4458 2701 4521; x_wconf 85' lang='grc' dir='ltr'>θούς.</span> <span class='ocrx_word' id='word_1_946' title='bbox 2721 4459 3001 4530; x_wconf 83' lang='grc' dir='ltr'>Ἐννόησόν</span> <span class='ocrx_word' id='word_1_947' title='bbox 3026 4478 3115 4531; x_wconf 93' lang='grc' dir='ltr'>μοι</span> <span class='ocrx_word' id='word_1_948' title='bbox 3136 4460 3197 4512; x_wconf 79' lang='grc' dir='ltr'>τὸ</span> <span class='ocrx_word' id='word_1_949' title='bbox 3216 4458 3407 4518; x_wconf 84' lang='grc' dir='ltr'>κάλλος</span> <span class='ocrx_word' id='word_1_950' title='bbox 3425 4454 3516 4507; x_wconf 90' lang='grc' dir='ltr'>τοῦ</span> <span class='ocrx_word' id='word_1_951' title='bbox 3541 4453 3770 4523; x_wconf 88' lang='grc' dir='ltr'>ούρανοῦ</span> <span class='ocrx_word' id='word_1_952' title='bbox 3790 4455 3952 4507; x_wconf 87' lang='grc' dir='ltr'>πόσον</span> <span class='ocrx_word' id='word_1_953' title='bbox 3976 4457 4089 4526; x_wconf 85' lang='grc' dir='ltr'>ἔχει</span> <span class='ocrx_word' id='word_1_954' title='bbox 4113 4458 4227 4527; x_wconf 55' lang='grc' dir='ltr'>χρό’</span> 
     </span>
    </p>
   </div>
   <div class='ocr_carea' id='block_1_116' title="bbox 2556 4540 4226 4617">
    <p class='ocr_par' dir='ltr' id='par_1_116' title="bbox 2556 4540 4226 4617">
     <span class='ocr_line' id='line_1_117' title="bbox 2556 4540 4226 4617; baseline 0 -21"><span class='ocrx_word' id='word_1_955' title='bbox 2556 4562 2646 4597; x_wconf 91' lang='grc' dir='ltr'>νον</span> <span class='ocrx_word' id='word_1_956' title='bbox 2674 4546 2766 4597; x_wconf 74' lang='grc' dir='ltr'>καὶ</span> <span class='ocrx_word' id='word_1_957' title='bbox 2789 4546 2889 4599; x_wconf 87' lang='grc' dir='ltr'>οὐκ</span> <span class='ocrx_word' id='word_1_958' title='bbox 2915 4546 3239 4617; x_wconf 81' lang='grc' dir='ltr'>ὴμαυρὼθη,</span> <span class='ocrx_word' id='word_1_959' title='bbox 3264 4542 3378 4596; x_wconf 89' lang='grc' dir='ltr'>ἀλλ’</span> <span class='ocrx_word' id='word_1_960' title='bbox 3404 4540 3593 4612; x_wconf 87' lang='grc' dir='ltr'>ῶσπερ</span> <span class='ocrx_word' id='word_1_961' title='bbox 3622 4542 3856 4612; x_wconf 85' lang='grc' dir='ltr'>σήμερον</span> <span class='ocrx_word' id='word_1_962' title='bbox 3883 4560 4226 4596; x_wconf 79' lang='grc' dir='ltr'>κατασκευαο</span> 
     </span>
    </p>
   </div>
   <div class='ocr_carea' id='block_1_117' title="bbox 2559 4627 4229 4700">
    <p class='ocr_par' dir='ltr' id='par_1_117' title="bbox 2559 4627 4229 4700">
     <span class='ocr_line' id='line_1_118' title="bbox 2559 4627 4229 4700; baseline 0.001 -17"><span class='ocrx_word' id='word_1_963' title='bbox 2559 4631 2726 4694; x_wconf 76' lang='grc' dir='ltr'>σθεὶς,</span> <span class='ocrx_word' id='word_1_964' title='bbox 2770 4631 2942 4696; x_wconf 77' lang='grc' dir='ltr'>οὕτως</span> <span class='ocrx_word' id='word_1_965' title='bbox 2984 4634 3131 4685; x_wconf 73' lang='grc' dir='ltr'>ἐστὶν</span> <span class='ocrx_word' id='word_1_966' title='bbox 3155 4627 3495 4683; x_wconf 84' lang='grc' dir='ltr'>ἀποστίλϐων</span> <span class='ocrx_word' id='word_1_967' title='bbox 3533 4629 3627 4681; x_wconf 75' lang='grc' dir='ltr'>καὶ</span> <span class='ocrx_word' id='word_1_968' title='bbox 3653 4628 3901 4700; x_wconf 88' lang='grc' dir='ltr'>λαμπρός</span> <span class='ocrx_word' id='word_1_969' title='bbox 3926 4648 3940 4662; x_wconf 68' lang='grc'><strong>⁸</strong></span> <span class='ocrx_word' id='word_1_970' title='bbox 3991 4632 4091 4699; x_wconf 87' lang='grc' dir='ltr'>τῆς</span> <span class='ocrx_word' id='word_1_971' title='bbox 4130 4632 4229 4700; x_wconf 76' lang='grc' dir='ltr'>γῆς</span> 
     </span>
    </p>
   </div>
   <div class='ocr_carea' id='block_1_118' title="bbox 2555 4718 4228 4792">
    <p class='ocr_par' dir='ltr' id='par_1_118' title="bbox 2555 4718 4228 4792">
     <span class='ocr_line' id='line_1_119' title="bbox 2555 4718 4228 4792; baseline -0.002 -19"><span class='ocrx_word' id='word_1_972' title='bbox 2555 4721 2654 4791; x_wconf 80' lang='grc' dir='ltr'>τὴν</span> <span class='ocrx_word' id='word_1_973' title='bbox 2682 4721 2935 4792; x_wconf 88' lang='grc' dir='ltr'>δύναμιν,</span> <span class='ocrx_word' id='word_1_974' title='bbox 2969 4722 3086 4784; x_wconf 82' lang='grc' dir='ltr'>πῶς</span> <span class='ocrx_word' id='word_1_975' title='bbox 3114 4722 3213 4771; x_wconf 89' lang='grc' dir='ltr'>οὐκ</span> <span class='ocrx_word' id='word_1_976' title='bbox 3242 4718 3505 4789; x_wconf 83' lang='grc' dir='ltr'>ὴτόνησεν</span> <span class='ocrx_word' id='word_1_977' title='bbox 3535 4718 3705 4787; x_wconf 83' lang='grc' dir='ltr'>αὐτῆς</span> <span class='ocrx_word' id='word_1_978' title='bbox 3729 4721 3761 4789; x_wconf 90' lang='grc' dir='ltr'>ή</span> <span class='ocrx_word' id='word_1_979' title='bbox 3794 4721 4008 4789; x_wconf 78' lang='grc' dir='ltr'>γαστὴρ</span> <span class='ocrx_word' id='word_1_980' title='bbox 4042 4719 4228 4771; x_wconf 82' lang='grc' dir='ltr'>τοσοῦ-</span> 
     </span>
    </p>
   </div>
   <div class='ocr_carea' id='block_1_119' title="bbox 2556 4804 4228 4878">
    <p class='ocr_par' dir='ltr' id='par_1_119' title="bbox 2556 4804 4228 4878">
     <span class='ocr_line' id='line_1_120' title="bbox 2556 4804 4228 4878; baseline -0.004 -16"><span class='ocrx_word' id='word_1_981' title='bbox 2556 4826 2648 4862; x_wconf 91' lang='grc' dir='ltr'>τον</span> <span class='ocrx_word' id='word_1_982' title='bbox 2672 4810 2931 4862; x_wconf 88' lang='grc' dir='ltr'>τίκτουσα</span> <span class='ocrx_word' id='word_1_983' title='bbox 2957 4807 3167 4878; x_wconf 89' lang='grc' dir='ltr'>χρόνον.</span> <span class='ocrx_word' id='word_1_984' title='bbox 3199 4804 3477 4874; x_wconf 78' lang='grc' dir='ltr'>Ἐννόησον</span> <span class='ocrx_word' id='word_1_985' title='bbox 3503 4822 3589 4875; x_wconf 88' lang='grc' dir='ltr'>μοι</span> <span class='ocrx_word' id='word_1_986' title='bbox 3616 4808 3714 4869; x_wconf 80' lang='grc' dir='ltr'>τάς</span> <span class='ocrx_word' id='word_1_987' title='bbox 3745 4808 3928 4876; x_wconf 79' lang='grc' dir='ltr'>πηγάς</span> <span class='ocrx_word' id='word_1_988' title='bbox 3962 4807 4081 4867; x_wconf 82' lang='grc' dir='ltr'>πῶς</span> <span class='ocrx_word' id='word_1_989' title='bbox 4100 4807 4228 4857; x_wconf 75' lang='grc' dir='ltr'>ἁνα-</span> 
     </span>
    </p>
   </div>
   <div class='ocr_carea' id='block_1_120' title="bbox 2557 4887 4226 4962">
    <p class='ocr_par' dir='ltr' id='par_1_120' title="bbox 2557 4887 4226 4962">
     <span class='ocr_line' id='line_1_121' title="bbox 2557 4887 4226 4962; baseline -0.005 -14"><span class='ocrx_word' id='word_1_990' title='bbox 2557 4894 2834 4957; x_wconf 71' lang='grc' dir='ltr'>6λύξουσι,</span> <span class='ocrx_word' id='word_1_991' title='bbox 2872 4895 2969 4946; x_wconf 71' lang='grc' dir='ltr'>καὶ</span> <span class='ocrx_word' id='word_1_992' title='bbox 3007 4893 3108 4945; x_wconf 92' lang='grc' dir='ltr'>οὐκ</span> <span class='ocrx_word' id='word_1_993' title='bbox 3157 4891 3410 4944; x_wconf 74' lang='grc' dir='ltr'>ἐπέλιπον</span> <span class='ocrx_word' id='word_1_994' title='bbox 3457 4891 3517 4958; x_wconf 80' lang='grc' dir='ltr'>ἐξ</span> <span class='ocrx_word' id='word_1_995' title='bbox 3560 4887 3620 4947; x_wconf 77' lang='grc' dir='ltr'>οῦ</span> <span class='ocrx_word' id='word_1_996' title='bbox 3669 4894 3923 4962; x_wconf 86' lang='grc' dir='ltr'>γεγόνασι</span> <span class='ocrx_word' id='word_1_997' title='bbox 3962 4892 4226 4962; x_wconf 78' lang='grc' dir='ltr'>διηνεκῶς</span> 
     </span>
    </p>
   </div>
   <div class='ocr_carea' id='block_1_121' title="bbox 2560 4978 4225 5054">
    <p class='ocr_par' dir='ltr' id='par_1_121' title="bbox 2560 4978 4225 5054">
     <span class='ocr_line' id='line_1_122' title="bbox 2560 4978 4225 5054; baseline -0.004 -20"><span class='ocrx_word' id='word_1_998' title='bbox 2560 4982 2819 5054; x_wconf 85' lang='grc' dir='ltr'>βρύουσαι</span> <span class='ocrx_word' id='word_1_999' title='bbox 2864 4980 2959 5031; x_wconf 71' lang='grc' dir='ltr'>καὶ</span> <span class='ocrx_word' id='word_1_1000' title='bbox 2992 4978 3203 5048; x_wconf 82' lang='grc' dir='ltr'>ἡμέραν</span> <span class='ocrx_word' id='word_1_1001' title='bbox 3253 4979 3344 5032; x_wconf 73' lang='grc' dir='ltr'>καὶ</span> <span class='ocrx_word' id='word_1_1002' title='bbox 3378 4978 3548 5033; x_wconf 87' lang='grc' dir='ltr'>νύκτα</span> <span class='ocrx_word' id='word_1_1003' title='bbox 3589 4982 3799 5033; x_wconf 77' lang='grc' dir='ltr'>πᾶσαν·</span> <span class='ocrx_word' id='word_1_1004' title='bbox 3852 4979 4104 5046; x_wconf 84' lang='grc' dir='ltr'>έννόησόν</span> <span class='ocrx_word' id='word_1_1005' title='bbox 4140 4996 4225 5046; x_wconf 83' lang='grc' dir='ltr'>μοι</span> 
     </span>
    </p>
   </div>
   <div class='ocr_carea' id='block_1_122' title="bbox 2556 5065 4223 5139">
    <p class='ocr_par' dir='ltr' id='par_1_122' title="bbox 2556 5065 4223 5139">
     <span class='ocr_line' id='line_1_123' title="bbox 2556 5065 4223 5139; baseline -0.002 -18"><span class='ocrx_word' id='word_1_1006' title='bbox 2556 5069 2658 5139; x_wconf 81' lang='grc' dir='ltr'>τὴν</span> <span class='ocrx_word' id='word_1_1007' title='bbox 2686 5067 2975 5127; x_wconf 87' lang='grc' dir='ltr'>θάλατταν,</span> <span class='ocrx_word' id='word_1_1008' title='bbox 3015 5065 3210 5129; x_wconf 86' lang='grc' dir='ltr'>πόσους</span> <span class='ocrx_word' id='word_1_1009' title='bbox 3240 5065 3501 5137; x_wconf 85' lang='grc' dir='ltr'>δεχομένη</span> <span class='ocrx_word' id='word_1_1010' title='bbox 3545 5068 3823 5138; x_wconf 76' lang='grc' dir='ltr'>ποταμοὺς</span> <span class='ocrx_word' id='word_1_1011' title='bbox 3860 5067 3959 5135; x_wconf 87' lang='grc' dir='ltr'>οὐχ</span> <span class='ocrx_word' id='word_1_1012' title='bbox 3987 5065 4223 5133; x_wconf 76' lang='grc' dir='ltr'>ὑπερέὃη</span> 
     </span>
    </p>
   </div>
   <div class='ocr_carea' id='block_1_123' title="bbox 2557 5150 4225 5226">
    <p class='ocr_par' dir='ltr' id='par_1_123' title="bbox 2557 5150 4225 5226">
     <span class='ocr_line' id='line_1_124' title="bbox 2557 5150 4225 5226; baseline -0.004 -19"><span class='ocrx_word' id='word_1_1013' title='bbox 2557 5155 2618 5208; x_wconf 86' lang='grc' dir='ltr'>τὸ</span> <span class='ocrx_word' id='word_1_1014' title='bbox 2643 5153 2863 5224; x_wconf 87' lang='grc' dir='ltr'>μέτρον.</span> <span class='ocrx_word' id='word_1_1015' title='bbox 2908 5150 3067 5203; x_wconf 83' lang='grc' dir='ltr'>Ἀλλά</span> <span class='ocrx_word' id='word_1_1016' title='bbox 3092 5153 3252 5224; x_wconf 87' lang='grc' dir='ltr'>μέχρι</span> <span class='ocrx_word' id='word_1_1017' title='bbox 3276 5154 3419 5219; x_wconf 82' lang='grc' dir='ltr'>τίνος</span> <span class='ocrx_word' id='word_1_1018' title='bbox 3449 5156 3717 5226; x_wconf 83' lang='grc' dir='ltr'>διώκομεν</span> <span class='ocrx_word' id='word_1_1019' title='bbox 3744 5157 4011 5225; x_wconf 85' lang='grc' dir='ltr'>ἀκίχητα;</span> <span class='ocrx_word' id='word_1_1020' title='bbox 4047 5150 4225 5214; x_wconf 74' lang='grc' dir='ltr'>Ἄξιον</span> 
     </span>
    </p>
   </div>
   <div class='ocr_carea' id='block_1_124' title="bbox 2559 5238 4226 5312">
    <p class='ocr_par' dir='ltr' id='par_1_124' title="bbox 2559 5238 4226 5312">
     <span class='ocr_line' id='line_1_125' title="bbox 2559 5238 4226 5312; baseline -0.002 -20"><span class='ocrx_word' id='word_1_1021' title='bbox 2559 5241 2644 5309; x_wconf 77' lang='grc' dir='ltr'>ἐφ’</span> <span class='ocrx_word' id='word_1_1022' title='bbox 2675 5238 2892 5309; x_wconf 76' lang='grc' dir='ltr'>ἑκάστῳ</span> <span class='ocrx_word' id='word_1_1023' title='bbox 2915 5238 3024 5291; x_wconf 88' lang='grc' dir='ltr'>τῶν</span> <span class='ocrx_word' id='word_1_1024' title='bbox 3052 5241 3351 5312; x_wconf 81' lang='grc' dir='ltr'>εἰρημένων</span> <span class='ocrx_word' id='word_1_1025' title='bbox 3376 5243 3554 5310; x_wconf 88' lang='grc' dir='ltr'>λέγειν</span> <span class='ocrx_word' id='word_1_1026' title='bbox 3579 5260 3592 5274; x_wconf 91' lang='grc'><strong>·</strong></span> <span class='ocrx_word' id='word_1_1027' title='bbox 3635 5245 3729 5308; x_wconf 83' lang='grc' dir='ltr'>Ὠς</span> <span class='ocrx_word' id='word_1_1028' title='bbox 3756 5241 4127 5311; x_wconf 67' lang='grc' dir='ltr'>ἐμεγαλύνθη</span> <span class='ocrx_word' id='word_1_1029' title='bbox 4156 5240 4226 5290; x_wconf 82' lang='grc' dir='ltr'>τὰ</span> 
     </span>
    </p>
   </div>
   <div class='ocr_carea' id='block_1_125' title="bbox 2559 5325 4225 5399">
    <p class='ocr_par' dir='ltr' id='par_1_125' title="bbox 2559 5325 4225 5399">
     <span class='ocr_line' id='line_1_126' title="bbox 2559 5325 4225 5399; baseline -0.002 -18"><span class='ocrx_word' id='word_1_1030' title='bbox 2559 5328 2702 5395; x_wconf 75' lang='grc' dir='ltr'>ἔργα</span> <span class='ocrx_word' id='word_1_1031' title='bbox 2722 5342 2860 5386; x_wconf 89' lang='grc' dir='ltr'>σου,</span> <span class='ocrx_word' id='word_1_1032' title='bbox 2892 5328 3103 5396; x_wconf 69' lang='grc' dir='ltr'>Κύριε]</span> <span class='ocrx_word' id='word_1_1033' title='bbox 3155 5328 3352 5384; x_wconf 77' lang='grc' dir='ltr'>πάντα</span> <span class='ocrx_word' id='word_1_1034' title='bbox 3383 5331 3455 5383; x_wconf 83' lang='grc' dir='ltr'>ἐν</span> <span class='ocrx_word' id='word_1_1035' title='bbox 3491 5332 3675 5399; x_wconf 64' lang='grc' dir='ltr'>σοφίᾳ</span> <span class='ocrx_word' id='word_1_1036' title='bbox 3712 5332 4022 5397; x_wconf 77' lang='grc' dir='ltr'>ἐποίησας.</span> <span class='ocrx_word' id='word_1_1037' title='bbox 4068 5325 4225 5378; x_wconf 72' lang='grc' dir='ltr'>Ἀλλά</span> 
     </span>
    </p>
   </div>
   <div class='ocr_carea' id='block_1_126' title="bbox 2558 5412 4225 5484">
    <p class='ocr_par' dir='ltr' id='par_1_126' title="bbox 2558 5412 4225 5484">
     <span class='ocr_line' id='line_1_127' title="bbox 2558 5412 4225 5484; baseline -0.008 -8"><span class='ocrx_word' id='word_1_1038' title='bbox 2558 5414 2642 5475; x_wconf 75' lang='grc' dir='ltr'>τίς</span> <span class='ocrx_word' id='word_1_1039' title='bbox 2695 5414 2723 5465; x_wconf 78' lang='grc'><strong>6</strong></span> <span class='ocrx_word' id='word_1_1040' title='bbox 2768 5413 2931 5484; x_wconf 68' lang='grc' dir='ltr'>σοφὸς</span> <span class='ocrx_word' id='word_1_1041' title='bbox 2976 5416 3081 5471; x_wconf 86' lang='grc' dir='ltr'>τῶν</span> <span class='ocrx_word' id='word_1_1042' title='bbox 3130 5417 3377 5471; x_wconf 87' lang='grc' dir='ltr'>ἀπίστων</span> <span class='ocrx_word' id='word_1_1043' title='bbox 3420 5416 3599 5483; x_wconf 83' lang='grc' dir='ltr'>λόγος,</span> <span class='ocrx_word' id='word_1_1044' title='bbox 3633 5420 3761 5472; x_wconf 86' lang='grc' dir='ltr'>ὃταν</span> <span class='ocrx_word' id='word_1_1045' title='bbox 3804 5419 4016 5473; x_wconf 74' lang='grc' dir='ltr'>ἅπαντα</span> <span class='ocrx_word' id='word_1_1046' title='bbox 4056 5412 4225 5465; x_wconf 82' lang='grc' dir='ltr'>ταῦτα</span> 
     </span>
    </p>
   </div>
   <div class='ocr_carea' id='block_1_127' title="bbox 2559 5496 4223 5573">
    <p class='ocr_par' dir='ltr' id='par_1_127' title="bbox 2559 5496 4223 5573">
     <span class='ocr_line' id='line_1_128' title="bbox 2559 5496 4223 5573; baseline 0.008 -24"><span class='ocrx_word' id='word_1_1047' title='bbox 2559 5496 2855 5569; x_wconf 84' lang='grc' dir='ltr'>διέλθωμεν</span> <span class='ocrx_word' id='word_1_1048' title='bbox 2892 5502 3027 5573; x_wconf 80' lang='grc' dir='ltr'>πρὸς</span> <span class='ocrx_word' id='word_1_1049' title='bbox 3051 5503 3266 5566; x_wconf 77' lang='grc' dir='ltr'>αὐτοὺς,</span> <span class='ocrx_word' id='word_1_1050' title='bbox 3301 5502 3358 5554; x_wconf 85' lang='grc' dir='ltr'>τὸ</span> <span class='ocrx_word' id='word_1_1051' title='bbox 3391 5503 3638 5571; x_wconf 86' lang='grc' dir='ltr'>μέγεθος,</span> <span class='ocrx_word' id='word_1_1052' title='bbox 3677 5506 3739 5559; x_wconf 81' lang='grc' dir='ltr'>τὸ</span> <span class='ocrx_word' id='word_1_1053' title='bbox 3766 5506 3960 5566; x_wconf 81' lang='grc' dir='ltr'>κάλλος</span> <span class='ocrx_word' id='word_1_1054' title='bbox 3980 5502 4081 5571; x_wconf 83' lang='grc' dir='ltr'>τῆς</span> <span class='ocrx_word' id='word_1_1055' title='bbox 4108 5498 4223 5551; x_wconf 74' lang='grc' dir='ltr'>κτί-</span> 
     </span>
    </p>
   </div>
   <div class='ocr_carea' id='block_1_128' title="bbox 2563 5585 4224 5663">
    <p class='ocr_par' dir='ltr' id='par_1_128' title="bbox 2563 5585 4224 5663">
     <span class='ocr_line' id='line_1_129' title="bbox 2563 5585 4224 5663; baseline 0.001 -27"><span class='ocrx_word' id='word_1_1056' title='bbox 2563 5601 2724 5651; x_wconf 89' lang='grc' dir='ltr'>σεως,</span> <span class='ocrx_word' id='word_1_1057' title='bbox 2750 5585 2848 5659; x_wconf 79' lang='grc' dir='ltr'>τήν</span> <span class='ocrx_word' id='word_1_1058' title='bbox 2872 5588 3175 5659; x_wconf 75' lang='grc' dir='ltr'>δαψίλειαν,</span> <span class='ocrx_word' id='word_1_1059' title='bbox 3206 5589 3304 5659; x_wconf 75' lang='grc' dir='ltr'>τήν</span> <span class='ocrx_word' id='word_1_1060' title='bbox 3326 5587 3583 5656; x_wconf 71' lang='grc' dir='ltr'>ἀφθονίαν</span> <span class='ocrx_word' id='word_1_1061' title='bbox 3616 5592 3713 5663; x_wconf 77' lang='grc' dir='ltr'>τὴν</span> <span class='ocrx_word' id='word_1_1062' title='bbox 3742 5595 3799 5647; x_wconf 82' lang='grc' dir='ltr'>ὲν</span> <span class='ocrx_word' id='word_1_1063' title='bbox 3820 5594 4024 5647; x_wconf 75' lang='grc' dir='ltr'>ἅπασιν</span> <span class='ocrx_word' id='word_1_1064' title='bbox 4047 5604 4062 5651; x_wconf 89' lang='grc'>;</span> <span class='ocrx_word' id='word_1_1065' title='bbox 4088 5586 4224 5639; x_wconf 78' lang='grc' dir='ltr'>Αὐτὸ</span> 
     </span>
    </p>
   </div>
   <div class='ocr_carea' id='block_1_129' title="bbox 2561 5668 4225 5751">
    <p class='ocr_par' dir='ltr' id='par_1_129' title="bbox 2561 5668 4225 5751">
     <span class='ocr_line' id='line_1_130' title="bbox 2561 5668 4225 5751; baseline 0.002 -27"><span class='ocrx_word' id='word_1_1066' title='bbox 2561 5671 2661 5742; x_wconf 79' lang='grc' dir='ltr'>μὲν</span> <span class='ocrx_word' id='word_1_1067' title='bbox 2692 5668 2784 5727; x_wconf 79' lang='grc' dir='ltr'>οὖν</span> <span class='ocrx_word' id='word_1_1068' title='bbox 2812 5676 2969 5728; x_wconf 83' lang='grc' dir='ltr'>τοῦτο</span> <span class='ocrx_word' id='word_1_1069' title='bbox 3006 5675 3241 5746; x_wconf 82' lang='grc' dir='ltr'>μάλιστά</span> <span class='ocrx_word' id='word_1_1070' title='bbox 3274 5678 3419 5728; x_wconf 80' lang='grc' dir='ltr'>ἐστιν</span> <span class='ocrx_word' id='word_1_1071' title='bbox 3459 5676 3731 5750; x_wconf 88' lang='grc' dir='ltr'>ἔγκλημα,</span> <span class='ocrx_word' id='word_1_1072' title='bbox 3761 5679 3946 5751; x_wconf 75' lang='grc' dir='ltr'>φησὶν.</span> <span class='ocrx_word' id='word_1_1073' title='bbox 3978 5677 4059 5729; x_wconf 81' lang='grc' dir='ltr'>ὅτι</span> <span class='ocrx_word' id='word_1_1074' title='bbox 4084 5674 4225 5727; x_wconf 78' lang='grc' dir='ltr'>οὕτω</span> 
     </span>
    </p>
   </div>
   <div class='ocr_carea' id='block_1_130' title="bbox 2626 5778 4216 5851">
    <p class='ocr_par' dir='ltr' id='par_1_130' title="bbox 2626 5778 4216 5851">
     <span class='ocr_line' id='line_1_131' title="bbox 2626 5778 4216 5851; baseline 0.001 -20"><span class='ocrx_word' id='word_1_1075' title='bbox 2626 5778 2645 5851; x_wconf 62' lang='grc' dir='ltr'>ξ</span> <span class='ocrx_word' id='word_1_1076' title='bbox 2676 5780 2960 5851; x_wconf 50' lang='lat' dir='ltr'>Legionem</span> <span class='ocrx_word' id='word_1_1077' title='bbox 2989 5782 3179 5851; x_wconf 57' lang='lat' dir='ltr'>Sayiﬁl,</span> <span class='ocrx_word' id='word_1_1078' title='bbox 3212 5784 3507 5851; x_wconf 67' lang='grc' dir='ltr'>ἀποστάσης,</span> <span class='ocrx_word' id='word_1_1079' title='bbox 3552 5791 3763 5842; x_wconf 77' lang='lat' dir='ltr'>reddidit</span> <span class='ocrx_word' id='word_1_1080' title='bbox 3794 5794 4057 5851; x_wconf 76' lang='lat' dir='ltr'>interpres.</span> <span class='ocrx_word' id='word_1_1081' title='bbox 4090 5785 4216 5833; x_wconf 76' lang='grc' dir='ltr'>Εοιγ.</span> 
     </span>
    </p>
   </div>
   <div class='ocr_carea' id='block_1_131' title="bbox 2620 5844 3580 5910">
    <p class='ocr_par' dir='ltr' id='par_1_131' title="bbox 2620 5844 3580 5910">
     <span class='ocr_line' id='line_1_132' title="bbox 2620 5844 3580 5910; baseline 0.006 -19"><span class='ocrx_word' id='word_1_1082' title='bbox 2620 5845 2645 5910; x_wconf 60' lang='grc' dir='ltr'>ξς</span> <span class='ocrx_word' id='word_1_1083' title='bbox 2903 5860 3015 5910; x_wconf 58' lang='lat' dir='ltr'>mss.</span> <span class='ocrx_word' id='word_1_1084' title='bbox 3049 5846 3123 5891; x_wconf 86' lang='grc' dir='ltr'>ἐπὶ</span> <span class='ocrx_word' id='word_1_1085' title='bbox 3146 5844 3375 5893; x_wconf 85' lang='grc' dir='ltr'>τοσοῦτον</span> <span class='ocrx_word' id='word_1_1086' title='bbox 3397 5852 3580 5910; x_wconf 78' lang='grc' dir='ltr'>χρόνον.</span> 
     </span>
    </p>
   </div>
   <div class='ocr_carea' id='block_1_132' title="bbox 2621 5903 3075 5965">
    <p class='ocr_par' dir='ltr' id='par_1_132' title="bbox 2621 5903 3075 5965">
     <span class='ocr_line' id='line_1_133' title="bbox 2621 5903 3075 5965; baseline 0.004 -18"><span class='ocrx_word' id='word_1_1087' title='bbox 2621 5903 2647 5940; x_wconf 70' lang='grc' dir='ltr'>ιι</span> <span class='ocrx_word' id='word_1_1088' title='bbox 2670 5906 2816 5965; x_wconf 57' lang='lat' dir='ltr'>Szn&#39;il.</span> <span class='ocrx_word' id='word_1_1089' title='bbox 2846 5907 3075 5965; x_wconf 59' lang='grc' dir='ltr'>ἀρθέντος.</span> 
     </span>
    </p>
   </div>
   <div class='ocr_carea' id='block_1_133' title="bbox 2628 5964 4217 6028">
    <p class='ocr_par' dir='ltr' id='par_1_133' title="bbox 2628 5964 4217 6028">
     <span class='ocr_line' id='line_1_134' title="bbox 2628 5964 4217 6028; baseline 0 -16"><span class='ocrx_word' id='word_1_1090' title='bbox 2628 5978 2637 5999; x_wconf 76' lang='grc' dir='ltr'>ι</span> <span class='ocrx_word' id='word_1_1091' title='bbox 2673 5964 2823 6013; x_wconf 71' lang='lat' dir='ltr'>Sam.</span> <span class='ocrx_word' id='word_1_1092' title='bbox 2848 5964 2897 6014; x_wconf 73' lang='lat' dir='ltr'>et</span> <span class='ocrx_word' id='word_1_1093' title='bbox 2924 5966 3121 6025; x_wconf 62' lang='lat' dir='ltr'>Quidam</span> <span class='ocrx_word' id='word_1_1094' title='bbox 3148 5978 3257 6014; x_wconf 79' lang='lat' dir='ltr'>mss.</span> <span class='ocrx_word' id='word_1_1095' title='bbox 3286 5967 3370 6015; x_wconf 61' lang='grc' dir='ltr'>τοῦ</span> <span class='ocrx_word' id='word_1_1096' title='bbox 3392 5972 3581 6028; x_wconf 58' lang='lat' dir='ltr'>matr/0;,</span> <span class='ocrx_word' id='word_1_1097' title='bbox 3616 5974 3769 6025; x_wconf 74' lang='lat' dir='ltr'>Morel</span> <span class='ocrx_word' id='word_1_1098' title='bbox 3815 5980 3862 6024; x_wconf 68' lang='lat' dir='ltr'>et</span> <span class='ocrx_word' id='word_1_1099' title='bbox 3885 5974 3968 6022; x_wconf 72' lang='lat' dir='ltr'><strong>alii</strong></span> <span class='ocrx_word' id='word_1_1100' title='bbox 3994 5968 4079 6017; x_wconf 73' lang='grc' dir='ltr'>τοῦ</span> <span class='ocrx_word' id='word_1_1101' title='bbox 4102 5967 4217 6014; x_wconf 55' lang='lat' dir='ltr'>tu}.</span> 
     </span>
    </p>
   </div>
  </div>
