4452 6670
433 406 536 461 115

427 522 589 583 beat,
636 526 689 573 et
734 516 1002 571 vinculum
1069 514 1139 564 sit
1201 509 1291 563 Dei
1349 509 1611 562 voluntas.
1675 506 1806 561 Ilnic
1856 503 2014 557 hodie

426 610 664 663 sermoni
719 608 948 670 amplius
1006 601 1277 656 immorari
1335 600 1453 653 volo
1488 641 1503 661 ,
1547 598 1640 651 sed
1688 593 2013 665 expergisci-

431 701 579 766 mini,
611 712 664 755 et
691 701 973 757 diligenter
1009 694 1162 749 nobis
1186 692 1460 747 attendite.
1490 691 1560 746 Ut
1580 698 1759 742 autem
1789 687 2017 739 miracu-

426 793 533 845 lum
572 795 661 847 fiat
694 790 1026 845 manifestius
1069 801 1098 837 a
1128 800 1349 853 corpore
1385 795 1569 838 nostro
1603 778 2013 836 demonstratio-

430 900 547 938 nem
600 884 785 938 borum
835 880 1045 933 faciam.
1080 876 1285 929 Etenim
1327 889 1521 944 corpus
1563 880 1804 926 nostrqu
1857 868 2017 921 breve

428 973 529 1028 hoc
561 986 615 1030 et
644 989 863 1043 parvum
893 985 924 1024 e
958 978 1184 1037 quatuor
1212 968 1561 1035 compositum
1594 973 1675 1018 est
1701 958 2012 1022 elementis,

429 1066 601 1118 calido
622 1064 854 1134 quidem,
888 1058 1186 1126 Sanguine;
1210 1058 1355 1110 sicco
1376 1071 1502 1109 vero
1526 1096 1540 1119 ,
1570 1053 1675 1107 bile
1708 1050 1843 1105 ﬂava
1874 1064 1888 1113 ;
1914 1047 2015 1099 hu-

436 1156 599 1218 tnido,
626 1156 845 1225 pitpita;
877 1148 1088 1219 frigido,
1117 1157 1228 1201 atra
1253 1147 1375 1201 bile.
1399 1146 1467 1200 Et
1486 1159 1645 1200 nemo
1663 1144 2013 1208 incongruum

435 1246 573 1296 hunc
596 1254 740 1312 putet
771 1257 891 1296 esse
922 1252 1224 1301 sermonem
1258 1254 1271 1288 :
1302 1236 1597 1303 Spiritualis
1622 1247 1814 1300 nempe
1843 1229 2015 1282 omnia

432 1334 707 1404 dijudicat,
736 1336 848 1402 ipse
889 1346 1003 1384 vero
1031 1345 1062 1379 η
1105 1329 1300 1379 nemine
1342 1326 1651 1396 dijudicatur
1677 1322 1697 1394 (
1728 1324 1777 1375 1.
1808 1319 1930 1374 Cor.
1956 1318 2011 1370 2.

436 1427 566 1495 15).
600 1426 685 1480 Sic
722 1436 776 1479 et
819 1422 1014 1476 Paulus
1043 1419 1378 1487 agricultura:
1417 1417 1653 1470 rationes
1690 1411 1904 1480 tetigit,
1946 1408 2015 1463 de

433 1516 819 1569 resurrectione
844 1511 1000 1565 nobis
1026 1509 1293 1561 disserens
1321 1520 1336 1561 :
1368 1506 1554 1569 Stulte,
1580 1503 1770 1573 inquit,
1800 1511 1854 1554 tu
1880 1498 2016 1568 quod

431 1607 643 1657 seminus
681 1622 779 1658 non
820 1602 1100 1665 viri/icatur
1122 1639 1139 1664 ,
1166 1597 1260 1650 nisi
1290 1597 1531 1649 moriatur
1556 1586 1950 1650 (1.6οτ.15.56
1972 1587 2012 1659 ).

431 1692 487 1747 Si
516 1709 643 1748 vero
669 1696 856 1748 beatus
884 1690 974 1743 ille
994 1688 1062 1741 de
1082 1686 1405 1755 agricultura
1430 1699 1734 1739 sermonem
1762 1679 2012 1737 habebat.

432 1797 499 1835 ne
526 1798 622 1837 nos
647 1782 907 1852 quispiam
940 1784 1155 1831 accuset
1194 1776 1239 1829 si
1281 1774 1648 1829 medicinalem
1678 1770 2014 1838 disciplinam

429 1872 745 1941 attingamus
777 1890 791 1926 :
820 1869 885 1923 de
924 1867 1015 1921 Dei
1050 1864 1193 1920 enim
1240 1864 1507 1918 creatione
1536 1879 1677 1918 nunc
1710 1861 1863 1915 nobis
1889 1875 2015 1913 ora-

431 1964 526 2028 tio,
553 1973 609 2017 et
650 1961 1006 2017 necessarium
1054 1956 1208 2012 nobis
1232 1965 1317 2010 est
1344 1956 1499 2022 hujus
1521 1955 1815 2023 disciplinae
1856 1967 2013 2020 argu-

432 2064 686 2107 mentum.
716 2052 867 2119 Quod
918 2050 1078 2120 igitur
1104 2056 1228 2101 ante
1254 2046 1361 2101 dixi
1386 2087 1402 2111 ,
1431 2062 1495 2099 ex
1524 2057 1751 2115 quatuor
1791 2046 1873 2099 his
1901 2045 2014 2097 ele-

431 2144 624 2197 mentis
649 2157 844 2211 corpus
865 2142 1022 2197 nobis
1042 2139 1397 2206 compositmn
1418 2147 1522 2201 est,
1546 2146 1598 2190 et
1624 2137 1666 2191 si
1694 2152 1817 2205 pars
1842 2152 1871 2188 a
1903 2146 2015 2189 toto

428 2234 701 2299 dissideat,
730 2249 794 2288 ex
846 2233 949 2286 hoc
999 2229 1224 2285 dissidio
1271 2243 1418 2283 mors
1453 2228 1678 2282 efficitur
1710 2246 1721 2280 :
1757 2236 1813 2279 ut
1844 2235 1965 2295 puta
1994 2266 2009 2290 ,

429 2324 536 2379 bile
580 2324 1044 2393 superabundante
1100 2320 1411 2390 producitur
1460 2318 1624 2373 febris
1656 2357 1671 2379 ,
1702 2327 1757 2371 et
1799 2319 1842 2370 si
1876 2318 2012 2369 ultra

429 2431 728 2470 mensuram
760 2414 1077 2483 przevaleat,
1109 2413 1267 2466 tinem
1299 2411 1453 2465 affert
1478 2410 1813 2465 celerrimum
1841 2427 1853 2461 :
1890 2424 2010 2461 rur-

428 2524 546 2562 sum
574 2507 761 2576 frigido
799 2505 1303 2575 superabundante.
1353 2503 1613 2573 paralysis
1657 2510 1711 2556 et
1756 2511 2015 2555 tremores

428 2606 484 2650 et
502 2596 789 2665 apoplexiaz
809 2604 865 2650 et
886 2594 1149 2649 innumeri
1174 2592 1347 2646 morbi
1380 2593 1677 2659 pariuntur,
1704 2601 1759 2644 et
1797 2589 2014 2641 omnino

428 2700 651 2755 qumque
697 2686 1065 2753 tegritndinum
1114 2683 1279 2737 forma
1308 2683 1376 2736 ab
1405 2684 1595 2735 borum
1625 2681 2012 2733 elementorum

429 2774 904 2843 sttperabuudantia
932 2776 1187 2837 nascitur,
1207 2772 1420 2841 quando
1450 2786 1613 2824 unum
1641 2786 1703 2823 ev
1735 2770 1862 2838 ipsis
1894 2783 2015 2838 pro-

430 2867 575 2935 prius
624 2864 888 2919 excedens
941 2866 1233 2928 terminos,
1278 2872 1464 2917 contra
1512 2862 1615 2915 alia
1671 2860 2018 2930 insurgit,et

431 2970 645 3010 onlnem
679 2953 825 3008 ltedit
849 2955 1229 3024 symmetriam.

504 3044 725 3098 Mundus
742 3046 848 3099 sine
866 3044 958 3097 Dei
974 3046 1281 3115 providentia
1309 3054 1442 3098 stare
1467 3043 2007 3114 nequit.—lntcrroga

432 3136 593 3207 igitur
607 3137 895 3199 dicentem,
913 3136 1052 3205 quod
1078 3151 1169 3204 per
1203 3152 1261 3189 se.
1290 3147 1410 3188 nata
1429 3137 1632 3200 omnia,
1653 3151 1749 3204 per
1762 3150 1822 3188 se
1839 3136 2013 3188 subsi-

429 3235 587 3281 stant.
603 3227 657 3281 Si
676 3228 836 3281 breve
853 3226 954 3280 huc
976 3237 1028 3280 et
1048 3226 1311 3280 modicum
1331 3240 1522 3295 corpus
1548 3225 2011 3288 medicaminibus,

429 3326 481 3371 et
500 3316 798 3371 mediciuali
837 3316 1057 3369 scientia
1078 3325 1253 3377 utens,
1283 3316 1695 3371 animainterius
1714 3314 2016 3386 ipsumdis-

431 3410 667 3470 ponente
722 3420 785 3458 ac
806 3405 968 3457 multa
987 3403 1318 3473 philosophia
1336 3412 1390 3458 et
1406 3404 1880 3459 innumerabilibus
1894 3404 2017 3459 aliis

428 3492 652 3555 auxiliis,
676 3509 781 3547 non
800 3509 1015 3563 semper
1030 3495 1080 3548 in
1100 3494 1243 3549 bono
1261 3503 1397 3549 statu
1420 3510 1729 3564 permanere
1745 3494 1904 3559 valet,
1923 3494 2017 3549 sed

429 3583 629 3648 peritet
651 3583 1010 3650 corrumpitur
1036 3584 1252 3652 smpius,
1283 3586 1581 3640 turbatione
1600 3586 1650 3639 in
1688 3586 1804 3654 ipso
1834 3583 1971 3639 facta
2001 3601 2015 3637 ε

429 3672 691 3738 quomodo
709 3679 884 3724 tantus
900 3672 1328 3736 mundus,tantas
1340 3672 1832 3744 habenscorporum
1851 3675 2019 3728 moles

430 3768 483 3813 et
500 3775 565 3813 ex
582 3759 765 3813 iisdem
781 3761 1106 3829 compositus
1119 3762 1418 3825 elementis,
1439 3764 1538 3817 nisi
1557 3764 1719 3816 multa
1741 3764 2017 3832 providen-

432 3849 504 3903 tia
521 3848 951 3912 frueretur,tanto
970 3859 1208 3920 tempore
1241 3852 1654 3920 imperturbatus
1669 3868 1885 3907 manere
1921 3868 2015 3922 po-

434 3943 661 3996 tuisset?
700 3942 804 3995 Nec
823 3945 962 3997 enim
990 3958 1110 3997 cum
1138 3944 1345 3999 ratione
1375 3946 1486 4001 fieri
1527 3956 1727 4015 posset,
1757 3956 1812 3999 ιιι
1838 3947 2013 4016 provi-

432 4031 663 4084 dentiam
693 4031 900 4099 quidem
936 4032 1138 4087 habens
1180 4034 1400 4089 interius
1436 4044 1491 4088 et
1514 4036 1749 4090 exterius
1775 4046 2013 4090 nostrum

433 4136 647 4189 corpus,
679 4124 761 4174 vix
804 4122 867 4174 ad
911 4124 989 4174 sui
1016 4126 1476 4179 conservationem
1509 4125 1804 4192 subiceret;
1840 4134 2016 4182 tantus

434 4228 563 4266 vero
577 4215 807 4268 mnmlus
824 4216 960 4267 nulla
981 4215 1159 4269 fruens
1182 4218 1510 4285 providentia
1536 4235 1631 4289 per
1652 4230 1729 4274 tot
1749 4236 1920 4275 annos
1942 4222 2017 4277 nil

434 4306 538 4358 tale
569 4316 835 4372 pateretur
858 4308 1007 4375 quale
1026 4323 1220 4374 corpus
1241 4320 1502 4363 nostrum.
1546 4312 1827 4379 Quomodo
1871 4315 2013 4367 enim

435 4397 637 4450 nullum
664 4399 851 4453 horum
884 4401 1261 4454 elementorum
1286 4441 1301 4465 ,
1330 4417 1534 4468 quzeso,
1565 4405 1811 4471 proprios
1836 4414 2013 4458 trans-

434 4488 1003 4552 cemlitterminos,ncc
1047 4494 1245 4559 reliqua
1284 4492 1461 4545 omnia
1494 4494 1863 4562 consumpsit?
1892 4496 2013 4563 quis

435 4594 559 4632 vero
611 4580 719 4646 ipsa
770 4585 837 4635 ab
884 4584 1031 4637 initio
1070 4584 1386 4652 conjunxit?
1420 4584 1541 4653 quis
1588 4584 1861 4640 devinxit?
1894 4587 2012 4655 quis

436 4669 693 4722 frenavit?
718 4674 845 4740 quis
874 4691 1041 4744 usque
1085 4675 1134 4728 in
1187 4684 1387 4728 tantum
1420 4688 1626 4745 tempus
1653 4679 1926 4732 continet?
1956 4679 2013 4734 Si

434 4761 572 4814 enim
596 4759 817 4827 simplex
845 4774 894 4816 et
927 4766 1191 4819 uniforme
1219 4767 1403 4820 fuisset
1434 4768 1612 4821 nttmdi
1644 4784 1864 4836 corpus,
1904 4785 2008 4823 non

436 4862 540 4903 tam
568 4850 899 4916 impossibile
940 4853 1126 4910 fuisset
1153 4858 1293 4926 quod
1335 4858 1560 4922 dicitur;
1594 4859 1805 4928 quando
1833 4869 2010 4914 autem

437 4948 577 4992 tanta
605 4940 989 4995 elementorum
1019 4960 1190 5013 pugna
1223 4949 1318 5002 fuit
1350 4948 1418 5003 ab
1447 4950 1613 5013 initio,
1637 4951 1753 5017 quis
1780 4959 1885 5005 tam
1916 4950 2011 5005 de-

436 5046 604 5090 mens,
636 5039 692 5083 ut
720 5039 868 5098 putet
891 5034 1010 5086 sine
1051 5049 1275 5104 cogente
1303 5040 1417 5094 hac
1463 5057 1557 5110 per
1594 5057 1651 5096 se
1680 5043 2010 5107 convenisse,

433 5131 486 5177 et
513 5121 788 5188 conjuncta
812 5123 1108 5177 mansisse?
1134 5127 1186 5179 Si
1228 5130 1366 5181 enim
1400 5147 1498 5186 nos
1531 5149 1633 5186 non
1676 5142 1858 5187 natura
1880 5173 1895 5199 ,
1921 5133 2015 5189 sed

437 5214 702 5266 voluntate
721 5212 860 5266 male
888 5223 1070 5266 mutuo
1089 5215 1263 5269 affecti
1295 5230 1485 5285 Sponte
1512 5238 1614 5275 non
1645 5224 2013 5289 convenimus,

436 5304 601 5359 donec
625 5316 899 5356 manemus
927 5303 1123 5359 inimici
1160 5316 1214 5360 ct
1241 5309 1447 5363 oﬂ'enso
1484 5311 1552 5363 ab
1582 5312 1806 5368 invicem
1833 5314 2012 5367 animo

434 5398 778 5458 dissidemus;
808 5395 901 5449 sed
928 5398 1100 5454 altero
1128 5399 1420 5469 indigemus
1446 5404 1537 5470 qui
1568 5419 1664 5457 nos
1706 5406 2013 5475 eonjungat,

434 5498 489 5543 et
515 5496 785 5556 postquam
824 5486 1188 5555 coniunxerit,
1219 5490 1542 5558 constringat
1573 5506 1627 5545 et
1654 5494 1704 5545 in
1746 5510 1877 5564 pace
1905 5512 2017 5549 ma-

434 5595 561 5634 nere
602 5575 911 5648 persuadeat
936 5617 950 5638 ,
988 5594 1158 5649 neque
1198 5598 1405 5635 rursum
1439 5582 1645 5636 resilire
1675 5600 1687 5635 :
1721 5601 1828 5653 quo
1856 5588 2016 5640 modo

432 5669 690 5724 elementa
723 5683 891 5736 neque
926 5668 1131 5724 ratione
1156 5689 1330 5744 neque
1355 5690 1513 5729 sensu
1545 5674 1654 5729 ttllo
1681 5679 1921 5743 pratdita,
1952 5696 2014 5735 ac

430 5761 533 5821 sibi
551 5779 644 5835 per
670 5772 904 5817 naturam
928 5762 1133 5819 inimica
1151 5769 1944 5839 etadversantia,convcuisscnt
1958 5782 2011 5826 et

1422 399 1513 452 AD
1551 394 1872 451 l’UPULUM
1914 389 2398 446 ANTIOCIIENUM
2465 385 2692 442 llOMlL.
2738 384 2802 439 X.

3609 381 3707 437 114

2121 515 2405 569 congressa
2426 500 2727 562 fuissent,et
2744 497 2965 551 alterum
2981 512 3100 551 cum
3114 496 3281 551 altero
3293 494 3586 563 potuissent
3600 508 3707 561 per.

2123 592 2468 656 mancre,nisi
2485 591 2719 661 potentia
2732 590 2973 660 quoidam
2992 600 3132 644 esset
3147 588 3563 649 ineﬂ'abilis,qu:e
3579 600 3684 639 con
3699 617 3712 624 -

2119 695 2384 755 gregaret,
2408 692 2461 737 et
2477 691 2794 751 congregata
2826 698 3034 750 semper
3052 682 3153 735 hoc
3176 680 3385 734 vinculo
3404 679 3706 734 cohiberet"

2191 776 2243 830 3.
2286 774 2400 827 Non
2431 774 2607 826 cernis
2628 772 2895 842 quomodo
2921 787 3113 840 corpus
3134 771 3236 826 hoc
3263 771 3439 824 anima
3462 769 3706 823 avolanle

2120 864 2303 919 deﬂuit
2342 872 2398 918 et
2435 862 2678 925 tabescit,
2709 873 2761 917 et
2787 862 3058 931 perditur,
3081 863 3208 915 etin
3253 876 3406 915 suam
3459 858 3706 928 quodque

2120 956 2507 1009 elementorum
2540 954 2823 1008 revertitur
2849 952 3093 1008 sortem?
3126 952 3233 1004 lloc
3268 952 3441 1020 ipsum
3471 948 3708 1019 profecto

2122 1047 2245 1099 etin
2273 1045 2373 1097 hoc
2405 1044 2557 1097 fieret
2584 1042 2804 1107 mttndo,
2842 1044 2885 1095 si
2917 1044 3086 1095 virtus
3120 1051 3373 1110 perpetuo
3405 1041 3708 1107 gubernans

2120 1138 2291 1206 ipsum
2321 1136 2628 1204 reliquisset
2675 1136 2882 1202 pr0pria
2929 1136 3243 1188 destitutum
3268 1132 3619 1202 providentia.
3654 1130 3708 1181 Si

2118 1230 2258 1282 enim
2290 1228 2555 1296 navigiqu
2587 1228 2704 1279 sine
2726 1226 3077 1294 gubernatore
3107 1241 3209 1278 non
3243 1223 3555 1294 persisteret
3576 1262 3591 1284 ,
3616 1221 3708 1272 sed

2119 1318 2271 1373 facile
2324 1321 2763 1389 submergeretnr
2812 1321 3132 1388 :quomodo
3191 1329 3395 1373 tantum
3451 1318 3710 1385 temporis

2118 1409 2431 1464 sltbsisteret
2466 1409 2695 1464 mundus
2720 1410 3054 1479 gubernante
3105 1410 3359 1463 nemine?
3389 1408 3455 1462 Et
3489 1422 3555 1461 ne
3582 1405 3707 1475 quid

2120 1500 2237 1569 plus
2275 1502 2466 1566 dicam,
2499 1502 2766 1572 navigium
2814 1501 3069 1556 mundum
3110 1516 3230 1555 esse
3262 1509 3405 1570 puta,
3471 1500 3707 1553 carinam

2120 1592 2444 1660 suppositam
2478 1601 2696 1657 terram,
2725 1593 2901 1648 velum
2932 1593 3143 1651 ctehmt,
3177 1600 3417 1646 vectores
3444 1590 3708 1655 homines,

2121 1696 2268 1736 mare
2290 1684 2581 1753 subjectam
2610 1686 2856 1756 abyssum
2894 1704 2907 1741 :
2939 1685 3211 1756 quomodo
3239 1684 3397 1753 igitur
3414 1693 3559 1736 tanto
3586 1698 3709 1735 nau-

2121 1774 2341 1843 fragium
2392 1786 2630 1843 tempore
2650 1794 2755 1832 non
2784 1788 2865 1832 est
2896 1777 3140 1833 factum?
3185 1776 3400 1831 Dimitte
3426 1775 3572 1830 enim
3612 1789 3711 1827 na-

2121 1864 2316 1933 vigium
2342 1879 2435 1933 per
2463 1864 2604 1919 diem
2636 1883 2794 1919 unum
2818 1869 3018 1936 absque
3034 1867 3394 1937 gubernatore
3433 1874 3488 1919 et
3515 1863 3711 1925 nautis,

2121 1964 2177 2008 et
2206 1955 2384 2007 statim
2416 1955 2753 2009 submersum
2785 1957 3029 2020 videbis;
3062 1957 3155 2011 sed
3180 1957 3409 2009 mundus
3441 1954 3545 2009 tale
3578 1952 3710 2007 nihil

2122 2059 2310 2113 passus
2341 2053 2443 2111 est,
2474 2045 2709 2114 quinque
2734 2046 2898 2100 millia
2918 2057 2971 2098 et
3001 2048 3169 2100 multo
3191 2047 3307 2114 plus
3347 2045 3457 2114 jam
3501 2045 3708 2098 habens

2120 2150 2403 2189 annorum.
2458 2136 2524 2190 Et
2564 2137 2691 2205 quid
2730 2137 2852 2191 dico
2900 2138 3199 2206 navigium?
3244 2138 3481 2192 casulam
3520 2136 3712 2205 aliquis

2122 2239 2342 2293 parvam
2370 2226 2421 2279 in
2456 2226 2622 2281 \iﬂCiS
2648 2227 2934 2297 compegit,
2967 2236 3021 2281 et
3044 2226 3213 2281 fructu
3240 2228 3415 2282 ablato
3443 2227 3710 2283 desertam

2123 2315 2358 2384 reliquit,
2392 2326 2445 2369 et
2466 2332 2640 2384 neque
2663 2316 2801 2372 duos
2826 2331 2969 2383 Saepe
2998 2316 3116 2371 dies
3141 2326 3445 2385 permanet,
3470 2317 3564 2372 sed
3597 2316 3709 2370 sol-

2121 2406 2261 2460 vitnr
2300 2416 2356 2459 et
2395 2406 2542 2461 brevi
2585 2408 2745 2462 cadit.
2784 2408 2948 2475 Igitur
2975 2407 3237 2477 tugurium
3259 2407 3473 2477 quidem
3506 2406 3711 2473 absque

2124 2496 2438 2566 providente
2465 2513 2569 2551 non
2596 2506 2791 2560 staret;
2816 2509 3059 2551 creatura
3095 2513 3226 2551 vero
3263 2506 3429 2563 tanta,
3452 2508 3559 2551 tam
3592 2497 3711 2566 pul-

2116 2588 2266 2653 chra,
2300 2598 2406 2640 tam
2434 2587 2720 2652 mirabilis,
2750 2598 2805 2641 et
2831 2588 2972 2657 leges
3002 2589 3177 2642 noctis
3202 2597 3258 2643 et
3281 2588 3387 2642 diei
3411 2629 3427 2651 ,
3470 2587 3710 2641 alterna-

2118 2693 2340 2747 rumque
2361 2678 2611 2731 horarum
2630 2678 2845 2732 chorea:
2870 2720 2885 2743 ,
2919 2688 2972 2733 et
3008 2688 3210 2733 natura:
3236 2693 3430 2733 cursus
3454 2678 3632 2732 varius
3659 2686 3713 2733 et

2121 2769 2459 2823 omnimodas
2490 2769 2542 2822 in
2569 2777 2731 2831 terra,
2767 2769 2816 2821 in
2847 2769 3004 2833 mari,
3037 2784 3186 2833 aere,
3213 2769 3348 2823 coelo
3372 2810 3388 2834 ,
3415 2777 3473 2823 et
3498 2768 3711 2837 plantis,

2121 2866 2177 2913 et
2226 2858 2544 2912 animalibus
2584 2859 2912 2923 volantibus,
2958 2857 3288 2923 naLatilibtts,
3327 2857 3711 2927 gradientibus,

2121 2951 2489 3019 serpentibus,
2522 2960 2573 3003 et
2595 2949 2647 3002 in
2677 2949 2947 3003 hominum
2979 2964 3177 3018 genere
3204 2950 3453 3004 omnibus
3487 2949 3591 3003 illis
3617 2949 3700 3002 dio

2117 3041 2324 3110 gniore,
2354 3049 2558 3094 tantum
2592 3040 2847 3107 temporis
2889 3039 3089 3108 absque
3145 3039 3320 3108 aliqua
3367 3039 3703 3107 providentia

2116 3130 2319 3183 stabilis
2348 3129 2767 3197 permansisset?
2826 3128 3092 3183 Praeterea
3143 3138 3321 3183 mente
3364 3128 3497 3182 mihi
3552 3140 3707 3199 prata

2118 3235 2394 3289 percurre,
2427 3220 2634 3281 hortos,
2674 3219 2865 3275 ﬂorum
2914 3236 3133 3288 genera,
3179 3220 3371 3275 herbas
3413 3234 3632 3281 omnes.
3659 3228 3712 3273 et

2120 3327 2305 3365 earum
2334 3327 2493 3377 usus,
2524 3311 2943 3365 suaveolentiam
2964 3352 2977 3374 ,
3006 3313 3201 3379 liguras
3225 3351 3241 3375 ,
3270 3312 3431 3364 situm
3453 3352 3469 3376 ,
3496 3309 3710 3364 nomina

2120 3411 2350 3467 tantum,
2375 3402 2596 3455 arbores
2634 3401 2931 3455 fructuosas
2952 3410 3004 3455 et
3042 3400 3398 3455 infructuosas
3425 3442 3440 3463 ,
3469 3400 3713 3455 metallo-

2122 3508 2241 3546 rum
2299 3502 2564 3556 naturam,
2609 3491 2910 3545 animalium
2964 3492 3297 3554 terrestiunt,
3347 3489 3708 3556 marinormn,

2125 3584 2442 3648 nauttilium,
2474 3598 2566 3650 per
2590 3597 2766 3635 aerem
2791 3582 3098 3646 meantium,
3131 3591 3341 3635 montes
3363 3621 3379 3645 ,
3402 3580 3601 3644 saltus,
3626 3580 3708 3632 Iu-

2122 3692 2234 3740 eos,
2262 3675 2481 3730 inferius
2510 3683 2717 3743 pratum
2738 3715 2752 3738 ,
2794 3673 3038 3743 superius
3080 3681 3307 3741 pratum,
3335 3680 3417 3726 est
3463 3670 3608 3726 enim
3654 3670 3709 3726 in

2123 3775 2261 3819 terra
2289 3776 2523 3835 ptatum,
2546 3774 2599 3819 et
2629 3764 2681 3817 in
2710 3771 2846 3818 cano
2863 3774 3093 3832 pratum,
3124 3763 3359 3817 siderum
3384 3761 3512 3815 varii
3532 3761 3710 3825 ﬂores,

2119 3856 2338 3910 inferius
2364 3871 2520 3919 rosas,
2553 3854 2795 3923 superius
2822 3854 2935 3907 iris.
2986 3853 3078 3907 Vis
3100 3862 3149 3907 et
3177 3854 3229 3907 in
3249 3852 3435 3908 avibus
3461 3852 3553 3905 tibi
3592 3868 3705 3921 pra-

2119 3956 2229 3999 tum
2257 3946 2618 4000 demonstrem
2641 3945 2665 3997 ?
2701 3944 2980 3998 considera
3012 3945 3231 4012 pavonis
3252 3958 3447 4013 corpus
3468 3943 3670 3996 varium
3689 3984 3705 4008 ,

2119 4048 2174 4093 et
2202 4054 2414 4092 onmem
2446 4038 2710 4091 excedens
2754 4037 3037 4091 tincturam
3060 4076 3074 4099 ,
3106 4045 3564 4105 purpurantesque
3600 4035 3709 4086 avi.

2121 4132 2287 4185 Cnlas.
2329 4130 2508 4199 Cogita
2533 4129 2661 4183 mihi
2683 4130 2799 4184 cudi
2822 4128 3287 4198 pulchritudinem,
3308 4138 3559 4196 quantum
3582 4139 3710 4179 ten»

2122 4224 2266 4294 poris
2286 4224 2391 4291 agit
2418 4263 2432 4285 ,
2466 4238 2564 4276 nec
2589 4222 2902 4277 offuscalum
2929 4232 3046 4285 est,
3078 4222 3171 4275 sed
3200 4222 3343 4275 velut
3368 4221 3525 4275 hodie
3552 4221 3711 4275 fabri-

2121 4324 2320 4377 catmn,
2372 4314 2443 4367 ita
2496 4323 2579 4368 est
2624 4314 2799 4367 nitens
2823 4322 2879 4368 et
2906 4313 3242 4382 splendidum
3283 4331 3295 4365 :
3332 4323 3489 4367 terrm
3529 4323 3711 4366 uterus

2120 4412 2325 4456 tantum
2352 4414 2562 4472 tempus
2589 4405 2821 4472 pariens,
2848 4403 3117 4473 quomodo
3138 4419 3242 4457 non
3264 4403 3532 4457 hebetavit
3548 4404 3712 4458 virtu-

2122 4503 2229 4547 tem
2251 4510 2426 4547 suam.
2485 4495 2668 4565 Cogita
2697 4497 2827 4550 mibi
2859 4496 3031 4550 fontes
3054 4537 3070 4562 ,
3101 4495 3367 4565 quomodo
3390 4497 3708 4559 scaturiunt,

2117 4595 2170 4639 et
2197 4600 2301 4638 non
2322 4584 2638 4639 defecerunt
2662 4601 2729 4639 ex
2748 4601 2855 4654 quo
2884 4585 3007 4640 facti
3027 4594 3185 4651 sunt,
3211 4586 3406 4655 jugiter
3436 4598 3711 4639 manantes

2119 4674 2306 4729 diebus
2334 4682 2391 4729 et
2416 4674 2658 4727 noctibus
2681 4691 2695 4725 :
2726 4675 2899 4741 cogita
2927 4690 3075 4729 mare
3093 4715 3110 4739 ,
3133 4685 3265 4744 quot
3295 4675 3509 4729 ﬂtttnina
3540 4677 3709 4729 susci—

2119 4766 2273 4834 piens
2302 4779 2607 4818 mensuram
2638 4778 2744 4817 non
2783 4763 3041 4817 excessit.
3076 4764 3182 4818 Sed
3210 4781 3489 4835 quousque
3514 4766 3710 4819 incom-

2118 4857 2491 4929 prehensibilia
2518 4856 2828 4911 sectamur?
2852 4856 2906 4909 in
2933 4866 3350 4911 memoratarum
3380 4858 3602 4927 singulis
3623 4858 3709 4910 di-

2119 4964 2243 5004 cere
2268 4964 2365 5017 par
2388 4957 2473 5003 est
2504 4966 2519 5001 :
2557 4948 2726 5016 Quam
2747 4949 3077 5020 magniﬁcam
3095 4958 3209 5001 sunt
3233 4965 3387 5019 opera
3403 4959 3509 5009 tua,
3539 4949 3707 5002 Domic

2119 5056 2224 5095 ne:
2259 5041 2431 5094 omnia
2455 5057 2509 5094 in
2555 5042 2801 5111 sapientia
2833 5040 2995 5109 fecisti
3019 5039 3243 5106 (Psulin.
3293 5042 3415 5094 105.
3466 5038 3579 5111 25).
3604 5039 3714 5093 Sed

2122 5130 2250 5202 quid
2274 5131 2342 5187 ad
2371 5131 2486 5188 haec
2510 5132 2683 5186 solent
2703 5131 2946 5187 infideles
2972 5131 3172 5197 dicere,
3204 5132 3412 5200 quoties
3435 5132 3562 5199 ipsis
3575 5147 3711 5183 como

2126 5239 2489 5281 memoramus
2510 5223 2923 5294 magnitudinem
2948 5223 3130 5278 mundi
3147 5222 3716 5287 ,ornstum,abundan-

2124 5318 2274 5379 tiam,
2305 5316 2512 5384 c0piam
2537 5316 2588 5368 in
2608 5314 2899 5369 omnibus?
2929 5314 3041 5367 Hoc
3064 5314 3261 5382 ipsum,
3293 5314 3559 5382 inquiunt,
3594 5329 3715 5367 ma-

2125 5407 2265 5459 xima
2288 5405 2530 5459 criminis
2549 5413 2632 5459 est
2659 5418 2836 5465 causa,
2864 5403 3008 5471 quod
3056 5411 3165 5456 tam
3190 5402 3473 5472 pulchrum
3509 5414 3563 5459 et
3601 5420 3715 5457 ma-

2127 5513 2286 5567 gnum
2342 5495 2470 5551 fecit
2516 5496 2652 5550 Deus
2694 5494 3108 5549 munoumznisi
3162 5495 3307 5548 enim
3355 5512 3603 5566 magnum
3658 5502 3714 5549 et

2125 5588 2402 5657 pulchrum
2436 5587 2665 5651 fecisset,
2693 5599 2797 5639 non
2820 5585 2993 5653 ipsum
3023 5584 3183 5640 deum
3210 5585 3555 5652 fecissemus;
3576 5599 3713 5640 nunc

2124 5695 2249 5733 vero
2277 5679 2633 5747 magnitudine
2660 5678 2909 5746 perculsi,
2945 5687 3001 5733 et
3049 5678 3219 5748 ipsius
3265 5679 3711 5751 pulchritudinem

2122 5770 2387 5836 admirati,
2420 5769 2593 5839 ipsum
2622 5768 2781 5826 deum
2800 5784 2921 5826 csse
2947 5770 3272 5840 putavimus.
3313 5771 3419 5827 Sed
3452 5777 3711 5824 vanusest
