4414 6678
712 502 815 557 115

704 610 790 663 hie
820 623 998 663 sermo
1032 607 1213 676 :quotl
1238 608 1381 663 enim
1413 622 1584 675 neque
1621 602 1927 673 magnitudo
1949 617 2048 656 nec
2070 610 2289 656 ornatus

705 699 997 767 ttupietatis
1044 698 1113 752 sit
1161 714 1351 761 causa,
1381 697 1473 750 sed
1502 695 1712 748 illorum
1745 694 2063 762 ignorantia,
2092 706 2191 745 nos
2217 688 2290 743 nil

704 791 805 843 tale
836 789 977 859 passi
1003 788 1357 844 declaraums.
1397 788 1509 852 Qua
1562 786 1705 838 enim
1743 783 1811 838 de
1849 797 2010 837 causa
2069 796 2167 836 nos
2191 779 2289 847 ipsi

700 879 912 933 divinos
943 878 1177 933 honores
1206 893 1309 929 non
1333 873 1711 929 decrevimus?
1738 887 1915 925 nonne
1947 870 2132 925 iisdem
2157 882 2289 923 ocu-

702 968 767 1022 Ιίκ
793 970 967 1038 ipsum
991 966 1321 1037 aspicimus?
1357 979 1534 1018 nonne
1557 963 1747 1018 eadem
1774 978 1840 1018 ex
1870 961 2141 1016 creatione
2166 973 2290 1027 per-

700 1060 931 1130 cipimus
952 1074 1071 1129 quaa
1093 1057 1206 1112 illi?
1240 1071 1417 1110 nonne
1446 1053 1689 1110 eamdem
1721 1053 1952 1107 animam
1992 1049 2245 1105 habemus
2265 1046 2291 1099 ?

704 1166 884 1205 nonne
909 1149 1047 1204 idem
1084 1162 1282 1217 corpus
1304 1144 1675 1215 possidemus?
1696 1157 1875 1198 nonne
1896 1138 2137 1196 eamdem
2179 1136 2289 1191 cal-

705 1254 891 1295 cautus
926 1238 1173 1294 tellurem
1191 1237 1217 1291 ?
1239 1252 1347 1306 quo
1367 1234 1527 1290 modo
1557 1232 1891 1304 pulchritudo
1911 1240 1965 1285 et
1984 1227 2292 1299 magnitudo

704 1345 803 1385 nos
828 1329 1014 1385 eadem
1040 1343 1162 1383 cum
1194 1327 1299 1381 illis
1330 1326 1532 1381 sentire
1567 1340 1672 1378 non
1699 1319 1996 1393 persuasit?
2028 1318 2139 1373 Nec
2169 1318 2291 1372 hinc

704 1434 834 1473 vero
861 1427 1065 1472 tantum
1115 1417 1220 1472 hoc
1248 1417 1420 1486 palam
1456 1416 1580 1480 erit,
1606 1413 1699 1469 scd
1753 1421 1809 1467 et
1854 1409 2090 1465 aliunde.
2138 1408 2290 1479 Quod

700 1512 845 1567 enim
876 1525 983 1563 non
1014 1518 1234 1580 propter
1258 1506 1703 1579 pulchritudinem
1743 1504 1916 1572 ipsum
1945 1515 2293 1555 consecrave-

702 1600 830 1665 rint,
855 1598 949 1654 sed
972 1599 1043 1653 ob
1072 1599 1337 1668 propriam
1380 1596 1676 1657 stultitiam,
1705 1591 1887 1645 dicant
1927 1590 2139 1645 simiam
2180 1605 2285 1658 qua

702 1692 772 1744 de
792 1706 951 1745 causa
981 1690 1358 1753 adoraverunt,
1381 1685 1727 1747 crocodilum,
1745 1696 1960 1747 canem,
1986 1680 2291 1734 animalium

701 1780 993 1833 vilissima?
1021 1779 1155 1833 Vere
1184 1776 1511 1830 Evanuerunt
1543 1777 1596 1827 in
1648 1772 2035 1842 cogitationibus
2079 1770 2185 1823 suis
2203 1809 2217 1830 ,
2247 1777 2293 1820 rt

704 1871 1077 1925 obtenebratum
1096 1878 1168 1923 est
1192 1868 1433 1936 insipiens
1460 1882 1549 1919 cur
1575 1880 1751 1918 eorum
1784 1880 1803 1917 :
1838 1863 2057 1915 dicentes
2084 1861 2215 1912 enim
2244 1876 2295 1911 se

704 1978 813 2015 esse
829 1964 1097 2029 sapientes,
1129 1958 1269 2012 stulti
1290 1958 1411 2028 [acti
1450 1966 1567 2010 sunt
1610 1954 1785 2024 (Rom.
1820 1955 1872 2006 1.
1902 1952 1992 2005 21.
2034 1950 2150 2016 22).
2186 1949 2290 2001 Ve-

702 2061 1002 2107 rumtamen
1034 2065 1139 2103 non
1168 2066 1233 2103 es
1267 2049 1350 2101 liis
1381 2058 1584 2100 tantum
1612 2042 2069 2113 respondebimus,
2096 2039 2190 2093 sed
2235 2046 2291 2091 et

702 2144 847 2199 aliud
872 2142 997 2211 quid
1029 2141 1260 2211 amplius
1282 2142 1539 2194 dicemus.

774 2234 827 2288 ι.
870 2234 995 2287 llarc
1037 2232 1181 2286 enim
1210 2232 1349 2284 Deus
1374 2230 1500 2283 olim
1533 2224 1829 2295 praevidens
1849 2264 1863 2284 ,
1897 2231 1952 2276 et
1979 2222 2115 2275 hanc
2162 2219 2293 2287 ipsis

704 2339 891 2379 ansam
909 2322 1203 2377 secundum
1224 2320 1533 2389 sapientiam
1555 2330 1706 2370 suam
1726 2314 1939 2368 sustulit
1966 2330 1980 2365 :
2013 2319 2292 2380 propterea

706 2432 812 2470 non
841 2424 1044 2468 tantum
1076 2411 1368 2467 mirabilem
1398 2418 1453 2463 et
1480 2423 1728 2477 magnum
1747 2406 1873 2460 fecit
1900 2404 2175 2466 ntundum,
2196 2400 2291 2455 sed

705 2516 760 2559 et
787 2503 1185 2573 curruptibilem
1215 2510 1271 2556 et
1315 2498 1755 2561 marceseibilem,
1782 2505 1836 2549 et
1858 2496 2024 2564 ipsius
2054 2492 2293 2546 imbecil-

708 2594 876 2647 litatis
926 2593 1125 2647 multas
1180 2591 1403 2645 inseruit
1440 2586 2030 2643 demonstrationes:et
2056 2581 2199 2651 quod
2237 2580 2289 2633 in

709 2682 968 2751 apostolis
996 2682 1119 2736 fecit
1139 2721 1154 2744 ,
1186 2680 1285 2733 hoc
1308 2687 1361 2733 et
1386 2678 1437 2730 in
1465 2683 1575 2729 toto
1609 2672 1828 2728 mundo.
1869 2671 2005 2738 Quid
2031 2678 2210 2724 autem
2238 2668 2291 2722 in

706 2773 965 2841 apostolis
1013 2769 1175 2824 fecit?
1223 2767 1485 2834 Quoniam
1532 2766 1680 2834 signa
1710 2762 1873 2817 multa
1911 2760 2209 2823 faciebant,
2238 2767 2295 2811 et

710 2862 961 2916 miracula
992 2874 1178 2929 magna
1204 2869 1259 2913 et
1285 2856 1568 2917 mirabilia,
1615 2856 1761 2924 ipsos
1811 2860 1987 2905 tamen
2022 2865 2165 2918 stupe
2207 2848 2295 2903 lla-

711 2955 896 3025 gcllari
946 2952 1207 3023 penuisit,
1252 2951 1396 3019 pelli,
1424 2961 1689 3002 carcerem
1745 2944 1983 2999 habitare
2009 2983 2025 3007 ,
2054 2942 2295 3011 corporis

716 3046 935 3101 morbos
961 3044 1139 3097 subire
1161 3082 1177 3107 ,
1210 3043 1260 3094 in
1286 3039 1552 3095 continuis
1574 3053 1693 3092 esse
1733 3033 2155 3090 tribulationibus
2177 3073 2193 3097 ,
2225 3047 2294 3086 uc

713 3137 985 3205 signoruni
1012 3130 1315 3202 magnitudo
1342 3129 1471 3183 deos
1501 3128 1643 3196 ipsos
1670 3125 1808 3195 apud
1846 3124 2089 3178 honunes
2116 3120 2291 3191 putari

713 3228 943 3295 lact-ret;
986 3231 1284 3292 propterea,
1320 3230 1518 3274 tantam
1557 3213 1777 3287 largitus
1824 3215 2070 3284 gratiam,
2099 3227 2294 3280 corpus

710 3330 831 3371 esse
847 3316 1071 3369 mortale
1088 3313 1349 3384 permisit,
1363 3310 1542 3365 multis
1558 3324 1684 3364 vero
1700 3306 2140 3363 valetudinarium
2161 3319 2176 3366 ;
2195 3318 2296 3357 nec

714 3407 951 3474 ipsorum
978 3404 1337 3458 inﬁnnitatem
1369 3400 1613 3463 mutavit,
1635 3409 1691 3452 ut
1714 3408 1955 3452 naturam
1984 3396 2294 3448 insinuaret.

710 3497 823 3552 Nec
850 3510 1001 3549 meus
1041 3494 1125 3547 hic
1154 3507 1331 3547 sermo
1351 3532 1366 3556 ,
1396 3491 1491 3545 sed
1540 3490 1704 3560 ipsius
1734 3488 1881 3542 Pauli
1918 3487 1995 3541 sic
2020 3485 2245 3540 dicentis
2278 3500 2293 3536 :

713 3587 779 3641 Si
805 3586 937 3639 enim
964 3583 1173 3655 gloriari
1192 3581 1395 3635 uoluero
1420 3621 1435 3644 ,
1481 3596 1583 3633 non
1612 3594 1697 3633 ero
1717 3577 1992 3645 insipiens;
2018 3591 2170 3645 parco
2194 3591 2293 3626 au-

717 3687 836 3739 tem,
860 3690 923 3728 ne
954 3674 1065 3742 quis
1107 3673 1161 3726 iu
1200 3686 1281 3725 me
1310 3679 1447 3738 putet
1476 3684 1632 3738 supra
1656 3666 1791 3736 quod
1816 3665 1968 3729 uidet,
2019 3665 2096 3718 uel
2149 3663 2293 3716 audit

716 3767 910 3838 aliquid
930 3783 992 3820 ex
1010 3782 1089 3819 me
1113 3763 1315 3833 (λαστ.
1342 3762 1428 3816 η.
1455 3762 1534 3831 6);
1554 3769 1607 3815 et
1635 3774 1845 3813 rursum
1868 3776 1882 3812 :
1908 3756 2166 3811 Habemus
2195 3771 2294 3809 au-

714 3869 814 3913 tem
842 3860 1131 3912 thesaurum
1154 3857 1287 3909 hunc
1311 3855 1363 3908 in
1384 3855 1513 3908 vasis
1533 3852 1769 3921 ﬁctilibus
1789 3847 2047 3919 (icorJ.
2057 3848 2134 3919 7).
2157 3847 2293 3918 Quid

713 3961 894 4006 autem
923 3958 1025 4014 est,
1059 3948 1127 4001 In
1150 3948 1280 4002 uasis
1304 3943 1579 4015 ﬁctilibus?
1605 3942 1660 3997 ln
1684 3956 1911 4011 corpore
1939 3940 2061 4003 hoc,
2100 3940 2291 4009 inquit,

716 4040 929 4097 mortali
974 4050 1028 4095 et
1054 4036 1403 4108 corruptibili.
1448 4036 1598 4092 Sicut
1636 4034 1779 4090 enim
1809 4042 1942 4086 testa
1977 4048 2043 4085 ex
2090 4031 2202 4085 luto
2240 4040 2295 4084 et

714 4133 836 4204 igne
862 4132 915 4185 lit
946 4131 1062 4186 :sie
1105 4130 1341 4201 proiecto
1368 4135 1423 4182 et
1450 4139 1648 4194 corpus
1694 4132 1998 4178 sanctorum
2047 4122 2294 4183 illorum,

716 4241 838 4281 cum
861 4223 932 4279 sit
958 4225 1157 4278 luteum
1181 4230 1237 4277 et
1255 4219 1544 4291 spiritualis
1570 4216 1705 4287 ignis
1728 4216 2018 4271 efﬁcaciam
2048 4228 2299 4282 suscepe-

715 4318 804 4381 rit,
839 4322 973 4368 testa
1003 4312 1198 4366 factum
1228 4320 1331 4366 est.
1361 4310 1427 4364 Et
1444 4324 1548 4380 qua
1568 4308 1635 4363 de
1658 4322 1815 4362 causa
1839 4307 1940 4360 hoc
1965 4303 2161 4359 factum
2190 4314 2292 4366 est,

716 4416 774 4461 et
796 4404 1102 4459 thesaurum
1126 4402 1322 4467 talem,
1359 4409 1414 4455 et
1450 4399 1737 4470 gratiarum
1766 4398 1972 4467 copiam
2001 4395 2211 4451 mortali
2241 4402 2296 4448 et

713 4495 1042 4566 corruptibili
1074 4493 1250 4548 intulit
1272 4491 1523 4563 corpori?
1564 4490 1630 4545 Ut
1672 4486 2137 4557 superabundantia
2191 4485 2295 4538 vir-

715 4580 834 4634 tutis
853 4580 919 4633 sit
941 4596 973 4633 a
994 4577 1125 4644 Deo,
1144 4586 1190 4631 et
1216 4594 1316 4630 non
1342 4593 1374 4629 a
1401 4575 1543 4629 nobis
1564 4572 1775 4645 (lbid.).
1790 4570 1922 4625 Cum
1938 4570 2080 4624 enim
2099 4567 2297 4621 videris

714 4671 985 4740 apostolos
1034 4677 1273 4723 mortuos
1313 4666 1526 4736 quidem
1578 4664 1933 4726 suscitantes,
1982 4662 2126 4730 ipsos
2172 4674 2299 4713 vero

713 4768 1059 4829 :egrotantes,
1090 4772 1191 4813 nec
1215 4756 1525 4811 inﬁrmitate
1551 4769 1612 4808 se
1640 4753 1866 4807 liberare
1888 4751 2155 4811 valentes.
2187 4763 2300 4803 ma-

713 4853 909 4909 nifeste
951 4852 1127 4917 scies,
1176 4848 1373 4905 mortui
1417 4845 1862 4902 resurrectionem
1889 4858 1994 4897 non
2024 4856 2089 4895 ex
2109 4840 2301 4894 virtute

709 4941 1036 5007 suscitantis,
1062 4939 1159 4996 sed
1184 4939 1414 5009 Spiritus
1432 4936 1744 5006 operatione
1765 4935 1958 4989 factam
1977 4946 2120 4987 esse.
2146 4930 2299 4997 Quod

710 5035 853 5089 enim
884 5032 1191 5101 frequenter
1216 5034 1573 5099 :egrotarent,
1600 5026 1721 5079 audi
1756 5024 1882 5094 quid
1919 5022 1989 5078 de
2018 5021 2301 5076 Timotheo

709 5125 853 5179 dicat
868 5121 1196 5195 Apostolus:
1235 5118 1364 5173 Vino
1384 5117 1583 5171 modico
1604 5126 1741 5169 utere
1757 5126 1963 5186 propter
1981 5112 2299 5167 stomachum

706 5228 756 5271 et
780 5221 1062 5287 frequentes
1086 5212 1406 5283 inﬁrmitates
1431 5218 1543 5263 tuas
1562 5209 1637 5279 (l.
1661 5207 1795 5261 Tim.
1816 5204 1965 5277 5.25)
1988 5214 2076 5271 ;ct
2087 5218 2299 5261 rursum

649 5366 658 5374 ι
713 5310 780 5361 tle
803 5308 944 5361 alio:
978 5304 1314 5375 Trepidatum
1350 5310 1520 5354 autent
1539 5297 1720 5369 reliqui
1751 5296 1914 5351 Mileti
1934 5298 2194 5365 infirmum
2217 5294 2295 5364 (2.

656 5412 659 5415 ·
717 5397 855 5450 Tim.
913 5399 966 5452 ι.
997 5396 1118 5466 20).
1166 5395 1235 5451 Et
1273 5390 1704 5464 Philippeusibus
1754 5388 1996 5443 scribens
2040 5386 2298 5441 dicebat:

711 5488 1094 5557 Epaphroditus
1123 5491 1139 5523 ⁸
1166 5487 1427 5559 agrotavit
1451 5500 1608 5555 prope
1630 5491 1839 5536 mortem
1862 5478 2297 5551 (Philipp.2.27).

713 5580 771 5635 Si
800 5579 944 5634 enim
974 5588 1174 5634 etcum
1204 5580 1319 5633 hzec
1345 5588 1548 5641 essent,
1570 5577 1715 5646 ipsos
1734 5574 1865 5629 deos
1884 5587 2004 5628 esse
2022 5572 2297 5641 putabant,

711 5682 769 5726 et
793 5670 1093 5725 sacriﬁcare
1118 5672 1398 5741 parabant,
1416 5668 1656 5724 dicentes
1686 5685 1701 5721 :
1734 5665 1825 5721 Dii
1850 5664 2039 5719 similes
2060 5666 2182 5737 facti
2202 5666 2295 5719 Iw-

712 5764 932 5818 uu'nibus
951 5763 1312 5817 descenderunt
1334 5762 1403 5815 ad
1428 5778 1519 5815 nos
1542 5760 1675 5831 (Act.
1707 5760 1795 5815 14.
1827 5757 1943 5827 10).
1974 5756 2021 5812 si
2048 5757 2164 5815 lucc
2188 5774 2295 5815 non

776 5862 793 5889 ι
827 5858 902 5906 Sic
923 5853 1064 5904 Sari].
1085 5861 1137 5904 et
1158 5852 1322 5905 ttorel.
1344 5853 1562 5913 Quinque
1586 5860 1714 5913 uss,
1740 5850 2013 5915 Epaphras.

1452 498 1513 556 8.
1550 494 1827 553 JOANNIS
1860 488 2337 548 CllllYSOSTOII
2375 486 2691 545 AllClllEl‘.
2732 488 3275 545 CONSTANTINOP.

3884 497 3986 553 116

2398 598 2733 663 accidissent,
2763 598 2828 653 ad
2855 600 2985 668 quid
3016 600 3324 669 impietatis,
3353 598 3625 653 miraculis
3649 609 3985 671 conspectis,

2398 698 2524 743 tunc
2547 704 2652 744 non
2677 689 3276 759 processissent?Sicut
3317 692 3475 763 igitur
3520 691 3608 746 hic
3655 706 3874 763 propter
3912 700 3987 752 si-

2394 795 2622 849 gnorum
2654 779 3072 851 magnitudinem
3097 792 3153 836 et
3177 792 3423 838 naturam
3452 798 3637 841 eorum
3671 784 3725 838 in
3770 785 3987 842 inﬁrmi-

2404 879 2511 925 tate
2540 887 2661 927 esse
2687 873 2949 943 permisit,
2974 879 3029 925 et
3051 871 3357 941 frequentes
3376 874 3619 945 permisit
3640 876 3985 941 mutationes,

2396 976 2466 1016 ne
2495 972 2806 1030 putarentur
2823 978 2942 1019 esse
2964 962 3038 1018 dii
3070 977 3086 1014 :
3116 963 3193 1017 sic
3212 973 3266 1017 et
3295 965 3347 1018 in
3366 975 3608 1021 creatura
3628 965 3807 1021 mundi
3826 967 3982 1034 quid-

2394 1050 2517 1106 dam
2544 1050 2627 1107 his
2645 1054 2822 1109 simile
2850 1052 3229 1109 lecit:etenim
3268 1054 3544 1122 pulchram
3571 1058 3740 1126 ipsam
3773 1064 3830 1111 ct
3871 1072 3983 1109 ma-

2393 1156 2551 1213 gnam
2580 1141 2706 1198 fecit
2731 1153 2822 1210 ,et
2866 1159 3075 1200 rursum
3118 1144 3522 1213 corruptibilem
3568 1149 3864 1203 constituit.
3919 1148 3984 1202 Et

2397 1234 2512 1287 huic
2536 1242 2760 1302 utraque
2786 1234 3078 1305 Scriptum
3115 1234 3345 1289 docent:
3373 1233 3462 1288 hic
3488 1236 3704 1305 quidem
3731 1239 3982 1292 cmhmnm

2398 1322 2843 1393 pulchritudinem
2895 1340 3141 1389 narrans,
3194 1324 3273 1379 sic
3318 1323 3490 1393 inquit
3536 1342 3550 1378 :
3593 1327 3718 1382 (Σιειὶ
3744 1339 3984 1382 enarrant

2398 1415 2621 1486 gloriam
2648 1413 2745 1469 Dei
2771 1414 2945 1485 (Psal.
2966 1416 3054 1471 18.
3080 1418 3119 1474 2
3147 1417 3203 1487 ):
3236 1425 3290 1471 et
3311 1430 3521 1470 rursum
3547 1433 3560 1469 :
3599 1417 3698 1484 Qui
3726 1422 3984 1474 constituit

2395 1505 2578 1560 caelum
2598 1504 2732 1559 velut
2754 1522 3031 1572 cameram,
3070 1519 3119 1560 et
3142 1507 3365 1561 extendit
3391 1506 3559 1577 ipsum
3585 1511 3732 1577 quasi
3752 1513 3986 1565 taberna-

2394 1598 2563 1651 culum
2591 1597 2644 1651 in
2670 1606 2804 1652 terra
2831 1596 2987 1668 (Isai.
3009 1597 3099 1654 40.
3129 1598 3225 1667 22)
3248 1615 3264 1663 ;
3285 1609 3341 1653 et
3370 1615 3581 1653 rursum
3606 1617 3621 1653 :
3643 1600 3745 1667 Qui
3764 1606 3985 1658 continet

2389 1689 2659 1744 circuitum
2679 1690 2792 1744 caeli
2813 1689 2999 1762 (Eccti.
3014 1690 3103 1744 15.
3128 1691 3243 1761 15).
3263 1691 3413 1744 Alter
3435 1706 3567 1745 vero
3582 1690 3983 1759 demonstrans,

2395 1782 2497 1838 etsi
2528 1782 2805 1851 pulchrum
2831 1790 2885 1837 et
2912 1796 3160 1851 magnum
3181 1824 3198 1849 ,
3223 1789 3401 1835 tamen
3446 1781 3791 1850 corruptibile
3832 1798 3981 1851 esse,

2396 1875 2474 1929 sic
2494 1875 2698 1942 inquit:
2733 1872 2892 1927 Initio
2920 1884 2995 1937 tu,
3029 1872 3265 1937 Domine,
3289 1882 3473 1925 terram
3504 1871 3757 1941 fundasti,
3782 1883 3831 1925 et
3856 1891 3981 1941 ope-

2395 1980 2454 2015 ra
2483 1980 2724 2014 manuum
2766 1973 2969 2015 tuarum
3008 1973 3127 2016 sunt
3150 1964 3261 2017 ctrli
3285 1979 3305 2017 :
3323 1964 3421 2033 ipsi
3444 1963 3699 2032 peribunt,
3724 1973 3779 2015 tu
3811 1975 3983 2017 autem

2393 2070 2676 2121 permanes,
2716 2062 2763 2106 et
2802 2069 2974 2107 omnes
2997 2054 3132 2106 sicut
3168 2054 3516 2108 vestimentum
3568 2061 3871 2107 seterascent
3892 2070 3913 2115 ;
3934 2065 3984 2106 et

2392 2144 2521 2197 sicut
2545 2143 2853 2211 opertorium
2877 2142 3097 2196 mutabis
3120 2157 3242 2208 eos,
3294 2153 3345 2199 et
3389 2143 3736 2198 mutabuntur
3768 2138 3785 2204 (
3813 2135 3943 2191 Psal
3959 2174 3974 2187 .

2398 2236 2517 2291 101.
2546 2235 2637 2289 26.
2659 2234 2773 2305 27).
2802 2235 2867 2288 Et
2895 2234 3088 2287 iterum
3121 2232 3191 2287 de
3231 2232 3347 2287 sole
3386 2234 3559 2301 inquit
3598 2233 3736 2287 idem
3772 2231 3973 2286 David:

2400 2326 2674 2395 Tamquam
2701 2341 2915 2392 sponsus
2948 2324 3222 2392 procedens
3254 2322 3319 2375 de
3369 2324 3595 2376 thalamo
3642 2339 3736 2377 suo
3767 2338 3786 2376 :
3807 2322 3985 2376 mul-

2397 2418 2519 2469 tnrit
2539 2427 2593 2469 ut
2618 2417 2761 2486 gigas
2780 2416 2848 2467 ad
2866 2415 3165 2467 currendum
3186 2413 3317 2465 viam
3335 2411 3509 2481 (Psal.
3535 2414 3623 2467 18.
3656 2412 3733 2485 6).
3766 2413 3981 2477 Vidisti,

2394 2505 2661 2573 quomodo
2684 2505 2877 2557 sideris
2917 2502 3366 2571 pulchritudinem
3390 2502 3546 2555 simul
3571 2510 3627 2555 et
3657 2501 3983 2571 magnitudi-

2399 2611 2519 2648 nem
2544 2595 2635 2649 tibi
2658 2604 2782 2648 ante
2804 2595 2991 2647 oculos
3029 2594 3240 2661 posuit?
3287 2592 3438 2647 Sicut
3464 2592 3606 2646 enim
3636 2607 3702 2645 ex
3745 2592 3984 2645 thalamo

2394 2684 2624 2755 quodam
2648 2698 2879 2754 sponsus
2897 2698 3180 2751 apparens,
3202 2682 3281 2736 sic
3313 2690 3366 2736 et
3387 2681 3467 2735 sol
3494 2680 3593 2735 sub
3620 2696 3869 2734 auroram
3890 2696 3981 2734 ra-

2397 2777 2514 2830 dios
2540 2776 2724 2838 mittit,
2763 2784 2817 2828 et
2848 2783 3116 2843 tamquam
3152 2771 3383 2842 quodam
3434 2786 3628 2825 croceo
3655 2771 3775 2825 velo
3792 2771 3984 2825 cadum

2399 2880 2594 2923 ornans
2616 2906 2633 2931 ,
2662 2874 2717 2920 et
2751 2878 2936 2919 roseas
2966 2864 3164 2917 faciens
3190 2863 3377 2926 nubes,
3408 2872 3462 2916 et
3488 2863 3604 2916 sine
3630 2861 3832 2915 oll’ensa
3861 2876 3986 2915 cur-

2399 2973 2525 3012 rens
2555 2966 2720 3010 totum
2745 2956 2910 3017 diem,
2931 2954 3073 3007 nullo
3094 2968 3308 3008 cursum
3325 2952 3603 3006 obstaculo
3626 2950 3981 3017 interrumpit.

2400 3046 2586 3101 Vidisti
2611 3047 2768 3117 igitur
2796 3044 2963 3113 ipsius
2984 3042 3475 3112 pulchritudinem?
3503 3041 3679 3095 vidisti
3716 3041 3983 3110 magnitu-

2396 3139 2615 3195 dinem?
2654 3138 2773 3192 vidc
2801 3146 2857 3191 et
2884 3136 3260 3191 imbecillitatis
3289 3134 3408 3203 ejus
3447 3133 3981 3187 demonstrationem.

2398 3233 2605 3287 Etenim
2628 3239 2680 3285 et
2706 3230 2805 3283 hoc
2830 3230 3206 3283 demonstrans
3239 3228 3455 3294 sapiens
3477 3224 3691 3295 quidam
3713 3223 3927 3278 diccbat
3962 3240 3978 3276 :

2404 3322 2539 3390 Quid
2564 3321 2784 3375 lucidius
2811 3320 2958 3373 sole?
2976 3327 3022 3370 et
3043 3318 3125 3370 hic
3145 3317 3312 3385 deﬁcit
3340 3315 3527 3384 (Eccli.
3569 3316 3655 3369 17.
3715 3313 3832 3383 50).
3868 3311 3978 3366 Nec

2401 3430 2465 3468 ex
2494 3414 2596 3467 hoc
2644 3420 2849 3464 tantum
2894 3409 3061 3477 ipsius
3112 3406 3531 3460 imbecillitatem
3578 3404 3760 3457 videre
3800 3402 3979 3466 datur,

2400 3504 2495 3559 sed
2521 3503 2679 3557 etiam
2707 3501 2759 3555 in
2782 3498 3001 3553 nubium
3026 3495 3394 3551 concursibus.
3436 3493 3585 3548 Nube
3615 3494 3770 3562 igitur
3787 3491 3984 3560 saepius

2401 3596 2587 3649 subtus
2601 3589 3054 3656 currente,radios
3076 3587 3450 3652 immittens,et
3470 3585 3665 3639 nubem
3682 3582 3985 3637 discindere

2400 3698 2644 3751 Conatus,
2678 3701 2782 3739 non
2808 3680 3103 3753 praevaluit,
3125 3694 3244 3734 cum
3266 3686 3409 3733 esset
3428 3676 3601 3731 nubes
3614 3674 3862 3737 crassior,
3884 3687 3984 3726 nec

2400 3780 2500 3849 ipsi
2530 3776 2724 3833 cedere
2750 3774 2931 3829 vellet.
2969 3770 3078 3827 Sed
3106 3769 3331 3836 semina,
3361 3768 3563 3839 inquit,
3596 3767 3762 3821 nutrit
3791 3785 3806 3821 :
3832 3766 3979 3836 atqui

2399 3884 2506 3923 non
2529 3868 2642 3937 ipse
2660 3867 2826 3920 nutrit
2848 3864 3018 3929 solus,
3043 3862 3139 3917 sed
3159 3870 3215 3917 et
3233 3870 3389 3916 terra:
3417 3859 3618 3929 indiget
3660 3873 3725 3913 ac
3749 3858 3903 3922 roris,
3926 3868 3985 3913 et

2401 3961 2694 4029 pluviarum
2717 3966 2877 4026 atque
2905 3964 3208 4016 ventorum,
3240 3960 3295 4006 et
3308 3951 3464 4006 bona:
3492 3958 3865 4019 tempestatum
3886 3962 3986 4001 an-

2404 4052 2455 4105 ni
2482 4046 2900 4110 distributionis;
2924 4045 3027 4100 nisi
3054 4044 3169 4099 hmc
3194 4042 3369 4098 omnia
3384 4041 3768 4105 concurrerint,
3789 4053 3985 4108 super-

2405 4142 2549 4196 linus
2580 4141 2639 4193 lit
2662 4139 2794 4193 solis
2822 4152 2972 4191 usus.

2476 4231 2571 4284 Dei
2593 4228 2753 4283 solius
2783 4228 3043 4297 proprium
3084 4242 3185 4279 non
3221 4225 3464 4295 indigere.
3492 4253 3561 4264 —
3586 4222 3700 4277 Hoc
3726 4235 3852 4276 vero
3882 4220 3980 4275 Dei

2403 4338 2507 4377 non
2536 4328 2637 4384 est,
2663 4318 2732 4371 ad
2772 4332 2834 4371 ea
2862 4316 3096 4371 facienda
3123 4330 3243 4386 qua:
3270 4315 3405 4377 vult,
3434 4312 3553 4366 aliis
3590 4310 3861 4381 indigere:
3891 4309 3986 4363 Dei

2400 4414 2545 4469 enim
2576 4408 2807 4465 maxime
2835 4408 3125 4479 proprium,
3150 4422 3255 4460 non
3279 4404 3534 4473 indigere.
3568 4400 3685 4470 Ipse
3708 4401 3848 4454 enim
3878 4414 3985 4453 non

2402 4506 2479 4560 sic.
2516 4518 2550 4558 e
2604 4512 2744 4556 terra
2792 4500 2994 4555 semina
3046 4498 3282 4569 protulit,
3332 4495 3428 4550 sed
3478 4504 3680 4548 tantum
3713 4492 3891 4562 jussit,
3930 4499 3988 4546 et

2403 4598 2583 4654 omnia
2613 4594 3063 4665 germinavernnt.
3096 4592 3158 4645 Et
3184 4604 3397 4644 rursum
3424 4597 3482 4641 ut
3504 4586 3700 4649 discas,
3737 4602 3840 4640 non
3874 4586 3989 4641 ole-

2404 4696 2703 4743 mcntorum
2733 4692 2999 4746 naturam,
3030 4680 3124 4735 sed
3167 4680 3334 4750 ipsius
3371 4675 3677 4731 mandatum
3701 4675 3875 4729 omnia
3905 4675 3985 4727 la-

2402 4795 2547 4845 cere,
2584 4778 2805 4847 ipsaque
2832 4773 3121 4837 elementa,
3161 4785 3280 4840 qua:
3321 4783 3428 4823 non
3466 4776 3639 4831 erant,
3667 4764 3986 4835 producere,

2404 4869 2605 4925 Jutlzcis
2650 4868 2852 4922 nullius
2887 4878 2991 4933 ope
3020 4876 3211 4917 manna
3249 4860 3499 4915 demisit:
3534 4858 3745 4924 Panem,
3794 4857 3987 4927 inquit,

2405 4962 2515 5015 caeli
2555 4960 2693 5014 dedit
2732 4959 2806 5012 eis
2851 4954 3023 5025 (Psal.
3054 4954 3141 5006 77.
3167 4950 3283 5022 24).
3332 4944 3398 5005 Ει
3423 4950 3548 5020 quid
3576 4950 3696 5004 dico
3720 4948 3888 5002 solem
3918 4947 3988 5000 ad

2406 5053 2669 5106 lrnctumn
2700 5047 3089 5117 vegetationem
3118 5043 3566 5110 mutationemque
3604 5039 3725 5094 aliis
3749 5038 3991 5108 indigere

2405 5141 2705 5201 elementis,
2727 5154 2849 5193 eum
2872 5146 2927 5190 ct
2957 5134 3137 5189 multis
3161 5134 3227 5187 ad
3247 5134 3326 5187 sui
3351 5132 3781 5187 constitutionem
3812 5139 3988 5199 egeat,

2408 5249 2504 5287 nec
2530 5234 2644 5301 ipse
2672 5230 2772 5283 sibi
2801 5226 3050 5281 sufﬁcere
3076 5225 3241 5295 possit
3258 5223 3315 5278 ‘?
3342 5223 3550 5291 Quippe
3574 5229 3631 5274 ut
3651 5220 3828 5284 vadat,
3856 5220 3994 5273 οωιυ

2407 5323 2627 5393 indiget,
2656 5330 2905 5389 tanquam
2932 5319 3232 5386 pavimento
3259 5313 3488 5385 quodam
3514 5312 3789 5381 supposito
3812 5328 3827 5365 :
3854 5316 3993 5363 etut

2407 5418 2602 5482 luceat,
2626 5415 2767 5469 aeris
2787 5413 3013 5481 puritate
3039 5420 3096 5466 et
3123 5409 3401 5464 tenuitate.
3427 5403 3579 5472 Quod
3604 5405 3648 5459 si
3685 5403 3773 5458 hic
3799 5409 3993 5470 pra-tet

2408 5508 2624 5563 modum
2651 5505 2927 5571 densetur,
2948 5504 3039 5559 ille
3068 5502 3242 5557 lucem
3273 5511 3425 5552 suam
3450 5495 3734 5551 ostendere
3761 5507 3869 5547 non
3898 5504 3994 5559 po-

2471 5663 2487 5694 ι
2523 5661 2607 5709 Hic
2630 5659 2787 5709 secuti
2823 5670 2994 5706 sumus
3020 5652 3261 5703 savilium.
3286 5648 3604 5712 Apudgtlorel.
3630 5653 3683 5696 et
3715 5640 3971 5712 Montel’alc.

2404 5724 2475 5793 sic
2495 5702 3617 5793 ὥεῖῖιῖἓῖξιὸὧέἶιῖξεὲίιειξὲιξῄξίξςμυὲάωὲξεξ)
3647 5702 3995 5793 Μετίλιε

2405 5725 2475 5772 sic
2495 5725 2647 5772 habet
2668 5725 2747 5771 hic
2792 5725 2928 5769 locus
2950 5725 3201 5766 mutuatus
3222 5726 3234 5761 :
3262 5725 3316 5762 Et
3346 5725 3617 5825 l(zﬂttnttzmatco
3653 5725 3780 5769 quoa
3802 5725 3866 5751 ω
3888 5725 3994 5770 pu-

2405 5792 2567 5835 ctuum
2592 5783 2929 5847 eegetationem
2964 5778 3076 5847 aliis
3113 5775 3295 5847 indiget
3317 5787 3389 5847 cm
3499 5770 3607 5823 tis?
3643 5768 3710 5819 ad
3744 5774 3994 5830 propriam

2407 5835 2784 5900 constitutionem
2800 5857 2894 5894 twn
2916 5838 3153 5904 sufﬁceret
3176 5835 3275 5900 ipSe
3297 5835 3406 5887 sibi.
