4414 6686
257 409 369 466 HS

1295 406 1387 464 AD
1425 405 1760 465 POPULUM
1820 402 2319 463 ANTIOCHENUM
2363 404 2601 462 l‘lOMIL.
2645 405 2710 462 Χ.

3630 406 3728 459 11¹ἲ

256 522 427 577 καλὸν
453 522 547 576 καὶ
576 522 751 593 μέγαν
780 522 873 576 τὸν
896 521 1102 593 κόσμον
1122 520 1376 592 ἐποίησεν
1405 523 1434 575 0
1464 523 1627 587 Θεός·
1656 525 1706 577 εί
1732 522 1805 594 μὴ
1828 522 1936 591 γὰρ
2034 520 2389 590 ραπλήσιον
2407 520 2663 587 θανάτῳ.
2694 520 2755 572 Εί
2780 520 2891 589 γὰρ
2918 518 3237 572 καὶτούτων
3260 520 3430 572 ὄντων
3454 520 3611 583 θεοὺς
3639 521 3725 572 αύ-

254 610 426 662 αύτὸν
451 609 614 664 καλὸν
660 610 757 665 καὶ
793 610 967 681 μέγαν
1011 607 1270 677 ἐποίησεν
1301 609 1331 661 0
1362 608 1515 675 Θεὸς,
1549 612 1651 663 οὐκ
1680 610 1747 663 ἂν
1778 609 1940 662 αὐτὸν
2045 609 2172 669 :05;
2198 601 2337 660 εἶναι
2375 608 2659 677 ἐνόμισαν,
2719 606 2813 658 καὶ
2841 606 2992 659 θύειν
3041 605 3423 677 ἐπεχείρησαν,
3454 606 3724 675 λέγοντες,

253 695 693 769 ἐθεοποιὴσαμεν
709 710 737 740 ι
758 714 772 729 ·
802 697 899 750 νῦν
925 697 983 749 δὲ
1020 694 1386 762 ἐκπλαγέντες
1413 697 1578 750 05:05
1603 698 1664 749 :6
1690 696 1939 768 μέγεθος,

254 785 356 837 καὶ
395 784 780 857 θαυμάσαντες
821 782 987 837 05:05
1032 781 1094 835 :6
1138 782 1356 847 κάλλος,
1400 785 1734 854 ἐνομίσαμεν
1780 784 1942 835 αὐτὸν

252 865 397 925 εἶναι
419 871 560 926 θεόν.
580 872 719 926 Ἀλλ’
747 870 913 933 ἐωλος
935 864 1092 931 οὗτος
1112 869 1142 920 0
1166 868 1323 937 λόγος
1348 871 1515 925 ἐστίν.
1536 871 1658 923 ’Ότι
1686 868 1797 938 γὰρ
1818 868 1939 921 05:5

250 957 319 1011 :6
350 959 581 1029 μέγεθος
610 957 737 1011 οὔτε
769 956 832 1009 :6
859 954 1054 1019 κάλλος
1076 956 1177 1025 τῆς
1216 957 1472 1020 άσεὸείας
1508 958 1711 1017 αίτιον,
1759 956 1873 1009 ἀλλ’
1904 957 1938 1026 ἡ

251 1046 479 1098 ἐκείνων
523 1044 702 1105 ἀνοια,
732 1042 1022 1112 δείκνυμεν
1071 1044 1231 1114 ἡμεῖς
1264 1045 1313 1097 οἱ
1347 1044 1515 1112 μηδὲν
1559 1042 1797 1096 τοιοῦτον
1834 1060 1938 1097 πα·-

251 1130 441 1194 οόντες
468 1131 618 1184 ποτέ.
644 1130 803 1192 Τίνος
828 1129 939 1199 γάρ
959 1129 1145 1183 ἕνεκεν
1171 1130 1335 1183 αὑτὸν
1360 1129 1459 1181 ούκ
1488 1128 1933 1201 ἐθεοποιὴσαμεν;

247 1218 313 1269 οὐ
342 1219 457 1278 τοῖς
492 1216 680 1277 αὐτοῖς
710 1215 1011 1285 ὀφθαλμοῖς
1048 1216 1213 1269 αὐτὸν
1240 1214 1389 1287 [110]
1422 1215 1727 1287 βλέπομεν;
1763 1217 1824 1270 05
1868 1218 1933 1270 τὰ

248 1300 394 1353 αύτά
417 1299 522 1367 τῆς
549 1299 782 1363 κτίσεως
812 1300 1161 1371 ἀπολαύομεν
1188 1303 1331 1372 01:59
1357 1303 1450 1355 καὶ
1481 1303 1677 1357 ἐκεῖνοι
1701 1320 1715 1369 ;
1747 1305 1807 1356 05
1833 1305 1933 1374 τὴν

246 1384 421 1455 αὐτὴν
453 1384 634 1455 ψυχὴν
659 1386 1012 1458 κεκτήμεθα;
1062 1389 1124 1440 05
1157 1389 1217 1441 :6
1252 1390 1383 1442 05:6
1412 1390 1569 1461 σῶμα
1602 1390 1800 1461 ἔχομεν
1827 1433 1842 1455 ,
1871 1392 1930 1444 05

245 1471 349 1539 τὴν
378 1470 552 1542 αὐτὴν
581 1472 864 1542 πατοῦμεν
891 1475 1024 1543 γὴν;
1057 1474 1175 1539 πῶς
1211 1477 1358 1546 ἡμᾶς
1386 1478 1489 1530 οὐκ
1514 1477 1700 1530 ἔπεισε
1719 1479 1782 1530 :6
1805 1479 1933 1532 κάλ-

244 1556 342 1617 λος
390 1558 484 1609 καὶ
517 1558 578 1610 :6
615 1558 845 1627 μέγεθος
875 1559 944 1613 :0
989 1562 1129 1615 αὐτά
1159 1562 1350 1631 νοῆσαι
1382 1563 1644 1626 ἐκείνοις;
1701 1564 1813 1617 Ούκ
1846 1566 1931 1617 ἐν·

242 1642 443 1695 τεῦθεν
474 1645 530 1697 δέ
559 1645 719 1698 τοῦτο
758 1646 909 1700 ἔσται
933 1647 1092 1717 δῆλον
1129 1649 1309 1719 μόνον,
1343 1648 1481 1701 ἀλλά
1519 1650 1612 1702 καὶ
1646 1649 1926 1717 ἐτέεωλεν.

246 1730 372 1782 Ὀτι
403 1731 513 1800 γάρ
546 1732 607 1784 05
642 1732 729 1786 6:0
764 1733 823 1785 :6
849 1734 1043 1798 κάλλος
1081 1735 1245 1788 αὐτὸν
1276 1734 1657 1804 ὲθεοποίησαν,
1685 1734 1821 1788 ἀλλά
1842 1736 1930 1791 διὰ

240 1817 346 1886 τὴν
368 1818 579 1872 οἰκείαν
608 1820 817 1886 ἄνοιαν,
838 1821 928 1874 τὸν
947 1820 1180 1890 πίθηκον
1208 1820 1355 1883 τίνος
1381 1821 1567 1873 ἕνεκεν
1597 1823 1931 1893 προσεκύνη·

244 1905 473 1963 σαν,τ“ιν
494 1906 855 1976 κροκόδειλον,
870 1909 962 1960 τὸν
984 1906 1227 1968 κύνα,τά
1248 1906 1607 1962 εὐτελέστατα
1625 1909 1733 1963 τῶν
1752 1909 1926 1975 ζὼωνς

247 1990 461 2053 Ὄντως
478 1992 961 2060 Ἑματαιώθησαν
985 1994 1058 2047 ἐν
1104 1993 1229 2060 τοῖς
1263 1993 1675 2064 διαλογισμοῖς
1706 1996 1927 2063 αὐτῶν,

239 2074 345 2127 καὶ
376 2077 705 2144 ἐσκοτίσθη
743 2081 783 2147 ὴ
815 2081 1113 2146 ἀσύνετος
1146 2078 1349 2134 αὐτῶν
1379 2081 1622 2148 καρδία·
1661 2082 1931 2150 φάσκον-

238 2178 345 2227 τες
375 2163 489 2230 γὰρ
520 2160 673 2216 εἶναι
698 2165 877 2233 σοφοί
903 2166 1356 2236 ἐμωράνθησαν.
1382 2167 1530 2239 Πλὴν
1562 2168 1678 2221 ἀλλ’
1702 2170 1801 2222 οὐκ
1824 2170 1932 2223 01:6

236 2247 454 2299 τούτων
480 2249 939 2320 ἀπολογησόμεθα
974 2253 1153 2321 μόνον,
1182 2253 1317 2307 ἀλλά
1350 2255 1445 2307 καὶ
1470 2254 1658 2326 ἕτερόν
1688 2272 1740 2308 τι
1770 2256 1930 2310 πλέον

239 2334 372 2405 ἐροῦ
382 2353 503 2403 μεν.

313 2420 358 2472 δ’
364 2421 575 2474 ,Ταῦτα
600 2421 712 2493 γάρ
745 2422 952 2477 ἀνωθεν
975 2424 1003 2477 0
1030 2422 1457 2496 Θεὺςπροειδὼς,
1485 2426 1793 2498 καὶταύτην
1825 2430 1925 2483 05-

233 2508 351 2560 τῶν
373 2510 550 2561 ἀνεῖλε
583 2510 683 2579 τὴν
711 2510 987 2579 πρόςασιν
1016 2512 1160 2564 κατά
1191 2513 1286 2582 τὴν
1340 2513 1506 2567 05:05
1559 2516 1751 2583 σοφίαν
1774 2533 1788 2546 ·
1838 2517 1926 2570 διά

233 2594 401 2647 τοῦτο
438 2596 498 2647 ού
530 2597 691 2665 μόνον
724 2595 1041 2666 θαυμαστόν
1067 2598 1161 2651 καὶ
1193 2599 1366 2667 μέγαν
1394 2600 1485 2653 τὸν
1517 2602 1719 2671 κόσμον
1750 2602 1929 2673 ἐποίη-

234 2696 359 2741 σεν,
381 2680 519 2732 ἀλλά
543 2681 640 2734 καὶ
666 2680 909 2752 φθαρτὸν
940 2683 1037 2736 καὶ
1066 2684 1349 2755 ἐπίκηρον,
1398 2687 1494 2739 1:01
1518 2688 1618 2758 τῆς
1642 2688 1925 2753 ἀσθενείας

232 2764 407 2817 αὑτοῦ
457 2765 627 2819 πολλά
658 2767 929 2837 δείγματα
981 2769 1330 2836 ἐγκατέθετο,
1385 2772 1479 2824 1:01
1528 2772 1667 2843 01:59
1696 2773 1927 2827 ἐπὶτῶν

230 2851 554 2905 ἀποστόλων
594 2853 842 2924 ἐποίησε,
872 2854 1033 2907 τοῦτο
1074 2856 1167 2908 καὶ
1201 2856 1294 2909 ἐπὶ
1321 2855 1416 2909 τοῦ
1456 2858 1662 2928 κόσμου
1705 2859 1922 2923 παντός.

231 2937 301 2988 Τί
328 2938 387 2990 δὲ
417 2939 508 2990 ἐπὶ
546 2939 655 2991 τῶν
683 2940 996 2994 ἀποστόλων
1025 2942 1313 3011 ἐποίησεν;
1374 2945 1592 3016 Ἐπειδὴ
1624 2946 1793 2999 πολλά
1828 2965 1925 3019 ση-

234 3026 370 3092 μεῖα
396 3027 491 3078 καὶ
519 3026 773 3095 θαύματα
806 3028 1025 3081 ἐποίουν
1044 3029 1072 3069 b
1119 3030 1217 3083 καί⁵
1253 3031 1466 3100 μεγάλα
1496 3034 1589 3085 καὶ
1623 3034 1921 3104 παράδοξα,

230 3113 420 3164 εἴασεν
447 3111 641 3175 05:05;
663 3113 902 3183 συνεχῶς
928 3115 1309 3183 μαστίζεσθαι,
1336 3118 1677 3182 ἐλαύνεσθαι,
1713 3120 1925 3190 δεσμω-

227 3198 426 3267 τήριον
471 3199 659 3261 οἰκεῖν,
697 3198 1002 3264 ἀσθενείαις
1041 3202 1393 3272 περιπίπτειν
1449 3209 1808 3274 σωματικαῖς,
1862 3208 1922 3259 ἐν

225 3283 541 3353 διηνεκέσιν
573 3281 712 3337 εἶναι
744 3284 1008 3355 θλίψεσιν,
1045 3288 1133 3340 ἵνα
1165 3288 1240 3359 μὴ
1264 3290 1372 3342 τῶν
1403 3291 1645 3361 σημείων
1669 3292 1729 3345 :6
1754 3292 1917 3363 μέγε-

228 3368 327 3433 θος
353 3369 510 3433 θεοὺς
539 3371 737 3434 05:05;
764 3372 917 3442 παρά
943 3375 1054 3436 τοῖς
1079 3373 1387 3444 ἀνθρώποις
1416 3376 1733 3445 νομίζεσθαι
1762 3382 1920 3449 ποιὴ-

228 3472 340 3526 σῃ·
394 3456 483 3509 διὰ
516 3456 697 3520 τοῦτο,
736 3459 1007 3528 τοσαύτην
1048 3459 1173 3524 δοὺς
1215 3460 1399 3532 χάριν,
1428 3463 1490 3515 :6
1516 3464 1678 3535 σῶμα
1706 3466 1918 3535 ἀφῆκεν

226 3538 378 3595 εἶναι
404 3542 617 3611 θνητὸν,
647 3543 861 3609 πολλοῖς
882 3544 938 3598 δὲ
962 3546 1058 3601 1:01
1088 3547 1360 3613 ἐπίνοσον,
1396 3551 1491 3603 1:01
1523 3552 1585 3604 05
1625 3553 1922 3621 μετέϐαλεν

221 3629 411 3682 αὐτῶν
442 3629 542 3700 τὴν
577 3630 884 3695 ἀσθένειαν,
927 3633 1015 3685 ἵνα
1047 3634 1387 3705 ἐγγυὴσηται
1424 3637 1523 3707 τὴν
1574 3639 1755 3707 φύσιν.
1810 3642 1922 3694 K01

221 3715 331 3767 οὐκ
354 3715 486 3784 ἐμὸς
532 3709 689 3779 05:0;
730 3718 759 3769 0
804 3717 981 3786 λόγος,
1024 3719 1141 3771 ἀλλ’
1181 3722 1344 3775 05:05
1388 3724 1482 3776 :05
1532 3726 1744 3780 Παύλου
1775 3728 1920 3783 οῦτω

221 3801 506 3869 λέγοντος·
569 3802 705 3854 ἐὰν
736 3801 847 3871 γὰρ
898 3802 998 3857 καί
1030 3806 1272 3871 θελήσω
1318 3810 1769 3879 καυχήσασθαι,
1804 3817 1918 3869 οὐκ

220 3889 444 3956 ἔσομαι
469 3886 704 3956 ἄφρων·
744 3887 1020 3958 φείδομαι
1048 3889 1137 3957 δέ,
1170 3892 1254 3960 μή
1288 3911 1377 3961 τις
1403 3898 1492 3964 είς
1527 3898 1633 3967 ἐμὲ
1664 3902 1916 3969 λογίση-

222 3992 327 4029 ται
360 3974 512 4043 ὑπὲρ
538 3973 570 4027 ὃ
601 3972 843 4038 ,ϐλ-ἐπει,
880 3974 920 4043 ἦ
954 3976 1161 4032 ἀκούει
1196 3997 1250 4032 τι
1279 3982 1349 4047 ἐξ
1377 3983 1555 4053 ἐμοῦ·
1593 3986 1687 4039 καὶ
1718 3988 1881 4041 πάλιν
1901 4006 1914 4020 ·

227 4065 493 4131 ἐχομεν
524 4062 591 4115 δὲ
646 4061 752 4115 τὸν
797 4064 1113 4133 θησαυρὸν
1158 4068 1377 4124 τοῦτον
1412 4072 1483 4125 ἐν
1531 4073 1919 4144 ὀστρακίνοις

222 4154 525 4217 σκεύεσι..
564 4151 629 4204 Τί
673 4151 731 4205 δέ
768 4153 947 4217 ἐστιν,
993 4154 1097 4208 Ἑν
1136 4158 1523 4228 ὀστρακίνοις
1583 4165 1920 4230 σκεύεσιν;

239 4241 341 4327 Ἐν
372 4239 451 4327 τῷ
496 4238 711 4310 σώματι
760 4239 953 4311 τούτῳ,
999 4244 1155 4314 φησὶ,
1191 4245 1270 4317 τῷ
1315 4248 1496 4320 θνητῷ
1521 4253 1615 4305 καὶ
1644 4254 1914 4327 ἐπικήρῳ.

223 4326 501 4412 καθάπερ
551 4326 672 4412 *γὰρ
722 4327 789 4412 :6
853 4326 1171 4412 ὄστρακονς
1240 4335 1305 4386 ἐκ
1371 4327 1545 4407 πηλοῦ
1598 4341 1694 4393 1:01
1745 4342 1919 4412 πυρὸς

220 4407 462 4475 γίνεται,
516 4406 662 4461 οῦτω
715 4407 781 4480 δὴ
840 4408 934 4462 καὶ
985 4408 1047 4462 :6
1098 4411 1262 4482 σῶμα
1313 4414 1423 4467 τῶν
1470 4416 1640 4484 ἁγίων
1691 4406 1916 4475 ἐκείνων

220 4490 456 4574 πὴλινον
505 4488 587 4553 ὂν,
631 4490 730 4574 καὶ
772 4489 876 4574 :05
899 4495 1270 4563 πνευματικοῦ
1300 4496 1473 4568 πυρὸς
1496 4498 1788 4571 δεξάμενον
1812 4502 1913 4574 τὴν

220 4572 532 4643 ἐνέργειαν,
579 4570 802 4639 γέγονεν
850 4572 1135 4645 ὄστρακον.
1193 4577 1302 4629 K01
1342 4579 1492 4643 τίνος
1543 4581 1730 4637 ἕνεκεν
1755 4570 1914 4639 τοῦτο

217 4653 542 4734 γεγένηται,
590 4653 683 4734 καὶ
730 4652 1003 4726 θησαυρὸν
1046 4658 1297 4713 τοσοῦτον
1325 4662 1419 4714 1:01
1444 4665 1799 4734 χαρισμάτων
1820 4667 1912 4722 δα-

216 4735 441 4819 ψίλειαν
474 4731 653 4819 θνητιῖ)
691 4735 787 4819 καὶ
818 4735 1053 4819 φθαρτῶ
1093 4738 1305 4810 σώματι
1348 4731 1682 4812 ἐναπέθετος
1713 4748 1837 4801 Ἵνα
1870 4751 1909 4819 ἠ

216 4814 535 4900 ὑπερϐολὴ
551 4813 667 4900 ξῆς
681 4813 993 4900 διζνάμεως
1011 4814 1055 4891 ᾗ
1076 4822 1183 4876 τοῦ
1202 4824 1371 4889 Θεοῦ,
1395 4827 1493 4880 καὶ
1514 4827 1602 4897 μὴ
1631 4829 1701 4893 ἐξ
1719 4813 1905 4900 ἡμῶν,

219 4900 399 4954 Ὅταν
422 4898 532 4967 γὰρ
550 4896 665 4979 ἴδῃς
678 4896 807 4979 τοῦς
824 4898 1158 4967 ἀποστόλους
1184 4909 1411 4975 νεκροὺς
1437 4896 1534 4979 μὲν
1555 4896 1907 4978 ἀνιστῶντας,

214 4982 426 5068 agno-6;
531 4977 891 5068 ἀσθενοῦντας
936 4983 1034 5068 καὶ
1066 4985 1141 5057 μὴ
1170 4977 1505 5060 δυναμένους
1529 4977 1908 5068 ἀπαλλαγῆναι

214 5066 327 5135 τῆς
354 5061 687 5147 ἀρρωστίας.
719 5063 839 5147 εἴσῃ
867 5064 1058 5147 σαφῶς
1082 5068 1163 5122 ὅτι
1196 5072 1231 5142 ἡ
1258 5073 1354 5125 τοῦ
1386 5076 1585 5147 νεκροῦ
1611 5061 1907 5143 ἀνάστασις

213 5148 281 5236 05
305 5145 717 5236 τῆίδιὲοάμεως
746 5146 840 5199 τοῦ
872 5146 1301 5236 ᾅναστήσᾳγτος,
1334 5158 1473 5213 ἀλλά
1491 5145 1602 5233 τῆς
1626 5164 1907 5236 ἐνεργείας

212 5229 324 5313 τῆς
350 5227 447 5313 τοῦ
479 5227 795 5313 Πνεύματος
828 5228 1064 5297 γέγονεν.
1120 5233 1242 5287 Ὀτι
1274 5238 1384 5309 γὰρ
1410 5227 1730 5313 ἡρῤώστουν
1765 5227 1906 5301 ’συνξ

213 5311 387 5397 εχῷς,
416 5311 649 5397 ἄκουσον
672 5310 726 5397 τί
750 5328 913 5397 φησιν
951 5313 981 5367 ό
1017 5313 1223 5379 Παῦλος
1269 5322 1401 5390 περὶ⁵
1437 5310 1727 5395 Τιμοθέου·
1754 5331 1907 5397 Οτνῳ

212 5395 408 5479 όλίττρ
451 5392 577 5463 χρῶ
606 5393 712 5479 διὰ
748 5395 855 5449 τὸν
898 5398 1206 5467 στόμαχόν
1240 5416 1360 5456 σου
1399 5392 1643 5477 καὶτὰς
1669 5392 1905 5479 πυκνάς

211 5491 338 5563 σου
362 5477 721 5563 ἀσθενείας·
766 5480 861 5563 1:01
906 5481 1067 5536 πάλιν
1105 5482 1232 5554 περὶ
1270 5484 1480 5556 ἐτέρου·
1512 5493 1811 5563 τρόφιμον
1835 5477 1905 5550 δὲ

210 5554 525 5645 War
658 5561 902 5645 Μιλήτῳ
932 5563 1320 5645 ,ἀσθενοῦντα
1337 5554 1375 5594 ’⁷
1401 5570 1495 5622 καὶ
1519 5554 1902 5645 ὦιλίππησίοις

209 5635 550 5695 ἐπιστέλλων
576 5639 782 5710 ἔλεγεν,
808 5642 893 5696 ὅτι
929 5644 1353 5715 Ἐπαφρόδιτος
1372 5648 1399 5689 ά
1446 5635 1761 5723 ἠσθένησε.
1781 5635 1897 5713 :za:

280 5740 495 5814 l‘§av_i_l.
522 5746 797 5814 et_qujdam
818 5748 915 5814 _alii_
932 5749 1283 5814 ἐθιοποιοῦμεν.

275 5798 308 5869 ξ
509 5809 593 5869 καὶ
615 5798 789 5869 τέρατα
811 5809 1014 5858 ἐποίουν.

276 5862 482 5930 etiam.
517 5862 816 5930 meum

609 5919 664 5978 'c:
684 5929 855 5983 Morel.
881 5933 1111 5997 Quinque
1133 5950 1247 5988 mss.
1290 5939 1525 6004 Επαφρᾶς.
1548 5942 1673 5993 Infra
1689 5946 1885 6007 quidam

200 5983 249 6026 ᾖ
258 5998 320 6029 ειν
360 5983 650 6051 ἐπεχείρουν.

1948 4594 1986 4618 δ

2053 697 2119 746 01
2133 693 2255 746 θεοὶ
2276 693 2663 761 ὁμοιωθέντες
2677 692 3008 759 ἀνθρώποις
3019 692 3360 758 κατέϐησαν
3374 694 3524 761 πρὸς
3547 691 3723 760 ἡμᾶς,

2050 778 2202 850 [111]
2237 781 2286 832 εί
2320 780 2394 850 μὴ
2440 778 2616 833 ταῦτα
2665 779 2900 847 ἐγένετο,
2932 780 3034 832 ποῦ
3062 780 3162 831 05x
3204 779 3271 831 ἂν
3307 779 3568 848 ἐξέϐησαν
3600 779 3717 831 ἀσε-

2048 866 2221 927 ϐείας,
2250 867 2317 919 τά
2357 865 2613 936 θαύματα
2647 865 2769 918 τότε
2801 865 3074 935 ὁρῶντες;
3113 863 3326 933 ’Ὥσπερ
3372 864 3466 919 οὖν
3490 863 3717 916 ἐνταῦθα

2045 951 2135 1004 διὰ
2171 951 2232 1005 :6
2280 952 2508 1021 μέγεθος
2545 952 2656 1005 τῶν
2690 951 2931 1021 σημείων
2972 952 3065 1004 x01
3096 952 3195 1022 τὴν
3233 950 3394 1019 φύσιν
3429 950 3642 1018 ἀφῆκεν
3668 950 3719 1001 ἐκ

2045 1039 2301 1110 ἀσθενείᾳ
2329 1042 2533 1109 μένειν,
2580 1040 2674 1093 1:01
2701 1040 2827 1103 :05;
2852 1039 3186 1109 ἐπαλλήλους
3228 1036 3577 1107 συνεχώρησε
3606 1053 3720 1088 πει-

2048 1127 2306 1195 ρασμοῦς,
2340 1128 2425 1180 ἶνα
2474 1127 2551 1198 μὴ
2582 1125 2913 1195 νομισθῶσιν
2952 1124 3091 1178 εῖναι
3136 1125 3271 1187 θεοὶ,
3312 1123 3457 1176 οῦτω
3505 1124 3599 1176 καὶ
3634 1124 3720 1174 ἐπ”

2042 1214 2141 1282 τῆς
2162 1214 2389 1277 κτίσεως
2417 1212 2802 1284 παραπλήσιόν
2844 1228 2896 1264 τι
2928 1212 3137 1274 τούτοις
3164 1210 3408 1279 ἐποίησε.
3470 1211 3581 1263 K01
3616 1209 3717 1278 γά(

2043 1300 2214 1369 καλὴν
2252 1301 2421 1371 αὐτὴν
2473 1303 2566 1355 καὶ
2611 1299 2888 1370 μεγάλην,
2947 1301 3041 1351 καὶ
3090 1299 3335 1369 φθαρτὴν
3381 1298 3543 1351 πάλιν
3592 1313 3719 1349 κατ-

2041 1386 2328 1441 εσκεύασε.
2350 1389 2457 1441 K01
2485 1388 2771 1458 ἀμφότερα
2796 1385 2972 1439 ταῦτα
2996 1388 3050 1438 αί
3074 1386 3286 1455 Γραφαὶ
3316 1382 3713 1455 φιλοσοφοῦσιν·

2038 1474 2067 1525 0
2096 1473 2193 1542 μὲν
2210 1472 2317 1543 γὰρ
2346 1474 2408 1525 τὸ
2432 1474 2622 1536 κάλλος
2650 1473 2757 1527 τῶν
2778 1471 3026 1542 οὐρανῶν
3049 1471 3426 1541 διηγούμενος,
3450 1471 3593 1524 οὕτω
3619 1487 3693 1539 φη

2042 1557 2157 1609 σίν·
2221 1562 2283 1611 Ol
2321 1560 2560 1624 οὐρανοὶ
2591 1560 2931 1628 διηγοῦνται
2961 1558 3152 1623 δόξαν
3176 1558 3323 1613 Θεοῦ
3348 1574 3361 1587 ·
3403 1559 3498 1611 x01
3533 1557 3717 1611 πάλιν·

2050 1647 2105 1699 Ὀ
2135 1645 2375 1711 στήσας
2397 1645 2502 1699 τὸν
2530 1647 2790 1713 οὐρανὸν
2816 1647 2959 1700 ὡσεί
2982 1646 3276 1716 καμάραν,
3305 1644 3404 1697 καὶ
3424 1644 3714 1709 διατείνας

2037 1731 2225 1785 αὑτὸν
2255 1732 2336 1797 ὡς
2364 1731 2607 1800 σκηνὴν
2642 1733 2739 1786 ἐπὶ
2775 1732 2884 1800 τῆς
2916 1732 3029 1802 γῆς
3054 1751 3068 1763 ·
3108 1733 3204 1786 1:01
3239 1731 3435 1785 πάλιν·
3489 1730 3542 1783 '0
3579 1748 3719 1783 κατ-

2035 1819 2193 1887 έχων
2233 1820 2341 1872 τὸν
2374 1819 2560 1889 γῦρον
2592 1818 2697 1873 τοῦ
2726 1819 3007 1887 οὐρανοῦ.
3040 1820 3275 1893 Ἕτερος
3306 1819 3365 1872 δέ
3395 1818 3611 1880 δεικνὺς
3637 1819 3717 1870 ὅτι

2037 1909 2085 1960 εί
2112 1909 2207 1962 καὶ
2232 1908 2399 1971 καλὸς
2429 1909 2521 1961 καὶ
2554 1910 2749 1979 μέγας,
2777 1909 2913 1963 ἀλλά
2938 1907 3175 1977 φθαρτός
3196 1910 3364 1970 ἐστιν,
3386 1906 3530 1959 οῦτω
3562 1906 3717 1975 φησί·

2035 1998 2173 2049 Κατ’
2202 1995 2390 2063 ἀρχὰς
2441 1996 2544 2062 σὺ,
2579 1998 2777 2065 Κύριε,
2820 1995 2934 2065 τὴν
2976 1994 3095 2066 γῆν
3146 1994 3568 2064 ἐθεμελίωσας,
3618 1994 3717 2046 καί

2040 2081 2185 2149 ἔργα
2215 2082 2330 2134 τῶν
2353 2082 2567 2151 χειρῶν
2593 2101 2711 2137 σου
2746 2084 2907 2137 εἰσίν
2945 2086 2999 2137 οἱ
3047 2084 3298 2152 οἰψανυί
3332 2099 3347 2113 ·
3387 2083 3557 2135 αὐτοὶ
3603 2081 3719 2134 ἀετ-

2038 2169 2341 2231 ολοῦνται,
2385 2170 2465 2222 σὺ
2517 2171 2582 2223 δὲ
2610 2171 2929 2239 διαμένεις·
2959 2172 3056 2224 καὶ
3102 2170 3328 2237 πάντες
3354 2170 3437 2236 ὡς
3480 2168 3718 2237 Ιμάτιον

2038 2256 2583 2322 παίαιωθιξσονται,
2620 2260 2716 2311 καὶ
2760 2259 2901 2311 ὡσεὶ
2944 2260 3324 2325 περιϐόλαιον
3355 2257 3581 2321 ἑλίξεις
3609 2257 3717 2309 αὑ-

2038 2342 2198 2408 τοὺς,
2240 2344 2341 2397 καὶ
2388 2343 2865 2413 ἀλλαγήσονται.
2911 2345 3022 2397 K01
3066 2345 3228 2397 πάλιν
3269 2345 3398 2415 περὶ
3443 2342 3536 2395 τοῦ
3564 2343 3717 2412 ἡλίου

2035 2432 2201 2500 φησὶν
2246 2433 2276 2485 ό
2326 2432 2508 2496 Δαυῖδ,
2540 2433 2620 2485 ὅτι
2664 2434 2757 2498 Ὠς
2817 2434 3077 2502 νυμφίος
3122 2434 3600 2502 ἐκπορευόμενος
3647 2432 3717 2485 ἐκ

2033 2518 2272 2572 παστοῦ
2289 2520 2479 2573 αὑτοῦ
2500 2535 2511 2547 ³
2536 2520 2969 2589 ἀγαλλιάσεται
2993 2522 3073 2586 ὠς
3090 2522 3258 2590 γίγας
3280 2520 3527 2590 δραμεῖν
3547 2519 3713 2575 ὀδόν.

2034 2599 2187 2667 Εἶδες
2236 2604 2298 2657 τὸ
2337 2606 2531 2669 κάλλος
2571 2606 2667 2659 τοῦ
2708 2608 2909 2679 ἄστρου
2958 2611 3053 2661 καὶ
3095 2608 3157 2662 :6
3208 2608 3438 2679 μέγεθος
3474 2608 3591 2670 πῶς
3632 2623 3715 2659 σοι

2035 2691 2379 2762 παρέστησες
2430 2694 2696 2765 Καθάπερ
2729 2696 2839 2767 γὰρ
2868 2698 2932 2749 ὲκ
2957 2697 3225 2759 παστάδος
3249 2708 3271 2735 ε
3301 2697 3445 2759 τινὸς
3482 2694 3715 2766 νυμφίος

2033 2783 2245 2851 φανεὶς,
2270 2784 2441 2848 οὕτως
2481 2787 2510 2839 0
2537 2785 2689 2855 ἡλιος
2716 2787 2822 2840 51:6
2856 2787 2952 2858 τὴν
2984 2788 3059 2841 ἕω
3104 2788 3203 2852 :0;
3244 2791 3470 2852 ἀκτῖνας
3496 2789 3711 2859 ἀφίησι,

2033 2870 2126 2923 καὶ
2147 2870 2337 2942 ὥσπερ
2380 2872 2487 2924 τινὶ
2530 2873 2793 2944 κροκωτῷ
2841 2874 3306 2945 παραπετάσματι
3338 2874 3431 2927 τὸν
3479 2874 3713 2945 οὐρανὸν

2031 2956 2407 3021 καλλωπίζων,
2453 2960 2545 3012 καὶ
2585 2960 2867 3029 ροὃοειδεῖς
2920 2962 3091 3015 ποιῶν
3157 2962 3259 3025 τάς
3316 2962 3568 3031 νεφέλας,
3616 2962 3713 3015 καὶ

2030 3044 2439 3113 ἀνεμποδίστως
2464 3046 2673 3116 τρέχων
2701 3048 2882 3101 πᾶσαν
2916 3050 3014 3119 τὴν
3056 3050 3292 3120 ἡμέραν,
3324 3049 3499 3103 οὐδενὶ
3522 3050 3708 3103 διακό-

2031 3148 2223 3184 πτεται
2254 3131 2393 3201 πρὸς
2411 3132 2503 3186 τὸν
2529 3133 2726 3204 δρόμον
2752 3133 3055 3206 κωλύματι.
3113 3132 3266 3200 Εἶδες
3285 3136 3466 3190 τοίνυν
3496 3136 3557 3190 :6
3579 3137 3711 3191 κάλ-

2028 3217 2120 3280 λος
2150 3219 2315 3272 αὑτοῦ
2336 3260 2350 3285 ,
2377 3218 2515 3284 εἶδες
2542 3221 2708 3275 05:05
2736 3223 2798 3275 :6
2822 3222 3095 3294 μέγεθος;
3121 3222 3285 3295 βλέπε
3311 3224 3525 3294 καὶτῆς
3548 3224 3711 3277 ἀσθε-

2026 3304 2176 3369 νείας
2203 3307 2369 3360 αὐτοῦ
2397 3308 2460 3360 :6
2483 3308 2705 3379 δεῖγμα.
2748 3312 2859 3363 Καὶ
2885 3311 2995 3381 γὰρ
3020 3313 3115 3366 καὶ
3150 3311 3308 3365 τοῦτο
3340 3311 3516 3384 δηλῶν
3547 3312 3710 3383 σοφός

2026 3408 2108 3454 τις
2139 3392 2320 3461 ἔλεγε·
2362 3395 2423 3448 Τί
2457 3396 2884 3465 φωτεινότερον
2919 3399 3099 3465 ἡλίου
3120 3410 3145 3458 ;
3176 3400 3341 3468 φησὶ,
3380 3399 3480 3454 καί
3533 3399 3708 3453 τοῦτο

2026 3478 2307 3534 ἐκλείπει.
2338 3483 2451 3535 Ούκ
2480 3484 2588 3537 01:6
2608 3483 2798 3537 τούτου
2821 3486 2880 3539 δὲ
2908 3486 3067 3556 μόνον
3090 3484 3257 3539 05:05
3291 3487 3389 3556 τὴν
3421 3486 3709 3540 ἀσθένειαν

2030 3565 2178 3619 ἔστιν
2215 3568 2363 3636 ἰδεῖν,
2387 3570 2524 3624 ἀλλά
2555 3573 2647 3625 1:01
2668 3575 2726 3626 ἐν
2752 3576 2872 3636 ταῖς
2898 3574 3006 3626 τῶν
3043 3574 3318 3643 νεφελῶνῐ
3358 3575 3704 3645 συνδρομαῖς.

2030 3653 2244 3723 Νέφους
2265 3655 2396 3725 γοῦν
2428 3657 2832 3729 ὑποδραμόντος
2855 3659 3114 3725 πολλάκις
3144 3662 3245 3726 :0;
3280 3663 3502 3725 ἀκτῖνας
3527 3662 3707 3730 ἀφεὶς,

2029 3740 2126 3794 καὶ
2152 3741 2535 3814 φιλονεικὴσας
2566 3743 2858 3819 διαρρῆξαι
2884 3746 2947 3800 :6
2976 3748 3135 3818 νέφος
3163 3749 3264 3802 051:
3298 3748 3505 3819 ίσχυσε,
3536 3764 3707 3817 παχυ-

2025 3827 2192 3898 τέρας
2240 3828 2341 3897 τῆς
2383 3830 2614 3902 νεφέλης
2658 3830 2827 3902 οὔσης
2873 3834 2970 3886 1:01
2994 3835 3096 3888 05x
3139 3836 3515 3907 ἀνασχομένης
3561 3834 3710 3904 αὐτῷ

2024 3912 2285 3984 διασχεῖν.
2334 3914 2494 3969 Ἀλλά
2541 3917 2609 3970 :0
2646 3918 2939 3989 σπέρματα
2977 3922 3187 3992 τρέφει,
3227 3924 3398 3991 φησί·
3455 3922 3548 3975 καὶ
3599 3922 3709 3993 μὴν

2025 4000 2125 4053 ούκ
2153 4000 2316 4065 05:6;
2345 4002 2535 4073 τρέφει
2573 4003 2752 4074 μόνος,
2790 4006 2926 4061 ἀλλά
2958 4009 3053 4060 καὶ
3095 4010 3198 4079 γῆς
3238 4008 3430 4073 δεῖται,
3462 4010 3557 4061 καὶ
3585 4008 3709 4079 δρύσ

2029 4104 2145 4154 σου,
2179 4088 2274 4142 καὶ
2313 4089 2506 4156 ὑετῶν,
2550 4092 2644 4144 καὶ
2681 4093 2920 4163 ἀνέμων,
2953 4096 3048 4147 καὶ
3081 4096 3179 4167 τῆς
3205 4096 3314 4149 τῶν
3338 4095 3499 4167 ὡρῶν
3522 4096 3708 4166 εὐμοι-

2032 4175 2151 4245 ρίας
2174 4193 2187 4206 ·
2220 4176 2324 4231 κᾶν
2354 4178 2429 4250 μὴ
2482 4179 2656 4232 ταῦτα
2692 4181 2906 4234 ᾶπαντα
2944 4182 3247 4256 συνδράμῃ,
3296 4184 3580 4257 περιττὴὴ
3609 4182 3705 4237 :05

2026 4263 2181 4333 ἡλίου
2216 4265 2427 4334 γίνεται
2455 4268 2633 4338 χρεία.

2102 4349 2274 4403 Τοῦτο
2317 4351 2373 4405 δέ
2411 4353 2511 4405 οὐκ
2553 4353 2620 4409 ἂν
2667 4355 2753 4425 είη
2797 4354 2955 4418 Θεοῦ,
2985 4357 3047 4411 :6
3087 4358 3293 4413 δεῖσθαι
3336 4358 3537 4429 ἐτέρων
3570 4358 3704 4431 1:96;

2023 4435 2169 4506 ἅπερ
2198 4436 2266 4490 ἀν
2296 4437 2552 4508 βούληται
2591 4443 2802 4495 ποιεῖν·
2843 4442 2978 4497 Θεοῦ
3025 4446 3136 4516 γὰρ
3180 4444 3315 4500 ῐδιον
3366 4447 3598 4517 μάλιστα
3643 4448 3705 4499 τὸ

2019 4521 2288 4586 ἀνενδεές.
2318 4524 2491 4588 Αὐτὸς
2518 4526 2651 4593 γοῦν
2678 4528 2777 4598 οὐχ
2800 4528 2943 4583 οῦτω
2985 4531 3055 4584 :0
3102 4532 3391 4606 σπέρματα
3436 4531 3703 4602 ἐξήγαγεν

2019 4606 2129 4660 ἀπὸ
2151 4607 2250 4678 τῆς
2276 4608 2399 4679 γῆς,
2420 4608 2535 4663 ἀλλ’
2561 4611 2814 4665 ἐκέλευσε
2849 4614 3029 4683 μόνον,
3054 4617 3145 4669 καὶ
3172 4618 3350 4669 πάντα
3376 4617 3699 4688 ἐϐλάστησε.

2022 4694 2135 4748 K01
2166 4695 2350 4762 πάλιν,
2386 4697 2472 4750 ἵνα
2505 4698 2683 4770 μάθῃς
2714 4700 2797 4752 ὃτι
2830 4700 2929 4770 οὺχ
2976 4703 3011 4773 ἡ
3058 4702 3169 4755 τῶν
3204 4705 3481 4775 στοιχείων
3514 4706 3699 4775 φύσις,

2018 4780 2155 4835 ἀλλά
2178 4780 2241 4834 :6
2269 4783 2599 4854 πρόσταγμα
2627 4784 2793 4839 05:05
2828 4789 3005 4841 1:0v:0
3033 4792 3198 4857 ποιεῖ,
3223 4792 3366 4845 05:0
3388 4809 3448 4845 :5
3468 4793 3537 4845 :0
3560 4810 3701 4846 στοι-

2018 4871 2139 4939 χεῖα
2169 4870 2270 4923 οὐκ
2294 4871 2425 4925 ὄντα
2449 4873 2767 4943 παρήγαγε,
2788 4876 2883 4929 καὶ
2909 4877 3003 4928 ἐπὶ
3033 4877 3144 4931 τῶν
3171 4878 3463 4943 Ἰουδαίων,
3485 4880 3699 4944 οὐδενὸς

2016 4956 2251 5027 δεηθεὶς,
2284 4958 2348 5011 :6
2379 4959 2557 5030 μάννα
2588 4962 2934 5033 κατήγαγεν·
2970 4966 3178 5034 Ἄρτον
3217 4968 3348 5039 γὰρ,
3384 4970 3567 5038 φησὶν,
3593 4970 3698 5021 οὑ-

2009 5047 2206 5115 ρανοῦ
2238 5049 2465 5105 ἔδωκεν
2485 5051 2713 5119 αὐτοῖς.
2736 5056 2847 5107 K01
2872 5056 2925 5109 τί
2945 5055 3107 5126 λέγω,
3139 5059 3276 5130 πρὸς
3299 5060 3396 5129 τὴν
3422 5059 3527 5112 τῶν
3558 5075 3697 5129 1:09-

2018 5132 2139 5189 πῶν
2167 5136 2353 5209 ἀκμὴν
2384 5140 2467 5193 ὃτι
2497 5138 2702 5209 ἐτέρων
2728 5140 2900 5195 δεῖται
2926 5144 3203 5212 στοιχείων
3232 5146 3368 5215 πρὸς
3395 5146 3495 5217 τὴν
3518 5146 3699 5200 αὐτῶν

2017 5221 2304 5289 σύστασιν,
2331 5226 2468 5279 ὅπου
2494 5243 2557 5294 γε
2587 5227 2682 5281 καὶ
2712 5226 2877 5293 05:6;
2899 5229 3108 5282 πολλῶν
3131 5230 3321 5301 χρῄζει
3342 5233 3476 5303 πρὸς
3505 5234 3698 5287 σύστα-

2015 5327 2124 5373 σιν,
2160 5312 2255 5366 1:01
2284 5313 2385 5367 ούκ
2419 5313 2486 5367 ἂν
2524 5316 2686 5379 αὐτὸς
2714 5316 2997 5385 ἀρκέσειεν
3030 5317 3279 5388 ἐαυτῷες
3308 5318 3413 5373 K01
3458 5320 3568 5391 γάρ
3609 5322 3697 5376 ῐνα

2017 5397 2233 5473 βαδίζῃ,
2265 5399 2361 5454 τοῦ
2385 5400 2622 5473 ούρανοῦ
2650 5401 2819 5455 δεῖται
2852 5402 3104 5475 καθάπερ
3135 5404 3365 5474 ἐδάφους
3390 5408 3536 5472 τινὸς
3563 5410 3696 5463 ὑπο-

2013 5486 2291 5557 κειμένου,
2317 5487 2412 5541 καὶ
2444 5489 2530 5542 ῑνα
2560 5488 2835 5557 φαίνηται,
2867 5489 2965 5561 τῆς
2994 5490 3088 5543 τοῦ
3125 5491 3289 5562 ἀέρος
3324 5493 3695 5566 καθαρότητος

2012 5575 2109 5628 1:01
2136 5573 2488 5646 λεπτότητος,
2514 5576 2654 5629 ὥστε
2677 5574 2744 5629 ἂν
2770 5576 3030 5648 πυκνωθῇ
3063 5578 3208 5648 πέρα
3238 5580 3333 5633 τοῦ
3371 5582 3571 5653 μέτρου
3602 5588 3692 5636 καὶ

2010 5657 2192 5726 οὗτος,
2232 5663 2333 5716 051:
2369 5662 2543 5732 ίσχύει
2584 5662 2754 5727 δεῖξαι
2804 5663 2866 5717 :6
2910 5662 3063 5738 [112]
3096 5667 3291 5721 ἐαυτοῦ
3328 5670 3442 5738 φῶς
3470 5672 3692 5740 ἐκεῖνος,

2072 5766 2095 5824 ξ’
2121 5763 2325 5824 Aliquot
2344 5779 2459 5815 mss.
2489 5767 2544 5815 ἐκ
2563 5766 2772 5816 παστοῦ.

2071 5820 2091 5891 ξ
2118 5820 2350 5891 Alii-0:53
2369 5830 2538 5891 νεφῶν.

2064 5887 2092 5956 ς
2114 5887 2197 5956 Sic
2219 5888 2371 5956 Sayil.
2388 5887 2748 5956 pt‘interpre‘s.
2786 5890 2979 5952 “cum,
3002 5894 3170 5944 multis
3195 5893 3537 5956 prater-missis
3558 5911 3570 5956 ι
3594 5893 3691 5942 Καὶ

2002 5947 2258 6019 0.1.5101...
2282 5950 2359 6019 0::
2383 5951 2422 5998 ἐ.
2525 5947 2781 6019 στρὶχείων
2802 5968 2814 6014 ;
2832 5956 2948 6019 πρὸς
2965 5947 3051 6014 τὴν
3075 5947 3246 6006 ἑαυτοῦ
3272 5956 3501 6005 σύστασιν
3525 5955 3615 6006 οὐκ
3630 5960 3688 6005 αν

2006 6006 2152 6066 05:6;
2184 6010 2430 6074 ἀρκέσειεν
2455 6006 2791 6080 ἐαυτῷῘῈοιι-,ι
