  <div class='ocr_page' id='page_1' title='image "/cluster/home/n/w/nwhite01/storage/ocr_20150623/49/hvd.32044025239823/117.png"; bbox 0 0 4452 6738; ppageno 0'>
   <div class='ocr_carea' id='block_1_1' title="bbox 785 505 888 562">
    <p class='ocr_par' dir='ltr' id='par_1_1' title="bbox 785 505 888 562">
     <span class='ocr_line' id='line_1_1' title="bbox 785 505 888 562; baseline -0.039 0"><span class='ocrx_word' id='word_1_1' title='bbox 785 505 888 562; x_wconf 76' lang='grc'>11⁸1</span> 
     </span>
    </p>
   </div>
   <div class='ocr_carea' id='block_1_2' title="bbox 778 710 2460 782">
    <p class='ocr_par' dir='ltr' id='par_1_2' title="bbox 778 710 2460 782">
     <span class='ocr_line' id='line_1_2' title="bbox 778 710 2460 782; baseline -0.001 -17"><span class='ocrx_word' id='word_1_2' title='bbox 778 712 1120 782; x_wconf 63' lang='grc' dir='ltr'>ψυχρότητος</span> <span class='ocrx_word' id='word_1_3' title='bbox 1147 712 1322 768; x_wconf 91' lang='grc' dir='ltr'>δεῖται</span> <span class='ocrx_word' id='word_1_4' title='bbox 1350 711 1512 766; x_wconf 87' lang='grc' dir='ltr'>πάλιν</span> <span class='ocrx_word' id='word_1_5' title='bbox 1546 712 1641 764; x_wconf 71' lang='grc' dir='ltr'>καὶ</span> <span class='ocrx_word' id='word_1_6' title='bbox 1683 712 2076 782; x_wconf 86' lang='grc' dir='ltr'>δρόσου.”οταν</span> <span class='ocrx_word' id='word_1_7' title='bbox 2107 710 2201 767; x_wconf 74' lang='grc' dir='ltr'>οὖν</span> <span class='ocrx_word' id='word_1_8' title='bbox 2230 713 2326 767; x_wconf 79' lang='grc' dir='ltr'>καὶ</span> <span class='ocrx_word' id='word_1_9' title='bbox 2363 728 2460 764; x_wconf 86' lang='grc' dir='ltr'>πε-</span> 
     </span>
    </p>
   </div>
   <div class='ocr_carea' id='block_1_3' title="bbox 781 798 2458 872">
    <p class='ocr_par' dir='ltr' id='par_1_3' title="bbox 781 798 2458 872">
     <span class='ocr_line' id='line_1_3' title="bbox 781 798 2458 872; baseline 0.001 -22"><span class='ocrx_word' id='word_1_10' title='bbox 781 799 1056 870; x_wconf 85' lang='grc' dir='ltr'>ριγίνηται</span> <span class='ocrx_word' id='word_1_11' title='bbox 1081 800 1249 854; x_wconf 84' lang='grc' dir='ltr'>αὑτοῦ</span> <span class='ocrx_word' id='word_1_12' title='bbox 1275 801 1512 868; x_wconf 82' lang='grc' dir='ltr'>στοιχεῖα</span> <span class='ocrx_word' id='word_1_13' title='bbox 1529 798 1712 869; x_wconf 77' lang='grc' dir='ltr'>ἕτερα,</span> <span class='ocrx_word' id='word_1_14' title='bbox 1741 800 1837 852; x_wconf 74' lang='grc' dir='ltr'>καὶ</span> <span class='ocrx_word' id='word_1_15' title='bbox 1857 800 1956 872; x_wconf 83' lang='grc' dir='ltr'>τὴν</span> <span class='ocrx_word' id='word_1_16' title='bbox 1978 801 2263 854; x_wconf 81' lang='grc' dir='ltr'>ἀσθένειαν</span> <span class='ocrx_word' id='word_1_17' title='bbox 2290 798 2458 852; x_wconf 84' lang='grc' dir='ltr'>αὑτοῦ</span> 
     </span>
    </p>
   </div>
   <div class='ocr_carea' id='block_1_4' title="bbox 778 885 2461 958">
    <p class='ocr_par' dir='ltr' id='par_1_4' title="bbox 778 885 2461 958">
     <span class='ocr_line' id='line_1_4' title="bbox 778 885 2461 958; baseline -0.001 -20"><span class='ocrx_word' id='word_1_18' title='bbox 778 885 1065 957; x_wconf 87' lang='grc' dir='ltr'>διορθῶται</span> <span class='ocrx_word' id='word_1_19' title='bbox 1099 885 1477 957; x_wconf 75' lang='grc' dir='ltr'>(περιγίνεται</span> <span class='ocrx_word' id='word_1_20' title='bbox 1516 886 1614 956; x_wconf 80' lang='grc' dir='ltr'>μὲν</span> <span class='ocrx_word' id='word_1_21' title='bbox 1643 886 1720 950; x_wconf 83' lang='grc' dir='ltr'>ὡς</span> <span class='ocrx_word' id='word_1_22' title='bbox 1749 889 1970 958; x_wconf 81' lang='grc' dir='ltr'>νεφέλαι</span> <span class='ocrx_word' id='word_1_23' title='bbox 2016 889 2111 942; x_wconf 78' lang='grc' dir='ltr'>καὶ</span> <span class='ocrx_word' id='word_1_24' title='bbox 2145 890 2332 957; x_wconf 83' lang='grc' dir='ltr'>τοῖχοι,</span> <span class='ocrx_word' id='word_1_25' title='bbox 2367 885 2461 938; x_wconf 77' lang='grc' dir='ltr'>καὶ</span> 
     </span>
    </p>
   </div>
   <div class='ocr_carea' id='block_1_5' title="bbox 779 971 2454 1045">
    <p class='ocr_par' dir='ltr' id='par_1_5' title="bbox 779 971 2454 1045">
     <span class='ocr_line' id='line_1_5' title="bbox 779 971 2454 1045; baseline -0.002 -18"><span class='ocrx_word' id='word_1_26' title='bbox 779 971 918 1027; x_wconf 75' lang='grc' dir='ltr'>ἄλλα</span> <span class='ocrx_word' id='word_1_27' title='bbox 947 974 1068 1027; x_wconf 90' lang='grc' dir='ltr'>τινά</span> <span class='ocrx_word' id='word_1_28' title='bbox 1100 972 1324 1044; x_wconf 86' lang='grc' dir='ltr'>σώματα</span> <span class='ocrx_word' id='word_1_29' title='bbox 1348 972 1772 1044; x_wconf 78' lang='grc' dir='ltr'>ἀποκρύπτοντα</span> <span class='ocrx_word' id='word_1_30' title='bbox 1813 975 1980 1029; x_wconf 73' lang='grc' dir='ltr'>αὑτοῦ</span> <span class='ocrx_word' id='word_1_31' title='bbox 2014 977 2076 1028; x_wconf 89' lang='lat'>16</span> <span class='ocrx_word' id='word_1_32' title='bbox 2119 974 2236 1045; x_wconf 87' lang='grc' dir='ltr'>φῶς</span> <span class='ocrx_word' id='word_1_33' title='bbox 2256 990 2268 1001; x_wconf 90' lang='grc'><strong>·</strong></span> <span class='ocrx_word' id='word_1_34' title='bbox 2320 971 2454 1043; x_wconf 79' lang='grc' dir='ltr'>διορι</span> 
     </span>
    </p>
   </div>
   <div class='ocr_carea' id='block_1_6' title="bbox 779 1058 2461 1132">
    <p class='ocr_par' dir='ltr' id='par_1_6' title="bbox 779 1058 2461 1132">
     <span class='ocr_line' id='line_1_6' title="bbox 779 1058 2461 1132; baseline -0.001 -18"><span class='ocrx_word' id='word_1_35' title='bbox 779 1058 970 1114; x_wconf 84' lang='grc' dir='ltr'>θοῦται</span> <span class='ocrx_word' id='word_1_36' title='bbox 991 1060 1050 1114; x_wconf 82' lang='lat'>66</span> <span class='ocrx_word' id='word_1_37' title='bbox 1075 1058 1239 1114; x_wconf 87' lang='grc' dir='ltr'>αὑτοῦ</span> <span class='ocrx_word' id='word_1_38' title='bbox 1267 1059 1367 1130; x_wconf 80' lang='grc' dir='ltr'>τὴν</span> <span class='ocrx_word' id='word_1_39' title='bbox 1396 1059 1665 1130; x_wconf 81' lang='grc' dir='ltr'>ἀμετρίαν</span> <span class='ocrx_word' id='word_1_40' title='bbox 1692 1061 1770 1126; x_wconf 85' lang='grc' dir='ltr'>ὼς</span> <span class='ocrx_word' id='word_1_41' title='bbox 1797 1063 2000 1126; x_wconf 81' lang='grc' dir='ltr'>δρόσοι,</span> <span class='ocrx_word' id='word_1_42' title='bbox 2025 1062 2122 1115; x_wconf 81' lang='grc' dir='ltr'>καὶ</span> <span class='ocrx_word' id='word_1_43' title='bbox 2150 1060 2346 1132; x_wconf 80' lang='grc' dir='ltr'>πηγαὶ,</span> <span class='ocrx_word' id='word_1_44' title='bbox 2366 1060 2461 1112; x_wconf 80' lang='grc' dir='ltr'>καὶ</span> 
     </span>
    </p>
   </div>
   <div class='ocr_carea' id='block_1_7' title="bbox 777 1139 2460 1220">
    <p class='ocr_par' dir='ltr' id='par_1_7' title="bbox 777 1139 2460 1220">
     <span class='ocr_line' id='line_1_7' title="bbox 777 1139 2460 1220; baseline -0.002 -17"><span class='ocrx_word' id='word_1_45' title='bbox 777 1146 1057 1220; x_wconf 75' lang='grc' dir='ltr'>ψυχρότης</span> <span class='ocrx_word' id='word_1_46' title='bbox 1080 1147 1288 1219; x_wconf 81' lang='grc' dir='ltr'>ἀέρος),</span> <span class='ocrx_word' id='word_1_47' title='bbox 1315 1145 1434 1208; x_wconf 88' lang='grc' dir='ltr'>πῶς</span> <span class='ocrx_word' id='word_1_48' title='bbox 1457 1145 1525 1198; x_wconf 84' lang='grc' dir='ltr'>ἀν</span> <span class='ocrx_word' id='word_1_49' title='bbox 1553 1139 1712 1211; x_wconf 72' lang='grc' dir='ltr'>οὗτος</span> <span class='ocrx_word' id='word_1_50' title='bbox 1748 1151 1834 1218; x_wconf 80' lang='grc' dir='ltr'>εἰη</span> <span class='ocrx_word' id='word_1_51' title='bbox 1853 1144 2022 1214; x_wconf 82' lang='grc' dir='ltr'>Θεός;</span> <span class='ocrx_word' id='word_1_52' title='bbox 2057 1147 2161 1202; x_wconf 82' lang='grc' dir='ltr'>Τὸν</span> <span class='ocrx_word' id='word_1_53' title='bbox 2188 1145 2297 1217; x_wconf 88' lang='grc' dir='ltr'>γάρ</span> <span class='ocrx_word' id='word_1_54' title='bbox 2326 1145 2460 1200; x_wconf 76' lang='grc' dir='ltr'>Θεὸν</span> 
     </span>
    </p>
   </div>
   <div class='ocr_carea' id='block_1_8' title="bbox 778 1230 2462 1306">
    <p class='ocr_par' dir='ltr' id='par_1_8' title="bbox 778 1230 2462 1306">
     <span class='ocr_line' id='line_1_8' title="bbox 778 1230 2462 1306; baseline -0.001 -18"><span class='ocrx_word' id='word_1_55' title='bbox 778 1234 1004 1304; x_wconf 81' lang='grc' dir='ltr'>ἀνενδεῆ</span> <span class='ocrx_word' id='word_1_56' title='bbox 1029 1230 1168 1288; x_wconf 78' lang='grc' dir='ltr'>εἰναι</span> <span class='ocrx_word' id='word_1_57' title='bbox 1197 1235 1325 1306; x_wconf 77' lang='grc' dir='ltr'>χρὴ,</span> <span class='ocrx_word' id='word_1_58' title='bbox 1348 1235 1444 1287; x_wconf 75' lang='grc' dir='ltr'>καὶ</span> <span class='ocrx_word' id='word_1_59' title='bbox 1469 1233 1701 1304; x_wconf 79' lang='grc' dir='ltr'>μηδενὸς</span> <span class='ocrx_word' id='word_1_60' title='bbox 1724 1235 1953 1300; x_wconf 89' lang='grc' dir='ltr'>δεῖσθαι,</span> <span class='ocrx_word' id='word_1_61' title='bbox 1975 1235 2068 1289; x_wconf 79' lang='grc' dir='ltr'>καὶ</span> <span class='ocrx_word' id='word_1_62' title='bbox 2096 1236 2263 1288; x_wconf 79' lang='grc' dir='ltr'>πᾶσιν</span> <span class='ocrx_word' id='word_1_63' title='bbox 2285 1235 2462 1288; x_wconf 85' lang='grc' dir='ltr'>ἀπάν-</span> 
     </span>
    </p>
   </div>
   <div class='ocr_carea' id='block_1_9' title="bbox 777 1317 2461 1393">
    <p class='ocr_par' dir='ltr' id='par_1_9' title="bbox 777 1317 2461 1393">
     <span class='ocr_line' id='line_1_9' title="bbox 777 1317 2461 1393; baseline 0.002 -21"><span class='ocrx_word' id='word_1_64' title='bbox 777 1337 887 1373; x_wconf 89' lang='grc' dir='ltr'>των</span> <span class='ocrx_word' id='word_1_65' title='bbox 911 1319 1084 1373; x_wconf 88' lang='grc' dir='ltr'>αίτιον</span> <span class='ocrx_word' id='word_1_66' title='bbox 1110 1317 1248 1375; x_wconf 79' lang='grc' dir='ltr'>εἰναι</span> <span class='ocrx_word' id='word_1_67' title='bbox 1275 1320 1387 1376; x_wconf 88' lang='grc' dir='ltr'>τῶν</span> <span class='ocrx_word' id='word_1_68' title='bbox 1416 1322 1622 1386; x_wconf 90' lang='grc' dir='ltr'>καλῶν,</span> <span class='ocrx_word' id='word_1_69' title='bbox 1654 1323 1750 1377; x_wconf 74' lang='grc' dir='ltr'>καὶ</span> <span class='ocrx_word' id='word_1_70' title='bbox 1790 1322 1938 1393; x_wconf 82' lang='grc' dir='ltr'>παρά</span> <span class='ocrx_word' id='word_1_71' title='bbox 1978 1321 2205 1393; x_wconf 80' lang='grc' dir='ltr'>μηδενὸς</span> <span class='ocrx_word' id='word_1_72' title='bbox 2250 1321 2461 1375; x_wconf 84' lang='grc' dir='ltr'>κωλύε-</span> 
     </span>
    </p>
   </div>
   <div class='ocr_carea' id='block_1_10' title="bbox 780 1405 2462 1482">
    <p class='ocr_par' dir='ltr' id='par_1_10' title="bbox 780 1405 2462 1482">
     <span class='ocr_line' id='line_1_10' title="bbox 780 1405 2462 1482; baseline 0.001 -22"><span class='ocrx_word' id='word_1_73' title='bbox 780 1407 905 1460; x_wconf 86' lang='grc' dir='ltr'>σθαι</span> <span class='ocrx_word' id='word_1_74' title='bbox 927 1424 943 1439; x_wconf 80' lang='grc' dir='ltr'><strong>ο</strong></span> <span class='ocrx_word' id='word_1_75' title='bbox 973 1408 1226 1480; x_wconf 81' lang='grc' dir='ltr'>καθάπερ</span> <span class='ocrx_word' id='word_1_76' title='bbox 1273 1405 1367 1464; x_wconf 83' lang='grc' dir='ltr'>οῦν</span> <span class='ocrx_word' id='word_1_77' title='bbox 1411 1411 1508 1466; x_wconf 73' lang='grc' dir='ltr'>καὶ</span> <span class='ocrx_word' id='word_1_78' title='bbox 1546 1413 1676 1482; x_wconf 78' lang='grc' dir='ltr'>περὶ</span> <span class='ocrx_word' id='word_1_79' title='bbox 1716 1409 1810 1463; x_wconf 89' lang='grc' dir='ltr'>τοῦ</span> <span class='ocrx_word' id='word_1_80' title='bbox 1835 1408 1970 1461; x_wconf 81' lang='grc' dir='ltr'>Θεοῦ</span> <span class='ocrx_word' id='word_1_81' title='bbox 1998 1427 2164 1480; x_wconf 84' lang='grc' dir='ltr'>φησιν</span> <span class='ocrx_word' id='word_1_82' title='bbox 2193 1411 2220 1464; x_wconf 97' lang='lat'>6</span> <span class='ocrx_word' id='word_1_83' title='bbox 2249 1409 2462 1473; x_wconf 85' lang='grc' dir='ltr'>Παῦλος</span> 
     </span>
    </p>
   </div>
   <div class='ocr_carea' id='block_1_11' title="bbox 777 1494 2458 1569">
    <p class='ocr_par' dir='ltr' id='par_1_11' title="bbox 777 1494 2458 1569">
     <span class='ocr_line' id='line_1_11' title="bbox 777 1494 2458 1569; baseline 0 -21"><span class='ocrx_word' id='word_1_84' title='bbox 777 1495 874 1548; x_wconf 74' lang='grc' dir='ltr'>καὶ</span> <span class='ocrx_word' id='word_1_85' title='bbox 897 1496 928 1548; x_wconf 89' lang='lat'>6</span> <span class='ocrx_word' id='word_1_86' title='bbox 958 1497 1248 1569; x_wconf 79' lang='grc' dir='ltr'>προφήτης</span> <span class='ocrx_word' id='word_1_87' title='bbox 1287 1498 1537 1561; x_wconf 77' lang='grc' dir='ltr'>Ἡσαΐας,</span> <span class='ocrx_word' id='word_1_88' title='bbox 1564 1498 1592 1550; x_wconf 89' lang='lat'>6</span> <span class='ocrx_word' id='word_1_89' title='bbox 1639 1497 1737 1566; x_wconf 83' lang='grc' dir='ltr'>μὲν</span> <span class='ocrx_word' id='word_1_90' title='bbox 1786 1494 1930 1549; x_wconf 78' lang='grc' dir='ltr'>οὕτω</span> <span class='ocrx_word' id='word_1_91' title='bbox 1975 1496 2150 1564; x_wconf 86' lang='grc' dir='ltr'>λέγων</span> <span class='ocrx_word' id='word_1_92' title='bbox 2187 1499 2251 1550; x_wconf 85' lang='grc' dir='ltr'>ἐκ</span> <span class='ocrx_word' id='word_1_93' title='bbox 2293 1514 2458 1567; x_wconf 77' lang='grc' dir='ltr'>προσ·</span> 
     </span>
    </p>
   </div>
   <div class='ocr_carea' id='block_1_12' title="bbox 777 1580 2458 1653">
    <p class='ocr_par' dir='ltr' id='par_1_12' title="bbox 777 1580 2458 1653">
     <span class='ocr_line' id='line_1_12' title="bbox 777 1580 2458 1653; baseline 0.002 -19"><span class='ocrx_word' id='word_1_94' title='bbox 777 1580 933 1635; x_wconf 87' lang='grc' dir='ltr'>ὡπου</span> <span class='ocrx_word' id='word_1_95' title='bbox 967 1584 1155 1636; x_wconf 84' lang='grc' dir='ltr'>αὑτοῦ·</span> <span class='ocrx_word' id='word_1_96' title='bbox 1202 1585 1312 1638; x_wconf 80' lang='grc' dir='ltr'>Τὸν</span> <span class='ocrx_word' id='word_1_97' title='bbox 1339 1586 1601 1651; x_wconf 77' lang='grc' dir='ltr'>οὐρανὸν</span> <span class='ocrx_word' id='word_1_98' title='bbox 1629 1583 1729 1637; x_wconf 84' lang='grc' dir='ltr'>καί</span> <span class='ocrx_word' id='word_1_99' title='bbox 1761 1582 1874 1650; x_wconf 73' lang='grc' dir='ltr'>τὴν</span> <span class='ocrx_word' id='word_1_100' title='bbox 1914 1583 2034 1652; x_wconf 75' lang='grc' dir='ltr'>γῆν</span> <span class='ocrx_word' id='word_1_101' title='bbox 2072 1584 2189 1653; x_wconf 76' lang='grc' dir='ltr'>ἐγὼ</span> <span class='ocrx_word' id='word_1_102' title='bbox 2229 1583 2458 1651; x_wconf 81' lang='grc' dir='ltr'>πληρῶ,</span> 
     </span>
    </p>
   </div>
   <div class='ocr_carea' id='block_1_13' title="bbox 778 1668 2464 1741">
    <p class='ocr_par' dir='ltr' id='par_1_13' title="bbox 778 1668 2464 1741">
     <span class='ocr_line' id='line_1_13' title="bbox 778 1668 2464 1741; baseline -0.001 -18"><span class='ocrx_word' id='word_1_103' title='bbox 778 1668 945 1740; x_wconf 78' lang='grc' dir='ltr'>λέγει</span> <span class='ocrx_word' id='word_1_104' title='bbox 977 1672 1225 1740; x_wconf 84' lang='grc' dir='ltr'>Κύριος·</span> <span class='ocrx_word' id='word_1_105' title='bbox 1262 1671 1359 1725; x_wconf 72' lang='grc' dir='ltr'>καὶ</span> <span class='ocrx_word' id='word_1_106' title='bbox 1391 1671 1571 1724; x_wconf 78' lang='grc' dir='ltr'>πάλιν⁸</span> <span class='ocrx_word' id='word_1_107' title='bbox 1610 1670 1758 1736; x_wconf 84' lang='grc' dir='ltr'>Θεὸς</span> <span class='ocrx_word' id='word_1_108' title='bbox 1785 1670 2030 1741; x_wconf 78' lang='grc' dir='ltr'>ὲγγίζων</span> <span class='ocrx_word' id='word_1_109' title='bbox 2052 1670 2168 1740; x_wconf 71' lang='grc' dir='ltr'>ἐγώ</span> <span class='ocrx_word' id='word_1_110' title='bbox 2193 1674 2328 1740; x_wconf 81' lang='grc' dir='ltr'>εἰμι,</span> <span class='ocrx_word' id='word_1_111' title='bbox 2364 1671 2464 1725; x_wconf 79' lang='grc' dir='ltr'>καί</span> 
     </span>
    </p>
   </div>
   <div class='ocr_carea' id='block_1_14' title="bbox 777 1756 2466 1826">
    <p class='ocr_par' dir='ltr' id='par_1_14' title="bbox 777 1756 2466 1826">
     <span class='ocr_line' id='line_1_14' title="bbox 777 1756 2466 1826; baseline 0.001 -16"><span class='ocrx_word' id='word_1_112' title='bbox 777 1757 855 1810; x_wconf 81' lang='grc' dir='ltr'>οὐ</span> <span class='ocrx_word' id='word_1_113' title='bbox 902 1757 1049 1824; x_wconf 84' lang='grc' dir='ltr'>Θεὸς</span> <span class='ocrx_word' id='word_1_114' title='bbox 1080 1759 1413 1826; x_wconf 78' lang='grc' dir='ltr'>πόρρωθεν·</span> <span class='ocrx_word' id='word_1_115' title='bbox 1451 1757 1545 1810; x_wconf 76' lang='grc' dir='ltr'>καὶ</span> <span class='ocrx_word' id='word_1_116' title='bbox 1583 1757 1748 1812; x_wconf 83' lang='grc' dir='ltr'>πάλιν</span> <span class='ocrx_word' id='word_1_117' title='bbox 1773 1759 1802 1811; x_wconf 93' lang='lat'>6</span> <span class='ocrx_word' id='word_1_118' title='bbox 1834 1758 2019 1813; x_wconf 70' lang='grc' dir='ltr'>Δαυῖδσ</span> <span class='ocrx_word' id='word_1_119' title='bbox 2055 1756 2216 1813; x_wconf 79' lang='grc' dir='ltr'>Εἶπα</span> <span class='ocrx_word' id='word_1_120' title='bbox 2243 1757 2324 1824; x_wconf 85' lang='grc' dir='ltr'>τῷ</span> <span class='ocrx_word' id='word_1_121' title='bbox 2348 1761 2466 1812; x_wconf 86' lang='grc' dir='ltr'>Κυ-</span> 
     </span>
    </p>
   </div>
   <div class='ocr_carea' id='block_1_15' title="bbox 1568 505 4244 579">
    <p class='ocr_par' dir='ltr' id='par_1_15' title="bbox 1568 505 4244 579">
     <span class='ocr_line' id='line_1_15' title="bbox 1568 505 4244 579; baseline 0.005 -16"><span class='ocrx_word' id='word_1_122' title='bbox 1568 505 1628 564; x_wconf 82' lang='grc'>5.</span> <span class='ocrx_word' id='word_1_123' title='bbox 1663 505 1952 562; x_wconf 76' lang='lat' dir='ltr'>JOANNIS</span> <span class='ocrx_word' id='word_1_124' title='bbox 1987 505 2487 566; x_wconf 71' lang='lat' dir='ltr'>CIIBYSOSTOMI</span> <span class='ocrx_word' id='word_1_125' title='bbox 2525 506 3439 570; x_wconf 70' lang='lat' dir='ltr'>ARCHIEP.’CONSTANTINOP.</span> <span class='ocrx_word' id='word_1_126' title='bbox 4149 519 4244 579; x_wconf 77' lang='grc'>118</span> 
     </span>
    </p>
   </div>
   <div class='ocr_carea' id='block_1_16' title="bbox 665 617 2463 697">
    <p class='ocr_par' dir='ltr' id='par_1_16' title="bbox 665 617 2463 697">
     <span class='ocr_line' id='line_1_16' title="bbox 665 617 2463 697; baseline -0.001 -20"><span class='ocrx_word' id='word_1_127' title='bbox 665 655 667 658; x_wconf 56' lang='grc' dir='ltr'>ι</span> <span class='ocrx_word' id='word_1_128' title='bbox 782 622 878 678; x_wconf 74' lang='grc' dir='ltr'>καὶ</span> <span class='ocrx_word' id='word_1_129' title='bbox 915 624 1003 678; x_wconf 76' lang='grc' dir='ltr'>ἵνα</span> <span class='ocrx_word' id='word_1_130' title='bbox 1038 625 1114 695; x_wconf 85' lang='grc' dir='ltr'>μὴ</span> <span class='ocrx_word' id='word_1_131' title='bbox 1144 617 1312 678; x_wconf 76' lang='grc' dir='ltr'>πᾶσιν</span> <span class='ocrx_word' id='word_1_132' title='bbox 1341 624 1614 694; x_wconf 80' lang='grc' dir='ltr'>ἀφόρητος</span> <span class='ocrx_word' id='word_1_133' title='bbox 1641 619 1699 696; x_wconf 81' lang='grc' dir='ltr'><strong>ᾖ.</strong></span> <span class='ocrx_word' id='word_1_134' title='bbox 1734 623 1869 694; x_wconf 81' lang='grc' dir='ltr'>μηδὲ</span> <span class='ocrx_word' id='word_1_135' title='bbox 1894 625 2218 697; x_wconf 77' lang='grc' dir='ltr'>κατακαύσῃ</span> <span class='ocrx_word' id='word_1_136' title='bbox 2261 624 2463 687; x_wconf 88' lang='grc' dir='ltr'>πάντα,</span> 
     </span>
    </p>
   </div>
   <div class='ocr_carea' id='block_1_17' title="bbox 2575 625 4256 704">
    <p class='ocr_par' dir='ltr' id='par_1_17' title="bbox 2575 625 4256 704">
     <span class='ocr_line' id='line_1_17' title="bbox 2575 625 4256 704; baseline 0.011 -30"><span class='ocrx_word' id='word_1_137' title='bbox 2575 639 2770 689; x_wconf 85' lang='grc' dir='ltr'>σαντος</span> <span class='ocrx_word' id='word_1_138' title='bbox 2793 626 2990 691; x_wconf 78' lang='grc' dir='ltr'>οὕτως.</span> <span class='ocrx_word' id='word_1_139' title='bbox 3010 629 3292 683; x_wconf 78' lang='grc' dir='ltr'>Ἐκὲλευσε</span> <span class='ocrx_word' id='word_1_140' title='bbox 3323 630 3380 684; x_wconf 80' lang='grc' dir='ltr'>δὲ</span> <span class='ocrx_word' id='word_1_141' title='bbox 3412 633 3440 684; x_wconf 90' lang='lat'>6</span> <span class='ocrx_word' id='word_1_142' title='bbox 3467 630 3600 694; x_wconf 79' lang='grc' dir='ltr'>Θεὸς</span> <span class='ocrx_word' id='word_1_143' title='bbox 3635 629 3782 684; x_wconf 80' lang='grc' dir='ltr'>οὕτω</span> <span class='ocrx_word' id='word_1_144' title='bbox 3807 625 3898 687; x_wconf 81' lang='grc' dir='ltr'>διὰ</span> <span class='ocrx_word' id='word_1_145' title='bbox 3926 636 3986 688; x_wconf 81' lang='grc' dir='ltr'>τὸ</span> <span class='ocrx_word' id='word_1_146' title='bbox 4014 637 4173 704; x_wconf 83' lang='grc' dir='ltr'>γένος</span> <span class='ocrx_word' id='word_1_147' title='bbox 4201 642 4256 694; x_wconf 82' lang='grc' dir='ltr'>τὸ</span> 
     </span>
    </p>
   </div>
   <div class='ocr_carea' id='block_1_18' title="bbox 2576 709 4254 795">
    <p class='ocr_par' dir='ltr' id='par_1_18' title="bbox 2576 709 4254 795">
     <span class='ocr_line' id='line_1_18' title="bbox 2576 709 4254 795; baseline 0.008 -32"><span class='ocrx_word' id='word_1_148' title='bbox 2576 709 2876 784; x_wconf 74' lang='grc' dir='ltr'>ἡμέτερονο</span> <span class='ocrx_word' id='word_1_149' title='bbox 2906 713 3097 786; x_wconf 82' lang='grc' dir='ltr'>ἐπειδὴ</span> <span class='ocrx_word' id='word_1_150' title='bbox 3145 717 3258 788; x_wconf 78' lang='grc' dir='ltr'>γὰρ</span> <span class='ocrx_word' id='word_1_151' title='bbox 3295 717 3536 787; x_wconf 70' lang='grc' dir='ltr'>φθαρτὸν</span> <span class='ocrx_word' id='word_1_152' title='bbox 3562 716 3763 789; x_wconf 75' lang='grc' dir='ltr'>ἦμελλε</span> <span class='ocrx_word' id='word_1_153' title='bbox 3787 721 4011 789; x_wconf 80' lang='grc' dir='ltr'>τρέφειν</span> <span class='ocrx_word' id='word_1_154' title='bbox 4053 722 4254 795; x_wconf 81' lang='grc' dir='ltr'>ἀνθρω-</span> 
     </span>
    </p>
   </div>
   <div class='ocr_carea' id='block_1_19' title="bbox 2590 800 4256 879">
    <p class='ocr_par' dir='ltr' id='par_1_19' title="bbox 2590 800 4256 879">
     <span class='ocr_line' id='line_1_19' title="bbox 2590 800 4256 879; baseline 0.007 -27"><span class='ocrx_word' id='word_1_155' title='bbox 2590 815 2714 862; x_wconf 88' lang='grc' dir='ltr'>πον,</span> <span class='ocrx_word' id='word_1_156' title='bbox 2742 800 2838 855; x_wconf 78' lang='grc' dir='ltr'>καὶ</span> <span class='ocrx_word' id='word_1_157' title='bbox 2872 800 3044 872; x_wconf 79' lang='grc' dir='ltr'>αὑτὴν</span> <span class='ocrx_word' id='word_1_158' title='bbox 3075 804 3336 875; x_wconf 73' lang='grc' dir='ltr'>τοιαύτην</span> <span class='ocrx_word' id='word_1_159' title='bbox 3359 800 3498 861; x_wconf 84' lang='grc' dir='ltr'>εἶναι</span> <span class='ocrx_word' id='word_1_160' title='bbox 3523 805 3688 876; x_wconf 78' lang='grc' dir='ltr'>ἐχρῆν</span> <span class='ocrx_word' id='word_1_161' title='bbox 3708 821 3724 836; x_wconf 77' lang='grc' dir='ltr'><strong>ο</strong></span> <span class='ocrx_word' id='word_1_162' title='bbox 3745 805 3807 857; x_wconf 90' lang='lat'>06</span> <span class='ocrx_word' id='word_1_163' title='bbox 3829 806 3939 876; x_wconf 84' lang='grc' dir='ltr'>γάρ</span> <span class='ocrx_word' id='word_1_164' title='bbox 3959 807 4026 878; x_wconf 81' lang='grc' dir='ltr'>δὴ</span> <span class='ocrx_word' id='word_1_165' title='bbox 4049 809 4256 879; x_wconf 85' lang='grc' dir='ltr'>φθαρτά</span> 
     </span>
    </p>
   </div>
   <div class='ocr_carea' id='block_1_20' title="bbox 2586 885 4257 962">
    <p class='ocr_par' dir='ltr' id='par_1_20' title="bbox 2586 885 4257 962">
     <span class='ocr_line' id='line_1_20' title="bbox 2586 885 4257 962; baseline 0.008 -27"><span class='ocrx_word' id='word_1_166' title='bbox 2586 885 2817 956; x_wconf 84' lang='grc' dir='ltr'>σώματα</span> <span class='ocrx_word' id='word_1_167' title='bbox 2862 887 3097 960; x_wconf 72' lang='grc' dir='ltr'>ἧμελλεν</span> <span class='ocrx_word' id='word_1_168' title='bbox 3139 890 3407 962; x_wconf 80' lang='grc' dir='ltr'>ἀφθάρτῳ</span> <span class='ocrx_word' id='word_1_169' title='bbox 3464 890 3830 946; x_wconf 79' lang='grc' dir='ltr'>ἐνδιαιτᾶσθαι</span> <span class='ocrx_word' id='word_1_170' title='bbox 3888 892 4088 948; x_wconf 84' lang='grc' dir='ltr'>κτίσει.</span> <span class='ocrx_word' id='word_1_171' title='bbox 4124 895 4257 948; x_wconf 82' lang='grc' dir='ltr'>Ἀλλ’</span> 
     </span>
    </p>
   </div>
   <div class='ocr_carea' id='block_1_21' title="bbox 2581 971 4256 1048">
    <p class='ocr_par' dir='ltr' id='par_1_21' title="bbox 2581 971 4256 1048">
     <span class='ocr_line' id='line_1_21' title="bbox 2581 971 4256 1048; baseline 0.007 -23"><span class='ocrx_word' id='word_1_172' title='bbox 2581 971 2732 1042; x_wconf 86' lang='grc' dir='ltr'>ὅμως</span> <span class='ocrx_word' id='word_1_173' title='bbox 2763 976 2826 1028; x_wconf 90' lang='lat'>06</span> <span class='ocrx_word' id='word_1_174' title='bbox 2861 976 3010 1046; x_wconf 89' lang='grc' dir='ltr'>μένει</span> <span class='ocrx_word' id='word_1_175' title='bbox 3046 974 3296 1043; x_wconf 84' lang='grc' dir='ltr'>τοιαύτη,</span> <span class='ocrx_word' id='word_1_176' title='bbox 3343 980 3532 1048; x_wconf 79' lang='grc' dir='ltr'>φησὶν,</span> <span class='ocrx_word' id='word_1_177' title='bbox 3567 979 3704 1032; x_wconf 85' lang='grc' dir='ltr'>ἀλλά</span> <span class='ocrx_word' id='word_1_178' title='bbox 3738 977 3847 1032; x_wconf 72' lang='lat' dir='ltr'>Kal</span> <span class='ocrx_word' id='word_1_179' title='bbox 3873 977 4029 1046; x_wconf 79' lang='grc' dir='ltr'>αὐτὴ</span> <span class='ocrx_word' id='word_1_180' title='bbox 4068 981 4110 1046; x_wconf 75' lang='grc' dir='ltr'>ἡ</span> <span class='ocrx_word' id='word_1_181' title='bbox 4143 982 4256 1036; x_wconf 80' lang='grc' dir='ltr'>κτι-</span> 
     </span>
    </p>
   </div>
   <div class='ocr_carea' id='block_1_22' title="bbox 2581 1061 4254 1133">
    <p class='ocr_par' dir='ltr' id='par_1_22' title="bbox 2581 1061 4254 1133">
     <span class='ocr_line' id='line_1_22' title="bbox 2581 1061 4254 1133; baseline 0.006 -21"><span class='ocrx_word' id='word_1_182' title='bbox 2581 1075 2684 1126; x_wconf 79' lang='grc' dir='ltr'>σις</span> <span class='ocrx_word' id='word_1_183' title='bbox 2710 1061 3257 1132; x_wconf 71' lang='grc' dir='ltr'>ἐλευθερωθήσεται</span> <span class='ocrx_word' id='word_1_184' title='bbox 3280 1063 3402 1116; x_wconf 79' lang='grc' dir='ltr'>ἀπὸ</span> <span class='ocrx_word' id='word_1_185' title='bbox 3424 1065 3537 1132; x_wconf 81' lang='grc' dir='ltr'>τῆς</span> <span class='ocrx_word' id='word_1_186' title='bbox 3560 1065 3842 1132; x_wconf 73' lang='grc' dir='ltr'>δουλείας</span> <span class='ocrx_word' id='word_1_187' title='bbox 3869 1064 3976 1133; x_wconf 79' lang='grc' dir='ltr'>τῆς</span> <span class='ocrx_word' id='word_1_188' title='bbox 3999 1065 4254 1133; x_wconf 68' lang='grc' dir='ltr'>φθορᾶςο</span> 
     </span>
    </p>
   </div>
   <div class='ocr_carea' id='block_1_23' title="bbox 2580 1141 4253 1221">
    <p class='ocr_par' dir='ltr' id='par_1_23' title="bbox 2580 1141 4253 1221">
     <span class='ocr_line' id='line_1_23' title="bbox 2580 1141 4253 1221; baseline 0.004 -23"><span class='ocrx_word' id='word_1_189' title='bbox 2580 1141 2701 1202; x_wconf 75' lang='grc' dir='ltr'>εἶτα</span> <span class='ocrx_word' id='word_1_190' title='bbox 2731 1148 2908 1219; x_wconf 87' lang='grc' dir='ltr'>δηλῶν</span> <span class='ocrx_word' id='word_1_191' title='bbox 2952 1151 3082 1204; x_wconf 88' lang='grc' dir='ltr'>πότε</span> <span class='ocrx_word' id='word_1_192' title='bbox 3111 1149 3272 1203; x_wconf 89' lang='grc' dir='ltr'>τοῦτο</span> <span class='ocrx_word' id='word_1_193' title='bbox 3317 1148 3472 1204; x_wconf 72' lang='grc' dir='ltr'>ἔσται</span> <span class='ocrx_word' id='word_1_194' title='bbox 3519 1153 3615 1206; x_wconf 77' lang='grc' dir='ltr'>καὶ</span> <span class='ocrx_word' id='word_1_195' title='bbox 3641 1152 3731 1208; x_wconf 89' lang='grc' dir='ltr'>διά</span> <span class='ocrx_word' id='word_1_196' title='bbox 3756 1153 3928 1216; x_wconf 88' lang='grc' dir='ltr'>τίνας,</span> <span class='ocrx_word' id='word_1_197' title='bbox 3958 1152 4253 1221; x_wconf 77' lang='grc' dir='ltr'>ἐπήγαγεν·</span> 
     </span>
    </p>
   </div>
   <div class='ocr_carea' id='block_1_24' title="bbox 2579 1234 4252 1307">
    <p class='ocr_par' dir='ltr' id='par_1_24' title="bbox 2579 1234 4252 1307">
     <span class='ocr_line' id='line_1_24' title="bbox 2579 1234 4252 1307; baseline 0.004 -19"><span class='ocrx_word' id='word_1_198' title='bbox 2579 1237 2686 1300; x_wconf 85' lang='grc' dir='ltr'>Εἰς</span> <span class='ocrx_word' id='word_1_199' title='bbox 2707 1236 2826 1304; x_wconf 76' lang='grc' dir='ltr'>τὴν</span> <span class='ocrx_word' id='word_1_200' title='bbox 2853 1237 3207 1307; x_wconf 69' lang='grc' dir='ltr'>ἐλευθερίαν</span> <span class='ocrx_word' id='word_1_201' title='bbox 3229 1234 3339 1303; x_wconf 87' lang='grc' dir='ltr'>τῆς</span> <span class='ocrx_word' id='word_1_202' title='bbox 3359 1235 3550 1304; x_wconf 79' lang='grc' dir='ltr'>δόξης</span> <span class='ocrx_word' id='word_1_203' title='bbox 3571 1239 3693 1293; x_wconf 78' lang='grc' dir='ltr'>τῶν</span> <span class='ocrx_word' id='word_1_204' title='bbox 3711 1239 3937 1295; x_wconf 73' lang='grc' dir='ltr'>τέκνων</span> <span class='ocrx_word' id='word_1_205' title='bbox 3954 1239 4063 1293; x_wconf 82' lang='grc' dir='ltr'>τοῦ</span> <span class='ocrx_word' id='word_1_206' title='bbox 4089 1239 4252 1294; x_wconf 85' lang='grc' dir='ltr'>Θεοῦ.</span> 
     </span>
    </p>
   </div>
   <div class='ocr_carea' id='block_1_25' title="bbox 2577 1322 4253 1398">
    <p class='ocr_par' dir='ltr' id='par_1_25' title="bbox 2577 1322 4253 1398">
     <span class='ocr_line' id='line_1_25' title="bbox 2577 1322 4253 1398; baseline 0 -21"><span class='ocrx_word' id='word_1_207' title='bbox 2577 1322 2748 1377; x_wconf 88' lang='grc' dir='ltr'>Ὅταν</span> <span class='ocrx_word' id='word_1_208' title='bbox 2778 1323 2888 1393; x_wconf 85' lang='grc' dir='ltr'>γάρ</span> <span class='ocrx_word' id='word_1_209' title='bbox 2914 1325 3260 1394; x_wconf 81' lang='grc' dir='ltr'>ἀναστῶμεν,</span> <span class='ocrx_word' id='word_1_210' title='bbox 3300 1324 3454 1392; x_wconf 79' lang='grc' dir='ltr'>φησὶ,</span> <span class='ocrx_word' id='word_1_211' title='bbox 3481 1326 3578 1376; x_wconf 69' lang='grc' dir='ltr'>κα)⁸</span> <span class='ocrx_word' id='word_1_212' title='bbox 3603 1326 3859 1398; x_wconf 77' lang='grc' dir='ltr'>ἄφθαρτα</span> <span class='ocrx_word' id='word_1_213' title='bbox 3879 1327 4136 1398; x_wconf 76' lang='grc' dir='ltr'>λάϐωμεν</span> <span class='ocrx_word' id='word_1_214' title='bbox 4157 1325 4253 1378; x_wconf 83' lang='grc' dir='ltr'>σώ-</span> 
     </span>
    </p>
   </div>
   <div class='ocr_carea' id='block_1_26' title="bbox 2579 1409 4256 1485">
    <p class='ocr_par' dir='ltr' id='par_1_26' title="bbox 2579 1409 4256 1485">
     <span class='ocr_line' id='line_1_26' title="bbox 2579 1409 4256 1485; baseline 0.002 -23"><span class='ocrx_word' id='word_1_215' title='bbox 2579 1428 2747 1480; x_wconf 88' lang='grc' dir='ltr'>ματα,</span> <span class='ocrx_word' id='word_1_216' title='bbox 2781 1411 2904 1462; x_wconf 90' lang='grc' dir='ltr'>τότε</span> <span class='ocrx_word' id='word_1_217' title='bbox 2949 1411 3046 1464; x_wconf 76' lang='grc' dir='ltr'>καὶ</span> <span class='ocrx_word' id='word_1_218' title='bbox 3091 1411 3186 1464; x_wconf 92' lang='grc' dir='ltr'>τοῦ</span> <span class='ocrx_word' id='word_1_219' title='bbox 3237 1409 3468 1482; x_wconf 81' lang='grc' dir='ltr'>οὐρανοῦ</span> <span class='ocrx_word' id='word_1_220' title='bbox 3496 1409 3558 1463; x_wconf 84' lang='grc' dir='ltr'>τὸ</span> <span class='ocrx_word' id='word_1_221' title='bbox 3586 1411 3747 1481; x_wconf 86' lang='grc' dir='ltr'>σῶμα</span> <span class='ocrx_word' id='word_1_222' title='bbox 3781 1417 3875 1468; x_wconf 78' lang='grc' dir='ltr'>καὶ</span> <span class='ocrx_word' id='word_1_223' title='bbox 3902 1415 4001 1485; x_wconf 85' lang='grc' dir='ltr'>τῆς</span> <span class='ocrx_word' id='word_1_224' title='bbox 4023 1414 4133 1484; x_wconf 72' lang='grc' dir='ltr'>γῆς</span> <span class='ocrx_word' id='word_1_225' title='bbox 4171 1416 4256 1467; x_wconf 71' lang='grc' dir='ltr'>καὶ</span> 
     </span>
    </p>
   </div>
   <div class='ocr_carea' id='block_1_27' title="bbox 2573 1496 4256 1574">
    <p class='ocr_par' dir='ltr' id='par_1_27' title="bbox 2573 1496 4256 1574">
     <span class='ocr_line' id='line_1_27' title="bbox 2573 1496 4256 1574; baseline 0.001 -23"><span class='ocrx_word' id='word_1_226' title='bbox 2573 1499 2673 1569; x_wconf 81' lang='grc' dir='ltr'>τῆς</span> <span class='ocrx_word' id='word_1_227' title='bbox 2694 1497 2929 1560; x_wconf 81' lang='grc' dir='ltr'>κτίσεως</span> <span class='ocrx_word' id='word_1_228' title='bbox 2951 1496 3172 1568; x_wconf 80' lang='grc' dir='ltr'>ἀπάσης</span> <span class='ocrx_word' id='word_1_229' title='bbox 3194 1499 3472 1570; x_wconf 84' lang='grc' dir='ltr'>ἄφθαρτον</span> <span class='ocrx_word' id='word_1_230' title='bbox 3495 1498 3649 1549; x_wconf 74' lang='grc' dir='ltr'>ἔσται</span> <span class='ocrx_word' id='word_1_231' title='bbox 3673 1500 3769 1552; x_wconf 81' lang='grc' dir='ltr'>καὶ</span> <span class='ocrx_word' id='word_1_232' title='bbox 3789 1501 3896 1571; x_wconf 82' lang='grc' dir='ltr'>ἀκή</span> <span class='ocrx_word' id='word_1_233' title='bbox 3906 1502 4256 1574; x_wconf 82' lang='grc' dir='ltr'>ρατον.’οταν</span> 
     </span>
    </p>
   </div>
   <div class='ocr_carea' id='block_1_28' title="bbox 2571 1581 4254 1660">
    <p class='ocr_par' dir='ltr' id='par_1_28' title="bbox 2571 1581 4254 1660">
     <span class='ocr_line' id='line_1_28' title="bbox 2571 1581 4254 1660; baseline 0.001 -23"><span class='ocrx_word' id='word_1_234' title='bbox 2571 1581 2666 1638; x_wconf 79' lang='grc' dir='ltr'>οὖν</span> <span class='ocrx_word' id='word_1_235' title='bbox 2711 1584 2828 1658; x_wconf 73' lang='grc' dir='ltr'>ἴδῃς</span> <span class='ocrx_word' id='word_1_236' title='bbox 2873 1584 3026 1654; x_wconf 71' lang='grc' dir='ltr'>ἥλιον</span> <span class='ocrx_word' id='word_1_237' title='bbox 3071 1585 3385 1654; x_wconf 81' lang='grc' dir='ltr'>ἀνίσχοντα,</span> <span class='ocrx_word' id='word_1_238' title='bbox 3414 1583 3697 1655; x_wconf 79' lang='grc' dir='ltr'>θαύμασον</span> <span class='ocrx_word' id='word_1_239' title='bbox 3743 1587 3837 1638; x_wconf 84' lang='grc' dir='ltr'>τὸν</span> <span class='ocrx_word' id='word_1_240' title='bbox 3885 1587 4254 1660; x_wconf 76' lang='grc' dir='ltr'>Δημιουργόν·</span> 
     </span>
    </p>
   </div>
   <div class='ocr_carea' id='block_1_29' title="bbox 2572 1672 4258 1746">
    <p class='ocr_par' dir='ltr' id='par_1_29' title="bbox 2572 1672 4258 1746">
     <span class='ocr_line' id='line_1_29' title="bbox 2572 1672 4258 1746; baseline 0.001 -20"><span class='ocrx_word' id='word_1_241' title='bbox 2572 1674 2701 1727; x_wconf 86' lang='grc' dir='ltr'>ὃταν</span> <span class='ocrx_word' id='word_1_242' title='bbox 2735 1675 2850 1746; x_wconf 76' lang='grc' dir='ltr'>ἴδῃς</span> <span class='ocrx_word' id='word_1_243' title='bbox 2882 1673 3046 1727; x_wconf 80' lang='grc' dir='ltr'>αὑτὸν</span> <span class='ocrx_word' id='word_1_244' title='bbox 3073 1672 3448 1744; x_wconf 82' lang='grc' dir='ltr'>κρυπτόμενον</span> <span class='ocrx_word' id='word_1_245' title='bbox 3496 1672 3592 1724; x_wconf 75' lang='grc' dir='ltr'>καὶ</span> <span class='ocrx_word' id='word_1_246' title='bbox 3645 1672 4069 1745; x_wconf 82' lang='grc' dir='ltr'>ἀφανιζόμενον,</span> <span class='ocrx_word' id='word_1_247' title='bbox 4100 1675 4258 1728; x_wconf 86' lang='grc' dir='ltr'>κατά-</span> 
     </span>
    </p>
   </div>
   <div class='ocr_carea' id='block_1_30' title="bbox 2578 1758 4258 1832">
    <p class='ocr_par' dir='ltr' id='par_1_30' title="bbox 2578 1758 4258 1832">
     <span class='ocr_line' id='line_1_30' title="bbox 2578 1758 4258 1832; baseline 0.001 -18"><span class='ocrx_word' id='word_1_248' title='bbox 2578 1761 2719 1832; x_wconf 88' lang='grc' dir='ltr'>μαθε</span> <span class='ocrx_word' id='word_1_249' title='bbox 2759 1763 2860 1831; x_wconf 80' lang='grc' dir='ltr'>τῆς</span> <span class='ocrx_word' id='word_1_250' title='bbox 2895 1759 3108 1829; x_wconf 84' lang='grc' dir='ltr'>φύσεως</span> <span class='ocrx_word' id='word_1_251' title='bbox 3134 1759 3234 1831; x_wconf 76' lang='grc' dir='ltr'>τὴν</span> <span class='ocrx_word' id='word_1_252' title='bbox 3261 1758 3570 1822; x_wconf 87' lang='grc' dir='ltr'>ἀσθένειαν,</span> <span class='ocrx_word' id='word_1_253' title='bbox 3604 1759 3702 1811; x_wconf 72' lang='grc' dir='ltr'>καὶ</span> <span class='ocrx_word' id='word_1_254' title='bbox 3747 1759 3825 1829; x_wconf 82' lang='grc' dir='ltr'>μὴ</span> <span class='ocrx_word' id='word_1_255' title='bbox 3875 1763 4258 1832; x_wconf 69' lang='grc' dir='ltr'>προσκυνήσῃς</span> 
     </span>
    </p>
   </div>
   <div class='ocr_carea' id='block_1_31' title="bbox 772 1840 4258 1919">
    <p class='ocr_par' dir='ltr' id='par_1_31' title="bbox 772 1840 4258 1919">
     <span class='ocr_line' id='line_1_31' title="bbox 772 1840 4258 1919; baseline 0.002 -24"><span class='ocrx_word' id='word_1_256' title='bbox 772 1843 902 1911; x_wconf 74' lang='grc' dir='ltr'>ριῳο</span> <span class='ocrx_word' id='word_1_257' title='bbox 924 1844 1140 1912; x_wconf 83' lang='grc' dir='ltr'>Κύριός</span> <span class='ocrx_word' id='word_1_258' title='bbox 1151 1862 1272 1912; x_wconf 81' lang='grc' dir='ltr'>μου</span> <span class='ocrx_word' id='word_1_259' title='bbox 1293 1840 1356 1897; x_wconf 81' lang='grc' dir='ltr'>εἷ</span> <span class='ocrx_word' id='word_1_260' title='bbox 1369 1844 1473 1908; x_wconf 86' lang='grc' dir='ltr'>σὺ,</span> <span class='ocrx_word' id='word_1_261' title='bbox 1497 1845 1586 1899; x_wconf 87' lang='grc' dir='ltr'>ὅτι</span> <span class='ocrx_word' id='word_1_262' title='bbox 1614 1844 1732 1901; x_wconf 82' lang='grc' dir='ltr'>τῶν</span> <span class='ocrx_word' id='word_1_263' title='bbox 1753 1845 1994 1916; x_wconf 75' lang='grc' dir='ltr'>ἀγαθῶν</span> <span class='ocrx_word' id='word_1_264' title='bbox 2017 1863 2134 1916; x_wconf 86' lang='grc' dir='ltr'>μου</span> <span class='ocrx_word' id='word_1_265' title='bbox 2157 1848 2229 1900; x_wconf 89' lang='grc' dir='ltr'>οὑ</span> <span class='ocrx_word' id='word_1_266' title='bbox 2253 1846 2467 1914; x_wconf 79' lang='grc' dir='ltr'>χρείαν</span> <span class='ocrx_word' id='word_1_267' title='bbox 2575 1848 2738 1902; x_wconf 74' lang='grc' dir='ltr'>αὑτὸν</span> <span class='ocrx_word' id='word_1_268' title='bbox 2769 1847 2842 1911; x_wconf 85' lang='grc' dir='ltr'>ὡς</span> <span class='ocrx_word' id='word_1_269' title='bbox 2873 1844 3028 1900; x_wconf 87' lang='grc' dir='ltr'>Θεόν.</span> <span class='ocrx_word' id='word_1_270' title='bbox 3063 1847 3161 1901; x_wconf 89' lang='grc' dir='ltr'>Διά</span> <span class='ocrx_word' id='word_1_271' title='bbox 3185 1846 3294 1919; x_wconf 84' lang='grc' dir='ltr'>γάρ</span> <span class='ocrx_word' id='word_1_272' title='bbox 3319 1845 3476 1899; x_wconf 87' lang='grc' dir='ltr'>τοῦτο</span> <span class='ocrx_word' id='word_1_273' title='bbox 3519 1845 3580 1898; x_wconf 89' lang='lat'>06</span> <span class='ocrx_word' id='word_1_274' title='bbox 3632 1845 3793 1916; x_wconf 86' lang='grc' dir='ltr'>μόνον</span> <span class='ocrx_word' id='word_1_275' title='bbox 3834 1849 3902 1917; x_wconf 79' lang='grc' dir='ltr'>τῇ</span> <span class='ocrx_word' id='word_1_276' title='bbox 3951 1849 4117 1916; x_wconf 76' lang='grc' dir='ltr'>φύσει</span> <span class='ocrx_word' id='word_1_277' title='bbox 4159 1849 4258 1901; x_wconf 86' lang='grc' dir='ltr'>τῶν</span> 
     </span>
    </p>
   </div>
   <div class='ocr_carea' id='block_1_32' title="bbox 774 1931 2466 2005">
    <p class='ocr_par' dir='ltr' id='par_1_32' title="bbox 774 1931 2466 2005">
     <span class='ocr_line' id='line_1_32' title="bbox 774 1931 2466 2005; baseline 0.001 -21"><span class='ocrx_word' id='word_1_278' title='bbox 774 1931 956 1999; x_wconf 72' lang='grc' dir='ltr'>ἔχεις.</span> <span class='ocrx_word' id='word_1_279' title='bbox 975 1932 1032 1986; x_wconf 85' lang='grc' dir='ltr'>ὐ</span> <span class='ocrx_word' id='word_1_280' title='bbox 1059 1931 1116 1985; x_wconf 85' lang='grc' dir='ltr'>δὲ</span> <span class='ocrx_word' id='word_1_281' title='bbox 1143 1931 1358 1998; x_wconf 80' lang='grc' dir='ltr'>Παῦλος</span> <span class='ocrx_word' id='word_1_282' title='bbox 1386 1933 1448 1988; x_wconf 83' lang='lat'>16</span> <span class='ocrx_word' id='word_1_283' title='bbox 1480 1934 1729 1999; x_wconf 86' lang='grc' dir='ltr'>ἀνενδεές</span> <span class='ocrx_word' id='word_1_284' title='bbox 1775 1935 1942 1988; x_wconf 88' lang='grc' dir='ltr'>αὑτοῦ</span> <span class='ocrx_word' id='word_1_285' title='bbox 1986 1934 2180 2005; x_wconf 88' lang='grc' dir='ltr'>δηλῶν,</span> <span class='ocrx_word' id='word_1_286' title='bbox 2218 1936 2315 1987; x_wconf 81' lang='grc' dir='ltr'>καὶ</span> <span class='ocrx_word' id='word_1_287' title='bbox 2357 1933 2466 1986; x_wconf 88' lang='grc' dir='ltr'>δει-</span> 
     </span>
    </p>
   </div>
   <div class='ocr_carea' id='block_1_33' title="bbox 776 2019 2463 2093">
    <p class='ocr_par' dir='ltr' id='par_1_33' title="bbox 776 2019 2463 2093">
     <span class='ocr_line' id='line_1_33' title="bbox 776 2019 2463 2093; baseline 0.001 -22"><span class='ocrx_word' id='word_1_288' title='bbox 776 2019 910 2081; x_wconf 81' lang='grc' dir='ltr'>κνὺς</span> <span class='ocrx_word' id='word_1_289' title='bbox 926 2019 1010 2073; x_wconf 82' lang='grc' dir='ltr'>ὅτι</span> <span class='ocrx_word' id='word_1_290' title='bbox 1040 2020 1329 2092; x_wconf 87' lang='grc' dir='ltr'>ἀμφότερα</span> <span class='ocrx_word' id='word_1_291' title='bbox 1351 2021 1527 2076; x_wconf 90' lang='grc' dir='ltr'>ταῦτα</span> <span class='ocrx_word' id='word_1_292' title='bbox 1555 2023 1793 2093; x_wconf 89' lang='grc' dir='ltr'>μάλιστά</span> <span class='ocrx_word' id='word_1_293' title='bbox 1817 2024 1932 2075; x_wconf 91' lang='grc' dir='ltr'>ἐστι</span> <span class='ocrx_word' id='word_1_294' title='bbox 1961 2021 2118 2084; x_wconf 88' lang='grc' dir='ltr'>Θεοῦ,</span> <span class='ocrx_word' id='word_1_295' title='bbox 2141 2021 2202 2073; x_wconf 89' lang='lat'>16</span> <span class='ocrx_word' id='word_1_296' title='bbox 2232 2020 2463 2090; x_wconf 84' lang='grc' dir='ltr'>μηδενὸς</span> 
     </span>
    </p>
   </div>
   <div class='ocr_carea' id='block_1_34' title="bbox 773 2104 2461 2180">
    <p class='ocr_par' dir='ltr' id='par_1_34' title="bbox 773 2104 2461 2180">
     <span class='ocr_line' id='line_1_34' title="bbox 773 2104 2461 2180; baseline 0.001 -23"><span class='ocrx_word' id='word_1_297' title='bbox 773 2104 1004 2169; x_wconf 83' lang='grc' dir='ltr'>δεῖσθαι,</span> <span class='ocrx_word' id='word_1_298' title='bbox 1034 2107 1132 2160; x_wconf 83' lang='grc' dir='ltr'>καὶ</span> <span class='ocrx_word' id='word_1_299' title='bbox 1175 2111 1343 2162; x_wconf 79' lang='grc' dir='ltr'>πᾶσιν</span> <span class='ocrx_word' id='word_1_300' title='bbox 1391 2111 1553 2162; x_wconf 80' lang='grc' dir='ltr'>αὑτὸν</span> <span class='ocrx_word' id='word_1_301' title='bbox 1588 2111 1804 2164; x_wconf 77' lang='grc' dir='ltr'>ἅπαντα</span> <span class='ocrx_word' id='word_1_302' title='bbox 1845 2111 2125 2180; x_wconf 82' lang='grc' dir='ltr'>χορηγεῖν,</span> <span class='ocrx_word' id='word_1_303' title='bbox 2149 2107 2295 2161; x_wconf 75' lang='grc' dir='ltr'>οὕτω</span> <span class='ocrx_word' id='word_1_304' title='bbox 2340 2106 2461 2171; x_wconf 82' lang='grc' dir='ltr'>πῶς</span> 
     </span>
    </p>
   </div>
   <div class='ocr_carea' id='block_1_35' title="bbox 776 2194 2463 2264">
    <p class='ocr_par' dir='ltr' id='par_1_35' title="bbox 776 2194 2463 2264">
     <span class='ocr_line' id='line_1_35' title="bbox 776 2194 2463 2264; baseline 0.001 -19"><span class='ocrx_word' id='word_1_305' title='bbox 776 2209 942 2262; x_wconf 83' lang='grc' dir='ltr'>φησιν</span> <span class='ocrx_word' id='word_1_306' title='bbox 961 2209 976 2223; x_wconf 75' lang='grc' dir='ltr'><strong><em>ο</em></strong></span> <span class='ocrx_word' id='word_1_307' title='bbox 1019 2195 1072 2245; x_wconf 86' lang='lat'>&#39;0</span> <span class='ocrx_word' id='word_1_308' title='bbox 1105 2195 1251 2261; x_wconf 74' lang='grc' dir='ltr'>Θεὸς</span> <span class='ocrx_word' id='word_1_309' title='bbox 1281 2198 1315 2248; x_wconf 85' lang='grc' dir='ltr'>ό</span> <span class='ocrx_word' id='word_1_310' title='bbox 1346 2195 1607 2261; x_wconf 78' lang='grc' dir='ltr'>ποιήσας</span> <span class='ocrx_word' id='word_1_311' title='bbox 1634 2195 1743 2250; x_wconf 78' lang='grc' dir='ltr'>τὸν</span> <span class='ocrx_word' id='word_1_312' title='bbox 1775 2196 2038 2264; x_wconf 81' lang='grc' dir='ltr'>οὐρανὸν</span> <span class='ocrx_word' id='word_1_313' title='bbox 2069 2195 2167 2248; x_wconf 79' lang='grc' dir='ltr'>καὶ</span> <span class='ocrx_word' id='word_1_314' title='bbox 2197 2194 2312 2262; x_wconf 75' lang='grc' dir='ltr'>τὴν</span> <span class='ocrx_word' id='word_1_315' title='bbox 2342 2194 2463 2264; x_wconf 73' lang='grc' dir='ltr'>γῆν</span> 
     </span>
    </p>
   </div>
   <div class='ocr_carea' id='block_1_36' title="bbox 775 2278 2461 2352">
    <p class='ocr_par' dir='ltr' id='par_1_36' title="bbox 775 2278 2461 2352">
     <span class='ocr_line' id='line_1_36' title="bbox 775 2278 2461 2352; baseline 0.002 -20"><span class='ocrx_word' id='word_1_316' title='bbox 775 2278 872 2333; x_wconf 78' lang='grc' dir='ltr'>καί</span> <span class='ocrx_word' id='word_1_317' title='bbox 904 2279 1022 2347; x_wconf 78' lang='grc' dir='ltr'>τὴν</span> <span class='ocrx_word' id='word_1_318' title='bbox 1051 2279 1398 2346; x_wconf 81' lang='grc' dir='ltr'>θάλασσαν,</span> <span class='ocrx_word' id='word_1_319' title='bbox 1441 2284 1514 2336; x_wconf 83' lang='grc' dir='ltr'>οὐ</span> <span class='ocrx_word' id='word_1_320' title='bbox 1559 2282 2005 2352; x_wconf 71' lang='grc' dir='ltr'>προσδεόμενός</span> <span class='ocrx_word' id='word_1_321' title='bbox 2043 2300 2202 2348; x_wconf 81' lang='grc' dir='ltr'>τινος</span> <span class='ocrx_word' id='word_1_322' title='bbox 2255 2282 2461 2347; x_wconf 84' lang='grc' dir='ltr'>αὐτὸς,</span> 
     </span>
    </p>
   </div>
   <div class='ocr_carea' id='block_1_37' title="bbox 773 2365 2197 2436">
    <p class='ocr_par' dir='ltr' id='par_1_37' title="bbox 773 2365 2197 2436">
     <span class='ocr_line' id='line_1_37' title="bbox 773 2365 2197 2436; baseline 0.002 -15"><span class='ocrx_word' id='word_1_323' title='bbox 773 2365 983 2434; x_wconf 78' lang='grc' dir='ltr'>διδοὺς</span> <span class='ocrx_word' id='word_1_324' title='bbox 1010 2367 1162 2424; x_wconf 79' lang='grc' dir='ltr'>πᾶσι</span> <span class='ocrx_word' id='word_1_325' title='bbox 1195 2369 1350 2436; x_wconf 78' lang='grc' dir='ltr'>ζωὴν</span> <span class='ocrx_word' id='word_1_326' title='bbox 1378 2370 1477 2423; x_wconf 78' lang='grc' dir='ltr'>καὶ</span> <span class='ocrx_word' id='word_1_327' title='bbox 1505 2369 1726 2435; x_wconf 76' lang='grc' dir='ltr'>πνοὴν,</span> <span class='ocrx_word' id='word_1_328' title='bbox 1758 2371 1854 2424; x_wconf 74' lang='grc' dir='ltr'>καὶ</span> <span class='ocrx_word' id='word_1_329' title='bbox 1887 2371 1958 2424; x_wconf 82' lang='grc' dir='ltr'>τὰ</span> <span class='ocrx_word' id='word_1_330' title='bbox 1981 2369 2197 2424; x_wconf 75' lang='grc' dir='ltr'>πάντα.</span> 
     </span>
    </p>
   </div>
   <div class='ocr_carea' id='block_1_38' title="bbox 845 2454 2462 2527">
    <p class='ocr_par' dir='ltr' id='par_1_38' title="bbox 845 2454 2462 2527">
     <span class='ocr_line' id='line_1_38' title="bbox 845 2454 2462 2527; baseline 0.001 -19"><span class='ocrx_word' id='word_1_331' title='bbox 845 2460 909 2509; x_wconf 77' lang='grc' dir='ltr'>ε’.</span> <span class='ocrx_word' id='word_1_332' title='bbox 946 2456 1104 2527; x_wconf 81' lang='grc' dir='ltr'>Ἐνῆν</span> <span class='ocrx_word' id='word_1_333' title='bbox 1126 2456 1228 2526; x_wconf 78' lang='grc' dir='ltr'>μὲν</span> <span class='ocrx_word' id='word_1_334' title='bbox 1244 2454 1451 2527; x_wconf 74' lang='grc' dir='ltr'>οῦνΙκαὶ</span> <span class='ocrx_word' id='word_1_335' title='bbox 1476 2457 1544 2510; x_wconf 83' lang='grc' dir='ltr'>τὰ</span> <span class='ocrx_word' id='word_1_336' title='bbox 1583 2457 1749 2510; x_wconf 85' lang='grc' dir='ltr'>λοιπά</span> <span class='ocrx_word' id='word_1_337' title='bbox 1794 2458 2036 2527; x_wconf 88' lang='grc' dir='ltr'>στοιχεῖα</span> <span class='ocrx_word' id='word_1_338' title='bbox 2077 2455 2347 2518; x_wconf 81' lang='grc' dir='ltr'>ἐπελθεῖν,</span> <span class='ocrx_word' id='word_1_339' title='bbox 2369 2456 2462 2510; x_wconf 82' lang='grc' dir='ltr'>τὸν</span> 
     </span>
    </p>
   </div>
   <div class='ocr_carea' id='block_1_39' title="bbox 773 2541 2459 2614">
    <p class='ocr_par' dir='ltr' id='par_1_39' title="bbox 773 2541 2459 2614">
     <span class='ocr_line' id='line_1_39' title="bbox 773 2541 2459 2614; baseline 0.001 -20"><span class='ocrx_word' id='word_1_340' title='bbox 773 2541 1031 2613; x_wconf 67' lang='grc' dir='ltr'>οὒρανὸν,</span> <span class='ocrx_word' id='word_1_341' title='bbox 1075 2542 1167 2596; x_wconf 83' lang='grc' dir='ltr'>τὸν</span> <span class='ocrx_word' id='word_1_342' title='bbox 1199 2543 1361 2614; x_wconf 82' lang='grc' dir='ltr'>ἀέρα,</span> <span class='ocrx_word' id='word_1_343' title='bbox 1407 2543 1507 2614; x_wconf 76' lang='grc' dir='ltr'>τὴν</span> <span class='ocrx_word' id='word_1_344' title='bbox 1532 2544 1657 2613; x_wconf 82' lang='grc' dir='ltr'>γῆν,</span> <span class='ocrx_word' id='word_1_345' title='bbox 1691 2542 1790 2613; x_wconf 82' lang='grc' dir='ltr'>τὴν</span> <span class='ocrx_word' id='word_1_346' title='bbox 1815 2543 2108 2607; x_wconf 87' lang='grc' dir='ltr'>θάλατταν,</span> <span class='ocrx_word' id='word_1_347' title='bbox 2151 2542 2248 2596; x_wconf 77' lang='grc' dir='ltr'>καὶ</span> <span class='ocrx_word' id='word_1_348' title='bbox 2287 2543 2459 2607; x_wconf 80' lang='grc' dir='ltr'>δεῖξαι</span> 
     </span>
    </p>
   </div>
   <div class='ocr_carea' id='block_1_40' title="bbox 773 2627 2461 2701">
    <p class='ocr_par' dir='ltr' id='par_1_40' title="bbox 773 2627 2461 2701">
     <span class='ocr_line' id='line_1_40' title="bbox 773 2627 2461 2701; baseline -0.001 -19"><span class='ocrx_word' id='word_1_349' title='bbox 773 2628 954 2683; x_wconf 89' lang='grc' dir='ltr'>αὑτῶν</span> <span class='ocrx_word' id='word_1_350' title='bbox 989 2629 1090 2701; x_wconf 83' lang='grc' dir='ltr'>τὴν</span> <span class='ocrx_word' id='word_1_351' title='bbox 1117 2629 1424 2694; x_wconf 86' lang='grc' dir='ltr'>ἀσθένειαν,</span> <span class='ocrx_word' id='word_1_352' title='bbox 1459 2631 1555 2684; x_wconf 81' lang='grc' dir='ltr'>καὶ</span> <span class='ocrx_word' id='word_1_353' title='bbox 1579 2629 1698 2694; x_wconf 90' lang='grc' dir='ltr'>πῶς</span> <span class='ocrx_word' id='word_1_354' title='bbox 1716 2629 1948 2684; x_wconf 69' lang='grc' dir='ltr'>ἕκαστον</span> <span class='ocrx_word' id='word_1_355' title='bbox 1971 2629 2068 2682; x_wconf 88' lang='grc' dir='ltr'>τοῦ</span> <span class='ocrx_word' id='word_1_356' title='bbox 2103 2627 2331 2700; x_wconf 83' lang='grc' dir='ltr'>πλησίον</span> <span class='ocrx_word' id='word_1_357' title='bbox 2352 2629 2461 2682; x_wconf 80' lang='grc' dir='ltr'>δεῖ·</span> 
     </span>
    </p>
   </div>
   <div class='ocr_carea' id='block_1_41' title="bbox 773 2715 2462 2790">
    <p class='ocr_par' dir='ltr' id='par_1_41' title="bbox 773 2715 2462 2790">
     <span class='ocr_line' id='line_1_41' title="bbox 773 2715 2462 2790; baseline -0.001 -21"><span class='ocrx_word' id='word_1_358' title='bbox 773 2733 887 2783; x_wconf 85' lang='grc' dir='ltr'>ται,</span> <span class='ocrx_word' id='word_1_359' title='bbox 922 2718 1018 2771; x_wconf 73' lang='grc' dir='ltr'>καὶ</span> <span class='ocrx_word' id='word_1_360' title='bbox 1041 2717 1234 2772; x_wconf 87' lang='grc' dir='ltr'>τούτου</span> <span class='ocrx_word' id='word_1_361' title='bbox 1264 2719 1436 2790; x_wconf 82' lang='grc' dir='ltr'>χωρίς</span> <span class='ocrx_word' id='word_1_362' title='bbox 1461 2717 1762 2772; x_wconf 88' lang='grc' dir='ltr'>ἀπόλλυται</span> <span class='ocrx_word' id='word_1_363' title='bbox 1795 2718 1892 2770; x_wconf 72' lang='grc' dir='ltr'>καὶ</span> <span class='ocrx_word' id='word_1_364' title='bbox 1923 2716 2314 2788; x_wconf 78' lang='grc' dir='ltr'>διαφθείρεται.</span> <span class='ocrx_word' id='word_1_365' title='bbox 2347 2715 2462 2769; x_wconf 72' lang='grc' dir='ltr'>Καὶ</span> 
     </span>
    </p>
   </div>
   <div class='ocr_carea' id='block_1_42' title="bbox 773 2804 2460 2876">
    <p class='ocr_par' dir='ltr' id='par_1_42' title="bbox 773 2804 2460 2876">
     <span class='ocr_line' id='line_1_42' title="bbox 773 2804 2460 2876; baseline 0 -18"><span class='ocrx_word' id='word_1_366' title='bbox 773 2806 884 2876; x_wconf 75' lang='grc' dir='ltr'>γάρ</span> <span class='ocrx_word' id='word_1_367' title='bbox 924 2805 1018 2859; x_wconf 74' lang='grc' dir='ltr'>καὶ</span> <span class='ocrx_word' id='word_1_368' title='bbox 1046 2807 1081 2876; x_wconf 82' lang='grc' dir='ltr'>ἡ</span> <span class='ocrx_word' id='word_1_369' title='bbox 1118 2806 1213 2876; x_wconf 82' lang='grc' dir='ltr'>γῆ,</span> <span class='ocrx_word' id='word_1_370' title='bbox 1245 2806 1342 2858; x_wconf 87' lang='grc' dir='ltr'>ἐάν</span> <span class='ocrx_word' id='word_1_371' title='bbox 1377 2805 1718 2860; x_wconf 73' lang='grc' dir='ltr'>ἀπολίπωσιν</span> <span class='ocrx_word' id='word_1_372' title='bbox 1749 2805 1918 2876; x_wconf 82' lang='grc' dir='ltr'>αὑτὴν</span> <span class='ocrx_word' id='word_1_373' title='bbox 1953 2806 2008 2858; x_wconf 87' lang='grc' dir='ltr'>αἰ</span> <span class='ocrx_word' id='word_1_374' title='bbox 2060 2806 2236 2876; x_wconf 78' lang='grc' dir='ltr'>πηγαὶ</span> <span class='ocrx_word' id='word_1_375' title='bbox 2283 2804 2381 2858; x_wconf 71' lang='grc' dir='ltr'>καὶ</span> <span class='ocrx_word' id='word_1_376' title='bbox 2425 2806 2460 2875; x_wconf 75' lang='grc' dir='ltr'><strong>ἡ</strong></span> 
     </span>
    </p>
   </div>
   <div class='ocr_carea' id='block_1_43' title="bbox 774 2891 2466 2963">
    <p class='ocr_par' dir='ltr' id='par_1_43' title="bbox 774 2891 2466 2963">
     <span class='ocr_line' id='line_1_43' title="bbox 774 2891 2466 2963; baseline -0.001 -18"><span class='ocrx_word' id='word_1_377' title='bbox 774 2892 929 2963; x_wconf 76' lang='grc' dir='ltr'>παρὰ</span> <span class='ocrx_word' id='word_1_378' title='bbox 957 2894 1058 2963; x_wconf 80' lang='grc' dir='ltr'>τῆς</span> <span class='ocrx_word' id='word_1_379' title='bbox 1083 2892 1354 2963; x_wconf 84' lang='grc' dir='ltr'>θαλάττης</span> <span class='ocrx_word' id='word_1_380' title='bbox 1385 2895 1479 2946; x_wconf 71' lang='grc' dir='ltr'>καὶ</span> <span class='ocrx_word' id='word_1_381' title='bbox 1505 2893 1615 2946; x_wconf 91' lang='grc' dir='ltr'>τῶν</span> <span class='ocrx_word' id='word_1_382' title='bbox 1649 2891 1911 2962; x_wconf 82' lang='grc' dir='ltr'>ποταμῶν</span> <span class='ocrx_word' id='word_1_383' title='bbox 1939 2891 2336 2963; x_wconf 82' lang='grc' dir='ltr'>ἐνσπειρομένη</span> <span class='ocrx_word' id='word_1_384' title='bbox 2379 2909 2466 2946; x_wconf 77' lang='grc' dir='ltr'>νο-</span> 
     </span>
    </p>
   </div>
   <div class='ocr_carea' id='block_1_44' title="bbox 774 2979 2463 3052">
    <p class='ocr_par' dir='ltr' id='par_1_44' title="bbox 774 2979 2463 3052">
     <span class='ocr_line' id='line_1_44' title="bbox 774 2979 2463 3052; baseline 0.001 -19"><span class='ocrx_word' id='word_1_385' title='bbox 774 2980 880 3044; x_wconf 75' lang='grc' dir='ltr'>τὶς,</span> <span class='ocrx_word' id='word_1_386' title='bbox 908 2983 1322 3052; x_wconf 88' lang='grc' dir='ltr'>καταφρυγεῖσα</span> <span class='ocrx_word' id='word_1_387' title='bbox 1344 2981 1552 3052; x_wconf 85' lang='grc' dir='ltr'>ταχέως</span> <span class='ocrx_word' id='word_1_388' title='bbox 1585 2981 1912 3034; x_wconf 74' lang='grc' dir='ltr'>ἀπόλλυταιο</span> <span class='ocrx_word' id='word_1_389' title='bbox 1953 2981 2049 3034; x_wconf 78' lang='grc' dir='ltr'>καὶ</span> <span class='ocrx_word' id='word_1_390' title='bbox 2097 2981 2165 3034; x_wconf 87' lang='grc' dir='ltr'>τὰ</span> <span class='ocrx_word' id='word_1_391' title='bbox 2209 2979 2374 3033; x_wconf 86' lang='grc' dir='ltr'>λοιπά</span> <span class='ocrx_word' id='word_1_392' title='bbox 2406 2981 2463 3034; x_wconf 86' lang='grc' dir='ltr'>δὲ</span> 
     </span>
    </p>
   </div>
   <div class='ocr_carea' id='block_1_45' title="bbox 777 3067 2463 3141">
    <p class='ocr_par' dir='ltr' id='par_1_45' title="bbox 777 3067 2463 3141">
     <span class='ocr_line' id='line_1_45' title="bbox 777 3067 2463 3141; baseline 0 -21"><span class='ocrx_word' id='word_1_393' title='bbox 777 3069 1018 3138; x_wconf 87' lang='grc' dir='ltr'>στοιχεῖα</span> <span class='ocrx_word' id='word_1_394' title='bbox 1063 3067 1239 3121; x_wconf 86' lang='grc' dir='ltr'>ἀλλων</span> <span class='ocrx_word' id='word_1_395' title='bbox 1289 3068 1529 3136; x_wconf 74' lang='grc' dir='ltr'>δεῖταιι,</span> <span class='ocrx_word' id='word_1_396' title='bbox 1563 3070 1658 3122; x_wconf 77' lang='grc' dir='ltr'>καὶ</span> <span class='ocrx_word' id='word_1_397' title='bbox 1702 3069 1812 3141; x_wconf 82' lang='grc' dir='ltr'>ἀὴρ</span> <span class='ocrx_word' id='word_1_398' title='bbox 1849 3067 2027 3140; x_wconf 83' lang='grc' dir='ltr'>ἡλίου,</span> <span class='ocrx_word' id='word_1_399' title='bbox 2075 3067 2269 3138; x_wconf 87' lang='grc' dir='ltr'>ὥσπερ</span> <span class='ocrx_word' id='word_1_400' title='bbox 2309 3069 2463 3138; x_wconf 82' lang='grc' dir='ltr'>ἥλιος</span> 
     </span>
    </p>
   </div>
   <div class='ocr_carea' id='block_1_46' title="bbox 775 3155 2464 3230">
    <p class='ocr_par' dir='ltr' id='par_1_46' title="bbox 775 3155 2464 3230">
     <span class='ocr_line' id='line_1_46' title="bbox 775 3155 2464 3230; baseline 0.001 -21"><span class='ocrx_word' id='word_1_401' title='bbox 775 3155 940 3228; x_wconf 78' lang='grc' dir='ltr'>ἀέρος</span> <span class='ocrx_word' id='word_1_402' title='bbox 960 3174 974 3188; x_wconf 78' lang='grc' dir='ltr'><strong>ο</strong></span> <span class='ocrx_word' id='word_1_403' title='bbox 1005 3156 1121 3211; x_wconf 74' lang='grc' dir='ltr'>ἀλλ’</span> <span class='ocrx_word' id='word_1_404' title='bbox 1171 3158 1262 3210; x_wconf 80' lang='grc' dir='ltr'>ἵνα</span> <span class='ocrx_word' id='word_1_405' title='bbox 1304 3158 1380 3229; x_wconf 79' lang='grc' dir='ltr'>μη</span> <span class='ocrx_word' id='word_1_406' title='bbox 1427 3159 1766 3229; x_wconf 83' lang='grc' dir='ltr'>μακρότερον</span> <span class='ocrx_word' id='word_1_407' title='bbox 1798 3158 2041 3230; x_wconf 90' lang='grc' dir='ltr'>ποιῶμεν</span> <span class='ocrx_word' id='word_1_408' title='bbox 2065 3158 2158 3212; x_wconf 82' lang='grc' dir='ltr'>τὸν</span> <span class='ocrx_word' id='word_1_409' title='bbox 2187 3158 2364 3226; x_wconf 89' lang='grc' dir='ltr'>λόγον,</span> <span class='ocrx_word' id='word_1_410' title='bbox 2398 3159 2464 3211; x_wconf 82' lang='grc' dir='ltr'>ἐκ</span> 
     </span>
    </p>
   </div>
   <div class='ocr_carea' id='block_1_47' title="bbox 775 3244 2463 3319">
    <p class='ocr_par' dir='ltr' id='par_1_47' title="bbox 775 3244 2463 3319">
     <span class='ocr_line' id='line_1_47' title="bbox 775 3244 2463 3319; baseline 0.001 -22"><span class='ocrx_word' id='word_1_411' title='bbox 775 3244 886 3298; x_wconf 87' lang='grc' dir='ltr'>τῶν</span> <span class='ocrx_word' id='word_1_412' title='bbox 913 3244 1221 3316; x_wconf 74' lang='grc' dir='ltr'>εἰρημένων</span> <span class='ocrx_word' id='word_1_413' title='bbox 1257 3246 1449 3310; x_wconf 87' lang='grc' dir='ltr'>ίκανάς</span> <span class='ocrx_word' id='word_1_414' title='bbox 1477 3249 1590 3310; x_wconf 89' lang='grc' dir='ltr'>τοῖς</span> <span class='ocrx_word' id='word_1_415' title='bbox 1623 3246 1970 3319; x_wconf 82' lang='grc' dir='ltr'>βουλομένοις</span> <span class='ocrx_word' id='word_1_416' title='bbox 2000 3246 2258 3319; x_wconf 84' lang='grc' dir='ltr'>ἀφορμάς</span> <span class='ocrx_word' id='word_1_417' title='bbox 2282 3246 2463 3310; x_wconf 88' lang='grc' dir='ltr'>δόντες</span> 
     </span>
    </p>
   </div>
   <div class='ocr_carea' id='block_1_48' title="bbox 778 3333 2464 3406">
    <p class='ocr_par' dir='ltr' id='par_1_48' title="bbox 778 3333 2464 3406">
     <span class='ocr_line' id='line_1_48' title="bbox 778 3333 2464 3406; baseline 0.001 -20"><span class='ocrx_word' id='word_1_418' title='bbox 778 3333 1261 3405; x_wconf 83' lang='grc' dir='ltr'>ἀρκεσθησόμεθα.</span> <span class='ocrx_word' id='word_1_419' title='bbox 1286 3335 1350 3387; x_wconf 85' lang='grc' dir='ltr'>Εἰ</span> <span class='ocrx_word' id='word_1_420' title='bbox 1373 3334 1481 3406; x_wconf 91' lang='grc' dir='ltr'>γάρ</span> <span class='ocrx_word' id='word_1_421' title='bbox 1509 3336 1538 3388; x_wconf 92' lang='lat'>6</span> <span class='ocrx_word' id='word_1_422' title='bbox 1570 3334 1752 3406; x_wconf 84' lang='grc' dir='ltr'>πάσης</span> <span class='ocrx_word' id='word_1_423' title='bbox 1777 3335 1880 3405; x_wconf 83' lang='grc' dir='ltr'>τῆς</span> <span class='ocrx_word' id='word_1_424' title='bbox 1904 3335 2134 3398; x_wconf 82' lang='grc' dir='ltr'>κτίσεως</span> <span class='ocrx_word' id='word_1_425' title='bbox 2155 3334 2464 3406; x_wconf 85' lang='grc' dir='ltr'>θαυμαστό-</span> 
     </span>
    </p>
   </div>
   <div class='ocr_carea' id='block_1_49' title="bbox 776 3419 2464 3493">
    <p class='ocr_par' dir='ltr' id='par_1_49' title="bbox 776 3419 2464 3493">
     <span class='ocr_line' id='line_1_49' title="bbox 776 3419 2464 3493; baseline 0.001 -20"><span class='ocrx_word' id='word_1_426' title='bbox 776 3437 938 3491; x_wconf 90' lang='grc' dir='ltr'>τερος</span> <span class='ocrx_word' id='word_1_427' title='bbox 961 3420 1115 3491; x_wconf 75' lang='grc' dir='ltr'>ῆλιος</span> <span class='ocrx_word' id='word_1_428' title='bbox 1142 3420 1317 3486; x_wconf 76' lang='grc' dir='ltr'>οὕτως</span> <span class='ocrx_word' id='word_1_429' title='bbox 1342 3421 1577 3493; x_wconf 77' lang='grc' dir='ltr'>ἀσθενὴς</span> <span class='ocrx_word' id='word_1_430' title='bbox 1615 3420 1692 3475; x_wconf 86' lang='grc' dir='ltr'>ὣν</span> <span class='ocrx_word' id='word_1_431' title='bbox 1719 3422 1816 3476; x_wconf 78' lang='grc' dir='ltr'>καὶ</span> <span class='ocrx_word' id='word_1_432' title='bbox 1845 3421 2031 3493; x_wconf 79' lang='grc' dir='ltr'>ἐνδεὴς</span> <span class='ocrx_word' id='word_1_433' title='bbox 2061 3419 2238 3493; x_wconf 79' lang='grc' dir='ltr'>ὤφθη,</span> <span class='ocrx_word' id='word_1_434' title='bbox 2283 3421 2464 3492; x_wconf 88' lang='grc' dir='ltr'>πολλῷ</span> 
     </span>
    </p>
   </div>
   <div class='ocr_carea' id='block_1_50' title="bbox 778 3504 2465 3581">
    <p class='ocr_par' dir='ltr' id='par_1_50' title="bbox 778 3504 2465 3581">
     <span class='ocr_line' id='line_1_50' title="bbox 778 3504 2465 3581; baseline 0 -20"><span class='ocrx_word' id='word_1_435' title='bbox 778 3507 982 3578; x_wconf 82' lang='grc' dir='ltr'>μᾶλλον</span> <span class='ocrx_word' id='word_1_436' title='bbox 1011 3509 1083 3562; x_wconf 91' lang='grc' dir='ltr'>τά</span> <span class='ocrx_word' id='word_1_437' title='bbox 1108 3508 1274 3564; x_wconf 89' lang='grc' dir='ltr'>λοιπά</span> <span class='ocrx_word' id='word_1_438' title='bbox 1303 3509 1399 3562; x_wconf 93' lang='grc' dir='ltr'>τοῦ</span> <span class='ocrx_word' id='word_1_439' title='bbox 1433 3510 1640 3581; x_wconf 84' lang='grc' dir='ltr'>κόσμου</span> <span class='ocrx_word' id='word_1_440' title='bbox 1674 3509 1815 3581; x_wconf 85' lang='grc' dir='ltr'>μέρη</span> <span class='ocrx_word' id='word_1_441' title='bbox 1833 3525 1847 3539; x_wconf 80' lang='grc'>⁶</span> <span class='ocrx_word' id='word_1_442' title='bbox 1879 3510 2018 3581; x_wconf 83' lang='grc' dir='ltr'>ὅπερ</span> <span class='ocrx_word' id='word_1_443' title='bbox 2050 3504 2144 3564; x_wconf 78' lang='grc' dir='ltr'>οὖν</span> <span class='ocrx_word' id='word_1_444' title='bbox 2171 3507 2326 3564; x_wconf 75' lang='grc' dir='ltr'>εἶπον</span> <span class='ocrx_word' id='word_1_445' title='bbox 2349 3513 2465 3575; x_wconf 85' lang='grc' dir='ltr'>τοῖς</span> 
     </span>
    </p>
   </div>
   <div class='ocr_carea' id='block_1_51' title="bbox 777 3595 2464 3666">
    <p class='ocr_par' dir='ltr' id='par_1_51' title="bbox 777 3595 2464 3666">
     <span class='ocr_line' id='line_1_51' title="bbox 777 3595 2464 3666; baseline 0.002 -18"><span class='ocrx_word' id='word_1_446' title='bbox 777 3595 1089 3662; x_wconf 87' lang='grc' dir='ltr'>φιλοπόνοις</span> <span class='ocrx_word' id='word_1_447' title='bbox 1121 3598 1304 3651; x_wconf 88' lang='grc' dir='ltr'>ἐκεῖνα</span> <span class='ocrx_word' id='word_1_448' title='bbox 1353 3597 1478 3661; x_wconf 80' lang='grc' dir='ltr'>δοὺς</span> <span class='ocrx_word' id='word_1_449' title='bbox 1523 3597 1955 3666; x_wconf 68' lang='grc' dir='ltr'>ἀναλέγεσθαιδ,</span> <span class='ocrx_word' id='word_1_450' title='bbox 1997 3598 2160 3662; x_wconf 82' lang='grc' dir='ltr'>αὑτὸς</span> <span class='ocrx_word' id='word_1_451' title='bbox 2198 3597 2308 3650; x_wconf 80' lang='grc' dir='ltr'>ἀπὸ</span> <span class='ocrx_word' id='word_1_452' title='bbox 2355 3596 2464 3651; x_wconf 88' lang='grc' dir='ltr'>τῶν</span> 
     </span>
    </p>
   </div>
   <div class='ocr_carea' id='block_1_52' title="bbox 778 3682 2465 3756">
    <p class='ocr_par' dir='ltr' id='par_1_52' title="bbox 778 3682 2465 3756">
     <span class='ocr_line' id='line_1_52' title="bbox 778 3682 2465 3756; baseline 0.002 -22"><span class='ocrx_word' id='word_1_453' title='bbox 778 3682 1012 3753; x_wconf 80' lang='grc' dir='ltr'>Γραφῶν</span> <span class='ocrx_word' id='word_1_454' title='bbox 1038 3684 1168 3754; x_wconf 87' lang='grc' dir='ltr'>ὑμῖν</span> <span class='ocrx_word' id='word_1_455' title='bbox 1204 3685 1521 3756; x_wconf 79' lang='grc' dir='ltr'>διαλέξομαι</span> <span class='ocrx_word' id='word_1_456' title='bbox 1553 3685 1739 3749; x_wconf 90' lang='grc' dir='ltr'>πάλιν,</span> <span class='ocrx_word' id='word_1_457' title='bbox 1771 3685 1986 3749; x_wconf 79' lang='grc' dir='ltr'>δεικνὺς</span> <span class='ocrx_word' id='word_1_458' title='bbox 2009 3686 2089 3739; x_wconf 84' lang='grc' dir='ltr'>ὅτι</span> <span class='ocrx_word' id='word_1_459' title='bbox 2121 3685 2218 3755; x_wconf 87' lang='grc' dir='ltr'>οὑχ</span> <span class='ocrx_word' id='word_1_460' title='bbox 2249 3686 2278 3737; x_wconf 91' lang='lat'>6</span> <span class='ocrx_word' id='word_1_461' title='bbox 2313 3685 2465 3756; x_wconf 78' lang='grc' dir='ltr'>ἥλιος</span> 
     </span>
    </p>
   </div>
   <div class='ocr_carea' id='block_1_53' title="bbox 782 3765 2462 3844">
    <p class='ocr_par' dir='ltr' id='par_1_53' title="bbox 782 3765 2462 3844">
     <span class='ocr_line' id='line_1_53' title="bbox 782 3765 2462 3844; baseline 0.002 -20"><span class='ocrx_word' id='word_1_462' title='bbox 782 3770 964 3842; x_wconf 85' lang='grc' dir='ltr'>μόνος,</span> <span class='ocrx_word' id='word_1_463' title='bbox 996 3771 1136 3825; x_wconf 86' lang='grc' dir='ltr'>ἀλλά</span> <span class='ocrx_word' id='word_1_464' title='bbox 1183 3773 1280 3826; x_wconf 79' lang='grc' dir='ltr'>καὶ</span> <span class='ocrx_word' id='word_1_465' title='bbox 1328 3772 1475 3836; x_wconf 75' lang='grc' dir='ltr'>ἄπας</span> <span class='ocrx_word' id='word_1_466' title='bbox 1516 3772 1757 3844; x_wconf 87' lang='grc' dir='ltr'>φθαρτός</span> <span class='ocrx_word' id='word_1_467' title='bbox 1786 3774 1936 3826; x_wconf 89' lang='grc' dir='ltr'>ἐστιν</span> <span class='ocrx_word' id='word_1_468' title='bbox 1975 3765 2132 3836; x_wconf 76' lang='grc' dir='ltr'>οὗτος</span> <span class='ocrx_word' id='word_1_469' title='bbox 2167 3774 2197 3826; x_wconf 93' lang='lat'>6</span> <span class='ocrx_word' id='word_1_470' title='bbox 2237 3772 2462 3842; x_wconf 87' lang='grc' dir='ltr'>κόσμος.</span> 
     </span>
    </p>
   </div>
   <div class='ocr_carea' id='block_1_54' title="bbox 780 3855 2462 3932">
    <p class='ocr_par' dir='ltr' id='par_1_54' title="bbox 780 3855 2462 3932">
     <span class='ocr_line' id='line_1_54' title="bbox 780 3855 2462 3932; baseline 0.002 -21"><span class='ocrx_word' id='word_1_471' title='bbox 780 3857 956 3913; x_wconf 87' lang='grc' dir='ltr'>Ὀταν</span> <span class='ocrx_word' id='word_1_472' title='bbox 982 3859 1092 3931; x_wconf 84' lang='grc' dir='ltr'>γάρ</span> <span class='ocrx_word' id='word_1_473' title='bbox 1115 3859 1362 3928; x_wconf 83' lang='grc' dir='ltr'>ἀλλήλων</span> <span class='ocrx_word' id='word_1_474' title='bbox 1390 3859 1700 3914; x_wconf 86' lang='grc' dir='ltr'>ἀναλωτικά</span> <span class='ocrx_word' id='word_1_475' title='bbox 1725 3861 1795 3913; x_wconf 90' lang='grc' dir='ltr'>τά</span> <span class='ocrx_word' id='word_1_476' title='bbox 1821 3861 2060 3930; x_wconf 82' lang='grc' dir='ltr'>στοιχεῖα</span> <span class='ocrx_word' id='word_1_477' title='bbox 2091 3855 2148 3932; x_wconf 79' lang='grc' dir='ltr'>ᾖ,</span> <span class='ocrx_word' id='word_1_478' title='bbox 2177 3860 2271 3914; x_wconf 79' lang='grc' dir='ltr'>καὶ</span> <span class='ocrx_word' id='word_1_479' title='bbox 2297 3861 2462 3915; x_wconf 87' lang='grc' dir='ltr'>κολά-</span> 
     </span>
    </p>
   </div>
   <div class='ocr_carea' id='block_1_55' title="bbox 779 3943 2460 4019">
    <p class='ocr_par' dir='ltr' id='par_1_55' title="bbox 779 3943 2460 4019">
     <span class='ocr_line' id='line_1_55' title="bbox 779 3943 2460 4019; baseline 0.001 -21"><span class='ocrx_word' id='word_1_480' title='bbox 779 3943 852 4017; x_wconf 83' lang='grc' dir='ltr'>ζῃ</span> <span class='ocrx_word' id='word_1_481' title='bbox 900 3946 1002 4015; x_wconf 87' lang='grc' dir='ltr'>μὲν</span> <span class='ocrx_word' id='word_1_482' title='bbox 1041 3945 1135 3998; x_wconf 89' lang='grc' dir='ltr'>τοῦ</span> <span class='ocrx_word' id='word_1_483' title='bbox 1189 3946 1342 4016; x_wconf 77' lang='grc' dir='ltr'>ἡλίου</span> <span class='ocrx_word' id='word_1_484' title='bbox 1387 3947 1487 4018; x_wconf 77' lang='grc' dir='ltr'>τὴν</span> <span class='ocrx_word' id='word_1_485' title='bbox 1535 3946 1761 4017; x_wconf 80' lang='grc' dir='ltr'>δύναμιν</span> <span class='ocrx_word' id='word_1_486' title='bbox 1791 3947 2068 4018; x_wconf 79' lang='grc' dir='ltr'>ψυχρότης</span> <span class='ocrx_word' id='word_1_487' title='bbox 2107 3949 2460 4019; x_wconf 77' lang='grc' dir='ltr'>ἐπιγινομένη</span> 
     </span>
    </p>
   </div>
   <div class='ocr_carea' id='block_1_56' title="bbox 779 4031 2463 4106">
    <p class='ocr_par' dir='ltr' id='par_1_56' title="bbox 779 4031 2463 4106">
     <span class='ocr_line' id='line_1_56' title="bbox 779 4031 2463 4106; baseline 0.001 -20"><span class='ocrx_word' id='word_1_488' title='bbox 779 4031 965 4096; x_wconf 82' lang='grc' dir='ltr'>πλέον,</span> <span class='ocrx_word' id='word_1_489' title='bbox 993 4032 1262 4106; x_wconf 81' lang='grc' dir='ltr'>ἀναλίσκῃ</span> <span class='ocrx_word' id='word_1_490' title='bbox 1290 4033 1346 4086; x_wconf 87' lang='grc' dir='ltr'>δὲ</span> <span class='ocrx_word' id='word_1_491' title='bbox 1379 4033 1586 4105; x_wconf 89' lang='grc' dir='ltr'>ταύτην</span> <span class='ocrx_word' id='word_1_492' title='bbox 1625 4034 1689 4086; x_wconf 87' lang='lat'>16</span> <span class='ocrx_word' id='word_1_493' title='bbox 1723 4033 1923 4105; x_wconf 76' lang='grc' dir='ltr'>θερμὸν</span> <span class='ocrx_word' id='word_1_494' title='bbox 1957 4035 2119 4088; x_wconf 90' lang='grc' dir='ltr'>πάλιν</span> <span class='ocrx_word' id='word_1_495' title='bbox 2161 4036 2463 4106; x_wconf 84' lang='grc' dir='ltr'>ἐπικρατῆ-</span> 
     </span>
    </p>
   </div>
   <div class='ocr_carea' id='block_1_57' title="bbox 781 4121 2463 4192">
    <p class='ocr_par' dir='ltr' id='par_1_57' title="bbox 781 4121 2463 4192">
     <span class='ocr_line' id='line_1_57' title="bbox 781 4121 2463 4192; baseline 0.002 -18"><span class='ocrx_word' id='word_1_496' title='bbox 781 4136 903 4186; x_wconf 84' lang='grc' dir='ltr'>σαν,</span> <span class='ocrx_word' id='word_1_497' title='bbox 940 4121 1037 4174; x_wconf 78' lang='grc' dir='ltr'>καὶ</span> <span class='ocrx_word' id='word_1_498' title='bbox 1083 4121 1186 4186; x_wconf 76' lang='grc' dir='ltr'>τὰς</span> <span class='ocrx_word' id='word_1_499' title='bbox 1222 4122 1468 4186; x_wconf 88' lang='grc' dir='ltr'>ἐναντίας</span> <span class='ocrx_word' id='word_1_500' title='bbox 1514 4122 1807 4192; x_wconf 86' lang='grc' dir='ltr'>ποιότητάς</span> <span class='ocrx_word' id='word_1_501' title='bbox 1845 4139 1906 4174; x_wconf 87' lang='grc' dir='ltr'>τε</span> <span class='ocrx_word' id='word_1_502' title='bbox 1953 4123 2050 4175; x_wconf 77' lang='grc' dir='ltr'>καὶ</span> <span class='ocrx_word' id='word_1_503' title='bbox 2093 4121 2365 4187; x_wconf 84' lang='grc' dir='ltr'>διαθέσεις</span> <span class='ocrx_word' id='word_1_504' title='bbox 2405 4125 2463 4178; x_wconf 88' lang='grc' dir='ltr'>ἐν</span> 
     </span>
    </p>
   </div>
   <div class='ocr_carea' id='block_1_58' title="bbox 781 4207 2463 4280">
    <p class='ocr_par' dir='ltr' id='par_1_58' title="bbox 781 4207 2463 4280">
     <span class='ocr_line' id='line_1_58' title="bbox 781 4207 2463 4280; baseline 0.002 -19"><span class='ocrx_word' id='word_1_505' title='bbox 781 4207 1033 4279; x_wconf 76' lang='grc' dir='ltr'>ἀλλήλοις</span> <span class='ocrx_word' id='word_1_506' title='bbox 1060 4211 1188 4279; x_wconf 86' lang='grc' dir='ltr'>ποιῇ</span> <span class='ocrx_word' id='word_1_507' title='bbox 1219 4209 1314 4262; x_wconf 68' lang='grc' dir='ltr'>κα)⁵</span> <span class='ocrx_word' id='word_1_508' title='bbox 1340 4209 1524 4280; x_wconf 77' lang='grc' dir='ltr'>πάσχῃ</span> <span class='ocrx_word' id='word_1_509' title='bbox 1555 4207 1628 4261; x_wconf 88' lang='grc' dir='ltr'>τά</span> <span class='ocrx_word' id='word_1_510' title='bbox 1662 4209 1921 4278; x_wconf 83' lang='grc' dir='ltr'>στοιχεῖα,</span> <span class='ocrx_word' id='word_1_511' title='bbox 1945 4208 2162 4278; x_wconf 72' lang='grc' dir='ltr'>εὔδηλον</span> <span class='ocrx_word' id='word_1_512' title='bbox 2185 4211 2265 4264; x_wconf 83' lang='grc' dir='ltr'>ὃτι</span> <span class='ocrx_word' id='word_1_513' title='bbox 2296 4211 2463 4280; x_wconf 85' lang='grc' dir='ltr'>μεγά-</span> 
     </span>
    </p>
   </div>
   <div class='ocr_carea' id='block_1_59' title="bbox 780 4293 2465 4368">
    <p class='ocr_par' dir='ltr' id='par_1_59' title="bbox 780 4293 2465 4368">
     <span class='ocr_line' id='line_1_59' title="bbox 780 4293 2465 4368; baseline 0.002 -20"><span class='ocrx_word' id='word_1_514' title='bbox 780 4293 880 4365; x_wconf 84' lang='grc' dir='ltr'>λης</span> <span class='ocrx_word' id='word_1_515' title='bbox 909 4295 1118 4368; x_wconf 83' lang='grc' dir='ltr'>φθορᾶς</span> <span class='ocrx_word' id='word_1_516' title='bbox 1144 4295 1322 4350; x_wconf 89' lang='grc' dir='ltr'>ταῦτα</span> <span class='ocrx_word' id='word_1_517' title='bbox 1351 4296 1647 4360; x_wconf 79' lang='grc' dir='ltr'>ἀπόδειξις,</span> <span class='ocrx_word' id='word_1_518' title='bbox 1684 4296 1779 4349; x_wconf 75' lang='grc' dir='ltr'>καὶ</span> <span class='ocrx_word' id='word_1_519' title='bbox 1803 4295 1897 4347; x_wconf 92' lang='grc' dir='ltr'>τοῦ</span> <span class='ocrx_word' id='word_1_520' title='bbox 1931 4297 2090 4366; x_wconf 90' lang='grc' dir='ltr'>σῶμα</span> <span class='ocrx_word' id='word_1_521' title='bbox 2121 4293 2262 4351; x_wconf 81' lang='grc' dir='ltr'>εἶναι</span> <span class='ocrx_word' id='word_1_522' title='bbox 2287 4299 2465 4352; x_wconf 87' lang='grc' dir='ltr'>πάντα</span> 
     </span>
    </p>
   </div>
   <div class='ocr_carea' id='block_1_60' title="bbox 781 4382 2467 4456">
    <p class='ocr_par' dir='ltr' id='par_1_60' title="bbox 781 4382 2467 4456">
     <span class='ocr_line' id='line_1_60' title="bbox 781 4382 2467 4456; baseline 0.002 -21"><span class='ocrx_word' id='word_1_523' title='bbox 781 4382 852 4436; x_wconf 79' lang='grc' dir='ltr'>τὰ</span> <span class='ocrx_word' id='word_1_524' title='bbox 896 4383 1332 4455; x_wconf 81' lang='grc' dir='ltr'>ὁρώμενα.⁹Δλλ’</span> <span class='ocrx_word' id='word_1_525' title='bbox 1368 4383 1701 4452; x_wconf 64' lang='grc' dir='ltr'>ἐπειδητῆς</span> <span class='ocrx_word' id='word_1_526' title='bbox 1736 4382 1997 4452; x_wconf 80' lang='grc' dir='ltr'>ἀφελείας</span> <span class='ocrx_word' id='word_1_527' title='bbox 2040 4384 2140 4454; x_wconf 81' lang='grc' dir='ltr'>τῆς</span> <span class='ocrx_word' id='word_1_528' title='bbox 2187 4385 2467 4456; x_wconf 78' lang='grc' dir='ltr'>ἡμετέρας</span> 
     </span>
    </p>
   </div>
   <div class='ocr_carea' id='block_1_61' title="bbox 781 4464 2466 4544">
    <p class='ocr_par' dir='ltr' id='par_1_61' title="bbox 781 4464 2466 4544">
     <span class='ocr_line' id='line_1_61' title="bbox 781 4464 2466 4544; baseline 0.002 -22"><span class='ocrx_word' id='word_1_529' title='bbox 781 4469 1116 4543; x_wconf 81' lang='grc' dir='ltr'>ὑψηλότερος</span> <span class='ocrx_word' id='word_1_530' title='bbox 1154 4474 1182 4526; x_wconf 88' lang='lat'>6</span> <span class='ocrx_word' id='word_1_531' title='bbox 1213 4472 1372 4541; x_wconf 83' lang='grc' dir='ltr'>λόγος</span> <span class='ocrx_word' id='word_1_532' title='bbox 1402 4464 1580 4536; x_wconf 78' lang='grc' dir='ltr'>οὗτος,</span> <span class='ocrx_word' id='word_1_533' title='bbox 1609 4473 1742 4544; x_wconf 87' lang='grc' dir='ltr'>φέρε</span> <span class='ocrx_word' id='word_1_534' title='bbox 1773 4471 1866 4525; x_wconf 75' lang='grc' dir='ltr'>ἐπὶ</span> <span class='ocrx_word' id='word_1_535' title='bbox 1895 4471 1993 4542; x_wconf 84' lang='grc' dir='ltr'>τὴν</span> <span class='ocrx_word' id='word_1_536' title='bbox 2024 4471 2282 4540; x_wconf 78' lang='grc' dir='ltr'>γλυκεῖαν</span> <span class='ocrx_word' id='word_1_537' title='bbox 2320 4473 2466 4542; x_wconf 78' lang='grc' dir='ltr'>ὑμᾶς</span> 
     </span>
    </p>
   </div>
   <div class='ocr_carea' id='block_1_62' title="bbox 781 4558 2466 4631">
    <p class='ocr_par' dir='ltr' id='par_1_62' title="bbox 781 4558 2466 4631">
     <span class='ocr_line' id='line_1_62' title="bbox 781 4558 2466 4631; baseline 0.002 -20"><span class='ocrx_word' id='word_1_538' title='bbox 781 4558 892 4612; x_wconf 87' lang='grc' dir='ltr'>τῶν</span> <span class='ocrx_word' id='word_1_539' title='bbox 920 4559 1151 4630; x_wconf 84' lang='grc' dir='ltr'>Γραφῶν</span> <span class='ocrx_word' id='word_1_540' title='bbox 1173 4561 1472 4629; x_wconf 84' lang='grc' dir='ltr'>ἀγαγόντες</span> <span class='ocrx_word' id='word_1_541' title='bbox 1496 4559 1699 4631; x_wconf 76' lang='grc' dir='ltr'>πηγὴν,</span> <span class='ocrx_word' id='word_1_542' title='bbox 1719 4560 1821 4629; x_wconf 83' lang='grc' dir='ltr'>τὴν</span> <span class='ocrx_word' id='word_1_543' title='bbox 1847 4559 2018 4630; x_wconf 82' lang='grc' dir='ltr'>ἀκοὴν</span> <span class='ocrx_word' id='word_1_544' title='bbox 2040 4559 2195 4628; x_wconf 89' lang='grc' dir='ltr'>ὑμῶν</span> <span class='ocrx_word' id='word_1_545' title='bbox 2220 4560 2466 4614; x_wconf 82' lang='grc' dir='ltr'>ἀναπαύ-</span> 
     </span>
    </p>
   </div>
   <div class='ocr_carea' id='block_1_63' title="bbox 785 4646 2467 4720">
    <p class='ocr_par' dir='ltr' id='par_1_63' title="bbox 785 4646 2467 4720">
     <span class='ocr_line' id='line_1_63' title="bbox 785 4646 2467 4720; baseline 0.002 -22"><span class='ocrx_word' id='word_1_546' title='bbox 785 4663 989 4717; x_wconf 89' lang='grc' dir='ltr'>σωμεν.</span> <span class='ocrx_word' id='word_1_547' title='bbox 1018 4649 1093 4701; x_wconf 90' lang='lat'><em>06</em></span> <span class='ocrx_word' id='word_1_548' title='bbox 1135 4647 1245 4720; x_wconf 74' lang='grc' dir='ltr'>γὰρ</span> <span class='ocrx_word' id='word_1_549' title='bbox 1277 4648 1342 4718; x_wconf 77' lang='grc' dir='ltr'>δὴ</span> <span class='ocrx_word' id='word_1_550' title='bbox 1377 4647 1507 4720; x_wconf 83' lang='grc' dir='ltr'>περί</span> <span class='ocrx_word' id='word_1_551' title='bbox 1534 4646 1764 4717; x_wconf 85' lang='grc' dir='ltr'>ούρανοῦ</span> <span class='ocrx_word' id='word_1_552' title='bbox 1817 4647 1912 4700; x_wconf 77' lang='grc' dir='ltr'>καὶ</span> <span class='ocrx_word' id='word_1_553' title='bbox 1955 4647 2060 4717; x_wconf 83' lang='grc' dir='ltr'>γῆς</span> <span class='ocrx_word' id='word_1_554' title='bbox 2111 4646 2255 4700; x_wconf 85' lang='grc' dir='ltr'>κατά</span> <span class='ocrx_word' id='word_1_555' title='bbox 2301 4649 2467 4719; x_wconf 78' lang='grc' dir='ltr'>μέρος</span> 
     </span>
    </p>
   </div>
   <div class='ocr_carea' id='block_1_64' title="bbox 785 4733 2468 4805">
    <p class='ocr_par' dir='ltr' id='par_1_64' title="bbox 785 4733 2468 4805">
     <span class='ocr_line' id='line_1_64' title="bbox 785 4733 2468 4805; baseline 0.002 -19"><span class='ocrx_word' id='word_1_556' title='bbox 785 4733 917 4804; x_wconf 88' lang='grc' dir='ltr'>ὑμῖν</span> <span class='ocrx_word' id='word_1_557' title='bbox 939 4734 1194 4805; x_wconf 80' lang='grc' dir='ltr'>ἐροῦμεν,</span> <span class='ocrx_word' id='word_1_558' title='bbox 1228 4734 1366 4788; x_wconf 87' lang='grc' dir='ltr'>ἀλλά</span> <span class='ocrx_word' id='word_1_559' title='bbox 1391 4735 1522 4804; x_wconf 73' lang='grc' dir='ltr'>περὶ</span> <span class='ocrx_word' id='word_1_560' title='bbox 1550 4734 1728 4803; x_wconf 81' lang='grc' dir='ltr'>πάσης</span> <span class='ocrx_word' id='word_1_561' title='bbox 1762 4733 1896 4803; x_wconf 84' lang='grc' dir='ltr'>ὁμοῦ</span> <span class='ocrx_word' id='word_1_562' title='bbox 1929 4736 2029 4804; x_wconf 83' lang='grc' dir='ltr'>τῆς</span> <span class='ocrx_word' id='word_1_563' title='bbox 2055 4734 2284 4797; x_wconf 87' lang='grc' dir='ltr'>κτίσεως</span> <span class='ocrx_word' id='word_1_564' title='bbox 2309 4736 2468 4789; x_wconf 87' lang='grc' dir='ltr'>τοῦτο</span> 
     </span>
    </p>
   </div>
   <div class='ocr_carea' id='block_1_65' title="bbox 785 4820 2468 4892">
    <p class='ocr_par' dir='ltr' id='par_1_65' title="bbox 785 4820 2468 4892">
     <span class='ocr_line' id='line_1_65' title="bbox 785 4820 2468 4892; baseline 0.002 -19"><span class='ocrx_word' id='word_1_565' title='bbox 785 4821 922 4874; x_wconf 82' lang='grc' dir='ltr'>αὑτὸ</span> <span class='ocrx_word' id='word_1_566' title='bbox 967 4822 1062 4874; x_wconf 81' lang='grc' dir='ltr'>τὸν</span> <span class='ocrx_word' id='word_1_567' title='bbox 1103 4821 1429 4874; x_wconf 85' lang='grc' dir='ltr'>Ἀπόστολον</span> <span class='ocrx_word' id='word_1_568' title='bbox 1451 4822 1584 4891; x_wconf 79' lang='grc' dir='ltr'>ἡμῖν</span> <span class='ocrx_word' id='word_1_569' title='bbox 1609 4820 2047 4889; x_wconf 88' lang='grc' dir='ltr'>ἀποφαινόμενον</span> <span class='ocrx_word' id='word_1_570' title='bbox 2075 4821 2342 4892; x_wconf 81' lang='grc' dir='ltr'>δείξομεν,</span> <span class='ocrx_word' id='word_1_571' title='bbox 2373 4824 2468 4876; x_wconf 74' lang='grc' dir='ltr'>καὶ</span> 
     </span>
    </p>
   </div>
   <div class='ocr_carea' id='block_1_66' title="bbox 787 4907 2469 4981">
    <p class='ocr_par' dir='ltr' id='par_1_66' title="bbox 787 4907 2469 4981">
     <span class='ocr_line' id='line_1_66' title="bbox 787 4907 2469 4981; baseline 0.001 -20"><span class='ocrx_word' id='word_1_572' title='bbox 787 4907 1013 4978; x_wconf 82' lang='grc' dir='ltr'>λέγοντα</span> <span class='ocrx_word' id='word_1_573' title='bbox 1045 4909 1235 4981; x_wconf 84' lang='grc' dir='ltr'>σαφῶς</span> <span class='ocrx_word' id='word_1_574' title='bbox 1261 4909 1458 4973; x_wconf 78' lang='grc' dir='ltr'>οὕτως,</span> <span class='ocrx_word' id='word_1_575' title='bbox 1485 4910 1569 4962; x_wconf 83' lang='grc' dir='ltr'>ὅτι</span> <span class='ocrx_word' id='word_1_576' title='bbox 1596 4909 1745 4962; x_wconf 82' lang='grc' dir='ltr'>πᾶσα</span> <span class='ocrx_word' id='word_1_577' title='bbox 1773 4909 1807 4979; x_wconf 77' lang='grc' dir='ltr'>ἡ</span> <span class='ocrx_word' id='word_1_578' title='bbox 1830 4907 2007 4968; x_wconf 83' lang='grc' dir='ltr'>κτίσις</span> <span class='ocrx_word' id='word_1_579' title='bbox 2034 4907 2209 4979; x_wconf 85' lang='grc' dir='ltr'>φθορᾷ</span> <span class='ocrx_word' id='word_1_580' title='bbox 2230 4910 2469 4963; x_wconf 82' lang='grc' dir='ltr'>δουλεύει</span> 
     </span>
    </p>
   </div>
   <div class='ocr_carea' id='block_1_67' title="bbox 787 4995 2468 5070">
    <p class='ocr_par' dir='ltr' id='par_1_67' title="bbox 787 4995 2468 5070">
     <span class='ocr_line' id='line_1_67' title="bbox 787 4995 2468 5070; baseline 0.001 -21"><span class='ocrx_word' id='word_1_581' title='bbox 787 4995 904 5062; x_wconf 90' lang='grc' dir='ltr'>νῦν,</span> <span class='ocrx_word' id='word_1_582' title='bbox 938 4999 1032 5051; x_wconf 68' lang='grc' dir='ltr'>καὶ</span> <span class='ocrx_word' id='word_1_583' title='bbox 1059 4997 1147 5051; x_wconf 89' lang='grc' dir='ltr'>διά</span> <span class='ocrx_word' id='word_1_584' title='bbox 1174 4999 1227 5051; x_wconf 91' lang='grc' dir='ltr'>τί</span> <span class='ocrx_word' id='word_1_585' title='bbox 1260 4996 1522 5062; x_wconf 83' lang='grc' dir='ltr'>δουλεύει,</span> <span class='ocrx_word' id='word_1_586' title='bbox 1557 4998 1652 5050; x_wconf 78' lang='grc' dir='ltr'>καὶ</span> <span class='ocrx_word' id='word_1_587' title='bbox 1694 4996 1825 5048; x_wconf 87' lang='grc' dir='ltr'>πότε</span> <span class='ocrx_word' id='word_1_588' title='bbox 1869 4996 2042 5066; x_wconf 83' lang='grc' dir='ltr'>αὑτῆς</span> <span class='ocrx_word' id='word_1_589' title='bbox 2083 4996 2468 5070; x_wconf 75' lang='grc' dir='ltr'>ἀπαλλαγήσε-</span> 
     </span>
    </p>
   </div>
   <div class='ocr_carea' id='block_1_68' title="bbox 787 5081 2470 5157">
    <p class='ocr_par' dir='ltr' id='par_1_68' title="bbox 787 5081 2470 5157">
     <span class='ocr_line' id='line_1_68' title="bbox 787 5081 2470 5157; baseline 0.001 -21"><span class='ocrx_word' id='word_1_590' title='bbox 787 5101 898 5150; x_wconf 90' lang='grc' dir='ltr'>ται,</span> <span class='ocrx_word' id='word_1_591' title='bbox 931 5085 1028 5138; x_wconf 77' lang='grc' dir='ltr'>καὶ</span> <span class='ocrx_word' id='word_1_592' title='bbox 1071 5088 1152 5149; x_wconf 89' lang='grc' dir='ltr'>εἰς</span> <span class='ocrx_word' id='word_1_593' title='bbox 1194 5085 1353 5139; x_wconf 89' lang='grc' dir='ltr'>ποίαν</span> <span class='ocrx_word' id='word_1_594' title='bbox 1399 5084 1766 5157; x_wconf 77' lang='grc' dir='ltr'>μεταθήσεται</span> <span class='ocrx_word' id='word_1_595' title='bbox 1811 5081 1985 5155; x_wconf 79' lang='grc' dir='ltr'>λῆξιν.</span> <span class='ocrx_word' id='word_1_596' title='bbox 2023 5083 2205 5138; x_wconf 78' lang='grc' dir='ltr'>Εἰπὼν</span> <span class='ocrx_word' id='word_1_597' title='bbox 2229 5085 2358 5156; x_wconf 82' lang='grc' dir='ltr'>γάρ,</span> <span class='ocrx_word' id='word_1_598' title='bbox 2387 5087 2470 5139; x_wconf 83' lang='grc' dir='ltr'>ὅτι</span> 
     </span>
    </p>
   </div>
   <div class='ocr_carea' id='block_1_69' title="bbox 790 5170 2473 5247">
    <p class='ocr_par' dir='ltr' id='par_1_69' title="bbox 790 5170 2473 5247">
     <span class='ocr_line' id='line_1_69' title="bbox 790 5170 2473 5247; baseline 0 -21"><span class='ocrx_word' id='word_1_599' title='bbox 790 5174 915 5226; x_wconf 86' lang='grc' dir='ltr'>Οὐκ</span> <span class='ocrx_word' id='word_1_600' title='bbox 934 5172 1084 5247; x_wconf 75' lang='grc'><strong>[115]</strong></span> <span class='ocrx_word' id='word_1_601' title='bbox 1106 5174 1183 5238; x_wconf 83' lang='grc' dir='ltr'>ἀξ</span> <span class='ocrx_word' id='word_1_602' title='bbox 1188 5193 1247 5228; x_wconf 91' lang='grc' dir='ltr'>ια</span> <span class='ocrx_word' id='word_1_603' title='bbox 1267 5173 1341 5227; x_wconf 86' lang='grc' dir='ltr'>τὰ</span> <span class='ocrx_word' id='word_1_604' title='bbox 1354 5173 1672 5241; x_wconf 77' lang='grc' dir='ltr'>παθήματα</span> <span class='ocrx_word' id='word_1_605' title='bbox 1685 5170 1792 5225; x_wconf 86' lang='grc' dir='ltr'>τοῦ</span> <span class='ocrx_word' id='word_1_606' title='bbox 1805 5171 1925 5225; x_wconf 78' lang='grc' dir='ltr'>νῦν</span> <span class='ocrx_word' id='word_1_607' title='bbox 1954 5173 2164 5243; x_wconf 77' lang='grc' dir='ltr'>καιροῦ</span> <span class='ocrx_word' id='word_1_608' title='bbox 2191 5175 2341 5242; x_wconf 82' lang='grc' dir='ltr'>πρὸς</span> <span class='ocrx_word' id='word_1_609' title='bbox 2358 5173 2473 5242; x_wconf 77' lang='grc' dir='ltr'>τὴν</span> 
     </span>
    </p>
   </div>
   <div class='ocr_carea' id='block_1_70' title="bbox 787 5258 2472 5334">
    <p class='ocr_par' dir='ltr' id='par_1_70' title="bbox 787 5258 2472 5334">
     <span class='ocr_line' id='line_1_70' title="bbox 787 5258 2472 5334; baseline 0 -20"><span class='ocrx_word' id='word_1_610' title='bbox 787 5259 1144 5329; x_wconf 79' lang='grc' dir='ltr'>μέλλουσαν</span> <span class='ocrx_word' id='word_1_611' title='bbox 1170 5259 1363 5325; x_wconf 75' lang='grc' dir='ltr'>δόξαν</span> <span class='ocrx_word' id='word_1_612' title='bbox 1385 5260 1916 5314; x_wconf 74' lang='grc' dir='ltr'>ἀποκαλύπτεσθαι</span> <span class='ocrx_word' id='word_1_613' title='bbox 1948 5263 2036 5326; x_wconf 85' lang='grc' dir='ltr'>εἰς</span> <span class='ocrx_word' id='word_1_614' title='bbox 2059 5258 2238 5331; x_wconf 71' lang='grc' dir='ltr'>ἡμᾶς,</span> <span class='ocrx_word' id='word_1_615' title='bbox 2263 5263 2472 5334; x_wconf 77' lang='grc' dir='ltr'>ἐπήγαο</span> 
     </span>
    </p>
   </div>
   <div class='ocr_carea' id='block_1_71' title="bbox 789 5345 2466 5418">
    <p class='ocr_par' dir='ltr' id='par_1_71' title="bbox 789 5345 2466 5418">
     <span class='ocr_line' id='line_1_71' title="bbox 789 5345 2466 5418; baseline 0.003 -18"><span class='ocrx_word' id='word_1_616' title='bbox 789 5364 886 5416; x_wconf 90' lang='grc' dir='ltr'>γεν</span> <span class='ocrx_word' id='word_1_617' title='bbox 904 5364 918 5378; x_wconf 82' lang='grc'><strong><em>⁸</em></strong></span> <span class='ocrx_word' id='word_1_618' title='bbox 961 5347 1022 5404; x_wconf 81' lang='grc' dir='ltr'><em>Ἠ</em></span> <span class='ocrx_word' id='word_1_619' title='bbox 1041 5349 1155 5418; x_wconf 74' lang='grc' dir='ltr'>γὰρ</span> <span class='ocrx_word' id='word_1_620' title='bbox 1185 5345 1638 5417; x_wconf 77' lang='grc' dir='ltr'>ἀποκαραδοκία</span> <span class='ocrx_word' id='word_1_621' title='bbox 1676 5345 1788 5415; x_wconf 84' lang='grc' dir='ltr'>τῆς</span> <span class='ocrx_word' id='word_1_622' title='bbox 1813 5346 2061 5415; x_wconf 86' lang='grc' dir='ltr'>κτίσεως</span> <span class='ocrx_word' id='word_1_623' title='bbox 2091 5348 2209 5417; x_wconf 77' lang='grc' dir='ltr'>τὴν</span> <span class='ocrx_word' id='word_1_624' title='bbox 2239 5350 2466 5404; x_wconf 80' lang='grc' dir='ltr'>ἀποκά-</span> 
     </span>
    </p>
   </div>
   <div class='ocr_carea' id='block_1_72' title="bbox 789 5433 2472 5508">
    <p class='ocr_par' dir='ltr' id='par_1_72' title="bbox 789 5433 2472 5508">
     <span class='ocr_line' id='line_1_72' title="bbox 789 5433 2472 5508; baseline 0.002 -20"><span class='ocrx_word' id='word_1_625' title='bbox 789 5436 986 5505; x_wconf 68' lang='grc' dir='ltr'>λυψιν</span> <span class='ocrx_word' id='word_1_626' title='bbox 1023 5435 1144 5494; x_wconf 79' lang='grc' dir='ltr'>τῶν</span> <span class='ocrx_word' id='word_1_627' title='bbox 1185 5437 1334 5491; x_wconf 78' lang='grc' dir='ltr'>υἱῶν</span> <span class='ocrx_word' id='word_1_628' title='bbox 1358 5433 1466 5489; x_wconf 86' lang='grc' dir='ltr'>τοῦ</span> <span class='ocrx_word' id='word_1_629' title='bbox 1495 5433 1644 5489; x_wconf 87' lang='grc' dir='ltr'>Θεοῦ</span> <span class='ocrx_word' id='word_1_630' title='bbox 1671 5433 2087 5501; x_wconf 82' lang='grc' dir='ltr'>ἀπεκδέχεται.</span> <span class='ocrx_word' id='word_1_631' title='bbox 2116 5436 2197 5504; x_wconf 76' lang='grc' dir='ltr'>Τῇ</span> <span class='ocrx_word' id='word_1_632' title='bbox 2224 5439 2334 5507; x_wconf 78' lang='grc' dir='ltr'>γὰρ</span> <span class='ocrx_word' id='word_1_633' title='bbox 2355 5455 2472 5508; x_wconf 78' lang='grc' dir='ltr'>μα·</span> 
     </span>
    </p>
   </div>
   <div class='ocr_carea' id='block_1_73' title="bbox 792 5516 2474 5592">
    <p class='ocr_par' dir='ltr' id='par_1_73' title="bbox 792 5516 2474 5592">
     <span class='ocr_line' id='line_1_73' title="bbox 792 5516 2474 5592; baseline 0.004 -16"><span class='ocrx_word' id='word_1_634' title='bbox 792 5525 1052 5590; x_wconf 80' lang='grc' dir='ltr'>ταιότητι</span> <span class='ocrx_word' id='word_1_635' title='bbox 1074 5525 1113 5591; x_wconf 77' lang='grc' dir='ltr'><em>ἠ</em></span> <span class='ocrx_word' id='word_1_636' title='bbox 1134 5524 1335 5589; x_wconf 82' lang='grc' dir='ltr'>κτίσις</span> <span class='ocrx_word' id='word_1_637' title='bbox 1354 5516 1621 5592; x_wconf 70' lang='grc' dir='ltr'>ὑπετάγη</span> <span class='ocrx_word' id='word_1_638' title='bbox 1649 5523 1762 5592; x_wconf 80' lang='grc' dir='ltr'>οὐχ</span> <span class='ocrx_word' id='word_1_639' title='bbox 1790 5521 2038 5586; x_wconf 72' lang='grc' dir='ltr'>ἑκοῦσα,</span> <span class='ocrx_word' id='word_1_640' title='bbox 2055 5523 2216 5578; x_wconf 83' lang='grc' dir='ltr'>ἀλλὰ</span> <span class='ocrx_word' id='word_1_641' title='bbox 2244 5525 2342 5581; x_wconf 82' lang='grc' dir='ltr'>διὰ</span> <span class='ocrx_word' id='word_1_642' title='bbox 2366 5527 2474 5582; x_wconf 79' lang='grc' dir='ltr'>τὸν</span> 
     </span>
    </p>
   </div>
   <div class='ocr_carea' id='block_1_74' title="bbox 792 5608 2476 5686">
    <p class='ocr_par' dir='ltr' id='par_1_74' title="bbox 792 5608 2476 5686">
     <span class='ocr_line' id='line_1_74' title="bbox 792 5608 2476 5686; baseline 0.001 -20"><span class='ocrx_word' id='word_1_643' title='bbox 792 5608 1178 5675; x_wconf 77' lang='grc' dir='ltr'>ὑποτάξαντα</span> <span class='ocrx_word' id='word_1_644' title='bbox 1197 5611 1290 5665; x_wconf 77' lang='grc' dir='ltr'>ἐπ’</span> <span class='ocrx_word' id='word_1_645' title='bbox 1305 5609 1528 5664; x_wconf 83' lang='grc' dir='ltr'>ἐλπίδι.</span> <span class='ocrx_word' id='word_1_646' title='bbox 1541 5612 1606 5663; x_wconf 90' lang='grc' dir='ltr'><strong>Ὃ</strong></span> <span class='ocrx_word' id='word_1_647' title='bbox 1625 5610 1681 5662; x_wconf 80' lang='grc' dir='ltr'>δὲ</span> <span class='ocrx_word' id='word_1_648' title='bbox 1706 5610 1854 5678; x_wconf 85' lang='grc' dir='ltr'>λέγει</span> <span class='ocrx_word' id='word_1_649' title='bbox 1876 5609 2117 5664; x_wconf 88' lang='grc' dir='ltr'>τοιοῦτόν</span> <span class='ocrx_word' id='word_1_650' title='bbox 2139 5613 2254 5665; x_wconf 90' lang='grc' dir='ltr'>ἐστι</span> <span class='ocrx_word' id='word_1_651' title='bbox 2269 5629 2283 5643; x_wconf 89' lang='grc'><strong>·</strong></span> <span class='ocrx_word' id='word_1_652' title='bbox 2303 5613 2476 5686; x_wconf 77' lang='grc' dir='ltr'>Φθαρ⁴</span> 
     </span>
    </p>
   </div>
   <div class='ocr_carea' id='block_1_75' title="bbox 792 5697 2472 5770">
    <p class='ocr_par' dir='ltr' id='par_1_75' title="bbox 792 5697 2472 5770">
     <span class='ocr_line' id='line_1_75' title="bbox 792 5697 2472 5770; baseline 0.003 -20"><span class='ocrx_word' id='word_1_653' title='bbox 792 5699 882 5770; x_wconf 80' lang='grc' dir='ltr'>τὴ,</span> <span class='ocrx_word' id='word_1_654' title='bbox 912 5698 1097 5768; x_wconf 82' lang='grc' dir='ltr'>φησὶν.</span> <span class='ocrx_word' id='word_1_655' title='bbox 1122 5701 1156 5770; x_wconf 78' lang='grc' dir='ltr'><strong>ἡ</strong></span> <span class='ocrx_word' id='word_1_656' title='bbox 1175 5700 1352 5762; x_wconf 86' lang='grc' dir='ltr'>κτίσις</span> <span class='ocrx_word' id='word_1_657' title='bbox 1380 5700 1599 5768; x_wconf 87' lang='grc' dir='ltr'>ἐγένετο</span> <span class='ocrx_word' id='word_1_658' title='bbox 1615 5709 1663 5738; x_wconf 74' lang='grc' dir='ltr'>ε·</span> <span class='ocrx_word' id='word_1_659' title='bbox 1683 5697 1840 5751; x_wconf 87' lang='grc' dir='ltr'>τοῦτο</span> <span class='ocrx_word' id='word_1_660' title='bbox 1864 5699 1974 5769; x_wconf 90' lang='grc' dir='ltr'>γάρ</span> <span class='ocrx_word' id='word_1_661' title='bbox 2006 5699 2123 5751; x_wconf 87' lang='grc' dir='ltr'>ἐστι</span> <span class='ocrx_word' id='word_1_662' title='bbox 2149 5698 2232 5764; x_wconf 94' lang='lat'>16,</span> <span class='ocrx_word' id='word_1_663' title='bbox 2256 5699 2337 5768; x_wconf 79' lang='grc' dir='ltr'>Τῇ</span> <span class='ocrx_word' id='word_1_664' title='bbox 2356 5717 2472 5770; x_wconf 86' lang='grc' dir='ltr'>μα-</span> 
     </span>
    </p>
   </div>
   <div class='ocr_carea' id='block_1_76' title="bbox 793 5786 2478 5860">
    <p class='ocr_par' dir='ltr' id='par_1_76' title="bbox 793 5786 2478 5860">
     <span class='ocr_line' id='line_1_76' title="bbox 793 5786 2478 5860; baseline 0.001 -19"><span class='ocrx_word' id='word_1_665' title='bbox 793 5787 1057 5854; x_wconf 83' lang='grc' dir='ltr'>ταιότητι</span> <span class='ocrx_word' id='word_1_666' title='bbox 1080 5788 1346 5856; x_wconf 71' lang='grc' dir='ltr'>ὑπετάγη</span> <span class='ocrx_word' id='word_1_667' title='bbox 1367 5805 1380 5818; x_wconf 84' lang='lat'><strong><em>°</em></strong></span> <span class='ocrx_word' id='word_1_668' title='bbox 1409 5786 1622 5860; x_wconf 85' lang='grc' dir='ltr'>φθαρτὴ</span> <span class='ocrx_word' id='word_1_669' title='bbox 1649 5786 1706 5840; x_wconf 86' lang='grc' dir='ltr'>δέ</span> <span class='ocrx_word' id='word_1_670' title='bbox 1729 5787 1947 5854; x_wconf 87' lang='grc' dir='ltr'>ἐγένετο</span> <span class='ocrx_word' id='word_1_671' title='bbox 1981 5786 2076 5841; x_wconf 91' lang='grc' dir='ltr'>τοῦ</span> <span class='ocrx_word' id='word_1_672' title='bbox 2111 5787 2246 5842; x_wconf 89' lang='grc' dir='ltr'>Θεοῦ</span> <span class='ocrx_word' id='word_1_673' title='bbox 2285 5788 2478 5842; x_wconf 81' lang='grc' dir='ltr'>κελεύ-</span> 
     </span>
    </p>
   </div>
   <div class='ocr_carea' id='block_1_77' title="bbox 851 5909 2476 5987">
    <p class='ocr_par' dir='ltr' id='par_1_77' title="bbox 851 5909 2476 5987">
     <span class='ocr_line' id='line_1_77' title="bbox 851 5909 2476 5987; baseline 0.002 -28"><span class='ocrx_word' id='word_1_674' title='bbox 851 5912 881 5942; x_wconf 80' lang='grc'>⁸</span> <span class='ocrx_word' id='word_1_675' title='bbox 902 5910 1076 5987; x_wconf 66' lang='lat' dir='ltr'>Mprel.</span> <span class='ocrx_word' id='word_1_676' title='bbox 1096 5909 1256 5958; x_wconf 84' lang='grc' dir='ltr'>ἀλλων</span> <span class='ocrx_word' id='word_1_677' title='bbox 1279 5909 1441 5958; x_wconf 83' lang='grc' dir='ltr'>δεῖται.</span> <span class='ocrx_word' id='word_1_678' title='bbox 1465 5910 1612 5960; x_wconf 76' lang='lat' dir='ltr'>Savil.</span> <span class='ocrx_word' id='word_1_679' title='bbox 1629 5911 1680 5958; x_wconf 78' lang='grc' dir='ltr'>ἀ)</span> <span class='ocrx_word' id='word_1_680' title='bbox 1691 5911 1770 5966; x_wconf 74' lang='grc' dir='ltr'>λῆ)</span> <span class='ocrx_word' id='word_1_681' title='bbox 1781 5928 1847 5958; x_wconf 89' lang='grc' dir='ltr'>ων</span> <span class='ocrx_word' id='word_1_682' title='bbox 1867 5911 2028 5960; x_wconf 81' lang='grc' dir='ltr'>δεῖται.</span> <span class='ocrx_word' id='word_1_683' title='bbox 2055 5910 2181 5964; x_wconf 82' lang='lat' dir='ltr'><strong>Infra</strong></span> <span class='ocrx_word' id='word_1_684' title='bbox 2201 5913 2476 5978; x_wconf 70' lang='grc' dir='ltr'>8ωξὶ1.θαυ-</span> 
     </span>
    </p>
   </div>
   <div class='ocr_carea' id='block_1_78' title="bbox 794 5988 1110 6036">
    <p class='ocr_par' dir='ltr' id='par_1_78' title="bbox 794 5988 1110 6036">
     <span class='ocr_line' id='line_1_78' title="bbox 794 5988 1110 6036; baseline -0.009 -17"><span class='ocrx_word' id='word_1_685' title='bbox 794 5988 1110 6036; x_wconf 77' lang='grc' dir='ltr'>μασιωτερος.</span> 
     </span>
    </p>
   </div>
   <div class='ocr_carea' id='block_1_79' title="bbox 834 6033 1725 6094">
    <p class='ocr_par' dir='ltr' id='par_1_79' title="bbox 834 6033 1725 6094">
     <span class='ocr_line' id='line_1_79' title="bbox 834 6033 1725 6094; baseline -0.003 -12"><span class='ocrx_word' id='word_1_686' title='bbox 834 6033 885 6082; x_wconf 73' lang='grc' dir='ltr'>,δ</span> <span class='ocrx_word' id='word_1_687' title='bbox 912 6036 1113 6094; x_wconf 69' lang='lat' dir='ltr'>Aliquot</span> <span class='ocrx_word' id='word_1_688' title='bbox 1136 6048 1249 6081; x_wconf 72' lang='lat' dir='ltr'>Ims.</span> <span class='ocrx_word' id='word_1_689' title='bbox 1281 6033 1388 6086; x_wconf 74' lang='grc' dir='ltr'>δοὺς</span> <span class='ocrx_word' id='word_1_690' title='bbox 1409 6033 1725 6089; x_wconf 61' lang='grc' dir='ltr'>ἐπιλίξνσίιγι.</span> 
     </span>
    </p>
   </div>
   <div class='ocr_carea' id='block_1_80' title="bbox 855 6095 1448 6153">
    <p class='ocr_par' dir='ltr' id='par_1_80' title="bbox 855 6095 1448 6153">
     <span class='ocr_line' id='line_1_80' title="bbox 855 6095 1448 6153; baseline -0.008 -8"><span class='ocrx_word' id='word_1_691' title='bbox 855 6098 876 6122; x_wconf 61' lang='grc'><strong><em>⁸⁵</em></strong></span> <span class='ocrx_word' id='word_1_692' title='bbox 911 6095 1011 6145; x_wconf 56' lang='lat' dir='ltr'><strong>Alii</strong></span> <span class='ocrx_word' id='word_1_693' title='bbox 1036 6099 1062 6149; x_wconf 67' lang='grc' dir='ltr'>ἡ</span> <span class='ocrx_word' id='word_1_694' title='bbox 1092 6096 1238 6149; x_wconf 68' lang='grc' dir='ltr'>κιίντις</span> <span class='ocrx_word' id='word_1_695' title='bbox 1269 6098 1448 6153; x_wconf 55' lang='grc' dir='ltr'>ηέτηιλν</span> 
     </span>
    </p>
   </div>
   <div class='ocr_carea' id='block_1_81' title="bbox 2575 1931 4260 2005">
    <p class='ocr_par' dir='ltr' id='par_1_81' title="bbox 2575 1931 4260 2005">
     <span class='ocr_line' id='line_1_81' title="bbox 2575 1931 4260 2005; baseline 0 -17"><span class='ocrx_word' id='word_1_696' title='bbox 2575 1934 2856 2005; x_wconf 85' lang='grc' dir='ltr'>στοιχείων</span> <span class='ocrx_word' id='word_1_697' title='bbox 2904 1933 3107 2004; x_wconf 90' lang='grc' dir='ltr'>δεῖγμα</span> <span class='ocrx_word' id='word_1_698' title='bbox 3149 1933 3254 2003; x_wconf 80' lang='grc' dir='ltr'>τῆς</span> <span class='ocrx_word' id='word_1_699' title='bbox 3296 1933 3581 1996; x_wconf 87' lang='grc' dir='ltr'>ἀσθενείας</span> <span class='ocrx_word' id='word_1_700' title='bbox 3631 1931 3813 1986; x_wconf 82' lang='grc' dir='ltr'>αὑτῶν</span> <span class='ocrx_word' id='word_1_701' title='bbox 3860 1934 4193 2000; x_wconf 85' lang='grc' dir='ltr'>ἐγκατέθετο</span> <span class='ocrx_word' id='word_1_702' title='bbox 4234 1937 4260 1988; x_wconf 91' lang='lat'>6</span> 
     </span>
    </p>
   </div>
   <div class='ocr_carea' id='block_1_82' title="bbox 2575 2017 4260 2090">
    <p class='ocr_par' dir='ltr' id='par_1_82' title="bbox 2575 2017 4260 2090">
     <span class='ocr_line' id='line_1_82' title="bbox 2575 2017 4260 2090; baseline -0.001 -16"><span class='ocrx_word' id='word_1_703' title='bbox 2575 2021 2728 2086; x_wconf 77' lang='grc' dir='ltr'>Θεὸς,</span> <span class='ocrx_word' id='word_1_704' title='bbox 2759 2020 2896 2074; x_wconf 88' lang='grc' dir='ltr'>ἀλλά</span> <span class='ocrx_word' id='word_1_705' title='bbox 2919 2023 3017 2075; x_wconf 75' lang='grc' dir='ltr'>καὶ</span> <span class='ocrx_word' id='word_1_706' title='bbox 3043 2023 3154 2086; x_wconf 87' lang='grc' dir='ltr'>τοῖς</span> <span class='ocrx_word' id='word_1_707' title='bbox 3183 2020 3350 2074; x_wconf 85' lang='grc' dir='ltr'>αὑτοῦ</span> <span class='ocrx_word' id='word_1_708' title='bbox 3386 2019 3593 2083; x_wconf 89' lang='grc' dir='ltr'>δούλοις</span> <span class='ocrx_word' id='word_1_709' title='bbox 3618 2019 3927 2090; x_wconf 75' lang='grc' dir='ltr'>ἀνθρώποις</span> <span class='ocrx_word' id='word_1_710' title='bbox 3956 2017 4114 2074; x_wconf 82' lang='grc' dir='ltr'>οὖσιν</span> <span class='ocrx_word' id='word_1_711' title='bbox 4148 2023 4260 2073; x_wconf 81' lang='grc' dir='ltr'>ἐπι-</span> 
     </span>
    </p>
   </div>
   <div class='ocr_carea' id='block_1_83' title="bbox 2569 2106 4261 2178">
    <p class='ocr_par' dir='ltr' id='par_1_83' title="bbox 2569 2106 4261 2178">
     <span class='ocr_line' id='line_1_83' title="bbox 2569 2106 4261 2178; baseline -0.001 -18"><span class='ocrx_word' id='word_1_712' title='bbox 2569 2108 2731 2173; x_wconf 79' lang='grc' dir='ltr'>τάξαι</span> <span class='ocrx_word' id='word_1_713' title='bbox 2762 2109 2950 2171; x_wconf 87' lang='grc' dir='ltr'>αὑτοῖς</span> <span class='ocrx_word' id='word_1_714' title='bbox 2975 2107 3292 2172; x_wconf 82' lang='grc' dir='ltr'>ἐκέλευσεν,</span> <span class='ocrx_word' id='word_1_715' title='bbox 3327 2109 3416 2162; x_wconf 83' lang='grc' dir='ltr'>ἵνα</span> <span class='ocrx_word' id='word_1_716' title='bbox 3444 2107 3548 2160; x_wconf 83' lang='grc' dir='ltr'>κάν</span> <span class='ocrx_word' id='word_1_717' title='bbox 3580 2106 3690 2160; x_wconf 77' lang='grc' dir='ltr'>ἀπὸ</span> <span class='ocrx_word' id='word_1_718' title='bbox 3710 2107 3810 2178; x_wconf 79' lang='grc' dir='ltr'>τῆς</span> <span class='ocrx_word' id='word_1_719' title='bbox 3833 2106 4006 2176; x_wconf 68' lang='grc' dir='ltr'>ὅψεως</span> <span class='ocrx_word' id='word_1_720' title='bbox 4032 2108 4111 2176; x_wconf 83' lang='grc' dir='ltr'>μὴ</span> <span class='ocrx_word' id='word_1_721' title='bbox 4128 2124 4261 2175; x_wconf 81' lang='grc' dir='ltr'>γνωο</span> 
     </span>
    </p>
   </div>
   <div class='ocr_carea' id='block_1_84' title="bbox 2575 2193 4262 2268">
    <p class='ocr_par' dir='ltr' id='par_1_84' title="bbox 2575 2193 4262 2268">
     <span class='ocr_line' id='line_1_84' title="bbox 2575 2193 4262 2268; baseline -0.001 -20"><span class='ocrx_word' id='word_1_722' title='bbox 2575 2196 2733 2268; x_wconf 82' lang='grc' dir='ltr'>ρίσῃς</span> <span class='ocrx_word' id='word_1_723' title='bbox 2768 2195 2949 2248; x_wconf 87' lang='grc' dir='ltr'>αὑτῶν</span> <span class='ocrx_word' id='word_1_724' title='bbox 2992 2194 3092 2262; x_wconf 80' lang='grc' dir='ltr'>τὴν</span> <span class='ocrx_word' id='word_1_725' title='bbox 3143 2193 3414 2256; x_wconf 78' lang='grc' dir='ltr'>δουλείαν,</span> <span class='ocrx_word' id='word_1_726' title='bbox 3450 2195 3560 2248; x_wconf 88' lang='grc' dir='ltr'>ἀπὺ</span> <span class='ocrx_word' id='word_1_727' title='bbox 3595 2194 3702 2248; x_wconf 86' lang='grc' dir='ltr'>τῶν</span> <span class='ocrx_word' id='word_1_728' title='bbox 3736 2194 4136 2246; x_wconf 85' lang='grc' dir='ltr'>ἐπιταττόντων</span> <span class='ocrx_word' id='word_1_729' title='bbox 4166 2195 4262 2262; x_wconf 67' lang='lat'><em>91&#39;:-</em></span> 
     </span>
    </p>
   </div>
   <div class='ocr_carea' id='block_1_85' title="bbox 2573 2278 4260 2353">
    <p class='ocr_par' dir='ltr' id='par_1_85' title="bbox 2573 2278 4260 2353">
     <span class='ocr_line' id='line_1_85' title="bbox 2573 2278 4260 2353; baseline -0.002 -19"><span class='ocrx_word' id='word_1_730' title='bbox 2573 2280 2693 2353; x_wconf 84' lang='grc' dir='ltr'>θῃς,</span> <span class='ocrx_word' id='word_1_731' title='bbox 2718 2283 2800 2334; x_wconf 87' lang='grc' dir='ltr'>ὃτι</span> <span class='ocrx_word' id='word_1_732' title='bbox 2829 2279 3091 2334; x_wconf 91' lang='grc' dir='ltr'>σύνδουλά</span> <span class='ocrx_word' id='word_1_733' title='bbox 3114 2280 3198 2332; x_wconf 86' lang='grc' dir='ltr'>σοι</span> <span class='ocrx_word' id='word_1_734' title='bbox 3219 2281 3336 2332; x_wconf 85' lang='grc' dir='ltr'>ἐστι</span> <span class='ocrx_word' id='word_1_735' title='bbox 3356 2279 3532 2334; x_wconf 90' lang='grc' dir='ltr'>ταῦτα</span> <span class='ocrx_word' id='word_1_736' title='bbox 3553 2280 3867 2336; x_wconf 77' lang='grc' dir='ltr'>ἆπαντα.”υ</span> <span class='ocrx_word' id='word_1_737' title='bbox 3891 2278 4023 2347; x_wconf 89' lang='grc' dir='ltr'>γοῦν</span> <span class='ocrx_word' id='word_1_738' title='bbox 4058 2278 4260 2347; x_wconf 85' lang='grc' dir='ltr'>Ἰησοῦς</span> 
     </span>
    </p>
   </div>
   <div class='ocr_carea' id='block_1_86' title="bbox 2575 2364 4259 2439">
    <p class='ocr_par' dir='ltr' id='par_1_86' title="bbox 2575 2364 4259 2439">
     <span class='ocr_line' id='line_1_86' title="bbox 2575 2364 4259 2439; baseline -0.003 -17"><span class='ocrx_word' id='word_1_739' title='bbox 2575 2370 2604 2422; x_wconf 91' lang='lat'>6</span> <span class='ocrx_word' id='word_1_740' title='bbox 2645 2367 2742 2422; x_wconf 82' lang='lat'>106</span> <span class='ocrx_word' id='word_1_741' title='bbox 2780 2369 2938 2439; x_wconf 85' lang='grc' dir='ltr'>Ναυῆ</span> <span class='ocrx_word' id='word_1_742' title='bbox 2971 2383 3140 2438; x_wconf 80' lang='grc' dir='ltr'>φησιο</span> <span class='ocrx_word' id='word_1_743' title='bbox 3175 2365 3380 2434; x_wconf 80' lang='grc' dir='ltr'>Στήτω</span> <span class='ocrx_word' id='word_1_744' title='bbox 3411 2369 3444 2420; x_wconf 87' lang='lat' dir='ltr'>o&#39;</span> <span class='ocrx_word' id='word_1_745' title='bbox 3477 2366 3655 2433; x_wconf 80' lang='grc' dir='ltr'>ἥλιος</span> <span class='ocrx_word' id='word_1_746' title='bbox 3682 2367 3834 2421; x_wconf 83' lang='grc' dir='ltr'>κατὰ</span> <span class='ocrx_word' id='word_1_747' title='bbox 3862 2364 4136 2426; x_wconf 75' lang='grc' dir='ltr'>Γαϐαὼν,</span> <span class='ocrx_word' id='word_1_748' title='bbox 4165 2365 4259 2418; x_wconf 80' lang='grc' dir='ltr'>καὶ</span> 
     </span>
    </p>
   </div>
   <div class='ocr_carea' id='block_1_87' title="bbox 2572 2452 4260 2524">
    <p class='ocr_par' dir='ltr' id='par_1_87' title="bbox 2572 2452 4260 2524">
     <span class='ocr_line' id='line_1_87' title="bbox 2572 2452 4260 2524; baseline -0.005 -14"><span class='ocrx_word' id='word_1_749' title='bbox 2572 2457 2612 2524; x_wconf 76' lang='grc' dir='ltr'><strong><em>ἡ</em></strong></span> <span class='ocrx_word' id='word_1_750' title='bbox 2635 2453 2872 2522; x_wconf 62' lang='grc' dir='ltr'>σελήνη</span> <span class='ocrx_word' id='word_1_751' title='bbox 2894 2456 3045 2508; x_wconf 83' lang='grc' dir='ltr'>κατά</span> <span class='ocrx_word' id='word_1_752' title='bbox 3066 2454 3344 2523; x_wconf 71' lang='grc' dir='ltr'>φάραγγα</span> <span class='ocrx_word' id='word_1_753' title='bbox 3371 2452 3635 2506; x_wconf 70' lang='grc' dir='ltr'>Αἰλώνει.</span> <span class='ocrx_word' id='word_1_754' title='bbox 3665 2454 3776 2507; x_wconf 76' lang='grc' dir='ltr'>Καὶ</span> <span class='ocrx_word' id='word_1_755' title='bbox 3802 2453 3964 2507; x_wconf 89' lang='grc' dir='ltr'>πάλιν</span> <span class='ocrx_word' id='word_1_756' title='bbox 3989 2455 4018 2505; x_wconf 91' lang='lat'>6</span> <span class='ocrx_word' id='word_1_757' title='bbox 4051 2453 4260 2522; x_wconf 74' lang='grc' dir='ltr'>προφήο</span> 
     </span>
    </p>
   </div>
   <div class='ocr_carea' id='block_1_88' title="bbox 2570 2539 4260 2613">
    <p class='ocr_par' dir='ltr' id='par_1_88' title="bbox 2570 2539 4260 2613">
     <span class='ocr_line' id='line_1_88' title="bbox 2570 2539 4260 2613; baseline -0.002 -19"><span class='ocrx_word' id='word_1_758' title='bbox 2570 2559 2670 2613; x_wconf 88' lang='grc' dir='ltr'>της</span> <span class='ocrx_word' id='word_1_759' title='bbox 2713 2542 2943 2603; x_wconf 78' lang='grc' dir='ltr'>Ἡσαΐας</span> <span class='ocrx_word' id='word_1_760' title='bbox 2984 2541 3309 2596; x_wconf 87' lang='grc' dir='ltr'>ἀναποδίσαι</span> <span class='ocrx_word' id='word_1_761' title='bbox 3349 2542 3516 2594; x_wconf 83' lang='grc' dir='ltr'>αὑτὸν</span> <span class='ocrx_word' id='word_1_762' title='bbox 3548 2540 3641 2593; x_wconf 81' lang='lat'><em>61:1</em></span> <span class='ocrx_word' id='word_1_763' title='bbox 3672 2541 3771 2595; x_wconf 88' lang='grc' dir='ltr'>τοῦ</span> <span class='ocrx_word' id='word_1_764' title='bbox 3810 2541 4078 2611; x_wconf 83' lang='grc' dir='ltr'>βασιλέως</span> <span class='ocrx_word' id='word_1_765' title='bbox 4117 2539 4260 2603; x_wconf 80' lang='grc' dir='ltr'>Ἐζε-</span> 
     </span>
    </p>
   </div>
   <div class='ocr_carea' id='block_1_89' title="bbox 2569 2625 4258 2700">
    <p class='ocr_par' dir='ltr' id='par_1_89' title="bbox 2569 2625 4258 2700">
     <span class='ocr_line' id='line_1_89' title="bbox 2569 2625 4258 2700; baseline -0.002 -18"><span class='ocrx_word' id='word_1_766' title='bbox 2569 2629 2690 2683; x_wconf 91' lang='grc' dir='ltr'>κίου</span> <span class='ocrx_word' id='word_1_767' title='bbox 2720 2629 3010 2698; x_wconf 83' lang='grc' dir='ltr'>πεποίηκε,</span> <span class='ocrx_word' id='word_1_768' title='bbox 3041 2629 3136 2682; x_wconf 79' lang='grc' dir='ltr'>καὶ</span> <span class='ocrx_word' id='word_1_769' title='bbox 3167 2628 3378 2697; x_wconf 87' lang='grc' dir='ltr'>Μωσῆς</span> <span class='ocrx_word' id='word_1_770' title='bbox 3404 2627 3527 2699; x_wconf 84' lang='grc' dir='ltr'>ἀέρι</span> <span class='ocrx_word' id='word_1_771' title='bbox 3560 2629 3658 2680; x_wconf 73' lang='grc' dir='ltr'>καὶ</span> <span class='ocrx_word' id='word_1_772' title='bbox 3687 2628 3930 2700; x_wconf 66' lang='grc' dir='ltr'>θαλάττῃ</span> <span class='ocrx_word' id='word_1_773' title='bbox 3953 2629 4050 2682; x_wconf 79' lang='grc' dir='ltr'>καὶ</span> <span class='ocrx_word' id='word_1_774' title='bbox 4072 2628 4146 2697; x_wconf 76' lang='grc' dir='ltr'>γῇ</span> <span class='ocrx_word' id='word_1_775' title='bbox 4167 2625 4258 2678; x_wconf 72' lang='grc' dir='ltr'>καὶ</span> 
     </span>
    </p>
   </div>
   <div class='ocr_carea' id='block_1_90' title="bbox 2571 2712 4254 2785">
    <p class='ocr_par' dir='ltr' id='par_1_90' title="bbox 2571 2712 4254 2785">
     <span class='ocr_line' id='line_1_90' title="bbox 2571 2712 4254 2785; baseline -0.002 -17"><span class='ocrx_word' id='word_1_776' title='bbox 2571 2716 2802 2785; x_wconf 80' lang='grc' dir='ltr'>πέτραις</span> <span class='ocrx_word' id='word_1_777' title='bbox 2834 2716 3127 2781; x_wconf 80' lang='grc' dir='ltr'>ἐπέταξεν·</span> <span class='ocrx_word' id='word_1_778' title='bbox 3173 2714 3479 2777; x_wconf 82' lang='grc' dir='ltr'>Ἐλισσαῖος</span> <span class='ocrx_word' id='word_1_779' title='bbox 3509 2714 3718 2767; x_wconf 87' lang='grc' dir='ltr'>ὑδάτων</span> <span class='ocrx_word' id='word_1_780' title='bbox 3745 2715 3907 2784; x_wconf 83' lang='grc' dir='ltr'>φύσιν</span> <span class='ocrx_word' id='word_1_781' title='bbox 3943 2712 4254 2784; x_wconf 74' lang='grc' dir='ltr'>μετέϐαλεν,</span> 
     </span>
    </p>
   </div>
   <div class='ocr_carea' id='block_1_91' title="bbox 2571 2801 4257 2876">
    <p class='ocr_par' dir='ltr' id='par_1_91' title="bbox 2571 2801 4257 2876">
     <span class='ocr_line' id='line_1_91' title="bbox 2571 2801 4257 2876; baseline -0.002 -19"><span class='ocrx_word' id='word_1_782' title='bbox 2571 2805 2622 2858; x_wconf 88' lang='grc' dir='ltr'>οἱ</span> <span class='ocrx_word' id='word_1_783' title='bbox 2647 2806 2794 2876; x_wconf 81' lang='grc' dir='ltr'>τρεῖς</span> <span class='ocrx_word' id='word_1_784' title='bbox 2820 2804 3008 2866; x_wconf 82' lang='grc' dir='ltr'>παῖδες</span> <span class='ocrx_word' id='word_1_785' title='bbox 3038 2802 3209 2874; x_wconf 79' lang='grc' dir='ltr'>πυρὸς</span> <span class='ocrx_word' id='word_1_786' title='bbox 3236 2801 3634 2872; x_wconf 87' lang='grc' dir='ltr'>περιεγένοντο.</span> <span class='ocrx_word' id='word_1_787' title='bbox 3651 2802 3816 2872; x_wconf 81' lang='grc' dir='ltr'>Ὀρᾷς</span> <span class='ocrx_word' id='word_1_788' title='bbox 3841 2801 3962 2865; x_wconf 90' lang='grc' dir='ltr'>πῶς</span> <span class='ocrx_word' id='word_1_789' title='bbox 3990 2802 4257 2874; x_wconf 79' lang='grc' dir='ltr'>ἑκατέρω-</span> 
     </span>
    </p>
   </div>
   <div class='ocr_carea' id='block_1_92' title="bbox 2573 2887 4255 2962">
    <p class='ocr_par' dir='ltr' id='par_1_92' title="bbox 2573 2887 4255 2962">
     <span class='ocr_line' id='line_1_92' title="bbox 2573 2887 4255 2962; baseline -0.004 -16"><span class='ocrx_word' id='word_1_790' title='bbox 2573 2892 2665 2946; x_wconf 91' lang='grc' dir='ltr'>θεν</span> <span class='ocrx_word' id='word_1_791' title='bbox 2693 2891 2851 2962; x_wconf 83' lang='grc' dir='ltr'>ἡμῶν</span> <span class='ocrx_word' id='word_1_792' title='bbox 2876 2890 3204 2961; x_wconf 85' lang='grc' dir='ltr'>προενόησεν</span> <span class='ocrx_word' id='word_1_793' title='bbox 3245 2891 3274 2942; x_wconf 86' lang='lat'>6</span> <span class='ocrx_word' id='word_1_794' title='bbox 3319 2887 3472 2952; x_wconf 79' lang='grc' dir='ltr'>Θεὸς,</span> <span class='ocrx_word' id='word_1_795' title='bbox 3501 2887 3592 2942; x_wconf 77' lang='grc' dir='ltr'>διὰ</span> <span class='ocrx_word' id='word_1_796' title='bbox 3634 2889 3733 2958; x_wconf 73' lang='grc' dir='ltr'>μὲν</span> <span class='ocrx_word' id='word_1_797' title='bbox 3770 2887 3864 2940; x_wconf 90' lang='grc' dir='ltr'>τοῦ</span> <span class='ocrx_word' id='word_1_798' title='bbox 3896 2888 4130 2951; x_wconf 80' lang='grc' dir='ltr'>κάλλους</span> <span class='ocrx_word' id='word_1_799' title='bbox 4153 2889 4255 2940; x_wconf 89' lang='grc' dir='ltr'>τῶν</span> 
     </span>
    </p>
   </div>
   <div class='ocr_carea' id='block_1_93' title="bbox 2575 2974 4255 3048">
    <p class='ocr_par' dir='ltr' id='par_1_93' title="bbox 2575 2974 4255 3048">
     <span class='ocr_line' id='line_1_93' title="bbox 2575 2974 4255 3048; baseline -0.001 -18"><span class='ocrx_word' id='word_1_800' title='bbox 2575 2978 2857 3048; x_wconf 89' lang='grc' dir='ltr'>στοιχείων</span> <span class='ocrx_word' id='word_1_801' title='bbox 2903 2979 2983 3041; x_wconf 88' lang='grc' dir='ltr'>εἰς</span> <span class='ocrx_word' id='word_1_802' title='bbox 3025 2977 3124 3046; x_wconf 83' lang='grc' dir='ltr'>τὴν</span> <span class='ocrx_word' id='word_1_803' title='bbox 3157 2974 3325 3030; x_wconf 83' lang='grc' dir='ltr'>αὑτοῦ</span> <span class='ocrx_word' id='word_1_804' title='bbox 3353 2975 3680 3043; x_wconf 85' lang='grc' dir='ltr'>θεογνωσίαν</span> <span class='ocrx_word' id='word_1_805' title='bbox 3708 2977 3856 3045; x_wconf 77' lang='grc' dir='ltr'>ἡμᾶς</span> <span class='ocrx_word' id='word_1_806' title='bbox 3884 2975 4055 3042; x_wconf 79' lang='grc' dir='ltr'>ἄγων,</span> <span class='ocrx_word' id='word_1_807' title='bbox 4088 2976 4178 3027; x_wconf 82' lang='grc' dir='ltr'>διά</span> <span class='ocrx_word' id='word_1_808' title='bbox 4201 2975 4255 3028; x_wconf 80' lang='lat'>66</span> 
     </span>
    </p>
   </div>
   <div class='ocr_carea' id='block_1_94' title="bbox 2569 3061 4257 3135">
    <p class='ocr_par' dir='ltr' id='par_1_94' title="bbox 2569 3061 4257 3135">
     <span class='ocr_line' id='line_1_94' title="bbox 2569 3061 4257 3135; baseline -0.002 -19"><span class='ocrx_word' id='word_1_809' title='bbox 2569 3066 2666 3135; x_wconf 84' lang='grc' dir='ltr'>τῆς</span> <span class='ocrx_word' id='word_1_810' title='bbox 2695 3063 2981 3127; x_wconf 85' lang='grc' dir='ltr'>ἀσθενείας</span> <span class='ocrx_word' id='word_1_811' title='bbox 3006 3064 3109 3117; x_wconf 89' lang='grc' dir='ltr'>οὑκ</span> <span class='ocrx_word' id='word_1_812' title='bbox 3128 3062 3313 3133; x_wconf 76' lang='grc' dir='ltr'>ἀφιεὶς</span> <span class='ocrx_word' id='word_1_813' title='bbox 3334 3065 3414 3128; x_wconf 83' lang='grc' dir='ltr'>εἰς</span> <span class='ocrx_word' id='word_1_814' title='bbox 3437 3063 3538 3132; x_wconf 79' lang='grc' dir='ltr'>τὴν</span> <span class='ocrx_word' id='word_1_815' title='bbox 3560 3062 3786 3116; x_wconf 81' lang='grc' dir='ltr'>ἐκείνων</span> <span class='ocrx_word' id='word_1_816' title='bbox 3810 3064 4145 3117; x_wconf 84' lang='grc' dir='ltr'>καταπεσεῖν</span> <span class='ocrx_word' id='word_1_817' title='bbox 4168 3061 4257 3114; x_wconf 74' lang='grc' dir='ltr'>λαο</span> 
     </span>
    </p>
   </div>
   <div class='ocr_carea' id='block_1_95' title="bbox 2569 3152 2797 3224">
    <p class='ocr_par' dir='ltr' id='par_1_95' title="bbox 2569 3152 2797 3224">
     <span class='ocr_line' id='line_1_95' title="bbox 2569 3152 2797 3224; baseline -0.004 -19"><span class='ocrx_word' id='word_1_818' title='bbox 2569 3152 2760 3224; x_wconf 88' lang='grc' dir='ltr'>τρείαν</span> <span class='ocrx_word' id='word_1_819' title='bbox 2781 3168 2797 3217; x_wconf 86' lang='lat'>;</span> 
     </span>
    </p>
   </div>
   <div class='ocr_carea' id='block_1_96' title="bbox 2644 3235 4255 3309">
    <p class='ocr_par' dir='ltr' id='par_1_96' title="bbox 2644 3235 4255 3309">
     <span class='ocr_line' id='line_1_96' title="bbox 2644 3235 4255 3309; baseline -0.004 -16"><span class='ocrx_word' id='word_1_820' title='bbox 2644 3247 2722 3306; x_wconf 81' lang='grc' dir='ltr'>ς’.</span> <span class='ocrx_word' id='word_1_821' title='bbox 2741 3238 2913 3309; x_wconf 83' lang='grc' dir='ltr'>’Υπὲρ</span> <span class='ocrx_word' id='word_1_822' title='bbox 2931 3237 2996 3309; x_wconf 81' lang='grc' dir='ltr'>δὴ</span> <span class='ocrx_word' id='word_1_823' title='bbox 3025 3236 3234 3291; x_wconf 88' lang='grc' dir='ltr'>τούτων</span> <span class='ocrx_word' id='word_1_824' title='bbox 3262 3237 3522 3292; x_wconf 90' lang='grc' dir='ltr'>ἀπάντων</span> <span class='ocrx_word' id='word_1_825' title='bbox 3549 3236 3861 3307; x_wconf 82' lang='grc' dir='ltr'>δοξάσωμεν</span> <span class='ocrx_word' id='word_1_826' title='bbox 3875 3236 4040 3290; x_wconf 80' lang='grc' dir='ltr'>αὑτὸν</span> <span class='ocrx_word' id='word_1_827' title='bbox 4053 3235 4149 3288; x_wconf 82' lang='lat' dir='ltr'><em>16v</em></span> <span class='ocrx_word' id='word_1_828' title='bbox 4159 3253 4255 3305; x_wconf 82' lang='grc' dir='ltr'>κη-</span> 
     </span>
    </p>
   </div>
   <div class='ocr_carea' id='block_1_97' title="bbox 2570 3323 4257 3398">
    <p class='ocr_par' dir='ltr' id='par_1_97' title="bbox 2570 3323 4257 3398">
     <span class='ocr_line' id='line_1_97' title="bbox 2570 3323 4257 3398; baseline -0.004 -17"><span class='ocrx_word' id='word_1_829' title='bbox 2570 3327 2772 3398; x_wconf 89' lang='grc' dir='ltr'>δεμόνα</span> <span class='ocrx_word' id='word_1_830' title='bbox 2793 3326 2972 3397; x_wconf 82' lang='grc' dir='ltr'>ἡμῶν,</span> <span class='ocrx_word' id='word_1_831' title='bbox 3000 3325 3075 3396; x_wconf 84' lang='grc' dir='ltr'>μὴ</span> <span class='ocrx_word' id='word_1_832' title='bbox 3098 3324 3188 3378; x_wconf 88' lang='grc' dir='ltr'>διά</span> <span class='ocrx_word' id='word_1_833' title='bbox 3219 3326 3485 3396; x_wconf 78' lang='grc' dir='ltr'>ῥημάτων</span> <span class='ocrx_word' id='word_1_834' title='bbox 3516 3325 3701 3394; x_wconf 84' lang='grc' dir='ltr'>μόνον,</span> <span class='ocrx_word' id='word_1_835' title='bbox 3732 3323 3867 3378; x_wconf 88' lang='grc' dir='ltr'>ἀλλά</span> <span class='ocrx_word' id='word_1_836' title='bbox 3895 3323 3990 3376; x_wconf 72' lang='grc' dir='ltr'>καὶ</span> <span class='ocrx_word' id='word_1_837' title='bbox 4010 3323 4104 3376; x_wconf 84' lang='grc' dir='ltr'>διά</span> <span class='ocrx_word' id='word_1_838' title='bbox 4122 3340 4257 3390; x_wconf 69' lang='lat'><em>1:9:-</em></span> 
     </span>
    </p>
   </div>
   <div class='ocr_carea' id='block_1_98' title="bbox 2571 3410 4256 3485">
    <p class='ocr_par' dir='ltr' id='par_1_98' title="bbox 2571 3410 4256 3485">
     <span class='ocr_line' id='line_1_98' title="bbox 2571 3410 4256 3485; baseline -0.003 -17"><span class='ocrx_word' id='word_1_839' title='bbox 2571 3414 2822 3485; x_wconf 87' lang='grc' dir='ltr'>γμάτων,</span> <span class='ocrx_word' id='word_1_840' title='bbox 2852 3415 2949 3467; x_wconf 70' lang='grc' dir='ltr'>καὶ</span> <span class='ocrx_word' id='word_1_841' title='bbox 2975 3412 3254 3466; x_wconf 83' lang='grc' dir='ltr'>πολιτείαν</span> <span class='ocrx_word' id='word_1_842' title='bbox 3276 3413 3512 3482; x_wconf 89' lang='grc' dir='ltr'>ἀρίστην</span> <span class='ocrx_word' id='word_1_843' title='bbox 3540 3410 3956 3482; x_wconf 80' lang='grc' dir='ltr'>ὲπιδειξὼμεθα,</span> <span class='ocrx_word' id='word_1_844' title='bbox 3980 3411 4083 3480; x_wconf 88' lang='grc' dir='ltr'>τήν</span> <span class='ocrx_word' id='word_1_845' title='bbox 4103 3410 4256 3463; x_wconf 85' lang='grc' dir='ltr'>τ’ἀλ-</span> 
     </span>
    </p>
   </div>
   <div class='ocr_carea' id='block_1_99' title="bbox 2572 3496 4258 3572">
    <p class='ocr_par' dir='ltr' id='par_1_99' title="bbox 2572 3496 4258 3572">
     <span class='ocr_line' id='line_1_99' title="bbox 2572 3496 4258 3572; baseline -0.004 -18"><span class='ocrx_word' id='word_1_846' title='bbox 2572 3501 2674 3571; x_wconf 85' lang='grc' dir='ltr'>λην</span> <span class='ocrx_word' id='word_1_847' title='bbox 2719 3501 2816 3554; x_wconf 56' lang='grc' dir='ltr'>καὶ¹</span> <span class='ocrx_word' id='word_1_848' title='bbox 2843 3500 2942 3572; x_wconf 77' lang='grc' dir='ltr'>τὴν</span> <span class='ocrx_word' id='word_1_849' title='bbox 2971 3500 3102 3571; x_wconf 66' lang='grc' dir='ltr'>περὶ</span> <span class='ocrx_word' id='word_1_850' title='bbox 3125 3500 3255 3564; x_wconf 70' lang='grc' dir='ltr'>τοὺς</span> <span class='ocrx_word' id='word_1_851' title='bbox 3287 3500 3480 3571; x_wconf 78' lang='grc' dir='ltr'>ὅρκους</span> <span class='ocrx_word' id='word_1_852' title='bbox 3508 3499 3840 3568; x_wconf 82' lang='grc' dir='ltr'>ἐγκράτειαν</span> <span class='ocrx_word' id='word_1_853' title='bbox 3863 3497 4025 3564; x_wconf 86' lang='grc' dir='ltr'>λέγω.</span> <span class='ocrx_word' id='word_1_854' title='bbox 4057 3497 4134 3548; x_wconf 90' lang='lat'><em>06</em></span> <span class='ocrx_word' id='word_1_855' title='bbox 4157 3496 4258 3563; x_wconf 89' lang='grc' dir='ltr'>γάρ</span> 
     </span>
    </p>
   </div>
   <div class='ocr_carea' id='block_1_100' title="bbox 2573 3583 4256 3660">
    <p class='ocr_par' dir='ltr' id='par_1_100' title="bbox 2573 3583 4256 3660">
     <span class='ocr_line' id='line_1_100' title="bbox 2573 3583 4256 3660; baseline -0.005 -17"><span class='ocrx_word' id='word_1_856' title='bbox 2573 3588 2638 3660; x_wconf 80' lang='grc' dir='ltr'>δὴ</span> <span class='ocrx_word' id='word_1_857' title='bbox 2667 3590 2775 3642; x_wconf 83' lang='grc' dir='ltr'>πᾶν</span> <span class='ocrx_word' id='word_1_858' title='bbox 2803 3589 3108 3659; x_wconf 77' lang='grc' dir='ltr'>ἁμάρτημα</span> <span class='ocrx_word' id='word_1_859' title='bbox 3129 3587 3229 3658; x_wconf 83' lang='grc' dir='ltr'>τὴν</span> <span class='ocrx_word' id='word_1_860' title='bbox 3258 3587 3429 3657; x_wconf 81' lang='grc' dir='ltr'>αὑτὴν</span> <span class='ocrx_word' id='word_1_861' title='bbox 3463 3585 3621 3656; x_wconf 83' lang='grc' dir='ltr'>φέρει</span> <span class='ocrx_word' id='word_1_862' title='bbox 3645 3584 3886 3646; x_wconf 84' lang='grc' dir='ltr'>κόλασιν,</span> <span class='ocrx_word' id='word_1_863' title='bbox 3913 3583 4051 3636; x_wconf 86' lang='grc' dir='ltr'>ἀλλά</span> <span class='ocrx_word' id='word_1_864' title='bbox 4077 3583 4146 3636; x_wconf 75' lang='grc' dir='ltr'>τὰ</span> <span class='ocrx_word' id='word_1_865' title='bbox 4169 3583 4256 3635; x_wconf 82' lang='grc' dir='ltr'>εὑ-</span> 
     </span>
    </p>
   </div>
   <div class='ocr_carea' id='block_1_101' title="bbox 2577 3665 4258 3748">
    <p class='ocr_par' dir='ltr' id='par_1_101' title="bbox 2577 3665 4258 3748">
     <span class='ocr_line' id='line_1_101' title="bbox 2577 3665 4258 3748; baseline -0.006 -18"><span class='ocrx_word' id='word_1_866' title='bbox 2577 3675 2904 3748; x_wconf 86' lang='grc' dir='ltr'>κατόρθωτα</span> <span class='ocrx_word' id='word_1_867' title='bbox 2932 3673 3159 3745; x_wconf 82' lang='grc' dir='ltr'>μείζονα</span> <span class='ocrx_word' id='word_1_868' title='bbox 3185 3675 3317 3744; x_wconf 80' lang='grc' dir='ltr'>ἡμῖν</span> <span class='ocrx_word' id='word_1_869' title='bbox 3339 3675 3533 3741; x_wconf 89' lang='grc' dir='ltr'>ἐπάγει</span> <span class='ocrx_word' id='word_1_870' title='bbox 3555 3673 3654 3743; x_wconf 85' lang='grc' dir='ltr'>τὴν</span> <span class='ocrx_word' id='word_1_871' title='bbox 3679 3670 3950 3741; x_wconf 85' lang='grc' dir='ltr'>τιμωρίαν</span> <span class='ocrx_word' id='word_1_872' title='bbox 3970 3688 3983 3699; x_wconf 75' lang='grc' dir='ltr'><strong><em>ο</em></strong></span> <span class='ocrx_word' id='word_1_873' title='bbox 4009 3669 4147 3738; x_wconf 84' lang='grc' dir='ltr'>ὅπερ</span> <span class='ocrx_word' id='word_1_874' title='bbox 4167 3665 4258 3721; x_wconf 70' lang='grc' dir='ltr'>οὖν</span> 
     </span>
    </p>
   </div>
   <div class='ocr_carea' id='block_1_102' title="bbox 2572 3755 4259 3833">
    <p class='ocr_par' dir='ltr' id='par_1_102' title="bbox 2572 3755 4259 3833">
     <span class='ocr_line' id='line_1_102' title="bbox 2572 3755 4259 3833; baseline -0.005 -16"><span class='ocrx_word' id='word_1_875' title='bbox 2572 3764 2669 3818; x_wconf 75' lang='grc' dir='ltr'>καὶ</span> <span class='ocrx_word' id='word_1_876' title='bbox 2687 3765 2716 3816; x_wconf 92' lang='lat'>6</span> <span class='ocrx_word' id='word_1_877' title='bbox 2739 3761 2993 3833; x_wconf 87' lang='grc' dir='ltr'>Σολομὼν</span> <span class='ocrx_word' id='word_1_878' title='bbox 3023 3761 3393 3830; x_wconf 89' lang='grc' dir='ltr'>αἰνιττόμενος</span> <span class='ocrx_word' id='word_1_879' title='bbox 3423 3759 3625 3828; x_wconf 70' lang='grc' dir='ltr'>ἐλεγεψ</span> <span class='ocrx_word' id='word_1_880' title='bbox 3648 3761 3730 3813; x_wconf 83' lang='grc' dir='ltr'>οὑ</span> <span class='ocrx_word' id='word_1_881' title='bbox 3753 3757 4130 3827; x_wconf 82' lang='grc' dir='ltr'>θαυμαστὸν,</span> <span class='ocrx_word' id='word_1_882' title='bbox 4155 3755 4259 3808; x_wconf 65' lang='grc' dir='ltr'>ἐὰν·</span> 
     </span>
    </p>
   </div>
   <div class='ocr_carea' id='block_1_103' title="bbox 2571 3842 4257 3917">
    <p class='ocr_par' dir='ltr' id='par_1_103' title="bbox 2571 3842 4257 3917">
     <span class='ocr_line' id='line_1_103' title="bbox 2571 3842 4257 3917; baseline -0.006 -12"><span class='ocrx_word' id='word_1_883' title='bbox 2571 3849 2702 3917; x_wconf 81' lang='grc' dir='ltr'>ἀλῷ</span> <span class='ocrx_word' id='word_1_884' title='bbox 2734 3867 2825 3916; x_wconf 87' lang='grc' dir='ltr'>τις</span> <span class='ocrx_word' id='word_1_885' title='bbox 2852 3848 3164 3902; x_wconf 78' lang='grc' dir='ltr'>κλέπτων·</span> <span class='ocrx_word' id='word_1_886' title='bbox 3195 3845 3440 3901; x_wconf 83' lang='grc' dir='ltr'>κλέπτει</span> <span class='ocrx_word' id='word_1_887' title='bbox 3475 3846 3583 3916; x_wconf 79' lang='grc' dir='ltr'>γὰρ</span> <span class='ocrx_word' id='word_1_888' title='bbox 3622 3847 3725 3900; x_wconf 79' lang='grc' dir='ltr'>ἵνα</span> <span class='ocrx_word' id='word_1_889' title='bbox 3757 3845 3873 3912; x_wconf 81' lang='grc' dir='ltr'>τὴν</span> <span class='ocrx_word' id='word_1_890' title='bbox 3899 3842 4116 3912; x_wconf 70' lang='grc' dir='ltr'>ψυχὴν</span> <span class='ocrx_word' id='word_1_891' title='bbox 4156 3851 4257 3896; x_wconf 82' lang='grc' dir='ltr'>αὺ-</span> 
     </span>
    </p>
   </div>
   <div class='ocr_carea' id='block_1_104' title="bbox 2569 3930 4260 4006">
    <p class='ocr_par' dir='ltr' id='par_1_104' title="bbox 2569 3930 4260 4006">
     <span class='ocr_line' id='line_1_104' title="bbox 2569 3930 4260 4006; baseline -0.007 -16"><span class='ocrx_word' id='word_1_892' title='bbox 2569 3937 2678 3991; x_wconf 85' lang='grc' dir='ltr'>τοῦ</span> <span class='ocrx_word' id='word_1_893' title='bbox 2722 3935 3010 4006; x_wconf 73' lang='grc' dir='ltr'>ἐμπλιξσῃ</span> <span class='ocrx_word' id='word_1_894' title='bbox 3063 3932 3408 3990; x_wconf 72' lang='grc' dir='ltr'>πεινῶσαν’</span> <span class='ocrx_word' id='word_1_895' title='bbox 3467 3937 3500 3987; x_wconf 87' lang='grc' dir='ltr'>ό</span> <span class='ocrx_word' id='word_1_896' title='bbox 3553 3933 3621 3985; x_wconf 77' lang='grc' dir='ltr'>δὲ</span> <span class='ocrx_word' id='word_1_897' title='bbox 3660 3934 3871 4001; x_wconf 74' lang='grc' dir='ltr'>μοιχὸς</span> <span class='ocrx_word' id='word_1_898' title='bbox 3925 3931 4000 3984; x_wconf 83' lang='grc' dir='ltr'>δι’</span> <span class='ocrx_word' id='word_1_899' title='bbox 4023 3930 4260 3984; x_wconf 74' lang='grc' dir='ltr'>ἔνδειαν</span> 
     </span>
    </p>
   </div>
   <div class='ocr_carea' id='block_1_105' title="bbox 2573 4018 4260 4094">
    <p class='ocr_par' dir='ltr' id='par_1_105' title="bbox 2573 4018 4260 4094">
     <span class='ocr_line' id='line_1_105' title="bbox 2573 4018 4260 4094; baseline -0.007 -15"><span class='ocrx_word' id='word_1_900' title='bbox 2573 4023 2810 4094; x_wconf 66' lang='grc' dir='ltr'>φρενῶν</span> <span class='ocrx_word' id='word_1_901' title='bbox 2856 4021 3164 4078; x_wconf 81' lang='grc' dir='ltr'>ἀπώλειαν</span> <span class='ocrx_word' id='word_1_902' title='bbox 3190 4019 3265 4089; x_wconf 77' lang='grc' dir='ltr'>τῇ</span> <span class='ocrx_word' id='word_1_903' title='bbox 3299 4021 3518 4074; x_wconf 79' lang='grc' dir='ltr'>ἑαυτοῦ</span> <span class='ocrx_word' id='word_1_904' title='bbox 3561 4019 3733 4089; x_wconf 71' lang='grc' dir='ltr'>ψυχῇ</span> <span class='ocrx_word' id='word_1_905' title='bbox 3781 4018 4260 4086; x_wconf 77' lang='grc' dir='ltr'>περιποιεῖται.’0</span> 
     </span>
    </p>
   </div>
   <div class='ocr_carea' id='block_1_106' title="bbox 2571 4103 4259 4178">
    <p class='ocr_par' dir='ltr' id='par_1_106' title="bbox 2571 4103 4259 4178">
     <span class='ocr_line' id='line_1_106' title="bbox 2571 4103 4259 4178; baseline -0.007 -14"><span class='ocrx_word' id='word_1_906' title='bbox 2571 4112 2630 4165; x_wconf 91' lang='lat'>66</span> <span class='ocrx_word' id='word_1_907' title='bbox 2670 4111 2819 4178; x_wconf 85' lang='grc' dir='ltr'>λέγει</span> <span class='ocrx_word' id='word_1_908' title='bbox 2864 4109 3103 4163; x_wconf 88' lang='grc' dir='ltr'>τοιοῦτόν</span> <span class='ocrx_word' id='word_1_909' title='bbox 3148 4109 3265 4162; x_wconf 90' lang='grc' dir='ltr'>ἐστι</span> <span class='ocrx_word' id='word_1_910' title='bbox 3284 4125 3298 4140; x_wconf 89' lang='grc'>·</span> <span class='ocrx_word' id='word_1_911' title='bbox 3327 4107 3510 4162; x_wconf 82' lang='grc' dir='ltr'>Δεινδν</span> <span class='ocrx_word' id='word_1_912' title='bbox 3544 4107 3642 4177; x_wconf 89' lang='grc' dir='ltr'>μὲν</span> <span class='ocrx_word' id='word_1_913' title='bbox 3673 4109 3768 4160; x_wconf 72' lang='grc' dir='ltr'>καὶ</span> <span class='ocrx_word' id='word_1_914' title='bbox 3797 4109 3824 4160; x_wconf 86' lang='lat'>6</span> <span class='ocrx_word' id='word_1_915' title='bbox 3853 4106 4116 4174; x_wconf 81' lang='grc' dir='ltr'>κλέπτης,</span> <span class='ocrx_word' id='word_1_916' title='bbox 4145 4103 4259 4156; x_wconf 83' lang='grc' dir='ltr'>ἀλλ’</span> 
     </span>
    </p>
   </div>
   <div class='ocr_carea' id='block_1_107' title="bbox 2573 4191 4262 4267">
    <p class='ocr_par' dir='ltr' id='par_1_107' title="bbox 2573 4191 4262 4267">
     <span class='ocr_line' id='line_1_107' title="bbox 2573 4191 4262 4267; baseline -0.006 -17"><span class='ocrx_word' id='word_1_917' title='bbox 2573 4198 2672 4267; x_wconf 85' lang='grc' dir='ltr'>οὑχ</span> <span class='ocrx_word' id='word_1_918' title='bbox 2713 4196 2856 4249; x_wconf 75' lang='grc' dir='ltr'>οὕτω</span> <span class='ocrx_word' id='word_1_919' title='bbox 2889 4195 3060 4249; x_wconf 72' lang='grc' dir='ltr'>δεινὸν</span> <span class='ocrx_word' id='word_1_920' title='bbox 3103 4196 3176 4259; x_wconf 87' lang='grc' dir='ltr'>ῶς</span> <span class='ocrx_word' id='word_1_921' title='bbox 3216 4198 3244 4249; x_wconf 90' lang='lat'>6</span> <span class='ocrx_word' id='word_1_922' title='bbox 3295 4195 3516 4266; x_wconf 85' lang='grc' dir='ltr'>μοιχός·</span> <span class='ocrx_word' id='word_1_923' title='bbox 3551 4197 3757 4254; x_wconf 79' lang='grc' dir='ltr'>ἐκεῖνος</span> <span class='ocrx_word' id='word_1_924' title='bbox 3795 4193 3893 4262; x_wconf 83' lang='grc' dir='ltr'>μὲν</span> <span class='ocrx_word' id='word_1_925' title='bbox 3937 4191 4044 4260; x_wconf 76' lang='grc' dir='ltr'>γὰρ</span> <span class='ocrx_word' id='word_1_926' title='bbox 4081 4192 4130 4241; x_wconf 90' lang='grc' dir='ltr'>εί</span> <span class='ocrx_word' id='word_1_927' title='bbox 4169 4191 4262 4241; x_wconf 63' lang='grc' dir='ltr'>καὶ</span> 
     </span>
    </p>
   </div>
   <div class='ocr_carea' id='block_1_108' title="bbox 2572 4276 4260 4355">
    <p class='ocr_par' dir='ltr' id='par_1_108' title="bbox 2572 4276 4260 4355">
     <span class='ocr_line' id='line_1_108' title="bbox 2572 4276 4260 4355; baseline -0.005 -19"><span class='ocrx_word' id='word_1_928' title='bbox 2572 4283 2789 4355; x_wconf 76' lang='grc' dir='ltr'>ψυχρὰν</span> <span class='ocrx_word' id='word_1_929' title='bbox 2810 4283 3006 4346; x_wconf 78' lang='grc' dir='ltr'>αἰτίαν,</span> <span class='ocrx_word' id='word_1_930' title='bbox 3037 4281 3150 4335; x_wconf 78' lang='grc' dir='ltr'>ἀλλ’</span> <span class='ocrx_word' id='word_1_931' title='bbox 3174 4281 3324 4352; x_wconf 77' lang='grc' dir='ltr'>ὅμως</span> <span class='ocrx_word' id='word_1_932' title='bbox 3352 4283 3465 4351; x_wconf 73' lang='grc' dir='ltr'>ἔχει</span> <span class='ocrx_word' id='word_1_933' title='bbox 3496 4279 3868 4352; x_wconf 76' lang='grc' dir='ltr'>προϐαλέσθαι</span> <span class='ocrx_word' id='word_1_934' title='bbox 3897 4281 3995 4347; x_wconf 82' lang='grc' dir='ltr'>τὴν</span> <span class='ocrx_word' id='word_1_935' title='bbox 4020 4277 4132 4329; x_wconf 81' lang='grc' dir='ltr'>ἀπὸ</span> <span class='ocrx_word' id='word_1_936' title='bbox 4164 4276 4260 4345; x_wconf 80' lang='grc' dir='ltr'>τῆς</span> 
     </span>
    </p>
   </div>
   <div class='ocr_carea' id='block_1_109' title="bbox 2575 4362 4260 4438">
    <p class='ocr_par' dir='ltr' id='par_1_109' title="bbox 2575 4362 4260 4438">
     <span class='ocr_line' id='line_1_109' title="bbox 2575 4362 4260 4438; baseline -0.005 -16"><span class='ocrx_word' id='word_1_937' title='bbox 2575 4371 2767 4434; x_wconf 81' lang='grc' dir='ltr'>πενίας</span> <span class='ocrx_word' id='word_1_938' title='bbox 2800 4371 3068 4438; x_wconf 73' lang='grc' dir='ltr'>ἀνάγκηνο</span> <span class='ocrx_word' id='word_1_939' title='bbox 3096 4363 3248 4432; x_wconf 74' lang='grc' dir='ltr'>οὗτος</span> <span class='ocrx_word' id='word_1_940' title='bbox 3271 4369 3350 4432; x_wconf 87' lang='lat'>66,</span> <span class='ocrx_word' id='word_1_941' title='bbox 3372 4369 3630 4438; x_wconf 73' lang='grc' dir='ltr'>οὐδεμιᾶς</span> <span class='ocrx_word' id='word_1_942' title='bbox 3665 4368 3913 4435; x_wconf 85' lang='grc' dir='ltr'>ἀνάγκης</span> <span class='ocrx_word' id='word_1_943' title='bbox 3940 4364 4106 4418; x_wconf 83' lang='grc' dir='ltr'>αὑτὸν</span> <span class='ocrx_word' id='word_1_944' title='bbox 4139 4362 4260 4431; x_wconf 82' lang='grc' dir='ltr'>βια-</span> 
     </span>
    </p>
   </div>
   <div class='ocr_carea' id='block_1_110' title="bbox 2575 4449 4263 4528">
    <p class='ocr_par' dir='ltr' id='par_1_110' title="bbox 2575 4449 4263 4528">
     <span class='ocr_line' id='line_1_110' title="bbox 2575 4449 4263 4528; baseline -0.008 -17"><span class='ocrx_word' id='word_1_945' title='bbox 2575 4456 2830 4528; x_wconf 79' lang='grc' dir='ltr'>ζομένης,</span> <span class='ocrx_word' id='word_1_946' title='bbox 2856 4458 2962 4510; x_wconf 87' lang='grc' dir='ltr'>ὑπὸ</span> <span class='ocrx_word' id='word_1_947' title='bbox 3003 4456 3189 4520; x_wconf 87' lang='grc' dir='ltr'>ἀνοίας</span> <span class='ocrx_word' id='word_1_948' title='bbox 3237 4455 3402 4526; x_wconf 89' lang='grc' dir='ltr'>μόνης</span> <span class='ocrx_word' id='word_1_949' title='bbox 3430 4457 3508 4517; x_wconf 88' lang='grc' dir='ltr'>εἰς</span> <span class='ocrx_word' id='word_1_950' title='bbox 3536 4454 3596 4506; x_wconf 81' lang='grc' dir='ltr'>τὸ</span> <span class='ocrx_word' id='word_1_951' title='bbox 3625 4454 3897 4525; x_wconf 82' lang='grc' dir='ltr'>βάραθρον</span> <span class='ocrx_word' id='word_1_952' title='bbox 3925 4449 4263 4504; x_wconf 80' lang='grc' dir='ltr'>καταπίπτει</span> 
     </span>
    </p>
   </div>
   <div class='ocr_carea' id='block_1_111' title="bbox 2575 4535 4263 4615">
    <p class='ocr_par' dir='ltr' id='par_1_111' title="bbox 2575 4535 4263 4615">
     <span class='ocr_line' id='line_1_111' title="bbox 2575 4535 4263 4615; baseline -0.008 -17"><span class='ocrx_word' id='word_1_953' title='bbox 2575 4545 2680 4614; x_wconf 79' lang='grc' dir='ltr'>τῆς</span> <span class='ocrx_word' id='word_1_954' title='bbox 2709 4545 3012 4615; x_wconf 82' lang='grc' dir='ltr'>ἁμαρτίας.</span> <span class='ocrx_word' id='word_1_955' title='bbox 3043 4543 3216 4595; x_wconf 85' lang='grc' dir='ltr'>Τοῦτο</span> <span class='ocrx_word' id='word_1_956' title='bbox 3253 4543 3350 4594; x_wconf 74' lang='grc' dir='ltr'>καὶ</span> <span class='ocrx_word' id='word_1_957' title='bbox 3382 4542 3476 4592; x_wconf 74' lang='grc' dir='ltr'>ἐπὶ</span> <span class='ocrx_word' id='word_1_958' title='bbox 3510 4541 3619 4594; x_wconf 86' lang='grc' dir='ltr'>τῶν</span> <span class='ocrx_word' id='word_1_959' title='bbox 3665 4541 3970 4612; x_wconf 80' lang='grc' dir='ltr'>ὀμνυόντων</span> <span class='ocrx_word' id='word_1_960' title='bbox 4002 4537 4153 4588; x_wconf 75' lang='grc' dir='ltr'>ἐστιν</span> <span class='ocrx_word' id='word_1_961' title='bbox 4187 4535 4263 4586; x_wconf 81' lang='grc' dir='ltr'>εἰ-</span> 
     </span>
    </p>
   </div>
   <div class='ocr_carea' id='block_1_112' title="bbox 2575 4621 4259 4703">
    <p class='ocr_par' dir='ltr' id='par_1_112' title="bbox 2575 4621 4259 4703">
     <span class='ocr_line' id='line_1_112' title="bbox 2575 4621 4259 4703; baseline -0.008 -17"><span class='ocrx_word' id='word_1_962' title='bbox 2575 4635 2699 4686; x_wconf 86' lang='grc' dir='ltr'>πεῖν</span> <span class='ocrx_word' id='word_1_963' title='bbox 2719 4650 2734 4667; x_wconf 76' lang='grc' dir='ltr'><strong>ο</strong></span> <span class='ocrx_word' id='word_1_964' title='bbox 2755 4632 2878 4686; x_wconf 86' lang='lat'><em>0666</em></span> <span class='ocrx_word' id='word_1_965' title='bbox 2901 4632 3010 4703; x_wconf 82' lang='grc' dir='ltr'>γὰρ</span> <span class='ocrx_word' id='word_1_966' title='bbox 3036 4624 3181 4684; x_wconf 76' lang='grc' dir='ltr'>οὗτοί</span> <span class='ocrx_word' id='word_1_967' title='bbox 3207 4647 3330 4682; x_wconf 92' lang='grc' dir='ltr'>τινα</span> <span class='ocrx_word' id='word_1_968' title='bbox 3358 4629 3630 4700; x_wconf 78' lang='grc' dir='ltr'>πρόφασιν</span> <span class='ocrx_word' id='word_1_969' title='bbox 3653 4627 3835 4698; x_wconf 75' lang='grc' dir='ltr'>έχουσι</span> <span class='ocrx_word' id='word_1_970' title='bbox 3866 4621 4259 4696; x_wconf 77' lang='grc' dir='ltr'>προϐαλέσθαι.</span> 
     </span>
    </p>
   </div>
   <div class='ocr_carea' id='block_1_113' title="bbox 2575 4709 4241 4791">
    <p class='ocr_par' dir='ltr' id='par_1_113' title="bbox 2575 4709 4241 4791">
     <span class='ocr_line' id='line_1_113' title="bbox 2575 4709 4241 4791; baseline -0.01 -17"><span class='ocrx_word' id='word_1_971' title='bbox 2575 4720 2715 4774; x_wconf 87' lang='grc' dir='ltr'>ἀλλά</span> <span class='ocrx_word' id='word_1_972' title='bbox 2743 4719 3153 4791; x_wconf 78' lang='grc' dir='ltr'>καταφρόνησιν</span> <span class='ocrx_word' id='word_1_973' title='bbox 3186 4714 3340 4789; x_wconf 68' lang='grc'>[114]</span> <span class='ocrx_word' id='word_1_974' title='bbox 3395 4715 3575 4786; x_wconf 86' lang='grc' dir='ltr'>μόνον.</span> <span class='ocrx_word' id='word_1_975' title='bbox 3623 4717 3733 4768; x_wconf 78' lang='grc' dir='ltr'>Καὶ</span> <span class='ocrx_word' id='word_1_976' title='bbox 3781 4709 3898 4767; x_wconf 80' lang='grc' dir='ltr'>οἶδα</span> <span class='ocrx_word' id='word_1_977' title='bbox 3927 4712 4026 4782; x_wconf 77' lang='grc' dir='ltr'>μὲν</span> <span class='ocrx_word' id='word_1_978' title='bbox 4056 4711 4140 4763; x_wconf 81' lang='grc' dir='ltr'>ὃτι</span> <span class='ocrx_word' id='word_1_979' title='bbox 4169 4709 4241 4759; x_wconf 86' lang='grc' dir='ltr'>ἐπ</span> 
     </span>
    </p>
   </div>
   <div class='ocr_carea' id='block_1_114' title="bbox 2577 4793 4263 4878">
    <p class='ocr_par' dir='ltr' id='par_1_114' title="bbox 2577 4793 4263 4878">
     <span class='ocr_line' id='line_1_114' title="bbox 2577 4793 4263 4878; baseline -0.009 -17"><span class='ocrx_word' id='word_1_980' title='bbox 2577 4807 2751 4878; x_wconf 76' lang='grc' dir='ltr'>αχθὴς</span> <span class='ocrx_word' id='word_1_981' title='bbox 2777 4805 2915 4860; x_wconf 76' lang='grc' dir='ltr'>εἶναι</span> <span class='ocrx_word' id='word_1_982' title='bbox 2960 4805 3103 4859; x_wconf 88' lang='grc' dir='ltr'>δοκῶ</span> <span class='ocrx_word' id='word_1_983' title='bbox 3127 4804 3317 4858; x_wconf 77' lang='grc' dir='ltr'>λοιπὸν</span> <span class='ocrx_word' id='word_1_984' title='bbox 3349 4805 3444 4857; x_wconf 77' lang='grc' dir='ltr'>καὶ</span> <span class='ocrx_word' id='word_1_985' title='bbox 3476 4802 3750 4875; x_wconf 73' lang='grc' dir='ltr'>φορτικὸς,</span> <span class='ocrx_word' id='word_1_986' title='bbox 3773 4802 3840 4873; x_wconf 79' lang='grc' dir='ltr'>τῇ</span> <span class='ocrx_word' id='word_1_987' title='bbox 3878 4795 4134 4866; x_wconf 79' lang='grc' dir='ltr'>συνεχείᾳ</span> <span class='ocrx_word' id='word_1_988' title='bbox 4163 4793 4263 4862; x_wconf 78' lang='grc' dir='ltr'>τῆς</span> 
     </span>
    </p>
   </div>
   <div class='ocr_carea' id='block_1_115' title="bbox 2579 4887 4258 4965">
    <p class='ocr_par' dir='ltr' id='par_1_115' title="bbox 2579 4887 4258 4965">
     <span class='ocr_line' id='line_1_115' title="bbox 2579 4887 4258 4965; baseline -0.008 -18"><span class='ocrx_word' id='word_1_989' title='bbox 2579 4894 2956 4965; x_wconf 82' lang='grc' dir='ltr'>παραινέσεως</span> <span class='ocrx_word' id='word_1_990' title='bbox 2981 4893 3155 4946; x_wconf 83' lang='grc' dir='ltr'>δοκῶν</span> <span class='ocrx_word' id='word_1_991' title='bbox 3192 4890 3450 4960; x_wconf 78' lang='grc' dir='ltr'>ἐνοχλεῖν,</span> <span class='ocrx_word' id='word_1_992' title='bbox 3479 4890 3593 4944; x_wconf 75' lang='grc' dir='ltr'>ἀλλ’</span> <span class='ocrx_word' id='word_1_993' title='bbox 3623 4891 3773 4961; x_wconf 84' lang='grc' dir='ltr'>ὅμως</span> <span class='ocrx_word' id='word_1_994' title='bbox 3801 4892 3902 4943; x_wconf 88' lang='grc' dir='ltr'>οὑκ</span> <span class='ocrx_word' id='word_1_995' title='bbox 3928 4887 4258 4956; x_wconf 67' lang='grc' dir='ltr'>ἀφίσταμαι,</span> 
     </span>
    </p>
   </div>
   <div class='ocr_carea' id='block_1_116' title="bbox 2579 4973 4260 5052">
    <p class='ocr_par' dir='ltr' id='par_1_116' title="bbox 2579 4973 4260 5052">
     <span class='ocr_line' id='line_1_116' title="bbox 2579 4973 4260 5052; baseline -0.007 -18"><span class='ocrx_word' id='word_1_996' title='bbox 2579 4983 2666 5034; x_wconf 85' lang='grc' dir='ltr'>ἵνα</span> <span class='ocrx_word' id='word_1_997' title='bbox 2706 4982 2811 5035; x_wconf 82' lang='grc' dir='ltr'>κᾶν</span> <span class='ocrx_word' id='word_1_998' title='bbox 2857 4982 2956 5052; x_wconf 82' lang='grc' dir='ltr'>τὴν</span> <span class='ocrx_word' id='word_1_999' title='bbox 2986 4978 3373 5050; x_wconf 88' lang='grc' dir='ltr'>ἀναισχυντίαν</span> <span class='ocrx_word' id='word_1_1000' title='bbox 3403 4978 3742 5042; x_wconf 84' lang='grc' dir='ltr'>αἰδεσθέντες</span> <span class='ocrx_word' id='word_1_1001' title='bbox 3772 4977 3870 5047; x_wconf 79' lang='grc' dir='ltr'>τὴν</span> <span class='ocrx_word' id='word_1_1002' title='bbox 3915 4975 4079 5045; x_wconf 73' lang='grc' dir='ltr'>ἐμὴν,</span> <span class='ocrx_word' id='word_1_1003' title='bbox 4121 4973 4260 5024; x_wconf 76' lang='grc' dir='ltr'>ἀπο-</span> 
     </span>
    </p>
   </div>
   <div class='ocr_carea' id='block_1_117' title="bbox 2581 5061 4264 5139">
    <p class='ocr_par' dir='ltr' id='par_1_117' title="bbox 2581 5061 4264 5139">
     <span class='ocr_line' id='line_1_117' title="bbox 2581 5061 4264 5139; baseline -0.007 -19"><span class='ocrx_word' id='word_1_1004' title='bbox 2581 5070 2742 5138; x_wconf 86' lang='grc' dir='ltr'>στῆτε</span> <span class='ocrx_word' id='word_1_1005' title='bbox 2767 5067 2868 5137; x_wconf 76' lang='grc' dir='ltr'>τῆς</span> <span class='ocrx_word' id='word_1_1006' title='bbox 2892 5069 3137 5139; x_wconf 80' lang='grc' dir='ltr'>πονηρᾶς</span> <span class='ocrx_word' id='word_1_1007' title='bbox 3163 5066 3274 5119; x_wconf 91' lang='grc' dir='ltr'>τῶν</span> <span class='ocrx_word' id='word_1_1008' title='bbox 3300 5066 3478 5138; x_wconf 82' lang='grc' dir='ltr'>ὅρκων</span> <span class='ocrx_word' id='word_1_1009' title='bbox 3504 5066 3812 5137; x_wconf 83' lang='grc' dir='ltr'>συνηθείας.</span> <span class='ocrx_word' id='word_1_1010' title='bbox 3842 5064 3903 5116; x_wconf 83' lang='grc' dir='ltr'><strong>Εἰ</strong></span> <span class='ocrx_word' id='word_1_1011' title='bbox 3926 5062 4034 5132; x_wconf 85' lang='grc' dir='ltr'>γάρ</span> <span class='ocrx_word' id='word_1_1012' title='bbox 4061 5062 4090 5112; x_wconf 93' lang='lat'>6</span> <span class='ocrx_word' id='word_1_1013' title='bbox 4113 5061 4264 5114; x_wconf 84' lang='grc' dir='ltr'>δικα-</span> 
     </span>
    </p>
   </div>
   <div class='ocr_carea' id='block_1_118' title="bbox 2581 5149 4263 5227">
    <p class='ocr_par' dir='ltr' id='par_1_118' title="bbox 2581 5149 4263 5227">
     <span class='ocr_line' id='line_1_118' title="bbox 2581 5149 4263 5227; baseline -0.006 -17"><span class='ocrx_word' id='word_1_1014' title='bbox 2581 5156 2712 5227; x_wconf 82' lang='grc' dir='ltr'>στὴς</span> <span class='ocrx_word' id='word_1_1015' title='bbox 2740 5156 2947 5219; x_wconf 85' lang='grc' dir='ltr'>ἐκεῖνος</span> <span class='ocrx_word' id='word_1_1016' title='bbox 2970 5158 2999 5209; x_wconf 88' lang='lat'>6</span> <span class='ocrx_word' id='word_1_1017' title='bbox 3028 5153 3246 5223; x_wconf 79' lang='grc' dir='ltr'>ἀπηνὴς</span> <span class='ocrx_word' id='word_1_1018' title='bbox 3275 5154 3370 5206; x_wconf 77' lang='grc' dir='ltr'>καὶ</span> <span class='ocrx_word' id='word_1_1019' title='bbox 3400 5153 3572 5223; x_wconf 84' lang='grc' dir='ltr'>ὠμὸς,</span> <span class='ocrx_word' id='word_1_1020' title='bbox 3607 5155 3780 5224; x_wconf 86' lang='grc' dir='ltr'>χήρας</span> <span class='ocrx_word' id='word_1_1021' title='bbox 3812 5150 4092 5220; x_wconf 84' lang='grc' dir='ltr'>ἐνόχλησιν</span> <span class='ocrx_word' id='word_1_1022' title='bbox 4119 5149 4263 5201; x_wconf 83' lang='grc' dir='ltr'>αἰδε-</span> 
     </span>
    </p>
   </div>
   <div class='ocr_carea' id='block_1_119' title="bbox 2582 5235 4262 5314">
    <p class='ocr_par' dir='ltr' id='par_1_119' title="bbox 2582 5235 4262 5314">
     <span class='ocr_line' id='line_1_119' title="bbox 2582 5235 4262 5314; baseline -0.007 -17"><span class='ocrx_word' id='word_1_1023' title='bbox 2582 5244 2730 5308; x_wconf 76' lang='grc' dir='ltr'>σθεὶς</span> <span class='ocrx_word' id='word_1_1024' title='bbox 2753 5244 2844 5296; x_wconf 80' lang='grc' dir='ltr'>τὸν</span> <span class='ocrx_word' id='word_1_1025' title='bbox 2877 5244 3080 5314; x_wconf 85' lang='grc' dir='ltr'>τρόπον</span> <span class='ocrx_word' id='word_1_1026' title='bbox 3117 5240 3400 5310; x_wconf 75' lang='grc' dir='ltr'>μετέϐαλε,</span> <span class='ocrx_word' id='word_1_1027' title='bbox 3427 5240 3606 5310; x_wconf 87' lang='grc' dir='ltr'>πολλῷ</span> <span class='ocrx_word' id='word_1_1028' title='bbox 3649 5240 3850 5310; x_wconf 81' lang='grc' dir='ltr'>μᾶλλον</span> <span class='ocrx_word' id='word_1_1029' title='bbox 3900 5239 4058 5306; x_wconf 78' lang='grc' dir='ltr'>ὑμεῖς</span> <span class='ocrx_word' id='word_1_1030' title='bbox 4100 5235 4262 5287; x_wconf 90' lang='grc' dir='ltr'>τοῦτο</span> 
     </span>
    </p>
   </div>
   <div class='ocr_carea' id='block_1_120' title="bbox 2579 5324 4260 5404">
    <p class='ocr_par' dir='ltr' id='par_1_120' title="bbox 2579 5324 4260 5404">
     <span class='ocr_line' id='line_1_120' title="bbox 2579 5324 4260 5404; baseline -0.005 -18"><span class='ocrx_word' id='word_1_1031' title='bbox 2579 5332 2910 5404; x_wconf 77' lang='grc' dir='ltr'>ὲργάσασθε,</span> <span class='ocrx_word' id='word_1_1032' title='bbox 2938 5331 3036 5384; x_wconf 69' lang='grc' dir='ltr'>καὶ</span> <span class='ocrx_word' id='word_1_1033' title='bbox 3074 5329 3310 5399; x_wconf 88' lang='grc' dir='ltr'>μάλιστα</span> <span class='ocrx_word' id='word_1_1034' title='bbox 3348 5329 3478 5380; x_wconf 84' lang='grc' dir='ltr'>ὅταν</span> <span class='ocrx_word' id='word_1_1035' title='bbox 3525 5331 3554 5381; x_wconf 93' lang='lat'>6</span> <span class='ocrx_word' id='word_1_1036' title='bbox 3603 5325 3936 5399; x_wconf 84' lang='grc' dir='ltr'>παρακαλῶν</span> <span class='ocrx_word' id='word_1_1037' title='bbox 3988 5324 4136 5392; x_wconf 80' lang='grc' dir='ltr'>ὑμᾶς</span> <span class='ocrx_word' id='word_1_1038' title='bbox 4182 5324 4260 5391; x_wconf 78' lang='grc' dir='ltr'>μὴ</span> 
     </span>
    </p>
   </div>
   <div class='ocr_carea' id='block_1_121' title="bbox 2580 5412 4257 5492">
    <p class='ocr_par' dir='ltr' id='par_1_121' title="bbox 2580 5412 4257 5492">
     <span class='ocr_line' id='line_1_121' title="bbox 2580 5412 4257 5492; baseline -0.007 -18"><span class='ocrx_word' id='word_1_1039' title='bbox 2580 5421 2722 5492; x_wconf 84' lang='grc' dir='ltr'>ὑπὲρ</span> <span class='ocrx_word' id='word_1_1040' title='bbox 2753 5420 2970 5483; x_wconf 76' lang='grc' dir='ltr'>ἑαυτοῦ,</span> <span class='ocrx_word' id='word_1_1041' title='bbox 3001 5417 3117 5471; x_wconf 87' lang='grc' dir='ltr'>ἀλλ’</span> <span class='ocrx_word' id='word_1_1042' title='bbox 3140 5415 3284 5486; x_wconf 83' lang='grc' dir='ltr'>ὑπὲρ</span> <span class='ocrx_word' id='word_1_1043' title='bbox 3325 5415 3423 5483; x_wconf 83' lang='grc' dir='ltr'>τῆς</span> <span class='ocrx_word' id='word_1_1044' title='bbox 3455 5415 3728 5485; x_wconf 82' lang='grc' dir='ltr'>ὑμετέρας</span> <span class='ocrx_word' id='word_1_1045' title='bbox 3757 5412 3919 5466; x_wconf 90' lang='grc' dir='ltr'>τοῦτο</span> <span class='ocrx_word' id='word_1_1046' title='bbox 3943 5412 4073 5478; x_wconf 77' lang='grc' dir='ltr'>ποιῇ</span> <span class='ocrx_word' id='word_1_1047' title='bbox 4092 5420 4117 5447; x_wconf 73' lang='grc' dir='ltr'><strong><em>ο</em></strong></span> <span class='ocrx_word' id='word_1_1048' title='bbox 4148 5425 4257 5462; x_wconf 80' lang='grc' dir='ltr'>σω-</span> 
     </span>
    </p>
   </div>
   <div class='ocr_carea' id='block_1_122' title="bbox 2579 5498 4262 5580">
    <p class='ocr_par' dir='ltr' id='par_1_122' title="bbox 2579 5498 4262 5580">
     <span class='ocr_line' id='line_1_122' title="bbox 2579 5498 4262 5580; baseline -0.008 -19"><span class='ocrx_word' id='word_1_1049' title='bbox 2579 5508 2776 5580; x_wconf 84' lang='grc' dir='ltr'>τηρίας</span> <span class='ocrx_word' id='word_1_1050' title='bbox 2797 5526 2810 5539; x_wconf 76' lang='grc' dir='ltr'><strong><em>ο</em></strong></span> <span class='ocrx_word' id='word_1_1051' title='bbox 2845 5507 3047 5577; x_wconf 82' lang='grc' dir='ltr'>μᾶλλον</span> <span class='ocrx_word' id='word_1_1052' title='bbox 3079 5503 3136 5557; x_wconf 85' lang='lat'>66</span> <span class='ocrx_word' id='word_1_1053' title='bbox 3167 5503 3264 5555; x_wconf 75' lang='grc' dir='ltr'>καὶ</span> <span class='ocrx_word' id='word_1_1054' title='bbox 3299 5501 3440 5572; x_wconf 84' lang='grc' dir='ltr'>ὑπὲρ</span> <span class='ocrx_word' id='word_1_1055' title='bbox 3489 5502 3728 5573; x_wconf 83' lang='grc' dir='ltr'>ἐμαυτοῦ</span> <span class='ocrx_word' id='word_1_1056' title='bbox 3758 5501 3858 5554; x_wconf 78' lang='grc' dir='ltr'>οὐκ</span> <span class='ocrx_word' id='word_1_1057' title='bbox 3890 5499 3956 5551; x_wconf 82' lang='grc' dir='ltr'>ἀν</span> <span class='ocrx_word' id='word_1_1058' title='bbox 3996 5498 4262 5567; x_wconf 84' lang='grc' dir='ltr'>ἀρνησαί-</span> 
     </span>
    </p>
   </div>
   <div class='ocr_carea' id='block_1_123' title="bbox 2585 5583 4259 5667">
    <p class='ocr_par' dir='ltr' id='par_1_123' title="bbox 2585 5583 4259 5667">
     <span class='ocr_line' id='line_1_123' title="bbox 2585 5583 4259 5667; baseline -0.009 -17"><span class='ocrx_word' id='word_1_1059' title='bbox 2585 5613 2692 5667; x_wconf 88' lang='grc' dir='ltr'>μην</span> <span class='ocrx_word' id='word_1_1060' title='bbox 2715 5595 2872 5649; x_wconf 86' lang='grc' dir='ltr'>τοῦτο</span> <span class='ocrx_word' id='word_1_1061' title='bbox 2899 5595 3073 5647; x_wconf 88' lang='grc' dir='ltr'>ποιεῖν</span> <span class='ocrx_word' id='word_1_1062' title='bbox 3091 5608 3105 5622; x_wconf 75' lang='grc' dir='ltr'><strong><em>ο</em></strong></span> <span class='ocrx_word' id='word_1_1063' title='bbox 3131 5591 3202 5643; x_wconf 87' lang='grc' dir='ltr'>τά</span> <span class='ocrx_word' id='word_1_1064' title='bbox 3228 5589 3335 5658; x_wconf 79' lang='grc' dir='ltr'>γὰρ</span> <span class='ocrx_word' id='word_1_1065' title='bbox 3365 5589 3606 5661; x_wconf 83' lang='grc' dir='ltr'>ὑμέτερα</span> <span class='ocrx_word' id='word_1_1066' title='bbox 3637 5587 3818 5657; x_wconf 72' lang='grc' dir='ltr'>ἀγαθά</span> <span class='ocrx_word' id='word_1_1067' title='bbox 3843 5583 4083 5655; x_wconf 88' lang='grc' dir='ltr'>ἐμαυτοῦ</span> <span class='ocrx_word' id='word_1_1068' title='bbox 4105 5585 4259 5654; x_wconf 88' lang='grc' dir='ltr'>νομί-</span> 
     </span>
    </p>
   </div>
   <div class='ocr_carea' id='block_1_124' title="bbox 2582 5671 4261 5752">
    <p class='ocr_par' dir='ltr' id='par_1_124' title="bbox 2582 5671 4261 5752">
     <span class='ocr_line' id='line_1_124' title="bbox 2582 5671 4261 5752; baseline -0.008 -14"><span class='ocrx_word' id='word_1_1069' title='bbox 2582 5685 2660 5750; x_wconf 79' lang='grc' dir='ltr'>ζω</span> <span class='ocrx_word' id='word_1_1070' title='bbox 2681 5678 2822 5737; x_wconf 78' lang='grc' dir='ltr'>εἶναι</span> <span class='ocrx_word' id='word_1_1071' title='bbox 2850 5678 3265 5752; x_wconf 86' lang='grc' dir='ltr'>κατορθώματα.</span> <span class='ocrx_word' id='word_1_1072' title='bbox 3287 5677 3616 5748; x_wconf 76' lang='grc' dir='ltr'>Ἐϐουλόμην</span> <span class='ocrx_word' id='word_1_1073' title='bbox 3638 5676 3694 5728; x_wconf 80' lang='grc' dir='ltr'>δὲ</span> <span class='ocrx_word' id='word_1_1074' title='bbox 3719 5675 3888 5744; x_wconf 74' lang='grc' dir='ltr'>ὑμᾶς,</span> <span class='ocrx_word' id='word_1_1075' title='bbox 3923 5671 4112 5743; x_wconf 88' lang='grc' dir='ltr'>ῶσπερ</span> <span class='ocrx_word' id='word_1_1076' title='bbox 4146 5673 4261 5741; x_wconf 86' lang='grc' dir='ltr'>ἐγὼ</span> 
     </span>
    </p>
   </div>
   <div class='ocr_carea' id='block_1_125' title="bbox 2583 5761 4257 5836">
    <p class='ocr_par' dir='ltr' id='par_1_125' title="bbox 2583 5761 4257 5836">
     <span class='ocr_line' id='line_1_125' title="bbox 2583 5761 4257 5836; baseline -0.008 -9"><span class='ocrx_word' id='word_1_1077' title='bbox 2583 5771 2678 5828; x_wconf 91' lang='grc' dir='ltr'>νῦν</span> <span class='ocrx_word' id='word_1_1078' title='bbox 2723 5770 2872 5825; x_wconf 87' lang='grc' dir='ltr'>πονῶ</span> <span class='ocrx_word' id='word_1_1079' title='bbox 2901 5768 2997 5823; x_wconf 73' lang='grc' dir='ltr'>καὶ</span> <span class='ocrx_word' id='word_1_1080' title='bbox 3026 5766 3292 5836; x_wconf 88' lang='grc' dir='ltr'>κόπτομαι</span> <span class='ocrx_word' id='word_1_1081' title='bbox 3340 5767 3468 5836; x_wconf 73' lang='grc' dir='ltr'>περὶ</span> <span class='ocrx_word' id='word_1_1082' title='bbox 3510 5765 3610 5833; x_wconf 81' lang='grc' dir='ltr'>τῆς</span> <span class='ocrx_word' id='word_1_1083' title='bbox 3655 5761 3924 5831; x_wconf 80' lang='grc' dir='ltr'>ὑμετέρας</span> <span class='ocrx_word' id='word_1_1084' title='bbox 3959 5761 4257 5832; x_wconf 88' lang='grc' dir='ltr'>σωτηρίας,</span> 
     </span>
    </p>
   </div>
   <div class='ocr_carea' id='block_1_126' title="bbox 2647 5900 4256 5968">
    <p class='ocr_par' dir='ltr' id='par_1_126' title="bbox 2647 5900 4256 5968">
     <span class='ocr_line' id='line_1_126' title="bbox 2647 5900 4256 5968; baseline -0.006 -7"><span class='ocrx_word' id='word_1_1085' title='bbox 2647 5911 2674 5951; x_wconf 74' lang='grc' dir='ltr'>σι</span> <span class='ocrx_word' id='word_1_1086' title='bbox 2697 5912 2872 5961; x_wconf 70' lang='grc' dir='ltr'>Μοιρι.</span> <span class='ocrx_word' id='word_1_1087' title='bbox 2909 5910 3082 5968; x_wconf 84' lang='grc' dir='ltr'>Λίλὼν,</span> <span class='ocrx_word' id='word_1_1088' title='bbox 3121 5921 3250 5958; x_wconf 87' lang='lat' dir='ltr'>unus</span> <span class='ocrx_word' id='word_1_1089' title='bbox 3281 5907 3436 5956; x_wconf 78' lang='lat' dir='ltr'>codex</span> <span class='ocrx_word' id='word_1_1090' title='bbox 3477 5905 3658 5966; x_wconf 81' lang='grc' dir='ltr'>Λίλώμ.</span> <span class='ocrx_word' id='word_1_1091' title='bbox 3702 5904 3854 5954; x_wconf 70' lang='grc' dir='ltr'>εει-ἣ.</span> <span class='ocrx_word' id='word_1_1092' title='bbox 3902 5900 4073 5963; x_wconf 82' lang='grc' dir='ltr'>Ἐλάμ,</span> <span class='ocrx_word' id='word_1_1093' title='bbox 4109 5908 4168 5952; x_wconf 77' lang='grc' dir='ltr'>ει</span> <span class='ocrx_word' id='word_1_1094' title='bbox 4206 5905 4256 5954; x_wconf 81' lang='lat' dir='ltr'>in</span> 
     </span>
    </p>
   </div>
   <div class='ocr_carea' id='block_1_127' title="bbox 2582 5973 4128 6037">
    <p class='ocr_par' dir='ltr' id='par_1_127' title="bbox 2582 5973 4128 6037">
     <span class='ocr_line' id='line_1_127' title="bbox 2582 5973 4128 6037; baseline -0.002 -15"><span class='ocrx_word' id='word_1_1095' title='bbox 2582 5988 2736 6036; x_wconf 83' lang='lat' dir='ltr'>marg.</span> <span class='ocrx_word' id='word_1_1096' title='bbox 2776 5973 2952 6032; x_wconf 71' lang='grc' dir='ltr'>Ὶὶλώμ.</span> <span class='ocrx_word' id='word_1_1097' title='bbox 3177 6033 3197 6037; x_wconf 30' lang='grc' dir='ltr'><strong><em>Δ</em></strong></span> <span class='ocrx_word' id='word_1_1098' title='bbox 3301 6033 3315 6037; x_wconf 97' lang='lat'><em>_</em></span> <span class='ocrx_word' id='word_1_1099' title='bbox 3361 6030 3379 6037; x_wconf 85' lang='lat'><strong>_</strong></span> <span class='ocrx_word' id='word_1_1100' title='bbox 3462 6029 3490 6037; x_wconf 37' lang='grc' dir='ltr'><strong>Α</strong></span> <span class='ocrx_word' id='word_1_1101' title='bbox 3559 6029 3588 6037; x_wconf 86' lang='lat'>__</span> <span class='ocrx_word' id='word_1_1102' title='bbox 3673 6032 3683 6037; x_wconf 34' lang='grc' dir='ltr'><strong>Α</strong></span> <span class='ocrx_word' id='word_1_1103' title='bbox 3783 6027 3826 6037; x_wconf 87' lang='lat'><strong>__</strong></span> <span class='ocrx_word' id='word_1_1104' title='bbox 4118 6028 4128 6037; x_wconf 39' lang='lat'>,</span> 
     </span>
    </p>
   </div>
   <div class='ocr_carea' id='block_1_128' title="bbox 2650 6027 4250 6093">
    <p class='ocr_par' dir='ltr' id='par_1_128' title="bbox 2650 6027 4250 6093">
     <span class='ocr_line' id='line_1_128' title="bbox 2650 6027 4250 6093; baseline -0.002 -15"><span class='ocrx_word' id='word_1_1105' title='bbox 2650 6027 3042 6093; x_wconf 45' lang='lat' dir='ltr'>&quot;Euidam&#39;mss.</span> <span class='ocrx_word' id='word_1_1106' title='bbox 3073 6033 3269 6080; x_wconf 76' lang='grc' dir='ltr'>ποιοῖτο.</span> <span class='ocrx_word' id='word_1_1107' title='bbox 3301 6030 3425 6080; x_wconf 76' lang='lat' dir='ltr'>Infra</span> <span class='ocrx_word' id='word_1_1108' title='bbox 3459 6029 3608 6078; x_wconf 69' lang='lat' dir='ltr'>Szu&#39;il.</span> <span class='ocrx_word' id='word_1_1109' title='bbox 3638 6032 3691 6093; x_wconf 72' lang='lat' dir='ltr'>Cl</span> <span class='ocrx_word' id='word_1_1110' title='bbox 3710 6027 3904 6093; x_wconf 68' lang='lat' dir='ltr'>quidam</span> <span class='ocrx_word' id='word_1_1111' title='bbox 3935 6039 4034 6074; x_wconf 54' lang='lat' dir='ltr'>ms&quot;;</span> <span class='ocrx_word' id='word_1_1112' title='bbox 4075 6028 4250 6076; x_wconf 73' lang='grc' dir='ltr'>κόπτο-</span> 
     </span>
    </p>
   </div>
   <div class='ocr_carea' id='block_1_129' title="bbox 2642 6092 4158 6155">
    <p class='ocr_par' dir='ltr' id='par_1_129' title="bbox 2642 6092 4158 6155">
     <span class='ocr_line' id='line_1_129' title="bbox 2642 6092 4158 6155; baseline -0.007 -12"><span class='ocrx_word' id='word_1_1113' title='bbox 2642 6120 2644 6123; x_wconf 94' lang='grc'><strong>·</strong></span> <span class='ocrx_word' id='word_1_1114' title='bbox 2693 6092 2801 6143; x_wconf 48' lang='grc' dir='ltr'>ίλἌ</span> <span class='ocrx_word' id='word_1_1115' title='bbox 2833 6113 2911 6154; x_wconf 64' lang='lat' dir='ltr'><em>Tr;</em></span> <span class='ocrx_word' id='word_1_1116' title='bbox 2939 6098 2993 6142; x_wconf 57' lang='lat' dir='ltr'>in</span> <span class='ocrx_word' id='word_1_1117' title='bbox 3018 6115 3042 6141; x_wconf 64' lang='lat'><em>.1</em></span> <span class='ocrx_word' id='word_1_1118' title='bbox 3080 6132 3093 6155; x_wconf 71' lang='lat'>,</span> <span class='ocrx_word' id='word_1_1119' title='bbox 3121 6101 3169 6142; x_wconf 70' lang='lat' dir='ltr'>Cl</span> <span class='ocrx_word' id='word_1_1120' title='bbox 3193 6108 3303 6141; x_wconf 75' lang='lat' dir='ltr'>mnx</span> <span class='ocrx_word' id='word_1_1121' title='bbox 3336 6094 3479 6141; x_wconf 69' lang='lat' dir='ltr'>lidu-m</span> <span class='ocrx_word' id='word_1_1122' title='bbox 3511 6092 3753 6152; x_wconf 64' lang='lat' dir='ltr'>,901.t&quot;,.2&#39;.</span> <span class='ocrx_word' id='word_1_1123' title='bbox 3779 6092 3888 6136; x_wconf 54' lang='lat'><em>6.1.1:.</em></span> <span class='ocrx_word' id='word_1_1124' title='bbox 3918 6094 3989 6142; x_wconf 62' lang='grc' dir='ltr'>τὴς</span> <span class='ocrx_word' id='word_1_1125' title='bbox 4025 6095 4158 6155; x_wconf 53' lang='grc' dir='ltr'>ᾖξιπ,</span> 
     </span>
    </p>
   </div>
  </div>
