4452 6674
433 392 530 442 117

430 513 531 555 test
562 523 575 557 :
604 516 656 556 et
701 520 769 559 ne
804 508 1051 563 omnilnts
1082 512 1149 562 sit
1190 508 1556 573 intolerabilis,
1615 527 1785 580 neque
1823 520 2012 563 cuncta

429 595 727 661 comburat,
764 597 1047 668 frigiditate
1077 614 1262 653 rursus
1291 609 1413 668 eget
1434 614 1496 653 ac
1521 616 1659 655 rore.
1686 603 1815 655 Cum
1846 602 2017 669 ipsnm

435 686 594 749 igitur
624 689 819 757 reliqua
841 690 1054 743 vincant
1079 691 1360 751 Clt'lilelliil,
1392 700 1444 743 et
1469 690 1631 759 ipsius
1655 694 2017 759 impotentiam

432 782 718 833 ciuendrnt
744 801 755 834 :
787 784 1002 838 vincunt
1028 783 1264 852 quidem,
1298 782 1432 835 sicut
1462 786 1647 847 nubes,
1693 795 1745 838 et
1776 783 1936 848 muri,
1966 791 2018 837 et

430 871 531 923 alia
551 874 790 929 oua-dam
820 890 1042 944 corpora
1074 876 1238 944 ipsius
1261 875 1429 928 lucem
1458 877 1829 931 abscondentia
1862 894 1874 929 :
1901 891 2021 930 cor-

431 976 610 1029 rigunt
634 978 809 1020 autem
852 968 1017 1036 ipsius
1053 968 1538 1036 intemperantiam,
1586 972 1725 1025 sicut
1754 986 1928 1035 rores,
1962 980 2017 1024 et

431 1061 625 1123 fontes,
657 1072 709 1115 et
738 1064 877 1117 aeris
904 1063 1183 1135 frigidius,
1205 1064 1473 1133 quomodo
1503 1064 1589 1119 hic
1615 1067 1753 1120 Dens
1779 1079 1899 1120 esse
1922 1080 2017 1133 po-

432 1154 574 1205 test?
606 1154 771 1207 Deum
813 1156 952 1209 enim
995 1172 1097 1211 non
1147 1157 1381 1225 indigere
1423 1158 1775 1211 necessarium
1818 1164 1921 1220 est,
1964 1164 2015 1208 et

438 1243 581 1295 nulla
634 1258 693 1296 rc
738 1259 869 1314 opus
907 1247 1119 1310 habere,
1143 1256 1197 1299 et
1222 1247 1456 1300 omnium
1488 1249 1730 1302 omnibus
1756 1247 2016 1300 bonorum

431 1348 552 1386 esse
581 1344 868 1400 auctorem,
908 1347 961 1391 et
1002 1354 1030 1389 a
1064 1338 1276 1391 nemine
1317 1337 1604 1405 prohiberi,
1649 1338 1785 1389 sicut
1814 1335 2019 1388 scilicet

432 1424 504 1478 de
523 1425 629 1479 Deo
644 1426 719 1480 ait
738 1428 928 1482 Paulus
955 1439 1007 1483 et
1035 1429 1289 1499 propheta
1306 1428 1582 1488 .Ieremias.
1610 1428 1694 1480 hic
1715 1426 1926 1496 quidem
1948 1442 2015 1479 ex

432 1517 597 1585 ipsius
626 1532 869 1586 persona,
916 1521 1098 1574 dicens
1124 1539 1135 1572 :
1167 1519 1357 1574 Culum
1393 1530 1438 1573 et
1466 1531 1649 1573 terrain
1691 1534 1782 1588 ego
1812 1516 2015 1585 impleo,

432 1607 504 1658 ait
532 1605 778 1661 Dominus
800 1608 911 1677 (Jer
945 1609 1180 1679 25.24);
1213 1617 1267 1663 et
1306 1621 1516 1664 rursum
1542 1627 1556 1663 :
1584 1608 1716 1661 Deus
1736 1608 2019 1676 appropin-

432 1714 594 1763 quans
619 1715 708 1765 ego
737 1717 869 1765 sunt,
889 1710 935 1752 et
962 1717 1059 1753 non
1091 1701 1224 1753 Deus
1247 1702 1442 1769 alonge
1469 1699 1623 1770 (lb.v
1639 1739 1651 1753 .
1678 1698 1772 1770 25)
1792 1715 1813 1752 :
1834 1707 2020 1751 etrur-

430 1804 522 1840 sns
548 1789 705 1841 David
728 1807 739 1841 τ
770 1790 891 1843 υἰπὶ
911 1790 1149 1854 Domino,
1181 1790 1316 1844 Deus
1338 1807 1474 1843 meus
1499 1807 1550 1844 es
1575 1801 1649 1853 tu,
1671 1790 1910 1858 quoniam
1932 1788 2019 1842 bo-

430 1892 610 1928 norum
640 1895 859 1930 ineorum
903 1895 1002 1930 non
1035 1895 1146 1947 eges
1177 1878 1345 1947 (Psal.
1381 1881 1469 1932 15.
1499 1879 1579 1948 2).
1611 1880 1803 1933 Paulus
1840 1889 2016 1933 autem

432 1967 597 2034 ipsius
647 1968 854 2036 copiam
897 1970 1093 2021 nullius
1145 1970 1465 2038 indigentem
1518 1971 1916 2033 demonstrans,
1965 1980 2019 2025 et

430 2059 715 2112 ostendens
738 2059 848 2113 lucc
872 2061 1029 2113 ambo
1056 2063 1290 2114 maxime
1316 2062 1405 2115 Dei
1428 2076 1566 2125 esse,
1589 2063 1734 2115 nullo
1760 2062 2016 2130 indigere,

431 2158 485 2201 ct
513 2152 761 2202 omnibus
799 2152 975 2204 omnia
1022 2154 1446 2217 subministrare,
1493 2156 1571 2207 sic
1612 2154 1780 2221 inquit
1822 2170 1835 2205 :
1884 2154 2020 2208 Deus

430 2240 517 2304 qui
557 2241 673 2309 fecit
700 2240 881 2294 cwlum
910 2252 955 2294 et
993 2253 1178 2295 terram
1228 2253 1274 2297 et
1318 2260 1477 2309 mare,
1522 2244 1714 2298 nullius
1745 2245 1975 2315 indigens
1997 2284 2013 2309 ,

430 2333 537 2399 ipse
564 2333 715 2385 vitam
744 2334 972 2389 omnibus
1026 2335 1283 2403 prcebens,
1332 2346 1378 2391 et
1434 2337 1705 2402 spiritum,
1755 2348 1802 2391 et
1845 2338 2016 2391 omnia

431 2420 565 2493 (an.
614 2424 698 2477 ιγ.
738 2424 829 2478 24.
858 2425 973 2495 25).

505 2511 557 2565 5.
599 2511 815 2567 Liccbat
859 2514 1069 2584 quidem
1119 2524 1173 2570 et
1218 2516 1321 2570 alia
1373 2531 1686 2585 percurrere
1728 2517 2014 2582 elementa,

428 2602 641 2669 uelum,
672 2618 873 2669 aerem,
910 2616 1127 2673 terram,
1158 2624 1328 2672 mare,
1359 2618 1415 2663 et
1462 2610 1697 2677 ipsorum
1731 2609 2015 2664 imbecilli-

432 2704 590 2748 tatem
636 2695 1025 2763 dcmoiistrare,
1067 2711 1121 2754 et
1159 2701 1428 2769 quomodo
1480 2702 1724 2770 proximo
1768 2702 2017 2771 quodque

432 2784 654 2855 indiget,
703 2796 758 2841 et
804 2788 920 2843 sine
959 2789 1059 2843 hoc
1103 2793 1240 2859 perit
1286 2801 1340 2845 et
1380 2793 1760 2859 corrumpitur.
1803 2793 2013 2845 Etenim

432 2886 592 2942 terra,
612 2880 654 2932 si
672 2879 920 2935 deﬁciant
939 2897 1056 2936 eam
1082 2882 1276 2947 fontes,
1299 2893 1354 2937 et
1374 2884 1657 2938 ltumiditas
1685 2894 1795 2937 tum
1822 2899 1850 2936 a
1880 2886 2011 2937 mari

432 2980 544 3024 tum
572 2987 600 3023 a
629 2971 802 3026 ﬂuviis
833 2972 1027 3038 infusa,
1054 2983 1190 3027 tosta
1228 2974 1372 3029 brevi
1399 2975 1733 3043 disperdetur
1759 2991 1772 3027 :
1796 2984 1852 3029 et
1888 2975 2010 3028 reli-

431 3076 535 3130 qua
578 3076 704 3116 vero
748 3063 1008 3118 elementa
1056 3065 1225 3119 altero
1264 3067 1490 3119 alterum
1529 3066 1783 3136 indigent,
1836 3074 1888 3120 ct
1918 3081 2013 3119 aer

430 3154 564 3216 sole,
587 3154 724 3208 sicut
752 3155 832 3209 sol
861 3170 985 3211 aere
1009 3173 1021 3209 :
1050 3156 1143 3210 sed
1171 3172 1238 3211 ne
1260 3158 1595 3225 prolixiorem
1618 3156 1870 3212 iaciamus
1897 3172 2013 3213 ser-

432 3260 666 3309 monem,
706 3260 771 3299 ex
798 3245 954 3300 dictis
998 3246 1191 3300 multas
1232 3247 1537 3302 volentibus
1576 3247 1886 3302 occasiones
1913 3246 2013 3303 de-

429 3334 574 3387 disse
606 3335 734 3389 satis
762 3334 938 3389 fuerit.
970 3334 1027 3390 Si
1053 3336 1194 3390 enim
1221 3337 1364 3390 omni
1392 3346 1637 3391 creatura
1674 3337 1751 3391 sol
1784 3336 2007 3391 admira-

431 3423 587 3477 bilior
660 3435 767 3479 tam
814 3427 1091 3481 imbecillis
1146 3438 1201 3482 et
1249 3428 1403 3497 inops
1459 3444 1578 3483 esse
1614 3428 1723 3498 jam
1772 3438 2012 3498 apparet,

432 3513 602 3566 multo
632 3514 798 3583 magis
825 3515 944 3569 aliae
966 3516 1145 3571 mundi
1177 3527 1354 3583 partes
1380 3536 1393 3572 :
1420 3520 1559 3587 quod
1587 3533 1653 3573 eo
1690 3518 1818 3580 dixi,
1851 3528 1906 3572 ut
1934 3519 2013 3572 la-

431 3602 654 3655 boriosis
685 3603 771 3655 illa
792 3606 1082 3672 przeberem
1112 3607 1408 3676 colligenda
1448 3626 1460 3661 :
1494 3611 1605 3677 ipse
1631 3608 1699 3662 de
1724 3610 2012 3677 Scripturis

431 3692 620 3745 iterum
651 3694 804 3747 vobis
830 3694 1106 3760 disseram,
1139 3696 1534 3761 demonstratis,
1567 3715 1671 3751 non
1713 3698 1880 3752 solem
1904 3708 2014 3752 tan-

431 3788 561 3843 tum,
592 3781 686 3835 sed
716 3793 770 3836 et
796 3792 962 3837 totum
1000 3785 1253 3839 mundum
1278 3788 1676 3856 comipnbilcm
1701 3804 1841 3843 esse.
1880 3787 2011 3843 Cum

431 3872 570 3925 enim
606 3873 869 3928 elementa
913 3890 1032 3930 sese
1061 3887 1244 3931 mutuo
1269 3888 1606 3942 consumant,
1640 3889 1696 3934 et
1736 3880 1865 3933 solis
1890 3880 2014 3949 qui-

430 3962 551 4017 dem
572 3966 861 4033 potentiam
886 3968 1267 4036 superveniens
1289 3970 1459 4038 major
1484 3970 1739 4040 frigiditas
1768 3972 2012 4040 castiget,

431 4054 569 4108 hanc
594 4064 775 4110 autem
804 4057 1035 4111 vicissim
1077 4061 1225 4113 Calor
1263 4059 1592 4115 invalescens
1626 4073 1922 4125 consumat,
1960 4071 2014 4116 ct

429 4149 721 4199 contrarias
739 4147 1017 4215 qualitates
1036 4159 1089 4203 et
1109 4149 1483 4218 dispositioncs
1503 4154 1728 4207 alterum
1761 4154 1811 4207 in
1842 4155 2010 4207 altero

428 4232 621 4286 iaciant
662 4244 717 4288 et
743 4238 1010 4303 patiantur
1045 4240 1306 4294 elementa
1345 4258 1359 4293 :
1391 4250 1594 4296 certum
1623 4252 1707 4296 est
1745 4242 1857 4296 lucc
1889 4258 2007 4296 ma-

428 4337 545 4391 gna
592 4328 955 4393 corruptionis
1002 4342 1369 4399 argumentum
1409 4333 1665 4401 prmbcre,
1710 4342 1764 4387 et
1814 4349 2010 4401 corpus

429 4428 549 4469 esse
571 4429 918 4485 quacumque
939 4420 1203 4474 videntur.
1233 4421 1334 4476 Sed
1362 4422 1609 4491 quoniam
1634 4424 1885 4478 tenuitate
1914 4438 2011 4477 no-

429 4518 538 4562 stra
566 4508 722 4561 altior
750 4507 837 4563 hic
864 4520 945 4563 est
971 4525 1169 4577 sermo,
1202 4529 1299 4583 age
1327 4515 1391 4567 ad
1420 4515 1627 4569 dulcem
1650 4530 1742 4566 vos
1772 4515 2009 4584 Scriptu-

430 4615 609 4655 rarum
655 4599 852 4655 fontem
895 4613 1139 4669 agentes,
1181 4621 1339 4660 aures
1395 4617 1599 4661 vestras
1656 4606 2000 4661 mulecamus.

428 4690 545 4745 Non
577 4691 718 4745 enim
744 4691 808 4745 de
828 4691 959 4745 cu‘lo
978 4699 1032 4746 et
1056 4703 1195 4745 terra
1224 4697 1529 4762 singillatim
1569 4697 1720 4752 vobis
1744 4698 2006 4762 dicemus,

428 4781 524 4835 sed
548 4780 614 4835 de
640 4783 782 4835 omni
808 4782 1004 4851 pariter
1027 4791 1267 4836 creatura
1293 4784 1391 4838 boc
1418 4787 1590 4854 ipsum
1619 4788 1767 4841 vobis
1786 4787 2009 4841 demon-

426 4881 683 4925 strantem
699 4875 1009 4942 Apostolmn
1022 4876 1394 4939 ostendemus,
1411 4878 1593 4945 sicque
1620 4879 1896 4933 manifeStc
1924 4878 2007 4931 di-

430 4975 666 5024 ιψηιειιει,
703 4964 843 5031 quod
872 4965 1045 5018 ouinis
1080 4973 1322 5018 creatura
1353 4970 1682 5036 corruptioni
1726 4984 1865 5024 nunc
1893 4985 2008 5024 ser-

423 5057 554 5117 viat,
596 5062 650 5107 et
691 5068 855 5121 quare
895 5055 1111 5118 serviat,
1153 5065 1205 5109 et
1240 5057 1452 5125 quando
1492 5060 1803 5125 mutabitur,
1856 5069 1913 5115 et
1956 5062 2005 5115 in

425 5144 637 5210 qualem
664 5144 910 5197 transibit
943 5146 1317 5198 coinlitionem.
1352 5145 1637 5215 Postquam
1667 5150 1809 5203 enim
1836 5151 1967 5203 dixit
1992 5169 2004 5202 :

428 5234 549 5286 Non
576 5244 689 5287 sunt
715 5235 980 5304 condignis
999 5239 1256 5304 passiones
1283 5239 1538 5306 prmentis
1567 5243 1804 5309 temporis
1828 5243 1896 5294 ad
1922 5247 2007 5311 fu-

426 5342 593 5376 .nrmn
623 5324 838 5393 gloriam
865 5342 977 5392 qua:
1013 5329 1312 5382 revelabitur
1348 5330 1400 5381 in
1430 5330 1590 5392 nobis,
1620 5331 1797 5386 intulit
1822 5350 1836 5385 :
1874 5334 2009 5387 Nam

426 5416 731 5483 erspcstatio
749 5426 994 5470 creatum
1014 5421 1362 5472 reuelationem
1386 5420 1605 5485 ﬁliorum
1628 5419 2009 5489 Deiexspcelat.

438 5504 657 5560 Vanitat.‘
700 5506 831 5558 enim
869 5518 1101 5559 creatura
1142 5512 1365 5582 subjecta
1404 5520 1496 5573 est,
1541 5527 1639 5564 non
1679 5524 1874 5579 sponte,
1917 5516 2007 5566 sed

425 5610 633 5664 propter
657 5614 789 5658 eum,
817 5598 902 5666 qui
930 5600 1140 5667 subjecit
1168 5620 1277 5655 eam
1306 5604 1356 5655 in
1382 5620 1471 5671 spe
1498 5603 1669 5671 (llam.
1705 5604 1754 5657 8.
1789 5604 1879 5656 18.
1918 5605 2007 5659 19-

423 5684 537 5753 ΞΟ).
588 5687 736 5754 Quod
779 5696 953 5740 autem
981 5688 1129 5753 dicit,
1173 5689 1471 5759 hnjusmodi
1507 5694 2008 5762 estzcorrupzibilis

420 5791 669 5836 creatura
712 5780 845 5835 facta
887 5788 968 5836 cst
998 5796 1010 5832 :
1044 5779 1145 5836 hoc
1191 5784 1333 5837 enim
1371 5792 1480 5853 est,
1516 5782 1742 5841 Vauituti
1783 5787 2004 5853 subjecta

1492 394 1580 447 AD
1616 393 1931 450 POPULUM
1973 391 2460 449 ANTIOCIIENUM
2526 394 2751 450 ll().\lll..
2793 395 2858 451 X.

2130 511 2206 561 cs‘t
2234 524 2251 561 :
2278 510 2638 579 corruptibilis
2667 522 2845 564 autem
2891 511 3026 565 facta
3055 520 3158 576 est,
3194 512 3305 565 Deo
3351 511 3429 564 sic
3454 510 3703 579 jubcnte;

2120 599 2281 668 jussit
2319 610 2497 655 autem
2545 601 2623 654 sic
2664 602 2802 655 Deus
2844 612 3059 669 propter
3086 618 3253 673 genus
3284 611 3523 654 nostrum
3551 618 3563 653 :
3590 603 3708 670 quia

2126 693 2264 744 enim
2290 693 2556 746 hominem
2588 695 2788 747 nutrire
2809 693 3037 748 debebat
3065 696 3486 764 corruptibilcm,
3518 704 3570 748 ct
3601 697 3710 763 ipsa

2128 784 2245 835 talis
2282 800 2401 838 esse
2445 784 2713 838 debebat:
2746 800 2849 837 non
2895 786 3037 838 enim
3083 787 3441 854 corruptibilia
3486 802 3710 856 corpora

2125 873 2345 929 decebat
2374 877 2422 928 in
2450 875 2833 944 incorruptibili
2857 875 3050 945 degere
3072 887 3330 929 creatura.
3358 876 3486 940 Sed,
3517 876 3706 945 inquit,

2125 980 2228 1018 non
2258 975 2431 1020 tamen
2465 966 2587 1019 talis
2619 976 2881 1028 remanet,
2911 966 3003 1019 sed
3034 963 3100 1017 Et
3130 966 3240 1035 ipsa
3265 977 3494 1020 creatura
3530 967 3705 1018 libera-

2124 1054 2253 1107 bitur
2298 1073 2328 1109 a
2368 1057 2600 1109 servitute
2643 1056 2979 1125 corruptionis
3021 1054 3191 1125 (Rom.
3243 1055 3295 1110 8.
3348 1054 3438 1125 2i)
3471 1075 3484 1111 :
3514 1055 3709 1111 deinde

2123 1145 2495 1201 demonstrans
2527 1148 2737 1217 quando
2781 1147 2881 1202 hoc
2911 1149 3030 1210 erit,
3071 1157 3124 1201 et
3167 1164 3261 1215 per
3286 1163 3441 1216 quos,
3483 1148 3656 1202 intulit
3686 1165 3704 1203 :

2125 1234 2189 1289 ln
2217 1238 2495 1291 libertatem
2524 1240 2701 1308 gloria:
2730 1238 2957 1304 filiorum
3002 1237 3115 1290 Dei.
3158 1236 3289 1291 Cum
3336 1237 3475 1290 enim
3529 1255 3707 1293 resur-

2124 1329 2437 1392 rexerimus,
2484 1329 2671 1399 inquit,
2715 1339 2769 1384 et
2816 1330 3120 1398 incorrupta
3168 1327 3550 1396 sumpserimus
3585 1343 3710 1381 cor-

2123 1434 2271 1485 pora,
2310 1429 2434 1472 tunc
2466 1428 2519 1472 et
2555 1419 2673 1472 coeli
2700 1433 2893 1487 corpus
2935 1427 2989 1472 et
3028 1427 3207 1479 terrze,
3249 1427 3304 1470 et
3335 1417 3516 1470 mundi
3548 1418 3708 1471 totius

2123 1509 2485 1578 incorruptum
2516 1510 2637 1573 erit,
2668 1518 2723 1563 et
2752 1508 3216 1564 immarcescibile.
3251 1506 3383 1561 Cum
3427 1509 3585 1576 igitur
3615 1521 3706 1559 so-

2121 1598 2223 1652 lem
2252 1598 2448 1652 videris
2469 1599 2819 1664 exorientem,
2846 1608 3144 1652 creatorem
3164 1598 3467 1663 admirare;
3495 1595 3708 1666 quando

2123 1688 2293 1757 ipsum
2321 1704 2383 1744 se
2420 1689 2684 1744 celantem
2711 1699 2766 1743 et
2790 1699 3195 1744 evanescentem
3231 1688 3452 1753 videris,
3498 1697 3705 1742 natura:

2125 1779 2539 1834 imbecillitatem
2565 1780 2735 1841 disce,
2766 1795 2863 1834 nec
2893 1780 3062 1848 ipsum
3091 1789 3150 1835 ut
3185 1780 3348 1833 Deum
3372 1780 3587 1833 adores.
3616 1778 3707 1833 ld-

2122 1870 2265 1922 circo
2309 1871 2450 1924 cnim
2490 1886 2599 1925 non
2648 1885 2716 1925 ex
2769 1870 2870 1925 hoc
2915 1872 3031 1925 solo
3069 1873 3456 1925 elementorum
3505 1880 3709 1924 natura;

2126 1960 2503 2015 imbecillitatis
2532 1962 3043 2015 demonstrationem
3073 1963 3207 2016 Deus
3249 1962 3487 2025 inseruit,
3522 1962 3616 2015 sed
3655 1971 3710 2015 ct

2133 2053 2434 2108 hominibus
2466 2055 2631 2107 servis
2664 2056 2796 2118 suis,
2827 2063 2887 2106 ut
2926 2054 3003 2105 eis
3044 2055 3387 2121 imperarent,
3415 2051 3705 2113 mandavit,

2123 2154 2180 2199 ut
2203 2146 2244 2198 si
2278 2160 2375 2199 nec
2413 2162 2477 2198 ex
2516 2157 2732 2214 aspectu
2766 2146 3001 2214 ipsorum
3039 2145 3349 2198 servitutem
3392 2158 3707 2212 cognoscas,

2120 2239 2188 2293 ab
2234 2239 2618 2307 imperantibus
2664 2239 2861 2302 discas,
2908 2253 3086 2290 omnia
3135 2251 3391 2289 conserva
3440 2246 3525 2289 tua
3565 2249 3705 2289 esse.

2120 2329 2244 2384 Ideo
2268 2328 2423 2383 Jesus
2449 2328 2591 2383 Nave
2615 2330 2741 2382 dicit
2765 2348 2778 2381 :
2806 2328 2916 2382 Stet
2941 2328 3019 2381 sol
3039 2337 3215 2380 contra
3237 2325 3443 2380 Gabaon
3469 2368 3483 2389 ,
3514 2335 3562 2380 et
3587 2327 3709 2379 luna

2118 2431 2293 2473 contra
2323 2420 2501 2473 vallem
2533 2419 2695 2473 1Elou
2720 2419 2854 2489 (Jos.
2883 2418 2969 2473 10.
3000 2419 3109 2486 12).
3143 2419 3211 2472 Et
3236 2419 3425 2472 iterum
3451 2416 3705 2487 propheta

2122 2509 2285 2563 lsaias
2318 2512 2491 2578 ipsum
2520 2510 2572 2562 in
2602 2509 2927 2563 contrarium
2956 2508 3247 2577 retrogredi
3281 2509 3403 2562 fecit
3429 2508 3528 2561 sub
3569 2507 3707 2560 Eze—

2121 2602 2241 2655 cbia
2265 2615 2390 2671 rege
2415 2599 2564 2670 (Isai.
2600 2600 2687 2653 58.
2712 2599 2791 2669 8),
2822 2608 2875 2653 et
2910 2599 3085 2653 Moses
3112 2614 3322 2667 quoque
3353 2598 3462 2651 aeri
3496 2604 3551 2650 ct
3578 2596 3707 2650 mari

2121 2701 2174 2744 ct
2205 2699 2360 2744 terrae
2408 2699 2463 2744 et
2495 2690 2658 2757 petris
2700 2689 3017 2757 imperavit:
3046 2688 3271 2742 Elisarus
3312 2702 3569 2757 aquarum
3615 2701 3708 2739 na-

2123 2792 2291 2835 turam
2316 2782 2537 2835 mutavit
2558 2780 2632 2849 (4.
2660 2780 2788 2849 Reg.
2820 2780 2897 2848 5).
2928 2788 3035 2832 trcs
3064 2778 3212 2848 pueri
3243 2777 3417 2846 ignem
3447 2777 3704 2830 vicerunt.

2119 2874 2282 2929 Vides
2317 2875 2585 2945 quomodo
2631 2878 2915 2941 utrumque
2950 2872 3103 2926 nobis
3145 2872 3287 2926 Deus
3317 2871 3569 2939 providit,
3614 2884 3707 2937 per

2116 2968 2505 3022 elementorum
2527 2965 2739 3035 quidem
2772 2963 3219 3033 pulchritudinem
3250 2978 3349 3016 nos
3377 2964 3429 3015 in
3452 2963 3706 3017 divinita-

2117 3055 2185 3111 tis
2211 3071 2322 3111 sua:
2356 3058 2711 3126 cognitionem
2742 3054 3019 3113 inducens.
3057 3067 3153 3122 per
3192 3054 3553 3107 inﬁrmitatem
3582 3067 3709 3107 vero

2116 3162 2221 3201 non
2237 3150 2552 3216 permittens
2578 3147 2629 3199 iu
2662 3146 2871 3199 illorum
2898 3144 3089 3198 cadere
3114 3144 3522 3197 adorationem?

2186 3239 2220 3293 6
2283 3238 2497 3291 Moralis
2524 3239 2804 3292 exhortatio
2838 3236 2906 3289 ad
2935 3237 3228 3306 juramenta
3253 3235 3477 3288 uitanda.
3502 3264 3573 3275 —
3598 3234 3704 3290 Su—

2119 3344 2215 3398 per
2242 3329 2308 3383 iis
2334 3344 2460 3399 ergo
2486 3329 2732 3383 omnibus
2753 3327 2924 3395 ipsum
2957 3325 3126 3380 nostri
3152 3325 3559 3394 gubernatorem
3588 3325 3706 3395 glo-

2120 3420 2411 3484 rilicemus,
2436 3433 2533 3473 nec
2556 3434 2650 3487 per
2675 3417 2837 3473 verba
2858 3426 3085 3481 tantum,
3110 3415 3204 3470 sed
3224 3417 3383 3471 etiam
3406 3432 3502 3485 per
3519 3431 3709 3485 opera,

2118 3518 2171 3563 et
2200 3510 2666 3564 conversationem
2688 3508 2939 3577 optimam
2965 3507 3333 3571 cxbibeamus,
3352 3515 3407 3562 ct
3433 3507 3575 3560 circa
3601 3508 3706 3562 alia

2115 3608 2171 3653 et
2198 3599 2337 3653 circa
2378 3600 2751 3655 abstinentiam
2790 3614 2818 3650 a
2855 3598 3195 3667 jnramentis.
3225 3597 3340 3651 Non
3369 3596 3511 3651 enim
3538 3610 3707 3650 omne

2117 3699 2390 3760 peccatum
2409 3690 2649 3744 eamdem
2680 3690 2843 3758 exigit
2866 3703 3100 3759 pmnam,
3132 3687 3227 3742 sed
3258 3697 3505 3742 correctis
3530 3687 3709 3742 facilia

2119 3782 2372 3850 majorem
2401 3782 2629 3835 aderunt
2655 3798 2670 3835 :
2704 3781 2844 3851 quod
2876 3781 3080 3835 scilicet
3109 3790 3164 3835 et
3190 3780 3441 3834 Salomon
3474 3781 3705 3834 innucus

2118 3873 2328 3926 dicebat
2352 3891 2364 3927 :
2387 3872 2504 3926 Non
2534 3874 2738 3936 mirum,
2762 3874 2804 3925 si
2825 3874 2936 3943 quis
2953 3872 3291 3941 deprehensus
3307 3871 3460 3942 fuerit
3489 3871 3667 3937 [uram
3685 3883 3709 3923 :

2121 3967 2323 4035 {uratur
2372 3966 2523 4027 enim,
2566 3975 2619 4017 ut
2662 3965 2885 4017 animam
2931 3980 3077 4017 suam
3116 3963 3322 4032 impleat
3363 3960 3705 4023 esurientem;

2117 4056 2319 4108 miniter
2352 4071 2466 4108 vero
2490 4066 2696 4124 propter
2720 4055 2950 4123 inopiam
2976 4054 3173 4118 mentis,
3212 4052 3542 4121 perditionem
3576 4051 3695 4103 ani-

2115 4160 2212 4198 ma:
2242 4161 2347 4198 sua:
2372 4146 2584 4212 acquirit
2614 4143 2962 4214 (Prou.6.50.
2994 4143 3109 4213 52).
3141 4142 3294 4209 Quod
3325 4150 3502 4196 autem
3543 4141 3704 4201 dicit,

2116 4236 2221 4288 tale
2248 4244 2331 4289 est
2358 4253 2371 4287 :
2401 4235 2578 4304 gravis
2618 4233 2834 4303 quidem
2874 4249 2960 4287 res
2986 4235 3145 4289 etiam
3179 4233 3281 4296 fur,
3330 4236 3425 4287 sed
3459 4247 3561 4285 non
3593 4241 3706 4284 tam

2114 4328 2309 4396 gravis,
2338 4341 2495 4395 quam
2522 4325 2728 4379 adulter
2756 4342 2769 4376 :
2801 4325 2888 4379 iilc
2911 4326 3061 4378 enim
3083 4323 3181 4377 etsi
3220 4322 3459 4376 frivolam
3488 4336 3708 4374 causam

2117 4416 2295 4483 habet,
2335 4428 2511 4470 tamen
2551 4433 2616 4470 ex
2659 4416 2910 4485 pauperie
2953 4414 3320 4467 neceSsitatem
3366 4411 3706 4480 prmtendere

2117 4520 2289 4579 potest
2315 4527 2327 4561 :
2355 4510 2440 4562 hic
2468 4524 2596 4562 vero
2621 4508 2759 4561 imlla
2792 4507 2961 4575 ipsum
2990 4512 3213 4574 cogente
3243 4502 3562 4557 necessitate
3586 4518 3702 4571 pra:

2113 4602 2377 4656 dementia
2402 4602 2515 4655 sola
2535 4602 2585 4653 in
2612 4599 2810 4669 pcccati
2842 4598 3146 4666 voraginem
3168 4596 3389 4649 corruit.
3423 4595 3532 4647 Iloc
3557 4604 3608 4647 et
3632 4594 3704 4647 de

2109 4695 2409 4763 jnrantibus
2444 4692 2620 4746 dicere
2652 4692 2773 4745 licet
2796 4708 2809 4720 ο
2842 4705 2940 4743 nec
2984 4689 3129 4744 enim
3176 4689 3260 4742 isti
3302 4688 3467 4742 ultum
3504 4688 3704 4741 habent

2113 4799 2267 4851 quem
2296 4784 2613 4850 pra-mittant
2638 4791 2977 4849 pra-textum,
2997 4779 3093 4834 sed
3113 4788 3477 4847 contemptum
3499 4778 3701 4832 Solum.

2115 4877 2181 4930 Et
2211 4875 2327 4929 rexi
2365 4875 2574 4942 quidem
2607 4890 2691 4926 me
2716 4889 2929 4941 gravem
2964 4887 3083 4926 esse
3113 4872 3278 4925 videri
3310 4879 3363 4923 et
3390 4885 3703 4933 onerosum,

2114 4978 2272 5035 atque
2311 4965 2932 5033 admonitionisjugitatc
2977 4962 3258 5016 ttiolestum
3290 4977 3445 5023 esse;
3488 4976 3699 5013 verum-

2114 5066 2291 5111 tamen
2320 5073 2422 5109 non
2452 5056 2661 5119 desino,
2681 5066 2737 5109 ut
2764 5058 2843 5109 vel
2876 5070 3045 5108 meam
3075 5052 3287 5106 reveriti
3317 5050 3702 5118 impudentiam

2114 5150 2353 5217 improba
2394 5149 2815 5215 juramentonnu
2862 5146 3243 5201 consuetudine
3295 5144 3584 5196 absistatis.
3640 5144 3702 5198 Si

2116 5240 2255 5297 enim
2277 5240 2438 5308 judex
2481 5240 2569 5295 ille
2598 5241 2816 5294 immitis
2842 5248 2893 5292 ct
2919 5252 3115 5299 srevus,
3146 5235 3317 5287 vidua:
3362 5236 3703 5289 vexationem

2116 5335 2333 5397 veritus,
2368 5349 2544 5385 mores
2585 5333 2805 5386 mutavit
2832 5332 2977 5401 (Luc.
3011 5330 3095 5384 18.
3125 5330 3179 5383 2.
3206 5329 3315 5399 sqq)
3342 5345 3354 5380 :
3389 5330 3557 5381 multo
3581 5342 3700 5380 ma-

2116 5426 2309 5494 gislioc
2338 5440 2430 5476 vos
2462 5424 2684 5486 faciatis,
2715 5432 2766 5474 et
2796 5423 3022 5474 maxime
3050 5437 3169 5473 eum
3213 5420 3517 5487 suppliCans
3548 5420 3707 5473 vobis

2118 5531 2221 5567 non
2261 5533 2354 5583 pro
2386 5532 2469 5567 me
2497 5516 2631 5583 ipso,
2672 5514 2762 5566 sed
2793 5530 2887 5581 pro
2925 5514 3096 5566 salute
3135 5524 3307 5565 vestra
3336 5512 3437 5566 hoc
3464 5512 3649 5565 iaciam
3681 5529 3695 5563 :

2116 5607 2223 5659 imo
2268 5620 2392 5657 vero
2421 5615 2472 5658 et
2519 5620 2613 5673 pro
2661 5607 2762 5658 mei
2809 5605 2972 5673 ipsius
3014 5605 3186 5658 salute
3230 5604 3335 5659 hoc
3377 5603 3553 5658 facere
3593 5618 3705 5657 non

2116 5695 2415 5762 negaverim
2451 5713 2463 5747 :
2497 5704 2671 5750 vestra
2706 5696 2846 5748 enim
2878 5696 3013 5748 bona
3048 5706 3172 5764 puto
3200 5711 3317 5748 mea
3340 5709 3457 5749 esse
3486 5693 3701 5747 merita.

2122 5784 2323 5838 Vellem
2352 5797 2552 5858 autem,
2594 5792 2737 5852 sicut
2768 5803 2866 5859 ego
2896 5804 3034 5843 nunc
3062 5788 3246 5842 laboro
3286 5797 3341 5841 ct
3384 5786 3573 5856 fatigor
3601 5800 3703 5855 pro
