4452 6700
185 398 283 450 H9

181 511 322 566 οῦτω
343 514 440 568 καὶ
465 515 610 586 ὑμᾶς
635 508 945 585 φροντίζειν
966 507 1066 577 τῆς
1091 509 1362 580 ὑμετέρας
1384 510 1586 582 ψυχῆς,
1611 513 1707 566 καὶ
1730 507 1866 565 πάν-

182 616 284 662 τως
327 601 397 655 ἂν
419 603 575 665 τέλος
602 601 762 654 έλαὸε
786 597 940 650 τουτὶ
966 596 1029 649 τὸ
1051 597 1402 668 κατόρθωμα.
1440 599 1548 652 Καὶ
1573 599 1628 652 τί
1655 599 1761 670 χρὴ
1795 596 1868 650 τά

181 687 354 742 πολλά
382 690 599 758 λέγειν;
635 688 683 740 εἰ
709 687 818 756 γὰρ
850 684 986 754 μηδὲ
1015 685 1206 752 γέεννα
1219 679 1287 753 ἡν
1307 686 1441 755 μηδέ
1468 687 1690 750 κόλασις
1722 701 1866 754 παρ-

181 777 462 832 ακούουσι.
505 776 640 846 μηδὲ
698 772 889 843 μισθὸς
925 771 1313 835 ὑπακούουσιν,
1342 773 1530 842 ἐγὼδέ
1554 771 1868 845 προσελθὼν

181 865 309 934 ὑμῖν
335 865 500 917 τοῦτο
525 865 584 915 ἐν
612 862 834 931 χάριτος
860 861 1039 931 ⁴ᾔτησα
1075 859 1251 930 μέρει,
1284 856 1392 933 ἄρα
1416 862 1519 916 οὐκ
1555 860 1624 916 ἂν
1647 857 1871 913 ἐπενεύο

181 968 349 1015 σατε;
395 952 499 1002 οὐκ
548 948 615 1002 ἂν
659 947 898 1000 ἐδώκατε
930 947 1030 1017 τὴν
1061 948 1296 1018 αἴτησιν,
1334 948 1546 1019 κούφην
1581 947 1755 1009 οῦτως
1782 946 1869 998 αἰ-

180 1038 365 1090 τοῦντι
410 1037 603 1106 χάριν;
629 1037 796 1088 Ὅταν
839 1033 896 1086 δὲ
941 1036 971 1087 6
1013 1033 1147 1098 Θεὸς
1175 1035 1342 1106 αὐτὴν
1368 1029 1594 1109 αἰτῶν
1619 1034 1690 1088 δι’
1723 1031 1868 1101 ὑμᾶς

179 1124 307 1184 τοὺς
340 1122 607 1185 διδόντας,
637 1123 700 1174 οὐ
732 1121 798 1173 δι’
830 1119 1021 1174 ἐαυτὸν
1049 1121 1141 1174 τὸν
1167 1121 1534 1192 λαμϐάνοντα,
1564 1119 1650 1182 τίς
1695 1117 1868 1181 οῦτως

181 1208 486 1278 ἀγνώμων,
513 1209 596 1270 τίς
641 1209 813 1272 οῦτως
853 1208 1035 1273 ἄθλιος
1081 1209 1177 1262 καὶ
1218 1207 1588 1277 ταλαίπωρος,
1619 1204 1698 1268 ὡς
1748 1203 1867 1274 Θεῷ

1211 393 1304 449 AD
1339 393 1668 452 POPULIIM
1700 393 2200 452 ANTIOCIIENUM
2241 393 2478 452 IIOMIL.
2517 395 2606 450 XI.

3535 393 3642 450 I20

1969 509 2128 580 χάριν
2154 509 2395 565 αἰτοῦντι
2431 508 2508 579 μὴ
2545 507 2749 572 δοῦναι,
2775 507 2871 561 καὶ
2905 506 3140 578 μάλιστα
3171 507 3299 561 ὅταν
3324 507 3483 571 αὐτὸς
3509 508 3646 561 ἀπο-

1970 596 2156 650 λαύειν
2185 596 2358 668 μέλλῃ
2387 595 2490 665 τῆς
2517 595 2743 665 χάριτος
2764 596 2794 648 6
2817 595 3026 660 διδούς;
3056 593 3220 649 Ταῦτ’
3241 590 3333 649 οῦν
3361 597 3646 665 ἐννοήσαν-

1971 700 2082 749 τες,
2115 685 2212 738 καὶ
2241 683 2380 755 πρὸς
2409 683 2638 745 ἑαυτοὺς
2669 682 3120 754 ἀναχωρήσαντες
3145 680 3414 745 ἐντεῦθεν,
3456 682 3644 751 λέγετε

1971 771 2042 825 τά
2074 771 2345 844 εἰρημένα
2394 769 2628 835 ἅπαντα,
2656 771 2752 824 καὶ
2792 771 2920 834 τοὺς
2965 770 3039 841 μὴ
3087 769 3454 841 προσέχοντας
3481 769 3648 822 παντὶ

1969 859 2249 930 διορθοῦτε
2299 856 2510 930 τρόπῳ,
2543 858 2632 911 ἵνα
2675 857 2770 911 καὶ
2810 858 2918 912 τῶν
2949 857 3164 910 οἰκείων
3202 859 3298 912 καὶ
3343 859 3452 911 τῶν
3493 857 3650 911 ἀλλο-

1971 945 2138 1015 τρίων
2171 944 2620 1017 κατορθωμάτων
2644 945 2745 1016 τὴν
2769 945 3002 1016 ἀμοιόἡν
3044 945 3433 1016 ἀπολάῦωμεν,
3463 945 3647 1015 χάριτι

1973 1033 2067 1086 καὶ
2091 1032 2480 1106 φιλανθρωπίᾳ
2510 1031 2606 1085 τοῦ
2645 1031 2854 1103 Κυρίου
2886 1032 3043 1103 ἡμῶν
3078 1031 3254 1104 Ἰησοῦ
3286 1031 3547 1104 Χριστοῦ,
3578 1032 3649 1084 δι’

1972 1112 2033 1173 οῦ
2060 1121 2157 1174 καὶ
2187 1121 2305 1192 μεθ’
2331 1114 2394 1175 οῦ
2417 1119 2495 1190 τῷ
2525 1119 2703 1191 Πατρὶ
2728 1120 2763 1190 ἡ
2786 1119 2912 1186 δόξα
2935 1121 3052 1190 ἀμα
3081 1120 3162 1192 τῷ
3186 1119 3326 1191 άγίῳ
3346 1119 3648 1192 ῐινεύματι,

1974 1207 2056 1270 εἰς
2083 1208 2210 1271 τοὺς
2238 1206 2444 1271 αἰῶνας
2474 1205 2585 1261 τῶν
2619 1206 2855 1263 αἰώνων.
2871 1208 3064 1278 Ἀμὴν.

178 1560 554 1630 εὐχαριστία
584 1559 734 1630 πρὸς
761 1559 868 1613 τὸν
894 1557 1043 1613 Θεὸν
1071 1554 1205 1624 περὶ
1239 1552 1352 1621 τῆς
1399 1545 1759 1618 ἀπαλλαγῆς
1783 1546 1904 1600 τῶν
1937 1546 2006 1600 ἐκ
2043 1547 2155 1617 τῆς
2179 1550 2456 1616 στάσεως
2489 1551 3029 1620 προσδοκηθέντων
3056 1553 3278 1620 κακῶν,
3342 1555 3443 1612 καὶ
3509 1555 3652 1611 ἀνά.

255 1672 490 1720 urnch
515 1653 630 1706 τῶν
663 1654 795 1707 τότε
826 1649 1217 1720 συμϐάντων·
1258 1644 1345 1698 ἔτι
1379 1641 1566 1696 δὲκαὶ
1595 1640 1744 1694 κατὰ
1780 1637 1898 1692 τῶν
1915 1638 1985 1692 τὸ
2020 1638 2193 1708 σῶμα
2237 1639 2404 1708 ἡμῶν
2455 1641 2926 1710 διαϐαλλόντων,
2956 1647 3057 1700 καί
3085 1647 3159 1701 δι’
3192 1647 3342 1703 ὅλου
3374 1647 3507 1717 περὶ
3544 1645 3654 1717 τῆς

257 1749 368 1804 ni,
401 1747 716 1815 ἀνθρώπου
748 1738 1163 1808 κατασκευῆςο
1200 1736 1301 1790 καὶ
1333 1733 1483 1803 πρὸς
1515 1731 1596 1798 τῷ
1619 1732 1778 1786 τέλει
1799 1730 1932 1800 περὶ
1961 1729 2069 1784 τοῦ
2107 1730 2481 1798 κατορθῶσαι
2510 1732 2573 1787 τὸ
2595 1733 2682 1803 μὴ
2721 1736 2986 1804 ὀμνύειν.

862 2039 1101 2110 Ὀμιλία
1125 2035 1221 2092 ια’.

254 2213 330 2262 α’.
350 2202 598 2259 Ἐπειδὰν
612 2201 854 2272 ἐννοήσω
873 2197 964 2251 τὸν
999 2193 1339 2265 παρελθόντα
1360 2186 1606 2261 χειμῶνα
1640 2184 1733 2272 καί

184 2294 475 2365 παροῦσαν
491 2270 831 2359 γαλήνην,ήού
849 2284 1096 2354 παύομαι
1110 2281 1303 2348 λέγων·
1325 2274 1630 2344 Εὐλογητὸς
1647 2274 1675 2324 ὁ
1696 2270 1830 2365 Θεὸς
1845 2270 1872 2321 6

181 2382 365 2434 ποιῶν
392 2380 597 2439 πάντα,
628 2377 722 2428 καὶ
757 2370 1179 2443 μετασκευάζων
1215 2367 1371 2420 αὐτά·
1416 2367 1445 2416 6
1483 2362 1715 2431 ποιήσας
1757 2357 1872 2425 φῶς

183 2473 253 2522 ἐκ
288 2467 535 2527 σκότους,
577 2465 606 2515 6
643 2461 894 2528 κατάγων
939 2460 1018 2520 εἰς
1058 2455 1234 2516 πύλας
1275 2452 1402 2522 ᾇδου
1440 2450 1535 2503 καὶ
1571 2447 1812 2513 ἀνάγων,
1846 2447 1876 2496 ὁ

185 2553 470 2606 παιδεύων
505 2550 599 2602 καὶ
639 2548 714 2617 μὴ
754 2543 1020 2606 θανατῶν,
1055 2541 1150 2594 καὶ
1185 2538 1342 2591 τοῦτο
1378 2536 1474 2589 καὶ
1511 2535 1656 2604 ὑμᾶς
1697 2528 1878 2597 λέγειν

186 2640 462 2710 βούλομαι
495 2633 788 2706 διηνεκῶς,
829 2632 924 2685 καὶ
961 2630 1035 2700 μὴ
1065 2625 1468 2696 διαλιμπάνειν·
1499 2623 1548 2674 εἰ
1717 2619 1878 2682 αὐτὸς

182 2709 306 2790 τοῖς
328 2727 515 2795 ἔργοις
537 2723 681 2791 ἡμᾶς
704 2719 1066 2790 εὐηργέτησε,
1093 2714 1238 2776 τίνος
1265 2711 1330 2766 ἂν
1355 2710 1547 2781 εἴημεν
1576 2709 1715 2773 ἄξιοι
1744 2723 1875 2774 συγ-

189 2815 422 2884 γνώμης
451 2813 632 2882 ἡμεῖς,
665 2808 800 2879 μηδὲ
833 2805 1011 2873 λόγοις
1040 2801 1202 2855 αὐτὸν
1227 2799 1580 2869 ἀμειϐόμενοι
1604 2813 1619 2860 ;
1653 2795 1744 2848 Διὸ
1773 2812 1878 2847 πα-

189 2881 422 2974 ρακαλῶ
471 2881 738 2969 μηδέποτε
779 2892 1158 2963 διαλιμπάνειν
1207 2885 1659 2957 εὐχαριστοῦντας
1703 2881 1872 2952 αὐτῷ’

190 2969 261 3043 ἀν
294 2988 407 3058 γάρ
432 2987 564 3056 περὶ
591 2984 658 3038 ea:
691 2981 883 3053 πρῶτα
925 2978 1212 3049 γενώμεθα
1251 2975 1612 3044 εὐγνώμονες,
1654 2969 1876 3058 εὔδηλον

190 3079 279 3130 ὅτι
305 3057 402 3128 καλ
425 3075 623 3143 ἐτέρων
652 3069 911 3141 μειζόνων
946 3065 1346 3134 ἀπολαύσομεν.
1391 3061 1653 3130 Αέγωμεν
1695 3057 1875 3110 τοίνυν

192 3162 485 3232 διηνεκιῖὶκς⁹
519 3157 819 3226 Εὐλογητὸς
840 3154 1034 3215 ὁΘεδς,
1057 3155 1084 3205 6
1100 3151 1194 3205 καὶ
1227 3152 1360 3220 ἡμῖν
1379 3149 1504 3210 δοὺς
1533 3146 1669 3216 μετά
1693 3144 1874 3205 ἀδείας

191 3255 296 3319 τὴν
361 3250 616 3300 εἰωθυῖαν
683 3246 812 3313 ύμῖν
855 3239 1182 3312 παραθεῖναι
1227 3236 1546 3307 τράπεζαν,
1596 3233 1692 3285 καὶ
1745 3233 1873 3299 ὑμῖν

197 3318 505 3410 παρασχὼν
521 3334 658 3404 μετὰ
685 3330 781 3384 τοῦ
798 3329 1021 3400 θαρρεῖν
1048 3327 1156 3378 τῶν
1183 3324 1468 3395 ἡμετέρων
1483 3318 1880 3391 ἀκροᾶσθαιλόο

190 3407 331 3494 ’γωνο
357 3421 646 3490 εὐλογητὸς
671 3421 701 3473 6
724 3417 877 3480 Θεὸς,
910 3417 991 3469 ὅτι
1019 3411 1205 3466 οὐκέτι
1233 3412 1326 3464 τὸν
1353 3409 1556 3474 ἔξωθεν
1585 3407 1882 3475 φεύγοντες

194 3491 466 3572 κίνδυνον,
514 3506 663 3580 [IIS]
703 3505 820 3558 ἀλλ’
855 3501 1175 3572 ἀκροάσεως
1217 3495 1632 3566 ἐπιθυμοῦντες,
1649 3491 1884 3545 ἐνταῦθα

197 3596 589 3666 συντρέχομεν,
608 3591 794 3645 οὐκέτι
823 3589 963 3659 μετά
981 3586 1224 3655 ἀγωνίας
1248 3584 1343 3637 καὶ
1365 3582 1569 3653 τρόμου
1594 3580 1690 3633 καὶ
1720 3595 1886 3666 φρον-

194 3665 349 3745 τίδος
383 3680 630 3751 ἀλλήλοις
670 3674 1060 3745 συγγινόμεθα,
1098 3671 1235 3725 ἀλλά
1283 3671 1421 3740 μετὰ
1458 3667 1640 3730 ἀδείας
1685 3665 1887 3751 πολλῆς

197 3770 352 3823 ἀπαν
376 3750 833 3834 ἀποτιναξάμενοι
855 3762 918 3815 τὸ
941 3762 1076 3823 δέος
1106 3760 1180 3822 ὡς
1211 3759 1310 3821 τάς
1335 3773 1401 3825 γε
1428 3753 1738 3826 ἔμπροσθεν
1759 3750 1899 3821 ἡμέ-

202 3874 305 3927 ρας
333 3856 442 3909 τῶν
465 3851 940 3923 κλυδωνιζομένων
965 3852 1024 3903 ἐν
1058 3851 1208 3920 μέσῳ
1236 3847 1482 3912 πελάγει,
1510 3843 1605 3897 καὶ
1636 3841 1892 3908 ναυάγιον

201 3945 326 3997 καθ’
365 3943 602 4011 ἑκάστην
646 3937 1072 4011 προσδοκώντων
1117 3935 1214 4006 τὴν
1262 3934 1435 4005 ῶραν,
1480 3930 1634 3984 οὐδὲν
1673 3928 1895 3997 ἄμεινον

203 4031 545 4099 διεκείμεθα,
581 4029 801 4099 μυρίαις
826 4025 892 4079 δι’
915 4025 1044 4093 ὅλης
1076 4023 1290 4094 ἡμέρας
1317 4018 1633 4089 σοὸούμενοι
1661 4015 1893 4084 φήμαις,

203 4118 602 4189 ταραττόμενοι
625 4117 718 4170 καὶ
738 4113 1047 4184 δονούμενοι
1071 4111 1358 4172 πάντοθεν,
1387 4109 1482 4162 καὶ
1510 4105 1633 4160 καθ’
1657 4103 1895 4168 ἑκάστην

205 4187 424 4276 ἡμέραν
456 4187 954 4276 περιεργαζόμενοι
1004 4201 1098 4253 καὶ
1150 4191 1758 4266 πολυπραγμονοῦντες,
1811 4187 1894 4276 τίς

207 4273 438 4357 ἀφῖκται
467 4294 532 4344 ἐκ
546 4273 653 4344 ’τοῦ
686 4288 1078 4360 στρατοπέδου;
1104 4285 1156 4338 τί
1181 4285 1238 4338 δὲ
1261 4283 1428 4336 ἐλθὼν
1449 4276 1775 4349 ἀπήγγειλε.
1801 4273 1894 4326 καὶ

207 4378 442 4447 πότερον
491 4378 692 4446 ἀληθὲς
736 4377 769 4447 ἦ
809 4374 1000 4446 ψευδὲς
1047 4374 1107 4426 τὸ
1164 4371 1484 4441 λεγόμενον;
1545 4365 1641 4419 καὶ
1693 4361 1894 4423 νύκτας

207 4467 453 4527 ἀῦπνους
488 4464 882 4526 διατελοῦντες,
922 4461 1018 4514 καὶ
1059 4459 1159 4530 τὴν
1201 4457 1357 4512 πόλιν
1396 4454 1630 4526 δρῶντες
1670 4451 1766 4504 καὶ
1803 4451 1896 4504 δα-

210 4551 470 4620 κρύοντες
487 4551 562 4612 ὼς
577 4551 775 4602 αὐτίκα
795 4547 1194 4618 ἀπολουμένην.
1213 4545 1310 4599 Διά
1326 4543 1483 4599 τοῦτο
1507 4543 1600 4595 xal
1616 4542 1774 4610 ἡμεῖς
1791 4536 1888 4600 τάς

211 4635 524 4707 ἔμπροσθεν
542 4634 741 4698 ταύτας
755 4637 1093 4704 ἐσιγὴσαμεν
1114 4635 1349 4704 ἡμέρας,
1363 4632 1451 4686 διὰ
1473 4630 1533 4682 τὸ
1555 4625 1889 4682 κεκενῶσθαι

211 4725 314 4794 τὴν
348 4723 502 4776 πόλιν
546 4721 702 4791 ἡμῶν
754 4722 996 4782 ἃπασαν,
1038 4723 1134 4774 καὶ
1175 4719 1313 4792 πρὸς
1357 4719 1457 4782 τὰς
1498 4716 1733 4786 ἐρημίας
1765 4730 1892 4783 μετ-

213 4811 447 4865 ῳκίσθαι
478 4821 501 4849 ⁸
539 4808 767 4870 πάντας,
796 4809 888 4861 καί
914 4807 1002 4859 διά
1034 4808 1094 4859 τὸ
1113 4809 1238 4871 τοὺς
1277 4804 1699 4872 ὑπολειφθέντας
1737 4802 1892 4853 ἐσκο-

213 4897 422 4953 τωσθαι
447 4895 524 4959 τῷ
550 4894 700 4964 νέφει
729 4894 830 4963 τῆς
858 4893 1114 4962 ἀθυμίας.
1148 4895 1310 4965 Ψυχὴ
1341 4894 1451 4962 γάρ
1482 4891 1629 4955 ἅπαξ
1655 4888 1892 4956 ἀθυμίας

217 4983 548 5057 πλησθεῖσα,
595 4980 730 5053 πρὸς
773 4981 953 5034 πᾶσαν
997 4980 1263 5051 ἀκρόασιν
1309 4984 1458 5035 ἐστιν
1500 4977 1889 5046 ἀνεπιτήδειος.

217 5074 319 5127 Διά
343 5069 502 5124 τοῦτο
527 5068 621 5122 καὶ
647 5068 698 5120 οἰ
717 5067 811 5120 τοῦ
839 5065 958 5120 Ἰὼϐ
989 5067 1130 5135 φίλοι
1163 5067 1603 5138 παραγενόμενοι
1624 5106 1636 5120 .
1670 5064 1763 5117 καὶ
1793 5061 1894 5130 τὴν

218 5155 525 5232 τραγῳδίαν
559 5156 656 5226 τῆς
697 5154 876 5217 οἰκίας
911 5153 1127 5223 ἐκείνης
1173 5152 1394 5216 ἰδόντες,
1431 5154 1525 5206 καὶ
1564 5152 1655 5206 τὸν
1691 5151 1895 5204 δίκαιον

219 5248 317 5302 ἐπὶ
342 5247 441 5317 τῆς
468 5241 698 5313 κοπρίας
737 5241 1044 5312 καθήμενον
1090 5241 1183 5294 καὶ
1219 5239 1559 5310 ἡλκωμένον,
1608 5237 1896 5309 διέρῤηξάν

219 5352 282 5388 τε
319 5333 390 5387 τά
438 5331 626 5402 ἱμάτια
657 5328 872 5392 αὐτῶν,
912 5329 1008 5382 καὶ
1057 5327 1386 5399 ἀνῴμωξαν,
1428 5327 1524 5380 καὶ
1572 5330 1697 5397 σιγῇ
1753 5341 1896 5396 παρ-

221 5422 512 5491 ικάθηντο,
524 5416 808 5487 δηλοῦντες
827 5416 910 5469 ὅτι
943 5415 1094 5469 οὐδὲν
1115 5415 1287 5479 οὕτως
1302 5413 1606 5484 ἐπιτήδειον
1629 5415 1782 5486 παρὰ
1798 5414 1898 5485 τὴν

222 5509 400 5580 ἀρχὴν
431 5509 541 5570 τοῖς
572 5503 929 5573 ὀδυνωμένοις
961 5503 1036 5567 ὡς
1063 5504 1260 5575 ἡσυχία
1281 5503 1376 5556 καὶ
1395 5504 1544 5573 σιγὴ-
1578 5503 1672 5556 zeal
1696 5501 1806 5573 γὰρ
1829 5499 1899 5572 ἦν

228 5596 415 5667 μεῖζον
447 5589 794 5665 παραμυθίας
821 5589 882 5642 τὸ
910 5590 1102 5654 πάθος.
1137 5592 1235 5647 Διά
1269 5590 1428 5644 τοῦτο
1460 5591 1551 5644 καὶ
1581 5591 1632 5642 οἰ
1655 5591 1897 5644 Ἰουδαῖοι

173 5827 178 5830 ’
291 5824 315 5851 ο
341 5823 424 5869 Sic
446 5817 814 5880 rescribendum
841 5817 950 5874 fuit,
975 5826 1029 5880 uit
1050 5821 1377 5880 grammaticae
1405 5828 1460 5869 el
1479 5821 1646 5869 sensui
1670 5821 1898 5870 consula-

227 5889 325 5949 tur:
355 5881 526 5949 Morgl.
549 5886 603 5929 el
629 5878 791 5949 M011“:
805 5878 1274 5949 μεςεῳκεῖσθαικτςιὶιί,
1289 5880 1557 5949 ἱιιιρτῃιιιοε
1574 5879 1722 5949 εὶςινίι.
1739 5899 1899 5944 μετοι-

227 5947 440 5999 κισθῆναι
469 5944 690 5995 ἅπαντας.
716 5940 821 5989 Ibid
865 5941 994 5989 Savil
1037 5948 1086 5988 et
1110 5942 1192 5990 alii
1222 5943 1579 5999 ἀπολειφθέντας
1603 5940 1896 5993 ἐσκοτῶσθαι

1974 2022 2051 2093 τῷ
2095 2027 2250 2098 πηλῷ
2276 2031 2368 2082 καὶ
2395 2033 2459 2101 τῇ
2490 2031 2739 2102 πλινθεία
2782 2033 3217 2104 προσδεδεμένοι,
3247 2035 3451 2088 Μωσέα
3479 2053 3657 2109 παρα-

1973 2113 2264 2182 γενόμενον
2299 2116 2520 2184 ἰδόντες,
2564 2121 2669 2172 οὐκ
2698 2121 2951 2175 ἐδύναντο
2993 2123 3106 2185 τοῖς
3146 2121 3461 2193 λεγομένοις
3489 2140 3661 2194 προσ-

1972 2200 2116 2269 ἐχειν
2145 2203 2254 2256 ἀπὸ
2277 2206 2376 2276 τῆς
2411 2207 2764 2278 όλιγοψυχίας
2799 2209 2894 2262 καὶ
2915 2209 3014 2281 τῆς
3055 2209 3288 2280 θλίψεως
3313 2210 3514 2264 αὐτῶν.
3550 2211 3660 2264 Kal

1971 2289 2023 2339 τί
2044 2289 2357 2360 θαυμαστὸν
2379 2295 2428 2346 εἰ
2452 2296 2778 2367 μικρόψυχοί
2799 2314 2944 2360 τινες
2959 2297 3236 2368 ἄνθρωποι
3259 2296 3416 2351 τοῦτο
3434 2297 3657 2358 ἔπαθον,

1972 2376 2108 2428 ὅπου
2145 2379 2242 2430 καὶ
2272 2382 2399 2444 τοὺς
2426 2382 2676 2453 μαθητάς
2704 2384 3033 2454 εὑρίσκομεν
3059 2383 3234 2455 τούτῳ
3263 2383 3662 2455 περιπεσόντας

1974 2464 2054 2533 τῷ
2082 2465 2278 2530 πάθας
2309 2468 2466 2521 Μετά
2498 2469 2608 2540 γὰρ
2630 2471 2692 2522 τὸ
2721 2472 2981 2540 μυστικὸν
3011 2473 3188 2525 ἐκεῖνο
3210 2471 3449 2536 δεῖπνον,
3475 2468 3663 2538 ἐπειδὴ

1976 2552 2158 2605 λαόὼν
2188 2555 2387 2619 αὐτοὺς
2411 2558 2440 2609 6
2471 2558 2706 2628 Χριστὸς
2736 2560 2858 2610 κατ’
2889 2557 3023 2610 ἰδίαν
3048 2557 3342 2626 διελέγετο,
3383 2555 3533 2627 παρά
3563 2555 3663 2625 μὲν

1977 2640 2077 2711 τὴν
2100 2642 2273 2713 ἀρχὴν
2299 2643 2538 2714 συνεχῶς
2574 2645 2736 2699 αὐτὸν
2764 2645 2991 2716 ἠρώτων
3017 2646 3067 2697 οἰ
3101 2643 3362 2716 μαθηταί⁶
3413 2642 3523 2698 Ποῦ
3560 2645 3665 2697 ὐπ-

1975 2730 2130 2797 άγεις
2152 2749 2166 2794 ;
2191 2731 2377 2801 ἐπειδὴ
2401 2732 2456 2785 δὲ
2478 2728 2632 2785 εἶπεν
2664 2734 2848 2796 αὐτοῖς
2886 2733 2953 2786 τά
2989 2733 3184 2802 μικρὸν
3210 2731 3438 2802 ὕστερον
3465 2731 3665 2795 αὐτοὺς

1972 2818 2324 2889 διαδεξόμενα
2347 2821 2512 2883 κακά,
2536 2824 2663 2884 τοὺς
2688 2821 2977 2891 πολέμους,
3000 2820 3099 2882 τὰς
3121 2819 3540 2882 ἐπαναστάσεις.
3562 2819 3664 2884 τὰς

1976 2906 2273 2976 ἀπεχθείας
2298 2909 2398 2971 τὰς
2416 2908 2566 2978 παρά
2586 2909 2828 2971 πάντων,
2848 2908 2946 2970 τὰς
2974 2908 3266 2976 μάστιγας,
3290 2906 3359 2960 τὰ
3377 2905 3662 2978 δεσμωτή-

1978 3009 2090 3061 ρια,
2128 2994 2196 3046 τὰ
2225 2995 2575 3065 δικαστήρια,
2610 2994 2710 3056 τὰς
2743 2994 3067 3061 ἀπαγωγὰς,
3105 2994 3296 3064 ῶσπερ
3323 2993 3430 3046 τινὶ
3459 2991 3664 3064 φορτίῳ

1977 3078 2267 3150 βαρυτάτῳ
2285 3081 2363 3150 τῷ
2386 3080 2537 3151 φόϐῳ
2557 3080 2665 3134 τῶν
2687 3081 2994 3152 εἰρημένων
3019 3081 3114 3134 καὶ
3136 3083 3203 3150 τῇ
3235 3080 3342 3133 τῶν
3365 3080 3664 3150 μελλόντων

1977 3168 2186 3239 ἀθυμίᾳ
2225 3168 2518 3239 πιεζομένη
2567 3169 2688 3222 τότε
2731 3168 2910 3222 αὐτῶν
2941 3171 2974 3239 ἡ
3021 3168 3192 3239 ψυχὴ,
3237 3167 3443 3239 ἀχανὴς
3479 3167 3664 3220 λοιπὸν

1980 3255 2183 3324 ἔμεινε.
2213 3257 2304 3309 Διὸ
2339 3256 2706 3326 συγχυθέντας
2732 3256 2761 3295 δ
2787 3256 2986 3318 αὐτοὺς
3022 3254 3146 3308 ἰδὼν
3173 3256 3202 3307 6
3231 3254 3469 3326 Χριστὸς
3489 3294 3504 3318 ,
3532 3252 3666 3308 αὐτὸ

1979 3344 2135 3396 τοῦτο
2156 3343 2430 3409 ὀνειδίζων
2476 3345 2649 3414 ἐλεγε·
2703 3345 3033 3412 Πορεύομαι
3075 3343 3228 3412 πρὸς
3280 3342 3389 3396 τὸν
3433 3340 3666 3410 Πατέρα

1976 3449 2118 3500 μου,
2146 3433 2243 3484 καί
2272 3432 2472 3498 οὐδεὶς
2491 3431 2560 3495 ἐξ
2582 3413 2750 3501 ὑμῶν
2768 3430 2952 3499 ἐρωτᾷ
2965 3447 3061 3501 με’
3081 3431 3204 3485 Ποῦ
3219 3428 3469 3499 ὑπάγεις
3489 3444 3506 3492 ;
3524 3413 3666 3482 ἀλλ’

1983 3519 2073 3571 ὅτι
2097 3520 2280 3573 ταῦτα
2303 3521 2619 3587 λελάληκα
2639 3521 2802 3590 ὑμῖν,
2832 3521 2870 3588 ἠ
2897 3521 3063 3586 λύπη
3085 3517 3479 3584 πεπλήρωκεν
3501 3513 3668 3584 ὑμῶν

1984 3605 2101 3671 τὴν
2131 3606 2401 3674 καρδίαν.
2433 3608 2532 3661 Διά
2546 3609 2706 3662 τοῦτο
2724 3609 2819 3661 καὶ
2847 3609 3009 3678 ἡμεῖς
3033 3608 3371 3675 ἐσιγὴσαμεν
3402 3603 3494 3656 τὸν
3533 3618 3669 3672 παρ-

1986 3692 2208 3747 ελθόντα
2251 3695 2463 3765 χρόνον,
2506 3695 2600 3748 τδν
2635 3696 2882 3767 παρόντα
2924 3693 3116 3764 καιρὸν
3181 3693 3563 3761 ἀναμένοντες.
3607 3691 3667 3742 Εἰ

1987 3781 2097 3852 γάρ
2117 3785 2146 3835 6
2168 3782 2374 3852 μέλλων
2393 3782 2600 3835 δεῖσθαί
2617 3799 2783 3845 τινος,
2806 3783 2909 3836 κᾶν
2928 3780 3126 3848 εῦλογα
3151 3779 3320 3850 μέλλῃ
3341 3777 3668 3849 προτείνειν,

1991 3870 2404 3941 ἐπιτηδειότητα
2427 3870 2686 3940 ἀναμένει
2708 3867 2925 3940 καιροῦ,
2955 3869 3102 3930 ὅπως
3131 3867 3326 3938 ἡμέρῳ
3352 3866 3446 3918 καὶ
3474 3860 3534 3918 εὖ
3555 3864 3672 3916 δια-

1993 3956 2234 4027 κειμένῳ
2265 3956 2344 4026 τῷ
2379 3957 2624 4026 μέλλοντι
2647 3956 2847 4010 διδόναι
2869 3957 2968 4026 τὴν
3001 3955 3219 4026 αἴτησιν
3242 3951 3552 4024 προσέλθοι,
3575 3951 3671 4004 καὶ

1993 4045 2093 4113 τὴν
2120 4045 2230 4098 ἀπὸ
2251 4044 2346 4096 τοῦ
2382 4045 2578 4114 καιροῦ
2606 4044 2788 4097 λαϐὼν
2817 4042 3135 4114 συμμαχίαν
3171 4040 3418 4110 ἐπιτύχοι
3445 4039 3546 4108 τῆς
3574 4038 3673 4108 χά-

1997 4148 2163 4200 ριτος,
2200 4131 2380 4202 πολλῷ
2415 4132 2617 4202 μάλλον
2651 4132 2744 4183 τὸν
2780 4130 3003 4198 λέγοντα
3035 4128 3224 4200 καιρὸν
3251 4127 3552 4197 ἐπιτήδειον
3575 4125 3674 4194 ζη-

1992 4220 2104 4269 τεῖν
2144 4220 2266 4288 χρὴ,
2301 4219 2451 4282 ὅπως
2491 4215 2551 4271 εὖ
2583 4217 2910 4287 διακειμένῳ
2949 4217 3028 4286 τῷ
3066 4217 3309 4287 ἀκροατῇ
3350 4215 3444 4268 καὶ
3491 4213 3672 4282 πάσης

1993 4305 2399 4376 ἀπηλλαγμένῳ
2441 4305 2722 4375 φροντίδος
2764 4303 2861 4356 καὶ
2909 4303 3150 4373 ἀθυμίας
3180 4302 3509 4373 προσαγάγῃ
3543 4300 3672 4360 τοὺς

1992 4389 2202 4458 λόγους·
2229 4392 2259 4444 ὂ
2283 4392 2349 4462 δὴ
2379 4392 2475 4445 καὶ
2500 4393 2662 4462 ἡμεῖς
2692 4392 3097 4461 πεποιήκαμεν.

2069 4498 2079 4568 Ι
2096 4502 2114 4554 Ι
2135 4497 2219 4572 I6]
2235 4501 2294 4571 β’.
2307 4501 2420 4554 Νῦν
2441 4499 2571 4568 γοῦν
2594 4499 2782 4571 ἐπειδὴ
2795 4497 2889 4569 τὴν
2905 4496 3142 4567 ἀθυμίαν
3158 4488 3672 4558 ἀπετινάξασθε,καί

1995 4588 2106 4640 τιίν
2127 4603 2203 4657 πρ
2232 4589 2405 4660 τέρων
2441 4589 2586 4659 ὑμᾶς
2646 4587 2958 4657 ἀναμνῆσαι
2992 4582 3310 4654 βουλόμεθα.
3342 4581 3482 4633 ῶστε
3505 4578 3672 4648 σαφέ-

1997 4691 2187 4747 στερον
2208 4677 2336 4746 ὑμῖν
2352 4675 2600 4743 γενέσθαι
2624 4675 2716 4727 τὸν
2749 4673 2928 4740 λόγον’
2956 4672 2984 4724 6
3011 4671 3122 4740 γὰρ
3153 4671 3281 4738 περὶ
3315 4669 3413 4737 τῆς
3439 4666 3672 4728 κτίσεως

1994 4765 2317 4832 εἰρήκαμεν,
2341 4765 2421 4816 ὅτι
2450 4764 2572 4832 οὐχὶ
2597 4761 2770 4832 καλὴν
2802 4760 2962 4830 μόνον
2995 4758 3090 4810 καὶ
3115 4756 3433 4826 θαυμαστὴν
3455 4755 3551 4806 καὶ
3572 4770 3672 4823 με·

1992 4851 2166 4920 γάλην
2201 4849 2370 4920 αὐτὴν
2417 4850 2674 4918 ἐποίησεν
2716 4850 2745 4902 6
2789 4847 2956 4910 Θεὸς,
3003 4844 3140 4898 ἀλλὰ
3182 4843 3276 4897 καὶ
3329 4840 3532 4909 ἀσθενῆ
3575 4840 3672 4894 καὶ

1995 4937 2261 5008 φθαρτὴν,
2305 4939 2401 4990 xal
2443 4937 2648 4990 τούτων
2685 4934 2866 4990 αὐτῶν
2903 4934 3067 4988 πάλιν
3117 4930 3288 4984 πολλά
3336 4929 3670 4998 ἐγκατέθηκε

1991 5025 2289 5096 δείγματα,
2315 5026 2599 5096 ἀμφότερα
2628 5026 2765 5096 πρὸς
2793 5023 2854 5077 τὸ
2882 5025 3150 5094 χρήσιμον
3178 5022 3309 5089 ἡμῖν
3337 5017 3634 5088 οἰκονομῶν
3652 5055 3668 5078 ,

1995 5115 2090 5168 καὶ
2126 5115 2215 5168 διά
2258 5115 2356 5185 μὲν
2375 5114 2470 5167 τοῦ
2505 5114 2736 5176 κάλλους
2770 5113 2850 5176 είς
2880 5111 2940 5163 τὸ
2967 5109 3150 5178 θαῦμα
3183 5106 3277 5160 τοῦ
3311 5104 3672 5174 πεποιηκότος

1997 5205 2228 5272 ἐνάγων,
2269 5202 2358 5258 διὰ
2390 5202 2446 5256 δὲ
2483 5203 2584 5272 τῆς
2621 5199 2902 5261 ἀσθενείας
2934 5196 3028 5250 τοῦ
3074 5193 3327 5248 σέϐεσθαι
3359 5193 3459 5264 τὴν
3495 5191 3672 5246 κτίσιν

1998 5293 2145 5362 ἡμᾶς
2173 5292 2420 5361 ἀπάγων·
2453 5289 2608 5344 τοῦτο
2640 5288 2733 5341 καὶ
2767 5289 2860 5340 ἐπὶ
2884 5284 2978 5338 τοῦ
3012 5283 3260 5354 σώματος
3285 5281 3379 5335 τοῦ
3401 5281 3672 5352 ἡμετέρου

1999 5380 2146 5434 ἐστιν
2176 5381 2301 5433 ἰδεῖν
2327 5377 2711 5448 γεγενημένον.
2740 5373 2847 5426 Καὶ
2868 5372 2978 5443 γάρ
2998 5372 3092 5425 καί
3121 5371 3252 5442 περὶ
3270 5369 3462 5424 τούτου
3489 5367 3673 5421 πολλοὶ

2001 5466 2222 5536 ζητοῦσι
2255 5466 2363 5519 τῶν
2401 5482 2460 5518 τε
2492 5464 2591 5535 τῆς
2631 5461 2890 5532 ἀληθείας
2917 5459 3130 5533 ἐχθρῶν
3163 5459 3273 5512 τῶν
3304 5474 3364 5510 τε
3409 5457 3506 5508 σῦν
3539 5456 3674 5525 ἡμῖν

1997 5553 2363 5624 τεταγμένων,
2414 5551 2561 5617 τίνος
2622 5551 2806 5604 ἕνεκεν
2860 5547 3099 5619 φθαρτὸν
3143 5547 3237 5601 καὶ
3277 5545 3539 5615 ἐπίκηρον
3576 5542 3672 5610 γέ-

1999 5657 2176 5708 γονεν.

2002 5799 2072 5862 τῷ
2091 5799 2234 5862 νέφει.
2275 5795 2594 5860 (Savilianum
2618 5796 2912 5844 ἐσκοτῶσθαι
2944 5796 3170 5857 recipere
3205 5796 3359 5843 vIsum
3383 5789 3502 5854 est.)
3532 5788 3653 5842 Ῐζιδιτ

2065 5878 2094 5919 ι’
2121 5879 2246 5930 Tres
2267 5890 2380 5929 mss.
2406 5877 2479 5926 διὸ
2502 5876 2828 5938 συσχεθέντας.
