4452 6682
846 441 940 496 121

925 553 1192 623 Ἐλλήνων
1239 554 1295 607 δὲ
1340 554 1520 607 πολλοὶ
1563 556 1654 606 καὶ
1698 554 1988 623 αίρετικῶν
2034 557 2155 609 οὐδὲ
2198 557 2520 625 γεγενῆσθαι

842 639 977 692 αὐτὸ
1003 641 1156 710 παρά
1193 642 1288 694 τοῦ
1327 642 1461 693 Θεοῦ
1494 657 1656 707 φασιν
1718 641 1936 703 ἀνάξιον
1975 643 2085 713 γὰρ
2118 645 2248 696 αὐτὸ
2283 644 2380 713 τῆς
2421 643 2517 694 τοῦ

847 727 980 778 θεοῦ
1002 727 1364 797 δημιουργίας
1389 722 1527 778 εἶναι
1552 726 1792 793 λέγουσι,
1824 728 2028 798 ῥύπους
2050 728 2143 781 καὶ
2169 730 2395 799 ἱδρῶτας
2424 730 2520 781 καὶ

841 812 1055 883 δάκρυα
1087 817 1181 867 καὶ
1212 816 1406 871 πόνους
1454 816 1547 866 καὶ
1595 814 1972 885 ταλαιπωρίας
2011 818 2104 868 καὶ
2145 816 2214 867 τά
2252 813 2388 868 ἄλλα
2426 816 2519 867 τοῦ

847 901 1097 969 σώματος
1115 902 1357 962 ἐπιόντες
1379 901 1615 953 ἅπαντα.
1648 902 1788 969 Ἐγὼ
1817 901 1894 963 δὲ,
1926 903 2139 955 ἐπειδάν
2168 902 2294 971 περὶ
2319 902 2520 954 τούτων

847 988 1070 1056 γένηται
1092 988 1267 1054 λόγος,
1296 986 1507 1057 πρῶτον
1536 986 1635 1049 μὲν
1659 988 1834 1039 ἐκεῖνο
1858 987 1923 1039 ἂν
1951 988 2180 1055 εἴποιμι·
2206 987 2297 1055 Μή
2326 1004 2416 1057 μοι
2431 988 2521 1039 τὸν

845 1072 1129 1140 ἄνθρωπον
1163 1073 1287 1137 λέγε
1318 1073 1505 1125 τοῦτον
1527 1072 1617 1124 τὸν
1644 1075 2147 1143 προσκεκρουκότα,
2191 1074 2285 1124 τὸν
2314 1074 2519 1141 ἠτιμω-

848 1159 1025 1227 μένον,
1051 1160 1139 1211 τὸν
1170 1160 1653 1213 καταδικασθέντα
1683 1160 1797 1213 ἀλλ’
1827 1162 1874 1212 εἰ
1909 1158 2086 1226 βούλει
2119 1159 2313 1228 μαθεῖν
2339 1161 2519 1211 όποῖον

844 1246 904 1309 ἐξ
939 1246 1112 1316 ἀρχῆς
1144 1250 1275 1316 ἡμῖν
1309 1262 1333 1287 υ
1362 1247 1425 1300 τὸ
1459 1247 1621 1317 σῶμα
1652 1248 1884 1300 ἔπλασεν
1913 1249 1940 1298 ὁ
1969 1247 2120 1307 Θεὸς,
2156 1247 2249 1298 ὲπλ⁹
2274 1247 2367 1297 τὸν
2401 1262 2521 1297 πα-

849 1332 1091 1402 ράδεισον
1115 1335 1377 1402 ἔλθωμεν,
1400 1335 1495 1387 καὶ
1520 1335 1610 1386 τὸν
1638 1334 1694 1398 ἐξ
1717 1334 1891 1403 ἀρχῆς
1914 1334 2207 1402 γενόμενον
2236 1332 2521 1401 ἄνθρωπον

845 1421 1065 1490 ίδωμεν.
1106 1421 1181 1472 υύ
1210 1420 1320 1490 γάρ
1350 1420 1491 1472 οὕτω
1523 1419 1584 1472 τὸ
1613 1420 1773 1489 σῶμα
1803 1422 1975 1472 ἐκεῖνο
2006 1420 2242 1489 φθαρτὸν
2268 1420 2363 1472 καὶ
2398 1420 2520 1471 ἐπί-

844 1522 1013 1577 κηρον
1046 1502 1135 1575 ἦν.
1170 1507 1286 1558 ἀλλ’
1313 1506 1502 1575 ῶσπερ
1537 1522 1620 1567 τις
1647 1506 1878 1576 χρυσοῦς
1922 1506 2145 1576 ἀνδριὰς
2182 1505 2290 1559 ἀπὸ
2320 1522 2522 1574 χωνευο

844 1592 1029 1663 τηρίου
1070 1591 1349 1662 προελθὼν
1389 1592 1515 1663 ἄρτι
1560 1593 1653 1645 καὶ
1697 1593 1947 1663 λαμπρὸν
1985 1591 2348 1653 ἀποστίλϐων,
2382 1589 2523 1644 οὕτω

845 1680 1025 1749 πάσης
1056 1678 1259 1748 φθορᾶς
1296 1680 1469 1731 ἐκεῖνο
1493 1678 1554 1730 τὸ
1588 1678 1749 1749 σῶμα
1782 1680 2116 1748 ἀπήλλακτο,
2149 1678 2241 1730 καὶ
2268 1676 2390 1729 οὔτε
2422 1678 2520 1728 πό-

842 1781 931 1826 νος
951 1765 1187 1834 ήνόχλει,
1209 1764 1329 1818 οὔτε
1360 1764 1519 1835 ἱδρὼς
1543 1765 1881 1835 ἐλυμαίνετο,
1911 1766 1970 1817 οὐ
1998 1764 2275 1834 φροντίδες
2300 1762 2522 1815 ἐπεϐού-

843 1850 1019 1912 λευον,
1050 1852 1150 1903 οὐκ
1182 1851 1408 1919 ἀθυμίαι
1444 1851 1812 1920 ἐπολιόρκουν,
1846 1851 1945 1902 οὐκ
1974 1849 2100 1901 ἄλλο
2132 1864 2186 1901 τι
2212 1848 2319 1900 τῶν
2342 1846 2519 1899 τοιού-

843 1952 948 1988 των
974 1938 1160 1990 ἐλύπει
1198 1937 1404 1988 παθῶν·
1441 1937 1628 2005 ἐπειδὴ
1660 1936 1718 1989 δὲ
1754 1936 2045 2006 σωφρόνως
2076 1936 2176 2006 τὴν
2215 1933 2519 2004 εὐημερίαν

839 2026 937 2076 οὐκ
963 2024 1191 2094 ἤνεγκεν
1210 2062 1223 2084 ,
1260 2023 1373 2076 ἀλλ’
1416 2022 1701 2092 ἐξύϐρισεν
1730 2025 1809 2085 εἱς
1835 2024 1925 2075 τὸν
1958 2022 2275 2093 εὐεργέτην,
2309 2020 2403 2072 καὶ
2430 2020 2521 2072 τὸν

836 2110 1129 2163 ἀπατεῶνα
1158 2111 1389 2179 δαίμονα
1433 2110 1528 2162 τοῦ
1569 2110 1865 2180 κηδεμόνος
1901 2109 2034 2162 Θεοῦ
2071 2110 2165 2162 καὶ
2194 2110 2523 2177 τιμήσαντος

835 2198 1001 2250 αὐτὸν
1028 2199 1275 2268 ἐνόμισεν
1308 2199 1744 2266 ἀξιοπιστότερον
1790 2194 1949 2260 εἶναι,
1996 2198 2088 2249 καὶ
2118 2196 2238 2259 θεὸς
2270 2194 2520 2263 γενέσθαι

838 2286 1227 2355 προσεδόκησε,
1265 2287 1358 2338 καὶ
1394 2285 1619 2355 μείζονα
1652 2286 1751 2353 τῆς
1774 2284 1982 2346 οίκείας
2015 2283 2174 2347 ἀξίας
2205 2280 2399 2333 ἐλαϐεν
2430 2281 2517 2331 ἕνα

834 2388 1008 2436 νοιαν,
1038 2373 1157 2423 τότε
1188 2373 1275 2441 δὴ,
1309 2372 1429 2423 τότε
1462 2372 1557 2424 καὶ
1583 2370 1672 2423 διὰ
1697 2370 1805 2422 τῶν
1832 2368 2176 2439 πραγμάτων
2202 2366 2384 2420 αὐτῶν
2411 2382 2517 2418 σω-

836 2459 1106 2529 φρονίζων
1138 2458 1299 2510 αὐτὸν
1324 2460 1352 2511 ό
1383 2458 1538 2521 Θεὸς,
1564 2456 1801 2528 φθαρτόν
1834 2473 1895 2509 τε
1923 2456 2146 2525 ἐποίησε
2169 2455 2263 2508 καὶ
2294 2452 2516 2523 θνητὸν,

840 2545 935 2597 καὶ
963 2548 1082 2607 ταῖς
1106 2545 1327 2608 πολλαῖς
1360 2544 1587 2606 ταύταις
1622 2542 1917 2612 κατέδησεν
1957 2542 2243 2609 ἀνάγκαις,
2279 2540 2399 2609 οὐχὶ
2430 2556 2520 2608 μι-

840 2631 971 2692 σῶν,
989 2631 1107 2683 οὐδέ
1137 2632 1633 2700 ἀποστρεφόμενος,
1658 2630 1791 2681 ἀλλά
1812 2629 2131 2699 κηδόμενος,
2164 2627 2261 2680 καὶ
2293 2626 2391 2696 τὴν
2419 2641 2520 2677 πο-

837 2720 1009 2790 νηρὰν
1047 2719 1140 2770 καὶ
1163 2717 1408 2787 ὀλέθριον
1440 2717 1656 2787 ἐκείνην
1684 2717 1943 2768 ἀπόνοιαν
1981 2718 2044 2767 ἐκ
2078 2713 2382 2784 προοιμίων
2410 2730 2521 2764 κω·-

837 2807 1001 2869 λύων,
1033 2805 1127 2857 καὶ
1154 2805 1464 2874 περαιτέρω
1493 2803 1779 2873 προελθεῖν
1801 2802 1901 2853 οὐκ
1934 2802 2059 2863 ἐῶν,
2096 2801 2233 2854 ἀλλά
2259 2800 2325 2852 δι’
2354 2799 2523 2867 αὐτῆς

836 2893 947 2947 τῶν
977 2893 1317 2964 πραγμάτιον
1346 2892 1445 2961 τῆς
1476 2890 1669 2961 πείρας
1695 2889 1961 2942 διδάσκων
1987 2889 2150 2941 αὐτὸν
2169 2928 2183 2950 ,
2212 2889 2295 2939 ὅτι
2326 2885 2521 2955 θνητός

837 2981 897 3033 τέ
923 2983 1040 3034 ἐστι
1078 2982 1173 3033 καὶ⁸
1217 2980 1507 3049 ἐπίκηρος,
1539 2979 1634 3031 καὶ
1668 2976 1842 3047 ταύτῃ
1878 2977 2078 3029 πείθων
2108 2976 2375 3045 μηδέποτε
2411 2990 2522 3025 τοι·

839 3068 981 3123 αῦτα
1038 3066 1405 3137 φαντάζεσθαι
1445 3066 1540 3119 καὶ
1584 3064 1966 3135 ὀνειροπολεῖν·
2013 3064 2107 3116 καὶ
2151 3064 2258 3133 γάρ
2293 3057 2445 3113 εἶπεν
2495 3060 2524 3112 ό

838 3156 1103 3218 διάϐολος⁸
1123 3158 1384 3209 Ἔσεσθε
1396 3154 1476 3218 ὡς
1486 3153 1629 3205 θεοί.
1645 3151 1948 3222 Πρόρριζον
1961 3147 2054 3203 οὖν
2068 3150 2271 3219 ταύτην
2288 3148 2527 3201 ἀνασπά-

840 3259 932 3296 σαι
969 3243 1287 3313 βουλόμενος
1307 3242 1406 3311 τὴν
1428 3240 1658 3300 ἔννοιαν,
1689 3237 1999 3301 πολυπαθὲς
2030 3236 2194 3289 αὐτοῦ
2218 3236 2311 3288 καὶ
2331 3235 2523 3288 ταλαί-

841 3347 1025 3402 πωρον
1052 3330 1114 3382 τὸ
1150 3328 1309 3399 σῶμα
1340 3327 1608 3396 πεποίηκε
1629 3365 1644 3389 ,
1689 3325 1757 3378 δι’
1801 3324 1973 3393 αὐτῆς
2009 3324 2109 3393 τῆς
2149 3322 2365 3391 φύσεως
2399 3339 2526 3374 παι-

839 3418 1011 3472 δεύων
1038 3416 1221 3480 αὐτὸν,
1259 3414 1530 3486 μηδέποτε
1553 3412 1811 3482 τοιαύτην
1831 3412 2018 3463 λαϐεῖν
2044 3411 2273 3463 ἔννοιαν.
2311 3409 2421 3461 Καὶ
2443 3409 2525 3461 ὅτι

839 3505 1000 3559 τοῦτό
1026 3507 1172 3558 ἐστιν
1204 3502 1424 3571 ἀληθὲς,
1461 3500 1695 3571 μάλιστα
1729 3499 1824 3567 μὲν
1852 3498 1947 3551 καὶ
1969 3499 2033 3549 ἐκ
2066 3497 2175 3548 τῶν
2204 3497 2290 3548 ἐπ’
2317 3495 2523 3548 ἐκείνου

842 3592 1226 3663 γεγενημένων
1271 3590 1449 3661 δῆλον⁸
1496 3589 1634 3658 μετά
1674 3586 1780 3656 γὰρ
1816 3586 1915 3655 τὴν
1949 3583 2276 3654 προσδοκίαν
2312 3585 2526 3651 ἐκείνην

843 3681 1017 3751 ταύτῃ
1059 3678 1425 3749 κατεδικάσθη
1466 3680 1533 3747 τῇ
1571 3674 1828 3745 τιμωρίᾳ.
1875 3672 1985 3728 Καὶ
2026 3670 2218 3724 σκόπει
2255 3687 2345 3740 μοι
2390 3670 2526 3722 Θεοῦ

846 3768 1081 3820 σύνεσιν
1122 3769 1222 3821 οῦκ
1244 3766 1455 3834 ἀφῆκεν
1485 3764 1649 3817 αὐτὸν
1676 3763 1890 3832 πρῶτον
1920 3758 2235 3823 ἀποθανεῖν,
2277 3757 2414 3811 ἀλλά
2437 3757 2529 3809 τὸν

845 3856 960 3908 υἱὸν
991 3855 1079 3907 τὸν
1115 3854 1326 3907 ἐκείνου
1354 3851 1699 3921 συνεχώρησε
1726 3847 1885 3900 τοῦτο
1921 3845 2135 3907 παθεῖν,
2163 3845 2251 3899 ἶνα
2280 3845 2391 3915 πρὸ
2420 3844 2530 3897 τῶν

842 3942 1133 4012 ὀφθαλμῶν
1162 3940 1283 3993 ίδὼν
1305 3941 1366 3992 τὸ
1389 3939 1550 4009 σῶμα
1576 3937 1881 4005 σηπόμενον
1911 3934 2007 3987 καὶ
2038 3932 2414 4004 φθειρόμενον,
2442 3950 2531 3998 με·

844 4030 1017 4100 γάλην
1050 4028 1159 4081 ἀπὸ
1190 4028 1288 4095 τῆς
1320 4027 1498 4094 ὅψεως
1534 4024 1737 4092 ταύτης
1769 4021 1985 4090 δέξηται
2030 4019 2177 4091 [H7]
2212 4020 2530 4089 φιλοσοφίας

842 4116 1215 4173 διδασκαλίαν,
1244 4113 1341 4165 καὶ
1378 4112 1525 4181 μάθῃ
1556 4110 1609 4163 τί
1642 4110 1855 4177 γέγονε,
1887 4108 1980 4160 καὶ
2009 4108 2393 4179 σωφρονισθεὶς
2426 4124 2528 4160 κα-

844 4204 975 4268 λῶς,
1008 4204 1181 4266 οὕτως
1215 4199 1464 4254 ἐντεῦθεν
1490 4197 1721 4269 ἀπέλθῃ.

917 4291 1168 4345 Μάλιστα
1192 4288 1291 4359 μὲν
1319 4282 1432 4351 οὖν,
1464 4285 1602 4354 ὅπερ
1636 4283 1795 4351 ἔφην,
1831 4281 1926 4333 καὶ
1960 4280 2023 4333 ἐκ
2045 4279 2153 4332 τῶν
2178 4280 2277 4350 ήδη
2307 4296 2532 4349 γεγενη-

852 4378 1027 4448 μένων
1055 4374 1213 4428 τοῦτο
1232 4373 1411 4442 δῆλον,
1435 4372 1536 4425 οὐκ
1554 4368 1774 4423 ἔλαττον
1795 4368 1850 4421 δὲ
1872 4368 1967 4420 καὶ
1987 4369 2051 4420 ἐκ
2070 4367 2176 4419 τῶν
2201 4366 2341 4436 μεςά
2361 4364 2533 4418 ταῦτα

852 4463 1241 4535 ῥηθησομένων
1286 4460 1440 4512 ἔσται
1486 4457 1739 4528 φανερόν.
1788 4456 1851 4507 Εἰ
1894 4455 2001 4526 γάρ
2051 4456 2266 4525 ἀνάγκῃ
2307 4452 2533 4524 τοιαύτῃ

847 4551 945 4604 τοῦ
988 4551 1237 4618 σώματος
1278 4546 1447 4598 ἐνδεδε
1459 4545 1644 4614 μένου,
1688 4542 1785 4594 καὶ
1826 4542 2044 4595 πάντων
2078 4540 2533 4611 ἀποθνησκόντων

850 4640 948 4692 καὶ
1003 4635 1374 4707 φθειρομένων
1427 4634 1520 4685 καὶ
1563 4630 1884 4700 σηπομένων
1930 4630 1987 4682 ἐν
2038 4634 2157 4692 ταῖς
2206 4630 2463 4683 ἀπάντων
2503 4628 2531 4667 ι)

853 4725 1011 4793 ὕψεσι
1044 4724 1137 4775 καὶ
1166 4719 1563 4789 διαλελυμένων
1593 4719 1671 4779 εἰς
1699 4716 1867 4779 κόνιν,
1897 4716 1992 4768 καὶ
2020 4716 2126 4767 τῶν
2158 4716 2354 4780 ἔξωθεν
2379 4715 2531 4784 φιλο·

856 4813 1036 4879 σόφων
1053 4811 1149 4863 ἕνα
1175 4810 1270 4861 καὶ
1296 4806 1488 4860 τοῦτον
1523 4803 1901 4875 ποιησαμένων
1931 4804 2386 4873 συμπληρωτικὸν
2408 4805 2533 4874 ὅρον

854 4898 951 4952 τοῦ
999 4897 1109 4951 τῶν
1157 4894 1462 4967 ἀνθρώπων
1504 4894 1693 4961 γένους
1722 4890 2107 4962 (ἐρωτηθέντες
2148 4890 2278 4961 γάρ,
2316 4890 2368 4942 τί
2402 4908 2533 4942 ποτε

856 4985 1141 5057 ἄνθρωπός
1173 4985 1309 5044 ἐστι,
1354 4982 1491 5047 ζῶον
1532 4978 1746 5048 λογικὸν
1793 4977 1984 5046 θνητὸν
2027 4973 2220 5047 εἶπον)’
2268 4980 2315 5030 εί
2354 4978 2534 5030 τοίνυν

859 5074 1076 5126 πάντων
1102 5070 1275 5125 ταῦτα
1301 5069 1709 5139 ὁμολογούντων
1739 5066 2042 5136 ἐτόλμησαν
2067 5066 2294 5127 ἑαυτοὺς
2323 5064 2534 5117 ἀπαθα-

859 5160 1071 5213 νατίσαι
1116 5159 1256 5221 τινὲς
1299 5160 1355 5209 ἐν
1391 5160 1512 5219 ταῖς
1549 5157 1658 5209 τῶν
1699 5154 1911 5208 πολλῶν
1952 5152 2273 5222 ύπολήψεσι,
2309 5153 2403 5204 καὶ
2440 5152 2537 5220 τῆς

858 5250 1033 5315 ὅψεως
1078 5245 1456 5317 μαρτυρούσης
1493 5246 1583 5297 τὸν
1624 5244 1885 5301 θάνατον,
1923 5238 2333 5308 ἐφιλονείκησαν
2374 5238 2537 5309 ἀναρ-

861 5318 1093 5406 ρηθῆναι
1118 5333 1250 5399 θεοὶ,
1273 5334 1366 5386 καὶ
1389 5332 1725 5402 ἐτιμήθησαν
1748 5330 1941 5390 οῦτως·
1964 5328 2010 5379 εἰ
2035 5326 2109 5395 μὴ
2144 5324 2538 5395 προύχώρησεν

856 5426 887 5477 ό
914 5422 1142 5485 θάνατος
1173 5420 1439 5474 διδάσκων
1482 5418 1728 5479 ἅπαντας
1773 5417 1831 5468 τὸ
1870 5417 1969 5484 τῆς
2007 5414 2223 5482 φύσεως
2274 5412 2536 5481 ἐπίκηρον

858 5511 953 5564 καὶ
981 5509 1242 5579 φθαρτὸν,
1277 5508 1378 5560 ποῦ
1412 5509 1512 5559 οὐκ
1547 5507 1615 5559 ἂν
1642 5503 1907 5571 ἐξέϐησαν
1934 5502 2185 5564 ἀσεϐείας
2212 5500 2398 5553 πολλοὶ
2428 5498 2537 5551 τῶν

858 5596 1161 5667 ἀνθρώπων
1187 5612 1201 5657 ;
1232 5596 1495 5647 Ἀκουσον
1527 5592 1705 5644 τοίνυν
1742 5590 1794 5642 τί
1835 5606 1996 5657 φησιν
2032 5590 2060 5642 ό
2087 5591 2371 5659 προφήτης
2408 5586 2536 5657 περί

859 5704 1002 5748 τινος
1061 5683 1335 5754 βαρϐάρου
1387 5680 1649 5750 βασιλέως
1706 5676 1959 5745 τοιαύτην
2006 5677 2263 5746 μανέντος
2315 5676 2531 5745 μανίαν·

924 5824 951 5850 ⁸
979 5822 1069 5869 Alii
1096 5825 1246 5881 ἡμῶν.

927 5883 951 5919 ι)
979 5885 1075 5929 Alii
1099 5875 1172 5929 ἐπὶ
1194 5883 1294 5933 ταῖς
1428 5880 1580 5928 Paulo
1603 5885 1711 5939 pnsl
1740 5878 1911 5927 Morel.
1937 5880 2017 5926 ἕνα
2040 5878 2118 5925 καὶ
2142 5875 2309 5925 τοῦτον
2328 5894 2534 5933 ποιησα-

865 5946 1032 6009 μένων.
1058 5944 1203 5989 Suvii.
1234 5946 1279 6009 iii
1308 5948 1445 6009 li-xlii
1472 5944 1550 6009 ἕνα
1588 5943 1675 6009 καί
1697 5941 1875 5987 τούτων
1900 5940 2252 5999 ποιησαμένην.
2280 5948 2381 5986 ln-s
2416 5952 2512 5985 mss

868 6002 978 6051 Sui.
1002 6016 1051 6051 In
1076 6018 1206 6066 marg
1252 6006 1330 6049 ἵνα
1355 6006 1430 6048 καὶ
1457 6006 1535 6049 τὸν
1573 6002 1710 6049 αὐτὸν
1748 6023 2093 6059 ποεησνυ-ιων,

1586 442 1644 497 S.
1687 440 1973 495 JOANNIS
2012 442 2514 499 CIIRYSOSTOMI
2556 441 2874 500 ARCIIIEP.
2915 435 3470 502 CONSTANTINOP.

4196 452 4311 503 ΗΞ

2627 557 2863 609 Ἰαῖπάνω
2888 556 3006 610 τῶν
3059 558 3297 624 ἄστρων
3331 561 3437 613 τοῦ
3484 556 3741 628 οὐρανοῦ
3766 556 3951 623 θήσω,
3992 560 4148 626 φησὶ,
4195 564 4313 614 τόν

2624 645 2840 710 θρόνον
2862 660 2998 712 μου,
3032 644 3127 695 καὶ
3154 644 3366 712 ἔσομαι
3395 646 3595 714 ὅμοιος
3628 645 3706 711 τῷ
3748 644 4017 713 Tyriam).
4039 638 4170 698 Εἶτα
4205 664 4312 699 κα-

2626 730 2869 798 ταγελῶν
2910 729 3098 793 αὐτοῦ,
3135 730 3230 781 καὶ
3272 730 3373 799 τὴν
3411 732 3669 804 τελευτήν
3692 732 3852 786 αὐτοῦ
3877 729 4071 800 δηλῶν,
4111 734 4307 799 φησίν⁸

2633 817 2940 869 ’Υποκάτω
2977 831 3093 869 σου
3131 815 3477 882 στρὼσουσι
3524 821 3743 887 σῆψιν,
3787 819 3885 873 καί
3930 818 3995 871 τὸ
4038 817 4309 871 κατακά-

2620 902 2825 970 λυμμά
2855 914 2876 942 ε
2903 920 3019 958 σου
3049 900 3313 967 σκώληξ.
3350 904 3416 953 Ὃ
3451 903 3508 955 δὲ
3537 905 3685 973 λέγει
3708 906 3947 960 τοιοῦτόν
3976 907 4142 958 ἐστιν·
4172 904 4307 953 ’Ᾱνο

2622 987 2840 1055 θρωπος
2873 990 3130 1060 τοιαύτην
3172 988 3457 1057 ἀναμένων
3498 991 3776 1063 τελευτὴν,
3831 992 4054 1046 τοιαῦτα
4094 990 4307 1058 φαντά-

2621 1069 2807 1133 ζεσθαι
2835 1073 3175 1144 ἐτόλμησας;
3204 1075 3311 1126 Καὶ
3340 1076 3467 1145 περὶ
3489 1076 3680 1145 ἐτέρου
3701 1080 3865 1131 πάλιν
3892 1079 3986 1132 τοῦ
4014 1076 4306 1149 βασιλέως,

2618 1155 2762 1225 λέγω
2788 1158 2896 1210 τῶν
2928 1160 3164 1230 Τυρίων,
3195 1162 3422 1213 τοιαῦτα
3456 1165 3957 1228 κατασκευάζοντος
3988 1166 4081 1219 καλ⁸
4111 1163 4305 1234 βουλοο

2624 1244 2783 1313 μένου
2810 1246 3122 1316 νομίζεσθαι
3167 1246 3311 1309 θεοῦ,
3356 1246 3509 1317 φησί’
3542 1248 3620 1300 Σὺ
3650 1248 3718 1301 δὲ
3752 1253 3865 1303 οὐκ
3895 1246 3955 1304 εἷ
3970 1252 4127 1316 θεὸς,
4161 1248 4308 1303 ἀλλ’

2621 1330 2948 1398 ἀνθικυπος,
2978 1333 3075 1387 καὶ
3104 1337 3156 1387 οί
3181 1334 3690 1401 κατακπτοῦηές
3718 1353 3792 1389 σε
3822 1338 3996 1391 τοῦτο
4032 1339 4306 1407 ἐροῦσιν.

2624 1418 2783 1470 Ὥστε
2817 1420 3019 1473 ἄνωθεν
3048 1421 3144 1475 καὶ
3171 1420 3288 1491 μεθ’
3318 1420 3625 1492 ὑπερϐολῆς
3664 1422 3907 1491 ἀναιρῶν
3947 1424 4045 1494 τῆς
4082 1424 4306 1477 είδωλοο

2620 1502 2873 1571 λατρείας
2897 1506 2997 1575 τὴν
3022 1506 3275 1560 ὑπόθεσιν
3296 1549 3310 1571 ,
3334 1504 3577 1559 τοιοῦτον
3606 1509 3739 1577 ἡμῖν
3765 1509 3826 1560 τὸ
3858 1509 4017 1578 σῶμα
4043 1512 4309 1579 ἐποίησεν

2620 1592 2648 1641 ό
2675 1589 2827 1653 Θεός.
2859 1592 2970 1645 Καὶ
3000 1594 3051 1647 τί
3082 1592 3381 1665 θαυμάζεις
3406 1595 3455 1647 εί
3492 1594 3584 1646 ἐπὶ
3610 1594 3705 1646 τοῦ
3739 1593 3990 1663 σώματος
4015 1596 4179 1649 τοῦτο
4207 1596 4307 1664 γέ-

2619 1692 2795 1741 γονεν,
2822 1676 2957 1730 ὅπου
2987 1697 3051 1747 γε
3081 1682 3173 1733 καὶ
3201 1682 3295 1733 ἐπὶ
3317 1681 3416 1751 τῆς
3445 1680 3622 1751 ψυχῆς
3646 1678 3793 1732 ἐστιν
3825 1680 3953 1733 ἰδεῖν
3978 1682 4226 1736 τοιοῦτόν
4254 1701 4308 1736 τι

2618 1762 3023 1831 γεγενημένον;
3051 1765 3264 1837 Θνητὴν
3294 1767 3394 1836 μὲν
3422 1767 3529 1838 γάρ
3590 1767 3689 1821 οὐκ
3728 1766 4006 1837 ἐποίησεν,
4041 1768 4162 1820 ἀλλ’
4197 1770 4310 1837 ἀφ-

2621 1849 2755 1917 ῆκεν
2779 1850 3045 1903 ἀθάνατον
3072 1848 3232 1904 εἷναι-
3264 1854 3402 1924 λήθῃ
3419 1855 3476 1907 δὲ
3504 1857 3597 1909 καὶ
3627 1855 3818 1925 ἀγνοίᾳ
3855 1856 3948 1908 καὶ
3977 1854 4189 1924 ἀθυμία⁵
4213 1858 4313 1907 καὶ

2621 1936 2895 2005 φροντίσιν
2952 1937 3255 1991 ὑπεύθυνον
3312 1942 3485 2011 αὐτὴν
3537 1942 3941 1996 κατεσκεύασε·
3996 1943 4091 1995 καὶ
4145 1943 4311 1995 τοῦτο

2622 2022 2894 2091 ἐποίησεν,
2938 2024 3024 2078 ἵνα
3079 2025 3153 2095 μὴ
3213 2025 3341 2096 πρὸς
3370 2028 3470 2096 τὴν
3513 2030 3721 2081 οίκείαν
3770 2030 4049 2097 εὐγένειαν
4093 2029 4308 2091 ἰδοῦσα,

2624 2110 2847 2177 μείζονα
2876 2114 2971 2182 τῆς
2998 2113 3203 2174 οἰκείας
3227 2112 3384 2179 ἀξίας
3411 2113 3617 2167 ἔννοιαν
3650 2116 3809 2186 λάϐῃ.
3846 2118 3908 2169 Εἰ
3935 2116 4041 2187 γάρ
4064 2117 4161 2169 καὶ
4185 2118 4309 2169 τού-

2618 2210 2725 2245 των
2758 2195 2927 2248 δντων
2953 2198 3256 2269 ἐτόλμησάν
3295 2217 3438 2262 τινες
3471 2202 3667 2262 είπεῖν,
3704 2203 3786 2253 ὅτι
3824 2203 3923 2272 τῆς
3954 2204 4149 2264 οὐσίας
4183 2206 4306 2255 ἐστὶ

2617 2279 2710 2331 τοῦ
2738 2280 2894 2333 Θεοῦ⁸
2926 2285 2973 2335 εί
3004 2287 3095 2335 καὶ
3119 2285 3324 2338 τούτων
3344 2286 3660 2356 ἀπήλλακτο
3688 2287 3799 2339 τῶν
3831 2287 4041 2351 παθῶν,
4072 2290 4185 2342 ποῦ
4210 2293 4312 2343 οὐκ

2617 2365 2681 2419 ἂν
2716 2363 2877 2436 ἦλθον
2901 2363 3045 2422 οὗτοι
3083 2371 3311 2438 μανίας;
3345 2371 3491 2442 Πλὴν
3522 2372 3637 2425 ἀλλ’
3660 2372 3798 2443 ὅπερ
3824 2374 3918 2425 ἐπὶ
3943 2374 4041 2443 τῆς
4071 2376 4312 2437 κτίσεως

2618 2452 2820 2521 ἔλεγον,
2852 2454 3010 2507 τοῦτο
3040 2458 3135 2509 καὶ
3160 2459 3253 2510 ἐπὶ
3288 2457 3381 2511 106
3418 2460 3668 2527 σώματος
3698 2460 3862 2527 λέγω,
3897 2462 3978 2513 ὅτι
4006 2464 4217 2530 ὁμοίως
4242 2462 4312 2515 δι’

2618 2539 2903 2613 ἀμφότερα
2958 2543 3131 2596 ταῦτα
3181 2543 3446 2615 θαυμάζω
3483 2547 3573 2598 τὸν
3613 2547 3768 2610 Θεὸν,
3815 2549 3909 2600 καὶ
3954 2550 4037 2601 ὅτι
4065 2550 4313 2619 φθαρτὸν

2620 2627 2751 2679 αὐτὸ
2782 2629 3003 2699 ἐποίησε
3028 2670 3043 2694 ,
3083 2632 3177 2683 καὶ
3217 2632 3299 2685 ὃτι
3341 2634 3397 2684 ἐν
3434 2635 3501 2703 τῇ
3543 2633 3719 2704 φθορᾷ
3756 2635 3856 2702 τὴν
3898 2636 4105 2689 οἰκείαν
4157 2638 4313 2705 ίσχὺν

2620 2714 2934 2778 ἐπεδείξατο
2981 2718 3074 2769 καὶ
3110 2719 3321 2787 σοφίαν.
3378 2720 3502 2773 "O11
3551 2721 3647 2790 μὲν
3689 2721 3799 2791 γὰρ
3855 2720 4122 2789 βελτίονος
4177 2723 4314 2774 αὐτὸ

2626 2801 2780 2868 ῐσχυε
2810 2803 3034 2872 ποιῆσαι
3062 2804 3214 2875 ὕλης,
3248 2804 3446 2869 ἔδειξεν
3474 2809 3538 2859 ἐκ
3563 2807 3656 2861 τοῦ
3682 2809 3936 2878 οὐρανίου
3967 2826 4027 2862 τε
4053 2808 4313 2878 σώματος

2620 2888 2715 2939 καὶ
2749 2888 2843 2940 τοῦ
2884 2890 3138 2958 ἡλιακοῦ.
3170 2892 3228 2943 '0
3260 2892 3370 2962 γάρ
3413 2894 3596 2946 ἐκεῖνα
3638 2894 3862 2947 τοιαῦτα
3909 2898 4178 2965 ποιήσας,
4217 2896 4313 2948 καὶ

2618 2973 2775 3026 τοῦτο
2806 2976 3046 3029 τοιοῦτον
3075 2978 3298 3046 ποιῆσαι
3338 2977 3392 3039 ⁸,
3441 2979 3598 3049 εἴπερ
3637 2980 3910 3050 ἐθέλησεν,
3956 2983 4180 3050 ἴσχυσεν
4220 2984 4308 3036 ἀν·

2620 3061 2734 3113 ἀλλ’
2758 3064 2791 3132 ή
2821 3063 2967 3115 αἰτία
2986 3065 3085 3134 τῆς
3106 3064 3391 3128 ἀσθενείας
3408 3066 3554 3118 ἐστὶν
3567 3070 3599 3136 ή
3620 3069 3991 3138 προειρημένη
4007 3070 4308 3139 πρόφασις.

2622 3149 2697 3199 Οὐ
2724 3148 2828 3219 μὴν
2843 3148 3000 3202 τοῦτο
3016 3150 3178 3203 ὐποτέ
3187 3168 3378 3221 μνεται
3399 3154 3494 3206 τοῦ
3509 3155 3582 3223 Δη
3592 3155 3851 3225 μιουργοῦ
3874 3156 3932 3207 τὸ
3947 3156 4153 3225 θαῦμα,
4174 3157 4313 3213 ἀλλά

2624 3236 2717 3286 καὶ
2745 3237 3000 3288 ἐπιτείνει
3023 3237 3200 3291 πλέον.
3222 3239 3295 3289 Τὸ
3322 3239 3430 3307 γάρ
3458 3240 3672 3303 εὐτελὲς
3694 3241 3793 3311 τῆς
3814 3242 3997 3303 οὐσίας
4016 3243 4177 3296 τοῦτο
4199 3244 4311 3313 μά·

2622 3321 2778 3373 λιστα
2826 3321 3063 3375 δείκνυσι
3099 3325 3196 3394 τῆς
3231 3326 3429 3396 τέχνης
3470 3326 3531 3378 τὸ
3571 3326 3807 3396 εὔπορον
3839 3328 3931 3381 καὶ
3970 3330 4309 3399 εὐμήχανον,

2621 3406 2701 3459 δτι
2725 3409 2781 3459 ἐν
2810 3409 2967 3479 πηλῷ
2989 3410 3083 3462 καὶ
3106 3411 3279 3482 τέφρα
3320 3413 3589 3483 τοσαύτην
3612 3414 3869 3483 ἐνέθηκεν
3892 3416 4182 3485 ἁρμονίαν,
4216 3418 4315 3470 καὶ

2621 3493 2878 3558 τοιαύτας
2912 3496 3193 3567 αἰσθήσεις
3224 3498 3367 3552 οὕτω
3403 3500 3656 3563 ποικίλας
3704 3502 3798 3554 καὶ
3836 3500 4185 3565 παντοδαπάς
4214 3503 4313 3555 καὶ

2621 3582 2843 3633 τοιαῦτα
2872 3583 3174 3653 δυναμένας
3211 3586 3539 3657 φιλοσοφεῖν.

2697 3666 2843 3738 [118]
2868 3676 2934 3737 γ’.
2956 3671 3117 3723 Ὥστε
3131 3673 3350 3744 ὅσῳπερ
3366 3673 3430 3726 ἂν
3456 3677 3767 3745 κατηγορῇς
3778 3675 3871 3728 τοῦ
3886 3674 3987 3745 τῆς
4010 3673 4202 3737 οὐσίας
4227 3675 4312 3729 εὐ⁴

2624 3755 2835 3818 τελοῦς,
2892 3759 3129 3828 τοσούτῳ
3182 3761 3380 3829 μᾶλλον
3426 3760 3708 3831 θαύμασον
3758 3761 3820 3815 τὸ
3877 3762 4165 3831 μεγαλεῖον
4206 3761 4312 3828 τῆς

2626 3841 2841 3911 τέχνης.
2877 3844 3030 3896 Ἐπεὶ
3052 3847 3145 3897 καὶ
3165 3847 3603 3916 ἀνδριαντοποιὸν
3625 3848 3722 3917 οὐχ
3747 3848 3891 3901 οῦτω
3917 3848 4185 3918 θαυμάξω
4215 3849 4312 3900 τδν

2629 3928 2737 3981 ἀπὸ
2768 3930 2968 3999 χρυσοῦ
3005 3931 3165 3985 καλὸν
3200 3933 3493 4003 ἀνδριάντα
3526 3933 3804 3995 ποιοῦντα,
3834 3935 3909 3997 ὡς
3940 3935 4031 3988 τὸν
4062 3935 4172 3988 ἀπὸ
4199 3952 4310 4003 πη-

2628 4015 2720 4068 λοῦ
2753 4017 2848 4069 τοῦ
2877 4018 3257 4083 διαπίπτοντος
3290 4023 3355 4091 τῇ
3383 4020 3481 4090 τῆς
3510 4020 3705 4091 τέχνης
3746 4022 3977 4091 εὐπορίᾳ
4009 4021 4313 4090 δυνάμενον

2628 4103 2823 4167 κάλλος
2868 4105 3130 4170 ἐπιδεῖξαι
3184 4106 3434 4170 πλάσεως
3493 4106 3807 4177 θαυμαστὸν
3861 4109 3954 4160 καὶ
4005 4107 4308 4177 ἀμήχανον.

2626 4190 2776 4243 Ἐκεῖ
2816 4193 2913 4262 μὲν
2942 4193 3051 4264 γάρ
3084 4194 3177 4246 καὶ
3211 4194 3453 4247 συντελεῖ
3476 4195 3584 4265 τιή
3614 4194 3713 4265 ὐλη
3750 4193 3829 4265 τῷ
3873 4194 4185 4258 πλάττοντι,
4223 4197 4314 4248 ὲν-

2628 4278 2800 4330 ταῦθα
2829 4279 3105 4350 δέ,γυμνὴ
3142 4281 3241 4349 τῆς
3274 4280 3473 4351 τέχνης
3502 4282 3651 4334 ἐστὶν
3683 4284 3716 4353 ή
3744 4283 4020 4350 ἐπίδειξις.

2702 4364 2772 4416 Σὺ
2828 4365 2884 4417 δέ
2928 4368 2974 4418 εί
3025 4367 3201 4435 βούλει
3251 4369 3443 4437 μαθεῖν
3484 4368 3626 4439 πόση
3668 4369 3761 4421 τοῦ
3806 4370 4313 4441 δημιουργήσαντος

2631 4452 2781 4519 ἡμᾶς
2812 4452 2959 4506 ἐστιν
3000 4455 3032 4522 ή
3080 4455 3261 4522 σοφία,
3310 4455 3562 4525 ἐννόησον
3610 4456 3664 4508 τί
3722 4457 3931 4524 γίνεται
3972 4457 4081 4509 ἀπὸ
4108 4458 4309 4527 πηλοῦ·

2630 4536 2684 4589 τί
2728 4536 2783 4589 δὲ
2810 4537 2997 4608 ἓτερον
3034 4540 3147 4592 ἀλλ’
3194 4541 3226 4611 ἢ
3264 4541 3484 4604 πλίνθος
3529 4542 3624 4596 καὶ
3665 4542 3941 4612 κέραμοςς
3983 4542 4125 4594 Ἀλλ’
4156 4544 4312 4611 ὅμως

2632 4625 2852 4695 ἴσχυσεν
2892 4626 2921 4677 ό
2968 4628 3352 4698 ἀριστοτέχνης
3385 4640 3408 4666 ε
3475 4628 3608 4690 Θεὸς
3652 4629 3766 4681 ἀπὸ
3812 4628 3911 4697 τῆς
3954 4626 4086 4696 ὕλης
4135 4630 4195 4693 ἐξ
4242 4624 4312 4699 ἧς

2631 4712 2840 4781 γίνεται
2892 4715 3134 4784 κέραμος
3192 4716 3285 4767 καὶ
3332 4715 3545 4778 πλίνθος
3585 4716 3785 4785 μόνον,
3847 4712 4123 4783 ὀφθαλμὸν
4164 4715 4313 4769 οῦτω

2633 4801 2856 4870 ποιῆσαι
2911 4800 3073 4853 καλὸν
3100 4840 3114 4863 ,
3173 4802 3248 4865 ὡς
3296 4803 3539 4867 ἅπαντας
3595 4801 3918 4871 ἐκπλήττειν
3967 4802 4089 4864 τοὺς
4136 4803 4313 4873 όρῶν⁴

2633 4905 2751 4951 τας,
2797 4887 2888 4939 καὶ
2937 4888 3205 4958 τοσαύτην
3254 4890 3487 4943 ἐνθεῖναι
3523 4890 3700 4958 τούτῳ
3752 4886 3999 4957 δύναμιν.
4042 4888 4119 4951 ὡς
4143 4889 4310 4959 ἀέρος

2631 4974 2886 5028 τοσοῦτον
2934 4974 3066 5042 ὕψος
3104 4975 3368 5047 καθορᾷν,
3407 4978 3500 5030 καὶ
3556 4977 3759 5045 μικρᾶς
3810 4974 3979 5044 κόρης
4022 4975 4312 5044 ἀντιλήψει

2633 5062 2872 5114 τοσαῦτα
2912 5062 3337 5131 περιλαμϐάνειν
3370 5064 3622 5133 σώματα,
3674 5062 3767 5113 καὶ
3812 5061 3932 5130 ὄρη,
3966 5063 4062 5115 καὶ
4104 5063 4309 5123 νάπας,

2636 5150 2730 5202 καὶ
2762 5149 3001 5217 βουνοὺς,
3039 5151 3130 5201 καὶ
3167 5151 3405 5221 πελάγη,
3449 5150 3547 5202 καὶ
3581 5147 3807 5217 οὐρανὸν
3845 5148 3911 5199 δι’
3949 5148 4165 5217 ἐκείνης
4208 5149 4311 5216 τῆς

2638 5237 2859 5304 μικρᾶς.
2889 5236 2979 5305 Μὴ
3002 5238 3178 5289 τοίνυν
3208 5237 3369 5308 εἴπῃς
3399 5253 3487 5306 μοι
3512 5236 3581 5287 τά
3606 5236 3813 5304 δάκρυα
3840 5236 3934 5287 καὶ
3968 5235 4066 5297 τάς
4094 5234 4306 5302 λήμας’

2635 5321 2791 5373 τοῦτο
2817 5321 2924 5393 γάρ
2945 5322 3035 5374 διά
3060 5322 3160 5392 τὴν
3195 5323 3295 5391 σὴν
3319 5320 3599 5390 ἁμαρτίαν
3626 5320 3849 5387 γέγονεν
3867 5336 3879 5347 ·
3907 5322 4020 5375 ἀλλ’
4056 5320 4309 5387 ἐννόησον

2636 5409 2801 5461 αὐτοῦ
2852 5410 2911 5461 τὸ
2965 5410 3181 5473 κάλλος,
3237 5411 3333 5462 καὶ
3379 5408 3478 5475 τὴν
3532 5407 3758 5477 δύναμιν
3788 5410 3887 5479 τὴν
3924 5407 4174 5475 όπτικὴν,
4214 5407 4307 5458 καὶ

2637 5497 2753 5560 πῶς
2786 5498 3040 5551 τοποῧτον
3075 5498 3244 5550 ἐπιὼν
3279 5496 3441 5565 ἀέρος
3476 5497 3647 5566 μῆκος
3679 5499 3739 5549 οὐ
3777 5498 3973 5567 κάμνει
4003 5495 4098 5547 καὶ
4119 5495 4307 5546 ταλαι-

2636 5588 2830 5655 πωρεῖ,
2867 5586 3003 5638 ἀλλά
3035 5585 3193 5645 πόδες
3222 5582 3320 5651 μὲν
3357 5582 3535 5647 ὀλίγον
3568 5584 3919 5652 προελθόντες
3964 5580 4185 5632 πονοῦσι
4214 5583 4307 5632 καὶ

2636 5672 2957 5734 ἐκλύονται,
2999 5667 3281 5739 ὀρθαλμὸς
3335 5668 3391 5720 δὲ
3437 5669 3633 5723 ὁδεύων
3692 5669 3915 5724 τοσοῦτο
3976 5668 4075 5737 μὲν
4135 5666 4303 5734 ὕψος,

2693 5808 2714 5835 ε
2745 5810 2897 5857 Savil.
2924 5815 2975 5856 cl
3012 5809 3205 5868 plurimi
3238 5821 3351 5855 m<s.
3379 5809 3434 5856 τὸ
3463 5811 3728 5871 κατάλυμα.
3762 5810 3937 5858 Mnrel.
3960 5813 4012 5855 el
4045 5806 4303 5866 pauciores

2632 5872 2687 5918 τὸ
2708 5872 3075 5941 κατακᾴλυμμα.

2672 5932 2720 5968 Ἥ
2748 5934 2839 5977 Atii
2872 5932 3171 5989 ἐργάσασθαι.

2702 6001 2721 6024 ⁸
2763 5996 2842 6040 Sir
2867 5984 2996 6040 ςιιὶιι
3046 6002 3090 6037 vi
3118 6009 3188 6039 ιικ
3233 5992 3381 6039 Murri
3430 5995 3700 6055 ὁτιχνίτης.
