4414 6688
430 604 633 659 Contra
678 601 997 659 Munichiae:
1040 595 1279 665 loquitur.
1299 593 1676 652 —Gentilium
1715 612 1845 654 vero
1884 604 1939 652 et

359 694 730 752 haereticorum
755 690 907 748 multi
932 703 999 743 ne
1032 686 1227 742 factum
1255 687 1467 757 quidem
1506 704 1535 743 a
1578 688 1687 745 Deo
1713 690 1934 746 dicunt:

358 788 633 858 indignum
658 786 803 841 enim
832 780 925 835 Dei
953 778 1225 834 creatione
1261 793 1381 834 esse
1421 788 1626 848 putant,
1648 780 1858 846 sordes,
1886 786 1941 833 et

357 880 599 942 sudores,
643 885 699 930 et
727 876 1009 943 lacrymas,
1035 881 1091 927 et
1113 872 1344 935 labores,
1374 879 1430 924 et
1451 886 1735 937 aerumnas,
1757 881 1811 927 et
1836 870 1939 923 alia

355 966 599 1036 corporis
637 964 815 1017 omnia
846 970 1239 1031 percurrentes.
1279 961 1393 1031 Ego
1424 971 1619 1029 autem,
1660 969 1941 1031 postquam

356 1060 427 1113 de
448 1060 530 1111 bis
550 1064 759 1122 emptus
784 1065 865 1107 est
884 1066 1063 1107 sermo
1082 1095 1098 1119 ,
1122 1052 1351 1122 primum
1374 1052 1587 1121 quidem
1616 1052 1744 1107 illud
1764 1049 1943 1105 dicere

360 1160 572 1217 possem
605 1159 620 1195 :
650 1143 728 1197 Ne
768 1143 898 1197 mihi
940 1157 1210 1214 proponas
1239 1142 1505 1198 hominem
1530 1143 1671 1197 hunc
1693 1140 1943 1210 prmvari-

357 1246 558 1295 catum,
586 1233 790 1287 honore
843 1234 1132 1303 privatum,
1159 1233 1501 1300 damnatum;
1538 1234 1631 1288 sed
1660 1233 1706 1286 si
1744 1231 1825 1286 vis
1856 1230 1941 1284 di-

357 1339 530 1388 scere,
555 1323 711 1391 quale
732 1322 885 1377 nobis
901 1324 969 1377 ab
989 1323 1138 1377 initio
1162 1324 1302 1380 Deus
1319 1325 1525 1380 finxerit
1544 1335 1758 1393 corpus,
1777 1321 1830 1374 in
1850 1335 1943 1390 pa-

359 1412 596 1465 radisum
611 1427 814 1476 eamus,
834 1425 887 1467 et
903 1413 969 1467 ab
986 1414 1134 1468 initio
1152 1414 1344 1469 factum
1361 1414 1627 1469 hominem
1646 1410 1941 1465 videamus.

358 1500 476 1555 Non
502 1503 644 1555 enim
665 1502 745 1557 sic
765 1511 879 1557 erat
898 1518 1089 1573 corpus
1118 1505 1244 1560 illud
1262 1504 1605 1573 corruptibile
1620 1511 1675 1557 et
1693 1503 1939 1568 mortale,

356 1592 456 1646 sed
484 1602 751 1661 tamquam
787 1607 944 1648 aurea
990 1605 1161 1649 statua
1192 1596 1259 1649 de
1299 1595 1511 1649 fornace
1554 1606 1829 1662 progressa
1857 1609 1943 1648 re-

357 1691 543 1737 center
571 1693 626 1737 et
654 1684 933 1753 splendide
954 1687 1178 1757 fulgens,
1210 1688 1287 1741 sic
1317 1685 1462 1739 omni
1488 1686 1578 1739 tali
1602 1686 1940 1754 corruptione

358 1776 487 1829 illud
512 1792 705 1846 corpus
729 1779 1026 1833 absolutum
1059 1790 1172 1833 erat
1199 1797 1210 1831 :
1244 1786 1297 1832 et
1326 1792 1496 1847 neque
1525 1777 1672 1831 labor
1698 1776 1939 1843 vexabat,

359 1882 532 1935 neque
551 1868 713 1922 sudor
736 1870 977 1933 nocebat,
1006 1886 1103 1923 nec
1125 1885 1266 1922 cura:
1288 1868 1688 1932 insidiabantur,
1722 1883 1825 1921 non
1847 1868 1943 1921 ob-

354 1956 602 2010 sidebant
639 1959 886 2024 tristitize,
933 1973 1030 2012 nec
1082 1958 1223 2011 aliud
1271 1957 1555 2026 quidquam
1585 1957 1724 2025 quod
1779 1956 1942 2009 lrede-

358 2060 461 2114 ret,
484 2050 809 2117 patiebatur;
843 2060 1118 2120 postquam
1141 2065 1265 2104 vero
1286 2066 1390 2103 non
1422 2048 1697 2103 moderate
1723 2047 1945 2100 felicita-

358 2150 465 2192 tum
488 2141 627 2205 tulit,
652 2141 746 2194 sed
771 2141 1161 2196 benefactorem
1200 2142 1360 2195 homo
1398 2139 1721 2194 contumelia
1745 2136 1940 2199 affecit,

353 2243 411 2284 et
442 2232 682 2285 fallacem
706 2233 910 2301 putavit
934 2232 1231 2287 dmmonem
1254 2246 1394 2297 esse,
1423 2230 1780 2301 gubernatore
1810 2227 1940 2292 Deo,

353 2322 446 2389 qui
472 2336 531 2376 se
554 2323 605 2375 in
634 2323 840 2378 honore
864 2326 1230 2387 constituerat,
1267 2324 1370 2376 fide
1396 2322 1711 2390 digniorem,
1739 2328 1792 2373 et
1811 2319 1943 2374 deus

355 2414 470 2467 fieri
507 2415 766 2483 speravit,
797 2425 851 2468 et
893 2414 1147 2482 majorem
1179 2413 1389 2482 propria
1414 2412 1670 2480 dignitate
1701 2413 1945 2480 concepit

352 2503 656 2570 opinionem
686 2520 700 2555 :
734 2511 860 2557 tunc
888 2502 1140 2571 profecto,
1171 2512 1296 2555 tunc
1319 2511 1373 2556 et
1401 2516 1496 2570 per
1521 2502 1631 2569 ipsa
1657 2500 1794 2556 Deus
1814 2517 1940 2570 ope-

354 2609 411 2645 ra
450 2594 620 2661 ipsum
665 2594 915 2647 erudiens
940 2594 1341 2661 eorruptibilem
1378 2602 1433 2647 et
1461 2593 1735 2647 mortalem
1761 2594 1941 2648 reddi-

352 2685 453 2746 dit,
476 2694 529 2738 et
558 2685 640 2737 his
660 2685 840 2739 multis
861 2687 1098 2740 obvinxit
1118 2686 1545 2752 necessitatibus,
1567 2703 1669 2741 non
1695 2702 1936 2755 perosus,

352 2791 527 2843 neque
554 2788 831 2830 aversatus
854 2816 870 2841 ,
903 2776 995 2830 sed
1025 2777 1311 2831 consulens
1334 2787 1388 2831 et
1438 2778 1730 2845 improbam
1773 2780 1936 2847 pesti-

354 2868 659 2935 lentemquc
704 2867 847 2920 illam
874 2868 941 2920 ab
968 2867 1115 2921 initio
1145 2877 1453 2921 nascentem
1484 2867 1785 2936 superbiam
1816 2884 1939 2935 pro-

354 2957 545 3011 hibens
568 2997 583 3021 ,
632 2972 733 3012 nec
771 2958 993 3012 ulterius
1034 2958 1324 3025 procedere
1354 2960 1685 3026 permittens,
1719 2961 1810 3013 sed
1846 2976 1939 3028 per

352 3048 521 3112 ipsam
549 3061 729 3099 rerum
752 3047 1134 3115 experientiam
1157 3062 1379 3102 monens
1406 3065 1549 3110 eum,
1572 3050 1711 3118 quod
1735 3061 1933 3103 morta-

350 3137 418 3189 lis
444 3143 499 3189 ct
530 3138 890 3202 corruptibilis
923 3148 1098 3205 chet,
1126 3149 1181 3192 et
1208 3139 1278 3191 ita
1319 3139 1670 3207 persuadens,
1701 3149 1756 3193 ut
1786 3158 1936 3194 untu-

346 3243 509 3295 quam
542 3229 661 3281 talia
691 3231 968 3297 cogitaret,
1000 3240 1088 3281 aut
1114 3230 1399 3282 somniaret
1425 3246 1437 3281 :
1473 3233 1666 3284 ctenim
1696 3233 1937 3287 diabolus

347 3318 556 3371 dixerat
584 3335 598 3370 :
628 3316 789 3371 Eritis
815 3321 943 3371 velut
973 3321 1045 3370 dii
1075 3320 1238 3388 ((-‘en.
1272 3322 1323 3374 3.
1362 3322 1450 3387 5).
1481 3321 1627 3374 llunc
1656 3324 1810 3391 igitur
1840 3339 1935 3375 v0—

349 3413 465 3464 lcns
490 3411 808 3464 sententiam
844 3412 1093 3463 radicitus
1125 3412 1389 3473 evellere,
1422 3414 1725 3467 nturbosum
1770 3417 1935 3483 ipsius

346 3514 400 3554 et
426 3518 786 3555 aerumnosum
813 3517 1007 3569 corpus
1028 3502 1220 3566 effecit,
1247 3518 1339 3570 per
1367 3504 1531 3571 ipsam
1562 3506 1758 3559 docens
1783 3518 1933 3561 natu-

348 3610 501 3657 ram,
535 3609 602 3645 ne
631 3609 879 3662 umquam
916 3596 1070 3648 talem
1100 3596 1406 3662 conciperet
1439 3598 1829 3666 cogitationem.
1867 3601 1934 3655 Et

346 3683 488 3750 quod
512 3682 613 3735 hoc
641 3685 707 3735 sit
732 3698 934 3745 verum,
968 3684 1198 3737 maxime
1227 3685 1440 3752 quidem
1464 3694 1518 3739 et
1537 3701 1602 3740 ex
1632 3690 1794 3757 gestis
1821 3690 1927 3742 cir-

344 3791 404 3823 «τςι
436 3774 608 3839 ipsum
637 3782 719 3826 est
741 3772 1077 3828 manifestum
1111 3791 1123 3826 :
1157 3783 1278 3843 post
1303 3774 1445 3829 illam
1476 3779 1617 3831 enim
1649 3791 1927 3847 exspecta-

346 3864 544 3916 tionem
576 3862 674 3915 hac
698 3862 980 3918 damnatus
1005 3874 1085 3918 est
1126 3880 1302 3933 poma.
1354 3866 1421 3920 Et
1467 3869 1746 3923 considera
1799 3871 1928 3927 mihi

348 3955 439 4007 lIci
489 3955 820 4021 prudentiam
852 3972 865 4006 :
896 3970 999 4010 non
1046 3957 1215 4025 ipsum
1247 3959 1380 4011 mori
1411 3959 1637 4027 primum
1669 3964 1925 4030 permisit,

344 4044 437 4097 sed
468 4045 565 4095 hoc
590 4044 707 4113 ejus
735 4045 898 4099 filium
919 4047 1048 4116 pati,
1077 4058 1131 4101 ut
1162 4057 1285 4103 ante
1307 4050 1489 4105 oculos
1512 4052 1788 4107 tabescens
1811 4070 1930 4110 cor-

344 4152 444 4205 pus
474 4140 693 4193 intuitus
729 4149 784 4192 et
825 4155 1180 4206 marcescens,
1209 4156 1450 4210 magnam
1490 4158 1555 4198 ex
1585 4143 1689 4201 hoc
1712 4157 1926 4216 aspectu

345 4227 694 4296 philosophia:
740 4228 1071 4297 disciplinam
1120 4241 1354 4299 caperet,
1409 4240 1465 4287 ct
1515 4234 1744 4291 disceret
1798 4238 1923 4306 quid

342 4322 525 4365 aetum
560 4322 737 4377 esset,
782 4324 944 4385 atque
975 4318 1048 4368 ita
1082 4314 1224 4371 bene
1265 4330 1546 4375 correctus
1594 4322 1721 4377 hinc
1750 4323 1928 4378 disce-

340 4404 505 4459 duret.

422 4497 668 4564 Deﬁnitio
696 4497 912 4548 hominis
932 4498 1205 4549 secundant
1231 4500 1576 4571 pltiloJOpltos.
1611 4533 1679 4542 -—
1708 4505 1931 4561 Maxime

350 4586 531 4655 igitur,
561 4586 702 4655 quod
740 4586 870 4649 dixi,
913 4595 969 4639 et
996 4602 1059 4640 ex
1093 4588 1202 4656 jam
1250 4594 1412 4659 gestis
1453 4593 1555 4648 hoc
1596 4596 1928 4650 manifestum

348 4690 434 4732 est
463 4696 475 4731 :
508 4693 604 4732 nec
632 4678 806 4731 minus
849 4692 974 4732 vero
1014 4690 1064 4733 et
1110 4695 1176 4733 ex
1220 4682 1338 4736 aliis
1387 4693 1507 4752 post
1535 4684 1649 4739 ιιωο
1690 4686 1931 4742 dicendis

348 4778 591 4837 apertum
632 4770 752 4825 erit.
794 4769 847 4823 Si
890 4769 1031 4822 enim
1074 4771 1161 4823 tali
1189 4776 1427 4841 corporis
1476 4776 1791 4833 necessitate
1832 4794 1930 4835 nos

348 4863 630 4924 vinciente,
670 4869 724 4913 et
762 4860 1009 4913 omnibus
1039 4861 1383 4917 morientibus
1419 4869 1925 4940 corruptionemque

347 4948 667 5015 patientibtts
691 4960 745 5004 et
764 4951 1213 5004 mareescentibus
1236 4962 1360 5007 ante
1384 4957 1620 5011 omnium
1643 4959 1846 5025 oculos,
1876 4970 1929 5015 et

344 5041 534 5094 solutis
580 5042 634 5095 in
690 5042 1004 5110 pulverem,
1048 5051 1101 5095 et
1152 5043 1480 5113 philosophis
1526 5064 1683 5103 unam
1736 5050 1872 5107 hanc
1908 5055 1925 5085 ⁸

346 5130 617 5183 hominum
650 5133 858 5197 generis
888 5132 1256 5200 completivam
1290 5134 1653 5193 definitionem
1685 5140 1928 5196 facienti-

345 5226 443 5277 bus
461 5243 476 5277 :
496 5226 805 5297 interrogati
832 5246 1059 5300 namque
1070 5230 1193 5300 quid
1216 5232 1427 5286 tandem
1449 5235 1517 5288 sit
1535 5236 1715 5303 homo,
1729 5239 1924 5293 animal

340 5317 620 5381 rationale,
640 5323 885 5376 mortale.
901 5325 1115 5378 dicunt:
1138 5324 1181 5378 si
1214 5326 1370 5393 igitur
1390 5327 1634 5381 omnibus
1652 5330 1765 5385 haec
1793 5346 1923 5386 con-

341 5410 643 5472 fitentibus,
689 5413 804 5465 ausi
848 5424 972 5469 sunt
1013 5418 1224 5486 quidam
1272 5432 1331 5471 se
1371 5418 1695 5476 immortales
1747 5423 1924 5479 facere

337 5502 478 5569 apud
510 5500 797 5555 multorum
826 5505 1139 5573 Opiniones,
1180 5516 1235 5562 et
1260 5509 1425 5563 oculis
1463 5519 1689 5565 mortem
1736 5515 1923 5570 testifi-

336 5594 604 5655 cantibus,
633 5602 688 5645 ut
708 5592 780 5645 dii
804 5596 1077 5660 przcdicari
1104 5598 1511 5659 contenderunt,
1535 5611 1588 5653 et
1619 5609 1675 5654 ut
1697 5602 1769 5656 dii
1793 5604 1920 5660 culti

336 5694 462 5737 sunt
495 5702 509 5737 :
538 5683 637 5738 nisi
662 5684 939 5750 prodiisset
977 5704 1121 5742 mors
1159 5700 1360 5745 natura:
1398 5691 1771 5747 mortalitatem
1799 5710 1918 5751 om-

399 5862 415 5889 ι
452 5867 572 5908 ’τι-ω
593 5866 701 5907 uss.
722 5865 775 5907 et
788 5866 891 5907 sar.
918 5860 967 5907 in
991 5873 1144 5924 marg.
1173 5878 1187 5913 :
1220 5874 1370 5916 Unam
1392 5874 1437 5917 et
1459 5869 1696 5919 eamdem.

660 5950 926 6007 Pn'nor..
974 5951 1089 6008 (in.
1134 5954 1358 6014 XLIX.

1244 491 1333 544 AD
1364 488 1684 547 POPULUM
1723 482 2207 545 ANTlOCHENUM
2267 485 2491 542 llOMlL.
2526 487 2615 543 XI.

3534 496 3634 550 {22

2059 611 2155 651 nes
2199 597 2397 653 docens
2447 609 2502 654 et
2545 599 3059 671 corruptibilitatem,
3089 599 3156 656 ad
3185 600 3310 671 quld
3352 603 3634 673 impietatis

2059 702 2162 741 non
2184 690 2553 759 prorupissent
2582 691 2853 746 hominum
2875 692 3123 761 plurimi?
3154 692 3291 747 Audi
3316 694 3489 764 itaque
3509 697 3632 764 quid

2055 777 2196 833 dicat
2221 780 2478 850 propheta
2515 780 2583 836 de
2619 782 2847 851 quodam
2886 783 3113 838 barbaro
3152 798 3278 854 rege
3317 784 3409 837 tali
3458 783 3635 839 furore

2057 878 2251 940 capto:
2283 871 2453 941 Super
2474 882 2611 927 astra
2631 871 2727 927 Dei
2768 874 2996 927 exaltabo
3024 875 3206 927 solium
3246 890 3411 927 meum
3433 915 3448 937 ,
3480 884 3524 928 et
3555 891 3637 927 ero

2056 960 2233 1015 είηιειίε
2252 944 2811 1031 Αιιίεείηιο(ιεαε.ἰιι.
2845 962 2931 1015 i3.
2962 962 3029 1016 ιι
3046 961 3088 1031 ).
3131 962 3304 1033 Ipsum
3335 978 3463 1016 vero
3488 960 3636 1016 deri-

2057 1053 2208 1121 dens,
2253 1063 2305 1109 et
2348 1063 2572 1108 mortem
2600 1054 2717 1123 ejus
2745 1052 3043 1115 declarans,
3089 1053 3259 1121 inquit
3302 1075 3315 1106 :
3368 1052 3553 1107 Subter
3593 1064 3638 1105 te

2056 1156 2271 1200 sternent
2313 1146 2646 1214 putredinem,
2693 1157 2740 1200 et
2768 1146 3131 1215 operimentum
3172 1154 3310 1197 tuum
3339 1145 3429 1197 erit
3457 1144 3635 1197 uerutis

2058 1237 2221 1303 (Ibid.
2256 1254 2306 1289 v.
2348 1237 2461 1306 H).
2493 1238 2640 1304 Quod
2689 1237 3044 1301 autemdicit,
3079 1236 3180 1290 tale
3206 1244 3330 1289 est:
3365 1233 3532 1287 Homo
3558 1243 3635 1285 tuo

2060 1328 2165 1380 lem
2192 1335 2505 1399 exspectans
2545 1328 2725 1390 finem,
2758 1328 2883 1380 talia
2910 1328 3145 1396 cogitare
3170 1338 3331 1379 ausus
3352 1324 3450 1378 es?
3475 1323 3541 1377 Et
3570 1322 3636 1376 de

2057 1417 2161 1471 alio
2188 1417 2402 1485 iterum,
2426 1432 2603 1488 regem
2633 1417 2755 1471 dico
2783 1416 3087 1487 Tyriorum,
3117 1416 3307 1470 similia
3337 1422 3631 1483 parantem.

2056 1516 2110 1563 et
2132 1508 2289 1563 deum
2315 1524 2372 1564 se
2401 1508 2586 1563 haberi
2608 1508 2872 1564 volemem
2905 1526 2919 1561 :
2950 1506 3031 1560 Tu
3054 1522 3189 1571 vero,
3230 1505 3417 1573 inquit,
3457 1521 3557 1557 non
3584 1520 3636 1557 es

2055 1602 2289 1667 ἄρτημα
2311 1601 2482 1666 hante,
2525 1611 2573 1655 et
2599 1611 2646 1655 te
2670 1610 2943 1671 pungentes
2985 1600 3081 1653 hoc
3108 1600 3276 1652 dicent
3304 1592 3512 1666 (Ezech.
3542 1596 3631 1649 28.

2055 1697 2131 1763 9).
2164 1694 2351 1763 Itaque
2373 1708 2402 1747 a
2432 1693 2735 1763 primordiis
2760 1693 3023 1763 superbiae
3049 1701 3103 1745 et
3126 1689 3438 1744 idololatria:
3465 1696 3633 1740 matc-

2057 1787 2187 1839 riam
2218 1786 2426 1852 penitus
2443 1784 2711 1847 auferens,
2737 1783 2878 1837 Deus
2901 1782 3004 1837 tale
3024 1782 3175 1836 nobis
3195 1794 3388 1847 corpus
3414 1778 3632 1847 paravit.

2061 1878 2126 1931 Et
2150 1878 2273 1947 quid
2303 1879 2533 1944 miraris,
2570 1878 2614 1932 si
2638 1880 2692 1932 in
2718 1892 2941 1946 corpore
2968 1878 3070 1931 hoc
3097 1877 3288 1930 factum
3313 1884 3411 1937 est,
3440 1888 3561 1927 cum
3584 1883 3635 1927 ct

2058 1967 2111 2018 in
2137 1966 2311 2019 anima
2340 1966 2519 2021 videre
2558 1967 2717 2022 liceat
2761 1967 2863 2021 tale
2912 1967 3035 2036 quid
3073 1964 3319 2036 gestum?
3363 1963 3635 2019 Mortalcm

2059 2068 2251 2123 nempe
2284 2056 2421 2110 Deus
2450 2072 2555 2109 non
2598 2057 2755 2123 fecit,
2784 2056 2877 2111 sed
2907 2056 3262 2111 immortalem
3292 2072 3412 2113 esse
3439 2060 3636 2127 permi-

2056 2142 2156 2207 sit;
2184 2143 2439 2198 oblivioni
2464 2154 2641 2199 autem
2668 2154 2723 2199 et
2747 2146 3062 2214 ignorantia:
3087 2153 3140 2199 et
3166 2147 3393 2200 tristitia:
3418 2155 3475 2201 et
3496 2150 3637 2201 curis

2056 2234 2337 2289 obnoxiam
2387 2234 2554 2303 ipsam
2600 2234 2832 2290 reddidit
2872 2252 2885 2287 :
2917 2245 2972 2289 et
2997 2234 3098 2290 hoc
3120 2236 3265 2301 fecit,
3296 2250 3363 2290 ne
3404 2235 3474 2290 ad
3518 2251 3637 2306 pro-

2057 2324 2223 2391 priam
2244 2326 2657 2394 generositatem
2686 2325 2998 2393 respiciens,
3029 2325 3289 2393 majorem
3312 2326 3525 2394 propria
3554 2325 3637 2378 di-

2054 2416 2255 2483 gnitate
2283 2414 2589 2482 opinionem
2620 2415 2903 2483 concipiat.
2935 2413 2993 2468 Si
3020 2416 3162 2469 enim
3183 2455 3199 2479 ,
3243 2430 3365 2469 cum
3409 2415 3523 2469 hanc
3565 2417 3636 2468 ila

2054 2505 2180 2569 sint,
2212 2505 2428 2573 quidam
2471 2505 2651 2560 dicere
2701 2515 2826 2559 sunt
2863 2505 2998 2571 ausi,
3044 2519 3162 2559 eam
3195 2504 3503 2559 substantia:
3548 2506 3637 2559 Dei

2054 2610 2195 2662 esse,
2228 2595 2275 2649 si
2300 2595 2369 2649 ab
2395 2596 2458 2649 iis
2485 2604 2629 2650 esset
2656 2595 2895 2649 absoluta
2928 2596 3286 2664 passionibus,
3315 2594 3381 2648 ad
3407 2595 3531 2665 quid
3558 2594 3637 2648 fu-

2054 2686 2193 2739 roris
2239 2685 2323 2738 isti
2364 2699 2470 2739 non
2516 2685 2936 2753 processiSsent?
2979 2684 3356 2739 Verumtamen
3395 2684 3534 2753 quod
3572 2684 3637 2739 de

2055 2774 2325 2828 creatione
2354 2774 2537 2828 mundi
2584 2774 2847 2840 dicebam,
2881 2772 2983 2828 hoc
3013 2783 3067 2828 et
3108 2773 3177 2829 de
3216 2788 3439 2843 corpore
3476 2774 3597 2828 dico
3621 2816 3635 2836 ,

2056 2880 2141 2920 me
2166 2865 2412 2920 similiter
2438 2876 2657 2936 propter
2683 2865 2796 2920 hanc
2824 2876 3043 2935 utraque
3073 2867 3238 2919 Demn
3269 2865 3552 2929 admirari,
3585 2878 3635 2920 et

2052 2958 2192 3027 quod
2220 2958 2563 3026 corruptibile
2587 2958 2759 3027 ipsum
2788 2956 2993 3021 fecerit,
3018 2966 3073 3011 et
3096 2957 3239 3026 quod
3261 2958 3312 3010 in
3341 2957 3637 3025 corruptio.

2057 3062 2124 3102 ne
2150 3048 2416 3116 propriam
2459 3048 2707 3101 virtutem
2738 3057 2793 3101 et
2828 3049 3141 3117 sapientiam
3171 3048 3632 3102 demonstraverit.

2055 3137 2209 3203 Quod
2251 3139 2391 3192 enim
2443 3139 2679 3193 melioris
2727 3141 2899 3206 ipsum
2943 3139 3182 3193 materia:
3222 3138 3398 3194 facere
3436 3151 3633 3208 posset,

2054 3227 2285 3282 ostendit
2328 3243 2391 3282 ex
2434 3229 2629 3283 maesti
2661 3243 2887 3298 corpore
2926 3238 2977 3282 et
3014 3229 3195 3282 solari.
3222 3229 3324 3296 Qui
3365 3230 3506 3283 enim
3547 3229 3632 3283 illa

2052 3317 2177 3373 fecit
2204 3319 2346 3380 talia,
2379 3327 2432 3371 et
2459 3321 2559 3373 hoc
2603 3318 2709 3374 tale
2738 3318 2932 3384 facere,
2968 3319 3014 3373 si
3041 3319 3313 3385 voluisset,
3342 3319 3630 3388 potuisset;

2052 3408 2144 3461 sed
2186 3408 2507 3461 inﬁrmitatis
2535 3422 2694 3462 causa
2732 3416 2816 3463 est
2845 3422 2907 3463 ea
2928 3450 2945 3476 ,
2994 3424 3152 3480 quam
3190 3424 3350 3478 supra
3381 3410 3628 3464 dixinms.

2052 3497 2165 3550 Non
2194 3508 2367 3552 tamen
2396 3498 2496 3551 hoc
2534 3497 2827 3552 mirabilem
2858 3499 2963 3552 vim
2990 3496 3266 3554 Creatoris
3280 3498 3495 3561 deterit,
3537 3501 3627 3554 sed

2047 3591 2207 3643 etiam
2246 3590 2473 3658 amplius
2500 3590 2723 3644 intendit
2754 3608 2767 3643 :
2799 3591 3034 3645 materiae
3077 3592 3217 3644 enim
3262 3591 3435 3645 vilitas
3463 3592 3629 3662 magis

2049 3685 2382 3736 demonstrat
2426 3684 2557 3736 artis
2597 3684 2804 3752 copiam
2841 3692 2895 3736 et
2939 3682 3275 3748 facultatem,
3304 3685 3549 3753 quoniam
3580 3686 3629 3737 in

2046 3773 2158 3827 luto
2186 3780 2239 3826 et
2260 3772 2435 3826 favilla
2465 3782 2662 3827 tantum
2687 3775 2862 3842 posuit
2888 3773 3242 3839 harmoniam,
3272 3784 3326 3829 et
3354 3776 3483 3830 tales
3503 3792 3627 3830 sen-

2043 3878 2135 3917 sus
2164 3871 2269 3917 tam
2303 3864 2477 3919 varios
2505 3875 2559 3920 et
2586 3865 2923 3920 omnimodos
2960 3874 3015 3920 et
3040 3875 3244 3920 tantum
3267 3866 3629 3937 philosophari

2043 3955 2297 4009 Valentes.

2114 4046 2167 4101 ὅ.
2201 4046 2377 4114 Itaque
2397 4054 2595 4116 quanto
2618 4046 2786 4116 magis
2805 4047 3113 4101 substantia:
3140 4046 3445 4101 tenuitatem
3466 4063 3629 4101 accn-

2042 4151 2149 4202 sas,
2181 4147 2328 4192 tanto
2375 4138 2543 4208 magis
2595 4137 2687 4191 Dei
2716 4138 2847 4192 artis
2884 4138 3298 4209 magnitudinem
3338 4138 3625 4194 admirare.

2040 4227 2299 4293 Quoniam
2322 4238 2373 4282 et
2399 4229 2711 4283 statuarium
2729 4228 2987 4295 admiror,
3008 4244 3113 4283 non
3133 4239 3237 4283 tam
3266 4244 3335 4285 ex
3361 4245 3493 4285 auro
3513 4232 3629 4300 pul-

2038 4318 2221 4371 chram
2248 4317 2528 4372 facientem
2548 4328 2798 4383 statuam,
2822 4334 2980 4388 quam
3003 4335 3070 4375 ex
3096 4320 3209 4373 luto
3237 4319 3501 4376 dilabente
3526 4322 3626 4375 mi-

2037 4406 2257 4461 rabilem
2300 4418 2352 4463 et
2393 4408 2853 4478 inexcogitabilem
2901 4410 3135 4479 figmenti
3178 4411 3623 4479 pulchritudinem

2034 4495 2164 4550 artis
2196 4496 2444 4552 facultate
2482 4498 2737 4554 exhibere
2777 4500 3061 4556 valentem.
3095 4499 3207 4555 Illic
3231 4503 3375 4556 enim
3405 4502 3625 4574 fingenti

2036 4589 2258 4643 materia
2294 4603 2505 4659 quoque
2545 4590 2788 4660 confert,
2836 4591 2923 4647 hic
2960 4592 3104 4648 nuda
3143 4602 3228 4649 est
3265 4595 3400 4651 artis
3438 4607 3624 4652 osten-

2038 4681 2183 4735 latio.

2104 4771 2201 4825 Dei
2233 4774 2480 4841 sapientia
2506 4774 2559 4826 in
2594 4774 2857 4828 oculorum
2893 4776 3263 4830 constitutione.
3292 4805 3363 4818 —
3390 4777 3468 4832 Tu
3494 4794 3623 4835 vero

2034 4866 2078 4918 si
2103 4864 2308 4919 discere
2331 4864 2430 4929 vis,
2451 4873 2647 4933 quanta
2673 4867 2743 4919 sit
2766 4865 2901 4934 ejus,
2925 4867 3013 4935 qui
3044 4881 3141 4921 nos
3160 4869 3377 4933 creavit,
3404 4870 3623 4938 sapien-

2036 4957 2128 5022 tia,
2169 4958 2339 5026 cogita
2382 4956 2506 5026 quid
2533 4973 2598 5010 ex
2637 4957 2747 5011 luto
2769 4959 2859 5011 fiat
2886 4974 2901 5011 :
2928 4958 3052 5026 quid
3082 4967 3259 5014 autem
3290 4960 3434 5014 aliud
3462 4977 3619 5031 quam

2034 5049 2165 5100 later
2184 5056 2236 5099 et
2263 5047 2433 5100 testa?
2470 5046 2847 5103 Verumtamen
2885 5050 3119 5119 optimus
3146 5051 3335 5107 artifex
3378 5052 3517 5108 Deus
3558 5070 3620 5109 ex

2032 5138 2251 5190 materia
2286 5137 2426 5192 unde
2468 5137 2526 5191 fit
2553 5146 2687 5192 testa
2710 5147 2764 5193 et
2792 5138 2926 5194 later
2952 5139 3247 5207 dumtaxat,
3271 5144 3482 5197 oculum
3515 5154 3619 5196 tam

2032 5227 2311 5296 pulchrum
2332 5228 2547 5283 efﬁcere
2574 5230 2760 5297 potuit,
2792 5241 2847 5283 ut
2868 5245 3078 5298 omnes,
3108 5231 3199 5300 qui
3224 5243 3468 5296 cernunt,
3500 5245 3619 5289 stu-

2031 5327 2209 5386 peant,
2232 5328 2285 5373 et
2304 5327 2503 5372 tantam
2531 5318 2654 5373 huic
2678 5320 2783 5372 vim
2806 5320 3062 5386 inserere,
3088 5330 3144 5374 ut
3162 5322 3302 5375 aeris
3328 5322 3614 5376 immanem

2029 5409 2360 5464 altitudinem
2399 5417 2636 5478 spectet,
2676 5419 2733 5463 et
2758 5408 2962 5478 exigua:
2991 5410 3201 5479 pupillae
3244 5412 3510 5481 adjutorio
3540 5423 3613 5467 tot

2031 5516 2252 5571 corpora
2272 5499 2707 5572 comprehendat,
2737 5508 2791 5553 et
2813 5510 3041 5569 montes,
3066 5511 3120 5557 et
3144 5502 3332 5567 saltus,
3354 5514 3408 5557 et
3426 5504 3610 5566 colles,

2028 5602 2082 5646 et
2106 5593 2292 5657 maria,
2322 5604 2373 5646 et
2403 5588 2609 5646 celum.
2634 5590 2711 5645 Ne
2739 5590 2867 5644 mihi
2894 5591 3043 5647 dicas
3080 5594 3237 5664 igitur
3279 5594 3541 5666 lacrymas
3561 5607 3613 5651 et

2028 5683 2369 5753 lippitudines
2420 5699 2432 5735 :
2473 5680 2575 5736 hoc
2615 5681 2759 5736 enim
2802 5693 3017 5753 propter
3059 5693 3329 5753 peccatum
3360 5696 3503 5739 tuum
3534 5686 3613 5739 fa—

2027 5783 2172 5827 ctum
2199 5784 2321 5841 est;
2346 5773 2438 5828 sed
2467 5774 2638 5844 cogita
2668 5774 2830 5845 ipsius
2852 5774 3295 5845 pulchritudinem
3326 5784 3380 5831 et
3400 5776 3610 5831 videndi

2030 5866 2298 5930 virltttem,
2326 5874 2377 5919 et
2400 5880 2505 5934 quo
2532 5866 2689 5922 modo
2712 5876 2908 5921 tantam
2930 5868 3066 5923 aeris
3092 5866 3467 5935 longitudinem
3490 5882 3607 5937 per-

3224 5968 3259 6027 8
