4414 6704
861 398 955 454 ΙΞό

855 526 1097 572 ent-rens,
1132 526 1232 564 non
1258 511 1476 571 laborat,
1507 526 1678 580 neque
1704 512 1982 582 fatigatur;
2006 511 2099 567 sed
2133 511 2291 580 pedes
2316 510 2432 577 qui-

855 603 974 655 dem
1002 602 1266 670 paululum
1295 601 1556 670 progressi
1588 603 1834 656 fatiscunt
1853 614 1906 659 et
1929 605 2213 668 lassantur,
2251 601 2432 655 oculus

857 707 980 746 vero
1009 701 1203 746 tantam
1233 693 1560 746 altitudinem
1588 708 1888 762 permeans,
1922 703 2224 761 tantamque
2252 690 2432 744 latitu-

854 783 1054 845 dinem,
1083 784 1275 836 nullam
1295 786 1454 838 sentit
1475 784 1855 840 infirmitatem.
1878 786 2136 852 Quoniam
2159 785 2298 838 enim
2319 797 2434 836 om-

857 875 998 924 nium
1022 874 1380 927 membrorum
1403 873 1501 928 hoc
1529 883 1610 928 est
1631 875 1782 928 nobis
1805 876 2030 930 maxime
2052 873 2431 936 necessarium,

858 963 1026 1030 ipsum
1073 963 1248 1017 labore
1279 964 1442 1032 premi
1488 981 1591 1018 non
1622 966 1891 1035 permisit,
1933 965 2000 1018 ita
2040 971 2098 1016 ut
2133 961 2433 1030 expeditum

857 1053 1021 1121 ipsius
1049 1054 1418 1120 ministerium,
1452 1063 1506 1108 et
1535 1055 1754 1109 liberum
1783 1056 1934 1109 nobis
1963 1063 2124 1108 esset.
2155 1053 2283 1120 Quis
2308 1067 2435 1105 vero

828 1207 831 1211 g
857 1158 1068 1196 omnem
1092 1144 1312 1198 membri
1334 1145 1488 1214 hujus
1510 1147 1754 1200 virtutem
1772 1161 2014 1200 sermone
2035 1143 2297 1198 disserere
2316 1157 2436 1210 pos-

858 1234 977 1286 sot?
1002 1235 1068 1287 Et
1088 1234 1209 1303 quid
1231 1235 1298 1289 de
1338 1237 1532 1304 pupilla
1561 1236 1874 1304 videndique
1897 1234 2145 1289 facultate
2169 1235 2288 1287 dico
2307 1235 2331 1284 ’ἔ
2379 1233 2432 1286 Si

860 1323 1000 1376 enim
1027 1324 1167 1392 quod
1194 1327 1428 1378 omnium
1454 1327 1764 1378 vilissimum
1789 1340 1910 1379 esse
1941 1325 2148 1380 videtur
2170 1326 2435 1379 membro-

862 1429 1002 1481 rum,
1019 1417 1152 1468 oculi
1187 1416 1462 1483 palpebras
1477 1416 1788 1484 exquisieris
1807 1417 2190 1481 tantummodo,
2206 1427 2258 1472 et
2285 1418 2334 1469 in
2355 1415 2434 1468 his

864 1504 1080 1555 multam
1114 1505 1200 1555 Dei
1230 1508 1484 1558 creatoris
1507 1507 1817 1573 sapientiam
1853 1507 2074 1560 videbis.
2127 1506 2272 1560 Sicut
2293 1505 2430 1558 enim

861 1591 912 1642 in
954 1592 1113 1652 spicis
1153 1592 1328 1645 arisue
1367 1603 1631 1663 tamquam
1661 1596 1902 1663 qumdam
1942 1606 2193 1663 praetenta
2234 1595 2431 1663 Spicula

861 1693 986 1732 aves
1017 1680 1298 1747 repellunt,
1338 1698 1442 1734 non
1475 1684 1710 1737 sitientes
1741 1683 1929 1737 fructui
1975 1685 2223 1748 insidere,
2261 1693 2313 1736 et
2335 1685 2431 1736 sti-

862 1771 1035 1836 pulam
1066 1772 1404 1827 infirmiorem
1429 1773 1733 1843 diffringere
1754 1793 1764 1826 :
1787 1775 1862 1828 sic
1893 1775 2125 1842 profecto
2155 1776 2277 1827 etin
2308 1789 2433 1825 ocu-

860 1857 946 1922 lis,
986 1861 1124 1913 vclut
1163 1863 1399 1928 qna-dam
1443 1865 1616 1915 arista:
1671 1873 1724 1916 et
1763 1865 1958 1930 Spicula
2012 1874 2265 1932 pra-tenta
2313 1873 2433 1916 sunt

861 1947 1227 2014 palpebxarum
1283 1950 1412 2016 pili,
1457 1952 1727 2018 pulverem
1771 1961 1824 2006 et
1863 1952 2093 2007 festucas
2149 1965 2199 2007 et.
2256 1955 2429 2004 otnnia

860 2037 1102 2089 vexantia
1130 2041 1460 2093 extrinsecus
1490 2043 1810 2109 repellentes
1836 2042 1903 2096 ab
1939 2043 2128 2108 oculis,
2174 2059 2269 2116 nec
2321 2043 2432 2111 pal-

861 2126 1052 2192 pebras
1088 2126 1322 2180 infestari
1370 2133 1623 2183 sitientes.
1673 2132 1862 2184 Videas
1891 2141 2066 2185 autem
2107 2143 2159 2184 et
2212 2133 2428 2186 alteram

860 2217 1173 2284 sapientiam
1213 2220 1261 2271 in
1305 2222 1603 2288 superciliis
1637 2221 1733 2275 hac
1771 2237 1874 2276 non
1929 2223 2249 2277 inferiorem.
2302 2224 2431 2288 Quis

857 2307 999 2358 enim
1031 2307 1200 2373 ipsum
1232 2309 1390 2362 situm
1421 2325 1522 2362 non
1553 2311 1930 2380 Obstupescat?
1967 2313 2214 2381 quoniam
2258 2329 2430 2382 neque

858 2397 994 2450 ultra
1023 2411 1324 2452 mensuram
1352 2403 1626 2468 promissa:
1650 2412 1792 2468 sunt,
1817 2403 1886 2456 ita
1915 2413 1971 2456 ut
1997 2406 2180 2457 oculos
2206 2405 2426 2458 obtcue—

857 2485 1032 2549 brent,
1078 2503 1244 2558 neque
1286 2507 1440 2558 quant
1468 2506 1602 2559 opus
1645 2501 1726 2547 est
1761 2494 1984 2549 interius
2026 2494 2291 2558 resident;
2339 2495 2428 2547 sed

856 2577 1002 2631 velut
1027 2579 1214 2633 donms
1243 2584 1562 2650 suggrunda,
1603 2584 1680 2638 sic
1709 2597 1937 2652 superne
1973 2587 2226 2649 eminent,
2268 2588 2427 2638 sudo-

858 2681 969 2719 rem
996 2669 1166 2736 capite
1194 2671 1508 2724 detluentem
1529 2673 2012 2742 suscipientes,nec
2039 2677 2221 2730 oculos
2239 2676 2428 2730 laidcre

857 2759 1242 2823 permittentes.
1291 2760 1571 2829 Propterea
1611 2763 1821 2832 quidem
1869 2774 1918 2817 et
1953 2766 2038 2833 pili
2093 2765 2219 2833 ipsis
2263 2766 2422 2818 innati

856 2856 1001 2909 sunt,
1025 2847 1284 2904 densitate
1328 2851 1609 2907 defluentia
1653 2865 1980 2918 cocrcentes,
2021 2869 2071 2909 et
2109 2858 2271 2910 multa
2307 2874 2427 2910 eum

856 2938 1124 3008 diligentia
1159 2951 1528 3012 protegentes,
1575 2945 1963 3016 afferentesque
2005 2950 2221 3001 nmltam
2263 2951 2429 3003 oculis

856 3026 1258 3084 formositatem.
1288 3033 1395 3087 Nec
1420 3033 1519 3088 hoc
1547 3045 1746 3089 tantum
1777 3037 1894 3106 quis
1932 3037 2180 3092 admirari
2214 3049 2425 3107 posset,

855 3119 948 3171 sed
970 3131 1022 3172 et
1048 3121 1189 3176 aliud
1209 3138 1314 3178 non
1342 3125 1516 3180 minus
1542 3140 1696 3195 quam
1718 3127 1831 3180 hoc.
1853 3131 1964 3193 Qua
1991 3131 2130 3182 enim
2158 3130 2222 3184 de
2247 3145 2423 3194 causa,

854 3224 1052 3278 quieso,
1081 3215 1269 3284 capitis
1297 3217 1507 3285 quidem
1539 3219 1714 3287 capilli
1757 3233 2004 3274 cresctmt
2037 3231 2088 3273 et
2130 3221 2425 3276 detonderi-

855 3313 954 3366 tur,
989 3307 1388 3374 saperciliorum
1417 3323 1540 3363 vero
1558 3309 1813 3363 minime?
1839 3326 2010 3379 neque
2038 3313 2179 3365 enim
2216 3311 2316 3366 hoc
2330 3327 2429 3365 no-

851 3393 932 3448 bis
959 3405 1155 3452 temere
1173 3407 1228 3453 et
1259 3414 1383 3453 casu
1415 3399 1608 3454 factum
1635 3410 1734 3465 est,
1767 3401 1858 3456 sed
1890 3417 1956 3456 ne
1989 3417 2047 3456 se
2089 3401 2429 3457 demittentt-o

852 3489 1032 3541 oculos
1059 3490 1489 3560 obtencbrarent,
1525 3495 1666 3564 quod
1706 3496 1960 3565 decrepiti
2011 3513 2170 3552 senes
2215 3501 2425 3568 patiun-

853 3587 956 3632 tur.
987 3580 1115 3644 Quis
1132 3590 1308 3635 autem
1330 3594 1508 3651 posset
1538 3585 1850 3654 sapientiam
1897 3603 2108 3642 omnem
2140 3605 2234 3658 per
2269 3605 2422 3646 cere-

852 3666 1002 3720 brum
1025 3669 1437 3726 demonstratam
1486 3679 1947 3730 commemorare?
1987 3679 2162 3734 Primo
2204 3681 2418 3750 quidem

849 3755 1019 3825 ipsmu
1049 3759 1210 3814 molle
1231 3760 1374 3826 fecit,
1414 3764 1662 3832 quoniam
1692 3765 1936 3821 sensibus
1967 3766 2141 3823 fontes
2173 3771 2422 3825 omnibus

848 3847 1112 3901 minisnat
1144 3866 1157 3902 :
1189 3863 1368 3918 postea
1397 3868 1464 3906 ne
1494 3864 1706 3923 propter
1730 3857 1999 3925 propriam
2021 3845 2246 3913 laedatur
2271 3869 2420 3914 natu-

848 3949 984 4000 ram,
1017 3939 1187 4006 ipsum
1218 3940 1428 3995 ossibus
1445 3942 1674 4012 undique
1700 3945 1957 3998 munivit:
1998 3961 2210 4001 rursum
2240 3964 2306 4004 ne
2334 3964 2420 4004 os-

847 4028 983 4082 sium
1025 4030 1306 4097 asperitate
1344 4033 1580 4086 attritum
1613 4039 2253 4102 vexetur,'membranam
2307 4056 2420 4095 me-

847 4117 986 4171 diam
1027 4118 1282 4185 obtendit,
1335 4135 1434 4175 nec
1482 4137 1639 4177 unam
1689 4125 1879 4191 solam,
1933 4127 2026 4181 sed
2077 4138 2131 4183 et
2171 4129 2417 4196 alteram,

849 4225 1004 4263 unam
1043 4210 1256 4278 quidem
1284 4211 1525 4266 calvaria:
1566 4213 1782 4270 inferius
1815 4217 2162 4284 subtendens,
2196 4219 2418 4274 alteram

847 4315 976 4354 vero
1004 4315 1233 4369 superne
1257 4302 1463 4357 cerebri
1489 4303 1633 4358 carni
1655 4305 2095 4374 circumvolveus,
2138 4321 2191 4364 et
2221 4318 2302 4364 est
2332 4311 2417 4366 illa

848 4393 948 4446 hac
972 4394 1170 4446 durior.
1205 4392 1316 4448 Hoc
1331 4402 1506 4449 autem
1536 4393 1662 4451 fecit
1693 4405 1801 4451 tum
1831 4408 2049 4468 propter
2087 4413 2418 4454 commemo-

845 4492 1012 4538 ratam
1040 4497 1276 4548 causam,
1312 4492 1419 4538 tum
1445 4493 1500 4538 ut
1536 4485 1709 4541 illatas
1736 4489 1890 4556 capiti
1931 4490 2112 4559 plagas
2156 4505 2260 4543 non
2314 4492 2419 4559 pri-

851 4588 995 4627 mum
1027 4573 1257 4642 excipiat
1293 4576 1594 4642 cerebrum,
1621 4575 1714 4630 sed
1741 4588 2190 4644 praeoccurrentes
2235 4580 2416 4649 hujus-

847 4665 987 4718 modi
1019 4665 1342 4718 membranae
1383 4666 1574 4720 ictibus
1602 4677 1977 4723 nocumentum
2025 4686 2184 4725 omne
2225 4672 2418 4727 dissol-

846 4767 991 4823 vant,
1019 4766 1071 4811 et
1100 4757 1318 4811 illatsum
1350 4758 1521 4825 ipsum
1543 4767 1875 4814 conservent.
1905 4761 2043 4827 Quin
2072 4771 2126 4815 et
2151 4763 2288 4831 quod
2313 4780 2414 4818 non

843 4850 1186 4906 continuetur
1207 4860 1262 4903 et
1290 4865 1450 4904 unum
1479 4851 1551 4904 sit
1575 4863 1636 4904 os
1657 4850 1826 4920 ipsum
1853 4851 2128 4922 obtegens,
2161 4853 2255 4908 sed
2281 4856 2416 4908 mul-

843 4955 922 5000 tas
953 4959 1020 4999 ex
1050 4942 1232 4997 multis
1263 4942 1498 5011 partibus
1528 4941 1718 4996 habeat
1744 4952 1972 5009 suturas,
2007 4946 2183 5000 multa:
2205 4963 2412 5002 rursum

841 5035 1143 5090 securitatis
1168 5034 1266 5102 ipsi
1297 5047 1455 5087 causa
1506 5043 1607 5086 est.
1659 5032 1726 5085 Et
1751 5048 2004 5101 vaporum
2051 5037 2190 5090 enim
2241 5038 2411 5108 ipsmn

841 5127 1227 5181 continentium
1256 5123 1424 5178 facilis
1463 5139 1558 5191 per
1602 5135 1832 5187 suturas,
1880 5124 1994 5178 illas
2023 5128 2255 5180 exterius
2299 5129 2413 5182 fieri

845 5225 1016 5285 potest
1044 5216 1341 5285 respiratio,
1374 5217 1444 5270 ita
1475 5225 1529 5268 ut
1553 5230 1657 5268 non
1684 5213 1973 5270 sul‘focetur
2010 5232 2024 5268 :
2074 5226 2128 5270 et
2170 5218 2214 5271 si
2261 5219 2410 5288 plaga

842 5311 1086 5366 alicunde
1111 5309 1385 5374 inferatur,
1421 5326 1524 5364 non
1569 5310 1762 5378 ubique
1811 5309 1868 5363 fit
1915 5319 2308 5366 nocumentum.
2355 5311 2411 5367 Si

841 5402 980 5458 enim
999 5402 1169 5457 solum
1196 5411 1250 5456 et
1274 5402 1578 5457 continuum
1605 5415 1666 5456 os
1685 5410 1848 5468 esset,
1900 5401 1949 5454 in
1999 5416 2156 5455 unam
2209 5411 2410 5471 partem

839 5496 1015 5551 delata
1057 5493 1208 5564 plaga
1251 5495 1704 5560 totumlzesisset;
1762 5510 1902 5550 nunc
1950 5504 2125 5550 autem
2183 5511 2302 5551 eum
2359 5498 2409 5551 in

839 5588 1000 5641 multa
1049 5585 1275 5641 divisum
1325 5586 1413 5650 sit,
1457 5585 1557 5639 hoc
1605 5587 1841 5643 tierinou
1871 5597 2066 5658 posset.
2110 5589 2218 5643 Etsi
2266 5590 2407 5643 enim

845 5694 1001 5734 unam
1031 5686 1232 5746 partem
1262 5677 1521 5731 vulnerari
1552 5679 1775 5741 accidat,
1817 5695 1877 5734 os
1906 5696 2060 5737 secus
2096 5682 2238 5736 illam
2283 5697 2407 5751 par-

841 5779 943 5822 tem
988 5769 1142 5823 situm
1190 5769 1397 5823 lat-ditur
1425 5770 1619 5833 solmu,
1653 5771 1850 5842 reliqua
1874 5788 1998 5826 vero
2025 5784 2205 5828 cuncta
2235 5788 2411 5828 rema-

1567 403 1620 456 S.
1658 400 1935 458 JO.\NNIS
1971 399 2446 458 CllliYSOS'I'OMl
2489 396 2804 454 ARCHIEP.
2844 393 3371 454 CONSTANTINOP.

4005 396 4107 452 ω

2546 520 2672 563 nent
2700 512 2883 572 illmsa,
2917 509 3081 577 plaga:
3130 513 3476 567 continuitate
3498 528 3562 566 ex
3610 511 3808 564 ossium
3857 511 4109 566 divisiOne

2542 601 2782 665 sublata,
2809 615 2906 655 nec
2930 601 2981 654 in
3006 600 3298 669 proximam
3327 603 3538 658 extendi
3568 603 3794 657 valente.
3828 600 4109 670 Propterea

2542 703 2607 743 ex
2631 692 2809 745 multis
2833 692 2995 761 ipsius
3017 700 3260 759 tegumen
3287 693 3494 748 ossibus
3519 693 3655 747 Deus
3679 691 4011 758 composuit:
4057 701 4110 744 et

2542 781 2677 834 sicut
2705 782 2920 836 domum
2948 781 3136 852 aliquis
3162 781 3451 849 mdilicans,
3485 793 3678 838 tectum
3705 792 3759 837 et
3783 781 3983 850 tegulas
4013 795 4107 833 su-

2543 873 2788 940 perponit
2817 889 2830 926 :
2866 875 2943 929 sic
2969 888 3125 942 supra
3151 883 3311 941 caput
3340 873 3478 928 Deus
3506 889 3626 929 ossa
3654 873 3843 928 locavit
3870 880 3923 926 et
3948 870 4111 938 capil-

2540 962 2620 1015 los
2646 963 2767 1017 fecit
2794 965 3115 1034 germinare,
3166 975 3222 1016 ut
3255 978 3349 1030 pro
3374 964 3685 1030 quibusdam
3713 963 3906 1033 galeris
3957 961 4112 1028 capiti

2541 1060 2738 1104 essent.
2769 1053 2879 1106 lloc
2901 1054 3072 1121 ipsum
3095 1051 3327 1122 profecto
3344 1059 3397 1103 et
3427 1051 3478 1103 in
3506 1053 3668 1105 corde
3689 1053 3830 1106 fecit.
3850 1049 4109 1118 Quoniam

2540 1142 2679 1193 enim
2711 1157 2806 1195 cor
2853 1145 3216 1199 membrorum
3257 1151 3560 1197 uestrorum
3617 1144 4110 1212 principalissimum

2540 1239 2642 1294 est,
2668 1239 2724 1286 et
2751 1233 2909 1286 totius
2935 1236 3057 1289 vita:
3078 1243 3272 1290 nostra:
3301 1234 3522 1286 firmitas
3548 1244 3628 1286 est
3659 1236 3755 1302 ipsi
3804 1236 4011 1297 tradita,
4052 1245 4109 1289 et

2542 1321 2658 1388 ipto
2683 1325 3178 1395 quomodocumque
3206 1339 3454 1394 percusso
3484 1338 3630 1376 mors
3658 1327 3868 1390 accidit,
3924 1326 4112 1380 solidis

2539 1419 2592 1462 et
2616 1409 2764 1465 duris
2791 1415 3000 1468 ossibus
3053 1415 3152 1469 hoc
3181 1415 3410 1483 undique
3457 1415 3902 1482 cireumniunivit,
3927 1425 3982 1471 et
4023 1433 4117 1487 pc.

2537 1506 2700 1556 cteris
2730 1509 3096 1574 prominentiis
3121 1517 3173 1564 et
3214 1509 3342 1578 tergi
3377 1506 3606 1575 scapulis
3637 1508 3805 1575 ipsum
3854 1511 4118 1578 posterius

2539 1595 2783 1649 muniens
2813 1614 2827 1649 :
2857 1599 3073 1668 etquod
3102 1599 3153 1652 in
3185 1597 3388 1653 cerebri
3418 1597 3739 1650 membranis
3787 1598 3928 1661 fecit,
3958 1610 4009 1653 et
4063 1601 4115 1653 in

2541 1685 2794 1741 hocidem
2828 1689 3021 1742 factum
3044 1700 3143 1744 est.
3174 1689 3252 1742 Ad
3284 1689 3382 1740 hoc
3407 1689 3547 1740 enim
3601 1701 3667 1740 ne
3696 1685 3999 1755 frequenter
4023 1703 4115 1741 sa-

2541 1777 2697 1838 liens.
2729 1787 2781 1832 et
2809 1780 2859 1833 in
2885 1783 2958 1834 ira
2985 1779 3388 1849 hujusmodique
3417 1778 3644 1832 motilms
3691 1779 3972 1847 palpitans,
4020 1794 4116 1832 os-

2539 1867 2674 1920 sium
2709 1870 2977 1939 asperitati
3019 1870 3466 1924 circumstantium
3516 1867 3758 1936 infligens
3807 1877 4116 1922 conteratur

2537 1970 2589 2011 et
2611 1960 2803 2020 doleat,
2833 1961 3022 2014 multas
3049 1969 3100 2013 et
3121 1959 3189 2012 ibi
3217 1959 3551 2011 membranas
3577 1959 3863 2022 subtendit,
3893 1970 3946 2012 et
3992 1959 4114 2026 pul-

2539 2068 2749 2105 monem
2777 2054 3070 2122 supponit,
3103 2053 3243 2104 velut
3269 2051 3428 2104 molle
3456 2051 3720 2120 quoddam
3763 2060 3984 2104 stratum
4029 2051 4115 2118 ip-

2536 2142 2645 2194 sius
2674 2143 2894 2196 saltibus
2919 2155 3209 2210 apponens,
3233 2149 3289 2192 ut
3329 2139 3543 2208 impune.
3577 2157 3860 2207 erumpens
3905 2156 3975 2193 ex
4015 2139 4115 2192 hoc

2541 2234 2667 2286 nihil
2704 2235 2920 2286 noxium
2953 2235 3195 2301 patiatur.
3245 2231 3309 2284 Et
3336 2229 3461 2298 quid
3508 2230 3629 2282 dico
3679 2231 3745 2283 de
3794 2230 4019 2283 cerebro
4063 2236 4114 2282 et

2540 2324 2718 2386 rordc,
2751 2340 2867 2378 cuin
2893 2326 3064 2389 utique
3090 2324 3131 2376 si
3164 2323 3281 2391 quis
3306 2322 3386 2376 vel
3413 2321 3479 2375 de
3501 2321 3626 2390 ipsis
3653 2323 3910 2389 unguibus
3959 2322 4114 2376 inve-

2536 2415 2693 2482 seigct
2722 2416 2936 2468 multam
2959 2425 3013 2468 et
3045 2414 3094 2466 in
3141 2412 3222 2465 his
3254 2411 3344 2464 Dei
3375 2411 3685 2480 sapientiam
3730 2412 3905 2465 videat
3950 2425 4114 2479 appa-

2539 2513 2762 2567 rentem,
2797 2514 2904 2556 tum
2937 2519 2999 2556 ex
3034 2505 3264 2571 ipsorum
3295 2501 3482 2567 forma,
3509 2510 3618 2554 tum
3639 2517 3701 2554 ex
3733 2501 4026 2553 substantia
4058 2508 4112 2555 et

2535 2595 2682 2646 situ?
2710 2594 2926 2648 Licebat
2954 2595 3148 2656 dicere,
3178 2608 3341 2663 quare
3386 2602 3440 2647 ct
3477 2594 3834 2663 magnitudine
3877 2593 4112 2660 impares

2536 2685 2688 2738 nobis
2715 2685 2858 2754 digiti
2887 2686 3012 2751 sint,
3039 2697 3091 2740 et
3119 2685 3280 2738 multa
3306 2685 3405 2737 alia
3456 2684 3536 2736 his
3589 2685 3772 2752 plura;
3813 2683 3904 2737 sed
3954 2683 4112 2738 sufli-

2535 2777 2736 2829 cieutcr
2757 2792 2819 2830 ex
2849 2776 3004 2831 dictis
3033 2775 3305 2829 attendere
3331 2774 3628 2828 volentibus
3654 2775 3910 2826 creatoris
3940 2775 4111 2828 nostri

2535 2867 2788 2935 sapientia
2820 2867 2910 2920 Dei
2939 2866 3158 2935 refulget
3185 2883 3198 2918 :
3229 2872 3503 2934 propterea
3535 2874 3732 2931 partem
3772 2864 3905 2915 haue
3957 2863 4111 2915 labo-

2533 2957 2687 3011 riosis
2737 2959 3038 3026 relinquens
3089 2957 3464 3026 exquirendam
3530 2972 3647 3008 eum
3705 2953 3975 3022 diligentia
4044 2955 4111 3007 ad

2533 3049 2688 3101 aliam
2718 3057 3002 3102 convertar
3027 3049 3436 3116 oppositionem.

2605 3140 2658 3191 4.
2695 3137 2856 3191 Homo
2885 3139 3186 3191 aninmlibus
3217 3137 3444 3191 omnibus
3496 3145 3718 3203 praestat,
3752 3135 4109 3201 quomoda.—

2535 3227 2676 3280 Multi
2711 3242 2936 3296 namque
2967 3237 3160 3295 praeter
3189 3227 3328 3280 dicta
3372 3234 3426 3279 et
3469 3224 3596 3278 illud
3639 3233 3948 3292 opponunt:
3980 3223 4110 3290 quid

2533 3317 2743 3369 tandem
2774 3316 2816 3369 si
2850 3316 3121 3369 brutorum
3151 3331 3242 3370 rex
3270 3324 3351 3369 est
3368 3315 3544 3376 homo.
3573 3322 3628 3368 et
3653 3314 3843 3366 robore
3870 3322 3925 3365 ct
3944 3314 4106 3381 agili-

2533 3415 2639 3460 tate
2664 3415 2719 3460 et
2759 3405 3030 3460 celeritate
3081 3405 3244 3458 multa
3299 3405 3468 3474 ipsum
3512 3411 3765 3472 superant
3809 3402 4109 3454 animalia?

2529 3497 2724 3549 etenim
2754 3495 2970 3549 homine
2992 3494 3224 3549 velocior
3250 3509 3421 3564 equus
3468 3503 3524 3548 et
3549 3491 3859 3546 tolerantior
3884 3491 4005 3555 bos,
4049 3501 4107 3544 et

2528 3585 2695 3639 levior
2717 3584 2916 3654 aquila,
2949 3592 3002 3638 et
3024 3582 3210 3636 fortior
3237 3583 3340 3637 leo.
3370 3581 3505 3649 Quid
3545 3581 3703 3650 igitur
3737 3579 3803 3633 ad
3849 3579 3968 3632 hrrc
4020 3581 4107 3632 di-

2526 3692 2651 3732 cere
2677 3675 3004 3746 possumus?
3032 3673 3184 3740 Quod
3212 3683 3267 3729 et
3307 3673 3432 3727 hinc
3472 3673 3702 3726 maxime
3750 3668 3840 3724 Dei
3890 3671 4109 3738 sapien~

2527 3769 2653 3822 tiam
2692 3767 3080 3836 cognoscimus,
3115 3774 3169 3819 et
3215 3765 3472 3819 honorem
3511 3776 3617 3830 quo
3663 3775 3760 3813 nos
3799 3759 4106 3814 decoravit.

2529 3856 2776 3911 Velocior
2803 3856 2997 3924 quippe
3024 3868 3189 3922 equus
3208 3862 3290 3907 est
3318 3852 3555 3911 homine.
3583 3850 3676 3904 sed
3706 3850 3770 3904 ad
3793 3851 4107 3920 peregrina-

2527 3946 2686 4001 tionis
2737 3946 3070 4000 velocitatem
3119 3957 3256 4012 equo
3301 3940 3629 3996 commodior
3677 3939 3854 3993 homo.
3916 3939 4108 4008 Equus

2525 4052 2738 4108 nempe,
2777 4035 3017 4106 quamvis
3040 4033 3275 4089 omnium
3301 4031 3664 4086 velocissimus
3685 4039 3739 4084 et
3778 4030 4106 4084 fortissimus

2523 4133 2610 4195 sit,
2643 4131 2725 4184 vix
2746 4129 2970 4183 ducenta
2999 4125 3166 4181 stadia
3194 4139 3302 4178 uno
3327 4123 3414 4179 die
3451 4133 3660 4187 curret;
3711 4121 3870 4176 homo
3915 4131 4103 4175 autem

2525 4224 2718 4277 multos
2745 4235 2812 4275 ex
2831 4219 3167 4274 successione
3203 4230 3367 4286 equos
3414 4214 3481 4270 ad
3523 4231 3735 4270 currum
3774 4215 4005 4284 iungens
4044 4222 4103 4267 et

2523 4315 2629 4368 duo
2655 4311 2942 4367 stadiorum
2987 4309 3146 4363 millia
3190 4306 3441 4376 expedire
3479 4305 3689 4374 poterit.
3731 4303 3911 4372 Itaque
3951 4300 4101 4370 quod

2523 4405 2598 4460 illi
2629 4403 2899 4466 velocitas,
2927 4400 3051 4455 huic
3075 4399 3208 4454 ratio
3239 4407 3291 4452 et
3319 4413 3407 4451 ars
3430 4411 3550 4451 cum
3579 4395 3765 4464 majori
3796 4393 3982 4448 tribuit
4005 4407 4100 4444 su-

2523 4493 2939 4564 perabanduntia
2966 4507 2982 4547 :
3013 4501 3065 4546 et
3093 4499 3197 4544 tam
3227 4488 3437 4544 veloces
3461 4487 3672 4556 quidem
3715 4483 3875 4554 pedes
3929 4480 4100 4535 homo

2524 4605 2626 4641 non
2670 4587 2829 4640 habet
2857 4600 3012 4654 quam
3051 4583 3157 4647 ille,
3211 4581 3369 4635 habet
3420 4595 3547 4634 vero
3593 4577 3754 4647 pedes
3797 4574 3934 4627 illius
3986 4587 4097 4627 non

2521 4682 2694 4734 minus
2721 4692 2878 4750 quam
2909 4691 3032 4729 suos
3063 4675 3162 4727 sibi
3191 4671 3574 4726 ministrantes.
3624 4669 3902 4722 Brutorum
3948 4665 4097 4718 enim

2521 4769 2720 4823 nullum
2747 4764 2939 4819 animal
2967 4762 3107 4816 aliud
3136 4761 3198 4815 ad
3228 4777 3377 4814 usum
3407 4775 3558 4814 suum
3606 4754 3886 4822 subjttgarc
3933 4763 4095 4820 pote-

2519 4863 2631 4924 rit,
2663 4858 2823 4912 homo
2856 4863 3033 4908 autem
3063 4852 3237 4906 omnia
3283 4849 3602 4921 aggreditur,
3650 4851 3705 4897 et
3749 4857 3843 4911 per
3889 4844 4094 4896 variam

2519 4945 2879 5005 artemaDeo
2916 4943 3014 4998 sibi
3068 4942 3330 5004 traditam,
3383 4937 3449 4992 ad
3500 4947 3655 4988 usunt
3711 4930 3812 4986 sibi
3857 4933 4094 4988 maxime

2519 5037 2918 5095 convenientem
2961 5033 3261 5087 animalium
3304 5026 3550 5098 quodque
3592 5021 3803 5093 subigit.
3847 5023 3906 5078 Si
3957 5038 4092 5077 vero

2521 5140 2626 5184 tam
2658 5127 2818 5181 fortes
2850 5125 3116 5179 hominum
3145 5121 3308 5191 pedes
3332 5129 3490 5186 quam
3515 5127 3771 5182 equorum
3823 5111 4086 5175 fuissent;

2519 5220 2585 5273 ad
2608 5218 2709 5271 alia
2732 5217 2952 5270 fuissent
2973 5214 3206 5276 inutiles,
3249 5209 3317 5262 ad
3366 5207 3600 5260 locorum
3647 5204 3987 5261 difficultates
4035 5211 4089 5258 et

2518 5309 2774 5364 montium
2811 5308 3038 5361 vertices
3062 5311 3117 5357 et
3154 5300 3402 5354 arborum
3453 5296 3790 5351 ascensiones
3822 5313 3836 5351 :
3892 5293 4085 5362 ungula

2516 5401 2656 5455 enim
2685 5398 2750 5452 ad
2778 5398 2897 5451 talia
2922 5405 3137 5464 gressus
3157 5386 3412 5456 impedire
3435 5385 3592 5443 solet.
3616 5385 3798 5456 Itaque
3819 5383 3919 5440 etsi
3949 5384 4085 5435 mol-

2518 5492 2674 5546 liores
2700 5490 2934 5558 ipsorum
2965 5483 3147 5554 pedes.
3177 5487 3349 5533 tamen
3377 5477 3613 5546 pluribus
3640 5475 3919 5548 Opportuni
3951 5483 4078 5525 sunt

2515 5584 2848 5647 utilitatibus,
2893 5588 2948 5634 et
2993 5574 3122 5630 nihil
3167 5588 3234 5628 ex
3286 5571 3588 5626 infirmitate
3629 5570 3909 5631 laeduntur,
3964 5568 4085 5632 equi

2516 5686 2708 5732 virtute
2736 5675 2834 5731 sibi
2865 5671 3144 5732 serviente,
3178 5673 3232 5721 et
3262 5679 3356 5734 per
3380 5679 3592 5734 gressus
3637 5661 3892 5715 varietate
3945 5670 4084 5722 pra:-

2511 5771 2729 5826 celluut.
2756 5768 2978 5819 ltursum
3010 5771 3092 5817 est
3117 5759 3304 5832 aquila:
3334 5758 3504 5813 levior
3545 5755 3648 5818 ala,
3677 5749 3768 5806 sed
3824 5754 3902 5800 est
3957 5742 4083 5796 mihi
