4452 6732
281 495 380 550 125

1295 490 1386 545 AD
1421 489 1748 548 POPULUM
1785 487 2290 544 ANTIOCIIENUM
2331 487 2568 544 IIOMIL.
2607 489 2697 544 ΧΙ.

3618 496 3727 556 ηε

274 607 564 663 coco-31:05;
580 605 758 682 εὖρος,
779 607 1031 678 οὐδεμιᾶς
1057 604 1712 680 αίσθάνεταιάρρωστίας.
1732 601 1947 674 Ἐπειδὴ
2054 605 2223 674 ρέσει,
2247 604 2340 657 καὶ
2366 604 2466 657 οὑκ
2501 603 2774 671 ἰσχύοντος
2800 604 2880 667 εἰς
2907 603 2976 658 τὰ
2998 603 3377 676 παρακείμενα
3404 605 3719 679 ἐκταθῆναι.

271 695 382 766 γάρ
439 698 550 750 τῶν
611 699 866 753 ἁπάντων
922 693 1100 764 μελῶν
1157 694 1289 764 ἡμῖν
1349 691 1772 763 ἀναγκαιότερόν
1829 691 1943 743 ἐστι
2051 691 2148 744 Διά
2172 690 2330 744 τοῦτο
2359 693 2423 743 ἐκ
2453 689 2662 742 πολλῶν
2684 689 2846 743 αὑτοῦ
2876 692 2976 762 τῆν
3005 692 3216 765 σκέπην
3232 692 3405 746 ὀστῶν
3425 693 3726 766 συνέθηκεν

271 781 449 843 τοῦτο.
484 786 584 838 οὑκ
613 786 821 854 ἀφῆκεν
849 779 980 834 αὑτὸ
1013 778 1294 843 πιέζεσθαι
1323 782 1578 852 καμάτῳ,
1613 778 1752 830 ὥστε
1773 777 1939 847 ἀνεμ-

271 871 520 927 πόδιστον
557 875 684 944 ήμῖν
714 867 879 924 αὑτοῦ
907 867 1006 938 τὴν
1032 867 1300 922 διακονίαν
1332 865 1472 921 εἶναι
1504 867 1599 919 καὶ
1642 864 1938 919 ἀκώλυτον.

270 959 489 1014 Μᾶλλον
517 963 572 1014 δὲ
603 961 750 1018 ποῖος
779 957 940 1023 λόγος
986 957 1334 1027 παραστῆσαι
1377 956 1667 1024 δυνήσεται
1705 952 1800 1006 τοῦ
1842 953 1940 1025 μέ-

269 1046 394 1110 λους
439 1047 630 1100 τούτου
690 1045 790 1114 τὴν
841 1043 1044 1114 ἀρετὴν
1089 1044 1341 1110 ἀπασανς
1391 1042 1487 1097 καὶ
1523 1042 1576 1095 τί
1617 1041 1760 1110 λέγω
1810 1041 1942 1108 περὶ

269 1136 440 1204 κόρης
478 1135 575 1186 καῖ
595 1133 694 1201 τῆς
732 1143 758 1171 ι
789 1131 1022 1202 ὀπτικῆς
1058 1132 1372 1201 δυνάμεωςς
1415 1129 1538 1183 Ἐἀν
1577 1130 1707 1201 γὰρ,
1735 1130 1764 1184 0
1806 1131 1942 1183 πάν-

268 1237 380 1273 των
410 1217 789 1288 εὐτελέστερον
819 1215 957 1272 εἶναι
986 1220 1133 1274 δοκεῖ
1157 1218 1264 1270 τῶν
1293 1217 1492 1286 μελῶν,
1522 1217 1616 1272 τοῦ
1660 1216 1940 1287 ὀφθαλμοῦ

268 1310 370 1370 τας
404 1305 730 1375 βλεφαρίδας
763 1306 1024 1376 ἐξετάσῃς
1060 1305 1239 1374 μόνον,
1262 1305 1356 1358 καὶ
1383 1306 1442 1359 ἐν
1473 1306 1695 1369 ταύταις
1739 1303 1942 1373 πολλὴν

267 1395 388 1463 ὕψει
413 1391 508 1444 τοῦ
533 1391 864 1462 δημιουργοῦ
891 1391 1026 1444 Θεοῦ
1055 1391 1152 1463 τὴν
1183 1393 1396 1462 σοφίαν.
1426 1393 1692 1464 Καθάπερ
1715 1392 1822 1461 γὰρ
1849 1390 1942 1444 ἐπὶ

267 1481 378 1533 τῶν
421 1478 708 1550 ἀσταχύων
743 1481 793 1532 οί
824 1479 1106 1549 ἀνθέρικες
1141 1479 1330 1552 ῶσπερ
1365 1481 1488 1536 τινα
1511 1482 1713 1552 δόρατα
1741 1478 1942 1551 προϐε-

267 1566 530 1637 ϐλημένοι
563 1567 687 1630 τοὺς
717 1565 937 1636 ὄρνιθας
980 1567 1361 1634 ἀποσοϐοῦσιν,
1408 1569 1508 1622 οὑκ
1554 1569 1940 1640 ἐπιτρέποντες

265 1652 660 1721 ἐγκαθέζεσθαι
678 1653 758 1724 τῷ
787 1654 984 1726 καρπῷ
1012 1656 1108 1708 καὶ
1133 1655 1356 1725 διακλᾷν
1381 1657 1478 1724 τὴν
1501 1656 1754 1724 καλάμην
1780 1655 1941 1707 ἀσθε-

265 1741 530 1810 νεστέραν
557 1734 717 1794 οῦσαν
736 1758 750 1771 ·
780 1741 922 1796 οὑτω
947 1741 1010 1812 δὴ
1036 1743 1130 1794 καὶ
1159 1743 1250 1793 ἐπὶ
1277 1741 1385 1793 τῶν
1416 1740 1730 1808 ὀφθαλμῶν,
1751 1741 1941 1810 ῶσπερ

262 1828 413 1887 τινὲς
455 1827 738 1898 άνθέρικες
783 1829 878 1882 καὶ
902 1829 1103 1899 δόρατα
1149 1826 1547 1897 προϐέϐληνται
1590 1828 1644 1879 αἱ
1678 1827 1786 1879 τῶν
1823 1827 1942 1896 βλε-

263 1913 459 1980 φάρων
489 1915 693 1984 τρίχες,
730 1917 878 1969 κόνιν
915 1915 1009 1966 καὶ
1054 1913 1240 1983 κάρφη
1271 1912 1299 1952 ι)
1355 1915 1447 1966 καὶ¹
1481 1914 1655 1966 πάντα
1691 1914 1758 1966 τά
1805 1915 1942 1967 διεν-

262 1999 528 2068 οχλοῦντα
554 2001 750 2068 ἔξωθεν
781 2001 1220 2071 ἀποκρουόμεναι
1252 2000 1362 2052 τῶν
1392 2001 1702 2069 ὀφθαλμῶν,
1735 2003 1827 2054 καὶ
1845 2003 1943 2055 οὑκ

263 2087 437 2140 ἐῶσαι
484 2088 814 2157 ἐνοχλεῖσθαι
861 2088 928 2140 τὰ
963 2086 1225 2157 βλέφαρα.
1266 2088 1422 2150 Ἰδοις
1461 2088 1527 2141 ἂν
1572 2089 1666 2141 καὶ
1713 2090 1804 2140 ἐπὶ
1838 2088 1942 2141 τῶν

262 2175 488 2244 ὀφρύων
564 2177 754 2246 ἑτέραν
825 2174 1016 2242 σοφίαν
1065 2174 1163 2226 οὑκ
1222 2176 1478 2230 ἐλάττονα
1543 2175 1766 2246 ταύτης.
1848 2176 1943 2240 Τίς

262 2264 376 2334 γὰρ
435 2263 536 2316 οὑκ
586 2263 652 2317 ἂν
707 2262 1007 2330 ἐκπλαγείη
1065 2262 1162 2331 τὴν
1224 2263 1373 2315 θέσιν
1420 2263 1626 2327 αύτῶν;
1672 2265 1752 2316 ὅτι
1816 2263 1940 2317 οῦτε

262 2351 411 2419 πέρα
439 2350 534 2403 τοῦ
567 2350 766 2420 μέτρου
816 2348 1250 2420 προϐέϐληνται,
1297 2350 1436 2404 ὥστε
1479 2353 1784 2404 ἐπισκοτεῖν
1831 2355 1942 2414 τοῖς

259 2437 587 2506 ὀφθαλμοῖς,
633 2437 757 2490 οὔτε
816 2438 1073 2506 ἐνδοτέρω
1117 2438 1210 2490 τοῦ
1282 2439 1494 2502 δέοντος
1557 2441 1936 2507 ὑφιζάνουσιν·

260 2526 383 2578 ἀλλ’
417 2525 606 2595 ὥσπερ
633 2525 810 2588 οἰκίας
849 2529 1051 2592 γεῖσος,
1081 2527 1254 2590 οὑτως
1291 2526 1564 2596 ἐξέχουσιν
1597 2528 1822 2593 ἀνωθεν,
1850 2528 1942 2581 τδν

261 2614 333 2664 ἐκ
376 2613 475 2682 τῆς
514 2612 757 2682 κεφαλῆς
801 2614 1052 2666 κατιόντα
1105 2615 1304 2685 ἱδρῶτα
1335 2614 1642 2684 δεχόμεναι,
1677 2617 1772 2667 καὶ
1816 2617 1943 2680 τοὺς

258 2698 580 2768 ὀφθαλμοὺς
611 2699 799 2752 λυπεῖν
826 2701 926 2754 οὑκ
973 2701 1159 2754 ἐῶσαι.
1193 2701 1293 2753 Διά
1323 2701 1387 2771 δὴ
1416 2700 1574 2752 τοῦτο
1622 2702 1715 2753 καὶ
1757 2703 1943 2772 τρίχες

259 2787 460 2849 αὑταῖς
489 2789 626 2839 εἰσιν
663 2789 1051 2856 ἐμπεφυκυῖαι,
1087 2791 1153 2858 τῇ
1191 2787 1448 2855 δασύτητι
1469 2786 1537 2839 τά
1568 2788 1941 2857 καταρρέοντα

259 2874 580 2942 ἐπέχουσαι,
633 2875 725 2927 καὶ
764 2875 902 2944 μετά
939 2875 1137 2945 πολλῆς
1177 2875 1463 2942 στέγουσαι
1497 2875 1594 2944 τῆς
1632 2875 1940 2946 ἀκριϐείας.

261 2961 362 3012 καὶ
408 2961 609 3033 πολλὴν
636 2965 756 3026 ταῖς
784 2963 938 3031 ὕψεσι
979 2963 1079 3034 τὴν
1119 2961 1422 3032 εὐμορφίαν
1459 2962 1812 3032 παρέχουσαι.
1864 2965 1939 3016 Ού

258 3047 426 3100 τοῦτο
455 3049 511 3100 δὲ
548 3049 704 3118 μόνον
737 3051 802 3104 ἀν
832 3067 916 3112 τις
940 3050 1288 3118 θαυμάσειεν,
1319 3049 1453 3101 ἀλλὰ
1495 3051 1589 3103 καὶ
1626 3051 1811 3121 ἕτερον
1839 3053 1940 3104 οὑκ

261 3136 489 3188 ἔλαττον
512 3135 720 3188 τούτου.
763 3137 918 3199 Τίνος
949 3138 1055 3206 γὰρ
1084 3136 1288 3195 ἕνεκεν.
1326 3137 1446 3188 εἰπέ
1481 3154 1594 3204 μοι,
1625 3139 1682 3189 αἱ
1716 3140 1814 3202 μὲν
1841 3139 1938 3208 τῆς

259 3225 510 3294 κεφαλῆς
539 3223 790 3289 αὔξονται
840 3225 1024 3294 τρίχες
1069 3225 1162 3276 καὶ
1195 3224 1600 3294 ἀποκείρονται,
1641 3227 1698 3278 αἱ
1731 3226 1786 3276 δὲ
1830 3226 1938 3278 τῶν

258 3311 486 3382 ὀφρύων
507 3313 607 3364 οὑκ
640 3310 755 3374 ἐτι;
789 3309 937 3381 [H9]
971 3309 1091 3362 ούδέ
1135 3310 1245 3380 γὰρ
1272 3309 1429 3363 τοῦτο
1459 3311 1669 3374 ἁπλῶς,
1703 3313 1823 3366 ούδέ
1863 3313 1938 3376 ὠς

261 3401 456 3468 ἔτυχεν
489 3400 618 3469 ἡμῖν
645 3401 883 3466 γέγονεν,
919 3398 1033 3452 ἀλλ’
1068 3395 1209 3450 ὥστε
1255 3398 1328 3469 μὴ
1357 3400 1678 3470 χαλωμένας
1716 3402 1938 3454 ἐπισκο-

259 3489 380 3540 τεῖν
408 3491 520 3550 τοῖς
561 3487 879 3556 ὀφθαλμοῖς,
908 3487 1045 3556 ὅπερ
1073 3487 1122 3538 οἰ
1155 3485 1291 3556 1:90;
1328 3486 1464 3555 βαθὺ
1487 3489 1664 3558 γῆρας
1691 3489 1937 3552 ἐλθόντες

261 3578 558 3646 πάσχουσι.
601 3575 697 3637 Τίς
740 3573 786 3626 δ’
834 3573 900 3626 ἂν
943 3573 1194 3643 δυνηθείη
1231 3573 1326 3643 τὴν
1359 3573 1446 3627 δια
1491 3575 1586 3627 τοῦ
1634 3577 1936 3643 ἐγκεφάλου

258 3661 619 3729 δ;ικνυμένην
645 3660 837 3728 σοφίαν
867 3659 1084 3712 ἃπασαν
1115 3660 1340 3712 διελθεῖν
1363 3672 1384 3698 ε
1407 3677 1421 3724 ;
1446 3660 1665 3730 Πρῶτον
1697 3663 1797 3730 μὲν
1828 3663 1936 3736 γὰρ

261 3748 428 3798 αὑτὸν
461 3745 665 3798 ἁπαλὸν
687 3746 959 3814 ἐποίησεν,
986 3747 1173 3817 ἐπειδὴ
1208 3749 1326 3809 ταῖς
1353 3746 1670 3816 αἰσθήσεσιν
1693 3749 1933 3813 ἀπάσαις

261 3833 427 3894 αὐτὸς
457 3835 680 3902 χορηγεῖ
696 3831 794 3895 τὰς
827 3834 1008 3900 πηγάς
1028 3851 1039 3863 ·
1072 3830 1190 3886 εἶτα
1213 3834 1296 3886 ἵνα
1331 3834 1404 3903 μὴ
1429 3835 1578 3904 παρὰ
1603 3835 1702 3905 τὴν
1729 3838 1936 3890 οἰκείαν

263 3920 725 3990 παραϐλάπτηται
769 3918 950 3988 φύσιν.
999 3922 1175 3984 ὀστοῖς
1211 3921 1369 3973 αὑτὸν
1408 3922 1670 3975 πάντοθεν
1720 3925 1934 3978 ἐπετείο

261 4024 386 4077 χισε
407 4023 421 4037 ·
462 4007 619 4060 πάλιν
644 4007 730 4058 ἵνα
768 4007 842 4078 μὴ
874 4009 938 4077 τῇ
975 4007 1300 4078 σκληρότητι
1328 4008 1435 4060 τῶν
1461 4009 1632 4062 ὀστῶν
1668 4029 1936 4083 παρατρι-

261 4095 494 4163 ϐόμενος
545 4093 846 4164 ἐνοχλῆται,
900 4094 1075 4164 ὑμένα
1128 4096 1293 4164 μέσον
1346 4095 1641 4157 ἐπέτεινεν,
1697 4100 1796 4169 οὑχ
1841 4101 1937 4154 ἕνα

267 4183 453 4253 μόνον,
476 4181 612 4235 ἀλλά
634 4182 726 4234 καὶ
748 4182 1018 4251 δεύτερον.
1036 4181 1126 4234 10v
1146 4182 1242 4251 μὲν
1272 4183 1556 4245 ὑποτείνας
1571 4183 1650 4253 τῷ
1665 4184 1936 4256 βρέγματι

264 4269 526 4327 κάτωθεν,
583 4269 672 4320 10v
701 4268 756 4320 δὲ
802 4267 1006 4320 ἀνωθεν
1040 4266 1342 4336 περιϐαλὼν
1390 4270 1456 4339 τῇ
1497 4269 1588 4322 τοῦ
1630 4273 1933 4341 ἐγκεφάλου

266 4356 465 4427 σαρκί·
503 4357 596 4408 καὶ
625 4355 769 4407 ἐστιν
798 4356 1001 4415 ἐκεῖνος
1030 4353 1218 4406 τούτου
1255 4354 1639 4427 σκληρότερος.
1682 4360 1850 4414 Τοῦτο
1877 4363 1933 4415 δὲ

265 4443 491 4512 ἐποίησε
520 4442 606 4496 διά
634 4459 692 4493 τε
722 4442 819 4511 τὴν
845 4443 1140 4511 εἰρημένην
1161 4441 1360 4505 αἰτίαν,
1391 4445 1484 4497 καὶ
1519 4447 1607 4499 ἵνα
1636 4447 1736 4511 10;
1769 4466 1934 4518 φερο-

267 4533 436 4602 μένας
469 4531 560 4582 ἐπὶ⁸
593 4529 691 4600 τῆς
723 4528 962 4598 κεφαλῆς
999 4527 1210 4597 πληγὰς
1241 4529 1315 4599 μὴ
1344 4531 1555 4600 πρῶτος
1582 4534 1610 4586 ὀ
1636 4535 1935 4604 ἐγκέφαλος

261 4620 513 4688 δέχηται,
559 4616 696 4670 ἀλλά
744 4615 1168 4687 προαπαντῶσαι
1215 4617 1269 4668 αί
1307 4618 1573 4688 μήνιγγες
1617 4617 1776 4676 αὗται
1816 4625 1935 4685 ταῖς

266 4705 452 4774 βολαῖς
475 4705 573 4775 τὴν
599 4701 804 4773 βλάϐην
831 4701 1118 4756 διαλύωσιν
1147 4701 1381 4767 ἃπασαν,
1410 4707 1504 4758 καὶ
1525 4706 1934 4778 ἀνεπηρέαστον

262 4793 429 4846 αὐτὸν
467 4789 779 4861 διατηρῶσι.
815 4789 922 4841 Καὶ
949 4788 1009 4840 10
1038 4786 1112 4856 μὴ
1143 4789 1364 4858 συνεχές
1397 4807 1458 4842 τε
1491 4793 1584 4843 καὶ
1619 4791 1678 4845 ἓν
1709 4788 1846 4846 εἶναι
1875 4794 1935 4846 τὸ

263 4877 540 4932 καλύπτον
563 4877 724 4929 αὑτὸν
766 4874 978 4938 ὀστοῦν,
1005 4872 1142 4928 ἀλλά
1183 4874 1384 4938 πολλὰς
1417 4879 1754 4948 πανταχόθεν
1792 4880 1935 4949 ἔχειν

265 4965 468 5035 ῥαφὰς,
502 4963 700 5031 πολλῆς
729 4963 1028 5030 ἀσφαλείας
1059 4960 1206 5030 αύτῷ
1228 4963 1390 5014 πάλιν
1421 4963 1676 5028 ὑπόθεσις
1705 4967 1931 5034 γίνεται.

264 5052 390 5104 Τῶν
419 5067 477 5102 τε
509 5049 618 5119 γὰρ
645 5051 974 5118 συνεχόντων
1015 5049 1175 5101 αὑτὸν
1206 5048 1394 5118 ἀτμῶν
1425 5051 1506 5112 εἰς
1543 5052 1604 5104 τὸ
1643 5053 1749 5120 ἔξω
1776 5054 1934 5125 ῥᾳδία

263 5140 462 5208 γένοιτ’
489 5137 554 5189 ἂν
582 5139 824 5207 ἀναπνοὴ
855 5138 944 5190 διά
975 5137 1083 5190 τῶν
1123 5136 1308 5206 ραφῶν
1337 5137 1580 5202 ἐκείνων,
1604 5139 1745 5194 ὥστε
1773 5142 1934 5195 αὑτὸν

266 5227 348 5295 μὴ
387 5222 812 5292 συμπνίγεσθαι·
851 5224 1032 5294 πληγή
1067 5239 1126 5276 τε
1175 5223 1227 5275 ετ
1261 5239 1346 5284 τις
1383 5223 1698 5296 ἐπενεχθείη
1748 5228 1932 5291 ποθὲν,

262 5316 367 5383 οὺχ
396 5311 688 5379 ὁλοσχερὴς
716 5310 926 5376 γίνεται
960 5311 1209 5382 ήβλάϐη.
1242 5312 1305 5364 Εἰ
1338 5310 1438 5380 μὲν
1469 5311 1576 5380 γὰρ
1595 5312 1654 5365 ἓν
1673 5315 1766 5367 καὶ
1795 5333 1928 5368 συν-

263 5401 391 5471 εχὲς
412 5396 478 5470 ἦν
499 5398 560 5452 τό
578 5397 786 5459 ὀστοῦν,
806 5398 900 5449 καὶ
916 5400 995 5460 είς
1017 5399 1075 5450 ἒν
1099 5400 1264 5470 μέρος
1293 5398 1675 5466 κατενεχθεῖσα
1693 5403 1725 5470 ἡ
1753 5403 1933 5473 πληγὴ

261 5487 330 5539 10
363 5489 470 5541 πᾶν
499 5485 801 5554 ἐλυμήνατο
829 5482 896 5535 ἀν
917 5499 929 5510 ·
956 5483 1033 5550 τῷ
1070 5485 1126 5536 δὲ
1158 5487 1237 5548 εἰς
1265 5484 1434 5538 πολλά
1469 5484 1790 5555 διαιρεῖσθαι
1816 5488 1930 5553 νῦν,

261 5576 367 5628 οὑκ
407 5573 473 5628 ἂν
516 5572 723 5641 γένοιτο
771 5569 944 5622 τοῦτο.
986 5572 1050 5622 Εἰ
1082 5571 1190 5640 γὰρ
1237 5573 1329 5625 καὶ
1372 5571 1612 5642 συμϐαίη
1659 5575 1930 5646 τρωθῆναι

265 5663 435 5733 μέρος
462 5661 539 5725 ἒν,
575 5660 636 5714 τὸ
669 5658 786 5711 κατ’
821 5659 996 5708 ἐκεῖνο
1027 5657 1088 5708 10
1128 5659 1292 5730 μέρος
1320 5659 1511 5712 ὀστοῦν
1540 5660 1791 5730 κείμενον
1832 5681 1932 5716 πα-

1965 5728 1980 5762 δ

2047 781 2076 831 ὀ
2105 778 2255 841 Θεὸς,
2273 779 2365 830 καὶ
2381 777 2627 847 καθάπερ
2655 779 2831 831 οἰκίαν
2856 796 2935 840 τις
2955 781 3272 850 οἰκοδομῶν,
3293 779 3496 852 στέγην
3515 783 3607 835 καὶ
3625 801 3720 837 κε-

2045 866 2272 935 ραμῖίας
2294 863 2496 918 ἀνωθεν
2519 863 2843 932 ἐπιτίθησιν·
2861 863 3002 917 οὑτω
3037 867 3131 920 καὶ
3165 867 3233 919 τὰ
3255 869 3390 921 ὀστᾶ
3423 866 3599 921 ταῦτα
3624 871 3722 922 ἐπο

2044 951 2239 1022 έθηκεν
2258 951 2462 1006 ἄνωθεν
2477 953 2572 1004 ἐπὶ
2587 953 2682 1022 τῆς
2701 951 2942 1022 κεφαλῆς
2957 955 2984 1006 0
2998 952 3129 1018 Θεὸς
3140 997 3152 1013 .
3173 956 3266 1008 καὶ
3279 955 3469 1026 τρίχας
3489 954 3723 1024 βλαστάο

2041 1055 2151 1091 νειν
2181 1039 2612 1106 παρεσκεύασεν,
2643 1041 2784 1095 ὥστε
2814 1042 2936 1095 ἀντὶ
2967 1042 3285 1110 πιλημάτων
3301 1044 3461 1096 τινῶν
3493 1039 3719 1114 εἷναιτῇ

2041 1124 2272 1194 κεφαλῇ.
2310 1125 2381 1178 Τὸ
2407 1127 2538 1179 αὑτὸ
2560 1127 2617 1180 δὲ
2644 1129 2797 1181 τοῦτο
2826 1129 2921 1182 καὶ
2952 1129 3044 1181 ἐπὶ
3073 1130 3171 1199 τῆς
3192 1129 3412 1200 καρδίας
3440 1131 3714 1198 ἐποίησεν.

2055 1211 2269 1283 Ἐπειδὴ
2298 1213 2406 1284 γὰρ
2440 1213 2500 1267 10
2528 1213 2862 1284 κυριώτατόν
2908 1219 3024 1269 ἐστι
3063 1216 3174 1270 τῶν
3207 1218 3265 1269 ἐν
3299 1219 3432 1287 ἡμῖν
3479 1217 3652 1286 μελῶν
3683 1219 3723 1291 ἡ

2043 1299 2256 1370 καρδία,
2271 1301 2365 1355 καὶ
2386 1301 2486 1371 τῆς
2514 1301 2660 1372 ζωῆς
2689 1301 2844 1372 ἡμῶν
2871 1303 3083 1372 ἀπάσης
3105 1302 3246 1373 αῦτη
3268 1303 3328 1354 τὸ
3359 1302 3526 1376 κῦρος
3554 1305 3710 1373 ἐγκε-

2040 1389 2326 1460 χείρισται,
2375 1391 2467 1444 καὶ
2501 1391 2562 1442 10
2604 1391 2767 1461 τυχὸν
2804 1390 3100 1460 πληγείσης
3115 1392 3284 1462 αὐτῆς
3315 1390 3542 1455 θάνατος
3572 1392 3720 1460 γίνε-

2039 1493 2148 1542 ται,
2183 1480 2456 1544 στεγανοῖς
2479 1477 2569 1530 καὶ
2605 1478 2857 1549 σκληροῖς
2878 1479 3055 1541 ὀστοῖς
3087 1479 3180 1532 καὶ
3216 1477 3422 1548 ταύτην
3454 1480 3720 1548 πανταχιῗ-

2042 1561 2133 1616 θεν
2165 1563 2519 1634 περιέφραξε,
2566 1568 2688 1629 ταῖς
2724 1565 2818 1618 τοῦ
2863 1565 3110 1636 θώρακος
3142 1565 3433 1636 προϐολαῖς
3475 1566 3569 1618 καὶ
3598 1568 3718 1629 ταῖς

2041 1650 2392 1721 ὼμοπλάταις
2420 1651 2640 1704 ὄπισθεν
2679 1653 2921 1721 τειχίσας
2948 1653 3117 1722 αὑτήν
3138 1669 3152 1682 ·
3193 1653 3288 1705 καὶ
3320 1654 3458 1722 ὅπερ
3488 1652 3582 1704 ἐπὶ
3608 1653 3718 1704 τῶν

2044 1737 2322 1806 μηνίγγων
2369 1739 2612 1809 ἐποίησε,
2659 1740 2817 1793 τοῦτο
2861 1741 2954 1793 καί⁸
3004 1740 3095 1792 ἐπὶ
3139 1739 3345 1809 ταύτης
3399 1739 3713 1810 εἰργάσατο.

2044 1823 2203 1878 Ὥστε
2236 1827 2344 1897 γὰρ
2376 1826 2450 1898 μὴ
2493 1827 2732 1898 συνεχῶς
2765 1826 3068 1898 ἀλλομένην
3115 1826 3286 1898 αὑτὴν
3333 1827 3429 1879 καὶ
3462 1827 3718 1898 πηδῶσαν

2041 1914 2099 1965 ἐν
2129 1917 2240 1977 τοῖς
2266 1915 2455 1984 θυμοῖς
2494 1916 2589 1968 καὶ
2617 1918 2737 1978 ταῖς
2763 1915 3040 1977 τοιαύταις
3072 1915 3270 1983 ὁρμαῖς
3307 1915 3402 1967 καὶ
3447 1917 3512 1984 τῇ
3549 1915 3714 1984 σκλη-

2044 2000 2228 2070 ρότητι
2272 2002 2380 2053 τῶν
2431 2001 2603 2054 ὀστῶν
2658 2001 3026 2071 ἐγκρούουσαν
3083 2001 3188 2053 τῶν
3238 2003 3717 2071 περιφραττόντων

2042 2087 2212 2158 αὐτὴν
2243 2088 2676 2159 παρατρίϐεσθαι
2711 2089 2803 2142 καὶ
2826 2088 3135 2154 ὀδυνᾶσθαι,
3168 2089 3375 2157 ὑμένας
3405 2105 3463 2140 τε
3495 2090 3718 2141 ὑπέτειν-

2042 2190 2130 2227 νεν
2169 2177 2283 2227 ἐκεῖ
2320 2176 2565 2240 πολλοὺς,
2622 2178 2715 2228 καὶ
2746 2176 2836 2228 10v
2881 2175 3157 2244 πνεύμονα
3207 2173 3480 2245 ὑπέθηκεν
3527 2175 3718 2243 ῶσπερ

2043 2261 2248 2315 ἁπαλὸν
2276 2263 2501 2334 στρῶμα
2533 2267 2644 2325 τοῖς
2668 2263 2906 2332 ἅλμασιν
2937 2263 3109 2332 αὑτῆς
3139 2262 3422 2333 παραθεὶς,
3464 2263 3553 2317 ἵνα
3581 2264 3713 2316 ἁλύ-

2042 2365 2158 2413 πως
2192 2351 2566 2422 ἐρρηγνυμένη
2604 2351 2797 2420 τούτῳ,
2839 2351 3008 2421 μηδὲν
3049 2350 3211 2420 ἀηδὲς
3260 2350 3460 2421 πάσχῃ.
3507 2350 3616 2402 Καὶ
3661 2352 3715 2402 τί

2040 2436 2183 2504 λέγω
2215 2440 2340 2508 περὶ
2373 2437 2675 2506 ἐγκεφάλου
2711 2438 2803 2490 καὶ
2850 2438 3097 2508 καρδίας,
3131 2439 3264 2490 ὅπου
3309 2455 3373 2506 γε
3419 2437 3581 2500 εἴτις
3624 2439 3716 2491 καὶ

2040 2525 2168 2593 περὶ
2185 2524 2292 2576 τῶν
2320 2524 2524 2593 ὀνύχων
2553 2525 2732 2577 αὑτῶν
2764 2523 3044 2594 ζητήσειε,
3075 2525 3274 2595 πολλὴν
3301 2525 3396 2579 καὶ
3424 2527 3482 2577 ἐν
3503 2525 3712 2589 τούτοις

2040 2609 2229 2678 ὄψεται
2262 2611 2360 2682 τὴν
2413 2611 2603 2680 σοφίαν
2654 2610 2748 2664 τοῦ
2796 2611 2931 2664 Θεοῦ
2975 2612 3440 2683 διαδεικνυμένην,
3477 2613 3571 2665 καὶ
3608 2613 3716 2666 01:0

2040 2697 2132 2749 106
2167 2699 2445 2769 σχήματος
2476 2698 2675 2761 αὑτῶν,
2711 2700 2803 2752 καὶ
2834 2699 2942 2753 01:0
2969 2699 3068 2769 τῆς
3099 2699 3308 2763 οὐσίας,
3340 2700 3434 2753 καὶ
3461 2697 3570 2752 01:0
3613 2699 3715 2766 τῆς

2041 2783 2261 2848 θέσεως.
2315 2786 2470 2855 Ἐνῆν
2494 2785 2550 2838 δέ
2580 2787 2752 2840 εἰπεῖν
2781 2788 2874 2840 καὶ
2899 2787 3042 2850 τίνος
3063 2787 3248 2840 ἕνεκεν
3271 2787 3371 2840 οὑκ
3399 2786 3711 2857 ἰσόμετροιά

2039 2871 2236 2935 πάντες
2264 2874 2395 2942 ἡμῖν
2422 2875 2557 2926 εἰσιν
2584 2873 2633 2924 οἰ
2679 2873 2952 2933 δάκτυλοι,
3001 2875 3095 2926 καὶ
3121 2873 3292 2926 πολλὰ
3312 2873 3398 2924 ἐτε
3410 2890 3476 2941 ρα
3500 2872 3676 2924 τούτω
3693 2895 3708 2920 ι

2040 2955 2191 3030 [120]
2234 2960 2486 3013 πλείονα·
2521 2961 2634 3014 ἀλλ’
2665 2961 2979 3031 ἀρκούντως
3019 2961 3112 3013 καὶ
3153 2962 3220 3014 ἐκ
3265 2959 3373 3014 τῶν
3406 2961 3712 3032 εἰρημένων

2037 3048 2148 3108 τοῖς
2195 3046 2436 3099 ἐθέλουσι
2470 3048 2757 3117 προσέχειν
2797 3051 2831 3118 ἡ
2881 3049 3042 3116 σοφία
3078 3047 3172 3100 τοῦ
3210 3048 3713 3118 δημιουργήσαντος

2037 3134 2184 3202 ἡμᾶς
2208 3134 2506 3205 διαλάμπει
2537 3135 2672 3188 Θεοῦ
2695 3155 2706 3166 ·
2739 3135 2927 3206 διόπερ
2963 3134 3122 3204 ἀφεὶς
3143 3135 3299 3188 τοῦτο
3325 3134 3386 3188 τὸ
3413 3134 3578 3205 μέρος
3602 3137 3714 3197 τοῖς

2037 3222 2346 3287 φιλοπόνοις
2393 3223 2788 3290 ἐξεργάσασθαι
2845 3223 2983 3292 μετὰ
3032 3222 3340 3294 ἀκριϐείας,
3390 3222 3475 3291 ἐφ’
3522 3223 3712 3293 ἑτέραν

2035 3307 2305 3359 ἀντίθεσιν
2334 3309 2623 3379 τρέψομαι.

2107 3394 2168 3448 δ’.
2192 3395 2301 3449 Καὶ
2331 3396 2440 3466 γὰρ
2468 3396 2651 3450 πολλοὶ
2679 3396 2816 3467 μετὰ
2832 3397 2938 3450 τῶν
2955 3398 3259 3469 εἰρημένων
3284 3395 3499 3450 κάκεῖνο
3513 3397 3710 3453 ἀντιλέ-

2035 3498 2220 3546 γουσι·
2259 3484 2323 3535 Τί
2367 3484 2588 3554 δήποτε,
2626 3486 2672 3536 εἰ
2708 3484 2959 3553 βασιλεὺς
2982 3485 3090 3537 τῶν
3133 3485 3344 3552 ἀλόγων
3382 3487 3526 3538 ἐστὶν
3560 3487 3587 3536 0
3619 3485 3711 3538 ἄν·

2035 3567 2271 3639 θρωπος,
2303 3573 2395 3624 καὶ
2429 3571 2590 3646 ῥώμῃ
2642 3573 2736 3625 καὶ
2785 3571 3004 3643 ὀξύτητι
3046 3573 3140 3625 καὶ
3184 3572 3341 3642 τάχει
3393 3571 3562 3624 πολλὰ
3601 3571 3714 3625 τῶν

2035 3657 2187 3719 ζώων
2213 3659 2376 3711 αὑτοῦ
2409 3660 2718 3713 πλεονεκτεῖ
2751 3671 2773 3698 ε
2799 3677 2813 3724 ;
2845 3659 2940 3712 καὶ
2967 3660 3075 3731 γὰρ
3103 3659 3397 3732 ταχύτερον
3425 3661 3588 3721 ἴττπος
3619 3661 3711 3712 ἀν-

2035 3742 2273 3813 θρώπου,
2299 3747 2391 3798 καὶ
2427 3746 2822 3816 τλητικώτερον
2863 3746 3009 3814 βοῦς,
3035 3747 3132 3799 καὶ
3163 3749 3490 3818 κουφότερον
3533 3746 3707 3808 ἀετὸς,

2035 3832 2128 3883 καὶ
2159 3832 2504 3902 ἰσχυρότερον
2530 3833 2686 3885 λέων.
2729 3833 2772 3885 Τ
2778 3833 2793 3884 ί
2825 3829 2919 3886 οῦν
2947 3833 3012 3886 ἂν
3042 3835 3294 3902 εἴποιμεν
3326 3834 3461 3905 1:90;
3503 3833 3669 3886 ταῦτα
3701 3850 3715 3887 :

2037 3918 2157 3971 Ὅτι
2193 3918 2285 3970 καὶ
2315 3917 2563 3971 ἐντεῦθεν
2605 3919 2836 3988 μάλιστα
2878 3919 3134 3989 εἰσόμεθα
3176 3918 3269 3972 τοῦ
3299 3919 3434 3972 Θεοῦ
3480 3918 3581 3988 τὴν
3622 3935 3711 3971 σο-

2037 4007 2185 4073 φίαν,
2217 4006 2308 4058 καὶ
2340 4006 2437 4077 τὴν
2470 4007 2633 4077 τιμὴν
2680 4007 2746 4076 ἢν
2787 4008 2934 4076 ἡμᾶς
2972 4005 3220 4076 ἐτίμησε.
3255 4007 3566 4076 Ταχύτερον
3612 4006 3714 4074 μὲν

2035 4096 2140 4163 γὰρ
2189 4094 2352 4156 ἵππος
2380 4093 2690 4164 ἀνθρώπου,
2727 4093 2843 4146 ἀλλ’
2872 4096 2953 4158 είς
2977 4093 3288 4164 ἀποδημίας
3320 4095 3483 4163 τάχος
3527 4093 3710 4162 ἐπιτηο

2034 4181 2299 4252 δειότερον
2324 4181 2607 4251 ἄνθρωπος
2638 4181 2802 4233 ἵππου
2825 4199 2838 4213 ·
2873 4182 3038 4244 ἵππος
3066 4183 3164 4252 μὲν
3188 4181 3318 4254 γὰρ,
3357 4180 3462 4236 κᾶν
3494 4180 3714 4232 πάντων

2034 4269 2289 4335 ὀξύτατος
2333 4270 2425 4321 καὶ
2464 4269 2845 4336 ἀλκιμώτατος
2872 4267 2928 4343 ᾖ,
2966 4270 3117 4340 μόλις
3153 4270 3460 4332 διακοσίους
3486 4269 3712 4340 δραμεῖ-

2032 4375 2120 4410 ται
2163 4359 2260 4428 τῆς
2307 4358 2518 4429 ἡμέρας
2561 4357 2839 4420 σταδίους·
2883 4358 3166 4429 ἄνθρωπος
3190 4359 3246 4412 δέ
3293 4359 3591 4422 ὑποζεύξας
3620 4359 3705 4410 ἴπ-

2034 4462 2167 4508 πους
2190 4447 2254 4498 ἐκ
2272 4445 2524 4515 διαδοχῆς
2547 4445 2793 4509 πολλοὺς,
2825 4445 2917 4499 καὶ
2945 4445 3240 4514 δισχιλίους
3271 4444 3558 4513 δυνήσεται
3585 4461 3709 4496 στα-

2031 4532 2177 4597 δίους
2221 4533 2485 4586 διανύσαι.
2527 4533 2688 4585 Ὥστε
2737 4533 2876 4601 ὅπερ
2925 4531 3120 4600 ἐκείνῳ
3146 4531 3206 4583 10
3256 4531 3440 4600 τάχος,
3473 4529 3648 4599 τούτῳ
3677 4533 3705 4583 0

2033 4619 2288 4688 λογισμὸς
2324 4621 2417 4672 καὶ
2442 4622 2472 4689 ή
2507 4619 2671 4689 τέχνη
2697 4618 2940 4690 παρέσχε
2967 4618 3106 4689 μετά
3134 4616 3378 4679 πλείονος
3405 4616 3506 4681 τῆς
3537 4617 3703 4686 ὑπερ-

2032 4706 2192 4775 ϐολῆς
2212 4722 2226 4740 ο
2257 4707 2357 4758 οὑκ
2383 4705 2494 4775 ἔχει
2526 4707 2625 4775 μὲν
2664 4705 2774 4776 γάρ
2812 4705 2981 4770 πόδας
3011 4705 3262 4776 ἰσχυροὺς
3293 4703 3312 4741 ί
3342 4705 3371 4756 ὀ
3395 4702 3700 4772 ἄνθρωπος.

2031 4792 2220 4864 ῶσπερ
2266 4794 2500 4855 ἐκεῖνος,
2537 4792 2652 4862 ἔχει
2697 4793 2754 4846 δὲ
2803 4793 2927 4854 τοὺς
2974 4791 3183 4845 ἐκείνου
3223 4789 3330 4841 τῶν
3360 4788 3553 4841 ἐαυτοῦ
3601 4789 3702 4842 οὐκ

2033 4879 2254 4933 ἔλαττον
2280 4879 2430 4950 αὑτῷ
2451 4879 2918 4948 διακονουμένους.
2943 4877 3064 4929 Τῶν
3090 4877 3186 4946 μὲν
3211 4875 3319 4945 γὰρ
3345 4875 3554 4942 ἀλόγων
3581 4875 3701 4928 οὑδὲ

2034 4965 2090 5020 ἓν
2118 4966 2271 5031 ζώων
2305 4967 2489 5037 ἓτερον
2517 4967 2652 5036 πρὸς
2687 4965 2783 5034 τὴν
2823 4964 3016 5017 ἐαυτοῦ
3061 4962 3252 5032 χρείαν
3283 4961 3574 5026 ὑποζεῦξαι
3604 4960 3698 5014 δύ-

2032 5071 2208 5116 ναται,
2239 5055 2268 5105 ὀ
2290 5053 2344 5106 δὲ
2369 5053 2652 5123 ἄνθρωπος
2680 5053 2855 5105 πάντα
2883 5051 3081 5111 ἔπεισι,
3107 5051 3199 5104 καὶ
3219 5049 3305 5103 διὰ
3330 5050 3428 5118 τῆς
3451 5048 3699 5118 ποικίλης

2031 5142 2224 5209 τέχνης
2262 5140 2362 5209 τῆς
2403 5141 2551 5208 παρᾶ
2590 5139 2684 5191 τοῦ
2721 5137 2855 5190 Θεοῦ
2902 5137 3147 5208 δοθείσης
3190 5137 3375 5206 αὐτῷ,
3423 5137 3559 5206 πρὸς
3595 5135 3695 5208 τὴν

2035 5227 2269 5296 μάλιστα
2299 5230 2679 5298 προσήκουσαν
2707 5225 2856 5294 αύτῷ
2898 5225 3208 5294 οἰκονομίαν
3231 5224 3460 5275 ἕκαστον
3495 5222 3695 5289 ὑπάγει

2031 5314 2139 5365 τῶν
2169 5313 2342 5377 ζώων.
2384 5313 2446 5366 Εἰ
2487 5312 2543 5365 δὲ
2574 5308 2714 5382 ἦσαν
2741 5312 2914 5374 οὑτως
2960 5311 3168 5381 ἰσχυροὶ
3194 5311 3243 5362 οἱ
3277 5309 3433 5372 πόδες
3462 5311 3572 5362 τῶν
3599 5312 3695 5364 άν-

2032 5401 2265 5471 θρώπων
2288 5402 2362 5463 ώς
2390 5402 2438 5453 οἱ
2465 5399 2572 5452 τῶν
2595 5400 2796 5462 ἵππων,
2823 5398 2958 5469 1:90;
2987 5398 3146 5467 ἔτερα
3169 5395 3234 5449 ἂν
3260 5397 3506 5465 ἐγένοντο
3524 5395 3696 5467 ἄχρη-

2035 5505 2167 5547 στοι,
2203 5488 2337 5557 πρὸς
2377 5485 2704 5556 δυσχωρίας,
2751 5485 2888 5556 1:90;
2936 5483 3262 5554 ἀκρωρείας.
3308 5484 3443 5554 1:90;
3490 5483 3694 5536 ἀναϐά-

2033 5593 2143 5638 σεις
2170 5575 2432 5646 δένδρων·
2484 5575 2517 5644 ἡ
2555 5573 2660 5644 γάρ
2693 5571 2830 5644 ὀπλὴ
2862 5575 2982 5633 ταῖς
3012 5571 3147 5641 πρὸς
3176 5571 3246 5623 1'1
3295 5570 3520 5624 10:0610
3553 5570 3694 5640 βαδί-

2033 5680 2181 5715 σεσιν
2239 5661 2548 5731 ἐμποδίζειν
2597 5661 2806 5715 εἴωθεν.
2853 5661 3014 5712 Ὥστε
3063 5661 3111 5711 εί
3153 5661 3245 5712 καὶ
3276 5658 3612 5729 ἁπαλώτεροι
3643 5658 3695 5711 οι

264 5751 634 5822 ραϐλάπτεται
669 5747 848 5818 μόνον,
873 5745 941 5796 τὰ
966 5744 1021 5796 δὲ
1045 5744 1205 5798 λοιπά
1228 5747 1387 5818 ἀσινῆ
1420 5747 1569 5818 μένει
1612 5749 1809 5811 πάντα,
1838 5751 1930 5803 τοῦ
1965 5744 1980 5762 “
2032 5750 2191 5812 πόδες
2224 5748 2422 5812 αὑτῶν,
2463 5748 2597 5802 ἀλλὰ
2634 5749 2766 5820 1:90;
2795 5747 3011 5811 πλείους
3035 5749 3454 5818 ἐπιτηδειότεροι
3482 5747 3693 5817 χρείας,

260 5837 522 5908 συνεχοῦς
546 5837 642 5908 τῆς
673 5833 886 5904 πληγῆς
911 5833 1329 5902 διακοπτομένου
1366 5839 1431 5904 τῇ
1460 5835 1569 5888 τῶν
1597 5837 1767 5889 ὀστῶν
1799 5838 1930 5889 διαι-

322 5959 348 6022 f
375 5958 580 6022 Quidam
605 5972 718 6007 mss.
740 5959 844 6022 περὶ
868 5957 1011 6019 κόρης
1033 5955 1274 6019 ὀφθαλμοῦ
1300 5959 1379 6004 καὶ
1405 5966 1500 6016 τῆς.

326 6020 354 6060 δ
380 6021 474 6068 Alii
500 6021 692 6082 κάρφος.

324 6082 352 6116 ⁸
377 6084 474 6132 Alli
503 6084 722 6130 ἐπεὶθείν.
750 6083 874 6130 Infra
899 6083 1028 6131 SJvil
1076 6087 1127 6129 cl
1145 6083 1225 6131 alii
1248 6084 1389 6139 ὑμένα
1415 6084 1557 6142 μέσον
1585 6084 1815 6129 61:51::sz

2031 5837 2123 5889 καὶ
2155 5835 2277 5889 οὔτε
2308 5836 2397 5889 διὰ
2426 5837 2524 5903 τὴν
2558 5837 2839 5890 ἀσθένειάν
2866 5854 2919 5888 τι
2961 5835 3302 5905 βλάπτονται,
3333 5835 3434 5904 τῆς
3463 5833 3560 5888 τοῦ
3604 5835 3697 5888 ἵπ-

2093 5956 2119 5996 ἀ
2145 5957 2240 6006 Alii
2266 5958 2510 6018 ίσόμηκοι.

2096 6021 2124 6083 ἦ
2155 6020 2238 6083 Sic
2261 6022 2408 6083 Savil.
2432 6029 2483 6067 cl
2506 6019 2698 6080 plurimi
2722 6034 2818 6067 mss
2864 6021 3035 6068 Morel.
3063 6034 3180 6069 vero
3209 6022 3340 6074 ἷτὸων
3365 6021 3502 6068 αὑτὸν
3536 6019 3692 6065 πλέον.

2105 6082 2122 6118 ι
2153 6082 2300 6129 Savil.
2328 6087 2380 6129 cl
2406 6083 2488 6130 aiii
2513 6083 2709 6141 quidam
2734 6083 3073 6142 ἰσχυροτέρως.
