4414 6688
380 492 482 546 I25

378 603 515 654 ratio
534 611 589 654 et
611 615 718 665 ars,
753 615 847 671 per
890 613 1047 669 quam
1104 607 1320 665 possum
1369 594 1546 647 omnia
1587 593 1818 649 volantia
1863 591 1958 646 de-

378 691 594 747 trahere
620 692 868 746 animalia
894 698 950 745 et
976 700 1191 755 capere.
1213 683 1268 740 Si
1290 700 1416 739 vero
1444 686 1523 739 vis
1542 695 1596 739 et
1618 685 1758 738 alam
1785 696 1960 736 meam

379 783 581 839 videre:
604 782 778 837 habeo
800 782 888 836 illa
916 779 1084 833 multo
1112 777 1388 839 leviorem,
1419 792 1523 831 non
1555 789 1722 844 usque
1741 773 1808 827 ad
1837 781 1950 827 sta-

376 872 465 926 dia
494 873 701 937 decem,
732 872 814 925 vel
847 865 1053 941 viginti,
1087 880 1185 921 nec
1205 869 1455 937 usquead
1475 866 1684 923 caelum,
1716 863 1809 919 sed
1861 878 1950 917 su-

380 978 477 1032 per
512 964 683 1033 ipsum
709 960 897 1015 emtum
925 959 1222 1012 evolantem
1250 967 1304 1012 et
1328 972 1489 1027 super
1512 955 1701 1011 coelum
1738 954 1857 1009 caeli
1882 969 1964 1009 su-

385 1053 587 1119 perius,
615 1051 705 1105 ubi
733 1058 815 1103 est
834 1047 1077 1102 Christus
1102 1048 1153 1101 in
1177 1047 1362 1103 dextra
1405 1045 1498 1101 Dei
1543 1044 1755 1100 sedens.
1802 1046 1963 1100 Bruta

381 1157 595 1195 rursum
624 1142 675 1193 in
706 1153 932 1207 corpore
955 1146 1144 1206 gerunt
1187 1153 1336 1193 arma
1369 1154 1382 1190 :
1434 1142 1559 1205 puta
1603 1134 1698 1191 bos
1742 1150 1961 1199 cornua,

379 1230 570 1285 dentes
584 1243 734 1297 aper,
762 1243 961 1296 ungues
986 1229 1068 1284 leo
1097 1248 1113 1294 ;
1142 1228 1273 1282 mihi
1318 1241 1445 1280 vero
1475 1240 1579 1279 non
1625 1225 1678 1279 in
1722 1224 1966 1294 corporis

382 1332 569 1376 natura
600 1319 739 1373 Deus
765 1332 913 1372 arma
962 1319 1217 1388 reposuit,
1264 1316 1358 1372 sed
1415 1326 1565 1371 extra
1604 1330 1797 1383 corpus
1821 1354 1836 1377 ,
1866 1312 1963 1367 de-

382 1418 685 1462 monstrans
704 1406 846 1476 quod
874 1409 1067 1462 animal
1090 1410 1216 1463 mite
1262 1408 1331 1461 sit
1372 1407 1552 1471 homo,
1596 1401 1815 1473 etquod
1859 1416 1967 1457 non

384 1497 513 1552 mihi
558 1511 771 1565 semper
795 1496 980 1552 horum
1013 1508 1221 1567 tempus
1264 1512 1534 1551 armorum
1571 1511 1585 1547 :
1618 1493 1814 1548 etenim
1862 1491 1969 1547 fre-

382 1596 613 1654 quenter
651 1586 863 1656 quidem
904 1588 1013 1657 ipsa
1064 1589 1308 1658 depono,
1366 1599 1744 1654 nonnunquam
1790 1591 1966 1638 autem

389 1678 633 1733 manibus
653 1693 827 1734 sumo.
866 1679 934 1736 Ut
964 1680 1121 1750 igitur
1148 1682 1280 1735 iiber
1312 1690 1365 1734 et
1411 1677 1688 1731 absolutus
1730 1674 1853 1737 sim,
1900 1689 1968 1729 ne

384 1781 601 1834 seumer
622 1777 834 1837 gestare
855 1784 1015 1838 cogar
1050 1785 1222 1833 arma,
1256 1784 1285 1823 a
1336 1778 1522 1820 natura
1552 1780 1670 1820 mea
1723 1774 1967 1834 separata

385 1857 513 1911 fecit
550 1858 661 1928 ipsa
704 1861 862 1916 Deus.
920 1863 1035 1915 Non
1088 1863 1231 1916 enim
1280 1868 1506 1921 tantum,
1555 1858 1674 1927 quia
1724 1867 1965 1911 naturam

385 1946 644 2001 habemus
667 1951 1002 2015 rationalem,
1050 1951 1205 2005 bruta
1229 1962 1563 2019 superamus,
1611 1947 1706 2002 sed
1748 1956 1803 2002 et
1841 1962 1967 2002 cor-

388 2054 515 2103 pore
542 2039 669 2107 ipsis
690 2054 1037 2109 prmstamus:
1092 2050 1145 2093 et
1173 2039 1273 2093 hoe
1299 2041 1441 2093 enim
1469 2040 1660 2091 anima:
1697 2038 1968 2107 generosi-

387 2129 480 2182 tati
532 2132 869 2195 conveniens,
944 2140 1000 2185 et
1048 2129 1308 2184 mandatis
1358 2128 1474 2197 ejus
1522 2128 1768 2182 idoneum
1828 2128 1969 2182 Deus

388 2222 742 2289 prmparavit:
774 2222 969 2275 ctenim
993 2235 1188 2289 corpus
1217 2219 1321 2274 tale
1338 2234 1443 2273 non
1468 2227 1666 2273 temere
1689 2219 1831 2284 fecit,
1875 2219 1967 2272 sed

385 2312 542 2379 quale
566 2312 721 2366 decet
739 2326 858 2366 esse
900 2312 1141 2365 rationali
1176 2320 1377 2365 natura:
1403 2309 1711 2365 ministrans
1760 2326 1772 2360 :
1827 2308 1969 2378 quod

387 2404 487 2457 nisi
520 2403 621 2456 tale
648 2412 812 2466 esset,
847 2404 1189 2457 vehementer
1217 2401 1484 2471 impedita:
1513 2400 1745 2455 fuissent
1775 2402 1969 2455 animae

386 2494 766 2559 operatioues;
805 2506 857 2548 et
909 2494 1007 2548 hoc
1044 2509 1109 2548 ex
1156 2493 1556 2563 tegritudinibus
1607 2491 1969 2549 manifestum.

385 2585 440 2637 Si
467 2584 607 2637 enim
638 2584 903 2637 modicum
935 2584 1059 2652 quid
1083 2598 1114 2637 a
1148 2596 1356 2651 propria
1394 2581 1773 2634 constitutione
1820 2595 1971 2634 aver-

388 2683 527 2725 tatur
556 2676 665 2740 ipse
695 2674 873 2727 carnis
916 2683 1105 2737 status,
1139 2671 1317 2724 multa:
1343 2685 1407 2724 ex
1463 2670 1654 2722 anima:
1702 2670 1971 2737 operati.)-

387 2762 542 2815 uihus
568 2762 946 2829 impediuntur,
982 2770 1104 2828 puta
1133 2761 1176 2812 si
1204 2759 1427 2813 calidius
1456 2758 1542 2812 vel
1594 2758 1835 2827 frigidius
1885 2773 1971 2813 ce-

388 2852 599 2906 rebrum
631 2851 737 2904 ﬁat.
761 2850 941 2919 Itaque
971 2859 1025 2904 et
1048 2866 1112 2904 ex
1137 2864 1364 2918 corpore
1389 2850 1606 2903 multam
1652 2849 1744 2903 Dei
1795 2850 1973 2918 provi-

385 2944 619 2997 dentiam
651 2958 872 2997 ceruere
900 2942 1041 3008 licet,
1071 2958 1173 2996 non
1203 2951 1406 2995 tantum
1432 2942 1679 3010 quoniam
1708 2942 1776 2995 ab
1822 2942 1971 2995 initio

388 3034 558 3101 ipsmn
588 3033 797 3096 melius,
817 3048 973 3100 quam
1003 3048 1142 3085 nunc
1167 3040 1269 3096 est,
1313 3031 1452 3084 Deus
1504 3029 1646 3094 fecit,
1692 3030 1786 3083 sed
1837 3044 1968 3099 quo-

388 3125 528 3177 niam
558 3133 611 3176 et
636 3123 702 3175 ad
730 3124 953 3191 gloriam
986 3121 1152 3175 multo
1178 3120 1431 3189 majorem
1479 3134 1687 3173 rursum
1739 3119 1963 3173 resusci-

390 3216 542 3269 tabit.
569 3213 623 3268 Si
657 3229 781 3268 vero
807 3222 862 3267 et
885 3212 1098 3267 aliunde
1137 3212 1344 3265 discere
1383 3212 1481 3273 vis,
1523 3219 1774 3280 quantam
1835 3210 1972 3265 Deus

388 3307 703 3375 sapientiam
730 3306 868 3359 circa
897 3317 1092 3373 corpus
1119 3302 1580 3365 demonstraverit,
1628 3300 1801 3354 dicam
1848 3301 1968 3363 hoc,

388 3399 531 3467 quod
558 3397 792 3451 omnium
814 3397 1042 3451 maxime
1064 3394 1257 3449 Paulus
1276 3392 1525 3446 admirari
1571 3391 1782 3446 assidue
1822 3392 1972 3446 vide-

389 3500 493 3543 tur.
548 3488 685 3556 Quid
730 3495 906 3540 autem
947 3486 1048 3541 hoc
1103 3484 1226 3539 est?
1272 3483 1505 3538 Membra
1552 3482 1776 3537 alterum
1821 3483 1971 3537 alteri

392 3591 645 3648 pra'smre
666 3575 811 3641 fecit,
843 3591 947 3630 non
976 3575 1028 3629 in
1057 3576 1263 3639 iisdem,
1295 3574 1388 3628 sed
1421 3572 1535 3627 haec
1587 3571 1800 3641 quidem
1850 3572 1974 3643 pul-

390 3672 691 3728 chritudine
712 3672 1001 3741 praavalere
1027 3670 1231 3735 statuit,
1260 3669 1349 3722 illa
1369 3682 1493 3721 vero
1524 3667 1717 3721 robore
1748 3682 1764 3718 :
1823 3676 1972 3736 puta,

392 3766 613 3835 pulcher
636 3765 845 3828 oculus,
874 3764 968 3818 sed
999 3763 1245 3818 fortiores
1274 3763 1435 3831 pedes
1464 3778 1476 3812 :
1503 3761 1790 3830 pretiosum
1816 3769 1977 3827 caput

396 3857 492 3911 sed
536 3857 715 3910 dicere
741 3873 844 3908 non
870 3862 1042 3923 potest
1074 3853 1314 3922 pedibus,
1342 3851 1492 3905 vobis
1515 3864 1649 3919 opus
1674 3864 1778 3902 nou
1804 3848 1976 3905 habeo

393 3951 411 4014 (
440 3947 489 4000 I.
522 3947 638 4001 Cor.
673 3946 761 3999 12.
788 3946 851 3999 2t
884 3944 927 4017 ).
960 3945 1074 4000 Hoc
1102 3954 1158 4000 et
1185 3945 1238 3999 in
1256 3944 1423 3998 brutis
1447 3955 1667 3996 cernere
1692 3940 1837 4003 licet,
1869 3939 1974 3995 hoc

392 4050 447 4095 ct
475 4042 525 4093 in
558 4050 663 4093 tota
691 4041 890 4109 pariter
910 4040 1036 4093 vita.
1062 4039 1172 4093 Rex
1200 4038 1356 4106 igitur
1375 4033 1602 4088 subditis
1621 4047 1756 4101 opus
1790 4031 1970 4096 habet,

393 4133 589 4187 subditi
622 4148 766 4201 rege,
797 4134 931 4186 sicut
954 4139 1113 4199 caput
1134 4128 1374 4199 pedibus.
1400 4126 1465 4179 Et
1485 4139 1695 4178 rursum
1726 4127 1780 4178 in
1808 4123 1980 4178 brutis

397 4226 511 4280 lucc
547 4227 759 4294 quidem
806 4236 929 4279 sunt
974 4224 1213 4285 fortiora,
1254 4219 1369 4274 haec
1413 4214 1976 4284 autemspeciosiora;

397 4317 504 4370 haec
537 4332 633 4371 nos
659 4317 945 4375 delectant,
976 4314 1089 4367 hth
1116 4320 1291 4364 autem
1353 4307 1606 4362 amiciunt
1634 4324 1647 4360 :
1687 4316 1812 4377 puta
1833 4307 1980 4362 delc-

396 4415 506 4461 ctat
535 4422 669 4476 pavo
688 4448 702 4471 ,
753 4405 989 4459 nutriunt
1018 4402 1224 4471 gallinae
1248 4414 1312 4454 ac
1339 4413 1496 4464 sues;
1529 4414 1655 4453 oves
1680 4406 1855 4452 autem
1887 4412 1978 4451 ve—

394 4499 557 4550 stiunt
585 4505 641 4550 et
664 4510 860 4564 capra},
880 4493 1206 4546 collaboraut
1234 4489 1330 4543 hos
1351 4497 1406 4543 et
1427 4488 1625 4542 asinus.
1645 4488 1779 4543 Sunt
1803 4498 1979 4541 autem

394 4601 448 4643 et
469 4589 593 4652 alia,
622 4603 740 4658 quae
767 4587 955 4640 horum
1012 4584 1223 4653 quidem
1249 4582 1376 4635 nihil
1422 4581 1679 4650 przebeut,
1725 4589 1981 4635 exercent

395 4691 573 4733 autem
597 4679 844 4733 virtutem
868 4685 1126 4738 nostram,
1166 4681 1227 4727 ut
1247 4672 1372 4726 fera:
1422 4681 1731 4726 venatorum
1788 4679 1983 4739 augent

397 4771 758 4827 fortitudinem
798 4777 853 4822 ct
896 4768 1083 4821 timore
1138 4780 1304 4832 genus
1349 4772 1589 4817 nostrum
1611 4762 1880 4825 erudiunt,
1929 4769 1983 4814 et

396 4865 602 4917 cautius
622 4863 871 4924 reddunt,
896 4874 993 4913 nec
1016 4858 1278 4911 modicum
1307 4857 1369 4909 ad
1395 4856 1708 4910 medicinam
1731 4855 1981 4907 tributum

400 4955 553 5007 nobis
578 4954 644 5008 de
666 4954 895 5023 propriis
918 4949 1197 5005 conferunt
1226 4949 1498 5002 membris.
1530 4946 1709 5016 Itaque
1735 4962 1856 5002 cum
1887 4946 1980 5000 tibi

397 5046 522 5113 quis
544 5046 758 5109 dixerit,
782 5041 1049 5114 quomodo
1072 5040 1345 5093 hrutorum
1365 5053 1426 5092 es
1473 5037 1741 5101 dominus,
1793 5052 1881 5105 qut
1914 5037 1979 5088 tio

401 5148 517 5188 IIIOS
538 5134 791 5187 leonem?
824 5130 1090 5202 responde
1122 5130 1189 5184 ab
1217 5128 1368 5181 initio
1389 5142 1493 5181 non
1531 5128 1599 5179 ita
1650 5142 1710 5181 se
1760 5142 1848 5181 res
1890 5125 1984 5178 ha-

402 5229 599 5291 buisse,
622 5227 836 5296 quando
880 5225 1019 5295 apud
1072 5224 1237 5277 Deum
1290 5221 1343 5275 in
1394 5219 1787 5276 existimatione
1833 5228 1986 5273 erant

403 5319 645 5371 homines
667 5355 684 5382 ,
714 5318 926 5385 quando
953 5317 1004 5370 in
1027 5313 1275 5384 paradiso
1303 5311 1647 5365 morabantur
1672 5326 1687 5373 ;
1711 5310 1803 5365 sed
1837 5320 1982 5380 post-

402 5424 560 5477 quam
588 5408 869 5461 Dominum
898 5406 1115 5470 oll'endi,
1148 5403 1316 5460 servis
1346 5401 1512 5455 factus
1538 5416 1655 5454 sum
1684 5402 1978 5466 obnoxius,

405 5518 514 5556 non
539 5508 713 5553 tamen
752 5498 994 5563 omnino,
1053 5498 1147 5553 sed
1193 5497 1361 5550 habeo
1400 5494 1627 5562 aliquam
1673 5502 1841 5546 artem
1892 5508 1985 5561 per

401 5608 559 5661 quam
584 5590 723 5644 foras
743 5590 1120 5657 superemSic
1147 5591 1281 5643 etin
1338 5587 1583 5641 domibus
1627 5585 1831 5653 magnis
1884 5600 1983 5638 usu

405 5684 566 5747 venit,
596 5692 646 5737 ut
678 5681 790 5743 lilii,
818 5680 1058 5748 quamvis
1084 5680 1288 5735 nobiles
1315 5680 1439 5739 sint,
1484 5675 1609 5729 dum
1655 5690 1841 5742 parmn
1889 5691 1981 5726 va-

404 5776 511 5829 lent
538 5774 871 5835 auctoritate,
926 5786 1201 5825 servorum
1253 5771 1444 5826 multos
1486 5766 1804 5826 formident;
1859 5781 1982 5820 cum

404 5877 580 5922 autem
610 5879 659 5922 et
682 5866 1033 5936 percavcriut,
1060 5864 1225 5917 multo
1256 5864 1421 5932 magis
1461 5858 1695 5915 anxietas
1743 5856 1981 5911 intenda-

1396 484 1486 538 AD
1522 482 1839 540 POPULUM
1877 478 2357 537 ANTIOCHENUM
2416 479 2641 535 IIOMIL.
2676 480 2765 535 XI.

3549 487 3645 543 ιῖϐ

2066 599 2170 645 tur.
2204 591 2329 646 Haec
2349 602 2401 647 et
2429 592 2493 646 de
2516 594 2850 661 serpentibus
2875 596 3164 664 etscorpiis
3189 605 3245 651 et
3284 597 3479 666 viperis
3518 602 3639 658 licet

2065 682 2266 748 dicere,
2291 685 2428 752 quod
2452 696 2665 752 propter
2694 696 2963 753 peccatum
2996 687 3148 742 nobis
3170 688 3277 742 sint
3308 690 3593 746 terribiles.

2138 773 2192 829 5.
2226 772 2333 828 Nec
2358 789 2488 827 vero
2517 782 2715 827 tantum
2749 776 2799 828 in
2835 791 3057 845 corpore
3098 787 3281 833 nostro
3317 781 3639 837 conditioni-

2068 865 2272 935 busque
2310 867 2469 920 variis
2492 907 2506 930 ,
2545 876 2598 920 et
2645 866 2695 919 iu
2739 867 2925 931 brutis,
2966 884 3146 923 verum
3182 879 3235 924 et
3274 871 3326 926 in
3371 872 3649 929 arboribus

2069 956 2377 1010 varietatem
2403 958 2538 1010 hanc
2565 967 2809 1026 spectare
2830 959 2970 1023 licet,
2997 970 3052 1016 et
3076 964 3309 1017 omnium
3337 965 3649 1020 vilissimam

2068 1059 2212 1114 saepe
2241 1045 2422 1101 videas
2451 1047 2706 1116 majorem
2738 1063 3013 1117 superare,
3049 1067 3146 1107 nec
3171 1054 3347 1107 omnia
3378 1056 3430 1109 in
3458 1057 3641 1126 singu~

2069 1135 2135 1189 lis
2163 1149 2312 1203 esse,
2360 1147 2415 1192 ut
2457 1140 2632 1193 omnia
2674 1140 2826 1195 nobis
2864 1142 2971 1196 sint
3003 1145 3300 1198 necessaria
3322 1185 3337 1210 ,
3366 1156 3421 1201 et
3447 1151 3647 1202 variam

2072 1223 2282 1280 Domini
2315 1228 2623 1283 noverimus
2649 1232 2983 1299 sapientiam.
3014 1232 3132 1288 Noli
3162 1234 3323 1304 igitur
3349 1236 3515 1290 Deum
3540 1255 3651 1305 pro-

2071 1322 2187 1383 pter
2214 1319 2453 1385 corporis
2474 1321 2865 1388 corruptionem
2890 1337 3160 1390 accusare,
3185 1325 3278 1379 sed
3310 1334 3528 1394 propter
3551 1328 3651 1381 huc

2070 1409 2237 1477 magis
2276 1410 2447 1477 ipsum
2496 1411 2657 1466 adora
2683 1452 2698 1476 ,
2748 1422 2803 1467 et
2843 1415 3156 1483 sapientiam
3182 1428 3232 1471 et
3263 1418 3649 1486 providentiam

2072 1497 2238 1566 ipsius
2259 1500 2523 1556 admirare
2542 1520 2557 1555 :
2576 1503 2891 1572 sapientiam
2917 1505 3154 1575 quidem,
3179 1510 3427 1577 quoniam
3456 1510 3509 1564 in
3540 1521 3645 1563 tam

2070 1590 2400 1658 corruptibili
2440 1605 2664 1662 corpore
2698 1601 2897 1649 tantam
2926 1597 3098 1665 potuit
3130 1596 3462 1654 harmoniam
3495 1604 3650 1656 exhi-

2070 1675 2234 1742 here;
2270 1681 2656 1749 providentiam
2704 1699 2868 1752 vero,
2895 1687 3144 1751 quoniam
3184 1688 3357 1758 ipsum
3390 1694 3651 1761 concpti-

2074 1767 2178 1824 bile
2222 1770 2290 1824 ad
2332 1773 2524 1827 animae
2566 1773 2692 1829 fecit
2734 1776 3047 1840 utilitatem,
3095 1786 3153 1833 ut
3187 1778 3351 1849 ipsius
3387 1788 3650 1837 tumorem

2070 1863 2422 1930 comprimat,
2462 1873 2516 1919 et
2544 1866 2849 1935 superbiam
2876 1870 3117 1939 castiget.
3149 1870 3324 1937 Quare
3362 1872 3519 1942 igitur
3546 1888 3651 1929 non

2070 1952 2138 2006 ab
2162 1953 2312 2006 initio
2341 1953 2512 2022 ipsum
2541 1955 2647 2012 tale
2675 1957 2800 2011 fecit
2827 1958 2965 2012 Deus
2991 2000 3007 2026 ,
3036 1959 3204 2028 inquit
3227 1961 3453 2031 aliquis?
3473 1963 3653 2018 Excu-

2072 2058 2197 2097 saus
2223 2059 2281 2099 se
2311 2046 2401 2099 tibi
2428 2061 2524 2114 per
2552 2048 2663 2115 ipsa
2689 2064 2871 2118 opera,
2899 2060 2952 2105 et
2978 2060 3179 2106 tantum
3203 2068 3309 2108 non
3330 2054 3515 2111 dicens
3548 2071 3645 2126 per

2073 2144 2322 2187 eventum
2351 2152 2364 2189 :
2399 2136 2512 2206 Ego
2539 2137 2753 2207 quidem
2786 2147 2838 2193 te
2866 2140 2931 2194 ad
2971 2142 3227 2210 majorem
3256 2145 3507 2200 vocabam
3548 2146 3649 2201 ho-

2075 2241 2281 2292 norem,
2313 2237 2368 2281 tu
2396 2243 2524 2283 vero
2554 2230 2778 2299 teipsum
2809 2247 3030 2287 munere
3053 2234 3325 2304 indignum
3350 2236 3653 2303 reddidisti,

2074 2319 2321 2387 paradiso
2364 2321 2647 2385 excideris;
2680 2332 3044 2378 verumtamen
3076 2341 3246 2395 neque
3286 2326 3365 2383 sic
3404 2336 3456 2382 te
3480 2328 3656 2398 despi-

2073 2412 2231 2476 ciam,
2265 2412 2357 2468 sed
2403 2426 2676 2484 peccatum
2710 2426 2855 2471 tuum
2885 2420 3159 2488 corrigens
3189 2420 3240 2473 in
3268 2419 3461 2475 omium
3490 2421 3653 2476 redu-

2073 2517 2212 2555 cam.
2245 2503 2453 2558 Etenim
2489 2516 2767 2577 propterea
2799 2516 2848 2563 te
2880 2508 3150 2563 tabescere
3174 2520 3225 2563 et
3245 2511 3513 2581 corrumpi
3541 2520 3657 2566 tan-

2077 2599 2185 2644 tum
2236 2595 2489 2661 temporis
2538 2598 2792 2666 permisi,
2842 2608 2901 2653 ut
2949 2599 3001 2652 in
3052 2601 3307 2668 temporis
3357 2602 3656 2670 prolixitate

2077 2680 2278 2734 stabilis
2302 2683 2318 2713 ⁸
2351 2683 2441 2735 tibi
2490 2686 2580 2738 tiat
2609 2684 2922 2741 humilitatis
2950 2687 3225 2755 disciplina
3246 2729 3258 2751 ,
3293 2699 3346 2743 et
3370 2704 3656 2760 numquam

2078 2774 2307 2841 priorem
2354 2790 2593 2830 resumas
2638 2786 2892 2833 mentem.
2939 2778 3042 2832 Pro
3085 2778 3166 2834 his
3209 2779 3457 2835 omnibus
3502 2781 3658 2850 igitur

2075 2863 2269 2931 gratias
2289 2879 2505 2935 agamus
2532 2866 2761 2936 benigno
2789 2869 2914 2932 Deo,
2942 2878 2996 2923 et
3023 2884 3119 2938 pro
3146 2870 3233 2923 tali
3273 2886 3397 2925 cura
3432 2870 3655 2941 gratiam

2078 2954 2455 3021 rependamus,
2485 2971 2604 3026 quae
2628 2960 2780 3011 nobis
2807 2959 2964 3012 etiam
2994 2960 3063 3014 sit
3101 2961 3240 3013 utilis
3267 2978 3281 3014 :
3310 2970 3366 3016 et
3402 2963 3657 3031 mandati,

2076 3042 2143 3097 de
2185 3060 2290 3111 quo
2336 3046 2487 3101 vobis
2534 3049 2729 3117 sacpius
2777 3049 3041 3114 disserui,
3090 3052 3323 3106 studium
3373 3051 3660 3109 habeamus

2078 3135 2386 3188 maximum.
2435 3136 2617 3206 Neque
2653 3139 2794 3193 enim
2825 3139 3077 3194 desistam
3101 3182 3114 3205 ,
3142 3141 3313 3198 donec
3339 3143 3469 3198 illud
3493 3160 3658 3214 expe-

2075 3226 2279 3280 dieritis
2307 3245 2321 3279 :
2353 3228 2602 3297 quoniam
2632 3228 2733 3284 hoc
2756 3244 2860 3284 non
2885 3234 3139 3299 quaeritur
3157 3247 3185 3287 a
3211 3232 3384 3300 nobis,
3409 3235 3659 3303 paucisne

2075 3331 2140 3369 an
2187 3317 2369 3372 multis
2410 3329 2623 3373 utamur
2663 3320 3151 3387 admonitionibus,
3189 3324 3284 3378 sed
3316 3332 3373 3378 ut
3397 3338 3464 3379 eo
3494 3340 3661 3394 usque

2078 3422 2390 3461 maneamus
2416 3448 2431 3472 ,
2459 3408 2630 3463 donec
2656 3409 2806 3464 vobis
2837 3414 3276 3479 persuaserimus.
3308 3412 3509 3475 Juda‘is
3541 3416 3659 3483 qui-

2077 3496 2198 3551 dem
2225 3498 2362 3554 Deus
2394 3514 2488 3568 per
2528 3501 2840 3569 prophetam
2879 3502 3088 3557 dicebat
3114 3522 3128 3557 :
3159 3504 3218 3559 Si
3263 3505 3332 3558 ad
3369 3506 3571 3575 judicia
3613 3516 3659 3559 et

2077 3590 2415 3645 contentiones
2429 3592 2696 3659 jejunatis,
2724 3601 2777 3645 ut
2805 3594 2926 3661 quid
2943 3594 3190 3662 jejuuatis
3210 3594 3451 3663 (lsai.58.
3473 3596 3528 3650 4.
3558 3596 3658 3664 5)?

2081 3681 2182 3731 Per
2209 3695 2305 3733 nos
2332 3696 2460 3733 vero
2486 3682 2633 3735 vobis
2663 3682 2824 3747 dicet,
2848 3682 2901 3736 Si
2929 3684 2994 3735 ad
3016 3684 3318 3752 juramenta
3346 3694 3401 3739 et
3431 3688 3659 3755 perjuria

2073 3768 2360 3836 jejunatis,
2392 3782 2451 3824 ut
2475 3771 2597 3839 quid
2632 3771 2927 3841 jejunatis?
2962 3773 3243 3841 Quomodo
3282 3777 3423 3830 enim
3452 3790 3660 3832 sacrum

2080 3861 2377 3915 videbimus
2419 3862 2655 3933 pascha?
2701 3865 2970 3933 quomodo
3016 3876 3258 3921 sanctum
3313 3870 3663 3939 suscipiemus

2080 3952 2725 4024 saeriticiuuﬂquomodo
2780 3954 3108 4008 mirabilibus
3154 3957 3664 4012 communicabimus

2084 4045 2352 4115 mysteriis
2385 4046 2558 4116 lingua
2590 4046 2678 4100 illa
2706 4061 2806 4115 qua
2834 4046 2928 4099 Dei
2960 4046 3127 4116 legem
3150 4047 3661 4112 conculcaverimus,

2084 4135 2259 4205 lingua
2286 4136 2394 4201 illa,
2424 4152 2526 4206 qua
2555 4137 2786 4190 animam
2809 4138 3382 4192 eontaminaverimus?
3409 4137 3463 4194 Si
3510 4154 3666 4193 nemo

2085 4241 2309 4296 namque
2340 4242 2623 4296 purpuram
2655 4227 2887 4297 regalem
2921 4228 3164 4282 manibus
3198 4229 3441 4297 accipere
3486 4231 3659 4299 inqui-

2084 4318 2220 4370 natis
2262 4317 2517 4382 auderet,
2560 4316 2829 4387 quomodo
2878 4317 3207 4370 Dominicum
3250 4332 3445 4386 corpus
3489 4319 3663 4388 lingua

2086 4408 2281 4477 polluta
2311 4408 2700 4479 suscipiemus?
2726 4408 3095 4463 Juramentum
3127 4408 3268 4461 enim
3297 4408 3548 4477 maligni,
3574 4425 3666 4462 sa-

2084 4501 2338 4555 criﬁcium
2372 4515 2497 4556 vero
2527 4500 2754 4555 Domini.
2789 4498 2916 4564 Quae
2956 4499 3111 4566 igitur
3147 4500 3532 4553 communicatio
3569 4500 3667 4552 luci

2086 4591 2153 4643 ad
2196 4591 2450 4655 tenebras,
2492 4591 2568 4644 vel
2605 4604 2718 4660 quis
2758 4589 3101 4643 convenientia
3146 4587 3345 4643 Christo
3392 4589 3459 4641 ad
3504 4587 3668 4641 Belial

2088 4683 2178 4751 (‘2.
2211 4681 2328 4737 Cor.
2366 4683 2419 4737 6.
2456 4683 2542 4736 14.
2575 4682 2721 4751 15)ἳ
2744 4680 2897 4747 Quod
2928 4680 3083 4750 igitur
3113 4678 3212 4734 hac
3240 4679 3452 4733 liberari
3481 4679 3665 4745 impie-

2088 4781 2194 4826 tate
2242 4771 2579 4834 studueritis,
2634 4770 2915 4826 manifeste
2961 4770 3107 4833 scio;
3153 4769 3248 4824 sed
3291 4769 3539 4839 quoniam
3577 4785 3668 4837 per

2086 4861 2318 4930 seipsum
2367 4875 2471 4917 non
2522 4862 2677 4917 facile
2723 4863 2945 4932 quisque
2987 4859 3116 4915 illud
3157 4860 3409 4930 expedire
3459 4871 3667 4931 potest,

2086 4953 2342 5011 faciamus
2385 4956 2628 5011 sodalitia
2667 4966 2722 5011 et
2764 4957 3004 5011 classes:
3037 4964 3093 5010 et
3133 4955 3275 5025 quod
3318 4955 3371 5011 in
3415 4957 3671 5011 conviviis

2088 5060 2349 5115 pauperes
2380 5044 2610 5111 faciunt,
2639 5046 2888 5115 quoniam
2919 5060 3023 5100 non
3067 5055 3242 5115 potest
3269 5046 3493 5117 quisque
3526 5047 3671 5100 solus

2087 5136 2387 5190 convivium
2419 5136 2674 5191 exhibere
2717 5135 3008 5204 perfectum
3034 5178 3049 5204 ,
3078 5138 3459 5195 convenientes
3486 5151 3671 5190 omnes

2087 5242 2150 5280 cx
2198 5228 2442 5298 symbolo
2482 5227 2779 5282 convivium
2818 5227 3103 5282 conferunt
3134 5246 3148 5281 :
3178 5228 3279 5282 hoc
3303 5236 3357 5283 et
3384 5241 3482 5282 nos
3510 5226 3670 5281 facia-

2090 5333 2228 5384 mus,
2254 5317 2465 5386 quando
2492 5332 2585 5386 per
2616 5328 2712 5369 nos
2734 5316 2878 5383 ipsos
2909 5317 3100 5385 torpidi
3128 5330 3312 5369 sumus
3332 5356 3349 5382 ,
3376 5315 3567 5370 divisis
3592 5317 3671 5368 in-

2091 5420 2172 5463 ter
2195 5423 2292 5463 nos
2318 5409 2460 5462 curis
2486 5424 2551 5463 ex
2582 5416 2738 5475 paeto
2764 5416 3061 5461 statuamus
3090 5406 3335 5461 conferre
3364 5408 3666 5467 consilium,

2090 5500 2433 5554 munitionem
2456 5541 2468 5560 ,
2497 5496 2922 5553 exhortationem
2945 5539 2960 5564 ,
2992 5497 3404 5564 iucrepationem
3424 5537 3439 5561 ,
3464 5498 3633 5551 minas
3651 5535 3667 5563 ,

2091 5604 2145 5646 ttt
2174 5608 2236 5647 ex
2269 5592 2595 5661 singulorum
2626 5590 2803 5644 studio
2841 5603 3027 5644 omnes
3075 5598 3219 5642 rei-te
3256 5602 3490 5657 agamus.
3521 5588 3667 5654 Quo-

2090 5687 2228 5739 niam
2271 5684 2411 5738 euim
2457 5684 2819 5751 proximorum
2865 5696 2949 5737 res
2983 5682 3191 5735 acutius
3235 5683 3471 5734 \‘Ht‘mus
3511 5694 3667 5749 quam

2155 5867 2168 5891 '
2205 5861 2399 5920 Quidam
2422 5868 2529 5910 Mss.
2554 5875 2566 5910 :
2598 5860 2790 5925 Regula,
2819 5858 2940 5917 loco,
2967 5856 3161 5908 stabilis.
