4452 6710
785 414 885 470 1ἳῖ

776 543 1007 596 nostras,
1037 543 1140 585 non
1168 528 1297 582 alios
1323 525 1682 581 custodiamus
1702 567 1717 591 ,
1750 536 1803 581 et
1835 527 1999 579 nostri
2031 526 2133 579 illis
2161 535 2343 580 custo-

774 626 914 678 diam
945 622 1288 686 mandemus,
1325 630 1379 675 et
1423 619 1523 674 hoc
1562 620 1838 688 pulchrum
1882 619 2136 671 faciamus
2178 628 2353 671 certa-

776 734 918 779 men,
949 725 1008 769 ut
1037 716 1105 769 ita
1138 725 1342 782 turpem
1370 712 1508 767 hanc
1536 712 1977 766 consuetudinem
2007 718 2351 777 superantes,

776 822 896 859 cum
940 804 1127 857 ﬁducia
1167 804 1232 856 ad
1265 803 1398 856 hanc
1442 812 1680 856 sanctam
1728 802 2002 856 veniamus
2045 797 2355 851 solemnita-

776 908 915 957 tem,
944 905 993 946 et
1037 895 1205 948 sancti
1253 894 1536 963 participes
1576 895 1742 947 simus
1784 890 2025 946 sacrificii
2050 904 2169 941 cum
2199 887 2354 941 beata

800 1009 999 1022 —_—

1488 414 1544 470 S.
1586 414 1863 469 JOANNIS
1893 413 2365 482 CllR'YSOSTOMl
2408 416 2717 471 AliClllEP.
2759 419 3289 477 CUNSTANTINOP.

3946 431 4051 490 123

2463 541 2576 594 spe,
2605 537 2659 581 et
2685 532 3007 584 conscientia
3031 531 3188 594 bona,
3212 530 3377 600 gratia
3407 541 3462 585 ct
3490 531 3813 602 benignitate
3834 538 4040 596 Domini

2465 619 2628 671 nostri
2677 618 2805 675 Jesu
2849 622 3081 689 Christi,
3138 639 3232 693 per
3275 638 3432 692 quem
3484 634 3537 677 et
3587 641 3707 680 cum
3750 646 3855 698 quo
3906 633 4047 688 Patri

2463 709 2628 777 gloria
2661 726 2761 763 una
2791 726 2911 766 cum
2938 711 3135 768 Sancto
3159 713 3378 783 Spiritu,
3410 714 3460 766 in
3492 715 3685 769 Stecula
3706 720 4043 777 saeculorum.

2470 801 2658 851 Arnen.

1024 994 4039 1022 Μ

782 1078 989 1121 Αθηυο
1034 1078 1116 1120 ΔΙ)
1160 1078 1337 1120 DEUM
1380 1076 1752 1119 GRATIABUM
1798 1073 1981 1116 ACTIO
2024 1070 2146 1113 PRO
2188 1068 2468 1113 ACCEPTA
2513 1062 2699 1105 VENIA
2742 1060 3195 1108 COMMISSORUM
3238 1064 3485 1107 CONTRA
3528 1067 3985 1115 IMPERATOREM
4024 1078 4037 1113 ξ

856 1176 936 1217 ΕΤ
978 1175 1325 1217 ΝΑτυιιΑιιε
1372 1173 1453 1213 DE
1497 1172 1720 1215 MUNDO
1763 1169 2231 1213 SEBMOCINATIO
2279 1171 2293 1208 ζ

854 1271 1155 1313 τυιιΑιΕΜ
1198 1269 1533 1312 ιΝυιῡΕιιιτ
1579 1271 1593 1309 3

2341 1167 2421 1207 ΕΤ
2463 1162 2630 1214 QUOD
2674 1158 2973 1204 ΗΟΜῘΝΕΜ
3016 1163 3254 1206 CREANS
3300 1164 3458 1206 DEUS
3506 1164 3713 1209 LEGEM
3760 1170 3874 1213 [PS]
3922 1173 4039 1215 NA“

1644 1269 1721 1310 ΕΤ
1764 1269 1847 1309 DE
1894 1266 2276 1309 JURAMENTO
2319 1262 2476 1307 OMNI
2521 1256 2888 1300 DILIGENTIA
2933 1259 3238 1304 νιΤΑΝυο.

2204 1362 2620 1425 Dim»

1389 1491 1603 1531 HOIILIA
1645 1490 1738 1527 XII.

844 1575 897 1629 1.
931 1573 996 1627 Et
1039 1571 1154 1626 beri
1195 1569 1343 1632 dixi,
1389 1566 1710 1622 Benedictus
1738 1564 1915 1628 Deus,
1958 1570 2013 1616 et
2056 1559 2215 1613 hodie
2253 1557 2353 1608 hoc

771 1667 941 1735 ipsum
972 1675 1156 1717 rursus
1181 1660 1374 1714 dicam.
1403 1656 1516 1712 Etsi
1545 1656 1688 1710 enim
1732 1655 1912 1724 gravia
1947 1651 2347 1722 prteterierunt,

773 1765 948 1810 tamen
976 1751 1219 1821 gravium
1247 1748 1506 1803 memoria
1537 1762 1604 1801 ne
1631 1752 1936 1815 praetereat,
1964 1757 2067 1797 non
2098 1750 2157 1794 ut
2179 1737 2350 1792 dolea-

769 1857 910 1908 mus,
938 1840 1032 1896 sed
1060 1850 1115 1894 ut
1135 1839 1330 1909 gratias
1355 1852 1592 1907 agamus.
1615 1836 1669 1890 Si
1691 1836 1833 1890 enim
1860 1834 2120 1888 malorum
2141 1841 2345 1884 memo-

770 1935 846 1987 ria
886 1932 1171 1996 manserit,
1214 1930 1473 1983 malornm
1520 1926 1849 1996 experientia
1877 1937 2163 1994 numquam
2194 1933 2347 1988 urge-

768 2025 863 2080 bit.
891 2022 1025 2092 Quid
1056 2023 1196 2076 enim
1223 2020 1553 2088 experientia
1584 2034 1719 2088 opus
1763 2028 1880 2081 est,
1926 2032 2048 2071 cum
2092 2011 2344 2068 memoria

768 2130 866 2170 nos
905 2111 1171 2182 corrigat?
1208 2111 1358 2167 Sicut
1398 2110 1557 2180 igitur
1599 2109 1871 2178 submergi
1917 2121 2014 2161 nos
2064 2106 2201 2159 Deus
2240 2116 2345 2155 non

768 2207 1011 2279 permisit
1037 2205 1390 2277 przesentihus
1432 2203 1712 2272 procellis,
1754 2201 1831 2256 sic
1879 2213 2049 2268 neque
2078 2211 2173 2251 nos
2204 2197 2346 2263 ipsos

768 2299 875 2353 illis
903 2297 1124 2353 sublatis
1150 2294 1343 2349 resolvi
1371 2294 1627 2347 sinamus.
1650 2291 1969 2347 Consolatus
1994 2297 2076 2343 est
2103 2300 2201 2341 nos
2220 2293 2346 2339 tunc

768 2400 1051 2444 maerentes
1073 2430 1089 2454 ,
1120 2389 1315 2458 gratias
1344 2386 1443 2455 ipsi
1474 2400 1616 2441 nunc
1656 2385 1894 2439 laetantes
1922 2395 2139 2452 agamus
2170 2397 2182 2433 :
2215 2394 2346 2434 con-

762 2481 965 2535 solatus
986 2490 1070 2535 est
1098 2478 1448 2548 suspirantes,
1481 2491 1654 2547 neque
1682 2474 1956 2529 deseruit:
1986 2472 2143 2542 igitur
2170 2483 2345 2538 neque

766 2589 865 2629 nos
909 2574 1053 2643 ipsos
1094 2584 1347 2641 prospere
1389 2579 1609 2639 agentes
1639 2567 1956 2638 prodamus,
1992 2565 2047 2617 in
2074 2573 2343 2631 torporem

764 2664 1096 2719 declinantes
1130 2680 1142 2715 :
1178 2676 1299 2715 nam
1336 2662 1593 2730 scriptum
1632 2668 1750 2714 est:
1784 2655 2069 2712 Recordare
2108 2651 2346 2721 temporis

764 2756 913 2825 {antis
956 2755 1008 2809 in
1050 2754 1132 2807 die
1169 2752 1409 2808 satietatis
1454 2749 1657 2823 (Eccii.
1686 2750 1772 2805 18.
1802 2748 1874 2805 25
1900 2748 1940 2818 ).
1980 2744 2347 2801 Recordemur

763 2847 941 2918 itaque
970 2855 1268 2914 temporum
1298 2842 1607 2898 tentationis
1635 2849 1689 2895 et
1717 2854 1817 2893 nos
1846 2839 1897 2892 in
1939 2837 2026 2892 die
2065 2834 2340 2891 remissio-

763 2940 879 3003 nis;
909 2938 1036 3009 quin
1082 2946 1136 2992 et
1183 2936 1238 2990 in
1285 2935 1515 3005 peccatis
1542 2935 1645 2988 hoc
1674 2932 1847 3001 ipsum
1886 2929 2160 2984 faciamus.
2200 2926 2270 2980 Et
2295 2926 2338 2979 si

764 3028 1096 3101 peccaveris,
1127 3039 1181 3083 et
1212 3026 1305 3081 tibi
1350 3034 1565 3096 peccata
1607 3024 1749 3078 Deus
1790 3020 2083 3084 remiserit,
2130 3017 2342 3073 veniam

763 3120 978 3190 quidem
1007 3119 1237 3187 suscipe,
1270 3125 1324 3170 et
1347 3115 1541 3185 gratias
1569 3128 1701 3183 age;
1734 3111 1938 3181 peccati
1964 3124 2090 3165 vero
2117 3122 2184 3163 ne
2208 3106 2342 3162 obli-

760 3212 987 3273 viscere,
1020 3224 1126 3263 non
1157 3217 1212 3261 ut
1239 3207 1463 3277 teipsum
1487 3204 1806 3275 cogitatione
1832 3214 2133 3265 consumas,
2161 3199 2254 3254 sed
2283 3207 2341 3253 ut

761 3300 992 3353 animam
1039 3298 1231 3353 doceas
1278 3311 1381 3350 non
1424 3293 1703 3358 lascivire,
1734 3308 1903 3362 neque
1922 3305 2132 3345 rursum
2163 3290 2215 3344 in
2245 3304 2339 3344 ea-

760 3392 882 3444 dem
917 3388 1101 3444 relabi.
1132 3387 1219 3443 Sic
1245 3397 1301 3441 et
1337 3387 1529 3441 Paulus
1558 3386 1681 3440 fecit
1710 3402 1722 3438 :
1754 3399 1873 3438 cum
1904 3382 2048 3437 enim
2074 3380 2337 3438 dixisset:

758 3481 985 3535 Fidelem
1012 3495 1092 3533 me
1117 3478 1441 3541 existimavit,
1475 3492 1664 3546 ponens
1700 3476 1753 3529 in
1794 3474 2090 3537 ministerio,
2120 3471 2297 3525 intulit
2324 3488 2339 3525 :

761 3571 860 3637 Qui
888 3569 1026 3639 prius
1048 3568 1366 3636 blasphemus
1391 3566 1468 3634 fui
1491 3573 1537 3617 et
1562 3574 1906 3635 persequutor,
1938 3572 1984 3615 et
2010 3561 2342 3615 contumelio-

758 3678 845 3715 sus
866 3662 946 3729 (1.
978 3659 1108 3713 Tim.
1135 3660 1187 3713 1.
1220 3658 1307 3712 12.
1332 3658 1444 3724 15).
1469 3655 1818 3721 Traducatur,
1843 3654 2028 3723 inquit,
2048 3653 2156 3707 vita
2177 3651 2337 3717 servi,

761 3761 819 3807 ut
845 3760 1099 3821 appareat
1122 3748 1420 3803 humanitas
1446 3745 1665 3801 domini.
1691 3744 1802 3799 Etsi
1831 3744 1973 3798 enim
2002 3751 2337 3811 peccatorum

763 3842 972 3896 veniam
1003 3839 1180 3909 accepi
1206 3880 1220 3901 ,
1249 3853 1353 3891 non
1381 3845 1556 3890 tamen
1583 3834 1740 3905 ejicio
1768 3841 2108 3903 peccatorum
2136 3845 2340 3886 memo-

758 3936 910 3989 riam.
934 3931 1043 3985 Nee
1066 3931 1237 3984 solum
1263 3927 1467 3981 Domini
1490 3926 1591 3980 hoc
1610 3924 1988 3993 benignitatem
2004 3921 2339 3976 demonstra-

757 4025 866 4085 bat,
894 4022 986 4077 sed
1015 4032 1071 4075 et
1099 4020 1243 4073 illum
1269 4018 1550 4073 clariorem
1578 4015 1820 4070 faciebat.
1847 4012 1981 4068 Cum
2019 4012 2161 4068 enim
2196 4010 2337 4065 didi-

753 4116 912 4177 ceris,
936 4113 1055 4183 quis
1074 4112 1221 4182 prius
1242 4110 1417 4172 fuerit,
1438 4117 1562 4161 tunc
1582 4109 1753 4176 ipsum
1773 4106 1940 4175 magis
1960 4103 2302 4158 admiraberis
2324 4120 2336 4154 :

752 4216 808 4260 et
833 4221 953 4259 cum
987 4202 1183 4257 videris
1206 4216 1270 4255 ex
1301 4214 1407 4269 quo
1436 4197 1555 4267 quis
1586 4198 1754 4252 factus
1782 4196 1974 4264 fuerit,
2014 4204 2136 4249 tunc
2164 4194 2334 4264 ipsum

756 4298 922 4367 magis
948 4292 1346 4351 commendabis
1374 4308 1387 4344 :
1414 4298 1469 4345 et
1496 4290 1540 4344 si
1569 4289 1790 4342 multum
1815 4286 2135 4356 peccaveris,
2166 4294 2339 4339 muta-

755 4399 838 4441 tus
867 4387 989 4441 inde
1012 4385 1203 4440 bonam
1231 4396 1378 4452 spem
1412 4378 1669 4434 habebis:
1696 4392 1816 4431 nam
1855 4385 2045 4445 praeter
2082 4376 2252 4441 dicta,
2285 4384 2339 4430 et

758 4482 811 4533 in
836 4477 1205 4545 desperatione
1231 4474 1430 4543 positos
1456 4471 1755 4539 exemplum
1783 4470 1945 4524 allicit
1970 4479 2025 4524 et
2051 4482 2339 4538 exsurgere

756 4571 902 4625 facit.
929 4566 1082 4633 Quod
1107 4564 1318 4635 quidem
1357 4572 1411 4616 ct
1453 4563 1504 4614 in
1543 4561 1755 4615 civitate
1780 4568 1960 4613 nostra
1988 4558 2090 4613 erit
2116 4576 2130 4609 :
2161 4558 2339 4611 omnia

755 4662 895 4717 enim
924 4674 1041 4728 quas
1074 4656 1443 4726 contigerunt,
1486 4661 1539 4706 et
1568 4651 1816 4705 virtutem
1855 4659 2087 4705 vestram
2115 4649 2339 4703 demon-

754 4760 947 4815 strant,
980 4749 1069 4819 qui
1096 4762 1192 4817 per
1220 4744 1583 4815 paenitentiam
1614 4751 1815 4796 tantum
1836 4741 1928 4794 irze
1950 4738 2221 4809 depellere
2246 4752 2339 4808 po-

756 4842 996 4902 tueritis;
1040 4850 1095 4893 ct
1137 4838 1231 4892 Dei
1274 4834 1611 4890 clementiam
1645 4832 1963 4901 prtedicant,
2002 4830 2091 4900 qui
2118 4829 2188 4885 ob
2221 4844 2339 4884 mo-

752 4934 927 4987 dicam
982 4929 1422 4989 conversionem,
1483 4935 1678 4978 tantam
1724 4924 1919 4978 nubem
1976 4922 2335 4977 imminentem

755 5023 973 5078 abstulit
996 5037 1009 5073 :
1039 5020 1091 5073 in
1116 5018 1487 5086 desperatione
1516 5029 1728 5084 quoque
1752 5015 1952 5084 positos
1979 5028 2166 5067 omnes
2190 5012 2338 5066 exci-

758 5125 863 5178 tat,
889 5114 1157 5167 discentes
1188 5126 1251 5163 cx
1283 5109 1444 5163 rebus
1471 5107 1667 5161 nostris
1695 5120 1847 5168 eum,
1881 5105 1968 5174 qui
1997 5104 2062 5157 ad
2090 5102 2336 5158 sublimia

755 5217 811 5259 et
837 5205 903 5259 ad
931 5204 1022 5259 Dei
1048 5201 1302 5257 auxilium
1331 5198 1601 5268 respiciat,
1625 5196 1866 5266 quamvis
1890 5194 2075 5248 infiniti
2107 5193 2339 5263 undique

756 5295 945 5349 ﬂuctus
989 5292 1332 5359 obstrepant,
1372 5288 1639 5359 submergi
1680 5302 1786 5341 non
1831 5300 2008 5356 posse.
2040 5286 2167 5351 Quis
2192 5286 2336 5341 enim

764 5386 917 5450 vidit,
948 5384 1067 5454 quis
1095 5383 1297 5437 audivit
1324 5398 1574 5451 umquam
1618 5381 1813 5435 nostris
1850 5379 2063 5434 casibus
2101 5380 2338 5435 similia?

760 5477 994 5546 quotidie
1037 5475 1304 5530 civitatem
1354 5484 1588 5527 nostram
1632 5488 1750 5527 cum
1798 5472 1910 5526 suis
1954 5470 2339 5525 habitatoribus

759 5566 991 5619 funditus
1020 5563 1303 5619 tollendam
1330 5577 1450 5617 esse
1478 5563 1876 5632 suspicabamur
1900 5580 1914 5616 :
1940 5560 2033 5615 sed
2072 5576 2191 5615 cum
2219 5561 2337 5615 dia-

756 5657 912 5710 bolus
959 5655 1220 5725 navigium
1272 5656 1613 5719 submergere
1654 5652 1933 5720 sperabat,
1978 5661 2103 5706 tunc
2152 5666 2335 5720 puram

760 5748 989 5804 reddidit
1018 5747 1155 5802 Deus
1182 5746 1631 5815 tranquillitatem.
1669 5744 1745 5798 Nc
1773 5745 1929 5813 igitur
1957 5745 2335 5799 obliviscamur

761 5838 1135 5907 magnitudinis
1166 5839 1421 5891 malorum
1445 5880 1456 5901 ,
1494 5848 1549 5891 ut
1575 5836 1951 5890 quit-lictorum
1982 5853 2010 5891 a
2039 5837 2145 5893 Dco
2170 5837 2333 5891 colla.

2470 1485 2644 1531 torum
2683 1480 3097 1550 magnitudinem
3127 1484 3509 1540 recordemur:
3540 1487 3736 1541 etenim
3772 1492 3861 1559 qui
3901 1508 4039 1547 mor-

2466 1566 2649 1620 borum
2682 1579 2923 1625 naturam
2954 1575 3143 1641 nescit,
3173 1576 3363 1631 medici
3387 1586 3555 1631 artem
3583 1592 3865 1648 numquam
3887 1585 4036 1639 sciet.

2462 1656 2590 1712 Haec
2618 1669 2674 1713 et
2704 1663 2882 1730 pueris
2907 1666 3106 1720 nostris
3130 1666 3401 1733 dicamus,
3439 1678 3493 1723 et
3518 1668 3567 1722 in
3599 1671 3744 1725 mille
3772 1674 4039 1731 mittamus

2457 1751 2849 1818 generationes,
2879 1762 2933 1808 et
2958 1770 3145 1810 omnes
3169 1757 3397 1823 discant,
3422 1760 3692 1828 quomodo
3717 1761 3961 1819 diabolus
3987 1778 4039 1820 et

2458 1837 2687 1894 civitatis
2731 1842 2903 1897 solum
2930 1844 3114 1899 delere
3137 1847 3425 1912 studuerit,
3467 1858 3521 1904 et
3561 1854 3827 1920 quomodo
3870 1856 4036 1925 ipsam

2463 1926 2602 1983 Deus
2629 1930 2831 2000 lapsam
2861 1943 2914 1989 et
2938 1935 3201 1998 iacentem
3227 1952 3412 1993 rursus
3436 1940 3641 2010 erigere
3665 1945 3917 2012 potuerit,
3947 1963 4038 2002 ne-

2455 2034 2560 2088 que
2591 2022 2753 2077 ullum
2784 2026 2888 2094 pati
2917 2025 3169 2080 damnum
3196 2033 3540 2097 concesserit,
3568 2034 3634 2088 ad
3666 2034 3766 2089 hoc
3792 2046 3847 2090 et
3886 2039 4038 2092 timo-

2456 2126 2569 2166 rem
2598 2115 2903 2181 sustulerit,
2931 2126 2987 2171 et
3010 2118 3273 2185 repulerit
3301 2136 3421 2176 cum
3450 2124 3615 2177 multa
3641 2126 3918 2181 celeritate
3947 2145 4037 2197 pc—

2454 2204 2701 2260 riculum.
2720 2208 2927 2262 Etenim
2947 2209 3274 2266 hebdomade
3300 2217 3563 2282 praeterita
3588 2217 3862 2274 facultates
3878 2221 4035 2290 diripi

2454 2308 2641 2349 omnes
2665 2298 3101 2366 exspectabamus
3121 2340 3136 2366 ,
3168 2308 3223 2355 et
3252 2303 3450 2357 milites
3484 2306 3636 2359 nobis
3680 2309 3889 2362 immitti
3916 2350 3932 2373 ,
3982 2322 4036 2364 et

2453 2381 2659 2437 inlinita
2686 2386 2787 2439 alia
2815 2388 2951 2440 mala
2977 2389 3411 2457 suspicabamur;
3443 2394 3539 2448 sed
3565 2410 3691 2448 ecce
3731 2397 3817 2449 illa
3857 2401 4034 2453 omnia

2451 2475 2841 2541 praeterierunt,
2875 2486 3141 2547 tamquam
3170 2479 3359 2541 nubes.
3396 2490 3452 2536 et
3465 2483 3609 2537 velut
3624 2484 3809 2538 umbra
3824 2494 4034 2553 praster-

2455 2566 2596 2632 iens,
2657 2574 2710 2619 et
2739 2567 2852 2622 sola
2890 2569 3251 2624 calamitatum
3292 2573 3689 2640 exspectatione
3735 2576 3903 2642 puniti
3945 2591 4036 2631 su-

2452 2669 2601 2720 mus;
2647 2657 2755 2711 imo
2799 2674 2930 2714 vero
2971 2676 3070 2715 nec
3119 2664 3284 2731 puniti
3328 2679 3535 2731 sumus,
3576 2664 3670 2718 sed
3709 2669 3936 2722 correcti
3980 2680 4034 2725 et

2452 2746 2701 2803 meliores
2741 2747 2905 2816 facti,
2949 2752 3071 2820 quia
3098 2752 3238 2807 Deus
3262 2753 3606 2822 Imperatoris
3634 2770 3728 2810 cor
3751 2760 4030 2815 emollivit.

2454 2835 2700 2891 Dicamus
2726 2838 2883 2907 igitur
2907 2854 3121 2909 semper
3139 2852 3193 2897 et
3214 2844 3449 2913 quotidie
3479 2862 3492 2898 :
3521 2845 3840 2902 Benedictus
3866 2850 4029 2916 Deus,

2450 2937 2504 2982 et
2528 2943 2650 2983 cum
2680 2932 2867 3001 majori
2895 2934 3069 2988 studio
3089 2937 3277 3006 synaxi
3301 2951 3568 3001 vacemus,
3595 2947 3649 2993 et
3671 2954 3945 2995 curramus
3964 2943 4031 2997 ad

2452 3019 2732 3075 ecclesiam
2754 3063 2769 3088 ,
2798 3023 2941 3078 unde
2968 3026 3248 3081 utilitatem
3288 3035 3488 3080 tantam
3526 3027 3849 3096 accepimus.
3876 3031 4033 3085 Scitis

2447 3110 2590 3163 enim
2631 3111 2699 3165 ab
2738 3113 2889 3167 initio
2934 3130 3041 3184 quo
3079 3116 3456 3186 confugeritis,
3496 3132 3601 3187 quo
3633 3122 4031 3186 concurreritis,

2449 3199 2589 3256 unde
2616 3200 2753 3257 facta
2797 3204 2867 3256 sit
2908 3205 3063 3259 nobis
3092 3206 3256 3260 salus.
3289 3206 3591 3261 Teneamus
3631 3208 3791 3277 igitur
3824 3224 4031 3263 sacram

2446 3305 2697 3346 ancoram
2718 3333 2734 3359 ,
2774 3303 2830 3347 et
2870 3294 3005 3348 sicut
3036 3294 3093 3348 in
3125 3306 3362 3364 tempore
3388 3297 3741 3366 periculorum
3783 3313 3881 3353 nos
3925 3315 4030 3353 non

2449 3380 2701 3449 prodidit,
2731 3383 2809 3437 sic
2836 3399 3006 3453 neque
3034 3399 3132 3439 nos
3161 3386 3329 3453 ipsam
3354 3386 3405 3440 in
3436 3395 3675 3455 tempore
3699 3389 4030 3444 remissionis

2449 3472 2847 3541 relinquamus;
2890 3474 2984 3528 sed
3032 3489 3153 3529 cum
3197 3489 3322 3529 cura
3362 3492 3687 3540 maneamus,
3714 3487 3769 3532 et
3796 3478 4031 3547 quotidie

2449 3560 2704 3617 faciamus
2745 3574 3040 3618 conventus
3081 3578 3404 3635 precesque,
3437 3566 3716 3637 divinaque
3754 3568 4031 3622 audiamus

2451 3649 2660 3720 eloquia
2685 3667 2700 3704 :
2730 3661 2785 3706 et
2810 3654 2952 3722 quod
2983 3653 3423 3723 impendebamus
3454 3656 3622 3710 otium
3651 3665 3951 3726 satagentes
3975 3666 4031 3711 et
4084 3724 4087 3727 _

2445 3744 2656 3798 curiose
2680 3745 3031 3812 sciscitantes,
3052 3761 3085 3801 e
3105 3746 3297 3801 castris
3316 3748 3582 3817 profectos
3604 3748 4029 3802 circumcurren-

2446 3841 2547 3901 tes,
2579 3850 2673 3903 pro
2700 3836 3015 3891 instantibus
3045 3837 3201 3891 malis
3228 3852 3410 3892 curam
3441 3848 3704 3907 gerentes,
3737 3839 3837 3893 hoc
3859 3850 4026 3893 totum

2447 3925 2651 3982 divinas
2693 3928 2838 3998 leges
2878 3928 3144 3983 audiendo
3185 3929 3589 3997 impendamus,
3627 3945 3730 3983 non
3770 3940 3945 3984 autem
3976 3932 4026 3983 in

2450 4014 2780 4083 importunas
2822 4027 2878 4071 et
2924 4018 3137 4072 inutiles
3177 4020 3621 4082 exercitationes,
3654 4035 3721 4072 ne
3757 4035 3940 4074 rursus
3973 4021 4025 4074 in

2447 4106 2591 4160 illius
2616 4106 2813 4175 negotii
2841 4110 3210 4163 necessitatem
3240 4125 3337 4164 nos
3367 4111 3512 4179 ipsos
3537 4110 3856 4179 rcdigamus.

2515 4196 2569 4251 2.
2600 4197 2788 4251 Tribus
2819 4198 2975 4267 igitur
3004 4201 3281 4268 prieteritis
3306 4202 3492 4255 diebus
3517 4216 3677 4254 unum
3705 4202 4029 4271 cognitionis

2448 4290 2537 4343 Dei
2570 4290 2780 4343 modum
2812 4292 3196 4361 qurerebamus,
3226 4294 3504 4363 ipsumque
3533 4293 3585 4346 in
3612 4293 3768 4347 linem
3796 4295 4027 4349 deduxi-

2448 4394 2587 4441 mus,
2620 4381 3029 4449 interpretantes
3052 4422 3067 4448 ,
3110 4382 3376 4452 quomodo
3413 4382 3537 4437 ϐωιὶ
3565 4395 3774 4437 narrant
3813 4387 4028 4456 gloriam

2445 4469 2541 4522 Dei
2567 4468 2744 4540 (Psal.
2780 4471 2862 4524 18.
2894 4470 2967 4543 2)
2994 4489 3005 4523 :
3035 4483 3089 4526 et
3114 4474 3270 4542 quale
3298 4472 3508 4526 tandem
3537 4474 3606 4528 sit
3629 4474 3771 4529 Pauli
3800 4478 4023 4542 dictum,

2443 4560 2725 4615 lnvisibilia
2747 4562 2903 4630 ipsius
2918 4579 2949 4614 α
2966 4574 3192 4616 creatura
3210 4564 3384 4616 mundi
3408 4581 3497 4632 per
3515 4582 3592 4629 ea,
3610 4583 3724 4635 qua:
3741 4572 3875 4639 facta
3890 4578 4027 4635 sunt,

2442 4650 2695 4703 intellecta
2722 4654 3102 4717 conspiciuntur
3128 4651 3147 4721 (
3174 4652 3321 4705 Rom.
3357 4655 3407 4706 1.
3437 4654 3544 4723 20)
3574 4673 3587 4708 :
3617 4667 3671 4711 ct
3695 4657 4029 4711 demonstra-

2443 4741 2653 4806 vimus,
2682 4740 2950 4808 quomodo
2975 4756 3002 4791 a
3033 4749 3272 4795 creatura
3300 4744 3479 4798 mundi
3505 4786 3519 4807 ,
3553 4755 3609 4801 et
3633 4747 3902 4817 quomodo
3932 4763 4029 4815 per

2442 4829 2634 4887 emittm
2664 4839 2718 4884 et
2745 4838 2940 4884 terram
2969 4839 3023 4884 ct
3062 4846 3207 4886 mare
3235 4831 3453 4889 Creator
3475 4838 3818 4906 glorificatur.
3860 4839 4028 4893 Hodie

2441 4937 2571 4975 vero
2593 4920 2864 4990 paulisper
2884 4921 2936 4974 in
2957 4920 3091 4977 hanc
3112 4939 3319 4979 rursum
3343 4927 3698 4998 philosophati
3724 4930 4023 4993 materiam,

2443 5012 2510 5067 ad
2557 5012 2718 5065 alium
2758 5010 3100 5067 transibimus
3138 5029 3439 5072 sermonem
3471 5037 3484 5072 :
3516 5033 3620 5072 non
3653 5020 3795 5072 enim
3825 5027 4027 5071 tantum

2442 5104 2568 5159 fecit
2588 5101 2862 5166 mundum,
2889 5104 2983 5159 sed
3004 5106 3162 5160 etiam
3185 5118 3240 5162 ut
3269 5111 3436 5163 factus
3461 5119 3792 5178 operaretur,
3814 5108 4026 5163 effecit:

2444 5208 2616 5264 neque
2644 5202 2813 5248 totum
2841 5194 3162 5253 immobilem
3191 5198 3467 5253 dimittens
3493 5238 3507 5263 ,
3536 5212 3709 5265 neque
3739 5206 3906 5251 totum
3933 5197 4025 5266 ju-

2444 5286 2578 5343 bens
2606 5286 2806 5341 moveri
2830 5327 2845 5348 ,
2877 5289 2970 5342 sed
2996 5289 3188 5346 emlum
3218 5289 3433 5359 quidem
3466 5289 3743 5343 immotum
3773 5304 4025 5359 perman-

2443 5378 2533 5442 sit,
2560 5377 2698 5432 sicut
2723 5377 2976 5447 propheta
3007 5380 3177 5449 inquit
3206 5397 3219 5433 :
3246 5379 3347 5445 Qui
3374 5379 3548 5432 statuit
3572 5380 3749 5433 cadum
3774 5390 4025 5447 tamquam

2444 5468 2762 5533 testudinem,
2790 5478 2835 5522 et
2861 5470 3081 5523 extendit
3106 5471 3275 5540 ipsum
3302 5480 3557 5539 tamquam
3585 5473 3849 5525 tentorium
3878 5487 4018 5540 super

2442 5570 2625 5617 terram
2647 5561 2666 5632 (
2687 5560 2812 5616 Isai.
2833 5562 2921 5617 40.
2944 5562 3048 5631 22)
3076 5580 3091 5617 :
3121 5563 3198 5616 sol
3228 5577 3354 5616 vero
3373 5577 3493 5617 cum
3524 5564 3741 5635 reliquis
3763 5563 4026 5618 sideribus

2441 5652 2679 5722 quotidie
2704 5652 2871 5707 currit
2899 5668 2913 5706 :
2945 5664 3001 5706 et
3029 5667 3241 5706 rursum
3275 5661 3412 5706 terra
3446 5654 3546 5708 lixa
3577 5664 3659 5710 est
3678 5695 3693 5718 ,
3721 5668 3871 5722 aqua:
3900 5666 4028 5707 vero

2447 5762 2661 5817 semper
2685 5755 2969 5800 moventur
2995 5761 3012 5798 :
3043 5758 3143 5798 nec
3169 5759 3319 5814 aqua:
3347 5757 3545 5801 tantum
3574 5789 3590 5812 ,
3621 5746 3714 5801 sed
3738 5753 3792 5800 ct
3822 5744 3988 5799 nubes
4011 5786 4026 5809 ,

2443 5849 2495 5894 ct
2526 5841 2729 5896 imbres
2762 5839 3066 5908 frequentes
3108 5847 3160 5892 et
3202 5839 3490 5894 succcssivi
3534 5848 3773 5908 tempore
3817 5836 4026 5905 proprio
