4452 6698
233 465 335 522 ην

230 601 438 654 σωμεν.
474 588 692 661 Ἐπειδὴ
717 588 824 659 γὰρ
843 585 911 640 τὰ
941 585 1052 638 τῶν
1087 584 1315 655 πλησίον
1345 587 1597 661 ὀξύτερον
1627 589 1898 660 βλέπομεν

230 669 266 738 ἡ
288 670 358 724 τά
382 673 650 746 ἡμέτερα,
677 677 840 747 ἡμεῖς
873 671 1092 741 ἐτέρους
1115 671 1490 746 φυλάττωμεν,
1519 675 1612 730 καὶ
1635 677 1736 747 τὴν
1763 676 1902 745 ἡμε-

1247 471 1339 525 AD
1370 470 1699 532 POPULUM
1739 467 2238 531 ANTIOCIIENUM
2278 465 2512 522 HOMIL.
2556 465 2668 522 XII.

3575 469 3678 520 1‘18

2003 584 2100 654 τὴν
2131 581 2292 650 ἀγίαν
2319 581 2524 650 ταύτην
2553 580 2794 651 ἔλθωμεν
2827 578 3040 653 ἑορτὴν,
3069 577 3163 631 καὶ
3193 577 3292 646 τῆς
3322 577 3482 644 ἁγίας
3510 580 3676 648 μετά-

2003 685 2222 740 σχωμεν
2270 667 2461 732 θυσίας
2502 666 2641 736 μετά
2669 667 2916 738 χρηστῆς
2955 665 3190 728 ἐλπίδος,
3233 665 3326 717 καὶ
3379 663 3679 729 συνειδότος
3784 691 3788 694 ν

230 755 394 827 τέραν
440 762 682 832 φυλακήν
722 757 1104 829 ἐπιτρέψωμεν
1159 759 1415 826 ἐκείνοις,
1458 763 1552 815 καὶ
1592 761 1694 832 τὴν
1729 759 1901 829 καλὴν
2001 753 2230 822 ἀγαθοῦ,
2260 755 2442 825 χάριτι
2469 753 2562 806 καὶ
2591 752 2972 824 φιλανθρωπίᾳ
3006 751 3102 805 τοῦ
3142 751 3348 822 Κυρίου
3377 749 3536 820 ἡμῶν
3575 751 3680 820 ’1η-

231 842 465 912 ἃμιλλαν
509 849 710 917 ταύτην
757 843 1132 914 ποιησώμεθα,
1173 846 1260 901 ἵνα
1298 849 1442 903 οὓτω
1489 848 1900 919 περιγενόμενοι

2006 841 2100 896 σοῦ
2131 841 2390 911 Χριστοῦ,
2422 841 2490 895 δι’
2519 833 2581 895 οὗ
2615 839 2710 893 καὶ
2739 839 2855 908 μεθ’
2904 835 2964 894 οὗ
3005 839 3082 910 τῷ
3113 838 3290 908 Πατρλ⁸
3329 837 3362 906 ἡ
3403 835 3531 902 δόξα
3563 834 3682 904 ἅμα

229 927 327 1000 τῆς
344 935 587 1004 πονηρᾶς
605 932 806 1000 ταύτης
834 929 1122 1000 συνηθείας
1138 932 1310 1007 ,[125]
1332 936 1472 1005 μετά
1485 932 1796 1006 παρρησίας
1808 930 1901 984 ἐπὶ
2001 928 2082 999 τῷ
2113 929 2252 999 ἁγίῳ
2277 927 2578 998 Πνεύματι,
2601 929 2683 991 είς
2707 927 2834 989 τοὺς
2853 926 3053 988 αἰῶνας
3079 925 3188 978 τῶν
3211 924 3443 979 αἰώνων.
3483 923 3677 994 ’Δμήν.

233 1145 360 1198 Ἔτι
396 1145 754 1214 εὐχαριστία
795 1145 947 1212 πρὸς
982 1147 1089 1201 τὸν
1121 1149 1269 1205 Θεὸν
1295 1149 1428 1218 περὶ
1463 1146 1574 1215 τῆς
1600 1128 2040 1216 συγχωρήσεως
2103 1141 2222 1200 τῶν
2244 1141 2672 1212 ἡμαρτηκότων
2725 1144 2812 1208 εις
2831 1140 2939 1196 τὸν
2977 1140 3279 1206 βασιλέα·
3325 1140 3422 1194 καί
3475 1155 3686 1210 φυσιο-

301 1238 480 1306 λοτία
510 1234 642 1302 περὶ
679 1233 792 1302 τῆς
821 1237 1106 1305 κτίσεωςο
1133 1241 1230 1295 καί
1261 1240 1352 1294 ὅτι
1375 1237 1637 1305 ποιήσας
1661 1240 1696 1292 ό
1719 1239 1863 1302 Θεὸς
1883 1235 1990 1292 τὸν
2022 1235 2338 1305 ἄνθρωπον
2377 1233 2566 1302 νόμον
2613 1233 2876 1300 φυσικὸν
2907 1232 3305 1303 ὲγκατέθηκεν
3341 1231 3500 1297 αὐτῷ
3519 1248 3532 1262 ·
3584 1231 3688 1286 και

300 1328 439 1396 περί
473 1325 580 1380 τοῦ
615 1323 788 1395 πάσῃ
815 1328 1060 1400 σπουδῇ
1085 1331 1416 1400 ἀπέχεσθαι
1448 1328 1565 1384 τῶν
1594 1329 1808 1398 ὅρκων.

893 1528 1126 1599 ὀμιλία
1158 1531 1255 1596 ιβ’.

301 1682 374 1731 α’.
409 1675 520 1730 Καὶ
549 1676 674 1748 χθὲς
701 1672 874 1744 εἷπον,
895 1681 1194 1751 Εὐλογητὸς
1223 1683 1252 1733 6
1273 1679 1425 1744 Θεὸς,
1459 1679 1556 1731 καὶ
1591 1679 1830 1750 σήμερον
1851 1677 1911 1731 τὸ

229 1761 368 1814 αὐτὸ
404 1763 561 1817 τοῦτο
594 1765 755 1818 πάλιν
793 1766 924 1837 ἐρῶ.
950 1767 1012 1820 Et
1037 1767 1143 1836 γὰρ
1183 1767 1278 1818 καὶ
1314 1764 1382 1818 τὰ
1420 1765 1571 1818 δεινὰ
1602 1765 1907 1836 παρῆλθεν,

228 1848 349 1900 ἀλλ’
385 1851 419 1920 ἡ
461 1852 650 1922 μνήμη
683 1853 792 1906 τῶν
815 1851 1006 1906 δεινῶν
1034 1851 1108 1922 μὴ
1137 1851 1517 1923 παρερχέσθω,
1565 1852 1662 1922 οὐχ
1701 1852 1786 1905 ἵνα
1815 1853 1909 1906 άλ-

229 1935 440 2005 γῶμεν.
478 1937 591 1990 ἀλλ’
620 1939 707 1991 ἵνα
738 1937 1170 2008 εὐχαριστῶμεν.
1221 1939 1347 1991 Ἐὰν
1380 1937 1490 2010 γὰρ
1518 1939 1550 2010 ἡ
1580 1940 1768 2010 μνήμη
1798 1939 1908 1992 τῶν

227 2020 423 2074 δεινῶν
446 2023 600 2098 μένῃ.
630 2025 662 2093 ἡ
693 2026 855 2093 πεῖρα
891 2023 999 2077 τῶν
1031 2023 1218 2077 δεινῶν
1259 2024 1500 2079 οὐδέποτ’
1529 2027 1908 2098 ἐπιστήσεται.

230 2107 302 2159 τί
331 2109 443 2178 γὰρ
477 2108 557 2160 δεῖ
584 2110 682 2178 τῆς
714 2110 931 2180 πείρας,
955 2110 1054 2181 τῆς
1095 2111 1316 2182 μνήμης
1349 2113 1494 2184 ἡμᾶς
1537 2111 1908 2184 σωφρονιζού-

230 2209 373 2264 σηςς
412 2195 620 2265 Ὥσπερ
645 2191 739 2248 οὖν
775 2197 876 2248 οὐκ
911 2197 1120 2267 ἀφῆκεν
1158 2200 1307 2269 ἡμᾶς
1336 2200 1365 2251 6
1405 2200 1536 2263 Θεὸς
1569 2217 1909 2253 καταποντι-

230 2278 435 2348 σθῆναι
459 2282 742 2350 παρόντων
778 2282 889 2337 τῶν
925 2282 1205 2356 λυπηρῶν,
1244 2285 1384 2338 οὕτω
1413 2287 1488 2357 μὴ
1517 2287 1746 2357 ἀφῶμεν
1788 2288 1914 2339 ἐαυ-

227 2369 362 2430 τοῦς
421 2369 713 2439 ἐκλυθῆναι
770 2372 1150 2441 παρελθόντων
1215 2374 1458 2428 ἐκείνων.
1527 2374 1913 2445 Παρεκάλεσεν

230 2455 386 2523 ἡμᾶς
416 2456 757 2524 ἀθυμοῦντας
775 2459 919 2522 τότε,
949 2460 1430 2532 εύχαριστήσωμεν
1459 2460 1606 2530 αὐτῷ
1633 2461 1914 2532 χαίροντες

229 2541 361 2593 νῦν·
396 2544 820 2614 παρεμυθήσατο
846 2545 1208 2615 ὀδυνωμένους
1264 2547 1359 2598 καὶ
1397 2548 1458 2598 ού
1489 2547 1789 2617 προέδωκε,
1836 2548 1913 2617 μὴ

230 2627 415 2678 τοίνυν
444 2629 578 2697 μηδέ
601 2631 757 2697 ἡμεῖς
788 2632 1012 2693 ἑαυτοὺς
1040 2631 1465 2700 εύθηνουμένους
1509 2631 1914 2700 προδῶμεν,είς

235 2713 514 2782 ῥαθυμίαν
562 2716 926 2777 ἐκκλίνοντες·
965 2717 1280 2783 Μνήσθητι
1312 2717 1421 2785 γὰρ
1465 2717 1674 2782 καιρὸν
1714 2717 1911 2784 λιμοῦ,

235 2800 426 2866 φησιν,
463 2800 534 2850 ἐν
574 2799 761 2867 ἡμέρῃ
788 2802 1172 2870 πλησμονῆς.
1209 2803 1553 2873 Μνησθῶμεν
1584 2799 1677 2856 οὖν
1724 2803 1916 2874 καιρὸν

235 2883 550 2954 πειρασμοῦ
595 2887 687 2938 καὶ
722 2888 882 2956 ἡμεῖς
909 2890 967 2940 ἐν
1007 2889 1189 2960 ἡμέρᾳ
1229 2890 1492 2952 ἀνέσεωςο
1550 2891 1644 2942 καὶ
1681 2891 1913 2943 ἐπὶτῶν

236 2971 655 3041 ἁμαρτημάτων
686 2973 744 3026 δὲ
777 2974 839 3028 τὸ
871 2975 1003 3028 αὐτὸ
1029 2977 1186 3029 τοῦτο
1214 2977 1480 3046 ποιῶμεν.
1516 2978 1632 3030 Κᾶν
1665 2978 1918 3047 ἁμάρτῃς

237 3058 340 3110 καὶ
398 3062 730 3131 συγχωρήσῃ
772 3078 854 3113 σοι
904 3062 1004 3133 τὴν
1056 3063 1333 3133 ἁμαρτίαν
1386 3065 1414 3116 6
1463 3063 1615 3127 Θεὸς,
1668 3064 1766 3134 τὴν
1818 3064 1917 3133 μὲν

242 3145 590 3216 συγχώρησιν
609 3149 756 3214 δέξαι
814 3151 909 3202 καὶ
961 3150 1372 3221 εὐχαρίστησον,
1404 3149 1504 3220 τῆς
1542 3150 1601 3203 δὲ
1643 3151 1919 3221 ἁμαρτίας

244 3232 324 3303 μὴ
362 3235 612 3306 ἐπιλάθῃ,
641 3239 738 3307 οὔχ
783 3238 872 3290 ῖνα
916 3239 1108 3291 σαυτὸν
1146 3238 1496 3309 κατατρύχῃς
1535 3238 1614 3309 τῷ
1651 3238 1917 3308 λογισμῷ,

243 3320 361 3373 ἀλλ’
397 3321 482 3375 ἵνα
515 3324 613 3394 τὴν
651 3325 827 3395 ψυχὴν
880 3323 1174 3394 παιδεύσῃς
1215 3325 1290 3395 μὴ
1321 3326 1549 3396 σκιρτᾷν
1591 3325 1727 3396 μηδὲ
1760 3341 1919 3395 περι-

245 3409 468 3461 πίπτειν
499 3411 656 3463 πάλιν
678 3415 790 3472 τοῖς
812 3411 1010 3473 αὐτοῖς.
1039 3410 1194 3464 Οῦτω
1220 3412 1313 3464 καὶ
1339 3413 1366 3464 6
1390 3411 1603 3474 Παῦλος
1629 3410 1884 3480 ἐποίησεν
1904 3428 1918 3442 ·

245 3494 417 3547 εἰπὼν
443 3498 552 3567 γὲιρ
583 3499 682 3557 δτι,
715 3499 940 3550 Πιστόν
965 3514 1042 3564 με
1083 3497 1357 3564 ἡγήσατο
1385 3497 1633 3566 θέμενος
1669 3499 1758 3562 εἰς
1793 3495 1921 3550 δια-

248 3583 481 3644 κονίαν,
534 3585 803 3653 ἐπήγαγε.
860 3583 976 3636 Τὸν
1013 3584 1304 3651 πρότερον
1353 3583 1498 3636 ὄντα
1544 3583 1925 3652 βλάσφημον

249 3669 347 3719 καὶ
385 3669 640 3734 διώκτην
667 3671 760 3722 καί
793 3669 1106 3737 ὑϐριστήν.
1150 3669 1642 3738 Ἐκπομπευέσθω,
1679 3669 1865 3738 φησὶν,
1896 3671 1925 3722 6

251 3752 363 3822 βίος
385 3755 477 3808 τοῦ
503 3755 840 3812 οίκέτου,ίνα
862 3760 1000 3827 φανῇ
1027 3758 1060 3826 ἡ
1094 3754 1470 3825 φιλανθρωπία
1501 3755 1594 3808 τοῦ
1624 3755 1920 3808 Δεσπότου.

249 3841 312 3892 ΕΞ
335 3842 444 3912 γὰρ
470 3842 563 3894 καὶ
604 3843 950 3913 συγχώρησιν
975 3843 1164 3896 ἔλαϐον
1189 3841 1300 3894 τῶν
1329 3843 1548 3911 άμαρτη
1559 3842 1761 3912 μάτων,
1790 3840 1926 3894 ἀλλά

248 3929 348 3998 τὴν
385 3932 604 3999 μνήμην
641 3930 742 3982 οὑκ
780 3929 1024 3982 ἐκϐάλλω
1065 3930 1172 3982 τῶν
1212 3928 1645 3997 ἁμαρτημάτων.
1697 3928 1772 3981 Ού
1829 3927 1924 3981 τοῦ

250 4015 524 4067 Δεσπότου
565 4015 622 4068 δὲ
666 4015 764 4086 τὴν
815 4015 1221 4085 φιλανθρωπίαν
1261 4015 1471 4068 ἐδείκνυ
1523 4013 1682 4066 τοῦτο
1731 4013 1924 4084 μόνον,

250 4099 388 4151 ἀλλὰ
419 4102 670 4153 κάκεῖνον
697 4100 1073 4173 λαμπρότερον
1099 4100 1292 4154 ἐποίει.
1319 4102 1488 4154 Ὅταν
1513 4099 1621 4171 γὰρ
1645 4100 1822 4171 μάθῃς
1846 4101 1932 4164 τίς

250 4183 320 4256 ῆν
354 4187 684 4256 ἔμπροσθεν,
709 4188 831 4240 τότε
869 4188 1032 4241 αὐτὸν
1071 4187 1375 4257 θαυμάσεις
1417 4187 1612 4240 πλέον·
1661 4188 1756 4240 καὶ
1803 4189 1930 4240 ὅταν

253 4273 371 4342 ἴδῃς
398 4276 461 4325 ἐκ
483 4275 625 4336 τίνος
646 4275 730 4338 τίς
755 4277 988 4342 ἐγένετο,
1020 4275 1138 4327 τότε
1179 4274 1341 4327 αὐτὸν
1368 4274 1601 4345 ἀποδέξῃ
1631 4273 1894 4344 μειζόνως
1915 4291 1928 4305 ·

251 4360 357 4412 xiv
385 4361 592 4427 μεγάλα
615 4356 679 4430 ᾖς
706 4359 1060 4430 ἡμαρτηκὼς.
1089 4359 1334 4429 χρηστὰς
1376 4360 1520 4424 ’ἐξεις
1546 4359 1797 4412 ἐντεῦθεν
1830 4360 1930 4422 τὰς

251 4446 476 4508 ἐλπίδας
506 4447 987 4516 μεταϐαλλόμενος
1030 4446 1166 4514 πρὸς
1188 4444 1296 4516 γὰρ
1336 4449 1446 4510 τοῖς
1479 4447 1807 4517 εἰρημένοις,
1840 4446 1935 4498 καὶ

254 4534 379 4594 τοῦς
414 4535 471 4585 ἐν
511 4533 817 4601 ἀπογνώσει
860 4533 921 4585 τὸ
964 4532 1269 4602 ὑπόδειγμα
1301 4533 1461 4587 τοῦτο
1507 4533 1813 4603 παρακαλεῖ
1840 4533 1935 4585 καὶ

253 4619 578 4672 ἀνίστασθαι
618 4623 782 4674 ποιεῖ.
812 4619 990 4691 Ὀπερ
1022 4616 1116 4673 οὖν
1157 4621 1250 4674 καὶ
1277 4621 1372 4673 ἐπὶ
1400 4621 1498 4690 τῆς
1528 4621 1737 4682 πόλεως
1779 4619 1933 4672 ἔσται

255 4707 362 4776 τῆς
395 4708 699 4778 ἡμετέραςο
740 4707 810 4760 τά
836 4707 946 4778 γὰρ
972 4708 1259 4778 συμϐάντα
1288 4709 1504 4763 ἅπαντα
1533 4711 1630 4778 τήν
1651 4723 1710 4760 τε
1730 4707 1932 4777 ἀρετὴν

257 4794 417 4865 ὑμῶν
440 4796 700 4858 δείκνυσι,
734 4795 1072 4864 δυνηθέντων
1103 4796 1192 4850 διὰ
1219 4798 1321 4866 τῆς
1351 4796 1639 4866 μετανοίας
1666 4794 1933 4862 τοσαύτην

250 4881 427 4951 ὀργὴν
468 4880 932 4952 ἀποκρούσασθαι,
976 4883 1076 4952 τήν
1119 4901 1180 4936 τε
1222 4884 1316 4936 τοῦ
1347 4883 1480 4936 Θεοῦ
1529 4881 1934 4952 φιλανθρωπίαν

250 4967 538 5036 κηρύττει,
592 4968 651 5030 ἐξ
695 4968 883 5038 ὀλίγης
950 4970 1049 5039 τῆς
1099 4971 1435 5043 ἐπιστροφῆς
1483 4969 1735 5024 τοσοῦτον
1790 4983 1934 5037 παρ-

247 5053 576 5118 ενέγκαντος
597 5054 776 5123 νέφος,
800 5055 926 5118 τούς
949 5073 1007 5108 τε
1027 5059 1084 5109 ἐν
1111 5057 1418 5125 ἀπογνώσει
1454 5057 1660 5118 πάντας
1686 5054 1930 5123 ἀνίστησι

261 5139 533 5210 μαθόντας
561 5140 626 5193 ἐκ
657 5141 766 5195 τῶν
785 5142 1088 5212 ἡμετέρων,
1121 5145 1204 5196 ὅτι
1228 5144 1321 5197 τὸν
1351 5142 1637 5216 [1241ἄνω
1673 5140 1768 5194 καὶ
1801 5139 1935 5208 πρὸς

258 5229 359 5299 τῆν
388 5226 482 5280 τοῦ
517 5225 650 5280 Θεοῦ
681 5225 946 5296 βλέποντα
975 5229 1167 5299 ῥοπὴν,
1201 5231 1302 5284 κᾶν
1330 5232 1500 5303 μυρία
1533 5229 1764 5299 περιστῇ
1800 5244 1926 5279 παν‹

249 5333 274 5363 τ
291 5315 484 5384 αχόθεν
505 5314 742 5385 κύματα,
775 5317 1264 5388 καταποντισθῆναι
1290 5318 1389 5371 ούκ
1417 5317 1516 5370 ἔνι.
1547 5316 1642 5378 Τίς
1665 5315 1772 5383 γὰρ
1804 5309 1931 5376 εἶδεν

250 5402 343 5464 τίς
369 5403 565 5473 ἡκουσέ
611 5419 739 5455 ποτε
784 5403 854 5455 1‘1
894 5403 1140 5475 ἡμέτερα
1184 5405 1366 5475 παθη;
1413 5407 1476 5458 ἐκ
1511 5404 1724 5474 βάθρων
1757 5401 1934 5456 αὐτῶν

257 5490 383 5542 καθ’
421 5491 655 5559 ἑκάστην
698 5489 1114 5561 προσεδοκῶμεν
1168 5493 1380 5564 ἡμέραν
1416 5488 1932 5558 ἀνασπασθήσεσθαι

248 5575 358 5646 τὴν
389 5577 540 5630 πόλιν
570 5581 700 5650 ἡμῖν
735 5576 873 5648 μετὰ
909 5577 1020 5631 τῶν
1053 5580 1401 5633 ἐνοικούντων
1421 5597 1435 5609 θ
1468 5577 1583 5631 ἀλλ’
1624 5575 1711 5628 ὅτε
1739 5573 1933 5646 ῆλπιζε

255 5666 674 5729 καταποντίζειν
726 5665 786 5719 τὸ
835 5665 1041 5734 σκάφος
1093 5669 1121 5719 6
1163 5667 1441 5730 διάϐολος,
1503 5665 1625 5717 τότε
1687 5662 1934 5735 καθαρὰν

251 5752 503 5823 γαλήνην
546 5753 798 5824 ἐποίησεν
838 5753 867 5805 6
902 5753 1053 5816 Θεός.
1095 5754 1185 5825 Μὴ
1226 5755 1406 5807 τοίνυν
1451 5748 1931 5819 ἐπιλανθανώμεθα

251 5838 353 5889 τοῦ
394 5841 650 5909 μεγέθους
689 5841 796 5894 τῶν
822 5840 1030 5903 δεινῶν,
1065 5841 1152 5894 ἵνα
1185 5840 1612 5912 μνημονεύωμεν
1641 5835 1736 5890 τοῦ
1771 5837 1935 5907 μεγέ-

261 5922 387 5988 θους
412 5927 519 5980 τῶν
543 5927 872 6001 εὐεργεσιῶν
893 5929 1002 5982 τῶν
1024 5928 1173 5998 παρὰ
1206 5929 1297 5981 τοῦ
1315 5928 1450 5981 Θεοῦ
1477 5925 1784 5997 γενομένων
1803 5943 1815 5956 ·
1843 5925 1935 5978 καὶ

262 6011 371 6084 γὰρ
397 6017 425 6069 6
456 6017 528 6087 μὴ
558 6020 710 6083 εἰδὼς
748 6019 838 6074 τοῦ
885 6017 1183 6088 νοσήματος
1229 6015 1326 6086 τὴν
1371 6017 1550 6085 φύσιν,
1587 6015 1684 6070 οὒκ
1733 6015 1932 6071 εἵσεται

2017 1502 2112 1558 τοῦ
2139 1500 2325 1572 ίατροῦ
2352 1501 2449 1572 τὴν
2474 1503 2686 1573 τέχνην.
2716 1498 2903 1554 Ταῦτα
2939 1500 3034 1554 καὶ
3071 1499 3205 1570 πρὸς
3227 1500 3353 1562 τοὺς
3383 1499 3577 1562 παῖδας
3598 1498 3689 1553 λέ-

2008 1605 2195 1660 γωμεν
2220 1588 2348 1649 τοὺς
2371 1587 2694 1658 ἡμετέρους,
2728 1586 2823 1641 καὶ
2863 1588 2944 1650 είς
2987 1585 3187 1658 μυρίας
3229 1585 3695 1655 παραπέμπωμεν-

2007 1674 2220 1744 γενεὰς,
2253 1672 2341 1724 ῖνα
2375 1670 2620 1741 μάθωσιν
2650 1672 2886 1736 ἆπαντες
2945 1671 3063 1735 πῶς
3088 1669 3419 1723 ἐσπούδασεν
3450 1671 3478 1722 6
3509 1668 3690 1722 διιὶιϐο⁸

2009 1761 2100 1824 λος
2129 1760 2222 1814 καὶ
2245 1757 2305 1810 τὸ
2332 1757 2526 1824 ἔδαφος
2564 1757 2821 1824 ἀφανίσαι
2852 1758 2952 1828 τῆς
2997 1758 3225 1819 πόλεως,
3263 1756 3358 1809 καὶ
3391 1756 3507 1817 πῶς
3533 1757 3688 1825 ἴσχυ-

2011 1865 2102 1900 σεν
2136 1848 2163 1898 6
2199 1845 2332 1908 Θεὸς
2378 1846 2729 1898 πεπτωκυῖαν
2763 1844 2933 1914 αὐτὴν
2961 1845 3054 1897 καὶ
3092 1845 3352 1914 κειμένην
3401 1844 3488 1895 ἐπ’
3533 1843 3691 1912 δψεσι

2013 1935 2208 2004 στῆσαι
2234 1930 2416 1995 πάλιν,
2468 1931 2561 1983 καὶ
2603 1929 2738 2000 μηδέ
2773 1929 2874 2001 τὴν
2911 1929 3178 1999 τυχοῦσαν
3217 1929 3569 2000 συγχωρῆσαι
3601 1947 3694 1997 γε-

2011 2020 2196 2073 νέσθαι
2225 2017 2448 2088 βλάϐην,
2483 2017 2618 2070 ἀλλὰ
2649 2017 2742 2069 καὶ
2774 2017 2870 2070 τὸν
2911 2016 3075 2086 φόϐον
3097 2017 3295 2082 ἀνεῖλε,
3333 2017 3428 2070 καὶ⁵
3461 2017 3552 2070 τὸν
3577 2017 3696 2068 κίνι

2011 2105 2162 2158 δυνον
2185 2102 2561 2172 ἀπεκρούσατο
2595 2103 2732 2173 μετά
2751 2103 2946 2156 πολλοῦ
2968 2102 3062 2156 τοῦ
3098 2104 3318 2173 τάχους.
3354 2105 3463 2157 Καὶ
3487 2105 3598 2174 γὰρ
3623 2106 3694 2174 τῇ

2013 2189 2362 2262 παρελθούσῃ
2399 2188 2660 2257 ἐϐδομάδι
2705 2189 2802 2252 τὰς
2847 2190 3032 2253 ούσίας
3069 2190 3400 2260 δημεύεσθαι
3433 2190 3694 2257 προσεδοο

2015 2278 2202 2348 κῶμεν
2231 2275 2493 2338 ἅπαντες,
2527 2276 2623 2329 καὶ
2665 2275 3002 2345 στρατιώτας
3041 2278 3172 2346 ἡμῖν
3214 2277 3567 2346 ἐπαφίεσθαι.
3599 2279 3690 2328 καὶ

2016 2365 2189 2437 μυρία
2238 2363 2402 2434 ’ἐτερα
2448 2361 2915 2432 ὼνειροπολοῦμεν
2965 2362 3145 2416 δεινά·
3201 2364 3316 2416 ἀλλ’
3365 2364 3474 2416 ἰδοὺ
3517 2363 3698 2418 πάντα

2014 2455 2197 2506 ἐκεῖνα
2234 2449 2532 2520 παρῆλθεν,
2572 2449 2760 2519 ὥσπερ
2789 2449 2948 2518 νέφος
2989 2450 3084 2501 καὶ⁹
3123 2448 3311 2520 ὥσπερ
3359 2451 3487 2504 σκιὰ
3515 2467 3697 2522 παρα·

2014 2540 2310 2610 τρέχουσα,
2351 2539 2446 2590 καί¹
2481 2539 2548 2608 τῇ
2605 2535 2902 2608 προσδοκίᾳ
2935 2536 3043 2589 τῶν
3087 2538 3279 2590 δεινῶν
3318 2538 3696 2608 ἐκολάσθημεν

2021 2627 2209 2695 μόνον·
2246 2624 2445 2694 μᾶλλον
2477 2625 2535 2676 δὲ
2568 2623 2668 2676 ούκ
2701 2623 3090 2694 ἐκολάσθημεν,
3134 2625 3271 2677 ἀλλὰ
3317 2627 3411 2678 καὶ
3449 2624 3700 2677 ἐπαιδεύ-

2019 2712 2193 2781 θημεν
2237 2711 2333 2764 καὶ
2371 2709 2610 2780 βελτίους
2659 2709 2987 2780 γεγόναμεν,
3034 2709 3128 2763 τοῦ
3160 2711 3292 2764 Θεοῦ
3327 2711 3424 2783 τὴν
3471 2713 3699 2781 καρδίαν

2017 2799 2112 2851 τοῦ
2154 2797 2418 2867 βασιλέως
2467 2795 2826 2867 μαλάξαντος.
2877 2797 3138 2867 Λέγωμεν
3183 2797 3361 2850 τοίνυν
3411 2797 3700 2864 διαπαντὸς

2019 2887 2114 2938 καὶ
2144 2885 2266 2939 καθ’
2299 2885 2535 2955 ἡμέραν,
2573 2883 2877 2951 Εὐλογητὸς
2905 2885 2934 2935 6
2965 2883 3119 2946 Θεὸς,
3165 2885 3258 2938 καὶ
3282 2885 3422 2955 μετὰ
3456 2885 3701 2949 πλείονος

2019 2972 2256 3042 σπουδῆς
2283 2974 2349 3042 τῇ
2383 2969 2596 3036 συνάξει
2637 2969 3010 3039 προσέχωμεν,
3038 2973 3131 3024 καὶ
3160 2972 3295 3042 πρὸς
3331 2971 3429 3041 τὴν
3473 2972 3698 3040 Ἐκκλη-

2020 3058 2140 3112 σίαν
2163 3059 2470 3128 τρέχωμεν,
2494 3057 2615 3110 ὅθεν
2647 3057 3091 3128 ἐκαρπωσάμεθα
3115 3058 3211 3129 τὴν
3236 3058 3525 3127 ὠφέλειαν.
3556 3059 3698 3112 ’Ίστε

2018 3145 2126 3216 γὰρ
2169 3148 2225 3198 ἐν
2255 3147 2396 3216 ἀρχῇ
2431 3143 2533 3196 ποῦ
2573 3142 2928 3212 κατεφύγετε,
2974 3144 3076 3197 ποῦ
3110 3147 3496 3217 συνεδράμετε,
3533 3148 3701 3200 πόθεν

2017 3233 2152 3301 ἡμῖν
2185 3233 2218 3301 ἡ
2254 3229 2498 3300 σωτηρία
2543 3229 2786 3298 γέγονεν.
2843 3230 3124 3300 Ἐχώμεθα
3165 3233 3345 3285 τοίνυν
3391 3234 3490 3301 τῆς
3549 3235 3700 3304 ἱερᾶς

2021 3317 2288 3388 ἀγκύρας.
2324 3317 2415 3369 καὶ
2453 3314 2700 3387 καθάπερ
2724 3317 2782 3369 ἐν
2813 3316 2888 3385 τῷ
2919 3318 3094 3388 καιρῷ
3118 3319 3227 3372 τῶν
3261 3319 3523 3373 κινδύνων
3553 3321 3702 3390 ἡμᾶς

2021 3405 2080 3455 οὐ
2107 3402 2435 3473 προέδωκεν,
2462 3401 2602 3454 οὕτω
2635 3401 2769 3470 μηδὲ
2804 3403 2963 3472 ἡμεῖς
2997 3403 3166 3474 αὐτὴν
3191 3406 3248 3457 ἐν
3285 3405 3364 3475 τῷ
3390 3405 3566 3476 καιρῷ
3601 3407 3701 3475 τῆς

2025 3490 2271 3551 ἀνέσεως
2340 3486 2768 3557 καταλίπωμεν,
2826 3488 2965 3541 ἀλλὰ
3027 3490 3294 3560 μείνωμεν
3356 3494 3491 3560 μετὰ
3545 3496 3702 3565 ἀκρι-

2027 3576 2222 3638 ϐείας,
2289 3574 2384 3627 καὶ
2443 3572 2542 3636 τὰς
2599 3571 2845 3636 συνάξεις
2909 3575 3002 3627 καὶ
3062 3575 3161 3638 τὰς
3231 3577 3396 3647 εὐχὰς
3460 3581 3552 3630 καὶ
3603 3579 3704 3650 τὴν

2023 3662 2132 3714 τῶν
2172 3661 2331 3714 θείων
2388 3659 2582 3727 λογίων
2643 3659 2906 3730 ἀκρόασιν
2963 3660 3243 3731 ποιώμεθα
3293 3663 3412 3716 καθ’
3467 3666 3702 3736 ἡμέραν,

2025 3749 2117 3800 καὶ
2149 3745 2248 3817 τὴν
2282 3746 2478 3816 σχολὴν
2511 3747 2576 3814 ἢν
2612 3744 2977 3815 ἀνηλίσκομεν
3011 3749 3516 3818 περιεργαζόμενοι,
3550 3751 3707 3803 πολυ-

2025 3831 2490 3903 πραγμονοῦντες,
2522 3829 2648 3893 τοὺς
2681 3829 2791 3882 ἀπὸ
2825 3830 2920 3883 τοῦ
2957 3835 3322 3904 στρατοπέδου
3357 3837 3708 3907 περιτρέχον-

2035 3936 2152 3982 τες,
2175 3916 2573 3981 σπουδάζοντες
2590 3915 2732 3986 ύπὲρ
2761 3917 2870 3971 τῶν
2899 3919 3260 3990 ἐπικειμένων
3281 3922 3485 3985 κακῶν,
3505 3924 3707 3993 ταύτην

2030 4005 2396 4074 ἀναλώσωμεν
2421 4003 2638 4057 ἃπασαν
2661 4003 2740 4066 είς
2771 4004 2868 4073 τὴν
2899 4005 3008 4058 τῶν
3034 4006 3192 4060 θείων
3213 4009 3392 4078 νόμων
3421 4010 3706 4080 ἀκρόασιν,

2032 4091 2166 4145 ἀλλὰ
2205 4092 2278 4162 μὴ
2306 4092 2384 4153 εἰς
2411 4090 2673 4159 ἀκαίρους
2702 4089 2798 4141 καὶ
2831 4091 3124 4163 ἀνονήτους
3159 4094 3470 4166 διατριϐὰς,
3514 4097 3600 4150 ἵνα
3631 4098 3708 4170 μὴ

2034 4179 2197 4232 πάλιν
2243 4181 2322 4242 εἰς
2354 4177 2452 4248 τὴν
2490 4176 2736 4245 ἀνάγκην
2778 4176 2878 4246 τῆς
2921 4179 3174 4250 ἀσχολίας
3222 4181 3436 4252 ἐκείνης
3483 4183 3709 4248 ἑαυτοὺς

2033 4267 2360 4338 καταστήσω
2367 4283 2484 4336 μεν.

2108 4365 2175 4436 β’.
2195 4366 2284 4418 Ἐν
2307 4366 2404 4436 μὲν
2427 4361 2520 4420 οῦν
2557 4370 2678 4430 ταῖς
2709 4364 3104 4436 παρελθούσαις
3125 4365 3301 4435 τρισὶν
3341 4365 3577 4436 ἡμέραις
3613 4365 3707 4419 ἕνα

2035 4451 2360 4518 θεογνωσίας
2385 4452 2726 4522 ἐξητάσαμεν
2748 4452 2970 4522 τρόπον,
3003 4450 3097 4503 καὶ
3123 4450 3258 4520 πρὸς
3283 4451 3344 4503 τὸ
3371 4452 3524 4516 τέλος
3549 4455 3708 4507 αὑτὸν

2033 4536 2344 4606 ἠγάγομεν,
2388 4537 2780 4607 ἑρμηνεύοντες
2811 4536 2928 4600 πῶς
2970 4540 3034 4591 Ol
3077 4536 3337 4604 οὐρανοί
3367 4535 3708 4606 διηγοῦνται

2034 4621 2148 4688 τὴν
2178 4620 2365 4685 δόξαν
2389 4623 2563 4686 Θεοῦ,
2589 4624 2683 4677 καὶ
2706 4623 2758 4676 τί
2788 4623 2919 4676 ποτέ
2951 4624 3070 4675 ἐστι
3105 4622 3167 4674 τὸ
3197 4622 3348 4693 παρὰ
3377 4623 3468 4676 τοῦ
3500 4624 3706 4677 Παύλου

2033 4707 2345 4777 λεγόμενον,
2372 4708 2454 4761 ὅτι
2491 4709 2567 4763 Τὰ
2589 4711 2811 4778 ἀόρατα
2827 4709 3014 4764 αὐτοῦ
3041 4707 3161 4762 ἀπὸ
3183 4711 3438 4774 κτίσεως
3476 4712 3708 4779 κόσμου

2033 4793 2157 4858 τοῖς
2188 4793 2480 4863 ποιήμασι
2525 4797 2824 4866 νοούμενα
2863 4794 3200 4862 καθορᾶται,
3252 4797 3346 4849 καὶ
3394 4797 3707 4868 ἐδείκνυμεν

2035 4879 2152 4942 πῶς
2174 4880 2281 4932 ἀπὸ
2317 4881 2547 4945 κτίσεως
2575 4881 2802 4951 κόσμου,
2827 4883 2922 4935 καὶ
2952 4882 3067 4943 πῶς
3110 4881 3178 4933 δι’
3208 4881 3438 4952 ούρανοῦ
3475 4883 3567 4935 καὶ
3606 4884 3709 4951 γῆς

2036 4967 2132 5018 καὶ
2159 4966 2430 5038 θαλάττης
2464 4969 2493 5020 6
2527 4968 2869 5040 Δημιουργὸς
2891 4967 3452 5040 δοξάζεται.Τήμερον
3479 4970 3535 5022 δὲ
3557 4970 3709 5037 ὀλίγα

2037 5053 2198 5106 πάλιν
2229 5056 2307 5118 είς
2347 5055 2514 5124 αὐτὴν
2557 5055 2758 5125 ταύτην
2802 5056 3260 5126 φιλοσοφήσαντες
3308 5057 3406 5126 τὴν
3433 5057 3705 5116 ὑπόθεσιν,

2037 5141 2122 5209 ἐφ’
2163 5142 2347 5206 ἕτερον
2391 5141 2716 5212 βαδιούμεθα
2759 5142 2944 5212 λόγον·
2990 5144 3050 5195 ού
3101 5143 3210 5214 γὰρ
3257 5145 3418 5214 μόνον
3456 5145 3708 5214 ἐποίησεν

2037 5227 2226 5298 αὐτὴν,
2257 5228 2390 5280 ἀλλὰ
2422 5227 2518 5281 καὶ
2549 5228 2850 5300 γενομένην
2902 5229 3228 5300 ἐργάζεσθαι
3273 5231 3704 5297 παρεσκεύασεν,

2043 5313 2165 5367 οὔτε
2201 5316 2378 5367 πᾶσαν
2415 5314 2670 5384 ἀκίνητον
2716 5316 2896 5385 ἀφεὶς.
2936 5315 3059 5369 οὔτε
3101 5319 3280 5369 πᾶσαν
3315 5318 3580 5371 κινεῖσθαι
3621 5335 3709 5371 κε-

2042 5400 2269 5464 λεύσας·
2301 5401 2414 5454 ἀλλ’
2459 5403 2686 5472 οὐρανὸς
2717 5404 2815 5474 μὲν
2843 5404 3097 5473 ἀκίνητος
3137 5403 3356 5474 ἕστηκε,
3395 5406 3644 5476 καθάπερ
3682 5409 3710 5457 ὁ

2042 5491 2327 5560 προφήτης
2361 5487 2513 5560 [125]
2546 5491 2731 5560 φησὶν,
2780 5491 2842 5541 '0
2873 5491 3110 5556 στήσας
3150 5491 3256 5544 τὸν
3281 5492 3540 5560 οίψανὸν
3566 5492 3709 5546 ὡσεί

2043 5575 2334 5644 καμάραν,
2367 5577 2462 5630 καὶ
2489 5577 2786 5645 διατείνας
2809 5578 2996 5633 αὑτὸν
3033 5581 3173 5634 ὡσεί
3210 5581 3454 5648 σκηνὴν
3477 5581 3574 5635 ἐπὶ
3602 5580 3708 5647 τῆς

2042 5661 2152 5730 γῆς
2171 5681 2182 5692 ·
2215 5663 2243 5714 6
2264 5663 2318 5715 δὲ
2344 5663 2494 5734 ἣλιος
2526 5666 2664 5734 μετά
2687 5665 2794 5718 τῶν
2826 5667 3038 5738 ἄστρων
3067 5667 3173 5722 τῶν
3199 5668 3399 5722 λοιπῶν
3432 5669 3552 5722 καθ’
3581 5670 3711 5722 ἐκάα

2044 5767 2173 5817 στην
2199 5749 2380 5819 τρέχει
2409 5752 2508 5822 τὴν
2545 5754 2791 5823 ἡμέραν·
2826 5755 2920 5807 καὶ
2955 5755 3024 5824 γῆ
3067 5756 3224 5808 πάλιν
3255 5757 3490 5827 πέπηγε,
3538 5757 3606 5810 τὰ
3655 5759 3710 5811 δέ

2043 5837 2210 5890 ῦδατα
2247 5837 2446 5906 βαδίζει
2487 5839 2807 5904 διαπαντός·
2837 5843 2934 5912 οὐχ
2960 5842 3124 5897 ὕδατα
3154 5844 3211 5896 δὲ
3246 5845 3423 5914 μόνον,
3458 5845 3590 5898 ἀλλὰ
3619 5863 3712 5898 και

2040 5924 2261 5992 νεφέλαι
2297 5927 2392 5980 καὶ
2447 5927 2640 5999 δμϐροι
2686 5933 2926 6000 συνεχεῖς
2973 5931 3068 5984 κα)⁸
3109 5932 3395 6002 ἐπάλληλοι
3441 5931 3578 5986 κατὰ
3621 5933 3666 5984 τί
3693 5950 3710 5981 θ

2042 6015 2237 6069 οἰκεῖον
2262 6015 2631 6088 ἀποδιδόμενοι
2665 6019 2883 6088 καιρόν·
2923 6020 3006 6072 κατ
3039 6019 3132 6088 μία
3168 6019 3267 6088 μὶν
3292 6023 3323 6083 ἡ
3354 6021 3460 6072 τῶν
3489 6022 3578 6081 ὅςι¹
3601 6034 3712 6080 -ι
