4452 6680
817 341 918 398 129

816 456 996 526 φύσις,
1025 459 1256 532 διάφορα
1274 463 1423 550 6ὲᾷτά
1447 463 1506 530 ἐξ
1533 467 1709 522 αὐτῶν
1736 471 1997 540 γινόμενα
2042 485 2066 513 ιι
2084 491 2098 503 ·
2141 480 2238 530 καὶ
2283 479 2391 550 γὰρ
2421 481 2478 532 ἐν

815 547 1046 618 ἀμπέλῳ
1085 549 1293 618 γίνεται
1313 548 1454 616 οϊνος
1490 557 1518 608 6
1547 555 1718 620 ὑετὸς,
1749 560 1844 611 καὶ
1875 559 2052 612 ἔλαιον
2082 565 2138 616 ἐν
2175 547 2478 638 ἐλαίᾳίκαὶ

817 635 876 688 ιν
905 638 1018 698 τοῖς
1066 636 1247 701 ἀλλοις
1293 639 1348 692 δὲ
1397 643 1582 710 φυτοῖς
1613 643 1752 714 πρὸς
1777 645 1906 708 τοὺς
1939 648 2120 702 αὐτῶν
2169 635 2487 720 μεθίσταται

815 721 1040 792 χυμούς.
1072 724 1184 779 Καὶ
1217 725 1318 796 μία
1353 727 1410 779 δὲ
1440 727 1538 798 τῆς
1576 732 1677 800 γῆς
1726 732 1759 801 ἡ
1811 732 2021 805 γαστὴρ
2063 737 2158 790 καὶ
2199 739 2488 809 διαφόρους

813 809 969 880 φέρει
1010 813 1282 881 καρπούς
1329 813 1424 866 καὶ
1473 816 1573 885 μία
1623 818 1723 888 μὲν
1764 820 1797 889 ἡ
1839 821 1939 890 τῆς
1980 821 2216 895 ἡλιακῆς
2269 827 2488 890 ἀκτῖνος

815 898 994 970 θέρμη
1043 901 1140 986 καὶ.
1169 899 1440 970 διαφόρως
1484 901 1702 959 ἅπαντα
1745 906 2020 971 πεπαίνει,
2051 909 2122 964 τὰ
2159 913 2260 984 μέν
2294 913 2487 986 βραδύ-

811 1001 992 1056 τερον,
1026 987 1094 1038 τά
1124 985 1182 1038 6':
1211 986 1508 1060 ταχύτερον
1533 990 1669 1061 πρὸς
1695 991 1878 1064 ἀκμὴν
1905 995 2138 1063 ἄγουσα.
2170 999 2267 1064 Τίς
2291 985 2393 1054 οὐκ
2419 1002 2486 1054 ἂν

810 1070 982 1125 ταῦτα
1011 1071 1310 1146 ἐκπλαγείη
1353 1077 1449 1129 καὶ
1499 1076 1838 1148 θαυμάσειε;
1895 1083 2097 1152 μᾶλλον
2131 1085 2188 1138 δὲ
2231 1089 2292 1140 ού
2326 1087 2485 1141 τοῦτο

811 1156 972 1226 μόνον
1005 1158 1122 1210 ἐστὶ
1158 1158 1220 1212 16
1252 1159 1584 1230 θαυμαστὸν,
1620 1164 1704 1218 ὅτι
1745 1167 1998 1241 ποικίλην
2032 1172 2200 1241 αὐτὴν
2241 1173 2334 1224 καὶ
2369 1173 2480 1227 διά-

807 1260 971 1313 φορον
995 1245 1414 1310 κατεσκεύασεν,
1447 1249 1562 1302 ἀλλ’
1589 1251 1672 1304 ὅτι
1695 1255 1788 1306 καὶ
1813 1256 1996 1324 κοινὴν
2017 1257 2184 1326 αὐτὴν
2215 1259 2483 1330 προσέθη-

806 1345 900 1382 κεν
931 1329 1123 1396 ἆπασι,
1155 1334 1248 1385 καί¹
1284 1333 1560 1400 πλουσίοις
1595 1339 1690 1392 καὶ.
1734 1341 1959 1412 πένησι,
2004 1345 2098 1395 καὶ
2135 1329 2480 1415 ἁμαρτωλοῖς

807 1427 900 1471 καὶ
930 1419 1177 1482 δικαίοις.
1212 1421 1390 1493 Ὅπερ
1421 1418 1512 1476 οῦν
1544 1426 1635 1478 καὶ
1667 1429 1694 1479 6
1731 1429 1960 1496 Χριστὸς
2000 1427 2203 1497 ἔλεγεν,
2237 1431 2320 1483 ὅτι
2369 1433 2479 1485 Τὸν

805 1503 984 1572 ἣλιον
1010 1507 1196 1561 αὐτοῦ
1220 1508 1539 1564 ἀνατέλλει
1569 1512 1666 1563 ἐπὶ
1698 1514 2003 1580 πονηροὺς
2041 1517 2140 1570 καὶ
2192 1518 2476 1586 ἀγαθοὺς,

804 1591 903 1644 καί
917 1592 1126 1662 βρέχει
1153 1595 1252 1648 ἐπὶ
1275 1595 1544 1661 δικαίους
1567 1599 1664 1650 καὶ
1693 1599 1943 1666 ἀδίκους
1963 1620 1976 1630 ·
2011 1605 2104 1657 καὶ
2144 1605 2355 1675 μυρίων
2383 1609 2478 1659 αύ-

802 1679 899 1764 τὴν
927 1678 1080 1742 ζώων
1111 1681 1416 1753 ἐμπλήσας,
1446 1685 1540 1737 καὶ
1569 1688 1774 1754 φυσικά
1810 1692 1924 1752 τοῖς
1955 1689 2115 1755 ζώοις
2144 1692 2320 1756 ἐνθεὶς
2344 1693 2472 1764 ἤθη,

800 1763 868 1818 τὰ
905 1765 1006 1834 μὲν
1056 1767 1370 1837 μιμεῖσθαι,
1419 1771 1486 1824 τὰ
1527 1771 1585 1824 δὲ
1631 1774 1854 1841 φεύγειν
1909 1777 2215 1832 ἐκέλευσεν.
2249 1763 2374 1832 Οἷόν
2422 1763 2473 1832 τι

799 1851 942 1920 λέγω
961 1869 973 1881 ·
1009 1854 1296 1922 φιλόπονόν
1321 1858 1468 1910 ἐστιν
1495 1861 1523 1912 6
1549 1859 1793 1930 μύρμηξ,
1831 1863 1926 1915 καὶ
1961 1865 2216 1918 ἐπίπονον
2240 1870 2473 1919 ποιεῖται

797 1938 894 2025 τὴν
923 1942 1216 2010 ἐργασίανο
1246 1944 1313 1998 ἂν
1353 1945 1531 1998 τοίνυν
1565 1947 1860 2018 προσέχῃς,
1898 1951 2159 2022 μεγίστην
2193 1954 2344 2025 παρὰ
2377 1953 2472 2007 τοῦ

797 2024 937 2088 ζὼου
961 2027 1089 2100 δέξῃ
1109 2031 1452 2100 παραίνεσιν,
1481 2031 1622 2085 ὥστε
1655 2034 1730 2104 μὴ
1767 2024 2304 2106 καταμαλακίζεσθαι
2337 2042 2472 2111 μηδὲ

797 2112 1016 2182 φεύγειν
1043 2115 1270 2185 ἱδρῶτας
1291 2118 1384 2170 καὶ
1411 2117 1623 2182 πόνους.
1658 2122 1760 2174 Ani:
1799 2123 1959 2176 τοῦτο
1984 2127 2073 2178 καὶ
2105 2127 2138 2194 ἡ
2167 2127 2205 2177 Γ
2209 2127 2356 2198 ραφὴ
2382 2130 2472 2182 τὸν

795 2199 1023 2272 ὀκνηρὸν
1072 2201 1207 2272 πρὸς
1255 2203 1461 2258 ἐκεῖνον
1500 2205 1711 2276 ἔπεμψε
1749 2208 2004 2276 λέγουσα⁶
2048 2211 2149 2264 Ἴοι
2181 2213 2330 2280 πρὸς
2369 2215 2474 2267 τὸν

791 2287 1090 2356 μύρμηκα,
1119 2284 1167 2342 ὦ
1193 2290 1435 2358 ὀκνηρέ,
1475 2293 1575 2346 καί
1605 2291 1878 2358 ζῆλωσον
1903 2299 2010 2360 τὰς
2048 2296 2227 2364 ὀδοὺς
2260 2301 2468 2366 αὐτοῦ,

793 2375 893 2428 καί
921 2377 1098 2444 τενοῦ
1125 2377 1362 2432 ἐκείνου
1391 2379 1748 2448 σοφώτερος.
1779 2385 1852 2436 Οὐ
1877 2383 2074 2453 βούλει,
2097 2387 2264 2456 φησὶ,
2321 2390 2473 2460 παρά

791 2461 900 2514 τῶν
930 2463 1206 2533 Γραφῶνδ
1236 2467 1427 2535 μαθεῖν
1448 2467 1528 2519 ὅτι
1553 2468 1716 2521 καλὸν
1748 2469 1808 2522 16
1835 2469 2185 2539 ἐργάξεσθαι,
2217 2475 2310 2528 καὶ
2333 2476 2414 2529 ὅτι
2445 2480 2473 2530 6

795 2549 870 2620 μὴ
902 2549 1269 2621 ἐργαζόμενος
1310 2551 1431 2605 οὺδέ
1473 2554 1676 2608 ἐσθίειν
1722 2556 1958 2624 ὀφείλει;
1993 2559 2057 2611 ού
2093 2559 2272 2628 βούλει
2319 2564 2471 2633 παρά

789 2635 899 2688 τῶν
925 2636 1259 2692 διδασκάλων
1288 2639 1520 2694 ἀκοῦσαι
1562 2642 1754 2707 τοῦτο;
1807 2645 2126 2716 παιδεύθητι
2170 2648 2322 2718 παρά
2362 2649 2496 2702 τῶν

789 2722 1020 2792 ἀλόγων.
1055 2724 1213 2778 Οὕτω
1254 2727 1348 2780 καὶ
1377 2728 1435 2782 ἐν
1467 2730 1588 2791 ταῖς
1631 2731 1830 2794 οίκίαις
1880 2732 2166 2803 ποιοῦμεν,
2211 2735 2470 2800 πολλάκις

790 2811 913 2873 τοὺς
937 2811 1190 2881 μείζονας
1217 2814 1313 2867 καὶ
1333 2815 1714 2887 ἐντιμοτέρους
1743 2813 1882 2872 εἶναι
1908 2819 2217 2886 δοκοῦντας,
2246 2821 2468 2878 ἐπειδὰν

788 2897 1096 2970 ἁμάρτωσι,
1131 2901 1364 2964 παιδίοις
1387 2903 1616 2973 νήφουσι
1643 2906 1932 2976 προσέχειν
1975 2909 2466 2979 παρακελευόμεθα

786 2984 1063 3055 λέγοντες·
1114 2986 1287 3041 Βλέπε
1328 2989 1418 3042 16v
1460 3001 1482 3026 ε
1527 2991 1846 3064 μικρότερόν
1887 3011 1980 3047 σου
2015 2995 2130 3058 πῶς
2159 2997 2274 3049 ἐστι
2304 3014 2468 3050 σπου-

782 3072 930 3136 δαῖος
955 3075 1048 3126 καὶ
1074 3073 1518 3145 διεγηγερμένος.

853 3159 964 3211 Καὶ
989 3159 1054 3212 σὺ
1081 3159 1262 3214 τοίνυν
1321 3163 1472 3233 παρά
1512 3161 1606 3216 τοῦ
1641 3163 1780 3228 ζὼου
1805 3165 1996 3218 τούτου
2028 3168 2296 3238 μεγίστην
2331 3168 2464 3222 λάϐε

782 3244 1101 3312 φιλοπονίας
1122 3251 1466 3320 παραίνεσιν,
1489 3251 1582 3304 καὶ
1605 3250 1886 3322 θαύμασόν
1919 3271 2011 3307 σου
2031 3254 2124 3308 τὸν
2153 3256 2450 3322 Δεσπότην,

784 3331 858 3402 μὴ
889 3333 1074 3404 ἐπειδὴ
1103 3335 1255 3405 ἥλιον
1282 3336 1506 3407 ἐποίησε
1532 3338 1690 3408 μόνον
1721 3339 1811 3392 καὶ
1837 3340 2086 3409 οὐρανὸν,
2121 3340 2237 3394 ἀλλ’
2273 3341 2460 3413 ἐπειδὴ

781 3417 876 3470 καὶ
903 3418 1170 3491 μύρμηκα
1196 3423 1455 3493 ἐποίησεν
1484 3441 1498 3452 ·
1524 3425 1573 3476 εί
1597 3424 1706 3495 γὰρ
1725 3426 1820 3477 καὶ
1847 3425 2023 3498 βραχὺ
2051 3428 2113 3478 τὸ
2141 3427 2300 3490 ζῶον,
2325 3428 2461 3480 ἁλλά

780 3503 873 3558 τοῦ
892 3506 1156 3576 μεγέθους
1176 3508 1277 3578 τῆς
1309 3509 1498 3577 σοφίας
1521 3510 1612 3563 τοῦ
1646 3511 1782 3564 Θεοῦ
1814 3512 2018 3583 πολλὴν
2052 3513 2164 3582 ἔχει
2189 3514 2286 3584 τὴν
2321 3515 2458 3568 ἀπό.

777 3592 959 3656 δειξιν.
1004 3595 1284 3664 Ἐννόησον
1309 3595 1440 3664 γοῦν
1463 3597 1580 3660 πῶς
1610 3599 1727 3650 ἐστι
1757 3601 1996 3662 συνετὸν,
2027 3601 2120 3653 καὶ
2151 3601 2454 3671 θαύμασον,

779 3681 896 3742 πῶς
962 3681 1180 3750 ἴσχυσεν
1218 3683 1247 3732 6
1288 3683 1421 3746 Θεὸς
1447 3685 1507 3736 ἐν
1547 3683 1692 3737 οὕτω
1728 3685 1920 3755 βραχεί
1948 3687 2160 3757 σώματι
2186 3689 2455 3758 τοσαύτην

779 3767 1158 3834 ἐγκαταθεῖναι
1197 3769 1461 3839 ἐργασίας
1493 3770 1790 3840 ἐπιθυμίαν
1817 3771 2178 3826 ἀδιάπτωτον.
2213 3775 2322 3826 Καὶ
2347 3775 2456 3828 ἀπὸ

774 3853 972 3906 τούτου
1002 3856 1099 3923 μὲν
1132 3855 1192 3908 16
1245 3856 1549 3924 φιλόπονον,
1589 3857 1696 3910 ἀπὸ
1743 3857 1800 3910 δέ
1845 3859 1946 3930 τῆς
1969 3860 2223 3930 μελίττης
2261 3863 2355 3914 καὶ
2393 3863 2455 3914 τὸ

777 3941 1062 4008 φιλόκαλον
1091 3943 1183 3995 καὶ
1212 3943 1269 3994 16
1295 3943 1581 4012 φιλόπονον
1611 3944 1850 4013 μάνθανε
1899 3947 1994 4000 καὶ
2021 3948 2082 3998 τὸ
2103 3948 2448 4018 φιλάλληλον.

775 4030 886 4082 Καὶ
911 4029 1019 4099 γὰρ
1053 4029 1234 4096 ἐκείνη
1270 4031 1368 4100 οὐχ
1395 4033 1563 4100 ἐαυτῇ
1599 4031 1796 4099 μᾶλλον
1823 4033 1856 4103 ἦ
1889 4034 2020 4103 ἡμῖν
2045 4037 2200 4086 πονεῖ
2234 4035 2328 4086 καὶ
2349 4052 2447 4088 τα-

771 4115 1126 4186 λαιπωρεῖται
1153 4117 1272 4170 καθ’
1300 4117 1538 4186 ἑκάστην
1562 4118 1774 4188 ἡμέραν
1794 4136 1806 4149 ·
1835 4119 1864 4171 ὃ
1896 4119 2129 4189 μάλιστα
2158 4122 2289 4175 ίδιον
2315 4125 2448 4194 Χρι-

774 4203 996 4272 στιανῷ,
1029 4204 1088 4256 16
1132 4204 1205 4273 μὴ
1251 4205 1320 4257 τὰ
1359 4204 1552 4258 ἐαυτοῦ
1584 4205 1786 4274 ζητεῖν,
1815 4207 1950 4260 ἀλλὰ
1979 4208 2045 4262 τά
2073 4209 2182 4262 τῶν
2217 4211 2444 4282 ἑτέρων.

775 4290 985 4362 Ὥσπερ
1021 4286 1115 4343 οὖν
1147 4291 1328 4362 ἐκείνη
1367 4291 1571 4354 πάντας
1608 4293 1966 4364 περιίπταται
1996 4297 2122 4358 τοὺς
2150 4297 2442 4368 λειμῶνας,

772 4377 861 4431 ἵνα
895 4378 1116 4448 ἑτοίμην
1143 4379 1313 4448 ἑτέρῳ
1331 4381 1722 4452 παρασκευάσῃ
1750 4383 2026 4452 τράπεζαν
2045 4400 2057 4413 ·
2094 4383 2234 4438 οὕτω
2261 4387 2354 4438 καὶ
2378 4388 2443 4439 σὺ

773 4464 1016 4534 ποίησον,
1042 4465 1318 4536 ἄνθρωπε,
1359 4466 1460 4518 κᾶν
1499 4470 1755 4537 χρήματα
1795 4469 2077 4539 συλλέγῃς,
2114 4471 2194 4533 εἰς
2224 4471 2446 4542 ἐτέρους

769 4553 1100 4622 δαπάνησον,
1133 4551 1238 4604 κᾶν
1263 4551 1454 4620 λόγους
1474 4553 1819 4618 διδασκαλίας
1845 4555 1994 4626 ἔχῃς,
2026 4558 2101 4625 μὴ
2119 4557 2444 4631 κατορύξῃς,

769 4639 906 4694 ἀλλά
939 4637 1138 4710 πρόθες
1164 4635 1317 4709 [126]
1345 4639 1426 4702 είς
1454 4639 1616 4708 μέσον
1649 4643 1758 4703 τοῖς
1795 4641 2090 4710 δεομένοις,
2131 4643 2234 4696 κᾶν
2259 4644 2446 4717 ἓτερον

767 4729 900 4800 ἔχῃς
949 4726 1350 4796 πλεονέκτημα,
1400 4725 1559 4794 γενοῦ
1597 4729 1864 4797 χρήσιμος
1895 4731 2008 4790 τοῖς
2040 4729 2316 4800 δεομένοις
2335 4733 2444 4786 τῶν

771 4815 878 4867 σῶν
903 4814 1195 4868 ἀπολαύειν
1237 4814 1435 4867 πόνων.
1471 4815 1584 4884 Οὐχ
1613 4815 1742 4883 ὁρᾷς
1779 4815 1860 4868 ὅτι
1886 4816 1974 4869 διὰ
2001 4817 2159 4871 τοῦτο
2209 4819 2444 4888 μάλιστα

766 4901 876 4956 τῶν
896 4901 1068 4954 ἄλλων
1086 4899 1230 4958 ἐστὶν
1261 4900 1582 4970 ἐντιμοτέρα
1607 4899 1758 4964 ζώων
1785 4903 1818 4970 ἡ
1851 4901 2092 4970 μέλιττα,
2126 4905 2226 4959 ούκ
2257 4908 2442 4979 ἐπειδὴ

767 4993 944 5053 πονεῖ,
989 4990 1106 5044 ἀλλ’
1156 4987 1342 5058 ἐπειδὴ
1401 4989 1610 5058 ἑτέροις
1640 4993 1826 5054 πονεῖ;
1858 4992 1981 5044 ἐπεὶ
2014 4996 2106 5048 καὶ
2140 4998 2167 5048 6
2197 4997 2440 5068 ἀράχνης

768 5079 918 5131 πονεῖ
988 5077 1080 5130 καὶ
1137 5075 1565 5146 ταλαιπωρεῖται
1622 5077 1715 5128 καὶ
1764 5077 1934 5130 λεπτὰ
1991 5079 2244 5135 διατείνει
2301 5085 2440 5138 κατὰ

763 5167 891 5228 τοὺς
937 5165 1148 5234 τοίχους
1209 5162 1508 5233 ὑφάσματα
1549 5164 1731 5217 πᾶσαν
1777 5165 2030 5231 γυναικὸς
2055 5169 2245 5235 σοφίαν
2268 5171 2440 5242 ὑπερ-

767 5252 1052 5316 ϐάλλοντα,
1094 5251 1208 5305 ἀλλ’
1246 5250 1392 5304 ἐστιν
1429 5250 1626 5320 ἄτιμον
1668 5250 1729 5302 16
1774 5249 1934 5314 ζῶον,
1981 5253 2165 5323 ἐπειδὴ
2189 5253 2250 5306 16
2279 5255 2438 5326 ἔργον

765 5342 898 5411 ἡμῖν
925 5339 1157 5408 οὐδαμοῦ
1212 5339 1498 5409 χρήσιμον.
1535 5337 1780 5392 Τοιοῦτοί
1804 5340 1942 5392 εἰσιν
1972 5342 2020 5392 οί
2054 5341 2268 5404 ἑαυτοῖς
2337 5345 2438 5396 κά-

767 5443 990 5498 μνοντες
1019 5427 1114 5480 καὶ
1141 5426 1663 5496 ταλαιπωρούμενοι.
1694 5425 1942 5496 Μίμησαι
1971 5427 2071 5496 τῆς
2115 5432 2438 5501 περιστερᾶς

761 5513 825 5569 τὸ
872 5513 1158 5584 ἀκέραιον,
1207 5511 1440 5581 μίμησαι
1477 5512 1571 5566 τοῦ
1619 5513 1741 5566 ὄνου
1797 5514 1857 5568 τὸ
1904 5515 2282 5584 φιλοδέσποτον
2343 5517 2438 5570 καὶ

761 5603 857 5658 τοῦ
912 5601 1056 5674 βοὸς,
1112 5599 1348 5670 μίμησαι
1396 5598 1504 5654 τῶν
1548 5599 1776 5671 ὀρνίθων
1827 5603 1888 5656 τὸ
1942 5602 2278 5674 ἀμέριμνον⁹
2317 5603 2435 5658 ἐστι

823 5753 844 5775 ⁸
877 5753 956 5803 Sic
977 5751 1127 5816 Savil.
1153 5759 1207 5801 et
1227 5762 1403 5816 omnes
1422 5763 1682 5816 peneimss.
1713 5752 1886 5800 Morel.
1912 5767 2029 5803 vero
2050 5756 2290 5816 γενόμενα.
2321 5756 2428 5806 Mox

763 5819 869 5880 ags
884 5829 1003 5880 ἔπιες,
1025 5815 1139 5878 πρὸς
1159 5814 1258 5880 τοῖς
1281 5813 1471 5862 ἐκείνων
1491 5815 1768 5880 καθίσταται
1791 5817 1977 5880 χυμοῖς,
2004 5813 2083 5866 καί
2111 5813 2213 5880 μία.

825 5875 856 5950 ξ
880 5875 1027 5950 ξενίη
1057 5875 1110 5926 οι
1128 5875 1324 5950 quidam
1344 5889 1460 5924 mss.
1487 5875 1540 5924 ἐκ
1565 5875 1656 5924 τῶν
1679 5876 1889 5937 mm».

830 5934 855 5972 τ
883 5935 982 5988 Alii
1003 5939 1090 6006 ὅρα
1111 5934 1208 5989 τό».

1579 351 1637 406 S.
1678 353 1966 412 JOANNIS
1999 357 2496 419 CHRYSOSTOSII
2533 365 2852 425 ARCIIIEP.
2897 371 3452 432 CONS'IA'N'IINUI’.

4165 395 4276 448 13⁸1

2584 481 2710 572 γάρ,
2757 483 2872 572 έστι
2921 489 3135 558 μεγάλα
3189 492 3298 544 ἀπὸ
3346 490 3454 542 τῶν
3503 490 3712 558 ἀλόγων
3755 503 4154 568 καρπώσασθαι
4189 513 4274 572 είς

2585 568 2731 635 ἠθῶν
2762 570 3067 644 διόρθωσιν.
3095 579 3228 631 Ἀπὸ
3260 579 3462 632 τούτων
3497 581 3590 632 καὶ
3619 583 3648 632 6
3673 584 3904 653 Χριστὸς
3937 595 4068 663 ἡμῖν
4095 568 4284 650 smul

2581 671 2737 747 γεται
2765 659 2876 714 τῶν
2910 663 3062 726 ζώων
3087 681 3100 694 ·
3127 667 3382 722 Γίνεσθε
3403 666 3516 738 γὰρ
3555 669 3845 738 φρόνιμοι,
3871 659 4055 744 φηάὶν,
4103 682 4188 747 ὡς
4211 685 4272 736 οι

2584 740 2770 810 ὄφεις,
2819 747 2918 801 καί
2963 750 3222 822 ἀκέραιοι
3270 754 3351 820 ὡς
3387 758 3448 808 αἱ
3501 740 4016 822 περιστεραίίΚαὶ
4043 740 4268 822 ⁷πάλιν·

2595 829 2962 901 Ἑμὸλέψατε
2989 842 3078 904 εἰς
3103 839 3174 894 τὰ
3195 841 3436 896 πετεινὰ
3453 841 3560 894 τοῦ
3585 842 3864 908 ούρανοῦ,
3885 847 3972 900 ὅτι
3992 853 4064 905 οὐ
4091 857 4268 908 0'er-

2571 933 2666 1009 ρει
2691 918 2835 1009 οὐδέ
2859 923 3088 992 θερίζει,
3117 928 3215 982 καί
3239 931 3274 983 ὁ
3297 928 3496 996 Πατὴρ
3514 927 3681 996 ὑμῶν
3703 931 3738 982 ό
3761 933 4040 1003 οὐράνιος
4061 941 4268 1009 τρέφει

2579 1004 2754 1096 αὐτα.
2773 1089 2785 1096 ⁸
2815 1007 2928 1062 Καὶ
3022 1016 3308 1084 προφήτης
3363 1015 3420 1067 δὲ
3467 1015 3742 1084 ἐντρέπων
3775 1021 3900 1084 τοὺς
3937 1004 4266 1096 ἀγνώμονας

2593 1088 2898 1156 Ἰουδαίους.
2933 1095 3076 1150 οὕτω
3103 1099 3218 1163 πώς
3248 1117 3412 1170 φησιν
3431 1117 3444 1129 ·
3481 1101 3670 1168 Ἔγνω
3694 1101 3850 1170 ,ϐοῦς
3887 1088 3998 1161 τὸν
4034 1088 4264 1178 κτησὰξ

2571 1192 2781 1266 μενον,
2795 1180 2895 1232 καί
2917 1181 3055 1250 ὄνος
3069 1185 3183 1252 τὴν
3199 1186 3434 1254 φάτνην
3447 1185 3553 1240 τοῦ
3569 1189 3776 1254 κυρίου
3792 1194 3998 1260 αὑτοῦ,
4017 1197 4262 1266 Ἰσραὴλ

2576 1259 2643 1350 δέ
2681 1280 2760 1331 με
2821 1268 2933 1320 οὐκ
2983 1269 3156 1340 ἔγνω.
3208 1273 3318 1326 Καὶ
3361 1273 3544 1334 πάλιν,
3591 1275 3831 1343 Τρυγὼν
3869 1283 3964 1334 καὶ
3996 1259 4262 1350 χελιδών

2575 1347 2784 1415 ἀγροῦ,
2818 1358 3126 1421 στρουθία,
3186 1359 3459 1422 ἔγνωσαν
3485 1358 3730 1424 καιροὺς
3761 1347 4258 1433 εἰσόδων-αὐτῶν,

2575 1437 2607 1487 ὀ
2639 1435 2708 1488 δὲ
2733 1440 2886 1504 λαός
2913 1459 3033 1509 μου
3054 1447 3165 1497 οὐκ
3191 1445 3345 1513 ἔγνω
3361 1445 3432 1497 τὰ
3447 1445 3702 1512 nep/ﬂata
3721 1451 3940 1515 Κυρίου
3963 1454 4072 1506 τοῦ
4105 1457 4258 1508 Θεοῦ

2571 1521 2778 1576 αὐτοῦ.
2811 1525 2946 1580 Ἀπὸ
2975 1529 3072 1598 μὲν
3093 1530 3296 1582 τούτων
3313 1534 3408 1583 καὶ
3433 1531 3541 1584 τῶν
3565 1531 3820 1586 τοιούτων
3837 1535 3990 1599 ζώων
4011 1541 4256 1609 μάνθανε

2572 1610 2872 1680 κατορθοῦν
2902 1615 3121 1686 ἀρετὴν,
3157 1617 3264 1670 ἀπὸ
3303 1617 3360 1670 δέ
3391 1617 3500 1670 τῶν
3527 1617 3787 1671 ἐναντίων
3833 1623 4092 1678 παιδεῦον
4119 1627 4254 1694 φεύ-

2571 1711 2688 1761 γειν
2740 1701 2962 1754 κακίαν.
2999 1703 3207 1773 ’Ὥσπερ
3247 1703 3356 1774 γάρ
3405 1703 3692 1772 φιλόκαλον
3721 1708 3754 1775 ἡ
3780 1707 4032 1776 μέλιττα.
4077 1713 4254 1778 οὕτως

2570 1781 2810 1853 ὀλέθριον
2844 1789 2876 1858 ἡ
2910 1789 3075 1853 ἀσπίς
3097 1808 3108 1819 ·
3154 1790 3538 1862 ἀποστράφηθι
3578 1791 3750 1844 τοίνυν
3779 1795 3878 1863 τὴν
3909 1799 4132 1863 κακίαν,
4163 1802 4254 1853 ἵνα

2573 1869 2646 1938 μὴ
2664 1871 2922 1944 ἀκούσῃς·
2963 1877 3065 1942 Ἰὐς
3079 1877 3354 1930 ἀσπίδων
3371 1877 3488 1932 ὑπὸ
3509 1876 3580 1930 τὰ
3602 1879 3777 1946 χείλη
3809 1881 4030 1936 αὐτῶν.
4063 1885 4248 1938 Ἀναί-

2572 1972 2797 2026 σχυντον
2833 1961 2993 2014 πάλιν
3025 1965 3053 2016 6
3091 1963 3234 2016 κύων
3261 1981 3273 1994 ·
3318 1964 3546 2032 μίσησον
3583 1965 3675 2016 καὶ
3713 1966 3918 2036 ταύτην
3947 1969 4049 2040 τὴν
4079 1988 4252 2042 πονη-

2571 2045 2713 2114 ρίαν.
2769 2049 2994 2122 Δολερὺν
3033 2051 3125 2102 καὶ
3165 2049 3471 2120 πανοῦργον
3508 2051 3541 2120 ή
3585 2050 3844 2122 ἀλώπηξ’
3875 2055 3950 2126 μὴ
3995 2055 4250 2128 ζηλώσῃς

2567 2132 2627 2184 16
2657 2133 2869 2205 νόσημα
2888 2149 2901 2163 ·
2936 2136 3070 2190 ἀλλά
3097 2135 3342 2206 καθάπερ
3373 2137 3406 2206 ἡ
3443 2135 3665 2205 μέλιττα
3688 2141 3798 2203 τοῖς
3824 2140 4087 2210 λειμῶσιν
4145 2145 4248 2210 ἐφ-

2574 2221 2845 2292 ιπταμένη
2889 2223 2948 2276 οὐ
2981 2223 3154 2275 πάντα
3178 2223 3409 2290 ἐκλέγει,
3443 2223 3577 2276 ἀλλά
3607 2225 3675 2278 τὰ
3711 2228 3954 2298 χρήσιμα
3987 2224 4245 2292 λαϐοῦσα,

2567 2305 2634 2358 τά
2675 2307 2837 2362 λοιπά
2877 2310 3120 2380 ἀφίησιν,
3164 2307 3306 2362 οῦτω
3351 2311 3446 2362 καὶ
3495 2311 3560 2362 σὺ
3591 2310 3812 2382 ποίησον
3837 2328 3850 2340 ·
3885 2313 3996 2364 τῶν
4031 2315 4250 2382 ἀλόγων

2573 2393 2816 2448 ἐπελθὼν
2841 2395 2901 2448 16
2925 2396 3100 2464 γένος,
3125 2395 3237 2448 εἴτι
3253 2397 3540 2466 χρήσιμον,
3571 2399 3698 2467 παρ’
3722 2397 3943 2450 ἐκείνων
3959 2397 4204 2469 λάμϐανε
4225 2419 4240 2431 ·

2567 2481 2661 2533 καὶ
2694 2481 2838 2552 άπερ
2858 2482 3069 2552 ἔχουσιν
3096 2485 3152 2536 ἐν
3189 2485 3256 2554 τῇ
3287 2483 3446 2552 φύσει
3476 2483 3944 2554 πλεονεκτήματα,
3971 2486 4144 2539 ταῦτα
4175 2491 4242 2542 σὺ

2565 2575 2654 2628 διά
2683 2578 2782 2647 τῆς
2845 2581 3214 2650 προαιρέσεως
3259 2579 3606 2651 κατόρθωσον
3627 2595 3639 2608 ·
3683 2580 3776 2633 καὶ
3812 2582 3922 2651 γὰρ
3948 2583 4044 2634 καὶ
4067 2583 4244 2656 ταύτῃ

2567 2673 2718 2742 παρά
2769 2675 2865 2728 τοῦ
2909 2676 3041 2730 Θεοῦ
3085 2679 3397 2748 τετίμησαι,
3421 2676 3504 2730 ὅτι
3541 2677 3610 2731 τά
3637 2679 3844 2744 φυσικά
3861 2681 4038 2736 αὐτῶν
4055 2682 4238 2734 πλεον-

2559 2763 2848 2836 εκτήματα
2915 2771 2980 2822 ἐκ
3007 2771 3374 2842 προαιρέσεώς
3409 2789 3491 2825 σοι
3529 2773 3770 2844 παρέσχε
3797 2774 4117 2843 κατορθοῦν,
4153 2776 4240 2827 ἵνα

2564 2861 2658 2914 καὶ
2685 2861 2913 2932 βραϐεῖα
2963 2865 3154 2938 λάϐῃς.
3209 2867 3471 2930 Ἐκείνοις
3495 2869 3604 2938 γὰρ
3627 2869 3727 2920 οὐκ
3769 2871 3832 2921 ἐκ
3867 2869 4238 2940 προαιρέσεως

2563 2948 2657 3002 καὶ
2681 2949 2839 3018 λόγου
2867 2953 2932 3004 τὰ
2957 2952 3372 3022 κατορθώματα,
3395 2954 3506 3006 ἀλλ’
3532 2954 3639 3006 ἀπὸ
3663 2954 3876 3022 φύσεως
3897 2955 4082 3024 μόνης.
4111 2951 4240 3008 Οἶόν

2560 3059 2613 3094 τι
2637 3043 2804 3112 λέγω·
2841 3049 2872 3116 ὴ
2906 3048 3124 3116 μέλιττα
3157 3048 3505 3119 μελιτουργεῖ
3537 3050 3598 3101 οὐ
3627 3049 3772 3119 λόγῳ
3803 3049 4048 3120 μαθοῦσα
4078 3050 4239 3103 τοῦτο

2564 3141 2654 3191 καὶ
2689 3140 2949 3212 λογισμῷ,
2981 3144 3097 3196 ἀλλ’
3127 3144 3234 3196 ἀπὸ
3262 3144 3359 3213 τῆς
3384 3143 3598 3211 φύσεως
3621 3143 3968 3197 παιδευθεῖσα
3987 3163 4002 3174 ·
4041 3145 4165 3198 ἐπεὶ
4182 3147 4235 3198 εί

2562 3234 2636 3305 μὴ
2662 3237 2886 3303 φυσικὸν
2914 3233 2981 3308 ἦν
3009 3241 3071 3293 τὸ
3099 3239 3282 3308 ἔργον,
3317 3239 3452 3308 μηδὲ
3499 3237 3579 3308 τῷ
3607 3239 3756 3307 γένει
3789 3240 4233 3310 συγκεκλήρωτο,

2555 3329 2660 3383 ἔδει
2686 3331 2900 3396 πάντως
2921 3333 3073 3396 τινὰς
3097 3331 3156 3397 ἐξ
3193 3333 3372 3386 αὐτῶν
3408 3333 3665 3405 ἀπείρους
3695 3330 3833 3387 εἶναι
3861 3335 3959 3405 τῆς
3985 3335 4184 3406 τέχνης
4215 3354 4230 3366 ·

2559 3423 2652 3479 νῦν
2685 3426 2743 3479 δὲ
2763 3426 2823 3492 ἐξ
2855 3419 2916 3480 οῦ
2941 3427 3161 3496 γέγονεν
3183 3430 3210 3480 6
3237 3428 3439 3499 κόσμος
3476 3428 3636 3498 μέχρι
3659 3429 3756 3500 τῆς
3787 3429 4068 3502 παρούσης
4093 3431 4234 3501 ἡμέ-

2553 3538 2676 3592 ρας,
2698 3524 2872 3586 οὐδεὶς
2895 3519 3002 3577 είδε
3027 3524 3283 3594 μελίττας
3301 3523 3676 3596 ήσυχαζούσας
3709 3525 3801 3578 καὶ
3829 3525 3902 3597 μὴ
3939 3527 4230 3600 μελιτουρ-

2551 3617 2774 3686 γούσας.
2816 3618 3056 3672 Τοιαῦτα
3109 3620 3218 3692 γὰρ
3239 3621 3307 3674 τά
3336 3619 3541 3690 φυσικά
3575 3619 3728 3674 κοινά
3758 3619 3854 3674 τοῦ
3893 3621 4096 3684 παντὸς
4129 3624 4228 3690 γέ-

2551 3731 2676 3776 νους
2700 3715 2851 3766 ἐστί·
2882 3716 2950 3768 τά
2981 3715 3037 3768 δέ
3064 3716 3126 3768 ἐκ
3163 3717 3540 3788 προαιρέσεως
3571 3717 3671 3768 οὐκ
3697 3715 3816 3770 ἔστι
3847 3716 4002 3770 κοινά
4024 3733 4038 3746 ο
4062 3717 4226 3772 πόνου

2552 3809 2662 3878 γὰρ
2693 3810 2860 3864 δεῖται
2895 3812 3030 3883 πρὸς
3061 3813 3122 3866 16
3145 3813 3576 3884 κατορθωθῆναι.

2621 3913 2687 3972 γ’.
2713 3906 2897 3959 Πάντα
2909 3907 3086 3960 τοίνυν
3101 3908 3168 3960 τὰ
3191 3908 3448 3962 κάλλιστα
3471 3907 3648 3958 λαϐὼν
3667 3904 3978 3976 περιϐαλοῦ·
3997 3907 4090 3960 καί
4115 3908 4226 3978 γὰρ

2553 4000 2806 4070 βασιλεὺς
2841 3995 2890 4053 εἷ
2913 4001 3022 4054 τῶν
3047 4003 3256 4070 ἀλόγων
3275 4019 3290 4034 ο
3321 4003 3372 4054 οί
3403 4002 3460 4054 δὲ
3485 4000 3743 4070 βασιλεῖς,
3779 4001 3832 4052 εἴ
3855 4018 3906 4053 τι
3939 4000 4224 4056 κάλλιστόν

2548 4101 2694 4153 ἐστιν
2713 4102 2770 4152 ἐν
2795 4103 2906 4164 τοῖς
2952 4102 3233 4172 ὑπηκόοις,
3275 4101 3384 4153 εἴτε
3423 4099 3646 4170 χρυσὸς,
3683 4101 3794 4152 εἴτε
3821 4101 4081 4170 ἄργυρος,
4109 4103 4220 4155 εῐτε

2545 4197 2681 4252 λίθοι
2704 4199 2895 4269 τίμιοι,
2923 4200 3028 4251 εἴτε
3059 4197 3248 4267 ἱμάτια
3271 4193 3558 4264 πολυτελῆ,
3575 4193 3748 4247 ταῦτα
3773 4195 3888 4265 μεθ’
3913 4197 4220 4267 ὑπερϐολῆς

2554 4295 2708 4346 αὐτοὶ
2763 4295 3096 4365 κέκτηνται·
3132 4291 3224 4344 καὶ
3261 4288 3508 4358 θαύμαζέ
3551 4305 3646 4341 σου
3679 4290 3772 4342 τὸν
3807 4291 4081 4363 Δεσπότην
4109 4295 4220 4346 ἀπ’)

2543 4391 2641 4460 τῆς
2667 4391 2923 4454 κτίσεως.
2948 4391 3009 4443 Εἰ
3037 4387 3092 4440 δέ
3124 4387 3176 4439 τί
3218 4403 3275 4437 σε
3311 4385 3628 4456 ὑπερϐαίνει
3650 4385 3758 4438 τῶν
3783 4388 4094 4458 ὁρωμένων,
4125 4392 4218 4444 καὶ

2543 4488 2633 4540 τὸν
2669 4488 2826 4557 λόγον
2854 4489 2915 4540 ού
2938 4487 3160 4540 δύνασαι
3207 4483 3408 4549 εὑρεῖν,
3447 4484 3541 4536 καὶ
3563 4483 3646 4536 διὰ
3678 4483 3833 4537 τοῦτο
3867 4487 4090 4550 δόξασον
4123 4488 4214 4540 τὸν

2545 4588 2864 4656 ποιήσαντα,
2899 4583 2982 4635 ὄτι
3034 4578 3352 4648 ὑπερϐαίνει
3391 4595 3484 4632 σου
3518 4580 3616 4649 τὴν
3645 4581 3945 4652 κατάληψιν
3981 4585 4014 4652 ή
4055 4582 4214 4650 σοφία

2543 4679 2652 4732 τῶν
2674 4679 2825 4752 [127]
2846 4675 3166 4746 γινομένων.
3187 4674 3411 4743 Μὴλέγε
3433 4691 3444 4704 ·
3467 4675 3565 4728 Διά
3577 4675 3628 4728 τί
3651 4674 3828 4741 τοῦτο;
3847 4679 3924 4741 είς
3951 4677 4002 4728 τί
4021 4675 4206 4740 τοῦτος

2542 4774 2771 4827 ἕκαστον
2795 4775 2904 4843 γὰρ
2927 4771 3374 4841 χρήσιμόνέστιν,
3404 4772 3450 4822 εἰ
3479 4772 3572 4824 καὶ
3601 4771 3692 4825 τὸν
3725 4771 3878 4838 λόγον
3909 4772 4209 4840 ἀγνοοῦμεν

2539 4873 2721 4940 ἡμεῖς.
2752 4869 2964 4937 Ὠσπερ
3017 4862 3107 4919 οῦν
3147 4865 3242 4919 ἐὰν
3280 4867 3358 4928 εἰς
3393 4867 3625 4937 ἰατρεῖον
3674 4867 3936 4940 εἰσέλθῃς,
3971 4869 4065 4920 καὶ
4093 4867 4208 4940 ἴδῃς

2542 4964 2800 5036 ἐργαλεῖα
2844 4961 3012 5014 πολλὰ
3066 4963 3420 5034 προκείμενα,
3473 4961 3771 5032 θαυμάζεις
3807 4965 3902 5033 τὴν
3933 4961 4206 5014 ποικιλίαν

2540 5061 2647 5114 τῶν
2689 5060 2953 5130 ὀργάνων,
2997 5059 3170 5112 καίτοι
3215 5075 3276 5128 γε
3309 5059 3405 5120 τὰς
3443 5059 3630 5130 χρείας
3663 5059 3840 5112 αὐτῶν
3877 5059 3976 5110 οὐκ
4006 5057 4158 5119 εἰδὼς
4187 5071 4202 5088 ’

2539 5157 2680 5209 οὕτω
2711 5156 2804 5208 καὶ
2839 5155 2929 5207 ἐπὶ
2948 5155 3046 5225 τῆς
3080 5155 3304 5220 κτίσεως
3337 5155 3582 5227 ποίησον,
3615 5155 3715 5208 κᾶν
3756 5153 3872 5226 ἴδῃς
3896 5151 4063 5205 πολλά
4095 5151 4202 5204 τῶν

2543 5249 2698 5316 ζώων
2739 5251 2832 5303 καὶ
2880 5250 2987 5303 τῶν
3017 5249 3253 5320 βοτανῶν
3286 5253 3380 5306 καὶ
3409 5253 3515 5305 τῶν
3545 5252 3726 5320 φυτῶν
3754 5250 3848 5302 καὶ
3884 5247 3992 5299 τῶν
4027 5246 4201 5300 ἀλλων

2542 5348 2883 5418 πραγμάτων
2922 5341 2997 5402 ὧν
3042 5349 3140 5413 τὰς
3187 5349 3374 5420 χρείας
3398 5348 3498 5402 ούκ
3523 5347 3688 5412 οἶδας,
3719 5345 3994 5415 θαύμασον
4024 5343 4202 5395 αὐτῶν

2536 5447 2634 5514 τὴν
2667 5445 2958 5509 ποικιλίαν,
2985 5448 3080 5500 καὶ
3107 5443 3414 5515 ἐκπλάγηθι
3441 5445 3534 5500 καὶ
3551 5444 3638 5498 διὰ
3672 5443 3828 5498 τοῦτο
3857 5438 3946 5492 16v
3975 5439 4202 5508 ἀριστο-

2533 5542 2727 5615 τέχνην
2781 5543 2935 5607 Θεὸν,
2986 5545 3070 5596 ὅτι
3098 5542 3220 5595 οὔτε
3271 5558 3350 5594 σοι
3395 5541 3572 5596 πάντα
3601 5542 3735 5610 δῆλα
3771 5535 4044 5604 ἐποίησεν.
4078 5531 4202 5589 οὗτε

2533 5640 2708 5693 πάντα
2731 5641 2944 5710 ἀφῆκεν
2967 5639 3160 5708 ἄδηλα.
3195 5638 3308 5690 Οὐκ
3341 5639 3522 5708 ἀφῆκε
3546 5639 3644 5708 μὲν
3664 5637 3772 5706 γάρ
3806 5633 3980 5684 πάντα
4007 5630 4198 5700 ἄδηλα,

2531 5736 2616 5790 ἵνα
2656 5737 2728 5806 μὴ
2757 5736 3070 5808 ἀπρονόητα
3125 5729 3264 5786 εἶναι
3297 5733 3459 5807 λέγῃς
3491 5735 3558 5787 τὰ
3599 5734 3728 5786 ὄντα
3748 5746 3761 5760 ·
3797 5728 3896 5780 οὐκ
3935 5727 4114 5796 ἀφῆκε
4143 5729 4202 5782 δέ

2533 5847 2612 5883 σοι
2631 5831 2806 5882 πάντα
2823 5832 3074 5898 γνώριμα
3101 5824 3258 5895 εἶναι,
3279 5830 3364 5882 ἵνα
3391 5831 3464 5900 μὴ
3483 5830 3544 5883 τὸ
3571 5826 3796 5900 μέγεθος
3831 5823 3928 5891 τῆς
3943 5819 4196 5890 γνώσεως

2534 5929 2608 5990 είς
2640 5927 2893 5981 ἀπόνοιαν
2939 5945 2995 5980 σε
3039 5929 3236 6002 ἐπάρῃ.
3277 5931 3432 5984 θύεις)
3472 5929 3600 6000 γοῦν
3635 5927 3722 5980 καὶ
3753 5925 3841 5976 τὶν
3875 5921 4086 5994 τιξῶτθν
4111 5923 4203 5990 τῖἐυ
