4414 6692
483 431 585 485 129

480 562 669 617 redditi
698 582 710 617 :
744 574 796 620 et
829 583 927 623 una
957 570 1167 639 quidem
1208 571 1457 625 imbrium
1484 580 1565 626 est
1595 582 1780 628 natura
1804 616 1819 639 ,
1846 576 2057 631 diversa

468 633 606 709 'vcro
629 670 745 725 qua:
770 674 834 714 ex
860 633 989 730 ipsis
1020 662 1152 715 fiunt
1181 680 1194 715 :
1223 667 1417 718 etenim
1444 665 1493 717 in
1521 665 1624 718 vite
1652 667 1830 720 vinum
1860 670 1915 721 lit
1943 670 2061 737 plu-

480 756 559 797 via
582 784 596 810 ,
626 746 800 803 oleum
829 751 879 804 in
910 752 1024 805 olea
1046 791 1061 816 ,
1091 762 1145 805 et
1176 754 1226 805 in
1269 754 1388 808 aliis
1416 754 1609 823 plantis
1640 755 1691 807 in
1722 756 1927 811 illarum
1956 759 2056 813 hu.

478 848 651 892 mores
673 849 925 895 mutatur.
957 841 1023 895 Et
1048 858 1183 895 unus
1206 844 1418 911 quidem
1449 854 1531 899 est
1556 856 1712 899 terra:
1738 856 1941 910 venter,
1961 850 2053 903 sed

474 926 775 987 differentes
822 932 1023 1002 profert
1069 931 1271 987 fructus
1303 953 1315 988 :
1350 952 1484 992 unus
1528 938 1719 993 solaris
1761 939 2057 1008 splendoris

471 1028 554 1071 est
576 1019 740 1081 calor,
773 1021 864 1075 sed
891 1021 1201 1076 differenter
1222 1026 1397 1078 omnia
1428 1036 1673 1092 maturat,
1702 1029 1818 1083 haec
1842 1030 2052 1099 quidem

471 1107 672 1161 tardius
694 1148 710 1172 ,
744 1109 856 1164 haec
884 1127 1011 1166 vero
1043 1111 1201 1166 citius
1237 1112 1305 1167 ad
1344 1120 1854 1174 consummationem
1882 1120 2054 1174 dedu-

469 1210 617 1249 cens.
643 1198 772 1264 Quis
814 1200 928 1257 hare
956 1219 1063 1256 non
1103 1202 1443 1272 Obstupescat
1478 1218 1531 1262 et
1577 1209 1915 1266 admiretur?
1944 1212 2053 1266 imo

470 1302 597 1340 vero
647 1305 752 1344 non
794 1294 892 1347 hoc
934 1294 1109 1348 solum
1152 1303 1237 1348 est
1272 1294 1580 1354 admirabile
1610 1342 1625 1366 ,
1666 1301 1807 1371 quod
1847 1302 2051 1356 varium

469 1375 640 1441 ipsum
680 1388 733 1432 et
774 1380 1105 1439 differenten]
1146 1382 1525 1452 fabricaverit,
1572 1392 1666 1444 sed
1705 1392 1863 1446 etiam
1907 1391 2050 1460 quod

468 1463 639 1529 ipsum
668 1469 911 1525 onmibus
933 1488 1274 1526 communem
1305 1479 1672 1543 proposuerit,
1715 1489 1767 1533 ct
1796 1479 2049 1535 divitibus

466 1564 521 1606 et
550 1558 867 1622 pauperibus
892 1602 905 1623 ,
934 1570 987 1615 et
1016 1564 1385 1632 peccatoribus
1412 1574 1467 1620 et
1485 1567 1660 1634 justis.
1692 1569 1841 1636 Quod
1864 1573 2046 1641 utique

464 1654 517 1697 et
545 1643 785 1702 Christus
810 1649 1018 1706 dicebat
1045 1672 1059 1705 :
1093 1654 1267 1709 Solem
1296 1671 1445 1708 suum
1482 1659 1603 1710 oriri
1627 1662 1747 1727 facit
1775 1677 1926 1729 super
1951 1662 2042 1715 bo-

463 1748 554 1787 nos
579 1745 626 1787 et
652 1754 803 1808 super
846 1744 1005 1795 malos
1032 1785 1046 1807 ,
1091 1754 1138 1797 et
1183 1746 1313 1812 pluit
1356 1763 1510 1815 super
1532 1749 1701 1817 justas
1747 1761 1790 1803 et
1832 1754 2043 1820 injustas

463 1823 673 1894 (Matth.
702 1830 754 1883 5.
783 1831 875 1901 45)
903 1843 989 1886 :ct
1016 1833 1236 1889 infinitis
1261 1836 1432 1904 ipsmn
1462 1840 1775 1895 animalibus
1797 1843 2038 1910 implens,

461 1924 515 1968 et
544 1920 812 1974 naturales
839 1922 1006 1976 brutis
1038 1924 1279 1979 inserens
1308 1941 1485 1980 mores
1505 1968 1519 1991 ,
1557 1928 1655 1982 hos
1682 1931 1891 1998 quidem
1920 1932 2041 1986 imi-

460 2009 557 2059 tari
584 2049 598 2071 ,
630 2009 725 2061 hos
753 2027 879 2065 vero
909 2013 1089 2082 fugere
1118 2031 1217 2070 nos
1238 2016 1417 2084 jussit.
1452 2018 1610 2072 Verbi
1636 2022 1804 2089 gratia
1836 2039 1852 2077 :
1886 2022 2039 2075 indu-

457 2099 583 2151 stria
623 2110 703 2152 est
739 2099 953 2157 formica
979 2143 993 2169 ,
1030 2117 1083 2160 et
1112 2108 1434 2162 laboriosum
1464 2109 1587 2163 facit
1615 2126 1766 2178 opus.
1797 2112 1850 2166 Si
1884 2114 2041 2181 igitur

454 2191 716 2253 attendas,
748 2196 1027 2249 maximam
1053 2202 1120 2251 ab
1148 2199 1249 2254 hoc
1273 2202 1487 2254 animali
1516 2204 1694 2270 capies
1724 2204 2040 2258 admonitio.

458 2293 601 2343 nem,
634 2292 689 2333 ut
714 2298 817 2334 non
845 2287 1160 2353 cmolliaris,
1190 2305 1327 2344 neve
1354 2290 1525 2360 fugias
1557 2294 1765 2347 labores
1792 2302 1845 2347 et
1873 2296 2038 2348 sudo-

453 2383 539 2422 res
564 2385 575 2420 :
601 2383 879 2439 propterea
899 2382 955 2428 et
980 2375 1249 2445 Scriptura
1282 2389 1580 2448 torpentem
1610 2383 1676 2435 ad
1705 2384 1846 2437 illam
1880 2387 2040 2440 mittit

451 2458 635 2513 dicens
657 2479 669 2513 :
706 2461 840 2514 Vade
858 2464 925 2514 ad
940 2468 1220 2534 formicam,
1244 2485 1274 2522 ο
1298 2470 1458 2539 piger,
1475 2481 1523 2524 et
1549 2473 1746 2525 imitare
1773 2475 1878 2526 vias
1905 2477 2033 2543 ejus,

451 2563 496 2603 ct
525 2562 627 2606 esto
656 2554 746 2607 illa
776 2556 1049 2624 sapientior
1074 2559 1251 2623 (Prov.
1283 2564 1335 2616 6.
1367 2563 1443 2629 6).
1477 2563 1592 2617 Non
1621 2565 1720 2629 vis,
1752 2566 1942 2635 inquit,
1970 2583 2033 2620 ex

450 2640 742 2709 Scripturis
771 2643 976 2699 discere
1001 2648 1140 2715 quod
1174 2650 1369 2704 bonum
1410 2654 1481 2707 sit
1519 2657 1769 2722 operari,
1808 2667 1862 2710 et
1891 2658 2032 2725 quod

450 2746 553 2784 non
585 2748 812 2800 operans
843 2751 1013 2805 neque
1040 2740 1356 2797 manducare
1384 2744 1571 2798 debeat
1594 2746 1617 2797 ?
1644 2763 1749 2799 nun
1776 2749 1858 2801 vis
1878 2764 1904 2800 a
1937 2748 2034 2800 do-

444 2825 681 2878 ctoribus
708 2826 807 2881 hoc
830 2828 1054 2882 audire?
1074 2830 1219 2884 disce
1244 2846 1273 2884 a
1298 2832 1482 2887 brutis.
1516 2836 1601 2889 Sic
1628 2846 1682 2891 ct
1710 2839 1760 2891 in
1786 2838 2031 2893 domibus

444 2927 588 2981 srcpe
627 2914 849 2970 facimus
881 2934 893 2969 :
930 2918 1161 2986 maiores
1188 2963 1202 2985 ,
1244 2933 1297 2975 et
1336 2925 1423 2992 qui
1464 2925 1708 2979 videntur
1737 2943 1858 2983 esse
1887 2944 2027 2997 pra:-

442 3004 727 3058 stantiores
748 3046 761 3067 ,
792 3021 911 3061 eum
944 3012 1311 3077 peccaverint,
1345 3017 1578 3081 puerulis
1617 3018 1901 3073 solertibus
1940 3031 2025 3073 at-

444 3094 659 3149 tendere
685 3097 1057 3166 exhortamur,
1085 3103 1323 3160 dicentes
1348 3124 1360 3159 :
1391 3107 1612 3178 Respice
1642 3112 1900 3167 minorem
1932 3116 1982 3167 te
2004 3154 2020 3180 ,

442 3201 597 3255 quam
627 3199 707 3243 est
735 3190 1027 3247 industrius
1056 3206 1109 3249 et
1135 3197 1327 3251 solcrs.

511 3279 555 3330 Α
580 3282 796 3335 minimis
821 3284 1126 3341 animalibus
1150 3291 1376 3343 eruditur
1404 3293 1572 3346 Itomo.
1603 3324 1671 3334 —
1699 3294 1763 3348 Et
1785 3303 1838 3349 tn
1866 3296 2024 3366 igitur

444 3370 510 3423 ab
538 3370 634 3425 hoc
659 3374 871 3427 animali
902 3378 1190 3432 maximam
1219 3396 1351 3449 cape
1375 3383 1673 3437 sedulitatis
1701 3385 2025 3441 exhortatio-

445 3478 563 3516 nem
590 3480 603 3515 :
630 3472 683 3517 et
710 3463 985 3518 Dominum
1012 3475 1157 3522 tuum
1183 3470 1449 3527 admirare
1476 3515 1492 3538 ,
1539 3491 1644 3528 non
1671 3477 1814 3545 quod
1854 3480 2023 3532 Solem

443 3554 627 3607 fecerit
651 3563 848 3609 tantum
872 3565 924 3609 et
954 3559 1138 3612 coelum
1166 3598 1180 3618 ,
1223 3561 1315 3613 sed
1358 3563 1498 3630 quod
1540 3566 1700 3619 etiam
1740 3566 2021 3622 formicam

444 3644 581 3697 lceit.
608 3644 717 3698 Etsi
743 3646 880 3699 enim
900 3662 1145 3715 exuguum
1170 3650 1387 3715 animal,
1418 3651 1574 3707 habet
1608 3664 1782 3710 tamen
1811 3659 2023 3725 sapien-

444 3733 529 3785 tize
553 3733 644 3787 Dei
676 3735 1042 3803 magnitudinis
1072 3737 1290 3791 multam
1319 3740 1851 3799 demonstrationem.
1880 3747 2020 3801 Con-

439 3822 614 3877 sidera
642 3824 798 3894 igitur
816 3841 968 3894 quam
996 3827 1065 3880 sit
1090 3829 1346 3895 prudens,
1365 3838 1419 3883 et
1438 3832 1724 3899 admirare,
1749 3838 2017 3903 quomodo

441 3914 611 3978 potuit
639 3915 779 3969 Deus
804 3914 855 3968 in
910 3924 1011 3969 tam
1061 3916 1208 3971 brevi
1259 3933 1487 3988 corpore
1537 3929 1737 3977 tantam
1762 3925 1904 3995 jugis
1939 3927 2019 3982 in-

437 4018 618 4059 serere
646 4007 967 4075 operationis
993 4008 1354 4075 cupiditatem.
1391 4012 1471 4066 Ab
1500 4012 1597 4067 hac
1622 4015 1837 4083 quidem
1868 4018 2018 4072 labo-

437 4094 513 4146 ris
534 4097 785 4157 studium,
806 4098 873 4151 ab
895 4113 991 4167 ape
1020 4114 1145 4153 vero
1171 4101 1481 4156 munditiam
1500 4114 1551 4157 et
1572 4106 1844 4161 solertiam
1872 4109 2020 4166 disce

436 4182 841 4243 etcharitatem.
859 4190 1061 4244 Etenim
1105 4190 1191 4243 illa
1233 4207 1336 4251 non
1376 4195 1544 4262 magis
1582 4196 1681 4250 sibi
1712 4197 1812 4266 ipsi
1854 4217 2012 4268 quam

438 4274 591 4328 nobis
630 4277 870 4343 laborat,
912 4289 966 4335 ct
1004 4282 1235 4351 quotidie
1275 4281 1563 4351 fatigatur:
1595 4286 1736 4353 quod
1786 4291 2018 4346 maxime

433 4366 739 4422 Christiano
768 4374 1037 4440 proprium
1064 4384 1163 4439 est,
1198 4392 1300 4429 non
1341 4390 1434 4429 sua
1464 4392 1705 4446 quarrere
1726 4420 1742 4445 ,
1772 4382 1869 4435 sed
1898 4398 2017 4452 quae

433 4464 556 4508 sunt
575 4456 821 4513 aliorum.
848 4461 997 4517 Sicut
1040 4465 1195 4534 igitur
1217 4465 1301 4518 illa
1328 4466 1672 4522 circumvolat
1692 4472 1869 4525 omnia
1896 4488 2017 4540 pra-

436 4555 482 4598 ta
506 4586 523 4611 ,
565 4555 621 4600 ut
651 4563 950 4620 promptam
980 4556 1132 4613 alteri
1162 4566 1423 4627 pratparet
1451 4573 1688 4613 mensam
1722 4578 1737 4615 :
1769 4563 1847 4616 sic
1876 4573 1929 4618 et
1958 4574 2013 4620 tu

434 4635 551 4697 fac,
594 4635 789 4703 homo,
831 4642 944 4697 sive
987 4646 1238 4711 pecunias
1275 4662 1564 4718 congreges
1589 4689 1602 4712 ,
1652 4649 1705 4702 in
1744 4650 1878 4705 alios
1914 4668 2011 4707 ex-

433 4724 603 4794 pende
638 4743 650 4776 :
682 4726 795 4780 sive
823 4729 1081 4787 doctrinae
1113 4735 1271 4790 verba
1299 4736 1514 4802 habeas,
1542 4753 1608 4791 ne
1633 4737 1888 4801 dcfodias,
1916 4742 2012 4795 sed

431 4828 664 4882 apponas
686 4814 1044 4885 indigentibus
1068 4824 1120 4877 in
1152 4826 1425 4881 medium:
1451 4829 1563 4884 sive
1583 4830 1719 4883 aliud
1750 4831 2012 4899 peculiare

432 4904 627 4958 habeas
651 4946 666 4969 ,
700 4906 843 4959 utilis
870 4918 988 4960 esto
1016 4911 1081 4964 iis
1104 4951 1120 4976 ,
1168 4916 1256 4983 qui
1304 4916 1546 4973 laborum
1588 4928 1794 4974 tuorum
1839 4920 2009 4976 fructu

429 5003 602 5064 egent.
634 4994 751 5048 Non
791 4998 965 5051 cernis
987 5039 1002 5061 ,
1033 5012 1313 5069 propterea
1356 5008 1663 5064 animalium
1697 5012 2011 5080 gloriosissi-

431 5101 571 5139 mum
602 5098 721 5138 esse
749 5100 902 5154 apem
922 5126 936 5149 ,
969 5101 1073 5141 non
1100 5091 1221 5157 quia
1247 5094 1489 5165 laborat,
1516 5100 1609 5153 sed
1640 5102 1759 5169 quia
1789 5101 1903 5156 aliis
1930 5101 2009 5155 la-

432 5174 619 5231 borat?
645 5176 895 5240 quoniam
920 5186 973 5231 et
997 5192 1191 5232 aranea
1221 5180 1449 5253 laborat,
1479 5199 1534 5243 et
1561 5190 1825 5260 fatigatur,
1854 5201 1907 5247 et
1936 5202 2013 5246 te-

432 5284 561 5325 nues
589 5281 682 5337 per
709 5268 937 5334 parietes
962 5272 1201 5327 extendit
1226 5280 1463 5332 texturas
1486 5320 1500 5343 ,
1530 5296 1745 5338 omnem
1772 5286 2012 5340 mulieris

430 5356 742 5429 sapientiam
773 5358 1117 5427 execdentcs,
1144 5362 1238 5417 sed
1266 5373 1347 5418 est
1369 5365 1601 5435 ignobile
1628 5374 1843 5439 animal,
1875 5391 2010 5446 quo-

434 5454 575 5508 niam
602 5464 736 5519 opus
765 5450 882 5518 ejus
918 5454 1071 5509 nobis
1102 5457 1398 5513 nullatenus
1422 5468 1504 5514 est
1532 5463 1661 5518 utile
1688 5482 1702 5518 :
1736 5467 1867 5522 tales
1891 5478 2015 5525 sunt

433 5546 534 5601 sibi
586 5545 885 5600 laborantes
914 5556 968 5599 et
995 5562 1054 5602 sc
1085 5548 1449 5622 defatigantes.
1493 5552 1707 5610 Imitare
1752 5560 2013 5617 columba:

431 5638 819 5707 simplicitatem
839 5674 856 5699 ,
888 5645 1096 5695 sectare
1125 5642 1261 5697 asini
1288 5653 1343 5700 et
1370 5645 1518 5701 bovis
1549 5646 1599 5699 in
1626 5645 1902 5703 dominum
1929 5654 2014 5705 di-

433 5731 737 5792 lectionem,
767 5725 976 5782 imitare
1000 5731 1177 5786 avium
1203 5736 1540 5792 securitatem
1575 5754 1589 5790 :
1618 5738 1841 5792 multum
1868 5743 2009 5796 enim

434 5824 629 5880 lucrari
654 5822 775 5878 licet
800 5835 830 5875 a
857 5820 1024 5880 brutis
1050 5823 1116 5879 ad
1144 5841 1356 5885 morum
1384 5832 1789 5888 correctionem.
1821 5831 1900 5888 Ex
1928 5833 2008 5891 bis

1481 439 1568 493 AD
1607 439 1921 497 POPULUM
1946 442 2435 502 AN‘HtKIllENUM
2499 450 2721 508 HOMIL.
2756 456 2869 510 Xll.

3660 479 3756 535 I30

2174 556 2417 614 Christus
2441 577 2651 633 quoque
2694 583 2793 622 nos
2831 572 3146 630 animalibus
3194 579 3444 636 instruit:
3479 601 3601 641 nam
3632 593 3705 644 ait
3740 614 3751 649 :.

2168 646 2347 703 Estote
2375 654 2643 717 prudentes
2680 658 2809 711 sicut
2846 676 3096 730 serpentes
3121 684 3141 721 :
3166 680 3211 721 et
3236 672 3487 741 simplices
3512 678 3639 731 sicut
3666 699 3750 734 co.

2167 736 2352 830 lumbo?
2376 741 2588 810 (Matth.
2617 747 2704 801 10.
2731 749 2843 818 16).
2878 752 2941 805 Et
2968 770 3175 811 rursum
3208 777 3220 811 :
3252 736 3503 830 Respicite
3528 770 3753 825 volatilia

2162 829 2276 882 ειειὶ
2295 870 2309 893 ,
2337 847 2450 900 qua:
2474 849 2573 887 non
2598 849 2771 892 serunt
2799 858 2955 910 neque
2982 855 3187 912 metunt,
3215 860 3260 903 et
3286 829 3441 905 Pater
3465 866 3621 909 vester
3646 874 3747 912 ca:-

2162 920 2297 975 lestis
2336 925 2496 991 pascit
2544 926 2860 995 ea(Matt.6.
2885 933 2955 989 26
2980 935 3021 1002 ).
3070 938 3137 991 Et
3175 944 3430 1012 propheta
3458 987 3473 1010 ,
3522 949 3743 1017 pudefa-

2159 1011 2306 1066 ciens
2332 1014 2568 1084 ingratos
2594 1018 2839 1092 Iudaeos,
2881 1027 2960 1083 sic
3003 1028 3217 1100 inquit:
3245 1011 3459 1105 Agnovit
3496 1011 3585 1095 bos
3622 1060 3743 1113 pos-

2157 1119 2397 1159 sessorem
2418 1124 2567 1162 suum
2592 1121 2638 1164 et
2666 1115 2841 1171 asinus
2864 1136 3087 1191 prasepe
3110 1122 3302 1179 domini
3326 1131 3443 1182 sui:
3457 1130 3623 1187 Israel
3648 1153 3742 1188 uu-

2156 1204 2252 1247 tem
2277 1213 2356 1252 me
2380 1216 2480 1253 non
2509 1204 2708 1271 agnovit
2731 1204 2880 1273 (lsai.
2919 1210 2968 1262 1.
2993 1212 3072 1279 5).
3100 1214 3169 1269 Et
3196 1231 3410 1272 rursum
3436 1238 3448 1273 :
3486 1220 3669 1275 Turtur
3692 1234 3740 1277 et

2157 1286 2371 1343 hirundo
2397 1293 2510 1360 agri
2534 1334 2547 1356 ,
2577 1297 2791 1350 avicula:
2809 1336 2825 1363 ,
2859 1316 3190 1370 cognoverunt
3221 1318 3450 1377 tempora
3485 1312 3738 1383 ingressus

2154 1376 2266 1437 sui;
2294 1382 2509 1446 populus
2529 1398 2643 1437 vero
2664 1403 2801 1443 meus
2821 1404 2918 1441 non
2940 1395 3167 1460 cognovit
3181 1397 3382 1465 judicia
3407 1399 3614 1456 Domini
3643 1404 3739 1459 Dei

2153 1463 2230 1514 sui
2257 1463 2386 1531 (Jer.
2418 1470 2471 1522 8.
2502 1473 2575 1540 7).
2607 1474 2689 1527 Ab
2719 1475 2800 1529 his
2827 1488 2880 1533 et
2908 1494 2937 1531 a
2968 1463 3230 1538 similibus
3258 1490 3567 1545 animalibus
3590 1494 3737 1550 disce

2154 1553 2400 1609 virtutem
2420 1573 2688 1627 exercere,
2716 1581 2747 1620 a
2771 1570 3053 1625 contrariis
3075 1586 3205 1627 vero
3217 1570 3401 1626 vitium
3414 1576 3737 1645 fugere.Sic-

2151 1650 2212 1695 ut
2261 1647 2398 1699 enim
2430 1647 2661 1705 beneliea
2685 1655 2817 1723 apis,
2842 1660 2917 1712 sic
2944 1662 3237 1728 perniciosa
3258 1666 3403 1734 aspis
3432 1684 3445 1719 :
3475 1669 3730 1723 malitiam

2149 1733 2308 1801 igitur
2332 1738 2446 1802 ejus
2476 1742 2740 1795 averseris
2764 1784 2778 1806 ,
2820 1762 2885 1799 ne
2935 1749 3157 1805 audias:
3199 1750 3458 1807 Venenum
3498 1758 3735 1826 aspidum

2144 1824 2234 1876 sub
2260 1826 2404 1879 labiis
2432 1845 2604 1882 eorum
2636 1831 2805 1902 (Psal.
2841 1836 2964 1890 l39.
2990 1839 3069 1905 4).
3098 1840 3379 1909 lmpudens
3405 1824 3614 1901 rursum
3640 1865 3725 1901 ca-

2145 1913 2229 1968 nis
2249 1957 2261 1975 ,
2291 1917 2414 1970 odio
2443 1934 2652 1990 quoque
2681 1924 2879 1981 habeas
2915 1927 3053 1982 hanc
3080 1930 3472 2000 improbitatem
3504 1955 3516 1989 :
3544 1938 3730 1995 dolesa

2144 2014 2198 2057 ct
2241 2005 2571 2063 fraudulenta
2601 2014 2785 2082 vulpes
2810 2057 2824 2079 ,
2859 2033 2925 2072 ne
2954 2019 3135 2074 vitium
3168 2021 3395 2079 imiteris
3426 2044 3439 2079 :
3470 2028 3563 2082 sed
3594 2029 3730 2084 sicut

2142 2097 2255 2162 apis
2285 2099 2447 2164 partis
2477 2107 2840 2171 supervolans,
2871 2124 2977 2162 non
3005 2112 3181 2165 omnia
3214 2113 3358 2182 legit,
3392 2117 3484 2170 sed
3514 2119 3729 2174 utilibus

2142 2191 2363 2256 sumptis
2390 2193 2588 2260 reliqua
2608 2199 2832 2251 omittit:
2854 2201 2921 2252 ita
2951 2212 3006 2254 tu
3030 2218 3239 2272 quoque
3268 2206 3428 2262 facias
3450 2210 3723 2265 brutorum

2140 2292 2306 2345 genus
2350 2297 2667 2348 percurrens
2696 2303 2709 2338 :
2739 2288 2784 2340 si
2812 2289 2937 2357 quid
2980 2292 3118 2346 inest
3141 2296 3269 2349 utile
3294 2296 3361 2349 ab
3396 2298 3495 2352 illis
3534 2315 3687 2355 sume
3712 2344 3726 2364 ,

2141 2377 2193 2420 et
2216 2385 2345 2437 quas
2372 2370 2567 2426 habent
2594 2390 2623 2427 a
2656 2386 2839 2430 natura
2874 2384 3253 2450 prmrogativas
3276 2425 3291 2447 ,
3324 2387 3419 2440 has
3453 2400 3504 2441 tu
3536 2404 3632 2458 per
3658 2391 3726 2444 li-

2141 2455 2321 2511 berum
2347 2464 2583 2530 exprime
2603 2466 2877 2521 arbitrium
2903 2485 2919 2523 :
2944 2479 2997 2524 ct
3019 2487 3114 2540 per
3140 2472 3242 2527 hoc
3263 2476 3402 2529 enim
3431 2492 3459 2530 a
3488 2478 3599 2533 Deo
3626 2480 3723 2535 ho-

2140 2562 2357 2607 noratus
2402 2570 2459 2609 cs
2484 2597 2498 2621 ,
2531 2558 2673 2625 quod
2713 2563 2978 2616 naturales
3025 2564 3301 2620 brutorum
3347 2572 3724 2639 praerogativae.

2139 2655 2231 2707 per
2258 2642 2479 2696 liberum
2509 2647 2784 2702 arbitrium
2809 2651 2900 2704 tibi
2930 2656 3147 2723 exsequi
3176 2659 3461 2725 concessit,
3493 2668 3551 2712 ut
3578 2677 3719 2729 prae-

2137 2732 2240 2785 mia
2261 2738 2625 2804 consequaris.
2652 2737 2759 2793 lllis
2778 2742 2920 2794 enim
2944 2758 3047 2796 non
3070 2760 3139 2799 ex
3162 2746 3422 2803 electione
3439 2757 3493 2803 et
3516 2752 3721 2807 ratione

2136 2822 2270 2876 bona
2316 2841 2507 2893 opera,
2558 2829 2652 2882 sed
2690 2845 2719 2883 a
2767 2832 2877 2885 sola
2923 2844 3129 2889 natura.
3164 2837 3323 2893 Verbi
3362 2842 3574 2910 gratia:
3608 2846 3723 2913 apis

2132 2913 2422 2978 mellificat,
2453 2933 2556 2971 non
2587 2920 2789 2975 ratione
2813 2923 2877 2976 ad
2907 2924 3009 2979 hoc
3034 2926 3331 2983 faciendum
3360 2932 3595 2998 inducta,
3624 2936 3718 2990 sed

2128 3015 2158 3052 a
2190 3013 2376 3057 natura
2410 3008 2647 3062 instituta
2681 3028 2693 3063 :
2721 3013 2967 3080 quoniam
3009 3015 3053 3068 si
3082 3027 3223 3071 esset
3252 3034 3385 3088 opus
3425 3038 3530 3076 non
3560 3034 3719 3079 natu-

2128 3094 2259 3158 rale,
2302 3112 2475 3165 neque
2503 3100 2598 3154 tati
2623 3103 2803 3170 generi
2834 3105 3141 3161 attributum
3162 3148 3179 3175 ,
3206 3120 3477 3178 Oporteret
3501 3116 3718 3169 omnino

2126 3199 2192 3239 ex
2222 3186 2351 3255 ipsis
2385 3189 2593 3258 aliquas
2631 3194 2762 3246 artis
2798 3194 3103 3264 inexpertas
3128 3212 3286 3263 esse;
3319 3216 3461 3256 nunc
3497 3219 3625 3258 vero
3649 3221 3715 3260 ex

2126 3293 2231 3346 quo
2260 3280 2430 3335 factus
2467 3292 2553 3336 est
2611 3284 2841 3339 mundus
2864 3326 2880 3350 ,
2914 3302 3083 3357 usque
3126 3288 3181 3343 in
3225 3304 3545 3359 praesentem
3576 3296 3717 3350 diem

2127 3384 2285 3423 nemo
2309 3372 2438 3425 vidit
2466 3388 2595 3442 apes
2621 3388 2893 3432 cessantes
2922 3390 2974 3433 et
3014 3397 3119 3434 non
3150 3383 3534 3439 mellifieantcs.
3559 3386 3708 3441 Talia

2126 3463 2267 3514 enim
2296 3464 2552 3516 naturalia
2583 3466 2675 3518 toti
2702 3470 2883 3535 generi
2909 3473 3211 3525 communia
3238 3485 3398 3527 sunt:
3430 3491 3550 3543 qua:
3581 3492 3710 3532 vero

2127 3571 2188 3611 ex
2219 3556 2385 3609 libero
2412 3557 2662 3622 arbitrio,
2699 3575 2801 3611 non
2835 3570 2957 3613 sunt
2984 3565 3288 3618 communia
3318 3584 3331 3618 :
3365 3566 3542 3620 labore
3567 3568 3710 3623 enim

2127 3647 2363 3718 indigent
2389 3656 2445 3701 ut
2470 3648 2606 3703 bene
2630 3650 2939 3706 succedant.

2194 3737 2249 3791 3.
2291 3736 2443 3791 Nihil
2470 3739 2521 3790 in
2549 3739 2738 3792 mundo
2765 3741 2941 3795 inutile
2965 3784 2980 3809 ,
3004 3744 3096 3796 etsi
3122 3761 3265 3799 secus
3288 3747 3430 3802 nobis
3452 3749 3697 3805 videatur.

2120 3827 2400 3881 —Omnia
2454 3830 2613 3898 igitur
2667 3832 2864 3898 optima
2914 3836 3133 3903 capiens
3191 3837 3708 3895 circumamiciaris:

2121 3919 2319 3973 ctenim
2345 3920 2728 3974 irrationalium
2753 3937 2847 3975 rex
2873 3938 2965 3987 es;
2992 3940 3147 3993 reges
3174 3936 3378 3993 autem,
3403 3930 3448 3983 si
3475 3931 3600 3998 quid
3629 3943 3713 3986 est

2123 4009 2174 4062 in
2203 4008 2429 4064 subditis
2455 4010 2738 4078 Optimum,
2761 4012 2872 4067 sive
2893 4029 3104 4079 aurum,
3136 4018 3249 4071 sive
3272 4028 3571 4088 argentum,
3599 4023 3713 4077 sive

2125 4100 2333 4170 lapides
2389 4104 2645 4169 pretiosi,
2678 4105 2791 4159 sive
2844 4118 3153 4175 sumptuosa
3197 4111 3514 4166 vestimenta
3541 4154 3556 4178 ,
3597 4114 3713 4169 hac

2122 4205 2242 4245 eum
2273 4193 2759 4261 superabundantia
2799 4196 2897 4265 ipsi
2927 4198 3236 4265 possident;
3265 4210 3321 4255 et
3359 4217 3424 4257 ex
3466 4214 3710 4257 creatura

2124 4283 2408 4337 Dominum
2473 4294 2619 4340 tuum
2668 4287 2955 4343 admirare.
2978 4289 3032 4344 Si
3081 4292 3207 4359 quid
3252 4307 3380 4348 vero
3409 4301 3462 4348 te
3504 4297 3712 4350 excedit

2120 4373 2442 4441 visibilium,
2474 4384 2528 4429 et
2583 4377 2846 4431 rationem
2906 4379 3148 4435 invenire
3196 4396 3304 4437 non
3354 4392 3541 4452 potes,
3590 4385 3713 4440 ideo

2121 4459 2707 4529 Creatoremglorilica.
2731 4468 2851 4534 quia
2903 4479 3135 4523 mentem
3169 4481 3310 4525 tuam
3351 4474 3518 4541 ipsius
3555 4476 3707 4543 opili-

2118 4554 2319 4608 ciorum
2365 4554 2626 4623 sapientia
2671 4556 2903 4611 excedit.
2935 4558 3011 4614 Ne
3051 4560 3219 4625 dicas,
3253 4562 3429 4629 Quare
3470 4565 3614 4619 hoc?
3641 4568 3704 4620 ad

2118 4643 2243 4711 quid
2277 4642 2416 4695 hoc?
2444 4659 2567 4697 nam
2615 4648 3027 4716 unumquodque
3054 4651 3183 4705 utile
3208 4662 3292 4705 est
3312 4692 3327 4713 ,
3356 4654 3453 4705 etsi
3487 4670 3585 4707 nos
3615 4672 3704 4707 ra-

2118 4736 2312 4788 tionem
2343 4735 2668 4803 ignoramus.
2699 4738 2847 4792 Sicut
2867 4741 3009 4793 enim
3041 4743 3083 4794 si
3115 4743 3164 4795 in
3209 4744 3400 4798 medici
3436 4745 3704 4802 ofticinam

2117 4827 2428 4896 ingrediaris
2469 4838 2524 4882 ct
2568 4833 2731 4884 multa
2777 4835 3046 4902 pr0posita
3097 4835 3280 4891 videas
3332 4838 3704 4901 instrumenta,

2117 4920 2425 4971 varietatem
2458 4919 2939 4977 instrumentorum
2967 4924 3248 4980 admiraris
3268 4969 3281 4990 ,
3307 4927 3431 4981 licet
3472 4928 3706 4998 ipsorum

2118 5010 2327 5063 nescias
2355 5023 2481 5063 usus
2513 5028 2527 5065 :
2557 5013 2637 5067 sic
2663 5024 2716 5069 et
2748 5015 2797 5067 in
2828 5024 3072 5069 creatura
3107 5016 3289 5081 facias,
3319 5026 3374 5070 et
3415 5019 3458 5071 si
3507 5018 3707 5074 videris

2116 5103 2279 5155 multa
2325 5104 2635 5159 animalium
2662 5116 2715 5160 et
2742 5106 3023 5161 herbarum
3069 5116 3123 5159 et
3158 5107 3455 5174 plantarum
3494 5117 3547 5161 et
3587 5110 3708 5163 alia-

2117 5208 2233 5245 rum
2294 5208 2498 5261 rerum,
2554 5212 2778 5266 quarum
2845 5197 3094 5250 utilitates
3146 5197 3393 5263 nescias,
3440 5197 3708 5253 admirare

2117 5283 2352 5351 ipsarum
2381 5287 2719 5349 varietatem,
2749 5296 2901 5354 stupe
2926 5286 3083 5340 etiam
3129 5288 3363 5356 ipsarum
3403 5300 3706 5344 creatorem

2117 5376 2483 5445 optimumque
2522 5379 2761 5446 opificem
2809 5376 2975 5429 Deum
3023 5396 3035 5429 :
3084 5378 3331 5446 quoniam
3383 5395 3481 5433 nee
3529 5383 3706 5435 omnia

2120 5466 2211 5521 tibi
2245 5478 2366 5522 nota
2390 5468 2545 5533 fecit,
2579 5483 2674 5523 nec
2700 5469 2876 5521 omnia
2909 5469 3197 5539 incognita.
3226 5471 3339 5524 Non
3365 5472 3490 5527 fecit
3514 5475 3709 5543 quippe

2120 5559 2301 5612 omnia
2345 5559 2633 5629 incognita,
2661 5572 2727 5613 ne
2757 5557 2902 5613 dicas
2930 5574 3051 5614 esse
3076 5561 3333 5616 mundum
3380 5564 3497 5620 sine
3534 5566 3709 5635 provi-

2120 5650 2300 5704 dentia
2334 5666 2346 5701 :
2380 5667 2484 5705 non
2516 5650 2753 5720 permisit
2777 5667 2905 5707 vero
2948 5653 3041 5706 tibi
3075 5655 3286 5724 cognita
3326 5671 3448 5712 esse
3496 5656 3699 5722 omnia,

2122 5756 2189 5793 ne
2218 5740 2535 5809 cognitiOnis
2577 5741 2884 5812 magnitudo
2932 5752 2983 5798 tc
3024 5744 3076 5797 in
3119 5746 3426 5815 superbiam
3457 5746 3696 5802 extollat.

2125 5831 2213 5886 Sic
2258 5830 2453 5903 quippe
2490 5842 2543 5889 ct
2587 5834 2815 5908 primum
2858 5835 3130 5894 hominem
3184 5838 3458 5911 improbus
3500 5839 3706 5895 dmmoa
