4452 6676
725 456 820 510 131
1422 448 1479 506 8.
1517 446 1791 506 ,ιοΑΝΝιε
1827 446 2301 505 CilliYSOSTOMl
2341 448 2483 505 ARCl

1472 489 1479 502 .
1517 446 1791 506 JOANNIS
1827 446 2301 505 CilliYSOSTOMl
2341 448 2655 506 ARCHIEP.
2698 454 3230 516 CONSTANTINOP.

722 566 812 620 tlte
866 564 1235 635 prmcipitavit,
1280 577 1375 631 per
1421 562 1637 629 majoris
1682 559 1920 615 scientia:
1968 572 2117 627 spem
2143 600 2159 627 ,
2188 574 2305 615 eam

724 674 886 728 quam
918 659 1141 712 habebat
1162 657 1432 710 auferens:
1455 655 1739 723 Propterea
1770 665 1824 708 et
1849 654 2061 722 sapiens
2090 652 2308 721 quidam

728 750 1000 815 admonet,
1028 748 1210 803 dicens
1243 764 1254 798 :
1293 745 1532 799 ("artiora
1570 757 1616 800 te
1658 763 1720 800 nc
1758 763 1973 815 quaras,
1998 754 2044 799 et
2088 744 2306 815 profun-

727 842 871 893 diora
908 850 955 892 te
983 857 1041 892 ne
1085 838 1317 893 scruteris
1340 852 1357 889 :
1382 852 1493 905 qua:
1520 837 1762 890 mandatu
1785 845 1902 890 sunt
1926 835 2013 889 tibi
2035 876 2050 902 ,
2085 835 2191 889 hinc
2220 851 2304 888 co.

731 930 870 998 gnita
897 928 1085 998 (Eccli.
1108 929 1160 982 5.
1178 926 1268 980 2i.
1290 927 1384 998 9.2)
1413 945 1425 980 :
1460 929 1625 998 ipsius
1653 928 1794 983 enim
1823 942 2043 997 cperum
2072 926 2221 997 plura
2254 927 2306 979 in

726 1019 952 1074 secretis
980 1024 1143 1080 sunt;
1174 1027 1230 1072 et
1254 1031 1487 1081 rursum,
1522 1016 1725 1088 Majora
1755 1018 2014 1071 hominum
2038 1016 2307 1087 prudentia

724 1111 1066 1163 demonstrata
1116 1118 1233 1162 sunt
1280 1109 1369 1162 tibi
1394 1107 1498 1179 (Ib.
1530 1124 1577 1161 v.
1616 1106 1731 1177 25).
1785 1108 1899 1163 Hoc
1949 1117 2127 1162 autem
2175 1106 2310 1161 dixit

725 1201 1009 1254 consolans
1038 1210 1348 1256 induentem
1396 1210 1450 1253 et
1495 1198 1763 1252 dolentem
1785 1237 1800 1261 ,
1826 1197 1965 1267 quod
1995 1211 2101 1250 non
2127 1196 2307 1251 omnia

724 1294 866 1345 norit
897 1293 1134 1345 :etenim
1163 1300 1217 1344 et
1244 1305 1306 1344 ea
1328 1330 1344 1353 ,
1375 1288 1574 1358 inquit,
1606 1303 1727 1358 quae
1772 1301 1931 1341 nosse
1972 1286 2155 1340 datum
2198 1292 2302 1350 est,

723 1380 946 1433 multum
990 1379 1323 1449 prudentiam
1380 1390 1527 1434 tuam
1568 1377 2032 1448 transgrediuntur
2077 1393 2092 1431 :
2129 1389 2305 1446 neque

722 1472 865 1524 enim
894 1487 959 1525 cx
993 1482 1044 1526 te
1084 1472 1367 1539 invenisti,
1399 1470 1495 1527 sed
1537 1486 1568 1525 a
1618 1472 1727 1525 Deo
1767 1469 1975 1524 doctus.
2015 1468 2310 1524 Contentus

724 1560 883 1627 igitur
909 1570 1024 1614 esto
1045 1560 1182 1614 datis
1208 1561 1405 1616 divitiis
1425 1603 1440 1628 ,
1472 1570 1526 1615 et
1574 1576 1640 1616 ne
1662 1561 1893 1630 amplius
1917 1560 2181 1629 inquiras,
2213 1560 2308 1614 sed

723 1667 820 1717 pro
854 1652 938 1715 iis,
963 1667 1084 1720 qua:
1111 1653 1384 1720 accepisti,
1412 1652 1609 1720 gratias
1637 1665 1767 1719 age:
1793 1650 1899 1703 noli
1930 1650 2190 1718 indignari
2209 1664 2308 1718 pro

722 1741 807 1806 iis,
830 1757 949 1811 qua:
974 1758 1079 1795 non
1113 1744 1383 1810 accepisti,
1406 1750 1459 1795 et
1490 1756 1586 1810 pro
1628 1742 1723 1805 iis,
1768 1755 1888 1809 qua:
1933 1742 2109 1803 nosti,
2142 1740 2305 1807 glori-

721 1832 839 1892 lica,
882 1847 950 1885 ne
998 1833 1375 1886 scandalizeris
1428 1840 1645 1901 propter
1693 1845 1756 1885 ea
1806 1845 1925 1899 qua:
1968 1845 2073 1883 non
2119 1830 2298 1883 nosti:

719 1921 879 1974 ambo
904 1923 1051 1975 enim
1079 1923 1219 1976 Deus
1244 1922 1442 1975 utiliter
1471 1921 1591 1973 l'ecit
1616 1960 1631 1985 ,
1663 1927 1717 1972 et
1744 1918 1859 1971 haec
1884 1918 2099 1987 quidem
2144 1932 2302 1971 reve-

720 2010 867 2077 lavit,
896 2012 980 2065 illa
1009 2027 1134 2065 vero
1170 2012 1450 2066 abscondit
1490 2020 1591 2063 tua:
1632 2008 1919 2063 consulens
1954 2009 2131 2062 saluti.
2159 2008 2303 2063 Unus

717 2101 933 2170 quippe,
962 2102 1103 2170 quod
1133 2101 1271 2163 dixi,
1302 2100 1397 2155 Dei
1426 2098 1781 2168 cognoscendi
1817 2099 2007 2152 modus
2038 2114 2133 2167 per
2156 2112 2307 2152 creao

720 2191 939 2256 tionem,
980 2192 1175 2245 multos
1199 2190 1387 2245 valens
1435 2189 1550 2243 dies
1589 2188 1891 2242 absumere.
1916 2186 1986 2244 Ut
2014 2189 2159 2241 enim
2197 2204 2304 2241 non

719 2281 886 2334 solius
920 2279 1154 2333 hominis
1195 2295 1317 2333 cum
1361 2279 1632 2347 diligentia
1681 2277 2050 2331 formationem
2083 2292 2305 2345 percur-

718 2385 931 2435 ramus,
960 2387 1080 2423 cum
1131 2370 1401 2440 diligentia
1430 2369 1551 2423 dico
1592 2369 1745 2422 nobis
1770 2367 2043 2436 possibili,
2078 2382 2181 2420 non
2212 2368 2301 2420 illa

718 2475 843 2514 vera
870 2460 1144 2529 diligentia
1175 2478 1189 2514 :
1219 2474 1340 2513 nam
1367 2460 1468 2513 etsi
1512 2459 1707 2511 multas
1749 2456 2012 2510 factorum
2064 2456 2304 2510 rationes

716 2550 968 2615 diximus,
990 2561 1113 2603 sunt
1146 2560 1321 2603 tamen
1349 2557 1404 2603 et
1426 2548 1543 2602 alia:
1588 2549 1767 2617 plures
1794 2561 2005 2601 arcana:
2042 2561 2174 2616 quas
2208 2547 2301 2616 qui

716 2640 863 2707 fecit,
896 2644 1037 2694 novit
1064 2640 1246 2704 Deus;
1274 2654 1378 2693 non
1406 2640 1548 2693 enim
1590 2653 1777 2693 Omnes
1824 2638 1923 2707 ipsi
1968 2638 2167 2692 scimus
2196 2655 2209 2690 ε
2245 2648 2301 2692 ut

717 2732 879 2802 igitur
904 2746 1116 2786 onmem
1162 2731 1394 2784 hominis
1440 2729 1812 2784 formationem
1860 2743 1982 2783 cum
2029 2728 2297 2798 diligentia

718 2832 1188 2891 percurmmus,et
1229 2821 1282 2873 in
1324 2835 1643 2890 unoquoque
1692 2821 1937 2874 membro
1986 2821 2296 2889 sapientiam

718 2915 1069 2977 inveniamus,
1101 2922 1156 2966 et
1210 2927 1517 2976 nervorum,
1545 2926 1835 2977 venarum,
1860 2914 2174 2967 arteriarum
2218 2912 2299 2965 di-

717 3005 1107 3067 stributionem,
1139 3004 1324 3067 situm,
1351 3003 1686 3072 aliorumque
1732 3003 1969 3056 onmium
2019 3003 2300 3056 formatio~

718 3108 842 3149 nem
871 3094 1306 3157 consideremus,
1340 3108 1440 3147 nec
1464 3108 1636 3147 annus
1658 3093 1864 3162 integer
1892 3093 2047 3148 nobis
2067 3093 2134 3147 ad
2164 3094 2301 3148 hanc

717 3184 1104 3252 expositionem
1137 3184 1387 3238 sufﬁciet.
1416 3182 1540 3237 Ideo
1578 3184 1737 3237 istum
1775 3184 1862 3238 hic
1903 3199 2209 3239 sermonem
2241 3186 2302 3237 li-

719 3275 946 3341 nieutes,
976 3284 1028 3328 et
1056 3274 1335 3329 laboriosis
1354 3274 1711 3343 studiosisque
1734 3290 1797 3328 ex
1823 3274 1979 3329 dictis
1999 3275 2302 3345 prmbentes

718 3372 775 3419 et
824 3364 957 3417 alias
1006 3364 1292 3418 creationis
1340 3372 1516 3432 partes
1568 3365 1910 3433 percurrendi
1960 3366 2199 3431 modum,
2231 3366 2300 3419 ad

717 3457 876 3510 aliam
896 3470 1200 3511 sermonem
1223 3455 1559 3527 hypothesim
1582 3466 1873 3523 vertamus,
1892 3459 2059 3526 ipsam
2088 3474 2299 3530 quoque

718 3548 811 3603 Dei
841 3548 1185 3618 providentia:
1213 3549 1709 3602 demonstrativam.
1738 3550 1869 3616 Quae
1899 3551 2060 3618 igitur
2098 3560 2180 3605 est
2209 3567 2299 3606 se-

716 3640 888 3693 cunda
911 3637 1263 3708 hypothesis?
1294 3638 1373 3690 Ab
1395 3638 1546 3691 initio
1577 3638 1715 3692 Deus
1738 3639 2007 3693 hominem
2041 3642 2295 3709 formans,

717 3728 890 3798 legem
918 3728 1015 3796 ipsi
1047 3728 1340 3781 naturalem
1380 3727 1587 3781 indidit.
1619 3729 1684 3781 Et
1712 3728 1837 3797 quid
1858 3730 2069 3784 tandem
2098 3739 2181 3784 est
2211 3732 2295 3785 lex

721 3820 1016 3874 naturalis?
1044 3819 1436 3873 Conscientiam
1466 3821 1619 3874 nobis
1649 3822 1933 3889 expressit,
1963 3830 2019 3876 et
2046 3838 2075 3875 a
2105 3833 2294 3877 natura

718 3910 936 3965 inditam
967 3923 1088 3963 esse
1114 3909 1279 3962 voluit
1310 3910 1570 3962 bonorum
1601 3920 1656 3963 et
1690 3912 2083 3964 contrariorum
2122 3913 2295 3966 scien-

720 4004 871 4055 tiam.
898 4000 1012 4054 Non
1052 4000 1192 4054 enim
1220 4015 1355 4069 opus
1383 4000 1647 4054 habemus
1667 4000 1897 4065 discere,
1920 4001 2063 4070 quod
2094 4003 2292 4056 malum

722 4092 794 4148 sit
816 4094 1113 4157 fornicatio,
1140 4101 1195 4146 et
1222 4092 1418 4145 bonum
1442 4091 1789 4158 continentia,
1810 4092 1905 4146 sed
1932 4092 2002 4146 ab
2018 4093 2168 4148 initio
2192 4094 2294 4148 hoc

712 4184 1003 4238 scimus.Et
1020 4190 1077 4236 ut
1090 4182 1264 4236 discas
1281 4196 1379 4235 nos
1401 4180 1470 4234 ab
1490 4180 1639 4235 initio
1660 4181 1761 4235 hoc
1779 4182 2213 4252 scire,legislator
2230 4186 2296 4238 le-

712 4290 804 4345 ges
823 4284 1001 4345 postea
1020 4273 1217 4337 ferens,
1235 4282 1291 4328 et
1309 4273 1495 4328 dicens
1521 4290 1535 4325 :
1556 4271 1679 4327 Non
1702 4274 1899 4327 occides
1913 4273 2039 4343 (Ex.
2064 4274 2250 4345 20.13)
2276 4294 2289 4329 :

721 4383 827 4419 non
853 4368 1049 4431 intulit,
1073 4364 1266 4418 Malum
1282 4364 1424 4419 enim
1445 4362 1620 4418 evades
1640 4381 1654 4418 ε
1677 4364 1770 4418 sed
1792 4365 2138 4434 simpliciter:
2172 4364 2293 4419 Non

711 4460 927 4523 occides,
954 4458 1123 4527 inquit
1156 4474 1170 4510 ς
1202 4456 1469 4526 prohibuit
1492 4458 1633 4510 enim
1666 4467 1944 4526 peccatum
1989 4458 2287 4522 dumtaxat,

712 4564 816 4603 non
838 4548 1214 4616 docuit.Quare
1238 4547 1397 4618 igitur
1419 4547 1508 4617 qui
1526 4546 1809 4611 dixit,Non
1825 4547 2045 4614 occides,
2066 4563 2171 4601 non
2198 4548 2294 4601 ad-

710 4642 863 4708 didit,
881 4643 1012 4708 Quia
1033 4638 1234 4695 inalum
1263 4640 1437 4695 cades
1458 4644 1481 4694 ‘t
1506 4639 1768 4706 Quoniam
1790 4642 1935 4709 prius
1962 4641 2291 4696 conscientia

710 4755 809 4795 nos
833 4737 937 4791 hoc
960 4735 1162 4796 docuit,
1186 4740 1240 4785 et
1261 4740 1531 4800 tamquam
1564 4732 1852 4787 scientibus
1873 4740 1927 4786 et
1947 4731 2293 4803 intelligenti-

711 4833 811 4888 bus
832 4832 902 4885 ita
934 4828 1186 4897 loquitur.
1209 4827 1343 4880 Cum
1367 4824 1525 4893 igitur
1542 4823 1608 4878 de
1631 4824 1735 4879 alio
1756 4826 1986 4894 loquitur
2012 4827 2288 4893 mandato,

708 4937 813 4975 non
841 4918 995 4974 nobis
1024 4932 1119 4987 per
1137 4915 1521 4970 conscientiam
1553 4923 1709 4979 noto,
1739 4930 1841 4968 non
1873 4926 2071 4970 tantum
2102 4917 2289 4987 prohi-

708 5016 818 5079 bet,
850 5011 945 5066 sed
970 5019 1024 5065 et
1051 5023 1269 5063 causam
1297 5007 1539 5076 apponit.
1572 5007 1645 5060 De
1667 5007 1886 5061 sabbato
1914 5010 2087 5078 itaque
2116 5010 2289 5079 legem

709 5108 911 5168 ferens,
940 5113 996 5159 et
1022 5101 1207 5157 dicens
1231 5120 1246 5155 :
1278 5099 1509 5171 Septima
1534 5100 1617 5152 die
1642 5116 1741 5153 non
1764 5102 1918 5170 [acies
1962 5118 2088 5168 opus
2122 5101 2284 5172 (Ibid.

709 5212 741 5249 v
782 5234 796 5248 .
828 5195 913 5264 10)
950 5212 964 5249 :
993 5193 1263 5261 subiunxit
1285 5207 1504 5245 causam
1533 5206 1746 5260 quoque
1770 5194 2083 5245 cessationis
2113 5211 2127 5246 :
2154 5209 2287 5263 qua-

705 5289 807 5340 lem
838 5285 1013 5339 Vero?
1046 5281 1179 5347 Quia
1212 5281 1264 5333 in
1294 5280 1375 5334 die
1400 5282 1613 5351 septima
1653 5281 1886 5349 requievit
1910 5280 2049 5334 Deus
2084 5284 2146 5335 ab
2172 5301 2285 5337 om-

704 5376 848 5428 nibus
892 5373 1125 5443 operibus
1175 5372 1280 5425 suis
1307 5386 1418 5440 quia
1450 5380 1665 5439 creperat
1708 5374 1875 5441 facere
1901 5387 1919 5424 :
1945 5381 2000 5426 et
2028 5389 2237 5428 rursmn
2268 5391 2282 5427 :

710 5466 960 5533 Quoniam
986 5480 1157 5518 servus
1187 5462 1329 5533 fuisti
1356 5463 1409 5514 in
1438 5472 1569 5515 terra
1597 5461 1812 5533 ngypIi
1847 5461 2020 5531 (Deut.
2047 5464 2136 5519 24.
2169 5466 2279 5536 ib).

706 5568 883 5628 Quare
929 5558 1106 5627 igitur,
1136 5558 1224 5612 dic
1263 5557 1415 5621 mihi,
1449 5558 1498 5609 iu
1539 5558 1759 5611 sablizito
1804 5558 2016 5627 quidem
2067 5575 2283 5615 causam

703 5653 922 5721 adjecit,
956 5651 1007 5704 in
1038 5651 1182 5705 caede
1212 5666 1337 5704 vero
1374 5648 1505 5703 nihil
1546 5650 1648 5704 tale
1677 5648 1795 5704 fecit
1821 5652 1843 5703 ?
1874 5651 2131 5717 Quoniam
2180 5652 2284 5707 hoc

701 5744 916 5814 quidem
960 5741 1263 5794 mandatum
1296 5756 1402 5794 non
1450 5740 1518 5794 de
1566 5742 1832 5810 primariis
1871 5752 2005 5808 erat,
2037 5758 2135 5798 nec
2186 5759 2282 5812 per

698 5834 1078 5891 conscientiam
1106 5832 1259 5887 nobis
1285 5831 1590 5913 exquisitis,
1618 5832 1711 5889 sed
1745 5834 2059 5905 particularc
2097 5836 2267 5907 quod-

3896 475 3993 530 l3!

2424 560 2545 615 dam
2572 570 2625 616 et
2649 570 3054 632 temporaneum
3090 589 3103 624 :
3135 579 3411 641 propterea
3452 578 3570 639 post
3613 572 3726 628 lucc
3759 582 3989 641 solutum

2418 660 2501 705 est
2526 670 2539 706 :
2576 656 2872 706 necessaria
2906 670 3053 720 vero,
3087 669 3143 713 et
3168 661 3331 714 vitam
3356 670 3590 715 nostram
3617 666 3948 725 continentia
3973 716 3987 737 ,

2417 740 2504 793 illa
2555 751 2678 795 sunt
2707 759 2721 796 :
2756 741 2876 796 Non
2919 746 3113 799 occides
3134 789 3149 811 ,
3184 766 3288 804 non
3333 750 3598 821 furaberis,
3621 767 3721 805 non
3764 759 3985 811 marcius.

2412 828 2544 884 beris
2570 831 2761 903 (Exod.
2787 831 2877 887 20.
2914 834 3106 903 13-15)
3142 854 3155 889 :
3186 848 3243 893 et
3280 841 3401 894 ideo
3431 844 3725 898 nullatenus
3744 842 3832 898 hic
3860 861 3989 901 cau-

2413 933 2527 973 sam
2560 923 2727 989 ponit,
2754 937 2853 978 nec
2876 920 3172 978 doctrinam
3203 927 3437 997 adducit,
3464 933 3558 989 sed
3580 934 3691 989 sola
3711 948 3843 1003 opus
3870 951 3988 993 esse

2416 1020 2569 1078 putat
2601 1012 2981 1080 prohibitione.

2482 1102 2537 1155 4.
2575 1101 2721 1157 luris
2755 1105 3001 1157 naturalis
3043 1103 3262 1174 cognitio
3304 1106 3470 1162 indita
3526 1112 3737 1167 homini.
3768 1142 3840 1155 —
3883 1113 3988 1169 Nec

2412 1192 2539 1246 inde
2570 1201 2798 1260 tantum,
2827 1196 2921 1250 sed
2968 1206 3023 1251 et
3047 1195 3260 1250 aliunde
3302 1197 3457 1252 vobis
3496 1200 3863 1261 demonstrare
3898 1220 3985 1260 eo-

2410 1280 2599 1343 nabor,
2633 1283 2902 1350 quomodo
2945 1299 2975 1337 a
3019 1294 3205 1339 natura
3245 1285 3520 1342 institutus
3559 1303 3677 1347 erat
3723 1294 3883 1350 homo
3923 1296 3987 1351 ad

2408 1371 2621 1426 virtutis
2646 1373 3029 1442 cognitionem.
3071 1376 3309 1430 Primum
3340 1377 3511 1431 Adam
3556 1382 3772 1440 admisit
3801 1403 3989 1456 pecca-

2413 1471 2548 1529 tum,
2576 1472 2767 1532 etpost
2810 1473 3087 1533 peccatum
3133 1468 3312 1520 statim
3357 1482 3418 1522 se
3454 1472 3851 1531 occultavittsi
3894 1479 3994 1531 ali-

2413 1553 2539 1622 quid
2570 1554 2694 1608 mali
2725 1569 2783 1609 se
2828 1564 3165 1624 perpetrasse
3192 1571 3297 1609 non
3328 1566 3571 1621 noverat,
3600 1574 3705 1628 qua
3736 1564 3805 1619 de
3830 1581 3988 1620 causa

2411 1656 2470 1695 se
2490 1644 2820 1697 occultavit?
2848 1643 3026 1713 Neque
3050 1644 3191 1699 enim
3221 1652 3376 1698 erant
3395 1643 3730 1709 litteraz,non
3753 1651 3858 1716 lex,
3885 1670 3989 1708 non

2410 1730 2582 1783 Moses
2613 1748 2625 1783 :
2658 1732 2801 1787 unde
2844 1734 3001 1803 igitur
3035 1734 3181 1788 novit
3224 1744 3498 1803 peccaturo
3520 1774 3535 1797 ,
3570 1742 3630 1787 ut
3664 1749 3725 1789 se
3764 1739 3994 1792 abscon-

2407 1818 2593 1872 deret?
2620 1820 2731 1876 Nec
2770 1833 2975 1877 tantum
3029 1838 3087 1877 se
3141 1822 3311 1887 celat,
3367 1822 3461 1876 sed
3509 1831 3563 1876 et
3608 1836 3887 1878 accusatus
3937 1829 3987 1879 iu

2407 1909 2567 1962 alium
2624 1922 2853 1965 conatur
2898 1913 3189 1968 transferre
3242 1929 3500 1979 causam,
3546 1914 3768 1967 dicens:
3803 1915 3981 1969 Nuliei

2406 2015 2556 2069 quam
2582 1999 2765 2053 dedisti
2810 2002 2972 2067 milii,
3008 2004 3120 2072 ipsa
3165 2005 3301 2059 dedit
3348 2006 3472 2058 mihi
3512 2006 3573 2059 de
3617 2006 3754 2076 ligno
3780 2046 3795 2069 ,
3826 2018 3875 2058 et
3898 2024 3987 2060 co-

2410 2089 2542 2142 medi
2572 2087 2722 2157 (Gen.
2754 2091 2807 2143 5.
2837 2089 2951 2159 12).
3008 2092 3076 2146 Ει
3126 2095 3213 2148 illa
3263 2110 3447 2149 rursus
3487 2097 3539 2149 itt
3584 2097 3745 2151 alium
3786 2097 3987 2152 crimen

2412 2180 2693 2246 transfert,
2759 2190 3061 2250 serpentem
3098 2186 3321 2240 scilicet.
3373 2188 3449 2240 Ac
3499 2187 3621 2242 vide
3675 2189 3986 2258 sapientiam

2412 2270 2694 2325 Deizcun.
2751 2274 2889 2326 enim
2941 2273 3110 2326 Adam
3163 2274 3423 2329 dixisset:
3468 2276 3652 2331 Vocem
3704 2288 3842 2332 tuam
3891 2298 3987 2334 au-

2408 2363 2541 2429 divi,
2571 2373 2615 2416 et
2664 2366 2838 2431 timui,
2864 2382 2920 2419 eo
2960 2368 3095 2435 quod
3144 2368 3311 2419 nudus
3338 2385 3493 2421 essent
3513 2410 3528 2435 ,
3562 2381 3611 2422 et
3649 2371 3887 2425 abscondi
3913 2388 3986 2427 me

2408 2455 2510 2523 (Ib.
2533 2471 2581 2509 υ.
2616 2458 2703 2528 10)
2730 2475 2744 2511 :
2772 2458 2910 2511 Deus
2932 2474 3035 2512 non
3062 2460 3239 2513 statim
3269 2459 3463 2512 factum
3495 2461 3790 2531 redarguit,
3820 2480 3991 2535 neque

2405 2546 2573 2601 dixit:
2604 2549 2776 2616 Quare
2803 2551 2943 2603 enim
2975 2550 3039 2604 de
3064 2551 3204 2618 ligno
3228 2552 3505 2604 comedisti
3522 2551 3547 2603 ?
3573 2552 3666 2605 sed
3685 2556 3990 2621 quomodo?

2409 2638 2534 2704 Quis
2560 2642 2690 2693 enim
2715 2641 2950 2694 indicavit
2992 2642 3078 2694 tibi
3105 2642 3238 2709 quod
3282 2642 3447 2695 nudus
3491 2659 3620 2696 esses
3648 2645 3745 2695 nisi
3771 2646 3907 2713 quod
3928 2660 3989 2698 ea:

2404 2730 2573 2797 ligno,
2605 2736 2667 2785 de
2705 2747 2802 2802 quo
2832 2747 3166 2800 praceperam
3200 2731 3286 2785 tibi
3316 2748 3377 2785 ne
3401 2732 3703 2797 comederes,
3733 2734 3989 2786 comedisti

2403 2818 2592 2888 (Ibid.
2636 2840 2691 2879 ν.
2742 2821 2895 2892 li)?
2939 2821 3121 2892 Neque
3175 2823 3374 2887 tacuit,
3424 2838 3523 2876 nec
3575 2830 3759 2890 aperte
3815 2824 3984 2891 ipsum

2404 2909 2719 2979 redarguit:
2772 2925 2877 2965 non
2933 2912 3075 2966 enim
3107 2913 3301 2978 tacuit,
3337 2921 3393 2965 ut
3434 2914 3600 2979 ipsum
3668 2912 3733 2965 ad
3784 2916 3985 2981 peccati

2399 2998 2792 3054 confessionem
2816 3009 3101 3065 evocaret;
3122 3016 3219 3056 nec
3243 3016 3368 3055 vero
3390 3001 3665 3056 manifeste
3687 3002 3976 3070 redarguit.

2403 3104 2470 3144 ne
2492 3099 2656 3143 totum
2690 3090 2783 3145 Dei
2809 3101 2973 3157 esset,
3004 3101 3059 3146 et
3102 3093 3193 3146 ille
3224 3094 3455 3162 privatus
3486 3102 3781 3147 remaneret
3811 3096 3984 3160 venia,

2406 3195 2524 3249 qua:
2567 3180 2720 3235 nobis
2749 3197 2819 3235 ex
2868 3182 3209 3237 confessione
3262 3185 3513 3237 nascitur.
3552 3184 3831 3253 Propterea
3880 3202 3985 3239 non

2406 3270 2536 3323 dixit
2564 3272 2838 3326 manifeste
2859 3286 3098 3337 causam,
3119 3274 3260 3328 unde
3283 3276 3548 3343 cognitio‘
3572 3285 3689 3329 nata
3711 3284 3872 3343 esset,
3892 3278 3984 3330 sed

2407 3362 2506 3414 sub
2539 3363 2967 3431 interrogationis
3009 3364 3180 3418 forma
3219 3381 3523 3420 sermonem
3564 3368 3798 3435 profert,
3828 3379 3880 3421 ut
3910 3371 3983 3421 illi

2403 3451 2603 3505 aditqu
2639 3453 2703 3506 ad
2734 3452 3121 3509 confessionem
3146 3457 3491 3525 relinqueret.
3524 3457 3749 3511 Rursum
3774 3461 3824 3512 in
3853 3460 3981 3513 Cain

2404 3551 2454 3594 et
2483 3543 2613 3596 Abel
2644 3542 2783 3596 idem
2808 3545 2986 3599 videre
3014 3546 3155 3599 licet.
3192 3546 3430 3599 Primum
3479 3549 3689 3616 quidem
3730 3550 3984 3617 primitias

2405 3633 2514 3686 Deo
2545 3633 2787 3688 ferebant
2825 3635 3059 3689 laborum
3092 3652 3330 3691 suorum.
3368 3638 3480 3692 Non
3508 3641 3650 3692 enim
3688 3656 3715 3693 a
3766 3654 3984 3710 peccato

2402 3732 2623 3787 tantum,
2656 3724 2750 3777 sed
2780 3727 2937 3779 etiam
2961 3742 2991 3779 a
3018 3729 3209 3782 virtute
3236 3728 3685 3793 demonstremus,
3717 3730 3980 3787 hominem

2401 3818 2675 3884 utriusque
2696 3818 2918 3871 scientia
2951 3819 3224 3885 prmditum
3256 3820 3436 3874 fuisse.
3466 3820 3618 3886 Quod
3643 3823 3797 3890 igitur
3822 3824 3980 3877 homo

2398 3919 2672 3978 peccatum
2738 3924 2859 3963 esse
2925 3911 3118 3963 malum
3171 3912 3279 3977 jam
3346 3914 3550 3975 sciret,
3603 3913 3983 3969 demonstravit

2398 4000 2567 4052 Adam
2593 4015 2607 4063 ;
2632 4001 2773 4069 quod
2814 4011 2991 4054 autem
3017 4002 3264 4056 virtutem
3295 4018 3417 4057 esse
3459 4005 3655 4058 bonum
3686 4006 3843 4059 etiam
3881 4007 3982 4059 sci-

2398 4100 2500 4154 ret,
2531 4102 2742 4145 rursum
2800 4092 2933 4145 Abel
2990 4094 3364 4149 manifestavit.
3412 4096 3526 4150 Non
3577 4098 3717 4151 enim
3762 4098 3830 4151 ab
3874 4100 3982 4153 ullo

2396 4183 2605 4247 doctus,
2627 4198 2797 4252 neque
2826 4185 2939 4251 lege
2958 4184 3025 4238 de
3048 4186 3288 4253 primitiis
3316 4188 3431 4243 hmc
3459 4188 3756 4244 disserente
3782 4190 3977 4256 audita,

2396 4274 2492 4329 sed
2517 4289 2546 4327 a
2576 4289 2669 4329 sua
2699 4275 3027 4329 conscientia
3054 4276 3241 4331 doctus
3263 4320 3277 4341 ,
3304 4281 3620 4335 sacriﬁcium
3672 4281 3797 4335 illud
3825 4283 3971 4334 obtu-

2396 4366 2473 4419 lit.
2506 4366 2791 4434 Propterea
2832 4380 2936 4420 non
2983 4367 3249 4423 descendo
3285 4370 3349 4423 ad
3398 4383 3661 4438 posteros.
3696 4374 3788 4424 sed
3838 4374 3979 4426 circa

2398 4455 2599 4524 priores
2625 4456 2868 4509 homines
2893 4471 3098 4521 versor,
3126 4460 3333 4527 quando
3380 4462 3611 4515 nondum
3647 4463 3854 4530 littera),
3885 4478 3979 4515 ne-

2395 4562 2498 4616 que
2522 4545 2626 4611 lex,
2661 4562 2836 4615 neque
2858 4547 3132 4615 prepheta:
3162 4558 3211 4601 et
3236 4550 3442 4616 judices
3466 4592 3480 4614 ,
3517 4552 3609 4603 sed
3636 4555 3781 4605 Solus
3810 4554 3977 4607 Adam

2397 4650 2516 4689 cum
2540 4636 2660 4691 filiis
2687 4646 2802 4690 erat
2823 4677 2837 4699 ,
2872 4647 2928 4689 ut
2954 4636 3129 4689 discas
3156 4637 3208 4690 in
3233 4651 3419 4691 natura
3463 4638 3720 4691 bonorum
3765 4652 3815 4693 et
3846 4658 3975 4696 con-

2400 4728 2677 4782 trariorum
2722 4728 3001 4781 scientiam
3048 4728 3194 4795 prius
3240 4728 3403 4782 fuisse
3468 4732 3773 4797 repositam.
3830 4734 3977 4787 Unde

2396 4817 2540 4871 enim
2593 4818 2777 4872 didicit
2824 4819 2981 4883 Ahcl,
3008 4819 3149 4888 quod
3184 4819 3380 4872 bonum
3408 4831 3548 4873 esset
3600 4823 3975 4894 offerre,quod

2396 4908 2592 4962 bonum
2621 4909 2783 4963 Deum
2812 4911 3076 4975 venerari,
3109 4920 3161 4965 et
3190 4912 3241 4964 in
3268 4912 3515 4965 omnibus
3539 4916 3733 4979 gratias
3773 4919 3976 4985 agere?

2394 4997 2531 5064 Quid
2565 4998 2724 5066 igitur
2744 5040 2759 5064 ,
2783 5015 2848 5053 an
2870 4998 2999 5055 Cain
3046 5016 3148 5053 non
3194 5000 3425 5054 obtulit?
3448 5000 3646 5054 Obtulit
3684 5006 3893 5073 quidem
3923 5016 3974 5059 et

2396 5087 2539 5156 ipse,
2570 5088 2662 5141 sed
2702 5104 2807 5141 non
2856 5090 3119 5144 similiter.
3152 5091 3215 5143 Et
3257 5090 3382 5142 hinc
3418 5106 3542 5143 vero
3592 5107 3797 5146 rursum
3844 5111 3972 5146 con-

2394 5176 2630 5231 scientim
2656 5178 2886 5246 cognitio
2914 5189 3133 5248 apparet
3160 5198 3175 5235 :
3198 5180 3446 5249 quoniam
3476 5180 3613 5233 enim
3644 5184 3690 5235 ei
3711 5223 3727 5247 ,
3757 5186 3846 5253 qui
3879 5185 3972 5236 ho-

2395 5278 2613 5323 noratus
2640 5268 2832 5335 fuerat,
2864 5271 3113 5325 invidens
3133 5313 3147 5337 ,
3180 5271 3247 5325 de
3272 5270 3418 5325 caede
3442 5270 3796 5341 deliberabat,
3822 5276 3971 5328 dolu—

2394 5374 2507 5415 sam
2542 5362 2748 5415 celebat
2774 5363 3093 5417 sententiam
3120 5371 3208 5416 :et
3233 5362 3355 5430 quid
3390 5363 3969 5436 inquit?Age,egredia-

2392 5468 2506 5504 mur
2549 5452 2603 5505 in
2650 5470 2885 5522 campum
2919 5455 3068 5525 (Gen.
3096 5455 3149 5509 4.
3199 5452 3292 5525 8
3330 5456 3446 5508 Alia
3479 5453 3669 5525 ﬁgura,
3698 5456 3967 5512 charitatis

2390 5543 2533 5597 enim
2561 5544 2867 5599 simulatio:
2898 5545 3163 5601 sententia
3188 5545 3325 5608 alia,
3356 5546 3606 5601 fratricidi
3648 5549 3789 5602 cnim
3837 5549 3971 5600 deli-

2392 5636 2614 5690 beratio.
2656 5635 2725 5690 Et
2763 5638 2864 5693 nisi
2905 5638 3106 5692 malum
3160 5636 3437 5691 consilium
3503 5642 3755 5708 putabat,
3804 5654 3967 5704 quare

2614 5794 2759 5843 Morel
2789 5801 2839 5844 ct
2862 5794 3055 5856 quidam
3080 5800 3183 5842 Mss.
3224 5793 3366 5843 Satil.
3393 5804 3443 5844 et
3483 5795 3674 5857 quidam
3699 5792 3797 5853 alii,
3832 5790 3965 5840 rude

2545 5867 2603 5902 to.

2390 5864 2603 5902 nudatio.
