4414 6690
234 423 332 478 131

226 534 450 607 θρωπον
469 535 498 588 6
525 552 758 606 πονηρός
778 535 988 606 δαίμων
1026 534 1233 597 ἐκεῖνος
1262 535 1696 606 ἐξετραχήλισεν,
1728 534 1901 588 ἐλπίδι

230 621 477 691 μείζονος
491 623 741 692 γνώσεως
785 624 877 676 καὶ
894 623 991 690 τῆς
1012 620 1180 690 οὔσης
1209 623 1605 693 ἀποστερήσας.
1626 623 1727 675 Διά
1746 620 1906 673 τοῦτο

224 710 325 763 καὶ
374 713 535 780 σοφός
582 730 668 774 τις
711 712 968 781 παραινεῖ
1004 709 1214 777 λέγων·
1266 711 1637 777 Ἰσχυρότερά
1654 727 1771 763 σου
1815 709 1900 778 μὴ

224 795 400 863 ζήτει,
419 800 516 852 καί
532 796 835 864 βαθύτερα
858 811 974 849 σου
996 795 1083 864 μὴ
1100 796 1315 864 ἐρεύνα
1334 812 1346 825 ·
1367 796 1403 848 ἁ
1418 795 1757 863 προσετάγη
1782 808 1901 858 σοι,

226 885 415 938 ταῦτα
473 884 717 939 διανοοῦ
740 902 752 912 ·
779 884 849 935 τά
888 882 995 951 γὰρ
1042 882 1261 935 πλείονα
1301 882 1409 934 τῶν
1444 883 1617 953 ἐργων
1645 880 1810 935 αὑτοῦ
1845 882 1904 933 ἐν

222 973 567 1043 ἀποκρύφοις
586 987 601 1001 ’
627 970 723 1021 καὶ
752 969 931 1033 πάλιν,
951 971 1209 1023 Πλείονα
1236 970 1542 1035 συνέσεως
1568 968 1899 1035 ἀνθρώπων

219 1060 549 1125 ὑπεδείχθη
604 1070 725 1109 σοι.
759 1056 930 1108 Τοῦτο
978 1057 1034 1109 δέ
1094 1052 1216 1107 εἷπε
1273 1055 1764 1124 παραμυθούμενος
1811 1053 1904 1104 τὸν

217 1146 561 1215 ἀσχάλλοντα
602 1143 699 1195 καὶ
734 1142 984 1207 ἀλύοντα,
1026 1142 1214 1199 ἐπειδὴ
1268 1141 1341 1211 μὴ
1378 1143 1550 1194 πάντα
1582 1138 1742 1194 οἶδεν.
1788 1140 1901 1191 Καὶ

218 1232 332 1302 γὰρ
352 1230 513 1292 αύτά,
544 1231 731 1299 φησὶν,
755 1230 897 1301 άπερ
915 1230 1235 1301 ἐπετράπης
1259 1229 1477 1289 εἰδέναι,
1512 1229 1714 1299 σφόδρα
1740 1229 1903 1294 ὑπερ-

218 1320 398 1372 ϐαίνει
440 1336 534 1371 σου
579 1319 679 1388 τὴν
722 1318 933 1371 σύνεσιν
960 1335 974 1351 ·
1015 1320 1136 1372 ούδέ
1182 1318 1290 1388 γάρ
1320 1316 1528 1369 οἴκοθεν
1561 1311 1737 1387 εὗρες,
1764 1314 1902 1367 ἀλλὰ

218 1408 374 1476 παρά
386 1405 480 1458 τοῦ
496 1406 629 1459 Θεοῦ
648 1406 930 1475 διδαχθείς.
950 1408 1004 1457 ’Δ
1015 1406 1144 1475 ρκοῦ
1163 1406 1340 1458 τοίνυν
1354 1402 1431 1473 τῷ
1446 1404 1651 1456 δοθέντι
1666 1402 1899 1472 πλούτῳ,

215 1496 315 1547 καὶ
347 1495 421 1565 μὴ
454 1494 616 1546 πλέον
640 1494 908 1562 ἐπιζήτει,
931 1493 1045 1544 ἀλλ’
1079 1494 1218 1563 ὑπὲρ
1240 1485 1314 1544 ὧν
1342 1489 1536 1552 ἔλαϐες
1567 1490 1898 1559 εὐχαρίστει,

221 1581 301 1649 μὴ
339 1583 637 1647 ἀγανάκτει
673 1580 814 1653 ὑπὲρ
862 1572 937 1632 ὧν
972 1580 1070 1631 οὐκ
1109 1579 1315 1642 ἔλαϐες,
1344 1580 1437 1631 καὶ
1479 1577 1619 1645 ὑπὲρ
1651 1570 1723 1628 ὧν
1752 1572 1899 1637 οἶδας

215 1665 436 1728 δόξαζε,
476 1667 550 1735 μὴ
584 1666 939 1728 σκανδαλίζου
970 1665 1038 1717 δι’
1067 1664 1101 1717 ἀ
1133 1666 1231 1717 οὐκ
1260 1661 1406 1723 οἶδας
1432 1680 1445 1693 ’
1483 1662 1764 1730 ἀμφότερα
1790 1660 1898 1728 γὰρ

214 1752 510 1820 χρησίμως
539 1755 567 1805 6
604 1752 734 1815 Θεὸς
764 1753 1009 1823 ἐποίησε,
1051 1752 1143 1804 καὶ
1172 1752 1237 1804 τά
1268 1754 1366 1821 μὲν
1405 1749 1723 1816 ἀπεκάλυῷε
1749 1761 1795 1808 α,
1830 1747 1897 1799 τά

212 1837 274 1889 δὲ
313 1838 749 1909 ἀπέκλεισε,τῆς
784 1841 883 1909 σῆς
914 1838 1157 1908 προνοῶν
1199 1838 1493 1907 σωτηρίας.
1532 1833 1625 1897 Εἷς
1657 1836 1753 1905 μέν
1784 1832 1895 1897 οὖν,

212 1926 355 1996 ὅπερ
386 1927 542 1997 ἐφην,
574 1929 772 1996 τρόπος
791 1926 1263 1992 θεογνωσίαςὸδιά
1294 1927 1391 1993 τῆς
1417 1925 1669 1984 κτίσεως,
1703 1921 1900 1983 πολλάς

210 2012 515 2081 δυνάμενος
554 2014 765 2084 ἡμέρας
814 2011 1109 2064 ἀναλῶσαι.
1160 2013 1276 2063 ’Ἱνα
1329 2013 1437 2082 γάρ
1486 2011 1561 2081 μὴ
1614 2010 1776 2079 μόνου
1806 2008 1898 2060 τοῦ

208 2098 505 2168 ἀνθρώπου
550 2102 670 2153 κατ’
716 2099 1002 2169 ἀκρίϐειαν
1044 2098 1141 2167 τὴν
1189 2099 1519 2151 διατύπωσιν
1563 2097 1898 2165 ἐπέλθωμεν,

209 2187 337 2236 κατ’
364 2186 650 2253 ἀκρίϐειαν
678 2186 734 2239 δὲ
764 2186 907 2252 λέγω
934 2185 1035 2254 τὴν
1063 2186 1193 2253 ἡμῖν
1221 2185 1473 2253 δυνατὴν,
1510 2184 1569 2235 οὔ
1600 2183 1701 2253 τὴν
1732 2182 1903 2244 ὅντως

207 2271 530 2341 ἀκρίϐειαν*
557 2275 603 2325 εἰ
626 2274 733 2343 γὰρ
756 2272 849 2325 καί⁸
878 2270 1107 2333 πολλοὺς
1138 2272 1438 2341 εἰρήκαμεν
1455 2270 1561 2323 τῶν
1592 2268 1901 2338 γενομένων

206 2355 425 2424 λόγους,
459 2358 572 2410 ἀλλ’
622 2360 729 2411 εἰσὶ
776 2360 870 2410 καὶ
913 2358 1089 2428 ἐτεροι
1128 2357 1342 2418 πλείους
1382 2357 1713 2427 ἀπόρρητοι.
1748 2353 1843 2415 οὓς
1873 2357 1901 2407 6

206 2449 446 2514 ποιήσας
489 2441 598 2498 οῐδε
625 2446 759 2508 Θεός
783 2464 795 2476 ·
832 2446 893 2498 ού
940 2444 1050 2512 γάρ
1076 2444 1138 2513 δὴ
1178 2445 1387 2506 πάντας
1430 2445 1587 2513 ίσμεν
1617 2441 1797 2494 αὐτοί’
1832 2428 1900 2492 ἶν’

203 2528 306 2583 οὖν
326 2532 543 2585 ἆπασαν
564 2526 657 2585 τού
691 2533 982 2603 ἀνθρώπου
999 2532 1141 2584 κατά
1168 2530 1456 2599 ἀκρίϐειαν
1479 2530 1578 2600 τὴν
1610 2529 1898 2581 διάπλασιν

203 2618 534 2687 ἐπέλθωμεν
579 2620 674 2670 καὶ
708 2620 807 2687 τὴν
849 2621 907 2671 ἐν
952 2619 1173 2687 ἑκάστῳ
1212 2617 1363 2685 μέλει
1400 2616 1592 2684 σοφίαν
1624 2614 1896 2683 εὖρωμεν,

202 2704 321 2755 τῶν
341 2703 574 2773 νεύρων,
607 2704 716 2756 τῶν
754 2705 984 2772 φλεϐῶν,
1022 2705 1132 2757 τῶν
1158 2703 1440 2774 ἀρτηριῶν
1478 2704 1578 2773 τὴν
1616 2701 1897 2772 διανομὴν,

202 2789 312 2859 τὴν
328 2789 499 2853 θέσιν,
518 2790 618 2861 τὴν
642 2790 927 2844 διάπλασιν
944 2792 1054 2845 τῶν
1075 2792 1253 2845 ἄλλων
1272 2790 1555 2857 ἁπάντων,
1582 2790 1703 2842 οὐδὲ
1729 2791 1901 2841 ἐνιαυ-

202 2877 302 2939 τὸς
334 2876 627 2948 ὁλόκληρος
647 2878 777 2947 ἡμῖν
801 2878 1083 2948 ἀρκέσειεν
1103 2880 1169 2932 ἂν
1196 2879 1335 2949 πρὸς
1354 2880 1454 2950 τὴν
1484 2878 1745 2947 ἐξήγησιν
1761 2876 1893 2930 ταύ-

200 2982 329 3035 την.
366 2964 567 3035 Διόπερ
579 2964 765 3017 τοῦτον
795 2964 1024 3018 ἐνταῦθα
1043 2966 1451 3029 καταλύσαντες
1483 2966 1579 3019 τὸν
1601 2966 1783 3033 λόγον,
1803 2966 1896 3017 καὶ

203 3054 320 3113 τοῖς
346 3052 654 3120 φιλο-πόνοις
675 3053 769 3105 καὶ
784 3052 1105 3123 φιλομαθέσι
1123 3054 1495 3123 παρασχόντες
1521 3055 1585 3106 ἐκ
1603 3054 1711 3105 τῶν
1742 3054 1897 3123 εἰρη-

204 3138 392 3209 μένων
424 3139 520 3191 καὶ
548 3140 616 3192 τὰ
630 3139 793 3193 λοιπά
818 3142 917 3211 τῆς
942 3140 1168 3203 κτίσεως
1192 3141 1434 3193 ἐπελθεῖν
1462 3141 1624 3213 μέρη,
1665 3141 1749 3208 ἐφ’
1779 3139 1895 3191 ἐτέ-

202 3244 316 3296 ραν
350 3226 609 3279 ύπόθεσιν
638 3227 907 3295 τὸνλόγον
930 3227 1241 3299 τρέφωμεν,
1257 3227 1589 3298 ἐνδεικτικην
1609 3228 1699 3279 καὶ
1724 3226 1894 3298 αὐτὴν

200 3310 374 3367 Οὖσαν
406 3314 505 3383 τῆς
534 3314 627 3367 τοῦ
658 3314 795 3368 Θεοῦ
845 3315 1123 3385 προνοίας.
1165 3315 1259 3379 Τίς
1298 3310 1391 3367 οὖν
1433 3316 1579 3367 ἐστιν
1606 3315 1639 3385 ή
1666 3313 1893 3384 δευτέρα

202 3402 501 3469 ύπόθεσιςς
537 3402 628 3467 Ἐξ
654 3403 829 3473 ἀρχῆς
858 3401 1112 3455 πλάττων
1147 3404 1175 3454 6
1198 3401 1331 3465 Θεὸς
1362 3402 1449 3455 τὸν
1474 3401 1783 3471 ἄνθρωπον,
1809 3401 1895 3453 νό-

204 3507 314 3561 μον
344 3488 493 3559 αὐτῷ
518 3489 745 3558 φυσικὸν
778 3489 1117 3559 ἐγκατέθηκε
1162 3490 1212 3542 b.
1250 3490 1360 3542 Καὶ
1395 3490 1448 3542 τί
1480 3488 1610 3542 ποτέ
1638 3491 1782 3541 ἐστιν
1806 3488 1896 3541 νό-

204 3595 314 3646 μος
348 3577 603 3645 φυσικός;
654 3576 727 3628 T6
771 3576 1011 3638 συνειδδς
1042 3578 1175 3646 ήμῖν
1201 3575 1529 3646 διήρθρωσε,
1565 3576 1659 3629 καὶ
1686 3576 1896 3629 αὐτοδί-

200 3664 405 3716 δακτον
441 3662 592 3735 [128]
621 3662 841 3733 ἐποίησε
871 3660 969 3731 τὴν
997 3662 1201 3730 γνῶσιν
1224 3662 1330 3714 τῶν
1353 3662 1536 3714 καλῶν
1575 3662 1671 3714 καί.
1695 3663 1803 3716 τῶν
1832 3663 1894 3716 ού

200 3748 467 3803 τοιούτων
492 3767 507 3781 ο
540 3750 602 3802 οὐ
621 3749 730 3819 γὰρ
770 3748 1001 3819 δεόμεθα
1052 3748 1243 3819 μαθεῖν
1271 3750 1353 3800 ὅτι
1381 3749 1552 3801 κακὸν
1584 3751 1618 3819 ή
1646 3751 1891 3819 πορνεία,

201 3838 305 3890 καὶ
337 3836 504 3890 καλὸν
546 3837 578 3907 ἡ
616 3836 960 3906 σωφροσύνη,
991 3836 1105 3889 ἀλλ’
1134 3836 1289 3905 ίσμεν
1309 3834 1368 3898 ἐξ
1396 3836 1569 3905 ἀρχῆς
1589 3835 1765 3889 τοῦτο.
1785 3837 1894 3888 Καὶ

201 3926 298 3977 ῐνα
326 3924 505 3995 μάθῃς
526 3924 611 3977 ὃτι
638 3923 796 3976 τοῦτο
816 3923 874 3990 ἐξ
898 3924 1072 3993 ἀρχῆς
1100 3922 1279 3992 ῐσμεν,
1310 3923 1339 3974 6
1368 3922 1667 3993 νομοθέτης
1699 3923 1895 3993 νόμους

200 4012 385 4074 διδοὺς
412 4010 658 4079 ὔστερον,
684 4012 775 4063 καί
792 4008 983 4075 εἰπὼν,
1017 4012 1098 4063 Οὐ
1126 4011 1466 4078 φονεύσεις,
1491 4011 1591 4062 οὐκ
1625 4011 1892 4080 ἐπήγαγε,

206 4098 401 4153 Κακὸν
418 4095 520 4167 γὰρ
549 4100 577 4150 6
608 4097 786 4164 φόνος.
822 4097 937 4151 ἀλλ’
969 4098 1182 4161 ἁπλῶς,
1227 4099 1309 4151 Ού
1334 4099 1671 4165 φονεύσεις,
1705 4093 1856 4149 εἶπεν
1879 4115 1893 4129 ο

204 4186 556 4257 ἀπηγόρευσε
581 4185 689 4255 γὰρ
709 4184 807 4254 τὴν
841 4185 1114 4257 ἁμαρτίαν
1145 4184 1326 4255 μόνον,
1358 4185 1458 4235 οὐκ
1490 4184 1714 4247 ἐδίδαξε.
1742 4184 1897 4248 Τίνος

202 4270 307 4329 οὖν
331 4274 515 4325 ἐνεκεν
531 4271 715 4336 εἰπὼν,
743 4275 825 4325 Οὺ
847 4273 1184 4341 φονεύσεις,
1199 4271 1258 4322 οὐ
1279 4270 1637 4340 προσέθηκεν,
1653 4271 1774 4323 ’Ότι
1796 4287 1892 4323 καο

206 4362 313 4414 κδν
340 4364 367 4413 6
396 4361 588 4428 φόνος;
626 4360 844 4430 Ἐπειδὴ
880 4358 1168 4429 προλαϐὼν
1194 4357 1255 4409 τὸ
1299 4357 1536 4420 συνειδὸς
1566 4358 1713 4427 ἡμᾶς
1737 4358 1892 4410 ἐπαίσ

205 4448 369 4500 δευσε
401 4446 579 4513 τοῦτο,
609 4449 703 4500 καὶ
730 4447 805 4509 ὡς
836 4447 1004 4499 εἰδόσι
1030 4446 1125 4498 καὶ
1144 4444 1530 4513 ἐπισταμένοις
1551 4444 1693 4497 οὔτω
1721 4445 1897 4498 διαλέ-

204 4552 391 4602 γεται.
430 4536 599 4589 Ὅταν
622 4534 752 4602 γοῦν
771 4532 1111 4605 περὶ-ἐτέρας
1138 4531 1356 4601 ἐντολῆς
1378 4531 1515 4604 λέγῃ
1547 4532 1645 4602 τῆς
1672 4532 1733 4585 ού
1757 4550 1897 4601 γνω-

211 4624 385 4694 ρίμης
425 4623 558 4690 ἡμῖν
597 4624 705 4675 ἀπὸ
734 4621 827 4675 τοῦ
878 4619 1172 4680 συνειδότος
1202 4619 1521 4688 γενομένης,
1555 4620 1655 4672 οὐκ
1686 4622 1897 4688 ἀπαγο-

208 4710 364 4781 ρεύει
392 4710 575 4777 μόνον,
608 4706 743 4760 ἀλλά
775 4708 869 4761 καὶ
896 4708 993 4779 τὴν
1019 4706 1198 4760 αἰτίαν
1230 4706 1576 4775 προστίθησι.
1605 4708 1740 4777 Περί
1764 4708 1898 4760 σαϐ-

209 4799 381 4852 ϐάτου
427 4794 559 4863 γοῦν
616 4796 921 4864 νομοθετῶν
970 4797 1067 4848 καὶ
1114 4794 1308 4861 λέγων,
1382 4792 1460 4861 Τῇ
1509 4794 1577 4845 δὲ
1606 4794 1795 4863 ἡμέρῃ
1821 4796 1897 4864 τῇ

207 4885 438 4953 ἐϐδόμῃ
467 4884 538 4936 ού
558 4882 835 4948 ποιήσεις
860 4883 1058 4950 ἔργον,
1085 4883 1180 4935 καὶ
1212 4882 1309 4952 την
1332 4881 1509 4933 αἰτίαν
1532 4882 1775 4951 ἐπήγαγε
1796 4883 1897 4953 τῆς

206 4974 417 5042 ἀργίας
442 4988 455 5000 ⁸
484 4968 642 5023 ποίαν
660 4968 723 5039 δὴ
753 4968 991 5038 ταύτην;
1012 4969 1142 5023 ’Ότι
1164 4970 1233 5022 ἐν
1256 4968 1328 5037 τῇ
1354 4970 1547 5038 ἡμέρᾳ
1577 4968 1649 5037 τῇ
1675 4969 1895 5039 ἐϐδόμῃ

208 5059 606 5112 κατέπαυσεν
622 5059 653 5109 ό
680 5055 823 5121 Θεὸς
847 5054 969 5109 ἀπὸ
997 5056 1239 5109 πάντων
1266 5056 1384 5110 τῶν
1406 5057 1594 5126 ἔργων
1611 5056 1795 5110 αὑτοῦ
1811 5052 1900 5111 ὧν

208 5147 446 5217 ἤρξατο
477 5144 723 5212 ποιῆσαι
743 5160 756 5173 ο
790 5144 879 5196 καὶ
908 5143 1091 5204 πάλιν,
1126 5144 1246 5196 Ὅτι
1286 5146 1523 5213 οἰκέτης
1549 5142 1709 5215 ἦσθα
1732 5146 1800 5199 ἐν
1820 5144 1899 5215 γῇ

208 5236 513 5303 Αἰγύπτῳ.
540 5234 583 5285 Τ
591 5234 696 5296 ίνος
722 5226 814 5286 οὖν
841 5231 1047 5295 ἰένεκεν,
1092 5230 1213 5282 εἰπέ
1241 5249 1350 5300 μοι,
1387 5234 1478 5285 ἐπὶ
1520 5234 1617 5303 μὲν
1650 5232 1743 5286 τοῦ
1769 5235 1900 5287 σαϐ-

212 5323 387 5376 ϐάτου
440 5320 543 5391 τὴν
586 5320 768 5374 αἰτίαν
810 5318 1170 5391 προσέθηκεν,
1205 5319 1297 5370 ἐπί
1329 5319 1387 5371 δέ
1420 5320 1514 5373 τοῦ
1552 5323 1713 5390 φόνου
1747 5321 1900 5374 οὐδὲν

209 5410 463 5463 τοιοῦτον
511 5409 800 5479 ἐποίησεν;
844 5407 1058 5479 Ἐπειδὴ
1107 5406 1245 5477 αὔτη
1285 5408 1382 5477 μὲν
1422 5409 1672 5479 ήέντολὴ
1706 5410 1766 5462 οὐ
1793 5410 1901 5464 τῶν

212 5495 653 5569 προηγουμένων
670 5491 761 5566 ῆν,
788 5497 909 5550 οὐδὲ
932 5498 1039 5550 τῶν
1055 5498 1118 5549 ἐκ
1141 5494 1234 5548 τοῦ
1259 5496 1558 5560 συνειδότος
1584 5499 1714 5568 ἡμῖν
1743 5501 1901 5571 ἠκρι-

210 5583 505 5655 ϐωμένων,
530 5580 665 5635 ἀλλά
693 5585 892 5653 μερική
920 5601 1003 5647 τις
1032 5585 1124 5637 καὶ
1144 5583 1496 5654 πρόσκαιρος,
1524 5585 1612 5639 διά
1634 5587 1789 5639 τοῦτο
1810 5589 1901 5640 καὶ

208 5671 493 5741 κατελύθη
528 5670 665 5742 μετά
690 5671 886 5724 ταῦτα·
922 5674 979 5724 αί
1012 5672 1067 5725 δὲ
1110 5674 1400 5742 ἀναγκαῖαι
1440 5674 1532 5726 καὶ
1581 5674 1901 5744 συνέχουσαι

275 5973 297 6044 ξ
331 5974 486 6044 833vle
514 5984 567 6027 et
589 5978 786 6044 quidam
811 5980 893 6031 alii
915 5979 1187 6044 i"..‘r.1ilu-{.«e.

278 6034 309 6071 ⁸³
336 6035 442 6088 Alii
468 6034 685 6102 ἐγκαίέοε
695 6057 741 6089 το

1254 422 1345 476 AD
1388 374 1713 479 l’dPULUM
1762 421 2263 481 ANTIOCHENUM
2304 424 2537 479 IIOMIL.
2580 422 2691 476 ΧΠ.

3568 417 3674 472 152

2005 538 2104 607 τὴν
2133 538 2277 607 ζωὴν
2308 539 2405 607 τὴν
2432 537 2727 607 ἡμετέραν,
2756 530 2959 583 ἐκεῖναί
2992 530 3126 583 εἰσιν
3152 548 3165 561 ·
3215 532 3298 583 Οὐ
3331 530 3676 597 φονεύσεις,

2014 624 2466 703 Ούμοιχεύσεις,
2488 625 2571 678 Οὐ
2596 627 2866 695 κλέψεις.
2903 626 3103 695 Διόπερ
3128 623 3364 693 οὐδαμοῦ
3387 622 3567 676 αἰτίαν
3588 623 3678 675 ἐν·

2005 726 2182 779 ταῦθα
2209 726 2443 796 τίθησιν,
2479 724 2601 778 οὐδὲ
2629 724 2978 777 διδασκαλίαν
3018 721 3253 789 εἰσάγει,
3288 722 3400 775 ἀλλ’
3426 722 3678 791 ἀρκεῖται

2006 825 2134 896 ψιλῇ
2173 826 2237 894 τῇ
2263 823 2650 894 ἀπαγορεύσει.

2070 930 2131 981 δ’.
2159 929 2274 980 Ούκ
2300 926 2547 980 ἐντεῦθεν
2562 926 2615 979 δέ
2624 926 2803 995 μόνον,
2820 923 2955 977 ἀλλὰ
2974 925 3066 977 καὶ
3084 924 3346 994 ἑτέρωθεν
3365 924 3492 994 ύμῖν
3508 925 3678 991 δεῖξαι

2003 1025 2337 1096 πειράσομαι
2379 1022 2495 1086 πῶς
2539 1022 2916 1083 αὐτοδίδακτος
2942 1016 3009 1091 ῆν
3042 1022 3070 1071 6
3092 1021 3373 1091 ἅνθρωπος
3411 1020 3547 1092 πρὸς
3578 1022 3680 1092 τὴν

2002 1121 2099 1189 τῆς
2124 1120 2326 1189 ἀρετῆς
2359 1118 2579 1186 γνῶσιν.
2597 1119 2881 1188 Ἥμαρτεν
2905 1120 2934 1170 6
2966 1116 3136 1185 Ἀδάμ
3158 1117 3253 1185 τὴν
3279 1116 3552 1186 ἁμαρτίαν
3582 1118 3681 1187 τὴν

2003 1217 2245 1285 πρώτην,
2288 1216 2384 1267 καὶ
2414 1213 2552 1285 μετά
2593 1213 2689 1283 τὴν
2731 1213 3001 1283 ἁμαρτίαν
3037 1212 3239 1275 εὐθέως
3270 1212 3596 1283 ἐκρύπτετοο
3629 1214 3678 1265 εί

2002 1302 2058 1353 δέ
2093 1302 2166 1372 μὴ
2205 1304 2320 1373 ᾔδει
2360 1301 2528 1355 κακόν
2567 1318 2619 1353 τι
2674 1300 3065 1369 ἐργασάμενος,
3109 1300 3253 1362 τίνος
3293 1299 3479 1352 ἕνεκεν
3520 1300 3681 1370 ἐκρύ-

2004 1406 2195 1454 πτετο;
2228 1390 2362 1443 Οὑδέ
2394 1389 2503 1459 γὰρ
2541 1389 2847 1459 γράμματα
2878 1383 2965 1456 ἦν,
3012 1388 3071 1437 ού
3116 1387 3298 1456 νόμος,
3345 1387 3408 1439 οὔ
3442 1387 3675 1456 Μωσῆς·

2003 1486 2168 1538 πόθεν
2207 1484 2297 1539 οὖν
2326 1486 2466 1554 ἔγνω
2505 1486 2606 1555 τὴν
2646 1483 2921 1555 ἁμαρτίαν
2962 1485 3055 1535 καὶ
3103 1482 3437 1551 κρύπτεται;
3478 1484 3588 1536 Καὶ
3618 1483 3683 1536 ού

2002 1581 2301 1649 κρύπτεται
2352 1581 2529 1651 μόνον,
2580 1581 2716 1633 ἀλλά
2764 1582 2856 1633 καὶ
2907 1578 3328 1647 ἐγκαλούμενος,
3375 1580 3458 1647 ἐφ’
3496 1580 3683 1649 ἕτερον

2001 1679 2258 1748 πειρᾶται
2292 1675 2635 1746 μετατιθέναι
2666 1676 2763 1746 τὴν
2798 1676 2972 1728 αἰτίαν
3012 1686 3059 1738 ε,
3086 1674 3290 1740 λέγων·
3322 1673 3392 1726 Ἡ
3417 1675 3570 1741 τι)νὴ
3606 1677 3679 1743 ἦν

2000 1771 2230 1837 ἔδωκάς
2258 1789 2381 1840 μοι,
2414 1770 2565 1837 αὕτη
2596 1770 2777 1822 ἔδωκέ
2796 1788 2895 1837 μοι
2925 1773 2990 1824 ἐκ
3024 1771 3129 1824 τοῦ
3165 1769 3379 1834 ξύλου,
3411 1770 3509 1822 καὶ
3542 1770 3685 1838 ἐφα-

2001 1884 2138 1934 ’γον⁵
2170 1866 2396 1937 κάκείνη
2427 1865 2590 1918 πάλιν
2628 1867 2710 1934 ἐφ’
2740 1866 2922 1935 ἕτερον
2956 1867 3177 1935 μετάγει
3204 1866 3266 1917 τὸ
3292 1865 3565 1949 θκλημα,
3592 1865 3681 1917 τὸν

2000 1962 2141 2031 ὅφιν.
2189 1964 2298 2014 Καὶ
2325 1963 2426 2033 ὂρα
2473 1961 2607 2015 Ε)εοῦ
2646 1960 2864 2028 σοφίαν·
2904 1960 3146 2023 εἰπόντος
3190 1959 3298 2030 γάρ
3348 1959 3441 2012 τοῦ
3488 1960 3681 2031 Ἀδὰμ,

2001 2059 2081 2110 ὅτι
2138 2060 2404 2112 Ἤκουσα
2444 2057 2552 2125 τῆς
2578 2055 2787 2125 φωνῆς
2816 2071 2932 2110 σου
2967 2057 3067 2108 καὶ
3099 2056 3423 2124 ἐφοϐήθην,
3457 2056 3545 2109 ὅτι
3582 2076 3683 2126 γυ-

1998 2154 2152 2222 μνός
2175 2156 2290 2220 εἰμι
2321 2155 2419 2207 καὶ
2446 2154 2725 2221 ἐκρύϐην,
2768 2154 2867 2205 οὐκ
2896 2153 3120 2223 ἤλεγξεν
3148 2153 3350 2216 εὐθέως
3384 2154 3412 2204 6
3450 2153 3581 2216 Θεὸς
3624 2153 3687 2205 τὸ

2002 2249 2244 2318 γεγονὸς,
2275 2250 2395 2303 οὐδὲ
2424 2247 2543 2302 εἶπε
2565 2267 2577 2280 ·
2616 2250 2714 2302 Διά
2740 2250 2791 2301 τί
2821 2251 2931 2320 γάρ
2960 2250 3162 2318 ἔφαγες
3191 2250 3299 2302 ἀπὸ
3345 2248 3439 2303 τοῦ
3486 2248 3640 2313 ξύλου
3667 2268 3681 2313 ;

2002 2350 2137 2403 ἀλλά
2167 2350 2321 2417 πῶς;
2361 2352 2455 2416 Τίς
2482 2365 2580 2404 σοι
2620 2350 2959 2418 ἀνήγγειλε,
2990 2353 3173 2420 φησὶν,
3211 2351 3300 2405 ὅτι
3336 2353 3567 2421 γυμνὸς
3608 2348 3683 2416 εἴ,

1998 2448 2051 2498 εὶ
2064 2445 2151 2513 μὴ
2170 2446 2288 2499 ἀπὸ
2306 2446 2412 2499 τοῦ
2435 2445 2628 2510 ξύλου
2651 2441 2723 2501 οὗ
2741 2445 3130 2514 ἐνετειλάμην
3142 2462 3239 2501 σοι
3262 2449 3475 2502 τούτου
3490 2449 3686 2516 μόνου

1994 2543 2080 2611 μὴ
2115 2542 2349 2611 φαγεῖν,
2384 2543 2487 2596 ἀπ’
2530 2541 2717 2596 αὐτοῦ
2754 2541 3014 2611 ἔφαγες;
3057 2540 3194 2595 Οὔτε
3246 2542 3517 2613 ἐσίγησεν,
3558 2542 3685 2596 οὔτε

2000 2642 2252 2711 φανερῶς
2283 2640 2444 2693 αὑτὸν
2474 2640 2728 2710 ήλεγξεν*
2758 2640 2857 2692 ούκ
2890 2640 3111 2709 ἐσίγησε
3137 2640 3258 2709 μὲν,
3287 2639 3371 2692 ἵνα
3400 2640 3561 2693 αὐτὸν
3592 2642 3687 2693 ἐκ·

2002 2741 2296 2812 καλέσηται
2328 2740 2464 2813 πρὸς
2489 2740 2781 2809 ὁμολογίαν
2809 2741 2906 2811 τῆς
2942 2741 3246 2812 ἁμαρτίας·
3276 2743 3375 2795 οὐκ
3409 2741 3603 2812 ἤλεγξε
3629 2741 3686 2795 δέ

2002 2837 2268 2908 φανερῶς.
2303 2837 2387 2889 ἵνα
2422 2836 2495 2907 μὴ
2524 2837 2689 2889 αὐτοῦ
2729 2836 2790 2889 τὸ
2840 2839 2950 2889 πᾶν
2986 2836 3233 2908 γένηται,
3275 2838 3526 2901 κάκεῖνος
3558 2837 3687 2908 ἔρη-

2002 2950 2099 3003 μος
2126 2932 2207 3003 εἴη
2242 2933 2340 3004 τῆς
2368 2934 2474 2986 ἀπὸ
2505 2933 2605 3002 τῆς
2632 2932 3074 3003 ἐξομολογήσεως
3108 2934 3398 3005 γινομένης
3439 2932 3687 3002 συγγνώ-

2002 3042 2109 3097 μης
2136 3028 2285 3095 ἡμῖν.
2318 3028 2415 3080 Διά
2458 3027 2616 3080 τοῦτο
2648 3028 2748 3080 οὐκ
2791 3024 2911 3081 εἷπε
2958 3029 3212 3098 φανερῶς
3245 3029 3345 3098 τὴν
3377 3030 3556 3082 αἰτίαν
3590 3030 3685 3097 ἀφ’

1995 3115 2062 3189 ἦς
2100 3121 2298 3189 γνῶσις
2326 3123 2352 3162 ἀ
2387 3122 2627 3191 γέγονεν,
2664 3122 2779 3175 ἀλλ’
2813 3124 2870 3175 ἐν
2913 3124 3241 3193 ἐρωτήσεως
3264 3124 3422 3191 τάξει
3454 3123 3685 3195 προάγει

1994 3214 2085 3266 τὸν
2114 3214 2511 3287 λόγον,ἐκείνῳ
2561 3216 2989 3287 καταλιμπάνων
3036 3218 3118 3281 εἰς
3164 3217 3553 3290 ἐξομολόγησιν
3599 3218 3686 3271 ἐλ-

1994 3309 2123 3366 θεῖν.
2168 3313 2336 3365 Πάλιν
2366 3315 2458 3367 ἐπὶ
2489 3314 2583 3367 τοῦ
2622 3315 2759 3367 Κάῖν
2802 3316 2896 3367 καὶ
2936 3313 3031 3367 τοῦ
3060 3314 3228 3367 Ἀϐελ
3258 3314 3412 3388 [129]
3445 3316 3509 3369 τὺ
3552 3315 3686 3369 αύτδ

1992 3405 2148 3460 τοῦτο
2181 3406 2325 3460 ἐστιν
2362 3408 2507 3461 ίδεῖν.
2548 3408 2772 3476 Πρῶτον
2804 3408 2903 3479 μὲν
2944 3412 3054 3479 γάρ
3087 3409 3401 3480 ἀπήρξαντο
3439 3411 3519 3481 τῷ
3565 3409 3687 3482 Θεῷ

1993 3504 2101 3556 τῶν
2130 3504 2344 3557 οἰκείων
2364 3504 2564 3558 πόνων.
2594 3505 2684 3576 Μὴ
2713 3505 2823 3576 γὰρ
2852 3504 2916 3575 δὴ
2938 3505 3046 3559 ἀπὸ
3074 3504 3174 3574 τῆς
3205 3507 3477 3577 ἁμαρτίας
3504 3507 3686 3577 μόνον,

1997 3598 2131 3652 ἀλλά
2170 3600 2264 3653 καὶ
2301 3599 2410 3653 ἀπὸ
2448 3601 2547 3670 τῆς
2575 3601 2778 3671 ἀρετῆς
2820 3601 3101 3669 δείξωμεν,
3139 3604 3223 3654 ὅτι
3256 3603 3584 3673 ἀμφοτέρων
3618 3598 3690 3675 ῆν

1995 3696 2413 3766 ἐπιστημονικὸς
2438 3698 2465 3749 6
2496 3696 2799 3767 ἄνθρωπος.
2826 3697 2947 3750 Ὅτι
2979 3698 3079 3767 μὲν
3102 3693 3195 3751 οὖν
3225 3698 3343 3769 ᾔδει
3376 3699 3476 3770 τὴν
3504 3700 3689 3772 ἀμαρ-

1994 3795 2114 3847 τίαν
2137 3794 2303 3848 κακὸν
2347 3794 2406 3848 δν
2451 3797 2480 3848 ό
2526 3795 2833 3867 ἄνθρωπος,
2865 3796 3063 3863 ἔδειξεν
3095 3799 3125 3850 6
3164 3798 3357 3869 Ἀδάμ·
3386 3801 3468 3853 ὅτι
3499 3800 3554 3853 δέ
3592 3799 3690 3855 καὶ

1993 3890 2091 3962 τὴν
2120 3893 2319 3964 ἀρετὴν
2347 3893 2614 3962 ἠπίστατο
2641 3893 2806 3947 καλὸν
2838 3894 2918 3959 δν,
2960 3895 3197 3967 ἐδήλωσε
3227 3896 3389 3950 πάλιν
3432 3897 3461 3948 6
3498 3898 3686 3955 Ἀϐελ.

1999 3988 2072 4039 Οὐ
2100 3986 2209 4058 γάρ
2237 3988 2390 4057 παρά
2429 4005 2574 4051 τινος
2616 3987 2826 4058 μαθὼν,
2862 3990 2983 4044 οὐδὲ
3030 3991 3195 4061 νόμου
3248 3992 3378 4062 περὶ
3419 3994 3691 4064 ἀπαρχῶν

1997 4082 2376 4154 διαλεγομένου
2406 4084 2526 4136 τότε
2558 4084 2818 4148 ἀκούσας,
2870 4087 2984 4139 ἀλλ’
3012 4088 3222 4142 οἴκοθεν
3268 4090 3363 4143 καὶ
3398 4091 3550 4163 παρά
3592 4092 3687 4145 τοῦ

1998 4178 2297 4240 συνειδότος
2324 4177 2588 4245 διδαχθεὶς
2618 4179 2717 4249 τὴν
2763 4180 2954 4233 θυσίαν
2998 4183 3216 4254 ἐκείνην
3261 4185 3550 4256 ἀνήνεγκε.
3587 4186 3689 4239 Διά

1994 4273 2151 4325 τοῦτο
2181 4273 2243 4324 οὐ
2272 4273 2564 4344 καταφέρω
2604 4277 2755 4328 κάτω
2795 4276 2885 4329 τὸν
2934 4277 3114 4347 λόγον,
3142 4280 3258 4333 ἀλλ’
3287 4282 3379 4334 ἐπὶ
3412 4282 3517 4335 τῶν
3544 4300 3683 4354 προ·

1995 4360 2167 4429 τέρων
2197 4359 2357 4412 αὑτὸν
2395 4360 2698 4432 ἀνθρώπων
2741 4365 3024 4435 γυμνάξω,
3056 4368 3142 4419 ὅτε
3164 4367 3317 4421 οὔπω
3360 4370 3683 4441 γράμματα,

1996 4457 2118 4509 οὔτε
2145 4456 2328 4526 νόμος,
2357 4456 2479 4509 οὔτε
2512 4460 2788 4530 προφῆται
2832 4462 2925 4514 καὶ
2969 4463 3241 4529 δικασταὶ,
3288 4466 3425 4519 άλλά
3470 4468 3629 4538 μόνος
3656 4470 3687 4523 6

2012 4553 2182 4623 Ἀδὰμ
2212 4553 2351 4624 μετά
2378 4553 2485 4606 τῶν
2526 4556 2729 4607 παίδων
2758 4552 2844 4627 ἦν,
2893 4558 2978 4610 ἵνα
3007 4560 3186 4631 μάθῃς
3213 4562 3294 4614 ὅτι
3336 4563 3393 4615 ἐν
3422 4567 3487 4634 τῇ
3524 4563 3687 4633 φύσει

2001 4649 2364 4719 προαπέκειτο
2399 4648 2505 4702 τῶν
2532 4649 2711 4702 καλῶν
2736 4652 2829 4703 καὶ
2860 4654 2967 4705 τῶν
2997 4656 3057 4707 ού
3105 4657 3363 4713 τοιούτων
3404 4662 3682 4731 ήγνῶσις.

1999 4746 2167 4797 Πόθεν
2195 4746 2301 4816 γάρ
2327 4746 2525 4817 ἔμαθεν
2562 4747 2641 4799 ὅτι
2686 4749 2847 4802 καλὸν
2877 4751 2937 4803 τὸ
2963 4756 3299 4827 προσφέρειν
3326 4760 3353 4811 6
3386 4760 3571 4826 Ἀϐελ,
3604 4763 3685 4817 ὅτι

1998 4840 2159 4892 καλὸν
2189 4840 2248 4893 τὸ
2272 4844 2435 4912 τιμᾷν
2475 4842 2564 4895 τὸν
2593 4843 2724 4897 Θεὸν
2768 4846 2863 4899 καὶ
2902 4849 3247 4921 εὐχαριστεῖν
3278 4857 3335 4908 ἐν
3367 4857 3537 4911 ἅπασι
3568 4877 3582 4919 ς
3621 4859 3687 4914 Τί

1998 4933 2161 5005 οὗν;δ
2210 4939 2369 5005 Κάῐν,
2411 4941 2596 5010 φησὶν,
2644 4943 2707 4996 ού
2763 4948 3147 5017 προσήνεγκε;
3191 4952 3539 5023 Προσήνεγκε
3586 4958 3687 5028 μὲν

1999 5038 2095 5089 καὶ
2126 5033 2301 5104 οὗτος,
2330 5040 2444 5092 ἀλλ’
2478 5042 2575 5112 οὐχ
2602 5044 2821 5113 ὁμοίως.
2854 5047 3161 5102 Κάντεῦθεν
3206 5050 3262 5102 δέ
3314 5053 3477 5104 πάλιν
3511 5056 3542 5125 ἡ
3592 5056 3686 5110 τοῦ

2000 5136 2301 5201 συνειδότος
2340 5138 2589 5206 φαίνεται
2634 5140 2863 5207 γνῶσις·
2904 5144 3088 5213 ἐπειδὴ
3130 5145 3238 5216 γὰρ
3282 5146 3361 5216 τῷ
3401 5151 3688 5221 τιμηθέντι

2004 5230 2281 5304 βασκήνας
2314 5236 2441 5304 περὶ
2467 5236 2684 5307 σφαγῆς
2712 5239 3046 5304 ἐϐουλεύετο,
3077 5239 3311 5309 κρύπτει
3337 5245 3437 5315 τὴν
3464 5246 3689 5316 δολερὰν

2002 5328 2248 5398 γνώμην.
2290 5330 2399 5383 Καὶ
2436 5330 2489 5383 τί
2540 5349 2707 5402 φησι;
2750 5333 2950 5399 Δεῦρο,
2993 5334 3334 5405 ἐξέλθωμεν
3365 5342 3452 5403 είς
3481 5340 3547 5391 τὸ
3584 5358 3687 5394 πε-

2002 5423 2152 5477 δίον.
2184 5424 2413 5497 Ἕτερον
2443 5427 2500 5480 :6
2530 5429 2734 5498 σχῆμα,
2784 5429 3185 5502 φιλοφροσύνης
3223 5432 3331 5505 γὰρ
3376 5436 3409 5502 ή
3454 5435 3687 5505 ὑπόκρι-

2006 5538 2115 5587 σις·
2144 5523 2237 5576 καὶ
2267 5524 2326 5577 τὸ
2357 5526 2609 5597 φρόνημα
2640 5526 2845 5593 ἕτερον,
2894 5527 3313 5598 ἀδελφοκτονίας
3346 5530 3454 5601 γάρ
3480 5533 3512 5602 ἡ
3544 5531 3687 5599 γνώο

2006 5638 2102 5692 μη.
2136 5622 2330 5676 Καίτοι
2357 5626 2403 5676 εἰ
2437 5624 2511 5695 μὴ
2555 5625 2724 5678 κακὸν
2750 5624 2866 5695 ᾔδει
2909 5626 2971 5679 1:6
3015 5627 3282 5698 βούλημα,
3325 5628 3472 5693 τίνος
3499 5631 3687 5683 ἕνεκεν

2068 5852 2089 5878 π
2125 5849 2208 5919 Sic
2229 5850 2651 5919 Savil._ct_omne_s
2674 5866 2806 5916 pene
2830 5869 2967 5917 mss,
2993 5862 3140 5918 atque
3166 5854 3230 5906 ila
3263 5857 3386 5919 legit
3411 5857 3675 5916 interpres.

2004 5909 2180 5978 Μαι-ξι,
2210 5926 2329 5978 {ero
2347 5917 2431 5971 τὴν
2454 5909 2706 5978 ἁμαρτίαν.

2010 6044 2022 6053 .
2040 5972 2343 6099 ςάἡὸᾷὲιᾶιεί
2363 5972 2569 6040 quidiun'
2584 5991 2700 6027 mss.
2723 5979 2802 6043 ἀφ’
2822 5978 2877 6039 ἧς
2897 5983 2924 6039 ἡ
2944 5984 3201 6046 γύμνωσιτ.
3224 5979 3395 6031 non."
3422 5982 3473 6030 et
3496 5974 3579 6029 ιω
3600 5976 3677 6039 ἄν,

2010 6059 2029 6099 η
2292 6055 2325 6094 ς.

2002 6059 2029 6100 νη
2040 6055 2062 6091 ς
2083 6055 2110 6093 η
2140 6055 2325 6099 γνωσις.
