4414 6678
717 465 824 520 133

713 576 848 630 αὐτὸ
875 575 1196 639 συνεσκίαζε
1223 592 1240 640 ;
1274 577 1384 630 Καὶ
1413 577 1552 646 μετά
1583 579 1644 630 τὸ
1666 579 1918 648 γενέσθαι
1951 581 2044 636 τὸν
2067 582 2250 650 φόνον,
2281 580 2383 637 πά-

711 668 794 720 λιν
825 664 1176 736 ἐρωτώμενος
1209 666 1316 720 ὑπὸ
1341 665 1433 719 τοῦ
1477 666 1634 731 Θεοῦ,
1689 667 1812 723 Ποῦ
1850 671 2020 723 Ἅϐελ
2057 673 2092 724 ό
2119 669 2384 738 ἀδελφός

711 768 868 816 σου;
894 752 1060 822 φησίν
1079 768 1092 782 ·
1128 755 1250 807 Οὐκ
1281 749 1411 806 οῖδα
1429 767 1445 783 ·
1474 752 1562 821 μὴ
1591 755 1794 822 φύλαξ
1824 755 1932 810 τοῦ
1966 757 2237 826 ἀδελφοῦ
2259 773 2380 825 μου

708 841 822 910 ειμι
856 838 1007 909 6716;
1035 839 1192 903 Τίνος
1224 839 1332 910 γὰρ
1361 839 1548 894 ἕνεκεν
1583 843 1825 913 ἀρνεῖται
1848 857 1863 904 ;
1889 843 1992 895 οὐκ
2037 843 2258 913 εὔδηλον
2299 843 2382 895 6::

709 925 1136 992 καταγινώσκων
1182 925 1382 996 σφόδρα
1435 928 1669 991 ἐαυτοῦ;
1707 928 1918 998 ’Ὠσπερ
1963 928 2072 998 γὰρ
2122 929 2152 980 6
2198 927 2382 999 πατὴρ

708 1011 876 1066 αὐτοῦ
921 1011 1151 1082 ἐκρύϐη,
1199 1011 1342 1065 οῦτω
1380 1015 1472 1066 καὶ
1513 1010 1666 1076 οὗτος
1698 1015 1970 1084 ἀρνεῖται·
2002 1016 2096 1068 καὶ
2126 1015 2264 1084 μετά
2290 1015 2381 1069 τὸν

706 1097 927 1166 ἔλεγχον
960 1095 1122 1149 πάλιν
1160 1097 1324 1168 φησί·
1359 1099 1582 1158 Μείζων
1611 1101 1648 1166 ἠ
1675 1100 1836 1153 αίτία
1861 1119 1984 1169 μου
2024 1100 2128 1154 τοῦ
2158 1098 2382 1168 ἀφεθῆ-

705 1185 806 1238 ml
835 1199 930 1251 με.
970 1183 1108 1238 ⁹Δλλ’
1139 1187 1170 1238 6
1203 1184 1404 1255 Ἕλλην
1439 1184 1539 1237 οὐκ
1575 1185 1826 1255 ἀνέχεται
1857 1186 2080 1240 τούτων.
2119 1187 2257 1258 Φέρε
2285 1182 2379 1239 οὐν

703 1270 802 1324 καὶ
826 1270 960 1341 πρὸς
981 1272 1186 1324 ἐκεῖνον
1211 1270 1598 1342 διαλεχθῶμεν,
1621 1274 1713 1326 καὶ
1740 1275 1879 1345 ὅπερ
1907 1275 1998 1326 ἐπὶ
2020 1274 2120 1344 τῆς
2148 1273 2380 1335 κτίσεως

703 1355 1060 1426 ἐποιήσαμεν,
1091 1356 1190 1409 οὐκ
1214 1357 1322 1410 ἀπὸ
1353 1356 1464 1410 τῶν
1508 1358 1741 1430 Γραφῶν
1769 1361 1948 1430 μόνον,
1975 1359 2109 1413 άλλά
2138 1359 2234 1412 καὶ
2270 1359 2380 1412 ἀπὸ

703 1438 976 1509 λογισμῶν
1005 1442 1131 1504 τοὺς
1164 1441 1303 1511 πρὸς
1329 1443 1570 1508 ἐκείνους
1606 1447 1924 1515 κινήσαντες
1951 1445 2188 1512 ἀγῶνας,
2220 1443 2380 1497 τοῦτο

703 1529 798 1580 καὶ
827 1529 919 1581 ἐπὶ
945 1527 1039 1581 τοῦ
1069 1530 1368 1594 συνειδότος
1393 1532 1633 1601 ποιῶμεν
1660 1532 1756 1584 νῦν
1774 1548 1789 1562 ·
1820 1532 1916 1584 καὶ
1955 1532 2066 1603 γάρ
2099 1532 2194 1584 καὶ
2221 1530 2380 1584 τοῦτο

697 1613 761 1666 τὸ
793 1615 1084 1685 κεφάλαιον
1108 1619 1136 1670 6
1160 1617 1367 1680 Παῦλος
1392 1617 1609 1688 ἐκίνησε
1630 1617 1766 1688 πρὸς
1789 1617 2028 1683 ἐκείνους
2052 1618 2380 1688 ἀγωνιζόμε-

699 1717 810 1764 νος.
838 1701 903 1753 Τί
919 1703 1038 1755 ποτ’
1053 1697 1146 1757 οῦν
1171 1705 1314 1757 ἐστιν
1333 1704 1360 1755 δ
1375 1703 1642 1773 λέγουσιν;
1660 1705 1775 1758 Οὐκ
1799 1705 1946 1758 ἐστιν
1962 1706 2093 1778 ἡμῖν
2107 1703 2375 1759 αὐτοδίδα·

699 1804 826 1850 κτος
849 1789 1010 1859 νόμος
1030 1792 1087 1842 ὲν
1111 1790 1187 1861 τῷ
1211 1791 1491 1855 συνειδότι,
1515 1794 1670 1864 φησι,
1695 1793 1964 1864 κείμενος,
1980 1777 2101 1846 οὐδὲ
2125 1795 2190 1862 τῇ
2216 1791 2376 1862 φύσει

695 1873 851 1928 τοῦτο
883 1875 1252 1948 ἐγκατέθηκεν
1293 1880 1322 1932 6
1353 1878 1506 1942 Θεός.
1549 1879 1718 1932 Πόθεν
1749 1876 1862 1945 οῦν,
1904 1879 2025 1932 είπέ
2060 1896 2171 1948 μοι,
2211 1878 2373 1931 πόθεν

697 1962 824 2031 περὶ
850 1949 1228 2036 γάμον,”ττερὶ
1254 1967 1448 2034 φόνων,
1481 1966 1608 2034 ’περὶ
1634 1964 1925 2034 διαθηκῶν,
1959 1963 2087 2034 περὶ
2120 1981 2372 2034 παρακα-

691 2048 968 2118 ταθηκῶν,
998 2052 1126 2121 περὶ
1157 2050 1248 2103 τοῦ
1286 2050 1360 2120 μὴ
1397 2050 1734 2103 πλεονεκτεῖν
1775 2049 2059 2121 ἀλλήλους,
2105 2051 2235 2120 περὶ
2276 2069 2372 2120 μυ-

695 2135 826 2204 ρίων
850 2137 1051 2206 ἐτέρων
1073 2137 1268 2206 νόμους
1304 2137 1548 2207 ἔγραψαν
1584 2139 1634 2190 οἱ
1676 2138 1805 2207 παρ’
1835 2137 2016 2200 αὐτοῖς
2050 2136 2368 2206 νομοθέται;

691 2217 851 2275 06:0:
877 2225 974 2294 μὲν
996 2224 1101 2293 γάρ
1128 2224 1177 2275 οἱ
1205 2223 1299 2276 νῦν
1321 2225 1451 2286 ἴσως
1470 2229 1616 2296 παρά
1639 2226 1744 2278 τῶν
1768 2225 1999 2298 πρώτων
2029 2227 2249 2298 ἔμαθον,
2275 2230 2370 2280 καὶ

689 2312 884 2364 ἐκεῖνοι
917 2310 1072 2382 παρὰ
1110 2310 1220 2364 τῶν
1253 2313 1551 2382 προτέρων,
1594 2315 1686 2366 καὶ
1722 2313 1873 2383 παρὰ
1907 2314 2014 2366 τῶν
2055 2315 2168 2367 ἀνω
2208 2315 2368 2368 πάλιν

687 2391 869 2452 οὗτοι·
903 2401 954 2452 οἱ
989 2398 1046 2452 δὲ
1084 2397 1144 2464 ἐξ
1179 2399 1356 2469 ἀρχῆς
1401 2400 1496 2452 καὶ⁸
1538 2400 1742 2470 πρῶτοι
1791 2401 1919 2470 παρ’
1949 2401 2129 2463 αὐτοῖς
2169 2401 2366 2472 νόμους

689 2483 894 2549 θέντες,
923 2485 1076 2556 παρὰ
1113 2485 1257 2548 τίνος
1299 2485 1537 2555 ἐμαθονς
1569 2487 1670 2538 οὐκ
1703 2485 1921 2554 εὔδηλον
1956 2488 2038 2540 6::
2079 2489 2230 2558 παρά
2269 2487 2362 2541 τοῦ

689 2573 1020 2636 συνειδότος;
1060 2573 1122 2626 οὐ
1161 2573 1272 2644 γὰρ
1299 2573 1364 2626 ἂν
1405 2575 1579 2642 ἔχοιεν
1622 2575 1794 2627 εἰπεῖν
1831 2575 1911 2627 6::
1966 2576 2189 2628 Μωῦσεῖ
2241 2593 2364 2628 συν-

685 2660 951 2727 εγένοντο,
997 2662 1078 2714 6::
1122 2659 1415 2731 προφητῶν
1466 2661 1732 2730 ἣκουσιν·
1782 2660 1895 2724 πῶς
1949 2661 2058 2732 γὰρ
2104 2662 2364 2733 Ἕλληνες

683 2745 872 2811 ὕντες;
915 2747 1054 2800 Ἀλλ’
1085 2747 1305 2818 εὔδηλον
1350 2748 1430 2800 6::
1484 2748 1592 2800 ἀπὸ
1632 2747 1726 2800 τοῦ
1767 2748 1935 2818 νόμου
1981 2748 2040 2800 ὃν
2093 2748 2290 2818 ἔθηκεν
2337 2754 2366 2803 ὁ

683 2833 819 2897 Θεὸς
841 2834 919 2904 τῷ
945 2833 1235 2905 ἀνθρώπῳ,
1268 2834 1326 2898 ἐξ
1369 2835 1539 2903 ἀρχῆς
1572 2835 1736 2887 αὐτὸν
1777 2835 2045 2898 πλάττων,
2089 2838 2196 2890 ἀπὸ
2240 2839 2363 2889 τού-

681 2936 776 2973 του
807 2922 899 2974 καλ⁵
924 2923 1120 2990 νόμους
1145 2922 1368 2991 ἔθηκαν,
1404 2923 1496 2973 καὶ
1521 2922 1714 2991 τέχνας
1739 2921 1981 2992 εὕροντο,
2009 2925 2104 2976 καὶ
2135 2925 2203 2977 τὰ
2229 2925 2364 2977 ἀλλα

683 3009 879 3063 πάντα.
915 3011 1024 3062 Καὶ
1055 3010 1162 3080 γὰρ
1186 3011 1280 3062 καὶ
1307 3011 1362 3061 αί
1395 3010 1578 3078 τέχναι
1620 3008 1762 3062 οὕτω
1792 3010 2126 3081 συνέστησαν
2154 3012 2264 3063 τῶν
2302 3012 2360 3078 ἐξ

683 3098 858 3168 ἀρχῆς
895 3095 1289 3158 αὐτοδιδάκτως
1327 3097 1413 3147 ἐπ’
1444 3098 1615 3160 αὐτὰς
1645 3097 1904 3151 ἐλθόντων
1924 3115 1936 3128 ·
1965 3097 2108 3152 οὕτω
2143 3099 2238 3153 καὶ
2280 3099 2360 3151 δι-

681 3186 954 3254 καστήρια
997 3183 1205 3252 γέγονε,
1249 3183 1392 3236 οῦτω
1429 3186 1522 3238 καὶ
1559 3185 1808 3248 κολάσεις
1855 3185 2187 3256 ώρίσθησαν,
2225 3187 2363 3256 ὅπερ

679 3269 773 3325 οὖν
807 3273 899 3325 καὶ
934 3274 963 3325 6
997 3270 1147 3343 [130]
1177 3271 1388 3334 Παῦλός
1428 3289 1611 3342 φησιν.
1655 3272 1872 3343 Ἐπειδὴ
1902 3273 2011 3343 γάρ
2040 3273 2225 3326 πολλοὶ
2252 3273 2363 3326 τῶν

693 3359 957 3430 Ἑλλήνων
985 3358 1286 3428 ἀντιλέγειν
1323 3357 1566 3428 ἔμελλον,
1599 3359 1694 3412 καὶ
1732 3359 1910 3427 λέγειν
1941 3361 2045 3423 6::,
2073 3361 2199 3423 Πῶς
2234 3378 2361 3432 κρι-

680 3450 761 3500 νεῖ
782 3449 811 3500 6
839 3447 972 3510 Θεὸς
1011 3447 1138 3509 τοὺς
1166 3445 1486 3516 ἀνθρώπους
1513 3447 1639 3508 τοὺς
1671 3448 1777 3517 πρὸ
1811 3449 2126 3514 Μωῦσέωςς
2174 3449 2236 3501 οὐ
2274 3466 2362 3500 νο-

681 3535 914 3605 μοθέτην
959 3533 1226 3603 ἐπεμψεν,
1263 3534 1326 3586 οὐ
1373 3533 1534 3599 νόμον
1576 3536 1911 3604 εἰσήνεγκεν,
1955 3536 2016 3588 οὐ
2072 3537 2360 3606 προφήτην

677 3622 1014 3684 ἀπέστειλεν,
1041 3623 1142 3674 οὐκ
1175 3621 1493 3681 ἀπῦστολον,
1524 3621 1624 3673 οὐκ
1657 3621 2079 3693 εὐαγγελιστήν·
2119 3624 2238 3686 πῶς
2266 3621 2360 3677 οὖν

679 3709 908 3774 εὐθύνας
944 3709 1203 3772 ἀπαιτεῖ;
1236 3706 1560 3777 βουλόμενος
1586 3709 1614 3760 6
1642 3709 1851 3772 Παῦλος
1866 3710 2053 3776 δεῖξαι,
2083 3712 2164 3764 6::
2198 3713 2360 3765 αὐτο-

676 3797 923 3850 δίδακτον
965 3792 1111 3866 είχον
1147 3795 1330 3864 νόμον,
1379 3795 1472 3846 καὶ
1506 3795 1573 3848 τὰ
1619 3797 1866 3866 πρακτέα
1906 3800 2093 3866 σαςςῶς
2135 3799 2352 3869 ⁴ᾔδεσαν,

677 3887 907 3939 ὁνκοδσον
936 3884 1053 3946 πῶς
1082 3900 1276 3954 φησιν·
1313 3885 1492 3936 Ὅταν
1525 3882 1632 3952 γὰρ
1673 3884 1855 3952 ἔθνη,
1910 3886 1983 3939 τὰ
2023 3886 2109 3955 μὴ
2167 3889 2358 3956 νόμον

676 3973 916 4041 ἔχοντα.
949 3973 1129 4040 φύσει
1168 3972 1239 4024 τὰ
1288 3970 1394 4025 τοῦ
1429 3972 1618 4040 νόμου
1649 3969 1816 4040 ποιῇ,
1846 3968 2009 4028 οὗτοι
2051 3976 2240 4042 νόμον
2270 3975 2354 4043 μὴ

676 4059 920 4126 ἔχοντες
971 4059 1205 4125 ἑαυτοῖς
1246 4062 1365 4114 εἱσι
1411 4062 1617 4130 νόμος,
1666 4060 1886 4124 οἵτινες
1940 4059 2357 4114 ἐνδείκνυνται

675 4146 746 4200 τὸ
771 4146 948 4216 ἔργον
966 4147 1072 4200 τοῦ
1096 4149 1284 4215 νόμου
1311 4149 1574 4216 γραπτὸν
1591 4149 1661 4201 ἐν
1682 4147 1808 4212 ταῖς
1834 4145 2108 4215 καρδίαις
2135 4146 2352 4202 αὐτῶν.

640 4247 642 4249 ‘
679 4233 802 4296 Πῶς
831 4235 999 4304 χωρὶς
1028 4235 1408 4304 γραμμάτων;
1439 4234 1991 4303 Σινμμαρτυρούσης
2022 4233 2220 4287 αὐτῶν
2244 4233 2357 4301 τῆς

677 4320 1087 4386 συνειδήσεως
1136 4322 1235 4375 καί
1273 4320 1503 4390 μεταξὺ
1558 4319 1850 4387 ἀλλήλων
1897 4318 2017 4374 τῶν
2047 4321 2357 4390 ,λογισμῶν

676 4409 1186 4476 κατηγορούντων,
1229 4409 1268 4477 ἢ
1324 4410 1418 4462 καὶ
1475 4409 1977 4478 ἀπολογουμένων
2022 4409 2093 4461 ἐν
2143 4408 2354 4478 ἡμέρᾳ,

673 4494 774 4549 ὅτε
807 4496 998 4564 κρινεῖ
1026 4500 1057 4550 ό
1097 4497 1242 4562 Θεὸς
1282 4497 1354 4550 τὰ
1394 4496 1629 4564 κρυπτὰ
1679 4494 1797 4548 τῶν
1840 4496 2168 4564 ἀνθρώπων
2204 4497 2355 4551 κατὰ

674 4583 742 4637 τὸ
787 4582 1141 4653 εὐαγγέλιόν
1174 4601 1293 4651 μου
1334 4582 1428 4636 διὰ
1466 4582 1662 4650 Ἰησοῦ
1698 4583 1985 4651 Χριστοῦ·
2022 4585 2118 4637 καὶ
2156 4584 2350 4637 πάλιν·

675 4669 840 4724 Ὅσοι
878 4672 989 4740 γὰρ
1035 4671 1270 4739 ἀνόμως·
1309 4669 1589 4738 ἥμαρτον,
1641 4670 1874 4739 ἀνόμως
1912 4672 2007 4725 καί
2045 4672 2352 4726 ἀπολοῦν-

672 4775 798 4815 ται·
833 4759 930 4812 καὶ
969 4757 1105 4811 ὅσοι
1150 4757 1222 4810 ἐν
1264 4757 1427 4824 νόμῳ
1469 4755 1758 4825 ἥμαρτον,
1793 4757 1892 4811 διὰ
1922 4759 2110 4828 νόμου
2148 4759 2352 4828 κριθή-

672 4861 906 4900 σονται.
935 4847 1000 4899 Τί
1031 4849 1198 4912 ἐστιν,
1237 4845 1487 4914 Ἁνόμως
1515 4844 1917 4909 ἀπολοῦνται;
1955 4847 2091 4917 Οὐχὶ
2131 4847 2225 4900 τοῦ
2268 4849 2354 4901 νό-

675 4951 779 5006 μου
825 4933 1272 5006 κατηγοροῦντος,
1303 4931 1438 4985 ἀλλὰ
1490 4931 1597 4984 τῶν
1640 4931 1916 5003 λογισμῶν
1955 4934 2049 4986 καὶ
2088 4934 2184 4987 τοῦ
2231 4951 2355 4988 συν-

674 5021 892 5084 ειδότος.
949 5023 1011 5075 El
1051 5021 1107 5074 δέ
1148 5021 1224 5090 μὴ
1269 5015 1412 5090 εἶχον
1441 5019 1603 5088 νόμον
1637 5020 1728 5072 τὸν
1754 5021 1847 5074 τοῦ
1877 5021 2200 5088 συνειδότος,
2234 5024 2354 5077 οὐδὲ

673 5111 970 5164 ἀπολέσθαι
1009 5110 1210 5172 αὐτοὺς
1236 5110 1647 5180 ἁμαρτάνοντας
1675 5109 1780 5163 ἔδει
1801 5126 1814 5138 ·
1848 5111 1966 5174 πῶς
1993 5111 2123 5182 γάρ,
2155 5114 2204 5166 εί
2233 5114 2355 5166 ἀνό-

676 5217 792 5269 μως
817 5199 1098 5269 ἤμαρτον;
1151 5196 1290 5249 Ἀλλ’
1315 5197 1550 5266 ἀνόμως
1576 5201 1703 5252 ὅταν
1731 5200 1880 5270 εἴπῃ,
1909 5201 1970 5253 οὐ
2001 5201 2160 5254 τοῦτο
2187 5200 2352 5270 λέγει,

671 5287 753 5338 6::
783 5289 883 5339 οὐκ
915 5284 1056 5356 εἶχον
1083 5289 1266 5359 νόμον,
1301 5287 1416 5341 ἀλλ’
1445 5289 1527 5342 6::
1566 5287 1666 5341 οὐκ
1709 5284 1853 5358 εἶχον
1885 5290 2046 5359 νόμον
2084 5289 2354 5360 γραπτὸν,

671 5373 763 5427 τὸν
793 5374 850 5426 δέ
881 5375 982 5444 τῆς
1014 5375 1227 5444 φύσεως
1264 5377 1427 5446 νόμον
1473 5373 1638 5447 εἶχον.
1698 5377 1806 5429 Καὶ
1851 5377 2040 5431 πάλιν·
2081 5379 2236 5442 Δόξα
2262 5377 2354 5442 δὲ,

670 5463 771 5514 καὶ
808 5462 967 5530 τιμὴ.
1004 5465 1101 5517 καί
1133 5463 1340 5533 εἰρήνη
1373 5465 1552 5518 παντὶ
1594 5462 1676 5531 τῷ
1707 5463 2074 5536 ἐργαζομένῳ
2118 5468 2183 5520 τὸ
2211 5467 2358 5536 ἀγα-

667 5551 803 5614 θὸν,
846 5550 1101 5615 Ἰουδαίῳ
1124 5568 1188 5605 τε
1213 5552 1450 5620 πρῶτον
1477 5554 1574 5607 καὶ
1603 5555 1879 5623 Ἕλληνι.

741 5655 930 5710 Ταῦτα
968 5656 1024 5709 δὲ
1059 5656 1210 5725 ἔλεγε
1255 5658 1381 5728 περὶ
1424 5658 1532 5714 τῶν
1570 5659 1682 5713 ἄνω
1724 5661 1930 5730 χρόνων
1971 5659 2354 5732 διαλεγόμενος

668 5744 779 5799 τῶν
809 5743 915 5818 πρὸ
949 5745 1048 5814 τῆς
1079 5745 1380 5815 παρουσίας
1414 5745 1511 5799 τοῦ
1547 5747 1805 5819 Χριστοῦ.
1853 5749 1961 5802 Καὶ
1990 5749 2230 5820 Ἕλληνα
2270 5754 2354 5804 ἐν-

667 5831 845 5888 ταῦθα
896 5832 1054 5886 καλεῖ
1095 5832 1156 5886 οὐ
1203 5834 1292 5886 τὸν
1336 5834 1747 5908 είδωλολάτρην,
1795 5837 1930 5890 ἀλλὰ
1967 5837 2062 5892 τὸν
2116 5855 2356 5911 προσκυ-

669 5921 867 5976 νοῦντα
893 5921 991 5992 μὲν
1021 5921 1112 5974 τὸν
1143 5921 1274 5974 Θεὸν
1308 5921 1489 5993 μόνον,
1523 5924 1622 5976 οὐκ
1666 5925 2006 5996 ἐνδεδεμένον
2043 5927 2100 5980 δὲ
2134 5931 2200 5999 τῇ
2243 5929 2350 5981 τῶν

682 6008 985 6067 malum
1028 6013 1459 6084 παρατηρήσεων
1503 6011 1736 6083 ἀνάγκη,
1778 6014 2167 6085 σαϐὗαῖισμοῖς
2208 6015 2350 6086 λέγω

1465 464 1522 517 S.
1563 463 1854 521 JOANNIS
1885 465 2376 523 CIIBYSOSTOMI
2411 465 2732 525 ARCHIEP.
2773 466 3325 526 CONSTANTINOP.

4059 473 4161 528 ιδι

2491 579 2592 634 καὶ
2615 583 2880 652 περιτομῇ
2925 585 3028 637 καὶ
3057 583 3416 654 καθαρισμοῖς
3443 580 3736 650 διαφόροις,
3763 580 3901 634 ἀλλά
3942 586 4162 650 φιλοσο-

2490 665 2618 734 φίαν
2648 668 2742 721 καὶ
2765 667 3046 720 εὐσέϐειαν
3085 668 3306 722 ἃπασαν
3344 666 3799 736 ἐπιδεικνύμενον.
3842 667 3956 720 Καὶ
3997 670 4165 723 πάλιν

2488 753 2618 822 περὶ
2657 753 2752 807 τοῦ
2800 753 2966 808 αὐτοῦ
3010 752 3394 824 διαλεγόμενός
3435 769 3600 824 φησι·
3644 749 3963 820 Θυμὸςκαι
3987 754 4162 822 ὀργὴ»

2483 835 2689 904 θλῖψις
2717 839 2816 892 καί
2847 839 3216 909 στενοχωρία
3241 839 3343 893 ἐπὶ
3369 839 3578 895 πᾶσαν
3598 836 3808 907 ψυχὴν
3838 836 4163 903 ἀνθρώπου

2483 922 2986 994 κατεργαζομένου
3023 923 3090 977 :6
3121 923 3334 987 κακὸν,
3375 925 3660 980 Ἰουδαίου
3693 939 3756 977 τε
3783 919 4038 990 πρῶτον,
4057 923 4164 976 καὶ

2486 1008 2803 1078 Ἕλληνος.
2834 1010 3004 1066 Πάλιν
3043 1008 3277 1064 ἐνταῦθα
3314 1010 3552 1082 Ἕλληνα
3591 1011 3744 1065 καλεῖ
3784 1009 3876 1063 τὸν
3910 1009 4163 1076 ἀπηλλα-

2482 1095 2682 1166 γμένον
2733 1097 2833 1166 τῆς
2885 1099 3323 1170 παρατηρήσεως
3374 1097 3472 1168 τῆς
3513 1098 3824 1168 Ἰουδαϊκῆς.
3868 1095 3932 1149 Εἰ
3974 1096 4162 1147 τοίνυν

2487 1183 2623 1252 μήτε
2659 1181 2823 1252 νόμου
2863 1183 3098 1252 ήκουσε,
3142 1184 3282 1254 μήτε
3329 1183 3470 1253 μετά
3504 1183 3772 1237 Ἰουδαίων
3817 1182 4160 1251 ἀνεστράφη.

2484 1267 2600 1330 πῶς
2629 1267 2779 1321 ἐσται
2805 1267 2952 1337 αὐτῷ
2981 1267 3154 1338 θυμὸς
3179 1269 3277 1324 καὶ
3303 1269 3443 1340 ὀργὴ
3471 1269 3566 1322 καὶ
3589 1268 3768 1338 θλῖψις
3805 1267 4164 1340 ἐργαζομένῳ

2481 1353 2543 1406 τὸ
2569 1354 2776 1420 κακόν;
2817 1353 3038 1424 Ἐπειδὴ
3079 1355 3320 1419 συνειδὸς
3357 1353 3499 1427 εἶχεν
3540 1356 3687 1410 ἔνδον
3726 1357 3954 1426 ἐνηχοῦν
3981 1353 4161 1424 αὐτῷ,

2484 1438 2579 1491 καὶ
2609 1439 2855 1494 διδάσκον
2885 1438 2980 1492 καὶ
3014 1439 3265 1492 παιδεῦον
3295 1441 3532 1496 ἀπαντα.
3567 1443 3737 1496 Πόθεν
3761 1443 3919 1513 δῆλον
3956 1441 4161 1495 τοῦτοί

2495 1526 2614 1594 Ἀφ’
2634 1521 2711 1580 ὦν
2734 1526 2951 1597 ἐτέρους
2979 1525 3390 1597 ἁμαρτάνοντας
3417 1529 3695 1593 ἐκόλασεν,
3723 1531 3818 1594 ἀφ’
3846 1523 3921 1584 ὧν
3955 1530 4165 1600 νόμους

2481 1610 2698 1680 ἔθηκεν,
2727 1612 2820 1680 ἀφ’
2849 1605 2925 1666 ὧν
2954 1611 3022 1665 τά
3051 1611 3376 1684 δικαστήρια
3402 1613 3645 1670 ἐκάθισε.
3681 1615 3852 1669 Τοῦτο
3881 1617 3991 1686 γάρ
4021 1617 4168 1671 αὐτὸ

2479 1697 2654 1768 δηλῶν
2683 1701 2712 1752 ό
2747 1699 2954 1763 Παῦλος
2992 1699 3142 1767 ἔλεγε
3173 1700 3299 1770 περὶ
3331 1699 3440 1752 τῶν
3477 1701 3537 1752 ἐν
3573 1703 3744 1773 κακία
3774 1703 4021 1767 ζώντων·
4052 1703 4167 1758 οι-

2480 1801 2636 1850 τινες
2673 1785 2738 1838 τὸ
2767 1785 3053 1854 δικαίωμα
3093 1786 3198 1840 τοῦ
3246 1785 3392 1840 Θεοῦ
3438 1785 3807 1853 ἐπιγνόντες,
3851 1789 3938 1842 ὅτι
3975 1794 4028 1844 οί
4079 1793 4167 1846 τὰ

2477 1871 2716 1922 τοιαῦτα
2742 1871 3122 1938 πράσσοντες
3153 1871 3306 1936 ἄξιοι
3339 1871 3601 1928 θανάτου
3640 1875 3820 1938 εἰσιν,
3851 1877 3922 1929 οὐ
3954 1879 4166 1945 μόνον

2474 1955 2627 2008 αὑτὰ
2669 1956 2971 2020 ποιοῦσιν,
3000 1957 3163 2012 ἀλλὰ
3201 1957 3300 2011 καί
3341 1959 3718 2015 συνδοκοῦσι
3747 1973 3774 2002 ι
3805 1961 3927 2028 τοῖς
3956 1963 4166 2029 πράσε-

2474 2057 2676 2095 σουσι.
2723 2044 2832 2096 Καὶ
2869 2043 3032 2098 πόθεν
3079 2045 3335 2116 ᾔδεισαν,
3379 2047 3566 2117 φησὶν,
3611 2048 3693 2100 6::
3747 2048 3958 2118 θέλημα
4005 2050 4163 2103 Θεοῦ

2476 2129 2590 2181 ἐστι
2611 2131 2734 2192 τοὺς
2757 2131 2815 2183 ἐν
2841 2131 3076 2202 πονηρίᾳ
3101 2131 3307 2196 ζῶντας
3328 2131 3544 2203 θανάτῳ
3571 2135 3921 2200 κολάζεσθαι;
3949 2135 4162 2202 πόθεν;

2489 2214 2578 2277 Ἐξ
2607 2209 2680 2270 ὧν
2715 2216 2929 2286 ἐτέρους
2962 2217 3210 2282 ἐδίκαζον
3247 2219 3678 2290 ἁμαρτάνοντας.
3720 2223 3782 2273 Εἰ
3814 2221 3920 2291 γάρ
3955 2223 4029 2293 μὴ
4056 2240 4165 2276 νο-

2476 2301 2655 2370 μίζεις
2693 2303 2860 2354 κακὸν
2899 2303 3038 2357 εἶναι
3078 2305 3170 2357 τὸν
3218 2306 3398 2372 φόνον,
3429 2307 3650 2359 ἐπειδὰν
3684 2307 3854 2379 λάϐῃς
3885 2309 4164 2380 ἀνδροφό-

2471 2400 2579 2445 νον,
2615 2385 2717 2438 ὐπὸ
2749 2389 2815 2456 τῇ
2861 2391 2928 2458 σῃ
2957 2389 3123 2458 ψήφῳ
3158 2388 3232 2459 μὴ
3266 2391 3536 2461 κολάσῃς·
3577 2393 3626 2442 εί
3662 2393 3737 2462 μὴ
3769 2393 4005 2462 νομίζεις
4037 2412 4161 2447 και

2469 2471 2563 2523 κὸν
2596 2468 2736 2526 εἶναι
2779 2473 2840 2526 τὸ
2875 2475 3181 2544 μοιχεύειν,
3222 2475 3442 2529 ἐπειδὰν
3487 2477 3702 2548 ἐμπέσῃ
3754 2479 3958 2548 μοιχὸς,
4003 2481 4161 2547 ἄφες

2466 2559 2629 2614 αὐτὸν
2655 2560 2758 2630 τῆς
2786 2562 3076 2632 τιμωρίας.
3117 2561 3266 2634 [131]
3294 2563 3357 2615 El
3402 2562 3459 2616 δέ
3488 2566 3546 2616 ἐν
3573 2567 3686 2627 τοῖς
3718 2565 3918 2635 ἐτέρων
3960 2566 4160 2636 ἀμαρ-

2467 2648 2675 2714 τήμασι
2716 2648 2811 2700 καὶ
2843 2649 3041 2718 νόμους
3075 2649 3329 2720 γράφεις,
3375 2649 3469 2703 καὶ
3499 2650 3766 2720 τιμωρίας
3794 2649 4010 2720 όρίζεις,
4041 2654 4161 2704 καὶ

2469 2733 2702 2804 ἀκριϐὴς
2730 2731 2781 2787 εἴ
2809 2734 3088 2806 δικαστὴς,
3118 2735 3278 2789 ποίαν
3313 2735 3380 2789 ἂν
3409 2737 3595 2806 σχοίης
3631 2736 3918 2804 ἀπολογίαν
3958 2739 4014 2790 ἐν
4054 2735 4160 2801 οἷς

2469 2820 2630 2878 αὐτὸς
2669 2821 3026 2891 ἁμαρτάνεις,
3065 2821 3240 2889 λέγων
3285 2825 3498 2890 ἀγνοεῖν
3535 2823 3602 2875 :6
3636 2823 3919 2893 πρακτέα;
3957 2824 4161 2894 Ἐμοί-

2467 2921 2688 2973 χευσας,
2729 2907 2822 2958 καὶ
2848 2907 2910 2958 οὐ
2953 2909 3222 2970 κάκεῖνος.
3273 2909 3430 2970 Τίνος
3461 2904 3554 2962 οὖν
3596 2909 3779 2960 ἕνεκεν
3807 2911 4008 2962 ἐκεῖνον
4039 2910 4162 2978 μὲν

2467 2991 2734 3056 κολάζεις,
2763 2993 2956 3046 σαυτὸν
2981 2993 3037 3045 δέ
3070 2992 3398 3062 συγγνώμης
3421 2995 3591 3060 ἀξιοῖς
3616 3012 3630 3058 ;
3662 2996 3725 3048 Εἰ
3752 2997 3860 3065 γὰρ
3890 2995 3961 3066 μὴ
3991 2996 4159 3065 ᾔδεις

2465 3079 2632 3132 κακὸν
2675 3076 2812 3132 εἶναι
2859 3078 2959 3150 τὴν
3003 3080 3247 3150 μοιχείαν
3294 3080 3340 3141 ι,
3384 3080 3508 3133 οὐδὲ
3554 3082 3738 3151 ἕτερον
3783 3082 4158 3151 τιμωρεῖσθαι

2464 3167 2605 3218 ἔδει·
2648 3166 2694 3218 εἰ
2732 3165 2788 3218 δέ
2840 3165 3026 3236 ἕτερον
3061 3167 3159 3236 μὲν
3201 3167 3469 3232 κολάζεις,
3524 3168 3588 3220 σύ
3639 3167 3696 3220 δὲ
3743 3166 3980 3236 νομίζεις
4023 3168 4158 3221 δια-

2466 3253 2687 3320 φεύγειν
2721 3252 2819 3323 τὴν
2874 3254 3114 3317 κόλασιν,
3168 3253 3285 3316 πῶς
3325 3253 3392 3307 ἂν
3434 3253 3546 3323 ἔχοι
3604 3254 3759 3322 λόγον
3803 3254 3910 3306 τῶν
3956 3255 4158 3308 αὐτῶν

2464 3342 2880 3410 ἁμαρτημάτων
2908 3341 2982 3411 μὴ
3013 3340 3110 3403 τὰς
3137 3341 3307 3404 αὐτὰς
3334 3341 3534 3394 διδόναι
3563 3341 3751 3404 δίκας;
3796 3340 3965 3394 Τοῦτο
4005 3341 4156 3409 γοῦν

2464 3431 2596 3482 αὐτο
2649 3426 2896 3496 ἐγκαλῶν
2949 3430 2974 3480 6
3021 3426 3230 3490 Παῦλος
3276 3427 3461 3496 ἔλεγε·
3502 3430 3712 3498 Λογίζη
3743 3429 3810 3481 δὲ
3851 3429 4048 3495 τοῦτο,
4096 3425 4160 3486 ὦ

2463 3515 2756 3584 ἄνθρωπε,
2805 3518 2838 3568 ό
2887 3515 3107 3583 κρίνων
3154 3514 3298 3579 τοὺς
3340 3515 3412 3567 τὰ
3463 3517 3701 3569 τοιαῦτα
3749 3518 4152 3584 πράσσοντας

2466 3603 2562 3653 καὶ
2591 3601 2778 3655 ποιῶν
2803 3603 2975 3664 αὐτὰ,
3008 3601 3095 3652 ότι
3123 3601 3204 3654 σὺ
3227 3601 3493 3670 ἐκφεύξῃ
3522 3602 3587 3655 τὸ
3618 3601 3794 3672 κρῖμα
3821 3603 3926 3657 τοῦ
3954 3604 4112 3658 Θεοῦ
4130 3621 4156 3665 ;

2465 3689 2577 3740 Οὐκ
2608 3691 2720 3741 ἐστι
2740 3687 2917 3754 τοῦτο,
2946 3689 3044 3740 οὐκ
3072 3687 3250 3741 ἐστιν·
3294 3689 3403 3741 ἀπὸ
3445 3689 3553 3760 γὰρ
3585 3689 3682 3758 τῆς
3720 3689 3919 3759 ψήφου,
3949 3691 4151 3758 φησὶν,

2461 3769 2528 3846 ἧς
2566 3775 2800 3846 ἤνεγκας
2829 3774 2947 3828 καθ’
2979 3774 3188 3845 ἐτέρου,
3223 3775 3332 3828 ἀπὸ
3368 3774 3571 3845 ταύτης
3619 3793 3700 3828 σοι
3745 3778 3919 3847 κρινεῖ
3945 3779 3973 3829 6
4006 3777 4156 3841 Θεὸς

2458 3864 2610 3914 τότε·
2641 3862 2702 3914 οὐ
2727 3863 2835 3933 γὰρ
2882 3861 3053 3932 δήπου
3105 3861 3168 3914 σὺ
3207 3861 3306 3931 μὲν
3345 3860 3571 3925 δίκαιος,
3599 3863 3628 3914 6
3672 3862 3729 3914 δέ
3771 3861 3902 3925 Θεὸς
3934 3862 4148 3922 ἄδικος.

2461 3951 2523 4002 Εἰ
2550 3950 2656 4019 γὰρ
2687 3949 2751 4001 σύ
2782 3948 2843 4000 οὐ
2879 3949 3140 4018 περιορᾷς
3181 3947 3367 4011 ἕτερον
3398 3947 3770 4018 ἀδικούμενον,
3802 3949 3918 4012 πῶς
3954 3951 3984 4002 6
4008 3948 4154 4011 Θεὸς

2463 4035 2812 4106 περιόψεταις
2842 4035 2890 4086 εἰ
2925 4035 2988 4086 σύ
3016 4033 3245 4104 διορθοῖς
3275 4035 3344 4087 τά
3375 4036 3577 4105 ἐτέρων
3601 4035 3999 4104 ἁμαρτήματα,
4026 4035 4152 4098 πῶς

2459 4125 2487 4175 6
2517 4123 2649 4184 Θεὸς
2687 4123 2748 4174 οὐ
2781 4119 3132 4191 διορθώσεταί
3163 4137 3258 4184 σε;
3289 4121 3353 4173 El
3391 4120 3446 4174 δέ
3472 4122 3532 4173 οὐ
3567 4121 3719 4190 παρά
3756 4121 3921 4183 πόδας
3943 4121 4155 4186 ἐπάγει

2461 4227 2542 4262 σοι
2563 4210 2661 4279 τὴν
2682 4209 2974 4281 τιμωρίαν,
2999 4208 3074 4278 μὴ
3097 4207 3287 4278 θάρρει
3310 4207 3395 4260 διὰ
3421 4207 3596 4268 τοῦτο,
3621 4208 3756 4261 ἁλλά
3780 4207 3945 4277 φοϐοῦ
3968 4207 4156 4278 μειζό-

2459 4313 2584 4358 νως.
2615 4295 2771 4348 Οὐτω
2794 4295 2887 4348 καὶ
2916 4295 3126 4358 Παῦλος
3152 4293 3403 4348 ἐκέλευσε
3429 4293 3630 4362 λέγων·
3658 4298 3732 4349 Ἠ
3747 4295 3854 4348 τοῦ
3873 4296 4152 4350 πλούτου

2460 4381 2568 4450 τῆς
2596 4387 3006 4452 χρηστότητος
3035 4381 3222 4436 αὐτοῦ
3257 4381 3353 4434 καί
3383 4379 3488 4448 τῆς
3513 4381 3743 4450 ἀνοχῆς
3769 4382 3864 4435 καί
3901 4381 4011 4449 τῆς
4034 4400 4152 4452 μα-

2460 4471 2780 4538 κροθυμίας
2804 4468 3215 4538 καταφρονεῖς,
3246 4466 3482 4536 ἀγνοῶν
3506 4467 3594 4521 ὅτι
3629 4468 3696 4521 τὸ
3727 4469 4000 4537 χρηστὸν
4035 4470 4150 4524 τοῦ

2462 4557 2608 4610 Θεοῦ
2650 4560 2738 4622 είς
2753 4555 3080 4626 μετάνοιάν
3118 4570 3193 4609 σε
3231 4555 3395 4625 ἄγευ
3424 4557 3521 4610 Διά
3547 4557 3655 4625 γὰρ
3683 4555 3841 4608 τοῦτο
3866 4557 4148 4626 ἀνέχεται.

2460 4645 2644 4712 φησιν,
2665 4645 2764 4713 οὐχ
2785 4645 2872 4696 ἵνα
2890 4645 3086 4714 χείρων
3103 4643 3256 4714 γένῃ,
3287 4644 3400 4696 ἀλλ’
3423 4643 3508 4697 ἴνα
3533 4643 3888 4712 μετανοήσῃς·
3913 4646 3961 4696 εἰ
3986 4644 4044 4695 δὲ
4067 4645 4149 4714 μὴ

2461 4731 2656 4800 βούλει,
2705 4731 2979 4794 κολάσεως
3033 4732 3278 4800 μείζονος
3328 4731 3537 4799 ἐφόδιον
3576 4733 3608 4800 ἠ
3659 4729 4016 4800 μακροθυμία
4058 4748 4148 4783 σοι

2459 4821 2667 4887 γίνεται
2703 4819 3061 4888 ἀμετανοήτῳ
3091 4819 3324 4888 μένοντι.
3374 4819 3484 4872 Καὶ
3515 4820 3676 4872 τοῦτο
3702 4818 3834 4887 γοῦν
3879 4818 4012 4874 αὐτὸ
4049 4819 4151 4889 δη-

2459 4907 2566 4960 λῶν
2595 4907 2781 4975 ἔλεγε·
2801 4905 2962 4959 Κατὰ
3001 4905 3070 4958 δὲ
3104 4905 3218 4972 τὴν
3246 4907 3629 4974 σκληρότητά
3657 4923 3774 4960 σου
3806 4906 3905 4960 καί
3933 4907 4150 4976 ἀμετα-

2459 4997 2681 5062 νόητον
2703 4994 2976 5062 καρδίαν,
3002 4993 3372 5062 θησαυρίζεις
3392 4995 3628 5061 σεαυτῷ
3655 4993 3845 5064 ὀργὴν
3861 4995 3933 5047 ἐν
3954 4997 4148 5064 ημέ,ι·ῃ

2459 5083 2642 5153 ὀργῆς
2691 5083 2792 5135 καὶ
2854 5082 3332 5150 ἀποκαλύψεως,
3388 5083 3488 5136 καί
3546 5083 3981 5148 δικαιοκρισίας
4036 5085 4152 5137 τοῦ

2461 5171 2630 5231 Θεοῦ,
2675 5168 2744 5235 ὃς
2783 5167 3082 5224 ἀποδώσει
3129 5169 3365 5233 ἑκάστῳ
3413 5169 3563 5222 κατὰ
3612 5169 3685 5222 τὰ
3734 5170 3877 5236 ἔργα
3931 5172 4145 5224 αὐτοῦ.

2473 5257 2624 5311 Ἐπεὶ
2650 5253 2743 5310 οὖν
2782 5256 2999 5326 ἑκάστῳ
3036 5257 3177 5310 κατά
3215 5257 3285 5310 τά
3333 5257 3471 5328 ἔργα
3503 5255 3814 5319 ἀποδίδωσι,
3847 5257 3942 5312 καὶ
3977 5259 4146 5328 νόμον

2459 5344 2547 5398 διὰ
2578 5344 2737 5398 τοῦτο
2767 5344 2994 5412 φυσικὸν
3037 5347 3170 5415 ἡμῖν
3213 5343 3464 5414 ἐνέθηκε,
3513 5341 3607 5394 καὶ
3646 5342 3885 5412 γραπτὸν
3917 5342 4146 5414 ὕστερον

2460 5431 2678 5495 ἔδωκεν,
2723 5431 2811 5484 ἵνα
2851 5430 3082 5496 εὐθύνας
3108 5432 3390 5502 ἀπαιτήσῃ
3438 5427 3546 5482 τῶν
3589 5429 4019 5499 ἁμαρτημάτων,
4052 5429 4146 5480 καὶ

2459 5518 2545 5571 ἵνα
2595 5517 2992 5588 κατορθοῦντας
3055 5515 3405 5587 στεφανώσῃ·
3460 5516 3598 5586 μετὰ
3651 5515 3848 5586 πολλῆς
3893 5513 3990 5570 οὖν
4043 5515 4143 5583 τῆς

2460 5605 2717 5677 σπουδῆς,
2753 5606 2844 5658 καὶ
2875 5606 3062 5678 ῶσπερ
3099 5609 3178 5670 εἰς
3202 5605 3552 5676 δικαστήριον
3576 5603 3984 5676 ἀπαντήσεσθαι
4015 5604 4141 5673 μέλ-

2457 5695 2636 5758 λοντες
2664 5695 2914 5764 φοϐερὸν,
2948 5699 3017 5748 τὰ
3063 5695 3184 5748 καθ’
3216 5694 3442 5758 ἑαυτοὺς
3476 5694 3921 5766 οίκονομήσωμεν
3942 5730 3958 5756 ,
4004 5691 4139 5744 εἰδόο

2521 5903 2534 5924 ⁸
2572 5905 2669 5954 Alii
2695 5905 2771 5949 καί
2794 5901 3150 5965 συνευδοκοῦσι.
3176 5899 3300 5965 Infra
3313 5903 3494 5965 θανάτῳ
3512 5911 3624 5952 aulc
3648 5902 3920 5957 κολάζεσθαι
3941 5900 4138 5964 quidam

2459 5981 2571 6016 msx‘.
2603 5979 2700 6012 non
2725 5965 2924 6020 habent,
2949 5977 3043 6010 nec
3069 5964 3172 6023 ipse
3195 5963 3342 6014 habet
3367 5967 3458 6014 nisi
3472 5963 3526 6014 'iu
3549 5967 3769 6028 margine
3791 5966 3940 6013 Sam.

2526 6029 2549 6067 ὲ·
2579 6028 2674 6076 Alli
2704 6027 2847 6073 κακὸν
2873 6028 2923 6073 ὃν
2949 6029 3030 6076 τὴν
3055 6041 3182 6087 ιιοιχ.
