4414 6730
479 446 581 506 133

474 565 645 630 ipsum
672 561 985 625 occultabat,
1016 565 1072 614 ct
1100 566 1220 627 post
1259 556 1594 610 commissam
1628 570 1811 609 necem
1842 568 2051 606 rursum

472 669 501 705 a
530 655 636 706 lteo
667 655 1052 721 interrogatus,
1080 647 1178 703 Ubi
1214 657 1285 701 est
1326 648 1449 701 Abel
1473 648 1631 718 frater
1670 646 1823 699 tuus?
1849 644 2053 712 inquit,

479 747 689 801 Nescio:
706 744 953 814 numquid
967 750 1133 794 custos
1154 741 1324 811 fratris
1344 742 1438 794 mei
1459 757 1569 794 sum
1587 755 1676 808 ego
1698 735 1848 805 (Gen.
1864 736 2053 805 4.1:.9):

472 839 651 906 Quare
679 838 821 891 enim
855 834 1055 904 negat?
1085 848 1261 888 nonne
1300 842 1443 903 patet
1489 831 1633 901 quod
1680 830 2057 883 condemnaret

472 935 706 997 scipsum
730 925 1113 980 vehementer?
1142 926 1289 981 Sicut
1312 926 1454 979 enim
1484 923 1647 991 ipsius
1677 931 1827 989 pater
1850 936 1907 975 se
1935 922 2053 974 alis-

468 1020 758 1081 couderat,
787 1016 857 1070 ita
896 1024 948 1071 et
994 1016 1081 1072 hic
1124 1025 1281 1085 negat
1310 1032 1324 1068 :
1356 1024 1411 1067 et
1439 1022 1558 1082 post
1588 1011 2055 1079 interrogationem

471 1111 663 1163 iterum
694 1107 880 1176 inquit,
917 1107 1085 1179 Major
1114 1117 1185 1161 est
1232 1121 1387 1158 causa
1435 1118 1565 1167 mea,
1588 1118 1737 1172 quam
1782 1113 1835 1154 ut
1881 1101 2055 1153 dimit-

470 1210 606 1252 tatur
628 1201 747 1252 mihi
774 1200 882 1270 (Ib.
911 1219 964 1254 ν.
992 1200 1105 1268 15).
1136 1198 1243 1252 Sed
1274 1194 1487 1266 gentilis
1514 1194 1626 1247 htec
1655 1208 1759 1247 non
1787 1191 1911 1245 fert.
1945 1192 2057 1259 Age

471 1293 631 1361 igitur
655 1301 708 1346 et
731 1292 796 1346 ad
828 1292 975 1346 illum
1004 1292 1305 1359 loquamur,
1328 1294 1383 1341 et
1420 1285 1561 1355 quod
1591 1285 1642 1338 in
1670 1283 1946 1338 creatione
1974 1281 2052 1333 fe-

474 1384 666 1446 cimus,
701 1400 803 1436 non
842 1381 1132 1451 Scripturis
1164 1387 1391 1439 tantum,
1422 1376 1515 1429 sed
1560 1376 1721 1429 etiam
1760 1372 2055 1427 rationibus

471 1476 760 1529 certamina
786 1482 974 1529 contra
1005 1473 1127 1526 illos
1167 1474 1468 1531 moventes,
1498 1465 1599 1518 hoc
1641 1473 1695 1518 et
1738 1465 1877 1517 circa
1919 1478 2051 1516 con-

472 1567 745 1619 scientiam
770 1580 911 1619 nunc
940 1564 1213 1619 faciamus.
1250 1561 1461 1615 Etenim
1494 1565 1548 1612 et
1576 1556 1770 1610 Paulus
1805 1555 1906 1608 hoc
1933 1569 2051 1608 mo-

473 1657 546 1708 vit
564 1664 930 1725 argumentum
960 1654 1218 1708 adversus
1244 1652 1362 1705 illos
1388 1662 1650 1720 pugnans.
1672 1643 1811 1712 Quid
1839 1644 2053 1699 tandem

471 1756 555 1798 est
599 1746 740 1814 quod
789 1745 1014 1799 dicunt?
1040 1743 1158 1796 Non
1197 1750 1280 1795 est
1311 1741 1465 1795 nobis
1510 1752 1606 1808 per
1644 1751 1703 1791 se
1728 1736 1811 1791 lex
1842 1735 1895 1788 in
1922 1748 2054 1789 con-

471 1836 692 1888 scientia
724 1835 920 1902 posita,
954 1847 1053 1885 nec
1078 1846 1194 1884 eam
1236 1839 1437 1883 natura:
1468 1830 1614 1883 Deus
1640 1826 1883 1881 inseruit.
1904 1824 2057 1881 Unde

473 1926 649 1993 igitur,
673 1924 833 1987 unde,
858 1924 1094 1991 inquam,
1118 1921 1183 1974 de
1202 1921 1416 1990 nuptiis,
1435 1920 1503 1974 de
1528 1918 1785 1979 aedibus.
1804 1916 1871 1970 de
1894 1925 2058 1969 testa-

472 2016 687 2075 mentis,
718 2013 786 2065 de
813 2011 1070 2079 depositis
1090 2049 1103 2069 .
1128 2011 1193 2063 de
1232 2011 1485 2079 proximis
1513 2024 1620 2062 non
1657 2005 2021 2076 opprimendis
2039 2045 2054 2070 ,

470 2107 539 2159 de
572 2104 789 2157 inﬁnitis
825 2102 945 2155 aliis
978 2102 1121 2170 leges
1171 2102 1305 2169 apud
1347 2116 1443 2155 eos
1483 2100 1815 2169 scripserunt
1850 2096 2060 2165 legisla-

471 2206 614 2249 tores
638 2195 661 2247 ’ἶ
687 2193 751 2247 Hi
791 2193 989 2262 quippe
1015 2200 1303 2260 prmscutes
1334 2189 1470 2245 forte
1511 2206 1539 2243 a
1591 2188 1883 2257 majoribus
1929 2199 2057 2239 natu

468 2287 786 2348 didicerunt,
811 2293 869 2338 et
911 2283 986 2337 illi
1029 2298 1058 2335 a
1099 2281 1382 2350 prioribus.
1418 2292 1472 2336 et
1494 2296 1704 2335 rursum
1759 2294 1787 2333 a
1824 2279 2058 2347 superio-

470 2378 618 2430 ribus
643 2376 728 2430 isti
765 2392 781 2431 :
814 2377 902 2445 qui
930 2389 1062 2429 vero
1086 2375 1153 2427 ab
1171 2373 1323 2426 initio
1351 2382 1405 2425 et
1434 2374 1587 2441 primi
1609 2372 1749 2442 apud
1774 2387 1868 2426 eos
1913 2373 2055 2440 leges

468 2468 732 2528 tulerunt,
762 2480 793 2519 a
845 2480 954 2535 quo
1000 2463 1345 2518 didicerunt?
1384 2476 1561 2515 annon
1614 2464 1796 2531 utique
1840 2477 1872 2515 a
1922 2477 2053 2513 con-

470 2558 733 2610 scientia?
785 2555 969 2625 Neque
1012 2556 1155 2609 enim
1206 2554 1389 2609 dicere
1439 2563 1692 2621 possent,
1740 2553 1881 2622 quod
1932 2567 2053 2606 cum

473 2650 616 2701 Most:
670 2648 901 2712 iuerint,
929 2646 1070 2716 quod
1118 2645 1405 2716 prophetas
1453 2642 2056 2713 audierintzquomodo

469 2743 611 2794 enim
640 2740 729 2809 qui
758 2739 986 2808 gentiles
1013 2739 1207 2793 erant?
1238 2738 1344 2792 Sed
1371 2745 1518 2806 patet
1540 2751 1635 2790 eos
1662 2752 1690 2788 a
1722 2737 1837 2803 lege
1859 2775 1873 2799 ,
1895 2747 2056 2804 quam

472 2834 744 2887 hominem
775 2833 977 2901 [ingens
1002 2832 1142 2885 Deus
1165 2832 1232 2885 ab
1256 2831 1407 2884 initio
1436 2830 1534 2899 ipsi
1563 2829 1759 2899 posuit,
1787 2829 1855 2882 ab
1881 2829 1980 2882 hac
2002 2842 2056 2883 et

472 2926 618 2994 luges
645 2925 888 2992 posuisse
909 2936 1055 2987 suas,
1079 2931 1130 2977 et
1145 2930 1286 2977 artes
1304 2923 1587 2987 invenisse,
1607 2922 1818 2991 aliaque
1837 2936 2016 2975 omnia
2037 2937 2050 2973 :

471 3016 669 3069 etenim
708 3022 762 3068 et
801 3022 946 3067 artes
978 3013 1057 3066 sic
1102 3013 1401 3066 constitutae
1444 3020 1597 3074 sunt,
1626 3026 1747 3065 cum
1777 3010 1937 3079 prisci
1979 3010 2055 3065 iiii

470 3115 659 3174 suopte
689 3106 906 3174 ingenio
931 3105 997 3159 ad
1031 3105 1149 3159 illas
1186 3119 1480 3159 accessere.
1510 3104 1599 3158 Sic
1624 3111 1677 3157 et
1714 3103 1910 3171 judicia
1933 3143 1947 3167 ,
1976 3104 2054 3157 sic

468 3208 522 3251 et
550 3213 720 3267 paenae
746 3197 979 3251 deﬁnitae
1006 3206 1133 3251 sunt
1162 3213 1175 3247 :
1202 3196 1341 3265 quod
1373 3211 1563 3264 nempe
1584 3204 1639 3249 et
1667 3194 1859 3247 Paulus
1893 3193 2042 3247 dicit.

468 3290 601 3356 Quia
632 3289 773 3343 enim
797 3297 851 3342 et
878 3290 1155 3359 gentilium
1186 3290 1337 3342 multi
1368 3286 1749 3342 contradicturi
1781 3294 1934 3339 erant
1956 3325 1971 3349 ,
2000 3292 2055 3338 et

470 3380 699 3433 dicturi:
730 3379 1009 3446 Quomodo
1056 3381 1199 3434 Deus
1248 3378 1495 3432 homines
1531 3380 1620 3447 qui
1672 3377 1887 3431 fuerunt
1932 3386 2056 3429 ante

473 3470 671 3523 Mosem
697 3469 999 3537 judicabit?
1026 3485 1132 3522 non
1164 3470 1309 3523 misit
1338 3469 1723 3539 legislatorem,
1756 3482 1860 3521 non
1887 3468 2055 3535 legem

474 3565 611 3624 tulit,
644 3578 747 3615 non
799 3562 1113 3631 prophetam
1164 3562 1388 3629 paravit,
1418 3577 1525 3615 non
1569 3560 1906 3629 apostolum,
1951 3574 2056 3612 non

471 3655 845 3723 evangelistam
880 3670 893 3705 :
920 3652 1190 3723 quomodo
1236 3654 1306 3707 ab
1349 3654 1477 3722 ipsis
1506 3667 1693 3721 positas
1720 3652 1936 3719 exiget?
1966 3665 2059 3702 vo-

473 3749 585 3799 Ιιιης
618 3747 807 3800 Paulus
832 3744 1199 3799 demonstrare
1224 3785 1238 3809 ,
1267 3745 1407 3814 quod
1438 3760 1467 3797 a
1496 3754 1682 3797 natura
1712 3743 1853 3796 docti
1884 3743 2054 3810 legem

474 3840 748 3901 haberent,
773 3846 828 3889 et
856 3836 1057 3905 agenda
1086 3837 1362 3890 manifeste
1393 3836 1595 3889 scirent
1614 3875 1629 3896 ,
1668 3834 1789 3887 audi
1817 3833 1944 3902 quid
1972 3834 2053 3884 in-

470 3930 583 3997 quit
609 3946 622 3980 :
655 3930 779 3980 Cum
808 3928 938 3980 enim
980 3937 1165 3997 gentes,
1188 3942 1299 3995 qua
1346 3926 1505 3996 legent
1546 3941 1646 3977 non
1677 3923 1878 3988 habent,
1910 3932 2057 3975 natu-

472 4018 655 4071 raliter
678 4035 734 4071 ea
756 4034 868 4085 qua:
889 4019 1015 4087 legis
1034 4026 1150 4071 sunt
1170 4058 1184 4081 ,
1228 4018 1421 4087 faciunt
1442 4033 1460 4070 :
1482 4016 1729 4088 ejusmodi
1756 4015 1915 4083 legem
1957 4031 2058 4067 non

473 4109 726 4171 Imbcnles,
756 4109 853 4176 ipsi
891 4108 986 4159 sibi
1034 4118 1149 4162 sunt
1197 4109 1299 4175 leas,
1322 4108 1404 4177 qui
1453 4106 1717 4160 ostendunt
1761 4122 1887 4175 opus
1933 4105 2057 4174 legis

468 4202 722 4255 scriptum
767 4192 817 4241 in
862 4192 1107 4245 cordibus
1152 4196 1607 4259 suis.-Quontud0
1654 4197 1771 4251 sine
1812 4198 2043 4252 litteris?

471 4279 849 4331 Testimonium
891 4280 1133 4333 reddente
1184 4282 1291 4335 illis
1328 4285 1647 4337 conscientia
1693 4286 1946 4352 ipsorum.
1987 4296 2038 4340 et

467 4369 897 4419 interscinvicem
918 4368 1323 4436 cogitationibus
1341 4372 1733 4436 accusantibus,
1757 4381 1848 4424 aut
1877 4374 2037 4426 etiam

466 4459 885 4527 defendentibus,
907 4461 959 4511 in
999 4459 1084 4513 die
1105 4477 1208 4529 qua
1221 4460 1490 4528 judicabit
1526 4461 1666 4515 Deus
1700 4464 1907 4517 occulta
1941 4465 2039 4518 lto-

470 4550 693 4609 miuum.
714 4551 997 4601 secundum
1014 4550 1337 4619 evangelium
1358 4568 1527 4606 meum
1555 4570 1647 4622 per
1659 4555 1693 4608 J
1699 4571 1844 4608 esum
1880 4555 2041 4611 Chri-

465 4650 607 4690 stum
624 4638 858 4706 (Romi.
876 4640 941 4692 14
973 4639 1057 4708 16)
1080 4656 1091 4689 :
1114 4650 1167 4694 et
1185 4642 1376 4695 iterum
1397 4658 1409 4692 :
1427 4642 1752 4715 Quicumque
1767 4648 1907 4700 enim
1930 4649 2043 4702 sine

465 4730 576 4797 lege
600 4742 966 4797 peccaverunt,
995 4733 1106 4786 sine
1133 4732 1240 4802 lege
1269 4735 1508 4803 peribunt
1534 4750 1552 4787 :
1572 4747 1618 4787 et
1649 4738 1963 4807 quicumque
1987 4740 2043 4791 in

465 4820 575 4885 lege
598 4834 1055 4890 peccavermrt,per
1086 4825 1244 4893 legem
1259 4825 1645 4892 judicabantur
1673 4824 1895 4895 (Ibid.v.
1926 4829 2038 4898 12).

463 4911 605 4975 Quid
628 4921 731 4975 est,
760 4912 887 4966 Siue
910 4913 1019 4981 lege
1042 4914 1441 4981 peribunt?Non
1471 4916 1586 4986 lege
1602 4928 1913 4978 accusante.
1945 4919 2037 4972 sed

463 5002 796 5055 conscientia
824 5015 876 5056 ct
909 5006 1353 5073 c0gitationiltus.
1382 5009 1438 5064 Si
1457 5026 1585 5065 vero
1603 5011 1771 5081 legem
1803 5026 1907 5065 non
1940 5012 2036 5064 ha-

465 5092 1088 5161 buissentcouscieutiae,
1105 5113 1204 5151 nec
1219 5099 1364 5167 ipsos
1382 5102 1558 5169 perire
1576 5109 1867 5170 peccantes
1884 5116 1981 5166 opt)
2004 5120 2038 5140 -—

465 5184 611 5237 tehat
631 5200 644 5234 :
666 5187 940 5253 quomodo
962 5186 1188 5251 enim,si
1216 5192 1334 5245 sine
1362 5192 1478 5262 lege
1510 5192 1908 5261 peccaverunt?
1934 5190 2037 5243 Sed

463 5291 589 5329 cum
611 5278 722 5330 sine
739 5277 847 5345 lege
869 5278 1018 5341 dicit,
1039 5293 1144 5333 non
1166 5281 1299 5335 dicit
1325 5297 1430 5336 non
1456 5284 1709 5339 habuisse
1729 5286 1920 5353 legem.
1946 5283 2038 5336 sed

466 5385 574 5420 tmtl
601 5368 855 5423 habuisse
878 5370 1045 5438 legem
1076 5371 1357 5438 scriptam,
1379 5382 1587 5427 natura:
1601 5390 1730 5430 vero
1754 5376 1921 5443 legem
1945 5375 2039 5427 ha-

464 5459 668 5513 buisse.
688 5460 749 5513 Et
764 5478 1011 5516 rursuut:
1037 5459 1218 5514 Gloria
1234 5475 1430 5528 autem,
1446 5466 1691 5527 ethonor,
1711 5475 1879 5533 etpaa:
1896 5465 2039 5518 omni

462 5556 703 5618 aperanti
729 5552 1131 5618 bouumJudwo
1149 5556 1397 5622 primum,
1416 5566 1464 5608 et
1484 5555 1669 5610 Cra'co
1691 5555 2038 5626 (Ibid.v.l0.)

539 5648 593 5702 5.
622 5647 746 5701 Hcce
764 5656 942 5701 autem
966 5646 1170 5701 dicebat
1197 5646 1262 5701 de
1282 5647 1640 5715 superioribus
1666 5649 1888 5717 loquens
1914 5664 2048 5706 tem-

464 5740 701 5805 poribus,
735 5756 850 5809 qua!
877 5754 998 5795 ante
1022 5740 1219 5795 Christi
1247 5741 1524 5795 adventum
1558 5740 1787 5797 fuerunt.
1813 5744 1877 5797 Et
1898 5745 2044 5799 Cra:-

468 5849 583 5880 [util
634 5833 712 5883 hic
745 5841 892 5885 voc-.t
931 5848 1035 5885 non
1084 5833 1410 5887 idololatram
1440 5875 1451 5897 ,
1484 5833 1574 5887 sed
1624 5834 1786 5888 Deum
1835 5836 2044 5904 quidem

1309 444 1397 498 Al)
1436 442 1752 498 POPULUM
1798 439 2303 497 ANTIOClIENUM.
2344 440 2569 498 llOMlL.
2613 442 2726 499 XII.

3649 454 3749 510 1M

2170 554 2339 606 solum
2383 554 2731 619 adorantem,
2777 555 3120 615 Judaicarum
3164 576 3291 616 vero
3327 563 3756 624 observationum

2167 645 2469 699 necessitati
2501 660 2604 700 non
2635 646 2894 713 deditum,
2923 651 3260 707 saltbatismis
3280 653 3419 721 dico,
3442 665 3496 711 et
3520 658 3750 713 circum-

2164 734 2351 788 cisioui
2377 776 2390 801 ,
2421 745 2476 791 et
2504 736 2667 790 variis
2695 738 3186 808 purificationibus;
3224 743 3318 798 sed
3346 746 3659 813 sapientiam
3699 759 3754 804 et

2167 825 2416 894 pietatem
2459 843 2671 882 omnem
2716 829 3076 888 exhibentem.
3121 836 3186 889 Et
3219 851 3429 890 rursum
3456 838 3523 893 de
3564 840 3754 895 eodem

2162 916 2430 971 disserens
2451 917 2656 987 inquit:
2678 918 2709 973 Ι
2714 937 2771 973 ra
2790 929 2839 974 et
2860 922 3159 992 indignatio,
3183 927 3442 983 tribulatio
3455 940 3501 981 et
3520 934 3755 1001 angustia

2163 1023 2311 1075 super
2339 1026 2535 1061 omnem
2563 1012 2781 1063 animam
2821 1013 3037 1067 hominis
3058 1020 3309 1082 operantis
3338 1021 3545 1087 malum,
3580 1022 3754 1076 λικιιεί

2163 1100 2379 1168 primum
2411 1111 2459 1155 et
2499 1101 2665 1156 Graeci
2688 1104 2858 1172 (Rom.
2881 1112 2936 1165 2.
2967 1106 2999 1160 9
3036 1110 3074 1175 ).
3105 1108 3333 1162 Rursum
3381 1112 3464 1165 hic
3508 1115 3752 1168 (ira-cunt

2162 1200 2348 1254 vocat,
2376 1189 2753 1247 observatione
2778 1194 2989 1249 Judaica
3028 1197 3325 1252 liberatum.
3356 1200 3413 1255 Si
3445 1202 3618 1272 itaque
3661 1222 3754 1259 nu-

2160 1295 2261 1348 que
2285 1281 2450 1349 legem
2477 1284 2695 1348 audivit,
2723 1301 2892 1355 neque
2914 1303 3032 1340 cum
3059 1289 3256 1344 Judazis
3278 1308 3624 1349 conversatus
3647 1309 3749 1357 est,

2165 1372 2432 1437 quomodo
2454 1375 2554 1426 erit
2574 1375 2671 1443 ipsi
2702 1377 2777 1429 ira
2803 1389 2857 1431 et
2878 1377 3167 1447 indignatio
3185 1392 3237 1434 et
3264 1383 3527 1438 tribulatio
3553 1388 3748 1440 malum

2160 1464 2445 1530 operanti?
2474 1463 2731 1529 Quoniam
2757 1469 2903 1524 intus
2949 1472 3332 1527 conscientiam
3362 1476 3553 1531 habeat
3578 1479 3750 1547 incre—

2161 1565 2371 1622 pantem
2402 1566 2454 1609 et
2481 1558 2756 1613 docentem
2784 1563 3187 1618 etcrudientem
3221 1566 3270 1618 in
3301 1568 3567 1621 omnibus.
3603 1569 3751 1625 Unde

2160 1644 2262 1700 hoc
2287 1646 2660 1702 manifestum?
2688 1650 2764 1703 Ex
2790 1652 2852 1704 iis
2873 1652 2924 1705 in
2950 1654 3140 1722 quibus
3164 1657 3299 1711 alios
3327 1658 3603 1727 castigavit
3624 1675 3749 1729 pec-

2158 1747 2363 1802 cantes,
2402 1738 2546 1808 leges
2578 1740 2725 1805 tulit,
2753 1741 2951 1810 judicia
2980 1746 3272 1800 constituit.
3301 1747 3411 1803 Hoc
3453 1751 3615 1820 igitur
3652 1752 3750 1804 de-

2157 1830 2364 1883 clarans
2411 1832 2603 1886 Paulus
2626 1875 2642 1897 ,
2688 1835 2756 1888 de
2786 1835 3083 1890 viventibus
3111 1839 3160 1890 in
3191 1841 3318 1891 vitio
3356 1841 3564 1895 dicebat
3596 1863 3607 1896 :
3643 1846 3746 1911 Qui

2148 1944 2266 1980 cum
2310 1922 2578 1994 justitiam
2619 1925 2714 1979 Dei
2755 1927 3135 1997 cognovissent,
3189 1928 3439 1995 quoniam
3480 1930 3569 1996 qui
3608 1930 3739 1981 talia

2148 2022 2310 2081 agunt
2366 2014 2511 2082 digni
2562 2023 2682 2066 sunt
2742 2026 2944 2079 morte,
2998 2032 3103 2068 non
3156 2016 3324 2070 solum
3383 2034 3446 2070 ea
3502 2019 3739 2085 faciunt,

2149 2105 2239 2157 sed
2284 2105 2444 2156 etiam
2499 2105 2824 2157 consentiunt
2876 2107 2891 2136 ³
2953 2108 3266 2175 facientibus
3322 2109 3495 2179 (Rom.
3532 2113 3582 2163 l.
3622 2110 3737 2175 δὲ).

2152 2194 2219 2247 Et
2272 2193 2416 2246 unde
2462 2193 2703 2247 scierunt
2744 2196 3080 2249 voluntatem
3111 2197 3208 2251 Dei
3267 2214 3409 2258 esse.
3451 2207 3512 2251 ut
3550 2199 3643 2267 qui
3686 2200 3740 2253 in

2148 2283 2496 2353 improbitate
2527 2285 2718 2339 vivunt
2748 2286 3083 2354 puniantur?
3122 2289 3306 2342 unde?
3333 2290 3407 2342 Ex
3438 2290 3503 2343 iis
3533 2291 3588 2342 iu
3617 2290 3741 2358 qui-

2145 2374 2248 2427 bus
2297 2372 2433 2426 alios
2479 2372 2799 2442 judicabant
2847 2386 3159 2445 peccantes.
3216 2377 3271 2431 Si
3328 2379 3475 2432 enim
3533 2380 3740 2435 malum

2164 2487 2285 2525 esse
2316 2487 2420 2523 non
2442 2480 2599 2538 putes
2624 2474 2982 2532 c.rdem,eum
3011 2471 3340 2527 homicidam
3363 2472 3592 2540 ceperis,
3612 2486 3739 2527 sen-

2167 2565 2331 2617 tentia
2359 2574 2449 2616 tua
2480 2577 2586 2615 non
2608 2564 2799 2631 punies
2819 2582 2831 2615 :
2853 2563 2955 2616 nisi
2982 2566 3180 2617 malum
3206 2579 3325 2619 esse
3342 2576 3497 2633 putes
3525 2566 3739 2618 adulte-

2166 2668 2308 2710 rare.
2329 2668 2453 2706 cum
2487 2652 2739 2706 inciderit
2770 2652 3003 2714 adulter,
3026 2652 3192 2705 libera
3224 2654 3400 2720 ipsum
3428 2669 3457 2705 a
3479 2668 3660 2722 poena.
3680 2653 3736 2706 Si

2167 2759 2297 2797 vero
2326 2753 2380 2797 et
2418 2744 2471 2795 in
2508 2743 2741 2797 aliorum
2785 2743 3021 2811 peccatis
3050 2742 3193 2811 leges
3224 2742 3444 2806 scribis,
3472 2754 3523 2796 et
3552 2759 3739 2809 pinnas

2166 2834 2378 2897 delinis,
2394 2843 2444 2887 et
2460 2849 2681 2887 s~verus
2699 2834 2932 2900 csjudex
2951 2850 2965 2887 :
2986 2847 3147 2899 quam
3170 2833 3367 2886 habere
3383 2836 3559 2901 possis
3574 2849 3740 2887 excu-

2167 2924 2455 2983 sationem,
2488 2923 2541 2974 in
2576 2922 2776 2991 quibus
2814 2922 2926 2988 ipse
2968 2934 3183 2987 peccas,
3218 2919 3407 2973 dicens
3439 2928 3489 2973 te
3528 2920 3736 2986 agenda

2165 3014 2451 3083 ignorare?
2472 3012 2724 3067 Maachati
2748 3012 2882 3065 estis
2898 3019 2952 3064 et
2974 3020 3028 3063 tu
3054 3021 3106 3062 et
3125 3010 3231 3063 ille.
3250 3009 3429 3075 Quare
3446 3011 3596 3063 illum
3617 3009 3739 3078 qui-

2162 3110 2283 3161 dem
2309 3107 2491 3176 punis.
2514 3114 2567 3159 te
2585 3119 2711 3159 vero
2731 3103 2883 3157 venia
2902 3103 3123 3170 dignum
3143 3102 3369 3155 censes?
3388 3102 3444 3155 Si
3460 3102 3604 3154 enim
3627 3116 3738 3153 ma-

2161 3200 2271 3252 lutu
2295 3197 2574 3252 nesciebas
2587 3211 2707 3251 esse
2724 3195 3072 3255 adulterium,
3092 3202 3343 3247 neutrum
3370 3192 3549 3261 puniri
3575 3207 3738 3259 opor-

2161 3288 2393 3353 tebat;si
2419 3302 2545 3341 vero
2566 3288 2795 3339 alterum
2819 3284 3035 3353 quidem
3051 3284 3269 3353 punias,
3291 3294 3342 3337 te
3366 3299 3495 3337 vero
3519 3297 3735 3350 pcnnam

2162 3382 2398 3447 ell'ugere
2419 3379 2721 3438 existimes.
2762 3378 3040 3446 quomodo
3078 3376 3273 3430 ratiooi
3307 3386 3733 3429 consentaneum

2165 3471 2329 3524 videri
2360 3471 2554 3538 poterit
2574 3471 2887 3523 earumdem
2917 3468 3210 3521 criminum
3243 3482 3364 3521 reos
3388 3482 3495 3519 non
3516 3465 3733 3519 easdem

2167 3562 2399 3631 pendere
2422 3561 2646 3630 punias?
2679 3559 2794 3614 lloc
2826 3560 2989 3629 igitur
3020 3558 3195 3627 ipsum
3226 3572 3495 3611 accusans
3523 3556 3729 3609 Paulus

2163 3652 2377 3706 dicebat
2413 3670 2427 3705 :
2464 3652 2756 3704 Existimas
2791 3661 2968 3704 autem
2999 3650 3114 3715 hoc,
3144 3666 3173 3701 ο
3196 3648 3373 3711 homo,
3404 3649 3495 3716 qui
3517 3649 3737 3717 judicas

2160 3756 2245 3793 eos
2269 3741 2359 3808 qui
2382 3739 2516 3792 talia
2534 3747 2718 3808 agunt,
2750 3749 2799 3792 et
2824 3739 2993 3807 facias
3022 3754 3106 3799 ea,
3126 3738 3252 3806 quia
3272 3746 3325 3789 lu
3344 3738 3562 3806 e/j’ugies
3581 3738 3739 3805 judi-

2161 3833 2299 3883 cium
2323 3830 2415 3883 Dei
2438 3829 2610 3896 (Rom.
2630 3830 2686 3892 ‘2,
2709 3830 2787 3899 3).
2804 3828 2921 3884 Non
2951 3838 3033 3882 est
3057 3828 3151 3890 ita,
3176 3838 3421 3893 nonest;
3447 3844 3510 3882 ex
3528 3828 3738 3896 judicio

2163 3925 2307 3978 enim
2326 3924 2470 3991 quod
2492 3923 2544 3977 in
2560 3925 2725 3976 alium
2745 3922 3039 3992 protulisti.
3060 3937 3127 3975 ex
3149 3921 3249 3976 hoc
3267 3932 3318 3976 te
3343 3922 3481 3975 Deus
3501 3931 3628 3976 tunc
3643 3922 3737 3990 ju-

2164 4014 2366 4069 dicabit
2386 4033 2397 4067 :
2421 4030 2529 4069 non
2560 4014 2704 4069 enim
2735 4013 2979 4083 profecto
3009 4027 3061 4069 tu
3097 4016 3315 4084 quidem
3342 4015 3548 4082 justus,
3596 4014 3738 4069 Deus

2165 4116 2345 4159 autem
2384 4104 2641 4174 injustus.
2676 4104 2731 4158 Si
2757 4105 2900 4159 enim
2926 4122 3031 4158 non
3066 4106 3303 4173 despicis
3333 4106 3500 4159 alium
3538 4106 3738 4174 injuria

2162 4194 2430 4259 allectum,
2447 4196 2724 4264 quomodo
2745 4194 2886 4249 Deus
2905 4196 3252 4265 despiciet?si
3278 4205 3332 4250 tu
3352 4196 3584 4262 corrigis
3601 4196 3737 4250 alio-

2162 4301 2280 4338 rum
2306 4294 2545 4353 peccata,
2570 4286 2846 4354 quomodo
2866 4297 2915 4341 te
2938 4287 3080 4340 Deus
3101 4304 3207 4342 non
3238 4290 3473 4358 corriget
3492 4289 3514 4342 ἲ
3530 4287 3585 4343 Si
3608 4305 3737 4343 vero

2160 4389 2267 4427 non
2286 4375 2379 4426 tibi
2407 4376 2590 4428 statim
2615 4392 2831 4444 poenam
2854 4376 3037 4439 infert,
3058 4394 3123 4431 ne
3146 4379 3216 4432 ob
3241 4379 3341 4432 hoc
3356 4380 3620 4441 contidas,
3642 4381 3734 4433 sed

2161 4465 2293 4517 time
2319 4464 2513 4533 magis.
2557 4465 2649 4519 Sic
2676 4477 2725 4519 et
2744 4466 2946 4520 Paulus
2966 4467 3133 4536 jussit
3159 4470 3380 4523 dicens:
3407 4471 3487 4522 An
3520 4471 3736 4524 divitias

2163 4552 2415 4608 bonitatis
2431 4559 2543 4623 ejus
2562 4568 2611 4609 et
2623 4560 2891 4625 patientia:
2905 4572 2953 4613 et
2977 4562 3401 4629 longanimitatis
3420 4564 3736 4627 contemnis,

2163 4644 2413 4712 ignorans
2448 4649 2694 4713 quoniam
2728 4648 3020 4719 benignitas
3058 4651 3151 4704 Dei
3193 4655 3261 4705 ad
3292 4655 3651 4721 paenitentiam
3689 4666 3738 4710 te

2163 4738 2375 4789 adducit
2396 4738 2564 4801 (Rom.
2584 4738 2637 4791 2.
2658 4739 2739 4807 i)?
2757 4742 3041 4809 Propterea
3058 4746 3201 4797 enim
3217 4746 3433 4808 tolerat.
3458 4764 3561 4802 non
3578 4758 3737 4817 utpo-

2159 4827 2245 4895 jor
2268 4828 2384 4888 tias.
2405 4830 2492 4882 sed
2514 4818 2569 4883 ut
2588 4832 2961 4897 posuiteutiatn
2984 4851 3141 4903 agas;
3159 4838 3202 4890 si
3226 4853 3354 4891 vero
3373 4855 3475 4892 nou
3497 4841 3597 4901 vis,
3624 4858 3739 4893 ma-

2158 4919 2295 4986 joris
2316 4920 2533 4973 materia
2552 4922 2773 4977 ttltiouis
2790 4924 2881 4978 tibi
2898 4936 2979 4979 est
3000 4926 3088 4980 Dei
3106 4929 3487 4998 longanimitas
3501 4934 3618 4986 sine
3632 4948 3738 5001 p03-

2162 5011 2383 5063 niteutia
2403 5016 2765 5077 permanenti.
2790 5014 2854 5067 Et
2876 5016 2976 5069 hoc
2996 5020 3193 5086 quippe
3206 5020 3487 5075 declarans
3504 5023 3734 5078 dicabat:

2165 5100 2456 5154 Secundum
2477 5113 2653 5156 autent
2669 5106 2923 5159 duritiant
2945 5119 3087 5160 tuam
3101 5119 3149 5161 et
3164 5111 3488 5177 impa'nitens
3503 5131 3611 5175 cor,
3632 5115 3737 5166 tlte-

2161 5192 2404 5243 saurizas
2424 5192 2519 5245 tibi
2541 5195 2677 5247 iram
2700 5198 2969 5250 iudicine
2987 5208 3033 5250 et
3056 5200 3737 5273 reuelationisjustijudicii

2159 5277 2278 5343 Dei,
2291 5284 2380 5351 qui
2400 5285 2577 5338 reddet
2594 5289 2871 5356 unicuique
2891 5290 3173 5342 secundum
3189 5308 3348 5358 opera
3366 5296 3477 5362 ejus
3494 5297 3663 5365 (Rom.
3681 5298 3716 5349 2

2160 5372 2215 5427 ὕ.
2234 5372 2312 5443 6).
2337 5374 2607 5439 Quoniam
2632 5379 2794 5446 igitur
2813 5381 3009 5447 cuique
3029 5384 3331 5437 secundum
3357 5402 3519 5454 opera
3539 5361 3735 5458 reddit,

2159 5474 2211 5519 et
2225 5466 2394 5535 legem
2414 5477 2691 5538 propterea
2709 5471 2795 5522 uol
2819 5471 2863 5523 is
2878 5475 3177 5528 naturalem
3198 5476 3342 5530 indid
3351 5479 3462 5538 it,et
3477 5482 3581 5533 scri
3589 5492 3673 5549 pta
3683 5499 3734 5535 nt

2165 5561 2509 5627 postmodum
2543 5563 2707 5626 dedit,
2736 5572 2791 5616 ut
2832 5580 3021 5632 pmuas
3056 5569 3238 5637 exigat
3274 5582 3648 5637 peccatorum,
3682 5586 3730 5628 ct

2165 5660 2307 5702 recte
2324 5662 2543 5717 agentes
2558 5663 2798 5704 coronet:
2819 5656 2987 5707 multo
3010 5660 3189 5726 itaque
3202 5660 3382 5711 studio
3397 5670 3650 5731 tanquam
3665 5664 3730 5716 ad

2220 5788 2239 5819 ί
2275 5784 2381 5844 Alii,
2404 5784 2683 5836 assentiunt.
2732 5783 2853 5835 Infra
2892 5787 3026 5845 voci,
3065 5787 3338 5849 puniantur,
3378 5798 3482 5841 Sav.
3523 5792 3650 5843 addi!
3679 5796 3728 5846 in

2154 5850 2397 5913 margine,
2418 5854 2585 5898 morte.
