4414 6710
706 489 803 546 135

702 605 1039 661 tremendum
1086 601 1398 659 eonveaturi
1457 600 1714 671 judicium
1740 640 1757 667 ,
1804 600 2043 656 actiones
2089 608 2299 656 nostras

700 698 1101 765 dispensemus,
1124 695 1352 749 scientes
1394 691 1535 761 quod
1574 693 1777 747 nullam
1822 706 2170 762 assequemur
2208 706 2299 745 ve-

702 788 845 840 niam
867 829 881 850 ,
911 787 957 842 si
986 796 1107 856 post
1131 784 1424 840 naturalem
1451 792 1507 840 et
1536 785 1787 856 scriptam
1814 784 1984 856 legem
2012 793 2069 841 et
2095 784 2297 839 doctri-

704 892 827 929 nam
871 885 1069 929 tant-am
1111 884 1164 929 et
1199 872 1619 931 admonitionem
1646 874 1916 931 assiduam
1944 875 2171 929 salutem
2197 889 2295 927 no-

700 974 866 1017 stram
898 964 1241 1034 negligamus.
2047 1034 2053 1041 ἢ

770 1056 825 1109 6.
856 1055 1049 1108 lterum
1078 1056 1142 1109 de
1152 1058 1484 1126 juramentis.
1508 1056 1735 1111 —Volo
1776 1057 1952 1125 itaque
1990 1072 2202 1111 rursum
2227 1055 2297 1112 de

694 1144 1014 1212 iuramentis
1037 1147 1190 1201 vobis
1220 1148 1385 1217 loqui,
1416 1147 1674 1201 erubesco
1696 1156 1894 1201 autem.
1923 1146 2047 1201 Mihi
2079 1146 2295 1217 quidem

695 1251 858 1305 grave
888 1253 995 1291 non
1026 1246 1108 1292 est
1135 1238 1221 1293 die
1262 1249 1521 1306 nocteque
1550 1236 1737 1293 eadem
1766 1238 1915 1293 vobis
1942 1238 2150 1304 dicere;
2200 1241 2295 1295 sed

697 1330 861 1384 timeo
887 1346 955 1384 ne
979 1340 1257 1400 postquam
1278 1345 1374 1387 vos
1400 1332 1483 1386 his
1521 1331 1701 1387 multis
1730 1332 1919 1387 diebus
1944 1332 2293 1399 admonuero,

697 1423 919 1476 multum
953 1430 1219 1491 torporem
1239 1432 1477 1479 vestrum
1499 1425 1854 1480 damnabilem
1877 1426 2174 1486 ostendam.
2208 1426 2294 1496 qui

696 1514 749 1567 in
779 1515 992 1584 negotio
1036 1523 1145 1569 tam
1195 1514 1333 1570 facili
1363 1518 1616 1572 continua
1658 1518 1869 1586 egeatis
1910 1517 2293 1573 admonitione.

698 1602 808 1660 Nec
839 1613 1043 1660 tantum
1086 1606 1382 1672 erubescn,
1428 1606 1521 1662 sed
1552 1616 1605 1660 et
1647 1608 1811 1661 timeo
1852 1608 2023 1662 vobis.
2070 1609 2296 1663 Assidua

695 1708 925 1763 namque
962 1694 1202 1749 doctrina
1242 1694 1643 1749 advertentibus
1691 1695 1940 1749 salutaris
1982 1698 2198 1766 quidem
2243 1711 2298 1753 et

692 1784 854 1849 utilis,
881 1786 1213 1854 torpentibus
1232 1800 1365 1839 vero
1387 1784 1639 1840 damnosa
1663 1795 1716 1840 et
1739 1786 2054 1855 periculosa.
2082 1789 2295 1845 Etenim

692 1887 893 1945 quanto
919 1877 1038 1946 quis
1065 1876 1262 1944 smpius
1290 1876 1536 1940 audierit,
1565 1885 1711 1930 tanto
1737 1879 1992 1945 majorem
2038 1879 2292 1935 ultionem

694 1967 961 2032 attrahet,
995 1984 1098 2023 non
1128 1969 1330 2023 faciens
1351 1984 1468 2037 qua:
1489 1969 1753 2024 dicuntur.
1786 1970 1897 2026 lloe
1923 1971 2080 2041 igitur
2107 1983 2160 2029 et
2194 1973 2292 2029 Ju-

693 2059 826 2113 da‘is
850 2061 1218 2129 improperans
1242 2059 1454 2114 dicebat
1485 2060 1623 2115 Deus
1655 2078 1669 2115 :
1698 2061 1819 2117 Misi
1862 2065 2134 2136 prophetas
2158 2083 2295 2121 meos

688 2142 966 2221 assurgens
995 2152 1222 2205 diluculo
1246 2194 1262 2216 ,
1305 2161 1353 2205 et
1399 2153 1660 2222 emitteus,
1707 2171 1865 2225 neque
1900 2157 1974 2210 sic
2020 2159 2296 2213 exaudistis

688 2239 843 2309 (Jer.
881 2238 1106 2313 25.4.).
1134 2242 1243 2298 Nos
1282 2261 1476 2316 nempe
1502 2262 1565 2302 ex
1594 2247 1759 2300 multa
1803 2248 2164 2303 sollicitudine
2192 2250 2293 2303 hoc

688 2329 916 2384 facimus
940 2372 956 2394 .
999 2330 1093 2386 sed
1126 2333 1377 2389 timemus
1424 2351 1493 2390 ne
1535 2336 1586 2389 in
1614 2335 1701 2390 die
1729 2336 1812 2389 illa
1844 2336 2115 2390 tremenda
2145 2337 2289 2391 obsit

686 2420 842 2474 vobis
866 2422 1119 2477 omnibus
1144 2423 1259 2477 lucc
1279 2425 1573 2480 admonitlo
1600 2434 1656 2480 et
1687 2426 1787 2479 hoc
1812 2427 2112 2479 consilium.
2147 2426 2284 2480 Cum

690 2512 830 2565 enim
853 2521 907 2565 et
925 2512 1120 2566 bonum
1138 2529 1271 2583 opus
1296 2516 1363 2568 sit
1389 2515 1561 2582 facile,
1581 2526 1635 2571 et
1649 2516 1737 2585 qui
1753 2516 1967 2571 assidue
1984 2531 2294 2571 commone-

687 2600 847 2656 faciat
874 2618 977 2656 non
1003 2603 1181 2668 desit,
1212 2604 1337 2675 quid
1368 2607 1658 2675 poterimus
1688 2608 1741 2661 in
1771 2609 2167 2664 excusationem
2206 2609 2290 2663 di-

688 2696 852 2750 cere?
875 2696 956 2749 vel
979 2712 1098 2765 quae
1129 2712 1225 2751 nos
1250 2700 1387 2753 ratio
1408 2699 1474 2754 ab
1505 2700 1708 2754 ultione
1729 2700 1959 2771 eripiet?
1984 2702 2075 2755 Dic
2101 2718 2292 2772 nempe

686 2787 838 2849 mihi,
870 2788 913 2840 si
944 2799 1224 2858 argentum
1255 2791 1351 2846 abs
1382 2802 1436 2847 te
1464 2804 1703 2848 mutuum
1726 2794 1843 2850 dari
1874 2797 2163 2866 contingat,
2195 2813 2291 2851 an-

686 2894 792 2932 non
830 2894 1042 2948 semper
1069 2881 1295 2937 debitori
1322 2884 1618 2941 'occurrens
1650 2888 1822 2956 ipsum
1854 2892 2021 2943 mutui
2052 2905 2291 2944 commo-

685 2972 888 3025 nefacis
918 2973 1076 3027 ?lloc
1102 2984 1156 3029 et
1195 2990 1335 3030 nunc
1366 2978 1444 3031 fac
1463 3019 1477 3040 ,
1510 2986 1564 3032 et
1589 2979 1812 3049 quisque
1839 2989 1987 3050 putet
2009 2991 2286 3051 argentum

681 3062 782 3115 sibi
817 3064 1118 3132 proximum
1155 3066 1352 3121 debere
1376 3110 1391 3134 ,
1424 3068 1581 3137 hujus
1605 3070 1809 3124 scilicet
1842 3071 2075 3125 mandati
2101 3074 2289 3142 exple-

682 3155 881 3209 tionem
907 3196 923 3221 ,
965 3168 1019 3211 et
1047 3174 1333 3215 occurrens
1376 3162 1658 3216 solutionis
1700 3165 1871 3235 ipsum
1904 3175 2245 3221 commoneat
2267 3208 2283 3233 ,

685 3246 862 3299 sciens
901 3262 1004 3301 non
1047 3264 1263 3316 parvum
1296 3252 1448 3305 nobis
1491 3255 1779 3323 repositum
1810 3272 1929 3311 esse
1954 3257 2283 3325 periculum,

682 3333 903 3389 fratrum
927 3352 1109 3391 curam
1134 3354 1236 3393 non
1259 3342 1557 3410 agentibus.
1585 3343 1870 3412 Protiterea
1898 3356 1951 3400 et
1976 3362 2075 3417 ego
2096 3348 2283 3403 eadem

680 3425 858 3479 dicere
890 3442 994 3480 non
1024 3428 1228 3484 desisto
1261 3450 1274 3482 :
1310 3433 1472 3487 timeo
1499 3434 1663 3498 enim,
1690 3452 1756 3491 ne
1787 3438 1871 3490 illa
1902 3438 1989 3492 die
2024 3440 2237 3495 audiam
2268 3459 2280 3495 :

684 3513 926 3585 Improbe
943 3533 1082 3571 serve
1112 3528 1161 3572 et
1201 3522 1390 3590 segnis,
1430 3527 1685 3592 oportebat
1712 3537 1760 3580 te
1787 3544 1996 3598 erogare
2019 3542 2286 3601 argentum

678 3623 842 3661 meum
867 3611 1255 3681 nummulariis(
1284 3612 1469 3667 Matth.
1492 3615 1582 3671 25.
1613 3617 1702 3671 26.
1733 3618 1846 3688 27).
1882 3621 2017 3676 Ecce
2047 3624 2281 3692 erogari,

680 3714 784 3752 non
808 3701 1007 3765 semel,
1039 3718 1211 3770 neque
1241 3704 1340 3767 bis,
1371 3706 1464 3760 sed
1486 3708 1717 3775 smpius;
1747 3722 1980 3766 vestrum
2005 3729 2132 3767 vero
2158 3716 2281 3769 reli-

680 3804 843 3857 quum
870 3800 952 3844 est
983 3794 1154 3847 lamus
1186 3793 1410 3850 reddere
1439 3814 1452 3850 :
1487 3812 1642 3852 usura
1678 3815 1802 3855 vero
1824 3810 1907 3855 est
1934 3804 2130 3858 audita:
2158 3821 2279 3859 mo-

684 3881 902 3936 uitionis
929 3898 1022 3951 per
1049 3899 1210 3953 opera
1253 3886 1513 3940 exhiliitin
1543 3905 1557 3941 :
1589 3891 1784 3943 etenim
1823 3893 2088 3948 dominica
2117 3906 2274 3961 sunt,

680 4013 1013 4027 ψ

679 4109 1054 4153 GRATIAEUM
1100 4112 1286 4155 ACTIO
1333 4113 1545 4155 ADIIUC
1591 4114 1674 4155 ΑΒ
1719 4114 1895 4156 ΒΕυΜ
1942 4115 2023 4156 ΒΕ
2069 4117 2422 4160 MUTATIONI

1112 4112 1286 4155 ACTIO
1333 4113 1545 4155 ADl'lUC
1591 4114 1674 4155 ΑΒ
1719 4114 1895 4156 ΒΕυΜ
1942 4115 2023 4156 ΒΕ
2069 4117 2440 4160 MUTATIONE
2484 4115 2791 4158 TRISTIUM
2842 4116 2855 4154 2

1444 485 1505 543 3.
1541 483 1820 543 JOANNIS
1856 484 2328 543 CHRYSOSTOMI
2369 484 2688 544 ARClllEP.
2727 486 3259 547 CONSTANTINOP.

3900 497 4007 553 I36

2404 614 2523 668 qtuc
2546 608 2729 655 mutuo
2754 600 2966 654 dantur.
2997 601 3075 656 Ne
3100 600 3260 671 igitur
3280 597 3608 672 negligenter
3628 602 4015 673 suscipiamus,

2402 690 2497 743 sed
2527 706 2648 745 eum
2686 691 2956 759 diligentia
2995 692 3296 760 depositum
3339 695 3748 757 contineamus,
3780 704 3840 749 ut
3882 712 4012 751 cum

2411 781 2576 835 multa
2622 783 2977 851 negotiatione
3024 783 3198 852 ipsum
3244 788 3335 843 illo
3379 788 3467 844 die
3521 785 3827 842 reddamus.
3892 786 4014 843 Nisi

2401 870 2544 923 enim
2572 881 2628 926 et
2663 873 2799 927 alios
2824 874 2875 927 in
2917 872 3054 928 idem
3091 874 3329 932 ofﬁcium
3357 879 3661 942 induxeris,
3693 860 3880 932 audies
3908 892 4015 933 vo-

2400 974 2518 1014 cem
2550 962 2723 1029 illam,
2755 978 2914 1033 quam
2941 963 3142 1018 audivit
3169 967 3257 1034 qui
3288 968 3545 1023 talentum
3574 967 3793 1023 defodit.
3818 968 3888 1022 At
3912 982 4014 1021 vo-

2398 1052 2482 1106 bis
2503 1068 2571 1107 ne
2604 1055 2818 1109 eveniat
2841 1053 2980 1109 hanc
3004 1054 3207 1120 audire,
3242 1057 3335 1111 sed
3367 1059 3527 1114 aliam
3546 1074 3730 1114 vocem
3754 1073 3909 1128 quam
3933 1058 4013 1120 ei.

2398 1141 2490 1211 qui
2516 1144 2814 1212 negotiatus
2840 1154 2976 1209 erat,
3011 1144 3246 1201 reddidit
3273 1145 3540 1215 Christus,
3568 1149 3755 1204 dicens
3783 1166 3798 1202 :
3831 1149 3972 1219 Euge
3992 1190 4012 1215 ,

2399 1248 2537 1287 serue
2561 1234 2686 1289 bone
2705 1243 2750 1287 et
2780 1236 2947 1303 ﬁdelis
2971 1280 2986 1298 ,
3014 1238 3253 1306 quoniam
3281 1253 3434 1307 super
3461 1255 3625 1308 pauca
3647 1240 3791 1310 fuisti
3818 1239 4011 1309 ﬁdelis,

2397 1340 2557 1393 supra
2582 1325 2743 1378 multa
2763 1335 2811 1380 te
2827 1328 3134 1381 constituam
3157 1327 3372 1400 (Matth.
3398 1328 3490 1383 25.
3509 1329 3571 1384 2i
3592 1328 3635 1399 ).
3665 1330 3810 1385 llanc
3830 1338 4014 1384 autem

2397 1413 2677 1469 audiemus
2697 1429 2881 1470 vocem
2900 1457 2917 1482 ,
2946 1418 2990 1471 si
3019 1417 3159 1471 idem
3190 1418 3332 1489 quod
3363 1418 3451 1473 ille
3493 1418 3730 1474 studium
3752 1420 4014 1476 exhibue-

2400 1504 2608 1569 rimus;
2641 1505 2780 1561 idem
2808 1522 2935 1563 vero
2964 1507 3196 1563 studium
3229 1508 3621 1578 praestabimus,
3653 1510 3699 1564 si
3722 1512 3840 1577 hoc,
3862 1509 4012 1582 quod

2398 1596 2520 1651 dico
2545 1638 2559 1661 ,
2589 1596 2897 1654 fecerimus.
2928 1599 3059 1655 Cum
3102 1599 3278 1655 adhuc
3320 1598 3538 1655 fervens
3578 1609 3663 1655 est
3705 1601 3921 1656 auditus
3949 1602 4009 1657 in

2398 1688 2571 1752 vobis,
2596 1690 2795 1760 egressi
2826 1690 3182 1746 exhortamini
3214 1692 3350 1745 inter
3380 1704 3512 1745 vos:
3544 1699 3601 1744 et
3628 1690 3765 1744 sicut
3789 1691 4002 1760 disjun-

2397 1779 2583 1848 gimini
2606 1780 2833 1849 quisque
2861 1796 2982 1836 cum
3008 1782 3350 1847 salutatione,
3382 1781 3458 1835 sic
3484 1795 3605 1835 cum
3632 1779 4003 1836 admonitione

2397 1870 2622 1936 quisque
2652 1869 2869 1924 domum
2893 1872 3129 1935 recedat,
3159 1880 3214 1926 et
3238 1873 3381 1927 dicat
3402 1871 3641 1941 proximo
3670 1888 3683 1923 :
3711 1869 4011 1926 Considera

2394 1966 2450 2011 et
2472 1957 2789 2021 recordare,
2820 1960 3090 2029 quomodo
3118 1961 3425 2015 mandatum
3469 1960 3775 2015 custodias:
3805 1968 3860 2014 et
3880 1974 4009 2014 om-

2398 2048 2523 2103 nino
2561 2050 2952 2119 superabimus.
2982 2051 3114 2104 Cum
3148 2053 3291 2105 enim
3331 2062 3387 2106 et
3409 2052 3570 2107 amici
3600 2062 3650 2107 te
3688 2052 3992 2107 dimiserint

2396 2155 2517 2195 cum
2542 2142 2633 2195 tali
2656 2142 2902 2205 consilio,
2930 2151 2983 2195 et
3001 2141 3218 2197 domum
3245 2141 3541 2209 profectum
3573 2158 3785 2198 rursum
3805 2143 4001 2198 eadem

2400 2248 2533 2285 uxor
2556 2232 2868 2299 admoneat,
2901 2242 2955 2288 et
2974 2275 2988 2299 ,
3018 2248 3136 2287 cum
3165 2233 3264 2288 soli
3293 2235 3425 2288 estis
3445 2274 3460 2297 ,
3492 2236 3667 2289 oratio
3693 2246 3875 2289 nostra
3904 2250 4008 2291 vos

2394 2326 2703 2391 contineat,
2744 2327 2993 2381 celeriter
3035 2327 3175 2381 hanc
3211 2326 3652 2381 consuetudinem
3699 2328 4003 2395 improbam

2394 2417 2741 2486 expellemus.
2773 2416 2906 2471 Novi
2939 2418 3156 2487 quidem
3182 2432 3279 2471 vos
3308 2417 3562 2472 admirari
3591 2432 3755 2487 quare
3795 2427 4006 2472 tantum

2394 2508 2462 2563 de
2509 2508 2609 2563 hoc
2651 2510 2902 2563 mandato
2939 2510 3172 2564 studium
3214 2509 3441 2574 faciam;
3474 2524 3658 2563 verum
3701 2509 3995 2576 adimplete

2397 2598 2728 2663 mandatum,
2758 2608 2813 2654 et
2839 2609 2966 2653 tunc
2987 2600 3183 2655 dicam.
3218 2600 3431 2653 Interim
3461 2599 3653 2669 quippe
3679 2599 3807 2653 illud
3827 2599 3950 2654 dico
3973 2641 3994 2666 ,

2397 2689 2566 2759 legem
2592 2705 2713 2744 esse
2755 2690 2989 2743 divinam
3039 2690 3138 2745 hoc
3173 2689 3501 2753 mandatum,
3528 2699 3582 2743 ct
3603 2690 3773 2758 ipsum
3806 2698 4001 2744 trans-

2388 2781 2539 2850 gredi
2569 2796 2674 2835 non
2704 2796 2824 2835 esse
2855 2790 3024 2835 tutum
3050 2798 3064 2844 ;
3094 2782 3138 2835 si
3168 2790 3348 2836 autem
3394 2782 3667 2848 impletum
3696 2781 3904 2845 videro,
3944 2791 4004 2835 et

2394 2871 2554 2925 aliam
2586 2871 2738 2926 vobis
2768 2886 2983 2925 causam
3005 2873 3445 2926 commemorabo
3466 2872 3565 2926 hac
3585 2887 3691 2925 non
3716 2873 4001 2936 minorem,

2391 2970 2446 3016 ut
2474 2961 2723 3024 discatis,
2756 2976 2842 3017 me
2866 2962 2987 3030 jure
3015 2976 3113 3029 pro
3155 2961 3253 3015 hae
3281 2962 3399 3030 lege
3448 2960 3682 3014 studium
3723 2960 3998 3015 exhibere.

2392 3051 2579 3107 Restat
2607 3066 2734 3106 vero
2758 3052 2866 3119 jam
2898 3067 2993 3120 per
3020 3050 3463 3119 supplicationem
3490 3064 3795 3104 sermonem
3818 3050 4001 3103 absol-

2390 3158 2532 3197 vere.
2562 3143 2894 3198 Unanimiter
2928 3144 3089 3212 igitur
3123 3157 3311 3196 omnes
3339 3141 3615 3196 dicamus:
3646 3141 3787 3197 Deus
3809 3142 4000 3197 nolens

2392 3244 2497 3289 tam
2529 3243 2756 3288 mortem
2779 3236 3097 3303 peccatoris.
3129 3250 3288 3303 quam
3312 3242 3721 3290 utconvcrtatur
3740 3243 3795 3289 et
3815 3234 3983 3298 vivat,

2388 3335 2442 3379 et
2473 3326 2608 3378 hanc
2628 3334 2684 3379 et
2717 3324 2850 3379 alias
2879 3324 3027 3395 leges
3052 3340 3242 3379 omnes
3282 3340 3381 3378 nos
3406 3334 3727 3393 exsequutos
3771 3325 3995 3395 dignare

2388 3416 2465 3468 sic
2492 3415 2744 3470 assistere
2773 3415 3022 3469 tribunali
3048 3413 3246 3468 Christi
3279 3415 3376 3478 tui,
3410 3424 3466 3467 ut
3492 3413 3737 3469 ﬁduciam
3772 3416 3993 3470 multam

2388 3506 2678 3576 assequuti,
2715 3508 2768 3561 in
2797 3521 3018 3575 regnum
3048 3507 3424 3574 perveniamus
3452 3504 3519 3558 ad
3549 3504 3773 3574 gloriam
3803 3514 3944 3558 tuam
3975 3523 3991 3558 :

2386 3603 2639 3669 quoniam
2673 3610 2722 3655 te
2752 3602 2903 3655 decet
2934 3602 3126 3670 gloria,
3161 3617 3261 3653 una
3291 3615 3412 3654 cum
3437 3600 3709 3669 unigenito
3735 3599 3871 3654 Filio
3902 3610 3994 3653 tuo

2385 3705 2437 3748 et
2467 3703 2652 3749 sancto
2683 3694 2904 3763 Spiritu,
2930 3709 3070 3749 nunc
3098 3701 3155 3749 et
3178 3707 3412 3763 semper,
3441 3702 3497 3747 et
3521 3693 3574 3747 in
3596 3693 3790 3748 szncula
3815 3707 3984 3748 sacu-

2388 3785 2579 3839 lorum.
2614 3790 2805 3841 Amen.

2906 4114 2985 4155 ET
3028 4112 3540 4155 COMRIEMORATIO
3586 4112 3829 4165 EORUM,
3875 4111 3986 4163 QUI

757 4208 1038 4252 PROPTER
1066 4212 1453 4255 SEDITIONEM
1486 4213 1776 4267 RAPTATI,
1809 4214 2035 4257 POENAS
2064 4216 2379 4259 LUERANT.
2404 4218 2725 4260 SIMHJTEE
2755 4214 2993 4257 EURSL‘S
3037 4213 3365 4255 EXPOSITIO
3396 4214 3474 4255 ΒΕ
3503 4215 3763 4257 [IOMINIS
3792 4216 3987 4257 CRBA-

756 4311 969 4364 TIOVE,
999 4314 1078 4355 ET
1120 4313 1292 4365 QUOD
1336 4314 1546 4357 LEGEM
1590 4313 1942 4357 ACCEPERIT
1986 4316 2371 4360 NATUEALEM
2419 4321 2433 4359 ἓ

757 4412 1085 4457 TOLLENDA
1130 4399 1171 4456 ¹.

2484 4319 2563 4359 ΕΤ
2629 4318 2712 4358 ΒΕ
2778 4316 3054 4358 δυιιΑΝυι
3098 4314 3583 4357 CONSUETUDINE
3642 4316 3980 4360 RADICITUS

2084 4520 2584 4600 W

1300 4671 1516 4713 ηοιιιιιΑ
1555 4672 1667 4711 Illi.

748 4750 799 4804 ί.
839 4750 921 4804 Ab
942 4750 1129 4806 eodem
1158 4748 1419 4820 principio
1455 4756 1509 4802 et
1546 4746 1734 4801 iisdem
1764 4748 2054 4816 prommiis,
2084 4750 2276 4819 quibus

680 4838 793 4893 heri
822 4852 871 4895 et
913 4841 1301 4895 nudiustertius
1330 4839 1487 4907 ccepi,
1518 4849 1573 4894 et
1603 4838 1761 4893 hodie
1790 4840 2036 4909 incipiam
2066 4857 2078 4893 :
2104 4841 2274 4894 dicam

677 4942 731 4985 et
776 4945 913 4984 nunc
941 4947 954 4981 :
984 4929 1298 4985 Benedictus
1327 4931 1486 4985 Deus.
1518 4931 1738 4997 Qualem
1770 4931 2094 4999 prmteritam
2141 4931 2274 4984 vidi-

682 5038 803 5077 mus
830 5021 1015 5076 feriam
1043 5030 1316 5087 quartam,
1350 5029 1402 5073 et
1428 5021 1637 5089 qualem
1680 5036 1818 5075 nunc
1862 5020 2103 5076 videmus
2142 5037 2278 5091 pra:—

682 5114 923 5168 sentem?
949 5121 1147 5182 quanta
1189 5112 1242 5164 in
1272 5111 1363 5163 illo
1401 5110 1699 5163 obscuritas
1737 5120 1860 5165 tunc
1885 5111 2045 5165 erat?
2078 5121 2275 5182 quanta

680 5220 818 5256 nunc
845 5203 895 5256 in
918 5205 1166 5273 praesenti
1190 5200 1581 5271 tranquillitas?
1614 5199 1808 5253 Eodem
1829 5201 1914 5255 die
1941 5204 2275 5258 tremendum

684 5296 735 5347 in
764 5296 978 5348 civitate
1006 5294 1235 5347 tribunal
1266 5292 1394 5348 illud
1420 5301 1473 5347 et
1505 5292 1744 5347 omnium
1783 5294 1943 5347 corda
1969 5299 2270 5361 concussit,

688 5396 731 5439 :t
774 5396 926 5440 nocte
961 5385 1090 5440 fecit
1116 5385 1256 5439 diem
1290 5386 1453 5438 nihilo
1478 5400 1599 5440 esse
1632 5385 1910 5441 meliorem
1934 5428 1949 5452 ,
1980 5402 2083 5441 non
2113 5388 2276 5443 radiis

680 5478 985 5543 exstinctis,
1018 5478 1111 5533 sed
1142 5478 1353 5531 tristitia
1379 5488 1432 5532 et
1459 5478 1653 5533 timore
1682 5480 1866 5534 oculos
1891 5478 2277 5535 oﬂ‘uscantibus

680 5576 909 5619 vestros.
939 5566 1003 5621 Ut
1044 5567 1201 5637 igitur
1226 5578 1278 5621 et
1318 5584 1415 5621 nos
1445 5568 1697 5638 majorem
1730 5572 2002 5640 capiamus
2031 5571 2274 5641 volupta-

678 5668 784 5711 tum
808 5698 822 5722 ,
858 5672 1022 5726 pauca
1046 5674 1229 5712 eorum
1256 5674 1373 5728 qum
1406 5668 1528 5714 tunc
1556 5661 1862 5715 acciderunt
1887 5704 1902 5728 ,
1942 5678 2273 5717 commemo-

740 5818 758 5848 ί
790 5816 953 5878 Savil.,
999 5818 1239 5888 acceperit
1276 5820 1547 5888 naturalem
1578 5836 1676 5888 Aper
1711 5824 2027 5888 cognitionem
2059 5828 2271 5888 agendo-

672 5892 784 5990 ἲιιηᾶ
804 5889 849 5931 et
874 5894 968 5932 non
1013 5882 1348 5947 agendarum;
1383 5890 1429 5934 et
1464 5886 1527 5935 de
1556 5882 2149 5946 jurandi'consuvtudine
2182 5888 2272 5937 tol-

695 5956 751 5990 ιή
785 5957 835 5992 ιε.

2383 4675 2505 4715 rare
2534 4660 2676 4715 volo.
2712 4659 2779 4713 Et
2805 4658 2953 4711 vobis
2989 4658 3131 4711 enim
3162 4666 3216 4713 et
3254 4658 3484 4729 posteris
3525 4659 3769 4713 omnibus
3798 4661 3979 4714 utilem

2382 4750 2570 4805 horum
2603 4766 2725 4805 esse
2754 4751 2909 4804 video
2949 4751 3307 4803 narrationem
3336 4749 3619 4817 :quoniam
3654 4750 3802 4806 etde
3845 4766 3981 4805 nau-

2382 4842 2551 4911 fragio
2577 4843 2801 4895 servatis
2828 4841 3120 4910 jucundum
3160 4848 3244 4894 est
3272 4837 3526 4893 ﬂuctuum
3569 4842 3879 4896 meminisse
3926 4850 3984 4896 et

2383 4933 2716 5001 tempestatis
2745 4941 2800 4985 et
2822 4941 3095 4986 ventorum
3118 4972 3133 4995 ,
3182 4941 3458 5000 postquam
3492 4933 3542 4985 in
3571 4942 3779 5000 portum
3829 4934 3982 4987 navi-

2384 5022 2600 5092 garint;
2645 5032 2699 5075 et
2743 5022 2928 5075 morbo
2954 5022 3181 5075 detentis
3211 5030 3509 5089 pergratum
3524 5035 3604 5075 est
3628 5024 3981 5093 postmgritu-

2384 5116 2563 5168 dinem
2594 5112 2771 5167 febres
2797 5154 2810 5176 ,
2842 5128 2934 5180 per
2960 5128 3090 5181 quas
3131 5126 3267 5181 pene
3299 5110 3368 5165 ad
3412 5122 3634 5165 mortem
3675 5125 3979 5179 venerunt,

2382 5207 2501 5262 aliis
2530 5220 2770 5261 narrare.
2799 5204 2933 5259 Cum
2959 5206 3100 5259 enim
3129 5204 3309 5274 gravia
3337 5205 3707 5271 przcterierint,
3741 5207 3982 5273 volupta-

2384 5306 2489 5352 tem
2522 5296 2681 5351 habet
2721 5311 2905 5351 eorum
2935 5294 3395 5357 commemoratio,
3421 5294 3593 5348 anima
3622 5310 3727 5349 non
3754 5296 3979 5363 amplius

2383 5389 2745 5455 formidante,
2796 5389 2888 5444 sed
2944 5390 3205 5459 majorem
3260 5387 3501 5456 capiente
3545 5387 3975 5443 delectationem.

2381 5482 2778 5536 Praeteritorum
2830 5482 2972 5537 enim
3019 5481 3278 5536 memoria
3323 5482 3620 5549 malorum,
3662 5493 3979 5554 przesentem

2383 5573 2815 5643 tranquillitatem
2842 5575 3144 5629 accuratius
3168 5574 3485 5643 gustandam
3514 5578 3748 5633 exhibet.

2454 5664 2802 5721 Consternatio
2832 5667 3267 5721 Antiochenomm
3293 5668 3345 5721 in
3381 5670 3740 5737 perquisitione
3774 5667 3840 5722 de
3867 5674 3981 5720 sta-

2382 5757 2481 5813 tuis
2501 5759 2706 5814 eversis.
2732 5788 2804 5800 —
2830 5759 3122 5829 Postquam
3168 5757 3311 5813 enim
3359 5759 3589 5815 civitatis
3629 5758 3804 5827 major
3856 5772 3979 5828 pars

2380 5865 2490 5919 pra:
2516 5851 2706 5906 timore
2740 5860 2794 5906 et
2821 5851 3239 5907 comminatione
3268 5852 3354 5907 illa
3378 5851 3443 5906 ad
3470 5852 3683 5906 deserta
3716 5858 3770 5905 et
3797 5847 3976 5905 fauces

2382 5942 2643 5998 utentium
2694 5950 2747 5997 ct
2792 5943 2997 5997 occulta
3049 5943 3286 5999 locorum
3340 5939 3778 6007 transmigravit,
3829 5950 3975 5997 metu
