  <div class='ocr_page' id='page_1' title='image "/cluster/home/n/w/nwhite01/storage/ocr_20150623/49/hvd.32044025239823/136.png"; bbox 0 0 4414 6742; ppageno 0'>
   <div class='ocr_carea' id='block_1_1' title="bbox 188 445 288 503">
    <p class='ocr_par' dir='ltr' id='par_1_1' title="bbox 188 445 288 503">
     <span class='ocr_line' id='line_1_1' title="bbox 188 445 288 503; baseline -0.08 0"><span class='ocrx_word' id='word_1_1' title='bbox 188 445 288 503; x_wconf 70' lang='grc'>135</span> 
     </span>
    </p>
   </div>
   <div class='ocr_carea' id='block_1_2' title="bbox 183 551 1864 626">
    <p class='ocr_par' dir='ltr' id='par_1_2' title="bbox 183 551 1864 626">
     <span class='ocr_line' id='line_1_2' title="bbox 183 551 1864 626; baseline -0.002 -17"><span class='ocrx_word' id='word_1_2' title='bbox 183 570 269 617; x_wconf 78' lang='grc' dir='ltr'>τις</span> <span class='ocrx_word' id='word_1_3' title='bbox 297 553 375 617; x_wconf 87' lang='grc' dir='ltr'>ὼς</span> <span class='ocrx_word' id='word_1_4' title='bbox 405 553 672 626; x_wconf 71' lang='grc' dir='ltr'>μηδεμιᾶς</span> <span class='ocrx_word' id='word_1_5' title='bbox 704 554 1084 623; x_wconf 77' lang='grc' dir='ltr'>ἀπολαύσομεν</span> <span class='ocrx_word' id='word_1_6' title='bbox 1133 551 1484 624; x_wconf 81' lang='grc' dir='ltr'>συγγνώμης,</span> <span class='ocrx_word' id='word_1_7' title='bbox 1510 557 1560 607; x_wconf 89' lang='grc' dir='ltr'>εί</span> <span class='ocrx_word' id='word_1_8' title='bbox 1599 556 1738 626; x_wconf 87' lang='grc' dir='ltr'>μετά</span> <span class='ocrx_word' id='word_1_9' title='bbox 1764 571 1864 623; x_wconf 84' lang='grc' dir='ltr'>φυ-</span> 
     </span>
    </p>
   </div>
   <div class='ocr_carea' id='block_1_3' title="bbox 186 639 1864 715">
    <p class='ocr_par' dir='ltr' id='par_1_3' title="bbox 186 639 1864 715">
     <span class='ocr_line' id='line_1_3' title="bbox 186 639 1864 715; baseline -0.001 -19"><span class='ocrx_word' id='word_1_10' title='bbox 186 643 335 696; x_wconf 80' lang='grc' dir='ltr'>σικὸν</span> <span class='ocrx_word' id='word_1_11' title='bbox 366 646 456 696; x_wconf 80' lang='grc' dir='ltr'>καὶ</span> <span class='ocrx_word' id='word_1_12' title='bbox 482 645 725 715; x_wconf 80' lang='grc' dir='ltr'>γραπτὸν</span> <span class='ocrx_word' id='word_1_13' title='bbox 747 643 931 714; x_wconf 90' lang='grc' dir='ltr'>νόμον,</span> <span class='ocrx_word' id='word_1_14' title='bbox 959 641 1054 693; x_wconf 81' lang='grc' dir='ltr'>καὶ</span> <span class='ocrx_word' id='word_1_15' title='bbox 1079 639 1424 694; x_wconf 73' lang='grc' dir='ltr'>διδασκαλίαν</span> <span class='ocrx_word' id='word_1_16' title='bbox 1451 642 1739 712; x_wconf 81' lang='grc' dir='ltr'>τοσαύτην,</span> <span class='ocrx_word' id='word_1_17' title='bbox 1769 642 1864 696; x_wconf 77' lang='grc' dir='ltr'>καὶ</span> 
     </span>
    </p>
   </div>
   <div class='ocr_carea' id='block_1_4' title="bbox 185 726 1862 804">
    <p class='ocr_par' dir='ltr' id='par_1_4' title="bbox 185 726 1862 804">
     <span class='ocr_line' id='line_1_4' title="bbox 185 726 1862 804; baseline -0.002 -21"><span class='ocrx_word' id='word_1_18' title='bbox 185 732 382 802; x_wconf 86' lang='grc' dir='ltr'>συνεχῆ</span> <span class='ocrx_word' id='word_1_19' title='bbox 403 732 741 804; x_wconf 89' lang='grc' dir='ltr'>παραίνεσιν,</span> <span class='ocrx_word' id='word_1_20' title='bbox 780 730 879 799; x_wconf 90' lang='grc' dir='ltr'>τῆς</span> <span class='ocrx_word' id='word_1_21' title='bbox 931 726 1208 798; x_wconf 87' lang='grc' dir='ltr'>ήμετέρας</span> <span class='ocrx_word' id='word_1_22' title='bbox 1261 727 1640 800; x_wconf 91' lang='grc' dir='ltr'>ἀμελήσαιμεν</span> <span class='ocrx_word' id='word_1_23' title='bbox 1681 745 1862 798; x_wconf 86' lang='grc' dir='ltr'>σωτη-</span> 
     </span>
    </p>
   </div>
   <div class='ocr_carea' id='block_1_5' title="bbox 225 819 329 883">
    <p class='ocr_par' dir='ltr' id='par_1_5' title="bbox 225 819 329 883">
     <span class='ocr_line' id='line_1_5' title="bbox 225 819 329 883; baseline 0.029 -13"><span class='ocrx_word' id='word_1_24' title='bbox 225 819 329 883; x_wconf 91' lang='grc' dir='ltr'>ίας.</span> 
     </span>
    </p>
   </div>
   <div class='ocr_carea' id='block_1_6' title="bbox 187 836 1862 977">
    <p class='ocr_par' dir='ltr' id='par_1_6' title="bbox 187 836 1862 977">
     <span class='ocr_line' id='line_1_6' title="bbox 187 836 1862 977; baseline -0.006 -13"><span class='ocrx_word' id='word_1_25' title='bbox 187 836 329 972; x_wconf 50' lang='grc' dir='ltr'>ριέἷί</span> <span class='ocrx_word' id='word_1_26' title='bbox 335 907 605 977; x_wconf 83' lang='grc' dir='ltr'>Βούλομαι</span> <span class='ocrx_word' id='word_1_27' title='bbox 621 900 715 957; x_wconf 82' lang='grc' dir='ltr'>οῦν</span> <span class='ocrx_word' id='word_1_28' title='bbox 728 901 886 954; x_wconf 85' lang='grc' dir='ltr'>πάλιν</span> <span class='ocrx_word' id='word_1_29' title='bbox 900 899 1146 973; x_wconf 76' lang='grc' dir='ltr'>περὶτῶν</span> <span class='ocrx_word' id='word_1_30' title='bbox 1162 900 1336 971; x_wconf 82' lang='grc' dir='ltr'>ὅρκων</span> <span class='ocrx_word' id='word_1_31' title='bbox 1348 902 1377 955; x_wconf 86' lang='lat'>6</span> <span class='ocrx_word' id='word_1_32' title='bbox 1386 905 1476 974; x_wconf 88' lang='grc' dir='ltr'>μῖν</span> <span class='ocrx_word' id='word_1_33' title='bbox 1490 901 1862 972; x_wconf 88' lang='grc' dir='ltr'>διαλεχθῆναι,</span> 
     </span>
    </p>
   </div>
   <div class='ocr_carea' id='block_1_7' title="bbox 183 987 1864 1066">
    <p class='ocr_par' dir='ltr' id='par_1_7' title="bbox 183 987 1864 1066">
     <span class='ocr_line' id='line_1_7' title="bbox 183 987 1864 1066; baseline -0.003 -19"><span class='ocrx_word' id='word_1_34' title='bbox 183 994 508 1066; x_wconf 80' lang='grc' dir='ltr'>αἰσχύνομαι</span> <span class='ocrx_word' id='word_1_35' title='bbox 537 993 616 1046; x_wconf 86' lang='grc' dir='ltr'>δέ.</span> <span class='ocrx_word' id='word_1_36' title='bbox 659 989 814 1059; x_wconf 79' lang='grc' dir='ltr'>Ἐμοὶ</span> <span class='ocrx_word' id='word_1_37' title='bbox 841 989 938 1059; x_wconf 88' lang='grc' dir='ltr'>μὲν</span> <span class='ocrx_word' id='word_1_38' title='bbox 968 989 1076 1060; x_wconf 86' lang='grc' dir='ltr'>γάρ</span> <span class='ocrx_word' id='word_1_39' title='bbox 1105 987 1202 1040; x_wconf 76' lang='grc' dir='ltr'>οὐκ</span> <span class='ocrx_word' id='word_1_40' title='bbox 1233 987 1377 1044; x_wconf 83' lang='grc' dir='ltr'>ἐστιν</span> <span class='ocrx_word' id='word_1_41' title='bbox 1410 990 1645 1062; x_wconf 81' lang='grc' dir='ltr'>ἐπαχθὲς</span> <span class='ocrx_word' id='word_1_42' title='bbox 1672 989 1766 1042; x_wconf 73' lang='grc' dir='ltr'>καὶ</span> <span class='ocrx_word' id='word_1_43' title='bbox 1806 991 1864 1043; x_wconf 86' lang='grc' dir='ltr'>ἐν</span> 
     </span>
    </p>
   </div>
   <div class='ocr_carea' id='block_1_8' title="bbox 185 1074 1863 1153">
    <p class='ocr_par' dir='ltr' id='par_1_8' title="bbox 185 1074 1863 1153">
     <span class='ocr_line' id='line_1_8' title="bbox 185 1074 1863 1153; baseline -0.013 -17"><span class='ocrx_word' id='word_1_44' title='bbox 185 1083 368 1153; x_wconf 69' lang='grc' dir='ltr'>ἡμέρα</span> <span class='ocrx_word' id='word_1_45' title='bbox 400 1082 495 1135; x_wconf 70' lang='grc' dir='ltr'>καὶ</span> <span class='ocrx_word' id='word_1_46' title='bbox 533 1082 590 1130; x_wconf 88' lang='grc' dir='ltr'>ἐν</span> <span class='ocrx_word' id='word_1_47' title='bbox 620 1078 774 1128; x_wconf 75' lang='grc' dir='ltr'>νυκτὶ</span> <span class='ocrx_word' id='word_1_48' title='bbox 799 1074 867 1128; x_wconf 73' lang='grc' dir='ltr'>τὰ</span> <span class='ocrx_word' id='word_1_49' title='bbox 909 1075 1048 1128; x_wconf 83' lang='grc' dir='ltr'>αύτά</span> <span class='ocrx_word' id='word_1_50' title='bbox 1090 1074 1224 1144; x_wconf 79' lang='grc' dir='ltr'>πρὸς</span> <span class='ocrx_word' id='word_1_51' title='bbox 1254 1076 1398 1145; x_wconf 78' lang='grc' dir='ltr'>ὑμᾶς</span> <span class='ocrx_word' id='word_1_52' title='bbox 1426 1077 1625 1146; x_wconf 59' lang='grc' dir='ltr'>λέγειν,</span> <span class='ocrx_word' id='word_1_53' title='bbox 1649 1076 1863 1129; x_wconf 77' lang='grc' dir='ltr'>δέδοικα</span> 
     </span>
    </p>
   </div>
   <div class='ocr_carea' id='block_1_9' title="bbox 184 1161 1861 1240">
    <p class='ocr_par' dir='ltr' id='par_1_9' title="bbox 184 1161 1861 1240">
     <span class='ocr_line' id='line_1_9' title="bbox 184 1161 1861 1240; baseline -0.005 -17"><span class='ocrx_word' id='word_1_54' title='bbox 184 1173 238 1223; x_wconf 78' lang='grc' dir='ltr'>δὲ</span> <span class='ocrx_word' id='word_1_55' title='bbox 269 1171 345 1240; x_wconf 84' lang='grc' dir='ltr'>μή</span> <span class='ocrx_word' id='word_1_56' title='bbox 373 1169 473 1229; x_wconf 88' lang='grc' dir='ltr'>τάς</span> <span class='ocrx_word' id='word_1_57' title='bbox 500 1163 699 1226; x_wconf 76' lang='grc' dir='ltr'>πολλὰς</span> <span class='ocrx_word' id='word_1_58' title='bbox 727 1161 930 1225; x_wconf 88' lang='grc' dir='ltr'>ταύτας</span> <span class='ocrx_word' id='word_1_59' title='bbox 956 1162 1168 1231; x_wconf 81' lang='grc' dir='ltr'>ἡμέρας</span> <span class='ocrx_word' id='word_1_60' title='bbox 1193 1161 1320 1232; x_wconf 82' lang='grc' dir='ltr'>ὑμῖν</span> <span class='ocrx_word' id='word_1_61' title='bbox 1351 1163 1861 1234; x_wconf 80' lang='grc' dir='ltr'>παρακολουθήσας,</span> 
     </span>
    </p>
   </div>
   <div class='ocr_carea' id='block_1_10' title="bbox 184 1247 1866 1326">
    <p class='ocr_par' dir='ltr' id='par_1_10' title="bbox 184 1247 1866 1326">
     <span class='ocr_line' id='line_1_10' title="bbox 184 1247 1866 1326; baseline -0.007 -17"><span class='ocrx_word' id='word_1_62' title='bbox 184 1258 388 1326; x_wconf 79' lang='grc' dir='ltr'>πολλὴν</span> <span class='ocrx_word' id='word_1_63' title='bbox 419 1250 572 1322; x_wconf 83' lang='grc' dir='ltr'>ὑμῶν</span> <span class='ocrx_word' id='word_1_64' title='bbox 603 1249 857 1317; x_wconf 90' lang='grc' dir='ltr'>καταγνῶ</span> <span class='ocrx_word' id='word_1_65' title='bbox 885 1260 912 1288; x_wconf 70' lang='grc' dir='ltr'>α</span> <span class='ocrx_word' id='word_1_66' title='bbox 941 1247 1213 1318; x_wconf 68' lang='grc' dir='ltr'>ρᾳθυμίαν</span> <span class='ocrx_word' id='word_1_67' title='bbox 1245 1251 1372 1320; x_wconf 80' lang='grc' dir='ltr'>περὶ</span> <span class='ocrx_word' id='word_1_68' title='bbox 1411 1251 1739 1321; x_wconf 88' lang='grc' dir='ltr'>πράγματος</span> <span class='ocrx_word' id='word_1_69' title='bbox 1772 1249 1866 1303; x_wconf 78' lang='grc' dir='ltr'>οὖ-</span> 
     </span>
    </p>
   </div>
   <div class='ocr_carea' id='block_1_11' title="bbox 180 1335 1866 1408">
    <p class='ocr_par' dir='ltr' id='par_1_11' title="bbox 180 1335 1866 1408">
     <span class='ocr_line' id='line_1_11' title="bbox 180 1335 1866 1408; baseline -0.003 -13"><span class='ocrx_word' id='word_1_70' title='bbox 180 1361 290 1405; x_wconf 87' lang='grc' dir='ltr'>τως</span> <span class='ocrx_word' id='word_1_71' title='bbox 314 1337 538 1392; x_wconf 89' lang='grc' dir='ltr'>εύκόλου</span> <span class='ocrx_word' id='word_1_72' title='bbox 559 1335 836 1407; x_wconf 78' lang='grc' dir='ltr'>διηνεκοῦς</span> <span class='ocrx_word' id='word_1_73' title='bbox 856 1335 1120 1402; x_wconf 81' lang='grc' dir='ltr'>δεομένων</span> <span class='ocrx_word' id='word_1_74' title='bbox 1145 1336 1522 1408; x_wconf 82' lang='grc' dir='ltr'>ὑπομνήσεως.</span> <span class='ocrx_word' id='word_1_75' title='bbox 1545 1336 1660 1389; x_wconf 88' lang='grc' dir='ltr'>Ούκ</span> <span class='ocrx_word' id='word_1_76' title='bbox 1681 1337 1866 1408; x_wconf 77' lang='grc' dir='ltr'>αἰσχύ-</span> 
     </span>
    </p>
   </div>
   <div class='ocr_carea' id='block_1_12' title="bbox 181 1421 1869 1497">
    <p class='ocr_par' dir='ltr' id='par_1_12' title="bbox 181 1421 1869 1497">
     <span class='ocr_line' id='line_1_12' title="bbox 181 1421 1869 1497; baseline -0.002 -17"><span class='ocrx_word' id='word_1_77' title='bbox 181 1444 346 1497; x_wconf 74' lang='grc' dir='ltr'>νομιι</span> <span class='ocrx_word' id='word_1_78' title='bbox 374 1425 432 1477; x_wconf 85' lang='grc' dir='ltr'>δὲ</span> <span class='ocrx_word' id='word_1_79' title='bbox 459 1423 641 1494; x_wconf 87' lang='grc' dir='ltr'>μόνον,</span> <span class='ocrx_word' id='word_1_80' title='bbox 665 1421 802 1476; x_wconf 75' lang='grc' dir='ltr'>ἀλλὰ</span> <span class='ocrx_word' id='word_1_81' title='bbox 824 1423 916 1474; x_wconf 75' lang='grc' dir='ltr'>καὶ</span> <span class='ocrx_word' id='word_1_82' title='bbox 938 1421 1150 1475; x_wconf 83' lang='grc' dir='ltr'>δέδοικα</span> <span class='ocrx_word' id='word_1_83' title='bbox 1180 1423 1310 1493; x_wconf 81' lang='grc' dir='ltr'>περὶ</span> <span class='ocrx_word' id='word_1_84' title='bbox 1336 1422 1490 1493; x_wconf 84' lang='grc' dir='ltr'>ὑμῶν</span> <span class='ocrx_word' id='word_1_85' title='bbox 1507 1440 1521 1453; x_wconf 77' lang='grc' dir='ltr'>ο</span> <span class='ocrx_word' id='word_1_86' title='bbox 1551 1424 1585 1492; x_wconf 87' lang='grc' dir='ltr'>ή</span> <span class='ocrx_word' id='word_1_87' title='bbox 1612 1423 1720 1492; x_wconf 90' lang='grc' dir='ltr'>γάρ</span> <span class='ocrx_word' id='word_1_88' title='bbox 1749 1440 1869 1477; x_wconf 76' lang='grc' dir='ltr'>συν·</span> 
     </span>
    </p>
   </div>
   <div class='ocr_carea' id='block_1_13' title="bbox 183 1509 1864 1583">
    <p class='ocr_par' dir='ltr' id='par_1_13' title="bbox 183 1509 1864 1583">
     <span class='ocr_line' id='line_1_13' title="bbox 183 1509 1864 1583; baseline -0.004 -18"><span class='ocrx_word' id='word_1_89' title='bbox 183 1515 316 1583; x_wconf 81' lang='grc' dir='ltr'>εχὴς</span> <span class='ocrx_word' id='word_1_90' title='bbox 340 1509 659 1565; x_wconf 85' lang='grc' dir='ltr'>διδασκαλία</span> <span class='ocrx_word' id='word_1_91' title='bbox 690 1512 800 1572; x_wconf 88' lang='grc' dir='ltr'>τοῖς</span> <span class='ocrx_word' id='word_1_92' title='bbox 828 1510 926 1580; x_wconf 85' lang='grc' dir='ltr'>μὲν</span> <span class='ocrx_word' id='word_1_93' title='bbox 953 1510 1275 1581; x_wconf 70' lang='grc' dir='ltr'>προσέχουσι</span> <span class='ocrx_word' id='word_1_94' title='bbox 1310 1510 1579 1579; x_wconf 86' lang='grc' dir='ltr'>σωτήριον</span> <span class='ocrx_word' id='word_1_95' title='bbox 1608 1511 1703 1562; x_wconf 81' lang='grc' dir='ltr'>καὶ</span> <span class='ocrx_word' id='word_1_96' title='bbox 1730 1512 1864 1582; x_wconf 77' lang='grc' dir='ltr'>χρή-</span> 
     </span>
    </p>
   </div>
   <div class='ocr_carea' id='block_1_14' title="bbox 184 1594 1862 1668">
    <p class='ocr_par' dir='ltr' id='par_1_14' title="bbox 184 1594 1862 1668">
     <span class='ocr_line' id='line_1_14' title="bbox 184 1594 1862 1668; baseline 0 -17"><span class='ocrx_word' id='word_1_97' title='bbox 184 1616 366 1668; x_wconf 89' lang='grc' dir='ltr'>σιμον,</span> <span class='ocrx_word' id='word_1_98' title='bbox 393 1600 504 1661; x_wconf 91' lang='grc' dir='ltr'>τοῖς</span> <span class='ocrx_word' id='word_1_99' title='bbox 528 1597 584 1650; x_wconf 80' lang='grc' dir='ltr'>δὲ</span> <span class='ocrx_word' id='word_1_100' title='bbox 605 1596 905 1667; x_wconf 75' lang='grc' dir='ltr'>ῥᾳθυμοῦσι</span> <span class='ocrx_word' id='word_1_101' title='bbox 939 1595 1199 1666; x_wconf 74' lang='grc' dir='ltr'>βλαϐερὸν</span> <span class='ocrx_word' id='word_1_102' title='bbox 1231 1595 1325 1648; x_wconf 69' lang='grc' dir='ltr'>καὶ</span> <span class='ocrx_word' id='word_1_103' title='bbox 1365 1594 1723 1650; x_wconf 82' lang='grc' dir='ltr'>ἐπικίνδυνον.</span> <span class='ocrx_word' id='word_1_104' title='bbox 1755 1600 1862 1652; x_wconf 82' lang='grc' dir='ltr'>Καὶ</span> 
     </span>
    </p>
   </div>
   <div class='ocr_carea' id='block_1_15' title="bbox 181 1681 1864 1756">
    <p class='ocr_par' dir='ltr' id='par_1_15' title="bbox 181 1681 1864 1756">
     <span class='ocr_line' id='line_1_15' title="bbox 181 1681 1864 1756; baseline 0 -19"><span class='ocrx_word' id='word_1_105' title='bbox 181 1686 293 1756; x_wconf 74' lang='grc' dir='ltr'>γὰρ</span> <span class='ocrx_word' id='word_1_106' title='bbox 324 1686 542 1755; x_wconf 83' lang='grc' dir='ltr'>ὅσῳπερ</span> <span class='ocrx_word' id='word_1_107' title='bbox 580 1687 645 1738; x_wconf 82' lang='grc' dir='ltr'>ἀν</span> <span class='ocrx_word' id='word_1_108' title='bbox 676 1702 759 1748; x_wconf 90' lang='grc' dir='ltr'>τις</span> <span class='ocrx_word' id='word_1_109' title='bbox 803 1683 1089 1747; x_wconf 73' lang='grc' dir='ltr'>πλεονάκις</span> <span class='ocrx_word' id='word_1_110' title='bbox 1126 1681 1356 1753; x_wconf 88' lang='grc' dir='ltr'>ἀκούσῃ,</span> <span class='ocrx_word' id='word_1_111' title='bbox 1389 1681 1629 1752; x_wconf 82' lang='grc' dir='ltr'>τοσούτῳ</span> <span class='ocrx_word' id='word_1_112' title='bbox 1664 1685 1864 1752; x_wconf 83' lang='grc' dir='ltr'>μᾶλλον</span> 
     </span>
    </p>
   </div>
   <div class='ocr_carea' id='block_1_16' title="bbox 181 1769 1866 1841">
    <p class='ocr_par' dir='ltr' id='par_1_16' title="bbox 181 1769 1866 1841">
     <span class='ocr_line' id='line_1_16' title="bbox 181 1769 1866 1841; baseline 0.001 -19"><span class='ocrx_word' id='word_1_113' title='bbox 181 1772 485 1824; x_wconf 75' lang='grc' dir='ltr'>ἐπισπᾶται</span> <span class='ocrx_word' id='word_1_114' title='bbox 517 1772 615 1841; x_wconf 80' lang='grc' dir='ltr'>τήν</span> <span class='ocrx_word' id='word_1_115' title='bbox 658 1771 878 1824; x_wconf 82' lang='grc' dir='ltr'>κόλασιν</span> <span class='ocrx_word' id='word_1_116' title='bbox 923 1772 997 1841; x_wconf 80' lang='grc' dir='ltr'>μὴ</span> <span class='ocrx_word' id='word_1_117' title='bbox 1035 1769 1205 1822; x_wconf 88' lang='grc' dir='ltr'>ποιῶν</span> <span class='ocrx_word' id='word_1_118' title='bbox 1249 1769 1319 1822; x_wconf 84' lang='grc' dir='ltr'>τὰ</span> <span class='ocrx_word' id='word_1_119' title='bbox 1363 1769 1656 1840; x_wconf 88' lang='grc' dir='ltr'>λεγόμενα.</span> <span class='ocrx_word' id='word_1_120' title='bbox 1697 1771 1866 1824; x_wconf 85' lang='grc' dir='ltr'>Τοῦτο</span> 
     </span>
    </p>
   </div>
   <div class='ocr_carea' id='block_1_17' title="bbox 180 1856 1866 1924">
    <p class='ocr_par' dir='ltr' id='par_1_17' title="bbox 180 1856 1866 1924">
     <span class='ocr_line' id='line_1_17' title="bbox 180 1856 1866 1924; baseline 0.001 -16"><span class='ocrx_word' id='word_1_121' title='bbox 180 1857 316 1924; x_wconf 81' lang='grc' dir='ltr'>γοῦν</span> <span class='ocrx_word' id='word_1_122' title='bbox 337 1859 430 1908; x_wconf 72' lang='grc' dir='ltr'>καὶ</span> <span class='ocrx_word' id='word_1_123' title='bbox 466 1857 740 1920; x_wconf 79' lang='grc' dir='ltr'>Ἰουδαίοις</span> <span class='ocrx_word' id='word_1_124' title='bbox 763 1857 1036 1920; x_wconf 77' lang='grc' dir='ltr'>ὀνειδίζων</span> <span class='ocrx_word' id='word_1_125' title='bbox 1057 1857 1244 1923; x_wconf 78' lang='grc' dir='ltr'>ἔλεγεν</span> <span class='ocrx_word' id='word_1_126' title='bbox 1264 1858 1291 1909; x_wconf 98' lang='lat'>6</span> <span class='ocrx_word' id='word_1_127' title='bbox 1314 1856 1446 1920; x_wconf 77' lang='grc' dir='ltr'>Θεός</span> <span class='ocrx_word' id='word_1_128' title='bbox 1467 1872 1479 1884; x_wconf 89' lang='grc'><strong>·</strong></span> <span class='ocrx_word' id='word_1_129' title='bbox 1518 1856 1866 1912; x_wconf 82' lang='grc' dir='ltr'>Ἀπέστειλα</span> 
     </span>
    </p>
   </div>
   <div class='ocr_carea' id='block_1_18' title="bbox 179 1942 1862 2012">
    <p class='ocr_par' dir='ltr' id='par_1_18' title="bbox 179 1942 1862 2012">
     <span class='ocr_line' id='line_1_18' title="bbox 179 1942 1862 2012; baseline 0.001 -17"><span class='ocrx_word' id='word_1_130' title='bbox 179 1943 327 2007; x_wconf 74' lang='grc' dir='ltr'>τοὺς</span> <span class='ocrx_word' id='word_1_131' title='bbox 359 1943 668 2012; x_wconf 67' lang='grc' dir='ltr'>προφήτας</span> <span class='ocrx_word' id='word_1_132' title='bbox 687 1960 806 2012; x_wconf 80' lang='grc' dir='ltr'>μου</span> <span class='ocrx_word' id='word_1_133' title='bbox 839 1942 1136 2009; x_wconf 66' lang='grc' dir='ltr'>όρθρίζων,</span> <span class='ocrx_word' id='word_1_134' title='bbox 1181 1943 1276 1993; x_wconf 79' lang='grc' dir='ltr'>καί</span> <span class='ocrx_word' id='word_1_135' title='bbox 1302 1942 1723 2006; x_wconf 78' lang='grc' dir='ltr'>ἀποστέλλων,</span> <span class='ocrx_word' id='word_1_136' title='bbox 1762 1946 1862 1997; x_wconf 79' lang='grc' dir='ltr'>καὶ</span> 
     </span>
    </p>
   </div>
   <div class='ocr_carea' id='block_1_19' title="bbox 178 2026 1864 2102">
    <p class='ocr_par' dir='ltr' id='par_1_19' title="bbox 178 2026 1864 2102">
     <span class='ocr_line' id='line_1_19' title="bbox 178 2026 1864 2102; baseline -0.001 -19"><span class='ocrx_word' id='word_1_137' title='bbox 178 2029 328 2083; x_wconf 71' lang='grc' dir='ltr'>οὐδὲ</span> <span class='ocrx_word' id='word_1_138' title='bbox 355 2031 542 2095; x_wconf 81' lang='grc' dir='ltr'>οὕτως</span> <span class='ocrx_word' id='word_1_139' title='bbox 571 2029 1201 2096; x_wconf 71' lang='grc' dir='ltr'>είσηκωῖνσατε.’11μεῖς</span> <span class='ocrx_word' id='word_1_140' title='bbox 1246 2030 1343 2096; x_wconf 78' lang='grc' dir='ltr'>μὲν</span> <span class='ocrx_word' id='word_1_141' title='bbox 1384 2026 1476 2082; x_wconf 78' lang='grc' dir='ltr'>οὖν</span> <span class='ocrx_word' id='word_1_142' title='bbox 1523 2032 1630 2083; x_wconf 76' lang='grc' dir='ltr'>ἀπὸ</span> <span class='ocrx_word' id='word_1_143' title='bbox 1664 2031 1864 2102; x_wconf 87' lang='grc' dir='ltr'>πολλῆς</span> 
     </span>
    </p>
   </div>
   <div class='ocr_carea' id='block_1_20' title="bbox 179 2115 1864 2190">
    <p class='ocr_par' dir='ltr' id='par_1_20' title="bbox 179 2115 1864 2190">
     <span class='ocr_line' id='line_1_20' title="bbox 179 2115 1864 2190; baseline 0.003 -22"><span class='ocrx_word' id='word_1_144' title='bbox 179 2117 513 2186; x_wconf 81' lang='grc' dir='ltr'>κηδεμονίας</span> <span class='ocrx_word' id='word_1_145' title='bbox 541 2117 698 2168; x_wconf 87' lang='grc' dir='ltr'>τοῦτο</span> <span class='ocrx_word' id='word_1_146' title='bbox 719 2115 999 2184; x_wconf 79' lang='grc' dir='ltr'>ποιοῦμεν,</span> <span class='ocrx_word' id='word_1_147' title='bbox 1023 2115 1342 2185; x_wconf 82' lang='grc' dir='ltr'>δεδοίκαμεν</span> <span class='ocrx_word' id='word_1_148' title='bbox 1375 2115 1432 2168; x_wconf 83' lang='grc' dir='ltr'>δὲ</span> <span class='ocrx_word' id='word_1_149' title='bbox 1449 2117 1475 2155; x_wconf 74' lang='lat' dir='ltr'><strong>b</strong></span> <span class='ocrx_word' id='word_1_150' title='bbox 1500 2118 1573 2187; x_wconf 81' lang='grc' dir='ltr'>μὴ</span> <span class='ocrx_word' id='word_1_151' title='bbox 1601 2120 1743 2172; x_wconf 84' lang='grc' dir='ltr'>κατά</span> <span class='ocrx_word' id='word_1_152' title='bbox 1765 2121 1864 2190; x_wconf 77' lang='grc' dir='ltr'>τήν</span> 
     </span>
    </p>
   </div>
   <div class='ocr_carea' id='block_1_21' title="bbox 177 2204 1863 2280">
    <p class='ocr_par' dir='ltr' id='par_1_21' title="bbox 177 2204 1863 2280">
     <span class='ocr_line' id='line_1_21' title="bbox 177 2204 1863 2280; baseline 0.002 -24"><span class='ocrx_word' id='word_1_153' title='bbox 177 2204 401 2274; x_wconf 85' lang='grc' dir='ltr'>ήμέραν</span> <span class='ocrx_word' id='word_1_154' title='bbox 433 2205 644 2274; x_wconf 85' lang='grc' dir='ltr'>ἐκείνην</span> <span class='ocrx_word' id='word_1_155' title='bbox 676 2204 773 2275; x_wconf 81' lang='grc' dir='ltr'>τήν</span> <span class='ocrx_word' id='word_1_156' title='bbox 807 2204 1044 2274; x_wconf 74' lang='grc' dir='ltr'>φοϐερὰν</span> <span class='ocrx_word' id='word_1_157' title='bbox 1074 2206 1442 2275; x_wconf 78' lang='grc' dir='ltr'>ἀντικαταστῇ</span> <span class='ocrx_word' id='word_1_158' title='bbox 1485 2209 1648 2260; x_wconf 76' lang='grc' dir='ltr'>πᾶσιν</span> <span class='ocrx_word' id='word_1_159' title='bbox 1675 2209 1801 2279; x_wconf 85' lang='grc' dir='ltr'>ύμῖν</span> <span class='ocrx_word' id='word_1_160' title='bbox 1830 2211 1863 2280; x_wconf 84' lang='grc' dir='ltr'>ή</span> 
     </span>
    </p>
   </div>
   <div class='ocr_carea' id='block_1_22' title="bbox 179 2289 1865 2364">
    <p class='ocr_par' dir='ltr' id='par_1_22' title="bbox 179 2289 1865 2364">
     <span class='ocr_line' id='line_1_22' title="bbox 179 2289 1865 2364; baseline 0.004 -22"><span class='ocrx_word' id='word_1_161' title='bbox 179 2291 504 2361; x_wconf 79' lang='grc' dir='ltr'>παραίνεσις</span> <span class='ocrx_word' id='word_1_162' title='bbox 534 2290 668 2360; x_wconf 82' lang='grc' dir='ltr'>αῦτη</span> <span class='ocrx_word' id='word_1_163' title='bbox 691 2289 842 2363; x_wconf 69' lang='grc'><strong>[1521</strong></span> <span class='ocrx_word' id='word_1_164' title='bbox 862 2291 955 2343; x_wconf 78' lang='grc' dir='ltr'>καὶ</span> <span class='ocrx_word' id='word_1_165' title='bbox 979 2293 1010 2361; x_wconf 91' lang='grc' dir='ltr'>ή</span> <span class='ocrx_word' id='word_1_166' title='bbox 1048 2291 1526 2362; x_wconf 77' lang='grc' dir='ltr'>συμϐουλήὊταν</span> <span class='ocrx_word' id='word_1_167' title='bbox 1549 2294 1655 2364; x_wconf 84' lang='grc' dir='ltr'>γὰρ</span> <span class='ocrx_word' id='word_1_168' title='bbox 1689 2297 1776 2348; x_wconf 55' lang='grc' dir='ltr'>καὶ</span> <span class='ocrx_word' id='word_1_169' title='bbox 1805 2297 1865 2348; x_wconf 81' lang='lat'><em>16</em></span> 
     </span>
    </p>
   </div>
   <div class='ocr_carea' id='block_1_23' title="bbox 179 2374 1863 2452">
    <p class='ocr_par' dir='ltr' id='par_1_23' title="bbox 179 2374 1863 2452">
     <span class='ocr_line' id='line_1_23' title="bbox 179 2374 1863 2452; baseline 0.003 -24"><span class='ocrx_word' id='word_1_170' title='bbox 179 2377 514 2448; x_wconf 71' lang='grc' dir='ltr'>κατόρθωμα</span> <span class='ocrx_word' id='word_1_171' title='bbox 541 2377 760 2431; x_wconf 82' lang='grc' dir='ltr'>εῦκο).ον</span> <span class='ocrx_word' id='word_1_172' title='bbox 779 2374 835 2451; x_wconf 82' lang='grc' dir='ltr'>ᾗ,</span> <span class='ocrx_word' id='word_1_173' title='bbox 863 2379 954 2430; x_wconf 68' lang='grc' dir='ltr'>καὶ</span> <span class='ocrx_word' id='word_1_174' title='bbox 980 2381 1008 2432; x_wconf 92' lang='lat'>6</span> <span class='ocrx_word' id='word_1_175' title='bbox 1035 2379 1275 2447; x_wconf 87' lang='grc' dir='ltr'>συνεχῶς</span> <span class='ocrx_word' id='word_1_176' title='bbox 1312 2379 1741 2449; x_wconf 81' lang='grc' dir='ltr'>ὑπομιμνήσκων</span> <span class='ocrx_word' id='word_1_177' title='bbox 1788 2385 1863 2452; x_wconf 84' lang='grc' dir='ltr'>μὴ</span> 
     </span>
    </p>
   </div>
   <div class='ocr_carea' id='block_1_24' title="bbox 175 2464 1866 2538">
    <p class='ocr_par' dir='ltr' id='par_1_24' title="bbox 175 2464 1866 2538">
     <span class='ocr_line' id='line_1_24' title="bbox 175 2464 1866 2538; baseline 0.003 -23"><span class='ocrx_word' id='word_1_178' title='bbox 175 2464 542 2535; x_wconf 84' lang='grc' dir='ltr'>διαλιμπάνῃ,</span> <span class='ocrx_word' id='word_1_179' title='bbox 574 2465 734 2518; x_wconf 89' lang='grc' dir='ltr'>ποίαν</span> <span class='ocrx_word' id='word_1_180' title='bbox 761 2466 957 2536; x_wconf 76' lang='grc' dir='ltr'>ἕξομεν</span> <span class='ocrx_word' id='word_1_181' title='bbox 996 2465 1295 2534; x_wconf 87' lang='grc' dir='ltr'>ἀπολογίαν</span> <span class='ocrx_word' id='word_1_182' title='bbox 1321 2467 1526 2531; x_wconf 83' lang='grc' dir='ltr'>είπεῖν;</span> <span class='ocrx_word' id='word_1_183' title='bbox 1550 2467 1581 2536; x_wconf 82' lang='grc' dir='ltr'>ἢ</span> <span class='ocrx_word' id='word_1_184' title='bbox 1608 2467 1688 2528; x_wconf 83' lang='grc' dir='ltr'>τίς</span> <span class='ocrx_word' id='word_1_185' title='bbox 1716 2470 1748 2538; x_wconf 90' lang='grc' dir='ltr'>ή</span> <span class='ocrx_word' id='word_1_186' title='bbox 1759 2471 1866 2538; x_wconf 83' lang='grc' dir='ltr'>μᾶς</span> 
     </span>
    </p>
   </div>
   <div class='ocr_carea' id='block_1_25' title="bbox 177 2549 1858 2624">
    <p class='ocr_par' dir='ltr' id='par_1_25' title="bbox 177 2549 1858 2624">
     <span class='ocr_line' id='line_1_25' title="bbox 177 2549 1858 2624; baseline 0.004 -23"><span class='ocrx_word' id='word_1_187' title='bbox 177 2549 534 2620; x_wconf 73' lang='grc' dir='ltr'>ἐξαιρήσεται</span> <span class='ocrx_word' id='word_1_188' title='bbox 559 2553 658 2621; x_wconf 87' lang='grc' dir='ltr'>τῆς</span> <span class='ocrx_word' id='word_1_189' title='bbox 692 2553 967 2614; x_wconf 81' lang='grc' dir='ltr'>κολάσεως</span> <span class='ocrx_word' id='word_1_190' title='bbox 994 2553 1185 2620; x_wconf 71' lang='grc' dir='ltr'>λόγοςς</span> <span class='ocrx_word' id='word_1_191' title='bbox 1219 2553 1354 2606; x_wconf 80' lang='grc' dir='ltr'>Είπέ</span> <span class='ocrx_word' id='word_1_192' title='bbox 1385 2555 1494 2623; x_wconf 89' lang='grc' dir='ltr'>γάρ</span> <span class='ocrx_word' id='word_1_193' title='bbox 1536 2571 1647 2624; x_wconf 87' lang='grc' dir='ltr'>μοι,</span> <span class='ocrx_word' id='word_1_194' title='bbox 1676 2554 1741 2606; x_wconf 82' lang='grc' dir='ltr'>ἂν</span> <span class='ocrx_word' id='word_1_195' title='bbox 1767 2557 1858 2624; x_wconf 68' lang='grc' dir='ltr'>ἀρε</span> 
     </span>
    </p>
   </div>
   <div class='ocr_carea' id='block_1_26' title="bbox 178 2637 1866 2710">
    <p class='ocr_par' dir='ltr' id='par_1_26' title="bbox 178 2637 1866 2710">
     <span class='ocr_line' id='line_1_26' title="bbox 178 2637 1866 2710; baseline 0.004 -24"><span class='ocrx_word' id='word_1_196' title='bbox 178 2637 378 2705; x_wconf 77' lang='grc' dir='ltr'>γύριόν</span> <span class='ocrx_word' id='word_1_197' title='bbox 432 2654 514 2689; x_wconf 91' lang='grc' dir='ltr'>σοι</span> <span class='ocrx_word' id='word_1_198' title='bbox 559 2638 1003 2708; x_wconf 87' lang='grc' dir='ltr'>χρεωστούμενον</span> <span class='ocrx_word' id='word_1_199' title='bbox 1038 2638 1198 2709; x_wconf 84' lang='grc' dir='ltr'>τύχῃ,</span> <span class='ocrx_word' id='word_1_200' title='bbox 1234 2639 1335 2692; x_wconf 78' lang='grc' dir='ltr'>οὐκ</span> <span class='ocrx_word' id='word_1_201' title='bbox 1363 2640 1449 2691; x_wconf 77' lang='grc' dir='ltr'>ἀεὶ</span> <span class='ocrx_word' id='word_1_202' title='bbox 1486 2642 1866 2710; x_wconf 84' lang='grc' dir='ltr'>συντυγχάνων</span> 
     </span>
    </p>
   </div>
   <div class='ocr_carea' id='block_1_27' title="bbox 177 2721 1864 2794">
    <p class='ocr_par' dir='ltr' id='par_1_27' title="bbox 177 2721 1864 2794">
     <span class='ocr_line' id='line_1_27' title="bbox 177 2721 1864 2794; baseline 0.004 -22"><span class='ocrx_word' id='word_1_203' title='bbox 177 2721 256 2790; x_wconf 78' lang='grc' dir='ltr'>τῷ</span> <span class='ocrx_word' id='word_1_204' title='bbox 311 2723 583 2790; x_wconf 74' lang='grc' dir='ltr'>ὀφείλοντι</span> <span class='ocrx_word' id='word_1_205' title='bbox 633 2724 1073 2794; x_wconf 83' lang='grc' dir='ltr'>ἀναμιμνήσκεις</span> <span class='ocrx_word' id='word_1_206' title='bbox 1122 2726 1286 2778; x_wconf 76' lang='grc' dir='ltr'>αὑτὸν</span> <span class='ocrx_word' id='word_1_207' title='bbox 1335 2727 1430 2778; x_wconf 87' lang='grc' dir='ltr'>τοῦ</span> <span class='ocrx_word' id='word_1_208' title='bbox 1469 2726 1864 2794; x_wconf 82' lang='grc' dir='ltr'>δανείσματος;</span> 
     </span>
    </p>
   </div>
   <div class='ocr_carea' id='block_1_28' title="bbox 177 2809 1866 2882">
    <p class='ocr_par' dir='ltr' id='par_1_28' title="bbox 177 2809 1866 2882">
     <span class='ocr_line' id='line_1_28' title="bbox 177 2809 1866 2882; baseline 0.005 -22"><span class='ocrx_word' id='word_1_209' title='bbox 177 2809 358 2861; x_wconf 80' lang='grc' dir='ltr'>Τοῦτο</span> <span class='ocrx_word' id='word_1_210' title='bbox 381 2810 474 2860; x_wconf 77' lang='grc' dir='ltr'>καὶ</span> <span class='ocrx_word' id='word_1_211' title='bbox 503 2811 566 2862; x_wconf 80' lang='grc' dir='ltr'>σὺ</span> <span class='ocrx_word' id='word_1_212' title='bbox 591 2810 836 2878; x_wconf 86' lang='grc' dir='ltr'>ποίησον,</span> <span class='ocrx_word' id='word_1_213' title='bbox 865 2811 958 2863; x_wconf 74' lang='grc' dir='ltr'>καὶ</span> <span class='ocrx_word' id='word_1_214' title='bbox 982 2811 1208 2875; x_wconf 75' lang='grc' dir='ltr'>ἕκαστος</span> <span class='ocrx_word' id='word_1_215' title='bbox 1232 2811 1500 2881; x_wconf 80' lang='grc' dir='ltr'>νομιζέτω</span> <span class='ocrx_word' id='word_1_216' title='bbox 1525 2813 1613 2864; x_wconf 68' lang='grc' dir='ltr'>τον</span> <span class='ocrx_word' id='word_1_217' title='bbox 1639 2813 1866 2882; x_wconf 85' lang='grc' dir='ltr'>πλησίον</span> 
     </span>
    </p>
   </div>
   <div class='ocr_carea' id='block_1_29' title="bbox 177 2893 1866 2970">
    <p class='ocr_par' dir='ltr' id='par_1_29' title="bbox 177 2893 1866 2970">
     <span class='ocr_line' id='line_1_29' title="bbox 177 2893 1866 2970; baseline 0.002 -23"><span class='ocrx_word' id='word_1_218' title='bbox 177 2893 452 2966; x_wconf 84' lang='grc' dir='ltr'>ἀργύριον</span> <span class='ocrx_word' id='word_1_219' title='bbox 502 2895 736 2964; x_wconf 47' lang='grc' dir='ltr'>ὀίείλειν</span> <span class='ocrx_word' id='word_1_220' title='bbox 782 2897 950 2967; x_wconf 78' lang='grc' dir='ltr'>αύτῷ,</span> <span class='ocrx_word' id='word_1_221' title='bbox 985 2898 1081 2968; x_wconf 77' lang='grc' dir='ltr'>τήν</span> <span class='ocrx_word' id='word_1_222' title='bbox 1129 2899 1475 2969; x_wconf 82' lang='grc' dir='ltr'>ἐκπλήρωσιν</span> <span class='ocrx_word' id='word_1_223' title='bbox 1512 2901 1609 2969; x_wconf 90' lang='grc' dir='ltr'>τῆς</span> <span class='ocrx_word' id='word_1_224' title='bbox 1645 2900 1866 2970; x_wconf 79' lang='grc' dir='ltr'>ἐντολῆς</span> 
     </span>
    </p>
   </div>
   <div class='ocr_carea' id='block_1_30' title="bbox 176 2981 1866 3056">
    <p class='ocr_par' dir='ltr' id='par_1_30' title="bbox 176 2981 1866 3056">
     <span class='ocr_line' id='line_1_30' title="bbox 176 2981 1866 3056; baseline 0.004 -24"><span class='ocrx_word' id='word_1_225' title='bbox 176 2981 412 3051; x_wconf 82' lang='grc' dir='ltr'>ταύτης,</span> <span class='ocrx_word' id='word_1_226' title='bbox 444 2985 536 3035; x_wconf 82' lang='grc' dir='ltr'>καὶ</span> <span class='ocrx_word' id='word_1_227' title='bbox 567 2984 826 3038; x_wconf 85' lang='grc' dir='ltr'>ἀπαντῶν</span> <span class='ocrx_word' id='word_1_228' title='bbox 856 2985 997 3045; x_wconf 78' lang='grc' dir='ltr'>ὑπὲρ</span> <span class='ocrx_word' id='word_1_229' title='bbox 1038 2985 1125 3053; x_wconf 81' lang='grc' dir='ltr'>τῆς</span> <span class='ocrx_word' id='word_1_230' title='bbox 1151 2987 1410 3048; x_wconf 89' lang='grc' dir='ltr'>ἐκτίσεως</span> <span class='ocrx_word' id='word_1_231' title='bbox 1457 2987 1621 3038; x_wconf 74' lang='grc' dir='ltr'>αὑτὸν</span> <span class='ocrx_word' id='word_1_232' title='bbox 1667 2988 1866 3056; x_wconf 87' lang='grc' dir='ltr'>ἀναμι-</span> 
     </span>
    </p>
   </div>
   <div class='ocr_carea' id='block_1_31' title="bbox 180 3071 1864 3142">
    <p class='ocr_par' dir='ltr' id='par_1_31' title="bbox 180 3071 1864 3142">
     <span class='ocr_line' id='line_1_31' title="bbox 180 3071 1864 3142; baseline 0.004 -23"><span class='ocrx_word' id='word_1_233' title='bbox 180 3087 293 3138; x_wconf 81' lang='grc' dir='ltr'>μνη</span> <span class='ocrx_word' id='word_1_234' title='bbox 305 3071 504 3125; x_wconf 85' lang='grc' dir='ltr'>σκέτω.</span> <span class='ocrx_word' id='word_1_235' title='bbox 537 3071 692 3134; x_wconf 74' lang='grc' dir='ltr'>εἰδὼς</span> <span class='ocrx_word' id='word_1_236' title='bbox 719 3071 794 3134; x_wconf 85' lang='grc' dir='ltr'>ὠς</span> <span class='ocrx_word' id='word_1_237' title='bbox 821 3073 881 3124; x_wconf 88' lang='lat' dir='ltr'><em>o6</em></span> <span class='ocrx_word' id='word_1_238' title='bbox 919 3071 1114 3142; x_wconf 84' lang='grc' dir='ltr'>μικρὸς</span> <span class='ocrx_word' id='word_1_239' title='bbox 1142 3075 1273 3142; x_wconf 73' lang='grc' dir='ltr'>ἡμῖν</span> <span class='ocrx_word' id='word_1_240' title='bbox 1301 3074 1588 3126; x_wconf 87' lang='grc' dir='ltr'>ἀπόκειται</span> <span class='ocrx_word' id='word_1_241' title='bbox 1622 3074 1864 3136; x_wconf 86' lang='grc' dir='ltr'>κίνδυνος</span> 
     </span>
    </p>
   </div>
   <div class='ocr_carea' id='block_1_32' title="bbox 176 3156 1864 3230">
    <p class='ocr_par' dir='ltr' id='par_1_32' title="bbox 176 3156 1864 3230">
     <span class='ocr_line' id='line_1_32' title="bbox 176 3156 1864 3230; baseline 0.004 -24"><span class='ocrx_word' id='word_1_242' title='bbox 176 3156 292 3206; x_wconf 81' lang='grc' dir='ltr'>τῶν</span> <span class='ocrx_word' id='word_1_243' title='bbox 321 3157 567 3225; x_wconf 76' lang='grc' dir='ltr'>ἀδελφῶν</span> <span class='ocrx_word' id='word_1_244' title='bbox 597 3159 698 3211; x_wconf 85' lang='grc' dir='ltr'>ούκ</span> <span class='ocrx_word' id='word_1_245' title='bbox 722 3159 1192 3230; x_wconf 85' lang='grc' dir='ltr'>ἐπιμελουμένοις.</span> <span class='ocrx_word' id='word_1_246' title='bbox 1223 3161 1322 3214; x_wconf 76' lang='grc' dir='ltr'>Διά</span> <span class='ocrx_word' id='word_1_247' title='bbox 1367 3160 1522 3212; x_wconf 91' lang='grc' dir='ltr'>τοῦτο</span> <span class='ocrx_word' id='word_1_248' title='bbox 1550 3161 1642 3214; x_wconf 62' lang='grc' dir='ltr'>καὶ¹</span> <span class='ocrx_word' id='word_1_249' title='bbox 1665 3161 1776 3230; x_wconf 85' lang='grc' dir='ltr'>ἐγὼ</span> <span class='ocrx_word' id='word_1_250' title='bbox 1795 3161 1864 3213; x_wconf 87' lang='grc' dir='ltr'>τά</span> 
     </span>
    </p>
   </div>
   <div class='ocr_carea' id='block_1_33' title="bbox 177 3242 1866 3318">
    <p class='ocr_par' dir='ltr' id='par_1_33' title="bbox 177 3242 1866 3318">
     <span class='ocr_line' id='line_1_33' title="bbox 177 3242 1866 3318; baseline 0.005 -24"><span class='ocrx_word' id='word_1_251' title='bbox 177 3242 328 3294; x_wconf 81' lang='grc' dir='ltr'>αὖτά</span> <span class='ocrx_word' id='word_1_252' title='bbox 357 3243 530 3310; x_wconf 86' lang='grc' dir='ltr'>λέγων</span> <span class='ocrx_word' id='word_1_253' title='bbox 563 3246 622 3297; x_wconf 87' lang='lat' dir='ltr'><em>o6</em></span> <span class='ocrx_word' id='word_1_254' title='bbox 659 3245 933 3315; x_wconf 81' lang='grc' dir='ltr'>παύομαι·</span> <span class='ocrx_word' id='word_1_255' title='bbox 967 3247 1182 3300; x_wconf 83' lang='grc' dir='ltr'>δέδοικα</span> <span class='ocrx_word' id='word_1_256' title='bbox 1210 3247 1318 3317; x_wconf 77' lang='grc' dir='ltr'>γὰρ</span> <span class='ocrx_word' id='word_1_257' title='bbox 1347 3248 1558 3318; x_wconf 89' lang='grc' dir='ltr'>μήποτε</span> <span class='ocrx_word' id='word_1_258' title='bbox 1586 3250 1702 3301; x_wconf 80' lang='grc' dir='ltr'>κατ’</span> <span class='ocrx_word' id='word_1_259' title='bbox 1725 3248 1866 3302; x_wconf 84' lang='grc' dir='ltr'>ἐκεί-</span> 
     </span>
    </p>
   </div>
   <div class='ocr_carea' id='block_1_34' title="bbox 177 3330 1865 3402">
    <p class='ocr_par' dir='ltr' id='par_1_34' title="bbox 177 3330 1865 3402">
     <span class='ocr_line' id='line_1_34' title="bbox 177 3330 1865 3402; baseline 0.005 -24"><span class='ocrx_word' id='word_1_260' title='bbox 177 3347 281 3397; x_wconf 83' lang='grc' dir='ltr'>νην</span> <span class='ocrx_word' id='word_1_261' title='bbox 335 3330 555 3382; x_wconf 80' lang='grc' dir='ltr'>ἀκούσω</span> <span class='ocrx_word' id='word_1_262' title='bbox 603 3331 700 3402; x_wconf 79' lang='grc' dir='ltr'>τὴν</span> <span class='ocrx_word' id='word_1_263' title='bbox 745 3333 986 3402; x_wconf 78' lang='grc' dir='ltr'>ἡμέραν·</span> <span class='ocrx_word' id='word_1_264' title='bbox 1019 3333 1253 3400; x_wconf 74' lang='grc' dir='ltr'>Πονηρὲ</span> <span class='ocrx_word' id='word_1_265' title='bbox 1283 3332 1469 3386; x_wconf 79' lang='grc' dir='ltr'>δοῦλε</span> <span class='ocrx_word' id='word_1_266' title='bbox 1495 3333 1594 3386; x_wconf 79' lang='grc' dir='ltr'>καὶ</span> <span class='ocrx_word' id='word_1_267' title='bbox 1627 3335 1865 3402; x_wconf 79' lang='grc' dir='ltr'>ὀκνηρέ,</span> 
     </span>
    </p>
   </div>
   <div class='ocr_carea' id='block_1_35' title="bbox 177 3417 1872 3489">
    <p class='ocr_par' dir='ltr' id='par_1_35' title="bbox 177 3417 1872 3489">
     <span class='ocr_line' id='line_1_35' title="bbox 177 3417 1872 3489; baseline 0.005 -23"><span class='ocrx_word' id='word_1_268' title='bbox 177 3417 310 3467; x_wconf 79' lang='grc' dir='ltr'>ἔδει</span> <span class='ocrx_word' id='word_1_269' title='bbox 353 3432 427 3469; x_wconf 81' lang='grc' dir='ltr'>σε</span> <span class='ocrx_word' id='word_1_270' title='bbox 468 3419 828 3472; x_wconf 78' lang='grc' dir='ltr'>καταϐαλεῖν</span> <span class='ocrx_word' id='word_1_271' title='bbox 853 3419 918 3472; x_wconf 82' lang='grc' dir='ltr'>τὸ</span> <span class='ocrx_word' id='word_1_272' title='bbox 947 3420 1236 3488; x_wconf 78' lang='grc' dir='ltr'>ἀργύριόν</span> <span class='ocrx_word' id='word_1_273' title='bbox 1255 3438 1377 3489; x_wconf 86' lang='grc' dir='ltr'>μου</span> <span class='ocrx_word' id='word_1_274' title='bbox 1421 3421 1520 3474; x_wconf 78' lang='grc' dir='ltr'>ἐπὶ</span> <span class='ocrx_word' id='word_1_275' title='bbox 1564 3420 1706 3485; x_wconf 87' lang='grc' dir='ltr'>τοὺς</span> <span class='ocrx_word' id='word_1_276' title='bbox 1737 3439 1872 3488; x_wconf 82' lang='grc' dir='ltr'>τρα-</span> 
     </span>
    </p>
   </div>
   <div class='ocr_carea' id='block_1_36' title="bbox 179 3502 1878 3575">
    <p class='ocr_par' dir='ltr' id='par_1_36' title="bbox 179 3502 1878 3575">
     <span class='ocr_line' id='line_1_36' title="bbox 179 3502 1878 3575; baseline 0.008 -25"><span class='ocrx_word' id='word_1_277' title='bbox 179 3502 318 3562; x_wconf 73' lang='grc' dir='ltr'>πεζῖ</span> <span class='ocrx_word' id='word_1_278' title='bbox 324 3521 448 3568; x_wconf 88' lang='grc' dir='ltr'>τας.</span> <span class='ocrx_word' id='word_1_279' title='bbox 469 3505 598 3557; x_wconf 81' lang='grc' dir='ltr'>Ἰδοὺ</span> <span class='ocrx_word' id='word_1_280' title='bbox 632 3506 761 3573; x_wconf 86' lang='grc' dir='ltr'>γοῦν</span> <span class='ocrx_word' id='word_1_281' title='bbox 793 3505 1091 3558; x_wconf 79' lang='grc' dir='ltr'>κατέϐαλον</span> <span class='ocrx_word' id='word_1_282' title='bbox 1119 3506 1216 3575; x_wconf 77' lang='grc' dir='ltr'>οὐχ</span> <span class='ocrx_word' id='word_1_283' title='bbox 1247 3507 1414 3572; x_wconf 75' lang='grc' dir='ltr'>ἅπαξ,</span> <span class='ocrx_word' id='word_1_284' title='bbox 1451 3508 1575 3560; x_wconf 75' lang='grc' dir='ltr'>οὐδὲ</span> <span class='ocrx_word' id='word_1_285' title='bbox 1602 3509 1708 3571; x_wconf 74' lang='grc' dir='ltr'>δὶς,</span> <span class='ocrx_word' id='word_1_286' title='bbox 1742 3509 1878 3563; x_wconf 85' lang='grc' dir='ltr'>ἀλλά</span> 
     </span>
    </p>
   </div>
   <div class='ocr_carea' id='block_1_37' title="bbox 177 3589 1878 3661">
    <p class='ocr_par' dir='ltr' id='par_1_37' title="bbox 177 3589 1878 3661">
     <span class='ocr_line' id='line_1_37' title="bbox 177 3589 1878 3661; baseline 0.005 -22"><span class='ocrx_word' id='word_1_287' title='bbox 177 3589 485 3652; x_wconf 75' lang='grc' dir='ltr'>πολλάκιςο</span> <span class='ocrx_word' id='word_1_288' title='bbox 516 3592 670 3661; x_wconf 81' lang='grc' dir='ltr'>ὑμῶν</span> <span class='ocrx_word' id='word_1_289' title='bbox 702 3595 817 3645; x_wconf 86' lang='grc' dir='ltr'>ἐστι</span> <span class='ocrx_word' id='word_1_290' title='bbox 850 3592 1034 3644; x_wconf 83' lang='grc' dir='ltr'>λοιπὸν</span> <span class='ocrx_word' id='word_1_291' title='bbox 1059 3593 1150 3644; x_wconf 84' lang='grc' dir='ltr'>τὸν</span> <span class='ocrx_word' id='word_1_292' title='bbox 1175 3593 1333 3646; x_wconf 86' lang='grc' dir='ltr'>τόκον</span> <span class='ocrx_word' id='word_1_293' title='bbox 1360 3595 1756 3658; x_wconf 83' lang='grc' dir='ltr'>ἐπιδείξασθαι·</span> <span class='ocrx_word' id='word_1_294' title='bbox 1789 3597 1878 3648; x_wconf 86' lang='grc' dir='ltr'>τό-</span> 
     </span>
    </p>
   </div>
   <div class='ocr_carea' id='block_1_38' title="bbox 176 3675 1872 3753">
    <p class='ocr_par' dir='ltr' id='par_1_38' title="bbox 176 3675 1872 3753">
     <span class='ocr_line' id='line_1_38' title="bbox 176 3675 1872 3753; baseline 0.005 -27"><span class='ocrx_word' id='word_1_295' title='bbox 176 3689 279 3738; x_wconf 79' lang='grc' dir='ltr'>κος</span> <span class='ocrx_word' id='word_1_296' title='bbox 325 3675 382 3727; x_wconf 88' lang='grc' dir='ltr'>δέ</span> <span class='ocrx_word' id='word_1_297' title='bbox 421 3677 759 3746; x_wconf 77' lang='grc' dir='ltr'>ἀκροάσεως,</span> <span class='ocrx_word' id='word_1_298' title='bbox 793 3681 824 3749; x_wconf 86' lang='grc' dir='ltr'>ή</span> <span class='ocrx_word' id='word_1_299' title='bbox 856 3679 944 3733; x_wconf 73' lang='grc' dir='ltr'>διὰ</span> <span class='ocrx_word' id='word_1_300' title='bbox 976 3680 1084 3732; x_wconf 90' lang='grc' dir='ltr'>τῶν</span> <span class='ocrx_word' id='word_1_301' title='bbox 1116 3679 1292 3751; x_wconf 79' lang='grc' dir='ltr'>ἔργων</span> <span class='ocrx_word' id='word_1_302' title='bbox 1321 3681 1581 3745; x_wconf 79' lang='grc' dir='ltr'>ἐπίδειξις</span> <span class='ocrx_word' id='word_1_303' title='bbox 1602 3699 1614 3712; x_wconf 82' lang='grc'><em>’</em></span> <span class='ocrx_word' id='word_1_304' title='bbox 1646 3684 1738 3734; x_wconf 75' lang='grc' dir='ltr'>καὶ</span> <span class='ocrx_word' id='word_1_305' title='bbox 1764 3683 1872 3753; x_wconf 81' lang='grc' dir='ltr'>γὰρ</span> 
     </span>
    </p>
   </div>
   <div class='ocr_carea' id='block_1_39' title="bbox 243 3827 819 3896">
    <p class='ocr_par' dir='ltr' id='par_1_39' title="bbox 243 3827 819 3896">
     <span class='ocr_line' id='line_1_39' title="bbox 243 3827 819 3896; baseline 0.009 -19"><span class='ocrx_word' id='word_1_306' title='bbox 243 3827 264 3896; x_wconf 62' lang='grc' dir='ltr'><strong>ξ</strong></span> <span class='ocrx_word' id='word_1_307' title='bbox 293 3830 404 3896; x_wconf 57' lang='lat' dir='ltr'>Alﬁ</span> <span class='ocrx_word' id='word_1_308' title='bbox 433 3834 819 3896; x_wconf 79' lang='grc' dir='ltr'>καταγνώσωμαι</span> 
     </span>
    </p>
   </div>
   <div class='ocr_carea' id='block_1_40' title="bbox 240 3888 726 3945">
    <p class='ocr_par' dir='ltr' id='par_1_40' title="bbox 240 3888 726 3945">
     <span class='ocr_line' id='line_1_40' title="bbox 240 3888 726 3945; baseline 0.014 -7"><span class='ocrx_word' id='word_1_309' title='bbox 240 3888 275 3930; x_wconf 69' lang='grc'>1)</span> <span class='ocrx_word' id='word_1_310' title='bbox 303 3891 406 3940; x_wconf 69' lang='lat' dir='ltr'>Alii</span> <span class='ocrx_word' id='word_1_311' title='bbox 431 3888 624 3942; x_wconf 75' lang='grc' dir='ltr'>δέδοικα</span> <span class='ocrx_word' id='word_1_312' title='bbox 657 3897 726 3945; x_wconf 78' lang='grc' dir='ltr'>δέ.</span> 
     </span>
    </p>
   </div>
   <div class='ocr_carea' id='block_1_41' title="bbox 1236 435 2688 496">
    <p class='ocr_par' dir='ltr' id='par_1_41' title="bbox 1236 435 2688 496">
     <span class='ocr_line' id='line_1_41' title="bbox 1236 435 2688 496; baseline 0.001 -5"><span class='ocrx_word' id='word_1_313' title='bbox 1236 437 1328 492; x_wconf 87' lang='lat' dir='ltr'>AD</span> <span class='ocrx_word' id='word_1_314' title='bbox 1366 437 1691 496; x_wconf 81' lang='lat' dir='ltr'>POPULUM</span> <span class='ocrx_word' id='word_1_315' title='bbox 1728 437 2232 496; x_wconf 78' lang='lat' dir='ltr'>ANTIOCHENUM</span> <span class='ocrx_word' id='word_1_316' title='bbox 2274 435 2510 495; x_wconf 80' lang='lat' dir='ltr'>IIOMIL.</span> <span class='ocrx_word' id='word_1_317' title='bbox 2546 437 2688 492; x_wconf 76' lang='lat' dir='ltr'>XIII.</span> 
     </span>
    </p>
   </div>
   <div class='ocr_carea' id='block_1_42' title="bbox 3534 437 3637 497">
    <p class='ocr_par' dir='ltr' id='par_1_42' title="bbox 3534 437 3637 497">
     <span class='ocr_line' id='line_1_42' title="bbox 3534 437 3637 497; baseline -0.019 -2"><span class='ocrx_word' id='word_1_318' title='bbox 3534 437 3637 497; x_wconf 75' lang='grc'>156</span> 
     </span>
    </p>
   </div>
   <div class='ocr_carea' id='block_1_43' title="bbox 1967 547 3650 622">
    <p class='ocr_par' dir='ltr' id='par_1_43' title="bbox 1967 547 3650 622">
     <span class='ocr_line' id='line_1_43' title="bbox 1967 547 3650 622; baseline 0 -16"><span class='ocrx_word' id='word_1_319' title='bbox 1967 554 2272 608; x_wconf 77' lang='grc' dir='ltr'>Δεσποτικά</span> <span class='ocrx_word' id='word_1_320' title='bbox 2299 554 2367 606; x_wconf 84' lang='grc' dir='ltr'>τά</span> <span class='ocrx_word' id='word_1_321' title='bbox 2391 552 2860 622; x_wconf 78' lang='grc' dir='ltr'>καταϐαλλόμενα.</span> <span class='ocrx_word' id='word_1_322' title='bbox 2885 550 2974 622; x_wconf 82' lang='grc' dir='ltr'>Μὴ</span> <span class='ocrx_word' id='word_1_323' title='bbox 2995 548 3172 603; x_wconf 86' lang='grc' dir='ltr'>τοίνυν</span> <span class='ocrx_word' id='word_1_324' title='bbox 3199 567 3273 602; x_wconf 86' lang='grc' dir='ltr'>πα</span> <span class='ocrx_word' id='word_1_325' title='bbox 3281 547 3492 622; x_wconf 70' lang='grc' dir='ltr'>ρ”ργως</span> <span class='ocrx_word' id='word_1_326' title='bbox 3513 551 3650 606; x_wconf 80' lang='grc' dir='ltr'>ὐπο-</span> 
     </span>
    </p>
   </div>
   <div class='ocr_carea' id='block_1_44' title="bbox 1965 637 3650 713">
    <p class='ocr_par' dir='ltr' id='par_1_44' title="bbox 1965 637 3650 713">
     <span class='ocr_line' id='line_1_44' title="bbox 1965 637 3650 713; baseline -0.001 -19"><span class='ocrx_word' id='word_1_327' title='bbox 1965 641 2268 713; x_wconf 82' lang='grc' dir='ltr'>δεξώμεθα,</span> <span class='ocrx_word' id='word_1_328' title='bbox 2304 640 2441 696; x_wconf 87' lang='grc' dir='ltr'>ἀλλά</span> <span class='ocrx_word' id='word_1_329' title='bbox 2475 640 2616 710; x_wconf 88' lang='grc' dir='ltr'>μετά</span> <span class='ocrx_word' id='word_1_330' title='bbox 2649 637 2934 711; x_wconf 90' lang='grc' dir='ltr'>ἀκριϐείας</span> <span class='ocrx_word' id='word_1_331' title='bbox 2961 638 3282 708; x_wconf 82' lang='grc' dir='ltr'>κατέχωμεν</span> <span class='ocrx_word' id='word_1_332' title='bbox 3325 640 3422 710; x_wconf 81' lang='grc' dir='ltr'>τὴν</span> <span class='ocrx_word' id='word_1_333' title='bbox 3467 655 3650 711; x_wconf 79' lang='grc' dir='ltr'>παρα-</span> 
     </span>
    </p>
   </div>
   <div class='ocr_carea' id='block_1_45' title="bbox 1965 726 3652 800">
    <p class='ocr_par' dir='ltr' id='par_1_45' title="bbox 1965 726 3652 800">
     <span class='ocr_line' id='line_1_45' title="bbox 1965 726 3652 800; baseline -0.001 -18"><span class='ocrx_word' id='word_1_334' title='bbox 1965 730 2308 800; x_wconf 85' lang='grc' dir='ltr'>καταθήκην,</span> <span class='ocrx_word' id='word_1_335' title='bbox 2341 728 2428 781; x_wconf 81' lang='grc' dir='ltr'>ἵνα</span> <span class='ocrx_word' id='word_1_336' title='bbox 2460 728 2599 799; x_wconf 86' lang='grc' dir='ltr'>μετά</span> <span class='ocrx_word' id='word_1_337' title='bbox 2633 727 2832 797; x_wconf 85' lang='grc' dir='ltr'>πολλῆς</span> <span class='ocrx_word' id='word_1_338' title='bbox 2873 728 2974 797; x_wconf 87' lang='grc' dir='ltr'>τῆς</span> <span class='ocrx_word' id='word_1_339' title='bbox 3020 726 3283 798; x_wconf 87' lang='grc' dir='ltr'>ἐργασίας</span> <span class='ocrx_word' id='word_1_340' title='bbox 3322 727 3491 798; x_wconf 83' lang='grc' dir='ltr'>αὐτὴν</span> <span class='ocrx_word' id='word_1_341' title='bbox 3517 727 3652 781; x_wconf 79' lang='grc' dir='ltr'>ἀπο-</span> 
     </span>
    </p>
   </div>
   <div class='ocr_carea' id='block_1_46' title="bbox 1964 813 3646 887">
    <p class='ocr_par' dir='ltr' id='par_1_46' title="bbox 1964 813 3646 887">
     <span class='ocr_line' id='line_1_46' title="bbox 1964 813 3646 887; baseline -0.001 -19"><span class='ocrx_word' id='word_1_342' title='bbox 1964 816 2144 887; x_wconf 81' lang='grc' dir='ltr'>δῶμεν</span> <span class='ocrx_word' id='word_1_343' title='bbox 2173 815 2317 871; x_wconf 87' lang='grc' dir='ltr'>κατά</span> <span class='ocrx_word' id='word_1_344' title='bbox 2344 814 2442 886; x_wconf 80' lang='grc' dir='ltr'>τὴν</span> <span class='ocrx_word' id='word_1_345' title='bbox 2472 815 2687 886; x_wconf 80' lang='grc' dir='ltr'>ἡμέραν</span> <span class='ocrx_word' id='word_1_346' title='bbox 2714 814 2948 884; x_wconf 87' lang='grc' dir='ltr'>ἐκείνην.</span> <span class='ocrx_word' id='word_1_347' title='bbox 2969 815 3093 867; x_wconf 77' lang='grc' dir='ltr'>Ἐὰν</span> <span class='ocrx_word' id='word_1_348' title='bbox 3133 814 3243 884; x_wconf 76' lang='grc' dir='ltr'>γάρ</span> <span class='ocrx_word' id='word_1_349' title='bbox 3284 815 3358 884; x_wconf 83' lang='grc' dir='ltr'>μὴ</span> <span class='ocrx_word' id='word_1_350' title='bbox 3400 815 3495 867; x_wconf 68' lang='grc' dir='ltr'>καὶ</span> <span class='ocrx_word' id='word_1_351' title='bbox 3525 813 3646 866; x_wconf 78' lang='grc' dir='ltr'>ἐτέ-</span> 
     </span>
    </p>
   </div>
   <div class='ocr_carea' id='block_1_47' title="bbox 1969 901 3649 975">
    <p class='ocr_par' dir='ltr' id='par_1_47' title="bbox 1969 901 3649 975">
     <span class='ocr_line' id='line_1_47' title="bbox 1969 901 3649 975; baseline -0.002 -18"><span class='ocrx_word' id='word_1_352' title='bbox 1969 921 2092 975; x_wconf 89' lang='grc' dir='ltr'>ρους</span> <span class='ocrx_word' id='word_1_353' title='bbox 2121 905 2202 968; x_wconf 84' lang='grc' dir='ltr'>είς</span> <span class='ocrx_word' id='word_1_354' title='bbox 2228 903 2290 956; x_wconf 87' lang='grc' dir='ltr'>τὸ</span> <span class='ocrx_word' id='word_1_355' title='bbox 2313 902 2445 955; x_wconf 79' lang='grc' dir='ltr'>αὐτὸ</span> <span class='ocrx_word' id='word_1_356' title='bbox 2478 903 2753 974; x_wconf 87' lang='grc' dir='ltr'>ἐναγάγῃς</span> <span class='ocrx_word' id='word_1_357' title='bbox 2780 901 3136 972; x_wconf 89' lang='grc' dir='ltr'>κατόρθωμα,</span> <span class='ocrx_word' id='word_1_358' title='bbox 3167 901 3376 974; x_wconf 81' lang='grc' dir='ltr'>ἀκούσῃ</span> <span class='ocrx_word' id='word_1_359' title='bbox 3406 901 3502 971; x_wconf 86' lang='grc' dir='ltr'>τῆς</span> <span class='ocrx_word' id='word_1_360' title='bbox 3533 918 3649 969; x_wconf 74' lang='grc' dir='ltr'>φωσ-</span> 
     </span>
    </p>
   </div>
   <div class='ocr_carea' id='block_1_48' title="bbox 1965 985 3652 1062">
    <p class='ocr_par' dir='ltr' id='par_1_48' title="bbox 1965 985 3652 1062">
     <span class='ocr_line' id='line_1_48' title="bbox 1965 985 3652 1062; baseline -0.003 -18"><span class='ocrx_word' id='word_1_361' title='bbox 1965 992 2063 1062; x_wconf 86' lang='grc' dir='ltr'>νῆς</span> <span class='ocrx_word' id='word_1_362' title='bbox 2092 991 2310 1061; x_wconf 79' lang='grc' dir='ltr'>ἐκείνης</span> <span class='ocrx_word' id='word_1_363' title='bbox 2341 985 2410 1061; x_wconf 79' lang='grc' dir='ltr'>ἦς</span> <span class='ocrx_word' id='word_1_364' title='bbox 2435 989 2668 1060; x_wconf 77' lang='grc' dir='ltr'>ἡκουσεν</span> <span class='ocrx_word' id='word_1_365' title='bbox 2697 991 2726 1041; x_wconf 92' lang='lat'>6</span> <span class='ocrx_word' id='word_1_366' title='bbox 2753 989 2812 1041; x_wconf 88' lang='lat'><em>16</em></span> <span class='ocrx_word' id='word_1_367' title='bbox 2854 986 3117 1041; x_wconf 89' lang='grc' dir='ltr'>τάλαντον</span> <span class='ocrx_word' id='word_1_368' title='bbox 3145 989 3472 1060; x_wconf 77' lang='grc' dir='ltr'>κατορύξας.</span> <span class='ocrx_word' id='word_1_369' title='bbox 3489 986 3652 1040; x_wconf 83' lang='grc' dir='ltr'>Ἀλλά</span> 
     </span>
    </p>
   </div>
   <div class='ocr_carea' id='block_1_49' title="bbox 1969 1075 3649 1149">
    <p class='ocr_par' dir='ltr' id='par_1_49' title="bbox 1969 1075 3649 1149">
     <span class='ocr_line' id='line_1_49' title="bbox 1969 1075 3649 1149; baseline -0.003 -18"><span class='ocrx_word' id='word_1_370' title='bbox 1969 1079 2043 1149; x_wconf 86' lang='grc' dir='ltr'>μὴ</span> <span class='ocrx_word' id='word_1_371' title='bbox 2089 1078 2301 1147; x_wconf 90' lang='grc' dir='ltr'>γένοιτο</span> <span class='ocrx_word' id='word_1_372' title='bbox 2329 1075 2556 1146; x_wconf 89' lang='grc' dir='ltr'>ταύτης,</span> <span class='ocrx_word' id='word_1_373' title='bbox 2582 1075 2718 1129; x_wconf 91' lang='grc' dir='ltr'>ἀλλά</span> <span class='ocrx_word' id='word_1_374' title='bbox 2743 1075 2843 1146; x_wconf 87' lang='grc' dir='ltr'>τῆς</span> <span class='ocrx_word' id='word_1_375' title='bbox 2872 1075 3041 1146; x_wconf 81' lang='grc' dir='ltr'>ἄλλης</span> <span class='ocrx_word' id='word_1_376' title='bbox 3075 1075 3219 1144; x_wconf 81' lang='grc' dir='ltr'>ὑμᾶς</span> <span class='ocrx_word' id='word_1_377' title='bbox 3256 1077 3484 1130; x_wconf 81' lang='grc' dir='ltr'>ἀκοῦσαι</span> <span class='ocrx_word' id='word_1_378' title='bbox 3531 1091 3649 1142; x_wconf 66' lang='grc' dir='ltr'>φωι</span> 
     </span>
    </p>
   </div>
   <div class='ocr_carea' id='block_1_50' title="bbox 1966 1161 3647 1236">
    <p class='ocr_par' dir='ltr' id='par_1_50' title="bbox 1966 1161 3647 1236">
     <span class='ocr_line' id='line_1_50' title="bbox 1966 1161 3647 1236; baseline -0.002 -18"><span class='ocrx_word' id='word_1_379' title='bbox 1966 1165 2065 1234; x_wconf 86' lang='grc' dir='ltr'>νῆς</span> <span class='ocrx_word' id='word_1_380' title='bbox 2093 1166 2162 1236; x_wconf 77' lang='grc' dir='ltr'>ἢν</span> <span class='ocrx_word' id='word_1_381' title='bbox 2187 1164 2326 1236; x_wconf 81' lang='grc' dir='ltr'>πρὸς</span> <span class='ocrx_word' id='word_1_382' title='bbox 2349 1164 2444 1217; x_wconf 85' lang='grc' dir='ltr'>τὸν</span> <span class='ocrx_word' id='word_1_383' title='bbox 2475 1163 2852 1234; x_wconf 79' lang='grc' dir='ltr'>ἐργασάμενον</span> <span class='ocrx_word' id='word_1_384' title='bbox 2877 1162 3060 1233; x_wconf 84' lang='grc' dir='ltr'>ἀφῆκε</span> <span class='ocrx_word' id='word_1_385' title='bbox 3091 1161 3270 1230; x_wconf 88' lang='grc' dir='ltr'>λέγων</span> <span class='ocrx_word' id='word_1_386' title='bbox 3314 1164 3343 1214; x_wconf 92' lang='lat'>6</span> <span class='ocrx_word' id='word_1_387' title='bbox 3379 1161 3609 1232; x_wconf 77' lang='grc' dir='ltr'>Χριστός</span> <span class='ocrx_word' id='word_1_388' title='bbox 3630 1177 3647 1192; x_wconf 75' lang='grc' dir='ltr'><strong>ο</strong></span> 
     </span>
    </p>
   </div>
   <div class='ocr_carea' id='block_1_51' title="bbox 1966 1244 3652 1320">
    <p class='ocr_par' dir='ltr' id='par_1_51' title="bbox 1966 1244 3652 1320">
     <span class='ocr_line' id='line_1_51' title="bbox 1966 1244 3652 1320; baseline -0.002 -16"><span class='ocrx_word' id='word_1_389' title='bbox 1966 1247 2077 1317; x_wconf 82' lang='grc' dir='ltr'>Εὖ,</span> <span class='ocrx_word' id='word_1_390' title='bbox 2107 1251 2293 1306; x_wconf 83' lang='grc' dir='ltr'>δοῦλε</span> <span class='ocrx_word' id='word_1_391' title='bbox 2341 1249 2530 1320; x_wconf 78' lang='grc' dir='ltr'>ἀγαθὲ</span> <span class='ocrx_word' id='word_1_392' title='bbox 2572 1250 2671 1303; x_wconf 76' lang='grc' dir='ltr'>καὶ</span> <span class='ocrx_word' id='word_1_393' title='bbox 2722 1250 2919 1315; x_wconf 81' lang='grc' dir='ltr'>πιστὲ,</span> <span class='ocrx_word' id='word_1_394' title='bbox 2953 1250 3051 1303; x_wconf 76' lang='grc' dir='ltr'>ἐπὶ</span> <span class='ocrx_word' id='word_1_395' title='bbox 3097 1249 3276 1318; x_wconf 79' lang='grc' dir='ltr'>ὀλίγα</span> <span class='ocrx_word' id='word_1_396' title='bbox 3303 1244 3381 1318; x_wconf 81' lang='grc' dir='ltr'>ἧς</span> <span class='ocrx_word' id='word_1_397' title='bbox 3413 1249 3652 1316; x_wconf 79' lang='grc' dir='ltr'>πιστὸς,</span> 
     </span>
    </p>
   </div>
   <div class='ocr_carea' id='block_1_52' title="bbox 1965 1335 3656 1406">
    <p class='ocr_par' dir='ltr' id='par_1_52' title="bbox 1965 1335 3656 1406">
     <span class='ocr_line' id='line_1_52' title="bbox 1965 1335 3656 1406; baseline -0.001 -17"><span class='ocrx_word' id='word_1_398' title='bbox 1965 1337 2067 1389; x_wconf 76' lang='grc' dir='ltr'>ἐπὶ</span> <span class='ocrx_word' id='word_1_399' title='bbox 2113 1337 2362 1392; x_wconf 85' lang='grc' dir='ltr'>πολλῶν</span> <span class='ocrx_word' id='word_1_400' title='bbox 2415 1352 2491 1391; x_wconf 80' lang='grc' dir='ltr'>σε</span> <span class='ocrx_word' id='word_1_401' title='bbox 2539 1335 2923 1402; x_wconf 79' lang='grc' dir='ltr'>καταστήσω.</span> <span class='ocrx_word' id='word_1_402' title='bbox 2965 1335 3181 1406; x_wconf 85' lang='grc' dir='ltr'>Ταύτης</span> <span class='ocrx_word' id='word_1_403' title='bbox 3218 1336 3273 1388; x_wconf 82' lang='grc' dir='ltr'>δέ</span> <span class='ocrx_word' id='word_1_404' title='bbox 3306 1335 3656 1406; x_wconf 87' lang='grc' dir='ltr'>ἀκουσόμεθα</span> 
     </span>
    </p>
   </div>
   <div class='ocr_carea' id='block_1_53' title="bbox 1964 1421 3650 1496">
    <p class='ocr_par' dir='ltr' id='par_1_53' title="bbox 1964 1421 3650 1496">
     <span class='ocr_line' id='line_1_53' title="bbox 1964 1421 3650 1496; baseline -0.002 -20"><span class='ocrx_word' id='word_1_405' title='bbox 1964 1424 2067 1494; x_wconf 89' lang='grc' dir='ltr'>τῆς</span> <span class='ocrx_word' id='word_1_406' title='bbox 2097 1426 2300 1496; x_wconf 82' lang='grc' dir='ltr'>φωνῆς,</span> <span class='ocrx_word' id='word_1_407' title='bbox 2329 1425 2396 1479; x_wconf 79' lang='grc' dir='ltr'>ἂν</span> <span class='ocrx_word' id='word_1_408' title='bbox 2426 1424 2525 1495; x_wconf 77' lang='grc' dir='ltr'>τὴν</span> <span class='ocrx_word' id='word_1_409' title='bbox 2547 1423 2719 1494; x_wconf 81' lang='grc' dir='ltr'>αὐτὴν</span> <span class='ocrx_word' id='word_1_410' title='bbox 2748 1423 2944 1492; x_wconf 84' lang='grc' dir='ltr'>ἐκείνῳ</span> <span class='ocrx_word' id='word_1_411' title='bbox 2970 1424 3207 1493; x_wconf 83' lang='grc' dir='ltr'>σπουδὴν</span> <span class='ocrx_word' id='word_1_412' title='bbox 3239 1421 3650 1490; x_wconf 83' lang='grc' dir='ltr'>ἐπιδειξώμεθα·</span> 
     </span>
    </p>
   </div>
   <div class='ocr_carea' id='block_1_54' title="bbox 1967 1508 3656 1583">
    <p class='ocr_par' dir='ltr' id='par_1_54' title="bbox 1967 1508 3656 1583">
     <span class='ocr_line' id='line_1_54' title="bbox 1967 1508 3656 1583; baseline -0.002 -20"><span class='ocrx_word' id='word_1_413' title='bbox 1967 1510 2064 1582; x_wconf 82' lang='grc' dir='ltr'>τὴν</span> <span class='ocrx_word' id='word_1_414' title='bbox 2091 1512 2264 1583; x_wconf 80' lang='grc' dir='ltr'>αὐτὴν</span> <span class='ocrx_word' id='word_1_415' title='bbox 2305 1512 2363 1565; x_wconf 85' lang='grc' dir='ltr'>δὲ</span> <span class='ocrx_word' id='word_1_416' title='bbox 2413 1511 2798 1581; x_wconf 78' lang='grc' dir='ltr'>ἐπιδειξόμεθα</span> <span class='ocrx_word' id='word_1_417' title='bbox 2845 1509 3104 1581; x_wconf 78' lang='grc' dir='ltr'>σπουδὴν,</span> <span class='ocrx_word' id='word_1_418' title='bbox 3135 1509 3231 1562; x_wconf 84' lang='grc' dir='ltr'>ἐάν</span> <span class='ocrx_word' id='word_1_419' title='bbox 3263 1509 3421 1563; x_wconf 88' lang='grc' dir='ltr'>τοῦτο</span> <span class='ocrx_word' id='word_1_420' title='bbox 3449 1509 3477 1562; x_wconf 84' lang='grc' dir='ltr'><strong>ὃ</strong></span> <span class='ocrx_word' id='word_1_421' title='bbox 3509 1508 3656 1576; x_wconf 91' lang='grc' dir='ltr'>λέγω</span> 
     </span>
    </p>
   </div>
   <div class='ocr_carea' id='block_1_55' title="bbox 1966 1597 3656 1669">
    <p class='ocr_par' dir='ltr' id='par_1_55' title="bbox 1966 1597 3656 1669">
     <span class='ocr_line' id='line_1_55' title="bbox 1966 1597 3656 1669; baseline -0.002 -19"><span class='ocrx_word' id='word_1_422' title='bbox 1966 1600 2438 1669; x_wconf 82' lang='grc' dir='ltr'>ποιήσωμεν.Ἔτι</span> <span class='ocrx_word' id='word_1_423' title='bbox 2469 1598 2682 1669; x_wconf 83' lang='grc' dir='ltr'>θερμῆς</span> <span class='ocrx_word' id='word_1_424' title='bbox 2715 1598 2884 1666; x_wconf 75' lang='grc' dir='ltr'>οῦσης</span> <span class='ocrx_word' id='word_1_425' title='bbox 2916 1599 3016 1669; x_wconf 86' lang='grc' dir='ltr'>τῆς</span> <span class='ocrx_word' id='word_1_426' title='bbox 3050 1599 3372 1668; x_wconf 86' lang='grc' dir='ltr'>ἀκροάσεως</span> <span class='ocrx_word' id='word_1_427' title='bbox 3414 1597 3471 1648; x_wconf 89' lang='grc' dir='ltr'>ἐν</span> <span class='ocrx_word' id='word_1_428' title='bbox 3503 1597 3656 1665; x_wconf 80' lang='grc' dir='ltr'>ὑμῖν,</span> 
     </span>
    </p>
   </div>
   <div class='ocr_carea' id='block_1_56' title="bbox 1968 1684 3659 1756">
    <p class='ocr_par' dir='ltr' id='par_1_56' title="bbox 1968 1684 3659 1756">
     <span class='ocr_line' id='line_1_56' title="bbox 1968 1684 3659 1756; baseline -0.001 -18"><span class='ocrx_word' id='word_1_429' title='bbox 1968 1685 2274 1751; x_wconf 77' lang='grc' dir='ltr'>ἐξελθόντες</span> <span class='ocrx_word' id='word_1_430' title='bbox 2301 1684 2746 1756; x_wconf 88' lang='grc' dir='ltr'>παρακελεύεσθε</span> <span class='ocrx_word' id='word_1_431' title='bbox 2778 1685 3050 1754; x_wconf 86' lang='grc' dir='ltr'>ἀλλήλοις,</span> <span class='ocrx_word' id='word_1_432' title='bbox 3083 1686 3177 1738; x_wconf 84' lang='grc' dir='ltr'>καὶ</span> <span class='ocrx_word' id='word_1_433' title='bbox 3201 1684 3454 1755; x_wconf 87' lang='grc' dir='ltr'>καθάπερ</span> <span class='ocrx_word' id='word_1_434' title='bbox 3474 1694 3496 1722; x_wconf 78' lang='grc' dir='ltr'><strong>ο</strong></span> <span class='ocrx_word' id='word_1_435' title='bbox 3526 1684 3659 1736; x_wconf 75' lang='grc' dir='ltr'>ἐκα-</span> 
     </span>
    </p>
   </div>
   <div class='ocr_carea' id='block_1_57' title="bbox 1971 1770 3660 1842">
    <p class='ocr_par' dir='ltr' id='par_1_57' title="bbox 1971 1770 3660 1842">
     <span class='ocr_line' id='line_1_57' title="bbox 1971 1770 3660 1842; baseline 0 -20"><span class='ocrx_word' id='word_1_436' title='bbox 1971 1788 2093 1833; x_wconf 91' lang='grc' dir='ltr'>στος</span> <span class='ocrx_word' id='word_1_437' title='bbox 2122 1772 2258 1840; x_wconf 86' lang='grc' dir='ltr'>μετά</span> <span class='ocrx_word' id='word_1_438' title='bbox 2285 1771 2657 1842; x_wconf 84' lang='grc' dir='ltr'>προσηγορίας</span> <span class='ocrx_word' id='word_1_439' title='bbox 2678 1770 2984 1834; x_wconf 89' lang='grc' dir='ltr'>διαλύεσθε,</span> <span class='ocrx_word' id='word_1_440' title='bbox 3020 1770 3162 1823; x_wconf 80' lang='grc' dir='ltr'>οῦτω</span> <span class='ocrx_word' id='word_1_441' title='bbox 3193 1771 3331 1840; x_wconf 88' lang='grc' dir='ltr'>μετά</span> <span class='ocrx_word' id='word_1_442' title='bbox 3374 1787 3660 1841; x_wconf 74' lang='grc' dir='ltr'>παραγγεο</span> 
     </span>
    </p>
   </div>
   <div class='ocr_carea' id='block_1_58' title="bbox 1973 1854 3660 1929">
    <p class='ocr_par' dir='ltr' id='par_1_58' title="bbox 1973 1854 3660 1929">
     <span class='ocr_line' id='line_1_58' title="bbox 1973 1854 3660 1929; baseline 0.002 -22"><span class='ocrx_word' id='word_1_443' title='bbox 1973 1854 2091 1918; x_wconf 84' lang='grc' dir='ltr'>λίας</span> <span class='ocrx_word' id='word_1_444' title='bbox 2119 1857 2345 1920; x_wconf 75' lang='grc' dir='ltr'>ἕκαστος</span> <span class='ocrx_word' id='word_1_445' title='bbox 2375 1858 2558 1912; x_wconf 80' lang='grc' dir='ltr'>οἴκαδε</span> <span class='ocrx_word' id='word_1_446' title='bbox 2604 1858 2982 1929; x_wconf 84' lang='grc' dir='ltr'>ἀναχωρείτω,</span> <span class='ocrx_word' id='word_1_447' title='bbox 3021 1859 3116 1910; x_wconf 78' lang='grc' dir='ltr'>καὶ</span> <span class='ocrx_word' id='word_1_448' title='bbox 3145 1857 3222 1926; x_wconf 84' lang='grc' dir='ltr'>τῷ</span> <span class='ocrx_word' id='word_1_449' title='bbox 3249 1858 3474 1927; x_wconf 80' lang='grc' dir='ltr'>πλησίον</span> <span class='ocrx_word' id='word_1_450' title='bbox 3503 1858 3660 1926; x_wconf 82' lang='grc' dir='ltr'>λεγέ-</span> 
     </span>
    </p>
   </div>
   <div class='ocr_carea' id='block_1_59' title="bbox 1973 1943 3660 2018">
    <p class='ocr_par' dir='ltr' id='par_1_59' title="bbox 1973 1943 3660 2018">
     <span class='ocr_line' id='line_1_59' title="bbox 1973 1943 3660 2018; baseline 0.003 -24"><span class='ocrx_word' id='word_1_451' title='bbox 1973 1959 2051 1994; x_wconf 90' lang='grc' dir='ltr'>τω</span> <span class='ocrx_word' id='word_1_452' title='bbox 2069 1955 2084 1971; x_wconf 90' lang='grc'><strong>·</strong></span> <span class='ocrx_word' id='word_1_453' title='bbox 2116 1943 2317 1995; x_wconf 86' lang='grc' dir='ltr'>Σκόπει</span> <span class='ocrx_word' id='word_1_454' title='bbox 2348 1948 2442 1996; x_wconf 75' lang='grc' dir='ltr'>καὶ</span> <span class='ocrx_word' id='word_1_455' title='bbox 2472 1945 2716 2015; x_wconf 85' lang='grc' dir='ltr'>μέμνησο</span> <span class='ocrx_word' id='word_1_456' title='bbox 2743 1946 2892 2008; x_wconf 82' lang='grc' dir='ltr'>ὅπως</span> <span class='ocrx_word' id='word_1_457' title='bbox 2917 1945 3160 2018; x_wconf 79' lang='grc' dir='ltr'>φυλάξῃς</span> <span class='ocrx_word' id='word_1_458' title='bbox 3183 1945 3278 2016; x_wconf 82' lang='grc' dir='ltr'>τὴν</span> <span class='ocrx_word' id='word_1_459' title='bbox 3304 1944 3545 2015; x_wconf 80' lang='grc' dir='ltr'>ἐντολήν,</span> <span class='ocrx_word' id='word_1_460' title='bbox 3564 1947 3660 1999; x_wconf 73' lang='grc' dir='ltr'>καὶ</span> 
     </span>
    </p>
   </div>
   <div class='ocr_carea' id='block_1_60' title="bbox 1976 2028 3660 2104">
    <p class='ocr_par' dir='ltr' id='par_1_60' title="bbox 1976 2028 3660 2104">
     <span class='ocr_line' id='line_1_60' title="bbox 1976 2028 3660 2104; baseline 0.003 -24"><span class='ocrx_word' id='word_1_461' title='bbox 1976 2028 2193 2092; x_wconf 87' lang='grc' dir='ltr'>πάντως</span> <span class='ocrx_word' id='word_1_462' title='bbox 2241 2030 2822 2100; x_wconf 86' lang='grc' dir='ltr'>περιεσόμεθα.”οταν</span> <span class='ocrx_word' id='word_1_463' title='bbox 2875 2032 2985 2104; x_wconf 77' lang='grc' dir='ltr'>γάρ</span> <span class='ocrx_word' id='word_1_464' title='bbox 3039 2032 3185 2100; x_wconf 72' lang='grc' dir='ltr'>φίλοι</span> <span class='ocrx_word' id='word_1_465' title='bbox 3244 2033 3660 2102; x_wconf 77' lang='grc' dir='ltr'>παραπέμπωει</span> 
     </span>
    </p>
   </div>
   <div class='ocr_carea' id='block_1_61' title="bbox 1977 2115 3662 2190">
    <p class='ocr_par' dir='ltr' id='par_1_61' title="bbox 1977 2115 3662 2190">
     <span class='ocr_line' id='line_1_61' title="bbox 1977 2115 3662 2190; baseline 0.003 -24"><span class='ocrx_word' id='word_1_466' title='bbox 1977 2115 2118 2185; x_wconf 80' lang='grc' dir='ltr'>μετᾶ</span> <span class='ocrx_word' id='word_1_467' title='bbox 2163 2116 2421 2186; x_wconf 83' lang='grc' dir='ltr'>τοιαύτης</span> <span class='ocrx_word' id='word_1_468' title='bbox 2471 2116 2801 2186; x_wconf 80' lang='grc' dir='ltr'>συμϐουλῆς,</span> <span class='ocrx_word' id='word_1_469' title='bbox 2837 2120 2933 2170; x_wconf 73' lang='grc' dir='ltr'>καὶ</span> <span class='ocrx_word' id='word_1_470' title='bbox 2966 2119 3102 2171; x_wconf 77' lang='grc' dir='ltr'>οἴκοι</span> <span class='ocrx_word' id='word_1_471' title='bbox 3136 2120 3428 2186; x_wconf 84' lang='grc' dir='ltr'>γενόμενον</span> <span class='ocrx_word' id='word_1_472' title='bbox 3458 2121 3491 2189; x_wconf 82' lang='grc' dir='ltr'>ή</span> <span class='ocrx_word' id='word_1_473' title='bbox 3526 2121 3662 2190; x_wconf 81' lang='grc' dir='ltr'>γυνὴ</span> 
     </span>
    </p>
   </div>
   <div class='ocr_carea' id='block_1_62' title="bbox 1975 2202 3662 2277">
    <p class='ocr_par' dir='ltr' id='par_1_62' title="bbox 1975 2202 3662 2277">
     <span class='ocr_line' id='line_1_62' title="bbox 1975 2202 3662 2277; baseline 0.003 -24"><span class='ocrx_word' id='word_1_474' title='bbox 1975 2202 2135 2257; x_wconf 75' lang='grc' dir='ltr'>πάλιν</span> <span class='ocrx_word' id='word_1_475' title='bbox 2161 2205 2227 2256; x_wconf 76' lang='grc' dir='ltr'>τὰ</span> <span class='ocrx_word' id='word_1_476' title='bbox 2266 2205 2407 2256; x_wconf 83' lang='grc' dir='ltr'>αύτά</span> <span class='ocrx_word' id='word_1_477' title='bbox 2434 2205 2850 2277; x_wconf 86' lang='grc' dir='ltr'>ἀναμιμνήσκῃ,</span> <span class='ocrx_word' id='word_1_478' title='bbox 2894 2204 2990 2257; x_wconf 70' lang='grc' dir='ltr'>καὶ</span> <span class='ocrx_word' id='word_1_479' title='bbox 3035 2205 3229 2274; x_wconf 80' lang='grc' dir='ltr'>μόνους</span> <span class='ocrx_word' id='word_1_480' title='bbox 3259 2207 3418 2269; x_wconf 80' lang='grc' dir='ltr'>όντας</span> <span class='ocrx_word' id='word_1_481' title='bbox 3449 2209 3478 2260; x_wconf 90' lang='lat'>6</span> <span class='ocrx_word' id='word_1_482' title='bbox 3506 2207 3662 2274; x_wconf 84' lang='grc' dir='ltr'>λόγος</span> 
     </span>
    </p>
   </div>
   <div class='ocr_carea' id='block_1_63' title="bbox 1972 2290 3662 2365">
    <p class='ocr_par' dir='ltr' id='par_1_63' title="bbox 1972 2290 3662 2365">
     <span class='ocr_line' id='line_1_63' title="bbox 1972 2290 3662 2365; baseline 0.002 -22"><span class='ocrx_word' id='word_1_483' title='bbox 1972 2293 2000 2343; x_wconf 86' lang='lat'>6</span> <span class='ocrx_word' id='word_1_484' title='bbox 2025 2290 2297 2360; x_wconf 84' lang='grc' dir='ltr'>ἡμέτερος</span> <span class='ocrx_word' id='word_1_485' title='bbox 2320 2290 2548 2365; x_wconf 82' lang='grc' dir='ltr'>κατέχῃ,</span> <span class='ocrx_word' id='word_1_486' title='bbox 2574 2291 2789 2360; x_wconf 86' lang='grc' dir='ltr'>ταχέως</span> <span class='ocrx_word' id='word_1_487' title='bbox 2813 2291 3270 2362; x_wconf 70' lang='grc' dir='ltr'>ἀποκρουσάμεθα</span> <span class='ocrx_word' id='word_1_488' title='bbox 3296 2294 3393 2364; x_wconf 83' lang='grc' dir='ltr'>τὴν</span> <span class='ocrx_word' id='word_1_489' title='bbox 3423 2296 3662 2364; x_wconf 78' lang='grc' dir='ltr'>πονηρὰν</span> 
     </span>
    </p>
   </div>
   <div class='ocr_carea' id='block_1_64' title="bbox 1977 2374 3664 2449">
    <p class='ocr_par' dir='ltr' id='par_1_64' title="bbox 1977 2374 3664 2449">
     <span class='ocr_line' id='line_1_64' title="bbox 1977 2374 3664 2449; baseline 0.003 -20"><span class='ocrx_word' id='word_1_490' title='bbox 1977 2377 2268 2448; x_wconf 86' lang='grc' dir='ltr'>συνήθειαν</span> <span class='ocrx_word' id='word_1_491' title='bbox 2297 2377 2524 2448; x_wconf 85' lang='grc' dir='ltr'>ταύτην.</span> <span class='ocrx_word' id='word_1_492' title='bbox 2556 2374 2685 2432; x_wconf 78' lang='grc' dir='ltr'>Οἶδα</span> <span class='ocrx_word' id='word_1_493' title='bbox 2722 2378 2820 2448; x_wconf 84' lang='grc' dir='ltr'>μὲν</span> <span class='ocrx_word' id='word_1_494' title='bbox 2849 2378 2932 2431; x_wconf 86' lang='grc' dir='ltr'>ὄτι</span> <span class='ocrx_word' id='word_1_495' title='bbox 2966 2378 3277 2449; x_wconf 75' lang='grc' dir='ltr'>θαυμάζετε</span> <span class='ocrx_word' id='word_1_496' title='bbox 3306 2381 3450 2445; x_wconf 91' lang='grc' dir='ltr'>τίνος</span> <span class='ocrx_word' id='word_1_497' title='bbox 3479 2382 3664 2435; x_wconf 76' lang='grc' dir='ltr'>ἕνεκεν</span> 
     </span>
    </p>
   </div>
   <div class='ocr_carea' id='block_1_65' title="bbox 1972 2464 3659 2540">
    <p class='ocr_par' dir='ltr' id='par_1_65' title="bbox 1972 2464 3659 2540">
     <span class='ocr_line' id='line_1_65' title="bbox 1972 2464 3659 2540; baseline 0.003 -23"><span class='ocrx_word' id='word_1_498' title='bbox 1972 2465 2240 2534; x_wconf 86' lang='grc' dir='ltr'>τοσαύτην</span> <span class='ocrx_word' id='word_1_499' title='bbox 2280 2465 2420 2538; x_wconf 81' lang='grc' dir='ltr'>ὑπὲρ</span> <span class='ocrx_word' id='word_1_500' title='bbox 2460 2466 2559 2535; x_wconf 85' lang='grc' dir='ltr'>τῆς</span> <span class='ocrx_word' id='word_1_501' title='bbox 2606 2464 2827 2535; x_wconf 77' lang='grc' dir='ltr'>ἐντολῆς</span> <span class='ocrx_word' id='word_1_502' title='bbox 2858 2466 3065 2536; x_wconf 88' lang='grc' dir='ltr'>ταύτης</span> <span class='ocrx_word' id='word_1_503' title='bbox 3094 2468 3347 2538; x_wconf 79' lang='grc' dir='ltr'>ποιοῦμαι</span> <span class='ocrx_word' id='word_1_504' title='bbox 3383 2469 3618 2540; x_wconf 88' lang='grc' dir='ltr'>σπουδήν</span> <span class='ocrx_word' id='word_1_505' title='bbox 3643 2486 3659 2499; x_wconf 87' lang='grc'><strong>·</strong></span> 
     </span>
    </p>
   </div>
   <div class='ocr_carea' id='block_1_66' title="bbox 1976 2551 3664 2627">
    <p class='ocr_par' dir='ltr' id='par_1_66' title="bbox 1976 2551 3664 2627">
     <span class='ocr_line' id='line_1_66' title="bbox 1976 2551 3664 2627; baseline 0.003 -24"><span class='ocrx_word' id='word_1_506' title='bbox 1976 2551 2362 2621; x_wconf 86' lang='grc' dir='ltr'>κατορθῶσατε</span> <span class='ocrx_word' id='word_1_507' title='bbox 2391 2551 2450 2604; x_wconf 82' lang='grc' dir='ltr'>δέ</span> <span class='ocrx_word' id='word_1_508' title='bbox 2483 2552 2544 2604; x_wconf 86' lang='grc' dir='ltr'>τὸ</span> <span class='ocrx_word' id='word_1_509' title='bbox 2586 2553 2902 2622; x_wconf 83' lang='grc' dir='ltr'>ἐπιταχθὲν,</span> <span class='ocrx_word' id='word_1_510' title='bbox 2929 2554 3023 2606; x_wconf 72' lang='grc' dir='ltr'>καὶ</span> <span class='ocrx_word' id='word_1_511' title='bbox 3056 2554 3178 2607; x_wconf 89' lang='grc' dir='ltr'>τότε</span> <span class='ocrx_word' id='word_1_512' title='bbox 3205 2557 3337 2626; x_wconf 86' lang='grc' dir='ltr'>ἐρῶ.</span> <span class='ocrx_word' id='word_1_513' title='bbox 3364 2557 3513 2619; x_wconf 86' lang='grc' dir='ltr'>Τέως</span> <span class='ocrx_word' id='word_1_514' title='bbox 3563 2558 3664 2627; x_wconf 77' lang='grc' dir='ltr'>μὲν</span> 
     </span>
    </p>
   </div>
   <div class='ocr_carea' id='block_1_67' title="bbox 1976 2637 3666 2712">
    <p class='ocr_par' dir='ltr' id='par_1_67' title="bbox 1976 2637 3666 2712">
     <span class='ocr_line' id='line_1_67' title="bbox 1976 2637 3666 2712; baseline 0.005 -24"><span class='ocrx_word' id='word_1_515' title='bbox 1976 2637 2084 2707; x_wconf 72' lang='grc' dir='ltr'>γάρ</span> <span class='ocrx_word' id='word_1_516' title='bbox 2115 2639 2294 2690; x_wconf 89' lang='grc' dir='ltr'>ἐκεῖνο</span> <span class='ocrx_word' id='word_1_517' title='bbox 2322 2637 2487 2705; x_wconf 81' lang='grc' dir='ltr'>λέγω,</span> <span class='ocrx_word' id='word_1_518' title='bbox 2516 2639 2597 2690; x_wconf 84' lang='grc' dir='ltr'>ὅτι</span> <span class='ocrx_word' id='word_1_519' title='bbox 2624 2639 2787 2708; x_wconf 88' lang='grc' dir='ltr'>νόμος</span> <span class='ocrx_word' id='word_1_520' title='bbox 2821 2640 2939 2692; x_wconf 77' lang='grc' dir='ltr'>ἐστὶ</span> <span class='ocrx_word' id='word_1_521' title='bbox 2981 2639 3124 2703; x_wconf 86' lang='grc' dir='ltr'>θεῖος</span> <span class='ocrx_word' id='word_1_522' title='bbox 3155 2643 3216 2693; x_wconf 81' lang='lat'><em>16</em></span> <span class='ocrx_word' id='word_1_523' title='bbox 3245 2644 3524 2712; x_wconf 84' lang='grc' dir='ltr'>ἐπίταγμα</span> <span class='ocrx_word' id='word_1_524' title='bbox 3550 2643 3666 2697; x_wconf 70' lang='grc' dir='ltr'>τοῦ·</span> 
     </span>
    </p>
   </div>
   <div class='ocr_carea' id='block_1_68' title="bbox 1975 2723 3666 2796">
    <p class='ocr_par' dir='ltr' id='par_1_68' title="bbox 1975 2723 3666 2796">
     <span class='ocr_line' id='line_1_68' title="bbox 1975 2723 3666 2796; baseline 0.004 -20"><span class='ocrx_word' id='word_1_525' title='bbox 1975 2741 2056 2786; x_wconf 92' lang='grc' dir='ltr'>το,</span> <span class='ocrx_word' id='word_1_526' title='bbox 2097 2725 2192 2776; x_wconf 77' lang='grc' dir='ltr'>καὶ</span> <span class='ocrx_word' id='word_1_527' title='bbox 2224 2723 2538 2796; x_wconf 82' lang='grc' dir='ltr'>παραϐῆναι</span> <span class='ocrx_word' id='word_1_528' title='bbox 2575 2725 2738 2777; x_wconf 79' lang='grc' dir='ltr'>αὑτὸν</span> <span class='ocrx_word' id='word_1_529' title='bbox 2767 2727 2867 2778; x_wconf 82' lang='grc' dir='ltr'>οὐκ</span> <span class='ocrx_word' id='word_1_530' title='bbox 2893 2727 3136 2794; x_wconf 83' lang='grc' dir='ltr'>ἀσφαλές</span> <span class='ocrx_word' id='word_1_531' title='bbox 3156 2743 3168 2755; x_wconf 88' lang='grc'><strong>·</strong></span> <span class='ocrx_word' id='word_1_532' title='bbox 3200 2731 3295 2782; x_wconf 85' lang='grc' dir='ltr'>ἐάν</span> <span class='ocrx_word' id='word_1_533' title='bbox 3324 2730 3380 2782; x_wconf 82' lang='grc' dir='ltr'>δὲ</span> <span class='ocrx_word' id='word_1_534' title='bbox 3411 2730 3505 2782; x_wconf 85' lang='grc' dir='ltr'>ῐδω</span> <span class='ocrx_word' id='word_1_535' title='bbox 3532 2748 3666 2783; x_wconf 89' lang='grc' dir='ltr'>κατ-</span> 
     </span>
    </p>
   </div>
   <div class='ocr_carea' id='block_1_69' title="bbox 1975 2810 3665 2884">
    <p class='ocr_par' dir='ltr' id='par_1_69' title="bbox 1975 2810 3665 2884">
     <span class='ocr_line' id='line_1_69' title="bbox 1975 2810 3665 2884; baseline 0.004 -21"><span class='ocrx_word' id='word_1_536' title='bbox 1975 2810 2232 2881; x_wconf 83' lang='grc' dir='ltr'>ορθωθὲν,</span> <span class='ocrx_word' id='word_1_537' title='bbox 2259 2812 2353 2864; x_wconf 77' lang='grc' dir='ltr'>καὶ</span> <span class='ocrx_word' id='word_1_538' title='bbox 2383 2812 2578 2883; x_wconf 80' lang='grc' dir='ltr'>ἑτέραν</span> <span class='ocrx_word' id='word_1_539' title='bbox 2606 2814 2737 2882; x_wconf 82' lang='grc' dir='ltr'>ὑμῖν</span> <span class='ocrx_word' id='word_1_540' title='bbox 2769 2814 2951 2866; x_wconf 86' lang='grc' dir='ltr'>αἰτίαν</span> <span class='ocrx_word' id='word_1_541' title='bbox 2978 2815 3090 2884; x_wconf 86' lang='grc' dir='ltr'>ἐρῶ</span> <span class='ocrx_word' id='word_1_542' title='bbox 3115 2815 3214 2868; x_wconf 84' lang='grc' dir='ltr'>οὐκ</span> <span class='ocrx_word' id='word_1_543' title='bbox 3242 2817 3498 2870; x_wconf 87' lang='grc' dir='ltr'>ἐλάττονα</span> <span class='ocrx_word' id='word_1_544' title='bbox 3529 2819 3665 2872; x_wconf 84' lang='grc' dir='ltr'>ταύ-</span> 
     </span>
    </p>
   </div>
   <div class='ocr_carea' id='block_1_70' title="bbox 1975 2894 3662 2971">
    <p class='ocr_par' dir='ltr' id='par_1_70' title="bbox 1975 2894 3662 2971">
     <span class='ocr_line' id='line_1_70' title="bbox 1975 2894 3662 2971; baseline 0.004 -27"><span class='ocrx_word' id='word_1_545' title='bbox 1975 2910 2096 2964; x_wconf 86' lang='grc' dir='ltr'>της,</span> <span class='ocrx_word' id='word_1_546' title='bbox 2134 2894 2222 2946; x_wconf 84' lang='grc' dir='ltr'>ἴνα</span> <span class='ocrx_word' id='word_1_547' title='bbox 2267 2894 2474 2966; x_wconf 85' lang='grc' dir='ltr'>μάθητε</span> <span class='ocrx_word' id='word_1_548' title='bbox 2508 2897 2591 2948; x_wconf 79' lang='grc' dir='ltr'>ὅτι</span> <span class='ocrx_word' id='word_1_549' title='bbox 2633 2895 2859 2958; x_wconf 89' lang='grc' dir='ltr'>δικαίως</span> <span class='ocrx_word' id='word_1_550' title='bbox 2897 2897 3172 2967; x_wconf 88' lang='grc' dir='ltr'>τοσαύτην</span> <span class='ocrx_word' id='word_1_551' title='bbox 3207 2899 3348 2970; x_wconf 83' lang='grc' dir='ltr'>ὑπὲρ</span> <span class='ocrx_word' id='word_1_552' title='bbox 3374 2899 3467 2953; x_wconf 89' lang='grc' dir='ltr'>τοῦ</span> <span class='ocrx_word' id='word_1_553' title='bbox 3498 2901 3662 2971; x_wconf 88' lang='grc' dir='ltr'>νόμου</span> 
     </span>
    </p>
   </div>
   <div class='ocr_carea' id='block_1_71' title="bbox 1975 2976 3662 3051">
    <p class='ocr_par' dir='ltr' id='par_1_71' title="bbox 1975 2976 3662 3051">
     <span class='ocr_line' id='line_1_71' title="bbox 1975 2976 3662 3051; baseline 0.004 -24"><span class='ocrx_word' id='word_1_554' title='bbox 1975 2977 2166 3028; x_wconf 91' lang='grc' dir='ltr'>τούτου</span> <span class='ocrx_word' id='word_1_555' title='bbox 2188 2976 2492 3046; x_wconf 83' lang='grc' dir='ltr'>ποιοῦμαιά</span> <span class='ocrx_word' id='word_1_556' title='bbox 2519 2978 2759 3048; x_wconf 86' lang='grc' dir='ltr'>σπουδήν</span> <span class='ocrx_word' id='word_1_557' title='bbox 2777 2992 2792 3006; x_wconf 80' lang='grc'><strong><em>⁸</em></strong></span> <span class='ocrx_word' id='word_1_558' title='bbox 2821 2977 2941 3048; x_wconf 84' lang='grc' dir='ltr'>ὥρα</span> <span class='ocrx_word' id='word_1_559' title='bbox 2969 2977 3027 3030; x_wconf 83' lang='grc' dir='ltr'>δὲ</span> <span class='ocrx_word' id='word_1_560' title='bbox 3056 2979 3243 3031; x_wconf 76' lang='grc' dir='ltr'>λοιπὸν</span> <span class='ocrx_word' id='word_1_561' title='bbox 3266 2983 3345 3043; x_wconf 79' lang='grc' dir='ltr'>είς</span> <span class='ocrx_word' id='word_1_562' title='bbox 3373 2982 3538 3051; x_wconf 79' lang='grc' dir='ltr'>εὐχὴν</span> <span class='ocrx_word' id='word_1_563' title='bbox 3561 2998 3662 3034; x_wconf 86' lang='grc' dir='ltr'>κα-</span> 
     </span>
    </p>
   </div>
   <div class='ocr_carea' id='block_1_72' title="bbox 1973 3058 3663 3133">
    <p class='ocr_par' dir='ltr' id='par_1_72' title="bbox 1973 3058 3663 3133">
     <span class='ocr_line' id='line_1_72' title="bbox 1973 3058 3663 3133; baseline 0.004 -22"><span class='ocrx_word' id='word_1_564' title='bbox 1973 3058 2204 3112; x_wconf 87' lang='grc' dir='ltr'>ταλῦσαι</span> <span class='ocrx_word' id='word_1_565' title='bbox 2226 3060 2318 3112; x_wconf 90' lang='grc' dir='ltr'>τὸν</span> <span class='ocrx_word' id='word_1_566' title='bbox 2349 3059 2523 3128; x_wconf 86' lang='grc' dir='ltr'>λόγον.</span> <span class='ocrx_word' id='word_1_567' title='bbox 2540 3062 2708 3132; x_wconf 80' lang='grc' dir='ltr'>Κοινῇ</span> <span class='ocrx_word' id='word_1_568' title='bbox 2729 3062 2906 3114; x_wconf 89' lang='grc' dir='ltr'>τοίνυν</span> <span class='ocrx_word' id='word_1_569' title='bbox 2928 3062 3130 3126; x_wconf 85' lang='grc' dir='ltr'>πάντες</span> <span class='ocrx_word' id='word_1_570' title='bbox 3153 3062 3396 3133; x_wconf 79' lang='grc' dir='ltr'>εἴπωμεν</span> <span class='ocrx_word' id='word_1_571' title='bbox 3411 3080 3423 3092; x_wconf 77' lang='grc'><strong><em>⁸</em></strong></span> <span class='ocrx_word' id='word_1_572' title='bbox 3457 3064 3512 3117; x_wconf 86' lang='grc' dir='ltr'><em>Ὀ</em></span> <span class='ocrx_word' id='word_1_573' title='bbox 3533 3064 3663 3129; x_wconf 75' lang='grc' dir='ltr'>Θεὸς</span> 
     </span>
    </p>
   </div>
   <div class='ocr_carea' id='block_1_73' title="bbox 1969 3136 3664 3215">
    <p class='ocr_par' dir='ltr' id='par_1_73' title="bbox 1969 3136 3664 3215">
     <span class='ocr_line' id='line_1_73' title="bbox 1969 3136 3664 3215; baseline 0.005 -26"><span class='ocrx_word' id='word_1_574' title='bbox 1969 3138 1998 3189; x_wconf 83' lang='lat'>6</span> <span class='ocrx_word' id='word_1_575' title='bbox 2036 3137 2110 3208; x_wconf 85' lang='grc' dir='ltr'>μὴ</span> <span class='ocrx_word' id='word_1_576' title='bbox 2137 3136 2307 3190; x_wconf 88' lang='grc' dir='ltr'>θέλων</span> <span class='ocrx_word' id='word_1_577' title='bbox 2336 3138 2426 3191; x_wconf 81' lang='grc' dir='ltr'>τὸν</span> <span class='ocrx_word' id='word_1_578' title='bbox 2457 3137 2687 3192; x_wconf 87' lang='grc' dir='ltr'>θάνατον</span> <span class='ocrx_word' id='word_1_579' title='bbox 2708 3139 2802 3193; x_wconf 90' lang='grc' dir='ltr'>τοῦ</span> <span class='ocrx_word' id='word_1_580' title='bbox 2830 3140 3184 3211; x_wconf 87' lang='grc' dir='ltr'>ἀμαρτωλοῦ,</span> <span class='ocrx_word' id='word_1_581' title='bbox 3215 3141 3290 3205; x_wconf 89' lang='grc' dir='ltr'>ὼς</span> <span class='ocrx_word' id='word_1_582' title='bbox 3317 3143 3379 3194; x_wconf 87' lang='lat'><em>16</em></span> <span class='ocrx_word' id='word_1_583' title='bbox 3406 3144 3664 3215; x_wconf 73' lang='grc' dir='ltr'>ἐπιστρέ-</span> 
     </span>
    </p>
   </div>
   <div class='ocr_carea' id='block_1_74' title="bbox 1969 3220 3664 3299">
    <p class='ocr_par' dir='ltr' id='par_1_74' title="bbox 1969 3220 3664 3299">
     <span class='ocr_line' id='line_1_74' title="bbox 1969 3220 3664 3299; baseline 0.004 -25"><span class='ocrx_word' id='word_1_584' title='bbox 1969 3221 2069 3289; x_wconf 82' lang='grc' dir='ltr'>ψαι</span> <span class='ocrx_word' id='word_1_585' title='bbox 2103 3220 2266 3274; x_wconf 84' lang='grc' dir='ltr'>αὑτὸν</span> <span class='ocrx_word' id='word_1_586' title='bbox 2296 3223 2387 3273; x_wconf 80' lang='grc' dir='ltr'>καὶ</span> <span class='ocrx_word' id='word_1_587' title='bbox 2418 3221 2540 3291; x_wconf 81' lang='grc' dir='ltr'>ζῇν,</span> <span class='ocrx_word' id='word_1_588' title='bbox 2575 3223 2668 3276; x_wconf 80' lang='grc' dir='ltr'>καὶ</span> <span class='ocrx_word' id='word_1_589' title='bbox 2698 3223 2886 3277; x_wconf 88' lang='grc' dir='ltr'>τοῦτον</span> <span class='ocrx_word' id='word_1_590' title='bbox 2933 3225 3026 3278; x_wconf 77' lang='grc' dir='ltr'>καὶ</span> <span class='ocrx_word' id='word_1_591' title='bbox 3054 3226 3182 3288; x_wconf 79' lang='grc' dir='ltr'>τοὺς</span> <span class='ocrx_word' id='word_1_592' title='bbox 3219 3225 3440 3290; x_wconf 85' lang='grc' dir='ltr'>λοιποὺς</span> <span class='ocrx_word' id='word_1_593' title='bbox 3471 3229 3664 3299; x_wconf 87' lang='grc' dir='ltr'>νόμους</span> 
     </span>
    </p>
   </div>
   <div class='ocr_carea' id='block_1_75' title="bbox 1975 3298 3665 3378">
    <p class='ocr_par' dir='ltr' id='par_1_75' title="bbox 1975 3298 3665 3378">
     <span class='ocr_line' id='line_1_75' title="bbox 1975 3298 3665 3378; baseline 0.004 -26"><span class='ocrx_word' id='word_1_594' title='bbox 1975 3301 2222 3361; x_wconf 70' lang='grc' dir='ltr'>ἅπαντας</span> <span class='ocrx_word' id='word_1_595' title='bbox 2249 3298 2587 3364; x_wconf 80' lang='grc' dir='ltr'>καταξίωσον</span> <span class='ocrx_word' id='word_1_596' title='bbox 2613 3301 2761 3370; x_wconf 81' lang='grc' dir='ltr'>ἡμᾶς</span> <span class='ocrx_word' id='word_1_597' title='bbox 2791 3300 3180 3368; x_wconf 81' lang='grc' dir='ltr'>ἐξανύσαντας,</span> <span class='ocrx_word' id='word_1_598' title='bbox 3217 3304 3360 3357; x_wconf 88' lang='grc' dir='ltr'>οῦτω</span> <span class='ocrx_word' id='word_1_599' title='bbox 3383 3298 3665 3378; x_wconf 85' lang='grc' dir='ltr'>παραστῆ-</span> 
     </span>
    </p>
   </div>
   <div class='ocr_carea' id='block_1_76' title="bbox 1976 3379 3664 3458">
    <p class='ocr_par' dir='ltr' id='par_1_76' title="bbox 1976 3379 3664 3458">
     <span class='ocr_line' id='line_1_76' title="bbox 1976 3379 3664 3458; baseline 0.005 -27"><span class='ocrx_word' id='word_1_600' title='bbox 1976 3396 2067 3433; x_wconf 90' lang='grc' dir='ltr'>ναι</span> <span class='ocrx_word' id='word_1_601' title='bbox 2091 3379 2185 3458; x_wconf 6' lang='grc' dir='ltr'>,τῷ</span> <span class='ocrx_word' id='word_1_602' title='bbox 2212 3379 2418 3451; x_wconf 84' lang='grc' dir='ltr'>βήματι</span> <span class='ocrx_word' id='word_1_603' title='bbox 2449 3380 2544 3432; x_wconf 92' lang='grc' dir='ltr'>τοῦ</span> <span class='ocrx_word' id='word_1_604' title='bbox 2578 3380 2816 3452; x_wconf 86' lang='grc' dir='ltr'>Χριστοῦ</span> <span class='ocrx_word' id='word_1_605' title='bbox 2849 3399 2967 3445; x_wconf 88' lang='grc' dir='ltr'>σου,</span> <span class='ocrx_word' id='word_1_606' title='bbox 2997 3383 3086 3434; x_wconf 85' lang='grc' dir='ltr'>ἵνα</span> <span class='ocrx_word' id='word_1_607' title='bbox 3120 3386 3436 3456; x_wconf 74' lang='grc' dir='ltr'>παρρησίας</span> <span class='ocrx_word' id='word_1_608' title='bbox 3465 3385 3664 3458; x_wconf 81' lang='grc' dir='ltr'>πολλῆς</span> 
     </span>
    </p>
   </div>
   <div class='ocr_carea' id='block_1_77' title="bbox 1980 3457 3662 3535">
    <p class='ocr_par' dir='ltr' id='par_1_77' title="bbox 1980 3457 3662 3535">
     <span class='ocr_line' id='line_1_77' title="bbox 1980 3457 3662 3535; baseline 0.002 -25"><span class='ocrx_word' id='word_1_609' title='bbox 1980 3457 2409 3524; x_wconf 81' lang='grc' dir='ltr'>ἀπολαύσαντες,</span> <span class='ocrx_word' id='word_1_610' title='bbox 2433 3459 2537 3529; x_wconf 88' lang='grc' dir='ltr'>τῆς</span> <span class='ocrx_word' id='word_1_611' title='bbox 2564 3458 2846 3530; x_wconf 84' lang='grc' dir='ltr'>βασιλείας</span> <span class='ocrx_word' id='word_1_612' title='bbox 2874 3459 3224 3531; x_wconf 88' lang='grc' dir='ltr'>ἐπιτύχωμεν</span> <span class='ocrx_word' id='word_1_613' title='bbox 3255 3466 3336 3526; x_wconf 88' lang='grc' dir='ltr'>είς</span> <span class='ocrx_word' id='word_1_614' title='bbox 3359 3465 3516 3529; x_wconf 81' lang='grc' dir='ltr'>δόξαν</span> <span class='ocrx_word' id='word_1_615' title='bbox 3542 3457 3662 3535; x_wconf 65' lang='grc' dir='ltr'>σὴν,</span> 
     </span>
    </p>
   </div>
   <div class='ocr_carea' id='block_1_78' title="bbox 1979 3538 3666 3613">
    <p class='ocr_par' dir='ltr' id='par_1_78' title="bbox 1979 3538 3666 3613">
     <span class='ocr_line' id='line_1_78' title="bbox 1979 3538 3666 3613; baseline 0.004 -23"><span class='ocrx_word' id='word_1_616' title='bbox 1979 3539 2062 3590; x_wconf 83' lang='grc' dir='ltr'>ὅτι</span> <span class='ocrx_word' id='word_1_617' title='bbox 2091 3539 2174 3591; x_wconf 78' lang='grc' dir='ltr'>σοὶ</span> <span class='ocrx_word' id='word_1_618' title='bbox 2201 3539 2403 3610; x_wconf 88' lang='grc' dir='ltr'>πρέπει</span> <span class='ocrx_word' id='word_1_619' title='bbox 2434 3540 2585 3604; x_wconf 80' lang='grc' dir='ltr'>δόξα,</span> <span class='ocrx_word' id='word_1_620' title='bbox 2610 3540 2727 3609; x_wconf 74' lang='grc' dir='ltr'>ἅμα</span> <span class='ocrx_word' id='word_1_621' title='bbox 2753 3538 2832 3610; x_wconf 86' lang='grc' dir='ltr'>τῷ</span> <span class='ocrx_word' id='word_1_622' title='bbox 2857 3544 3139 3610; x_wconf 85' lang='grc' dir='ltr'>μονογενεῖ</span> <span class='ocrx_word' id='word_1_623' title='bbox 3167 3559 3262 3594; x_wconf 89' lang='grc' dir='ltr'>σου</span> <span class='ocrx_word' id='word_1_624' title='bbox 3295 3543 3450 3596; x_wconf 62' lang='grc' dir='ltr'>Παιδί</span> <span class='ocrx_word' id='word_1_625' title='bbox 3476 3544 3666 3613; x_wconf 78' lang='grc' dir='ltr'>καὶτῷ</span> 
     </span>
    </p>
   </div>
   <div class='ocr_carea' id='block_1_79' title="bbox 1979 3618 3668 3689">
    <p class='ocr_par' dir='ltr' id='par_1_79' title="bbox 1979 3618 3668 3689">
     <span class='ocr_line' id='line_1_79' title="bbox 1979 3618 3668 3689; baseline 0.005 -19"><span class='ocrx_word' id='word_1_626' title='bbox 1979 3618 2119 3686; x_wconf 83' lang='grc' dir='ltr'>ἀγίῳ</span> <span class='ocrx_word' id='word_1_627' title='bbox 2164 3619 2466 3689; x_wconf 86' lang='grc' dir='ltr'>Πνεύματι,</span> <span class='ocrx_word' id='word_1_628' title='bbox 2505 3621 2602 3674; x_wconf 87' lang='grc' dir='ltr'>νῦν</span> <span class='ocrx_word' id='word_1_629' title='bbox 2651 3620 2746 3674; x_wconf 76' lang='grc' dir='ltr'>καὶ</span> <span class='ocrx_word' id='word_1_630' title='bbox 2790 3621 2898 3685; x_wconf 81' lang='grc' dir='ltr'>ἀεὶ,</span> <span class='ocrx_word' id='word_1_631' title='bbox 2923 3622 3018 3675; x_wconf 77' lang='grc' dir='ltr'>καὶ</span> <span class='ocrx_word' id='word_1_632' title='bbox 3049 3622 3131 3685; x_wconf 86' lang='grc' dir='ltr'>είς</span> <span class='ocrx_word' id='word_1_633' title='bbox 3155 3623 3281 3686; x_wconf 82' lang='grc' dir='ltr'>τοὺς</span> <span class='ocrx_word' id='word_1_634' title='bbox 3317 3624 3523 3689; x_wconf 77' lang='grc' dir='ltr'>αἰῶνας</span> <span class='ocrx_word' id='word_1_635' title='bbox 3556 3626 3668 3678; x_wconf 80' lang='grc' dir='ltr'>τῶν</span> 
     </span>
    </p>
   </div>
   <div class='ocr_carea' id='block_1_80' title="bbox 1978 3701 2431 3772">
    <p class='ocr_par' dir='ltr' id='par_1_80' title="bbox 1978 3701 2431 3772">
     <span class='ocr_line' id='line_1_80' title="bbox 1978 3701 2431 3772; baseline 0.011 -20"><span class='ocrx_word' id='word_1_636' title='bbox 1978 3701 2214 3756; x_wconf 85' lang='grc' dir='ltr'>αἰώνων.</span> <span class='ocrx_word' id='word_1_637' title='bbox 2235 3703 2431 3772; x_wconf 82' lang='grc' dir='ltr'>Ἀμήν.</span> 
     </span>
    </p>
   </div>
   <div class='ocr_carea' id='block_1_81' title="bbox 2043 3846 2728 3910">
    <p class='ocr_par' dir='ltr' id='par_1_81' title="bbox 2043 3846 2728 3910">
     <span class='ocr_line' id='line_1_81' title="bbox 2043 3846 2728 3910; baseline 0.004 -18"><span class='ocrx_word' id='word_1_638' title='bbox 2043 3847 2069 3910; x_wconf 57' lang='grc' dir='ltr'>ἦ</span> <span class='ocrx_word' id='word_1_639' title='bbox 2105 3846 2200 3910; x_wconf 48' lang='lat' dir='ltr'>Alii</span> <span class='ocrx_word' id='word_1_640' title='bbox 2224 3846 2304 3892; x_wconf 82' lang='grc' dir='ltr'>καὶ</span> <span class='ocrx_word' id='word_1_641' title='bbox 2327 3847 2489 3910; x_wconf 81' lang='grc' dir='ltr'>ῶσπερ</span> <span class='ocrx_word' id='word_1_642' title='bbox 2513 3846 2728 3903; x_wconf 76' lang='grc' dir='ltr'>ἕκαστος.</span> 
     </span>
    </p>
   </div>
   <div class='ocr_carea' id='block_1_82' title="bbox 2046 3905 2507 3970">
    <p class='ocr_par' dir='ltr' id='par_1_82' title="bbox 2046 3905 2507 3970">
     <span class='ocr_line' id='line_1_82' title="bbox 2046 3905 2507 3970; baseline 0.002 -16"><span class='ocrx_word' id='word_1_643' title='bbox 2046 3905 2073 3943; x_wconf 75' lang='grc' dir='ltr'>(ί</span> <span class='ocrx_word' id='word_1_644' title='bbox 2097 3908 2194 3954; x_wconf 76' lang='lat' dir='ltr'>Alii</span> <span class='ocrx_word' id='word_1_645' title='bbox 2219 3905 2507 3970; x_wconf 73' lang='grc' dir='ltr'>πεποίημαι.</span> 
     </span>
    </p>
   </div>
   <div class='ocr_carea' id='block_1_83' title="bbox 180 4143 3670 4232">
    <p class='ocr_par' dir='ltr' id='par_1_83' title="bbox 180 4143 3670 4232">
     <span class='ocr_line' id='line_1_83' title="bbox 180 4143 3670 4232; baseline 0.007 -36"><span class='ocrx_word' id='word_1_646' title='bbox 180 4143 348 4214; x_wconf 76' lang='lat' dir='ltr'><strong>[I55]</strong></span> <span class='ocrx_word' id='word_1_647' title='bbox 376 4145 747 4213; x_wconf 80' lang='grc' dir='ltr'>Εὐχαριστία</span> <span class='ocrx_word' id='word_1_648' title='bbox 799 4147 888 4200; x_wconf 75' lang='grc' dir='ltr'>ἔτι</span> <span class='ocrx_word' id='word_1_649' title='bbox 915 4150 1066 4216; x_wconf 82' lang='grc' dir='ltr'>πρὸς</span> <span class='ocrx_word' id='word_1_650' title='bbox 1111 4151 1218 4203; x_wconf 87' lang='grc' dir='ltr'>τὸν</span> <span class='ocrx_word' id='word_1_651' title='bbox 1243 4151 1392 4203; x_wconf 80' lang='grc' dir='ltr'>Θεὸν</span> <span class='ocrx_word' id='word_1_652' title='bbox 1428 4152 1556 4220; x_wconf 72' lang='grc' dir='ltr'>περὶ</span> <span class='ocrx_word' id='word_1_653' title='bbox 1588 4153 1701 4222; x_wconf 76' lang='grc' dir='ltr'>τῆς</span> <span class='ocrx_word' id='word_1_654' title='bbox 1745 4154 2086 4222; x_wconf 75' lang='grc' dir='ltr'>μεταϐολῆς</span> <span class='ocrx_word' id='word_1_655' title='bbox 2133 4155 2252 4209; x_wconf 87' lang='grc' dir='ltr'>τῶν</span> <span class='ocrx_word' id='word_1_656' title='bbox 2283 4156 2660 4225; x_wconf 78' lang='grc' dir='ltr'>σκυθρωπῶν</span> <span class='ocrx_word' id='word_1_657' title='bbox 2680 4174 2698 4191; x_wconf 79' lang='grc' dir='ltr'><strong><em>ο</em></strong></span> <span class='ocrx_word' id='word_1_658' title='bbox 2741 4159 2840 4212; x_wconf 79' lang='grc' dir='ltr'>καί</span> <span class='ocrx_word' id='word_1_659' title='bbox 2881 4159 3230 4228; x_wconf 72' lang='grc' dir='ltr'>ἀνάμνησις</span> <span class='ocrx_word' id='word_1_660' title='bbox 3273 4161 3390 4214; x_wconf 88' lang='grc' dir='ltr'>τῶν</span> <span class='ocrx_word' id='word_1_661' title='bbox 3419 4162 3520 4218; x_wconf 77' lang='grc' dir='ltr'>διὰ</span> <span class='ocrx_word' id='word_1_662' title='bbox 3553 4160 3670 4232; x_wconf 68' lang='grc' dir='ltr'>τὴν</span> 
     </span>
    </p>
   </div>
   <div class='ocr_carea' id='block_1_84' title="bbox 252 4235 3660 4325">
    <p class='ocr_par' dir='ltr' id='par_1_84' title="bbox 252 4235 3660 4325">
     <span class='ocr_line' id='line_1_84' title="bbox 252 4235 3660 4325; baseline 0.006 -38"><span class='ocrx_word' id='word_1_663' title='bbox 252 4235 490 4290; x_wconf 78' lang='grc' dir='ltr'>στάσιν</span> <span class='ocrx_word' id='word_1_664' title='bbox 533 4236 934 4305; x_wconf 81' lang='grc' dir='ltr'>διασυρέντων</span> <span class='ocrx_word' id='word_1_665' title='bbox 974 4239 1073 4293; x_wconf 81' lang='grc' dir='ltr'>καὶ</span> <span class='ocrx_word' id='word_1_666' title='bbox 1105 4241 1580 4309; x_wconf 81' lang='grc' dir='ltr'>τιμωρηθέντων·</span> <span class='ocrx_word' id='word_1_667' title='bbox 1625 4245 1841 4310; x_wconf 78' lang='grc' dir='ltr'>ὁμοίως</span> <span class='ocrx_word' id='word_1_668' title='bbox 1870 4245 1940 4297; x_wconf 84' lang='grc' dir='ltr'>δὲ</span> <span class='ocrx_word' id='word_1_669' title='bbox 1977 4246 2164 4300; x_wconf 75' lang='grc' dir='ltr'>πάλιν</span> <span class='ocrx_word' id='word_1_670' title='bbox 2177 4247 2468 4325; x_wconf 72' lang='grc' dir='ltr'>ἐξήγησις</span> <span class='ocrx_word' id='word_1_671' title='bbox 2490 4250 2622 4317; x_wconf 73' lang='grc' dir='ltr'>περὶ</span> <span class='ocrx_word' id='word_1_672' title='bbox 2647 4250 2759 4316; x_wconf 89' lang='grc' dir='ltr'>τῆς</span> <span class='ocrx_word' id='word_1_673' title='bbox 2774 4251 2882 4306; x_wconf 86' lang='grc' dir='ltr'>τοῦ</span> <span class='ocrx_word' id='word_1_674' title='bbox 2905 4251 3224 4320; x_wconf 82' lang='grc' dir='ltr'>ἀνθρώπου</span> <span class='ocrx_word' id='word_1_675' title='bbox 3242 4252 3440 4324; x_wconf 77' lang='grc' dir='ltr'>δημιοι</span> <span class='ocrx_word' id='word_1_676' title='bbox 3455 4272 3538 4325; x_wconf 69' lang='lat' dir='ltr'>p1-</span> <span class='ocrx_word' id='word_1_677' title='bbox 3562 4274 3660 4319; x_wconf 68' lang='grc' dir='ltr'>εις.</span> 
     </span>
    </p>
   </div>
   <div class='ocr_carea' id='block_1_85' title="bbox 253 4326 3080 4411">
    <p class='ocr_par' dir='ltr' id='par_1_85' title="bbox 253 4326 3080 4411">
     <span class='ocr_line' id='line_1_85' title="bbox 253 4326 3080 4411; baseline 0.007 -32"><span class='ocrx_word' id='word_1_678' title='bbox 253 4328 361 4379; x_wconf 81' lang='grc' dir='ltr'>καὶ</span> <span class='ocrx_word' id='word_1_679' title='bbox 394 4326 486 4380; x_wconf 85' lang='grc' dir='ltr'>ὅτι</span> <span class='ocrx_word' id='word_1_680' title='bbox 527 4328 795 4396; x_wconf 66' lang='grc' dir='ltr'>φυσικὸν</span> <span class='ocrx_word' id='word_1_681' title='bbox 830 4330 1018 4399; x_wconf 86' lang='grc' dir='ltr'>νόμον</span> <span class='ocrx_word' id='word_1_682' title='bbox 1047 4329 1325 4394; x_wconf 78' lang='grc' dir='ltr'>ἐδέξατοο</span> <span class='ocrx_word' id='word_1_683' title='bbox 1380 4332 1482 4386; x_wconf 77' lang='grc' dir='ltr'>καί</span> <span class='ocrx_word' id='word_1_684' title='bbox 1528 4334 1662 4401; x_wconf 80' lang='grc' dir='ltr'>περὶ</span> <span class='ocrx_word' id='word_1_685' title='bbox 1712 4336 1817 4392; x_wconf 86' lang='grc' dir='ltr'>τοῦ</span> <span class='ocrx_word' id='word_1_686' title='bbox 1851 4337 2096 4404; x_wconf 82' lang='grc' dir='ltr'>τελείως</span> <span class='ocrx_word' id='word_1_687' title='bbox 2132 4340 2506 4407; x_wconf 80' lang='grc' dir='ltr'>κατορθῶσαι</span> <span class='ocrx_word' id='word_1_688' title='bbox 2547 4341 2609 4394; x_wconf 84' lang='grc' dir='ltr'>τὸ</span> <span class='ocrx_word' id='word_1_689' title='bbox 2633 4341 2721 4410; x_wconf 77' lang='grc' dir='ltr'>μὴ</span> <span class='ocrx_word' id='word_1_690' title='bbox 2753 4343 3001 4411; x_wconf 77' lang='grc' dir='ltr'>ὀμνύειν</span> <span class='ocrx_word' id='word_1_691' title='bbox 3031 4355 3080 4398; x_wconf 78' lang='grc' dir='ltr'>ι.</span> 
     </span>
    </p>
   </div>
   <div class='ocr_carea' id='block_1_86' title="bbox 867 4575 1212 4645">
    <p class='ocr_par' dir='ltr' id='par_1_86' title="bbox 867 4575 1212 4645">
     <span class='ocr_line' id='line_1_86' title="bbox 867 4575 1212 4645; baseline -0.003 -17"><span class='ocrx_word' id='word_1_692' title='bbox 867 4575 1089 4645; x_wconf 77' lang='grc' dir='ltr'>Ὀμιλία</span> <span class='ocrx_word' id='word_1_693' title='bbox 1119 4581 1212 4644; x_wconf 74' lang='grc' dir='ltr'>ιγ’.</span> 
     </span>
    </p>
   </div>
   <div class='ocr_carea' id='block_1_87' title="bbox 255 4675 1878 4751">
    <p class='ocr_par' dir='ltr' id='par_1_87' title="bbox 255 4675 1878 4751">
     <span class='ocr_line' id='line_1_87' title="bbox 255 4675 1878 4751; baseline 0.001 -17"><span class='ocrx_word' id='word_1_694' title='bbox 255 4686 332 4734; x_wconf 83' lang='grc' dir='ltr'>α’.</span> <span class='ocrx_word' id='word_1_695' title='bbox 351 4677 491 4732; x_wconf 81' lang='grc' dir='ltr'>Ἀπὸ</span> <span class='ocrx_word' id='word_1_696' title='bbox 505 4678 604 4748; x_wconf 84' lang='grc' dir='ltr'>τῆς</span> <span class='ocrx_word' id='word_1_697' title='bbox 636 4679 805 4749; x_wconf 72' lang='grc' dir='ltr'>αὐτῆς</span> <span class='ocrx_word' id='word_1_698' title='bbox 828 4681 1002 4751; x_wconf 84' lang='grc' dir='ltr'>ἀρχῆς</span> <span class='ocrx_word' id='word_1_699' title='bbox 1028 4679 1242 4733; x_wconf 79' lang='grc' dir='ltr'>καὶτῶν</span> <span class='ocrx_word' id='word_1_700' title='bbox 1263 4677 1444 4732; x_wconf 81' lang='grc' dir='ltr'>αὐτῶν</span> <span class='ocrx_word' id='word_1_701' title='bbox 1463 4680 1787 4751; x_wconf 86' lang='grc' dir='ltr'>προοιμίων,</span> <span class='ocrx_word' id='word_1_702' title='bbox 1803 4675 1878 4736; x_wconf 84' lang='grc' dir='ltr'>ῶν</span> 
     </span>
    </p>
   </div>
   <div class='ocr_carea' id='block_1_88' title="bbox 180 4765 1873 4840">
    <p class='ocr_par' dir='ltr' id='par_1_88' title="bbox 180 4765 1873 4840">
     <span class='ocr_line' id='line_1_88' title="bbox 180 4765 1873 4840; baseline 0.001 -20"><span class='ocrx_word' id='word_1_703' title='bbox 180 4768 320 4837; x_wconf 49' lang='grc' dir='ltr'>χθὲς</span> <span class='ocrx_word' id='word_1_704' title='bbox 351 4766 451 4819; x_wconf 77' lang='grc' dir='ltr'>καὶ</span> <span class='ocrx_word' id='word_1_705' title='bbox 475 4765 581 4836; x_wconf 87' lang='grc' dir='ltr'>πρὸ</span> <span class='ocrx_word' id='word_1_706' title='bbox 615 4765 1140 4838; x_wconf 79' lang='grc' dir='ltr'>ἐκείνης-ἠρξάμην,</span> <span class='ocrx_word' id='word_1_707' title='bbox 1178 4768 1273 4820; x_wconf 74' lang='grc' dir='ltr'>καὶ</span> <span class='ocrx_word' id='word_1_708' title='bbox 1322 4769 1562 4838; x_wconf 89' lang='grc' dir='ltr'>σήμερον</span> <span class='ocrx_word' id='word_1_709' title='bbox 1606 4767 1873 4840; x_wconf 81' lang='grc' dir='ltr'>ἄρξομαι’</span> 
     </span>
    </p>
   </div>
   <div class='ocr_carea' id='block_1_89' title="bbox 179 4851 1879 4925">
    <p class='ocr_par' dir='ltr' id='par_1_89' title="bbox 179 4851 1879 4925">
     <span class='ocr_line' id='line_1_89' title="bbox 179 4851 1879 4925; baseline 0.002 -19"><span class='ocrx_word' id='word_1_710' title='bbox 179 4855 303 4925; x_wconf 77' lang='grc' dir='ltr'>ἐρῶ</span> <span class='ocrx_word' id='word_1_711' title='bbox 333 4855 435 4908; x_wconf 76' lang='grc' dir='ltr'>καὶ</span> <span class='ocrx_word' id='word_1_712' title='bbox 468 4852 562 4905; x_wconf 90' lang='grc' dir='ltr'>νῦν</span> <span class='ocrx_word' id='word_1_713' title='bbox 581 4869 596 4884; x_wconf 87' lang='grc'><strong>·</strong></span> <span class='ocrx_word' id='word_1_714' title='bbox 631 4851 936 4923; x_wconf 80' lang='grc' dir='ltr'>Εὐλογητὸς</span> <span class='ocrx_word' id='word_1_715' title='bbox 967 4856 996 4906; x_wconf 89' lang='lat'>6</span> <span class='ocrx_word' id='word_1_716' title='bbox 1027 4854 1179 4916; x_wconf 83' lang='grc' dir='ltr'>Θεός.</span> <span class='ocrx_word' id='word_1_717' title='bbox 1209 4854 1340 4908; x_wconf 83' lang='grc' dir='ltr'>Οἴαν</span> <span class='ocrx_word' id='word_1_718' title='bbox 1372 4853 1470 4923; x_wconf 82' lang='grc' dir='ltr'>τὴν</span> <span class='ocrx_word' id='word_1_719' title='bbox 1499 4856 1879 4924; x_wconf 86' lang='grc' dir='ltr'>παρελθοῦσαν</span> 
     </span>
    </p>
   </div>
   <div class='ocr_carea' id='block_1_90' title="bbox 179 4941 1881 5015">
    <p class='ocr_par' dir='ltr' id='par_1_90' title="bbox 179 4941 1881 5015">
     <span class='ocr_line' id='line_1_90' title="bbox 179 4941 1881 5015; baseline 0.001 -19"><span class='ocrx_word' id='word_1_720' title='bbox 179 4945 409 5015; x_wconf 70' lang='grc' dir='ltr'>εῑδομεν</span> <span class='ocrx_word' id='word_1_721' title='bbox 443 4941 696 5014; x_wconf 76' lang='grc' dir='ltr'>τετράδα,</span> <span class='ocrx_word' id='word_1_722' title='bbox 727 4941 822 4994; x_wconf 73' lang='grc' dir='ltr'>καὶ</span> <span class='ocrx_word' id='word_1_723' title='bbox 863 4941 980 4994; x_wconf 78' lang='grc' dir='ltr'>οἵαν</span> <span class='ocrx_word' id='word_1_724' title='bbox 1021 4942 1122 5012; x_wconf 83' lang='grc' dir='ltr'>τὴν</span> <span class='ocrx_word' id='word_1_725' title='bbox 1153 4942 1436 5014; x_wconf 83' lang='grc' dir='ltr'>παροῦσαν</span> <span class='ocrx_word' id='word_1_726' title='bbox 1484 4943 1701 5012; x_wconf 83' lang='grc' dir='ltr'>ὁρῶμεν</span> <span class='ocrx_word' id='word_1_727' title='bbox 1747 4945 1881 5011; x_wconf 88' lang='grc' dir='ltr'>νῦν;</span> 
     </span>
    </p>
   </div>
   <div class='ocr_carea' id='block_1_91' title="bbox 177 5025 1882 5102">
    <p class='ocr_par' dir='ltr' id='par_1_91' title="bbox 177 5025 1882 5102">
     <span class='ocr_line' id='line_1_91' title="bbox 177 5025 1882 5102; baseline -0.001 -18"><span class='ocrx_word' id='word_1_728' title='bbox 177 5032 360 5094; x_wconf 76' lang='grc' dir='ltr'>πόσος</span> <span class='ocrx_word' id='word_1_729' title='bbox 391 5034 452 5083; x_wconf 86' lang='grc' dir='ltr'>ἐν</span> <span class='ocrx_word' id='word_1_730' title='bbox 487 5031 673 5101; x_wconf 85' lang='grc' dir='ltr'>ἐκείνῃ</span> <span class='ocrx_word' id='word_1_731' title='bbox 702 5029 861 5097; x_wconf 80' lang='grc' dir='ltr'>ζόφος</span> <span class='ocrx_word' id='word_1_732' title='bbox 893 5028 1014 5080; x_wconf 88' lang='grc' dir='ltr'>τότε</span> <span class='ocrx_word' id='word_1_733' title='bbox 1055 5025 1162 5099; x_wconf 73' lang='grc' dir='ltr'>ἧνς</span> <span class='ocrx_word' id='word_1_734' title='bbox 1191 5031 1332 5102; x_wconf 91' lang='grc' dir='ltr'>πόση</span> <span class='ocrx_word' id='word_1_735' title='bbox 1376 5030 1516 5082; x_wconf 86' lang='grc' dir='ltr'>κατά</span> <span class='ocrx_word' id='word_1_736' title='bbox 1547 5030 1643 5100; x_wconf 81' lang='grc' dir='ltr'>τήν</span> <span class='ocrx_word' id='word_1_737' title='bbox 1677 5032 1882 5102; x_wconf 86' lang='grc' dir='ltr'>παροῦ-</span> 
     </span>
    </p>
   </div>
   <div class='ocr_carea' id='block_1_92' title="bbox 179 5115 1881 5189">
    <p class='ocr_par' dir='ltr' id='par_1_92' title="bbox 179 5115 1881 5189">
     <span class='ocr_line' id='line_1_92' title="bbox 179 5115 1881 5189; baseline 0 -18"><span class='ocrx_word' id='word_1_738' title='bbox 179 5135 292 5172; x_wconf 85' lang='grc' dir='ltr'>σαν</span> <span class='ocrx_word' id='word_1_739' title='bbox 345 5117 560 5188; x_wconf 84' lang='grc' dir='ltr'>γαλήνη</span> <span class='ocrx_word' id='word_1_740' title='bbox 595 5117 723 5180; x_wconf 85' lang='grc' dir='ltr'>νῦν;</span> <span class='ocrx_word' id='word_1_741' title='bbox 756 5115 912 5169; x_wconf 82' lang='grc' dir='ltr'>Κατά</span> <span class='ocrx_word' id='word_1_742' title='bbox 939 5116 1040 5186; x_wconf 80' lang='grc' dir='ltr'>τήν</span> <span class='ocrx_word' id='word_1_743' title='bbox 1073 5117 1290 5188; x_wconf 83' lang='grc' dir='ltr'>ἡμέραν</span> <span class='ocrx_word' id='word_1_744' title='bbox 1319 5117 1526 5186; x_wconf 88' lang='grc' dir='ltr'>ταύτην</span> <span class='ocrx_word' id='word_1_745' title='bbox 1557 5118 1618 5170; x_wconf 86' lang='lat'><em>16</em></span> <span class='ocrx_word' id='word_1_746' title='bbox 1650 5119 1881 5189; x_wconf 76' lang='grc' dir='ltr'>φοϐερὸν</span> 
     </span>
    </p>
   </div>
   <div class='ocr_carea' id='block_1_93' title="bbox 177 5202 1881 5276">
    <p class='ocr_par' dir='ltr' id='par_1_93' title="bbox 177 5202 1881 5276">
     <span class='ocr_line' id='line_1_93' title="bbox 177 5202 1881 5276; baseline 0.002 -20"><span class='ocrx_word' id='word_1_747' title='bbox 177 5208 370 5258; x_wconf 85' lang='grc' dir='ltr'>ἐκεῖνο</span> <span class='ocrx_word' id='word_1_748' title='bbox 395 5205 622 5272; x_wconf 86' lang='grc' dir='ltr'>γέγονεν</span> <span class='ocrx_word' id='word_1_749' title='bbox 650 5207 708 5258; x_wconf 85' lang='grc' dir='ltr'>ἐν</span> <span class='ocrx_word' id='word_1_750' title='bbox 735 5208 802 5276; x_wconf 79' lang='grc' dir='ltr'>τῇ</span> <span class='ocrx_word' id='word_1_751' title='bbox 822 5204 974 5257; x_wconf 82' lang='grc' dir='ltr'>πόλει</span> <span class='ocrx_word' id='word_1_752' title='bbox 1002 5202 1374 5272; x_wconf 87' lang='grc' dir='ltr'>δικαστήριον,</span> <span class='ocrx_word' id='word_1_753' title='bbox 1406 5206 1501 5258; x_wconf 72' lang='grc' dir='ltr'>καὶ</span> <span class='ocrx_word' id='word_1_754' title='bbox 1529 5207 1626 5268; x_wconf 75' lang='grc' dir='ltr'>τὰς</span> <span class='ocrx_word' id='word_1_755' title='bbox 1655 5206 1881 5276; x_wconf 89' lang='grc' dir='ltr'>καρδίας</span> 
     </span>
    </p>
   </div>
   <div class='ocr_carea' id='block_1_94' title="bbox 177 5288 1882 5360">
    <p class='ocr_par' dir='ltr' id='par_1_94' title="bbox 177 5288 1882 5360">
     <span class='ocr_line' id='line_1_94' title="bbox 177 5288 1882 5360; baseline 0.002 -18"><span class='ocrx_word' id='word_1_756' title='bbox 177 5291 456 5343; x_wconf 84' lang='grc' dir='ltr'>ἁπάντων</span> <span class='ocrx_word' id='word_1_757' title='bbox 491 5289 747 5355; x_wconf 88' lang='grc' dir='ltr'>διέσεισε,</span> <span class='ocrx_word' id='word_1_758' title='bbox 777 5292 873 5344; x_wconf 76' lang='grc' dir='ltr'>καὶ</span> <span class='ocrx_word' id='word_1_759' title='bbox 912 5289 1107 5352; x_wconf 82' lang='grc' dir='ltr'>νυκτὸς</span> <span class='ocrx_word' id='word_1_760' title='bbox 1143 5288 1295 5342; x_wconf 74' lang='grc' dir='ltr'>οὐδὲν</span> <span class='ocrx_word' id='word_1_761' title='bbox 1323 5290 1550 5360; x_wconf 84' lang='grc' dir='ltr'>ἄμεινον</span> <span class='ocrx_word' id='word_1_762' title='bbox 1579 5293 1882 5347; x_wconf 88' lang='grc' dir='ltr'>διακεῖσθαι</span> 
     </span>
    </p>
   </div>
   <div class='ocr_carea' id='block_1_95' title="bbox 175 5376 1883 5451">
    <p class='ocr_par' dir='ltr' id='par_1_95' title="bbox 175 5376 1883 5451">
     <span class='ocr_line' id='line_1_95' title="bbox 175 5376 1883 5451; baseline 0.004 -23"><span class='ocrx_word' id='word_1_763' title='bbox 175 5378 421 5447; x_wconf 84' lang='grc' dir='ltr'>ἐποίησε</span> <span class='ocrx_word' id='word_1_764' title='bbox 450 5376 553 5445; x_wconf 83' lang='grc' dir='ltr'>τὴν</span> <span class='ocrx_word' id='word_1_765' title='bbox 589 5378 827 5448; x_wconf 84' lang='grc' dir='ltr'>ἡμέραν,</span> <span class='ocrx_word' id='word_1_766' title='bbox 866 5379 927 5432; x_wconf 82' lang='grc' dir='ltr'>οὐ</span> <span class='ocrx_word' id='word_1_767' title='bbox 971 5377 1075 5447; x_wconf 86' lang='grc' dir='ltr'>τῆς</span> <span class='ocrx_word' id='word_1_768' title='bbox 1120 5377 1336 5438; x_wconf 85' lang='grc' dir='ltr'>ἀκτῖνος</span> <span class='ocrx_word' id='word_1_769' title='bbox 1370 5377 1714 5451; x_wconf 87' lang='grc' dir='ltr'>σϐεσθείσης,</span> <span class='ocrx_word' id='word_1_770' title='bbox 1747 5379 1883 5434; x_wconf 84' lang='grc' dir='ltr'>ἀλλὰ</span> 
     </span>
    </p>
   </div>
   <div class='ocr_carea' id='block_1_96' title="bbox 175 5463 1883 5537">
    <p class='ocr_par' dir='ltr' id='par_1_96' title="bbox 175 5463 1883 5537">
     <span class='ocr_line' id='line_1_96' title="bbox 175 5463 1883 5537; baseline 0.004 -20"><span class='ocrx_word' id='word_1_771' title='bbox 175 5465 286 5534; x_wconf 83' lang='grc' dir='ltr'>τῆς</span> <span class='ocrx_word' id='word_1_772' title='bbox 341 5463 584 5534; x_wconf 83' lang='grc' dir='ltr'>ἀθυμίας</span> <span class='ocrx_word' id='word_1_773' title='bbox 630 5465 726 5516; x_wconf 78' lang='grc' dir='ltr'>καὶ</span> <span class='ocrx_word' id='word_1_774' title='bbox 771 5465 865 5518; x_wconf 90' lang='grc' dir='ltr'>τοῦ</span> <span class='ocrx_word' id='word_1_775' title='bbox 913 5465 1080 5535; x_wconf 76' lang='grc' dir='ltr'>φόϐου</span> <span class='ocrx_word' id='word_1_776' title='bbox 1139 5463 1512 5534; x_wconf 84' lang='grc' dir='ltr'>πηρωσάντων</span> <span class='ocrx_word' id='word_1_777' title='bbox 1561 5467 1716 5537; x_wconf 83' lang='grc' dir='ltr'>ὑμῶν</span> <span class='ocrx_word' id='word_1_778' title='bbox 1759 5471 1883 5534; x_wconf 81' lang='grc' dir='ltr'>τοὺς</span> 
     </span>
    </p>
   </div>
   <div class='ocr_carea' id='block_1_97' title="bbox 176 5545 1882 5626">
    <p class='ocr_par' dir='ltr' id='par_1_97' title="bbox 176 5545 1882 5626">
     <span class='ocr_line' id='line_1_97' title="bbox 176 5545 1882 5626; baseline 0.005 -25"><span class='ocrx_word' id='word_1_779' title='bbox 176 5549 635 5620; x_wconf 55' lang='grc' dir='ltr'>ἐφθειλιιούςῧἹν1</span> <span class='ocrx_word' id='word_1_780' title='bbox 660 5545 754 5604; x_wconf 84' lang='grc' dir='ltr'>οῦν</span> <span class='ocrx_word' id='word_1_781' title='bbox 787 5553 883 5605; x_wconf 75' lang='grc' dir='ltr'>καὶ</span> <span class='ocrx_word' id='word_1_782' title='bbox 912 5555 1074 5623; x_wconf 81' lang='grc' dir='ltr'>ἡμεῖς</span> <span class='ocrx_word' id='word_1_783' title='bbox 1098 5552 1317 5605; x_wconf 89' lang='grc' dir='ltr'>πλείονα</span> <span class='ocrx_word' id='word_1_784' title='bbox 1337 5552 1764 5623; x_wconf 83' lang='grc' dir='ltr'>καρπωσώμεθα</span> <span class='ocrx_word' id='word_1_785' title='bbox 1784 5557 1882 5626; x_wconf 83' lang='grc' dir='ltr'>τὴν</span> 
     </span>
    </p>
   </div>
   <div class='ocr_carea' id='block_1_98' title="bbox 175 5636 1880 5710">
    <p class='ocr_par' dir='ltr' id='par_1_98' title="bbox 175 5636 1880 5710">
     <span class='ocr_line' id='line_1_98' title="bbox 175 5636 1880 5710; baseline 0.005 -23"><span class='ocrx_word' id='word_1_786' title='bbox 175 5636 412 5708; x_wconf 71' lang='grc' dir='ltr'>ἡδονὴν,</span> <span class='ocrx_word' id='word_1_787' title='bbox 450 5636 622 5708; x_wconf 80' lang='grc' dir='ltr'>μικρά</span> <span class='ocrx_word' id='word_1_788' title='bbox 647 5636 754 5689; x_wconf 84' lang='grc' dir='ltr'>τῶν</span> <span class='ocrx_word' id='word_1_789' title='bbox 780 5639 901 5691; x_wconf 87' lang='grc' dir='ltr'>τότε</span> <span class='ocrx_word' id='word_1_790' title='bbox 943 5640 1269 5710; x_wconf 87' lang='grc' dir='ltr'>συμϐάντων</span> <span class='ocrx_word' id='word_1_791' title='bbox 1295 5637 1658 5708; x_wconf 86' lang='grc' dir='ltr'>διηγήσασθαι</span> <span class='ocrx_word' id='word_1_792' title='bbox 1692 5641 1880 5709; x_wconf 81' lang='grc' dir='ltr'>βούλο-</span> 
     </span>
    </p>
   </div>
   <div class='ocr_carea' id='block_1_99' title="bbox 178 5725 1880 5796">
    <p class='ocr_par' dir='ltr' id='par_1_99' title="bbox 178 5725 1880 5796">
     <span class='ocr_line' id='line_1_99' title="bbox 178 5725 1880 5796; baseline 0.005 -22"><span class='ocrx_word' id='word_1_793' title='bbox 178 5738 314 5791; x_wconf 86' lang='grc' dir='ltr'>μαι.</span> <span class='ocrx_word' id='word_1_794' title='bbox 350 5726 467 5778; x_wconf 81' lang='grc' dir='ltr'>Καὶ</span> <span class='ocrx_word' id='word_1_795' title='bbox 503 5727 612 5795; x_wconf 82' lang='grc' dir='ltr'>γὰρ</span> <span class='ocrx_word' id='word_1_796' title='bbox 656 5725 751 5778; x_wconf 68' lang='grc' dir='ltr'>καὶ</span> <span class='ocrx_word' id='word_1_797' title='bbox 793 5725 921 5794; x_wconf 86' lang='grc' dir='ltr'>ὑμῖν</span> <span class='ocrx_word' id='word_1_798' title='bbox 971 5729 1067 5780; x_wconf 83' lang='grc' dir='ltr'>καὶ</span> <span class='ocrx_word' id='word_1_799' title='bbox 1111 5730 1225 5791; x_wconf 89' lang='grc' dir='ltr'>τοῖς</span> <span class='ocrx_word' id='word_1_800' title='bbox 1278 5726 1666 5796; x_wconf 87' lang='grc' dir='ltr'>γενησομένοις</span> <span class='ocrx_word' id='word_1_801' title='bbox 1708 5727 1880 5783; x_wconf 77' lang='grc' dir='ltr'>ἅπασι</span> 
     </span>
    </p>
   </div>
   <div class='ocr_carea' id='block_1_100' title="bbox 177 5809 1880 5885">
    <p class='ocr_par' dir='ltr' id='par_1_100' title="bbox 177 5809 1880 5885">
     <span class='ocr_line' id='line_1_100' title="bbox 177 5809 1880 5885; baseline 0.005 -26"><span class='ocrx_word' id='word_1_802' title='bbox 177 5810 477 5881; x_wconf 78' lang='grc' dir='ltr'>χρησίμην</span> <span class='ocrx_word' id='word_1_803' title='bbox 499 5813 612 5883; x_wconf 85' lang='grc' dir='ltr'>ὁρῶ</span> <span class='ocrx_word' id='word_1_804' title='bbox 634 5813 734 5882; x_wconf 80' lang='grc' dir='ltr'>τὴν</span> <span class='ocrx_word' id='word_1_805' title='bbox 760 5810 963 5864; x_wconf 85' lang='grc' dir='ltr'>τούτων</span> <span class='ocrx_word' id='word_1_806' title='bbox 985 5813 1238 5885; x_wconf 84' lang='grc' dir='ltr'>διήγησιν</span> <span class='ocrx_word' id='word_1_807' title='bbox 1266 5809 1432 5868; x_wconf 84' lang='grc' dir='ltr'>οὖσαν</span> <span class='ocrx_word' id='word_1_808' title='bbox 1456 5830 1469 5845; x_wconf 90' lang='grc'><strong>·</strong></span> <span class='ocrx_word' id='word_1_809' title='bbox 1500 5814 1622 5867; x_wconf 75' lang='grc' dir='ltr'>ἐπεὶ</span> <span class='ocrx_word' id='word_1_810' title='bbox 1647 5815 1741 5868; x_wconf 79' lang='grc' dir='ltr'>καὶ</span> <span class='ocrx_word' id='word_1_811' title='bbox 1766 5819 1880 5880; x_wconf 88' lang='grc' dir='ltr'>τοῖς</span> 
     </span>
    </p>
   </div>
   <div class='ocr_carea' id='block_1_101' title="bbox 244 5927 1875 6007">
    <p class='ocr_par' dir='ltr' id='par_1_101' title="bbox 244 5927 1875 6007">
     <span class='ocr_line' id='line_1_101' title="bbox 244 5927 1875 6007; baseline 0.006 -31"><span class='ocrx_word' id='word_1_812' title='bbox 244 5927 266 5952; x_wconf 81' lang='grc'><strong><em>⁸</em></strong></span> <span class='ocrx_word' id='word_1_813' title='bbox 303 5931 465 5982; x_wconf 75' lang='lat' dir='ltr'>Savil.</span> <span class='ocrx_word' id='word_1_814' title='bbox 493 5935 683 5989; x_wconf 75' lang='grc' dir='ltr'>ἐδέξατο</span> <span class='ocrx_word' id='word_1_815' title='bbox 717 5933 794 6002; x_wconf 67' lang='grc' dir='ltr'>διᾶι</span> <span class='ocrx_word' id='word_1_816' title='bbox 815 5939 898 5989; x_wconf 70' lang='grc' dir='ltr'>τῆς</span> <span class='ocrx_word' id='word_1_817' title='bbox 928 5935 1150 5993; x_wconf 77' lang='grc' dir='ltr'>γνώσεως</span> <span class='ocrx_word' id='word_1_818' title='bbox 1180 5937 1276 6005; x_wconf 71' lang='grc' dir='ltr'>τῶν</span> <span class='ocrx_word' id='word_1_819' title='bbox 1297 5938 1561 6007; x_wconf 70' lang='grc' dir='ltr'>πρακτέων,</span> <span class='ocrx_word' id='word_1_820' title='bbox 1591 5938 1666 5984; x_wconf 75' lang='grc' dir='ltr'>καὶ</span> <span class='ocrx_word' id='word_1_821' title='bbox 1700 5939 1794 5984; x_wconf 75' lang='grc' dir='ltr'>τῶν</span> <span class='ocrx_word' id='word_1_822' title='bbox 1823 5940 1875 5985; x_wconf 57' lang='lat' dir='ltr'>rx;</span> 
     </span>
    </p>
   </div>
   <div class='ocr_carea' id='block_1_102' title="bbox 177 5997 1502 6060">
    <p class='ocr_par' dir='ltr' id='par_1_102' title="bbox 177 5997 1502 6060">
     <span class='ocr_line' id='line_1_102' title="bbox 177 5997 1502 6060; baseline 0.005 -21"><span class='ocrx_word' id='word_1_823' title='bbox 177 5998 464 6055; x_wconf 62' lang='lat' dir='ltr'>cpzxu&#39;wv,</span> <span class='ocrx_word' id='word_1_824' title='bbox 493 5999 569 6043; x_wconf 78' lang='grc' dir='ltr'>καὶ</span> <span class='ocrx_word' id='word_1_825' title='bbox 591 5998 694 6058; x_wconf 55' lang='grc' dir='ltr'>περὶ</span> <span class='ocrx_word' id='word_1_826' title='bbox 716 5997 800 6043; x_wconf 68' lang='grc' dir='ltr'>τοῦ</span> <span class='ocrx_word' id='word_1_827' title='bbox 824 5999 1121 6058; x_wconf 53' lang='grc' dir='ltr'>κατορθῶσαι</span> <span class='ocrx_word' id='word_1_828' title='bbox 1147 5997 1200 6042; x_wconf 70' lang='grc' dir='ltr'>τὸ</span> <span class='ocrx_word' id='word_1_829' title='bbox 1223 5999 1287 6057; x_wconf 83' lang='grc' dir='ltr'>μή</span> <span class='ocrx_word' id='word_1_830' title='bbox 1316 5997 1502 6060; x_wconf 65' lang='grc' dir='ltr'>ὀμνύειν</span> 
     </span>
    </p>
   </div>
   <div class='ocr_carea' id='block_1_103' title="bbox 1985 4583 3672 4662">
    <p class='ocr_par' dir='ltr' id='par_1_103' title="bbox 1985 4583 3672 4662">
     <span class='ocr_line' id='line_1_103' title="bbox 1985 4583 3672 4662; baseline 0.006 -26"><span class='ocrx_word' id='word_1_831' title='bbox 1985 4585 2049 4636; x_wconf 89' lang='grc' dir='ltr'>ἐκ</span> <span class='ocrx_word' id='word_1_832' title='bbox 2083 4585 2345 4652; x_wconf 87' lang='grc' dir='ltr'>ναυαγίου</span> <span class='ocrx_word' id='word_1_833' title='bbox 2375 4585 2719 4638; x_wconf 84' lang='grc' dir='ltr'>διασωθεῖσιν</span> <span class='ocrx_word' id='word_1_834' title='bbox 2757 4583 2860 4656; x_wconf 82' lang='grc' dir='ltr'>ήδὺ</span> <span class='ocrx_word' id='word_1_835' title='bbox 2903 4587 3011 4640; x_wconf 86' lang='grc' dir='ltr'>τῶν</span> <span class='ocrx_word' id='word_1_836' title='bbox 3059 4593 3321 4659; x_wconf 76' lang='grc' dir='ltr'>κυμάτων</span> <span class='ocrx_word' id='word_1_837' title='bbox 3359 4594 3672 4662; x_wconf 72' lang='grc' dir='ltr'>μεμνῆσθαι</span> 
     </span>
    </p>
   </div>
   <div class='ocr_carea' id='block_1_104' title="bbox 1983 4671 3668 4749">
    <p class='ocr_par' dir='ltr' id='par_1_104' title="bbox 1983 4671 3668 4749">
     <span class='ocr_line' id='line_1_104' title="bbox 1983 4671 3668 4749; baseline 0.005 -25"><span class='ocrx_word' id='word_1_838' title='bbox 1983 4673 2077 4724; x_wconf 82' lang='grc' dir='ltr'>καὶ</span> <span class='ocrx_word' id='word_1_839' title='bbox 2112 4673 2210 4742; x_wconf 86' lang='grc' dir='ltr'>τῆς</span> <span class='ocrx_word' id='word_1_840' title='bbox 2241 4671 2410 4743; x_wconf 79' lang='grc' dir='ltr'>ζάλης</span> <span class='ocrx_word' id='word_1_841' title='bbox 2444 4674 2669 4726; x_wconf 74' lang='grc' dir='ltr'>καὶτῶν</span> <span class='ocrx_word' id='word_1_842' title='bbox 2707 4673 2948 4742; x_wconf 87' lang='grc' dir='ltr'>ἀνέμων,</span> <span class='ocrx_word' id='word_1_843' title='bbox 2978 4676 3200 4729; x_wconf 79' lang='grc' dir='ltr'>ἐπειδάν</span> <span class='ocrx_word' id='word_1_844' title='bbox 3227 4679 3308 4741; x_wconf 89' lang='grc' dir='ltr'>είς</span> <span class='ocrx_word' id='word_1_845' title='bbox 3345 4679 3541 4749; x_wconf 88' lang='grc' dir='ltr'>λιμένα</span> <span class='ocrx_word' id='word_1_846' title='bbox 3569 4699 3668 4733; x_wconf 82' lang='grc' dir='ltr'>κα·</span> 
     </span>
    </p>
   </div>
   <div class='ocr_carea' id='block_1_105' title="bbox 1981 4759 3665 4834">
    <p class='ocr_par' dir='ltr' id='par_1_105' title="bbox 1981 4759 3665 4834">
     <span class='ocr_line' id='line_1_105' title="bbox 1981 4759 3665 4834; baseline 0.005 -23"><span class='ocrx_word' id='word_1_847' title='bbox 1981 4759 2359 4814; x_wconf 86' lang='grc' dir='ltr'>ταπλεύσωσι⁶</span> <span class='ocrx_word' id='word_1_848' title='bbox 2389 4761 2479 4814; x_wconf 73' lang='grc' dir='ltr'>καὶ</span> <span class='ocrx_word' id='word_1_849' title='bbox 2516 4763 2631 4824; x_wconf 88' lang='grc' dir='ltr'>τοῖς</span> <span class='ocrx_word' id='word_1_850' title='bbox 2682 4761 2969 4833; x_wconf 72' lang='grc' dir='ltr'>ἀρρωστία</span> <span class='ocrx_word' id='word_1_851' title='bbox 3011 4764 3372 4834; x_wconf 85' lang='grc' dir='ltr'>περιπεσοῦσι</span> <span class='ocrx_word' id='word_1_852' title='bbox 3423 4766 3665 4821; x_wconf 81' lang='grc' dir='ltr'>ποθεινὸν</span> 
     </span>
    </p>
   </div>
   <div class='ocr_carea' id='block_1_106' title="bbox 1986 4847 3666 4924">
    <p class='ocr_par' dir='ltr' id='par_1_106' title="bbox 1986 4847 3666 4924">
     <span class='ocr_line' id='line_1_106' title="bbox 1986 4847 3666 4924; baseline 0.004 -24"><span class='ocrx_word' id='word_1_853' title='bbox 1986 4847 2124 4916; x_wconf 87' lang='grc' dir='ltr'>μετά</span> <span class='ocrx_word' id='word_1_854' title='bbox 2148 4847 2248 4918; x_wconf 80' lang='grc' dir='ltr'>τὴν</span> <span class='ocrx_word' id='word_1_855' title='bbox 2278 4848 2590 4920; x_wconf 72' lang='grc' dir='ltr'>ἀρρωστίαν</span> <span class='ocrx_word' id='word_1_856' title='bbox 2612 4848 2739 4912; x_wconf 75' lang='grc' dir='ltr'>τοὺς</span> <span class='ocrx_word' id='word_1_857' title='bbox 2763 4848 3055 4919; x_wconf 83' lang='grc' dir='ltr'>πυρετοὺς,</span> <span class='ocrx_word' id='word_1_858' title='bbox 3083 4850 3150 4903; x_wconf 88' lang='grc' dir='ltr'>δι’</span> <span class='ocrx_word' id='word_1_859' title='bbox 3175 4851 3268 4915; x_wconf 83' lang='grc' dir='ltr'>οὒς</span> <span class='ocrx_word' id='word_1_860' title='bbox 3292 4852 3442 4923; x_wconf 85' lang='grc' dir='ltr'>παρά</span> <span class='ocrx_word' id='word_1_861' title='bbox 3472 4853 3666 4924; x_wconf 84' lang='grc' dir='ltr'>μικρὸν</span> 
     </span>
    </p>
   </div>
   <div class='ocr_carea' id='block_1_107' title="bbox 1980 4929 3666 5014">
    <p class='ocr_par' dir='ltr' id='par_1_107' title="bbox 1980 4929 3666 5014">
     <span class='ocr_line' id='line_1_107' title="bbox 1980 4929 3666 5014; baseline 0.004 -27"><span class='ocrx_word' id='word_1_862' title='bbox 1980 4929 2142 5004; x_wconf 82' lang='grc' dir='ltr'>ἦλθον</span> <span class='ocrx_word' id='word_1_863' title='bbox 2199 4935 2510 4998; x_wconf 82' lang='grc' dir='ltr'>ἀποθανεῖν,</span> <span class='ocrx_word' id='word_1_864' title='bbox 2546 4935 2850 5006; x_wconf 84' lang='grc' dir='ltr'>διηγεῖσθαι</span> <span class='ocrx_word' id='word_1_865' title='bbox 2897 4937 3035 5009; x_wconf 79' lang='grc' dir='ltr'>πρὸς</span> <span class='ocrx_word' id='word_1_866' title='bbox 3079 4938 3318 5010; x_wconf 90' lang='grc' dir='ltr'>ἐτέρους.</span> <span class='ocrx_word' id='word_1_867' title='bbox 3345 4941 3510 4993; x_wconf 83' lang='grc' dir='ltr'>Ὅταν</span> <span class='ocrx_word' id='word_1_868' title='bbox 3556 4941 3666 5014; x_wconf 79' lang='grc' dir='ltr'>γὰρ</span> 
     </span>
    </p>
   </div>
   <div class='ocr_carea' id='block_1_108' title="bbox 1983 5022 3663 5099">
    <p class='ocr_par' dir='ltr' id='par_1_108' title="bbox 1983 5022 3663 5099">
     <span class='ocr_line' id='line_1_108' title="bbox 1983 5022 3663 5099; baseline 0.004 -25"><span class='ocrx_word' id='word_1_869' title='bbox 1983 5022 2229 5094; x_wconf 88' lang='grc' dir='ltr'>παρέλθῃ</span> <span class='ocrx_word' id='word_1_870' title='bbox 2275 5027 2343 5078; x_wconf 82' lang='grc' dir='ltr'>τὰ</span> <span class='ocrx_word' id='word_1_871' title='bbox 2379 5024 2545 5086; x_wconf 74' lang='grc' dir='ltr'>δεινὰ,</span> <span class='ocrx_word' id='word_1_872' title='bbox 2576 5023 2770 5095; x_wconf 77' lang='grc' dir='ltr'>ἡδονὴν</span> <span class='ocrx_word' id='word_1_873' title='bbox 2821 5023 2936 5094; x_wconf 76' lang='grc' dir='ltr'>ἔχει</span> <span class='ocrx_word' id='word_1_874' title='bbox 2981 5024 3090 5078; x_wconf 89' lang='grc' dir='ltr'>τῶν</span> <span class='ocrx_word' id='word_1_875' title='bbox 3110 5025 3295 5079; x_wconf 89' lang='grc' dir='ltr'>δεινῶν</span> <span class='ocrx_word' id='word_1_876' title='bbox 3323 5029 3356 5096; x_wconf 90' lang='grc' dir='ltr'>ή</span> <span class='ocrx_word' id='word_1_877' title='bbox 3385 5027 3663 5099; x_wconf 89' lang='grc' dir='ltr'>διήγησις,</span> 
     </span>
    </p>
   </div>
   <div class='ocr_carea' id='block_1_109' title="bbox 1978 5110 3669 5186">
    <p class='ocr_par' dir='ltr' id='par_1_109' title="bbox 1978 5110 3669 5186">
     <span class='ocr_line' id='line_1_109' title="bbox 1978 5110 3669 5186; baseline 0.005 -25"><span class='ocrx_word' id='word_1_878' title='bbox 1978 5110 2078 5180; x_wconf 88' lang='grc' dir='ltr'>τῆς</span> <span class='ocrx_word' id='word_1_879' title='bbox 2104 5110 2285 5180; x_wconf 81' lang='grc' dir='ltr'>ψυχῆς</span> <span class='ocrx_word' id='word_1_880' title='bbox 2323 5112 2424 5162; x_wconf 88' lang='grc' dir='ltr'>ούκ</span> <span class='ocrx_word' id='word_1_881' title='bbox 2464 5112 2544 5162; x_wconf 78' lang='grc' dir='ltr'>ἔτι</span> <span class='ocrx_word' id='word_1_882' title='bbox 2575 5110 2902 5175; x_wconf 89' lang='grc' dir='ltr'>δεδοικυίας,</span> <span class='ocrx_word' id='word_1_883' title='bbox 2940 5111 3073 5165; x_wconf 88' lang='grc' dir='ltr'>ἀλλά</span> <span class='ocrx_word' id='word_1_884' title='bbox 3123 5113 3218 5165; x_wconf 81' lang='grc' dir='ltr'>καὶ</span> <span class='ocrx_word' id='word_1_885' title='bbox 3268 5114 3491 5182; x_wconf 79' lang='grc' dir='ltr'>μείζονα</span> <span class='ocrx_word' id='word_1_886' title='bbox 3534 5132 3669 5186; x_wconf 80' lang='grc' dir='ltr'>καρ-</span> 
     </span>
    </p>
   </div>
   <div class='ocr_carea' id='block_1_110' title="bbox 1980 5195 3667 5272">
    <p class='ocr_par' dir='ltr' id='par_1_110' title="bbox 1980 5195 3667 5272">
     <span class='ocr_line' id='line_1_110' title="bbox 1980 5195 3667 5272; baseline 0.004 -24"><span class='ocrx_word' id='word_1_887' title='bbox 1980 5196 2262 5267; x_wconf 85' lang='grc' dir='ltr'>πουμένης</span> <span class='ocrx_word' id='word_1_888' title='bbox 2284 5195 2382 5267; x_wconf 85' lang='grc' dir='ltr'>τὴν</span> <span class='ocrx_word' id='word_1_889' title='bbox 2411 5195 2770 5268; x_wconf 76' lang='grc' dir='ltr'>εὐφροσύνην.</span> <span class='ocrx_word' id='word_1_890' title='bbox 2790 5199 2854 5251; x_wconf 85' lang='grc' dir='ltr'><strong><em>Ἥ</em></strong></span> <span class='ocrx_word' id='word_1_891' title='bbox 2884 5197 2993 5268; x_wconf 88' lang='grc' dir='ltr'>γάρ</span> <span class='ocrx_word' id='word_1_892' title='bbox 3015 5197 3124 5252; x_wconf 89' lang='grc' dir='ltr'>τῶν</span> <span class='ocrx_word' id='word_1_893' title='bbox 3161 5199 3540 5272; x_wconf 83' lang='grc' dir='ltr'>παρελθόντων</span> <span class='ocrx_word' id='word_1_894' title='bbox 3567 5219 3667 5254; x_wconf 86' lang='grc' dir='ltr'>κα-</span> 
     </span>
    </p>
   </div>
   <div class='ocr_carea' id='block_1_111' title="bbox 1980 5283 3668 5360">
    <p class='ocr_par' dir='ltr' id='par_1_111' title="bbox 1980 5283 3668 5360">
     <span class='ocr_line' id='line_1_111' title="bbox 1980 5283 3668 5360; baseline 0.002 -23"><span class='ocrx_word' id='word_1_895' title='bbox 1980 5283 2094 5337; x_wconf 85' lang='grc' dir='ltr'>κῶν</span> <span class='ocrx_word' id='word_1_896' title='bbox 2130 5286 2320 5356; x_wconf 87' lang='grc' dir='ltr'>μνήμη</span> <span class='ocrx_word' id='word_1_897' title='bbox 2343 5285 2432 5338; x_wconf 77' lang='grc' dir='ltr'>ἀεὶ</span> <span class='ocrx_word' id='word_1_898' title='bbox 2454 5287 2556 5356; x_wconf 76' lang='grc' dir='ltr'>τήν</span> <span class='ocrx_word' id='word_1_899' title='bbox 2588 5285 2892 5338; x_wconf 88' lang='grc' dir='ltr'>ἐνεστῶσαν</span> <span class='ocrx_word' id='word_1_900' title='bbox 2935 5285 3236 5356; x_wconf 83' lang='grc' dir='ltr'>εὐημερίαν</span> <span class='ocrx_word' id='word_1_901' title='bbox 3278 5287 3668 5360; x_wconf 78' lang='grc' dir='ltr'>ἀκριϐέστερον</span> 
     </span>
    </p>
   </div>
   <div class='ocr_carea' id='block_1_112' title="bbox 1979 5373 2405 5445">
    <p class='ocr_par' dir='ltr' id='par_1_112' title="bbox 1979 5373 2405 5445">
     <span class='ocr_line' id='line_1_112' title="bbox 1979 5373 2405 5445; baseline 0 -18"><span class='ocrx_word' id='word_1_902' title='bbox 1979 5373 2209 5445; x_wconf 78' lang='grc' dir='ltr'>ὁρᾶσθαι</span> <span class='ocrx_word' id='word_1_903' title='bbox 2240 5376 2405 5427; x_wconf 90' lang='grc' dir='ltr'>ποιεῖ.</span> 
     </span>
    </p>
   </div>
   <div class='ocr_carea' id='block_1_113' title="bbox 2068 5458 3667 5533">
    <p class='ocr_par' dir='ltr' id='par_1_113' title="bbox 2068 5458 3667 5533">
     <span class='ocr_line' id='line_1_113' title="bbox 2068 5458 3667 5533; baseline 0.002 -18"><span class='ocrx_word' id='word_1_904' title='bbox 2068 5463 2286 5533; x_wconf 80' lang='grc' dir='ltr'>Ἐπειδὴ</span> <span class='ocrx_word' id='word_1_905' title='bbox 2341 5464 2450 5533; x_wconf 77' lang='grc' dir='ltr'>γάρ</span> <span class='ocrx_word' id='word_1_906' title='bbox 2487 5462 2549 5514; x_wconf 86' lang='lat'><em>16</em></span> <span class='ocrx_word' id='word_1_907' title='bbox 2606 5461 2703 5533; x_wconf 77' lang='grc' dir='ltr'>μὲν</span> <span class='ocrx_word' id='word_1_908' title='bbox 2768 5458 2932 5512; x_wconf 85' lang='grc' dir='ltr'>πλέον</span> <span class='ocrx_word' id='word_1_909' title='bbox 2992 5461 3092 5532; x_wconf 91' lang='grc' dir='ltr'>τῆς</span> <span class='ocrx_word' id='word_1_910' title='bbox 3157 5462 3362 5523; x_wconf 82' lang='grc' dir='ltr'>πόλεως</span> <span class='ocrx_word' id='word_1_911' title='bbox 3407 5462 3518 5516; x_wconf 84' lang='grc' dir='ltr'>ἀπὸ</span> <span class='ocrx_word' id='word_1_912' title='bbox 3569 5472 3667 5524; x_wconf 70' lang='lat'><strong>103&#39;</strong></span> 
     </span>
    </p>
   </div>
   <div class='ocr_carea' id='block_1_114' title="bbox 1983 5547 3669 5622">
    <p class='ocr_par' dir='ltr' id='par_1_114' title="bbox 1983 5547 3669 5622">
     <span class='ocr_line' id='line_1_114' title="bbox 1983 5547 3669 5622; baseline -0.008 -16"><span class='ocrx_word' id='word_1_913' title='bbox 1983 5553 2150 5620; x_wconf 72' lang='grc' dir='ltr'>φόϐου</span> <span class='ocrx_word' id='word_1_914' title='bbox 2198 5553 2292 5604; x_wconf 81' lang='grc' dir='ltr'>καὶ</span> <span class='ocrx_word' id='word_1_915' title='bbox 2347 5553 2447 5620; x_wconf 84' lang='grc' dir='ltr'>τῆς</span> <span class='ocrx_word' id='word_1_916' title='bbox 2495 5548 2726 5618; x_wconf 87' lang='grc' dir='ltr'>ἀπειλῆς</span> <span class='ocrx_word' id='word_1_917' title='bbox 2789 5547 3006 5618; x_wconf 86' lang='grc' dir='ltr'>ἐκείνης</span> <span class='ocrx_word' id='word_1_918' title='bbox 3068 5549 3204 5619; x_wconf 85' lang='grc' dir='ltr'>πρὸς</span> <span class='ocrx_word' id='word_1_919' title='bbox 3259 5548 3360 5612; x_wconf 78' lang='grc' dir='ltr'>τὰς</span> <span class='ocrx_word' id='word_1_920' title='bbox 3423 5552 3669 5622; x_wconf 72' lang='grc' dir='ltr'>ἐρήμους</span> 
     </span>
    </p>
   </div>
   <div class='ocr_carea' id='block_1_115' title="bbox 1981 5636 3662 5709">
    <p class='ocr_par' dir='ltr' id='par_1_115' title="bbox 1981 5636 3662 5709">
     <span class='ocr_line' id='line_1_115' title="bbox 1981 5636 3662 5709; baseline 0 -16"><span class='ocrx_word' id='word_1_921' title='bbox 1981 5641 2076 5693; x_wconf 74' lang='grc' dir='ltr'>καὶ</span> <span class='ocrx_word' id='word_1_922' title='bbox 2102 5641 2200 5700; x_wconf 78' lang='grc' dir='ltr'>τάς</span> <span class='ocrx_word' id='word_1_923' title='bbox 2228 5639 2522 5709; x_wconf 83' lang='grc' dir='ltr'>φάραγγας</span> <span class='ocrx_word' id='word_1_924' title='bbox 2556 5639 2652 5690; x_wconf 70' lang='grc' dir='ltr'>καὶ</span> <span class='ocrx_word' id='word_1_925' title='bbox 2679 5638 2808 5701; x_wconf 78' lang='grc' dir='ltr'>τοὺς</span> <span class='ocrx_word' id='word_1_926' title='bbox 2833 5636 3194 5700; x_wconf 86' lang='grc' dir='ltr'>λανθάνοντας</span> <span class='ocrx_word' id='word_1_927' title='bbox 3221 5637 3527 5706; x_wconf 79' lang='grc' dir='ltr'>μετῴκιστο</span> <span class='ocrx_word' id='word_1_928' title='bbox 3571 5639 3662 5693; x_wconf 89' lang='grc' dir='ltr'>τό-</span> 
     </span>
    </p>
   </div>
   <div class='ocr_carea' id='block_1_116' title="bbox 1982 5721 3666 5794">
    <p class='ocr_par' dir='ltr' id='par_1_116' title="bbox 1982 5721 3666 5794">
     <span class='ocr_line' id='line_1_116' title="bbox 1982 5721 3666 5794; baseline 0.002 -18"><span class='ocrx_word' id='word_1_929' title='bbox 1982 5743 2137 5788; x_wconf 85' lang='grc' dir='ltr'>πους,</span> <span class='ocrx_word' id='word_1_930' title='bbox 2171 5724 2265 5777; x_wconf 84' lang='grc' dir='ltr'>τοῦ</span> <span class='ocrx_word' id='word_1_931' title='bbox 2295 5725 2462 5794; x_wconf 78' lang='grc' dir='ltr'>φόϐου</span> <span class='ocrx_word' id='word_1_932' title='bbox 2489 5723 2754 5776; x_wconf 80' lang='grc' dir='ltr'>πάντοθεν</span> <span class='ocrx_word' id='word_1_933' title='bbox 2777 5725 2975 5786; x_wconf 74' lang='grc' dir='ltr'>αὐτοὺς</span> <span class='ocrx_word' id='word_1_934' title='bbox 2998 5721 3436 5789; x_wconf 88' lang='grc' dir='ltr'>συνελαύνοντος,</span> <span class='ocrx_word' id='word_1_935' title='bbox 3459 5726 3553 5779; x_wconf 72' lang='grc' dir='ltr'>καὶ</span> <span class='ocrx_word' id='word_1_936' title='bbox 3574 5743 3666 5780; x_wconf 77' lang='grc' dir='ltr'>κεο</span> 
     </span>
    </p>
   </div>
   <div class='ocr_carea' id='block_1_117' title="bbox 1980 5809 3663 5884">
    <p class='ocr_par' dir='ltr' id='par_1_117' title="bbox 1980 5809 3663 5884">
     <span class='ocr_line' id='line_1_117' title="bbox 1980 5809 3663 5884; baseline 0.001 -18"><span class='ocrx_word' id='word_1_937' title='bbox 1980 5814 2069 5866; x_wconf 72' lang='grc' dir='ltr'>ναὶ</span> <span class='ocrx_word' id='word_1_938' title='bbox 2105 5813 2202 5884; x_wconf 83' lang='grc' dir='ltr'>μὲν</span> <span class='ocrx_word' id='word_1_939' title='bbox 2235 5809 2378 5884; x_wconf 79' lang='grc' dir='ltr'>ἦσαν</span> <span class='ocrx_word' id='word_1_940' title='bbox 2405 5812 2683 5881; x_wconf 88' lang='grc' dir='ltr'>γυναικῶν</span> <span class='ocrx_word' id='word_1_941' title='bbox 2712 5814 2769 5866; x_wconf 80' lang='grc' dir='ltr'>αἱ</span> <span class='ocrx_word' id='word_1_942' title='bbox 2792 5812 2983 5875; x_wconf 81' lang='grc' dir='ltr'>οἰκίαι,</span> <span class='ocrx_word' id='word_1_943' title='bbox 3003 5811 3138 5882; x_wconf 81' lang='grc' dir='ltr'>κενὴ</span> <span class='ocrx_word' id='word_1_944' title='bbox 3162 5812 3219 5866; x_wconf 90' lang='grc' dir='ltr'>δέ</span> <span class='ocrx_word' id='word_1_945' title='bbox 3246 5812 3456 5884; x_wconf 83' lang='grc' dir='ltr'>ἀνδρῶν</span> <span class='ocrx_word' id='word_1_946' title='bbox 3479 5816 3511 5884; x_wconf 86' lang='grc' dir='ltr'>ή</span> <span class='ocrx_word' id='word_1_947' title='bbox 3537 5815 3663 5883; x_wconf 89' lang='grc' dir='ltr'>ἀγο-</span> 
     </span>
    </p>
   </div>
   <div class='ocr_carea' id='block_1_118' title="bbox 1983 5897 3659 5973">
    <p class='ocr_par' dir='ltr' id='par_1_118' title="bbox 1983 5897 3659 5973">
     <span class='ocr_line' id='line_1_118' title="bbox 1983 5897 3659 5973; baseline 0.001 -19"><span class='ocrx_word' id='word_1_948' title='bbox 1983 5901 2072 5973; x_wconf 74' lang='grc' dir='ltr'>ρά,</span> <span class='ocrx_word' id='word_1_949' title='bbox 2110 5900 2260 5972; x_wconf 86' lang='grc' dir='ltr'>μόλις</span> <span class='ocrx_word' id='word_1_950' title='bbox 2299 5900 2354 5954; x_wconf 83' lang='grc' dir='ltr'>δέ</span> <span class='ocrx_word' id='word_1_951' title='bbox 2376 5900 2468 5953; x_wconf 84' lang='grc' dir='ltr'>δύο</span> <span class='ocrx_word' id='word_1_952' title='bbox 2493 5899 2526 5970; x_wconf 83' lang='grc' dir='ltr'>ἦ</span> <span class='ocrx_word' id='word_1_953' title='bbox 2552 5903 2698 5970; x_wconf 91' lang='grc' dir='ltr'>τρεῖς</span> <span class='ocrx_word' id='word_1_954' title='bbox 2732 5897 3039 5968; x_wconf 77' lang='grc' dir='ltr'>βαδίζοντες</span> <span class='ocrx_word' id='word_1_955' title='bbox 3060 5901 3117 5952; x_wconf 83' lang='grc' dir='ltr'>ἐν</span> <span class='ocrx_word' id='word_1_956' title='bbox 3144 5898 3222 5970; x_wconf 83' lang='grc' dir='ltr'>τῷ</span> <span class='ocrx_word' id='word_1_957' title='bbox 3253 5901 3402 5970; x_wconf 84' lang='grc' dir='ltr'>μέσῳ</span> <span class='ocrx_word' id='word_1_958' title='bbox 3430 5903 3549 5970; x_wconf 84' lang='grc' dir='ltr'>μετ’</span> <span class='ocrx_word' id='word_1_959' title='bbox 3569 5903 3659 5956; x_wconf 62' lang='grc' dir='ltr'>ἀλα</span> 
     </span>
    </p>
   </div>
   <div class='ocr_carea' id='block_1_119' title="bbox 1982 5979 3663 6061">
    <p class='ocr_par' dir='ltr' id='par_1_119' title="bbox 1982 5979 3663 6061">
     <span class='ocr_line' id='line_1_119' title="bbox 1982 5979 3663 6061; baseline 0.018 -23"><span class='ocrx_word' id='word_1_960' title='bbox 1982 5990 2154 6061; x_wconf 53' lang='grc' dir='ltr'>λῆ),ων</span> <span class='ocrx_word' id='word_1_961' title='bbox 2182 5989 2480 6057; x_wconf 65' lang='grc' dir='ltr'>ὲιξαίνοντο.</span> <span class='ocrx_word' id='word_1_962' title='bbox 2515 5989 2605 6040; x_wconf 71' lang='grc' dir='ltr'>καὶ</span> <span class='ocrx_word' id='word_1_963' title='bbox 2639 5987 2791 6040; x_wconf 68' lang='grc' dir='ltr'>αὐτοὶ</span> <span class='ocrx_word' id='word_1_964' title='bbox 2835 5979 2982 6042; x_wconf 71' lang='grc' dir='ltr'>οὗτοι</span> <span class='ocrx_word' id='word_1_965' title='bbox 3026 5987 3275 6058; x_wconf 66' lang='grc' dir='ltr'>καθάπερ</span> <span class='ocrx_word' id='word_1_966' title='bbox 3307 5987 3534 6058; x_wconf 60' lang='grc' dir='ltr'>έὲλλίνυκοι</span> <span class='ocrx_word' id='word_1_967' title='bbox 3574 6005 3663 6045; x_wconf 72' lang='grc' dir='ltr'>νε·</span> 
     </span>
    </p>
   </div>
  </div>
