4452 6666
727 482 834 544 13'!

730 604 857 675 κροὶ
880 600 1212 674 περιιόντες·
1253 599 1524 670 ἀπῄειμεν
1541 611 1566 638 ι
1609 600 1688 662 είς
1719 598 1780 651 τὸ
1803 599 2152 670 δικαστήριον
2175 597 2236 650 τὸ
2260 596 2412 659 τέλος

726 685 986 760 ἁψόμενοι
1007 687 1117 742 τῶν
1137 685 1455 756 γινομένων,
1480 686 1574 738 καὶ
1605 686 1804 747 ἰδόντες
1832 687 1952 739 ἐκεῖ
1977 686 2079 754 τῆς
2107 685 2316 745 πόλεως
2340 683 2409 736 τὰ

729 777 961 846 λείψανα
1006 772 1412 843 συνειλεγμένα,
1463 773 1696 843 μάλιστα
1743 771 1960 825 πάντων
2009 771 2407 840 ἐθαυμάσαμεν

731 865 932 928 ἐκεῖνο,
963 863 1044 916 ὅτι
1075 860 1308 930 πλήθους
1340 860 1494 923 ὄντος
1539 859 1668 928 περὶ
1719 857 1820 922 τὰς
1870 858 2060 931 θύρας,
2097 859 2172 920 ὡς
2202 857 2414 922 οὐδενὸς

732 953 1023 1024 παρόντος,
1079 947 1355 1018 βαθυτάτη
1388 944 1455 1016 ἦν
1489 950 1522 1016 ή
1561 946 1710 1017 σιγὴ,
1755 947 1975 1000 πάντων
2025 948 2106 1008 είς
2151 943 2416 1014 ἀλλήλους

737 1039 1065 1110 βλεπόντων,
1081 1038 1178 1092 καὶ
1201 1038 1340 1108 μήτε
1361 1033 1580 1105 ἐρέσθαι
1602 1033 1693 1086 τὸν
1718 1033 2062 1104 παρεστῶτα,
2090 1033 2228 1103 μήτε
2253 1031 2416 1084 ἀκοῦ-

739 1128 831 1179 σαί
872 1145 924 1179 τι
977 1128 1103 1197 παρ’
1129 1123 1337 1178 ἐκείνου
1386 1121 1694 1191 τολμῶντός
1723 1137 1886 1183 τινος.
1915 1120 2016 1172 Τὸν
2043 1121 2154 1189 γὰρ
2187 1119 2414 1188 πλησίον

740 1214 1064 1268 ὑπώπτευεν
1091 1212 1340 1272 ἕκαστος,
1363 1207 1454 1260 διὰ
1475 1208 1535 1260 τὸ
1558 1207 1784 1271 πολλοὺς
1809 1208 1907 1278 ήδη
1936 1209 2066 1278 παρ’
2097 1206 2288 1260 ἐλπίδα
2309 1209 2416 1260 πᾶ-

734 1319 834 1355 σαν
877 1301 944 1353 ἐκ
982 1299 1156 1369 μέσης
1197 1297 1650 1367 ἀναρπασθέντας
1695 1295 1792 1364 τῆς
1832 1295 2058 1364 ἀγορᾶς,
2100 1294 2249 1348 ἐνδον
2287 1311 2412 1348 κατ-

732 1386 952 1458 έχεσθαι
974 1406 986 1418 -
1013 1385 1109 1438 καὶ
1131 1385 1332 1447 πάντες
1359 1384 1512 1452 κοινῇ
1541 1384 1675 1452 πρὸς
1705 1380 1794 1432 τὸν
1823 1382 2052 1451 οὐρανὸν
2079 1381 2412 1450 ἐϐλέπομεν,

731 1475 828 1527 καὶ
859 1473 958 1536 τὰς
985 1475 1176 1542 χεῖρας
1205 1469 1548 1538 ἀνετείνομεν
1579 1469 1706 1538 σιγῇ
1736 1467 1836 1536 τὴν
1877 1467 2087 1522 ἀνωθεν
2123 1467 2416 1538 ἐκδεχόμε-

731 1581 814 1615 νοι
849 1563 1044 1634 ῥοπὴν.
1074 1562 1169 1613 καὶ
1201 1559 1331 1612 Θεὸν
1357 1555 1802 1627 παρακαλοῦντες
1831 1556 2181 1628 παραστῆναί
2210 1573 2269 1610 τε
2301 1559 2416 1619 τοῖς

730 1649 1132 1719 δικαζομένοις,
1165 1646 1258 1700 καὶ
1287 1644 1525 1716 μαλάξαι
1555 1644 1656 1708 τὰς
1678 1643 1788 1698 τῶν
1813 1645 2139 1708 δικαζόντων
2165 1643 2408 1713 καρδίας,

732 1738 830 1790 καὶ
877 1737 1102 1804 ποιῆσαι
1143 1734 1350 1804 ἥμερον
1378 1731 1632 1800 γενέσθαι
1661 1732 1759 1801 τὴν
1783 1732 1985 1800 ψῆφον.
2015 1730 2125 1782 Καὶ
2163 1731 2412 1800 καθάπερ

731 1826 781 1876 οἱ
803 1825 930 1886 τοὺς
955 1820 1326 1890 ναυαγοῦντας
1353 1819 1463 1874 ἀπὸ
1487 1819 1587 1888 τῆς
1619 1819 1722 1888 γῆς
1747 1818 2053 1887 βλέποντες,
2093 1816 2413 1886 προσελθεῖν

733 1911 834 1980 μὲν
881 1910 979 1962 καὶ
1023 1911 1182 1980 χεῖρα
1210 1906 1394 1978 ὀρέξαι
1426 1907 1516 1959 καὶ
1547 1904 1836 1974 διορθῶσαι
1874 1902 2024 1975 [154]
2068 1903 2168 1974 τὴν
2206 1919 2416 1973 συμφο-

731 1997 834 2068 ράν
863 1998 964 2050 οὐκ
988 1996 1190 2066 έχουσι,
1212 1997 1326 2056 τοῖς
1354 1993 1560 2063 κύμασι
1584 1991 1970 2061 διειργόμενοι,
2001 1990 2201 2056 ἔξωθεν
2233 1989 2288 2041 δὲ
2307 1991 2415 2042 ἀπὸ

729 2083 843 2136 τῶν
871 2083 1132 2151 αἰγιαλῶν
1169 2083 1266 2144 τὰς
1295 2083 1482 2150 χεῖρας
1507 2079 1903 2140 ἀνατείνοντες,
1941 2079 2035 2130 καὶ
2064 2076 2412 2147 δακρύοντες,

730 2171 824 2226 τὸν
842 2171 973 2223 Θεὸν
997 2168 1376 2238 παρακαλοῦσι
1399 2167 1752 2237 παραστῆναι
1777 2168 1889 2227 τοῖς
1912 2165 2412 2233 κλυδωνιζομένοις’

731 2257 876 2311 οὕτω
913 2259 1008 2310 καὶ
1041 2256 1278 2310 ἐνταῦθα
1307 2256 1512 2317 πάντες
1544 2256 1670 2324 σιγῇ
1705 2255 1799 2305 καὶ
1830 2252 1971 2304 κατά
2013 2251 2254 2304 διάνοιαν
2287 2251 2416 2303 ἐκά-

731 2345 859 2398 λουν
887 2345 978 2399 τὸν
1011 2344 1163 2408 Θεὸν,
1191 2343 1468 2410 ἀξιοῦντες
1495 2343 1606 2403 τοῖς
1637 2341 1696 2391 ἐν
1735 2338 1812 2408 τῷ
1849 2337 2204 2407 δικαστηρίῳ,
2241 2338 2414 2391 καθά-

733 2449 841 2504 περ
886 2435 945 2485 ἐν
985 2432 1224 2501 κύμασιν
1270 2427 1704 2497 ἀνειλημμένοις,
1739 2429 1896 2494 χεῖρα
1955 2425 2160 2494 ὀρέξαι,
2196 2426 2288 2476 καὶ
2339 2427 2413 2496 μὴ

735 2519 1092 2589 συγχωρῆσαι
1119 2513 1612 2585 καταποντισθῆναι
1635 2511 1696 2564 τὸ
1721 2512 1950 2579 σκάφος,
1983 2511 2118 2581 μηδὲ
2147 2513 2228 2573 είς
2251 2513 2416 2566 ναυά-

733 2623 854 2676 γιον
879 2607 1138 2669 παντελὲς
1159 2603 1462 2658 καταλῦσαι
1481 2603 1591 2654 τῶν
1614 2599 1942 2661 δικαζόντων
1964 2599 2063 2669 τὴν
2087 2599 2288 2668 κρίσιν.
2305 2601 2419 2652 Καὶ

734 2693 908 2747 ταῦτα
946 2695 1044 2763 μὲν
1086 2690 1154 2764 ἦν
1203 2691 1310 2763 πρὸ
1339 2689 1447 2743 τῶν
1479 2688 1658 2759 θυρῶν
1680 2703 1694 2716 ⁸
1725 2686 1912 2755 ἐπειδὴ
1942 2685 2000 2738 δὲ
2031 2684 2294 2756 ἐνδοτέρω
2323 2687 2422 2756 τῆς

736 2781 908 2850 αὐλῆς
940 2779 1251 2850 είσέϐημεν,
1291 2776 1452 2831 πάλιν
1478 2776 1690 2844 εἴδομεν
1715 2775 1876 2844 ἔτερα
1906 2771 2260 2844 φοϐερώτερα
2293 2772 2420 2824 τού-

737 2885 866 2930 των,
901 2867 1238 2938 στρατιώτας
1282 2862 1770 2932 καθωπλισμένους
1799 2859 1976 2927 ξίφεσι
2011 2859 2108 2912 καὶ
2141 2857 2418 2927 ῥοπάλοις,

740 2958 836 3009 καὶ
865 2956 1062 3024 πολλήν
1086 2955 1198 3017 τοῖς
1227 2952 1419 3006 ἐνδονὶι
1442 2949 1724 3013 δικάζουσι
1755 2949 1856 3019 τὴν
1886 2946 2120 3018 ἡσυχίαν
2153 2945 2422 3016 παρέχον-

739 3061 858 3107 τας.
877 3043 1094 3114 Ἐπειδὴ
1137 3041 1246 3111 γὰρ
1285 3041 1335 3092 οἱ
1370 3039 1742 3109 προσήκοντες
1771 3036 2007 3096 ἀπαντες
2043 3033 2294 3096 ἐκείνοις,
2330 3033 2421 3084 καὶ

741 3103 1020 3200 γυναῖκες,
1057 3103 1162 3182 καὶ.
1182 3103 1440 3200 μητέρες,
1475 3103 1570 3177 καὶ
1603 3122 1924 3194 θυγατέρες,
1953 3119 2050 3174 καὶ
2076 3119 2312 3190 πατέρες
2344 3118 2424 3169 εί-
2512 3103 2708 3200 ρᾷνρη
2758 3106 2791 3156 ό

745 3222 1040 3272 στήκεισαν
1089 3217 1195 3288 πρὸ
1239 3215 1349 3267 τῶν
1400 3211 1495 3266 τοῦ
1543 3209 1894 3280 δικαστηρίου
1930 3206 2134 3279 θυρῶν,
2175 3201 2342 3266 ὥστε,
2377 3205 2432 3256 εῐ

741 3325 864 3360 τινα
895 3305 1132 3376 συμϐαίη
1160 3303 1258 3374 τὴν
1299 3301 1394 3354 ἐπὶ
1437 3300 1668 3352 θάνατον
1693 3295 2084 3365 ἀπενεχθῆναι,
2117 3292 2324 3362 μηδένα
2363 3294 2428 3361 τῇ

745 3395 846 3466 θέα
887 3395 987 3464 τῆς
1025 3392 1308 3463 συμφορᾶς
1337 3386 1729 3460 ἐμπρησθέντα
1771 3383 2000 3454 θόρυϐόν
2037 3399 2160 3436 τινα
2203 3380 2430 3449 ποιῆσαι

749 3483 844 3536 καὶ
870 3480 1138 3553 ταραχὴν,
1165 3476 1449 3549 πόρρωθεν
1485 3473 1714 3543 ἐφόϐουν
1740 3473 1791 3524 οἱ
1823 3469 2153 3541 στρατιῶται
2198 3467 2430 3530 πάντας,

748 3569 1367 3644 προκαταλαμϐάνοντες
1391 3575 1414 3604 ε
1448 3562 1626 3616 αὐτῶν
1651 3561 1732 3631 τῷ
1755 3560 1864 3613 δέει
1896 3561 1996 3628 τὴν
2023 3557 2286 3611 διάνοιαν.

821 3661 895 3714 τὸ
923 3661 979 3713 δὲ
1003 3659 1220 3712 πάντων
1248 3654 1633 3724 ἐλεεινότερον,
1660 3656 1840 3722 μήτηρ
1860 3649 1959 3719 μία
1979 3648 2073 3700 καὶ
2099 3645 2302 3716 ἀδελφὴ
2323 3643 2434 3696 τῶν

748 3751 896 3804 ἐνδον
920 3746 1256 3820 κρινομένων
1289 3743 1454 3806 τινὸς,
1479 3743 1616 3814 πρὸς
1641 3739 1780 3794 αὐτά
1799 3737 1910 3791 τῶν
1943 3733 2272 3797 δικαζόντων
2296 3733 2430 3787 ἐκά-

747 3841 910 3910 θηντο
951 3837 1022 3890 τὰ
1075 3835 1344 3905 πρόθυρα,
1381 3831 1794 3900 κυλινδούμεναι
1827 3826 1958 3896 περὶ
1987 3825 2050 3878 τὸ
2094 3824 2312 3892 ἔδαφος,
2340 3823 2437 3874 καὶ

750 3927 928 3980 κοινὸν
959 3921 1118 3979 οὖσαι
1147 3923 1374 3995 θέατρον
1403 3923 1516 3983 τοῖς
1548 3914 1912 3988 περιεστῶσιν
1936 3912 2130 3972 ἅπασι,
2167 3909 2439 3978 συγκαλυ-

749 4015 1018 4084 πτόμεναι
1060 4011 1156 4076 τὰς
1190 4011 1362 4081 δύνεις,
1392 4008 1486 4062 καὶ
1522 4003 1775 4060 τοσοῦτον
1821 3999 2206 4070 αἰσχυνόμεναι
2257 3997 2436 4066 μόνον,

749 4105 876 4158 ὅσον
909 4102 1213 4175 ἐπέτρεπεν
1239 4102 1273 4171 ἡ
1295 4098 1394 4167 τῆς
1421 4095 1708 4168 συμφορᾶς
1735 4090 1948 4160 ἀνάγκη
1965 4107 1978 4119 ·
2011 4089 2108 4142 καὶ
2127 4087 2250 4140 οὕτε
2279 4087 2442 4156 θερα-

750 4191 938 4254 παινὶς
968 4189 1159 4252 αὐταῖς
1193 4187 1396 4258 παρῆν,
1427 4183 1552 4237 οὔτε
1595 4181 1814 4252 γείτων,
1843 4178 1965 4232 οὔτε
1996 4177 2146 4246 φίλη,
2175 4177 2276 4230 οὐκ
2304 4175 2438 4246 άλλη

751 4299 836 4345 τις
873 4279 982 4334 τῶν
1030 4278 1372 4349 ἐπιτηδείων,
1401 4273 1542 4328 ἀλλά
1582 4273 1743 4343 μόναι
1783 4267 1921 4340 μετὰ
1945 4266 2180 4320 εὐτελῶν
2209 4265 2440 4336 ἱματίων

751 4375 814 4426 ἐν
863 4373 1016 4444 μέσῳ
1058 4365 1331 4422 τοσούτων
1378 4359 1792 4432 ἀπειλημμέναι
1839 4353 2222 4428 στρατιωτῶν,
2266 4353 2443 4423 χαμαὶ

756 4439 1075 4532 συρόμεναι·
1097 4455 1228 4526 περὶ
1271 4451 1370 4514 τὰς
1418 4449 1586 4520 θύρας
1620 4447 1810 4510 αὑτὰς,
1841 4444 1951 4497 τῶν
1981 4443 2128 4496 ἔνδον
2161 4439 2447 4510 δικαζομέ-

756 4529 866 4604 νων
887 4529 1224 4614 ἐλεεινότερα
1249 4539 1510 4608 ἔπασχον,
1531 4537 1630 4606 τῆς
1655 4535 1766 4587 τῶν
1786 4533 1996 4603 δημίων
2015 4529 2313 4584 ἀκούουσαι
2337 4545 2449 4595 φω-

758 4638 876 4708 νῆς,
905 4633 1000 4688 τοῦ
1031 4629 1236 4686 κτύπου
1264 4626 1374 4680 τῶν
1406 4623 1709 4696 μαστίγων,
1740 4621 1834 4674 τοῦ
1869 4621 2069 4692 θρήνου
2103 4617 2213 4670 τῶν
2248 4631 2448 4688 μαστι-

761 4702 1026 4795 ζομένων,
1046 4721 1147 4790 τῆς
1175 4715 1412 4787 φοϐερᾶς
1434 4715 1545 4766 τῶν
1568 4709 1896 4775 δικαζόντων
1922 4707 2174 4776 ἀπειλῆς,
2204 4705 2302 4758 καὶ
2321 4702 2446 4756 καθ’

761 4814 994 4866 ’ἑκαστον
1022 4808 1132 4861 τῶν
1169 4803 1482 4873 παιομένων
1513 4799 1905 4870 χαλεπωτέρας
1939 4793 2208 4849 ἐκείνωνά
2243 4790 2449 4861 ὑπέμε-

764 4917 856 4954 νον
901 4896 1092 4957 ὀδύνας
1137 4886 1557 4958 αῦται.Ἐπειδὴ
1605 4887 1712 4958 γὰρ
1745 4887 1802 4936 ἐν
1835 4886 1954 4946 ταῖς
1987 4882 2191 4952 ἐτέρων
2237 4896 2450 4951 μαρτυ-

771 4989 917 5060 ρίαις
942 4980 1313 5038 ἐκινδυνεύετο
1342 4979 1377 5048 ή
1413 4975 1522 5029 τῶν
1545 4972 1908 5042 ἐγκλημάτων
1933 4969 2226 5034 ἀπόδειξις,
2249 4965 2452 5020 εἴποτέ

767 5091 912 5136 τινος
943 5071 1171 5144 ᾔσθοντο
1212 5065 1635 5140 μαστιζομένου,
1666 5061 1806 5114 ὥστε
1841 5061 2015 5112 εἰπεῖν
2062 5059 2189 5120 τοὺς
2219 5054 2452 5108 ὑπευθύ-

771 5179 918 5226 νους,
945 5161 1039 5214 καὶ
1081 5156 1446 5220 ὀλολύζοντος,
1479 5154 1560 5215 είς
1607 5151 1698 5203 τὸν
1749 5147 1974 5220 οὐρανὸν
2018 5146 2313 5216 βλέπουσαι
2361 5144 2453 5196 τὸν

774 5252 908 5305 Θεὸν
940 5245 1284 5318 παρεκάλουν
1316 5241 1500 5296 δοῦναί
1531 5256 1655 5292 τινα
1700 5238 1852 5308 ἰσχὺν
1883 5234 1976 5290 καὶ
2007 5233 2284 5304 ὑπομονήν
2311 5231 2456 5285 ἐκεί-

777 5357 876 5410 νῳ,
910 5336 1049 5390 ὥστε
1089 5332 1164 5404 μὴ
1197 5331 1307 5384 τῶν
1330 5331 1510 5390 αὐτοῖς
1543 5325 1927 5398 προσηκόντων
1967 5323 2064 5391 τὴν
2101 5321 2374 5390 σωτηρίαν
2399 5319 2456 5369 ἐν

780 5405 902 5488 ταῖς
930 5424 1131 5494 ἐτέρων
1172 5417 1481 5480 ἀσθενείαις
1507 5413 1861 5486 προδοθῆναι,
1907 5411 2004 5480 τὴν
2045 5410 2298 5480 δριμεῖαν
2351 5405 2458 5458 ἀπὸ

781 5513 893 5566 τῶν
923 5492 1148 5580 πληγῶν
1175 5506 1367 5576 ὀδύνην
1406 5504 1480 5576 μή
1502 5502 1814 5573 δυναμένων
1843 5501 2083 5566 ἐνεγκεῖν
2103 5515 2114 5525 ·
2141 5497 2235 5550 καὶ
2265 5492 2460 5547 ταυτὸν

785 5599 948 5654 πάλιν
979 5591 1090 5650 οἷον
1137 5595 1229 5648 ἐπὶ
1264 5593 1375 5647 τῶν
1407 5589 1821 5663 χειμαζομένων
1857 5585 2159 5640 συνέϐαινε.
2193 5582 2463 5650 Καθάπερ

849 5725 875 5752 ³
901 5721 986 5770 Sic
1009 5719 1190 5781 plaguil
1211 5717 1517 5781 [eget-genu!
1544 5715 1676 5781 ng._,
1701 5715 1750 5762 in
1774 5713 2030 5781 prmlcyilq
2050 5727 2072 5758 ιι
2097 5711 2313 5781 Ηιςιιιιιιρ
2327 5707 2464 5781 ἅπειτ

789 5803 872 5850 μι,
888 5767 984 5832 εἷοιῖ
1005 5767 1060 5828 ὖι
1083 5767 1333 5850 Morel-.ch
1357 5777 1554 5850 Μοιιιίῖ,
1573 5767 1788 5850 ἀπίεμεὶί
1809 5775 1940 5834 quod
1973 5775 2032 5821 ad
2071 5772 2205 5820 vorbi
2243 5767 2464 5820 inusitati

788 5839 962 5908 ἆτιίημι
985 5853 1203 5908 prmselns
1221 5846 1418 5908 _t9mpus
1429 5839 1876 5908 perliyefe}._lim1-.

853 5911 880 5948 ι)
897 5900 1051 5957 Safil.
1078 5909 1134 5951 el
1148 5901 1344 5964 quidam
1371 5913 1483 5948 mss.
1496 5901 1606 5964 τοῖς
1623 5900 1819 5964 ἔνδοθεν.

858 5972 881 6000 ⁸
911 5968 1061 6016 Iidem
1081 5961 1258 6024 πάντας
1279 5963 1537 6024 προκαταλ.
1567 5961 1737 6024 Morel.
1763 5961 1966 6024 πάντων.
1993 5973 2069 6018 πρ.

857 6029 884 6069 ἀ
910 6013 1082 6078 ᾖδτρι.
1115 6030 1166 6074 el
1195 6013 1362 6084 Μὸῐιίζ.
1389 6025 1484 6070 τῶν
1520 6023 1804 6084 παιομένων.
1833 6013 2107 6071 l‘rononien
2137 6013 2289 6064 habet
2313 6013 2464 6064 Savil.

794 6101 851 6146 ει
875 6092 998 6154 ιοείι
1021 6091 1271 6150 interpres
1317 6083 1451 6136 Ευιτ.

1471 481 1535 537 6.
1571 477 1860 538 JOANNIS
1897 477 2400 538 CHRYSOSTOMI
2443 475 2768 534 ARCHIEP.
2807 473 3366 532 CONSTANTINOP.

4099 470 4204 528 I33

2519 595 2626 666 γὰρ
2659 594 2876 657 ἐκεῖνοι,
2909 591 2964 642 εῖ
2996 609 3128 644 ποτε
3160 591 3404 662 κύματος
3434 588 3595 643 ἴδοιεν
3634 585 3868 657 ἐμϐολὴν
3911 587 4204 658 πόρρωθεν

2517 697 2752 751 κορυφου
2762 677 2930 750 μένην
2953 678 3047 730 καὶ
3067 679 3208 730 κατά
3236 679 3429 750 μικρὸν
3453 673 3756 747 αὐξομένην
3779 677 3873 726 καὶ
3896 675 4206 743 μέλλουσαν

2521 764 2804 836 βαπτίζειν
2834 764 2897 816 τὸ
2935 764 3162 830 σκάφος,
3193 765 3290 817 καὶ
3333 765 3464 836 πρὶν
3497 763 3530 835 ἢ
3565 760 3790 834 πλησίον
3816 759 4070 826 γενέσθαι
4099 757 4202 811 τοῦ

2522 853 2704 905 πλοίου
2753 849 3264 924 προαποτεθνήκασι
3307 850 3388 921 τῷ
3413 851 3522 904 δέει
3542 868 3556 882 ο
3585 849 3727 904 οὕτω
3755 845 3818 916 δὴ
3847 846 4120 909 κάκεῖναι,
4147 845 4206 897 et

2516 958 2647 994 ποτε
2692 939 2884 1010 φωνῶν
2931 938 3026 992 καὶ
3057 937 3377 1006 ὀλολυγμῶν
3404 938 3633 1009 ᾔσθοντο
3666 933 4001 1008 φερομένων,
4025 931 4204 984 δεδοι-

2516 1030 2666 1081 κυῖαι
2699 1027 2774 1096 μὴ
2810 1027 2948 1097 πρὸς
2975 1027 3074 1089 τὰς
3119 1025 3384 1095 βασάνους
3421 1027 3894 1096 ἀπαγορεύσαντες
3935 1022 3986 1072 οἱ
4027 1034 4208 1072 κατα-

2519 1115 2819 1184 μαρτυρεῖν
2853 1111 3312 1184 ἀναγκαζόμενοι,
3339 1112 3640 1164 κατείπωσί
3679 1128 3824 1174 τινος
3857 1107 3967 1162 τῶν
4010 1104 4202 1165 αὐτοῖς

2515 1199 2859 1270 ἐπιτηδείων,
2901 1202 3132 1269 μυρίους
3163 1200 3271 1272 πρὸ
3309 1199 3419 1253 τῶν
3458 1199 3755 1270 ὀφθαλμῶν
3800 1197 3985 1269 ἐώρων
4030 1192 4202 1246 θανά-

2514 1303 2661 1349 τους.
2693 1287 2804 1339 Καὶ
2827 1281 2894 1355 ῆν
2931 1283 3060 1336 ίδεῖν
3085 1285 3233 1338 ἔνδον
3269 1286 3560 1356 βασάνους,
3587 1285 3691 1348 ἔξω
3731 1285 4023 1355 βασάνους·
4054 1279 4202 1332 ἐκεί-

2515 1390 2640 1435 νους
2668 1373 2765 1442 μὲν
2790 1372 2898 1442 γὰρ
2927 1373 2977 1423 οἱ
3003 1370 3212 1440 δήμιοι,
3245 1373 3448 1435 ταύτας
3472 1373 3528 1425 δὲ
3556 1369 3875 1436 ἐϐασάνιζεν
3903 1371 3937 1440 ή
3963 1368 4064 1438 τῆς
4093 1364 4202 1432 φύ-

2516 1477 2652 1522 σεως
2674 1460 2926 1530 τυραννὶς
2955 1475 3050 1511 και
3077 1459 3110 1528 ή
3137 1458 3248 1510 τῶν
3279 1459 3606 1528 σπλάγχνων
3630 1457 3944 1528 συμπάθεια
3964 1472 3980 1486 ’
4014 1455 4110 1506 καὶ
4131 1449 4202 1522 ῆν

2513 1546 2662 1600 ἔνδον
2711 1546 2928 1616 θρῆνος,
2967 1545 3072 1611 ἔξω
3107 1543 3305 1612 θρῆνος
3331 1561 3343 1573 ’
3393 1544 3540 1596 ἔνδον
3572 1544 3682 1598 τῶν
3727 1543 4066 1606 ὑπευθύνων,
4097 1540 4210 1604 ἔξω

2511 1632 2621 1686 τῶν
2651 1634 2835 1697 αὐτοῖς
2871 1633 3024 1705 [155]
3065 1632 3470 1702 προσηκόντων.
3495 1631 3712 1683 Μᾶλλον
3733 1630 3789 1682 δὲ
3814 1631 3913 1698 οὐχ
3936 1626 4080 1682 οὗτοι
4106 1629 4204 1696 μό-

2513 1738 2626 1784 νον,
2661 1721 2800 1775 am
2849 1721 2943 1774 καὶ
2973 1721 3128 1774 αὐτοὶ
3175 1721 3224 1772 οἱ
3274 1717 3584 1782 δικάζοντες
3619 1717 3878 1787 ἐθρήνουν
3912 1715 4054 1770 κατὰ
4083 1713 4204 1767 διά-

2514 1825 2685 1872 νοιαν,
2724 1808 2817 1860 καὶ
2867 1805 3223 1877 χαλεπώτερα
3279 1805 3498 1858 πάντων
3545 1804 3805 1871 ἔπασχον,
3842 1801 3985 1854 οὕτω
4027 1801 4204 1870 πικρᾷ

2514 1893 2792 1964 τραγῳδίᾳ
2815 1893 3252 1962 ἀναγκαζόμενοι
3287 1893 3409 1946 τότε
3442 1892 3754 1962 ὑπηρετεῖν.

2589 1980 2658 2050 β’.
2677 1979 2820 2048 Ἐγὼ
2854 1979 2912 2033 δέ
2935 1981 3397 2050 παρακαθήμενος
3429 1979 3521 2032 καὶ
3551 1981 3724 2031 ταῦτα
3755 1973 4081 2046 β).έπων,δτι
4106 1988 4208 2040 γυ-

2515 2069 2703 2129 ναῖκες
2728 2067 2822 2118 καὶ
2859 2067 3122 2137 παρθένοι
3159 2065 3598 2136 θαλαμευόμεναι
3627 2062 3723 2117 νῦν
3756 2063 3930 2117 κοινὸν
3956 2060 4208 2130 ἐγένοντο

2517 2153 2745 2224 θέατρον
2773 2153 2970 2218 ἀπασι,
3001 2155 3096 2204 καὶ
3130 2153 3186 2206 αί
3231 2153 3325 2204 ἐπὶ¹
3371 2151 3660 2222 στρωμνῆς
3690 2150 3905 2220 ἁπαλῆς
3939 2145 4206 2202 κατακλι-

2515 2241 2762 2309 νόμεναι,
2787 2240 2850 2291 τὸ
2875 2239 3069 2306 ἔδαφος
3099 2238 3221 2290 ἀντὶ
3249 2239 3540 2308 στρωμνῆς
3563 2237 3764 2306 έχουσι,
3799 2236 3890 2288 καὶ
3923 2236 3980 2287 αί
4007 2231 4208 2286 τοσαύ-

2513 2344 2609 2394 της
2629 2325 3002 2379 ἀπολαύουσαι
3024 2324 3318 2394 θεραπείας
3341 2325 3760 2392 θεραπαινίδων,
3786 2321 4084 2390 εύνούχων,
4105 2321 4206 2390 τῆς

2515 2411 2682 2482 ἄλλης
2717 2413 2938 2480 ἁπάσης
2977 2412 3304 2481 φαντασίας,
3334 2409 3428 2464 νῦν
3463 2411 3717 2463 ἁπάντων
3751 2409 3974 2461 ἐκείνων
4007 2407 4210 2478 ἔρημοι

2516 2499 2652 2570 πρὸς
2661 2499 2787 2562 τοὺς
2801 2499 3056 2552 ἀπάντων
3069 2499 3132 2550 σύ
3143 2514 3326 2566 ρονται
3340 2497 3526 2560 πόδας,
3540 2497 3770 2549 ἕκαστον
3787 2493 4209 2564 παρακαλοῦσαι

2520 2589 2952 2653 συνεισενεγκεῖν
2969 2603 3021 2636 τι
3036 2584 3146 2636 τῶν
3165 2588 3243 2646 εἰς
3267 2583 3425 2636 αὑτὸν
3451 2584 3690 2654 ἡκόντων
3709 2585 3818 2644 τοῖς
3839 2579 4210 2652 κρινομένοις,

2528 2679 2623 2733 καὶ
2635 2677 2814 2731 κοινὸν
2827 2675 2980 2746 παρά
2995 2673 3212 2728 πάντων
3229 2672 3381 2723 ἐλέου
3397 2671 3514 2723 τινα
3530 2669 3720 2739 ἔρανον
3737 2662 4215 2735 γενέσθαι,ἐφθεγ-

2524 2767 2704 2836 ξάμην
2751 2765 2933 2817 ἐκεῖνο
2963 2763 3024 2815 τὸ
3069 2760 3163 2812 τοῦ
3193 2759 3566 2836 Σολομῶντος,
3612 2756 3946 2818 Ματαιεττης
3971 2765 4218 2819 ματαιο-

2521 2843 2736 2910 τήτων,
2759 2842 2831 2894 τὰ
2875 2840 3073 2894 πάντα
3105 2842 3453 2908 ματαιότης.
3483 2834 3635 2890 Εἶδον
3657 2837 3765 2906 γὰρ
3787 2833 3942 2886 τοῦτό
3965 2848 4022 2884 τε
4053 2831 4210 2894 αὐτὸ,

2519 2931 2614 2982 καὶ
2637 2929 2823 2999 ἕτερον
2849 2927 3028 2994 λόγιον
3049 2927 3114 2979 δι’
3141 2927 3320 2979 αὐτῶν
3339 2925 3448 2977 τῶν
3468 2925 3644 2996 ἔργων
3665 2921 3931 2984 ἐκϐαῖνον,
3949 2920 4010 2971 τὸ
4025 2919 4208 2986 λέγον,

2520 3017 2621 3080 ὅτι,
2677 3014 2850 3068 Πᾶσα
2897 3013 3049 3076 δόξα
3093 3011 3408 3076 ἀνθρώπου
3443 3017 3524 3074 ὡς
3566 3008 3748 3072 εἰ·νοος
3777 3007 4032 3075 χόρτου·
4073 3005 4214 3072 ἐξη-

2848 3103 3097 3170 χόρτος,
3139 3100 3236 3152 καὶ
3289 3099 3356 3151 τὸ
3400 3096 3584 3160 ἄνθος
3627 3095 3900 3160 ἐξέπεσε.
3941 3094 4052 3146 Καὶ
4099 3093 4212 3162 γάρ

2527 3190 2754 3253 πλοῦτος
2777 3191 2923 3250 τότε,
2958 3189 3052 3240 καὶ
3074 3187 3346 3255 εὐγένεια,
3381 3184 3476 3237 καὶ
3513 3183 3864 3252 περιφάνεια,
3903 3183 3999 3233 καὶ
4034 3180 4208 3248 φίλων

2529 3277 2854 3348 προστασία,
2883 3278 2977 3330 καὶ
3009 3276 3324 3343 συγγένεια,
3355 3273 3449 3325 καὶ
3485 3273 3660 3324 πάντα
3691 3269 3953 3338 ἠλέγχετο
3977 3269 4048 3319 τὰ
4081 3267 4212 3336 βιω-

2528 3367 2676 3428 τικὰ,
2698 3366 2796 3434 τῆς
2820 3363 3091 3433 ἁμαρτίας
3113 3363 3205 3413 καὶ
3226 3363 3324 3431 τῆς
3345 3357 3692 3430 παρανομίας
3715 3358 3814 3426 τῆς
3837 3353 4212 3423 γεγενημένης

2529 3452 2628 3521 τὴν
2663 3451 2972 3522 συμμαχίαν
3011 3450 3228 3502 ἅπασαν
3259 3445 3604 3516 τρεψαμένης
3648 3441 3868 3511 ταύτην.
3905 3442 4014 3492 Καὶ
4037 3439 4210 3492 καθάο

2533 3555 2639 3608 περ
2663 3540 2845 3609 μήτηρ
2883 3535 3180 3606 στρουθῶν,
3217 3535 3324 3586 τῶν
3346 3531 3570 3586 νεοττῶν
3595 3529 4018 3600 ἀφαιρεθέντων,
4039 3525 4220 3578 ἐλθοῦ-

2534 3644 2601 3679 σα
2643 3627 2738 3679 καὶ
2785 3625 2882 3695 τήν
2913 3623 3108 3676 καλιὰν
3143 3621 3380 3692 εὑροῦσα
3425 3621 3627 3690 κενὴν,
3671 3616 3952 3681 ἐξελέσθαι
4001 3615 4102 3684 μέν
4148 3613 4214 3666 οῦ

2531 3715 2751 3767 δύναται
2788 3713 2915 3774 τοὺς
2944 3711 3173 3772 ἁλόντας
3203 3707 3376 3778 αὐτῆς
3415 3707 3684 3770 νεοττοὺς,
3715 3702 4123 3774 περιιπταμένη
4155 3701 4216 3752 δὲ

2532 3800 2624 3854 τοῦ
2653 3799 2890 3870 θηρατοῦ
2928 3798 3026 3860 τὰς
3055 3799 3266 3868 χεῖρας,
3295 3793 3447 3864 αὐτῷ
3483 3793 3659 3862 τούτῳ
3693 3790 3789 3861 τὴν
3823 3789 4016 3856 ὀδύνην
4049 3786 4216 3840 ἐνδεί-

2535 3903 2758 3941 κνυται’
2788 3885 2931 3939 οὕτω
2963 3886 3028 3955 δὴ
3061 3887 3157 3936 καὶ
3189 3886 3245 3935 αἱ
3277 3885 3534 3950 γυναῖκες
3567 3880 3784 3932 ἐποίουν
3821 3877 3944 3929 τότε
3983 3876 4210 3933 ἐκεῖναι.

2537 3972 2996 4046 ἀναρπασθέντων
3043 3971 3234 4032 αὑταῖς
3270 3969 3334 4021 ἐκ
3373 3969 3471 4037 τῆς
3503 3967 3681 4029 οἰκίας
3717 3963 3825 4018 τῶν
3859 3963 4083 4024 παίδων,
4119 3961 4216 4013 καὶ

2535 4063 2684 4116 ένδον
2723 4058 3170 4128 ἀπειλημμένων,
3204 4055 3394 4124 ὥσπερ
3427 4057 3484 4108 ἐν
3507 4053 3712 4123 δικτύῳ
3741 4051 3852 4105 τινὶ
3879 4050 3975 4103 καὶ
4001 4047 4212 4116 παγίδι,

2539 4147 2860 4222 προσελθεῖν
2892 4147 2992 4217 μὲν
3024 4145 3120 4198 καὶ
3149 4141 3426 4206 ἐξελέσθαι
3460 4141 3586 4202 τοὺς
3617 4139 3846 4200 ἁλόντας
3874 4138 3974 4190 οὐκ
4009 4135 4216 4204 ἴσχυον,

2538 4237 2616 4308 τῷ
2644 4237 2701 4290 δὲ
2732 4237 2858 4306 περὶ
2881 4234 2979 4298 τὰς
3005 4232 3174 4302 θύρας
3207 4229 3382 4292 αὐτάς
3417 4226 3804 4290 καλινδεῖσθαι,
3845 4227 3937 4278 καὶ
3975 4223 4214 4294 θρηνεῖν,

2539 4327 2634 4378 καὶ
2661 4322 3044 4394 ὀλοφύρεσθαι,
3070 4323 3164 4372 καὶ
3194 4319 3301 4371 τῶν
3334 4315 3720 4388 θηρευσάντων
3743 4311 4034 4383 πειρᾶσθαι
4065 4310 4220 4376 γενέ-

2543 4419 2665 4471 σθαι
2681 4416 2868 4486 ἐγγὺς,
2887 4413 2985 4484 τὴν
3005 4411 3200 4480 ὀδύνην
3218 4408 3510 4463 ἐδείκνυον.
3541 4405 3728 4460 Ταῦτα
3738 4405 3804 4474 δή
3826 4403 3944 4456 τότε
3963 4400 4124 4486 δρῶν,
4145 4405 4228 4466 είς

2550 4504 2675 4558 νοῦν
2703 4483 2977 4571 ἐϐαλόμην
2999 4511 3022 4538 ο
3045 4500 3104 4552 τὸ
3127 4497 3360 4568 φοϐερὸν
3377 4497 3552 4548 ἐκεῖνο
3569 4495 3942 4561 δικαστήριον,
3972 4483 4069 4544 καί
4090 4491 4226 4560 πρὸς

2545 4589 2782 4664 ἐμαυτὸν
2805 4585 2959 4642 εἶπον
2979 4604 2992 4618 ·
3017 4589 3080 4640 EE
3111 4588 3206 4640 νῦν
3235 4585 3540 4655 ἀνθρώπων
3559 4582 3910 4664 δικαζόντων,
3933 4581 3994 4632 οὐ
4021 4579 4225 4649 μήτηρ,

2543 4677 2644 4729 οὐκ
2681 4673 2904 4742 ἀδελφὴ,
2935 4671 2996 4724 οὐ
3022 4671 3165 4738 πατὴ
3175 4686 3226 4740 ρ,
3256 4669 3355 4720 οὐκ
3379 4667 3537 4729 ἄλλος
3561 4665 3754 4728 οὐδεὶς,
3783 4663 3956 4714 καίτοι
3983 4677 4047 4728 γε
4071 4659 4228 4712 ἀνεύ-

2547 4763 2694 4816 θυνοι
2731 4760 2840 4812 τῶν
2875 4755 3253 4826 τολμηθέντων
3287 4754 3460 4816 ὅντες,
3504 4753 3604 4804 οὑκ
3635 4749 3909 4818 ἰσχύουσιν
3952 4745 4226 4810 ἐξελέσθαι

2545 4853 2673 4914 τοὺς
2706 4845 3080 4920 κρινομένους,
3113 4843 3194 4904 τίς
3229 4843 3284 4894 ἐν
3312 4841 3392 4906 τῷ
3439 4837 3654 4909 φοϐερῷ
3681 4835 3773 4889 τοῦ
3811 4833 4046 4905 Χριστοῦ
4069 4834 4223 4888 δικα-

2547 4936 2756 5008 στηρίῳ
2799 4933 3208 5003 παραστήσεται
3239 4929 3581 5000 κρινομένοις
3631 4925 3793 4992 ήμῖν;
3827 4922 3910 4984 τίς
3961 4921 4222 4991 τολμήσει

2549 5004 2708 5094 ῥῆξαι
2729 5004 2967 5087 ίφωνήν;
3003 5014 3086 5076 τίς
3117 5009 3391 5076 ἐξελέσθαι
3421 5011 3550 5094 τοὺς
3577 5004 3957 5094 ἀπαγο-μένους
4001 5005 4094 5094 ἐπ),
4123 5005 4222 5065 τὰς

2547 5084 2856 5176 ἀφορήτους
2890 5084 3101 5158 ἐκείνας
3129 5094 3416 5158 κολάσεις;
3443 5089 3634 5143 Καίτοι
3662 5086 3868 5156 πρῶτοι
3887 5086 3986 5156 τῆς
4016 5084 4224 5140 πόλεως

2549 5194 2691 5268 ἦσαν
2723 5196 2772 5246 οἱ
2819 5193 2940 5244 τότε
2987 5189 3349 5258 δικαζόμενοι,
3390 5183 3484 5236 καὶ
3533 5177 3663 5232 αὐτὸ
3695 5178 3792 5247 τῆς
3847 5176 4123 5246 εὐγενείας
4161 5173 4224 5228 τὸ

2556 5261 2874 5353 κεφάλαιον.
2919 5279 3055 5331 Ἀλλ’
3078 5278 3228 5346 ὅμως
3261 5273 3513 5342 ἠγάπων,
3549 5266 3601 5318 εί
3627 5282 3710 5328 τις
3747 5263 3855 5335 δῴη
3887 5264 4062 5318 πάντα
4091 5261 4226 5353 ἀπο-

2557 5371 2834 5430 ϐαλοῦσιν,
2857 5370 2905 5421 εἰ
2933 5367 3062 5429 δέοι,
3095 5366 3190 5418 καὶ
3231 5362 3329 5431 τὴν
3354 5355 3668 5426 ἐλευθερίαν
3693 5353 3860 5423 αὐτὴν
3887 5351 3989 5418 τῆς
4025 5345 4222 5415 παρού-

2561 5479 2660 5532 σης
2711 5457 3004 5512 ἀπολαύειν
3051 5453 3220 5521 ζωῆς.
3253 5448 3368 5516 Τῆς
3413 5443 3623 5532 ἡμέρας
3663 5441 3720 5494 δὲ
3753 5439 3940 5532 λοιπὸν
3973 5433 4123 5532 ,πρὸς
4167 5433 4224 5485 τὸ

2557 5518 2709 5612 τέλος
2737 5545 3116 5614 ἐπειγομένης,
3157 5518 3254 5592 καὶ
3291 5531 3594 5603 βαθυτάτης
3620 5527 3943 5614 γενομένης
3969 5518 4224 5614 ἑσπέρας,

2561 5637 2656 5690 καὶ
2689 5604 2794 5688 ’τοῦ
2823 5604 3013 5692 τέλους
3051 5604 3160 5696 ’τῆς
3210 5624 3390 5692 ψήφου
3431 5615 3882 5689 προσδοκωμένου
3928 5610 3986 5696 ἐν
4025 5604 4223 5696 μείζονι

2563 5727 2764 5788 πάντες
2787 5719 2928 5792 ἦσαν
2977 5695 3205 5784 ἀγωνίᾳ,
3225 5711 3320 5766 καὶ
3342 5709 3432 5761 τὸν
3459 5706 3592 5760 θεὸν
3617 5705 3804 5774 ήξίουν
3833 5695 4092 5792 μέλλησίν
4111 5705 4224 5746 τινο

2564 5817 2658 5867 καὶ
2707 5808 2975 5878 ἀναϐολὴν
3021 5800 3314 5871 γενέσθαι,
3349 5797 3440 5850 καὶ
3473 5797 3537 5866 τῇ
3571 5794 3716 5862 ψυχῇ
3765 5787 3874 5840 τῶν
3905 5781 4222 5844 δικαζόντωι

2565 5901 2822 5972 ἐμϐαλεῖν
2849 5898 2928 5957 εἰς
2961 5893 3059 5962 τὴν
3084 5889 3177 5943 τοῦ
3218 5885 3477 5958 βασιλέως
3509 5881 3734 5950 γνώμην
3779 5869 4090 5938 ἀνενεγκεῖν
4125 5866 4232 5921 τῶν

2633 6009 2650 6028 ⁸
2679 6005 2833 6052 Savil.
2861 6005 2914 6048 et
2936 5998 3131 6060 quidam
3154 6008 3275 6044 mss.
3303 5994 3366 6048 εἰς
3384 5989 3492 6038 νοῦν
3518 5986 3768 6044 ἐϐαλόμην.
3799 5975 3970 6028 Morel.
3995 5981 4046 6024 el
4067 5972 4150 6024 alii
4169 5983 4232 6038 si;

2577 6069 2682 6118 νοῦν
2705 6065 2956 6128 ἐλαϐόμην.
