4452 6674
349 443 447 495 ξω

348 559 492 627 ipsos
522 553 753 627 undique
792 563 1016 627 cogente
1052 570 1066 606 :
1105 560 1161 607 et
1202 563 1384 603 vacua:
1423 547 1732 604 mulieribus
1783 558 1936 602 erant

346 647 541 702 domus
564 687 579 709 .
610 663 834 703 vacuum
864 646 992 701 viris
1017 644 1191 699 forum
1218 682 1232 707 ,
1264 642 1350 695 vix
1375 654 1551 698 autem
1577 643 1684 699 duo
1708 646 1789 699 vel
1833 652 1942 697 tres

345 748 535 794 euntes
561 739 613 793 in
642 738 817 792 medio
854 735 1015 791 simul
1045 732 1365 785 videbantur
1386 774 1401 797 ,
1450 744 1504 789 et
1544 734 1646 804 ipsi
1676 744 1940 803 tamquam

350 831 569 885 animati
598 829 791 885 mortui
812 829 1239 886 circumeuntes;
1273 824 1549 881 abibamus
1579 826 1629 879 in
1658 826 1829 880 forum
1856 823 1943 892 jn-

350 921 541 977 diciale
580 930 855 993 gestorum
896 915 1055 970 ﬁnem
1100 915 1262 968 visuri
1294 932 1306 967 :
1340 925 1393 972 et
1419 918 1671 973 collectas
1709 914 1938 970 civitatis

304 1034 311 1040 ‘
346 1017 605 1085 reliquias
644 1019 957 1072 cernentes,
1006 1007 1134 1061 illud
1165 1009 1400 1062 omnium
1432 1011 1663 1064 maxime
1691 1006 1938 1063 admirati

347 1106 544 1161 fuimus
569 1146 584 1169 ,
628 1100 769 1172 quod
801 1097 1138 1155 multitudine
1166 1100 1306 1154 circa
1332 1100 1472 1156 fores
1499 1112 1774 1163 morante,
1808 1108 1945 1153 tam-

346 1211 505 1266 quam
543 1200 811 1264 prmsente
852 1187 1067 1243 nemine
1091 1229 1106 1253 ,
1151 1189 1419 1245 silentium
1445 1201 1557 1245 erat
1587 1186 1944 1261 profundissio

344 1304 490 1341 mum
512 1327 528 1348 ,
560 1282 808 1339 omnibus
851 1282 990 1337 inter
1017 1295 1135 1337 sese
1173 1283 1576 1352 respicientibus
1600 1323 1616 1348 ,
1649 1291 1699 1337 et
1727 1281 1941 1335 nemine

358 1378 697 1430 assistentem
744 1373 1071 1443 interrogare
1092 1413 1107 1438 ,
1137 1384 1228 1428 aut
1255 1375 1536 1444 quidquam
1559 1374 1742 1428 audire
1763 1371 1830 1425 ab
1856 1371 1947 1425 illo

342 1467 595 1521 audente.
620 1465 927 1519 Proximum
960 1465 1099 1520 enim
1122 1466 1345 1537 quisque
1362 1474 1666 1537 suspectum
1686 1463 1943 1517 habebat:

342 1557 594 1625 quoniam
624 1554 773 1608 multi
792 1554 901 1623 jam
926 1567 1117 1624 printer
1135 1572 1347 1612 omnem
1374 1572 1522 1627 spem
1535 1572 1601 1609 ex
1615 1554 1790 1608 medio
1811 1558 1946 1624 rapti

344 1645 461 1697 foro
474 1648 614 1699 intus
631 1646 1014 1700 coercebantur
1028 1665 1041 1701 :
1054 1655 1110 1701 et
1120 1663 1305 1703 omnes
1322 1647 1518 1716 pariter
1532 1646 1582 1699 in
1602 1645 1789 1699 caelum
1806 1647 1948 1715 aspi-

342 1736 636 1804 ciebamus,
649 1746 701 1792 et
713 1754 901 1794 manus
915 1741 1472 1803 extendehamus,cum
1491 1738 1701 1792 silentio
1716 1753 1946 1808 superne

342 1829 645 1883 subsidium
671 1840 1063 1899 exspectantes,
1094 1844 1147 1886 et
1180 1832 1291 1885 Deo
1310 1830 1691 1900 supplicantes,
1725 1838 1783 1882 ut
1801 1828 1946 1898 judi-

341 1919 528 1973 candis
543 1920 774 1988 adesset,
790 1930 845 1977 et
862 1923 1211 1992 jndicantium
1227 1922 1388 1977 corda
1401 1921 1677 1984 mulceret,
1692 1929 1745 1974 et
1762 1920 1943 1975 mitem

342 2007 545 2063 faceret
569 2012 907 2066 sententiam.
940 2013 1006 2066 Et
1034 2014 1169 2067 sicut
1207 2012 1297 2082 qui
1341 2011 1714 2079 naufragantes
1738 2028 1768 2066 a
1797 2021 1937 2066 terra

339 2100 561 2165 vident,
606 2101 862 2158 accedere
887 2103 1099 2171 quidem
1126 2144 1141 2169 ,
1174 2113 1231 2158 et
1257 2117 1472 2156 manum
1507 2104 1779 2172 porrigere
1807 2143 1823 2169 ,
1855 2103 1940 2157 vel

340 2205 634 2245 zernmnam
671 2194 913 2249 relevare
941 2211 1047 2249 non
1080 2204 1339 2263 possunt,
1372 2209 1493 2249 cum
1536 2196 1692 2249 undis
1718 2210 1940 2250 arcean-

340 2290 429 2334 tur
476 2299 489 2335 :
532 2283 866 2339 extrinsecus
913 2296 1091 2340 autem
1137 2285 1207 2341 ab
1258 2285 1387 2354 ipsis
1432 2285 1697 2339 littoribus
1746 2300 1938 2339 manus

339 2371 719 2440 extendentes,
750 2382 805 2431 et
842 2375 1198 2446 lacrymantes
1220 2416 1235 2442 ,
1270 2376 1435 2431 Deum
1457 2386 1611 2430 orant
1638 2386 1694 2430 ut
1722 2377 1937 2431 assistat

340 2459 716 2517 ﬂuctuantibus
749 2481 761 2515 :
793 2464 865 2518 ita
904 2473 959 2519 et
998 2465 1083 2520 hic
1121 2466 1279 2520 tacite
1318 2479 1505 2520 omnes
1546 2475 1724 2520 mente
1770 2467 1937 2520 Deum

341 2549 696 2619 invocabant,
730 2562 1004 2621 petentes,
1036 2566 1095 2609 ut
1120 2556 1185 2610 ad
1223 2556 1453 2611 tribunal
1485 2557 1627 2610 velut
1657 2556 1710 2609 in
1742 2555 1935 2611 ﬂuctus

337 2641 584 2695 adductis
608 2658 822 2696 manum
853 2647 1162 2714 porrigeret,
1187 2662 1286 2701 nec
1306 2647 1506 2701 sineret
1532 2647 1797 2715 navigium
1817 2648 1942 2701 sub-

349 2733 539 2802 mergi,
573 2749 673 2787 nec
705 2735 758 2787 in
785 2748 1081 2789 extremum
1110 2736 1443 2806 naufragium
1458 2735 1809 2805 jndicantium
1836 2738 1943 2791 sol-

338 2831 490 2876 veret
510 2824 786 2891 judicium.
806 2826 867 2879 Et
886 2825 998 2881 liiec
1022 2826 1233 2897 quidem
1254 2836 1406 2881 erant
1424 2842 1519 2896 pro
1536 2826 1769 2882 foribus:
1795 2836 1940 2899 post-

337 2928 497 2979 quam
512 2929 638 2970 vero
655 2915 963 2972 interiorem
979 2919 1151 2973 aulam
1170 2919 1525 2987 introivimus,
1541 2935 1724 2975 rursus
1737 2921 1836 2975 alia
1859 2922 1939 2977 his

340 3005 656 3059 terribiliora
683 3006 932 3073 vidimus,
956 3009 1148 3062 milites
1168 3018 1402 3063 armatos
1425 3010 1644 3066 ensibus
1666 3020 1719 3066 et
1747 3012 1932 3076 clavis,

338 3104 395 3147 et
423 3095 641 3148 multum
668 3095 891 3151 interius
918 3096 1274 3165 judicantibus
1314 3099 1547 3168 quietem
1599 3110 1932 3170 praestantes.

338 3183 598 3251 Quoniam
630 3185 771 3238 enim
799 3188 1085 3241 necessarii
1125 3188 1338 3242 illorum
1367 3204 1586 3256 omnes,
1628 3199 1682 3244 et
1717 3206 1931 3257 uxores,

338 3286 392 3330 et
411 3286 630 3343 matres,
658 3288 713 3332 et
739 3279 859 3333 lilia:
882 3320 897 3343 ,
929 3290 981 3333 et
1007 3288 1185 3350 patres
1209 3292 1334 3336 ante
1376 3280 1477 3336 fori
1496 3284 1713 3351 januam
1740 3284 1938 3338 consti—

342 3377 557 3434 terant,
607 3378 667 3423 ut
693 3370 737 3424 si
781 3371 1022 3425 eveniret
1062 3373 1364 3442 quempiam
1405 3372 1471 3426 ad
1515 3384 1739 3428 mortem
1788 3375 1931 3439 duci,

339 3475 497 3513 nemo
540 3477 792 3516 ternmnzn
844 3464 1150 3532 speetaculo
1197 3480 1489 3531 accensus,
1548 3469 1827 3521 tumultum
1879 3478 1933 3523 et

341 3552 694 3605 turbationem
737 3554 898 3608 ullam
942 3554 1182 3621 faceret,
1234 3571 1423 3610 omnes
1454 3558 1634 3625 procul
1678 3560 1931 3614 arcebant

338 3639 555 3703 milites,
587 3640 821 3708 ipsorum
856 3653 1085 3695 mentem
1119 3658 1311 3712 pavore
1341 3657 1792 3714 prmoccupantes.

410 3726 700 3784 Miserabile
743 3732 1103 3798 spectaculum.
1153 3763 1224 3772 —
1265 3734 1418 3801 Quod
1464 3744 1642 3790 autem
1693 3738 1928 3791 omnium

338 3820 578 3875 maxime
615 3822 917 3878 miserabile
937 3865 951 3887 ,
996 3834 1167 3880 mater
1190 3836 1249 3882 et
1292 3842 1447 3881 soror
1492 3829 1765 3898 cujusdam
1794 3873 1809 3895 ,
1840 3834 1930 3901 qui

338 3908 481 3963 intus
504 3909 857 3979 judicabatur,
892 3913 959 3967 ad
990 3914 1101 3983 ipsa
1125 3915 1475 3985 jndicantium
1502 3920 1759 3974 vestibula
1786 3921 1929 3990 jace~

340 3998 492 4063 bant,
519 4014 576 4055 se
606 4001 750 4055 humi
768 4013 1093 4070 sternentes,
1114 4014 1168 4061 et
1195 4022 1478 4063 commune
1506 4009 1753 4065 omnibus
1777 4011 1930 4067 facta:

336 4091 806 4147 circumstantibus
834 4096 1195 4164 spectaculum
1222 4137 1236 4163 ,
1268 4098 1454 4152 oculos
1480 4101 1686 4166 velatae,
1725 4111 1780 4156 et
1817 4112 1933 4157 tan-

339 4191 453 4235 tum
506 4182 783 4238 dumtaxat
833 4186 1250 4254 erubescentes,
1309 4201 1565 4260 quantum
1614 4193 1932 4249 calamitatis

339 4273 633 4328 necessitas
666 4275 1004 4343 permittebat
1035 4295 1049 4331 :
1080 4294 1249 4347 neque
1276 4280 1461 4335 aderat
1490 4283 1619 4351 ipsis
1661 4286 1927 4350 ancillula,

340 4379 445 4416 non
470 4365 674 4427 vicina,
708 4380 811 4418 non
844 4367 1011 4420 amica
1031 4408 1045 4431 ,
1074 4383 1178 4421 non
1210 4369 1313 4423 ulla
1346 4374 1769 4425 necessariarum
1801 4374 1922 4437 alia,

339 4456 434 4510 sed
464 4458 591 4511 Sola:
636 4458 725 4510 vili
765 4459 962 4511 amictu
1003 4459 1055 4512 in
1107 4460 1282 4513 medio
1336 4471 1411 4515 tot
1463 4464 1688 4517 militum
1720 4468 1923 4532 posita;

340 4562 434 4613 per
463 4548 679 4599 humum
710 4562 769 4600 se
813 4548 1082 4601 trahentes
1107 4550 1247 4602 circa
1286 4550 1428 4618 ipsas
1470 4551 1614 4607 fores
1638 4595 1653 4615 ,
1706 4554 1770 4609 iis
1791 4597 1805 4618 ,
1839 4558 1926 4623 qui

340 4637 486 4691 intus
519 4638 914 4706 judicabantur,
947 4641 1186 4708 graviora
1221 4641 1551 4709 patiebantur
1576 4684 1590 4709 ,
1618 4647 1926 4699 carniﬁcum

339 4744 523 4783 vocem
572 4731 884 4793 audientes,
931 4733 1212 4785 vei-herum
1251 4734 1481 4787 sonitum
1509 4777 1521 4799 ,
1565 4738 1926 4806 vapulantium

336 4824 559 4885 laetum,
588 4823 889 4876 tremendas
912 4822 1260 4890 jndicantium
1286 4826 1480 4892 minas,
1504 4836 1557 4881 et
1585 4829 1709 4883 dum
1737 4831 1929 4900 singuli

339 4913 763 4981 ﬁagellarentur,
815 4914 1147 4982 gravioribus
1189 4932 1346 4985 quam
1376 4920 1451 4973 illi
1482 4922 1497 4952 ¹
1527 4921 1802 4979 doloribus
1846 4924 1928 4978 ba:

336 5002 775 5055 emilicielmntur.
801 5003 1060 5070 Quoniam
1087 5006 1227 5059 enim
1260 5008 1311 5060 in
1340 5010 1567 5066 aliorum
1611 5017 1929 5070 testimoniis

334 5091 405 5147 dc
426 5092 706 5145 criminum
729 5093 1085 5149 declaratiune
1101 5097 1521 5169 periclitabatur,
1556 5104 1722 5160 sicubi
1744 5125 1927 5177 quein-

337 5190 480 5254 piam
499 5183 772 5253 ﬂagellari,
804 5193 861 5237 ut
880 5201 999 5239 reos
1026 5186 1247 5254 diceret,
1273 5192 1593 5258 sentit-bant,
1622 5206 1676 5250 et
1702 5199 1923 5264 ululare,

338 5278 390 5329 in
421 5278 608 5331 cadum
643 5276 985 5342 respicientes
1029 5278 1190 5331 Deum
1237 5280 1457 5335 orabant
1504 5294 1560 5337 ut
1607 5286 1679 5340 illi
1721 5288 1912 5344 fortitu-

340 5367 518 5422 dinem
536 5379 588 5422 et
611 5368 941 5422 tolerantiam
971 5368 1141 5436 daret,
1175 5387 1242 5425 ne
1258 5376 1678 5431 necessariorum
1704 5394 1925 5435 suorum

338 5459 485 5513 salus
498 5459 812 5529 proderetur
830 5473 923 5528 per
942 5460 1184 5527 aliorum,
1203 5479 1378 5519 acrem
1390 5466 1672 5523 verberum
1688 5469 1926 5527 dolorem

340 5549 484 5604 ferre
512 5566 617 5604 non
647 5550 933 5604 valentium
957 5593 973 5616 ,
1004 5554 1364 5612 infirmitatem
1398 5575 1411 5611 :
1444 5568 1496 5612 et
1523 5557 1627 5613 tale
1652 5560 1779 5629 quid
1804 5577 1925 5616 rur-

321 5657 481 5707 ,sum,
510 5643 669 5713 quale
694 5643 1072 5699 ﬂuctuantibus
1099 5650 1257 5716 solet,
1286 5650 1579 5706 accidebat.
1606 5650 1753 5707 Sicut
1783 5654 1928 5710 enim

406 5802 422 5831 ι
458 5801 530 5873 sine
543 5797 871 5873 Savilztltorel.
890 5808 942 5850 ct
964 5800 1252 5866 Montefalc.,
1276 5818 1382 5868 pro,
1404 5819 1545 5872 quam
1564 5806 1655 5870 illi,
1677 5807 1925 5873 legerunt,

315 5873 461 5922 qvam
482 5861 730 5926 ﬂagranti.

650 5956 922 6017 P.t'raOt..
970 5955 1087 6017 Gn.
1132 5957 1357 6019 XLIX.

1281 436 1366 494 AD
1406 434 1722 491 POPl'l.U3i
1764 433 2250 490 ANTIOCIIENUM
2305 435 2532 493 llOHlL.
2565 439 2681 495 Xlll

3543 452 3641 508 158

2056 547 2164 612 illi,
2194 547 2236 601 si
2265 551 2473 619 quando
2499 557 2654 607 undm
2684 553 2936 623 impetum
2974 557 3190 613 videant
3218 562 3423 617 eminus
3471 565 3644 619 insur-

2050 648 2263 708 gentem
2284 683 2299 704 ,
2350 643 2603 711 paulatim
2643 657 2971 702 crescentem
3001 659 3053 704 et
3081 666 3268 705 navem
3297 654 3638 727 submergere

2052 729 2340 786 minantem
2366 774 2380 799 ,
2427 735 2586 788 etiam
2642 736 2943 806 priusquam
2975 741 3072 809 ipsi
3114 745 3330 813 propior
3359 743 3481 810 ﬁat,
3530 764 3640 817 prre

2053 820 2241 876 timore
2284 838 2380 878 ceu
2420 826 2612 879 mortui
2647 836 2814 882 sunt:
2847 830 2922 884 sic
2963 843 3017 885 et
3046 833 3146 887 illae
3173 837 3215 889 si
3250 837 3464 905 quando
3486 855 3640 896 voces

2051 919 2105 964 et
2144 911 2370 969 ululatus
2407 914 2695 970 audiebant
2718 919 2887 972 emitti
2913 960 2927 983 ,
2960 923 3143 977 verita:
3175 940 3240 979 ne
3279 926 3329 980 in
3363 932 3645 985 tormentis

2053 998 2352 1059 fatiscentes
2380 1006 2469 1075 qui
2514 1007 2874 1063 testimonium
2921 1011 3099 1069 dicere
3134 1018 3479 1087 cogebantur,
3510 1036 3650 1076 con-

2052 1100 2130 1146 tra
2176 1097 2598 1152 necessariorum
2644 1099 2873 1170 aliquem
2917 1103 3149 1159 dicerent
3177 1149 3193 1173 ,
3244 1109 3473 1165 inﬁnitas
3515 1125 3642 1169 ante

2051 1187 2232 1242 oculos
2280 1199 2481 1245 mortes
2523 1191 2795 1247 videbant.
2837 1194 2904 1248 Et
2948 1206 3061 1250 erat
3105 1214 3327 1256 cernere
3358 1202 3499 1258 intus
3532 1216 3642 1259 tur-

2051 1290 2225 1333 menta
2250 1323 2265 1346 ,
2292 1292 2443 1337 extra
2475 1292 2735 1341 tormenta
2761 1304 2777 1342 :
2807 1287 2928 1341 illos
2959 1305 3150 1359 nempe
3180 1294 3456 1351 carniﬁces
3479 1340 3495 1364 ,
3543 1300 3639 1353 has

2050 1387 2177 1427 vero
2206 1385 2408 1430 natura:
2451 1379 2729 1446 torquebat
2771 1380 3052 1450 imperium
3099 1394 3154 1437 et
3194 1387 3455 1441 viscerum
3492 1405 3637 1444 com~

2050 1466 2227 1534 passio
2260 1485 2275 1520 :
2305 1468 2447 1522 intus
2495 1468 2670 1524 luctus
2694 1512 2711 1536 ,
2759 1470 2891 1527 foris
2933 1473 3110 1529 luctus
3141 1494 3156 1529 :
3202 1476 3346 1532 intus
3384 1495 3596 1535 reorum
3618 1522 3636 1547 ,

2050 1554 2179 1611 foris
2207 1560 2650 1615 necessariorum.
2700 1561 2813 1617 lmo
2837 1580 2969 1620 vero
3005 1582 3113 1621 non
3145 1569 3241 1638 ipsi
3286 1578 3511 1638 tantum,
3544 1574 3637 1627 sed

2049 1655 2102 1702 et
2150 1649 2249 1718 ipsi
2290 1649 2501 1718 judices
2551 1652 2717 1708 corde
2760 1654 3050 1725 lugebant,
3108 1669 3162 1713 et
3213 1664 3463 1717 omnibus
3512 1680 3638 1734 gra-

2049 1738 2194 1792 viora
2217 1740 2555 1809 patiebantur
2574 1783 2591 1810 ,
2631 1750 2740 1797 tam
2766 1746 2974 1801 acerba:
3003 1748 3292 1805 calamitati
3333 1754 3637 1811 ministrare

2048 1831 2238 1885 coacti.

2118 1921 2172 1975 2.
2208 1922 2315 1991 Egu
2349 1933 2525 1979 autem
2555 1927 2799 1984 assidens
2825 1937 2880 1983 et
2910 1929 3025 1985 hare
3049 1946 3276 1990 cernens
3302 1976 3317 2001 ,
3346 1937 3487 2006 quod
3522 1953 3633 1993 mu-

2049 2011 2211 2067 lieres
2239 2021 2293 2066 et
2330 2014 2594 2083 virgines,
2625 2017 2866 2075 thalamis
2892 2033 3144 2090 assuetae,
3178 2042 3316 2081 nunc
3353 2044 3637 2085 commune

2048 2105 2254 2159 cunctis
2300 2109 2662 2174 spectaculum
2707 2111 2859 2167 facta:
2889 2126 3104 2179 essent,
3138 2128 3192 2172 et
3220 2121 3365 2176 molli
3408 2135 3635 2178 assueta:

2047 2204 2215 2249 strato
2239 2237 2254 2261 ,
2311 2205 2507 2253 terram
2557 2216 2655 2269 pro
2683 2211 2851 2259 strato
2879 2222 3017 2260 nunc
3059 2207 3315 2265 baberent
3335 2253 3351 2278 ,
3382 2224 3436 2267 et
3467 2230 3635 2283 nuper

2048 2294 2253 2342 tantum
2284 2299 2453 2344 nactze
2482 2291 2794 2364 obsequium
2822 2298 3189 2354 ancillularum
3213 2342 3226 2365 ,
3265 2304 3632 2359 cunuchorum

2044 2388 2099 2432 et
2127 2380 2344 2450 reliquae
2371 2384 2548 2437 omnis
2575 2400 2785 2454 pompae
2811 2427 2825 2451 ,
2858 2405 2997 2444 nunc
3021 2392 3267 2446 omnibus
3287 2395 3393 2448 illis
3416 2398 3634 2465 privata:

2043 2470 2109 2525 ad
2132 2473 2369 2527 omnium
2396 2475 2559 2543 pedes
2608 2488 3074 2546 prosternerentur
3095 2523 3111 2547 ,
3152 2485 3390 2555 singulos
3419 2498 3634 2544 orantes

2046 2571 2104 2615 ut
2142 2562 2339 2632 aliquid
2378 2565 2682 2633 judicandis
2725 2585 2821 2638 pro
2860 2570 3109 2628 facultate
3153 2589 3250 2629 sua
3294 2576 3347 2630 in
3377 2578 3631 2632 auxilium

2045 2652 2390 2721 conferrent,
2419 2666 2474 2711 et
2499 2658 2657 2712 simul
2688 2675 2873 2716 omnes
2898 2663 3096 2733 aliquid
3121 2667 3504 2723 misericordia:
3528 2670 3634 2724 reis

2046 2744 2372 2812 tribuerent,
2419 2745 2545 2801 illud
2573 2747 2679 2802 dixi
2711 2749 3014 2808 Salomonis
3046 2771 3060 2806 :
3098 2752 3310 2812 Vanitas
3334 2759 3630 2823 vauitatum,

2045 2844 2091 2888 et
2133 2836 2304 2890 omnia
2338 2838 2535 2893 vanitas
2575 2838 2846 2909 (Βίοις-1.
2877 2842 2933 2897 2.
2965 2844 3037 2912 7).
3097 2845 3350 2903 Videbam
3395 2851 3536 2906 enim
3581 2866 3634 2907 et

2045 2927 2147 2984 hoc
2190 2930 2397 3001 ipsum,
2430 2941 2486 2985 et
2530 2932 2671 2987 aliud
2698 2936 2970 2991 oraculum
3018 2938 3148 3007 ipsis
3186 2940 3346 2996 rebus
3392 2945 3631 3015 eumple-

2045 3030 2177 3086 tum,
2209 3038 2419 3092 nempe,
2452 3022 2629 3079 Omnis
2653 3026 2817 3096 gloria
2846 3029 3065 3083 hominis
3091 3040 3331 3100 tanquam
3351 3035 3448 3104 [los
3475 3037 3595 3103 [mni
3612 3052 3631 3089 :

2042 3114 2285 3166 siccatum
2330 3124 2404 3168 est
2439 3120 2663 3185 (mnum,
2711 3128 2756 3171 et
2786 3121 2965 3173 cecidit
3004 3123 3102 3190 [los
3148 3119 3302 3194 (Iani.
3331 3127 3418 3180 40.
3458 3129 3510 3181 6.
3552 3128 3629 3195 7).

2044 3204 2251 3259 Etenim
2281 3205 2479 3260 divitia:
2509 3217 2633 3262 tunc
2662 3220 2716 3263 ct
2740 3210 2988 3267 nobilitas
3012 3255 3027 3277 ,
3072 3215 3285 3269 claritas
3305 3257 3320 3280 ,
3352 3226 3405 3271 et
3435 3220 3635 3274 amico—

2042 3312 2160 3351 rum
2185 3300 2533 3367 patrocinium
2560 3341 2573 3364 ,
2606 3310 2659 3356 et
2689 3304 2966 3373 cognatio.
3011 3315 3066 3360 et
3102 3308 3283 3362 omnia
3312 3310 3438 3364 vita:
3484 3311 3634 3380 adju-

2040 3399 2217 3445 menta
2244 3391 2394 3445 nihili
2434 3401 2619 3457 erant,
2664 3404 2883 3462 peccatu
2924 3408 2980 3451 et
3022 3399 3299 3467 iniquitate
3342 3406 3626 3458 connnissa

2038 3495 2251 3535 onmem
2294 3481 2431 3537 hanc
2457 3498 2612 3551 opem
2638 3485 2980 3542 subvertente
3011 3506 3025 3542 :
3058 3499 3111 3544 et
3139 3492 3278 3546 sicut
3301 3494 3627 3550 avicularum

2038 3580 2209 3626 mater
2237 3573 2394 3640 pullis
2417 3574 2640 3629 sublatis
2670 3577 2919 3642 veniens,
2954 3588 3008 3633 et
3032 3580 3213 3635 nidum
3237 3582 3445 3638 inanem
3476 3601 3629 3641 com-

2039 3665 2251 3732 periens
2275 3706 2291 3731 ,
2340 3682 2467 3721 suos
2494 3669 2709 3736 quidem
2740 3672 2912 3739 pullos
2940 3683 3126 3743 captos
3164 3678 3375 3748 eripere
3401 3695 3507 3735 non
3532 3696 3631 3750 po-

2039 3764 2174 3819 test,
2202 3760 2472 3813 venatoris
2506 3769 2683 3814 autem
2713 3777 2905 3818 manus
2942 3766 3333 3823 circumvolans
3354 3811 3369 3837 ,
3412 3786 3507 3839 per
3531 3772 3633 3826 hoc

2038 3849 2208 3916 ipsum
2226 3849 2468 3906 dolorem
2499 3868 2651 3907 suum
2678 3854 3011 3911 demonstrat
3040 3875 3053 3910 :
3078 3860 3156 3913 sic
3178 3872 3232 3914 et
3255 3862 3358 3915 illa:
3383 3863 3630 3919 mulieres

2038 3950 2165 3999 tunc
2196 3939 2477 4005 faciebant,
2498 3946 2664 4013 raptis
2684 3946 2784 4001 sibi
2809 3946 2972 4002 domo
2998 3948 3139 4013 ﬁliis.
3172 3958 3227 4005 et
3249 3952 3468 4008 interius
3496 3964 3628 4008 tant-

2038 4046 2195 4100 quam
2228 4034 2279 4085 in
2306 4042 2419 4087 rete
2456 4036 2721 4105 quoddam
2751 4038 2837 4093 vel
2882 4038 3125 4108 laqueum
3170 4044 3434 4113 arreptis,
3475 4060 3629 4100 acco-

2039 4122 2166 4177 dere
2189 4122 2402 4191 quidem
2423 4132 2479 4178 et
2500 4127 2710 4193 eripere
2730 4136 2915 4197 captos
2940 4145 3043 4183 non
3064 4141 3309 4199 poterant
3333 4151 3345 4185 :
3368 4134 3462 4188 sed
3486 4135 3625 4190 circa

2043 4212 2182 4266 fores
2213 4213 2355 4282 ipsas
2381 4228 2440 4268 se
2465 4215 2755 4270 volutando
2775 4258 2790 4283 ,
2824 4219 3053 4288 lugendo
3077 4261 3092 4285 ,
3118 4225 3404 4291 gemenda,
3434 4236 3487 4279 et
3514 4227 3626 4295 Spi-

2036 4301 2362 4357 culatoribus
2406 4306 2764 4374 propinquare
2806 4310 3056 4363 tentando
3108 4312 3350 4368 dolorem
3401 4315 3629 4372 demon-

2036 4393 2297 4446 strabant.
2329 4393 2453 4448 llaec
2494 4397 2741 4464 equidem
2772 4409 2899 4454 tunc
2929 4403 3191 4470 aspiciens
3214 4444 3229 4469 ,
3263 4405 3314 4459 in
3346 4406 3488 4461 illius
3514 4418 3625 4465 tre—

2038 4485 2212 4539 mendi
2240 4485 2425 4555 judicii
2455 4490 2829 4556 cogitationem
2849 4494 2988 4558 veni,
3009 4505 3057 4546 et
3089 4495 3225 4549 intra
3246 4512 3330 4552 me
3348 4498 3627 4556 dicebam:

2037 4579 2090 4631 Si
2124 4594 2263 4632 nunc
2305 4580 2373 4633 ab
2408 4580 2713 4636 hominibus
2743 4583 3104 4651 judicantibus
3138 4603 3243 4641 non
3274 4600 3446 4644 mater
3468 4632 3485 4657 ,
3516 4608 3623 4648 non

2037 4685 2189 4722 suror
2213 4710 2225 4732 ,
2258 4686 2360 4723 non
2389 4680 2540 4739 pater
2563 4714 2576 4735 ,
2609 4688 2715 4726 non
2743 4673 2878 4727 alius
2904 4676 3162 4745 quispiam
3186 4718 3201 4744 ,
3236 4679 3359 4733 licet
3383 4696 3412 4733 a
3436 4696 3627 4751 perpe-

2039 4761 2187 4815 tratis
2217 4762 2488 4829 immunis,
2521 4779 2643 4818 reos
2668 4765 2874 4834 eripere
2898 4777 3090 4835 potest,
3119 4771 3236 4838 quis
3266 4771 3318 4825 in
3350 4776 3629 4829 tremendo

2037 4851 2236 4905 Christi
2283 4851 2487 4921 judicio
2537 4854 2689 4908 nobis
2739 4855 2970 4910 adstabit
3018 4857 3353 4925 judicandis?
3401 4864 3522 4931 quis
3567 4864 3620 4917 in

2039 4960 2223 4998 vocem
2250 4959 2530 5014 erumpere
2557 4948 2808 5001 audebit?
2846 4950 2966 5018 quis
2990 4949 3247 5004 abductos
3273 4952 3339 5005 ad
3371 4953 3624 5009 intolera-

2041 5036 2171 5090 niles
2222 5036 2338 5090 illas
2390 5052 2577 5106 pinnas
2630 5039 2839 5106 eripere
2888 5039 3121 5094 valebit?
3176 5044 3333 5112 Atqui
3391 5045 3622 5102 civitatis

2040 5130 2310 5197 primates,
2342 5130 2430 5198 qui
2454 5140 2579 5183 tunc
2601 5128 3011 5199 judicabantnr,
3041 5142 3214 5197 erant,
3242 5146 3295 5189 et
3319 5136 3489 5205 ipsum
3523 5154 3620 5191 ne-

2039 5220 2254 5277 bilitatis
2275 5230 2453 5290 caput.
2502 5223 2747 5275 Attamen
2780 5222 2884 5275 lteti
2908 5221 3149 5288 fuissent,
3174 5226 3216 5278 si
3243 5230 3362 5294 quis
3390 5228 3469 5283 eis
3496 5243 3630 5281 cou-

2039 5311 2304 5373 cessisset,
2338 5320 2394 5363 ut
2421 5312 2725 5366 amittentes
2744 5313 2938 5376 omnia,
2970 5325 3043 5379 et,
3074 5314 3119 5368 si
3142 5326 3433 5385 Oporteret,
3452 5319 3621 5389 ipSam

2041 5404 2332 5458 libertatem
2355 5443 2371 5469 ,
2423 5404 2671 5471 praesenti
2709 5403 2812 5457 vita
2852 5405 3165 5472 potirentur.
3219 5407 3313 5463 Die
3343 5424 3470 5464 vero
3509 5412 3621 5480 jam

2037 5504 2259 5561 exacto,
2290 5493 2806 5565 profundissimoque
2834 5496 2973 5549 facto
3001 5512 3221 5567 vespere
3246 5541 3261 5565 ,
3289 5515 3412 5555 cuni
3436 5502 3622 5570 judieii

2041 5587 2162 5641 finis
2187 5597 2587 5657 exsiiectaretur
2605 5627 2620 5652 ,
2652 5587 2702 5640 in
2734 5588 2921 5656 majori
2942 5600 3094 5643 erant
3122 5604 3310 5647 omnes
3333 5594 3625 5657 anxietate,

2041 5691 2094 5733 et
2123 5696 2149 5731 ει
2179 5681 2286 5733 Deo
2328 5680 2575 5748 petebant
2613 5679 2918 5733 dilationem
2956 5680 3183 5751 aliquam
3208 5696 3259 5738 et
3289 5684 3622 5753 prorogatio-

2043 5786 2163 5824 ncm
2195 5770 2308 5824 ﬁeri
2335 5813 2349 5834 ,
2396 5783 2449 5826 et
2487 5773 2835 5841 jndicantium
2864 5773 3041 5828 animo
3069 5776 3275 5829 immitti
3298 5818 3313 5842 ,
3340 5787 3397 5829 ut
3425 5776 3489 5830 ad
3519 5777 3623 5830 lm-

2044 5864 2304 5933 pcratoris
2323 5865 2639 5921 sententiam
2664 5866 2919 5921 referrent
2951 5869 3331 5939 exquisitnrmn
3362 5871 3621 5941 cognitu»

3260 5957 3299 6016 9
