4414 6694
852 383 952 438 139

848 510 969 551 nem
1017 513 1030 548 :
1072 492 1184 547 fore
1232 490 1372 543 enim
1420 489 1658 541 fortassis
1703 484 1913 554 aliquod
1964 483 2163 537 bonum
2215 499 2279 536 ex
2332 483 2428 534 hac

848 588 1120 642 dilatione.
1170 585 1230 638 Et
1273 593 1580 637 communes
1609 595 1638 630 a
1685 576 1877 646 pepnlo
1927 575 2338 643 supplicationes;
2364 572 2429 626 ad

850 678 1103 748 benignas
1130 675 1215 727 Dei
1235 688 1391 725 aures
1418 669 1814 726 cmittebantur,
1840 674 1894 717 ut
1923 673 2156 718 servaret
2183 664 2430 734 reliquias

849 769 1113 828 civitatis,
1166 778 1262 816 nec
1315 762 1481 830 ipsam
1528 777 1556 812 a
1608 755 1958 812 fundamentis
2007 754 2223 824 penitus
2265 756 2429 810 everti

852 861 1068 912 sineret.
1114 854 1218 907 Nec
1245 852 1425 906 videre
1466 851 1658 904 licehat
1687 861 2002 918 quemquam
2033 860 2136 898 non
2171 845 2285 900 lnec
2311 861 2431 900 cum

852 949 1099 1015 laerymis
1140 947 1455 999 clamantem
1487 961 1500 995 :
1534 953 1893 995 verumtamen
1924 937 2050 990 nihil
2079 953 2262 990 eorum
2288 937 2431 1005 judi-

848 1056 938 1092 ces
957 1039 1175 1093 interius
1201 1051 1388 1089 causas
1417 1033 1688 1087 audientes
1715 1042 1837 1084 tunc
1871 1029 2070 1083 inllcxit
2101 1045 2115 1079 :
2149 1027 2243 1082 sed
2271 1044 2430 1081 unum

848 1131 1019 1184 solum
1053 1126 1442 1196 respiciebant,
1487 1134 1536 1176 ut
1577 1124 1799 1192 diligens
1837 1120 2238 1174 commissorum
2285 1134 2431 1187 qua:-

848 1223 950 1276 stio
981 1220 1161 1284 fieret,
1205 1227 1260 1272 et
1287 1226 1558 1292 postremo
1585 1215 1787 1268 catenis
1817 1212 1944 1280 ipsis
1972 1210 2179 1278 injectis
2231 1210 2282 1262 in
2311 1225 2433 1263 car-

848 1328 1025 1366 cerem
1073 1326 1166 1380 per
1203 1308 1432 1363 medium
1463 1306 1636 1360 forum
1680 1305 1938 1374 agebant,
1985 1301 2228 1354 homines
2268 1316 2433 1370 equos

849 1402 993 1470 domi
1016 1401 1236 1465 alentes,
1274 1399 1448 1452 bravia
1480 1409 1774 1464 proponere
1803 1393 2009 1455 solitos,
2040 1390 2252 1457 aliaque
2279 1390 2436 1442 innu-

851 1508 994 1546 mera
1024 1493 1260 1559 valentes
1285 1490 1506 1542 clariora
1539 1498 1819 1538 munerare
1849 1481 2019 1534 officia
2053 1499 2063 1532 :
2096 1480 2234 1533 bona
2261 1479 2434 1549 publi-

850 1586 1071 1646 cabant,
1104 1593 1154 1635 et
1187 1584 1236 1634 in
1273 1582 1506 1632 omnium
1540 1576 1737 1628 foribus
1764 1573 2030 1642 signacula
2059 1587 2282 1626 cernere
2309 1573 2437 1625 lice-

850 1673 956 1725 bat.
988 1673 1053 1725 Et
1091 1670 1279 1724 horum
1313 1682 1504 1721 uxores
1533 1675 1746 1736 paterna
1775 1663 1935 1717 domo
1964 1663 2150 1733 ejecta:
2172 1705 2184 1725 ,
2215 1664 2434 1732 singulie

848 1762 978 1817 illud
1017 1761 1196 1816 usuris
1243 1759 1343 1815 Job
1385 1775 1476 1829 per
1522 1773 1680 1828 opera
1732 1757 2066 1826 implebant:
2101 1757 2318 1809 domum
2368 1771 2432 1809 ex

846 1852 1007 1906 domo
1045 1860 1100 1905 et
1147 1851 1323 1904 locum
1349 1867 1414 1904 ex
1452 1849 1572 1903 loco
1600 1849 1952 1903 circumibant
1976 1890 1989 1907 .
2039 1848 2316 1900 diversorii
2349 1849 2433 1901 iii-

845 1943 1087 2012 digentes
1137 1960 1150 1995 :
1200 1956 1297 1994 nec
1324 1941 1463 1994 enim
1495 1940 1594 1993 hoc
1621 1941 1790 2008 ipsum
1817 1948 1934 1992 erat
1980 1940 2109 2008 ipsis
2164 1937 2319 1994 facile
2347 1956 2432 1993 re-

846 2033 1058 2102 perire,
1111 2046 1424 2100 unoquoque
1471 2030 1688 2083 timente
1731 2040 1783 2082 et
1829 2038 2090 2082 tremente
2132 2029 2432 2098 quempiam

849 2137 1060 2176 reorum
1092 2123 1510 2174 necessariorum
1543 2119 1814 2188 SUSt'ipCl‘c
1839 2128 1890 2170 et
1913 2134 2052 2172 cura:
2085 2119 2301 2171 habere.

917 2213 1192 2267 Catamitus
1239 2213 1306 2265 (id
1345 2214 1571 2265 virtutem
1613 2211 1770 2263 ducit.
1805 2238 1872 2249 -—
1925 2210 2300 2262 Verumtamen
2351 2217 2430 2262 tot

847 2304 934 2358 illa
973 2303 1132 2372 passi,
1161 2303 1408 2356 omnibus
1445 2301 1526 2353 his
1553 2300 1783 2353 contenti
1808 2309 1958 2352 erant
1983 2339 1996 2362 ,
2045 2297 2293 2366 quoniam
2326 2297 2428 2350 vita

846 2408 953 2447 non
982 2390 1286 2446 exciderant
1314 2389 1561 2460 prseseuti
1592 2405 1604 2441 :
1635 2397 1686 2442 ct
1726 2402 1898 2456 neque
1925 2388 2262 2454 pecuniarum
2294 2385 2430 2438 mul-

844 2490 931 2536 cta
960 2523 973 2546 ,
1005 2496 1175 2550 neque
1205 2480 1487 2549 ignominia
1509 2521 1522 2544 ,
1553 2493 1723 2548 neque
1755 2485 1898 2531 tanta
1929 2476 2191 2531 traduCtio
2213 2518 2225 2542 ,
2257 2491 2429 2545 neque

844 2571 1216 2642 quodcumque
1253 2568 1396 2623 aliud
1423 2567 1720 2638 hujusmodi
1753 2569 1896 2636 ipsos
1923 2566 2219 2620 mordebat.
2266 2565 2430 2620 Cala-

845 2664 1046 2717 mitatis
1083 2662 1222 2717 enim
1260 2662 1595 2731 magnitudo,
1639 2670 1692 2714 et
1724 2660 1922 2728 majora
1951 2658 2033 2712 his
2073 2657 2305 2728 patiendi
2333 2673 2427 2710 ex-

845 2754 1118 2823 spectatio,
1151 2768 1334 2806 coium
1363 2754 1567 2805 animos
1598 2751 1956 2819 pliilosOphari
1987 2759 2188 2802 tantum
2216 2747 2424 2801 effecit:

844 2853 899 2898 et
927 2852 1050 2899 tunc
1073 2843 1380 2904 discebant,
1414 2858 1569 2908 quam
1600 2841 1766 2894 facilis
1799 2841 1868 2893 sit
1894 2840 2045 2893 nobis
2076 2840 2262 2902 virtus,
2295 2854 2424 2906 pro-

841 2935 992 2989 clivis
1018 2943 1073 2988 et
1111 2933 1354 3002 expedita
1379 2973 1392 2996 ,
1443 2941 1496 2986 et
1533 2931 1673 3001 quod
1717 2947 1812 3000 per
1854 2938 2096 2984 nostrum
2151 2928 2424 2983 dumtaxat

842 3025 1140 3095 neglectum
1186 3024 1445 3077 laboriosa
1481 3038 1567 3077 res
1609 3037 1728 3076 esse
1769 3021 2029 3076 videatur.
2074 3021 2138 3074 lli
2164 3020 2307 3075 enim
2336 3020 2425 3089 qui

842 3116 1000 3187 paulo
1053 3126 1176 3170 ante
1228 3115 1554 3169 inodicarum
1607 3116 1858 3168 mulctim
1913 3114 2257 3182 pecuniarum
2320 3130 2425 3167 non

842 3221 994 3276 teque
1022 3208 1285 3270 tulerunt,
1333 3205 1534 3274 majore
1563 3205 1727 3273 pressi
1761 3203 2073 3267 formidine,
2102 3217 2222 3257 cum
2247 3203 2424 3257 omnia

841 3311 934 3351 sua
964 3296 1304 3360 amisissent,
1335 3309 1398 3348 ac
1429 3296 1472 3348 si
1502 3294 1810 3348 thesaurum
1847 3292 2209 3357 invenissent,
2254 3293 2334 3347 sic
2369 3308 2427 3346 se

843 3387 1126 3455 habebant,
1153 3389 1399 3457 quoniam
1438 3387 1667 3440 animam
1708 3400 1813 3439 nou
1844 3384 2204 3454 perdiderant.
2244 3383 2426 3454 Itaque

839 3480 886 3532 si
911 3477 1098 3533 futurae
1126 3493 1315 3532 sensus
1337 3478 1595 3546 gcbeuna:
1623 3490 1720 3530 nos
1748 3484 1987 3541 teneret,
2028 3483 2082 3529 et
2121 3474 2426 3529 intolerabi-

841 3569 920 3624 les
945 3569 1058 3622 illas
1083 3569 1439 3638 cogitaremus
1477 3582 1664 3636 pamas
1687 3608 1702 3632 ,
1734 3566 1940 3621 etiamsi
1968 3581 2079 3620 rem
2109 3574 2162 3619 et
2191 3566 2422 3620 animam

839 3668 897 3714 et
918 3674 1112 3726 corpus
1141 3660 1230 3714 Dei
1260 3659 1463 3728 legibus
1490 3657 1888 3712 tradidissemus
1910 3696 1925 3720 ,
1961 3671 2064 3710 non
2091 3655 2418 3720 doleremus,

842 3749 1072 3804 scientes
1114 3749 1253 3819 quod
1306 3748 1506 3817 majora
1551 3747 1906 3811 luerabimur,
1950 3762 1979 3800 a
2027 3745 2218 3801 futuris
2266 3747 2420 3800 malis

844 3840 1227 3894 liberationem.
1281 3839 1442 3894 Forte
1488 3853 1582 3893 cor
1623 3848 1854 3892 vestrum
1901 3852 2009 3891 non
2041 3853 2224 3906 parum
2253 3837 2422 3891 dicto-

843 3946 957 3986 rum
981 3931 1274 4000 deploratio
1300 3929 1523 3984 mollivit
1550 3946 1564 3992 ;
1594 3928 1685 3984 sed
1718 3943 1784 3982 ne
1809 3929 1988 3982 feratis
2003 3943 2142 3996 aegre
2179 3945 2190 3979 :
2223 3930 2421 3980 etenim

842 4021 1090 4091 quoniam
1119 4021 1424 4077 subtiliores
1471 4035 1588 4075 sum
1633 4033 1980 4089 aggressurus
2025 4017 2340 4082 sententias,
2370 4026 2426 4071 et

841 4113 1099 4168 mollioris
1138 4111 1347 4181 indigeo
1384 4111 1610 4174 mentis,
1652 4110 1754 4164 hoc
1792 4108 1892 4163 feci
1921 4109 1988 4163 de
2032 4108 2336 4162 industria:
2369 4116 2424 4160 ut

841 4203 1158 4259 narrationis
1183 4203 1371 4258 timorc
1398 4218 1550 4258 mens
1576 4210 1747 4258 vestra
1769 4201 1913 4256 omni
1934 4211 2148 4269 torpore
2173 4213 2420 4261 excusso,

841 4297 907 4350 ab
927 4297 1172 4351 omnibus
1211 4311 1506 4366 exsurgens
1541 4295 1664 4349 vitae
1693 4294 1866 4358 curis,
1917 4292 2082 4348 multa
2108 4307 2229 4346 cum
2257 4291 2424 4345 facili-

841 4396 946 4442 tate
991 4388 1045 4441 in
1087 4388 1278 4443 animae
1313 4386 1630 4457 profundum
1673 4384 2016 4440 dicendorum
2048 4384 2298 4438 virtutem
2329 4382 2420 4437 de-

841 4483 1032 4536 mittat.

911 4573 965 4626 5.
989 4573 1128 4626 Satis
1154 4572 1312 4640 igitur
1339 4579 1391 4624 et
1417 4572 1563 4639 prius
1604 4569 1755 4623 nobis
1793 4582 1971 4622 sermo
2012 4567 2416 4630 demonstravit,

840 4660 980 4733 quod
1026 4660 1280 4714 naturalis
1314 4659 1472 4712 nobis
1509 4659 1578 4712 sit
1618 4659 1774 4711 insita
1815 4658 1898 4711 lex
1928 4657 2188 4712 bonorum
2213 4671 2267 4712 et
2291 4673 2420 4712 con-

842 4753 1120 4808 trariorum
1154 4759 1253 4805 :ut
1293 4761 1467 4804 autem
1508 4749 1834 4803 manifestior
1863 4748 2017 4803 nobis
2061 4748 2152 4802 fiat
2193 4748 2418 4802 demou-

839 4846 1046 4906 stratio,
1070 4844 1122 4899 in
1151 4843 1337 4899 eadem
1375 4851 1429 4896 et
1459 4841 1615 4895 hodie
1643 4856 1946 4896 sermonum
1979 4843 2200 4896 materia
2231 4843 2418 4896 iterum

838 4935 1232 4991 desudabimus.
1289 4933 1416 4988 Nam
1467 4933 1606 5002 quod
1651 4933 1716 4987 ab
1762 4935 1910 4988 initio
1959 4933 2100 4987 Deus
2145 4933 2417 4988 hominem

839 5027 1079 5096 fingens,
1128 5033 1350 5092 utraque
1395 5023 1792 5092 dignoscentcm
1835 5024 2020 5078 fecerit
2066 5023 2235 5093 ipsum
2262 5065 2277 5090 ,
2326 5025 2421 5079 de-

839 5126 1134 5174 monstrant
1182 5131 1367 5171 omues
1416 5114 1659 5169 homines
1708 5134 1720 5168 :
1771 5131 1890 5169 cum
1943 5131 2227 5185 peccamus
2277 5118 2418 5170 enim

840 5210 996 5264 etiam
1031 5209 1269 5263 subditos
1305 5221 1584 5268 veremur;
1632 5215 1685 5258 et
1716 5221 1857 5274 Saepe
1896 5205 2140 5260 dominus
2182 5217 2419 5261 scortum

837 5301 1042 5363 adiens,
1072 5309 1253 5368 postea
1281 5313 1556 5353 servorum
1591 5297 1892 5366 quempiam
1919 5296 2301 5350 modestiorum
2335 5296 2418 5347 iii-

839 5395 1003 5449 tuitus
1027 5394 1268 5460 erubuit,
1307 5401 1361 5448 et
1393 5393 1460 5445 ab
1489 5393 1587 5446 hac
1626 5390 1864 5459 improba
1891 5391 1970 5442 via
1999 5391 2238 5444 recessit.
2276 5389 2416 5441 Rur-

837 5503 954 5540 sum
983 5501 1103 5540 cum
1131 5486 1214 5538 alii
1243 5501 1338 5538 nos
1371 5483 1673 5539 nominibus
1699 5483 1823 5536 vitia
1854 5494 2031 5536 nostra
2065 5481 2420 5536 indicantibus

838 5578 1178 5648 compellant,
1205 5577 1576 5631 contin'ueimui
1605 5575 1654 5629 id
1685 5591 1806 5628 esse
1833 5576 2060 5628 dicimus
2091 5593 2101 5624 :
2133 5583 2184 5627 ct
2210 5575 2253 5627 si
2282 5590 2419 5643 aegre

844 5667 1068 5722 feramus
1093 5710 1105 5732 ,
1157 5668 1208 5722 in
1242 5667 1494 5735 judicium
1525 5682 1618 5720 eos
1643 5667 1729 5735 qui
1773 5665 1822 5718 id
1856 5664 2094 5718 fecerunt
2140 5666 2415 5720 trahimus.

845 5763 914 5815 ita
945 5762 1156 5827 scimus,
1191 5759 1315 5832 quid
1346 5759 1546 5822 vitium,
1585 5757 1709 5826 quid
1743 5757 1904 5811 virtu:
1933 5756 2016 5810 sit.

1565 375 1622 426 Β.
1661 370 1942 428 JOANNIS
1979 364 2452 425 CHRYSOSTOMI
2493 365 2804 421 .\RClllEi‘.
2846 367 3377 425 CONSTANTINOP.

4021 373 4122 428 HO

2575 474 2732 542 Lege;
2748 478 3025 538 charitatis
3039 498 3158 552 erga
3185 481 3492 549 proximum.
3515 509 3585 520 —-
3605 479 3715 535 Hoc
3738 485 3935 554 quippe
3950 486 4123 556 ipsum

2538 580 2589 622 et
2616 567 2858 621 Christus
2889 571 3165 625 declarans
3189 616 3202 638 ,
3249 584 3303 625 et
3341 572 3715 627 demonstrans
3752 591 3810 630 se
3857 579 3990 632 nihil
4023 594 4120 632 no-

2538 677 2696 725 vum,
2721 669 2808 711 aut
2836 673 3072 714 noStram
3102 662 3479 718 transcenderis
3510 673 3748 717 naturam
3771 669 4000 729 sancire,
4030 671 4124 724 sed

2540 753 2624 816 id,
2673 752 2810 820 quod
2848 766 2875 802 a
2905 753 3166 821 principio
3209 757 3548 810 conscientiae
3592 755 3856 811 indiderat
3900 772 4119 821 nostrae,

2541 853 2656 914 post
2684 842 2878 895 multas
2901 843 3016 895 illas
3043 844 3394 902 beatitudiues
3424 848 3492 901 ita
3529 847 3741 902 diccbat
3771 866 3782 900 :
3812 850 3940 914 Qua:
3977 852 4122 904 cultis

2540 945 2590 987 ιιι
2619 934 2803 1002 faciant
2832 931 2966 984 vobis
2993 934 3241 999 homines,
3269 937 3374 991 [nec
3401 949 3447 992 et
3473 956 3556 992 ros
3578 941 3728 1006 facile
3748 940 3871 1006 ipsis
3902 941 4120 1009 (.llatlli.

2542 1027 2594 1078 7.
2625 1026 2734 1094 lit).
2767 1022 2879 1076 Non
2907 1036 3039 1091 epus
3061 1027 3339 1082 estmultis
3355 1032 3705 1096 sermonibus,
3731 1031 3921 1100 inquit,
3953 1048 4126 1102 neque

2541 1115 2756 1184 prolixis
2793 1113 3025 1183 legibus,
3072 1131 3171 1169 nec
3199 1122 3342 1172 varia
3365 1120 3604 1175 doctrina
3631 1141 3645 1177 :
3673 1125 3916 1177 voluntas
3945 1135 4029 1178 tua
4060 1131 4122 1179 sit

2541 1208 2644 1261 lex.
2693 1206 2780 1259 Vis
2825 1204 3079 1258 beneficia
3124 1210 3353 1274 capere?
3393 1212 3577 1266 confer
3604 1214 3917 1269 benelicimn
3948 1218 4122 1269 alteri.

2542 1297 2634 1353 Vis
2674 1295 3087 1352 misericordiam
3123 1301 3422 1368 consequi?
3467 1304 3721 1359 miserere
3749 1307 4000 1376 proximi.
4035 1308 4124 1361 Vis

2542 1391 2779 1445 laudari?
2823 1390 2973 1446 lauda
3021 1395 3203 1448 alium.
3255 1396 3346 1448 Vis
3385 1397 3591 1448 amari?
3629 1413 3766 1450 ama.
3793 1399 3885 1452 V'is
3926 1401 4125 1467 primas

2543 1482 2776 1537 habere?
2819 1485 3051 1538 concede
3084 1486 3200 1538 illas
3229 1485 3373 1554 prius
3417 1487 3592 1540 alteri.
3645 1488 3724 1540 Tu
3755 1489 3828 1541 sis
3851 1490 4040 1558 judex,
4072 1502 4126 1544 tn

2541 1574 2616 1628 sis
2639 1576 2756 1628 vitte
2788 1585 2889 1629 tua:
2918 1576 3206 1646 lcgislator.
3248 1576 3313 1628 Et
3349 1591 3559 1628 rursum
3589 1595 3602 1630 :
3634 1579 3782 1640 Quod
3814 1581 3969 1634 odisti
3991 1623 4005 1643 ,
4035 1583 4122 1632 ah'i

2541 1679 2604 1716 ne
2632 1665 2792 1732 facias
2819 1663 2966 1733 (Tob.
2990 1666 3039 1719 4.
3072 1666 3179 1734 16).
3220 1664 3320 1718 Per
3353 1664 3454 1718 hoc
3481 1663 3691 1732 quidem
3723 1681 3751 1718 a
3780 1669 3919 1722 malo
3947 1669 4124 1738 fugam

2541 1751 2782 1818 inducit,
2819 1771 2911 1822 per
2946 1755 3074 1808 illud
3116 1764 3291 1808 autem
3321 1753 3529 1806 virtutis
3555 1755 3942 1821 operationem.
3975 1758 4125 1821 ραι-εὶ

2541 1845 2711 1909 odisti,
2737 1847 2827 1898 alii
2846 1862 2907 1898 ne
2922 1847 3098 1916 facias.
3127 1844 3294 1900 Odisti
3315 1843 3688 1898 centumeliam
3716 1845 3857 1911 pati?
3880 1862 3950 1899 ne
3965 1848 4128 1900 alium

2540 1936 2742 1991 aflicias
2771 1938 3106 1990 contumelia.
3159 1937 3326 1990 Odisti
3371 1933 3620 1988 invidiam
3662 1935 3806 2002 pati?
3854 1952 4031 2004 neque
4073 1949 4128 1988 tu

2539 2028 2693 2081 alteri
2741 2027 2996 2081 invideas.
3051 2026 3185 2081 Olio
3233 2027 3397 2080 habes
3454 2025 3610 2078 falli?
3658 2041 3830 2093 neque
3873 2035 3926 2077 tu
3976 2026 4128 2079 fallas

2538 2120 2718 2172 alium.
2771 2118 2839 2172 Et
2873 2134 3001 2171 vero
3046 2119 3096 2170 in
3143 2119 3388 2171 omnibus
3438 2117 3729 2185 generatim
3771 2119 3813 2168 si
3860 2116 3976 2170 hinc
4020 2117 4129 2171 duo

2538 2210 2697 2261 verba
2746 2209 3108 2272 retineamus,
3155 2211 3254 2260 alia
3301 2208 3578 2274 disciplina
3611 2223 3714 2260 non
3745 2208 4125 2277 indigcbimns.

2537 2296 2761 2350 Virtutis
2809 2298 2949 2351 enim
3006 2297 3364 2366 cegnitionem
3418 2296 3606 2350 indidit
3663 2298 3854 2350 animae
3903 2310 4126 2358 nosnxr,

2533 2387 2799 2441 actionem
2852 2403 2982 2442 vero
3031 2397 3084 2442 et
3130 2387 3554 2442 emendationem
3605 2387 3867 2440 voluntati
3927 2398 4125 2440 nostra:

2535 2480 2818 2535 concessit.
2860 2481 3124 2534 Fortassis
3153 2481 3434 2534 obscurum
3461 2489 3542 2534 est
3583 2479 3720 2548 quod
3756 2479 3991 2534 dicitur:
4025 2480 4125 2545 igi.

2537 2579 2622 2624 tur
2652 2571 2702 2624 id
2739 2571 2912 2640 ipsum
2944 2569 3278 2626 manifestius
3321 2571 3542 2624 reddere.
3570 2570 3823 2624 conabor.
3880 2569 3948 2624 Ut
3985 2572 4128 2622 scia-

2537 2677 2653 2715 mus
2674 2662 2813 2730 quod
2843 2663 3038 2716 boumu
3068 2663 3137 2715 sit
3158 2662 3504 2729 temperantia
3523 2703 3536 2725 ,
3569 2676 3673 2713 non
3700 2676 3833 2728 Opus
3864 2659 4126 2713 habemus

2536 2753 2744 2818 verbis,
2775 2769 2948 2822 neque
2983 2753 3222 2807 doctrina
3257 2769 3270 2804 :
3302 2768 3421 2804 nam
3463 2753 3513 2804 in
3547 2761 3726 2804 natura
3757 2753 4124 2819 cognitionem

2536 2843 2671 2896 hanc
2700 2844 2956 2898 habemus
2979 2887 2991 2906 ,
3035 2859 3132 2898 nec
3164 2859 3296 2912 opus
3323 2852 3406 2896 est
3439 2858 3557 2895 cum
3587 2843 3856 2895 laboribus
3882 2851 3972 2895 aut
4003 2842 4127 2894 fati-

2533 2933 2834 3003 gationibus
2874 2934 3157 2988 circumire
3195 2944 3250 2988 et
3287 2948 3531 3003 qua-rere
3559 2948 3624 2985 an
3666 2932 3864 2986 bonum
3892 2933 3958 2985 sit
3985 2942 4125 2985 tem-

2535 3025 2770 3092 perantia
2803 3033 2856 3077 et
2884 3025 3010 3078 utile
3042 3041 3054 3077 :
3089 3023 3181 3077 sed
3206 3024 3474 3078 communi
3503 3025 3766 3078 sententia
3797 3039 3985 3077 omnes
4015 3025 4123 3076 hoc

2532 3118 2850 3171 conlitemur
2870 3159 2882 3178 ,
2917 3125 2971 3171 et
3001 3131 3158 3170 nemo
3182 3116 3388 3170 dubitat
3411 3116 3476 3170 de
3502 3117 3715 3170 virtute.
3770 3114 3858 3169 Sic
3879 3125 3928 3167 et
3960 3115 4121 3167 adul-

2535 3209 2725 3262 tcrium
2759 3210 2953 3261 malum
2985 3223 3103 3262 esse
3136 3216 3379 3276 putamus
3399 3249 3413 3274 ,
3444 3216 3496 3262 et
3536 3222 3706 3276 neque
3733 3207 3817 3260 hic
3848 3206 4124 3260 laboribus

2532 3310 2580 3353 et
2611 3299 2886 3368 disciplina
2912 3300 3067 3352 nobis
3097 3307 3178 3353 cst
3204 3314 3337 3368 opus
3363 3341 3377 3366 ,
3407 3309 3462 3352 ut
3497 3300 3696 3368 peccati
3730 3298 3884 3367 hujus
3915 3298 4121 3352 malitia

2535 3399 2816 3450 noscatur,
2849 3388 2943 3441 sed
2982 3404 3167 3441 omnes
3199 3388 3249 3441 in
3281 3387 3587 3456 lmjusmodi
3617 3388 3891 3442 sententiis
3926 3402 4121 3444 sumus

2532 3495 2626 3548 per
2649 3495 2744 3533 nos
2773 3479 2916 3547 ipsos
2931 3479 3093 3544 docti,
3114 3489 3167 3532 et
3188 3482 3456 3543 virtutem,
3489 3478 3609 3532 licet
3638 3479 3802 3547 ipsam
3826 3494 3919 3532 nos
3945 3479 4121 3532 obea-

2531 3585 2688 3633 mus,
2739 3569 3176 3623 commendamus
3208 3584 3220 3621 :
3255 3569 3392 3622 sicut
3437 3568 3667 3622 vicissim
3717 3569 3899 3622 vitium
3925 3609 3938 3631 ,
3987 3569 4123 3622 licet

2528 3677 2813 3730 operemur
2837 3703 2850 3726 ,
2879 3662 3107 3715 odimus.
3155 3661 3217 3714 Et
3247 3660 3349 3715 hoc
3379 3659 3474 3714 fuit
3511 3661 3798 3714 niaximum
3832 3661 3918 3713 Dei
3941 3659 4118 3713 bene-

2529 3755 2706 3808 ficium
2728 3795 2742 3817 ,
2787 3763 2843 3808 ut
2869 3755 3251 3808 conscientiam
3283 3753 3496 3822 quidem
3526 3761 3760 3805 nostram
3792 3761 3843 3805 et
3872 3753 4118 3806 volunta-

2531 3857 2659 3913 tem,
2687 3857 2739 3901 ct
2761 3848 2868 3916 jam
2895 3856 3016 3900 ante
3034 3846 3294 3899 actionem
3322 3845 3500 3899 virtuti
3523 3845 3830 3913 applicaret,
3863 3844 4118 3896 infestam

2529 3946 2706 3990 autem
2749 3935 2995 3989 redderet
3025 3935 3366 4003 improbitati.
3392 3934 3538 3988 Sicut
3577 3935 3731 4003 igitur
3759 3933 3885 3995 divi,
3915 3933 4117 3986 horum

2530 4027 2745 4096 quidem
2800 4024 3077 4078 amborum
3125 4023 3356 4092 cognitio
3399 4023 3633 4076 omnium
3682 4022 3945 4074 hominum
3974 4036 4118 4073 cou-

2529 4115 2766 4172 scientia:
2813 4115 2971 4167 insita
3017 4122 3136 4179 est,
3178 4129 3275 4167 nec
3304 4113 3409 4165 ullo
3453 4112 3744 4180 indigemus
3786 4119 4122 4178 przeccptore

2530 4205 2594 4261 ad
2626 4206 2741 4260 hmc
2770 4203 3050 4268 discenda;
3095 4203 3397 4258 emendatio
3423 4217 3551 4256 vero
3586 4201 3884 4266 laboribus,
3917 4200 4121 4253 volun-

2532 4299 2700 4352 tatiet
2728 4295 2903 4350 studia
2931 4295 3053 4350 data
3095 4304 3192 4349 est.
3241 4295 3416 4362 Quare
3459 4293 3710 4348 tandem?
3758 4293 4016 4360 Quoniam
4062 4295 4118 4346 si

2531 4398 2699 4443 totum
2752 4396 2955 4440 natura:
3003 4385 3311 4449 tribuisset,
3359 4386 3474 4439 sine
3521 4384 3736 4438 coronis
3778 4393 3831 4437 et
3875 4383 4121 4451 prmntiis

2530 4478 2862 4534 fuissemus:
2901 4485 2955 4530 et
2995 4477 3130 4530 sicut
3179 4476 3331 4530 bruta
3382 4476 3636 4529 virtutum
3675 4488 3804 4542 quas
3853 4473 4047 4526 habent
4080 4489 4119 4528 τι

2531 4583 2737 4634 natura,
2771 4567 3070 4622 mercedem
3098 4577 3187 4620 aut
3211 4567 3418 4621 laudem
3442 4579 3634 4634 capere
3659 4579 3763 4618 non
3786 4564 3996 4620 debent,
4032 4564 4120 4617 sic

2530 4675 2702 4728 neque
2728 4673 2861 4720 nos,
2908 4656 2951 4710 si
2985 4657 3170 4709 horum
3213 4655 3410 4726 aliquid
3455 4654 3842 4707 habuissemus.
3895 4651 4122 4705 Naturae

2529 4752 2670 4806 enim
2702 4763 2923 4803 munera
2949 4763 3050 4802 non
3083 4747 3387 4801 habentium
3413 4789 3427 4812 ,
3473 4746 3564 4800 sed
3595 4745 3793 4798 datoris
3832 4753 3952 4796 sunt
3994 4742 4120 4797 laus

2528 4850 2582 4896 et
2601 4838 3018 4894 commendatio.
3072 4838 3192 4892 ldeo
3220 4838 3377 4908 igitur
3409 4854 3513 4891 non
3545 4848 3711 4890 totum
3749 4844 3948 4888 natnrzc
3984 4849 4118 4901 pcr-

2529 4931 2673 4984 misit
2705 4946 2717 4981 :
2751 4943 2812 4982 ac
2857 4943 3068 4984 rursum
3112 4929 3441 4982 voluntatem
3480 4936 3645 4980 totum
3693 4925 3900 4994 pondus
3937 4925 4122 4976 susci-

2531 5035 2657 5091 pere
2684 5035 2788 5074 nou
2819 5021 3123 5086 concessit,
3158 5029 3212 5074 et
3239 5018 3579 5088 cognitionis,
3612 5025 3668 5068 et
3697 5016 4117 5074 emendationis,

2531 5128 2596 5167 ne
2623 5130 2651 5166 a
2682 5112 2889 5166 virtutis
2925 5113 3192 5167 laboribus
3214 5111 3556 5168 abhorreret;
3587 5105 3676 5158 scd
3709 5105 3870 5157 dictat
3897 5103 4120 5170 quidem

2531 5205 2630 5274 ipsi
2675 5204 2993 5258 conscientia
3038 5219 3155 5273 quae
3200 5208 3325 5257 sunt
3365 5196 3565 5267 agenda
3593 5237 3606 5258 ,
3651 5193 3715 5247 ad
3743 5202 3925 5260 operat
3950 5208 4115 5243 onem

2530 5313 2656 5349 vero
2685 5296 2793 5364 ipsa
2824 5297 2889 5349 de
2919 5310 3017 5350 suo
3045 5296 3228 5348 labore
3258 5290 3431 5344 atl‘crt.
3483 5288 3546 5340 lit
3591 5285 3728 5355 quod
3757 5286 3949 5337 honuni
3987 5286 4114 5350 q-it-

2532 5387 2651 5441 dem
2679 5388 2745 5440 sit
2771 5387 3047 5440 moderate
3073 5385 3252 5436 vivere
3273 5423 3287 5442 ,
3332 5380 3445 5431 sine.
3483 5377 3662 5429 labore
3692 5377 3884 5429 novinn
3908 5391 3931 5426 s
3964 5390 3975 5422 :
4010 5389 4110 5424 na-

2531 5482 2711 5535 turalis
2752 5481 2892 5533 cnim
2936 5491 3015 5532 est
3067 5474 3326 5544 cognitio:
3379 5481 3778 5538 tetnpct-ain.f:i.i
3832 5484 3954 5520 \Ci’t)
4003 5483 4110 5517 ιιηει

2529 5589 2811 5643 possumus
2853 5585 3106 5624 exercere
3132 5610 3143 5628 ,
3179 5567 3276 5618 nis'
3311 5565 3641 5624 laborantes,
3684 5570 3734 5615 et
3771 5558 4111 5625 inpiditazi-m

2533 5667 2894 5725 reflui-nantes,
2927 5663 3252 5726 umltumquc
3275 5655 3560 5709 subeuntes
3590 5653 3804 5706 labet-is.
3833 5649 3944 5702 .‘3--n
3966 5652 4114 5699 enim

2535 5759 2633 5813 hoc
2658 5771 2866 5826 quoque
2891 5752 3043 5808 nobis
3075 5747 3219 5804 adest
3254 5763 3281 5801 a
3311 5757 3492 5802 natura
3518 5789 3531 5814 ,
3563 5748 3697 5800 sicut
3727 5740 3952 5811 cognitio
3979 5780 3986 5790 .
4022 5739 4118 5793 sed
