4414 6690
880 397 974 452 ili

877 515 911 580 ἡ
941 513 1158 580 γνῶσις,
1191 515 1324 569 ἀλλὰ
1353 515 1522 568 δεῖται
1551 511 1856 584 προθυμίαις
1880 511 1972 562 καὶ
1997 511 2250 580 σπουδῆς.
2284 511 2359 563 Ού
2380 508 2550 578 ταύτῃ

869 601 926 658 δὲ
969 601 1126 662 μόνον
1159 603 1518 669 ἐπεκούφισεν
1551 601 1684 669 ἡμῖν
1733 598 1794 650 τὸ
1828 597 2024 666 βάρος,
2055 595 2192 649 άλλά
2235 599 2332 650 καὶ
2381 596 2551 668 ἐτέρῳ

873 689 1060 760 τρόπῳ
1094 689 1278 752 πάλιν,
1325 689 1418 742 καὶ
1456 686 1635 740 αὐτῶν
1673 684 1782 738 τῶν
1812 683 2252 754 κατορθωμάτων
2291 683 2407 738 ἐνια
2439 701 2542 752 φυ-

879 775 1008 829 σικά
1054 777 1212 846 ἀφεὶς
1240 771 1377 830 εἶναι
1426 777 1482 827 ἐν
1513 775 1665 844 ἡμῖν.
1703 774 1816 827 Καὶ
1858 771 1968 842 γάρ
2013 770 2076 822 τὸ
2121 773 2554 838 συναγανακτεῖν

877 867 996 927 τοῖς
1029 863 1410 938 ὑϐριζομένοις
1443 861 1670 930 φυσικὸν
1699 861 1936 922 ἅπαντες
1967 858 2164 930 ἔχομεν
2199 859 2425 928 (εὐθέως
2455 855 2550 912 οῦν

879 955 992 1014 τοῖς
1037 950 1438 1022 ἐπηρεάζουσιν
1483 949 1670 1020 ἐχθροὶ
1705 947 1968 1018 γινόμεθα
1993 987 2008 1010 ,
2043 944 2146 998 κᾶν
2205 945 2374 1015 μηδὲν
2403 941 2556 1016 ὦμεν

880 1039 1034 1093 αὐτοὶ
1063 1037 1441 1104 πεπονθότες),
1483 1038 1578 1090 καὶ
1615 1037 1678 1089 τὸ
1723 1033 2050 1105 συνήδεσθαι
2081 1034 2193 1095 τοῖς
2221 1033 2558 1104 ἀντιλήψεως

879 1125 974 1178 καὶ
1003 1124 1254 1196 βοηθείας
1281 1124 1638 1188 ἀπολαύουσι,
1675 1122 1770 1176 καὶ
1801 1127 1862 1174 τὸ
1891 1119 2268 1173 κατακλᾶσθαι
2305 1121 2399 1173 ἐπὶ
2431 1123 2552 1184 ταῖς

879 1211 1082 1282 ἐτέρων
1107 1214 1413 1282 συμφοραῖς
1429 1211 1524 1264 καὶ
1549 1213 1614 1281 τῇ
1639 1208 1990 1279 φιλοστοργίᾳ
2009 1209 2074 1278 τῇ
2101 1207 2238 1277 πρὸς
2259 1207 2554 1277 ἀλλήλους.

878 1299 1000 1352 Κᾶν
1045 1299 1154 1371 γάρ
1183 1299 1528 1370 πραγμάτων
1561 1297 1912 1369 περιστάσεις
1956 1293 2156 1346 δοκῶσι
2191 1293 2558 1364 μικροψυχίαν

877 1384 1002 1438 τινά
1047 1386 1287 1454 εἰσάγειν
1307 1425 1320 1449 ,
1357 1386 1472 1439 ἀλλ’
1499 1386 1652 1455 ὅμως
1689 1383 1884 1452 ἔχομεν
1913 1379 2090 1434 κοινὸν
2123 1381 2258 1449 πρὸς
2293 1381 2556 1452 ἀλλήλους

879 1473 1120 1543 φίλτρον.
1163 1474 1274 1526 Καὶ
1299 1471 1458 1526 τοῦτό
1485 1487 1568 1534 τις
1599 1470 1761 1536 σοφὸς
1805 1467 2178 1536 αἰνιττόμενος
2217 1467 2400 1536 ἔλεγε·
2429 1467 2558 1522 Πᾶν

879 1555 1027 1616 ζῶον
1049 1559 1250 1627 ἀγαπᾷ
1273 1559 1342 1612 τὸ
1369 1559 1574 1626 ὅμοιον
1597 1553 1776 1620 αὐτῷ,
1810 1554 1908 1608 καὶ
1931 1553 2242 1622 ἅνθρωπος
2273 1555 2381 1608 τὸν
2405 1557 2557 1622 πλη-

879 1644 1022 1697 σίον
1051 1645 1260 1699 αὐτοῦ.

945 1730 1010 1784 δ’.
1031 1731 1269 1794 Πολλοὺς
1297 1731 1356 1784 δέ
1381 1732 1476 1784 καὶ
1503 1731 1722 1802 ἐτέρους
1746 1729 1884 1800 μετά
1901 1729 1996 1783 τοῦ
2015 1729 2310 1792 συνειδότος
2327 1729 2559 1798 ἐπέστη-

875 1834 972 1870 σεν
1023 1820 1154 1888 ἡμῖν
1201 1819 1558 1882 διδασκάλους
1597 1822 1626 1871 ὁ
1673 1819 1838 1880 Θεός·
1886 1819 1982 1870 καὶ
2009 1817 2118 1887 γάρ
2153 1817 2400 1886 πατέρας
2446 1819 2558 1880 τοῖς

879 1907 1044 1970 υἱοῖς,
1077 1909 1173 1960 καὶ
1217 1907 1486 1969 δεσπότας
1515 1909 1628 1968 τοῖς
1661 1905 1897 1968 δούλοις,
1929 1905 2022 1956 καὶ
2055 1903 2256 1974 ἄνδρας
2305 1907 2424 1966 ταῖς
2459 1919 2557 1972 γυ-

879 1993 1044 2058 ναιξὶ,
1063 1993 1157 2046 καὶ
1181 1993 1536 2054 διδασκάλους
1555 1995 1668 2054 τοῖς
1695 1990 1988 2061 μαθηταῖς,
2015 1991 2109 2044 καὶ
2135 1989 2434 2060 νομοθέτας
2463 1991 2558 2044 καὶ

877 2078 1138 2142 δικαστάς
1169 2081 1282 2142 τοῖς
1313 2079 1658 2150 ἀρχομένοις,
1697 2077 1792 2130 καὶ
1829 2077 2018 2146 φίλους
2045 2079 2156 2141 τοῖς
2187 2076 2382 2145 φίλοις.
2421 2078 2560 2130 Πολ·

877 2165 1036 2229 λάκις
1079 2166 1136 2219 δέ
1165 2166 1259 2219 καὶ
1289 2169 1424 2237 παρ’
1464 2165 1675 2236 ἐχθρῶν
1713 2165 2088 2236 ἐκερδάναμεν
2133 2165 2235 2216 οὐκ
2277 2163 2555 2236 ἐλαττονῆ

879 2253 1032 2324 παρὰ
1055 2253 1254 2322 φίλωνο
1285 2255 1416 2307 ὅταν
1446 2251 1555 2325 γάρ
1583 2255 1714 2324 ἡμῖν
1733 2250 2032 2314 ὀνειδίζωσι
2061 2249 2128 2304 τά
2163 2251 2554 2320 ἁμαρτήματα,

879 2342 974 2393 καὶ
995 2341 1228 2403 ἄκοντας
1257 2341 1338 2402 είς
1361 2339 1646 2410 διόρθωσιν
1668 2339 1852 2392 αὐτῶν
1879 2339 2230 2408 διεγείρουσι.
2257 2336 2558 2400 Τοσούτους

877 2426 934 2479 δέ
965 2429 1098 2498 ήμίν
1117 2425 1474 2488 διδασκάλους
1505 2425 1826 2496 ἐπέστησεν,
1862 2425 1948 2477 ἵνα
1981 2423 2206 2487 εὔκολος
2236 2425 2369 2493 ἡμῖν
2403 2426 2436 2494 ἡ
2461 2424 2556 2477 τοῦ

878 2513 1282 2577 λυσιτελοῦντος
1329 2513 1547 2586 εῦρεσίς
1579 2530 1639 2566 τε
1679 2513 1774 2566 καὶ
1823 2511 2108 2582 διόρθωσις
2143 2509 2408 2580 γένηται,
2465 2509 2558 2564 τοῦ

881 2601 1120 2673 πλήθους
1149 2599 1258 2652 τῶν
1289 2602 1422 2670 πρὸς
1453 2601 1584 2653 αύτδ
1611 2599 2043 2652 συνελαυνόντων
2065 2599 2214 2668 ἡμᾶς
2247 2599 2346 2650 οὐκ
2370 2597 2558 2666 ἀφιέν·

878 2704 972 2750 τος
1000 2688 1254 2740 ἐκπεσεῖν
1289 2687 1398 2740 τῶν
1427 2687 1811 2756 συμφερόντων
1847 2687 2002 2756 ἡμῖν.
2039 2686 2156 2736 Κάν
2185 2683 2290 2754 γάρ
2331 2683 2442 2736 τῶν
2468 2699 2560 2751 γε-

879 2774 1222 2844 γεννηκότων
1259 2773 1784 2842 καταφρονήσωμεν,
1807 2771 1935 2834 τοὺς
1967 2773 2236 2841 ἄρχοντας
2263 2771 2562 2833 δεδοικότες

881 2860 1278 2930 ἐπιεικέστεροι
1311 2859 1530 2922 πάντως
1551 2857 1790 2928 ἐσόμεθα
1808 2875 1822 2888 ·
1853 2857 1957 2911 κᾶν
1985 2857 2229 2920 ἐκείνους
2258 2857 2564 2910 διαπτύσω-

885 2964 986 3018 μεν
1029 2947 1460 3018 ἁμαρτάνοντες,
1493 2945 1590 3016 τὴν
1631 2943 1725 2998 τοῦ
1769 2944 2074 3007 συνειδότος
2113 2944 2372 2998 οὐδέποτε
2403 2943 2561 3013 δυνη-

883 3032 1090 3103 σόμεθα
1115 3033 1400 3102 διαφυγεῖν
1441 3033 1792 3103 ἐπιτίμησινο
1827 3031 1928 3084 κᾶν
1967 3032 2174 3100 ταύτην
2201 3031 2560 3100 ἀτιμάσωμεν

882 3121 978 3173 καὶ
1021 3119 1496 3190 διακρουσώμεθα,
1539 3119 1638 3189 τὴν
1685 3117 1838 3190 παρά
1885 3116 1994 3170 τῶν
2039 3116 2248 3170 πολλῶν
2293 3116 2561 3188 ὑπόληψιν

881 3206 1182 3270 δεδοικότες
1223 3207 1484 3278 ἀμείνους
1531 3205 1802 3276 ἐσόμεθα·
1845 3203 1950 3257 κᾶν
1981 3205 2120 3275 πρὸς
2153 3203 2358 3274 ταύτην
2407 3205 2562 3257 am-

884 3295 1085 3364 σχυντή
1095 3311 1294 3364 σωμεν,
1319 3295 1348 3346 ό
1367 3293 1474 3345 τῶν
1499 3292 1678 3362 νόμων
1700 3291 2019 3360 ἐγκείμενος
2041 3302 2068 3330 ιι
2091 3289 2256 3358 φόϐος
2279 3291 2376 3344 καὶ
2401 3289 2560 3344 ἀκον-

882 3396 982 3442 τας
1023 3380 1170 3449 ἡμᾶς
1202 3378 1537 3450 σωφρονίσαι
1573 3378 1906 3448 δυνήσεται,
1944 3379 2040 3430 καὶ
2069 3377 2222 3439 νέους
2267 3376 2364 3446 μὲν
2403 3376 2562 3438 ὄντας

881 3465 1190 3518 διδάσκαλοι
1219 3466 1312 3518 καὶ
1343 3465 1600 3536 πατέρες,
1628 3463 1962 3534 αὐξηθέντας
1985 3463 2042 3516 δὲ
2069 3464 2118 3516 οἱ
2141 3461 2432 3532 νομοθέται
2469 3463 2563 3516 καὶ

885 3552 1144 3625 ἄρχοντες
1183 3551 1590 3622 παραλαϐόντες
1623 3550 2007 3621 ῥυθμίζουσιν
2041 3550 2172 3602 οἵτε
2202 3549 2432 3612 οἰκέται,
2465 3549 2560 3602 ἅτε

887 3637 1258 3710 ῥᾳθυμότερον
1295 3637 1631 3706 διακείμενοι
1672 3637 1810 3706 μετά
1842 3635 1950 3689 τῶν
1981 3635 2288 3706 εἰρημένων
2324 3635 2422 3688 καὶ
2461 3635 2560 3706 τὴν

887 3725 1043 3796 παρά
1081 3725 1190 3777 τῶν
1224 3723 1502 3777 δεσποτῶν
1539 3723 1786 3793 ἀνάγκην
1823 3724 1904 3786 είς
1955 3721 2309 3792 σωφροσύνην
2351 3721 2556 3792 ἔχουσι,

888 3815 985 3867 καὶ
1029 3815 1084 3866 αί
1119 3813 1378 3880 γυναῖκες
1417 3811 1542 3872 τοὺς
1571 3809 1798 3880 ἄνδραςο
1851 3811 1945 3862 καὶ
1996 3809 2168 3862 πολλά
2220 3808 2560 3878 πανταχόθεν

888 3901 1046 3970 ἡμῶν
1081 3898 1160 3968 τῷ
1191 3897 1337 3966 γένει
1366 3897 1434 3950 τὰ
1466 3896 1644 3966 τειχία
1675 3895 1810 3965 πρὸς
1836 3895 1898 3948 τὸ
1929 3895 2006 3966 μὴ
2039 3895 2238 3966 ῥαδίως
2259 3897 2338 3959 είς
2363 3895 2561 3950 κακίαν

889 3985 1230 4055 ἐξολισθῆσαι
1269 3985 1364 4036 καὶ
1419 3984 1772 4037 καταπεσεῖν.
1826 3981 1971 4052 Πρὸς
2009 3981 2067 4034 δὲ
2107 3980 2317 4043 τούτοις
2365 3982 2558 4046 ἅπασι,

889 4073 985 4126 καὶ
1009 4072 1156 4126 νόσοι
1181 4072 1274 4124 καὶ
1295 4069 1640 4140 περιστάσεις
1671 4067 2012 4139 πραγμάτων
2041 4069 2189 4137 ἡμᾶς
2215 4065 2557 4122 παιδεύουσι·

891 4159 985 4213 καὶ
1017 4157 1126 4230 γὰρ
1155 4159 1247 4210 καὶ
1275 4157 1436 4210 πενία
1467 4155 1708 4224 κατέχει.
1741 4155 1836 4208 καὶ
1876 4153 2050 4224 ζημία
2084 4153 2426 4224 σωφρονίζει,
2467 4157 2559 4210 καὶ

892 4245 1132 4307 κίνδυνος
1161 4244 1530 4306 καταστέλλει,
1563 4243 1657 4294 καὶ
1686 4241 1854 4294 πολλά
1892 4241 2054 4311 ἐτερα
2086 4241 2328 4293 τοιαῦτα.
2362 4245 2436 4295 Ού
2463 4261 2558 4311 φο-

891 4335 976 4387 ϐεῖ
1009 4349 1067 4385 σε
1103 4333 1327 4401 πατήρ;
1377 4331 1494 4382 ούδέ
1532 4328 1847 4390 διδάσκαλος
1875 4345 1888 4392 ;
1917 4329 2017 4382 οὐκ
2052 4327 2268 4398 ἄρχων;
2303 4329 2364 4381 ού
2398 4347 2558 4400 νομο-

891 4421 1084 4490 θέτης;
1107 4419 1166 4471 ού
1191 4418 1486 4486 δικαστής;
1519 4418 1618 4469 οὐκ
1663 4415 1914 4486 ἐντρέπει
1953 4433 2012 4467 σε
2043 4415 2226 4484 φίλος;
2261 4415 2322 4468 ού
2372 4416 2556 4472 δάκνει

894 4525 952 4560 σε
980 4505 1208 4576 ἐχθρόςς
1238 4505 1300 4557 οὐ
1333 4504 1654 4574 σωφρονίζει
1679 4502 1974 4571 δεσπότηςς
2004 4503 2064 4556 οὐ
2108 4503 2348 4556 διδάσκει
2377 4504 2554 4575 ἀνήρ;

893 4595 953 4648 ού
986 4591 1292 4662 διορθοῦταί
1319 4607 1378 4644 σε
1415 4591 1476 4642 τὸ
1509 4589 1776 4652 συνειδός;
1816 4589 1954 4640 Ἀλλ’
1983 4590 2262 4659 ἀρρωστία
2297 4591 2557 4656 πολλάκις

895 4679 1196 4736 ἐπελθοῦσα
1239 4678 1526 4748 σωματικὴ
1556 4675 1616 4729 τδ
1650 4677 1758 4728 πᾶν
1789 4675 2136 4746 κατώρθωσε,
2177 4677 2272 4729 καὶ
2302 4677 2474 4747 ζημία
2503 4679 2560 4732 δὲ

893 4767 985 4820 τὸν
1030 4765 1360 4835 θρασύτερον
1400 4763 1652 4834 ἐποίησεν
1692 4762 2120 4831 ἐπιεικέστερον·
2167 4761 2319 4834 [159]
2365 4765 2457 4818 καὶ
2500 4767 2560 4818 τὸ

894 4855 959 4925 δὴ
989 4855 1192 4924 μεῖζον,
1225 4853 1304 4905 ὅτι
1327 4851 1426 4920 οὐχ
1458 4852 1588 4921 ἡμῖν
1621 4851 1798 4920 μόνον,
1827 4850 1962 4903 ἀλλά
1996 4850 2090 4902 καὶ
2119 4850 2324 4922 ἑτέροις
2362 4853 2558 4921 συμπί-

895 4957 1098 4996 πτοντα
1121 4939 1190 4991 τά
1215 4937 1362 4990 δεινά
1393 4938 1600 5006 μεγάλα
1632 4939 1780 5006 ήμᾶς
1803 4937 2028 5004 ὠφελεῖν
2057 4936 2214 4990 εἴωθε
2238 4951 2252 4964 ·
2279 4939 2370 4990 καὶ
2407 4939 2558 4992 αὐτοὶ

899 5030 997 5100 μέν
1031 5026 1196 5099 μηδέν
1221 5043 1274 5078 τι
1304 5025 1583 5086 παθόντες,
1607 5023 1825 5094 ἐτέρους
1855 5023 1912 5075 δὲ
1941 5023 2331 5095 κολαζομένους
2361 5026 2558 5090 ἰδόντες

896 5119 995 5172 οὐκ
1029 5115 1250 5168 ἔλαττον
1277 5112 1500 5165 ἐκείνων
1531 5109 2028 5182 ἐσωφρονίσθημεν.

964 5217 1137 5270 Τοῦτο
1165 5214 1259 5266 καὶ
1291 5213 1383 5264 ἐπὶ.
1413 5211 1522 5266 τῶν
1546 5211 1984 5280 κατορθωμάτων
2019 5210 2310 5278 συμϐαῖνον
2343 5212 2440 5264 ἴδοι
2474 5231 2558 5277 τις

895 5309 959 5362 ἂν
982 5321 996 5338 ο
1034 5305 1222 5373 ὥσπερ
1263 5300 1373 5372 γάρ
1421 5297 1794 5367 κολαζομένων
1823 5297 1932 5350 τῶν
1969 5297 2155 5350 κακῶν
2177 5299 2204 5338 b
2231 5297 2408 5365 ἐτεροι
2439 5300 2558 5368 βελ-

893 5394 1041 5454 τίους
1088 5391 1364 5458 γίνονταιο
1400 5385 1544 5440 οῦτω
1591 5385 1700 5436 τῶν
1749 5383 1968 5452 ἀγαθῶν
2013 5401 2066 5437 τι
2125 5384 2556 5454 κατορθούντων,

895 5479 1080 5532 πολλοὶ
1117 5479 1194 5539 είς
1225 5477 1316 5528 τδν
1353 5475 1466 5528 ἴσον
1508 5475 1790 5539 ἐνάγονται
1817 5473 1978 5542 ζῆλον
2011 5489 2022 5502 ·
2062 5474 2090 5526 ὃ
2117 5474 2180 5543 δὴ
2215 5475 2310 5526 καὶ
2339 5473 2434 5525 ἐπὶ
2461 5474 2558 5543 τῆς

891 5567 1002 5620 τῶν
1043 5566 1220 5634 ὅρκων
1269 5561 1465 5630 συνέϐη
1511 5561 1708 5629 φυγῆς.
1739 5561 1928 5614 Πολλοὶ
1955 5561 2062 5632 γάρ
2101 5562 2318 5632 ἐτέρους
2359 5559 2557 5624 ἰδόντες

891 5655 990 5725 τὴν
1015 5649 1256 5720 πονηράν
1282 5649 1648 5717 ἀποθεμένους
1675 5648 1784 5700 τῶν
1811 5649 1986 5719 ὅρκων
2017 5649 2323 5718 συνήθειαν,
2353 5648 2556 5719 ἐμιμή-

895 5758 1055 5796 σαντο
1076 5737 1174 5809 τὴν
1199 5733 1450 5804 σπουδὴν,
1479 5735 1572 5786 καὶ
1595 5736 1970 5804 περιεγένοντο
1999 5737 2094 5806 τῆς
2123 5737 2399 5806 ἁμαρτίας
2425 5752 2440 5766 ·
2475 5735 2553 5789 διὸ

893 5826 986 5880 καὶ
1015 5827 1175 5896 ἡμεῖς
1207 5821 1609 5894 προθυμότερον
1633 5820 1732 5890 τῆς
1759 5821 1930 5890 αὐτῆς
1953 5821 2234 5890 ἁπτόμεθα
2251 5822 2413 5893 πάλιη
2428 5839 2565 5892 παρ-

955 5931 980 5958 ι
1003 5929 1150 5978 ςανιι.
1174 5933 1226 5976 et
1247 5939 1419 5987 magna
1441 5939 1552 5988 pars
1571 5939 1685 5973 mss.
1706 5925 2012 5986 ἐπικείμενος.
2043 5924 2213 5988 Morel.
2237 5925 2516 5986 ἐγκείμενος.

953 5989 981 6030 Ῐι
1006 5993 1102 6041 Alii
1121 5992 1214 6038 τῶν
1233 5987 1464 6054 πονηρῶν.
1491 5987 1596 6036 Mox
1622 5989 1704 6037 alii
1723 5989 1886 6035 πολλοὶ
1919 5989 2030 6050 πρὸς
2045 5987 2128 6034 τόν
2151 5987 2272 6034 ἴσον.

1627 397 1682 452 S.
1727 393 2014 450 JOANNIS
2055 391 2544 450 CHRYSOSTOMI
2585 393 2904 450 ARCIIIEP.
2941 391 3494 452 CONSTANTINOP.
4171 407 4242 462 αξξ

2647 513 2921 574 αινὲσεως.
3009 513 3099 582 Μὴ
3125 513 3231 584 γάρ
3271 530 3358 583 μοι
3391 511 3594 580 λεγέτω
3621 528 3736 576 τις,
3773 511 3854 562 ὅτι
3887 513 4052 568 πολλοὶ
4079 519 4244 592 κατώρ-

2659 595 2838 648 θωσαν
2859 615 2870 626 ·
2906 599 2968 650 ού
3001 601 3157 654 τοῦτό
3187 603 3304 654 ἐστι
3335 601 3398 652 τὸ
3425 599 3752 670 ζητούμενον
3771 641 3786 664 ,
3827 599 3938 651 ἀλλ’
3957 601 4037 654 ῖνα
4075 607 4242 670 πάντες.

2665 683 2808 744 Ἕως
2836 683 2880 734 δ’
2915 685 2982 737 ἂν
3027 687 3103 757 μή
3143 689 3302 741 τοῦτο
3337 689 3462 752 ῖδω,
3501 688 3562 740 ού
3603 686 3834 752 δύναμαι
3865 685 4174 744 ἀναπνεῦσαι.
4205 695 4244 746 '0

2655 769 2859 840 ποιμὴν
2885 771 3090 837 ἐκεῖνος
3121 777 3312 829 ἐκατδν
3335 777 3584 848 πρόϐατα
3609 773 3742 844 εἶχε,
3767 773 3860 827 καὶ
3887 773 3997 836 ἐνὸς
4019 775 4247 846 πλανηθέν-

2655 874 2746 921 τος
2765 896 2778 920 ,
2809 859 2908 910 οὐκ
2941 859 3242 931 ἐλάμϐανεν
3275 865 3524 934 αἴσθησιν
3559 864 3657 934 τῆς
3691 861 3958 932 σωτηρίας
3985 862 4082 913 τῶν
4111 863 4247 936 ἐντή-

2657 961 2822 999 κοντα
2851 945 3006 998 ἐννέα
3025 987 3040 1006 ,
3070 949 3175 1012 ἕως
3221 949 3288 1003 ἂν
3331 951 3392 1004 τδ
3429 951 3706 1014 ἀπολωλὸς
3749 945 3876 1020 εὗρε
3905 951 3992 1003 καὶ
4015 953 4074 1020 τῇ
4097 951 4248 1024 ποίμνῃ

2659 1033 2820 1086 πάλιν
2857 1033 3156 1087 ἀπέδωκεν.
3195 1037 3306 1106 Οὐχ
3351 1039 3479 1108 ὁρᾷς
3511 1040 3604 1091 καὶ
3631 1041 3722 1092 ἐπὶ
3753 1039 3844 1092 τοῦ
3873 1039 4102 1109 σώματος
4135 1039 4250 1092 τοῦτο

2658 1121 2977 1190 γινόμενον;
3017 1121 3112 1172 ἐάν
3149 1123 3258 1193 γάρ
3293 1123 3381 1176 τὸν
3427 1124 3594 1194 ὄνυχα
3643 1126 3802 1194 μόνον
3855 1125 4251 1195 προσπταίσαντες

2659 1207 3080 1280 ἀναστρέψωμεν
3106 1249 3120 1272 ,
3151 1208 3272 1260 ὅλον
3317 1209 3396 1278 τῷ
3439 1212 3590 1278 μέλει
3625 1213 3878 1280 συναλγεῖ
3915 1214 3972 1264 τὸ
4015 1213 4166 1281 σῶμα.
4188 1213 4252 1282 Μὴ

2657 1297 2838 1350 τοίνυν
2864 1296 3022 1348 τοῦτο
3051 1295 3212 1366 εἴπῃς
3233 1337 3246 1358 ,
3275 1297 3351 1359 ὡς
3381 1297 3550 1366 όλίγοι
3574 1301 3718 1363 τινὲς
3745 1301 4122 1370 ὑπελείφθησαν
4143 1301 4182 1351 οῖ
4203 1301 4252 1372 μὴ

2661 1385 3084 1455 κατωρθωκότες
3115 1393 3162 1446 ε,
3199 1383 3314 1436 ἀλλ’
3349 1387 3525 1438 ἐκεῖνο
3553 1387 3744 1440 σκόπει
3775 1389 3858 1440 ὅτι
3887 1383 4026 1440 οῦτοι
4057 1388 4100 1440 οί
4131 1387 4254 1453 ὀλίγοι

2664 1472 2740 1543 μὴ
2790 1473 3168 1544 διορθωθέντες
3219 1471 3444 1534 πολλοὺς
3491 1473 3892 1544 διαφθείρουσιν
3929 1477 4140 1545 ἐτέρους.
4179 1477 4256 1527 Καὶ

2659 1560 2769 1630 γάρ
2807 1557 2888 1624 εἷς
2919 1557 2986 1632 ἦν
3019 1565 3048 1615 ό
3077 1559 3462 1632 πεπορνευκὼς
3493 1560 3646 1630 παρά
3673 1561 3974 1630 Κορινθίοις
3997 1602 4010 1624 ,
4043 1563 4124 1614 καὶ
4149 1563 4256 1630 ὅμως

2659 1645 2832 1709 οὕτως
2877 1647 3092 1702 ἔστενεν
3140 1651 3170 1700 ό
3201 1646 3412 1709 Παῦλος
3453 1647 3530 1709 ὡς
3565 1646 3694 1716 ὅλης
3735 1651 3836 1717 τῆς
3867 1649 4068 1711 πόλεως
4099 1649 4256 1700 ἀπολω-

2659 1732 2835 1796 λυίας.
2855 1735 2964 1788 Καὶ
2997 1735 3139 1804 μάλα
3167 1733 3390 1797 εἰκότως
3409 1751 3422 1766 ·
3449 1735 3566 1804 ᾔδει
3593 1733 3702 1804 γὰρ
3725 1733 3808 1785 ὅτι
3830 1734 3906 1802 μὴ
3933 1735 4258 1803 σωφρονισθένο

2663 1837 2751 1884 τος
2781 1822 2992 1876 ἐκείνου
3043 1823 3252 1892 ταχέως
3287 1823 3350 1875 τὸ
3401 1824 3614 1892 νόσημα
3647 1819 3860 1890 βαδίζον
3907 1821 4008 1889 ὁδῷ
4055 1822 4136 1873 καὶ
4173 1824 4260 1884 τοὺς

2662 1909 2856 1972 ἄλλους
2885 1911 3265 1982 ἐπιδραμεῖται
3311 1911 3534 1973 πάντας.
3571 1903 3722 1962 Εἶδον
3757 1906 3948 1978 πρὼην
3977 1909 4030 1960 ἐν
4059 1909 4127 1977 τῷ
4152 1909 4260 1962 δικα-

2665 1997 2872 2067 στηρίῳ
2893 1998 3208 2068 δεδεμένους
3235 1999 3328 2052 καὶ
3351 1997 3726 2067 ἀπαγομένους
3749 1995 3838 2048 διά
3877 1995 4042 2064 μέσης
4071 1996 4154 2064 τῆς
4173 1997 4264 2062 ἀγι-

2667 2086 2766 2153 ρᾶς
2791 2087 2916 2147 τοὺς
2941 2087 3261 2154 περιφανεῖς
3291 2085 3530 2146 ἐκείνους
3561 2084 3778 2154 ἄνδρας,
3805 2083 3900 2136 καί
3935 2101 4086 2134 τινων
4103 2083 4263 2152 θαυμιο

2662 2169 2864 2232 ζόντων
2925 2171 3012 2224 διά
3063 2171 3158 2241 τὴν
3217 2171 3522 2240 ὑπερϐολὴν
3571 2172 3668 2240 τῆς
3727 2169 3975 2240 ὕϐρεως,
4010 2170 4154 2222 Ούδέν
4191 2169 4264 2240 χρὴ

2661 2257 2992 2326 θαυμάζειν,
3044 2259 3221 2328 ἐτεροι
3251 2259 3436 2325 ἐλεγον
3463 2275 3476 2287 ·
3507 2259 3638 2310 ἔνθα
3671 2257 3779 2328 γάρ
3809 2258 3876 2312 ἂν
3987 2257 4263 2317 καθοσίωσις.

2661 2345 2877 2414 ἀξίωμα
2923 2344 3072 2397 οὐδὲν
3121 2345 3342 2413 ὠφελεῖ.
3379 2344 3590 2398 Οὐκοῦν
3635 2345 3815 2414 πολλῷ
3857 2346 4054 2414 μᾶλλον
4095 2344 4198 2397 ἔνθα
4223 2345 4264 2396 ἂν

2661 2431 2884 2484 ἀσέϐεια
2911 2426 2979 2502 ᾗ,
3014 2431 3234 2503 ἀξίωμα
3273 2431 3424 2485 οὐδὲν
3455 2431 3675 2499 ὠφελεῖ.

2729 2536 2978 2590 ε’.Ταῦτα
2993 2531 3086 2590 οῦν
3103 2536 3404 2599 ἐννοοῦντες
3417 2535 3858 2606 διαναστήσωμεν
3871 2536 4268 2606 ἑαυτούς-ἐάνγὲρ

2667 2625 2742 2694 μὴ
2767 2627 2866 2695 τὴν
2901 2628 3031 2696 παρ’
3055 2625 3209 2696 ὑμῶν
3241 2625 3477 2694 σπουδὴν
3509 2625 3666 2693 ὑμεῖς
3695 2625 4066 2695 είσενέγκητε,
4099 2629 4268 2694 περιττά

2663 2711 2732 2764 τά
2760 2714 2892 2784 παρ’
2921 2712 3078 2784 ήμῶν
3110 2713 3342 2766 ἅπαντα.
3383 2711 3446 2764 Τί
3489 2712 3718 2782 δήποτες
3747 2713 3870 2764 Ὅτι
3925 2714 4018 2782 οὐχ
4053 2713 4270 2782 ὡσπερεί

2665 2799 2846 2853 λοιπαὶ
2875 2801 3091 2870 τέχναι,
3141 2798 3282 2852 οὕτω
3331 2799 3488 2869 καὶή
3537 2799 3889 2870 διδασκαλικὴ
3927 2802 4038 2852 ἐστι
4079 2800 4269 2866 δύναμις.

2677 2888 2735 2942 Ὀ
2767 2889 2865 2956 μὲν
2909 2887 3018 2959 γὰρ
3049 2887 3426 2958 ἀργυροκόπος
3463 2881 3576 2939 οἷον
3619 2887 3684 2940 ἂν
3729 2887 4006 2960 χαλκεύσῃ
4031 2887 4088 2938 τὸ
4132 2885 4272 2947 67.350;

2665 2978 2755 3029 καὶ
2793 2977 3062 3048 ἀπόθηται
3087 3017 3102 3039 ,
3140 2976 3380 3029 τοιοῦτον
3425 2976 3593 3030 ἐλθὼν
3620 2979 3686 3048 τῇ
3721 2976 3954 3048 ἐπιούσῃ
3983 2975 4128 3028 πάλιν
4155 2973 4272 3042 εὖρή·

2665 3081 2772 3116 σει*
2811 3065 2904 3116 καὶ
2951 3066 2978 3117 ό
3012 3063 3378 3134 χαλκοτύπος,
3439 3065 3532 3116 καὶ
3583 3067 3611 3116 ὁ
3660 3063 3927 3127 λιθοξόος,
3975 3061 4179 3116 καὶτῶν
4207 3060 4272 3128 δή·

2665 3151 2940 3221 μιουργῶν
2971 3151 3200 3214 ἕκαστος
3225 3145 3335 3204 οἷον
3377 3151 3442 3204 ἂν
3644 3153 3704 3203 τὸ
3733 3153 3933 3204 οἰκεῖον
3957 3151 4124 3220 ἔργον.
4147 3147 4274 3199 τοιοῦο

2661 3255 2752 3292 τον
2799 3238 3132 3308 ἀπολήψεται
3163 3238 3324 3291 πάλιν
3351 3253 3362 3266 ·
3411 3239 3503 3289 ἐπί
3545 3239 3600 3289 δὲ
3638 3237 3790 3306 ἡμῶν
3819 3239 3920 3308 οὐχ
3964 3237 4154 3297 οὕτως,
4181 3233 4274 3286 ἀλλὰ

2664 3326 2972 3379 τούναντίον
3024 3327 3167 3378 ἅπαν
3193 3341 3206 3354 ·
3242 3325 3302 3378 ού
3361 3325 3467 3394 γάρ
3517 3323 3698 3394 ἄψυχα
3746 3323 3914 3394 σκεύη
3939 3367 3952 3386 ,
3983 3323 4108 3376 ἀλλά
4145 3323 4274 3390 ﬁnxi;

2664 3411 2998 3483 χαλκεύομεν
3027 3412 3268 3479 λογικάς.
3307 3413 3403 3462 Διὰ
3423 3411 3577 3462 τοῦτο
3605 3411 3666 3462 ού
3705 3410 3978 3473 τοιούτους
4013 3412 4143 3478 ὑμᾶς
4170 3407 4274 3476 εὗρε-

2667 3517 2866 3570 σκομεν
2909 3499 3052 3562 οἴους
3105 3497 3590 3568 καταλιμπάνομεν
3615 3538 3630 3560 ,
3667 3497 3780 3551 ἀλλ’
3811 3499 4030 3551 ἐπειδάν
4079 3497 4276 3556 λαϐόντες

2667 3588 2806 3656 μετὰ
2832 3585 3024 3638 πολλοῦ
3065 3586 3308 3656 καμάτου
3344 3585 3748 3654 διαπλάσωμεν,
3785 3584 4172 3655 διορθώσωμεν,
4196 3583 4276 3650 θερ-

2667 3675 2928 3746 μοτέρους
2953 3673 3338 3745 ἐργασώμεθά,
3363 3672 3672 3738 ἐξελθόντας
3705 3673 3848 3743 ὑμᾶς
3871 3676 3903 3742 ή
3939 3673 4044 3726 τῶν
4081 3669 4276 3742 πρατμά·

2659 3779 2768 3814 των
2789 3778 2855 3813 πε
2865 3761 3108 3832 ρίστασις
3121 3760 3456 3829 πανταχόθεν
3481 3758 3994 3830 περιστοιχιζομένη
4021 3758 4277 3828 διαστρέφει

2663 3849 2852 3910 πάλιν,
2911 3849 3004 3901 καὶ
3037 3847 3255 3900 πλείονα
3309 3847 3536 3917 παρέχει
3585 3845 3684 3916 τὴν
3730 3846 4018 3906 δυσκολίαν
4049 3842 4277 3916 ήμῖν.Διέι

2660 3939 2817 3991 τοῦτο
2848 3937 3037 4008 δέομαι
3073 3935 3164 3988 καὶ
3197 3933 3461 3988 ἀντιϐολῶ
3492 3935 3646 4002 χεῖρα
3680 3931 3862 4002 ὀρέξαι
3885 3973 3898 3992 ,
3935 3933 4027 3984 καὶ
4071 3934 4184 4001 ὅσην
4219 3933 4278 3981 ἐν·

2661 4027 2834 4080 ταῦθα
2886 4025 3145 4094 ποιοῦμαι
3177 4023 3276 4094 τὴν
3312 4020 3547 4090 σπουδὴν
3578 4020 3713 4089 πρὸς
3755 4019 3853 4090 τὴν
3897 4018 4170 4089 διόρθωσιν
4207 4017 4278 4084 τὴν

2662 4114 2971 4186 ὑμετέραν,
3006 4109 3273 4178 τοσαύτην
3309 4105 3635 4167 ἀπελθόντες
3663 4105 3907 4157 ἐντεῦθεν
3959 4103 4278 4156 ἐπιδείκνυσθε

2663 4203 2791 4272 περὶ
2833 4200 2929 4270 τὴν
2985 4195 3254 4266 σωτηρίαν
3293 4195 3392 4261 τὴν
3440 4192 3710 4262 ὑμετέραν
3749 4193 4020 4262 φροντίδα.
4055 4193 4166 4246 Είθε
4207 4191 4278 4260 μὲν

2663 4289 2770 4359 γὰρ
2802 4285 3026 4340 δυνατὸν
3073 4279 3141 4352 ἦν
3177 4281 3316 4350 ὑπὲρ
3363 4279 3518 4348 ὑμῶν
3574 4279 3673 4348 ἐμὲ
3722 4279 4056 4350 κατορθοῦν,
4107 4281 4188 4332 καὶ
4231 4279 4278 4328 τὰ

2663 4375 2872 4431 ἔπαθλα
2908 4372 3052 4441 ὑμᾶς
3079 4367 3378 4438 λαμϐάνειν
3413 4364 3563 4436 [HO]
3595 4366 3704 4417 τῶν
3731 4367 4177 4438 κατορθωμάτων,
4211 4366 4278 4416 καὶ

2662 4466 2762 4518 ούκ
2793 4463 2858 4515 ἂν
2883 4457 3134 4512 τοσοῦτον
3167 4453 3474 4524 ἠνώχλησα.
3515 4453 3674 4506 ’Λλλά
3699 4453 3751 4507 τί
3779 4453 3935 4508 πάθω
3959 4473 3972 4518 ;
3997 4457 4146 4508 τοῦτο
4179 4453 4280 4522 51;”:-

2661 4566 2856 4624 χανον·
2910 4548 3124 4616 ἑκάστῳ
3161 4545 3269 4616 γάρ
3319 4543 3464 4596 κατὰ
3513 4543 3580 4594 τά
3631 4541 3766 4612 ἔργα
3817 4543 3982 4596 αὐτοῦ
4035 4543 4278 4595 ἀποδώσει.

2665 4643 2878 4708 Ὠσπερ
2937 4634 3028 4688 οὖν
3089 4633 3272 4703 μήτηρ
3309 4630 3488 4701 ὁρῶσα
3517 4631 3576 4684 τὸ
3605 4631 3814 4684 παιδίον
3845 4631 4105 4700 πυρέττον
4127 4669 4139 4686 .
4175 4643 4278 4694 περι

2661 4727 2875 4782 εστῶσα
2903 4720 3186 4791 ἁ·,χ›μένῳ
3236 4721 3329 4772 καὶ
3383 4719 3686 4790 καιομένῳ,
3745 4719 4016 4790 θρηνοῦσα
4066 4716 4278 4774 πολλάκις

2661 4813 2784 4870 εἷπε
2833 4811 2967 4882 πρὸς
3023 4809 3084 4861 τὸ
3136 4805 3324 4860 νοσοῦν
3379 4808 3626 4870 παιδίον,
3671 4809 3792 4860 Ειθε
3825 4826 3914 4877 μοι
3963 4805 4170 4860 δυνατὸν

2661 4904 2868 4960 τέκνον,
2899 4897 2985 4948 τὸν
3022 4893 3250 4966 πυρετὸν
3269 4895 3623 4961 ἀναδέξασθαι
3657 4897 3747 4948 τὸν
3779 4896 3888 4958 σον,
3921 4897 4014 4948 καὶ
4039 4894 4120 4946 ἐπ’
4143 4894 4276 4960 5:11;.-

2661 4993 2758 5060 τὴν
2787 4985 3008 5040 ἑλκύσαι
3034 4985 3129 5054 τὴν
3153 4983 3324 5052 φλόγα
3343 5001 3355 5012 ·
3381 4983 3522 5036 οῦτω
3546 4983 3608 5052 δὴ
3637 4985 3729 5036 καὶ
3759 4981 3867 5050 ἐγὼ
3890 4983 4031 5050 λέγω
4052 4981 4156 5032 νῦν·
4180 4977 4274 5029 Εἴθε

2661 5077 2881 5131 δυνατὸν
2903 5069 2969 5144 ἦν
2991 5073 3090 5142 ἐμὲ
3115 5072 3420 5142 πονήσαντα
3459 5071 3596 5139 ὑπὲρ
3633 5069 3784 5137 ὑμῶν
3817 5070 4148 5140 κατορθῶσαι
4173 5066 4276 5118 πάν·

2659 5185 2767 5220 των
2791 5182 2802 5194 ·
2835 5163 2946 5216 ἀλλ’
2993 5161 3090 5214 οὐκ
3131 5160 3244 5212 ἐστι
3285 5159 3442 5212 τοῦτο
3461 5198 3475 5220 ,
3525 5157 3625 5208 ούκ
3655 5157 3798 5210 ἐστιν
3825 5199 3838 5220 ,
3871 5158 4004 5211 ἀλλά
4033 5157 4134 5208 τῶν
4161 5149 4276 5218 αὐτῷ

2663 5249 3050 5324 πραττομένων
3079 5249 3306 5302 ἕκαστον
3343 5247 3554 5312 ἀνάγκη
3583 5243 3766 5298 δοῦναι
3799 5247 3896 5310 τὰς
3935 5245 4181 5304 εὐθύνας,
4205 5241 4276 5292 καὶ

2661 5345 2762 5396 οὐκ
2796 5328 2999 5394 ἄν’ίδοι
3054 5355 3138 5400 τις
3191 5337 3374 5404 ἕτερον
3407 5333 3544 5403 ὑπὲρ
3577 5333 3764 5402 ἐτέρου
3810 5335 4170 5401 κολαζόμενον.
4201 5327 4278 5378 Διὰ

2660 5429 2816 5484 τοῦτο
2859 5425 3133 5496 ὀδυνῶμαι
3177 5423 3270 5477 καὶ
3299 5419 3482 5492 θρηνῶ
3503 5459 3516 5482 ,
3551 5421 3632 5472 ὅτι
3661 5423 3804 5476 κατά
3829 5423 3924 5493 τὴν
3950 5419 4150 5490 ἡμέραν
4177 5415 4276 5481 ὑμῖν

2659 5517 2872 5589 ἐκείνην
2905 5511 3324 5584 ἐγκαλουμένοις
3355 5507 3415 5560 ού
3459 5507 3758 5580 δυνήσομαι
3793 5505 4160 5582 παραστῆναι·
4195 5501 4276 5570 μὲ-

2657 5607 2811 5660 λιστα
2853 5605 2951 5676 μὲν
2982 5603 3092 5672 γάρ
3132 5599 3250 5653 ούδέ
3285 5597 3566 5668 παρρησία
3626 5616 3720 5668 μοι
3750 5599 3880 5670 πρδς
3915 5599 4001 5649 τὸν
4034 5593 4156 5644 Θεόν
4183 5591 4274 5641 ἐστι

2656 5693 2914 5762 τοσαύτη.
2953 5692 3017 5744 Εἰ
3047 5689 3103 5740 δέ
3128 5687 3218 5739 καὶ¹
3245 5685 3558 5756 παρρησίαν
3589 5681 3732 5756 εἶχον
3758 5727 3772 5750 ,
3800 5687 3896 5739 ούκ
3927 5682 4038 5752 εἰμὶ
4069 5677 4274 5738 Μωσέως

2655 5781 2953 5852 ἁγιώτερος
2975 5819 2990 5842 ,
3040 5775 3160 5829 ούδέ
3199 5772 3450 5844 Σαμουὴλ
3490 5774 3820 5844 δικαιότερος
3839 5813 3854 5838 ,
3883 5771 3972 5834 οῦς
4005 5771 4092 5822 ἐπὶ
4121 5763 4275 5818 τοσοῦ-

2721 5923 2742 5952 ε
2770 5920 2880 5968 Sav.
2914 5923 2968 5968 et
3007 5920 3213 5968 maxima
3243 5931 3353 5981 pars
3379 5931 3496 5966 mss.
3519 5919 3895 5980 κατωρθωκότες,
3921 5911 4034 5962 Mor.
4063 5907 4270 5970 κατοξθὼ-

2659 5999 2710 6030 στ
2724 5998 2796 6026 ντῖ
2807 5999 2841 6036 ξφ
