4452 6686
382 461 479 515 HI

381 588 518 643 opus
548 572 708 628 habet
737 572 1014 627 sedulitate
1048 572 1103 618 et
1140 558 1335 614 studio.
1377 556 1487 611 Nec
1515 556 1685 611 solum
1708 555 1779 609 ita
1806 551 1958 606 nobis

384 664 594 733 pondus
621 664 833 727 levavit,
865 659 957 715 sed
986 665 1039 713 et
1061 653 1167 707 alio
1192 649 1351 704 modo
1375 664 1557 703 rursus
1588 649 1821 717 ipsorum
1851 657 1965 696 mc-

382 758 606 811 ritorum
634 756 878 826 qumdam
906 746 1165 805 naturalia
1199 742 1350 797 nobis
1370 757 1489 797 esse
1516 742 1718 796 sinens.
1750 735 1960 826 Etenim

385 862 486 900 una
515 823 733 900 cum—iis
776 843 866 913 qui
904 835 1279 893 contumeliam
1325 834 1629 903 patiuntur,
1679 823 1960 897 indignari,

385 941 626 994 naturale
666 952 857 994 omnes
898 932 1154 986 habemus
1201 927 1413 997 (statim
1444 928 1637 997 quippe
1668 916 1967 978 infestanti-

383 1029 485 1083 bus
511 1031 774 1084 efﬁcimur
795 1022 994 1079 inimici
1018 1063 1033 1086 ,
1061 1020 1185 1073 licet
1210 1020 1306 1088 ipsi
1331 1019 1464 1073 nihil
1490 1019 1657 1072 simus
1685 1010 1879 1083 passi),
1912 1014 1967 1062 et

383 1121 637 1190 gratulari
666 1116 974 1172 defensione
1001 1111 1269 1165 etauxilio
1288 1109 1638 1180 potientibus,
1670 1115 1719 1159 et
1752 1103 1803 1155 in
1830 1099 1963 1152 alie-

386 1217 472 1268 nis
511 1209 902 1268 calamitatibus
928 1204 1454 1275 afﬁigi,etcliaritate
1481 1209 1661 1255 mutua
1691 1192 1964 1250 delcclat‘i-

387 1303 502 1356 Etsi
529 1303 669 1355 enim
699 1314 875 1354 rerum
893 1312 1045 1351 casus
1067 1295 1385 1350 simultatem
1407 1290 1688 1363 quamdam
1716 1286 1968 1339 inducere

384 1392 707 1455 videantur,
761 1388 1020 1441 habemus
1069 1395 1245 1441 tamen
1300 1394 1639 1439 communem
1689 1377 1828 1429 inter
1873 1388 1969 1426 nos

385 1497 647 1535 amorem.
704 1479 775 1533 Et
817 1478 919 1533 hoc
954 1478 1167 1547 quidam
1193 1478 1404 1545 sapiens
1444 1475 1671 1527 innuens
1707 1465 1918 1520 dicebat
1953 1484 1965 1517 :

390 1572 554 1626 Omne
580 1570 774 1624 animal
790 1580 926 1623 amat
945 1570 1036 1624 sibi
1059 1570 1241 1634 simile,
1264 1577 1308 1622 et
1330 1568 1479 1620 homo
1506 1560 1793 1633 proximum
1821 1573 1969 1610 suum

388 1661 577 1735 (Eccli.
612 1662 704 1716 ιδ.
739 1660 851 1731 19).

459 1754 511 1806 4.
546 1753 736 1807 Multos
764 1760 939 1807 autem
969 1762 1021 1806 et
1042 1751 1174 1806 alios
1195 1758 1390 1819 praeter
1414 1740 1799 1800 conscientiam
1830 1756 1969 1805 prtu-

387 1854 637 1912 ceptores
670 1843 827 1898 nobis
853 1844 993 1898 Deus
1022 1841 1309 1912 praeposuit
1342 1858 1355 1891 :
1384 1835 1582 1891 etenim
1622 1840 1799 1902 patres
1826 1830 1970 1892 ﬁliis,

387 1946 447 1991 et
496 1936 740 1990 dominos
789 1937 997 1999 servis,
1044 1943 1099 1987 et
1138 1934 1282 1985 viros
1308 1927 1600 1987 uxoribus,
1646 1933 1701 1978 et
1726 1922 1974 1977 doctores

389 2029 694 2097 discipulis,
723 2037 777 2082 et
801 2027 1131 2097 Iegislatorcs
1159 2034 1214 2079 et
1237 2022 1445 2091 judices
1471 2017 1698 2073 subditis
1718 2058 1733 2082 ,
1765 2024 1819 2070 et
1838 2014 1975 2068 ami-

387 2136 483 2175 cos
509 2122 713 2175 amicis.
759 2119 915 2187 Saepe
950 2132 1080 2172 vero
1110 2125 1166 2170 et
1204 2116 1271 2168 ab
1293 2110 1522 2166 inimicis
1554 2123 1657 2164 non
1689 2106 1865 2161 minus
1895 2104 1975 2158 lu-

388 2227 635 2275 cramur,
677 2226 835 2280 quam
874 2213 941 2264 ab
974 2210 1160 2263 amicis
1190 2226 1203 2260 :
1234 2222 1356 2259 cum
1386 2205 1528 2259 enim
1565 2202 1720 2258 nobis
1755 2207 1972 2270 peccata

390 2302 864 2369 exprobravcrint,
893 2300 1052 2353 etiam
1098 2298 1291 2351 invitos
1330 2296 1383 2349 in
1415 2297 1652 2365 ipsorum
1675 2291 1973 2347 correctio-

392 2409 513 2447 nem
540 2393 797 2450 exeitant.
850 2391 952 2445 Tot
982 2403 1157 2444 autem
1191 2389 1439 2443 doctores
1466 2386 1621 2440 nobis
1653 2382 1966 2454 prteposuit,

392 2496 453 2541 ut
489 2485 658 2540 facilis
692 2485 845 2539 nobis
876 2483 1119 2538 utilitatis
1153 2481 1390 2536 inventio
1415 2486 1471 2533 et
1496 2478 1764 2547 reparatio
1798 2475 1971 2537 ﬁeret,

392 2576 730 2630 multitudine
775 2576 841 2628 ad
893 2574 945 2628 id
993 2570 1429 2641 compellentium
1475 2584 1583 2622 non
1634 2565 1978 2635 permittente

393 2683 492 2722 nos
517 2667 584 2721 ab
613 2669 676 2721 iis
696 2708 710 2732 ,
755 2682 873 2736 qua:
901 2666 1054 2719 nobis
1094 2663 1418 2733 expediunt,
1453 2658 1719 2713 excidere.
1767 2656 1979 2710 Etenim

394 2760 439 2813 si
466 2768 711 2828 parentes
737 2766 1170 2817 contemnamus,
1201 2752 1542 2821 magistratus
1572 2750 1841 2812 timentes,
1870 2746 1979 2799 eri-

394 2863 515 2902 mus
542 2849 759 2902 omnino
799 2848 1038 2901 mitiores
1070 2863 1083 2898 :
1113 2854 1166 2897 et
1204 2844 1248 2896 si
1291 2842 1410 2895 illos
1447 2841 1499 2894 in
1531 2838 1767 2908 peccatis
1797 2837 1981 2905 despi-

393 2940 599 2993 ciamus
624 2982 638 3005 ,
676 2953 965 3008 numquam
1011 2930 1821 2999 conscientia:'increpationem
1850 2928 1979 2983 εσυ.

394 3047 522 3101 gere
548 3044 828 3099 possumus
860 3047 873 3081 :
906 3038 959 3083 et
1001 3027 1044 3081 si
1086 3026 1224 3079 hanc
1271 3037 1625 3093 aspernemur
1653 3029 1707 3075 et
1747 3019 1980 3088 repella-

395 3136 538 3185 mus,
553 3120 843 3175 multornm
859 3117 1164 3187 opinionem
1190 3116 1458 3178 timentes,
1480 3112 1730 3167 meliores
1746 3110 1945 3164 erimus
1967 3127 1980 3173 ;

395 3212 443 3263 si
485 3210 551 3264 ad
595 3210 732 3265 hanc
766 3226 871 3263 non
901 3208 1315 3272 erubescamus,
1366 3205 1556 3258 insitus
1605 3204 1778 3274 legum
1824 3202 1984 3255 timor

398 3301 483 3354 vel
525 3300 718 3354 invitos
755 3314 853 3354 nos
882 3299 1143 3368 castigare
1182 3296 1380 3366 poterit
1408 3313 1419 3348 :
1451 3302 1505 3349 et
1533 3309 1627 3349 eos
1652 3294 1741 3363 qui
1760 3293 1984 3362 juvenes

400 3400 546 3454 sunt,
575 3390 815 3459 magistri
842 3399 895 3443 et
924 3400 1104 3457 patres
1126 3429 1140 3451 ,
1180 3386 1393 3441 adultos
1421 3400 1551 3439 vero
1580 3384 1910 3454 legislatorcs
1932 3391 1987 3437 et

402 3482 671 3549 principes
695 3481 745 3534 in
777 3495 960 3534 curam
989 3493 1138 3531 suam
1162 3487 1434 3531 sumentes
1455 3482 1793 3543 componunt
1824 3491 1835 3526 :
1864 3490 1982 3528 ser-

401 3572 563 3640 vique
606 3571 821 3639 segnius
863 3584 921 3622 se
968 3568 1225 3621 habentes
1250 3574 1357 3620 eta
1402 3565 1721 3633 supradictis
1748 3573 1854 3618 eta
1885 3563 1985 3616 do-

404 3661 564 3714 minis
606 3660 977 3713 necessitatem
1014 3656 1291 3711 modestiae
1332 3655 1606 3710 servanda:
1649 3653 1881 3717 habent,
1934 3662 1987 3705 et

404 3751 657 3805 mulieres
682 3765 711 3803 a
733 3750 894 3813 viris;
923 3758 977 3801 et
998 3748 1145 3801 multi
1168 3746 1402 3816 undique
1427 3745 1607 3815 generi
1637 3752 1822 3798 nostro
1848 3743 1986 3796 muri

405 3849 565 3905 sunt,
593 3855 659 3894 ne
694 3839 848 3893 facile
888 3839 941 3893 in
970 3839 1151 3892 vitium
1181 3837 1480 3892 dilabamur
1508 3844 1562 3891 et
1600 3835 1875 3890 cadamus.
1909 3835 1985 3888 Ad

406 3930 521 3984 haec
546 3938 721 3985 autem
752 3930 928 3982 omnia
947 3937 1000 3982 et
1028 3928 1365 3998 aegritudines
1391 3937 1447 3982 et
1476 3928 1806 3996 negotiorum
1837 3942 1989 3994 pres-

407 4037 545 4075 surce
585 4036 683 4075 nos
727 4020 923 4074 docent
955 4038 968 4072 :
1005 4019 1203 4074 etenim
1235 4029 1288 4072 et
1324 4026 1606 4087 paupertas
1645 4016 1894 4081 cohibet,
1940 4026 1993 4070 et

410 4111 603 4165 mulcta
634 4112 891 4180 castigat,
932 4119 985 4164 et
1008 4110 1300 4180 periculum
1328 4111 1586 4178 corripit,
1613 4118 1668 4163 et
1698 4109 1861 4161 multa
1890 4108 1991 4161 alia

408 4201 733 4271 hujusmodi.
786 4201 900 4255 Non
931 4210 1094 4256 terret
1122 4210 1174 4255 te
1199 4200 1389 4270 pater?
1430 4215 1529 4254 nec
1569 4200 1861 4270 magister?
1888 4215 1993 4253 non

408 4292 700 4361 princeps?
747 4306 853 4344 non
896 4291 1203 4360 legislator?
1253 4307 1356 4344 non
1392 4290 1594 4359 judex?
1636 4306 1742 4343 non
1777 4301 1828 4345 te
1868 4305 1995 4343 con-

410 4384 584 4438 fundit
617 4382 859 4437 amicus?
885 4400 987 4435 non
1016 4392 1065 4436 te
1095 4382 1304 4436 mordet
1333 4382 1616 4436 inimicus?
1642 4398 1746 4435 non
1775 4383 1996 4450 castigat

411 4473 696 4528 dominus?
727 4487 832 4525 non
864 4472 1021 4525 docet
1056 4471 1314 4525 maritus?
1340 4486 1446 4525 non
1481 4472 1696 4540 corrigit
1721 4471 1996 4524 conscien-

416 4566 523 4619 tia?
590 4563 694 4619 Sed
747 4563 1041 4631 corporalis
1097 4562 1357 4631 rcgritudo
1420 4563 1802 4633 superveniens
1854 4576 1995 4630 saepe

415 4658 593 4711 omnia
619 4655 891 4720 correxit,
927 4663 981 4707 et
1019 4655 1216 4707 muleta
1260 4655 1517 4709 audacem
1557 4655 1680 4710 fecit
1720 4654 1995 4708 humanio-

416 4765 529 4804 rem
556 4767 568 4801 :
597 4748 843 4818 quodque
882 4746 1117 4815 profecto
1151 4746 1326 4813 majus
1371 4756 1450 4800 est
1472 4788 1486 4810 ,
1528 4762 1634 4800 non
1666 4755 1864 4799 tantum
1896 4760 1989 4799 no-

415 4841 499 4895 bis
519 4882 534 4905 ,
567 4839 660 4894 sed
689 4851 740 4893 et
775 4837 892 4889 aliis
933 4836 1224 4889 accidentia
1254 4837 1386 4888 mala
1425 4852 1745 4906 magnopere
1775 4851 1872 4890 nos
1898 4837 1997 4891 ad-

412 4930 602 5000 juvare
643 4933 1032 4982 consueverunt
1066 4942 1077 4976 :
1109 4933 1160 4976 et
1206 4925 1302 4991 ipsi
1338 4942 1501 4993 grave
1531 4926 1605 4980 nil
1641 4927 1819 4995 passi,
1865 4926 1998 4981 alios

416 5034 547 5073 vero
596 5016 769 5086 puniri
820 5014 1151 5083 conspicati,
1204 5030 1307 5066 non
1367 5016 1541 5070 minus
1591 5016 1698 5070 illis
1753 5017 1994 5087 castigati

416 5124 620 5166 sumus.

492 5203 738 5257 Adversus
768 5200 1078 5268 juramenta.
1108 5227 1178 5235 —
1214 5195 1323 5249 IIoc
1358 5206 1409 5249 et
1455 5197 1505 5248 in
1548 5197 1837 5253 benefactis
1876 5200 1995 5269 quis

422 5296 597 5350 videat
625 5292 837 5349 evenire
868 5307 880 5342 :
912 5290 1045 5343 sicut
1090 5289 1232 5342 enim
1259 5287 1385 5341 dum
1412 5287 1703 5357 puniuntur
1730 5292 1877 5357 mali,
1908 5292 1998 5346 alii

420 5387 668 5440 meliores
713 5379 1015 5437 efﬁciuntur
1045 5397 1057 5431 :
1084 5380 1162 5432 sic
1210 5378 1361 5434 bonis
1402 5378 1538 5432 bene
1578 5392 1634 5432 se
1669 5382 1994 5448 gerentibus,

422 5475 575 5530 multi
602 5475 667 5529 ad
701 5471 925 5528 similem
967 5469 1139 5523 zelum
1176 5467 1497 5525 inducuntur
1535 5487 1548 5522 :
1582 5467 1723 5537 quod
1760 5470 1885 5524 etin
1924 5472 2001 5539 ju-

420 5575 781 5623 ramentorutn
823 5560 944 5630 fuga
992 5559 1231 5630 contigit.
1273 5560 1419 5613 Multi
1466 5560 1605 5613 enim
1652 5560 1783 5614 alios
1826 5561 1996 5615 intuiti

420 5658 615 5713 malam
644 5654 951 5725 deposuisse
984 5651 1196 5719 jurandi
1244 5651 1717 5716 consuetudinem,
1765 5652 1995 5706 studium

421 5748 608 5803 imitati
637 5755 780 5813 sunt,
809 5752 1186 5813 peccatumque
1211 5744 1453 5797 vicerunt
1479 5762 1490 5796 ε
1522 5753 1799 5813 propterea
1822 5755 1875 5799 et
1900 5761 1997 5801 nos

420 5840 715 5910 promptius
743 5839 930 5894 iterum
963 5834 1207 5891 eamdem
1247 5838 1508 5907 tangimus
1554 5836 1989 5897 admonitionem.

1274 447 1367 501 AD
1404 439 1727 501 POPULUM
1767 431 2258 492 ANTIOCIIENUM
2322 433 2547 489 [IOMII..
2590 435 2727 494 XIII.

3555 441 3655 495 Ili!

2073 545 2242 600 Nemo
2268 547 2411 601 enim
2441 546 2572 600 mibi
2593 546 2754 614 dicat,
2786 547 2932 603 Multi
2958 548 3186 605 correcti
3221 562 3345 603 sunt
3378 569 3390 603 :
3428 552 3524 606 Iit-e
3548 573 3652 609 non

2070 646 2155 692 est
2183 638 2323 706 quod
2347 639 2624 708 quaeritur,
2655 640 2745 694 sed
2781 650 2838 696 ut
2859 656 3065 696 omnes.
3100 643 3279 696 Donec
3318 642 3418 697 hoc
3448 645 3648 711 videro,

2072 727 2339 797 respirare
2378 745 2483 783 non
2529 742 2763 797 possum.
2798 731 2984 786 Pastor
3023 734 3109 787 ille
3150 743 3364 788 centum
3394 748 3522 788 oves
3569 737 3650 790 ha.

2077 816 2253 884 bcbat,
2281 830 2336 874 et
2357 836 2458 874 una
2486 820 2702 884 amissa,
2738 836 2841 874 non
2865 825 3030 876 sensit
3057 824 3121 878 de
3148 828 3431 897 nonaginta
3463 843 3653 883 novem

2074 910 2245 967 salute
2264 912 2694 977 delectationem,
2723 913 2893 969 donec
2921 917 3177 983 perditam
3202 918 3398 974 invenit
3429 929 3487 975 et
3508 922 3655 992 gregi

2076 1005 2302 1058 restituit
2329 1005 2538 1074 (Matth.
2567 1005 2651 1058 18.
2682 1004 2769 1058 12.
2804 1006 2915 1077 15).
2946 1006 3061 1061 Non
3083 1009 3258 1062 cernis
3278 1018 3331 1064 et
3359 1012 3410 1064 in
3432 1026 3656 1081 corpore

2074 1097 2176 1151 hoc
2233 1097 2386 1152 ﬁeri?
2431 1099 2474 1152 si
2529 1100 2672 1153 enim
2714 1099 2797 1151 vel
2850 1115 3075 1170 unguem
3118 1103 3290 1156 solum
3330 1102 3658 1159 ofl'endentes

2074 1186 2450 1253 subvertimns,
2477 1197 2643 1243 totum
2666 1203 2860 1257 corpus
2887 1192 3124 1245 membro
3154 1191 3421 1247 condolet.
3454 1192 3529 1247 Ne
3556 1193 3656 1264 igi~

2078 1289 2161 1335 tur
2184 1281 2349 1347 dicas,
2396 1282 2553 1336 Pauci
2598 1282 2813 1351 quidam
2862 1281 3028 1336 relicti
3066 1294 3206 1343 sunt.
3252 1285 3342 1353 qui
3391 1300 3493 1338 non
3533 1295 3659 1341 sunt

2076 1373 2301 1426 correcti
2325 1388 2339 1437 ;
2368 1372 2459 1427 sed
2492 1373 2616 1427 illud
2639 1373 2937 1437 considera,
2968 1374 3109 1442 quod
3134 1374 3217 1427 isti
3240 1376 3390 1443 pauci
3415 1392 3516 1429 non
3537 1391 3659 1430 cor-

2076 1466 2203 1519 recti
2244 1467 2438 1520 multos
2466 1475 2809 1535 corrumpant
2841 1467 2990 1522 alios.
3041 1466 3248 1521 Etenim
3294 1476 3350 1521 et
3388 1469 3523 1535 apud
3565 1469 3657 1523 Co-

2077 1556 2301 1611 rinthios
2328 1572 2463 1610 unus
2487 1566 2602 1611 erat
2633 1556 2944 1623 fornicatus,
2984 1571 3036 1613 et
3076 1568 3251 1613 tatnen
3307 1560 3376 1612 ita
3416 1560 3661 1628 gemebat

2078 1648 2289 1712 l‘aulus,
2324 1657 2591 1718 tamquam
2642 1658 2748 1702 tota
2792 1649 2999 1718 perdita
3039 1650 3252 1706 civitate
3293 1650 3374 1723 (1.
3398 1649 3515 1706 Cor.
3554 1651 3654 1719 5):

2076 1750 2128 1795 et
2167 1741 2387 1802 merito;
2429 1739 2631 1793 sciebat
2668 1741 2808 1793 enim
2831 1780 2845 1803 ,
2894 1740 2986 1794 illo
3026 1755 3130 1795 non
3178 1752 3439 1807 correcto,
3476 1743 3657 1796 vitium

2078 1846 2301 1899 serpens
2327 1842 2379 1885 et
2418 1832 2552 1885 alios
2580 1847 2768 1887 omnes
2813 1833 3119 1887 invasurum
3156 1848 3296 1889 esse.
3341 1834 3461 1888 Vidi
3495 1851 3661 1904 nuper

2080 1921 2131 1974 in
2175 1920 2376 1989 judicio
2418 1922 2620 1976 vinctos
2670 1932 2725 1977 et
2770 1938 2867 1993 per
2913 1925 3142 1979 medium
3189 1924 3363 1980 forum
3406 1925 3662 1982 abductos

2081 2011 2199 2066 illos
2227 2011 2461 2066 illustres
2490 2013 2633 2067 viros
2664 2031 2677 2066 :
2701 2023 2755 2069 et
2782 2015 3094 2083 quibusdam
3123 2018 3460 2073 contumeliae
3486 2036 3664 2075 exces-

2080 2114 2198 2154 sum
2238 2101 2658 2166 admirantibus,
2696 2102 2829 2155 nihil
2869 2103 3120 2159 admirari
3148 2116 3379 2173 Oportet,
3417 2106 3663 2162 dicebant

2079 2192 2167 2245 alii
2196 2210 2208 2245 :
2239 2192 2325 2246 ubi
2355 2193 2497 2247 enim
2530 2192 2819 2258 damnatio,
2847 2194 3076 2264 dignitas
3103 2196 3231 2250 nihil
3264 2198 3497 2266 prodest.
3521 2199 3665 2254 Non-

2080 2300 2147 2338 ne
2176 2284 2333 2354 igitur
2360 2284 2530 2341 multo
2553 2286 2743 2357 magis,
2773 2286 2859 2342 ubi
2892 2287 2959 2341 sit
2989 2288 3253 2356 impietas,
3282 2290 3411 2344 nihil
3438 2291 3665 2360 dignitas

2080 2376 2338 2445 adjuvat?

2151 2469 2203 2521 5.
2239 2467 2362 2522 Haec
2386 2468 2545 2538 igitur
2566 2472 2881 2539 cogitantes,
2905 2486 3003 2526 nos
3030 2474 3172 2542 ipsos
3195 2475 3487 2531 excitemus
3518 2493 3530 2529 :
3564 2476 3665 2530 nisi

2084 2560 2224 2614 enim
2257 2558 2486 2613 studium
2516 2561 2865 2616 adhibueritis
2889 2576 2984 2617 vos
3008 2605 3022 2627 ,
3054 2579 3082 2617 a
3110 2564 3263 2619 nobis
3289 2566 3465 2620 omnia
3495 2581 3665 2636 agun-

2088 2658 2171 2703 tur
2197 2650 2484 2718 supcrﬁua.
2519 2651 2653 2718 Quid
2700 2653 2772 2706 ita
2808 2654 3059 2708 tandem?
3098 2653 3360 2720 Quoniam
3401 2673 3504 2710 non
3532 2657 3668 2712 sicut

2087 2746 2305 2813 reliquce
2332 2752 2475 2796 artes
2498 2782 2511 2805 ,
2543 2743 2612 2796 ita
2637 2752 2717 2797 est
2744 2744 3125 2813 magisterium.
3157 2746 3499 2816 Argentarius
3524 2748 3666 2802 enim

2089 2835 2236 2890 faber
2271 2836 2658 2905 qualecumque
2692 2852 2786 2892 vas
2820 2839 3093 2893 excuderit
3132 2850 3186 2894 et
3214 2841 3530 2910 reposuerit,
3562 2839 3669 2894 tale

2086 2926 2342 2995 postridie
2382 2941 2629 2981 reversus
2676 2928 2869 2981 iterum
2916 2928 3149 2983 inveniet
3197 2948 3209 2983 :
3255 2939 3310 2983 et
3352 2931 3570 2983 amarius
3617 2940 3669 2984 et

2088 3019 2467 3071 marmorarius
2519 3026 2574 3071 et
2623 3018 2887 3073 artificum
2932 3020 3157 3089 quisque
3194 3021 3353 3090 quale
3402 3020 3671 3089 proprium

2087 3122 2220 3177 opus
2263 3107 2548 3173 dimiserit,
2580 3109 2685 3163 tale
2714 3124 2925 3163 rursum
2966 3111 3208 3179 recipiet.
3236 3108 3387 3165 Circa
3418 3127 3516 3166 nos
3545 3127 3672 3166 vero

2090 3214 2194 3252 non
2240 3198 2333 3261 ita,
2380 3197 2473 3251 sed
2511 3198 2836 3253 contrarium
2884 3199 3101 3254 omnino
3136 3218 3147 3253 :
3183 3215 3286 3254 non
3316 3202 3457 3255 enim
3498 3201 3659 3255 inani.

2092 3300 2231 3344 inata
2259 3303 2403 3353 vasa,
2431 3289 2523 3344 sed
2544 3288 2750 3343 animas
2779 3288 3020 3344 cudimus
3058 3290 3362 3345 rationales.
3404 3290 3528 3345 Ideo
3566 3306 3670 3346 non

2092 3384 2227 3439 tales
2261 3398 2355 3437 vos
2397 3382 2719 3446 invenimus,
2755 3382 2941 3452 quales
2984 3383 3358 3454 relinquimus,
3391 3386 3485 3440 sed
3531 3395 3674 3454 post-

2091 3491 2252 3545 quam
2278 3482 2553 3543 susceptos
2583 3473 2750 3528 multo
2775 3473 2956 3528 labore
2980 3473 3447 3530 reformaverimus
3477 3485 3531 3529 et
3548 3490 3672 3530 cor-

2092 3567 2408 3630 rexerimus,
2455 3577 2509 3621 et
2532 3568 2869 3624 effecerimus
2909 3568 3278 3637 ferventiores,
3314 3584 3558 3639 egressos
3583 3585 3675 3624 ne-

2090 3658 2353 3724 gotiorum
2401 3658 2798 3712 circumstantia
2842 3673 2934 3713 vos
2978 3658 3209 3728 undique
3250 3660 3676 3716 circumcurrens

2091 3763 2301 3801 rursum
2333 3749 2607 3816 pervertit,
2648 3760 2702 3804 et
2737 3750 2993 3819 majorem
3032 3752 3185 3807 nobis
3230 3752 3429 3821 praebet
3452 3751 3680 3807 difﬁcul-

2095 3848 2279 3893 tatem.
2308 3838 2511 3894 Idcirco
2532 3841 2775 3911 supplico
2803 3851 2857 3896 et
2882 3857 2997 3908 oro,
3037 3859 3253 3898 manum
3293 3846 3597 3915 porrigatis,
3625 3855 3680 3901 et

2094 3939 2350 4000 quantum
2378 3945 2476 4001 ego
2517 3930 2605 3986 hic
2647 3932 2713 3987 ad
2749 3935 3132 3989 correctionem
3173 3944 3407 3990 vestram
3442 3936 3676 3991 studium

2097 4021 2252 4085 facio,
2285 4030 2485 4076 tantum
2516 4037 2611 4076 vos
2640 4021 2765 4077 hinc
2786 4023 3008 4093 digressi
3038 4026 3176 4079 circa
3204 4025 3429 4080 salutem
3448 4035 3677 4081 vestram

2097 4128 2241 4168 cura:
2272 4113 2671 4168 demonstretis.
2724 4113 2933 4170 Utinam
2983 4123 3163 4185 posset
3198 4116 3333 4178 ﬁeri,
3367 4126 3422 4171 ut
3448 4132 3548 4187 ego
3587 4132 3681 4187 pro

2099 4205 2248 4259 vobis
2279 4205 2414 4260 bene
2456 4221 2708 4268 mererer,
2753 4214 2807 4259 et
2844 4206 3154 4260 meritorum
3198 4206 3376 4260 bravia
3403 4222 3498 4261 vos
3527 4223 3682 4277 cape-

2100 4296 2262 4358 retis;
2296 4310 2392 4349 nec
2419 4304 2621 4349 tantum
2666 4312 2758 4348 vos
2798 4310 3093 4350 vexassem.
3140 4295 3246 4351 Sed
3286 4297 3410 4366 quid
3455 4298 3682 4353 faciam?

2101 4387 2201 4441 hoc
2246 4386 2573 4456 impossibile
2602 4395 2728 4440 est:
2770 4388 2960 4454 cuique
3007 4388 3147 4439 enim
3196 4388 3484 4442 secundum
3519 4403 3681 4457 opera

2099 4496 2192 4533 sua
2224 4481 2499 4535 retribuet.
2533 4481 2681 4535 Sicut
2713 4482 2870 4551 igitur
2899 4492 3070 4537 mater
3097 4482 3261 4537 filium
3291 4482 3680 4540 febricitantem

2099 4588 2344 4636 cernens,
2377 4572 2575 4626 dolenti
2620 4581 2674 4627 et
2714 4573 2917 4628 ardenti
2966 4574 3238 4638 assistens,
3278 4573 3466 4643 lugens
3514 4590 3685 4646 mgro—

2102 4662 2230 4715 tanti
2273 4662 2403 4715 dicit
2443 4661 2593 4715 ﬁlio:
2628 4661 2862 4730 Utinam,
2894 4662 2987 4727 ﬁli,
3036 4664 3236 4717 febrem
3275 4678 3374 4733 ego
3412 4667 3683 4737 suscipere

2102 4768 2332 4821 possem,
2361 4762 2415 4808 et
2446 4754 2497 4807 in
2524 4769 2607 4808 me
2632 4753 2900 4808 flammam
2929 4754 3200 4809 attrahere
3224 4773 3237 4808 :
3263 4755 3339 4809 sie
3365 4756 3602 4824 profeCto
3628 4768 3683 4810 et

2102 4861 2201 4915 ego
2229 4862 2369 4900 nunc
2400 4846 2520 4901 dico
2547 4865 2558 4900 :
2591 4847 2798 4902 Utinam
2831 4847 3079 4915 possibile
3109 4857 3250 4901 esset
3282 4863 3367 4901 me
3408 4864 3505 4917 pro
3532 4850 3681 4903 vobis

2103 4938 2431 4994 laborantem
2454 4939 2700 4993 omnibus
2733 4948 2875 4992 recte
2916 4953 3106 5006 agere;
3150 4940 3241 4992 sed
3275 4956 3378 4992 non
3407 4941 3531 4994 licet
3556 4940 3678 5006 hoc,

2104 5047 2209 5084 non
2240 5031 2385 5093 licet,
2417 5031 2508 5084 sed
2532 5044 2792 5099 quemque
2822 5043 3039 5082 necesse
3069 5040 3150 5084 est
3192 5045 3221 5081 a
3269 5046 3326 5082 se
3370 5033 3676 5084 commissi»-

2106 5137 2223 5175 rum
2267 5122 2524 5176 rationem
2565 5119 2789 5174 reddere
2818 5135 2831 5172 :
2865 5135 3035 5189 neque
3068 5121 3244 5175 videre
3283 5132 3362 5177 est
3400 5123 3560 5177 alium
3590 5140 3682 5191 pro

2104 5215 2208 5269 alio
2235 5214 2426 5284 puniri.
2456 5214 2735 5281 Pr0pterea
2769 5212 2925 5266 doleo
2951 5221 3006 5267 ct
3060 5214 3231 5282 lugeo,
3266 5214 3386 5282 quia
3419 5215 3566 5268 vobis
3595 5215 3680 5268 die

2106 5306 2197 5359 illo
2221 5307 2481 5360 accusatis
2500 5304 2749 5358 assistere
2786 5318 2890 5356 non
2922 5313 3127 5372 potero,
3170 5306 3395 5357 maxime
3422 5319 3541 5355 cum
3588 5319 3682 5359 ne-

2105 5413 2208 5467 que
2240 5397 2365 5451 mihi
2396 5397 2584 5451 ﬁducia
2612 5394 2748 5463 apud
2795 5395 2960 5449 Deum
3008 5397 3075 5449 sit
3110 5404 3287 5457 tanta;
3318 5395 3360 5447 si
3384 5410 3509 5447 vero
3538 5404 3593 5449 et
3621 5395 3681 5449 ﬁ-

2105 5489 2311 5543 duciam
2337 5488 2607 5553 haberem,
2633 5502 2737 5539 non
2768 5501 2885 5539 sutn
2910 5486 3053 5541 Mose
3087 5485 3333 5548 sanctior,
3375 5500 3547 5554 neque
3589 5484 3683 5541 Sa-

2104 5582 2277 5636 muele
2295 5580 2503 5650 justior,
2536 5593 2669 5648 quos
2700 5578 2949 5634 virtutem
2980 5589 3175 5633 tantam
3211 5588 3527 5648 assequutos
3551 5578 3682 5633 dixit

2104 5687 2209 5726 non
2237 5674 2251 5703 ί
2278 5686 2433 5741 posse
2458 5670 2582 5741 quid
2601 5670 2814 5727 Judmos
2838 5672 3108 5742 adjuvare,
3132 5671 3270 5741 quod
3295 5672 3458 5725 nimio
3485 5674 3682 5741 torpori

2107 5851 2134 5899 α
2168 5788 2183 5815 ι
2218 5782 2437 5897 simium
2461 5784 2693 5848 permisit,
2723 5800 2825 5848 pro,
2852 5786 2976 5837 dixit
3010 5800 3101 5837 non
3161 5794 3212 5838 Et
3232 5789 3293 5837 ita
3320 5790 3465 5838 vertit
3487 5796 3681 5839 Bernar-

2141 5864 2196 5898 ιιδ
2251 5864 2477 5899 ιἰχωιιιιδ.

2141 5864 2196 5898 lib
2218 5864 2477 5901 ηινιχωηιιδ.
