4452 6686
813 421 913 474 115

811 535 1016 601 seipsos
1045 534 1115 588 illi
1139 534 1414 589 dedissent
1435 535 1645 604 (Jerem.
1671 537 1841 610 15,1).
1862 539 2120 605 Quoniam
2145 543 2303 611 igitur
2325 559 2390 597 ex

813 627 1044 693 propriis
1068 626 1318 695 operibus
1361 626 1606 694 punimur
1637 637 1690 680 et
1726 631 2016 692 salvamur,
2063 630 2389 697 Studeamus,

810 731 1018 782 qmeso,
1043 730 1164 769 cum
1189 715 1308 768 aliis
1337 715 1584 770 omnibus
1605 725 1658 770 et
1702 718 1802 772 hoc
1827 721 2040 787 explere
2061 720 2390 786 mandatum,

814 814 868 858 ut
897 820 1018 860 cum
1042 805 1178 860 bona
1205 821 1302 875 spe
1337 807 1460 860 hinc
1489 809 1744 863 abeuntes
1775 811 2034 878 promissa
2075 813 2211 864 bona
2245 827 2388 866 asse-

1433 421 1488 476 S.
1530 423 1808 480 JOANNlS
1832 427 2306 484 CllRYSOSTOMl
2346 424 2661 485 ARClllEP.
2703 433 3230 497 CONSTANTINOP.

3975 453 4074 509 114

2497 558 2744 612 quamur,
2787 552 2956 616 gratia
3009 563 3061 607 et
3109 544 3431 626 benignitate
3478 557 3686 612 Domini
3733 565 3900 616 nostri
3949 565 4074 620 Jesu

2506 633 2723 700 Christi,
2749 651 2844 704 per
2867 653 3024 707 quem
3062 653 3252 700 etcum
3275 663 3380 716 quo
3419 647 3560 703 Patri
3596 650 3782 719 gloria,
3817 669 3919 708 una
3953 671 4074 712 cum

2497 726 2935 870 SanctoASpiritu,
2960 749 3100 789 nunc
3129 749 3182 792 et
3219 755 3446 809 semper,
3476 753 3528 796 et
3555 743 3606 796 in
3632 745 3826 800 srecula
3863 753 4078 804 stucqu-

2501 833 2636 870 rum.
2720 833 2862 870 me".

2501 833 2636 870 1⁸11111.
2670 833 2862 871 anteit.

2619 947 2920 960 ———~.

2923 953 3108 964 -—.——-—-_

3113 958 3272 970 ~—

3284 959 3378 968 —_.—

812 1029 1051 1073 POPULO
1094 1029 1252 1072 0M!“
1299 1031 1375 1071 ΔΒ
1421 1031 1726 1072 ANGUSTIA
1771 1032 2082 1072 LIBERATO
2126 1032 2206 1072 ET
2259 1034 2647 1079 CONSTITUTO
2689 1038 2754 1079 IN
2797 1039 3081 1096 FIDL'CIA,
3127 1047 3372 1097 QUIDAM
3417 1053 3674 1096 RUBSUM
3730 1056 4078 1103 (ΠγιΤΑΤεη

889 1129 1212 1172 CONFICTIS
1257 1129 1618 1172 BUMORIBUS
1659 1129 2018 1171 TREMENDIS
2063 1129 2554 1189 TURBAVERUNT,
2602 1135 2682 1176 u'r
2711 1135 3006 1180 CONVICTI
3049 1141 3243 1198 sum;
3291 1149 3372 1190 ne
3417 1151 3538 1194 nec
3581 1153 3798 1196 ιοιτυιι
3831 1155 4072 1200 nun“

891 1229 1002 1271 EST
1047 1229 1334 1278 HOMILIA,
1385 1231 1464 1270 ET
1507 1231 1587 1270 DE
1630 1227 2148 1269 JURAMENTORUM
2198 1229 2612 1275 ABSTINENTIA
2655 1234 3006 1278 ADMONITIO
3049 1241 3324 1300 ADDITA;
3358 1247 3634 1302 IDEOQUE
3666 1253 3748 1292 DE
3789 1253 4078 1298 JONATHA

890 1331 970 1372 ΕΤ
1013 1331 1210 1372 SAULE
1255 1330 1332 1370 ΕΤ
1375 1328 1660 1372 ,ΙΕΡΗΤΗΕ
1705 1325 2000 1368 HISTORIA
2049 1327 2374 1370 ΡηουυρΤΑ
2421 1331 2558 1386 EST,
2604 1333 2684 1375 ET
2725 1335 3264 1400 DEMONSTRLTUM,
3311 1347 3479 1398 QUOD
3542 1353 3624 1392 EX
3689 1354 3816 1396 UNO
3881 1357 4080 1399 JUBA"

892 1429 1108 1472 arsuro
1151 1429 1518 1472 nascunrun
1563 1407 1925 1466 runsunu'.

2287 1532 2601 1580 saeratae

1449 1680 1638 1712 UtthlllJA
1663 1677 1765 1712 ιιγ.

887 1772 938 1824 1.
981 1769 1094 1823 Non
1129 1785 1313 1838 parum
1343 1769 1610 1822 civitatem
1641 1766 1792 1818 nobis
1834 1765 1946 1818 heri
1988 1765 2232 1820 diabolus
2274 1783 2397 1836 per-

812 1863 1060 1926 turbavit,
1087 1861 1180 1916 sed
1217 1871 1270 1915 et
1297 1861 1437 1914 Deus
1481 1875 1577 1911 nos
1619 1859 1808 1910 iterum
1847 1873 1950 1910 non
1989 1872 2174 1926 parum
2199 1873 2390 1912 causo-

811 1955 943 2006 latus
975 1961 1076 2014 est,
1122 1953 1192 2005 ita
1237 1960 1292 2004 ut
1331 1951 1554 2019 quisque
1601 1958 1839 2002 nostrum
1881 1959 2182 2017 opportune
2219 1949 2396 2004 dicere

811 2042 977 2111 possit
1023 2041 1150 2095 illud
1204 2042 1574 2110 propheticum
1625 2059 1637 2093 :
1689 2038 1978 2093 Secundum
2023 2041 2394 2095 multitudinem

809 2133 1042 2185 dolorum
1071 2148 1295 2184 mearum
1333 2133 1387 2183 in
1417 2132 1566 2184 corde
1597 2147 1706 2182 utea
1732 2130 2101 2182 consolationes
2144 2141 2242 2183 tum
2267 2133 2396 2183 la'ti-

810 2223 1088 2290 [iuverunt
1114 2223 1338 2274 animant
1374 2236 1532 2272 meam
1567 2219 1743 2286 (Psal.
1767 2219 1852 2272 93.
1881 2219 2007 2286 19).
2039 2219 2147 2272 Nec
2192 2227 2393 2272 tantum

808 2312 1153 2374 consolando,
1181 2311 1271 2364 sed
1301 2320 1353 2363 ct
1381 2309 1677 2378 perturbari
1707 2307 2087 2376 permittendo,
2111 2308 2396 2375 providen-

808 2405 933 2457 tiam
962 2403 1115 2455 nobis
1139 2416 1288 2455 suam
1313 2401 1451 2455 Deus
1477 2399 1737 2454 exhibuit.
1765 2399 1914 2464 Quod
1938 2399 2078 2453 enim
2105 2414 2390 2468 numquam

807 2495 986 2549 dicere
1015 2493 1219 2558 destiti,
1251 2493 1350 2548 hoc
1376 2501 1432 2547 et
1458 2491 1614 2546 hodie
1640 2491 1840 2556 dit-ain,
1869 2505 1973 2545 non
2011 2491 2170 2546 modo
2197 2507 2392 2546 acrum-

809 2599 996 2637 narum
1027 2583 1385 2646 solutionem,
1430 2582 1523 2636 sed
1555 2591 1608 2635 et
1655 2582 1838 2633 harum
1881 2581 2288 2647 permissionem
2329 2597 2394 2634 ex

813 2674 905 2727 Dei
949 2672 1314 2726 benevolentia
1349 2687 1486 2725 esse.
1531 2669 1662 2725 Cum
1700 2671 1841 2724 enim
1881 2685 1980 2724 nos
2019 2669 2086 2723 ad
2127 2679 2394 2738 torporem

810 2765 1140 2819 declinantes
1169 2763 1330 2828 videt,
1355 2773 1408 2816 et
1444 2761 1512 2816 ab
1551 2761 1715 2830 ipsius
1753 2759 2110 2814 familiaritate
2151 2761 2395 2814 resiliea-

811 2865 911 2917 tes,
945 2869 1006 2908 ac
1045 2853 1396 2922 spiritualium
1439 2852 1638 2905 nullam
1681 2851 1939 2904 rationem
1969 2850 2244 2913 habentes,
2271 2865 2399 2918 pan-

809 2947 918 3000 lum
953 2959 1050 2999 nos
1088 2945 1412 3012 derelinqnit
1437 2984 1450 3007 ,
1498 2952 1554 2996 ut
1585 2944 1654 2995 ita
1686 2942 1952 3009 castigati,
1982 2941 2046 2994 ad
2079 2941 2250 3010 ipsum
2279 2951 2394 2993 stu-

810 3039 1010 3093 diosius
1039 3037 1346 3092 redeamus.
1401 3035 1464 3088 Et
1507 3035 1632 3104 quid
1663 3033 1980 3096 admiraris,
2028 3033 2070 3085 si
2118 3033 2256 3085 circa
2301 3047 2396 3086 nos

810 3138 1084 3196 torpentes
1131 3128 1232 3181 hoc
1263 3127 1421 3191 facit,
1467 3127 1662 3194 quippe
1691 3137 1808 3177 cum
1843 3121 2036 3176 Paulus
2067 3131 2120 3176 et
2164 3122 2214 3174 iu
2246 3135 2306 3175 se
2343 3129 2398 3175 ct

813 3225 864 3277 in
923 3221 1198 3290 discipulis
1255 3220 1364 3274 suis
1413 3219 1550 3271 hanc
1603 3217 1953 3270 tentationuni
2010 3228 2224 3268 causam
2278 3227 2399 3266 esse

812 3314 1059 3368 dixerit?
1109 3311 1319 3366 Etenim
1366 3309 1430 3363 ad
1480 3307 1787 3363 Corinthios
1840 3305 2128 3360 secundam
2182 3304 2400 3357 mittens

813 3405 1111 3474 mustelam,
1145 3403 1220 3457 sic
1250 3401 1461 3456 dicebat
1496 3419 1507 3454 :
1539 3397 1675 3451 Nolo
1701 3413 1786 3450 vos
1815 3397 2072 3466 ignorare,
2103 3399 2309 3464 fratres,
2337 3395 2400 3446 de

811 3496 1128 3550 tribulatione
1175 3494 1311 3563 facta
1360 3492 1500 3545 nobis
1547 3491 1598 3542 in
1628 3491 1783 3553 Asia,
1831 3489 1966 3558 quod
2011 3503 2164 3554 supra
2195 3487 2398 3539 modum

812 3591 1006 3660 gravati
1035 3603 1209 3642 sumus
1235 3601 1390 3656 supra
1421 3584 1651 3636 virtutem
1673 3625 1688 3644 ,
1717 3581 1788 3633 ita
1819 3590 1872 3631 ut
1901 3581 2102 3632 arderet
2132 3594 2222 3630 nos
2251 3578 2399 3630 etiam

814 3684 978 3734 vivere
1000 3697 1017 3743 ;
1047 3679 1136 3732 sed
1163 3678 1258 3744 ipsi
1289 3677 1340 3729 in
1368 3676 1509 3728 nobis
1535 3674 1659 3732 ipsis
1685 3687 1980 3740 responsum
2020 3669 2193 3722 mortis
2221 3669 2399 3720 habui-

814 3789 925 3826 mus
971 3772 1062 3842 (2.
1089 3770 1206 3823 Cor.
1233 3770 1283 3827 l.
1307 3769 1356 3822 8.
1385 3766 1454 3838 9)
1489 3785 1501 3822 :
1542 3765 1690 3834 quasi
1738 3765 1981 3826 diceret,
2029 3759 2159 3814 Tam
2209 3775 2396 3830 magna

814 3867 987 3931 nobis,
1021 3865 1223 3934 inquit,
1257 3861 1546 3916 incubuere
1574 3857 1808 3928 pericula
1836 3896 1851 3920 ,
1901 3862 1960 3908 ut
1985 3855 2162 3908 vivere
2190 3854 2393 3908 abomi-

815 3973 1087 4024 naremur,
1117 3969 1217 4010 nec
1246 3953 1475 4022 amplius
1504 3961 1842 4019 Speraremus
1873 3945 2034 3998 ullam
2063 3944 2176 3998 fore
2207 3943 2398 3996 bonam

817 4049 1164 4104 mutationem
1185 4087 1202 4113 ,
1245 4059 1346 4099 nec
1375 4044 1474 4097 nisi
1505 4049 1736 4095 mortem
1766 4036 2181 4104 exspectandum
2213 4044 2354 4088 esset
2385 4050 2398 4084 :

821 4141 921 4194 hoc
945 4140 1088 4194 enim
1113 4137 1243 4192 illud
1271 4143 1373 4198 est,
1409 4133 1518 4204 Ipsi
1545 4133 1597 4185 in
1629 4130 1770 4184 nobis
1798 4129 1922 4198 ipsis
1947 4141 2244 4196 responsum
2269 4141 2404 4176 moro

820 4235 882 4284 tis
908 4230 1215 4294 habuimus;
1246 4226 1340 4282 sed
1371 4233 1545 4278 tamen
1583 4229 1702 4290 post
1747 4228 1946 4273 tantam
1977 4215 2402 4284 deSperationem

821 4323 1024 4394 depulit
1051 4322 1188 4376 Deus
1219 4317 1507 4390 procellam
1531 4357 1546 4381 ,
1578 4323 1631 4368 et
1662 4311 1855 4366 nubem
1884 4309 2080 4378 abegit,
2111 4321 2314 4375 nosque
2339 4321 2403 4357 ex

819 4415 950 4484 ipsis
975 4414 1162 4468 mortis
1193 4409 1430 4464 faucibus
1452 4404 1665 4474 eripuit.
1696 4401 1818 4456 Mox
1846 4399 2235 4460 demonstrans,
2262 4395 2404 4465 quod

818 4503 1116 4558 concedere
1144 4502 1273 4554 utin
1303 4507 1504 4552 tantum
1535 4492 1895 4549 incideremus
1922 4488 2240 4558 periculum,
2271 4486 2407 4538 mul-

823 4607 890 4649 ta:
935 4604 1050 4648 erat
1099 4589 1448 4661 providentiae
1475 4600 1630 4654 Opus,
1660 4599 1724 4638 ex
1777 4579 2156 4636 tentatiouibus
2201 4579 2405 4630 lucrum

823 4688 985 4740 etiam
1045 4691 1252 4752 partum
1295 4683 1598 4737 memorat;
1647 4674 1748 4725 hoc
1794 4679 1971 4724 autem
2016 4677 2164 4729 erat,
2196 4665 2408 4720 assidue

823 4775 890 4829 ad
919 4775 1091 4842 ipsum
1123 4768 1410 4837 respicere,
1459 4762 1552 4818 sed
1597 4761 1670 4815 nil
1716 4773 1965 4830 magnum
2007 4771 2195 4828 sapere
2235 4771 2408 4824 neque

821 4866 1030 4922 extolli.
1079 4863 1364 4932 Propterea
1397 4872 1516 4912 cum
1548 4855 1802 4916 dixisset,
1853 4849 1965 4922 Ipsi
2005 4851 2057 4903 in
2101 4849 2242 4902 nobis
2286 4849 2410 4916 ipsis

825 4973 1117 5026 responsum
1145 4953 1319 5007 mortis
1348 4951 1651 5011 habuimus,
1689 4954 1741 5001 et
1778 4959 1990 4998 causam
2034 4940 2230 4995 intulit.
2279 4937 2408 5004 Qua:

827 5065 951 5102 vero
979 5046 1094 5100 lucc
1121 5053 1205 5098 est
1233 5040 1436 5096 causa?
1470 5037 1536 5092 Ut
1577 5053 1679 5089 non
1717 5035 1872 5087 simus
1905 5031 2114 5099 ﬁdentes
2153 5031 2204 5082 in
2244 5028 2406 5088 nobis,

827 5137 1021 5206 inquit,
1053 5133 1142 5188 sed
1167 5134 1218 5186 in
1241 5129 1370 5192 Deo,
1405 5127 1490 5197 qui
1517 5127 1723 5179 suscitat
1753 5133 1976 5175 mortuos
2005 5121 2079 5190 (2.
2105 5119 2220 5173 Cor.
2253 5120 2304 5172 1.
2330 5117 2406 5183 9).

828 5227 1190 5284 Dormitantes
1216 5221 1359 5276 enim
1382 5233 1481 5273 nos
1506 5226 1558 5270 et
1581 5215 1828 5282 delapsos
1848 5210 2252 5280 expergefacere
2275 5208 2414 5262 solet

833 5331 886 5372 et
915 5318 1150 5373 excitare
1173 5355 1188 5380 ,
1221 5321 1276 5368 et
1321 5309 1680 5378 religiosiores
1711 5303 1886 5357 facere
1927 5301 2274 5354 tentatiou'em
2311 5311 2411 5352 na-

833 5420 968 5462 tura.
1001 5405 1132 5460 Cum
1164 5404 1322 5475 igitur
1353 5400 1548 5456 videris
1569 5441 1582 5462 ,
1625 5397 1822 5452 dilecte
1847 5435 1860 5459 ,
1895 5393 2238 5446 tentationem
2274 5405 2414 5444 nunc

832 5498 1047 5570 quidem
1095 5497 1409 5550 exstinctam
1436 5531 1452 5557 ,
1494 5503 1708 5544 rursum
1752 5494 1930 5539 autem
1979 5494 2294 5544 accensam,
2349 5495 2416 5533 ne

832 5591 1014 5644 animo
1053 5587 1298 5641 conci-las
1338 5599 1438 5636 neu
1479 5579 1745 5640 refugias;
1793 5574 1885 5630 sed
1929 5573 2120 5628 bonam
2149 5587 2297 5641 spem
2332 5583 2408 5625 te-

899 5709 916 5735 ι
953 5701 1092 5750 Savil.
1115 5699 1240 5748 hunc
1263 5699 1380 5746 item
1397 5698 1444 5743 in
1461 5693 1680 5752 margine
1700 5689 1888 5739 titulum
1913 5685 2070 5736 adfert
2095 5700 2106 5735 :
2137 5685 2418 5752 Exhortatio

839 5768 899 5815 de
922 5759 1204 5814 ttitstittctttitt
1218 5755 1502 5822 juramrn:£,
1543 5750 1587 5802 et
1613 5752 1738 5810 quod
1762 5753 2033 5822 frequenter
2044 5754 2292 5810 Jm'antcm
2315 5750 2414 5808 frc-

852 5833 994 5875 ἰιιοηιι
1013 5837 1039 5869 r
1059 5823 1200 5873 ctittm
1219 5819 1440 5879 "nHrjm-tn
1455 5831 1478 5866 ι’
1505 5827 1692 5864 necesse
1717 5819 1799 5863 est.

2511 1683 2655 1722 neas.
2693 1671 2816 1723 illud
2847 1672 2980 1726 intra
3015 1673 3236 1741 Ieipsutn
3261 1675 3601 1742 ratiocinans,
3633 1683 3770 1750 quod
3795 1701 3898 1736 non
3927 1699 4082 1753 pero-

2504 1773 2594 1811 sus
2624 1773 2722 1812 nec
2749 1771 3019 1815 aversatus
3051 1777 3148 1815 nos
3177 1763 3312 1816 Dens
3339 1763 3670 1820 inimicorum
3699 1771 3941 1825 manibus
3971 1781 4080 1826 tra-

2502 1849 2624 1912 dat,
2658 1851 2750 1903 sed
2779 1851 3122 1906 studiosiores
3147 1862 3201 1906 et
3228 1853 3328 1907 sibi
3371 1853 3538 1922 magis
3584 1854 3868 1913 familiares
3899 1859 4080 1916 facere

2504 1940 2704 1993 volens.
2738 1940 2813 1995 Ne
2843 1943 2998 2012 igitur
3026 1945 3260 1997 animum
3292 1943 3716 2014 despondeamus
3735 1988 3749 2008 ,
3779 1963 3878 2002 nec
3905 1962 4082 2004 muta-

2505 2035 2702 2086 tionem
2733 2033 2784 2085 in
2818 2035 3003 2089 melius
3034 2037 3395 2104 desperemus.
3428 2037 3519 2090 sed
3548 2039 3874 2094 celeri-imam
3901 2059 4084 2111 spere-

2502 2137 2621 2176 mus
2650 2122 2762 2176 fore
2791 2126 3244 2193 tranquillitatem,
3269 2135 3322 2181 et
3344 2127 3580 2180 omnium
3602 2131 3791 2197 quibus
3816 2133 4078 2200 agitantur

2503 2215 2818 2267 tumultuum
2851 2215 3007 2268 linem
3041 2217 3091 2269 in
3127 2219 3287 2270 Deum
3321 2219 3677 2288 projicieutes,
3713 2237 3920 2275 rursum
3949 2239 4082 2277 con-

2499 2313 2644 2357 sueta
2675 2304 3029 2374 attingamus,
3075 2308 3388 2377 solitamque
3433 2309 3484 2362 in
3527 2311 3756 2364 medium
3787 2313 4082 2366 doctrinam

2501 2395 2852 2463 producamus
2878 2399 2892 2427 '
2921 2417 2932 2450 :
2965 2414 3148 2453 rursus
3189 2401 3328 2452 enim
3361 2400 3510 2454 vobis
3539 2404 3605 2455 dc
3635 2401 3820 2456 eadem
3863 2405 4084 2457 materia

2500 2487 2678 2540 dicere
2705 2488 2844 2552 volo,
2872 2500 2926 2541 ut
2952 2487 3017 2542 de
3049 2499 3226 2543 mente
3258 2501 3430 2544 vestra
3455 2491 3692 2560 improba
3717 2491 3925 2561 jurandi
3953 2509 4084 2548 con-

2501 2579 2727 2634 suetudo
2759 2581 3006 2634 radicitus
3037 2582 3312 2636 ereliatur.

2579 2691 2770 2745 Iterum
2796 2703 2971 2746 contra
2989 2694 3298 2760 juramenta.
3322 2723 3388 2732 -
3415 2693 3613 2748 Idcirco
3635 2711 3851 2748 necesse
3873 2711 4081 2749 rursum

2507 2782 2568 2834 ad
2601 2782 2842 2836 c-nudem
2877 2782 3160 2851 confugere
3200 2783 3656 2850 supplicationem.
3691 2785 3896 2838 Etenim
3927 2797 4083 2838 antea

2505 2889 2598 2926 vos
2629 2873 2804 2942 rogavi
2829 2916 2843 2938 ,
2879 2882 2934 2926 ttt
2961 2873 3180 2928 Joannis
3211 2885 3367 2943 caput
3395 2874 3685 2928 abscissum
3714 2874 3886 2928 adhuc
3912 2876 4085 2928 calido

2504 2979 2694 3017 cruore
2720 2963 2990 3017 destillans
3020 2963 3414 3026 sumentes,sic
3439 2963 3652 3017 domum
3683 2965 3905 3034 quisque
3933 2979 4082 3018 suam

2505 3051 2733 3106 redeatis
2757 3093 2773 3119 ,
2803 3061 2856 3106 et
2887 3053 3078 3122 putetis
3109 3062 3230 3106 ante
3262 3053 3444 3106 oculos
3473 3052 3668 3107 habere
3699 3055 3868 3122 ipsum
3900 3069 4082 3109 vocem

2505 3145 2834 3198 emittentem
2878 3153 2932 3198 et
2975 3143 3237 3198 dicentem
3283 3163 3294 3196 :
3338 3143 3471 3198 Odio
3501 3143 3689 3198 habete
3732 3143 4082 3213 jugulatoretn

2505 3249 2682 3288 meum
2719 3233 3100 3302 juramentum.
3147 3233 3296 3299 Quod
3326 3233 3616 3302 increpatio
3645 3249 3749 3286 non
3780 3233 3942 3299 fecit,
3983 3233 4085 3289 hoc

2507 3327 2630 3379 fecit
2675 3325 3035 3394 juramentum
3068 3344 3080 3379 :
3113 3325 3252 3394 quod
3298 3325 3373 3378 ira
3423 3341 3526 3378 non
3574 3325 3740 3394 potuit
3787 3323 4083 3394 tyrannica,

2508 3417 2608 3471 hoc
2643 3417 2858 3484 perjurii
2899 3417 3184 3470 necessitas
3212 3415 3403 3468 effecit.
3436 3415 3576 3469 Sane
3605 3414 3813 3484 quando
3840 3415 4088 3468 omnibus

2509 3507 2716 3576 publice
2741 3507 3076 3561 audientibus
3101 3505 3447 3574 arguebatur,
3479 3505 3890 3572 iucrepationeui
3922 3519 4085 3574 gene-

2508 3612 2628 3651 rose
2675 3596 2793 3650 tulit
2839 3607 3130 3666 tyrannus;
3183 3610 3302 3648 cum
3334 3608 3460 3648 vero
3494 3609 3552 3648 se
3589 3596 3640 3646 in
3665 3594 4086 3662 juranientortnn

2505 3687 2876 3743 necessitatem
2904 3685 3099 3756 adegit,
3129 3697 3254 3740 tunc
3279 3685 3407 3739 illud
3433 3685 3640 3738 beatum
3664 3694 3820 3752 caput
3844 3682 4084 3736 abstidit.

2505 3780 2618 3834 l'loc
2647 3780 2820 3850 ipsmn
2849 3777 3007 3848 igitur
3035 3787 3089 3830 et
3117 3791 3258 3830 nunc
3301 3785 3420 3845 peto
3443 3817 3456 3838 ,
3503 3783 3556 3828 et
3593 3785 3770 3844 petere
3816 3790 3917 3827 non
3947 3773 4088 3828 desi-

2509 3883 2644 3927 stam
2667 3915 2682 3939 ,
2717 3882 2773 3926 ut
2798 3886 3129 3942 quocumque
3159 3869 3446 3922 abierimus
3465 3908 3478 3928 ,
3513 3866 3613 3919 hoc
3641 3875 3908 3934 gestantes
3931 3873 4090 3932 caput

2511 3965 2763 4018 abeamus
2782 4005 2796 4028 ,
2824 3971 2878 4016 et
2906 3961 3156 4014 omnibus
3182 3959 3525 4013 ostendamus
3569 3957 3805 4011 clamans
3843 3967 3898 4010 et.
3939 3957 4090 4024 jura-

2514 4061 2687 4108 menta
2736 4053 3062 4120 vituperans.
3127 4049 3378 4116 Quamvis
3433 4061 3664 4116 namque
3719 4045 3872 4098 valde
3923 4046 4091 4098 simus

2516 4143 2685 4210 ignavi
2733 4150 2786 4193 et
2835 4133 3197 4209 negfigentes,
3246 4137 3434 4205 capitis
3482 4135 3620 4190 illius
3663 4136 3846 4190 oculos
3893 4135 4090 4198 intuiti,

2517 4231 2821 4286 terribiliter
2863 4243 2959 4281 nos
2989 4228 3332 4296 respicientes
3357 4267 3370 4292 ,
3403 4233 3454 4279 et
3484 4226 3745 4278 minantes
3768 4224 4090 4293 jurantibus,

2516 4325 2666 4380 freno
2692 4324 2836 4378 omni
2865 4319 3231 4375 vehementius
3271 4333 3364 4387 per
3390 4319 3632 4372 timorem
3663 4315 3962 4386 huiusmodi
4003 4330 4092 4369 re-

2519 4417 2684 4487 pressi
2711 4457 2724 4478 ,
2753 4413 3001 4467 cohibere
3025 4422 3076 4465 et
3101 4419 3340 4466 avertere
3369 4411 3518 4464 facile
3546 4409 3835 4480 poterimus
3861 4408 4090 4476 linguam

2515 4525 2544 4560 a
2570 4505 2780 4575 jurandi
2813 4504 3118 4572 praecipitio.
3151 4501 3258 4556 Nec
3285 4501 3425 4556 enim
3453 4499 3554 4554 hcc
3583 4499 3750 4552 solum
3780 4497 3939 4550 habet
3967 4499 4092 4551 mali

2511 4599 2893 4666 juratnentum,
2940 4593 3077 4662 quod
3104 4601 3156 4646 et
3186 4599 3495 4646 temeratum
3525 4599 3576 4644 et
3603 4597 3866 4642 servatum
3891 4587 4094 4654 juratos

2522 4703 2693 4759 paenae
2719 4685 2876 4740 faciat
2900 4684 3178 4748 olmoxios,
3211 4681 3351 4752 quod
3383 4683 3432 4734 in
3459 4681 3604 4734 nullo
3628 4688 3962 4746 peccatorum
3989 4676 4094 4730 alio

2518 4779 2759 4834 accidere
2783 4776 3040 4845 quispiam
3068 4773 3208 4828 videt
3233 4790 3247 4838 ;
3280 4772 3372 4827 sed
3397 4781 3452 4826 et
3480 4769 3620 4823 aliud
3651 4783 3753 4820 non
3793 4767 3965 4818 minus
3993 4765 4094 4819 isto

2523 4871 2739 4925 malum.
2767 4867 2900 4936 Quid
2927 4873 3101 4920 autem
3125 4865 3226 4920 hoc
3254 4864 3376 4920 est?
3405 4861 3554 4930 Quod
3579 4873 3750 4928 neque
3775 4858 4092 4922 volentibus,

2522 4977 2693 5032 neque
2723 4959 3053 5014 studentibus
3081 4959 3274 5028 Saepius
3321 4953 3572 5026 possibile
3612 4951 3678 5004 sit
3721 4950 3855 5005 bene
3893 4951 4092 5018 jurare.

2521 5053 2699 5109 Primo
2745 5054 2864 5121 quia
2903 5049 3432 5121 frequenterjurans,
3461 5051 3515 5097 et
3553 5041 3734 5094 videns
3786 5051 3840 5094 et
3880 5041 4094 5104 invitus,

2521 5157 2574 5202 et
2604 5146 2842 5200 nesciens
2871 5153 2922 5198 et
2947 5144 3141 5208 sciens,
3171 5149 3224 5196 et
3254 5139 3393 5192 serio
3413 5143 3466 5190 et
3491 5134 3634 5203 joco,
3661 5141 3714 5186 et
3753 5130 3820 5184 ab
3843 5133 3917 5186 ira
3957 5147 4098 5202 saepe

2522 5238 2690 5292 elatus
2711 5245 2765 5292 et
2792 5251 2822 5290 a
2849 5235 3026 5290 nntltis
3052 5233 3192 5297 aliis,
3219 5227 3436 5284 omnino
3464 5223 3743 5295 peierabit.
3778 5223 3842 5276 Et
3867 5221 3949 5276 his
3970 5237 4100 5276 con-

2523 5329 2742 5384 tradicat
2785 5343 2939 5382 nemo
2982 5343 2994 5380 :
3029 5338 3194 5392 usque
3239 5317 3374 5373 adeo
3423 5315 3634 5385 planum
3680 5322 3734 5368 et
3761 5311 4099 5368 manifestum

2522 5431 2634 5488 est,
2663 5419 2804 5491 quod
2830 5419 3054 5474 multum
3079 5416 3344 5486 jurantem
3367 5449 3381 5474 ,
3415 5406 3683 5478 perjurum
3713 5421 3830 5462 esse
3857 5419 4102 5460 necessa-

2587 5602 2601 5630 ι
2638 5607 2740 5646 sar.
2767 5603 2891 5658 post,
2909 5591 3230 5658 proﬁcientes,
3252 5583 3325 5658 sic
3347 5581 3526 5658 habet;
3548 5573 4103 5658 araneanius‘prontnpaf

2523 5660 2607 5710 θειε
2630 5641 2851 5720 diuisi
2860 5641 3084 5716 ὶὶςὶεοέῖεες
3107 5653 3152 5698 ει
3175 5641 3594 5720 “asciscere
3607 5641 4100 5720 («erraremus

2524 5699 3276 5779 ἶιίξὶἦὲιῖῖἐξ”ἑρὃῗῦέὶ-ὄὲυπδιηεια
3296 5699 3530 5768 attntgani
3553 5699 3727 5753 iterum
3751 5699 4030 5760 soliumque
4053 5699 4102 5745 ιη

2527 5769 2738 5832 inediam
2761 5769 3027 5828 docutrimm
3051 5769 3330 5836 producam.
