4414 6686
416 388 515 444 ιιδ

409 503 543 556 rium
573 504 661 559 sit.
706 506 988 573 Secundo,
1018 508 1117 563 etsi
1147 521 1253 561 non
1296 518 1476 577 raptus
1496 551 1512 575 ,
1553 522 1645 565 aut
1689 513 1888 567 invitus
1914 520 2007 567 aut

408 592 657 661 ignorans
693 596 794 651 hoc
823 598 1071 667 patiatur,
1100 595 1167 649 ab
1196 596 1309 664 ipsa
1338 598 1413 652 rei
1443 608 1649 663 natura,
1682 611 1732 654 et
1758 601 2004 654 volunta-

406 683 519 738 rius
547 694 601 740 et
628 688 803 741 sciens
830 686 1054 740 omnino
1086 686 1325 754 pejcrare
1362 699 1596 759 cogetur.
1629 690 1836 760 Saepius
1858 692 1997 745 enim

407 774 551 830 domi
598 778 751 831 nobis
795 776 1210 845 prandentibus,
1245 787 1298 832 et
1339 796 1612 836 servorum
1653 783 1829 850 aliquo
1873 798 1997 850 pec-

406 878 595 932 cante,
629 882 687 920 se
729 866 877 917 illum
921 864 1298 934 flagellaturatn
1332 887 1467 925 uxor
1492 871 1688 939 juravit
1711 910 1727 935 ,
1770 887 1890 924 mox
1920 873 1996 926 vir

410 960 735 1011 contrarium
764 957 960 1023 jnravit
985 999 999 1021 ,
1051 971 1103 1013 ct
1144 964 1364 1025 restitit,
1402 978 1499 1015 nec
1548 963 1787 1029 permisit
1814 965 1850 1015 ¹.
1898 964 1993 1021 llic

408 1047 664 1116 quid-prid
700 1047 937 1110 fecerint,
965 1064 1178 1105 necesse
1204 1064 1283 1105 est
1310 1053 1530 1105 omnino
1562 1054 1844 1120 perjurium
1868 1072 1989 1109 cutt-

408 1138 553 1191 stitui
587 1154 599 1188 :
632 1151 731 1188 nec
771 1139 910 1190 enim
940 1141 1233 1195 volentibus
1279 1144 1408 1210 ip-is
1444 1151 1496 1194 et
1522 1142 1857 1197 studentibus
1881 1145 1988 1214 jam

407 1239 489 1283 est
538 1229 789 1295 possibile
834 1234 1098 1287 custodire
1146 1235 1547 1303 juramentum;
1602 1235 1695 1289 scd
1740 1236 1990 1305 quidquid

407 1320 647 1384 accidat,
691 1321 919 1388 ipsorum
966 1326 1102 1379 alter
1142 1326 1354 1394 perjurii
1404 1341 1525 1379 reus
1554 1327 1676 1391 lict,
1707 1327 1787 1381 vel
1820 1329 1993 1396 ponus

407 1410 585 1474 ambo,
616 1408 716 1464 hoc
743 1414 942 1467 scilicet
969 1416 1148 1479 modo,
1177 1432 1335 1485 quem
1366 1416 1538 1470 dicam
1566 1435 1578 1470 :
1613 1418 1713 1473 hoc
1743 1419 1884 1472 enim
1912 1428 1994 1472 est

407 1499 739 1555 admirabile.
769 1501 981 1558 Juratus
1025 1521 1083 1559 se
1108 1506 1495 1576 flagellaturum
1539 1523 1750 1562 servum
1779 1509 1860 1562 vel
1890 1525 1991 1563 an-

406 1590 638 1644 cillulam
663 1633 678 1654 ,
721 1604 903 1663 postea
934 1597 1228 1665 prohibitus
1249 1638 1263 1660 ,
1295 1606 1348 1651 et
1393 1599 1506 1665 ipse
1536 1599 1815 1666 pejeravit,
1858 1617 1992 1670 quo-

406 1680 549 1734 niam
581 1698 684 1736 non
716 1684 838 1739 fecit
862 1688 1001 1755 quod
1026 1687 1224 1755 juravit
1251 1706 1264 1740 :
1290 1697 1344 1741 et
1372 1689 1735 1753 prohibentem
1762 1706 1825 1744 ac
1846 1693 1990 1760 jura-

404 1773 569 1825 menti
602 1775 875 1829 veritatem
906 1776 1284 1843 impedientem
1316 1777 1530 1845 perjurii
1557 1780 1779 1835 crimine
1805 1784 1989 1853 alliga-

405 1864 500 1916 vit.
539 1862 653 1918 Non
684 1867 826 1919 enim
874 1867 1173 1935 peierantes
1216 1876 1422 1921 tantum
1446 1910 1459 1933 ,
1503 1869 1596 1923 sed
1627 1871 1743 1926 aliis
1785 1888 1991 1942 quoque

402 1957 776 2010 necessitatem
806 1957 944 2010 hanc
967 1957 1275 2025 afferentes,
1303 1961 1613 2015 earumdem
1638 1964 1711 2017 rei
1739 1974 1861 2017 sunt
1889 1970 1991 2019 cri-

403 2046 605 2099 minum
639 2063 652 2097 :
684 2062 786 2100 nec
832 2047 975 2100 domi
1030 2057 1229 2102 tantum
1255 2090 1270 2115 ,
1303 2050 1397 2104 sed
1438 2062 1494 2105 et
1536 2054 1589 2105 in
1637 2054 1846 2121 publico
1894 2056 1993 2111 hoc

403 2137 669 2205 quispiam
702 2139 812 2192 fieri
848 2141 1060 2207 videat,
1093 2150 1146 2194 et
1188 2143 1239 2195 in
1273 2147 1460 2213 pugnis
1492 2148 1754 2209 maxime,
1782 2151 1995 2217 quando

406 2226 547 2280 inter
572 2242 629 2281 sc
661 2239 955 2297 pugnantes
984 2232 1249 2286 contraria
1270 2233 1452 2301 jurant
1483 2251 1495 2286 :
1529 2233 1615 2288 hic
1641 2236 1853 2305 quidem
1880 2254 1996 2292 ver-

405 2318 740 2387 beraturum,
772 2322 859 2375 ille
882 2338 1009 2377 vero
1034 2340 1137 2378 non
1168 2327 1499 2380 verberatum
1528 2327 1589 2381 iri
1623 2346 1635 2380 :
1666 2328 1751 2383 hic
1778 2332 1993 2397 pallium

404 2426 465 2466 se
493 2413 792 2467 ablaturum
814 2457 828 2480 ,
875 2416 967 2470 ille
996 2432 1099 2471 non
1141 2420 1524 2488 permissurum
1554 2438 1569 2474 :
1603 2422 1688 2475 hic
1714 2438 1993 2491 argen'utn

402 2518 462 2557 se
490 2506 861 2571 repetiturum,
896 2507 985 2561 ille
1009 2524 1135 2561 vero
1160 2524 1219 2563 se
1249 2526 1354 2562 non
1385 2510 1715 2565 redditurum
1744 2532 1756 2564 :
1783 2522 1839 2567 et
1860 2515 1996 2566 mul-

404 2603 455 2644 ta
499 2593 601 2645 alia
641 2595 1027 2650 contendentes
1069 2598 1249 2667 jurant
1288 2600 1612 2669 bujusmodi.
1648 2603 1759 2658 lloc
1786 2621 1913 2660 vero
1941 2616 1995 2661 et

404 2681 459 2735 in
487 2682 713 2736 officinis
740 2693 793 2736 et
822 2686 1021 2739 scholis
1040 2688 1301 2756 quispiam
1322 2692 1536 2746 evenire
1562 2694 1757 2748 videat.
1786 2694 1994 2765 Stepius

405 2772 602 2840 quippe
649 2774 838 2828 artifex
885 2774 1203 2844 discipulum
1244 2780 1521 2836 comedere
1560 2791 1614 2836 et
1660 2784 1841 2841 bibere
1882 2802 1989 2841 non

405 2862 552 2930 prius
576 2878 635 2917 se
663 2864 1045 2933 permissurum
1074 2882 1192 2920 esse
1217 2868 1448 2937 juravit,
1480 2889 1631 2941 quam
1659 2885 1823 2929 totum
1857 2893 1991 2946 opus

405 2953 701 3023 injunctum
729 2957 1044 3025 expedierit.
1078 2960 1189 3015 Hoc
1213 2974 1392 3017 autem
1421 2974 1475 3018 et
1514 2966 1828 3038 pzedagogus
1848 2984 1990 3037 saepe

406 3043 461 3097 in
488 3060 708 3112 puerum
738 3056 791 3101 et
815 3048 868 3101 in
893 3049 1141 3104 ancillam
1165 3052 1379 3106 domina
1410 3054 1532 3108 fecit
1558 3072 1571 3108 :
1594 3065 1649 3109 et
1668 3072 1884 3112 necesse
1910 3070 1989 3113 est

406 3137 815 3203 superveniente
842 3154 1105 3207 vespere,
1153 3152 1208 3196 et
1251 3158 1414 3212 opere
1457 3160 1561 3200 non
1613 3148 1865 3217 impleto,
1909 3152 1988 3205 vel

406 3224 549 3281 fame
593 3242 699 3282 non
744 3230 1092 3298 expedientes
1119 3235 1369 3302 absumi,
1414 3238 1496 3291 vel
1537 3240 1744 3307 juratos
1776 3244 1992 3297 omnino

407 3320 669 3389 pejcrare.
720 3322 981 3394 Malignus
1021 3329 1166 3382 enim
1196 3329 1406 3385 dzrmon
1450 3332 1542 3388 ille
1585 3334 1740 3390 bonis
1783 3353 1993 3408 semper

408 3415 607 3467 nostris
632 3414 885 3469 insidians
909 3418 1112 3482 adstat,
1145 3431 1200 3475 et
1230 3421 1658 3490 jussu-culorum
1701 3431 1994 3483 necessita-

410 3512 516 3556 tem
538 3506 777 3570 audiens,
802 3506 852 3559 in
877 3515 1144 3576 torporem
1164 3511 1429 3566 obnoxios
1457 3515 1700 3583 impellit,
1728 3519 1809 3572 vel
1831 3519 1992 3572 aliam

407 3595 625 3648 molitur
648 3595 1014 3652 difﬁcultatem
1038 3640 1051 3662 ,
1087 3609 1145 3654 ut
1172 3616 1278 3655 non
1310 3602 1528 3672 impleto
1556 3621 1719 3674 Opere
1743 3616 1800 3661 et
1828 3611 1994 3679 plaga:

406 3695 461 3738 et
488 3688 823 3741 contumelia:
850 3697 905 3742 et
942 3690 1173 3758 perjuria
1213 3702 1266 3746 et
1306 3692 1507 3747 inﬁnita
1549 3697 1649 3749 alia
1680 3698 1816 3751 mala
1844 3698 1988 3752 fiant.

407 3778 555 3832 Sicut
592 3779 734 3832 enim
766 3781 915 3849 pueri
949 3783 1236 3837 funiculum
1269 3784 1483 3853 longum
1514 3797 1567 3840 ct
1592 3799 1898 3857 corruptum
1926 3805 1991 3844 ex

409 3870 678 3923 eontrario
700 3871 842 3925 inter
866 3886 926 3926 se
953 3872 1222 3927 trahentes
1247 3889 1366 3928 cum
1396 3877 1563 3930 multo
1593 3881 1790 3947 impetu
1818 3881 1994 3949 supini

409 3974 598 4015 omnes
625 3961 824 4014 cadunt
869 3961 1107 4018 funiculo
1150 3980 1244 4034 per
1274 3966 1505 4020 medium
1536 3968 1814 4038 disrupto,
1859 3981 1914 4025 et
1943 3972 1993 4024 hi

410 4051 624 4120 quidem
651 4053 845 4122 capite,
871 4055 945 4109 illi
971 4071 1103 4111 vero
1131 4059 1233 4112 alia
1258 4060 1497 4127 corporis
1526 4072 1672 4129 parte
1701 4062 1993 4118 feriuntur:

411 4147 490 4198 sic
514 4154 569 4199 et
596 4145 734 4199 inter
763 4162 823 4201 se
851 4151 1117 4203 contraria
1142 4150 1415 4219 jnrantes,
1439 4152 1747 4221 juramento
1784 4172 1881 4225 pro
1908 4172 1991 4209 re-

412 4253 531 4291 rum
561 4238 880 4294 necessitate
905 4240 1170 4310 disrupto,
1201 4244 1253 4297 in
1287 4244 1502 4312 perjurii
1532 4246 1839 4301 barathrum
1868 4251 1997 4302 ulri-

412 4348 517 4402 que
542 4331 769 4399 cadunt,
803 4332 857 4387 hi
899 4335 1113 4403 quidem
1159 4336 1471 4406 pejerando,
1506 4338 1578 4392 illi
1609 4354 1735 4393 vero
1778 4340 1991 4409 perjurii

411 4440 630 4482 causam
674 4426 792 4480 aliis
821 4427 1124 4495 prmbendo.

484 4517 541 4572 2.
570 4517 657 4572 Ea:
676 4516 849 4571 Sutilis
875 4518 1084 4571 historia
1102 4520 1515 4588 juramentarum
1542 4524 1805 4591 perniciem
1832 4536 1997 4579 osten-

412 4609 510 4661 dit.
538 4638 610 4648 —
636 4607 705 4662 Et
730 4617 788 4661 ut
815 4608 917 4662 hoc
952 4624 1055 4662 non
1097 4618 1298 4664 tantum
1336 4628 1401 4666 ex
1434 4614 1497 4667 iis
1521 4630 1640 4681 qua:
1666 4615 1898 4684 quotidie
1942 4617 1993 4669 in

413 4696 666 4751 domibus
690 4705 743 4750 et
769 4697 956 4765 plateis
983 4697 1134 4762 fiunt,
1158 4698 1252 4752 sed
1281 4701 1442 4755 etiam
1468 4716 1533 4756 ex
1564 4703 1691 4773 ipsis
1713 4704 1996 4772 Scripturis

413 4789 486 4842 sit
525 4788 861 4842 manifestum
886 4829 902 4853 ,
947 4789 1216 4858 antiquam
1255 4791 1406 4846 vobis
1450 4796 1731 4863 quamdam
1771 4797 1997 4849 narrabo

419 4879 694 4933 historiam
720 4880 877 4934 dictis
905 4882 1327 4937 convenientem.
1361 4883 1553 4940 llos-tes
1597 4888 1877 4959 aliquando
1900 4889 1995 4943 Ju-

415 4973 566 5026 dteos
581 4988 700 5026 cum
725 4972 1061 5035 invasissent,
1078 4989 1269 5043 eosque
1290 4975 1547 5033 Junathas
1566 4995 1841 5050 aggressus
1856 4990 1997 5036 esset

416 5066 528 5139 (hic
552 5075 729 5121 autem
754 5075 869 5121 erat
889 5066 1063 5122 Sat'tlis
1092 5068 1271 5138 illius),
1292 5081 1346 5123 et
1375 5068 1473 5124 hos
1498 5073 1709 5140 quidem
1739 5074 1996 5127 trucidas-

416 5168 521 5221 set,
566 5158 685 5213 illos
738 5173 867 5213 vero
911 5158 963 5211 in
1010 5158 1183 5227 fugam
1228 5162 1619 5217 convertisset:
1648 5167 1828 5219 volens
1869 5165 1996 5219 Saul

420 5250 579 5318 hujus
626 5260 778 5319 pater
814 5251 1040 5320 amplius
1069 5260 1251 5305 contra
1279 5251 1512 5321 reliquos
1536 5259 1821 5310 exercitum
1852 5257 2000 5311 exci-

420 5353 555 5405 tare,
586 5353 638 5395 et
666 5342 840 5399 facere
868 5362 932 5399 ne
967 5344 1113 5412 prius
1136 5344 1416 5400 absustt-ret
1439 5388 1453 5410 ,
1486 5364 1643 5417 quam
1689 5368 1871 5406 omnes
1902 5368 1999 5422 op-

420 5432 737 5501 pressisset,
784 5435 1109 5489 contrarium
1152 5450 1308 5505 quam
1351 5436 1549 5502 voluit,
1586 5439 1751 5495 fecit:
1794 5443 2002 5512 juratus

420 5523 691 5578 neminem
741 5538 908 5593 usque
958 5526 1025 5580 ad
1074 5541 1348 5596 vesperam
1408 5542 1597 5595 panem
1644 5545 2000 5590 comesturum

423 5630 593 5685 usque
618 5613 684 5667 ad
714 5614 944 5669 hostium
971 5616 1225 5672 ultionem
1252 5632 1487 5672 suorum.
1518 5618 1653 5687 Quid
1690 5638 1879 5693 nempe
1907 5625 2005 5681 hac

489 5771 525 5839 ε.
540 5767 681 5839 savii.
700 5778 762 5839 (ιιΔ
773 5768 965 5830 plurimi
988 5772 1309 5839 Manuscripti,
1330 5780 1638 5826 contrarium
1652 5778 1841 5839 Juram't
1859 5787 1904 5832 et
1928 5795 2004 5832 rc-

423 5829 543 5883 uin't
563 5832 846 5883 contenditis
869 5838 914 5883 ct
935 5846 1026 5885 non
1050 5829 1342 5898 pernitiem.

1294 396 1386 451 AD
1423 396 1741 456 POPULUM
1781 401 2271 463 ANTIOCHENUM
2332 410 2561 470 llOMlL.
2604 416 2738 476 ΧΠ.

3586 443 3687 499 NO

2111 532 2170 571 re
2212 522 2428 580 stultius
2472 527 2584 583 fieri
2632 533 2854 601 posset?
2900 535 3167 608 Fatigalos
3205 545 3377 609 enim,
3420 555 3473 600 et
3508 547 3689 607 labore

2104 616 2275 671 multo
2317 632 2530 687 pressos
2572 624 2764 680 milites
2805 643 2924 682 cum
2964 632 3262 689 refoeillare
3290 636 3595 705 debuisset,
3636 654 3688 697 et

2106 706 2353 766 fortiores
2399 711 2638 769 hostibus
2671 717 2988 786 immittere,
3029 724 3275 781 hostibus
3306 729 3434 798 ipsis
3472 735 3685 802 gravius

2102 816 2195 854 eos
2228 802 2443 868 habuit,
2474 822 2568 873 per
2590 809 2875 875 juramenti
2903 818 3270 873 necessitatem
3313 819 3440 875 fami
3478 827 3684 892 gravisc

2101 894 2250 983 simae
2292 893 2435 961 ipsos
2468 897 2681 951 tradens
2716 901 2792 969 (l.
2822 901 2947 972 Reg.
2976 905 3058 957 M.
3083 907 3170 960 24.
3195 911 3401 981 etsqq.)
3427 927 3442 964 :
3473 915 3684 983 pericu-

2102 981 2272 1035 losum
2318 984 2513 1053 quippe
2551 986 2619 1041 de
2660 992 2835 1058 seipse
2878 995 3179 1061 quempiam
3219 998 3436 1065 jurare;
3475 981 3685 1071 saepius

2098 1077 2239 1129 enim
2268 1091 2296 1129 a
2328 1092 2505 1131 rerum
2528 1080 2921 1138 circumstantia
2953 1088 3231 1155 cogimur;
3259 1091 3482 1145 aliorum
3507 1105 3683 1149 autem

2097 1170 2415 1221 sententiam
2453 1169 2876 1238 juramentorum
2926 1191 3145 1232 suorum
3188 1181 3506 1237 necessitate
3535 1200 3684 1239 enm-

2100 1258 2446 1323 prehendere,
2478 1261 2646 1315 multo
2675 1264 3021 1331 periculosius
3041 1309 3055 1330 ,
3088 1278 3142 1322 et
3167 1271 3397 1325 maxime
3422 1287 3543 1326 cum
3576 1290 3680 1327 non

2098 1346 2164 1397 de
2196 1364 2301 1401 uno
2324 1391 2338 1411 ,
2373 1360 2465 1403 aut
2493 1351 2700 1405 duobus
2729 1352 2812 1406 vel
2860 1354 3026 1407 tribus
3048 1396 3064 1420 ,
3112 1358 3205 1411 sed
3248 1359 3315 1413 de
3346 1361 3683 1417 multitudine

2099 1438 2217 1504 quis
2245 1440 2442 1493 infinita
2462 1442 2607 1509 jnret
2634 1461 2646 1496 :
2676 1444 2813 1498 sicut
2835 1453 2957 1498 tunc
2979 1445 3101 1500 Saul
3126 1448 3513 1505 inconsiderate
3539 1454 3681 1515 fecit,

2103 1542 2272 1595 neque
2300 1531 2544 1597 cogitavit
2586 1533 2950 1590 verisimiliter
2981 1551 3046 1589 ex
3093 1544 3241 1591 tanto
3270 1554 3491 1593 numero
3521 1557 3681 1595 unum

2099 1617 2289 1671 saltem
2315 1619 2669 1687 juramentum
2699 1634 3154 1695 transgressurum
3186 1644 3326 1692 esse,
3357 1646 3530 1701 neque
3559 1646 3687 1687 con-

2097 1709 2353 1764 sideravit
2382 1713 2573 1768 milites
2616 1725 2669 1769 et
2706 1717 2906 1773 milites
2945 1730 3274 1788 pugnantes,
3322 1731 3376 1776 et
3405 1724 3628 1778 multum
3655 1739 3685 1778 a

2099 1800 2433 1870 philosophia
2480 1803 2681 1859 alienos
2722 1818 2960 1862 ventrem
2992 1811 3209 1864 vincere
3250 1826 3355 1865 non
3407 1828 3596 1881 posse.
3629 1822 3686 1868 et

2098 1894 2330 1947 maxime
2357 1908 2479 1948 cum
2523 1896 2670 1950 labor
2697 1899 2766 1951 sit
2807 1899 3087 1966 plurimus.
3118 1901 3223 1955 Sed
3252 1901 3369 1956 lucc
3392 1904 3569 1956 omnia
3600 1905 3686 1959 ille

2096 1984 2398 2053 despiciens
2423 2025 2439 2051 ,
2474 1995 2741 2055 tamquam
2773 1989 2841 2042 de
2883 2006 2987 2043 uno
3032 2000 3239 2045 tantum
3282 2007 3439 2046 servo
3475 1992 3682 2060 jurans,

2097 2093 2253 2144 quem
2283 2077 2440 2132 facile
2466 2079 2719 2133 cohibere
2748 2090 2946 2148 posset,
2978 2082 3055 2135 sic
3079 2083 3143 2137 de
3165 2086 3309 2136 onmi
3338 2084 3685 2138 ratiocinatus

2097 2178 2175 2221 est
2204 2171 2462 2224 exercitu.
2492 2170 2561 2225 Et
2586 2170 2708 2225 ideo
2730 2180 2933 2225 tantum
2956 2172 3169 2227 diabolo
3208 2175 3409 2229 aditum
3450 2177 3682 2244 aperuit,

2101 2268 2153 2311 ut
2196 2276 2300 2313 non
2332 2260 2491 2315 modo
2520 2262 2626 2315 duo
2664 2272 2718 2316 et
2764 2263 2865 2317 tria
2908 2273 2960 2318 et
2990 2275 3218 2333 quatuor
3241 2306 3255 2328 ,
3302 2265 3396 2320 sed
3439 2276 3492 2320 et
3520 2267 3685 2321 multo

2102 2351 2247 2418 plura
2279 2351 2381 2406 hoc
2408 2368 2473 2408 ex
2498 2354 2802 2421 juramento
2833 2356 2979 2409 brevi
3012 2365 3252 2424 tempore
3284 2356 3510 2426 perjuria
3540 2366 3687 2411 texe-

2101 2450 2197 2494 ret.
2243 2442 2392 2496 Sicut
2418 2445 2560 2498 enim
2590 2460 2711 2497 cum
2757 2446 2888 2499 nihil
2928 2447 3148 2500 omnino
3186 2448 3463 2515 juramus,
3495 2462 3685 2502 omnes

2102 2531 2198 2596 ipsi
2229 2531 2401 2585 aditus
2427 2532 2754 2587 obstruimus
2784 2553 2799 2592 :
2831 2536 2899 2588 ita
2931 2536 2975 2589 si
3015 2552 3175 2590 unum
3219 2537 3495 2591 dumtaxat
3531 2537 3684 2606 jura—

2102 2631 2337 2677 mentum
2369 2624 2707 2679 omiserimus
2732 2666 2745 2688 ,
2798 2627 2897 2694 ipsi
2940 2642 3181 2696 magnam
3232 2628 3432 2681 iulinita
3463 2644 3684 2698 compo-

2101 2715 2263 2769 nendi
2292 2716 2521 2787 perjuria
2564 2726 2877 2782 potestatem
2919 2719 3239 2788 prmbemus.
3268 2718 3337 2773 Et
3361 2719 3502 2772 sicut
3530 2719 3563 2772 ii
3594 2718 3683 2788 qui
3764 2707 3771 2715 ’

2098 2816 2316 2863 catenas
2340 2810 2691 2877 complicant,
2724 2810 2768 2864 si
2805 2826 2927 2865 eum
2956 2811 3043 2880 qui
3072 2821 3228 2879 caput
3261 2821 3403 2865 tenet
3432 2810 3680 2874 habeant,

2098 2897 2251 2953 facile
2278 2908 2333 2953 et
2355 2898 2637 2970 diligenter
2663 2909 2824 2955 totam
2853 2902 3139 2967 expediunt
3164 2900 3421 2955 nodorum
3452 2900 3679 2955 seriem:

2096 2987 2142 3041 si
2164 3003 2291 3043 vero
2315 2990 2403 3058 qui
2433 2988 2594 3044 faciat
2624 2991 2723 3045 hoc
2744 2990 2883 3045 adsit
2909 3005 3086 3057 nemo,
3110 3006 3209 3045 nec
3234 2992 3439 3045 initium
3466 2991 3681 3061 aggredi

2096 3088 2359 3149 possunt:
2387 3081 2577 3135 eodem
2620 3082 2778 3134 modo
2805 3082 3048 3136 diabolus
3090 3098 3300 3152 quoque
3343 3093 3680 3152 peccatorum

2096 3180 2400 3225 nostrorum
2431 3182 2647 3226 catenas
2675 3182 2916 3236 nectens,
2946 3172 3046 3226 nisi
3074 3187 3103 3226 a
3129 3172 3303 3242 lingua
3330 3184 3509 3227 nostra
3535 3172 3684 3243 prin-

2095 3260 2289 3329 cipium
2337 3261 2531 3327 ducat,
2581 3276 2679 3316 nec
2722 3261 2934 3331 aggredi
2979 3262 3189 3330 quidem
3220 3264 3428 3331 possit;
3471 3263 3515 3317 si
3554 3277 3682 3317 vero

2098 3365 2195 3404 nos
2243 3351 2559 3420 principium
2595 3351 2871 3405 dumtaxat
2916 3350 3238 3416 fecerimus,
3296 3353 3473 3422 lingua
3528 3353 3681 3422 quasi

2100 3457 2280 3504 manu,
2323 3441 2684 3510 juramentum
2728 3441 2882 3496 nobis
2925 3443 3298 3507 retinentibus,
3346 3456 3468 3496 cum
3517 3443 3680 3497 multa

2095 3534 2204 3602 jam
2234 3533 2442 3587 licentia
2485 3532 2770 3603 malignam
2808 3543 2975 3587 artem
3015 3549 3163 3588 suam
3204 3542 3438 3596 exercet,
3482 3549 3549 3588 ex
3576 3549 3682 3586 uno

2094 3623 2398 3691 juramento
2429 3623 2707 3677 innumera
2736 3638 3062 3692 componens
3089 3632 3142 3678 et
3184 3634 3371 3678 texens
3412 3625 3680 3694 periuria:

2097 3713 2238 3782 quod
2285 3716 2519 3781 profecto
2557 3724 2611 3768 et
2649 3729 2792 3769 nunc
2836 3716 2887 3768 in
2930 3714 3093 3771 Saﬁle
3136 3716 3221 3770 hic
3258 3716 3450 3770 effecit.
3493 3717 3683 3784 Aspice

2099 3820 2291 3873 nempe
2317 3804 2487 3873 qualis
2518 3807 2618 3859 hoc
2656 3806 2962 3873 juramento
2993 3807 3215 3875 laqueus
3254 3808 3511 3860 exoritur.
3560 3808 3682 3877 Syl-

2102 3913 2217 3950 vam
2243 3898 2545 3966 prmteribat
2565 3900 2831 3953 exercitus
2859 3899 3114 3966 apiarium
3143 3898 3449 3963 habentem,
3474 3906 3529 3953 ct
3555 3898 3684 3953 illud

2101 4000 2225 4043 ante
2255 3990 2441 4043 faCiClll
2470 3990 2580 4058 agri
2610 3990 2649 4055 ί,
2677 3999 2731 4043 et
2760 3990 3031 4057 ingressus
3061 3998 3142 4044 est
3174 3991 3398 4059 populus
3434 3990 3498 4043 ad
3538 3991 3686 4057 apia-

2102 4081 2277 4145 rium,
2312 4090 2365 4133 ct
2409 4080 2669 4133 transibat
2715 4079 2959 4148 loquens.
3004 4079 3192 4133 Vidisti
3237 4088 3490 4148 quantum
3532 4080 3686 4133 bara-

2104 4170 2317 4224 thrum?
2342 4170 2519 4224 Mensa
2542 4178 3036 4239 extemporanea,ut
3056 4179 3110 4224 et
3129 4170 3417 4224 accedendi
3442 4170 3682 4235 facilitas,

2100 4270 2153 4315 ct
2181 4262 2490 4315 nutrimenti
2520 4263 2785 4326 suavitas,
2817 4272 2870 4315 et
2902 4262 3097 4315 latendi
3123 4276 3246 4329 spes
3276 4262 3328 4314 in
3350 4261 3682 4330 juramento-

2100 4369 2216 4406 rum
2265 4355 2743 4422 transgressionem
2793 4355 2935 4422 ipsos
2972 4353 3231 4409 alliceret.
3263 4352 3394 4407 Nam
3438 4352 3604 4406 fames
3634 4362 3687 4405 et

2101 4445 2249 4499 labor
2278 4455 2329 4499 et
2360 4455 2567 4514 tempus
2590 4444 2795 4515 (Omnis
2813 4445 2979 4510 enim,
3010 4445 3197 4512 inquit,
3223 4454 3357 4497 terra
3382 4441 3687 4513 prandebat)

2102 4539 2179 4605 (1.
2198 4536 2324 4606 Reg.
2350 4538 2430 4591 14.
2449 4534 2543 4606 25)
2568 4547 2692 4589 tunc
2712 4535 2775 4589 ad
2801 4534 3291 4604 pr:cvaricationem
3314 4533 3679 4601 impellebant.

2101 4627 2364 4682 Favorum
2410 4636 2657 4695 aspectus
2698 4640 2909 4695 quoque
2953 4624 3115 4678 animi
3163 4624 3398 4693 vigorem
3447 4623 3681 4686 solvens,

2103 4720 2434 4773 extrinsecus
2476 4719 2620 4787 ipsos
2648 4718 2920 4771 invitabat.
2956 4717 3153 4771 Mensae
3182 4716 3325 4769 enim
3355 4726 3464 4768 tum
3490 4714 3685 4783 jucun-

2101 4810 2273 4873 ditas,
2306 4794 2415 4863 tum
2445 4809 2614 4864 facilis
2650 4817 2934 4878 apparatus
2955 4849 2970 4874 ,
3017 4817 3068 4862 et
3096 4805 3524 4875 deprehendendi
3559 4803 3679 4857 furti

2104 4900 2387 4956 difﬁcultas
2426 4915 2638 4954 onmem
2683 4898 3069 4969 pliilosOphiam
3121 4897 3301 4952 fallere
3333 4905 3591 4965 poterant.
3626 4896 3681 4949 Si

2106 5011 2299 5065 nempe
2318 5011 2506 5053 carnes
2536 4994 2777 5057 fuissent,
2806 5007 2937 5062 quas
2967 4991 3169 5046 elixare
3187 4992 3269 5045 vel
3299 5000 3501 5044 torrere
3529 5003 3688 5057 oporc

2108 5098 2270 5150 teret,
2305 5106 2408 5141 non
2449 5097 2651 5144 tantum
2699 5087 2934 5155 ipsorum
2963 5084 3169 5137 animos
3194 5083 3534 5146 allcxissent,
3564 5096 3685 5134 cum

2109 5184 2159 5235 in
2193 5183 2320 5251 ipsis
2349 5180 2640 5251 coquendis
2670 5186 2724 5233 et
2749 5177 2815 5231 ad
2845 5192 3019 5232 escam
3057 5173 3420 5244 praeparandis
3448 5172 3688 5227 cunctari

2108 5284 2159 5327 et
2190 5274 2399 5327 uirdare
2418 5278 2709 5340 oporteret,
2744 5269 2795 5321 in
2823 5283 2880 5321 re
2922 5264 3248 5334 deprehendi
3274 5273 3646 5333 exspectantes
3675 5280 3689 5315 :

2111 5379 2249 5417 nunc
2278 5380 2404 5419 vero
2436 5364 2504 5417 nil
2535 5371 2649 5416 erat
2677 5359 2779 5412 tale
2802 5400 2817 5422 ,
2862 5357 2955 5411 sed
2987 5356 3091 5410 mel
3120 5356 3291 5410 solum
3313 5396 3327 5419 ,
3376 5354 3464 5408 ubi
3506 5355 3688 5408 labore

2110 5456 2255 5509 tudio
2282 5470 2413 5523 opus
2439 5462 2553 5507 erat
2576 5468 2591 5515 ;
2632 5448 2929 5504 sufficiebat
2963 5456 3140 5499 autem
3171 5459 3438 5498 summum
3465 5444 3685 5512 digitum

2112 5548 2452 5616 intingentem
2483 5559 2549 5598 ex
2580 5555 2762 5596 mensa
2791 5554 3001 5608 capere.
3034 5537 3408 5592 Verumtamen
3436 5536 3511 5590 illi
3541 5535 3685 5604 cupi-

2109 5641 2324 5696 ditatem
2369 5639 2764 5701 continuerunt,
2809 5648 2906 5688 nec
2950 5632 3087 5686 intra
3133 5645 3193 5685 se
3236 5628 3523 5697 dixerunt,
3551 5625 3683 5695 Quid

2182 5845 2198 5875 ι
2233 5849 2307 5893 διε
2330 5839 2519 5905 plurimi
2546 5850 2651 5894 Mss.
2671 5837 2884 5899 Montef.,
2913 5837 3091 5904 populi,
3118 5852 3221 5902 pro,
3238 5832 3365 5901 agri.
