4452 6668
731 489 830 544 H7

729 602 883 658 nobis
925 616 1073 657 cum
1119 601 1246 656 est?
1293 599 1543 668 numquid
1597 607 1838 653 nostrum
1887 599 2164 669 quisquam
2217 596 2318 650 hoc

722 694 975 765 juravit?
1019 693 1109 748 ille
1158 691 1535 747 inconsiderati
1582 705 1770 760 pmnas
1815 691 1964 745 dabit
2005 689 2315 760 juramenti.

729 786 906 854 Quare
932 799 1163 855 namque
1179 783 1436 852 iurabat?
1464 782 1532 836 At
1557 782 1688 836 nihil
1713 782 1974 852 ejusmodi
1999 779 2316 851 cogitarunt,

731 876 826 930 sed
873 892 996 931 cum
1041 875 1206 929 multa
1255 873 1552 928 transibant
1597 875 1892 931 reverentia
1934 891 1948 927 :
1989 881 2044 928 et
2081 886 2201 926 cum
2243 879 2321 924 tot

733 976 949 1029 essent,
980 980 1097 1034 qua:
1126 965 1271 1034 ipsos
1297 964 1614 1032 allicerent,
1646 965 1979 1033 disciplinam
2011 962 2315 1025 servabant,

731 1057 800 1110 Et
829 1055 1072 1110 transibat
1119 1055 1342 1126 populus
1387 1057 1594 1126 loquens
1630 1057 1719 1125 (1.
1745 1057 1873 1126 Reg.
1899 1053 2135 1124 14.26).
2179 1055 2316 1120 Quid

731 1153 814 1200 est
832 1185 848 1209 ,
876 1145 1110 1216 Loquens
1130 1147 1156 1201 2
1197 1147 1444 1202 Dolorem
1470 1147 1646 1201 verbis
1671 1149 2006 1202 consolantes
2033 1147 2172 1201 inter
2198 1161 2319 1202 sese

728 1235 1103 1304 loquebantur.

794 1327 848 1381 3.
879 1327 1014 1394 Quid
1044 1327 1221 1396 igitur,
1251 1337 1530 1396 postquam
1547 1330 1721 1384 omnis
1737 1330 1963 1401 p0pulus
1987 1332 2318 1401 disciplinam

730 1418 989 1480 servavit,
1020 1431 1148 1470 num
1177 1417 1306 1471 nihil
1337 1418 1565 1488 amplius
1593 1430 1766 1474 actum
1795 1430 1896 1484 est,
1930 1423 2021 1478 sed
2050 1432 2319 1478 servatum

731 1513 815 1559 est
857 1505 1260 1575 juramentum?
1318 1508 1429 1564 Nec
1481 1511 1552 1563 ita
1603 1511 1815 1580 quidem
1878 1524 2144 1568 servatum
2201 1524 2317 1578 est,

731 1595 826 1650 sed
883 1605 1222 1653 temeratum.
1299 1599 1540 1665 Qualiter
1603 1612 1824 1667 autem,
1895 1613 1951 1657 ct
2009 1607 2316 1672 quomodo,

733 1687 912 1741 statim
968 1687 1194 1744 audietis
1222 1730 1238 1755 ,
1280 1699 1337 1742 ut
1399 1699 1455 1744 et
1491 1705 1705 1745 omnem
1755 1691 1950 1746 diaboli
2004 1705 2173 1749 artem
2221 1695 2320 1749 ad-

731 1777 969 1832 discatis.
1034 1779 1285 1834 leuat/tas
1327 1780 1467 1834 enim
1489 1821 1504 1844 ,
1562 1782 1647 1849 qui
1704 1799 1805 1835 non
1844 1783 2076 1837 audierat
2125 1793 2318 1853 patrem

730 1885 880 1922 suum
917 1870 1178 1938 jurautem
1201 1911 1216 1935 ,
1265 1873 1482 1926 extendit
1524 1875 1859 1927 summitatem
1912 1876 2098 1945 sceptri
2121 1917 2136 1939 ,
2185 1876 2322 1946 quod

731 1959 941 2014 habebat
992 1963 1046 2014 in
1086 1979 1241 2016 manu
1282 1980 1409 2031 sua,
1441 1972 1486 2016 et
1535 1965 1738 2018 intinxit
1787 1966 1841 2019 in
1896 1970 2065 2036 favum
2113 1968 2275 2021 mellis
2301 2007 2319 2030 ,

733 2059 780 2103 et
803 2053 1042 2105 convertit
1072 2070 1274 2107 manum
1297 2072 1441 2108 suam
1485 2055 1535 2108 in
1572 2073 1628 2109 os
1670 2074 1857 2123 suum,
1905 2068 1952 2112 et
1998 2068 2324 2130 respexerunt

731 2143 866 2195 oculi
893 2145 1003 2211 ejus
1033 2144 1051 2212 (
1080 2145 1129 2197 l.
1159 2144 1287 2213 Reg.
1316 2146 1403 2199 14.
1428 2145 1499 2199 27
1521 2147 1565 2217 ).
1596 2146 1727 2202 Vide
1755 2164 1913 2218 quem
1936 2150 2002 2203 ad
2031 2150 2323 2218 perjurium

735 2232 962 2301 impulit,
987 2248 1093 2287 non
1121 2250 1285 2288 unum
1309 2237 1535 2290 militum
1557 2278 1572 2302 ,
1606 2238 1699 2292 sed
1734 2239 1903 2307 ipsum
1921 2239 2082 2308 jurati
2106 2239 2271 2293 tilium
2307 2258 2322 2294 :

735 2339 838 2380 nec
873 2326 1016 2379 enim
1047 2326 1338 2396 periurium
1369 2338 1582 2397 patrare
1614 2337 1814 2382 tantum
1855 2331 2070 2384 volebat
2097 2371 2110 2391 .
2139 2345 2323 2385 verum

735 2422 791 2468 et
818 2413 906 2468 ﬁlii
937 2416 1136 2469 caedem
1164 2417 1552 2484 componebat,
1582 2428 1635 2471 et
1666 2418 1765 2470 hoc
1796 2427 1950 2472 antea
1982 2419 2318 2484 moliebatur,

734 2514 789 2560 et
813 2515 1056 2559 naturam
1081 2507 1246 2576 ipsam
1278 2516 1462 2562 contra
1484 2509 1712 2576 seipsam
1736 2509 1975 2564 dividere
2003 2510 2320 2565 festinabat:

735 2608 790 2652 et
814 2598 954 2667 quod
983 2599 1109 2652 olim
1142 2600 1193 2653 in
1222 2599 1468 2668 Jephthae
1497 2599 1696 2656 fecerat
1727 2601 1920 2670 (Judic.
1958 2605 2036 2656 ll.
2067 2605 2190 2674 59),
2223 2605 2327 2660 hoc

737 2696 791 2742 et
809 2698 992 2759 postea
1018 2704 1077 2744 se
1103 2689 1363 2744 facturum
1387 2692 1653 2760 sperabat.
1684 2694 1892 2747 Etenim
1916 2695 2005 2748 ille
2037 2695 2145 2749 Deo
2176 2697 2327 2764 polli-

735 2781 874 2834 citus
903 2796 962 2835 se
985 2782 1214 2851 primmn
1245 2782 1345 2836 sibi
1375 2798 1719 2837 occursurum
1752 2795 1870 2852 post
1899 2785 2016 2839 belli
2053 2787 2329 2842 victoriam

734 2870 1096 2940 iugulatorum
1131 2912 1146 2936 ,
1182 2871 1237 2925 in
1276 2873 1399 2926 ﬁlia:
1429 2887 1614 2926 necem
1658 2876 1847 2928 cecidit
1879 2891 1894 2940 ;
1928 2876 2142 2930 ﬁliolam
2183 2877 2326 2931 enim

739 2963 964 3031 primam
1014 2963 1116 3017 sibi
1161 2975 1528 3019 occurrentem
1579 2966 1914 3033 immolavit,
1957 2976 2011 3022 et
2051 2968 2190 3022 Deus
2221 2984 2325 3022 non

738 3053 1029 3124 prohibuit.

809 3147 1052 3215 Jeplttlta:
1091 3149 1320 3215 exeutplo
1355 3149 1634 3218 juramenti
1659 3148 1902 3201 damnum
1929 3149 2229 3202 ostenditur.
2260 3177 2330 3188 —-

740 3239 810 3294 Et
829 3239 950 3292 novi
977 3238 1191 3308 quidem
1224 3239 1515 3294 inﬁdelium
1550 3241 1744 3294 multos
1770 3240 2138 3294 crudelitatem
2169 3248 2223 3294 et
2251 3241 2330 3293 iti-

742 3331 1126 3386 humanitatcm
1156 3332 1307 3386 nobis
1339 3331 1702 3402 impmperare
1729 3341 1944 3403 propter
1986 3333 2088 3386 hoc
2126 3333 2330 3386 siet-iﬁ-

741 3424 918 3488 cium;
967 3439 1067 3493 ego
1119 3440 1244 3479 vero
1284 3425 1464 3479 multae
1522 3426 1872 3494 providentia:
1925 3434 1978 3480 et
2031 3426 2331 3480 clementize

741 3512 1252 3570 demonstrationem
1301 3515 1708 3585 permissionem
1751 3517 1804 3569 in
1835 3517 1936 3571 hoc
1962 3517 2226 3570 sacriﬁcio
2255 3515 2334 3570 fa-

741 3613 884 3659 ctam
924 3620 1044 3660 esse
1089 3606 1345 3671 dicerem,
1396 3615 1449 3661 et
1498 3607 1638 3676 quod
1686 3607 1898 3676 generis
1939 3607 2108 3662 nostri
2152 3622 2334 3662 curam

743 3712 969 3767 gerens,
1001 3697 1201 3751 caedem
1234 3696 1379 3750 illam
1408 3712 1514 3750 non
1547 3697 1897 3766 prohibuerit.
1944 3698 1999 3752 Si
2044 3698 2188 3752 enim
2217 3704 2338 3766 post

747 3799 927 3844 votum
959 3800 1011 3844 et
1040 3791 1447 3860 promissionem
1497 3791 1639 3846 illam
1679 3792 1993 3846 sacriﬁcium
2026 3791 2334 3862 prohibuis-

747 3890 847 3948 set,
879 3880 1030 3935 multi
1073 3881 1234 3936 etiam
1277 3893 1396 3952 post
1437 3881 1680 3952 Jephtlia:
1709 3883 1874 3938 Deum
1921 3894 2200 3952 sperantes
2227 3899 2334 3938 non

745 3982 1138 4042 suscepturum,
1165 3973 1326 4028 multa
1341 3973 1609 4028 vovissent
1638 3975 1937 4044 hujusmodi
1960 3987 2102 4040 vota,
2131 3984 2187 4030 et
2209 3989 2303 4030 sen
2322 4007 2334 4014 -

746 4064 846 4117 sim
902 4064 1303 4133 progredientes
1348 4065 1400 4118 in
1447 4063 1677 4119 ﬁliorum
1734 4065 1934 4119 ctedem
1990 4066 2334 4120 incidissent:

749 4169 890 4206 nunc
922 4168 1054 4208 vero
1090 4152 1219 4207 illud
1259 4168 1424 4222 opere
1469 4155 1788 4223 permittens
1816 4154 2022 4223 impleri
2050 4194 2067 4220 ,
2097 4164 2339 4223 posteros

749 4258 937 4297 omnes
962 4243 1256 4313 prohibuit.
1314 4245 1376 4298 Et
1400 4243 1540 4312 quod
1573 4243 1673 4298 hoc
1708 4245 1776 4298 sit
1806 4259 2021 4307 verum,
2059 4252 2336 4314 postquam

750 4335 996 4404 Jephtltaa
1025 4336 1185 4390 ﬁliola
1220 4336 1312 4389 fuit
1335 4336 1574 4406 jugulata
1608 4379 1623 4400 ,
1667 4345 1724 4392 ut
1751 4339 2089 4407 sempiternae
2131 4351 2336 4390 memo-

750 4429 843 4482 ria:
872 4427 1153 4483 calamitas
1180 4439 1342 4492 esset,
1376 4444 1476 4481 neu
1510 4430 1703 4482 malum
1735 4429 1985 4483 oblivioni
2020 4428 2336 4490 traderetur,

751 4519 888 4588 apud
913 4519 1129 4575 Judzeos
1155 4519 1236 4574 lex
1270 4527 1351 4574 est
1388 4519 1487 4572 lata
1515 4561 1527 4580 .
1565 4521 1796 4590 virgines
1824 4521 1914 4574 illo
1941 4530 2183 4588 tempore
2213 4533 2340 4572 con-

752 4611 1028 4665 venientes
1081 4610 1427 4679 quadraginta
1491 4611 1676 4664 diebus
1732 4611 2072 4665 commissam
2139 4609 2339 4663 caedem

753 4701 1070 4770 deplorare,
1101 4711 1156 4754 ut
1200 4702 1346 4755 luctu
1402 4701 1562 4755 ca~dis
1619 4701 1930 4754 memoriam
1975 4708 2295 4752 renovantes
2323 4738 2339 4761 ,

764 4801 1009 4861 posteros
1036 4805 1224 4845 omnes
1249 4790 1624 4859 prudentiores
1661 4790 1856 4844 faciant
1888 4831 1902 4854 ,
1939 4798 1993 4844 et
2020 4789 2226 4843 discant
2269 4788 2342 4841 illi

755 4885 808 4937 in
838 4893 1016 4938 mente
1050 4882 1138 4937 Dei
1163 4897 1268 4936 non
1298 4881 1461 4935 fuisse
1483 4923 1496 4945 ,
1527 4890 1584 4934 ut
1629 4881 1730 4935 hoc
1777 4881 1962 4935 ﬁeret:
1987 4894 2160 4948 neque
2201 4879 2343 4932 enim

759 4975 940 5044 lugere
978 4984 1032 5028 et
1059 4975 1270 5043 plorare
1296 4974 1529 5044 virgines
1560 4973 1910 5042 permisisset.
1956 4972 2021 5025 Et
2069 4969 2210 5040 quod
2241 4985 2343 5024 non

758 5067 1069 5134 conjectura
1111 5066 1174 5118 sit
1200 5065 1338 5134 quod
1369 5065 1563 5119 dicitur
1589 5105 1604 5129 ,
1642 5064 1764 5119 ﬁnis
1790 5063 2196 5118 demonstravit.
2222 5061 2346 5115 Post

760 5157 892 5212 illud
921 5159 1063 5212 enim
1091 5157 1410 5211 sacriﬁcium
1450 5171 1606 5210 nemo
1634 5155 1738 5209 tale
1778 5155 1887 5210 Deo
1933 5164 2116 5206 votum
2161 5152 2343 5215 vovit;

762 5258 1042 5320 propterea
1094 5249 1194 5304 hoc
1244 5264 1349 5303 non
1405 5248 1700 5317 prohibuit:
1733 5248 1874 5317 quod
1917 5255 2099 5301 autem
2144 5246 2256 5316 ipse
2282 5247 2349 5300 de

763 5341 909 5396 Isaac
938 5342 1303 5408 mandaverat,
1332 5343 1446 5411 ipse
1473 5343 1654 5407 vetuit,
1682 5357 1775 5410 per
1794 5343 1952 5397 ambo
1978 5341 2350 5396 demonstrans

765 5448 822 5488 se
855 5448 959 5488 non
989 5434 1219 5504 gaudere
1245 5431 1548 5504 hujusmodi
1583 5433 1875 5488 sacriﬁciis.
1934 5432 2039 5488 Sed
2094 5431 2353 5500 malignus

765 5525 978 5580 tlzrmon
1007 5534 1059 5579 et
1088 5541 1228 5580 nunc
1252 5525 1412 5579 talem
1445 5524 1754 5595 tragoediam
1799 5533 2008 5592 patrare
2052 5520 2351 5578 contende-

769 5615 858 5669 bat
883 5655 897 5676 ,
923 5614 1145 5684 ideoque
1170 5614 1436 5670 Jonatlian
1477 5616 1541 5669 ad
1575 5615 2071 5685 praivaricationem
2123 5613 2350 5683 impulit.

767 5707 825 5762 Si
867 5707 984 5778 quis
1010 5708 1150 5760 enim
1201 5708 1423 5762 militum
1474 5707 1854 5780 praevaricatus
1894 5707 2065 5777 legem
2116 5704 2352 5769 fuisset,

771 5816 876 5854 non
922 5814 1170 5868 magnum
1218 5799 1269 5853 id
1320 5800 1513 5854 malmn
1543 5800 1638 5869 ipsi
1672 5798 1979 5863 videbatur;
2012 5813 2153 5852 mrnc
2177 5805 2352 5851 autem

773 5895 926 5952 malis
983 5893 1336 5950 insalurabilis
1389 5893 1671 5960 humanis,
1706 5907 1805 5948 nec
1858 5906 2110 5963 umquam
2157 5891 2354 5948 nostris

1458 485 1514 543 S.
1553 483 1831 540 JOANNIS
1867 477 2344 540 CIIRYSOSTOMI
2382 477 2698 536 ARCHIEP.
2726 481 3261 545 CONSTANTINOP.

3909 503 4007 558 με

2428 593 2668 662 expletus
2696 597 2928 654 miseriis
2948 642 2964 665 ,
2993 602 3123 656 nihil
3149 612 3422 658 strenuum
3453 619 3510 660 se
3545 603 3718 661 facere
3744 611 3960 677 putabat
3988 655 4006 678 ,

2425 683 2468 737 si
2506 685 2703 740 caedem
2748 688 3030 745 moliretur
3058 693 3384 762 simplicem:
3413 697 3505 750 sed
3547 697 3647 751 nisi
3695 699 3788 752 ﬁlii
3835 715 4008 760 morte

2424 779 2565 847 regis
2610 777 2882 833 dexteram
2923 783 3206 849 pollueret,
3255 787 3441 842 fecisse
3483 787 3615 842 nihil
3649 802 3710 842 se
3752 805 4002 860 magnum

2423 869 2797 924 arbitrabatur.
2831 871 2895 925 Et
2923 873 3050 941 quid
3099 875 3222 929 dico
3272 880 3363 932 ﬁlii
3405 880 3645 936 credem?
3688 883 4006 952 excogitavit

2424 961 2567 1014 enim
2600 964 2890 1018 sceleratus
2939 965 3027 1019 ille
3055 975 3111 1020 et
3139 967 3240 1024 hac
3282 988 3495 1028 rursum
3540 974 4004 1030 exsecrabiliorem

2422 1051 2595 1104 moliri
2621 1054 2821 1108 ca-dem
2847 1059 2870 1108 ἰν
2896 1054 2951 1110 Si
2969 1056 3110 1109 enim
3134 1059 3309 1114 sciens
3339 1075 3631 1132 peccasset,
3661 1073 3714 1120 et
3737 1064 4007 1136 iugulatus

2422 1141 2634 1206 fuisset,
2670 1143 2762 1198 ﬁlii
2788 1147 2964 1200 cwdes
2989 1156 3193 1202 tantum
3247 1149 3301 1205 id
3343 1165 3460 1208 erat
3493 1176 3506 1211 :
3563 1174 3702 1213 nunc
3738 1167 3912 1212 autem
3940 1174 4005 1212 ex

2422 1234 2717 1303 ignorantia
2738 1241 3110 1305 pnevaricatus
3134 1241 3256 1313 (nec
3272 1246 3415 1300 enim
3438 1249 3638 1304 audivit
3653 1250 4000 1322 iuramenta).

2422 1324 2614 1381 deinde
2637 1325 2967 1392 interfectus,
2991 1331 3254 1400 duplicem
3286 1339 3426 1403 patri
3449 1338 3691 1395 dolorem
3719 1342 4005 1398 eﬂ'eeisset:

2424 1415 2588 1470 ﬁlium
2610 1417 2772 1482 enim,
2797 1427 2851 1473 et
2879 1418 3043 1474 lilium
3071 1422 3159 1491 qui
3189 1423 3320 1478 nihil
3353 1441 3668 1493 peccaverat
3697 1473 3710 1496 ,
3757 1433 4001 1487 immota-

2427 1513 2576 1559 turus
2604 1515 2738 1562 erat.
2762 1507 2865 1562 Sed
2906 1508 3016 1578 jam
3046 1510 3114 1565 ad
3139 1511 3375 1568 historia:
3409 1517 3613 1586 reliqua
3641 1522 3873 1576 eundum
3901 1535 4004 1577 est.

2426 1596 2710 1666 Postquam
2741 1601 2880 1653 enim
2935 1601 3204 1670 comedit,
3233 1603 3582 1674 Respexerunt
3623 1612 3754 1665 oculi
3800 1614 3960 1684 ipsius
3991 1657 4006 1679 ,

2445 1685 2641 1754 inquit.
2661 1685 2882 1740 Multam
2903 1696 2955 1742 et
2978 1688 3102 1744 hinc
3119 1689 3261 1760 regis
3273 1702 3496 1747 accusat
3517 1697 3822 1764 stultitiam,
3843 1702 4023 1755 decla-

2443 1795 2574 1833 rans
2596 1781 2797 1836 milites
2813 1795 3042 1838 coaetos
3053 1783 3168 1839 fere
3181 1783 3378 1840 famem
3395 1786 3779 1853 obcaecassc,et
3796 1795 3958 1847 multa
3971 1813 4022 1847 ιιι

2440 1871 2686 1941 ipsorum
2719 1875 2896 1928 oculis
2933 1875 3202 1932 iufutlisse
3229 1877 3541 1948 caliginem.
3566 1879 3764 1936 Postea
3797 1887 4021 1953 conspi-

2439 1969 2592 2014 catus
2613 1961 2833 2028 quidatu
2869 1962 3122 2024 militum,
3152 1965 3228 2016 ait
3251 1983 3264 2018 :
3287 1966 3558 2035 Adjurans
3590 1969 4024 2039 adjuruvitpaler

2441 2061 2560 2105 tuus
2589 2053 2862 2121 populant,
2891 2053 3072 2106 dicens
3101 2071 3118 2108 :
3154 2055 3477 2112 Jlttledictus
3509 2063 3586 2115 vir
3611 2062 3703 2130 qui
3737 2065 4022 2116 comederit

2437 2161 2625 2213 partem
2645 2145 2801 2199 hodie
2831 2155 2916 2199 :et
2939 2145 3128 2213 defecit
3163 2151 3411 2214 populus.
3447 2151 3513 2204 Et
3540 2154 3677 2206 dixit
3705 2152 3968 2208 Jonatltas
3996 2175 4015 2211 :

2440 2237 2693 2291 Dissolvit
2715 2248 2865 2306 pater
2886 2256 3027 2292 meus
3055 2249 3248 2293 (errant
3270 2243 3315 2309 (Ι
3332 2282 3345 2294 .
3380 2244 3503 2313 Reg.
3530 2246 3615 2300 Μ.
3634 2248 3724 2301 '28.
3747 2249 3860 2317 229).
3877 2248 4018 2313 Quid

2434 2337 2536 2389 cst,
2577 2327 3152 2393 Dissolvit.’Perdidil,
3185 2331 3432 2399 corrupit
3474 2349 3687 2389 omnes.
3731 2335 4023 2391 Temerato

2433 2416 2980 2486 igiturjurejurando
2999 2434 3192 2474 omnes
3217 2421 3490 2482 Iacebant,
3519 2433 3574 2476 et
3598 2439 3750 2476 reum
3785 2441 3946 2478 nemo
3967 2427 4022 2479 iu

2431 2506 2669 2559 medium
2697 2523 2858 2577 agere
2878 2508 3135 2562 audebat.
3169 2507 3287 2562 Non
3321 2511 3598 2564 modicum
3633 2522 3815 2565 autem
3843 2514 4023 2567 ethoc

2430 2597 2574 2650 aliud
2595 2599 2802 2652 crimen
2827 2598 3029 2652 factum
3050 2610 3163 2665 est;
3184 2616 3292 2653 non
3320 2602 3463 2655 enim
3489 2604 3666 2655 solum
3692 2604 4022 2672 pcjerattt-~s,

2433 2687 2524 2740 sed
2540 2698 2588 2739 et
2611 2691 2814 2742 conscii
2839 2699 2892 2744 et
2909 2692 3222 2760 obtegentes
3243 2693 3567 2747 criminibus
3591 2697 4021 2750 communicant.

2502 2771 2557 2825 ι.
2586 2771 2784 2826 Verum
2811 2773 3033 2840 reliquia
3062 2772 3354 2828 videamus.
3387 2776 3452 2828 Et
3497 2777 3658 2843 inquit
3699 2776 3828 2831 Sat'd
3850 2793 3868 2830 :
3914 2777 3986 2831 De

2432 2864 2733 2917 scendamus
2769 2873 2881 2932 post
2901 2865 3229 2932 alienigenas,
3257 2874 3302 2917 et
3329 2866 3631 2934 diripimuus
3667 2883 3748 2920 eos
3767 2882 3787 2920 :
3815 2881 3862 2920 et
3889 2868 4016 2920 dixit

2429 2957 2684 3019 sacerdos,
2719 2957 3028 3008 Accedamus
3055 2956 3153 3008 huc
3174 2955 3243 3007 ad
3270 2955 3434 3008 Deum
3463 2955 3622 3024 (Ibid.
3640 2976 3692 3010 v.
3723 2957 3834 3026 56).
3860 2959 4015 3011 Anti-

2430 3048 2607 3116 quitus
2633 3047 2776 3101 enim
2807 3046 2946 3100 Deus
2973 3045 3077 3099 dux
3109 3056 3225 3100 erat
3256 3046 3538 3107 bellorum,
3569 3056 3621 3100 et
3647 3047 3846 3115 absque
3875 3047 4016 3101 illius

2431 3139 2690 3192 sttitentia
2723 3153 3010 3206 numquam
3036 3137 3295 3206 attingere
3336 3152 3563 3206 pugnam
3593 3139 3704 3191 ausi
3743 3137 3969 3191 fuissent
3998 3178 4012 3197 .

2431 3242 2486 3284 et
2511 3232 2706 3286 bellum
2756 3231 2884 3299 ipsis
2933 3230 3140 3299 pietatis
3184 3231 3406 3285 materia
3437 3230 3614 3284 ﬁebat.
3645 3231 3751 3284 Nec
3780 3231 3920 3285 enim
3952 3247 4015 3285 ex

2434 3327 2675 3395 corporis
2696 3325 3026 3390 inﬁrmitate,
3057 3323 3150 3378 sed
3182 3334 3397 3392 propter
3417 3333 3632 3392 peccata
3653 3323 4015 3385 vincebantur,

2435 3417 2481 3470 si
2509 3415 2722 3486 quando
2748 3414 2872 3468 victi
2900 3423 3056 3468 sunt:
3093 3427 3191 3467 nec
3211 3415 3444 3480 potentia
3476 3423 3528 3466 et
3554 3412 3859 3467 fortitudine
3886 3454 3900 3476 ,
3923 3412 4018 3465 sed

2438 3523 2667 3578 superna
2697 3507 3064 3562 benevolentia
3097 3505 3401 3571 vincebant,
3433 3504 3873 3573 quandocumque
3899 3504 4017 3556 vin-

2439 3601 2630 3655 cebant
2657 3619 2669 3654 :
2702 3609 2756 3654 et
2792 3599 3014 3653 victoria
3047 3609 3104 3653 at
3133 3597 3312 3652 clades
3350 3596 3663 3651 exercitati.)
3690 3597 3818 3662 ipsis
3841 3604 3896 3648 et
3916 3597 4019 3647 vir-

2441 3695 2567 3748 tutis
2594 3693 2872 3748 instructio
2902 3701 3017 3746 erat
3043 3709 3056 3744 :
3090 3706 3188 3744 nec
3221 3691 3349 3756 ipsis
3377 3699 3599 3754 tantum,
3631 3689 3722 3742 sed
3751 3689 3911 3742 etiam
3937 3687 4018 3756 ip-

2437 3801 2527 3840 sos
2553 3783 2998 3854 oppugnantibus.
3028 3784 3234 3836 Etenim
3262 3782 3364 3835 hoc
3385 3783 3512 3849 ipsis
3536 3779 3869 3834 manifestum
3884 3789 4018 3841 erat,

2437 3876 2576 3946 quod
2609 3893 2713 3928 non
2754 3889 3023 3928 armorum
3057 3883 3243 3926 natura
3271 3913 3288 3936 ,
3339 3872 3431 3926 sed
3477 3870 3786 3925 bellantium
3820 3870 3924 3922 vita
3969 3877 4022 3922 et

2441 3967 2643 4020 meritis
2673 3981 2792 4018 cum
2817 3964 3014 4018 Jud:eis
3037 3963 3234 4016 bellum
3262 3961 3668 4016 decernebatur.
3699 3960 3809 4012 lloe
3843 3960 4020 4028 itaque

2443 4057 2674 4130 scientes
2727 4053 3033 4119 Madianmi,
3083 4061 3137 4107 et
3182 4063 3564 4118 cognoscentes
3615 4060 3832 4119 gentem
3883 4049 4024 4102 illam

2444 4147 2903 4217 inexpugnabilem
2933 4161 3052 4199 eSse
3085 4186 3100 4210 ,
3143 4156 3196 4199 et
3238 4145 3497 4199 machinis
3539 4144 3751 4214 quidem
3783 4153 3837 4196 et
3863 4143 4026 4198 arntis

2442 4239 2730 4309 expugnari
2761 4253 2867 4291 non
2895 4251 3050 4306 posse
3070 4279 3084 4302 ,
3119 4245 3336 4304 peccato
3364 4250 3494 4289 vero
3521 4244 3722 4288 tantum
3757 4233 3900 4300 ipsos
3939 4247 4030 4284 ca-

2443 4347 2569 4402 pere
2600 4330 2751 4384 facile
2777 4342 2896 4383 essc
2931 4370 2946 4392 ,
2988 4327 3223 4395 virgines
3249 4327 3518 4394 speciosas
3544 4335 3800 4379 ornautes
3829 4331 3882 4376 et
3905 4330 4029 4377 ante

2442 4435 2613 4478 eastra
2643 4431 2972 4485 statuentes,
3003 4419 3069 4473 ad
3098 4419 3370 4472 lasciviam
3399 4419 3596 4471 milites
3621 4414 3985 4485 provocabunt
4011 4454 4026 4477 ,

2444 4530 2540 4584 per
2569 4513 2967 4566 fornicationem
3000 4510 3092 4564 Dei
3143 4510 3402 4562 auxilium
3451 4507 3664 4562 auferre
3711 4506 4026 4560 studentes:

2446 4606 2588 4676 qunti
2620 4605 2834 4674 quidem
2864 4613 2919 4657 et
2963 4603 3159 4655 evenit.
3191 4603 3475 4669 Postquam
3504 4600 3644 4652 enim
3673 4599 3723 4650 in
3756 4605 4031 4666 peccatum

2449 4698 2786 4758 inciderunt,
2812 4695 3062 4749 omnibus
3087 4694 3207 4746 facti
3237 4700 3363 4746 sunt
3384 4690 3795 4759 expugnabiles:
3826 4698 3879 4741 et
3899 4701 4033 4756 quos

2451 4805 2598 4844 arma
2629 4799 2682 4841 et
2729 4787 2849 4856 equi
2880 4795 2933 4838 et
2961 4785 3156 4838 milites
3185 4792 3238 4836 et
3277 4792 3348 4835 tot
3380 4783 3803 4835 machinamenta
3843 4794 4035 4847 capere

2450 4899 2554 4937 non
2594 4888 2920 4952 potuerunt,
2957 4879 3053 4934 hos
3095 4877 3298 4947 pet-cati
3331 4885 3516 4929 natura
3565 4873 3768 4927 vinctos
3797 4871 4034 4924 hostibus

2453 4972 2898 5042 tradidit:clypei
2953 4969 3168 5041 quidem
3219 4979 3268 5023 et
3318 4969 3484 5021 hastae
3514 4975 3566 5022 et
3610 4966 3817 5034 sagittm
3847 4978 4036 5017 onmes

2453 5069 2648 5124 frustra
2695 5075 2881 5128 erant;
2912 5065 3087 5116 vultus
3112 5072 3290 5115 autem
3325 5059 3493 5114 forma
3540 5068 3593 5112 et
3623 5057 3784 5111 animi
3817 5055 4032 5110 lascivia

2455 5161 2552 5213 hos
2574 5156 2895 5224 expugnavit
2915 5197 2927 5218 ,
2953 5153 3146 5224 alioqui
3170 5162 3436 5205 strenuos.
3473 5150 3758 5215 Propterea
3789 5146 4040 5200 admonet

2455 5251 2669 5322 quidam
2707 5248 2947 5301 dicetis‘:
2984 5244 3066 5298 Ne
3111 5245 3276 5297 discas
3321 5241 3742 5311 pulchritudinem
3776 5239 3997 5291 alienam
4031 5279 4044 5295 ,

2454 5356 2502 5399 ει
2533 5359 2593 5397 ne
2619 5357 2852 5395 occurras
2887 5338 3081 5391 mulieri
3108 5335 3376 5404 foruicanti
3410 5335 3427 5402 (
3456 5331 3614 5384 Ecrli.
3649 5332 3702 5386 9.
3728 5334 3780 5384 8.
3813 5331 3848 5384 5
3872 5331 3910 5397 ).
3937 5327 4050 5380 Mel

2457 5439 2591 5491 enim
2619 5434 2831 5488 distillat
2857 5450 2888 5485 a
2908 5433 3051 5485 labiis
3076 5427 3302 5481 mulieris
3330 5424 3644 5493 fornicantis,
3673 5422 3808 5492 quod
3834 5419 3902 5472 ad
3917 5428 4046 5470 tem-

2459 5528 2848 5602 pusimpinguat
2877 5533 3050 5594 guttur
3071 5533 3211 5575 tuum
3241 5561 3251 5579 ,
3286 5519 3601 5586 postmodum
3627 5524 3792 5568 autem
3821 5511 4045 5562 amarius

2461 5599 2577 5681 felle
2603 5624 2765 5691 ipsum
2788 5619 3004 5672 invenies
3028 5656 3042 5678 ,
3066 5621 3110 5666 ct
3133 5611 3328 5664 acutius
3357 5608 3527 5678 gladio
3552 5606 3761 5676 ancipiti
3783 5602 3962 5672 (Prov.
3989 5599 4042 5654 5.

2461 5715 2514 5768 δ.
2547 5717 2621 5782 4).

2523 5832 2539 5861 ι
2579 5827 2680 5882 Alii,
2706 5822 2895 5885 sapiens
2920 5818 3119 5880 quidam
3140 5815 3323 5866 dicens.
3340 5810 3462 5862 Infra
3485 5811 3564 5862 alii
3593 5825 3604 5836 ’
3631 5818 3746 5870 φναν
3763 5804 3828 5854 ad
3844 5810 4047 5864 tempus,

2461 5905 2564 5957 pro,
2590 5886 2715 5953 quod
2741 5884 2804 5936 tttl
2832 5893 3035 5941 lt'tttpns.
