4452 6740
298 422 413 481 ΓΠ

303 548 420 586 των
447 536 628 610 ἐνενόη
639 558 753 609 σαν,
775 544 908 602 ἀλλά
941 543 1077 613 μετά
1103 539 1302 609 πολλῆς
1327 539 1427 608 τῆς
1454 541 1738 608 εὐλαϐείας
1761 544 1969 616 παρῄε-

303 632 428 685 σαν,
460 627 552 679 καὶ
566 630 832 685 τοσούτων
864 631 1032 683 ὄντων
1065 627 1174 679 τῶν
1211 627 1569 690 δελεαζόντων
1602 633 1818 696 αὐτοὺς,
1850 633 1969 700 ἐφι-

301 712 586 787 λοσόςουν,
622 723 733 777 Καὶ
788 718 1162 787 διεπορεύετο
1211 716 1243 765 ὁ
1286 715 1431 781 λαὸς
1473 718 1697 772 λαλῶν.
1731 718 1796 769 Τί
1825 719 1963 780 ἐστι,

298 797 561 866 Λαλῶν,·
603 805 712 871 Την
742 801 933 872 όδύνην
961 795 1049 851 διὰ
1085 801 1194 854 τῶν
1230 803 1485 872 ῥημάτων
1534 805 1966 875 παραμυθούμε-

298 901 385 936 νει
419 887 717 956 διελέγοντο
744 887 882 958 πρὸς
917 886 1199 956 ἀλλήλους.

373 980 444 1040 γ’.
472 976 536 1027 Τί
552 973 662 1038 οὖν,
694 975 880 1044 ἐπειδὴ
912 975 941 1025 6
969 971 1097 1034 λαὸς
1113 972 1498 1044 ἐφιλοσόφησεν
1517 977 1680 1037 ἅπας,
1698 973 1806 1046 ἆρα
1820 977 1970 1030 οὐδὲν

295 1061 521 1127 ἐγένετο
551 1064 729 1126 πλέον,
761 1061 899 1115 ἀλλά
925 1058 1201 1128 ἐφυλάχθη
1233 1063 1260 1112 6
1293 1062 1486 1131 ὄρκος;
1520 1065 1656 1116 Οὐδὲ
1687 1064 1830 1118 οὕτω
1871 1064 1968 1135 μὲν

294 1145 394 1200 οὖν
439 1150 735 1222 ἐφυλάχθη,
781 1150 921 1204 ἀλλὰ
957 1145 1264 1217 παρεδάθη.
1311 1148 1432 1210 Πῶς
1476 1151 1566 1203 καὶ
1607 1151 1712 1205 τίνι
1749 1153 1966 1223 τρόπῳ;

291 1234 514 1288 Αὐτίκα
544 1236 862 1298 ἀκούσεσθε,
892 1236 979 1289 ἵνα
1006 1234 1100 1288 καὶ
1125 1234 1224 1304 τῆν
1247 1233 1340 1286 τοῦ
1371 1235 1614 1290 διαϐόλου
1645 1238 1842 1309 τέχνην
1871 1257 1971 1292 κα-

293 1321 592 1390 ταμάθητε
640 1325 834 1377 πᾶσαν.
889 1325 941 1376 Ὀ
987 1323 1095 1393 γάρ
1136 1322 1410 1377 Ἰωνάθαν
1449 1327 1558 1378 οὐκ
1598 1327 1868 1392 ἀκούσας
1899 1327 1971 1380 ὲν

295 1405 378 1469 τῷ
402 1407 656 1473 ὁρκίζειν
680 1410 782 1462 τὸν
809 1410 1032 1479 πατέρα
1053 1410 1262 1474 αὐτοῦ,
1285 1408 1541 1473 ἐξέτεινε
1562 1413 1626 1464 τὸ
1651 1413 1838 1481 ἀκρον
1860 1413 1968 1468 τοῦ

293 1492 616 1560 σκήπτρου
647 1495 833 1549 αὐτοῦ
860 1498 964 1552 τοῦ
989 1499 1059 1550 ἐν
1093 1496 1166 1565 τῇ
1192 1497 1340 1566 χειρί
1374 1497 1579 1559 αὑτοῦ,
1607 1499 1704 1551 καὶ
1733 1499 1969 1554 ἐϐάπτι-

292 1595 415 1631 σεν
441 1583 530 1645 εὶς
562 1581 626 1634 τὸ
657 1583 867 1650 κηρίον
903 1584 1008 1637 τοῦ
1050 1586 1314 1652 μέλιτος,
1352 1581 1448 1635 καί
1493 1583 1822 1655 ἐπέστρεψε
1851 1584 1968 1654 τὴν

290 1667 470 1735 χεῇοα
499 1669 681 1722 αὐτοῦ
706 1670 775 1722 ἐν
798 1669 878 1736 τῷ
902 1671 1151 1738 στόματι
1185 1668 1396 1730 αὑτοῦ,
1426 1669 1523 1722 καὶ
1552 1672 1893 1741 ἀνέϐλεψαν
1909 1675 1966 1727 οἱ

291 1755 592 1824 όέυαλμοί
619 1756 820 1809 αὐτοῦ.
850 1758 990 1826 Ὅρα
1010 1755 1131 1807 τίνα
1157 1754 1293 1824 πρὸς
1307 1755 1405 1824 τὴν
1426 1757 1707 1828 ἐπιορκίαν
1727 1759 1962 1830 ώθησεν,

289 1848 394 1914 οὐχ
422 1845 517 1898 ’ένα
553 1847 662 1899 τῶν
703 1845 1067 1916 στρατιωτῶν,
1102 1843 1214 1896 ἀλλ’
1242 1843 1404 1895 αὐτὸν
1432 1844 1520 1897 τὸν
1548 1849 1658 1900 υἱὸν
1694 1851 1785 1904 τοῦ
1819 1853 1966 1921 ὀμω-

293 1934 549 2001 μοκότος
581 1936 640 1987 οὐ
667 1935 775 2005 γάρ
805 1933 1090 2003 ἐπιορκίαν
1121 1931 1462 2000 ἐργάσασθαι
1496 1933 1742 1988 ἐϐούλετο
1779 1937 1962 2006 μόνον,

289 2019 436 2071 ἀλλά
462 2022 556 2072 καὶ
577 2020 954 2074 παιδοκτονίαν
979 2018 1269 2082 συνετίθει,
1293 2019 1387 2070 καὶ
1414 2019 1569 2073 τοῦτο
1595 2025 1964 2087 κατεσκεύαζε

293 2109 604 2178 πόρρωθεν,
633 2109 728 2162 καὶ
750 2107 844 2177 τὴν
868 2106 1028 2176 φύσιν
1050 2107 1219 2175 αὐτὴν
1237 2105 1358 2159 καθ’
1381 2108 1576 2177 ἑαυτῆς
1604 2111 1785 2180 σχίσαι
1815 2113 1968 2181 ἠπεί-

291 2211 445 2261 γετο,
473 2199 566 2248 καὶ
588 2198 722 2266 ὅπερ
751 2197 842 2248 ἐπὶ
870 2193 964 2246 τοῦ
1001 2193 1212 2261 Ἰεφθάε
1248 2195 1374 2246 ποτὲ
1403 2195 1645 2264 ἐποίησε,
1683 2195 1840 2249 τοῦτο
1871 2199 1965 2250 καὶ

295 2285 441 2352 μετά
476 2285 648 2338 ταῦτα
679 2286 922 2354 ποιήσειν
956 2283 1172 2354 ῆλπισε.
1223 2284 1330 2337 Καὶ
1364 2285 1470 2354 γάρ
1502 2287 1705 2349 ἐκεῖνος
1736 2287 1965 2356 ὑποσχό-

295 2389 458 2440 μενος
485 2371 561 2441 τῷ
593 2372 708 2442 Θεῷ
737 2373 828 2424 τὸν
858 2370 1074 2441 πρῶτον
1106 2371 1482 2442 ἀπαντήσοντα
1514 2371 1663 2443 αὐτῷ
1701 2374 1839 2443 μετά
1867 2374 1963 2445 τὴν

293 2459 406 2511 ἀπὸ
434 2459 528 2512 τοῦ
563 2459 796 2528 πολέμου
832 2459 992 2528 νίκην
1037 2457 1422 2525 κατασφάξειν,
1467 2461 1546 2521 είς
1587 2460 1961 2513 παιδοκτονίαν

292 2544 540 2596 ἐνέπεσε·
567 2545 627 2597 τὸ
651 2544 939 2616 θυγάτριον
961 2544 1071 2614 γὰρ
1096 2543 1308 2614 πρῶτον
1332 2545 1650 2615 ἀπαντῆσαν
1671 2545 1816 2616 αὐτῷ
1837 2563 1963 2598 κατ-

292 2629 478 2691 έθυσε,
509 2632 602 2682 καὶ
629 2634 657 2683 6
682 2631 812 2692 Θεὸς
843 2632 944 2682 οὐκ
975 2628 1236 2681 ἐκώλυσε.

368 2716 478 2766 Καὶ
502 2710 616 2768 οἶδα
651 2717 745 2784 μὲν
772 2717 854 2768 ὅτι
887 2715 1072 2767 πολλοί⁵
1099 2715 1208 2766 τῶν
1237 2715 1480 2768 ἀπίστων
1508 2715 1766 2786 ὠμότητα
1797 2718 1964 2784 ἐγκα-

293 2799 481 2852 λοῦσιν
510 2803 637 2870 ἡμῖν
665 2803 757 2854 καὶ
781 2801 1180 2873 ἀπανθρωπίαν
1205 2802 1294 2854 διά
1317 2804 1414 2872 τῆν
1436 2801 1584 2874 [145]
1620 2802 1807 2856 Θυσίαν
1833 2803 1964 2856 ταύ-

291 2904 416 2957 την⁶
443 2888 553 2955 ἐγὼ
572 2889 624 2940 δὲ
648 2888 845 2957 πολλῆς
865 2889 1192 2957 κηδεμονίας
1220 2889 1313 2942 καὶ
1339 2889 1748 2960 φιλανθρωπίας
1767 2890 1962 2960 δεῖγμα

291 2973 395 3042 τὴν
425 2973 767 3043 συγχώρησιν
802 2973 898 3043 τὴν
933 2974 1026 3025 ἐπὶ
1053 2977 1120 3044 τῇ
1147 2974 1308 3043 θυσία
1333 2973 1506 3046 ταύτῃ
1539 2975 1907 3045 γεγενημένην
1933 2989 1958 3016 α

294 3061 506 3129 εἴποιμι
543 3059 607 3112 ἂν
641 3056 800 3123 εἷναι,
837 3060 930 3112 καὶ
973 3061 1056 3112 ὅτι
1090 3059 1181 3112 τοῦ
1226 3060 1416 3128 γένους
1463 3061 1619 3130 ἡμῶν
1666 3062 1960 3131 κηδόμενος

293 3146 400 3198 οὐκ
429 3145 696 3198 ἐκώλυσεν
718 3147 929 3215 ἐκείνην
951 3147 1049 3215 τὴν
1075 3148 1310 3215 σφαγήν.
1338 3148 1400 3198 ΕΞ
1427 3149 1538 3217 γάρ
1574 3147 1711 3216 μετά
1744 3148 1841 3218 τὴν
1871 3150 1961 3201 εύ-

295 3231 398 3300 χὴν
425 3231 637 3300 ἐκείνην
661 3232 754 3283 καὶ
779 3233 877 3298 τὴν
899 3231 1190 3302 ὑπόσχεσιν
1213 3232 1310 3302 τὴν
1333 3232 1521 3286 θυσίαν
1544 3233 1808 3296 ἐκώλυσε,
1836 3235 1962 3288 πολ-

294 3317 380 3370 λοὶ
405 3319 499 3370 καὶ
524 3317 660 3386 μετά
690 3317 778 3369 τὸν
818 3317 1024 3385 Ἰεφθάε
1056 3318 1457 3386 προσδοκῶντες
1483 3320 1557 3390 μὴ
1587 3319 1839 3384 δέξασθαι
1869 3322 1960 3375 τὸν

294 3404 450 3467 Θεὸν,
488 3403 685 3468 πολλὰς
716 3403 781 3456 ἀν
814 3403 1066 3466 τοιαύτας
1098 3402 1328 3475 ηὔξαντο
1366 3405 1546 3474 εὐχὰς,
1579 3408 1672 3459 καὶ
1699 3407 1801 3478 ὁδῷ
1829 3426 1961 3480 προ-

295 3491 572 3553 ϐαίνοντες
608 3494 687 3554 είς
726 3491 1101 3544 παιδοκτονίαν
1143 3491 1403 3562 ἐξέϐησαν
1436 3492 1519 3545 ἄν·
1554 3494 1668 3547 νυνὶ
1705 3495 1761 3548 δέ
1798 3497 1959 3565 ἀφείς

293 3576 464 3646 αὐτὴν
498 3577 847 3647 πληρωθῆναι
878 3577 1044 3648 ἔργῳ,
1073 3579 1197 3641 τοὺς
1225 3580 1361 3647 μετά
1389 3579 1558 3632 ταῦτα
1585 3581 1788 3645 πάντας
1820 3583 1958 3636 ἐκώ-

293 3663 440 3714 λυσε.
478 3664 586 3716 Καὶ
616 3667 696 3716 ὅτι
718 3664 874 3718 τοῦτό
910 3667 1056 3717 ἐστιν
1088 3666 1302 3736 άληθὶς,
1339 3667 1473 3736 μετά
1503 3669 1559 3720 τὸ
1595 3671 1864 3738 σφαγῆναι
1898 3670 1958 3722 τὸ

293 3748 586 3819 θυγάτριον
612 3750 706 3801 τοῦ
749 3751 977 3818 Ἰεφθάε,
1011 3751 1150 3804 ὥστε
1183 3754 1503 3823 ἀείμνηστον
1529 3750 1664 3808 εἶναι
1692 3756 1789 3825 τὴν
1816 3773 1954 3827 συμ-

294 3836 486 3902 φοράν,
519 3835 610 3886 καὶ
642 3834 716 3904 μὴ
749 3836 888 3906 λήθῃ
912 3838 1287 3908 παραδοθῆναι
1311 3839 1369 3892 τὸ
1402 3840 1590 3903 πάθος,
1623 3842 1836 3908 ἐγένετο
1866 3845 1954 3896 νό-

296 3936 394 3988 μος
426 3919 574 3988 παρά
611 3923 722 3981 τοῖς
775 3919 1061 3987 Ἰουδαίοις,
1098 3926 1498 3995 συνερχομένας
1530 3927 1628 3990 τὰς
1657 3929 1958 3998 παρθένους

293 4005 437 4058 κατὰ
465 4007 552 4057 τὸν
581 4007 769 4075 καιρὸν
809 4007 1014 4059 ἐκεῖνον
1054 4009 1268 4080 ἡμέρας
1299 4015 1703 4084 τεσσαράκοντα
1746 4017 1960 4070 πενθεῖν

291 4092 389 4162 τὴν
415 4093 786 4163 γεγενημένην
810 4095 1046 4164 σφαγὴν,
1081 4095 1165 4148 ἵνα
1193 4097 1268 4166 τῷ
1303 4098 1487 4168 θρήνῳ
1519 4103 1617 4172 τῆς
1653 4103 1841 4167 θυσίας
1863 4105 1961 4176 τὴν

296 4181 516 4250 μνήμην
538 4179 940 4250 ἀνανεούμενοι,
974 4183 1101 4245 τοὺς
1133 4185 1268 4252 μετά
1291 4184 1462 4235 ταῦτα
1485 4192 1961 4262 σωφρονεστέρους

295 4267 521 4319 ποιῶσιν
545 4267 806 4330 ἅπαντας,
833 4269 927 4320 καὶ
951 4268 1193 4338 μάθωσιν
1223 4268 1296 4332 ώς
1322 4271 1381 4322 οὐ
1409 4273 1551 4325 κατά
1574 4273 1802 4344 γνώμην
1823 4280 1958 4332 Θεοῦ

293 4353 509 4422 ἐγένετο
529 4354 684 4406 τοῦτο
707 4353 754 4392 δ’
791 4355 910 4406 οὐδέ
940 4355 1048 4425 γὰρ
1075 4357 1140 4408 ἂν
1173 4356 1390 4428 θρηνεῖν
1419 4359 1512 4410 καὶ
1544 4359 1834 4430 ὀδύρεσθαι
1859 4364 1958 4428 τάς

296 4441 595 4512 παρθένους
625 4442 822 4511 ἀφῆκε.
865 4441 973 4492 Καὶ
1000 4442 1081 4494 ὅτι
1114 4444 1176 4495 οὐ
1209 4443 1506 4514 στοχασμὸς
1540 4444 1600 4496 τὸ
1643 4446 1952 4518 λεγόμενον,

293 4527 353 4580 τὸ
391 4527 539 4590 τέλος
585 4527 768 4591 ἔδειξε.
813 4528 969 4580 Μετὰ
1010 4528 1118 4600 γάρ
1161 4530 1258 4600 τὴν
1309 4530 1498 4582 θυσίαν
1536 4532 1750 4604 ἐκείνην
1780 4536 1955 4601 οὐδεὶς

292 4615 546 4684 τοιαύτην
583 4615 743 4684 εὐχὴν
773 4614 972 4684 ηὔξατο
1010 4615 1089 4686 τῷ
1120 4616 1258 4688 Θεῷ·
1299 4617 1386 4670 διὰ
1423 4617 1580 4671 τοῦτο
1618 4620 1820 4690 ταύτην
1859 4623 1955 4692 μὲν

294 4703 392 4755 οὐκ
432 4703 718 4765 ἐκώλυσεν,
751 4705 815 4774 ἢν
846 4703 902 4755 δέ
932 4703 1092 4766 αὐτὸς
1127 4705 1356 4771 ἐπέταξε
1384 4707 1697 4773 διεκώλυσε,
1736 4710 1834 4780 τὴν
1866 4713 1958 4765 ἐπὶ

293 4790 386 4842 τού
435 4791 634 4855 Ἰσαάκ,
677 4791 742 4842 δι’
789 4790 1110 4861 ἀμφοτέρων
1149 4790 1359 4855 δεικνὺς
1410 4793 1484 4856 ὡς
1525 4795 1586 4847 ού
1617 4795 1796 4867 χαίρει
1839 4804 1958 4862 ταῖς

291 4877 567 4942 τοιαύταις
597 4878 822 4941 θυσίαις.
875 4878 1010 4930 Ἀλλ’
1045 4879 1074 4930 ὁ
1115 4879 1349 4948 πονηρὸς
1390 4880 1596 4951 δαίμων
1637 4885 1957 4953 ἐφιλονείκει

294 4963 386 5014 καὶ
418 4963 512 5017 νῦν
546 4966 796 5036 τοιαύτην
833 4965 1134 5036 τραγῳδίαν
1173 4965 1530 5035 ἐργάσασθαι·
1569 4970 1654 5023 διὰ
1681 4971 1838 5025 τοῦτο
1864 4973 1954 5025 τὸν

307 5049 557 5105 Ἰωνάθαν
587 5056 678 5107 ἐπὶ
701 5054 796 5126 τὴν
818 5051 1124 5124 παράϐασιν
1140 5050 1370 5122 ὢθησεν.
1401 5055 1464 5108 Εἰ
1493 5057 1590 5125 μὲν
1617 5059 1723 5129 γάρ
1748 5076 1830 5122 τις
1847 5059 1954 5112 τῶν

297 5139 638 5206 στρατιωτῶν
665 5140 877 5212 παρέϐη
908 5140 996 5193 τὸν
1021 5138 1207 5207 νόμον,
1244 5138 1395 5192 οὐδὲν
1429 5142 1577 5213 αὐτῷ
1613 5145 1754 5213 μέγα
1782 5145 1953 5197 ἐδόκει

297 5218 429 5275 εἶναι
468 5225 632 5278 κακὸν
661 5228 719 5280 τὸ
746 5229 1047 5298 γινόμενον,
1081 5226 1196 5278 νυνὶ
1222 5225 1277 5278 δὲ
1308 5227 1604 5298 ἀκόρεστος
1632 5230 1706 5283 ὢν
1727 5232 1834 5284 τῶν
1859 5234 1952 5284 ἀν-

298 5309 574 5379 θρωπίνων
600 5314 804 5376 κακῶν,
843 5316 935 5368 καὶ
965 5313 1215 5367 οὐδέποτε
1249 5315 1312 5365 ἐκ
1348 5314 1457 5367 τῶν
1481 5317 1768 5387 ἡμετέρων
1796 5321 1955 5389 ἐμπι-

297 5399 562 5468 πλάμενος
606 5403 917 5472 συμφορῶν,
967 5402 1114 5455 οὐδὲν
1153 5402 1396 5454 νεανικὸν
1441 5404 1624 5472 ἡγεῖτο
1668 5409 1862 5471 ποιεῖν,
1906 5411 1954 5459 εἰ

298 5487 447 5553 φόνον
479 5485 771 5554 ἐργάσαιτο
794 5489 969 5556 ψιλόν·
1006 5490 1118 5543 ἀλλ’
1153 5490 1202 5542 εἰ
1239 5489 1313 5559 μὴ
1345 5490 1438 5542 καὶ
1477 5490 1826 5563 παιδοκτονίᾳ
1855 5493 1954 5564 τὴν

298 5570 472 5637 δεξιὰν
503 5569 595 5623 τοῦ
624 5570 887 5639 βασιλέως
920 5578 1214 5646 μολύνειεν,
1238 5578 1386 5629 οὐδὲν
1418 5578 1565 5646 μέγα
1595 5581 1951 5649 πεποιηκέναι

298 5656 526 5729 ἐνόμιζε.
568 5658 677 5710 Καὶ
717 5660 770 5710 τί
807 5660 950 5730 λέγω
993 5665 1401 5730 παιδοκτονίαν;
1446 5665 1708 5734 ἐπενόησε
1731 5678 1752 5705 c
1790 5669 1900 5738 γὰρ
1928 5672 1956 5722 6

352 5797 376 5865 ⁸.
395 5799 502 5865 9.1"-
540 5802 592 5865 ει
610 5794 801 5865 quidam
825 5797 902 5865 “iii
924 5805 1250 5865 γεγενημένη-ο,
1278 5803 1396 5852 Mor.
1419 5820 1572 5864 γινομ-

349 5858 390 5930 ξ
411 5860 519 5906 εὰν.
541 5863 813 5918 elqualuor
824 5860 905 5908 alii
927 5858 997 5918 ὣς
1015 5858 1214 5914 ούήίιατά
1232 5858 1420 5927 γνώμην
1433 5858 1512 5930 ’τῴ
1525 5858 1640 5930 ’θεῷ
1666 5867 1722 5927 ἦν
1745 5871 1954 5931 γενέσθαι

301 5937 448 5972 τουτο.

347 5983 372 6015 ⁸
399 5983 434 6032 Α
446 5980 497 6029 lii
522 5981 749 6039 ἐνενόησε.

1295 426 1385 480 AD
1424 401 1750 485 Ρορυιὺιι
1792 431 2295 490 ANTIOCIIENL‘M
2345 432 2556 486 ιιοεηι.
2622 430 2762 486 xw.

2079 546 2272 617 μιαρὸς
2298 547 2503 608 ἐκεῖνος
2537 545 2628 597 καὶ
2658 543 2849 596 τούτου
2885 543 3047 596 πάλιν
3079 542 3432 611 ἐναγέστερον
3463 543 3618 609 φόνον
3649 544 3742 595 εὐ-

2080 635 2212 704 ρεῖν.
2237 634 2298 686 Εί
2322 633 2422 703 μὲν
2449 631 2558 701 γὰρ
2586 630 2742 692 εἰδὼς
2768 629 2980 699 ἥμαρτε
3010 629 3104 682 καὶ
3133 629 3369 698 ἐσφάγη,
3397 628 3740 683 παιδοκτονία

2079 721 2236 791 μόνον
2265 721 2327 773 τὸ
2355 719 2637 788 γινόμενον
2657 713 2744 788 ἦν’
2769 717 2885 768 νυνὶ
2904 716 2960 767 δέ
2983 715 3040 782 ἐξ
3062 717 3283 785 ἀγνοίας
3311 714 3569 786 ἁμαρτὼν
3596 716 3738 785 (οὐδὲ

2070 807 2176 880 γὰρ
2216 808 2416 877 ἤκουσε
2459 805 2566 857 τῶν
2610 804 2835 875 ὅρκων),
2883 798 3000 854 εἶτα
3044 802 3369 873 ἀναιρεθεὶς,
3414 801 3634 855 διπλοῦν
3672 802 3737 855 ἂν

2070 894 2290 963 ἐποίησε
2319 891 2401 961 τῷ
2444 893 2613 962 πατρὶ
2651 891 2713 944 τὸ
2745 889 2929 957 ἄλγος
2963 890 3199 976 καὶ.γάρ
3233 890 3419 952 παῖδα,
3452 889 3740 976 καὶγπαίδα

2068 982 2219 1034 οὐδὲν
2244 979 2578 1050 ἁμαρτόντα,
2616 977 2908 1032 καταθύειν
2929 975 3175 1047 ἔμελλεν.
3221 978 3360 1030 Ἀλλ’
3392 976 3488 1030 ἐπὶ
3512 975 3583 1028 τὰ
3613 977 3736 1045 ἐχόο

2072 1087 2208 1139 μενα
2229 1069 2326 1137 τῆς
2347 1067 2587 1136 ἱστορίας
2610 1066 2897 1136 πορευτέον
2917 1064 3123 1118 λοιπόν.
3155 1063 3371 1133 Ἐπειδὴ
3387 1064 3494 1135 γὰρ
3511 1062 3734 1130 ἔφαγεν,

2080 1154 2443 1222 Ἀνέϐαεψαν
2463 1155 2518 1205 οι
2551 1151 2843 1220 ὀφθαλμοί
2869 1150 3078 1212 αὑτοῦ,
3113 1149 3263 1220 φησί.
3293 1149 3496 1218 Πολλὴν
3525 1149 3616 1200 καὶ
3653 1150 3741 1201 ἐν·

2069 1240 2242 1293 ταῦθα
2280 1240 2372 1294 τοῦ
2403 1237 2670 1309 βασιλέως
2707 1239 3002 1308 κατηγορεῖ
3031 1237 3128 1308 τὴν
3166 1237 3370 1300 ἄνοιαν,
3407 1236 3622 1298 δεικνὺς
3653 1234 3738 1286 ὅτι

2072 1327 2255 1394 σχεδὸν
2285 1329 2313 1379 6
2343 1326 2498 1396 λιμὸς
2528 1326 2785 1396 ἐπήρωσε
2819 1325 2944 1384 τοὺς
2986 1322 3317 1391 στρατιώτας
3349 1323 3615 1385 ἅπαντας,
3642 1321 3740 1374 καὶ

2069 1410 2265 1483 πολλὴν
2293 1413 2400 1465 τῶν
2427 1410 2722 1481 ὀφθαλμῶν
2768 1408 2950 1462 αὐτῶν
2991 1409 3215 1478 κατέχεε
3253 1410 3352 1479 τὴν
3381 1407 3569 1479 ἀχλύν.
3598 1404 3734 1461 Εἶτα

2072 1497 2194 1552 ιδών
2220 1516 2322 1564 τις,
2353 1501 2504 1570 φησὶ,
2536 1497 2643 1552 τῶν
2680 1493 3029 1569 στρατιωτῶν
3062 1494 3227 1562 λέγει’
3271 1495 3538 1562 Ὁρκίσιις
3567 1493 3738 1563 ὥρκι-

2048 1601 2164 1640 σεν
2205 1589 2236 1638 ὀ
2270 1585 2463 1651 πατήρ
2505 1599 2622 1638 σου
2667 1583 2778 1636 τὸν
2804 1579 2964 1634 λαὸν
2999 1579 3226 1649 λέγων’
3277 1582 3739 1653 Ἐπικατάρατος

2048 1676 2083 1729 ό
2121 1671 2427 1740 ἅνθρωπος
2451 1671 2516 1737 ὃς
2536 1671 2783 1741 φάγεται
2814 1670 3001 1741 ἄρτον
3022 1669 3294 1739 σήμερον
3315 1689 3326 1699 ·
3361 1671 3457 1724 καί
3480 1671 3736 1741 ἐξελύθη

2048 1764 2082 1816 ὀ
2112 1763 2280 1824 λαός.
2319 1761 2426 1815 Καὶ
2455 1756 2625 1814 εἶπεν
2675 1759 2996 1813 Ἰωνάθαν’
3043 1759 3434 1827 Ἀπήλλαχεν
3465 1762 3500 1812 ό
3538 1760 3735 1828 πατήρ

2040 1866 2162 1919 μου
2199 1847 2310 1914 τὴν
2359 1845 2494 1916 γῆν.
2535 1847 2602 1898 Τί
2628 1848 2797 1906 ἐστιν,
2849 1845 3271 1912 Ἀπήλλαχεη
3316 1845 3611 1909 Ἀπώλεσε,
3657 1848 3737 1900 δι-

2049 1937 2301 2007 έφθειρεν
2332 1935 2599 1996 ἃπαντας.
2632 1932 3051 2002 Παραϐαθέντος
3081 1931 3259 1987 τοίνυν
3287 1934 3381 1986 τοῦ
3411 1935 3576 2004 ὅρκου
3601 1935 3739 1988 πάν-

2047 2041 2138 2087 τες
2181 2023 2398 2090 ἐσίγων,
2428 2022 2520 2074 καί
2542 2021 2718 2084 οὐδεὶς
2749 2020 2840 2073 τὸν
2865 2018 3161 2072 ὑπεύθυνον
3191 2021 3274 2082 είς
3305 2019 3468 2090 μέσον
3501 2022 3734 2088 ἀγαγεῖν

2048 2110 2253 2180 ἐτόλμα
2269 2127 2285 2142 ο
2317 2109 2376 2162 οὐ
2408 2109 2602 2179 μικρὸν
2631 2108 2687 2160 δέ
2713 2106 2984 2160 καὶτοῦτο
3007 2105 3256 2177 ἔγκλημα
3279 2106 3461 2160 λοιπὸν
3489 2106 3696 2175 ἐγίνετο
3714 2123 3732 2139 ·

2047 2197 2109 2251 οὐ
2143 2197 2253 2267 γάρ
2283 2197 2332 2248 οί
2380 2193 2766 2264 ἐπιορκοῦντες
2813 2195 2994 2265 μόνον,
3045 2192 3183 2247 ἀλλά
3220 2193 3316 2247 καὶ
3345 2195 3392 2247 οἱ
3436 2192 3736 2256 συνειδότες

2051 2287 2172 2359 μὲν,
2205 2285 2646 2357 περιστέλλοντες
2671 2284 2749 2346 δέ,
2782 2283 3098 2336 κοινωνοῦσι
3131 2283 3239 2336 τῶν
3269 2281 3652 2352 ἐγκλημάτων.

2134 2406 2284 2477 [HG]
2312 2406 2371 2459 δ’.
2393 2407 2538 2478 Πλὴν
2570 2407 2685 2460 ἀλλ’
2703 2406 2901 2475 ἴδωμεν
2923 2407 2993 2458 τά
3009 2405 3155 2476 ἑξῆς.
3198 2403 3302 2458 Καὶ
3335 2398 3466 2456 εἷπε
3502 2401 3733 2455 Σαούλ·

2061 2503 2415 2572 Καταϐῶμεν
2440 2505 2632 2556 ὀπίσω
2664 2503 2782 2556 τῶν
2806 2504 3174 2571 ἀλλοφύλων
3194 2500 3292 2553 καί
3313 2497 3736 2568 διαρπάσωμεν

2061 2601 2299 2664 αὐτούς.
2340 2600 2449 2652 Καὶ
2492 2595 2663 2652 εἶπεν
2699 2601 2732 2652 ὁ
2774 2599 2981 2666 ίερεύςο
3016 2595 3446 2664 Προσέλθωμεν
3475 2593 3736 2648 ἐνταῦθα

2063 2685 2362 2761 πρὸς“’τὸν
2409 2695 2574 2747 Θεόν.
2615 2692 2689 2745 Τὸ
2733 2692 2842 2763 γὰρ
2886 2692 3112 2746 παλαιὸν
3153 2693 3182 2744 6
3224 2691 3356 2754 Θεὸς
3407 2690 3736 2760 ἐστρατήγει

2062 2789 2170 2840 τῶν
2201 2788 2470 2858 πολέμων,
2497 2790 2591 2842 καὶ
2623 2789 2794 2859 χωρὶς
2833 2787 2934 2858 τῆς
2965 2788 3176 2841 ἐκείνου
3215 2785 3442 2856 γνώμης
3477 2786 3734 2839 οὐδέποτε

2060 2885 2299 2955 ἐτόλμων
2351 2884 2616 2938 ἅπτεσθαι
2648 2884 2846 2955 μάχης,
2880 2885 2974 2938 καὶ
3001 2886 3028 2936 6
3079 2883 3316 2954 πόλεμος
3360 2882 3544 2945 αὐτοῖς
3574 2881 3735 2933 εὐσε-

2061 2981 2208 3046 ϐείας
2246 2981 2501 3044 ὑπόθεσις
2534 2981 2762 3050 ἐγίνετο.
2805 2977 2945 3034 Ούτε
2980 2979 3089 3049 γάρ
3131 2979 3190 3042 ἐξ
3222 2971 3734 3056 ἀσθενείαςὴσῶίιιάέ

2061 3096 2170 3142 τος,
2198 3079 2310 3132 ἀλλ’
2339 3079 2449 3132 ἀπὸ
2480 3077 2764 3148 ἁμαρτιῶν
2788 3075 2816 3114 ιι
2846 3076 3107 3146 ἡττῶντο,
3143 3076 3195 3128 εἴ
3221 3093 3352 3128 ποτε
3380 3075 3472 3128 καὶ
3491 3072 3733 3145 ἡττήθη-

2065 3193 2186 3239 σαν,
2208 3175 2330 3228 ούτε
2358 3175 2466 3228 ἀπὸ
2491 3175 2772 3244 δυνάμεως
2802 3174 2897 3226 καὶ
2926 3173 3197 3244 ἀνδρείας,
3230 3171 3346 3226 ἀλλ’
3378 3173 3486 3226 ἀπὸ
3518 3170 3732 3234 εὐνοίας

2061 3273 2160 3342 τῆς
2193 3269 2402 3326 ἀνωθεν
2431 3271 2717 3340 ἐκράτουν,
2766 3269 2927 3321 ὁπότε
2958 3269 3052 3321 καὶ
3079 3269 3366 3338 ἐκράτουν.
3400 3269 3508 3321 Καὶ
3539 3266 3730 3339 ήινίκη

2061 3369 2156 3421 καὶ
2194 3364 2391 3440 ήῆττα
2437 3366 2734 3436 γυμνάσιον
2783 3366 2965 3428 αὐτοῖς
3010 3365 3106 3419 καὶ
3151 3365 3495 3419 διδασκάλιον
3525 3364 3731 3435 ἀρετῆς

2058 3460 2148 3535 ἦν,
2179 3464 2280 3516 οὐκ
2318 3465 2496 3525 αὐτοῖς
2527 3461 2582 3514 δὲ
2614 3462 2791 3531 μόνον,
2818 3461 2954 3514 ἀλλὰ
2987 3463 3083 3515 καὶ
3116 3465 3229 3524 τοῖς
3263 3459 3594 3530 πολεμοῦσιν
3627 3461 3732 3513 αὐ-

2060 3564 2206 3624 τοῖς·
2243 3561 2337 3612 καὶ
2368 3560 2476 3630 γὰρ
2511 3560 2604 3611 καὶ
2641 3558 2866 3622 ἐκείνοις
2900 3558 3057 3611 τοῦτο
3085 3559 3386 3629 κατάδηλον
3431 3554 3520 3628 ἦν,
3555 3557 3634 3610 ὃτι
3669 3555 3732 3610 οὐ

2057 3660 2122 3726 τῇ
2154 3657 2309 3724 φύσει
2333 3657 2438 3708 τῶν
2465 3656 2643 3709 ὅπλων
2663 3657 2690 3708 ὀ
2711 3656 2848 3726 πρὸς
2885 3656 3172 3719 Ἰουδαίους
3201 3657 3447 3727 ἐκρίνετο
3475 3655 3733 3724 πόλεμος,

2057 3751 2193 3805 ἀλλά
2236 3752 2313 3821 τῷ
2345 3753 2444 3822 βίῳ
2475 3752 2584 3804 τῶν
2615 3752 2994 3822 πολεμούντων
3033 3752 3128 3804 καὶ
3167 3755 3281 3815 τοῖς
3321 3749 3731 3822 κατορθώμασι.

2058 3847 2226 3901 Τοῦτο
2273 3848 2402 3916 γοῦν
2444 3865 2576 3900 ποτε
2606 3847 2908 3912 συνιδόντες
2936 3850 2984 3900 οί
3015 3848 3358 3918 Μαδιηναῖοι,
3391 3847 3483 3900 καὶ
3514 3847 3732 3916 γνόντες

2059 3944 2134 4006 ὡς
2157 3944 2577 4014 ἀκαταμάχητόν
2601 3945 2718 3997 ἐστι
2746 3944 2807 3996 τὸ
2836 3944 2984 4007 ἔθνος
3013 3944 3218 4007 ἐκεῖνο,
3253 3944 3346 3996 καὶ
3375 3944 3731 4014 μηχανήμασι

2065 4039 2162 4109 μὲν
2196 4039 2286 4092 καὶ
2322 4039 2502 4102 ὅπλοις
2535 4041 2811 4110 ἀμήχανον
2847 4041 2977 4093 αὐτὸ
3009 4039 3503 4109 καταγωνίσασθαι,
3545 4041 3731 4113 ἀμαρ-

2062 4137 2152 4207 τία
2177 4136 2234 4189 δέ
2270 4137 2428 4207 μόνον
2452 4136 2672 4190 δυνατὸν
2705 4138 2901 4202 αὐτοὺς
2928 4138 3086 4202 ἑλεῖν,
3125 4137 3427 4210 παρθένους
3456 4137 3732 4191 καλλωπί-

2063 4248 2254 4296 σαντες
2286 4234 2590 4304 εὐμόρφους
2621 4236 2714 4288 καὶ
2750 4234 3045 4306 στήσαντες
3075 4235 3168 4286 ἐπὶ
3212 4235 3309 4305 τῆς
3352 4233 3726 4305 παρατάξεως,

2059 4329 2140 4390 εἰς
2189 4329 2478 4397 ἀσέλγειαν
2528 4331 2879 4396 ἐξεκαλοῦντο
2921 4333 3048 4393 τοὺς
3096 4331 3454 4400 στρατιώτας,
3493 4331 3583 4384 διά
3629 4332 3730 4402 τῆς

2058 4424 2312 4492 πορνείας
2341 4426 2644 4494 ἀποστῆσαι
2683 4426 2778 4478 τοῦ
2812 4427 2946 4479 Θεοῦ
2981 4429 3083 4496 τὴν
3133 4428 3451 4497 συμμαχίαν
3498 4428 3730 4482 σπουδά-

2058 4518 2269 4582 ζοντες·
2305 4520 2441 4589 ὅπερ
2481 4519 2544 4590 δὴ
2586 4521 2680 4573 καὶ
2714 4521 2935 4591 συνέϐη.
2981 4522 3196 4592 Ἐπειδὴ
3253 4523 3359 4592 γάρ
3407 4523 3664 4576 ἐνέπεσον
3702 4537 3727 4564 ο

2059 4619 2137 4679 είς
2169 4618 2264 4687 τὴν
2296 4615 2590 4687 ἁμαρτίαν,
2620 4617 2934 4688 εὐχείρωτοι
2977 4618 3143 4671 πᾶσιν
3185 4619 3453 4684 ἐγένοντο,
3499 4621 3592 4673 καὶ
3635 4619 3728 4684 οὓς

2059 4712 2196 4764 ὅπλα
2229 4713 2322 4764 καὶ
2368 4714 2524 4767 ἵπποι
2556 4713 2651 4766 καὶ
2702 4712 3030 4785 στρατιῶται
3075 4714 3172 4767 καὶ
3203 4715 3440 4769 τοσαῦτα
3477 4717 3726 4788 μηχανή-

2061 4827 2206 4880 ματα
2251 4810 2387 4862 ἐλεῖν
2419 4809 2518 4862 οὐκ
2551 4810 2796 4880 ἴσχυσαν,
2829 4813 3050 4872 τούτους
3084 4811 3357 4883 ἁμαρτίας
3397 4812 3555 4881 φύσις
3583 4813 3726 4866 δεδε⁴

2061 4907 2255 4976 μένους
2280 4910 2392 4968 τοῖς
2421 4905 2698 4976 πολεμίοις
2726 4907 3011 4977 παρέδωκε
3032 4920 3045 4934 ·
3095 4909 3190 4960 καὶ
3223 4909 3438 4972 ἀσπίδες
3491 4910 3588 4979 μὲν
3628 4912 3724 4964 καὶ

2056 5001 2252 5071 δόρατα
2297 5002 2392 5056 καὶ
2431 5002 2557 5073 βέλη
2610 5003 2786 5056 πάντα
2828 5003 3116 5074 ἠλέγχετο,
3149 5005 3322 5074 ὅψεως
3349 5006 3405 5058 δὲ
3447 5006 3724 5078 εὐμορφία

2055 5099 2149 5150 καὶ
2173 5099 2349 5169 ψυχῆς
2373 5100 2640 5156 ἀκολασία
2663 5101 2788 5165 τοὺς
2812 5103 3092 5170 γενναίους
3122 5103 3449 5173 ἐχειρώσατο
3475 5105 3721 5170 τούτους.

2055 5191 2154 5244 Διά
2196 5193 2354 5247 τοῦτο
2398 5199 2656 5267 παραινεῖ
2701 5215 2786 5261 τις
2842 5198 3014 5266 λέγων
3054 5197 3110 5236 τ’
3157 5199 3252 5267 Μὴ
3307 5201 3724 5271 καταμάνθανε

2057 5287 2285 5356 κάλλος
2310 5293 2651 5361 ἀλλότριον,
2686 5293 2782 5346 καί
2808 5293 2895 5361 μὴ
2942 5294 3178 5348 ὑπάντα
3229 5298 3467 5365 γυναικί
3511 5300 3726 5370 ἑταιρι-

2057 5385 2287 5456 ζομένῃ.
2322 5388 2475 5442 Μέλι
2507 5391 2613 5458 γὰρ
2643 5387 2957 5450 ἀποστάζει
2994 5390 3114 5445 ἀπὸ
3146 5391 3398 5460 χειλέων
3438 5398 3724 5465 γυναικὸς

2056 5483 2303 5551 πόρνης,
2325 5484 2356 5537 ὃ
2385 5487 2535 5552 πρὸς
2561 5486 2769 5554 καιρὸν
2786 5490 3050 5543 λιπαίνει
3077 5490 3195 5544 σὸν
3216 5490 3512 5562 φάρυγγα,
3541 5493 3720 5548 ὔστε-

2049 5594 2164 5645 ρον
2199 5578 2267 5631 δὲ
2294 5580 2645 5647 πικρότερον
2662 5581 2856 5650 χολῆς
2880 5586 3179 5656 εὑρήσεις,
3215 5588 3314 5642 καὶ
3343 5589 3711 5659 ἠκονημένον

2050 5670 2291 5740 μᾶλλον
2313 5674 2611 5742 μαχαίρας
2640 5674 2948 5747 διστόμου.

2119 5809 2149 5877 d_
2288 5811 2502 5877 amans;
2524 5814 2770 5877 ἁμαρτίας.

2131 5873 2150 5894 ⁸
2173 5873 2272 5920 Alii
2299 5874 2576 5922 κατέπεσον.

2127 5933 2142 6002 ί
2175 5934 2379 6004 ρυιιίιιιη
2401 5936 2634 6004 τιςσοφδς
2656 5938 2822 6000 λέγων,
2846 5939 2957 5992 Sav.
2981 5948 3033 5991 οι
3057 5939 3174 5990 Mor.
3193 5958 3261 5996 τις
3286 5941 3448 6003 λέγων.
3485 5939 3610 5990 Infra
3632 5947 3726 5998 ali-

2061 5997 2142 6057 qui
2171 5997 2199 6047 ἢ
2225 6005 2337 6052 προς
2356 5997 2533 6058 καιρόν.
