  <div class='ocr_page' id='page_1' title='image "/cluster/home/n/w/nwhite01/storage/ocr_20150623/49/hvd.32044025239823/150.png"; bbox 0 0 4414 6682; ppageno 0'>
   <div class='ocr_carea' id='block_1_1' title="bbox 398 392 494 446">
    <p class='ocr_par' dir='ltr' id='par_1_1' title="bbox 398 392 494 446">
     <span class='ocr_line' id='line_1_1' title="bbox 398 392 494 446; baseline 0.01 -1"><span class='ocrx_word' id='word_1_1' title='bbox 398 392 494 446; x_wconf 80' lang='lat' dir='ltr'><strong>H9</strong></span> 
     </span>
    </p>
   </div>
   <div class='ocr_carea' id='block_1_2' title="bbox 466 510 1973 577">
    <p class='ocr_par' dir='ltr' id='par_1_2' title="bbox 466 510 1973 577">
     <span class='ocr_line' id='line_1_2' title="bbox 466 510 1973 577; baseline 0.002 -15"><span class='ocrx_word' id='word_1_2' title='bbox 466 510 785 566; x_wconf 72' lang='lat' dir='ltr'><strong>Meretricum</strong></span> <span class='ocrx_word' id='word_1_3' title='bbox 812 529 992 567; x_wconf 81' lang='lat' dir='ltr'><strong>mores.</strong></span> <span class='ocrx_word' id='word_1_4' title='bbox 1017 541 1085 553; x_wconf 88' lang='lat'><strong>-</strong></span> <span class='ocrx_word' id='word_1_5' title='bbox 1104 510 1353 566; x_wconf 80' lang='lat' dir='ltr'><strong>Meretrix</strong></span> <span class='ocrx_word' id='word_1_6' title='bbox 1384 510 1524 564; x_wconf 89' lang='lat' dir='ltr'><strong>enim</strong></span> <span class='ocrx_word' id='word_1_7' title='bbox 1553 525 1733 565; x_wconf 86' lang='lat' dir='ltr'><strong>amare</strong></span> <span class='ocrx_word' id='word_1_8' title='bbox 1770 512 1934 567; x_wconf 89' lang='lat' dir='ltr'><strong>nescit</strong></span> <span class='ocrx_word' id='word_1_9' title='bbox 1959 553 1973 577; x_wconf 97' lang='lat'><strong>,</strong></span> 
     </span>
    </p>
   </div>
   <div class='ocr_carea' id='block_1_3' title="bbox 390 600 1976 673">
    <p class='ocr_par' dir='ltr' id='par_1_3' title="bbox 390 600 1976 673">
     <span class='ocr_line' id='line_1_3' title="bbox 390 600 1976 673; baseline 0.003 -19"><span class='ocrx_word' id='word_1_10' title='bbox 390 600 485 655; x_wconf 87' lang='lat' dir='ltr'><strong>sed</strong></span> <span class='ocrx_word' id='word_1_11' title='bbox 516 603 793 659; x_wconf 74' lang='lat' dir='ltr'><strong>insidiatur</strong></span> <span class='ocrx_word' id='word_1_12' title='bbox 837 615 1075 669; x_wconf 91' lang='lat' dir='ltr'><strong>tantum;</strong></span> <span class='ocrx_word' id='word_1_13' title='bbox 1107 618 1368 657; x_wconf 88' lang='lat' dir='ltr'><strong>venenum</strong></span> <span class='ocrx_word' id='word_1_14' title='bbox 1422 603 1581 658; x_wconf 89' lang='lat' dir='ltr'><strong>habet</strong></span> <span class='ocrx_word' id='word_1_15' title='bbox 1625 604 1787 673; x_wconf 90' lang='lat' dir='ltr'><strong>ipsius</strong></span> <span class='ocrx_word' id='word_1_16' title='bbox 1818 619 1976 658; x_wconf 58' lang='lat' dir='ltr'><strong>oscu-</strong></span> 
     </span>
    </p>
   </div>
   <div class='ocr_carea' id='block_1_4' title="bbox 389 692 1976 766">
    <p class='ocr_par' dir='ltr' id='par_1_4' title="bbox 389 692 1976 766">
     <span class='ocr_line' id='line_1_4' title="bbox 389 692 1976 766; baseline 0.002 -21"><span class='ocrx_word' id='word_1_17' title='bbox 389 692 521 757; x_wconf 89' lang='lat' dir='ltr'><strong>lum,</strong></span> <span class='ocrx_word' id='word_1_18' title='bbox 544 704 599 750; x_wconf 90' lang='lat' dir='ltr'><strong>et</strong></span> <span class='ocrx_word' id='word_1_19' title='bbox 627 698 857 751; x_wconf 92' lang='lat' dir='ltr'><strong>toxicum</strong></span> <span class='ocrx_word' id='word_1_20' title='bbox 888 696 1247 766; x_wconf 88' lang='lat' dir='ltr'><strong>perniciosum</strong></span> <span class='ocrx_word' id='word_1_21' title='bbox 1274 709 1356 747; x_wconf 90' lang='lat' dir='ltr'><strong>os.</strong></span> <span class='ocrx_word' id='word_1_22' title='bbox 1405 694 1458 750; x_wconf 90' lang='lat' dir='ltr'><strong>Si</strong></span> <span class='ocrx_word' id='word_1_23' title='bbox 1487 712 1612 749; x_wconf 83' lang='lat' dir='ltr'><strong>vero</strong></span> <span class='ocrx_word' id='word_1_24' title='bbox 1656 712 1762 749; x_wconf 89' lang='lat' dir='ltr'><strong>non</strong></span> <span class='ocrx_word' id='word_1_25' title='bbox 1801 698 1976 751; x_wconf 89' lang='lat' dir='ltr'><strong>statim</strong></span> 
     </span>
    </p>
   </div>
   <div class='ocr_carea' id='block_1_5' title="bbox 386 786 1975 858">
    <p class='ocr_par' dir='ltr' id='par_1_5' title="bbox 386 786 1975 858">
     <span class='ocr_line' id='line_1_5' title="bbox 386 786 1975 858; baseline 0.004 -20"><span class='ocrx_word' id='word_1_26' title='bbox 386 800 638 857; x_wconf 78' lang='lat' dir='ltr'><strong>apparet,</strong></span> <span class='ocrx_word' id='word_1_27' title='bbox 670 790 789 842; x_wconf 92' lang='lat' dir='ltr'><strong>ideo</strong></span> <span class='ocrx_word' id='word_1_28' title='bbox 819 790 988 857; x_wconf 89' lang='lat' dir='ltr'><strong>magis</strong></span> <span class='ocrx_word' id='word_1_29' title='bbox 1016 788 1182 856; x_wconf 84' lang='lat' dir='ltr'><strong>ipsam</strong></span> <span class='ocrx_word' id='word_1_30' title='bbox 1240 786 1419 857; x_wconf 80' lang='lat' dir='ltr'><strong>fugere</strong></span> <span class='ocrx_word' id='word_1_31' title='bbox 1445 799 1694 858; x_wconf 81' lang='lat' dir='ltr'><strong>Oportet,</strong></span> <span class='ocrx_word' id='word_1_32' title='bbox 1726 791 1975 858; x_wconf 90' lang='lat' dir='ltr'><strong>quoniam</strong></span> 
     </span>
    </p>
   </div>
   <div class='ocr_carea' id='block_1_6' title="bbox 387 881 1977 952">
    <p class='ocr_par' dir='ltr' id='par_1_6' title="bbox 387 881 1977 952">
     <span class='ocr_line' id='line_1_6' title="bbox 387 881 1977 952; baseline 0.003 -19"><span class='ocrx_word' id='word_1_33' title='bbox 387 881 586 952; x_wconf 78' lang='lat' dir='ltr'><strong>obtegit</strong></span> <span class='ocrx_word' id='word_1_34' title='bbox 634 882 922 949; x_wconf 79' lang='lat' dir='ltr'><strong>perniciem</strong></span> <span class='ocrx_word' id='word_1_35' title='bbox 952 889 1007 933; x_wconf 90' lang='lat' dir='ltr'><strong>et</strong></span> <span class='ocrx_word' id='word_1_36' title='bbox 1040 892 1264 933; x_wconf 90' lang='lat' dir='ltr'><strong>mortem</strong></span> <span class='ocrx_word' id='word_1_37' title='bbox 1309 882 1466 937; x_wconf 88' lang='lat' dir='ltr'><strong>habet.</strong></span> <span class='ocrx_word' id='word_1_38' title='bbox 1502 882 1725 936; x_wconf 79' lang='lat' dir='ltr'><strong>relatam</strong></span> <span class='ocrx_word' id='word_1_39' title='bbox 1752 924 1766 948; x_wconf 93' lang='lat'><strong>,</strong></span> <span class='ocrx_word' id='word_1_40' title='bbox 1801 898 1900 936; x_wconf 79' lang='lat' dir='ltr'><strong>nec</strong></span> <span class='ocrx_word' id='word_1_41' title='bbox 1948 899 1977 937; x_wconf 90' lang='lat' dir='ltr'><strong>a</strong></span> 
     </span>
    </p>
   </div>
   <div class='ocr_carea' id='block_1_7' title="bbox 388 974 1978 1046">
    <p class='ocr_par' dir='ltr' id='par_1_7' title="bbox 388 974 1978 1046">
     <span class='ocr_line' id='line_1_7' title="bbox 388 974 1978 1046; baseline 0.003 -21"><span class='ocrx_word' id='word_1_42' title='bbox 388 976 694 1042; x_wconf 84' lang='lat' dir='ltr'><strong>primordiis</strong></span> <span class='ocrx_word' id='word_1_43' title='bbox 727 974 1059 1026; x_wconf 73' lang='lat' dir='ltr'><strong>manifestam</strong></span> <span class='ocrx_word' id='word_1_44' title='bbox 1086 988 1341 1042; x_wconf 78' lang='lat' dir='ltr'><strong>apparere</strong></span> <span class='ocrx_word' id='word_1_45' title='bbox 1392 978 1665 1045; x_wconf 90' lang='lat' dir='ltr'><strong>permittit.</strong></span> <span class='ocrx_word' id='word_1_46' title='bbox 1727 976 1905 1046; x_wconf 83' lang='lat' dir='ltr'><strong>Itaque</strong></span> <span class='ocrx_word' id='word_1_47' title='bbox 1932 977 1978 1030; x_wconf 90' lang='lat' dir='ltr'><strong>si</strong></span> 
     </span>
    </p>
   </div>
   <div class='ocr_carea' id='block_1_8' title="bbox 385 1067 1980 1137">
    <p class='ocr_par' dir='ltr' id='par_1_8' title="bbox 385 1067 1980 1137">
     <span class='ocr_line' id='line_1_8' title="bbox 385 1067 1980 1137; baseline 0.002 -21"><span class='ocrx_word' id='word_1_48' title='bbox 385 1067 505 1133; x_wconf 88' lang='lat' dir='ltr'><strong>quis</strong></span> <span class='ocrx_word' id='word_1_49' title='bbox 523 1068 844 1133; x_wconf 83' lang='lat' dir='ltr'><strong>voluptatem</strong></span> <span class='ocrx_word' id='word_1_50' title='bbox 863 1076 1161 1119; x_wconf 83' lang='lat' dir='ltr'><strong>sectaturet</strong></span> <span class='ocrx_word' id='word_1_51' title='bbox 1180 1069 1335 1121; x_wconf 78' lang='lat' dir='ltr'><strong>vitam</strong></span> <span class='ocrx_word' id='word_1_52' title='bbox 1352 1069 1544 1122; x_wconf 64' lang='lat' dir='ltr'><strong>laetitia:</strong></span> <span class='ocrx_word' id='word_1_53' title='bbox 1562 1071 1793 1137; x_wconf 88' lang='lat' dir='ltr'><strong>plenam,</strong></span> <span class='ocrx_word' id='word_1_54' title='bbox 1814 1067 1980 1120; x_wconf 81' lang='lat' dir='ltr'><strong>forni-</strong></span> 
     </span>
    </p>
   </div>
   <div class='ocr_carea' id='block_1_9' title="bbox 385 1157 1975 1231">
    <p class='ocr_par' dir='ltr' id='par_1_9' title="bbox 385 1157 1975 1231">
     <span class='ocr_line' id='line_1_9' title="bbox 385 1157 1975 1231; baseline 0.005 -25"><span class='ocrx_word' id='word_1_55' title='bbox 385 1157 620 1209; x_wconf 79' lang='lat' dir='ltr'><strong>cantium</strong></span> <span class='ocrx_word' id='word_1_56' title='bbox 651 1158 920 1210; x_wconf 83' lang='lat' dir='ltr'><strong>consortia</strong></span> <span class='ocrx_word' id='word_1_57' title='bbox 949 1160 1231 1214; x_wconf 80' lang='lat' dir='ltr'><strong>mulierum</strong></span> <span class='ocrx_word' id='word_1_58' title='bbox 1262 1161 1423 1231; x_wconf 89' lang='lat' dir='ltr'><strong>fugiat</strong></span> <span class='ocrx_word' id='word_1_59' title='bbox 1447 1180 1457 1215; x_wconf 92' lang='lat'><strong>:</strong></span> <span class='ocrx_word' id='word_1_60' title='bbox 1483 1162 1632 1216; x_wconf 90' lang='lat' dir='ltr'><strong>bellis</strong></span> <span class='ocrx_word' id='word_1_61' title='bbox 1647 1162 1787 1217; x_wconf 90' lang='lat' dir='ltr'><strong>enim</strong></span> <span class='ocrx_word' id='word_1_62' title='bbox 1816 1162 1975 1214; x_wconf 91' lang='lat' dir='ltr'><strong>innu-</strong></span> 
     </span>
    </p>
   </div>
   <div class='ocr_carea' id='block_1_10' title="bbox 385 1247 1969 1321">
    <p class='ocr_par' dir='ltr' id='par_1_10' title="bbox 385 1247 1969 1321">
     <span class='ocr_line' id='line_1_10' title="bbox 385 1247 1969 1321; baseline 0.003 -22"><span class='ocrx_word' id='word_1_63' title='bbox 385 1247 548 1299; x_wconf 85' lang='lat' dir='ltr'><strong>meris</strong></span> <span class='ocrx_word' id='word_1_64' title='bbox 577 1256 630 1299; x_wconf 91' lang='lat' dir='ltr'><strong>et</strong></span> <span class='ocrx_word' id='word_1_65' title='bbox 660 1248 971 1303; x_wconf 85' lang='lat' dir='ltr'><strong>tumultibus</strong></span> <span class='ocrx_word' id='word_1_66' title='bbox 1000 1258 1294 1305; x_wconf 87' lang='lat' dir='ltr'><strong>amatorum</strong></span> <span class='ocrx_word' id='word_1_67' title='bbox 1325 1252 1533 1306; x_wconf 83' lang='lat' dir='ltr'><strong>animos</strong></span> <span class='ocrx_word' id='word_1_68' title='bbox 1566 1253 1804 1321; x_wconf 90' lang='lat' dir='ltr'><strong>implent,</strong></span> <span class='ocrx_word' id='word_1_69' title='bbox 1835 1267 1969 1306; x_wconf 87' lang='lat' dir='ltr'><strong>con-</strong></span> 
     </span>
    </p>
   </div>
   <div class='ocr_carea' id='block_1_11' title="bbox 389 1340 1976 1412">
    <p class='ocr_par' dir='ltr' id='par_1_11' title="bbox 389 1340 1976 1412">
     <span class='ocr_line' id='line_1_11' title="bbox 389 1340 1976 1412; baseline 0.004 -21"><span class='ocrx_word' id='word_1_70' title='bbox 389 1340 564 1391; x_wconf 89' lang='lat' dir='ltr'><strong>tinuas</strong></span> <span class='ocrx_word' id='word_1_71' title='bbox 610 1340 737 1407; x_wconf 76' lang='lat' dir='ltr'><strong>ipsis</strong></span> <span class='ocrx_word' id='word_1_72' title='bbox 786 1356 989 1409; x_wconf 76' lang='lat' dir='ltr'><strong>pugnas</strong></span> <span class='ocrx_word' id='word_1_73' title='bbox 1020 1344 1494 1411; x_wconf 84' lang='lat' dir='ltr'><strong>contentioneSque</strong></span> <span class='ocrx_word' id='word_1_74' title='bbox 1525 1345 1852 1397; x_wconf 80' lang='lat' dir='ltr'><strong>concitantes</strong></span> <span class='ocrx_word' id='word_1_75' title='bbox 1881 1359 1976 1412; x_wconf 91' lang='lat' dir='ltr'><strong>per</strong></span> 
     </span>
    </p>
   </div>
   <div class='ocr_carea' id='block_1_12' title="bbox 386 1432 1973 1500">
    <p class='ocr_par' dir='ltr' id='par_1_12' title="bbox 386 1432 1973 1500">
     <span class='ocr_line' id='line_1_12' title="bbox 386 1432 1973 1500; baseline 0.005 -20"><span class='ocrx_word' id='word_1_76' title='bbox 386 1432 569 1491; x_wconf 84' lang='lat' dir='ltr'><strong>verba,</strong></span> <span class='ocrx_word' id='word_1_77' title='bbox 598 1446 691 1499; x_wconf 89' lang='lat' dir='ltr'><strong>per</strong></span> <span class='ocrx_word' id='word_1_78' title='bbox 721 1447 879 1500; x_wconf 82' lang='lat' dir='ltr'><strong>Opera</strong></span> <span class='ocrx_word' id='word_1_79' title='bbox 907 1438 1119 1490; x_wconf 91' lang='lat' dir='ltr'><strong>omnia:</strong></span> <span class='ocrx_word' id='word_1_80' title='bbox 1151 1446 1205 1491; x_wconf 93' lang='lat' dir='ltr'><strong>et</strong></span> <span class='ocrx_word' id='word_1_81' title='bbox 1247 1439 1382 1491; x_wconf 89' lang='lat' dir='ltr'><strong>sicut</strong></span> <span class='ocrx_word' id='word_1_82' title='bbox 1411 1438 1641 1490; x_wconf 88' lang='lat' dir='ltr'><strong>hostium</strong></span> <span class='ocrx_word' id='word_1_83' title='bbox 1672 1435 1973 1488; x_wconf 87' lang='lat' dir='ltr'><strong>inimicissi-</strong></span> 
     </span>
    </p>
   </div>
   <div class='ocr_carea' id='block_1_13' title="bbox 387 1521 1972 1593">
    <p class='ocr_par' dir='ltr' id='par_1_13' title="bbox 387 1521 1972 1593">
     <span class='ocr_line' id='line_1_13' title="bbox 387 1521 1972 1593; baseline 0.006 -25"><span class='ocrx_word' id='word_1_84' title='bbox 387 1521 457 1569; x_wconf 83' lang='lat' dir='ltr'><strong>tui</strong></span> <span class='ocrx_word' id='word_1_85' title='bbox 482 1560 495 1580; x_wconf 89' lang='lat'><strong>,</strong></span> <span class='ocrx_word' id='word_1_86' title='bbox 529 1521 605 1572; x_wconf 91' lang='lat' dir='ltr'><strong>sic</strong></span> <span class='ocrx_word' id='word_1_87' title='bbox 637 1521 872 1589; x_wconf 74' lang='lat' dir='ltr'><strong>profncm</strong></span> <span class='ocrx_word' id='word_1_88' title='bbox 917 1534 971 1577; x_wconf 92' lang='lat' dir='ltr'><strong>et</strong></span> <span class='ocrx_word' id='word_1_89' title='bbox 1002 1526 1081 1578; x_wconf 76' lang='lat' dir='ltr'><strong>lue</strong></span> <span class='ocrx_word' id='word_1_90' title='bbox 1111 1528 1286 1579; x_wconf 92' lang='lat' dir='ltr'><strong>omnia</strong></span> <span class='ocrx_word' id='word_1_91' title='bbox 1318 1525 1516 1578; x_wconf 87' lang='lat' dir='ltr'><strong>faciunt</strong></span> <span class='ocrx_word' id='word_1_92' title='bbox 1546 1534 1601 1578; x_wconf 91' lang='lat' dir='ltr'><strong>et</strong></span> <span class='ocrx_word' id='word_1_93' title='bbox 1641 1526 1972 1593; x_wconf 89' lang='lat' dir='ltr'><strong>negotiantur</strong></span> 
     </span>
    </p>
   </div>
   <div class='ocr_carea' id='block_1_14' title="bbox 386 1609 1972 1685">
    <p class='ocr_par' dir='ltr' id='par_1_14' title="bbox 386 1609 1972 1685">
     <span class='ocr_line' id='line_1_14' title="bbox 386 1609 1972 1685; baseline 0.006 -25"><span class='ocrx_word' id='word_1_94' title='bbox 386 1609 452 1661; x_wconf 89' lang='lat' dir='ltr'><strong>ad</strong></span> <span class='ocrx_word' id='word_1_95' title='bbox 482 1610 582 1663; x_wconf 89' lang='lat' dir='ltr'><strong>hoc</strong></span> <span class='ocrx_word' id='word_1_96' title='bbox 607 1652 620 1673; x_wconf 92' lang='lat'><strong>,</strong></span> <span class='ocrx_word' id='word_1_97' title='bbox 653 1624 707 1665; x_wconf 93' lang='lat' dir='ltr'><strong>ut</strong></span> <span class='ocrx_word' id='word_1_98' title='bbox 739 1613 835 1682; x_wconf 88' lang='lat' dir='ltr'><strong>ipsi</strong></span> <span class='ocrx_word' id='word_1_99' title='bbox 866 1616 914 1669; x_wconf 90' lang='lat' dir='ltr'><strong>in</strong></span> <span class='ocrx_word' id='word_1_100' title='bbox 946 1616 1287 1685; x_wconf 89' lang='lat' dir='ltr'><strong>iguomimam</strong></span> <span class='ocrx_word' id='word_1_101' title='bbox 1321 1626 1374 1670; x_wconf 92' lang='lat' dir='ltr'><strong>et</strong></span> <span class='ocrx_word' id='word_1_102' title='bbox 1400 1624 1769 1684; x_wconf 83' lang='lat' dir='ltr'><strong>paupertatem</strong></span> <span class='ocrx_word' id='word_1_103' title='bbox 1797 1626 1972 1669; x_wconf 78' lang='lat' dir='ltr'><strong>extre-</strong></span> 
     </span>
    </p>
   </div>
   <div class='ocr_carea' id='block_1_15' title="bbox 388 1706 1973 1777">
    <p class='ocr_par' dir='ltr' id='par_1_15' title="bbox 388 1706 1973 1777">
     <span class='ocr_line' id='line_1_15' title="bbox 388 1706 1973 1777; baseline 0.004 -24"><span class='ocrx_word' id='word_1_104' title='bbox 388 1716 579 1770; x_wconf 90' lang='lat' dir='ltr'><strong>maque</strong></span> <span class='ocrx_word' id='word_1_105' title='bbox 618 1706 755 1759; x_wconf 88' lang='lat' dir='ltr'><strong>mala</strong></span> <span class='ocrx_word' id='word_1_106' title='bbox 806 1706 1062 1762; x_wconf 87' lang='lat' dir='ltr'><strong>incidant.</strong></span> <span class='ocrx_word' id='word_1_107' title='bbox 1110 1708 1169 1761; x_wconf 87' lang='lat' dir='ltr'><strong>Et</strong></span> <span class='ocrx_word' id='word_1_108' title='bbox 1202 1707 1650 1777; x_wconf 81' lang='lat' dir='ltr'><strong>quemadmodum</strong></span> <span class='ocrx_word' id='word_1_109' title='bbox 1692 1716 1973 1760; x_wconf 88' lang='lat' dir='ltr'><strong>venatores</strong></span> 
     </span>
    </p>
   </div>
   <div class='ocr_carea' id='block_1_16' title="bbox 386 1792 1969 1869">
    <p class='ocr_par' dir='ltr' id='par_1_16' title="bbox 386 1792 1969 1869">
     <span class='ocr_line' id='line_1_16' title="bbox 386 1792 1969 1869; baseline 0.002 -23"><span class='ocrx_word' id='word_1_110' title='bbox 386 1792 586 1847; x_wconf 81' lang='lat' dir='ltr'><strong>retibus</strong></span> <span class='ocrx_word' id='word_1_111' title='bbox 613 1800 847 1850; x_wconf 79' lang='lat' dir='ltr'><strong>extensis</strong></span> <span class='ocrx_word' id='word_1_112' title='bbox 876 1800 1159 1869; x_wconf 77' lang='lat' dir='ltr'><strong>sylvestria</strong></span> <span class='ocrx_word' id='word_1_113' title='bbox 1186 1799 1435 1852; x_wconf 89' lang='lat' dir='ltr'><strong>animalia</strong></span> <span class='ocrx_word' id='word_1_114' title='bbox 1462 1799 1751 1852; x_wconf 87' lang='lat' dir='ltr'><strong>immittere</strong></span> <span class='ocrx_word' id='word_1_115' title='bbox 1776 1813 1969 1867; x_wconf 86' lang='lat' dir='ltr'><strong>aggre-</strong></span> 
     </span>
    </p>
   </div>
   <div class='ocr_carea' id='block_1_17' title="bbox 384 1886 1972 1959">
    <p class='ocr_par' dir='ltr' id='par_1_17' title="bbox 384 1886 1972 1959">
     <span class='ocr_line' id='line_1_17' title="bbox 384 1886 1972 1959; baseline 0.003 -22"><span class='ocrx_word' id='word_1_116' title='bbox 384 1886 627 1957; x_wconf 90' lang='lat' dir='ltr'><strong>diuntur,</strong></span> <span class='ocrx_word' id='word_1_117' title='bbox 661 1898 717 1942; x_wconf 93' lang='lat' dir='ltr'><strong>ut</strong></span> <span class='ocrx_word' id='word_1_118' title='bbox 747 1891 854 1958; x_wconf 86' lang='lat' dir='ltr'><strong>ipsa</strong></span> <span class='ocrx_word' id='word_1_119' title='bbox 882 1890 1168 1958; x_wconf 86' lang='lat' dir='ltr'><strong>jugulent:</strong></span> <span class='ocrx_word' id='word_1_120' title='bbox 1204 1891 1273 1942; x_wconf 88' lang='lat' dir='ltr'><strong>ita</strong></span> <span class='ocrx_word' id='word_1_121' title='bbox 1303 1900 1357 1943; x_wconf 92' lang='lat' dir='ltr'><strong>et</strong></span> <span class='ocrx_word' id='word_1_122' title='bbox 1380 1889 1463 1942; x_wconf 75' lang='lat' dir='ltr'><strong>ha:</strong></span> <span class='ocrx_word' id='word_1_123' title='bbox 1500 1899 1777 1959; x_wconf 89' lang='lat' dir='ltr'><strong>postquam</strong></span> <span class='ocrx_word' id='word_1_124' title='bbox 1820 1889 1972 1942; x_wconf 84' lang='lat' dir='ltr'><strong>lasci-</strong></span> 
     </span>
    </p>
   </div>
   <div class='ocr_carea' id='block_1_18' title="bbox 392 1980 1974 2053">
    <p class='ocr_par' dir='ltr' id='par_1_18' title="bbox 392 1980 1974 2053">
     <span class='ocr_line' id='line_1_18' title="bbox 392 1980 1974 2053; baseline 0.001 -20"><span class='ocrx_word' id='word_1_125' title='bbox 392 1984 493 2036; x_wconf 69' lang='lat' dir='ltr'><strong>via:</strong></span> <span class='ocrx_word' id='word_1_126' title='bbox 519 1999 720 2053; x_wconf 90' lang='lat' dir='ltr'><strong>pennas</strong></span> <span class='ocrx_word' id='word_1_127' title='bbox 742 1986 973 2053; x_wconf 91' lang='lat' dir='ltr'><strong>undique</strong></span> <span class='ocrx_word' id='word_1_128' title='bbox 988 1982 1329 2037; x_wconf 85' lang='lat' dir='ltr'><strong>extendcrint</strong></span> <span class='ocrx_word' id='word_1_129' title='bbox 1358 1998 1452 2051; x_wconf 90' lang='lat' dir='ltr'><strong>per</strong></span> <span class='ocrx_word' id='word_1_130' title='bbox 1477 1982 1658 2036; x_wconf 89' lang='lat' dir='ltr'><strong>oculos</strong></span> <span class='ocrx_word' id='word_1_131' title='bbox 1684 1992 1736 2037; x_wconf 93' lang='lat' dir='ltr'><strong>et</strong></span> <span class='ocrx_word' id='word_1_132' title='bbox 1764 1980 1974 2035; x_wconf 85' lang='lat' dir='ltr'><strong>habitus</strong></span> 
     </span>
    </p>
   </div>
   <div class='ocr_carea' id='block_1_19' title="bbox 382 2074 1966 2143">
    <p class='ocr_par' dir='ltr' id='par_1_19' title="bbox 382 2074 1966 2143">
     <span class='ocr_line' id='line_1_19' title="bbox 382 2074 1966 2143; baseline 0.001 -19"><span class='ocrx_word' id='word_1_133' title='bbox 382 2081 436 2125; x_wconf 88' lang='lat' dir='ltr'><strong>et</strong></span> <span class='ocrx_word' id='word_1_134' title='bbox 460 2074 619 2127; x_wconf 88' lang='lat' dir='ltr'><strong>verba</strong></span> <span class='ocrx_word' id='word_1_135' title='bbox 644 2115 659 2139; x_wconf 94' lang='lat'><strong>,</strong></span> <span class='ocrx_word' id='word_1_136' title='bbox 690 2086 870 2143; x_wconf 90' lang='lat' dir='ltr'><strong>postea</strong></span> <span class='ocrx_word' id='word_1_137' title='bbox 894 2089 1021 2129; x_wconf 90' lang='lat' dir='ltr'><strong>suos</strong></span> <span class='ocrx_word' id='word_1_138' title='bbox 1052 2074 1297 2143; x_wconf 87' lang='lat' dir='ltr'><strong>injiciuut</strong></span> <span class='ocrx_word' id='word_1_139' title='bbox 1319 2083 1587 2127; x_wconf 85' lang='lat' dir='ltr'><strong>amatores</strong></span> <span class='ocrx_word' id='word_1_140' title='bbox 1609 2084 1661 2127; x_wconf 93' lang='lat' dir='ltr'><strong>et</strong></span> <span class='ocrx_word' id='word_1_141' title='bbox 1690 2074 1966 2143; x_wconf 83' lang='lat' dir='ltr'><strong>colligant,</strong></span> 
     </span>
    </p>
   </div>
   <div class='ocr_carea' id='block_1_20' title="bbox 382 2166 1969 2236">
    <p class='ocr_par' dir='ltr' id='par_1_20' title="bbox 382 2166 1969 2236">
     <span class='ocr_line' id='line_1_20' title="bbox 382 2166 1969 2236; baseline 0.003 -21"><span class='ocrx_word' id='word_1_142' title='bbox 382 2178 487 2216; x_wconf 90' lang='lat' dir='ltr'><strong>nou</strong></span> <span class='ocrx_word' id='word_1_143' title='bbox 522 2167 663 2232; x_wconf 88' lang='lat' dir='ltr'><strong>prius</strong></span> <span class='ocrx_word' id='word_1_144' title='bbox 684 2168 1003 2220; x_wconf 84' lang='lat' dir='ltr'><strong>absistentes</strong></span> <span class='ocrx_word' id='word_1_145' title='bbox 1024 2208 1039 2232; x_wconf 91' lang='lat'><strong>,</strong></span> <span class='ocrx_word' id='word_1_146' title='bbox 1060 2182 1217 2236; x_wconf 88' lang='lat' dir='ltr'><strong>quam</strong></span> <span class='ocrx_word' id='word_1_147' title='bbox 1241 2175 1293 2219; x_wconf 88' lang='lat' dir='ltr'><strong>et</strong></span> <span class='ocrx_word' id='word_1_148' title='bbox 1318 2167 1553 2234; x_wconf 90' lang='lat' dir='ltr'><strong>ipsorum</strong></span> <span class='ocrx_word' id='word_1_149' title='bbox 1582 2182 1824 2220; x_wconf 87' lang='lat' dir='ltr'><strong>cruorem</strong></span> <span class='ocrx_word' id='word_1_150' title='bbox 1856 2166 1969 2219; x_wconf 64' lang='lat' dir='ltr'><strong>ebi-</strong></span> 
     </span>
    </p>
   </div>
   <div class='ocr_carea' id='block_1_21' title="bbox 381 2254 1967 2327">
    <p class='ocr_par' dir='ltr' id='par_1_21' title="bbox 381 2254 1967 2327">
     <span class='ocr_line' id='line_1_21' title="bbox 381 2254 1967 2327; baseline 0.003 -20"><span class='ocrx_word' id='word_1_151' title='bbox 381 2254 579 2321; x_wconf 86' lang='lat' dir='ltr'><strong>beriut,</strong></span> <span class='ocrx_word' id='word_1_152' title='bbox 612 2258 923 2311; x_wconf 88' lang='lat' dir='ltr'><strong>insultantes</strong></span> <span class='ocrx_word' id='word_1_153' title='bbox 952 2258 1311 2326; x_wconf 86' lang='lat' dir='ltr'><strong>postmodum,</strong></span> <span class='ocrx_word' id='word_1_154' title='bbox 1343 2267 1397 2311; x_wconf 85' lang='lat' dir='ltr'><strong>et</strong></span> <span class='ocrx_word' id='word_1_155' title='bbox 1421 2259 1656 2327; x_wconf 74' lang='lat' dir='ltr'><strong>ip~orum</strong></span> <span class='ocrx_word' id='word_1_156' title='bbox 1687 2258 1967 2312; x_wconf 78' lang='lat' dir='ltr'><strong>stultitiam</strong></span> 
     </span>
    </p>
   </div>
   <div class='ocr_carea' id='block_1_22' title="bbox 379 2348 1967 2417">
    <p class='ocr_par' dir='ltr' id='par_1_22' title="bbox 379 2348 1967 2417">
     <span class='ocr_line' id='line_1_22' title="bbox 379 2348 1967 2417; baseline 0.002 -19"><span class='ocrx_word' id='word_1_157' title='bbox 379 2360 683 2414; x_wconf 89' lang='lat' dir='ltr'><strong>carpentes,</strong></span> <span class='ocrx_word' id='word_1_158' title='bbox 711 2358 765 2403; x_wconf 90' lang='lat' dir='ltr'><strong>et</strong></span> <span class='ocrx_word' id='word_1_159' title='bbox 786 2350 1006 2401; x_wconf 90' lang='lat' dir='ltr'><strong>multum</strong></span> <span class='ocrx_word' id='word_1_160' title='bbox 1034 2348 1102 2403; x_wconf 92' lang='lat' dir='ltr'><strong>de</strong></span> <span class='ocrx_word' id='word_1_161' title='bbox 1132 2349 1259 2417; x_wconf 82' lang='lat' dir='ltr'><strong>ipsis</strong></span> <span class='ocrx_word' id='word_1_162' title='bbox 1281 2354 1445 2402; x_wconf 88' lang='lat' dir='ltr'><strong>risum</strong></span> <span class='ocrx_word' id='word_1_163' title='bbox 1466 2348 1768 2403; x_wconf 85' lang='lat' dir='ltr'><strong>fundentes.</strong></span> <span class='ocrx_word' id='word_1_164' title='bbox 1786 2349 1967 2417; x_wconf 63' lang='lat' dir='ltr'><strong>Neque</strong></span> 
     </span>
    </p>
   </div>
   <div class='ocr_carea' id='block_1_23' title="bbox 379 2439 1968 2509">
    <p class='ocr_par' dir='ltr' id='par_1_23' title="bbox 379 2439 1968 2509">
     <span class='ocr_line' id='line_1_23' title="bbox 379 2439 1968 2509; baseline -0.001 -18"><span class='ocrx_word' id='word_1_165' title='bbox 379 2439 520 2491; x_wconf 87' lang='lat' dir='ltr'><strong>enim</strong></span> <span class='ocrx_word' id='word_1_166' title='bbox 545 2449 601 2492; x_wconf 95' lang='lat' dir='ltr'><strong>ut</strong></span> <span class='ocrx_word' id='word_1_167' title='bbox 638 2440 1057 2495; x_wconf 81' lang='lat' dir='ltr'><strong>misericordiam</strong></span> <span class='ocrx_word' id='word_1_168' title='bbox 1107 2441 1339 2494; x_wconf 76' lang='lat' dir='ltr'><strong>inveniat</strong></span> <span class='ocrx_word' id='word_1_169' title='bbox 1368 2440 1557 2509; x_wconf 82' lang='lat' dir='ltr'><strong>dignus</strong></span> <span class='ocrx_word' id='word_1_170' title='bbox 1584 2450 1665 2493; x_wconf 90' lang='lat' dir='ltr'><strong>est</strong></span> <span class='ocrx_word' id='word_1_171' title='bbox 1694 2440 1968 2508; x_wconf 85' lang='lat' dir='ltr'><strong>hujusmn-</strong></span> 
     </span>
    </p>
   </div>
   <div class='ocr_carea' id='block_1_24' title="bbox 378 2528 1966 2594">
    <p class='ocr_par' dir='ltr' id='par_1_24' title="bbox 378 2528 1966 2594">
     <span class='ocr_line' id='line_1_24' title="bbox 378 2528 1966 2594; baseline 0.001 -14"><span class='ocrx_word' id='word_1_172' title='bbox 378 2529 473 2594; x_wconf 88' lang='lat' dir='ltr'><strong>di,</strong></span> <span class='ocrx_word' id='word_1_173' title='bbox 520 2528 613 2584; x_wconf 86' lang='lat' dir='ltr'><strong>sed</strong></span> <span class='ocrx_word' id='word_1_174' title='bbox 648 2539 702 2583; x_wconf 86' lang='lat' dir='ltr'><strong>ut</strong></span> <span class='ocrx_word' id='word_1_175' title='bbox 747 2530 1055 2585; x_wconf 86' lang='lat' dir='ltr'><strong>derideatur</strong></span> <span class='ocrx_word' id='word_1_176' title='bbox 1092 2540 1145 2583; x_wconf 90' lang='lat' dir='ltr'><strong>et</strong></span> <span class='ocrx_word' id='word_1_177' title='bbox 1184 2531 1493 2583; x_wconf 80' lang='lat' dir='ltr'><strong>mordeatur</strong></span> <span class='ocrx_word' id='word_1_178' title='bbox 1521 2571 1535 2594; x_wconf 95' lang='lat'><strong>,</strong></span> <span class='ocrx_word' id='word_1_179' title='bbox 1567 2547 1689 2583; x_wconf 87' lang='lat' dir='ltr'><strong>cum</strong></span> <span class='ocrx_word' id='word_1_180' title='bbox 1722 2531 1966 2592; x_wconf 84' lang='lat' dir='ltr'><strong>muliere,</strong></span> 
     </span>
    </p>
   </div>
   <div class='ocr_carea' id='block_1_25' title="bbox 378 2618 1968 2687">
    <p class='ocr_par' dir='ltr' id='par_1_25' title="bbox 378 2618 1968 2687">
     <span class='ocr_line' id='line_1_25' title="bbox 378 2618 1968 2687; baseline 0.001 -17"><span class='ocrx_word' id='word_1_181' title='bbox 378 2627 434 2670; x_wconf 88' lang='lat' dir='ltr'><strong>c-t</strong></span> <span class='ocrx_word' id='word_1_182' title='bbox 484 2618 703 2672; x_wconf 81' lang='lat' dir='ltr'><strong>muliere</strong></span> <span class='ocrx_word' id='word_1_183' title='bbox 758 2621 1044 2672; x_wconf 89' lang='lat' dir='ltr'><strong>meretrice</strong></span> <span class='ocrx_word' id='word_1_184' title='bbox 1083 2619 1327 2672; x_wconf 77' lang='lat' dir='ltr'><strong>stolidior</strong></span> <span class='ocrx_word' id='word_1_185' title='bbox 1368 2628 1643 2687; x_wconf 83' lang='lat' dir='ltr'><strong>appareat.</strong></span> <span class='ocrx_word' id='word_1_186' title='bbox 1678 2619 1968 2686; x_wconf 83' lang='lat' dir='ltr'><strong>Propterea</strong></span> 
     </span>
    </p>
   </div>
   <div class='ocr_carea' id='block_1_26' title="bbox 378 2707 1970 2777">
    <p class='ocr_par' dir='ltr' id='par_1_26' title="bbox 378 2707 1970 2777">
     <span class='ocr_line' id='line_1_26' title="bbox 378 2707 1970 2777; baseline 0.003 -18"><span class='ocrx_word' id='word_1_187' title='bbox 378 2722 566 2761; x_wconf 87' lang='lat' dir='ltr'><strong>rursus</strong></span> <span class='ocrx_word' id='word_1_188' title='bbox 584 2722 680 2761; x_wconf 90' lang='lat' dir='ltr'><strong>nos</strong></span> <span class='ocrx_word' id='word_1_189' title='bbox 705 2707 957 2762; x_wconf 88' lang='lat' dir='ltr'><strong>admonet</strong></span> <span class='ocrx_word' id='word_1_190' title='bbox 988 2710 1201 2776; x_wconf 89' lang='lat' dir='ltr'><strong>sapiens</strong></span> <span class='ocrx_word' id='word_1_191' title='bbox 1227 2708 1315 2762; x_wconf 90' lang='lat' dir='ltr'><strong>ille</strong></span> <span class='ocrx_word' id='word_1_192' title='bbox 1336 2723 1456 2762; x_wconf 90' lang='lat' dir='ltr'><strong>cum</strong></span> <span class='ocrx_word' id='word_1_193' title='bbox 1487 2708 1643 2763; x_wconf 91' lang='lat' dir='ltr'><strong>dicit:</strong></span> <span class='ocrx_word' id='word_1_194' title='bbox 1673 2707 1795 2761; x_wconf 83' lang='lat' dir='ltr'><strong>Bibe</strong></span> <span class='ocrx_word' id='word_1_195' title='bbox 1813 2725 1970 2777; x_wconf 88' lang='lat' dir='ltr'><strong>aquas</strong></span> 
     </span>
    </p>
   </div>
   <div class='ocr_carea' id='block_1_27' title="bbox 380 2798 1964 2870">
    <p class='ocr_par' dir='ltr' id='par_1_27' title="bbox 380 2798 1964 2870">
     <span class='ocr_line' id='line_1_27' title="bbox 380 2798 1964 2870; baseline 0.002 -22"><span class='ocrx_word' id='word_1_196' title='bbox 380 2798 444 2848; x_wconf 84' lang='lat' dir='ltr'><strong>de</strong></span> <span class='ocrx_word' id='word_1_197' title='bbox 468 2800 597 2851; x_wconf 74' lang='lat' dir='ltr'><strong>casis</strong></span> <span class='ocrx_word' id='word_1_198' title='bbox 626 2800 721 2852; x_wconf 87' lang='lat' dir='ltr'><strong>tuis</strong></span> <span class='ocrx_word' id='word_1_199' title='bbox 746 2809 792 2852; x_wconf 87' lang='lat' dir='ltr'><strong>et</strong></span> <span class='ocrx_word' id='word_1_200' title='bbox 822 2800 885 2853; x_wconf 84' lang='lat' dir='ltr'><strong>de</strong></span> <span class='ocrx_word' id='word_1_201' title='bbox 910 2809 1110 2854; x_wconf 89' lang='lat' dir='ltr'><strong>tuorum</strong></span> <span class='ocrx_word' id='word_1_202' title='bbox 1140 2808 1401 2870; x_wconf 79' lang='lat' dir='ltr'><strong>puteorum</strong></span> <span class='ocrx_word' id='word_1_203' title='bbox 1429 2804 1572 2869; x_wconf 82' lang='lat' dir='ltr'><strong>fonte</strong></span> <span class='ocrx_word' id='word_1_204' title='bbox 1591 2818 1608 2853; x_wconf 89' lang='lat'><strong>:</strong></span> <span class='ocrx_word' id='word_1_205' title='bbox 1634 2810 1685 2854; x_wconf 89' lang='lat' dir='ltr'><strong>et</strong></span> <span class='ocrx_word' id='word_1_206' title='bbox 1720 2816 1964 2865; x_wconf 73' lang='lat' dir='ltr'><strong>rursum,</strong></span> 
     </span>
    </p>
   </div>
   <div class='ocr_carea' id='block_1_28' title="bbox 376 2888 1968 2961">
    <p class='ocr_par' dir='ltr' id='par_1_28' title="bbox 376 2888 1968 2961">
     <span class='ocr_line' id='line_1_28' title="bbox 376 2888 1968 2961; baseline -0.001 -18"><span class='ocrx_word' id='word_1_207' title='bbox 376 2888 559 2943; x_wconf 54' lang='lat' dir='ltr'><strong>Cervus</strong></span> <span class='ocrx_word' id='word_1_208' title='bbox 586 2892 818 2945; x_wconf 72' lang='lat' dir='ltr'><strong>anticitiw</strong></span> <span class='ocrx_word' id='word_1_209' title='bbox 840 2901 887 2944; x_wconf 89' lang='lat' dir='ltr'><strong>et</strong></span> <span class='ocrx_word' id='word_1_210' title='bbox 909 2892 1082 2961; x_wconf 83' lang='lat' dir='ltr'><strong>pullus</strong></span> <span class='ocrx_word' id='word_1_211' title='bbox 1117 2901 1317 2944; x_wconf 78' lang='lat' dir='ltr'><strong>tuarum</strong></span> <span class='ocrx_word' id='word_1_212' title='bbox 1346 2893 1622 2961; x_wconf 81' lang='lat' dir='ltr'><strong>gratiarum</strong></span> <span class='ocrx_word' id='word_1_213' title='bbox 1648 2902 1968 2944; x_wconf 74' lang='lat' dir='ltr'><strong>courersetur</strong></span> 
     </span>
    </p>
   </div>
   <div class='ocr_carea' id='block_1_29' title="bbox 376 2981 1965 3055">
    <p class='ocr_par' dir='ltr' id='par_1_29' title="bbox 376 2981 1965 3055">
     <span class='ocr_line' id='line_1_29' title="bbox 376 2981 1965 3055; baseline 0.001 -22"><span class='ocrx_word' id='word_1_214' title='bbox 376 2991 535 3034; x_wconf 82' lang='lat' dir='ltr'><strong>tecum</strong></span> <span class='ocrx_word' id='word_1_215' title='bbox 567 2984 584 3049; x_wconf 98' lang='lat'>(</span> <span class='ocrx_word' id='word_1_216' title='bbox 613 2981 764 3035; x_wconf 90' lang='lat' dir='ltr'><strong>Prov.</strong></span> <span class='ocrx_word' id='word_1_217' title='bbox 812 2985 865 3041; x_wconf 88' lang='lat'><strong>5.</strong></span> <span class='ocrx_word' id='word_1_218' title='bbox 910 2986 993 3038; x_wconf 81' lang='grc'><strong>15.</strong></span> <span class='ocrx_word' id='word_1_219' title='bbox 1031 2999 1080 3039; x_wconf 81' lang='lat' dir='ltr'><strong>et</strong></span> <span class='ocrx_word' id='word_1_220' title='bbox 1118 3002 1229 3055; x_wconf 95' lang='lat' dir='ltr'><strong>sqq.</strong></span> <span class='ocrx_word' id='word_1_221' title='bbox 1268 2983 1286 3054; x_wconf 88' lang='lat'>)</span> <span class='ocrx_word' id='word_1_222' title='bbox 1312 3000 1323 3034; x_wconf 92' lang='lat'><strong>:</strong></span> <span class='ocrx_word' id='word_1_223' title='bbox 1353 2983 1418 3037; x_wconf 93' lang='lat' dir='ltr'><strong>de</strong></span> <span class='ocrx_word' id='word_1_224' title='bbox 1448 2999 1609 3037; x_wconf 87' lang='lat' dir='ltr'><strong>uxore</strong></span> <span class='ocrx_word' id='word_1_225' title='bbox 1638 2999 1732 3052; x_wconf 91' lang='lat' dir='ltr'><strong>per</strong></span> <span class='ocrx_word' id='word_1_226' title='bbox 1755 2985 1965 3053; x_wconf 87' lang='lat' dir='ltr'><strong>nuptia-</strong></span> 
     </span>
    </p>
   </div>
   <div class='ocr_carea' id='block_1_30' title="bbox 377 3076 1963 3147">
    <p class='ocr_par' dir='ltr' id='par_1_30' title="bbox 377 3076 1963 3147">
     <span class='ocr_line' id='line_1_30' title="bbox 377 3076 1963 3147; baseline 0.002 -19"><span class='ocrx_word' id='word_1_227' title='bbox 377 3090 494 3128; x_wconf 91' lang='lat' dir='ltr'><strong>rum</strong></span> <span class='ocrx_word' id='word_1_228' title='bbox 522 3076 687 3144; x_wconf 81' lang='lat' dir='ltr'><strong>legem</strong></span> <span class='ocrx_word' id='word_1_229' title='bbox 712 3076 1047 3130; x_wconf 82' lang='lat' dir='ltr'><strong>cohabitante</strong></span> <span class='ocrx_word' id='word_1_230' title='bbox 1066 3078 1184 3130; x_wconf 86' lang='lat' dir='ltr'><strong>talia</strong></span> <span class='ocrx_word' id='word_1_231' title='bbox 1214 3078 1397 3131; x_wconf 91' lang='lat' dir='ltr'><strong>dicens</strong></span> <span class='ocrx_word' id='word_1_232' title='bbox 1422 3095 1433 3129; x_wconf 95' lang='lat'><strong>:</strong></span> <span class='ocrx_word' id='word_1_233' title='bbox 1468 3078 1610 3145; x_wconf 88' lang='lat' dir='ltr'><strong>Quid</strong></span> <span class='ocrx_word' id='word_1_234' title='bbox 1636 3077 1963 3147; x_wconf 88' lang='lat' dir='ltr'><strong>dcrelinquis</strong></span> 
     </span>
    </p>
   </div>
   <div class='ocr_carea' id='block_1_31' title="bbox 374 3166 1959 3239">
    <p class='ocr_par' dir='ltr' id='par_1_31' title="bbox 374 3166 1959 3239">
     <span class='ocr_line' id='line_1_31' title="bbox 374 3166 1959 3239; baseline 0.004 -22"><span class='ocrx_word' id='word_1_235' title='bbox 374 3166 710 3235; x_wconf 73' lang='lat' dir='ltr'><strong>adjutricein,</strong></span> <span class='ocrx_word' id='word_1_236' title='bbox 745 3178 799 3221; x_wconf 89' lang='lat' dir='ltr'><strong>et</strong></span> <span class='ocrx_word' id='word_1_237' title='bbox 824 3168 888 3220; x_wconf 91' lang='lat' dir='ltr'><strong>ad</strong></span> <span class='ocrx_word' id='word_1_238' title='bbox 920 3168 1299 3223; x_wconf 80' lang='lat' dir='ltr'><strong>insidiatricem</strong></span> <span class='ocrx_word' id='word_1_239' title='bbox 1322 3170 1537 3223; x_wconf 85' lang='lat' dir='ltr'><strong>curris?</strong></span> <span class='ocrx_word' id='word_1_240' title='bbox 1566 3170 1691 3239; x_wconf 90' lang='lat' dir='ltr'><strong>quid</strong></span> <span class='ocrx_word' id='word_1_241' title='bbox 1716 3171 1838 3223; x_wconf 75' lang='lat' dir='ltr'><strong>vita:</strong></span> <span class='ocrx_word' id='word_1_242' title='bbox 1865 3184 1959 3223; x_wconf 82' lang='lat' dir='ltr'><strong>so-</strong></span> 
     </span>
    </p>
   </div>
   <div class='ocr_carea' id='block_1_32' title="bbox 372 3258 1962 3327">
    <p class='ocr_par' dir='ltr' id='par_1_32' title="bbox 372 3258 1962 3327">
     <span class='ocr_line' id='line_1_32' title="bbox 372 3258 1962 3327; baseline 0.001 -17"><span class='ocrx_word' id='word_1_243' title='bbox 372 3260 509 3311; x_wconf 89' lang='lat' dir='ltr'><strong>ciam</strong></span> <span class='ocrx_word' id='word_1_244' title='bbox 539 3259 802 3311; x_wconf 79' lang='lat' dir='ltr'><strong>aversaris</strong></span> <span class='ocrx_word' id='word_1_245' title='bbox 828 3298 842 3322; x_wconf 88' lang='lat'><strong>,</strong></span> <span class='ocrx_word' id='word_1_246' title='bbox 877 3268 928 3311; x_wconf 91' lang='lat' dir='ltr'><strong>et</strong></span> <span class='ocrx_word' id='word_1_247' title='bbox 952 3274 1103 3323; x_wconf 90' lang='lat' dir='ltr'><strong>eam,</strong></span> <span class='ocrx_word' id='word_1_248' title='bbox 1150 3274 1271 3327; x_wconf 76' lang='lat' dir='ltr'><strong>qua:</strong></span> <span class='ocrx_word' id='word_1_249' title='bbox 1313 3258 1474 3312; x_wconf 87' lang='lat' dir='ltr'><strong>vitam</strong></span> <span class='ocrx_word' id='word_1_250' title='bbox 1519 3270 1662 3313; x_wconf 89' lang='lat' dir='ltr'><strong>tuam</strong></span> <span class='ocrx_word' id='word_1_251' title='bbox 1702 3259 1962 3314; x_wconf 83' lang='lat' dir='ltr'><strong>subvertit</strong></span> 
     </span>
    </p>
   </div>
   <div class='ocr_carea' id='block_1_33' title="bbox 373 3349 1960 3420">
    <p class='ocr_par' dir='ltr' id='par_1_33' title="bbox 373 3349 1960 3420">
     <span class='ocr_line' id='line_1_33' title="bbox 373 3349 1960 3420; baseline 0.001 -18"><span class='ocrx_word' id='word_1_252' title='bbox 373 3350 637 3402; x_wconf 86' lang='lat' dir='ltr'><strong>sectaris?</strong></span> <span class='ocrx_word' id='word_1_253' title='bbox 670 3349 791 3403; x_wconf 57' lang='lat' dir='ltr'><strong>llaec</strong></span> <span class='ocrx_word' id='word_1_254' title='bbox 837 3349 1134 3404; x_wconf 89' lang='lat' dir='ltr'><strong>membrum</strong></span> <span class='ocrx_word' id='word_1_255' title='bbox 1189 3360 1333 3403; x_wconf 91' lang='lat' dir='ltr'><strong>tuum</strong></span> <span class='ocrx_word' id='word_1_256' title='bbox 1376 3360 1427 3405; x_wconf 90' lang='lat' dir='ltr'><strong>et</strong></span> <span class='ocrx_word' id='word_1_257' title='bbox 1473 3366 1666 3420; x_wconf 89' lang='lat' dir='ltr'><strong>corpus</strong></span> <span class='ocrx_word' id='word_1_258' title='bbox 1703 3359 1829 3414; x_wconf 90' lang='lat' dir='ltr'><strong>est;</strong></span> <span class='ocrx_word' id='word_1_259' title='bbox 1876 3352 1960 3403; x_wconf 90' lang='lat' dir='ltr'><strong>illa</strong></span> 
     </span>
    </p>
   </div>
   <div class='ocr_carea' id='block_1_34' title="bbox 371 3444 1960 3517">
    <p class='ocr_par' dir='ltr' id='par_1_34' title="bbox 371 3444 1960 3517">
     <span class='ocr_line' id='line_1_34' title="bbox 371 3444 1960 3517; baseline 0.004 -22"><span class='ocrx_word' id='word_1_260' title='bbox 371 3444 581 3510; x_wconf 80' lang='lat' dir='ltr'><strong>gladius</strong></span> <span class='ocrx_word' id='word_1_261' title='bbox 607 3456 811 3499; x_wconf 88' lang='lat' dir='ltr'><strong>acutus.</strong></span> <span class='ocrx_word' id='word_1_262' title='bbox 848 3445 1134 3514; x_wconf 77' lang='lat' dir='ltr'><strong>Propterea</strong></span> <span class='ocrx_word' id='word_1_263' title='bbox 1158 3488 1172 3506; x_wconf 85' lang='lat'><strong>,</strong></span> <span class='ocrx_word' id='word_1_264' title='bbox 1205 3448 1424 3511; x_wconf 85' lang='lat' dir='ltr'><strong>dilecti,</strong></span> <span class='ocrx_word' id='word_1_265' title='bbox 1456 3446 1619 3517; x_wconf 80' lang='lat' dir='ltr'><strong>fugite</strong></span> <span class='ocrx_word' id='word_1_266' title='bbox 1650 3447 1960 3501; x_wconf 85' lang='lat' dir='ltr'><strong>fornicatio-</strong></span> 
     </span>
    </p>
   </div>
   <div class='ocr_carea' id='block_1_35' title="bbox 372 3537 1959 3606">
    <p class='ocr_par' dir='ltr' id='par_1_35' title="bbox 372 3537 1959 3606">
     <span class='ocr_line' id='line_1_35' title="bbox 372 3537 1959 3606; baseline 0.003 -20"><span class='ocrx_word' id='word_1_267' title='bbox 372 3550 493 3586; x_wconf 75' lang='lat' dir='ltr'><strong>nem</strong></span> <span class='ocrx_word' id='word_1_268' title='bbox 521 3544 574 3587; x_wconf 91' lang='lat' dir='ltr'><strong>et</strong></span> <span class='ocrx_word' id='word_1_269' title='bbox 604 3547 822 3603; x_wconf 84' lang='lat' dir='ltr'><strong>prepter</strong></span> <span class='ocrx_word' id='word_1_270' title='bbox 852 3537 1134 3603; x_wconf 61' lang='lat' dir='ltr'><strong>praâ€˜seutia</strong></span> <span class='ocrx_word' id='word_1_271' title='bbox 1165 3537 1304 3590; x_wconf 88' lang='lat' dir='ltr'><strong>tuala</strong></span> <span class='ocrx_word' id='word_1_272' title='bbox 1337 3577 1351 3599; x_wconf 93' lang='lat'><strong>,</strong></span> <span class='ocrx_word' id='word_1_273' title='bbox 1400 3548 1452 3591; x_wconf 90' lang='lat' dir='ltr'><strong>et</strong></span> <span class='ocrx_word' id='word_1_274' title='bbox 1482 3546 1704 3605; x_wconf 84' lang='lat' dir='ltr'><strong>propter</strong></span> <span class='ocrx_word' id='word_1_275' title='bbox 1749 3554 1959 3606; x_wconf 73' lang='lat' dir='ltr'><strong>pmnam</strong></span> 
     </span>
    </p>
   </div>
   <div class='ocr_carea' id='block_1_36' title="bbox 368 3624 1957 3696">
    <p class='ocr_par' dir='ltr' id='par_1_36' title="bbox 368 3624 1957 3696">
     <span class='ocr_line' id='line_1_36' title="bbox 368 3624 1957 3696; baseline 0.006 -21"><span class='ocrx_word' id='word_1_276' title='bbox 368 3624 619 3677; x_wconf 75' lang='lat' dir='ltr'><strong>futuram.</strong></span> <span class='ocrx_word' id='word_1_277' title='bbox 666 3625 825 3679; x_wconf 84' lang='lat' dir='ltr'><strong>Forte</strong></span> <span class='ocrx_word' id='word_1_278' title='bbox 862 3636 1176 3695; x_wconf 82' lang='lat' dir='ltr'><strong>argumento</strong></span> <span class='ocrx_word' id='word_1_279' title='bbox 1219 3628 1484 3682; x_wconf 81' lang='lat' dir='ltr'><strong>excidisse</strong></span> <span class='ocrx_word' id='word_1_280' title='bbox 1531 3631 1777 3683; x_wconf 78' lang='lat' dir='ltr'><strong>videmur</strong></span> <span class='ocrx_word' id='word_1_281' title='bbox 1805 3672 1821 3696; x_wconf 96' lang='lat'><strong>,</strong></span> <span class='ocrx_word' id='word_1_282' title='bbox 1862 3632 1957 3684; x_wconf 91' lang='lat' dir='ltr'><strong>sed</strong></span> 
     </span>
    </p>
   </div>
   <div class='ocr_carea' id='block_1_37' title="bbox 367 3712 1956 3779">
    <p class='ocr_par' dir='ltr' id='par_1_37' title="bbox 367 3712 1956 3779">
     <span class='ocr_line' id='line_1_37' title="bbox 367 3712 1956 3779; baseline 0.006 -14"><span class='ocrx_word' id='word_1_283' title='bbox 367 3712 471 3766; x_wconf 90' lang='lat' dir='ltr'><strong>hoc</strong></span> <span class='ocrx_word' id='word_1_284' title='bbox 492 3728 595 3765; x_wconf 89' lang='lat' dir='ltr'><strong>non</strong></span> <span class='ocrx_word' id='word_1_285' title='bbox 622 3722 704 3767; x_wconf 92' lang='lat' dir='ltr'><strong>cst</strong></span> <span class='ocrx_word' id='word_1_286' title='bbox 723 3714 1005 3779; x_wconf 80' lang='lat' dir='ltr'><strong>excidere;</strong></span> <span class='ocrx_word' id='word_1_287' title='bbox 1048 3731 1155 3770; x_wconf 90' lang='lat' dir='ltr'><strong>non</strong></span> <span class='ocrx_word' id='word_1_288' title='bbox 1193 3718 1333 3776; x_wconf 84' lang='lat' dir='ltr'><strong>enim</strong></span> <span class='ocrx_word' id='word_1_289' title='bbox 1374 3716 1629 3773; x_wconf 88' lang='lat' dir='ltr'><strong>historias</strong></span> <span class='ocrx_word' id='word_1_290' title='bbox 1652 3720 1803 3773; x_wconf 81' lang='lat' dir='ltr'><strong>vobis</strong></span> <span class='ocrx_word' id='word_1_291' title='bbox 1823 3721 1956 3775; x_wconf 88' lang='lat' dir='ltr'><strong>sim-</strong></span> 
     </span>
    </p>
   </div>
   <div class='ocr_carea' id='block_1_38' title="bbox 369 3803 1957 3878">
    <p class='ocr_par' dir='ltr' id='par_1_38' title="bbox 369 3803 1957 3878">
     <span class='ocr_line' id='line_1_38' title="bbox 369 3803 1957 3878; baseline 0.006 -23"><span class='ocrx_word' id='word_1_292' title='bbox 369 3803 580 3871; x_wconf 86' lang='lat' dir='ltr'><strong>pliciter</strong></span> <span class='ocrx_word' id='word_1_293' title='bbox 616 3804 793 3873; x_wconf 79' lang='lat' dir='ltr'><strong>legere</strong></span> <span class='ocrx_word' id='word_1_294' title='bbox 822 3805 1067 3860; x_wconf 87' lang='lat' dir='ltr'><strong>volumus</strong></span> <span class='ocrx_word' id='word_1_295' title='bbox 1090 3847 1106 3871; x_wconf 94' lang='lat'><strong>,</strong></span> <span class='ocrx_word' id='word_1_296' title='bbox 1153 3807 1245 3861; x_wconf 93' lang='lat' dir='ltr'><strong>sed</strong></span> <span class='ocrx_word' id='word_1_297' title='bbox 1291 3809 1647 3878; x_wconf 88' lang='lat' dir='ltr'><strong>nequitiarqu</strong></span> <span class='ocrx_word' id='word_1_298' title='bbox 1685 3825 1781 3864; x_wconf 85' lang='lat' dir='ltr'><strong>vos</strong></span> <span class='ocrx_word' id='word_1_299' title='bbox 1820 3809 1957 3864; x_wconf 86' lang='lat' dir='ltr'><strong>infe-</strong></span> 
     </span>
    </p>
   </div>
   <div class='ocr_carea' id='block_1_39' title="bbox 368 3894 1960 3970">
    <p class='ocr_par' dir='ltr' id='par_1_39' title="bbox 368 3894 1960 3970">
     <span class='ocr_line' id='line_1_39' title="bbox 368 3894 1960 3970; baseline 0.006 -23"><span class='ocrx_word' id='word_1_300' title='bbox 368 3894 626 3947; x_wconf 86' lang='lat' dir='ltr'><strong>stantium</strong></span> <span class='ocrx_word' id='word_1_301' title='bbox 666 3910 931 3964; x_wconf 88' lang='lat' dir='ltr'><strong>quamque</strong></span> <span class='ocrx_word' id='word_1_302' title='bbox 976 3897 1276 3967; x_wconf 89' lang='lat' dir='ltr'><strong>corrigere:</strong></span> <span class='ocrx_word' id='word_1_303' title='bbox 1310 3898 1431 3953; x_wconf 90' lang='lat' dir='ltr'><strong>ideo</strong></span> <span class='ocrx_word' id='word_1_304' title='bbox 1462 3898 1769 3970; x_wconf 84' lang='lat' dir='ltr'><strong>frequentes</strong></span> <span class='ocrx_word' id='word_1_305' title='bbox 1807 3902 1960 3957; x_wconf 74' lang='lat' dir='ltr'><strong>vobis</strong></span> 
     </span>
    </p>
   </div>
   <div class='ocr_carea' id='block_1_40' title="bbox 368 3982 1957 4054">
    <p class='ocr_par' dir='ltr' id='par_1_40' title="bbox 368 3982 1957 4054">
     <span class='ocr_line' id='line_1_40' title="bbox 368 3982 1957 4054; baseline 0.006 -19"><span class='ocrx_word' id='word_1_306' title='bbox 368 3982 707 4037; x_wconf 90' lang='lat' dir='ltr'><strong>immittimus</strong></span> <span class='ocrx_word' id='word_1_307' title='bbox 750 3987 1118 4054; x_wconf 83' lang='lat' dir='ltr'><strong>correptimies</strong></span> <span class='ocrx_word' id='word_1_308' title='bbox 1151 4029 1165 4051; x_wconf 90' lang='lat'><strong>,</strong></span> <span class='ocrx_word' id='word_1_309' title='bbox 1210 3990 1414 4043; x_wconf 85' lang='lat' dir='ltr'><strong>varium</strong></span> <span class='ocrx_word' id='word_1_310' title='bbox 1456 3990 1606 4045; x_wconf 88' lang='lat' dir='ltr'><strong>vobis</strong></span> <span class='ocrx_word' id='word_1_311' title='bbox 1656 4007 1957 4046; x_wconf 87' lang='lat' dir='ltr'><strong>sermonem</strong></span> 
     </span>
    </p>
   </div>
   <div class='ocr_carea' id='block_1_41' title="bbox 365 4079 1958 4153">
    <p class='ocr_par' dir='ltr' id='par_1_41' title="bbox 365 4079 1958 4153">
     <span class='ocr_line' id='line_1_41' title="bbox 365 4079 1958 4153; baseline 0.007 -25"><span class='ocrx_word' id='word_1_312' title='bbox 365 4085 742 4130; x_wconf 88' lang='lat' dir='ltr'><strong>construentes</strong></span> <span class='ocrx_word' id='word_1_313' title='bbox 764 4118 777 4141; x_wconf 92' lang='lat'><strong>,</strong></span> <span class='ocrx_word' id='word_1_314' title='bbox 804 4079 925 4147; x_wconf 86' lang='lat' dir='ltr'><strong>quia</strong></span> <span class='ocrx_word' id='word_1_315' title='bbox 948 4079 1119 4132; x_wconf 77' lang='lat' dir='ltr'><strong>varias</strong></span> <span class='ocrx_word' id='word_1_316' title='bbox 1142 4081 1486 4150; x_wconf 82' lang='lat' dir='ltr'><strong>a-gritudiues</strong></span> <span class='ocrx_word' id='word_1_317' title='bbox 1514 4084 1565 4135; x_wconf 93' lang='lat' dir='ltr'><strong>in</strong></span> <span class='ocrx_word' id='word_1_318' title='bbox 1588 4093 1735 4137; x_wconf 88' lang='lat' dir='ltr'><strong>tanto</strong></span> <span class='ocrx_word' id='word_1_319' title='bbox 1763 4085 1958 4153; x_wconf 91' lang='lat' dir='ltr'><strong>populo</strong></span> 
     </span>
    </p>
   </div>
   <div class='ocr_carea' id='block_1_42' title="bbox 365 4168 1959 4232">
    <p class='ocr_par' dir='ltr' id='par_1_42' title="bbox 365 4168 1959 4232">
     <span class='ocr_line' id='line_1_42' title="bbox 365 4168 1959 4232; baseline 0.008 -13"><span class='ocrx_word' id='word_1_320' title='bbox 365 4180 490 4220; x_wconf 81' lang='lat' dir='ltr'><strong>esse</strong></span> <span class='ocrx_word' id='word_1_321' title='bbox 514 4168 798 4222; x_wconf 88' lang='lat' dir='ltr'><strong>verisimile</strong></span> <span class='ocrx_word' id='word_1_322' title='bbox 825 4179 904 4223; x_wconf 88' lang='lat' dir='ltr'><strong>est</strong></span> <span class='ocrx_word' id='word_1_323' title='bbox 934 4186 947 4221; x_wconf 95' lang='lat'><strong>:</strong></span> <span class='ocrx_word' id='word_1_324' title='bbox 998 4186 1096 4225; x_wconf 92' lang='lat' dir='ltr'><strong>nec</strong></span> <span class='ocrx_word' id='word_1_325' title='bbox 1138 4188 1301 4226; x_wconf 91' lang='lat' dir='ltr'><strong>unum</strong></span> <span class='ocrx_word' id='word_1_326' title='bbox 1344 4174 1515 4228; x_wconf 89' lang='lat' dir='ltr'><strong>solum</strong></span> <span class='ocrx_word' id='word_1_327' title='bbox 1547 4191 1737 4230; x_wconf 91' lang='lat' dir='ltr'><strong>curare</strong></span> <span class='ocrx_word' id='word_1_328' title='bbox 1769 4178 1959 4232; x_wconf 88' lang='lat' dir='ltr'><strong>vulnus</strong></span> 
     </span>
    </p>
   </div>
   <div class='ocr_carea' id='block_1_43' title="bbox 364 4260 1949 4329">
    <p class='ocr_par' dir='ltr' id='par_1_43' title="bbox 364 4260 1949 4329">
     <span class='ocr_line' id='line_1_43' title="bbox 364 4260 1949 4329; baseline 0.006 -16"><span class='ocrx_word' id='word_1_329' title='bbox 364 4260 522 4314; x_wconf 81' lang='lat' dir='ltr'><strong>nobis</strong></span> <span class='ocrx_word' id='word_1_330' title='bbox 552 4264 880 4329; x_wconf 88' lang='lat' dir='ltr'><strong>propositum</strong></span> <span class='ocrx_word' id='word_1_331' title='bbox 907 4263 1116 4328; x_wconf 85' lang='lat' dir='ltr'><strong>csl,sed</strong></span> <span class='ocrx_word' id='word_1_332' title='bbox 1144 4267 1305 4318; x_wconf 90' lang='lat' dir='ltr'><strong>multa</strong></span> <span class='ocrx_word' id='word_1_333' title='bbox 1340 4277 1396 4320; x_wconf 90' lang='lat' dir='ltr'><strong>et</strong></span> <span class='ocrx_word' id='word_1_334' title='bbox 1427 4268 1601 4320; x_wconf 87' lang='lat' dir='ltr'><strong>varia:</strong></span> <span class='ocrx_word' id='word_1_335' title='bbox 1634 4268 1835 4323; x_wconf 88' lang='lat' dir='ltr'><strong>ideirco</strong></span> <span class='ocrx_word' id='word_1_336' title='bbox 1856 4285 1949 4322; x_wconf 84' lang='lat' dir='ltr'><strong>va-</strong></span> 
     </span>
    </p>
   </div>
   <div class='ocr_carea' id='block_1_44' title="bbox 365 4353 1947 4429">
    <p class='ocr_par' dir='ltr' id='par_1_44' title="bbox 365 4353 1947 4429">
     <span class='ocr_line' id='line_1_44' title="bbox 365 4353 1947 4429; baseline 0.005 -24"><span class='ocrx_word' id='word_1_337' title='bbox 365 4353 506 4405; x_wconf 90' lang='lat' dir='ltr'><strong>rium</strong></span> <span class='ocrx_word' id='word_1_338' title='bbox 544 4354 707 4406; x_wconf 88' lang='lat' dir='ltr'><strong>etiam</strong></span> <span class='ocrx_word' id='word_1_339' title='bbox 748 4371 869 4411; x_wconf 87' lang='lat' dir='ltr'><strong>esse</strong></span> <span class='ocrx_word' id='word_1_340' title='bbox 908 4356 1163 4410; x_wconf 68' lang='lat' dir='ltr'><strong>doctrina:</strong></span> <span class='ocrx_word' id='word_1_341' title='bbox 1212 4358 1662 4413; x_wconf 81' lang='lat' dir='ltr'><strong>medicamentum</strong></span> <span class='ocrx_word' id='word_1_342' title='bbox 1714 4370 1947 4429; x_wconf 91' lang='lat' dir='ltr'><strong>oportet.</strong></span> 
     </span>
    </p>
   </div>
   <div class='ocr_carea' id='block_1_45' title="bbox 364 4445 1951 4521">
    <p class='ocr_par' dir='ltr' id='par_1_45' title="bbox 364 4445 1951 4521">
     <span class='ocr_line' id='line_1_45' title="bbox 364 4445 1951 4521; baseline 0.008 -22"><span class='ocrx_word' id='word_1_343' title='bbox 364 4445 671 4500; x_wconf 76' lang='lat' dir='ltr'><strong>Redeamus</strong></span> <span class='ocrx_word' id='word_1_344' title='bbox 704 4448 865 4517; x_wconf 89' lang='lat' dir='ltr'><strong>igitur</strong></span> <span class='ocrx_word' id='word_1_345' title='bbox 893 4466 959 4504; x_wconf 91' lang='lat' dir='ltr'><strong>eo</strong></span> <span class='ocrx_word' id='word_1_346' title='bbox 987 4491 1000 4513; x_wconf 87' lang='lat'><strong>,</strong></span> <span class='ocrx_word' id='word_1_347' title='bbox 1033 4450 1170 4504; x_wconf 88' lang='lat' dir='ltr'><strong>unde</strong></span> <span class='ocrx_word' id='word_1_348' title='bbox 1217 4451 1439 4521; x_wconf 78' lang='lat' dir='ltr'><strong>digreSsi</strong></span> <span class='ocrx_word' id='word_1_349' title='bbox 1471 4468 1656 4509; x_wconf 89' lang='lat' dir='ltr'><strong>sumus</strong></span> <span class='ocrx_word' id='word_1_350' title='bbox 1690 4495 1705 4517; x_wconf 88' lang='lat'><strong>,</strong></span> <span class='ocrx_word' id='word_1_351' title='bbox 1751 4465 1805 4508; x_wconf 93' lang='lat' dir='ltr'><strong>ut</strong></span> <span class='ocrx_word' id='word_1_352' title='bbox 1838 4456 1951 4512; x_wconf 68' lang='lat' dir='ltr'><strong>hmc</strong></span> 
     </span>
    </p>
   </div>
   <div class='ocr_carea' id='block_1_46' title="bbox 361 4539 1949 4602">
    <p class='ocr_par' dir='ltr' id='par_1_46' title="bbox 361 4539 1949 4602">
     <span class='ocr_line' id='line_1_46' title="bbox 361 4539 1949 4602; baseline 0.006 -10"><span class='ocrx_word' id='word_1_353' title='bbox 361 4539 682 4592; x_wconf 79' lang='lat' dir='ltr'><strong>diceremus.</strong></span> <span class='ocrx_word' id='word_1_354' title='bbox 732 4540 799 4593; x_wconf 81' lang='lat' dir='ltr'><strong>Et</strong></span> <span class='ocrx_word' id='word_1_355' title='bbox 836 4544 965 4597; x_wconf 71' lang='lat' dir='ltr'><strong>dixit</strong></span> <span class='ocrx_word' id='word_1_356' title='bbox 1006 4545 1279 4597; x_wconf 87' lang='lat' dir='ltr'><strong>sacerdos:</strong></span> <span class='ocrx_word' id='word_1_357' title='bbox 1312 4545 1619 4599; x_wconf 68' lang='lat' dir='ltr'><strong>Aet-edamus</strong></span> <span class='ocrx_word' id='word_1_358' title='bbox 1663 4548 1729 4599; x_wconf 87' lang='lat' dir='ltr'><strong>ad</strong></span> <span class='ocrx_word' id='word_1_359' title='bbox 1766 4546 1949 4602; x_wconf 84' lang='lat' dir='ltr'><strong>Deum.</strong></span> 
     </span>
    </p>
   </div>
   <div class='ocr_carea' id='block_1_47' title="bbox 362 4628 1952 4709">
    <p class='ocr_par' dir='ltr' id='par_1_47' title="bbox 362 4628 1952 4709">
     <span class='ocr_line' id='line_1_47' title="bbox 362 4628 1952 4709; baseline 0.007 -27"><span class='ocrx_word' id='word_1_360' title='bbox 362 4630 430 4682; x_wconf 66' lang='lat' dir='ltr'><strong>lit</strong></span> <span class='ocrx_word' id='word_1_361' title='bbox 458 4628 614 4681; x_wconf 85' lang='lat' dir='ltr'><strong>Deum</strong></span> <span class='ocrx_word' id='word_1_362' title='bbox 638 4629 768 4683; x_wconf 69' lang='lat' dir='ltr'><strong>Saftl</strong></span> <span class='ocrx_word' id='word_1_363' title='bbox 792 4634 1117 4705; x_wconf 74' lang='lat' dir='ltr'><strong>interrogavit</strong></span> <span class='ocrx_word' id='word_1_364' title='bbox 1136 4652 1153 4688; x_wconf 89' lang='lat'><strong>:</strong></span> <span class='ocrx_word' id='word_1_365' title='bbox 1175 4636 1249 4689; x_wconf 83' lang='grc' dir='ltr'><strong>Î‘Î·</strong></span> <span class='ocrx_word' id='word_1_366' title='bbox 1270 4638 1566 4689; x_wconf 82' lang='lat' dir='ltr'><strong>descendant</strong></span> <span class='ocrx_word' id='word_1_367' title='bbox 1586 4649 1696 4707; x_wconf 86' lang='lat' dir='ltr'><strong>post</strong></span> <span class='ocrx_word' id='word_1_368' title='bbox 1714 4639 1952 4709; x_wconf 83' lang='lat' dir='ltr'><strong>alienige-</strong></span> 
     </span>
    </p>
   </div>
   <div class='ocr_carea' id='block_1_48' title="bbox 359 4724 1951 4802">
    <p class='ocr_par' dir='ltr' id='par_1_48' title="bbox 359 4724 1951 4802">
     <span class='ocr_line' id='line_1_48' title="bbox 359 4724 1951 4802; baseline 0.006 -27"><span class='ocrx_word' id='word_1_369' title='bbox 359 4741 475 4787; x_wconf 86' lang='lat' dir='ltr'><strong>nas,</strong></span> <span class='ocrx_word' id='word_1_370' title='bbox 502 4734 547 4775; x_wconf 88' lang='lat' dir='ltr'><strong>ct</strong></span> <span class='ocrx_word' id='word_1_371' title='bbox 566 4724 728 4775; x_wconf 77' lang='lat' dir='ltr'><strong>trades</strong></span> <span class='ocrx_word' id='word_1_372' title='bbox 759 4725 896 4792; x_wconf 77' lang='lat' dir='ltr'><strong>ipsos</strong></span> <span class='ocrx_word' id='word_1_373' title='bbox 927 4729 977 4779; x_wconf 85' lang='lat' dir='ltr'><strong>in</strong></span> <span class='ocrx_word' id='word_1_374' title='bbox 1003 4746 1181 4783; x_wconf 87' lang='lat' dir='ltr'><strong>manus</strong></span> <span class='ocrx_word' id='word_1_375' title='bbox 1209 4732 1388 4784; x_wconf 83' lang='lat' dir='ltr'><strong>meas?</strong></span> <span class='ocrx_word' id='word_1_376' title='bbox 1431 4729 1494 4783; x_wconf 76' lang='lat' dir='ltr'><strong>Et</strong></span> <span class='ocrx_word' id='word_1_377' title='bbox 1518 4750 1616 4785; x_wconf 84' lang='lat' dir='ltr'><strong>non</strong></span> <span class='ocrx_word' id='word_1_378' title='bbox 1635 4734 1889 4802; x_wconf 54' lang='lat' dir='ltr'><strong>respondit</strong></span> <span class='ocrx_word' id='word_1_379' title='bbox 1908 4734 1951 4785; x_wconf 87' lang='lat' dir='ltr'><strong>ci</strong></span> 
     </span>
    </p>
   </div>
   <div class='ocr_carea' id='block_1_49' title="bbox 356 4812 1952 4894">
    <p class='ocr_par' dir='ltr' id='par_1_49' title="bbox 356 4812 1952 4894">
     <span class='ocr_line' id='line_1_49' title="bbox 356 4812 1952 4894; baseline 0.006 -27"><span class='ocrx_word' id='word_1_380' title='bbox 356 4818 411 4868; x_wconf 86' lang='lat' dir='ltr'><strong>in</strong></span> <span class='ocrx_word' id='word_1_381' title='bbox 441 4816 521 4867; x_wconf 80' lang='lat' dir='ltr'><strong>die</strong></span> <span class='ocrx_word' id='word_1_382' title='bbox 541 4815 630 4867; x_wconf 90' lang='lat' dir='ltr'><strong>illa</strong></span> <span class='ocrx_word' id='word_1_383' title='bbox 652 4812 991 4885; x_wconf 61' lang='lat' dir='ltr'><strong>Dominusâ€œ.</strong></span> <span class='ocrx_word' id='word_1_384' title='bbox 1018 4818 1143 4890; x_wconf 78' lang='lat' dir='ltr'><strong>Reg.</strong></span> <span class='ocrx_word' id='word_1_385' title='bbox 1173 4824 1256 4876; x_wconf 69' lang='lat' dir='ltr'><strong>Us.</strong></span> <span class='ocrx_word' id='word_1_386' title='bbox 1290 4822 1377 4877; x_wconf 81' lang='grc'><strong>56.</strong></span> <span class='ocrx_word' id='word_1_387' title='bbox 1412 4825 1521 4891; x_wconf 78' lang='grc'>57).</span> <span class='ocrx_word' id='word_1_388' title='bbox 1545 4824 1775 4894; x_wconf 80' lang='lat' dir='ltr'><strong>Respice</strong></span> <span class='ocrx_word' id='word_1_389' title='bbox 1803 4825 1952 4879; x_wconf 86' lang='lat' dir='ltr'><strong>beni-</strong></span> 
     </span>
    </p>
   </div>
   <div class='ocr_carea' id='block_1_50' title="bbox 354 4907 1946 4975">
    <p class='ocr_par' dir='ltr' id='par_1_50' title="bbox 354 4907 1946 4975">
     <span class='ocr_line' id='line_1_50' title="bbox 354 4907 1946 4975; baseline 0.009 -20"><span class='ocrx_word' id='word_1_390' title='bbox 354 4907 612 4975; x_wconf 75' lang='lat' dir='ltr'><strong>gnitatem</strong></span> <span class='ocrx_word' id='word_1_391' title='bbox 651 4915 701 4959; x_wconf 89' lang='lat' dir='ltr'><strong>et</strong></span> <span class='ocrx_word' id='word_1_392' title='bbox 735 4909 1202 4963; x_wconf 79' lang='lat' dir='ltr'><strong>tumisuetudiuem</strong></span> <span class='ocrx_word' id='word_1_393' title='bbox 1234 4914 1639 4969; x_wconf 70' lang='lat' dir='ltr'><strong>clementissimi</strong></span> <span class='ocrx_word' id='word_1_394' title='bbox 1684 4916 1798 4970; x_wconf 88' lang='lat' dir='ltr'><strong>Dei.</strong></span> <span class='ocrx_word' id='word_1_395' title='bbox 1833 4916 1946 4970; x_wconf 81' lang='lat' dir='ltr'><strong>Non</strong></span> 
     </span>
    </p>
   </div>
   <div class='ocr_carea' id='block_1_51' title="bbox 357 4998 1945 5076">
    <p class='ocr_par' dir='ltr' id='par_1_51' title="bbox 357 4998 1945 5076">
     <span class='ocr_line' id='line_1_51' title="bbox 357 4998 1945 5076; baseline 0.009 -23"><span class='ocrx_word' id='word_1_396' title='bbox 357 5000 501 5053; x_wconf 91' lang='lat' dir='ltr'><strong>enim</strong></span> <span class='ocrx_word' id='word_1_397' title='bbox 553 4998 751 5053; x_wconf 86' lang='lat' dir='ltr'><strong>fulmen</strong></span> <span class='ocrx_word' id='word_1_398' title='bbox 797 5003 1019 5055; x_wconf 86' lang='lat' dir='ltr'><strong>immisit</strong></span> <span class='ocrx_word' id='word_1_399' title='bbox 1048 5046 1062 5066; x_wconf 90' lang='lat'><strong>,</strong></span> <span class='ocrx_word' id='word_1_400' title='bbox 1094 5021 1268 5075; x_wconf 86' lang='lat' dir='ltr'><strong>neque</strong></span> <span class='ocrx_word' id='word_1_401' title='bbox 1302 5021 1498 5063; x_wconf 90' lang='lat' dir='ltr'><strong>terram</strong></span> <span class='ocrx_word' id='word_1_402' title='bbox 1527 5015 1828 5076; x_wconf 87' lang='lat' dir='ltr'><strong>concussit;</strong></span> <span class='ocrx_word' id='word_1_403' title='bbox 1855 5015 1945 5067; x_wconf 62' lang='lat' dir='ltr'><strong>si-d</strong></span> 
     </span>
    </p>
   </div>
   <div class='ocr_carea' id='block_1_52' title="bbox 352 5092 1943 5169">
    <p class='ocr_par' dir='ltr' id='par_1_52' title="bbox 352 5092 1943 5169">
     <span class='ocr_line' id='line_1_52' title="bbox 352 5092 1943 5169; baseline 0.012 -27"><span class='ocrx_word' id='word_1_404' title='bbox 352 5092 497 5162; x_wconf 87' lang='lat' dir='ltr'><strong>quod</strong></span> <span class='ocrx_word' id='word_1_405' title='bbox 529 5093 580 5146; x_wconf 92' lang='lat' dir='ltr'><strong>iu</strong></span> <span class='ocrx_word' id='word_1_406' title='bbox 604 5095 806 5147; x_wconf 80' lang='lat' dir='ltr'><strong>amicos</strong></span> <span class='ocrx_word' id='word_1_407' title='bbox 822 5097 977 5150; x_wconf 89' lang='lat' dir='ltr'><strong>amici</strong></span> <span class='ocrx_word' id='word_1_408' title='bbox 1011 5097 1225 5164; x_wconf 88' lang='lat' dir='ltr'><strong>faciunt,</strong></span> <span class='ocrx_word' id='word_1_409' title='bbox 1256 5103 1472 5169; x_wconf 87' lang='lat' dir='ltr'><strong>quando</strong></span> <span class='ocrx_word' id='word_1_410' title='bbox 1494 5108 1835 5161; x_wconf 87' lang='lat' dir='ltr'><strong>contumeliis</strong></span> <span class='ocrx_word' id='word_1_411' title='bbox 1865 5108 1943 5160; x_wconf 86' lang='lat' dir='ltr'><strong>af-</strong></span> 
     </span>
    </p>
   </div>
   <div class='ocr_carea' id='block_1_53' title="bbox 355 5182 1947 5253">
    <p class='ocr_par' dir='ltr' id='par_1_53' title="bbox 355 5182 1947 5253">
     <span class='ocr_line' id='line_1_53' title="bbox 355 5182 1947 5253; baseline 0.011 -17"><span class='ocrx_word' id='word_1_412' title='bbox 355 5183 480 5238; x_wconf 76' lang='lat' dir='ltr'><strong>fecti</strong></span> <span class='ocrx_word' id='word_1_413' title='bbox 506 5182 702 5237; x_wconf 84' lang='lat' dir='ltr'><strong>fuerint</strong></span> <span class='ocrx_word' id='word_1_414' title='bbox 723 5226 735 5249; x_wconf 94' lang='lat'><strong>,</strong></span> <span class='ocrx_word' id='word_1_415' title='bbox 771 5186 871 5240; x_wconf 90' lang='lat' dir='ltr'><strong>hoc</strong></span> <span class='ocrx_word' id='word_1_416' title='bbox 901 5199 957 5242; x_wconf 91' lang='lat' dir='ltr'><strong>et</strong></span> <span class='ocrx_word' id='word_1_417' title='bbox 983 5188 1034 5242; x_wconf 83' lang='lat' dir='ltr'><strong>in</strong></span> <span class='ocrx_word' id='word_1_418' title='bbox 1062 5204 1275 5243; x_wconf 81' lang='lat' dir='ltr'><strong>servum</strong></span> <span class='ocrx_word' id='word_1_419' title='bbox 1309 5192 1565 5249; x_wconf 90' lang='lat' dir='ltr'><strong>Dominus</strong></span> <span class='ocrx_word' id='word_1_420' title='bbox 1595 5195 1753 5251; x_wconf 84' lang='lat' dir='ltr'><strong>fecit:</strong></span> <span class='ocrx_word' id='word_1_421' title='bbox 1786 5202 1947 5253; x_wconf 67' lang='lat' dir='ltr'><strong>tacuit</strong></span> 
     </span>
    </p>
   </div>
   <div class='ocr_carea' id='block_1_54' title="bbox 354 5277 1943 5357">
    <p class='ocr_par' dir='ltr' id='par_1_54' title="bbox 354 5277 1943 5357">
     <span class='ocr_line' id='line_1_54' title="bbox 354 5277 1943 5357; baseline 0.011 -29"><span class='ocrx_word' id='word_1_422' title='bbox 354 5284 601 5339; x_wconf 90' lang='lat' dir='ltr'><strong>tantum,</strong></span> <span class='ocrx_word' id='word_1_423' title='bbox 648 5289 743 5343; x_wconf 86' lang='lat' dir='ltr'><strong>per</strong></span> <span class='ocrx_word' id='word_1_424' title='bbox 783 5277 1053 5332; x_wconf 87' lang='lat' dir='ltr'><strong>silentium</strong></span> <span class='ocrx_word' id='word_1_425' title='bbox 1101 5280 1325 5350; x_wconf 91' lang='lat' dir='ltr'><strong>loquens</strong></span> <span class='ocrx_word' id='word_1_426' title='bbox 1372 5294 1425 5336; x_wconf 92' lang='lat' dir='ltr'><strong>et</strong></span> <span class='ocrx_word' id='word_1_427' title='bbox 1470 5301 1686 5339; x_wconf 83' lang='lat' dir='ltr'><strong>otunem</strong></span> <span class='ocrx_word' id='word_1_428' title='bbox 1715 5290 1815 5357; x_wconf 88' lang='lat' dir='ltr'><strong>ipsi</strong></span> <span class='ocrx_word' id='word_1_429' title='bbox 1846 5289 1943 5344; x_wconf 84' lang='lat' dir='ltr'><strong>de-</strong></span> 
     </span>
    </p>
   </div>
   <div class='ocr_carea' id='block_1_55' title="bbox 330 5365 1944 5443">
    <p class='ocr_par' dir='ltr' id='par_1_55' title="bbox 330 5365 1944 5443">
     <span class='ocr_line' id='line_1_55' title="bbox 330 5365 1944 5443; baseline 0.009 -24"><span class='ocrx_word' id='word_1_430' title='bbox 330 5378 658 5437; x_wconf 75' lang='lat' dir='ltr'><strong>monstrans</strong></span> <span class='ocrx_word' id='word_1_431' title='bbox 691 5365 1129 5435; x_wconf 88' lang='lat' dir='ltr'><strong>indignationem.</strong></span> <span class='ocrx_word' id='word_1_432' title='bbox 1154 5371 1411 5443; x_wconf 87' lang='lat' dir='ltr'><strong>Cognovit</strong></span> <span class='ocrx_word' id='word_1_433' title='bbox 1435 5373 1535 5427; x_wconf 91' lang='lat' dir='ltr'><strong>hoc</strong></span> <span class='ocrx_word' id='word_1_434' title='bbox 1558 5376 1683 5431; x_wconf 76' lang='lat' dir='ltr'><strong>Siul</strong></span> <span class='ocrx_word' id='word_1_435' title='bbox 1720 5419 1734 5443; x_wconf 92' lang='lat'><strong>,</strong></span> <span class='ocrx_word' id='word_1_436' title='bbox 1770 5378 1837 5432; x_wconf 86' lang='lat' dir='ltr'><strong>Et</strong></span> <span class='ocrx_word' id='word_1_437' title='bbox 1860 5382 1944 5434; x_wconf 88' lang='lat' dir='ltr'><strong>di-</strong></span> 
     </span>
    </p>
   </div>
   <div class='ocr_carea' id='block_1_56' title="bbox 330 5446 1944 5538">
    <p class='ocr_par' dir='ltr' id='par_1_56' title="bbox 330 5446 1944 5538">
     <span class='ocr_line' id='line_1_56' title="bbox 330 5446 1944 5538; baseline 0.009 -27"><span class='ocrx_word' id='word_1_438' title='bbox 330 5446 464 5511; x_wconf 20' lang='lat' dir='ltr'><strong>vxit:</strong></span> <span class='ocrx_word' id='word_1_439' title='bbox 495 5458 745 5511; x_wconf 81' lang='lat' dir='ltr'><strong>Adducite</strong></span> <span class='ocrx_word' id='word_1_440' title='bbox 788 5476 962 5514; x_wconf 81' lang='lat' dir='ltr'><strong>omnes</strong></span> <span class='ocrx_word' id='word_1_441' title='bbox 1008 5464 1167 5518; x_wconf 85' lang='lat' dir='ltr'><strong>tribus</strong></span> <span class='ocrx_word' id='word_1_442' title='bbox 1217 5466 1423 5535; x_wconf 83' lang='lat' dir='ltr'><strong>populi,</strong></span> <span class='ocrx_word' id='word_1_443' title='bbox 1468 5477 1514 5519; x_wconf 89' lang='lat' dir='ltr'><strong>et</strong></span> <span class='ocrx_word' id='word_1_444' title='bbox 1545 5471 1829 5538; x_wconf 79' lang='lat' dir='ltr'><strong>cognoscite</strong></span> <span class='ocrx_word' id='word_1_445' title='bbox 1853 5488 1871 5525; x_wconf 87' lang='lat'><strong>:</strong></span> <span class='ocrx_word' id='word_1_446' title='bbox 1899 5482 1944 5525; x_wconf 74' lang='lat' dir='ltr'><strong>ct</strong></span> 
     </span>
    </p>
   </div>
   <div class='ocr_carea' id='block_1_57' title="bbox 352 5552 1943 5631">
    <p class='ocr_par' dir='ltr' id='par_1_57' title="bbox 352 5552 1943 5631">
     <span class='ocr_line' id='line_1_57' title="bbox 352 5552 1943 5631; baseline 0.009 -28"><span class='ocrx_word' id='word_1_447' title='bbox 352 5552 517 5605; x_wconf 80' lang='lat' dir='ltr'><strong>videte</strong></span> <span class='ocrx_word' id='word_1_448' title='bbox 544 5553 593 5605; x_wconf 84' lang='lat' dir='ltr'><strong>in</strong></span> <span class='ocrx_word' id='word_1_449' title='bbox 629 5567 725 5621; x_wconf 87' lang='lat' dir='ltr'><strong>quo</strong></span> <span class='ocrx_word' id='word_1_450' title='bbox 761 5555 950 5621; x_wconf 82' lang='lat' dir='ltr'><strong>factum</strong></span> <span class='ocrx_word' id='word_1_451' title='bbox 976 5567 1046 5608; x_wconf 85' lang='lat' dir='ltr'><strong>est</strong></span> <span class='ocrx_word' id='word_1_452' title='bbox 1076 5558 1228 5613; x_wconf 88' lang='lat' dir='ltr'><strong>hodie</strong></span> <span class='ocrx_word' id='word_1_453' title='bbox 1258 5570 1515 5629; x_wconf 83' lang='lat' dir='ltr'><strong>peccatum</strong></span> <span class='ocrx_word' id='word_1_454' title='bbox 1546 5560 1640 5613; x_wconf 79' lang='lat' dir='ltr'><strong>hoc</strong></span> <span class='ocrx_word' id='word_1_455' title='bbox 1661 5604 1674 5628; x_wconf 96' lang='lat'><strong>,</strong></span> <span class='ocrx_word' id='word_1_456' title='bbox 1701 5565 1943 5631; x_wconf 84' lang='lat' dir='ltr'><strong>quoniam</strong></span> 
     </span>
    </p>
   </div>
   <div class='ocr_carea' id='block_1_58' title="bbox 344 5643 1941 5723">
    <p class='ocr_par' dir='ltr' id='par_1_58' title="bbox 344 5643 1941 5723">
     <span class='ocr_line' id='line_1_58' title="bbox 344 5643 1941 5723; baseline 0.01 -27"><span class='ocrx_word' id='word_1_457' title='bbox 344 5645 466 5698; x_wconf 71' lang='lat' dir='ltr'><strong>vivit</strong></span> <span class='ocrx_word' id='word_1_458' title='bbox 519 5643 805 5711; x_wconf 84' lang='lat' dir='ltr'><strong>Dominus,</strong></span> <span class='ocrx_word' id='word_1_459' title='bbox 854 5648 943 5714; x_wconf 85' lang='lat' dir='ltr'><strong>qui</strong></span> <span class='ocrx_word' id='word_1_460' title='bbox 982 5650 1176 5704; x_wconf 86' lang='lat' dir='ltr'><strong>salvum</strong></span> <span class='ocrx_word' id='word_1_461' title='bbox 1217 5656 1335 5723; x_wconf 82' lang='lat' dir='ltr'><strong>fecit</strong></span> <span class='ocrx_word' id='word_1_462' title='bbox 1376 5654 1574 5708; x_wconf 86' lang='lat' dir='ltr'><strong>Israel:</strong></span> <span class='ocrx_word' id='word_1_463' title='bbox 1603 5659 1737 5723; x_wconf 85' lang='lat' dir='ltr'><strong>quod</strong></span> <span class='ocrx_word' id='word_1_464' title='bbox 1772 5658 1817 5711; x_wconf 89' lang='lat' dir='ltr'><strong>si</strong></span> <span class='ocrx_word' id='word_1_465' title='bbox 1862 5676 1941 5713; x_wconf 87' lang='lat' dir='ltr'><strong>re-</strong></span> 
     </span>
    </p>
   </div>
   <div class='ocr_carea' id='block_1_59' title="bbox 346 5737 1940 5814">
    <p class='ocr_par' dir='ltr' id='par_1_59' title="bbox 346 5737 1940 5814">
     <span class='ocr_line' id='line_1_59' title="bbox 346 5737 1940 5814; baseline 0.007 -21"><span class='ocrx_word' id='word_1_466' title='bbox 346 5738 606 5805; x_wconf 76' lang='lat' dir='ltr'><strong>sponderit</strong></span> <span class='ocrx_word' id='word_1_467' title='bbox 634 5747 810 5793; x_wconf 89' lang='lat' dir='ltr'><strong>contra</strong></span> <span class='ocrx_word' id='word_1_468' title='bbox 836 5737 1099 5795; x_wconf 79' lang='lat' dir='ltr'><strong>Jonatltan</strong></span> <span class='ocrx_word' id='word_1_469' title='bbox 1124 5743 1293 5811; x_wconf 81' lang='lat' dir='ltr'><strong>ï¬lium</strong></span> <span class='ocrx_word' id='word_1_470' title='bbox 1322 5764 1507 5814; x_wconf 86' lang='lat' dir='ltr'><strong>meum,</strong></span> <span class='ocrx_word' id='word_1_471' title='bbox 1527 5752 1940 5805; x_wconf 77' lang='lat' dir='ltr'><strong>mortemorietur</strong></span> 
     </span>
    </p>
   </div>
   <div class='ocr_carea' id='block_1_60' title="bbox 350 5828 1933 5901">
    <p class='ocr_par' dir='ltr' id='par_1_60' title="bbox 350 5828 1933 5901">
     <span class='ocr_line' id='line_1_60' title="bbox 350 5828 1933 5901; baseline 0.011 -18"><span class='ocrx_word' id='word_1_472' title='bbox 350 5830 424 5893; x_wconf 66' lang='grc' dir='ltr'><strong>Î¾Î¹.</strong></span> <span class='ocrx_word' id='word_1_473' title='bbox 466 5829 589 5901; x_wconf 67' lang='lat' dir='ltr'><strong>Reg.</strong></span> <span class='ocrx_word' id='word_1_474' title='bbox 623 5832 707 5885; x_wconf 81' lang='grc' dir='ltr'><strong>Î—.</strong></span> <span class='ocrx_word' id='word_1_475' title='bbox 741 5828 850 5891; x_wconf 78' lang='grc'><strong>58).</strong></span> <span class='ocrx_word' id='word_1_476' title='bbox 880 5830 1065 5887; x_wconf 78' lang='lat' dir='ltr'><strong>Vidisti</strong></span> <span class='ocrx_word' id='word_1_477' title='bbox 1101 5837 1496 5894; x_wconf 69' lang='lat' dir='ltr'><strong>temeritatem?</strong></span> <span class='ocrx_word' id='word_1_478' title='bbox 1524 5843 1741 5897; x_wconf 75' lang='lat' dir='ltr'><strong>intuitus</strong></span> <span class='ocrx_word' id='word_1_479' title='bbox 1771 5852 1933 5899; x_wconf 53' lang='lat' dir='ltr'><strong>teme.</strong></span> 
     </span>
    </p>
   </div>
   <div class='ocr_carea' id='block_1_61' title="bbox 1281 395 2729 458">
    <p class='ocr_par' dir='ltr' id='par_1_61' title="bbox 1281 395 2729 458">
     <span class='ocr_line' id='line_1_61' title="bbox 1281 395 2729 458; baseline 0.005 -7"><span class='ocrx_word' id='word_1_480' title='bbox 1281 398 1372 451; x_wconf 86' lang='lat' dir='ltr'><strong>AD</strong></span> <span class='ocrx_word' id='word_1_481' title='bbox 1412 395 1731 453; x_wconf 76' lang='lat' dir='ltr'><strong>POPULUM</strong></span> <span class='ocrx_word' id='word_1_482' title='bbox 1772 397 2259 455; x_wconf 69' lang='lat' dir='ltr'><strong>ANTIOCHENUM</strong></span> <span class='ocrx_word' id='word_1_483' title='bbox 2322 400 2549 455; x_wconf 75' lang='lat' dir='ltr'><strong>HOMlL.</strong></span> <span class='ocrx_word' id='word_1_484' title='bbox 2591 401 2729 458; x_wconf 78' lang='lat' dir='ltr'><strong>XIV.</strong></span> 
     </span>
    </p>
   </div>
   <div class='ocr_carea' id='block_1_62' title="bbox 3569 401 3670 458">
    <p class='ocr_par' dir='ltr' id='par_1_62' title="bbox 3569 401 3670 458">
     <span class='ocr_line' id='line_1_62' title="bbox 3569 401 3670 458; baseline 0.04 -4"><span class='ocrx_word' id='word_1_485' title='bbox 3569 401 3670 458; x_wconf 80' lang='grc'><strong>150</strong></span> 
     </span>
    </p>
   </div>
   <div class='ocr_carea' id='block_1_63' title="bbox 2092 514 3681 590">
    <p class='ocr_par' dir='ltr' id='par_1_63' title="bbox 2092 514 3681 590">
     <span class='ocr_line' id='line_1_63' title="bbox 2092 514 3681 590; baseline 0.006 -23"><span class='ocrx_word' id='word_1_486' title='bbox 2092 524 2263 567; x_wconf 92' lang='lat' dir='ltr'><strong>ratum</strong></span> <span class='ocrx_word' id='word_1_487' title='bbox 2294 514 2839 583; x_wconf 88' lang='lat' dir='ltr'><strong>priusjuramentnm,</strong></span> <span class='ocrx_word' id='word_1_488' title='bbox 2867 533 3039 588; x_wconf 83' lang='lat' dir='ltr'><strong>neque</strong></span> <span class='ocrx_word' id='word_1_489' title='bbox 3068 520 3146 573; x_wconf 92' lang='lat' dir='ltr'><strong>sic</strong></span> <span class='ocrx_word' id='word_1_490' title='bbox 3165 519 3476 590; x_wconf 80' lang='lat' dir='ltr'><strong>castigatur,</strong></span> <span class='ocrx_word' id='word_1_491' title='bbox 3504 521 3597 575; x_wconf 80' lang='lat' dir='ltr'><strong>sed</strong></span> <span class='ocrx_word' id='word_1_492' title='bbox 3623 533 3681 576; x_wconf 87' lang='lat' dir='ltr'><strong>et</strong></span> 
     </span>
    </p>
   </div>
   <div class='ocr_carea' id='block_1_64' title="bbox 2087 605 3680 673">
    <p class='ocr_par' dir='ltr' id='par_1_64' title="bbox 2087 605 3680 673">
     <span class='ocr_line' id='line_1_64' title="bbox 2087 605 3680 673; baseline 0.004 -15"><span class='ocrx_word' id='word_1_493' title='bbox 2087 605 2377 659; x_wconf 88' lang='lat' dir='ltr'><strong>secundum</strong></span> <span class='ocrx_word' id='word_1_494' title='bbox 2402 606 2586 673; x_wconf 73' lang='lat' dir='ltr'><strong>adjicit</strong></span> <span class='ocrx_word' id='word_1_495' title='bbox 2617 622 2848 661; x_wconf 90' lang='lat' dir='ltr'><strong>rursum.</strong></span> <span class='ocrx_word' id='word_1_496' title='bbox 2903 610 2966 663; x_wconf 85' lang='lat' dir='ltr'><strong>Et</strong></span> <span class='ocrx_word' id='word_1_497' title='bbox 3000 611 3283 667; x_wconf 75' lang='lat' dir='ltr'><strong>considam</strong></span> <span class='ocrx_word' id='word_1_498' title='bbox 3325 611 3521 666; x_wconf 90' lang='lat' dir='ltr'><strong>diaboli</strong></span> <span class='ocrx_word' id='word_1_499' title='bbox 3565 628 3680 667; x_wconf 87' lang='lat' dir='ltr'><strong>ma-</strong></span> 
     </span>
    </p>
   </div>
   <div class='ocr_carea' id='block_1_65' title="bbox 2088 698 3679 773">
    <p class='ocr_par' dir='ltr' id='par_1_65' title="bbox 2088 698 3679 773">
     <span class='ocr_line' id='line_1_65' title="bbox 2088 698 3679 773; baseline 0.004 -23"><span class='ocrx_word' id='word_1_500' title='bbox 2088 698 2380 766; x_wconf 84' lang='lat' dir='ltr'><strong>lignitatem</strong></span> <span class='ocrx_word' id='word_1_501' title='bbox 2407 699 2444 750; x_wconf 83' lang='lat'><strong>&#39;.</strong></span> <span class='ocrx_word' id='word_1_502' title='bbox 2473 699 2733 764; x_wconf 85' lang='lat' dir='ltr'><strong>Quoniam</strong></span> <span class='ocrx_word' id='word_1_503' title='bbox 2781 700 2923 753; x_wconf 90' lang='lat' dir='ltr'><strong>enim</strong></span> <span class='ocrx_word' id='word_1_504' title='bbox 2962 703 3320 771; x_wconf 88' lang='lat' dir='ltr'><strong>cognoscebat</strong></span> <span class='ocrx_word' id='word_1_505' title='bbox 3348 745 3361 768; x_wconf 95' lang='lat'><strong>,</strong></span> <span class='ocrx_word' id='word_1_506' title='bbox 3392 702 3532 773; x_wconf 90' lang='lat' dir='ltr'><strong>quod</strong></span> <span class='ocrx_word' id='word_1_507' title='bbox 3574 718 3679 757; x_wconf 68' lang='lat' dir='ltr'><strong>sae-</strong></span> 
     </span>
    </p>
   </div>
   <div class='ocr_carea' id='block_1_66' title="bbox 2087 791 3676 865">
    <p class='ocr_par' dir='ltr' id='par_1_66' title="bbox 2087 791 3676 865">
     <span class='ocr_line' id='line_1_66' title="bbox 2087 791 3676 865; baseline 0.001 -20"><span class='ocrx_word' id='word_1_508' title='bbox 2087 793 2203 860; x_wconf 89' lang='lat' dir='ltr'><strong>pius</strong></span> <span class='ocrx_word' id='word_1_509' title='bbox 2248 807 2381 859; x_wconf 89' lang='lat' dir='ltr'><strong>puer</strong></span> <span class='ocrx_word' id='word_1_510' title='bbox 2422 791 2785 860; x_wconf 86' lang='lat' dir='ltr'><strong>deprehensus</strong></span> <span class='ocrx_word' id='word_1_511' title='bbox 2825 801 2880 847; x_wconf 90' lang='lat' dir='ltr'><strong>et</strong></span> <span class='ocrx_word' id='word_1_512' title='bbox 2925 792 2974 846; x_wconf 90' lang='lat' dir='ltr'><strong>in</strong></span> <span class='ocrx_word' id='word_1_513' title='bbox 3012 794 3240 848; x_wconf 89' lang='lat' dir='ltr'><strong>medium</strong></span> <span class='ocrx_word' id='word_1_514' title='bbox 3270 795 3584 865; x_wconf 89' lang='lat' dir='ltr'><strong>productus,</strong></span> <span class='ocrx_word' id='word_1_515' title='bbox 3612 808 3676 847; x_wconf 86' lang='lat' dir='ltr'><strong>ex</strong></span> 
     </span>
    </p>
   </div>
   <div class='ocr_carea' id='block_1_67' title="bbox 2085 884 3677 958">
    <p class='ocr_par' dir='ltr' id='par_1_67' title="bbox 2085 884 3677 958">
     <span class='ocr_line' id='line_1_67' title="bbox 2085 884 3677 958; baseline 0.002 -22"><span class='ocrx_word' id='word_1_516' title='bbox 2085 884 2199 952; x_wconf 91' lang='lat' dir='ltr'><strong>ipso</strong></span> <span class='ocrx_word' id='word_1_517' title='bbox 2239 893 2457 953; x_wconf 81' lang='lat' dir='ltr'><strong>aspecm</strong></span> <span class='ocrx_word' id='word_1_518' title='bbox 2498 884 2672 937; x_wconf 91' lang='lat' dir='ltr'><strong>statim</strong></span> <span class='ocrx_word' id='word_1_519' title='bbox 2721 894 2924 954; x_wconf 88' lang='lat' dir='ltr'><strong>patrem</strong></span> <span class='ocrx_word' id='word_1_520' title='bbox 2976 886 3215 955; x_wconf 89' lang='lat' dir='ltr'><strong>mitigare</strong></span> <span class='ocrx_word' id='word_1_521' title='bbox 3263 898 3316 941; x_wconf 89' lang='lat' dir='ltr'><strong>et</strong></span> <span class='ocrx_word' id='word_1_522' title='bbox 3352 888 3492 958; x_wconf 83' lang='lat' dir='ltr'><strong>regis</strong></span> <span class='ocrx_word' id='word_1_523' title='bbox 3540 888 3677 942; x_wconf 85' lang='lat' dir='ltr'><strong>iram</strong></span> 
     </span>
    </p>
   </div>
   <div class='ocr_carea' id='block_1_68' title="bbox 2083 975 3670 1045">
    <p class='ocr_par' dir='ltr' id='par_1_68' title="bbox 2083 975 3670 1045">
     <span class='ocr_line' id='line_1_68' title="bbox 2083 975 3670 1045; baseline 0.001 -18"><span class='ocrx_word' id='word_1_524' title='bbox 2083 975 2290 1029; x_wconf 86' lang='lat' dir='ltr'><strong>mollire</strong></span> <span class='ocrx_word' id='word_1_525' title='bbox 2341 983 2588 1043; x_wconf 88' lang='lat' dir='ltr'><strong>poterat,</strong></span> <span class='ocrx_word' id='word_1_526' title='bbox 2616 976 2971 1028; x_wconf 88' lang='lat' dir='ltr'><strong>secundorum</strong></span> <span class='ocrx_word' id='word_1_527' title='bbox 3017 990 3201 1029; x_wconf 92' lang='lat' dir='ltr'><strong>rursus</strong></span> <span class='ocrx_word' id='word_1_528' title='bbox 3244 977 3670 1045; x_wconf 76' lang='lat' dir='ltr'><strong>jummenlorum</strong></span> 
     </span>
    </p>
   </div>
   <div class='ocr_carea' id='block_1_69' title="bbox 2083 1065 3672 1135">
    <p class='ocr_par' dir='ltr' id='par_1_69' title="bbox 2083 1065 3672 1135">
     <span class='ocr_line' id='line_1_69' title="bbox 2083 1065 3672 1135; baseline 0 -16"><span class='ocrx_word' id='word_1_529' title='bbox 2083 1065 2403 1119; x_wconf 89' lang='lat' dir='ltr'><strong>necessitate</strong></span> <span class='ocrx_word' id='word_1_530' title='bbox 2448 1065 2613 1133; x_wconf 82' lang='lat' dir='ltr'><strong>ipsius</strong></span> <span class='ocrx_word' id='word_1_531' title='bbox 2640 1068 2954 1119; x_wconf 89' lang='lat' dir='ltr'><strong>sententiam</strong></span> <span class='ocrx_word' id='word_1_532' title='bbox 2993 1068 3388 1135; x_wconf 68' lang='lat' dir='ltr'><strong>prmoccupavit</strong></span> <span class='ocrx_word' id='word_1_533' title='bbox 3419 1108 3433 1129; x_wconf 93' lang='lat'><strong>,</strong></span> <span class='ocrx_word' id='word_1_534' title='bbox 3474 1066 3672 1135; x_wconf 89' lang='lat' dir='ltr'><strong>duplici</strong></span> 
     </span>
    </p>
   </div>
   <div class='ocr_carea' id='block_1_70' title="bbox 2082 1155 3673 1226">
    <p class='ocr_par' dir='ltr' id='par_1_70' title="bbox 2082 1155 3673 1226">
     <span class='ocr_line' id='line_1_70' title="bbox 2082 1155 3673 1226; baseline 0.002 -19"><span class='ocrx_word' id='word_1_535' title='bbox 2082 1156 2309 1224; x_wconf 90' lang='lat' dir='ltr'><strong>quodam</strong></span> <span class='ocrx_word' id='word_1_536' title='bbox 2337 1157 2550 1211; x_wconf 89' lang='lat' dir='ltr'><strong>vinculo</strong></span> <span class='ocrx_word' id='word_1_537' title='bbox 2578 1155 2833 1211; x_wconf 88' lang='lat' dir='ltr'><strong>cohibens</strong></span> <span class='ocrx_word' id='word_1_538' title='bbox 2861 1158 3051 1225; x_wconf 91' lang='lat' dir='ltr'><strong>ipsum,</strong></span> <span class='ocrx_word' id='word_1_539' title='bbox 3082 1172 3181 1212; x_wconf 92' lang='lat' dir='ltr'><strong>nec</strong></span> <span class='ocrx_word' id='word_1_540' title='bbox 3209 1158 3523 1226; x_wconf 73' lang='lat' dir='ltr'><strong>permittens</strong></span> <span class='ocrx_word' id='word_1_541' title='bbox 3545 1172 3673 1224; x_wconf 87' lang='lat' dir='ltr'><strong>pro-</strong></span> 
     </span>
    </p>
   </div>
   <div class='ocr_carea' id='block_1_71' title="bbox 2082 1247 3671 1318">
    <p class='ocr_par' dir='ltr' id='par_1_71' title="bbox 2082 1247 3671 1318">
     <span class='ocr_line' id='line_1_71' title="bbox 2082 1247 3671 1318; baseline 0.003 -19"><span class='ocrx_word' id='word_1_542' title='bbox 2082 1248 2211 1315; x_wconf 69' lang='lat' dir='ltr'><strong>pria:</strong></span> <span class='ocrx_word' id='word_1_543' title='bbox 2239 1248 2352 1301; x_wconf 87' lang='lat' dir='ltr'><strong>ï¬eri</strong></span> <span class='ocrx_word' id='word_1_544' title='bbox 2384 1248 2664 1302; x_wconf 76' lang='lat' dir='ltr'><strong>sententia:</strong></span> <span class='ocrx_word' id='word_1_545' title='bbox 2694 1247 2970 1301; x_wconf 90' lang='lat' dir='ltr'><strong>dominum</strong></span> <span class='ocrx_word' id='word_1_546' title='bbox 2995 1289 3009 1313; x_wconf 93' lang='lat'><strong>,</strong></span> <span class='ocrx_word' id='word_1_547' title='bbox 3039 1249 3131 1302; x_wconf 90' lang='lat' dir='ltr'><strong>sed</strong></span> <span class='ocrx_word' id='word_1_548' title='bbox 3179 1249 3414 1318; x_wconf 90' lang='lat' dir='ltr'><strong>undique</strong></span> <span class='ocrx_word' id='word_1_549' title='bbox 3443 1250 3492 1302; x_wconf 92' lang='lat' dir='ltr'><strong>iu</strong></span> <span class='ocrx_word' id='word_1_550' title='bbox 3523 1249 3671 1303; x_wconf 84' lang='lat' dir='ltr'><strong>illaut</strong></span> 
     </span>
    </p>
   </div>
   <div class='ocr_carea' id='block_1_72' title="bbox 2081 1338 3671 1410">
    <p class='ocr_par' dir='ltr' id='par_1_72' title="bbox 2081 1338 3671 1410">
     <span class='ocr_line' id='line_1_72' title="bbox 2081 1338 3671 1410; baseline 0.001 -18"><span class='ocrx_word' id='word_1_551' title='bbox 2081 1338 2281 1393; x_wconf 63' lang='lat' dir='ltr'><strong>caedem</strong></span> <span class='ocrx_word' id='word_1_552' title='bbox 2312 1341 2541 1409; x_wconf 87' lang='lat' dir='ltr'><strong>iniquam</strong></span> <span class='ocrx_word' id='word_1_553' title='bbox 2575 1340 2875 1409; x_wconf 87' lang='lat' dir='ltr'><strong>impellens,</strong></span> <span class='ocrx_word' id='word_1_554' title='bbox 2910 1349 2963 1394; x_wconf 92' lang='lat' dir='ltr'><strong>et</strong></span> <span class='ocrx_word' id='word_1_555' title='bbox 3005 1341 3235 1394; x_wconf 87' lang='lat' dir='ltr'><strong>nondmu</strong></span> <span class='ocrx_word' id='word_1_556' title='bbox 3276 1352 3550 1409; x_wconf 90' lang='lat' dir='ltr'><strong>comperto</strong></span> <span class='ocrx_word' id='word_1_557' title='bbox 3580 1343 3671 1410; x_wconf 89' lang='lat' dir='ltr'><strong>qui</strong></span> 
     </span>
    </p>
   </div>
   <div class='ocr_carea' id='block_1_73' title="bbox 2080 1432 3668 1498">
    <p class='ocr_par' dir='ltr' id='par_1_73' title="bbox 2080 1432 3668 1498">
     <span class='ocr_line' id='line_1_73' title="bbox 2080 1432 3668 1498; baseline 0.002 -15"><span class='ocrx_word' id='word_1_558' title='bbox 2080 1442 2371 1498; x_wconf 87' lang='lat' dir='ltr'><strong>peccasset,</strong></span> <span class='ocrx_word' id='word_1_559' title='bbox 2397 1432 2654 1498; x_wconf 82' lang='lat' dir='ltr'><strong>judicium</strong></span> <span class='ocrx_word' id='word_1_560' title='bbox 2675 1433 2816 1495; x_wconf 89' lang='lat' dir='ltr'><strong>fecit,</strong></span> <span class='ocrx_word' id='word_1_561' title='bbox 2847 1441 2902 1486; x_wconf 90' lang='lat' dir='ltr'><strong>et</strong></span> <span class='ocrx_word' id='word_1_562' title='bbox 2932 1448 3079 1486; x_wconf 91' lang='lat' dir='ltr'><strong>reum</strong></span> <span class='ocrx_word' id='word_1_563' title='bbox 3100 1434 3363 1498; x_wconf 84' lang='lat' dir='ltr'><strong>nesciens,</strong></span> <span class='ocrx_word' id='word_1_564' title='bbox 3393 1434 3496 1485; x_wconf 87' lang='lat' dir='ltr'><strong>lata</strong></span> <span class='ocrx_word' id='word_1_565' title='bbox 3513 1434 3668 1487; x_wconf 90' lang='lat' dir='ltr'><strong>dam-</strong></span> 
     </span>
    </p>
   </div>
   <div class='ocr_carea' id='block_1_74' title="bbox 2080 1522 3673 1591">
    <p class='ocr_par' dir='ltr' id='par_1_74' title="bbox 2080 1522 3673 1591">
     <span class='ocr_line' id='line_1_74' title="bbox 2080 1522 3673 1591; baseline 0.002 -19"><span class='ocrx_word' id='word_1_566' title='bbox 2080 1524 2221 1575; x_wconf 88' lang='lat' dir='ltr'><strong>navit</strong></span> <span class='ocrx_word' id='word_1_567' title='bbox 2246 1523 2508 1577; x_wconf 89' lang='lat' dir='ltr'><strong>seuteutia</strong></span> <span class='ocrx_word' id='word_1_568' title='bbox 2536 1540 2548 1575; x_wconf 89' lang='lat'><strong>:</strong></span> <span class='ocrx_word' id='word_1_569' title='bbox 2581 1534 2634 1576; x_wconf 83' lang='lat' dir='ltr'><strong>et</strong></span> <span class='ocrx_word' id='word_1_570' title='bbox 2666 1535 2815 1591; x_wconf 87' lang='lat' dir='ltr'><strong>pater</strong></span> <span class='ocrx_word' id='word_1_571' title='bbox 2839 1522 3011 1577; x_wconf 79' lang='lat' dir='ltr'><strong>factus</strong></span> <span class='ocrx_word' id='word_1_572' title='bbox 3037 1532 3119 1577; x_wconf 87' lang='lat' dir='ltr'><strong>est</strong></span> <span class='ocrx_word' id='word_1_573' title='bbox 3167 1522 3262 1576; x_wconf 84' lang='lat' dir='ltr'><strong>lilii</strong></span> <span class='ocrx_word' id='word_1_574' title='bbox 3306 1522 3543 1576; x_wconf 80' lang='lat' dir='ltr'><strong>carnifex</strong></span> <span class='ocrx_word' id='word_1_575' title='bbox 3573 1563 3589 1587; x_wconf 90' lang='lat'><strong>,</strong></span> <span class='ocrx_word' id='word_1_576' title='bbox 3619 1532 3673 1576; x_wconf 90' lang='lat' dir='ltr'><strong>et</strong></span> 
     </span>
    </p>
   </div>
   <div class='ocr_carea' id='block_1_75' title="bbox 2078 1611 3672 1681">
    <p class='ocr_par' dir='ltr' id='par_1_75' title="bbox 2078 1611 3672 1681">
     <span class='ocr_line' id='line_1_75' title="bbox 2078 1611 3672 1681; baseline 0.001 -18"><span class='ocrx_word' id='word_1_577' title='bbox 2078 1621 2201 1666; x_wconf 91' lang='lat' dir='ltr'><strong>ante</strong></span> <span class='ocrx_word' id='word_1_578' title='bbox 2231 1628 2453 1667; x_wconf 88' lang='lat' dir='ltr'><strong>examen</strong></span> <span class='ocrx_word' id='word_1_579' title='bbox 2483 1613 2842 1666; x_wconf 83' lang='lat' dir='ltr'><strong>damnationis</strong></span> <span class='ocrx_word' id='word_1_580' title='bbox 2888 1614 3103 1681; x_wconf 85' lang='lat' dir='ltr'><strong>protulit</strong></span> <span class='ocrx_word' id='word_1_581' title='bbox 3146 1614 3488 1667; x_wconf 90' lang='lat' dir='ltr'><strong>sententiam.</strong></span> <span class='ocrx_word' id='word_1_582' title='bbox 3535 1611 3672 1680; x_wconf 83' lang='lat' dir='ltr'><strong>Quid</strong></span> 
     </span>
    </p>
   </div>
   <div class='ocr_carea' id='block_1_76' title="bbox 2080 1702 3013 1772">
    <p class='ocr_par' dir='ltr' id='par_1_76' title="bbox 2080 1702 3013 1772">
     <span class='ocr_line' id='line_1_76' title="bbox 2080 1702 3013 1772; baseline 0.002 -17"><span class='ocrx_word' id='word_1_583' title='bbox 2080 1702 2180 1755; x_wconf 90' lang='lat' dir='ltr'><strong>hoc</strong></span> <span class='ocrx_word' id='word_1_584' title='bbox 2210 1704 2624 1757; x_wconf 82' lang='lat' dir='ltr'><strong>irrationabilius</strong></span> <span class='ocrx_word' id='word_1_585' title='bbox 2656 1706 2766 1756; x_wconf 73' lang='lat' dir='ltr'><strong>ï¬eri</strong></span> <span class='ocrx_word' id='word_1_586' title='bbox 2800 1705 3013 1772; x_wconf 86' lang='lat' dir='ltr'><strong>posset?</strong></span> 
     </span>
    </p>
   </div>
   <div class='ocr_carea' id='block_1_77' title="bbox 2151 1794 3673 1865">
    <p class='ocr_par' dir='ltr' id='par_1_77' title="bbox 2151 1794 3673 1865">
     <span class='ocr_line' id='line_1_77' title="bbox 2151 1794 3673 1865; baseline 0.003 -18"><span class='ocrx_word' id='word_1_587' title='bbox 2151 1795 2203 1847; x_wconf 84' lang='grc'><strong>5.</strong></span> <span class='ocrx_word' id='word_1_588' title='bbox 2235 1794 2359 1847; x_wconf 65' lang='grc' dir='ltr'><strong>11Ï‰Î¿</strong></span> <span class='ocrx_word' id='word_1_589' title='bbox 2386 1795 2544 1863; x_wconf 86' lang='lat' dir='ltr'><strong>igitur</strong></span> <span class='ocrx_word' id='word_1_590' title='bbox 2568 1795 2657 1848; x_wconf 85' lang='lat' dir='ltr'><strong>illo</strong></span> <span class='ocrx_word' id='word_1_591' title='bbox 2683 1795 2891 1848; x_wconf 82' lang='lat' dir='ltr'><strong>dicente</strong></span> <span class='ocrx_word' id='word_1_592' title='bbox 2923 1796 3089 1865; x_wconf 80' lang='lat' dir='ltr'><strong>magis</strong></span> <span class='ocrx_word' id='word_1_593' title='bbox 3120 1796 3291 1849; x_wconf 88' lang='lat' dir='ltr'><strong>timuit</strong></span> <span class='ocrx_word' id='word_1_594' title='bbox 3328 1797 3585 1865; x_wconf 89' lang='lat' dir='ltr'><strong>populus,</strong></span> <span class='ocrx_word' id='word_1_595' title='bbox 3616 1808 3673 1852; x_wconf 87' lang='lat' dir='ltr'><strong>et</strong></span> 
     </span>
    </p>
   </div>
   <div class='ocr_carea' id='block_1_78' title="bbox 2081 1886 3673 1941">
    <p class='ocr_par' dir='ltr' id='par_1_78' title="bbox 2081 1886 3673 1941">
     <span class='ocr_line' id='line_1_78' title="bbox 2081 1886 3673 1941; baseline 0.003 -4"><span class='ocrx_word' id='word_1_596' title='bbox 2081 1899 2267 1938; x_wconf 91' lang='lat' dir='ltr'><strong>omnes</strong></span> <span class='ocrx_word' id='word_1_597' title='bbox 2290 1894 2442 1938; x_wconf 86' lang='lat' dir='ltr'><strong>erant</strong></span> <span class='ocrx_word' id='word_1_598' title='bbox 2466 1886 2515 1937; x_wconf 92' lang='lat' dir='ltr'><strong>in</strong></span> <span class='ocrx_word' id='word_1_599' title='bbox 2545 1896 2773 1939; x_wconf 87' lang='lat' dir='ltr'><strong>tremore</strong></span> <span class='ocrx_word' id='word_1_600' title='bbox 2794 1895 2847 1939; x_wconf 91' lang='lat' dir='ltr'><strong>et</strong></span> <span class='ocrx_word' id='word_1_601' title='bbox 2872 1888 3059 1939; x_wconf 82' lang='lat' dir='ltr'><strong>timore</strong></span> <span class='ocrx_word' id='word_1_602' title='bbox 3080 1887 3277 1939; x_wconf 87' lang='lat' dir='ltr'><strong>multo:</strong></span> <span class='ocrx_word' id='word_1_603' title='bbox 3306 1887 3549 1941; x_wconf 80' lang='lat' dir='ltr'><strong>diabolus</strong></span> <span class='ocrx_word' id='word_1_604' title='bbox 3580 1906 3673 1941; x_wconf 89' lang='lat' dir='ltr'><strong>au-</strong></span> 
     </span>
    </p>
   </div>
   <div class='ocr_carea' id='block_1_79' title="bbox 2083 1977 3673 2039">
    <p class='ocr_par' dir='ltr' id='par_1_79' title="bbox 2083 1977 3673 2039">
     <span class='ocr_line' id='line_1_79' title="bbox 2083 1977 3673 2039; baseline 0.002 -10"><span class='ocrx_word' id='word_1_605' title='bbox 2083 1987 2186 2030; x_wconf 87' lang='lat' dir='ltr'><strong>tem</strong></span> <span class='ocrx_word' id='word_1_606' title='bbox 2223 1977 2504 2031; x_wconf 66' lang='grc' dir='ltr'><strong>Î™á½·Ï…Î¹Î·á½ºá½·Î¹Î¹Î¹Î¹Ï„</strong></span> <span class='ocrx_word' id='word_1_607' title='bbox 2533 2020 2547 2039; x_wconf 83' lang='grc'>,</span> <span class='ocrx_word' id='word_1_608' title='bbox 2570 1992 2690 2030; x_wconf 90' lang='lat' dir='ltr'><strong>cum</strong></span> <span class='ocrx_word' id='word_1_609' title='bbox 2719 1993 2905 2030; x_wconf 89' lang='lat' dir='ltr'><strong>onmes</strong></span> <span class='ocrx_word' id='word_1_610' title='bbox 2928 1978 3116 2031; x_wconf 81' lang='lat' dir='ltr'><strong>anxios</strong></span> <span class='ocrx_word' id='word_1_611' title='bbox 3146 1978 3530 2033; x_wconf 82' lang='lat' dir='ltr'><strong>reddidissetâ€™.</strong></span> <span class='ocrx_word' id='word_1_612' title='bbox 3553 1978 3673 2032; x_wconf 85' lang='lat' dir='ltr'><strong>Non</strong></span> 
     </span>
    </p>
   </div>
   <div class='ocr_carea' id='block_1_80' title="bbox 2079 2068 3672 2141">
    <p class='ocr_par' dir='ltr' id='par_1_80' title="bbox 2079 2068 3672 2141">
     <span class='ocr_line' id='line_1_80' title="bbox 2079 2068 3672 2141; baseline 0.001 -20"><span class='ocrx_word' id='word_1_613' title='bbox 2079 2070 2210 2121; x_wconf 87' lang='lat' dir='ltr'><strong>enim</strong></span> <span class='ocrx_word' id='word_1_614' title='bbox 2242 2078 2351 2121; x_wconf 85' lang='lat' dir='ltr'><strong>erat</strong></span> <span class='ocrx_word' id='word_1_615' title='bbox 2380 2068 2467 2138; x_wconf 82' lang='lat' dir='ltr'><strong>qui</strong></span> <span class='ocrx_word' id='word_1_616' title='bbox 2494 2069 2811 2137; x_wconf 83' lang='lat' dir='ltr'><strong>responderet</strong></span> <span class='ocrx_word' id='word_1_617' title='bbox 2835 2109 2847 2130; x_wconf 89' lang='lat'><strong>,</strong></span> <span class='ocrx_word' id='word_1_618' title='bbox 2889 2068 3092 2137; x_wconf 89' lang='lat' dir='ltr'><strong>inquit,</strong></span> <span class='ocrx_word' id='word_1_619' title='bbox 3138 2085 3200 2122; x_wconf 81' lang='lat' dir='ltr'><strong>ea:</strong></span> <span class='ocrx_word' id='word_1_620' title='bbox 3229 2079 3330 2122; x_wconf 91' lang='lat' dir='ltr'><strong>toto</strong></span> <span class='ocrx_word' id='word_1_621' title='bbox 3373 2072 3561 2141; x_wconf 81' lang='lat' dir='ltr'><strong>populo</strong></span> <span class='ocrx_word' id='word_1_622' title='bbox 3581 2087 3599 2123; x_wconf 91' lang='lat'><strong>:</strong></span> <span class='ocrx_word' id='word_1_623' title='bbox 3624 2080 3672 2123; x_wconf 85' lang='lat' dir='ltr'><strong>et</strong></span> 
     </span>
    </p>
   </div>
   <div class='ocr_carea' id='block_1_81' title="bbox 2080 2158 3671 2230">
    <p class='ocr_par' dir='ltr' id='par_1_81' title="bbox 2080 2158 3671 2230">
     <span class='ocr_line' id='line_1_81' title="bbox 2080 2158 3671 2230; baseline 0.003 -19"><span class='ocrx_word' id='word_1_624' title='bbox 2080 2160 2210 2212; x_wconf 74' lang='lat' dir='ltr'><strong>dixit</strong></span> <span class='ocrx_word' id='word_1_625' title='bbox 2239 2158 2371 2213; x_wconf 76' lang='lat' dir='ltr'><strong>Satil</strong></span> <span class='ocrx_word' id='word_1_626' title='bbox 2402 2201 2415 2223; x_wconf 91' lang='lat'><strong>,</strong></span> <span class='ocrx_word' id='word_1_627' title='bbox 2460 2159 2555 2212; x_wconf 88' lang='lat' dir='ltr'><strong>Vos</strong></span> <span class='ocrx_word' id='word_1_628' title='bbox 2600 2160 2739 2212; x_wconf 84' lang='lat' dir='ltr'><strong>eritis</strong></span> <span class='ocrx_word' id='word_1_629' title='bbox 2779 2160 2829 2211; x_wconf 88' lang='lat' dir='ltr'><strong>in</strong></span> <span class='ocrx_word' id='word_1_630' title='bbox 2859 2160 3182 2223; x_wconf 79' lang='lat' dir='ltr'><strong>servitutem,</strong></span> <span class='ocrx_word' id='word_1_631' title='bbox 3211 2170 3257 2212; x_wconf 88' lang='lat' dir='ltr'><strong>et</strong></span> <span class='ocrx_word' id='word_1_632' title='bbox 3301 2177 3391 2230; x_wconf 82' lang='lat' dir='ltr'><strong>ego</strong></span> <span class='ocrx_word' id='word_1_633' title='bbox 3439 2170 3485 2213; x_wconf 90' lang='lat' dir='ltr'><strong>et</strong></span> <span class='ocrx_word' id='word_1_634' title='bbox 3532 2163 3671 2229; x_wconf 83' lang='lat' dir='ltr'><strong>[ilius</strong></span> 
     </span>
    </p>
   </div>
   <div class='ocr_carea' id='block_1_82' title="bbox 2075 2250 3673 2320">
    <p class='ocr_par' dir='ltr' id='par_1_82' title="bbox 2075 2250 3673 2320">
     <span class='ocr_line' id='line_1_82' title="bbox 2075 2250 3673 2320; baseline 0.003 -19"><span class='ocrx_word' id='word_1_635' title='bbox 2075 2268 2211 2304; x_wconf 88' lang='lat' dir='ltr'><strong>meus</strong></span> <span class='ocrx_word' id='word_1_636' title='bbox 2226 2250 2479 2304; x_wconf 73' lang='lat' dir='ltr'><strong>lauat/ms</strong></span> <span class='ocrx_word' id='word_1_637' title='bbox 2496 2252 2547 2304; x_wconf 90' lang='lat' dir='ltr'><strong>in</strong></span> <span class='ocrx_word' id='word_1_638' title='bbox 2572 2252 2858 2304; x_wconf 79' lang='lat' dir='ltr'><strong>servitutem</strong></span> <span class='ocrx_word' id='word_1_639' title='bbox 2881 2251 2924 2319; x_wconf 80' lang='grc' dir='ltr'><strong>(Î™</strong></span> <span class='ocrx_word' id='word_1_640' title='bbox 2941 2250 3089 2319; x_wconf 83' lang='lat' dir='ltr'><strong>.Reg.</strong></span> <span class='ocrx_word' id='word_1_641' title='bbox 3106 2270 3157 2304; x_wconf 70' lang='grc' dir='ltr'><strong>Î½.</strong></span> <span class='ocrx_word' id='word_1_642' title='bbox 3173 2251 3261 2304; x_wconf 80' lang='lat'><strong>59.</strong></span> <span class='ocrx_word' id='word_1_643' title='bbox 3278 2252 3391 2320; x_wconf 62' lang='grc' dir='ltr'><strong>á¼†Ï…).</strong></span> <span class='ocrx_word' id='word_1_644' title='bbox 3412 2251 3560 2318; x_wconf 88' lang='lat' dir='ltr'><strong>Quod</strong></span> <span class='ocrx_word' id='word_1_645' title='bbox 3578 2268 3673 2305; x_wconf 81' lang='lat' dir='ltr'><strong>au-</strong></span> 
     </span>
    </p>
   </div>
   <div class='ocr_carea' id='block_1_83' title="bbox 2076 2341 3672 2413">
    <p class='ocr_par' dir='ltr' id='par_1_83' title="bbox 2076 2341 3672 2413">
     <span class='ocr_line' id='line_1_83' title="bbox 2076 2341 3672 2413; baseline 0 -15"><span class='ocrx_word' id='word_1_646' title='bbox 2076 2355 2179 2398; x_wconf 92' lang='lat' dir='ltr'><strong>tem</strong></span> <span class='ocrx_word' id='word_1_647' title='bbox 2207 2344 2354 2410; x_wconf 86' lang='lat' dir='ltr'><strong>dicit,</strong></span> <span class='ocrx_word' id='word_1_648' title='bbox 2390 2344 2493 2399; x_wconf 91' lang='lat' dir='ltr'><strong>tale</strong></span> <span class='ocrx_word' id='word_1_649' title='bbox 2514 2353 2630 2398; x_wconf 87' lang='lat' dir='ltr'><strong>est:</strong></span> <span class='ocrx_word' id='word_1_650' title='bbox 2660 2341 2981 2406; x_wconf 87' lang='lat' dir='ltr'><strong>Nihilaliud,</strong></span> <span class='ocrx_word' id='word_1_651' title='bbox 3012 2343 3203 2411; x_wconf 91' lang='lat' dir='ltr'><strong>inquit,</strong></span> <span class='ocrx_word' id='word_1_652' title='bbox 3235 2344 3480 2409; x_wconf 90' lang='lat' dir='ltr'><strong>studetis,</strong></span> <span class='ocrx_word' id='word_1_653' title='bbox 3511 2359 3672 2413; x_wconf 90' lang='lat' dir='ltr'><strong>quam</strong></span> 
     </span>
    </p>
   </div>
   <div class='ocr_carea' id='block_1_84' title="bbox 2074 2432 3666 2502">
    <p class='ocr_par' dir='ltr' id='par_1_84' title="bbox 2074 2432 3666 2502">
     <span class='ocr_line' id='line_1_84' title="bbox 2074 2432 3666 2502; baseline 0.001 -15"><span class='ocrx_word' id='word_1_654' title='bbox 2074 2435 2317 2488; x_wconf 90' lang='lat' dir='ltr'><strong>hostibus</strong></span> <span class='ocrx_word' id='word_1_655' title='bbox 2354 2450 2451 2487; x_wconf 89' lang='lat' dir='ltr'><strong>vos</strong></span> <span class='ocrx_word' id='word_1_656' title='bbox 2498 2434 2709 2488; x_wconf 88' lang='lat' dir='ltr'><strong>tradere</strong></span> <span class='ocrx_word' id='word_1_657' title='bbox 2737 2475 2751 2497; x_wconf 93' lang='lat'><strong>,</strong></span> <span class='ocrx_word' id='word_1_658' title='bbox 2796 2443 2850 2487; x_wconf 91' lang='lat' dir='ltr'><strong>et</strong></span> <span class='ocrx_word' id='word_1_659' title='bbox 2880 2448 2976 2502; x_wconf 92' lang='lat' dir='ltr'><strong>pro</strong></span> <span class='ocrx_word' id='word_1_660' title='bbox 3004 2433 3185 2487; x_wconf 90' lang='lat' dir='ltr'><strong>liberis</strong></span> <span class='ocrx_word' id='word_1_661' title='bbox 3208 2449 3397 2488; x_wconf 84' lang='lat' dir='ltr'><strong>servos</strong></span> <span class='ocrx_word' id='word_1_662' title='bbox 3444 2432 3625 2489; x_wconf 86' lang='lat' dir='ltr'><strong>facere</strong></span> <span class='ocrx_word' id='word_1_663' title='bbox 3649 2476 3666 2500; x_wconf 96' lang='lat'><strong>,</strong></span> 
     </span>
    </p>
   </div>
   <div class='ocr_carea' id='block_1_85' title="bbox 2076 2525 3666 2593">
    <p class='ocr_par' dir='ltr' id='par_1_85' title="bbox 2076 2525 3666 2593">
     <span class='ocr_line' id='line_1_85' title="bbox 2076 2525 3666 2593; baseline 0.001 -16"><span class='ocrx_word' id='word_1_664' title='bbox 2076 2525 2242 2578; x_wconf 88' lang='lat' dir='ltr'><strong>Deum</strong></span> <span class='ocrx_word' id='word_1_665' title='bbox 2282 2534 2467 2578; x_wconf 89' lang='lat' dir='ltr'><strong>contra</strong></span> <span class='ocrx_word' id='word_1_666' title='bbox 2508 2540 2603 2578; x_wconf 90' lang='lat' dir='ltr'><strong>vos</strong></span> <span class='ocrx_word' id='word_1_667' title='bbox 2649 2525 2963 2593; x_wconf 88' lang='lat' dir='ltr'><strong>instigantes</strong></span> <span class='ocrx_word' id='word_1_668' title='bbox 2992 2565 3007 2589; x_wconf 95' lang='lat'><strong>,</strong></span> <span class='ocrx_word' id='word_1_669' title='bbox 3047 2539 3198 2577; x_wconf 92' lang='lat' dir='ltr'><strong>reum</strong></span> <span class='ocrx_word' id='word_1_670' title='bbox 3242 2539 3348 2577; x_wconf 90' lang='lat' dir='ltr'><strong>non</strong></span> <span class='ocrx_word' id='word_1_671' title='bbox 3388 2525 3666 2580; x_wconf 89' lang='lat' dir='ltr'><strong>tradendo.</strong></span> 
     </span>
    </p>
   </div>
   <div class='ocr_carea' id='block_1_86' title="bbox 2076 2614 3667 2684">
    <p class='ocr_par' dir='ltr' id='par_1_86' title="bbox 2076 2614 3667 2684">
     <span class='ocr_line' id='line_1_86' title="bbox 2076 2614 3667 2684; baseline 0.001 -16"><span class='ocrx_word' id='word_1_672' title='bbox 2076 2615 2301 2684; x_wconf 81' lang='lat' dir='ltr'><strong>Respice</strong></span> <span class='ocrx_word' id='word_1_673' title='bbox 2331 2624 2575 2669; x_wconf 89' lang='lat' dir='ltr'><strong>autemet</strong></span> <span class='ocrx_word' id='word_1_674' title='bbox 2600 2616 2756 2668; x_wconf 88' lang='lat' dir='ltr'><strong>aliam</strong></span> <span class='ocrx_word' id='word_1_675' title='bbox 2785 2630 2850 2668; x_wconf 84' lang='lat' dir='ltr'><strong>ex</strong></span> <span class='ocrx_word' id='word_1_676' title='bbox 2872 2614 3179 2682; x_wconf 70' lang='lat' dir='ltr'><strong>iuramento</strong></span> <span class='ocrx_word' id='word_1_677' title='bbox 3207 2614 3492 2669; x_wconf 81' lang='lat' dir='ltr'><strong>conï¬‚atam</strong></span> <span class='ocrx_word' id='word_1_678' title='bbox 3533 2630 3667 2669; x_wconf 89' lang='lat' dir='ltr'><strong>cou-</strong></span> 
     </span>
    </p>
   </div>
   <div class='ocr_carea' id='block_1_87' title="bbox 2076 2708 3670 2779">
    <p class='ocr_par' dir='ltr' id='par_1_87' title="bbox 2076 2708 3670 2779">
     <span class='ocr_line' id='line_1_87' title="bbox 2076 2708 3670 2779; baseline 0.002 -19"><span class='ocrx_word' id='word_1_679' title='bbox 2076 2709 2423 2762; x_wconf 90' lang='lat' dir='ltr'><strong>trarietatem.</strong></span> <span class='ocrx_word' id='word_1_680' title='bbox 2454 2708 2584 2763; x_wconf 91' lang='lat' dir='ltr'><strong>Cum</strong></span> <span class='ocrx_word' id='word_1_681' title='bbox 2614 2709 2757 2763; x_wconf 87' lang='lat' dir='ltr'><strong>enim</strong></span> <span class='ocrx_word' id='word_1_682' title='bbox 2789 2724 2924 2779; x_wconf 90' lang='lat' dir='ltr'><strong>opus</strong></span> <span class='ocrx_word' id='word_1_683' title='bbox 2951 2717 3128 2770; x_wconf 87' lang='lat' dir='ltr'><strong>esset,</strong></span> <span class='ocrx_word' id='word_1_684' title='bbox 3157 2708 3200 2761; x_wconf 82' lang='lat' dir='ltr'><strong>si</strong></span> <span class='ocrx_word' id='word_1_685' title='bbox 3222 2722 3490 2764; x_wconf 90' lang='lat' dir='ltr'><strong>auctorem</strong></span> <span class='ocrx_word' id='word_1_686' title='bbox 3518 2710 3670 2763; x_wconf 77' lang='lat' dir='ltr'><strong>inve-</strong></span> 
     </span>
    </p>
   </div>
   <div class='ocr_carea' id='block_1_88' title="bbox 2075 2801 3668 2876">
    <p class='ocr_par' dir='ltr' id='par_1_88' title="bbox 2075 2801 3668 2876">
     <span class='ocr_line' id='line_1_88' title="bbox 2075 2801 3668 2876; baseline 0.002 -23"><span class='ocrx_word' id='word_1_687' title='bbox 2075 2801 2190 2855; x_wconf 90' lang='lat' dir='ltr'><strong>nire</strong></span> <span class='ocrx_word' id='word_1_688' title='bbox 2221 2801 2459 2862; x_wconf 86' lang='lat' dir='ltr'><strong>volebat.</strong></span> <span class='ocrx_word' id='word_1_689' title='bbox 2489 2802 2618 2856; x_wconf 84' lang='lat' dir='ltr'><strong>nihil</strong></span> <span class='ocrx_word' id='word_1_690' title='bbox 2652 2803 2757 2857; x_wconf 90' lang='lat' dir='ltr'><strong>tale</strong></span> <span class='ocrx_word' id='word_1_691' title='bbox 2786 2804 2973 2859; x_wconf 89' lang='lat' dir='ltr'><strong>minari</strong></span> <span class='ocrx_word' id='word_1_692' title='bbox 3002 2845 3020 2871; x_wconf 94' lang='lat'><strong>,</strong></span> <span class='ocrx_word' id='word_1_693' title='bbox 3052 2821 3150 2861; x_wconf 90' lang='lat' dir='ltr'><strong>nec</strong></span> <span class='ocrx_word' id='word_1_694' title='bbox 3171 2806 3479 2876; x_wconf 87' lang='lat' dir='ltr'><strong>juramento</strong></span> <span class='ocrx_word' id='word_1_695' title='bbox 3508 2803 3668 2857; x_wconf 90' lang='lat' dir='ltr'><strong>ultio-</strong></span> 
     </span>
    </p>
   </div>
   <div class='ocr_carea' id='block_1_89' title="bbox 2074 2894 3665 2969">
    <p class='ocr_par' dir='ltr' id='par_1_89' title="bbox 2074 2894 3665 2969">
     <span class='ocr_line' id='line_1_89' title="bbox 2074 2894 3665 2969; baseline 0.003 -23"><span class='ocrx_word' id='word_1_696' title='bbox 2074 2910 2193 2948; x_wconf 90' lang='lat' dir='ltr'><strong>nem</strong></span> <span class='ocrx_word' id='word_1_697' title='bbox 2217 2894 2454 2963; x_wconf 87' lang='lat' dir='ltr'><strong>obligare</strong></span> <span class='ocrx_word' id='word_1_698' title='bbox 2485 2936 2499 2958; x_wconf 92' lang='lat'><strong>,</strong></span> <span class='ocrx_word' id='word_1_699' title='bbox 2529 2904 2582 2949; x_wconf 89' lang='lat' dir='ltr'><strong>et</strong></span> <span class='ocrx_word' id='word_1_700' title='bbox 2609 2897 2920 2952; x_wconf 89' lang='lat' dir='ltr'><strong>audaciores</strong></span> <span class='ocrx_word' id='word_1_701' title='bbox 2948 2898 3071 2954; x_wconf 82' lang='lat' dir='ltr'><strong>facti</strong></span> <span class='ocrx_word' id='word_1_702' title='bbox 3111 2915 3259 2953; x_wconf 91' lang='lat' dir='ltr'><strong>reum</strong></span> <span class='ocrx_word' id='word_1_703' title='bbox 3287 2899 3585 2969; x_wconf 90' lang='lat' dir='ltr'><strong>promptius</strong></span> <span class='ocrx_word' id='word_1_704' title='bbox 3614 2898 3665 2951; x_wconf 87' lang='lat' dir='ltr'><strong>in</strong></span> 
     </span>
    </p>
   </div>
   <div class='ocr_carea' id='block_1_90' title="bbox 2069 2984 3663 3054">
    <p class='ocr_par' dir='ltr' id='par_1_90' title="bbox 2069 2984 3663 3054">
     <span class='ocr_line' id='line_1_90' title="bbox 2069 2984 3663 3054; baseline 0.003 -16"><span class='ocrx_word' id='word_1_705' title='bbox 2069 2984 2304 3039; x_wconf 89' lang='lat' dir='ltr'><strong>medium</strong></span> <span class='ocrx_word' id='word_1_706' title='bbox 2336 2994 2587 3054; x_wconf 82' lang='lat' dir='ltr'><strong>agerent;</strong></span> <span class='ocrx_word' id='word_1_707' title='bbox 2644 2986 2733 3041; x_wconf 92' lang='lat' dir='ltr'><strong>ille</strong></span> <span class='ocrx_word' id='word_1_708' title='bbox 2772 3003 2982 3041; x_wconf 87' lang='lat' dir='ltr'><strong>rursum</strong></span> <span class='ocrx_word' id='word_1_709' title='bbox 3008 3004 3073 3042; x_wconf 84' lang='lat' dir='ltr'><strong>ex</strong></span> <span class='ocrx_word' id='word_1_710' title='bbox 3100 2990 3174 3042; x_wconf 90' lang='lat' dir='ltr'><strong>ira</strong></span> <span class='ocrx_word' id='word_1_711' title='bbox 3213 3000 3266 3043; x_wconf 89' lang='lat' dir='ltr'><strong>et</strong></span> <span class='ocrx_word' id='word_1_712' title='bbox 3287 2990 3469 3042; x_wconf 87' lang='lat' dir='ltr'><strong>furore</strong></span> <span class='ocrx_word' id='word_1_713' title='bbox 3496 2989 3663 3042; x_wconf 90' lang='lat' dir='ltr'><strong>multc</strong></span> 
     </span>
    </p>
   </div>
   <div class='ocr_carea' id='block_1_91' title="bbox 2071 3077 3661 3148">
    <p class='ocr_par' dir='ltr' id='par_1_91' title="bbox 2071 3077 3661 3148">
     <span class='ocr_line' id='line_1_91' title="bbox 2071 3077 3661 3148; baseline 0 -17"><span class='ocrx_word' id='word_1_714' title='bbox 2071 3085 2128 3131; x_wconf 88' lang='lat' dir='ltr'><strong>et</strong></span> <span class='ocrx_word' id='word_1_715' title='bbox 2178 3077 2339 3145; x_wconf 90' lang='lat' dir='ltr'><strong>priori</strong></span> <span class='ocrx_word' id='word_1_716' title='bbox 2385 3077 2603 3130; x_wconf 89' lang='lat' dir='ltr'><strong>stultitia</strong></span> <span class='ocrx_word' id='word_1_717' title='bbox 2632 3088 2814 3131; x_wconf 89' lang='lat' dir='ltr'><strong>contra</strong></span> <span class='ocrx_word' id='word_1_718' title='bbox 2846 3120 2860 3143; x_wconf 93' lang='lat'><strong>,</strong></span> <span class='ocrx_word' id='word_1_719' title='bbox 2901 3094 3063 3148; x_wconf 89' lang='lat' dir='ltr'><strong>quam</strong></span> <span class='ocrx_word' id='word_1_720' title='bbox 3096 3080 3212 3133; x_wconf 90' lang='lat' dir='ltr'><strong>vult</strong></span> <span class='ocrx_word' id='word_1_721' title='bbox 3240 3122 3255 3144; x_wconf 89' lang='lat'><strong>,</strong></span> <span class='ocrx_word' id='word_1_722' title='bbox 3297 3080 3490 3133; x_wconf 91' lang='lat' dir='ltr'><strong>iterum</strong></span> <span class='ocrx_word' id='word_1_723' title='bbox 3520 3079 3661 3133; x_wconf 88' lang='lat' dir='ltr'><strong>facit.</strong></span> 
     </span>
    </p>
   </div>
   <div class='ocr_carea' id='block_1_92' title="bbox 2066 3167 3661 3240">
    <p class='ocr_par' dir='ltr' id='par_1_92' title="bbox 2066 3167 3661 3240">
     <span class='ocr_line' id='line_1_92' title="bbox 2066 3167 3661 3240; baseline 0.001 -21"><span class='ocrx_word' id='word_1_724' title='bbox 2066 3167 2203 3235; x_wconf 90' lang='lat' dir='ltr'><strong>Quid</strong></span> <span class='ocrx_word' id='word_1_725' title='bbox 2231 3183 2366 3235; x_wconf 76' lang='lat' dir='ltr'><strong>opus</strong></span> <span class='ocrx_word' id='word_1_726' title='bbox 2386 3178 2465 3222; x_wconf 92' lang='lat' dir='ltr'><strong>est</strong></span> <span class='ocrx_word' id='word_1_727' title='bbox 2496 3168 2660 3221; x_wconf 91' lang='lat' dir='ltr'><strong>multa</strong></span> <span class='ocrx_word' id='word_1_728' title='bbox 2687 3169 2905 3224; x_wconf 85' lang='lat' dir='ltr'><strong>dicere?</strong></span> <span class='ocrx_word' id='word_1_729' title='bbox 2924 3170 3063 3225; x_wconf 75' lang='lat' dir='ltr'><strong>Serti</strong></span> <span class='ocrx_word' id='word_1_730' title='bbox 3088 3171 3356 3240; x_wconf 77' lang='lat' dir='ltr'><strong>negotium</strong></span> <span class='ocrx_word' id='word_1_731' title='bbox 3376 3169 3661 3235; x_wconf 91' lang='lat' dir='ltr'><strong>concessit,</strong></span> 
     </span>
    </p>
   </div>
   <div class='ocr_carea' id='block_1_93' title="bbox 2065 3260 3650 3315">
    <p class='ocr_par' dir='ltr' id='par_1_93' title="bbox 2065 3260 3650 3315">
     <span class='ocr_line' id='line_1_93' title="bbox 2065 3260 3650 3315; baseline 0.001 -3"><span class='ocrx_word' id='word_1_732' title='bbox 2065 3268 2119 3312; x_wconf 88' lang='lat' dir='ltr'><strong>et</strong></span> <span class='ocrx_word' id='word_1_733' title='bbox 2143 3268 2285 3313; x_wconf 90' lang='lat' dir='ltr'><strong>sorte</strong></span> <span class='ocrx_word' id='word_1_734' title='bbox 2314 3260 2686 3313; x_wconf 77' lang='lat' dir='ltr'><strong>examinantur</strong></span> <span class='ocrx_word' id='word_1_735' title='bbox 2714 3260 2839 3314; x_wconf 80' lang='lat' dir='ltr'><strong>Saul</strong></span> <span class='ocrx_word' id='word_1_736' title='bbox 2860 3270 2913 3314; x_wconf 92' lang='lat' dir='ltr'><strong>et</strong></span> <span class='ocrx_word' id='word_1_737' title='bbox 2938 3260 3212 3315; x_wconf 81' lang='lat' dir='ltr'><strong>Jonathas.</strong></span> <span class='ocrx_word' id='word_1_738' title='bbox 3248 3260 3312 3313; x_wconf 84' lang='lat' dir='ltr'><strong>Et</strong></span> <span class='ocrx_word' id='word_1_739' title='bbox 3333 3261 3463 3314; x_wconf 73' lang='lat' dir='ltr'><strong>dixit</strong></span> <span class='ocrx_word' id='word_1_740' title='bbox 3486 3260 3650 3314; x_wconf 72' lang='lat' dir='ltr'><strong>Sail:</strong></span> 
     </span>
    </p>
   </div>
   <div class='ocr_carea' id='block_1_94' title="bbox 2066 3347 3656 3420">
    <p class='ocr_par' dir='ltr' id='par_1_94' title="bbox 2066 3347 3656 3420">
     <span class='ocr_line' id='line_1_94' title="bbox 2066 3347 3656 3420; baseline 0.001 -20"><span class='ocrx_word' id='word_1_741' title='bbox 2066 3347 2230 3400; x_wconf 86' lang='lat' dir='ltr'><strong>Jacite</strong></span> <span class='ocrx_word' id='word_1_742' title='bbox 2255 3360 2439 3401; x_wconf 86' lang='lat' dir='ltr'><strong>sortem</strong></span> <span class='ocrx_word' id='word_1_743' title='bbox 2468 3350 2599 3402; x_wconf 88' lang='lat' dir='ltr'><strong>inter</strong></span> <span class='ocrx_word' id='word_1_744' title='bbox 2626 3366 2704 3403; x_wconf 85' lang='lat' dir='ltr'><strong>me</strong></span> <span class='ocrx_word' id='word_1_745' title='bbox 2731 3361 2777 3402; x_wconf 86' lang='lat' dir='ltr'><strong>et</strong></span> <span class='ocrx_word' id='word_1_746' title='bbox 2798 3349 3098 3414; x_wconf 72' lang='lat' dir='ltr'><strong>lauat/tan;</strong></span> <span class='ocrx_word' id='word_1_747' title='bbox 3129 3362 3174 3403; x_wconf 91' lang='lat' dir='ltr'><strong>et</strong></span> <span class='ocrx_word' id='word_1_748' title='bbox 3192 3352 3395 3420; x_wconf 90' lang='lat' dir='ltr'><strong>jaciunt</strong></span> <span class='ocrx_word' id='word_1_749' title='bbox 3422 3360 3610 3404; x_wconf 88' lang='lat' dir='ltr'><strong>sortem</strong></span> <span class='ocrx_word' id='word_1_750' title='bbox 3641 3391 3656 3413; x_wconf 92' lang='lat'><strong>,</strong></span> 
     </span>
    </p>
   </div>
   <div class='ocr_carea' id='block_1_95' title="bbox 2070 3437 3661 3506">
    <p class='ocr_par' dir='ltr' id='par_1_95' title="bbox 2070 3437 3661 3506">
     <span class='ocr_line' id='line_1_95' title="bbox 2070 3437 3661 3506; baseline 0.002 -16"><span class='ocrx_word' id='word_1_751' title='bbox 2070 3447 2115 3490; x_wconf 87' lang='lat' dir='ltr'><strong>et</strong></span> <span class='ocrx_word' id='word_1_752' title='bbox 2142 3439 2341 3506; x_wconf 87' lang='lat' dir='ltr'><strong>capitur</strong></span> <span class='ocrx_word' id='word_1_753' title='bbox 2370 3437 2642 3493; x_wconf 85' lang='lat' dir='ltr'><strong>Jonathas.</strong></span> <span class='ocrx_word' id='word_1_754' title='bbox 2692 3439 2757 3493; x_wconf 88' lang='lat' dir='ltr'><strong>Et</strong></span> <span class='ocrx_word' id='word_1_755' title='bbox 2800 3440 2929 3493; x_wconf 73' lang='lat' dir='ltr'><strong>dicit</strong></span> <span class='ocrx_word' id='word_1_756' title='bbox 2966 3440 3096 3495; x_wconf 77' lang='lat' dir='ltr'><strong>Saul</strong></span> <span class='ocrx_word' id='word_1_757' title='bbox 3133 3442 3200 3494; x_wconf 89' lang='lat' dir='ltr'><strong>ad</strong></span> <span class='ocrx_word' id='word_1_758' title='bbox 3222 3440 3488 3494; x_wconf 79' lang='lat' dir='ltr'><strong>Jonathan</strong></span> <span class='ocrx_word' id='word_1_759' title='bbox 3508 3457 3527 3493; x_wconf 91' lang='lat'><strong>:</strong></span> <span class='ocrx_word' id='word_1_760' title='bbox 3554 3441 3661 3493; x_wconf 81' lang='lat' dir='ltr'><strong>An-</strong></span> 
     </span>
    </p>
   </div>
   <div class='ocr_carea' id='block_1_96' title="bbox 2069 3531 3655 3601">
    <p class='ocr_par' dir='ltr' id='par_1_96' title="bbox 2069 3531 3655 3601">
     <span class='ocr_line' id='line_1_96' title="bbox 2069 3531 3655 3601; baseline 0.001 -18"><span class='ocrx_word' id='word_1_761' title='bbox 2069 3532 2245 3584; x_wconf 88' lang='lat' dir='ltr'><strong>mtntia</strong></span> <span class='ocrx_word' id='word_1_762' title='bbox 2264 3531 2407 3596; x_wconf 83' lang='lat' dir='ltr'><strong>mihi,</strong></span> <span class='ocrx_word' id='word_1_763' title='bbox 2449 3532 2571 3600; x_wconf 88' lang='lat' dir='ltr'><strong>quid</strong></span> <span class='ocrx_word' id='word_1_764' title='bbox 2591 3532 2793 3595; x_wconf 79' lang='lat' dir='ltr'><strong>fecisti?</strong></span> <span class='ocrx_word' id='word_1_765' title='bbox 2825 3531 2889 3584; x_wconf 83' lang='lat' dir='ltr'><strong>Et</strong></span> <span class='ocrx_word' id='word_1_766' title='bbox 2913 3533 3229 3584; x_wconf 87' lang='lat' dir='ltr'><strong>annuntiavit</strong></span> <span class='ocrx_word' id='word_1_767' title='bbox 3255 3533 3353 3601; x_wconf 86' lang='lat' dir='ltr'><strong>ipsi</strong></span> <span class='ocrx_word' id='word_1_768' title='bbox 3380 3531 3655 3597; x_wconf 79' lang='lat' dir='ltr'><strong>Jouatltas,</strong></span> 
     </span>
    </p>
   </div>
   <div class='ocr_carea' id='block_1_97' title="bbox 2066 3620 3660 3692">
    <p class='ocr_par' dir='ltr' id='par_1_97' title="bbox 2066 3620 3660 3692">
     <span class='ocr_line' id='line_1_97' title="bbox 2066 3620 3660 3692; baseline 0.003 -21"><span class='ocrx_word' id='word_1_769' title='bbox 2066 3620 2235 3673; x_wconf 87' lang='lat' dir='ltr'><strong>dicens</strong></span> <span class='ocrx_word' id='word_1_770' title='bbox 2257 3638 2275 3674; x_wconf 91' lang='lat'><strong>:</strong></span> <span class='ocrx_word' id='word_1_771' title='bbox 2295 3620 2517 3673; x_wconf 78' lang='lat' dir='ltr'><strong>Gustans</strong></span> <span class='ocrx_word' id='word_1_772' title='bbox 2535 3622 2737 3691; x_wconf 84' lang='lat' dir='ltr'><strong>gustavi</strong></span> <span class='ocrx_word' id='word_1_773' title='bbox 2762 3623 2813 3675; x_wconf 86' lang='lat' dir='ltr'><strong>in</strong></span> <span class='ocrx_word' id='word_1_774' title='bbox 2844 3624 3133 3676; x_wconf 87' lang='lat' dir='ltr'><strong>summitate</strong></span> <span class='ocrx_word' id='word_1_775' title='bbox 3158 3625 3374 3692; x_wconf 85' lang='lat' dir='ltr'><strong>sceptri,</strong></span> <span class='ocrx_word' id='word_1_776' title='bbox 3402 3623 3536 3692; x_wconf 87' lang='lat' dir='ltr'><strong>quod</strong></span> <span class='ocrx_word' id='word_1_777' title='bbox 3561 3624 3660 3676; x_wconf 86' lang='lat' dir='ltr'><strong>Ita-</strong></span> 
     </span>
    </p>
   </div>
   <div class='ocr_carea' id='block_1_98' title="bbox 2070 3714 3666 3788">
    <p class='ocr_par' dir='ltr' id='par_1_98' title="bbox 2070 3714 3666 3788">
     <span class='ocr_line' id='line_1_98' title="bbox 2070 3714 3666 3788; baseline 0.001 -21"><span class='ocrx_word' id='word_1_778' title='bbox 2070 3714 2244 3767; x_wconf 84' lang='lat' dir='ltr'><strong>bebam</strong></span> <span class='ocrx_word' id='word_1_779' title='bbox 2274 3715 2324 3767; x_wconf 89' lang='lat' dir='ltr'><strong>in</strong></span> <span class='ocrx_word' id='word_1_780' title='bbox 2370 3731 2523 3767; x_wconf 87' lang='lat' dir='ltr'><strong>mauu</strong></span> <span class='ocrx_word' id='word_1_781' title='bbox 2564 3732 2674 3768; x_wconf 87' lang='lat' dir='ltr'><strong>mea</strong></span> <span class='ocrx_word' id='word_1_782' title='bbox 2697 3755 2714 3780; x_wconf 95' lang='lat'><strong>,</strong></span> <span class='ocrx_word' id='word_1_783' title='bbox 2741 3733 2923 3785; x_wconf 84' lang='lat' dir='ltr'><strong>parum</strong></span> <span class='ocrx_word' id='word_1_784' title='bbox 2953 3717 3117 3771; x_wconf 83' lang='lat' dir='ltr'><strong>mellis</strong></span> <span class='ocrx_word' id='word_1_785' title='bbox 3145 3716 3165 3747; x_wconf 87' lang='grc'><strong><em>Â³</em></strong></span> <span class='ocrx_word' id='word_1_786' title='bbox 3192 3727 3238 3770; x_wconf 88' lang='lat' dir='ltr'><strong>ct</strong></span> <span class='ocrx_word' id='word_1_787' title='bbox 3278 3734 3339 3771; x_wconf 86' lang='lat' dir='ltr'><strong>eu</strong></span> <span class='ocrx_word' id='word_1_788' title='bbox 3361 3734 3453 3788; x_wconf 88' lang='lat' dir='ltr'><strong>ego</strong></span> <span class='ocrx_word' id='word_1_789' title='bbox 3478 3718 3666 3771; x_wconf 86' lang='lat' dir='ltr'><strong>morior</strong></span> 
     </span>
    </p>
   </div>
   <div class='ocr_carea' id='block_1_99' title="bbox 2065 3805 3663 3878">
    <p class='ocr_par' dir='ltr' id='par_1_99' title="bbox 2065 3805 3663 3878">
     <span class='ocr_line' id='line_1_99' title="bbox 2065 3805 3663 3878; baseline 0.002 -18"><span class='ocrx_word' id='word_1_790' title='bbox 2065 3806 2143 3876; x_wconf 75' lang='grc' dir='ltr'><strong>(Î™.</strong></span> <span class='ocrx_word' id='word_1_791' title='bbox 2179 3805 2305 3876; x_wconf 79' lang='lat' dir='ltr'><strong>Reg.</strong></span> <span class='ocrx_word' id='word_1_792' title='bbox 2336 3807 2424 3861; x_wconf 73' lang='grc' dir='ltr'><strong>Î·.</strong></span> <span class='ocrx_word' id='word_1_793' title='bbox 2450 3805 2539 3859; x_wconf 72' lang='grc'><strong>42.</strong></span> <span class='ocrx_word' id='word_1_794' title='bbox 2564 3807 2679 3877; x_wconf 74' lang='grc'><strong>45).</strong></span> <span class='ocrx_word' id='word_1_795' title='bbox 2708 3806 2877 3872; x_wconf 88' lang='lat' dir='ltr'><strong>Quem</strong></span> <span class='ocrx_word' id='word_1_796' title='bbox 2902 3822 3009 3861; x_wconf 91' lang='lat' dir='ltr'><strong>non</strong></span> <span class='ocrx_word' id='word_1_797' title='bbox 3034 3808 3337 3875; x_wconf 85' lang='lat' dir='ltr'><strong>flexissent,</strong></span> <span class='ocrx_word' id='word_1_798' title='bbox 3368 3824 3526 3878; x_wconf 86' lang='lat' dir='ltr'><strong>quem</strong></span> <span class='ocrx_word' id='word_1_799' title='bbox 3554 3823 3663 3863; x_wconf 89' lang='lat' dir='ltr'><strong>non</strong></span> 
     </span>
    </p>
   </div>
   <div class='ocr_carea' id='block_1_100' title="bbox 2066 3897 3662 3967">
    <p class='ocr_par' dir='ltr' id='par_1_100' title="bbox 2066 3897 3662 3967">
     <span class='ocr_line' id='line_1_100' title="bbox 2066 3897 3662 3967; baseline 0.003 -16"><span class='ocrx_word' id='word_1_800' title='bbox 2066 3898 2117 3951; x_wconf 92' lang='lat' dir='ltr'><strong>iu</strong></span> <span class='ocrx_word' id='word_1_801' title='bbox 2168 3897 2585 3952; x_wconf 87' lang='lat' dir='ltr'><strong>misericordiam</strong></span> <span class='ocrx_word' id='word_1_802' title='bbox 2642 3899 2876 3967; x_wconf 87' lang='lat' dir='ltr'><strong>egissent</strong></span> <span class='ocrx_word' id='word_1_803' title='bbox 2941 3898 3057 3954; x_wconf 64' lang='lat' dir='ltr'><strong>hate</strong></span> <span class='ocrx_word' id='word_1_804' title='bbox 3112 3900 3317 3954; x_wconf 84' lang='lat' dir='ltr'><strong>verba?</strong></span> <span class='ocrx_word' id='word_1_805' title='bbox 3370 3899 3662 3955; x_wconf 88' lang='lat' dir='ltr'><strong>Considera</strong></span> 
     </span>
    </p>
   </div>
   <div class='ocr_carea' id='block_1_101' title="bbox 2065 3991 3657 4059">
    <p class='ocr_par' dir='ltr' id='par_1_101' title="bbox 2065 3991 3657 4059">
     <span class='ocr_line' id='line_1_101' title="bbox 2065 3991 3657 4059; baseline 0.003 -18"><span class='ocrx_word' id='word_1_806' title='bbox 2065 3999 2320 4059; x_wconf 87' lang='lat' dir='ltr'><strong>quantum</strong></span> <span class='ocrx_word' id='word_1_807' title='bbox 2350 3991 2595 4059; x_wconf 66' lang='lat' dir='ltr'><strong>procella:</strong></span> <span class='ocrx_word' id='word_1_808' title='bbox 2621 3991 2814 4045; x_wconf 87' lang='lat' dir='ltr'><strong>deinde</strong></span> <span class='ocrx_word' id='word_1_809' title='bbox 2853 3991 2981 4046; x_wconf 78' lang='lat' dir='ltr'><strong>Saul</strong></span> <span class='ocrx_word' id='word_1_810' title='bbox 3023 3991 3273 4045; x_wconf 88' lang='lat' dir='ltr'><strong>sustinuit</strong></span> <span class='ocrx_word' id='word_1_811' title='bbox 3298 4033 3313 4055; x_wconf 89' lang='lat'><strong>,</strong></span> <span class='ocrx_word' id='word_1_812' title='bbox 3342 4006 3462 4045; x_wconf 90' lang='lat' dir='ltr'><strong>cum</strong></span> <span class='ocrx_word' id='word_1_813' title='bbox 3491 3991 3657 4059; x_wconf 89' lang='lat' dir='ltr'><strong>ipsius</strong></span> 
     </span>
    </p>
   </div>
   <div class='ocr_carea' id='block_1_102' title="bbox 2066 4082 3657 4152">
    <p class='ocr_par' dir='ltr' id='par_1_102' title="bbox 2066 4082 3657 4152">
     <span class='ocr_line' id='line_1_102' title="bbox 2066 4082 3657 4152; baseline 0.001 -18"><span class='ocrx_word' id='word_1_814' title='bbox 2066 4082 2269 4137; x_wconf 83' lang='lat' dir='ltr'><strong>viscera</strong></span> <span class='ocrx_word' id='word_1_815' title='bbox 2298 4082 2728 4151; x_wconf 88' lang='lat' dir='ltr'><strong>dirumpereulur</strong></span> <span class='ocrx_word' id='word_1_816' title='bbox 2753 4125 2765 4145; x_wconf 90' lang='lat'><strong>,</strong></span> <span class='ocrx_word' id='word_1_817' title='bbox 2792 4092 2849 4137; x_wconf 92' lang='lat' dir='ltr'><strong>et</strong></span> <span class='ocrx_word' id='word_1_818' title='bbox 2875 4083 3140 4152; x_wconf 90' lang='lat' dir='ltr'><strong>utrimque</strong></span> <span class='ocrx_word' id='word_1_819' title='bbox 3184 4083 3657 4152; x_wconf 87' lang='lat' dir='ltr'><strong>profundissimum</strong></span> 
     </span>
    </p>
   </div>
   <div class='ocr_carea' id='block_1_103' title="bbox 2065 4174 3658 4243">
    <p class='ocr_par' dir='ltr' id='par_1_103' title="bbox 2065 4174 3658 4243">
     <span class='ocr_line' id='line_1_103' title="bbox 2065 4174 3658 4243; baseline 0.003 -17"><span class='ocrx_word' id='word_1_820' title='bbox 2065 4183 2346 4243; x_wconf 88' lang='lat' dir='ltr'><strong>appareret</strong></span> <span class='ocrx_word' id='word_1_821' title='bbox 2368 4174 2751 4243; x_wconf 53' lang='lat' dir='ltr'><strong>praecipitium;</strong></span> <span class='ocrx_word' id='word_1_822' title='bbox 2802 4174 2896 4228; x_wconf 90' lang='lat' dir='ltr'><strong>sed</strong></span> <span class='ocrx_word' id='word_1_823' title='bbox 2927 4186 3101 4229; x_wconf 91' lang='lat' dir='ltr'><strong>tamen</strong></span> <span class='ocrx_word' id='word_1_824' title='bbox 3133 4190 3231 4229; x_wconf 89' lang='lat' dir='ltr'><strong>nec</strong></span> <span class='ocrx_word' id='word_1_825' title='bbox 3269 4175 3338 4228; x_wconf 91' lang='lat' dir='ltr'><strong>ita</strong></span> <span class='ocrx_word' id='word_1_826' title='bbox 3383 4184 3658 4231; x_wconf 87' lang='lat' dir='ltr'><strong>correctus</strong></span> 
     </span>
    </p>
   </div>
   <div class='ocr_carea' id='block_1_104' title="bbox 2064 4263 3659 4336">
    <p class='ocr_par' dir='ltr' id='par_1_104' title="bbox 2064 4263 3659 4336">
     <span class='ocr_line' id='line_1_104' title="bbox 2064 4263 3659 4336; baseline 0.001 -18"><span class='ocrx_word' id='word_1_827' title='bbox 2064 4274 2145 4318; x_wconf 90' lang='lat' dir='ltr'><strong>est</strong></span> <span class='ocrx_word' id='word_1_828' title='bbox 2167 4281 2179 4317; x_wconf 90' lang='lat'><strong>:</strong></span> <span class='ocrx_word' id='word_1_829' title='bbox 2204 4263 2296 4319; x_wconf 91' lang='lat' dir='ltr'><strong>sed</strong></span> <span class='ocrx_word' id='word_1_830' title='bbox 2321 4264 2445 4333; x_wconf 91' lang='lat' dir='ltr'><strong>quid</strong></span> <span class='ocrx_word' id='word_1_831' title='bbox 2472 4265 2585 4317; x_wconf 87' lang='lat' dir='ltr'><strong>ait?</strong></span> <span class='ocrx_word' id='word_1_832' title='bbox 2618 4263 2742 4318; x_wconf 74' lang='lat' dir='ltr'><strong>Htec</strong></span> <span class='ocrx_word' id='word_1_833' title='bbox 2771 4265 2927 4334; x_wconf 80' lang='lat' dir='ltr'><strong>faciat</strong></span> <span class='ocrx_word' id='word_1_834' title='bbox 2954 4266 3078 4318; x_wconf 81' lang='lat' dir='ltr'><strong>milii</strong></span> <span class='ocrx_word' id='word_1_835' title='bbox 3116 4263 3288 4330; x_wconf 85' lang='lat' dir='ltr'><strong>Deus,</strong></span> <span class='ocrx_word' id='word_1_836' title='bbox 3316 4276 3364 4319; x_wconf 89' lang='lat' dir='ltr'><strong>et</strong></span> <span class='ocrx_word' id='word_1_837' title='bbox 3392 4266 3504 4318; x_wconf 64' lang='lat' dir='ltr'><strong>haâ€™c</strong></span> <span class='ocrx_word' id='word_1_838' title='bbox 3522 4266 3659 4336; x_wconf 86' lang='lat' dir='ltr'><strong>adji-</strong></span> 
     </span>
    </p>
   </div>
   <div class='ocr_carea' id='block_1_105' title="bbox 2060 4355 3658 4427">
    <p class='ocr_par' dir='ltr' id='par_1_105' title="bbox 2060 4355 3658 4427">
     <span class='ocr_line' id='line_1_105' title="bbox 2060 4355 3658 4427; baseline 0.005 -21"><span class='ocrx_word' id='word_1_839' title='bbox 2060 4355 2160 4406; x_wconf 87' lang='lat' dir='ltr'><strong>ciat</strong></span> <span class='ocrx_word' id='word_1_840' title='bbox 2180 4395 2195 4419; x_wconf 95' lang='lat'><strong>,</strong></span> <span class='ocrx_word' id='word_1_841' title='bbox 2220 4356 2461 4423; x_wconf 87' lang='lat' dir='ltr'><strong>quoniam</strong></span> <span class='ocrx_word' id='word_1_842' title='bbox 2496 4367 2653 4408; x_wconf 90' lang='lat' dir='ltr'><strong>morte</strong></span> <span class='ocrx_word' id='word_1_843' title='bbox 2678 4356 2907 4410; x_wconf 85' lang='lat' dir='ltr'><strong>morieris</strong></span> <span class='ocrx_word' id='word_1_844' title='bbox 2941 4357 3090 4409; x_wconf 85' lang='lat' dir='ltr'><strong>hodie</strong></span> <span class='ocrx_word' id='word_1_845' title='bbox 3115 4357 3131 4425; x_wconf 95' lang='lat'><strong>(</strong></span> <span class='ocrx_word' id='word_1_846' title='bbox 3164 4355 3243 4409; x_wconf 84' lang='lat' dir='ltr'><strong>Ib.</strong></span> <span class='ocrx_word' id='word_1_847' title='bbox 3270 4378 3322 4414; x_wconf 70' lang='grc' dir='ltr'><strong>Î½.</strong></span> <span class='ocrx_word' id='word_1_848' title='bbox 3352 4358 3416 4410; x_wconf 70' lang='grc'><strong>44</strong></span> <span class='ocrx_word' id='word_1_849' title='bbox 3516 4357 3658 4415; x_wconf 83' lang='lat' dir='ltr'><strong>Ecce</strong></span> 
     </span>
    </p>
   </div>
   <div class='ocr_carea' id='block_1_106' title="bbox 2060 4445 3655 4515">
    <p class='ocr_par' dir='ltr' id='par_1_106' title="bbox 2060 4445 3655 4515">
     <span class='ocr_line' id='line_1_106' title="bbox 2060 4445 3655 4515; baseline 0.003 -18"><span class='ocrx_word' id='word_1_850' title='bbox 2060 4445 2271 4497; x_wconf 89' lang='lat' dir='ltr'><strong>tertium</strong></span> <span class='ocrx_word' id='word_1_851' title='bbox 2303 4461 2487 4498; x_wconf 83' lang='lat' dir='ltr'><strong>rursus</strong></span> <span class='ocrx_word' id='word_1_852' title='bbox 2512 4446 2874 4514; x_wconf 82' lang='lat' dir='ltr'><strong>jurantcntnm</strong></span> <span class='ocrx_word' id='word_1_853' title='bbox 2898 4488 2911 4511; x_wconf 95' lang='lat'><strong>,</strong></span> <span class='ocrx_word' id='word_1_854' title='bbox 2944 4462 3042 4500; x_wconf 90' lang='lat' dir='ltr'><strong>nec</strong></span> <span class='ocrx_word' id='word_1_855' title='bbox 3067 4448 3378 4515; x_wconf 90' lang='lat' dir='ltr'><strong>simpliciter</strong></span> <span class='ocrx_word' id='word_1_856' title='bbox 3403 4449 3655 4514; x_wconf 91' lang='lat' dir='ltr'><strong>tertium,</strong></span> 
     </span>
    </p>
   </div>
   <div class='ocr_carea' id='block_1_107' title="bbox 2056 4534 3649 4607">
    <p class='ocr_par' dir='ltr' id='par_1_107' title="bbox 2056 4534 3649 4607">
     <span class='ocr_line' id='line_1_107' title="bbox 2056 4534 3649 4607; baseline 0.005 -19"><span class='ocrx_word' id='word_1_857' title='bbox 2056 4534 2150 4589; x_wconf 89' lang='lat' dir='ltr'><strong>sed</strong></span> <span class='ocrx_word' id='word_1_858' title='bbox 2189 4536 2348 4589; x_wconf 91' lang='lat' dir='ltr'><strong>etiam</strong></span> <span class='ocrx_word' id='word_1_859' title='bbox 2387 4551 2505 4590; x_wconf 92' lang='lat' dir='ltr'><strong>cum</strong></span> <span class='ocrx_word' id='word_1_860' title='bbox 2546 4537 2709 4589; x_wconf 92' lang='lat' dir='ltr'><strong>multa</strong></span> <span class='ocrx_word' id='word_1_861' title='bbox 2751 4539 3006 4605; x_wconf 86' lang='lat' dir='ltr'><strong>temporis</strong></span> <span class='ocrx_word' id='word_1_862' title='bbox 3054 4540 3317 4607; x_wconf 87' lang='lat' dir='ltr'><strong>angustia.</strong></span> <span class='ocrx_word' id='word_1_863' title='bbox 3363 4539 3480 4595; x_wconf 77' lang='lat' dir='ltr'><strong>Non</strong></span> <span class='ocrx_word' id='word_1_864' title='bbox 3506 4543 3649 4596; x_wconf 91' lang='lat' dir='ltr'><strong>enim</strong></span> 
     </span>
    </p>
   </div>
   <div class='ocr_carea' id='block_1_108' title="bbox 2058 4626 3654 4696">
    <p class='ocr_par' dir='ltr' id='par_1_108' title="bbox 2058 4626 3654 4696">
     <span class='ocr_line' id='line_1_108' title="bbox 2058 4626 3654 4696; baseline 0.006 -17"><span class='ocrx_word' id='word_1_865' title='bbox 2058 4627 2369 4696; x_wconf 81' lang='lat' dir='ltr'><strong>simpliciter</strong></span> <span class='ocrx_word' id='word_1_866' title='bbox 2411 4628 2588 4695; x_wconf 88' lang='lat' dir='ltr'><strong>dixit,</strong></span> <span class='ocrx_word' id='word_1_867' title='bbox 2644 4626 2921 4682; x_wconf 81' lang='lat' dir='ltr'><strong>Morieris:</strong></span> <span class='ocrx_word' id='word_1_868' title='bbox 2960 4629 3053 4683; x_wconf 86' lang='lat' dir='ltr'><strong>sed</strong></span> <span class='ocrx_word' id='word_1_869' title='bbox 3103 4629 3289 4685; x_wconf 85' lang='lat' dir='ltr'><strong>llodic.</strong></span> <span class='ocrx_word' id='word_1_870' title='bbox 3343 4632 3654 4689; x_wconf 85' lang='lat' dir='ltr'><strong>Festiuabat</strong></span> 
     </span>
    </p>
   </div>
   <div class='ocr_carea' id='block_1_109' title="bbox 2056 4720 3646 4795">
    <p class='ocr_par' dir='ltr' id='par_1_109' title="bbox 2056 4720 3646 4795">
     <span class='ocr_line' id='line_1_109' title="bbox 2056 4720 3646 4795; baseline 0.004 -20"><span class='ocrx_word' id='word_1_871' title='bbox 2056 4722 2196 4775; x_wconf 89' lang='lat' dir='ltr'><strong>enim</strong></span> <span class='ocrx_word' id='word_1_872' title='bbox 2234 4720 2479 4775; x_wconf 78' lang='lat' dir='ltr'><strong>diabolus</strong></span> <span class='ocrx_word' id='word_1_873' title='bbox 2520 4723 2691 4789; x_wconf 85' lang='lat' dir='ltr'><strong>ipsum</strong></span> <span class='ocrx_word' id='word_1_874' title='bbox 2738 4722 2787 4775; x_wconf 92' lang='lat' dir='ltr'><strong>iu</strong></span> <span class='ocrx_word' id='word_1_875' title='bbox 2834 4722 2971 4775; x_wconf 91' lang='lat' dir='ltr'><strong>hanc</strong></span> <span class='ocrx_word' id='word_1_876' title='bbox 3006 4723 3222 4792; x_wconf 90' lang='lat' dir='ltr'><strong>impiam</strong></span> <span class='ocrx_word' id='word_1_877' title='bbox 3248 4740 3407 4795; x_wconf 89' lang='lat' dir='ltr'><strong>agere</strong></span> <span class='ocrx_word' id='word_1_878' title='bbox 3445 4726 3646 4781; x_wconf 78' lang='lat' dir='ltr'><strong>eadem</strong></span> 
     </span>
    </p>
   </div>
   <div class='ocr_carea' id='block_1_110' title="bbox 2058 4813 3647 4882">
    <p class='ocr_par' dir='ltr' id='par_1_110' title="bbox 2058 4813 3647 4882">
     <span class='ocr_line' id='line_1_110' title="bbox 2058 4813 3647 4882; baseline 0.003 -13"><span class='ocrx_word' id='word_1_879' title='bbox 2058 4824 2109 4869; x_wconf 94' lang='lat' dir='ltr'><strong>ct</strong></span> <span class='ocrx_word' id='word_1_880' title='bbox 2155 4814 2445 4882; x_wconf 83' lang='lat' dir='ltr'><strong>impellere.</strong></span> <span class='ocrx_word' id='word_1_881' title='bbox 2504 4813 2792 4881; x_wconf 83' lang='lat' dir='ltr'><strong>Propterea</strong></span> <span class='ocrx_word' id='word_1_882' title='bbox 2836 4828 2935 4867; x_wconf 89' lang='lat' dir='ltr'><strong>nec</strong></span> <span class='ocrx_word' id='word_1_883' title='bbox 2978 4818 3259 4870; x_wconf 67' lang='lat' dir='ltr'><strong>sententiae</strong></span> <span class='ocrx_word' id='word_1_884' title='bbox 3286 4828 3477 4871; x_wconf 88' lang='lat' dir='ltr'><strong>statum</strong></span> <span class='ocrx_word' id='word_1_885' title='bbox 3504 4818 3647 4873; x_wconf 90' lang='lat' dir='ltr'><strong>diem</strong></span> 
     </span>
    </p>
   </div>
   <div class='ocr_carea' id='block_1_111' title="bbox 2056 4906 3648 4975">
    <p class='ocr_par' dir='ltr' id='par_1_111' title="bbox 2056 4906 3648 4975">
     <span class='ocr_line' id='line_1_111' title="bbox 2056 4906 3648 4975; baseline 0.004 -17"><span class='ocrx_word' id='word_1_886' title='bbox 2056 4906 2310 4959; x_wconf 89' lang='lat' dir='ltr'><strong>adhibere</strong></span> <span class='ocrx_word' id='word_1_887' title='bbox 2354 4906 2641 4975; x_wconf 89' lang='lat' dir='ltr'><strong>permittit,</strong></span> <span class='ocrx_word' id='word_1_888' title='bbox 2673 4920 2739 4959; x_wconf 92' lang='lat' dir='ltr'><strong>ne</strong></span> <span class='ocrx_word' id='word_1_889' title='bbox 2764 4920 2866 4974; x_wconf 91' lang='lat' dir='ltr'><strong>qua</strong></span> <span class='ocrx_word' id='word_1_890' title='bbox 2915 4920 2983 4960; x_wconf 82' lang='lat' dir='ltr'><strong>ex</strong></span> <span class='ocrx_word' id='word_1_891' title='bbox 3011 4922 3163 4962; x_wconf 86' lang='lat' dir='ltr'><strong>mora</strong></span> <span class='ocrx_word' id='word_1_892' title='bbox 3195 4908 3317 4962; x_wconf 90' lang='lat' dir='ltr'><strong>mali</strong></span> <span class='ocrx_word' id='word_1_893' title='bbox 3354 4908 3441 4963; x_wconf 83' lang='lat' dir='ltr'><strong>ï¬at</strong></span> <span class='ocrx_word' id='word_1_894' title='bbox 3467 4924 3648 4964; x_wconf 81' lang='lat' dir='ltr'><strong>corrc-</strong></span> 
     </span>
    </p>
   </div>
   <div class='ocr_carea' id='block_1_112' title="bbox 2054 4998 3640 5071">
    <p class='ocr_par' dir='ltr' id='par_1_112' title="bbox 2054 4998 3640 5071">
     <span class='ocr_line' id='line_1_112' title="bbox 2054 4998 3640 5071; baseline 0.003 -20"><span class='ocrx_word' id='word_1_895' title='bbox 2054 5000 2181 5051; x_wconf 90' lang='lat' dir='ltr'><strong>ctio.</strong></span> <span class='ocrx_word' id='word_1_896' title='bbox 2214 4998 2430 5052; x_wconf 85' lang='lat' dir='ltr'><strong>Etdixit</strong></span> <span class='ocrx_word' id='word_1_897' title='bbox 2454 4998 2677 5068; x_wconf 89' lang='lat' dir='ltr'><strong>populus</strong></span> <span class='ocrx_word' id='word_1_898' title='bbox 2702 4998 2767 5051; x_wconf 87' lang='lat' dir='ltr'><strong>ad</strong></span> <span class='ocrx_word' id='word_1_899' title='bbox 2798 5000 2956 5053; x_wconf 75' lang='lat' dir='ltr'><strong>Saul:</strong></span> <span class='ocrx_word' id='word_1_900' title='bbox 2989 5000 3111 5055; x_wconf 70' lang='lat' dir='ltr'><strong>lla&#39;c</strong></span> <span class='ocrx_word' id='word_1_901' title='bbox 3131 5004 3285 5071; x_wconf 76' lang='lat' dir='ltr'><strong>faciat</strong></span> <span class='ocrx_word' id='word_1_902' title='bbox 3310 5003 3449 5055; x_wconf 81' lang='lat' dir='ltr'><strong>nobis</strong></span> <span class='ocrx_word' id='word_1_903' title='bbox 3480 5001 3640 5069; x_wconf 88' lang='lat' dir='ltr'><strong>Deus,</strong></span> 
     </span>
    </p>
   </div>
   <div class='ocr_carea' id='block_1_113' title="bbox 2053 5093 3639 5165">
    <p class='ocr_par' dir='ltr' id='par_1_113' title="bbox 2053 5093 3639 5165">
     <span class='ocr_line' id='line_1_113' title="bbox 2053 5093 3639 5165; baseline 0.003 -22"><span class='ocrx_word' id='word_1_904' title='bbox 2053 5103 2100 5145; x_wconf 82' lang='lat' dir='ltr'><strong>et</strong></span> <span class='ocrx_word' id='word_1_905' title='bbox 2147 5095 2253 5145; x_wconf 77' lang='lat' dir='ltr'><strong>lure</strong></span> <span class='ocrx_word' id='word_1_906' title='bbox 2293 5094 2535 5160; x_wconf 81' lang='lat' dir='ltr'><strong>adjiciat,</strong></span> <span class='ocrx_word' id='word_1_907' title='bbox 2564 5093 2606 5144; x_wconf 90' lang='lat' dir='ltr'><strong>si</strong></span> <span class='ocrx_word' id='word_1_908' title='bbox 2639 5102 2796 5145; x_wconf 83' lang='lat' dir='ltr'><strong>morte</strong></span> <span class='ocrx_word' id='word_1_909' title='bbox 2838 5096 3079 5148; x_wconf 83' lang='lat' dir='ltr'><strong>morietur</strong></span> <span class='ocrx_word' id='word_1_910' title='bbox 3111 5136 3125 5159; x_wconf 92' lang='lat'><strong>,</strong></span> <span class='ocrx_word' id='word_1_911' title='bbox 3176 5098 3260 5165; x_wconf 89' lang='lat' dir='ltr'><strong>qui</strong></span> <span class='ocrx_word' id='word_1_912' title='bbox 3284 5096 3398 5165; x_wconf 74' lang='lat' dir='ltr'><strong>fecit</strong></span> <span class='ocrx_word' id='word_1_913' title='bbox 3425 5096 3639 5148; x_wconf 86' lang='lat' dir='ltr'><strong>salutem</strong></span> 
     </span>
    </p>
   </div>
   <div class='ocr_carea' id='block_1_114' title="bbox 2055 5182 3645 5254">
    <p class='ocr_par' dir='ltr' id='par_1_114' title="bbox 2055 5182 3645 5254">
     <span class='ocr_line' id='line_1_114' title="bbox 2055 5182 3645 5254; baseline 0.003 -19"><span class='ocrx_word' id='word_1_914' title='bbox 2055 5201 2290 5254; x_wconf 87' lang='lat' dir='ltr'><strong>magnam</strong></span> <span class='ocrx_word' id='word_1_915' title='bbox 2322 5183 2507 5239; x_wconf 84' lang='lat' dir='ltr'><strong>Israel.</strong></span> <span class='ocrx_word' id='word_1_916' title='bbox 2560 5184 2690 5238; x_wconf 84' lang='lat' dir='ltr'><strong>Vivit</strong></span> <span class='ocrx_word' id='word_1_917' title='bbox 2735 5182 2988 5240; x_wconf 84' lang='lat' dir='ltr'><strong>Dominus</strong></span> <span class='ocrx_word' id='word_1_918' title='bbox 3020 5228 3032 5250; x_wconf 95' lang='lat'><strong>,</strong></span> <span class='ocrx_word' id='word_1_919' title='bbox 3081 5188 3125 5240; x_wconf 89' lang='lat' dir='ltr'><strong>si</strong></span> <span class='ocrx_word' id='word_1_920' title='bbox 3154 5188 3295 5239; x_wconf 84' lang='lat' dir='ltr'><strong>cadet</strong></span> <span class='ocrx_word' id='word_1_921' title='bbox 3337 5187 3552 5254; x_wconf 79' lang='lat' dir='ltr'><strong>capillus</strong></span> <span class='ocrx_word' id='word_1_922' title='bbox 3581 5188 3645 5239; x_wconf 83' lang='lat' dir='ltr'><strong>de</strong></span> 
     </span>
    </p>
   </div>
   <div class='ocr_carea' id='block_1_115' title="bbox 2052 5275 3645 5346">
    <p class='ocr_par' dir='ltr' id='par_1_115' title="bbox 2052 5275 3645 5346">
     <span class='ocr_line' id='line_1_115' title="bbox 2052 5275 3645 5346; baseline 0.003 -19"><span class='ocrx_word' id='word_1_923' title='bbox 2052 5277 2215 5344; x_wconf 85' lang='lat' dir='ltr'><strong>capite</strong></span> <span class='ocrx_word' id='word_1_924' title='bbox 2230 5279 2339 5346; x_wconf 86' lang='lat' dir='ltr'><strong>ejus</strong></span> <span class='ocrx_word' id='word_1_925' title='bbox 2357 5278 2408 5329; x_wconf 86' lang='lat' dir='ltr'><strong>in</strong></span> <span class='ocrx_word' id='word_1_926' title='bbox 2439 5288 2644 5342; x_wconf 88' lang='lat' dir='ltr'><strong>terram,</strong></span> <span class='ocrx_word' id='word_1_927' title='bbox 2669 5276 2785 5346; x_wconf 90' lang='lat' dir='ltr'><strong>quia</strong></span> <span class='ocrx_word' id='word_1_928' title='bbox 2804 5277 3198 5331; x_wconf 81' lang='lat' dir='ltr'><strong>misericordium</strong></span> <span class='ocrx_word' id='word_1_929' title='bbox 3214 5275 3311 5328; x_wconf 87' lang='lat' dir='ltr'><strong>Dei</strong></span> <span class='ocrx_word' id='word_1_930' title='bbox 3336 5276 3454 5345; x_wconf 81' lang='lat' dir='ltr'><strong>fecit</strong></span> <span class='ocrx_word' id='word_1_931' title='bbox 3485 5277 3538 5331; x_wconf 90' lang='lat' dir='ltr'><strong>in</strong></span> <span class='ocrx_word' id='word_1_932' title='bbox 3562 5278 3645 5333; x_wconf 76' lang='lat' dir='ltr'><strong>die</strong></span> 
     </span>
    </p>
   </div>
   <div class='ocr_carea' id='block_1_116' title="bbox 2054 5366 3640 5439">
    <p class='ocr_par' dir='ltr' id='par_1_116' title="bbox 2054 5366 3640 5439">
     <span class='ocr_line' id='line_1_116' title="bbox 2054 5366 3640 5439; baseline 0.004 -20"><span class='ocrx_word' id='word_1_933' title='bbox 2054 5368 2147 5420; x_wconf 82' lang='lat' dir='ltr'><strong>hac</strong></span> <span class='ocrx_word' id='word_1_934' title='bbox 2177 5366 2336 5438; x_wconf 85' lang='lat' dir='ltr'><strong>(Ibid.</strong></span> <span class='ocrx_word' id='word_1_935' title='bbox 2370 5391 2417 5422; x_wconf 74' lang='grc' dir='ltr'><strong>Î³.</strong></span> <span class='ocrx_word' id='word_1_936' title='bbox 2446 5368 2561 5438; x_wconf 70' lang='grc'><strong>45).</strong></span> <span class='ocrx_word' id='word_1_937' title='bbox 2594 5369 2735 5424; x_wconf 84' lang='lat' dir='ltr'><strong>Ecce</strong></span> <span class='ocrx_word' id='word_1_938' title='bbox 2760 5376 2813 5425; x_wconf 89' lang='lat' dir='ltr'><strong>et</strong></span> <span class='ocrx_word' id='word_1_939' title='bbox 2853 5370 3074 5439; x_wconf 86' lang='lat' dir='ltr'><strong>pepnlus</strong></span> <span class='ocrx_word' id='word_1_940' title='bbox 3101 5369 3393 5422; x_wconf 88' lang='lat' dir='ltr'><strong>secundum</strong></span> <span class='ocrx_word' id='word_1_941' title='bbox 3418 5368 3640 5439; x_wconf 83' lang='lat' dir='ltr'><strong>juravit,</strong></span> 
     </span>
    </p>
   </div>
   <div class='ocr_carea' id='block_1_117' title="bbox 2052 5462 3640 5532">
    <p class='ocr_par' dir='ltr' id='par_1_117' title="bbox 2052 5462 3640 5532">
     <span class='ocr_line' id='line_1_117' title="bbox 2052 5462 3640 5532; baseline 0.003 -18"><span class='ocrx_word' id='word_1_942' title='bbox 2052 5470 2105 5514; x_wconf 92' lang='lat' dir='ltr'><strong>et</strong></span> <span class='ocrx_word' id='word_1_943' title='bbox 2137 5462 2246 5531; x_wconf 88' lang='lat' dir='ltr'><strong>regi</strong></span> <span class='ocrx_word' id='word_1_944' title='bbox 2283 5464 2611 5516; x_wconf 90' lang='lat' dir='ltr'><strong>contrarium</strong></span> <span class='ocrx_word' id='word_1_945' title='bbox 2635 5463 2851 5532; x_wconf 86' lang='lat' dir='ltr'><strong>juravit.</strong></span> <span class='ocrx_word' id='word_1_946' title='bbox 2903 5463 3051 5516; x_wconf 86' lang='lat' dir='ltr'><strong>Nunc</strong></span> <span class='ocrx_word' id='word_1_947' title='bbox 3076 5462 3206 5516; x_wconf 87' lang='lat' dir='ltr'><strong>mihi</strong></span> <span class='ocrx_word' id='word_1_948' title='bbox 3235 5464 3640 5519; x_wconf 88' lang='lat' dir='ltr'><strong>reminiscimini</strong></span> 
     </span>
    </p>
   </div>
   <div class='ocr_carea' id='block_1_118' title="bbox 2052 5552 3639 5626">
    <p class='ocr_par' dir='ltr' id='par_1_118' title="bbox 2052 5552 3639 5626">
     <span class='ocr_line' id='line_1_118' title="bbox 2052 5552 3639 5626; baseline 0.003 -21"><span class='ocrx_word' id='word_1_949' title='bbox 2052 5552 2342 5607; x_wconf 90' lang='lat' dir='ltr'><strong>funiculum</strong></span> <span class='ocrx_word' id='word_1_950' title='bbox 2362 5570 2391 5606; x_wconf 91' lang='lat' dir='ltr'><strong>a</strong></span> <span class='ocrx_word' id='word_1_951' title='bbox 2424 5554 2658 5623; x_wconf 87' lang='lat' dir='ltr'><strong>puerulis</strong></span> <span class='ocrx_word' id='word_1_952' title='bbox 2686 5564 2908 5609; x_wconf 89' lang='lat' dir='ltr'><strong>tractum</strong></span> <span class='ocrx_word' id='word_1_953' title='bbox 2938 5598 2954 5621; x_wconf 93' lang='lat'><strong>,</strong></span> <span class='ocrx_word' id='word_1_954' title='bbox 2994 5564 3049 5611; x_wconf 92' lang='lat' dir='ltr'><strong>et</strong></span> <span class='ocrx_word' id='word_1_955' title='bbox 3089 5555 3384 5626; x_wconf 91' lang='lat' dir='ltr'><strong>disruptum</strong></span> <span class='ocrx_word' id='word_1_956' title='bbox 3409 5597 3426 5623; x_wconf 96' lang='lat'><strong>,</strong></span> <span class='ocrx_word' id='word_1_957' title='bbox 3452 5566 3507 5612; x_wconf 91' lang='lat' dir='ltr'><strong>et</strong></span> <span class='ocrx_word' id='word_1_958' title='bbox 3533 5567 3639 5610; x_wconf 90' lang='lat' dir='ltr'><strong>tra-</strong></span> 
     </span>
    </p>
   </div>
   <div class='ocr_carea' id='block_1_119' title="bbox 2117 5666 3639 5728">
    <p class='ocr_par' dir='ltr' id='par_1_119' title="bbox 2117 5666 3639 5728">
     <span class='ocr_line' id='line_1_119' title="bbox 2117 5666 3639 5728; baseline 0.003 -13"><span class='ocrx_word' id='word_1_959' title='bbox 2117 5668 2133 5697; x_wconf 80' lang='grc'>Â¹</span> <span class='ocrx_word' id='word_1_960' title='bbox 2168 5668 2416 5715; x_wconf 86' lang='lat' dir='ltr'><strong>sententia</strong></span> <span class='ocrx_word' id='word_1_961' title='bbox 2462 5667 2745 5728; x_wconf 89' lang='lat' dir='ltr'><strong>imperfecta</strong></span> <span class='ocrx_word' id='word_1_962' title='bbox 2778 5667 2969 5719; x_wconf 84' lang='lat' dir='ltr'><strong>videtur</strong></span> <span class='ocrx_word' id='word_1_963' title='bbox 3011 5666 3374 5718; x_wconf 77' lang='lat' dir='ltr'><strong>Itontefaleonio</strong></span> <span class='ocrx_word' id='word_1_964' title='bbox 3395 5682 3471 5718; x_wconf 87' lang='lat' dir='ltr'><strong>cm</strong></span> <span class='ocrx_word' id='word_1_965' title='bbox 3494 5670 3639 5720; x_wconf 84' lang='lat' dir='ltr'><strong>mini-</strong></span> 
     </span>
    </p>
   </div>
   <div class='ocr_carea' id='block_1_120' title="bbox 2046 5728 3541 5792">
    <p class='ocr_par' dir='ltr' id='par_1_120' title="bbox 2046 5728 3541 5792">
     <span class='ocr_line' id='line_1_120' title="bbox 2046 5728 3541 5792; baseline 0.003 -17"><span class='ocrx_word' id='word_1_966' title='bbox 2046 5740 2127 5776; x_wconf 90' lang='lat' dir='ltr'><strong>me</strong></span> <span class='ocrx_word' id='word_1_967' title='bbox 2148 5728 2458 5792; x_wconf 61' lang='lat' dir='ltr'><strong>assentimus.</strong></span> <span class='ocrx_word' id='word_1_968' title='bbox 2484 5736 2723 5792; x_wconf 66' lang='grc' dir='ltr'><strong>(á¿–Ï‰Î¹ÏÎ³Î¹Î¹Î·Î¹</strong></span> <span class='ocrx_word' id='word_1_969' title='bbox 2742 5733 2903 5779; x_wconf 87' lang='lat' dir='ltr'><strong>omnia</strong></span> <span class='ocrx_word' id='word_1_970' title='bbox 2930 5729 3228 5792; x_wconf 84' lang='lat' dir='ltr'><strong>exemplaria</strong></span> <span class='ocrx_word' id='word_1_971' title='bbox 3249 5732 3319 5780; x_wconf 88' lang='lat' dir='ltr'><strong>sic</strong></span> <span class='ocrx_word' id='word_1_972' title='bbox 3341 5730 3541 5781; x_wconf 84' lang='lat' dir='ltr'><strong>habent.</strong></span> 
     </span>
    </p>
   </div>
   <div class='ocr_carea' id='block_1_121' title="bbox 2110 5788 3290 5849">
    <p class='ocr_par' dir='ltr' id='par_1_121' title="bbox 2110 5788 3290 5849">
     <span class='ocr_line' id='line_1_121' title="bbox 2110 5788 3290 5849; baseline 0.005 -14"><span class='ocrx_word' id='word_1_973' title='bbox 2110 5792 2129 5820; x_wconf 71' lang='grc'>Â³</span> <span class='ocrx_word' id='word_1_974' title='bbox 2167 5788 2252 5837; x_wconf 80' lang='lat' dir='ltr'><strong>Alii</strong></span> <span class='ocrx_word' id='word_1_975' title='bbox 2277 5802 2371 5837; x_wconf 90' lang='lat' dir='ltr'><strong>uuo</strong></span> <span class='ocrx_word' id='word_1_976' title='bbox 2398 5792 2567 5849; x_wconf 81' lang='lat' dir='ltr'><strong>verbo,</strong></span> <span class='ocrx_word' id='word_1_977' title='bbox 2595 5788 2851 5843; x_wconf 78' lang='lat' dir='ltr'><strong>laâ€™tubutur</strong></span> <span class='ocrx_word' id='word_1_978' title='bbox 2874 5788 3094 5842; x_wconf 72' lang='lat' dir='ltr'><strong>omnibus</strong></span> <span class='ocrx_word' id='word_1_979' title='bbox 3111 5791 3290 5841; x_wconf 64' lang='lat' dir='ltr'><strong>anxiis.</strong></span> 
     </span>
    </p>
   </div>
   <div class='ocr_carea' id='block_1_122' title="bbox 2113 5851 3629 5920">
    <p class='ocr_par' dir='ltr' id='par_1_122' title="bbox 2113 5851 3629 5920">
     <span class='ocr_line' id='line_1_122' title="bbox 2113 5851 3629 5920; baseline 0.002 -22"><span class='ocrx_word' id='word_1_980' title='bbox 2113 5851 2133 5883; x_wconf 85' lang='grc'>Â³</span> <span class='ocrx_word' id='word_1_981' title='bbox 2166 5857 2229 5900; x_wconf 86' lang='lat' dir='ltr'><strong>tta</strong></span> <span class='ocrx_word' id='word_1_982' title='bbox 2246 5861 2348 5900; x_wconf 62' lang='lat' dir='ltr'><strong>sar.</strong></span> <span class='ocrx_word' id='word_1_983' title='bbox 2377 5860 2427 5902; x_wconf 87' lang='lat' dir='ltr'><strong>et</strong></span> <span class='ocrx_word' id='word_1_984' title='bbox 2450 5855 2657 5904; x_wconf 75' lang='lat' dir='ltr'><strong>niaxiuia</strong></span> <span class='ocrx_word' id='word_1_985' title='bbox 2681 5867 2791 5919; x_wconf 85' lang='lat' dir='ltr'><strong>pars</strong></span> <span class='ocrx_word' id='word_1_986' title='bbox 2811 5864 2911 5903; x_wconf 75' lang='lat' dir='ltr'><strong>MSS.</strong></span> <span class='ocrx_word' id='word_1_987' title='bbox 2932 5854 3077 5905; x_wconf 75' lang='lat' dir='ltr'><strong>Morel</strong></span> <span class='ocrx_word' id='word_1_988' title='bbox 3094 5866 3213 5904; x_wconf 86' lang='lat' dir='ltr'><strong>vero</strong></span> <span class='ocrx_word' id='word_1_989' title='bbox 3236 5868 3249 5903; x_wconf 89' lang='lat'><strong>:</strong></span> <span class='ocrx_word' id='word_1_990' title='bbox 3269 5852 3629 5920; x_wconf 68' lang='lat' dir='ltr'><strong>exiguummet.</strong></span> 
     </span>
    </p>
   </div>
  </div>
