4452 6722
715 517 805 574 151

713 634 904 687 hentes
930 631 1153 703 supinos
1179 629 1564 702 proiicientem.
1589 627 1798 683 Juravit
1821 627 1949 683 Saul
1977 641 2085 682 non
2110 623 2302 692 semel,

717 739 892 794 neque
912 723 996 778 bis
1014 767 1030 792 ,
1060 723 1154 779 sed
1179 732 1232 778 et
1260 721 1482 790 smpius:
1513 721 1781 774 contraria
1802 719 1999 790 iuravit
2028 717 2259 787 populus
2292 757 2309 781 ,

715 825 770 869 et
791 815 902 886 iam
923 813 1296 871 contendebat.
1325 811 1555 867 Necesse
1577 809 1686 879 iam
1709 813 1928 864 omnino
1949 808 2312 877 iuramentnm

719 908 891 962 scindi
921 926 933 960 :
968 922 1086 961 nam
1134 914 1232 958 nos
1260 918 1447 959 omnes
1475 918 1600 956 vere
1623 905 1834 972 iurasse
1853 909 1936 956 est
1961 898 2309 968 impossibile.

794 997 1211 1052 Juramentornm
1239 996 1426 1048 damna
1453 993 1633 1047 multa.
1656 1025 1728 1034 —
1757 993 1863 1047 Nec
1887 991 2014 1046 mihi
2045 990 2122 1044 rei
2149 1004 2314 1044 even-

725 1095 834 1141 tum
864 1087 1031 1150 dicas,
1060 1085 1154 1140 sed
1184 1086 1377 1155 cogita,
1407 1093 1536 1153 quot
1564 1085 1699 1137 mala
1731 1083 2103 1142 nascebantur,
2127 1089 2181 1132 et
2207 1087 2317 1131 tra-

729 1176 952 1247 gtediam
992 1185 1046 1230 et
1072 1174 1408 1246 tyrannidem
1433 1175 1675 1229 venturis
1705 1189 1798 1242 per
1824 1171 2076 1225 Absalum
2115 1170 2320 1223 similes

730 1270 853 1324 hinc
892 1269 1134 1323 diabolus
1177 1267 1438 1322 struebat.
1467 1268 1522 1323 Si
1556 1267 1697 1321 enim
1743 1265 2000 1319 voluisset
2043 1277 2137 1317 rex
2181 1261 2318 1316 resi-

726 1372 871 1416 stere
907 1371 961 1416 et
997 1361 1062 1415 ad
1096 1361 1458 1430 juramentum
1501 1359 1811 1430 procedere,
1855 1366 1997 1410 totus
2037 1357 2325 1410 restitisset

729 1454 978 1523 populus,
1031 1461 1084 1508 et
1115 1453 1355 1523 tyrannis
1401 1451 1765 1506 crudelissima
1804 1447 1940 1502 facta
1993 1449 2180 1502 fuisset
2218 1465 2232 1499 :
2270 1453 2326 1500 et

733 1561 944 1599 rursum
988 1547 1034 1600 si
1075 1546 1332 1599 voluisset
1375 1544 1513 1598 filius
1554 1542 1782 1611 propria:
1827 1543 2118 1596 consulens
2165 1540 2322 1594 saluti

731 1635 972 1705 seipsum
995 1637 1252 1691 exercitui
1276 1634 1492 1698 dedere,
1518 1633 1785 1702 parricida
1810 1635 1986 1689 statim
2013 1633 2320 1688 exstitisset.

734 1724 898 1780 Vides
923 1734 978 1780 et
1009 1725 1358 1796 tyrannidem.
1387 1734 1441 1778 et
1470 1725 1562 1778 filii
1585 1723 1810 1790 ca‘dem,
1833 1734 1886 1779 et
1907 1723 2245 1793 parricidium
2271 1730 2327 1775 ct

733 1815 929 1870 bellum
960 1816 1135 1879 civile,
1167 1825 1221 1869 et
1243 1831 1496 1886 pugnam,
1524 1823 1579 1870 et
1601 1815 1978 1885 jugulationes,
2007 1822 2061 1867 et
2083 1827 2323 1878 cruores,

735 1914 791 1960 et
835 1905 1038 1960 infinita
1085 1906 1346 1961 cadavera
1391 1923 1456 1960 ex
1497 1921 1603 1960 uno
1649 1914 1854 1975 patrata
1893 1906 2220 1974 iuramento.
2271 1905 2328 1960 Si

739 2010 972 2064 namque
1014 1996 1213 2050 bellum
1261 1997 1372 2050 fieri
1415 1997 1728 2061 accidisset,
1761 2005 1816 2050 et
1854 1996 1980 2050 Saul
2016 1995 2239 2050 forsitan
2278 2004 2333 2050 et

741 2083 1000 2140 Jonathas
1035 2085 1304 2154 iugulatus
1335 2087 1550 2149 fuisset,
1579 2096 1634 2140 et
1663 2086 1815 2141 multi
1843 2087 2070 2141 militum
2109 2088 2335 2141 fuissent

744 2176 1033 2229 trucidati:
1079 2184 1134 2230 ct
1182 2176 1312 2230 nulli
1357 2177 1435 2231 sic
1472 2177 1834 2245 juramentum
1878 2178 2015 2233 bene
2059 2181 2331 2234 cessisset.

739 2263 920 2336 Itaque
959 2283 1026 2321 ne
1051 2268 1363 2323 consideres
1399 2269 1520 2333 hoc,
1543 2270 1684 2338 quod
1735 2287 1840 2323 non
1881 2271 1950 2323 ita
1999 2271 2195 2324 factmn
2226 2272 2331 2334 sit;

741 2359 836 2414 sed
865 2359 994 2414 illttd
1022 2361 1302 2416 considera
1325 2402 1339 2425 ,
1379 2361 1517 2427 quod
1550 2363 1622 2415 rei
1653 2371 1840 2415 natura
1872 2364 1984 2415 ha-c
2029 2363 2140 2415 fieri
2170 2377 2333 2430 coge-

743 2450 835 2505 bat
879 2468 892 2503 :
941 2452 1167 2520 populus
1214 2461 1390 2504 autem
1435 2452 1577 2504 vicit.
1629 2453 1741 2519 Age
1788 2452 1948 2520 igitur
1993 2465 2335 2504 numeremus

742 2541 1027 2596 commissa
1068 2541 1322 2611 periuria.
1365 2542 1704 2596 Temeratum
1762 2553 1843 2596 est
1886 2544 2115 2611 primqu
2160 2543 2337 2597 Sat‘tlis

739 2631 1101 2701 iuramentum
1141 2648 1172 2686 a
1217 2633 1325 2686 tilio
1370 2651 1383 2686 :
1426 2634 1718 2687 secundum
1762 2650 1982 2701 rursus,
2028 2643 2080 2688 et
2123 2636 2338 2688 tertium

747 2724 919 2792 ipsius
947 2723 1120 2778 Saulis
1143 2724 1210 2778 de
1255 2724 1344 2777 filii
1373 2724 1555 2778 cmde:
1589 2733 1644 2778 et
1668 2727 1814 2779 visus
1845 2734 1926 2779 est
1958 2728 2184 2794 populus
2217 2742 2341 2780 vere

741 2816 989 2885 iurasse;
1019 2816 1114 2870 sed
1149 2817 1193 2870 si
1233 2817 1351 2885 quis
1377 2817 1660 2886 diligenter
1703 2834 1814 2872 rem
1862 2820 2156 2882 examinet,
2193 2829 2247 2873 et
2285 2818 2341 2872 hi

749 2919 937 2958 rursus
961 2919 1150 2960 Omnes
1177 2906 1397 2974 periurii
1435 2907 1751 2962 criminibus
1781 2908 1999 2961 obnoxii
2040 2908 2163 2962 facti
2194 2919 2340 2963 sunt.

747 2993 920 3062 Ipsius
940 2996 1082 3049 enim
1099 2995 1345 3050 Jonatlue
1368 3007 1571 3065 patrem
1595 2999 1840 3066 pejerare
1862 3007 2174 3067 coegerunt,
2205 3001 2340 3069 patri

752 3085 920 3139 ﬁlium
953 3103 1058 3141 non
1103 3087 1382 3142 dedentes.
1429 3088 1592 3143 Vides
1629 3100 1759 3158 quot
1805 3088 2052 3145 homines
2097 3099 2207 3144 tum
2252 3107 2344 3144 vo-

748 3177 960 3242 lentes,
1013 3187 1123 3232 tum
1167 3181 1361 3234 invitos
1409 3180 1644 3250 periurio
1689 3182 1951 3237 obnoxios
2005 3199 2167 3237 unum
2223 3183 2345 3237 fecit

747 3269 1154 3338 juramentum?
1188 3280 1320 3341 quot
1365 3273 1504 3325 mala
1544 3273 1787 3328 molitum
1840 3283 1956 3340 est,
2002 3283 2131 3344 quot
2168 3274 2346 3330 caedes

753 3359 986 3429 patravit
1008 3361 1022 3414 !

826 3450 880 3505 6.
911 3449 1171 3520 Equidem
1206 3453 1523 3509 sermonem
1557 3455 1819 3524 incipiens
1864 3456 2083 3524 promisi
2129 3471 2217 3510 me
2254 3456 2349 3510 de-

757 3553 1173 3598 monstraturum
1207 3547 1260 3600 in
1287 3548 1570 3601 contrariis
1601 3548 1922 3616 iuramentis
1960 3551 2184 3603 omnino
2232 3565 2353 3617 per-

750 3637 950 3706 iuriuru
976 3639 1140 3699 nasci,
1166 3637 1384 3692 historia
1405 3655 1535 3694 vero
1557 3655 1834 3710 progressa
1861 3643 2029 3695 multo
2052 3642 2169 3711 plus
2193 3657 2351 3711 quam

759 3728 996 3782 conabar
1037 3728 1430 3784 demonstravit
1463 3748 1475 3782 :
1508 3747 1614 3784 non
1656 3733 1798 3786 enim
1826 3748 1987 3786 unum
2025 3741 2079 3786 et
2122 3732 2258 3786 duos
2299 3743 2352 3786 et

758 3827 869 3873 tres
900 3820 1145 3874 homines
1165 3859 1180 3882 ,
1211 3820 1304 3875 sed
1334 3821 1607 3891 populum,
1654 3837 1759 3875 non
1790 3839 1952 3876 tmtnn
2000 3831 2054 3876 et
2085 3823 2213 3889 tria,
2256 3822 2352 3877 sed

759 3911 927 3965 multo
955 3910 1105 3980 plura
1140 3911 1442 3982 iuramenta
1472 3922 1728 3968 temerata
1764 3913 2020 3968 exhibuit.
2052 3913 2268 3968 Lieebat
2299 3923 2352 3968 et

757 4000 915 4054 aliam
945 4017 1162 4057 narrare
1190 4003 1490 4070 historiam,
1517 4013 1572 4058 et
1593 4020 1659 4059 ex
1693 4004 1779 4057 illa
1823 4004 2194 4058 demonstrare
2235 4020 2356 4074 gra-

761 4093 965 4148 viorem
1013 4094 1113 4148 hac
1153 4103 1210 4150 et
1255 4095 1514 4164 majorem
1557 4096 1916 4150 calamitatem
1963 4111 2123 4149 unum
2167 4095 2358 4151 fecisse

761 4187 1150 4256 juramentum.
1185 4186 1396 4243 Etenim
1427 4188 1704 4243 civitatum
1735 4197 1788 4243 et
1833 4189 2116 4243 mulierum
2147 4197 2199 4243 et
2228 4204 2356 4258 pue-

764 4277 1004 4332 rulorum
1030 4279 1370 4348 captivitate,
1409 4288 1464 4333 et
1502 4278 1782 4346 incendio,
1815 4289 1870 4335 et
1895 4280 2244 4334 barbarorum
2275 4281 2356 4334 in-

763 4370 981 4425 vasione
999 4412 1014 4435 ,
1041 4379 1097 4426 et
1120 4381 1427 4426 sanctorum
1461 4371 1758 4440 pollutione
1777 4411 1794 4437 ,
1839 4379 1894 4425 et
1923 4371 2216 4424 innumeris
2242 4369 2360 4424 aliis

761 4465 1095 4534 gravioribus
1123 4466 1277 4520 malis
1309 4465 1526 4519 Judteos
1555 4463 1733 4517 affecit
1771 4479 1934 4518 unum
1963 4477 2153 4517 omnes
2186 4461 2359 4532 jusju-

766 4555 1014 4610 randum.
1041 4557 1146 4610 Sed
1175 4557 1228 4609 in
1272 4556 1492 4625 longum
1528 4569 1833 4608 sermonem
1867 4553 2110 4622 protendi
2152 4552 2306 4607 video
2345 4569 2359 4608 :

767 4661 1052 4720 pr0pterea
1081 4649 1319 4704 historia:
1351 4647 1509 4716 hujus
1530 4649 1890 4701 narrationem
1921 4647 2008 4700 hic
2032 4645 2315 4699 absolvens
2340 4687 2355 4710 ,

767 4757 886 4798 cum
913 4742 1135 4796 Joannis
1158 4741 1335 4810 capite
1359 4737 1605 4793 Jonatha:
1630 4737 1851 4801 caedem,
1875 4747 1928 4791 et
1952 4737 2238 4805 perniciem
2269 4751 2359 4805 ge-

768 4835 1001 4888 neralem
1045 4835 1208 4887 totius
1234 4831 1414 4902 populi
1461 4830 1586 4885 licet
1617 4844 1721 4882 non
1763 4828 2081 4891 admissam,
2111 4830 2178 4881 de
2209 4828 2360 4897 jura-

770 4935 1070 4979 mentorum
1099 4933 1276 4977 tamen
1304 4922 1624 4977 necessitate
1653 4920 2075 4989 provenientem,
2107 4920 2244 4972 inter
2271 4932 2366 4971 vos

769 5028 1195 5068 commemorare
1225 5013 1498 5077 exhortor,
1522 5020 1576 5066 et
1602 5010 1770 5073 domi,
1802 5019 1856 5064 et
1891 5010 1943 5063 in
1980 5010 2115 5075 foro,
2144 5018 2197 5062 et
2223 5007 2364 5077 apud

770 5108 1046 5174 eoiijuges.
1080 5114 1135 5158 et
1178 5104 1316 5172 apud
1361 5105 1593 5168 amicos,
1620 5110 1674 5156 et
1703 5100 1842 5172 apud
1885 5101 2091 5155 vicinos
2112 5143 2125 5165 ,
2150 5107 2205 5154 et
2227 5099 2365 5170 apud

773 5213 964 5253 omnes
982 5197 1306 5268 generaliter
1329 5195 1484 5263 hujus
1501 5196 1577 5249 rei
1608 5210 1791 5249 curam
1809 5209 1995 5265 gerere
2022 5211 2034 5246 :
2063 5209 2160 5248 nec
2178 5203 2366 5261 putare

777 5290 1022 5344 idoneam
1059 5302 1180 5343 esse
1220 5288 1375 5342 nobis
1403 5286 1768 5343 defensionem
1788 5328 1802 5351 ,
1849 5287 1892 5341 si
1923 5286 2365 5341 consuetudinem

776 5382 1190 5451 prmteudamus.
1218 5379 1374 5448 Quod
1410 5380 1551 5434 enim
1575 5381 1849 5436 excusatio
1883 5381 1998 5433 haec
2038 5381 2106 5432 sit
2147 5389 2200 5432 et
2233 5394 2369 5447 prm—

777 5484 973 5537 textus,
1002 5490 1099 5528 nec
1141 5473 1562 5532 consuetudinis,
1597 5473 1692 5528 sed
1729 5472 1960 5540 torporis
1990 5471 2057 5524 sit
2091 5471 2268 5538 culpa,
2301 5469 2369 5522 ab

785 5565 870 5620 his
898 5581 1018 5634 quae
1043 5565 1151 5634 iam
1178 5581 1427 5629 evenere,
1462 5566 1610 5619 rubis
1638 5565 1959 5634 persuadere
1990 5563 2244 5617 conabor.

851 5656 1138 5726 Imperator
1168 5659 1502 5712 Aatioc’tenos
1523 5659 1711 5711 balneis
1734 5659 2060 5712 interdixerat
2077 5657 2127 5710 in
2145 5671 2364 5726 poenam.

779 5747 1023 5807 Civitatis
1052 5749 1239 5804 balnea
1269 5749 1557 5818 imperator
1587 5749 1878 5811 obstruxit,
1911 5763 1964 5802 et
2005 5747 2166 5801 lavari
2208 5747 2367 5817 jussit

780 5843 1068 5908 neminem,
1099 5850 1154 5898 et
1188 5842 1357 5912 legem
1397 5842 1690 5912 transgredi
1717 5853 1801 5896 est
1841 5857 2002 5895 ausus
2048 5856 2226 5902 nemo,
2275 5848 2366 5892 aut

782 5935 976 5992 factum
1021 5935 1302 5998 incusare,
1336 5943 1422 5989 aut
1471 5932 1909 5990 consuetudinem
1964 5931 2298 6000 prtet‘cnﬂcre
2347 5946 2359 5982 :

1453 511 1511 568 S.
1549 509 1827 569 JOANNIS
1861 505 2338 566 CHRYSOSTOMI
2387 505 2700 564 ARCHIEP.
2722 510 3258 572 CONSTANTINOP.

3907 520 4010 575 ἰδὲ

2419 641 2601 682 verum
2623 635 2678 682 et
2698 627 2787 696 qui
2818 642 2964 698 sarpe
2990 638 3114 683 sunt
3142 629 3196 683 in
3225 625 3535 700 aegritudine
3560 625 3684 693 viri,
3716 627 3969 685 mulieres
3990 673 4009 697 ,

2417 718 2567 788 pueri
2595 726 2651 772 et
2676 732 2854 784 senes,
2878 729 2933 772 et
2956 721 3139 776 multa:
3166 730 3350 794 partus
3369 718 3644 776 doloribus
3669 728 3918 774 recenter
3947 722 4014 774 li-

2424 811 2623 866 berata:
2644 810 2920 873 mulieres,
2949 819 3006 864 et
3032 826 3221 866 omnes
3248 810 3555 868 necessario
3580 809 3684 864 tale
3711 809 4011 864 remedium

2423 911 2684 972 petentes,
2703 901 2871 956 velint
2887 901 3059 956 nolint
3083 903 3392 958 mandatmn
3416 904 3518 958 hoc
3543 901 3740 966 ferunt,
3759 909 3814 955 et
3836 916 4016 969 neque

2425 996 2670 1051 morbum
2699 993 2962 1064 corporis,
3003 1008 3180 1062 neque
3205 995 3612 1051 consuetudinis
3634 990 3967 1065 tyrannidem
3994 1032 4013 1058 ,

2424 1103 2598 1157 neque
2631 1087 2749 1142 aliis
2797 1084 3141 1156 peccantibus
3177 1098 3238 1138 se
3279 1087 3487 1154 puniri,
3520 1101 3619 1141 nec
3651 1083 3792 1139 aliud
3827 1081 4014 1135 talium

2425 1180 2714 1251 quidquam
2760 1176 3134 1248 prmtendunt:
3185 1174 3281 1230 sed
3327 1176 3635 1245 huiusmodi
3683 1184 3831 1246 grate
3873 1172 4018 1226 exci—

2428 1273 2578 1342 piunt
2600 1269 2879 1335 ultionem,
2911 1267 3031 1336 quia
3057 1265 3259 1335 majora
3282 1277 3597 1334 exspectant
3619 1268 3775 1332 mala,
3808 1275 3863 1320 et
3884 1278 4018 1332 quo-

2428 1365 2555 1419 tidie
2603 1372 2888 1432 precantur
2937 1361 3197 1415 hactenus
3244 1359 3453 1427 regium
3517 1359 3750 1414 furorem
3803 1359 4015 1412 sistere.

2432 1455 2592 1510 Vides
2618 1453 2760 1523 quod
2784 1453 2870 1507 ubi
2900 1461 2984 1507 est
3005 1453 3183 1512 timor,
3217 1449 3372 1504 facile
3397 1451 3639 1504 solvatur
3667 1447 4018 1507 consuetudo,

2429 1546 2640 1602 etiamsi
2667 1545 2821 1602 valde
2861 1543 3110 1600 diuturna
3149 1543 3218 1599 sit
3248 1551 3303 1596 et
3341 1543 3680 1596 necessaria?
3722 1542 3880 1612 Atqui
3911 1555 4022 1594 non

2429 1641 2596 1696 lavari
2625 1655 2812 1711 grave.
2842 1638 2959 1694 Etsi
2984 1639 3125 1693 enim
3155 1635 3359 1690 centies
3390 1634 3867 1704 philosophemur,
3897 1646 4023 1686 cor-

2433 1733 2583 1802 poris
2627 1742 2815 1786 natura
2841 1730 3110 1798 arguitur,
3142 1727 3274 1781 nihil
3307 1727 3375 1781 ab
3400 1725 3564 1779 animi
3596 1723 3929 1792 philosophia
3966 1723 4022 1775 in

2434 1823 2703 1892 propriam
2720 1821 3080 1875 valetudinem
3098 1816 3337 1889 adjuvari
3361 1834 3374 1869 :
3395 1831 3504 1869 non
3522 1816 3702 1883 jurare
3719 1827 3848 1866 vero
3869 1810 4027 1865 valde

2436 1915 2610 1980 facile,
2644 1923 2697 1966 et
2726 1913 2930 1966 nullum
2953 1911 3522 1972 affurtnocumcntum,
3557 1921 3662 1959 non
3687 1904 4023 1971 Corporibus,

2438 2025 2542 2064 non
2572 2007 2782 2068 animis,
2810 2005 2904 2058 sed
2936 2006 3100 2058 etiam
3129 2004 3352 2057 multum
3379 1997 3747 2060 emolumenti,
3780 2008 4026 2064 magnam

2438 2101 2740 2161 utilitatem,
2770 2097 2991 2149 multam
3030 2094 3379 2162 epulentiam.
3408 2090 3688 2159 Quomodo
3724 2088 3880 2156 igitur
3920 2099 4026 2136 non

2439 2191 2728 2247 absurdum
2767 2191 3093 2258 Imperatore
3121 2186 3367 2255 iubente,
3403 2184 3492 2239 vel
3515 2181 3830 2237 difficillima
3862 2176 4031 2230 susti-

2441 2300 2588 2344 nere,
2632 2282 2746 2336 Deo
2776 2294 2902 2334 vero
2942 2287 3210 2331 statuente
3251 2275 3300 2328 id
3346 2273 3487 2342 quod
3531 2287 3706 2340 neque
3734 2283 3893 2337 grave
3939 2266 4030 2329 sit,

2441 2388 2612 2442 neque
2633 2371 2871 2434 difficile,
2903 2383 3082 2423 verum
3113 2380 3368 2434 perquam
3395 2362 3548 2416 facile
3577 2370 3632 2415 et
3651 2357 3990 2414 commodum
4013 2396 4028 2418 ,

2439 2475 2785 2519 contemnere
2803 2471 2854 2515 et
2871 2460 3117 2515 deridere
3133 2466 3187 2512 et
3207 2453 3646 2508 eon~uetudinetn
3665 2448 3998 2518 pra-tendere
4011 2446 4036 2497 ἳ

2439 2557 2536 2619 Ne,
2583 2569 2787 2626 qttznso,
2820 2570 2886 2607 ne
2925 2553 2978 2606 in
3011 2562 3212 2604 tantum
3255 2547 3482 2603 salutem
3519 2551 3757 2596 nostram
3795 2548 4038 2593 contem-

2445 2663 2654 2710 namus,
2680 2647 2772 2700 sed
2796 2646 3079 2698 timeamus
3100 2641 3285 2702 Deum,
3313 2637 3448 2690 sicut
3472 2633 3742 2688 hominem
3763 2633 4030 2683 timemus.

2447 2739 2580 2794 Novi
2624 2752 2724 2791 vos
2771 2734 3115 2790 exhorruisse
3154 2729 3348 2784 talibus
3388 2726 3620 2789 auditis;
3671 2721 3766 2777 sed
3817 2721 4038 2773 horrore

2449 2829 2666 2898 dignum
2697 2837 2779 2881 est
2806 2842 2873 2879 ne
2903 2833 3109 2878 tantum
3144 2819 3357 2888 quidem
3405 2818 3536 2880 Deo,
3565 2821 3820 2884 quantum
3867 2808 4040 2861 homi-

2449 2921 2604 2974 nibus
2646 2919 2906 2972 honorem
2943 2913 3269 2975 attrihuere;
3311 2909 3406 2963 sed
3450 2905 3790 2975 imperatoria
3825 2903 4038 2956 decreta

2447 3012 2730 3080 diligenter
2747 3008 3118 3069 observantes,
3145 3003 3324 3057 divina
3346 3008 3401 3054 et
3419 2999 3487 3052 de
3506 2997 3651 3052 cwlis
3671 2995 3887 3060 delapsa
3909 3005 4042 3044 con-

2448 3105 2680 3168 culcare,
2711 3111 2765 3156 et
2786 3110 3242 3170 supervacaneum
3269 3107 3389 3148 esse
3418 3100 3608 3161 putare
3637 3089 3777 3143 circa
3803 3084 3906 3137 hoc
3927 3091 4041 3135 stu-

2449 3196 2615 3251 dium.
2656 3194 2912 3262 Qua‘nam
2959 3187 3230 3243 excusatio
3279 3183 3436 3237 nobis
3482 3180 3585 3235 erit
3631 3175 3874 3244 reliqua?
3925 3187 4044 3241 qua:

2451 3304 2582 3343 vero
2629 3287 2814 3347 venia,
2852 3281 3067 3353 quando
3110 3285 3235 3349 post
3279 3285 3481 3329 tantum
3523 3269 3940 3325 admonitionem
3990 3263 4044 3316 in

2455 3383 2644 3437 iisdem
2676 3373 3092 3447 permanemus?
3138 3371 3351 3425 Etenim
3385 3371 3636 3420 nascente
3666 3361 3877 3414 miseria
3910 3359 4006 3410 hac
4027 3395 4043 3418 ,

2455 3488 2572 3542 qum
2599 3470 2870 3524 civitatem
2915 3466 3147 3523 detinet,
3193 3461 3332 3513 hanc
3376 3456 3549 3524 incepi
3580 3452 3996 3507 admonitionem
4028 3464 4042 3500 :

2457 3540 2510 3618 et
2561 3564 2648 3617 illa
2687 3559 2901 3630 quidem
2936 3557 3046 3626 iam
3072 3554 3233 3607 debet
3278 3548 3446 3610 finiri,
3497 3560 3594 3599 nos
3640 3557 3769 3598 vero
3813 3540 4046 3594 nondum

2458 3672 2620 3710 unum
2661 3653 2993 3724 explevimus
3028 3644 3357 3702 mandatum.
3404 3637 3686 3707 Quomodo
3733 3635 3891 3704 igitur
3931 3647 4048 3685 ma-

2459 3752 2629 3803 lorum
2682 3761 2779 3800 nos
2828 3740 3182 3797 detinentium
3235 3744 3480 3805 petemus
3524 3729 3882 3788 solutionem,
3926 3739 4047 3777 cum

2459 3855 2732 3895 necunum
2752 3837 2900 3891 ohire
2928 3830 3234 3886 mandatum
3255 3821 3616 3896 potuerimus?
3641 3818 3909 3888 quomodo
3923 3829 4052 3868 vero

2459 3935 2651 3987 houam
2681 3925 3108 3995 eaSpectahimus
3150 3915 3532 3974 mutationem?
3561 3910 3830 3982 quomodo
3872 3917 4050 3960 autem

2461 4019 2775 4078 orabimus?
2801 4032 2903 4088 qua
2948 4017 3127 4084 lingua
3172 4012 3338 4064 Deum
3384 4001 3788 4060 invocabimus?
3814 3998 3870 4054 Si
3905 3998 4050 4051 enim

2463 4117 2637 4185 legem
2673 4124 3060 4181 exsequamur,
3105 4107 3325 4159 multam
3373 4100 3648 4166 capiemus
3691 4093 4051 4158 voluptatem,

2466 4211 2792 4279 lmperatore
2813 4202 3015 4258 civitati
3042 4197 3356 4257 conciliato;
3379 4191 3424 4246 si
3443 4204 3569 4244 vero
3593 4189 3645 4241 in
3667 4193 3888 4254 peccato
3905 4194 4049 4233 man-

2465 4273 2714 4363 serimus,
2747 4296 2920 4368 pudor
2949 4304 3004 4348 et
3041 4289 3385 4360 opprobrium
3427 4282 3663 4349 undique
3711 4276 3866 4332 nobis
3907 4273 4010 4326 erit
4040 4288 4054 4326 :

2466 4392 2718 4465 quoniam
2745 4364 2866 4445 eum
2899 4387 3040 4440 Deus
3063 4379 3358 4452 periculum
3390 4373 3630 4435 solverit,
3660 4383 3760 4423 nos
3786 4369 3839 4421 in
3867 4364 4056 4420 codem

2466 4460 2758 4541 mansimus
2800 4491 3035 4549 torpore.
3080 4475 3298 4530 Utinam
3346 4469 3474 4524 mihi
3520 4467 3707 4521 liceret
3753 4460 4060 4529 frequenter

2462 4579 2752 4650 iurantium
2776 4575 2982 4627 animas
3008 4584 3222 4629 exuere,
3253 4575 3310 4620 et
3329 4567 3562 4633 ipsarum
3591 4555 3759 4612 oculis
3794 4551 4062 4650 subiicere

2468 4641 2692 4725 vulnera
2733 4675 2788 4720 et
2831 4661 3111 4717 cicatrices
3153 4671 3286 4728 quas
3315 4652 3554 4725 quotidie
3601 4647 3818 4714 capiunt
3856 4657 3884 4694 a
3914 4641 4061 4708 jura~

2472 4762 2705 4818 mentis:
2739 4772 2839 4811 nec
2871 4750 3250 4806 admonitionis
3295 4756 3386 4799 aut
3411 4741 3620 4798 consilii
3660 4737 4060 4802 indigercmus:

2473 4854 2724 4926 quoniam
2751 4849 3031 4902 vulnerum
3063 4851 3310 4910 aspectus
3340 4836 3485 4891 omni
3512 4845 3764 4888 sermone
3789 4823 4063 4926 potentius

2475 4914 2598 5002 huic
2636 4942 2894 5013 improbae
2937 4932 3307 4991 eonmetudini
3344 4932 3506 4986 etiam
3554 4923 3843 4996 plurimum
3887 4914 4100 5007 adlice-1

2473 5055 2654 5098 rentes
2702 5055 2733 5092 a
2780 5033 2979 5090 malitia
3012 5029 3276 5082 abducere
3327 5031 3527 5092 posset.
3585 5015 3966 5069 Verumtamen
4019 5022 4098 5058 Sl-

2475 5137 2651 5190 minus
2668 5129 2855 5190 oculis,
2887 5121 3187 5192 cogitationi
3210 5115 3424 5188 quidem
3446 5117 3592 5164 certe
3610 5108 3844 5174 ipsorum
3871 5101 3956 5154 an'
3979 5114 4064 5151 na;

2476 5228 2711 5282 dedecus
2743 5220 3024 5288 subiicere,
3057 5223 3112 5268 et
3138 5213 3305 5281 ipsam
3335 5204 3649 5260 tabi-factam
3679 5209 3730 5252 et
3756 5201 4063 5262 corruptam

2477 5314 2762 5372 ostendere
2789 5313 2930 5364 licet.
2966 5307 3106 5360 Sicut
3124 5302 3279 5364 enim,
3304 5295 3494 5364 inquit,
3524 5306 3694 5346 servus
3723 5289 3808 5356 qui
3830 5283 4064 5337 continue
4089 5307 4099 5372 Ξ

2481 5355 2762 5372 usam“...
2792 5355 2929 5364 ..ηπ
3269 5355 3277 5364 ,
3382 5355 3394 5364 _

2481 5406 2792 5479 ﬂagellatur,
2824 5403 2884 5454 de
2910 5399 3141 5452 cicatrice
3163 5410 3266 5446 non
3297 5385 3617 5442 "tardabitur
3642 5399 3660 5436 :
3693 5381 3764 5434 sic
3779 5381 3991 5448 jurans,
4023 5355 4101 5452 (ῐῆ

2483 5501 2645 5553 Deum
2688 5511 2882 5563 semper
2921 5492 3209 5544 nominans,
3237 5502 3267 5536 η
3300 5488 3503 5552 peccato
3542 5493 3640 5530 non
3680 5473 3919 5524 innocens
3949 5463 4067 5566 ﬁez‘

2481 5595 2668 5665 (Eccli.
2697 5593 2785 5647 9.5.
2818 5589 2924 5659 li).
2962 5578 3294 5650 lmpossihilc
3325 5575 3484 5634 enim.
3531 5564 3862 5638 impossibile
3890 5564 4068 5665 aiis:-

2483 5647 2722 5741 iamento
2748 5677 3126 5735 assut'fasltttn,
3154 5686 3259 5724 non
3283 5667 3589 5736 frequenter
3610 5662 3868 5730 pejerare.
3933 5647 4068 5703 Pre-

2483 5793 2661 5852 pterezi
2694 5776 2935 5845 supplico
2965 5765 3233 5826 munibus,
3258 5770 3313 5814 ut
3340 5756 3692 5829 perniciosam
3716 5750 3852 5801 hanc
3882 5751 3935 5798 ct
3965 5741 4065 5792 ia:—

2550 5936 2564 5966 ι
2602 5932 2736 5980 Sutil-
2762 5940 2811 5982 et
2833 5928 3014 5978 alicae:
3041 5933 3160 5976 ὀἵδ’-ξ..
3187 5936 3314 5982 nam.
3337 5932 3443 5976 1:qu
3466 5930 3570 5975 (ττι.
