4414 6670
815 437 917 493 155

807 555 1009 622 ταύτην
1041 553 1138 608 καὶ
1169 553 1412 626 πονηράν
1445 554 1732 624 συνήθειαν
1764 557 2138 630 ἀποθεμένους
2164 562 2267 633 τῆς
2288 564 2487 636 ψυχῆς,

805 643 993 713 ἕτερον
1015 642 1279 711 στέφανον
1301 642 1688 713 ἀναδήσασθαι.
1713 645 1823 698 Καὶ
1843 645 2036 718 ῶσπερ
2059 650 2336 720 πανταχοῦ
2363 653 2494 722 περὶ

805 728 906 798 τῆς
943 730 1151 794 πόλεως
1184 729 1366 802 ᾅδουσι
1408 728 1508 798 τῆς
1534 731 1828 802 ἡμετέρας,
1870 733 1952 786 ὅτι
2001 734 2192 808 πρώτη
2221 738 2328 791 τῶν
2350 739 2492 793 κατά

805 816 904 886 τὴν
928 817 1254 888 οἰκουμένην
1283 816 1510 869 ἀπασῶν
1540 819 1602 870 τὸ
1641 817 1792 890 [151]
1822 821 2166 890 Χριστιανῶν
2190 824 2362 895 ὄνομα
2397 827 2490 879 ἀνε-

809 903 1032 957 εδύσατο
1056 918 1108 968 ι,
1131 904 1273 956 οὕτω
1296 904 1414 957 δότε
1441 907 1576 959 πᾶσι
1599 905 1892 974 λέγειν,ὃτι
1914 909 2052 980 μόνη
2080 911 2188 964 τῶν
2215 911 2356 964 κατά
2388 913 2490 983 τήν

806 991 1132 1061 οἰκουμένην
1157 991 1388 1046 ἀπασῶν
1442 992 1738 1062 ’Δντιόχεια
1765 993 1894 1057 τοὺς
1913 996 2110 1065 ὅρκους
2137 998 2244 1049 τῶν
2273 997 2488 1052 οἰκείων

805 1080 948 1150 ὅρων
971 1077 1242 1148 ἀπήλασε.
1289 1079 1507 1132 Μᾶλλον
1533 1078 1611 1141 δὲ,
1647 1079 1714 1133 ἂν
1744 1079 1902 1134 τοῦτο
1928 1081 2172 1152 γένηται,
2212 1081 2314 1136 οὐκ
2347 1083 2488 1155 αὐτὴ

811 1166 1291 1236 στεφανωθήσεται
1343 1167 1499 1236 μόνη,
1553 1165 1692 1220 ἀλλά
1737 1169 1833 1221 καὶ
1863 1169 2056 1238 ἐτέρας
2099 1169 2179 1231 εἰς
2205 1169 2298 1222 τὸν
2326 1169 2489 1224 αὐτὸν

809 1255 985 1318 ἐνάξει
1021 1253 1182 1324 ζῆλον
1204 1271 1220 1284 ·
1281 1256 1376 1307 καὶ⁵
1411 1254 1666 1327 καθάπερ
1692 1257 1753 1310 τὸ
1797 1257 1966 1325 ὄνομα
2006 1255 2114 1309 τῶν
2143 1257 2491 1326 Χριστιανῶν

809 1341 996 1410 ῶσπερ
1031 1341 1095 1394 ἐκ
1131 1359 1278 1406 τινος
1317 1343 1501 1413 πηγῆς
1547 1344 1792 1397 ἐντεῦθεν
1831 1343 2136 1413 ἀρξάμενον
2174 1345 2357 1397 πᾶσαν
2388 1345 2487 1416 τὴν

809 1429 1136 1500 οἰκουμένην
1202 1430 1522 1497 ἐπέκλυσεν,
1569 1431 1712 1484 οὕτω
1765 1432 1828 1501 δὴ
1887 1433 1981 1484 καὶ
2033 1431 2094 1484 τὸ
2152 1431 2488 1502 κατόρθωμα

809 1514 965 1568 τοῦτο
1017 1517 1116 1582 τὴν
1183 1517 1338 1586 ῥίζαν
1394 1519 1484 1570 καὶ
1536 1517 1635 1588 τὴν
1681 1517 1935 1589 ἀφορμὴν
1995 1516 2244 1570 ἐντεῦθεν
2299 1517 2483 1584 λαϐὸν,

871 1672 898 1700 ⁸
919 1671 1028 1719 Sav.
1054 1678 1102 1717 ei
1118 1673 1313 1732 quidam
1334 1685 1450 1718 nm.
1475 1672 1758 1728 ἀνθδὴσατο.

1597 442 1654 496 S.
1709 439 1996 499 JOANNIS
2032 443 2526 506 CHRYSOSTOMI
2564 451 2886 512 ARCHIEP.
2932 457 3478 519 CONSTANTINOP.
4151 476 4230 532 154

2595 567 2806 633 πάντας
2866 573 2993 636 τοὺς
3049 576 3148 645 τὴν
3181 577 3287 646 γῆν
3337 577 3616 640 οἰκοῦντας
3666 577 3978 650 ἀνθρώπους
4027 590 4237 660 palla-.1;

2595 654 2896 748 ὑμετέρους
2954 660 3289 729 ἐργάσεται,
3339 663 3480 717 ὥστε
3545 663 3760 718 διπλοῦν
3819 666 3944 736 ὑμῖν
3999 654 4088 724 καὶ
4135 654 4237 748 ξριέ

2595 739 2763 793 πλοῦν
2789 744 3044 810 γενέσθαι
3071 747 3161 800 τὸν
3191 750 3401 819 μισθὸν,
3425 753 3519 805 καὶ
3543 753 3682 825 ὑπὲρ
3703 751 3810 806 τῶν
3839 754 4047 807 οἰκείων
4072 739 4235 832 κατορ-

2595 825 2886 897 θωμάτων,
2923 833 3018 883 καὶ
3053 833 3193 908 ὐπέρ
3223 837 3319 906 τῆς
3356 839 3464 892 τῶν
3497 839 3669 894 ἄλλων
3703 839 4059 904 διδασκαλίας.
4091 825 4236 902 Τοῦτο

2596 915 2928 1003 διαδήματος
2964 918 3093 987 ὑμῖν
3126 923 3328 988 παντὸς
3362 926 3514 980 ἔσται
3543 928 3936 1000 λαμπρότερον,
3976 928 4123 982 τοῦτο
4151 950 4234 1003 μη.

2593 1001 2848 1071 τρόπολιν
2889 1003 3018 1073 ὑμῖν
3056 1011 3271 1079 ποιήσει
3302 1013 3400 1083 τὴν
3435 1014 3610 1077 πόλιν,
3652 1017 3753 1070 οὐκ
3805 1017 3861 1070 ἐν
3905 1018 3970 1086 τῇ
4006 1019 4092 1086 τῇ,
4121 1001 4238 1074 ἀλλὴά

2592 1086 2686 1140 καὶ
2719 1089 2811 1142 ἐπὶ
2843 1090 2952 1142 τῶν
2992 1092 3283 1164 οὐρανῶνδ
3306 1114 3320 1128 ο
3377 1100 3536 1154 τοῦτο
3564 1103 3659 1155 καὶ
3695 1103 3814 1156 κατ’
3849 1103 4055 1174 ἐκείνην
4103 1104 4237 1172 ήμῶν

2592 1176 2964 1246 προστήσεται
2995 1179 3096 1249 τὴν
3129 1183 3364 1254 ἡμέραν,
3397 1188 3490 1240 καὶ
3515 1187 3607 1241 τὸν
3635 1189 3734 1259 τῆς
3755 1188 4090 1261 δικαιοσύνης
4126 1191 4238 1260 ημῖν

2592 1261 2727 1314 οἴσει
2757 1262 3018 1332 στέφανον
3041 1283 3055 1296 ·
3093 1262 3155 1320 οῦ
3192 1272 3403 1336 γένοιτο
3443 1276 3651 1340 πάντας
3674 1279 3824 1347 ἡμᾶς
3846 1279 4130 1348 ἐπιτυχεῖν.
4155 1278 4237 1346 χά·

2599 1364 2705 1418 ριτι
2737 1349 2832 1434 καὶ
2863 1351 3239 1428 φιλανθρωπίᾳ
3265 1359 3358 1410 τοῦ
3387 1361 3595 1429 Κυρίου
3619 1363 3775 1432 ήμῶν
3807 1364 3981 1434 Ἰησοῦ
4008 1362 4232 1434 Χριστοῦ,

2598 1435 2716 1503 μεθ’
2740 1431 2801 1490 οῦ
2833 1436 2913 1507 τῷ
2945 1441 3122 1511 Πατρί⁵
3159 1443 3193 1512 ἡ
3225 1442 3372 1508 δόξα,
3407 1445 3525 1515 ἅμα
3566 1431 3820 1519 τῷνίάγίῳ
3847 1431 4134 1521 Πνεῦμα-ει,
4157 1450 4236 1506 νῦν

2595 1523 2688 1573 καὶ
2716 1523 2822 1585 ἀεὶ,
2859 1526 2952 1577 καὶ
2981 1527 3059 1590 εἰς
3087 1530 3213 1590 τοὺς
3239 1529 3443 1594 αἰῶνας
3468 1533 3578 1585 τῶν
3611 1535 3844 1592 αἰώνων.
3897 1537 4087 1609 Ἀμήν.

2659 1668 2685 1706 ⁸³
2709 1672 2808 1721 Alii
2833 1675 2880 1722 ἐν
2903 1679 2972 1739 τῷ
2997 1679 3198 1742 οὐρανῷ.

807 1979 937 2031 Ἔτι
965 1978 1052 2042 εἰς
1078 1975 1193 2042 τὴν
1215 1974 1536 2042 συμφορὰν
1557 1971 1669 2039 τῆς
1691 1973 1922 2036 πόλεως
1959 1969 2341 2038 Ἀντιοχείας,
2369 1967 2467 2021 καί
2506 1967 2592 2020 ὅτι
2635 1965 2937 2036 χρήσιμον
2959 1972 3272 2037 πανταχοῦ
3298 1975 3503 2040 φόϐος,
3542 1976 3639 2028 καὶ
3695 1976 3785 2029 ὅτι
3837 1975 4057 2042 πένθος
4085 1979 4240 2047 γέλω-

874 2086 977 2132 τος
1004 2065 1532 2132 λυσιτελέστερον,
1602 2064 1701 2118 καὶ
1737 2066 1825 2128 εἰς
1854 2063 1970 2130 τὴν
1991 2061 2183 2130 ῥῆσιν
2216 2061 2330 2128 τὴν
2365 2058 2706 2128 λέγουσαν·
2751 2060 3042 2126 Ἑπίγνωθι
3089 2062 3170 2114 ὅτι
3199 2063 3255 2113 ἐν
3298 2064 3450 2133 μέσῳ
3513 2067 3752 2134 παγίδων
3797 2067 4114 2132 διαϐαίνεις.
4155 2073 4238 2124 καὶ

874 2159 967 2213 ὅτι
1003 2157 1107 2211 τοῦ
1140 2158 1422 2226 φονεύειν
1454 2155 1522 2208 τὸ
1555 2153 1808 2224 ὁρκίζειν
1829 2154 2050 2222 χεῖρον.

1479 2403 1713 2470 Ὀλιιλία
1745 2410 1830 2458 ιε’.

872 2499 944 2548 α’.
955 2493 1104 2546 Ἔδει
1132 2493 1228 2546 κιιιί⁵
1242 2492 1479 2564 τήμερον
1492 2490 1587 2544 καὶ
1601 2489 1680 2560 τῷ
1699 2488 1950 2560 προτέρῳ
1963 2485 2216 2556 σαϐϐάτῳ
2239 2486 2328 2538 τὸν
2353 2484 2480 2555 περὶ

799 2581 1054 2648 νηστείας
1080 2580 1300 2650 κινῆσαι
1321 2578 1498 2646 λόγον,
1521 2577 1616 2630 καὶ
1641 2575 1828 2647 μηδεὶς
1848 2576 2074 2643 ἄκαιρον
2103 2567 2242 2626 εἶναι
2269 2571 2484 2642 νομιζέ-

795 2675 872 2714 τω
897 2665 960 2720 τὸ
973 2666 1184 2736 λεχθέν.
1203 2667 1291 2719 Ἐν
1311 2665 1409 2736 μὲν
1427 2666 1537 2734 γάρ
1551 2667 1670 2726 ταῖς
1691 2663 1924 2734 ἡμέραις
1939 2661 2039 2730 τῆς
2057 2659 2312 2729 νηστείας
2331 2659 2484 2710 οὐδὲν

797 2752 876 2806 δεῖ
927 2754 1236 2825 συμϐουλῆς
1278 2753 1372 2804 καὶ
1405 2751 1779 2822 παραινέσεως
1815 2751 1895 2810 εἰς
1941 2747 2127 2811 τοῦτο,
2175 2746 2346 2815 αὐτῆς
2374 2745 2483 2797 τῶν

801 2842 1025 2913 ἡμερῶν
1054 2842 1151 2911 τῆς
1182 2839 1483 2910 παρουσίας
1513 2839 1607 2891 καὶ
1633 2840 1759 2899 τοὺς
1788 2835 1989 2906 σφόδρα
2015 2833 2482 2895 άναπεπτωκότας

797 2926 1170 3000 διεγειρούσης
1196 2927 1331 2998 πρὸς
1363 2925 1454 2978 τὶν
1488 2926 1586 2995 τῆς
1617 2922 1867 2995 νηστείας
1907 2921 2114 2990 ἀγῶνα.
2162 2919 2382 2990 Ἐπειδὴ
2422 2919 2479 2971 δὲ

799 3015 985 3069 πολλοὶ
1021 3015 1128 3068 τῶν
1161 3013 1465 3084 ἀνθρώπων
1513 3011 1734 3064 εἰσιέναι
1761 3026 1820 3062 τε
1850 3011 1929 3071 εἰς
1973 3008 2226 3078 νηστείαν
2261 3006 2478 3076 μέλλον-

798 3122 911 3166 τες,
952 3103 1205 3173 καθάπερ
1244 3099 1533 3170 πολιορκίᾳ
1569 3099 1676 3150 τινὶ
1713 3097 1899 3167 μακρᾷ
1929 3095 2314 3166 παραδίδοσθαι
2351 3094 2477 3164 μελ-

798 3191 996 3259 λούσης
1021 3189 1120 3259 τῆς
1157 3187 1411 3259 γαστρὸς,
1444 3184 1749 3255 ἀδηφαγίαν
1783 3183 1876 3236 καὶ
1904 3182 2074 3252 μέθην
2114 3180 2478 3252 προλαϐόντες

798 3280 1168 3340 ἀποτίθενται,
1202 3276 1434 3340 ἐξιόντες
1465 3290 1525 3326 τε
1558 3273 1738 3336 πάλιν,
1770 3270 1957 3342 ῶσπερ
1986 3269 2050 3322 έκ
2091 3287 2235 3332 τινος
2265 3268 2476 3340 μακροῦ

797 3363 956 3435 λιμοῦ
1006 3364 1100 3416 καὶ
1137 3361 1372 3432 χαλεποῦ
1419 3357 1792 3430 δεσμωτηρίου
1831 3355 1932 3426 τῆς
1961 3356 2210 3426 νηστείας
2235 3355 2479 3408 ἀπαλλα-

797 3454 1010 3522 γέντες,
1059 3448 1198 3520 μετά
1239 3447 1437 3515 πολλῆς
1462 3445 1562 3513 τῆς
1600 3443 1992 3515 ἀπειροκαλίας
2025 3442 2116 3494 ἐπὶ
2146 3443 2246 3504 τὰς
2276 3442 2481 3513 τραπέ-

799 3539 896 3603 ζας
917 3539 1191 3608 τρέχουσι,
1208 3534 1461 3602 καθάπερ
1484 3531 1873 3594 σπουδάζοντες
1888 3533 1986 3600 τὴν
2015 3531 2079 3583 ἐκ
2102 3529 2200 3599 τῆς
2227 3529 2479 3599 νηστείας

797 3625 1096 3695 γενομένην
1129 3623 1313 3684 αὐτοῖς
1349 3620 1617 3689 ὠφέλειαν
1662 3621 1728 3688 τῇ
1777 3619 1876 3688 τῆς
1904 3618 2213 3687 ἀδηφαγίας
2242 3617 2478 3690 ἀμετρία

797 3711 1098 3767 καταλῦσαι
1140 3708 1324 3773 πάλιν,
1359 3708 1654 3775 ἀναγκαῖον
1687 3701 1756 3777 ἦν
1808 3707 1900 3759 καὶ
1935 3706 2057 3758 τότε
2095 3705 2191 3757 καὶ
2222 3705 2317 3758 νῦν
2349 3707 2475 3771 τούς

801 3799 927 3869 περὶ
952 3797 1276 3867 ἐγκρατείας
1299 3795 1517 3864 κινῆσαι
1547 3793 1758 3862 λόγους.

880 3885 1018 3937 Ἀλλ’
1070 3885 1220 3954 ὅμως
1249 3882 1370 3934 οὔτε
1400 3879 1591 3953 πρώην
1637 3879 1940 3951 εἰρήκαμέν
1980 3896 2034 3932 τι
2065 3879 2325 3944 τοιοῦτον,
2353 3880 2474 3935 οὐτε

797 3970 891 4025 νῦν
922 3971 1154 4041 ἐροῦμεν
1177 3986 1190 4000 ⁸
1250 3970 1280 4021 ὁ
1327 3969 1434 4037 γὰρ
1467 3967 1567 4049 τῆς
1597 3966 1949 4036 ἐπικειμένης
1990 3968 2279 4038 συμφορᾶς
2313 3968 2476 4036 φόϐος

794 4057 920 4112 ἀντὶ
948 4057 1128 4126 πάσης
1150 4055 1528 4126 παραινέσεως
1555 4055 1648 4106 καὶ
1674 4053 1984 4123 συμϐουλῆς
2007 4054 2168 4124 ἀρκεῖ
2188 4057 2286 4117 τὰς
2305 4056 2476 4110 ἀπάν-

795 4162 905 4200 των
934 4141 1263 4215 σωφρονίσαι
1289 4141 1484 4212 ψυχάς.
1515 4141 1610 4203 Τίς
1630 4141 1739 4212 γάρ
1760 4140 1933 4204 οὕτως
1961 4141 2142 4204 ἅθλιος
2165 4144 2259 4195 καὶ
2288 4144 2478 4198 ταλαί-

797 4249 999 4301 πωρος,
1030 4232 1105 4294 ώς
1133 4232 1191 4284 ἐν
1213 4230 1451 4299 τοσούτῳ
1481 4227 1711 4299 χειμῶνι
1737 4228 1989 4298 μεθύειν;
2013 4229 2098 4292 τίς
2124 4229 2296 4295 οὕτως
2323 4232 2476 4284 ἀναί-

795 4319 1012 4390 σθητος,
1041 4318 1117 4381 ὡς
1143 4318 1240 4388 τῆς
1275 4317 1478 4378 πόλεως
1509 4315 1652 4368 οῦτω
1675 4315 2061 4386 σαλευομένης,
2093 4318 2186 4370 καὶ
2209 4320 2472 4387 ναυαγίας

795 4406 1051 4476 τοιαύτης
1073 4405 1493 4475 ἀπειλουμένης,
1524 4405 1598 4473 μὴ
1623 4404 1813 4474 νήφειν
1839 4405 1934 4456 καὶ
1965 4407 2344 4476 ἐγρηγορέναι,
2379 4407 2473 4460 καὶ

797 4496 978 4565 πάσης
1024 4492 1337 4563 συμϐουλῆς
1382 4491 1478 4543 καὶ
1523 4489 1897 4561 παραινέσεως
1934 4492 2318 4564 ἀκριϐέστερον
2366 4494 2474 4546 ἀπὸ

794 4580 897 4650 τῆς
925 4580 1159 4649 ἀγωνίας
1178 4577 1523 4650 διορθοῦσθαι
1551 4577 1786 4646 ταύτης;
1812 4577 1886 4630 Οὐ
1909 4576 2017 4647 γὰρ
2035 4577 2287 4632 τοσοῦτον
2317 4581 2476 4650 ἐργά-

799 4668 995 4721 σασθαι
1009 4669 1294 4739 δυνήσεται
1319 4667 1496 4735 λόγος,
1512 4667 1634 4720 ὅσον
1659 4662 1812 4738 [152]
1835 4664 2123 4734 ἐργάζεται
2154 4665 2316 4733 φόϐος
2335 4682 2349 4694 °
2383 4667 2474 4719 καὶ

794 4755 955 4809 τοῦτο
970 4755 1103 4808 αὐτὸ
1118 4754 1225 4808 ἀπὸ
1242 4755 1348 4808 τῶν
1375 4754 1799 4826 συμϐεϐηκότων
1815 4753 1912 4808 νῦν
1926 4753 2151 4806 δυνατὸν
2171 4753 2470 4820 ἀποδεῖξαι.

794 4843 1003 4907 Πόσους
1025 4843 1154 4912 γοῦν
1175 4841 1529 4912 ἀνηλώσαμεν
1549 4841 1762 4909 λόγους,
1794 4840 2059 4905 πολλοὺςει
2086 4842 2193 4894 τῶν
2211 4841 2474 4912 ῥᾳθύμων

795 4931 1206 5003 παραινοῦντες,
1224 4930 1319 4983 καὶ
1336 4928 1790 4998 συμϐουλεύοντες
1806 4929 1875 4981 τά
1901 4927 2103 5000 θέατρα
2118 4929 2359 4997 ἀφεῖναι,
2378 4931 2472 4983 καὶ

794 5021 894 5083 τὰς
919 5021 1125 5073 ἐκεῖθεν
1150 5015 1476 5079 ἀκολασίαςς
1509 5015 1603 5069 καὶ
1627 5016 1726 5068 οὐκ
1749 5015 2058 5084 ἠνέσχοντο,
2079 5017 2195 5068 ἀλλ’
2217 5020 2303 5070 ἀεὶ
2330 5019 2474 5072 κατὰ

793 5110 894 5182 τὴν
923 5109 1130 5180 ἡμέραν
1156 5108 1360 5176 ταύτην
1382 5107 1475 5158 ἐπὶ
1498 5105 1594 5168 τὰς
1623 5105 1970 5174 παρανόμους
1993 5105 2100 5157 τῶν
2129 5108 2472 5178 ὀρχουμένων

796 5199 1113 5268 συνέτρεχον
1148 5197 1402 5267 θεωρίας,
1443 5195 1538 5248 καὶ
1592 5193 1846 5261 σύλλογον
1875 5193 2178 5247 διαϐολικὸν
2212 5197 2470 5250 ἀντικαθ-

797 5283 1021 5338 ίστασαν
1047 5285 1120 5356 τῷ
1139 5285 1461 5357 πληρώματι
1485 5285 1586 5354 τῆς
1613 5282 1937 5353 Ἐκκλησίας
1961 5283 2053 5336 τοῦ
2070 5283 2227 5349 Θεοῦ,
2246 5286 2339 5339 καὶ
2353 5289 2472 5350 ταῖς

792 5372 1031 5426 ἐνταῦθα
1065 5373 1402 5444 ψαλμῳδίαις
1431 5375 1697 5445 άντήχουν
1724 5376 1777 5427 αἱ
1821 5372 2032 5426 ἐκεῖθεν
2063 5377 2302 5445 κραυγαὶ
2334 5379 2470 5446 μετά

793 5460 998 5530 πολλῆς
1023 5461 1314 5533 φερόμεναι
1339 5462 1441 5532 τῆς
1471 5462 1856 5533 σφοδρότητος·
1884 5461 2000 5515 ἀλλ’
2027 5461 2134 5516 ἰδοὺ
2159 5463 2253 5516 νῦν
2278 5465 2470 5534 σιγών-

788 5566 902 5603 των
929 5548 1106 5619 ἡμῶν,
1147 5551 1240 5602 καὶ
1265 5550 1417 5603 οὐδὲν
1455 5551 1582 5621 περὶ
1615 5550 1806 5604 τούτου
1852 5550 2142 5620 λεγόντων,
2174 5553 2468 5623 αὐτόματοι

783 5637 891 5709 τὴν
916 5638 1225 5709 ὀρχήστραν
1254 5637 1494 5708 ἔφραξαν
1511 5639 1562 5703 δ,
1608 5640 1701 5693 καὶ
1726 5642 1755 5694 6
1787 5641 2121 5712 ἱππόδρομος
2153 5641 2351 5706 ἄϐατος
2375 5644 2470 5712 γέ-

786 5741 914 5794 γονε
931 5741 945 5755 ·
972 5726 1061 5778 καὶ
1082 5727 1186 5796 πρὸ
1199 5725 1390 5778 τούτου
1420 5728 1516 5796 μὲν
1539 5728 1722 5781 πολλοὶ⁸
1741 5728 1849 5782 τῶν
1863 5731 2150 5802 ἡμετέρων
2173 5733 2310 5805 πρὸς
2326 5734 2469 5787 ἐκεί-

787 5830 914 5878 νους
949 5813 1188 5885 ἔτρεχον,
1221 5815 1338 5870 νυνὶ
1367 5813 1421 5868 δὲ
1449 5817 1643 5880 πάντες
1667 5817 1875 5871 ἐκεῖθεν
1906 5821 1984 5883 είς
2011 5822 2107 5891 τὴν
2169 5823 2467 5894 ἐκκλησίαν

852 5985 872 6007 ’⁸
893 5985 997 6049 Alii
1012 5989 1221 6049 πολλοῖς,
1243 5989 1325 6039 alii
1349 5992 1567 6048 πολλούς.

854 6049 880 6088 ῗι
905 6047 1001 6100 Alii
1023 6047 1237 6115 ἔφραξαν,
1261 6052 1346 6103 alii
1371 6047 1633 6118 ἐνέφραξαν,
1657 6057 1735 6107 vel
1757 6058 2027 6124 ἀνέφραξαν,

2585 2396 2910 2465 κατέφυγον,
2951 2400 3044 2452 καὶ
3081 2401 3172 2452 τὸν
3206 2400 3475 2471 ἡμέτερον
3508 2401 3747 2468 ἅπαντες
3778 2407 4069 2476 ἐνυμνοῦσι
4105 2409 4236 2467 Θεόν.

2665 2481 2828 2570 Ὁρᾷς
2849 2484 3014 2539 πόσον
3033 2486 3140 2539 ἀπὸ
3164 2485 3256 2540 τοῦ
3273 2488 3439 2556 φόϐου
3473 2489 3534 2541 τὸ
3564 2489 3755 2560 κέρδος
3796 2492 4052 2558 ἐγένετο;
4081 2497 4140 2550 Εἰ
4176 2500 4240 2570 μὴ

2587 2568 2748 2622 καλὸν
2792 2566 2860 2640 ῆν
2897 2575 2926 2625 6
2969 2573 3151 2641 φόϐος,
3191 2575 3292 2627 οὐκ
3339 2575 3404 2628 ἂν
3452 2577 3686 2646 πατέρες
3730 2578 4110 2648 παιδαγωγοὺς

2588 2658 2773 2710 παισὶν
2799 2659 3127 2729 ἐπέστησαν,
3160 2663 3260 2714 οὐκ
3287 2662 3353 2715 ἀν
3383 2664 3433 2714 ol.
3459 2663 3738 2732 νομοθέται
3774 2668 3896 2730 ταῖς
3921 2667 4134 2724 πόλεσιν
4158 2672 4239 2741 ἀρ-

2586 2759 2798 2810 χοντας.
2831 2746 2896 2798 Τί
2927 2747 3151 2816 γεέννης
3178 2747 3584 2818 χαλεπώτεροῃ
3618 2751 3730 2804 ἀλλ’
3759 2751 3911 2805 οὐδὲν
3937 2755 4031 2807 τοῦ
4061 2757 4241 2826 ταύτης

2585 2830 2997 2904 χρησιμώτερον
3027 2834 3212 2901 φόϐου⁸
3246 2838 3274 2889 6
3299 2837 3408 2906 γάρ
3435 2836 3534 2906 τῆς
3564 2838 3787 2908 γεέννης
3831 2841 3998 2908 φόϐος
4036 2844 4124 2895 τὸν
4156 2843 4239 2912 τῆς

2583 2913 2859 2981 βασιλείας
2877 2921 3013 2988 ἡμῖν
3036 2921 3249 2990 κομίζει
3274 2921 3556 2989 στέφανον.
3587 2925 3754 2978 Ἔνθα
3785 2927 3950 2993 φόϐος
3973 2930 4134 2993 ἐστὶν,
4155 2930 4240 2982 οὐκ

2581 2999 2696 3052 ἐστι
2753 3001 2967 3070 φθόνος·
3019 3005 3146 3058 ἔνθα
3200 3007 3364 3075 φόϐος
3423 3010 3560 3074 ἐστὶ,
3627 3014 3920 3081 χρημάτων
3973 3014 4108 3085 ἔρως
4157 3016 4241 3068 οὐκ

2579 3087 2803 3158 ἐνοχλεῖ·
2859 3088 2987 3142 ἔνθα
3031 3090 3194 3157 φόϐος
3236 3093 3403 3155 ἐστὶν,
3460 3094 3713 3149 ἔσϐεσται
3757 3097 3948 3167 θυμὸς,
4002 3103 4241 3171 ἐπιθυμία

2579 3175 2938 3228 κατέσταλται
2969 3179 3212 3247 πονηρὰ,
3241 3177 3394 3232 ἅπαν
3426 3181 3708 3249 ἀλόγιστον
3739 3185 4032 3254 ἐξώρισται
4069 3188 4239 3251 πάθος·

2580 3261 2672 3314 καὶ
2701 3261 2953 3332 καθάπερ
2983 3265 3040 3316 ἐν
3073 3266 3219 3335 οἰκία
3260 3267 3591 3336 στρατιώτου
3624 3270 3885 3338 διηνεκῶς
3917 3273 4238 3344 ὡπλισμένου

2579 3347 2639 3398 οὐ
2667 3347 2891 3420 λῃστὴς,
2915 3350 2975 3401 οὐ
3001 3351 3352 3420 τοιχωρύχος,
3374 3353 3476 3405 οὐκ
3501 3353 3658 3417 ἄλλος
3686 3372 3767 3419 τις
3801 3357 3908 3410 τῶν
3941 3360 4015 3412 τά
4041 3360 4240 3412 τοιαῦτα

2581 3434 3032 3503 κακουργούντων
3061 3437 3319 3508 τολμήσει
3344 3439 3577 3508 φανῆναι
3603 3441 3851 3511 πλησίον,
3876 3443 4024 3498 οὕτω
4048 3447 4136 3499 καὶ
4163 3446 4241 3514 φό-

2581 3517 2674 3572 ϐου
2706 3519 2806 3583 τὰς
2835 3522 3108 3592 ἡμετέρας
3144 3524 3462 3594 κατέχοντος
3492 3525 3689 3596 ψυχὰς,
3723 3528 3874 3580 οὐδὲν
3912 3531 4023 3582 τῶν
4049 3532 4241 3584 ἀνελευ-

2581 3604 2754 3676 θέρων
2805 3608 2993 3662 παθῶν
3033 3611 3409 3680 ἐπεισέρχεται
3458 3615 3655 3684 ῥαδίως
3703 3617 3854 3684 ἡμῖν’
3898 3617 4040 3671 ἀλλά
4085 3620 4241 3672 πάντα

2577 3691 2896 3764 δραπετεύει
2926 3697 3020 3749 καὶ
3048 3697 3414 3766 φυγαδεύεται
3433 3703 3500 3770 τῇ
3522 3703 3793 3770 τυραννίδι
3816 3703 3911 3756 τοῦ
3935 3705 4100 3772 φόϐου
4125 3705 4241 3758 πάν-

2575 3779 2730 3833 τοθεν
2755 3779 3165 3852 ἐξελαυνόμενα.
3195 3784 3304 3836 Καὶ
3332 3785 3391 3837 οὐ
3421 3785 3578 3839 τοῦτο
3602 3787 3762 3856 μόνον
3790 3789 3937 3840 ἐστὶν
3960 3789 3990 3842 ὃ
4016 3790 4239 3860 καρπού-

2581 3866 2722 3936 μεθα
2763 3868 2870 3921 ἀπὸ
2915 3869 3009 3921 τοῦ
3058 3869 3254 3937 φόϐου,
3299 3870 3434 3923 ἀλλὰ
3480 3873 3572 3925 καὶ⁵
3609 3873 3794 3943 ἕτερον
3841 3875 4028 3946 πολλῷ
4068 3878 4239 3929 τούτου

2582 3955 2785 4023 μεῖζον.
2824 3956 2899 4007 Οὐ
2925 3954 3032 4025 γάρ
3056 3955 3119 4026 δὴ
3143 3955 3211 4008 τά
3237 3957 3450 4026 πονηρά
3475 3958 3632 4027 ἡμῶν
3659 3959 3952 4013 ἀπελαύνει
3983 3963 4128 4032 πάθη
4154 3963 4240 4032 11.6-

2579 4057 2688 4105 νον,
2726 4039 2863 4093 ἀλλά
2896 4041 2992 4094 καὶ
3029 4043 3208 4094 πᾶσαν
3240 4043 3450 4110 εἰσάγει
3480 4045 3618 4113 μετά
3652 4044 3852 4115 πολλῆς
3881 4048 4128 4112 εὐκολίας
4154 4050 4241 4118 τὴν

2577 4129 2798 4199 ἀρετήν.
2825 4129 2993 4182 Ἔνθα
3014 4130 3178 4198 φόϐος
3197 4132 3363 4196 ἐστὶν,
3388 4133 3504 4184 ἐκεῖ
3517 4132 3610 4184 καὶ
3631 4133 4004 4206 ἐλεημοσύνης
4034 4136 4238 4205 σπουδὴ,

2577 4215 2668 4268 καὶ
2699 4216 2864 4286 εὐχῆς
2896 4217 3172 4282 ἐπίτασις,
3212 4219 3306 4270 καὶ
3343 4218 3555 4289 δάκρυα
3586 4218 3766 4291 θερμά
3803 4221 3895 4274 καὶ
3942 4223 4239 4291 ἐπάλληλα.

2577 4303 2671 4356 καὶ
2698 4305 2991 4374 στεναγμοὶ
3020 4304 3221 4376 πολλὴν
3246 4305 3462 4377 ἔχοντες
3493 4307 3592 4377 τὴν
3615 4307 3927 4372 κατάνυξιν.
3962 4311 4127 4363 Οὐδὲν
4145 4309 4238 4381 γὰρ

2573 4389 2716 4443 οὕτω
2757 4390 3034 4445 κατεσθίει
3078 4393 3177 4462 μέν
3214 4394 3618 4464 ἁμαρτήματα,
3658 4394 3858 4466 ἀρετὴν
3891 4396 3952 4448 δὲ
3999 4397 4239 4463 αὔξεσθαι

2575 4481 2718 4530 ποιεῖ
2754 4479 2849 4531 καὶ
2889 4478 3120 4544 θάλλειν,
3165 4480 3242 4544 ώς
3280 4482 3536 4553 διηνεκὴς
3574 4482 3740 4550 φόϐου
3773 4483 3954 4550 φύσιςο
3985 4486 4072 4538 διά
4098 4485 4240 4538 τοῦτο

2574 4565 2665 4615 τὸν
2701 4565 2774 4634 μὴ
2805 4563 3051 4628 συξῶντα
3079 4568 3227 4637 φόϐῳ
3265 4569 3526 4623 ἀδύνατον
3553 4569 3947 4639 κατορθοῦσθαι
3986 4584 4036 4610 ε’
4067 4571 4238 4639 ῶσπερ

2576 4647 2668 4702 οὖν
2691 4652 2779 4701 τὸν
2816 4655 2872 4703 ὲν
2902 4653 3052 4722 φόϐῳ
3082 4654 3258 4716 ζῶντα
3285 4655 3542 4710 ἀδύνατον
3583 4656 3917 4726 διαμαρτεῖν.
3957 4659 4048 4727 Μὴ
4077 4659 4237 4709 τοίνυν

2577 4736 2847 4806 ἀλγῶμεν,
2865 4738 3157 4808 ἀγαπητοὶ,
3180 4742 3311 4812 μηδὲ
3334 4744 3767 4812 καταπίπτωμεν
3793 4744 3884 4795 ἐπὶ
3911 4747 3978 4815 τῇ
4007 4744 4235 4815 παρούσῃ

2577 4823 2786 4892 θλίψει,
2831 4825 2968 4878 ἀλλά
3005 4825 3372 4898 θαυμάσωμεν
3405 4830 3464 4883 τὸ
3499 4831 3803 4900 εὐμήχανον
3841 4830 3941 4900 τῆς
3980 4831 4074 4884 τοῦ
4114 4830 4235 4884 Θ;οῦ

2577 4912 2788 4980 σοφίας.
2833 4913 2910 4964 Δι’
2953 4907 3030 4966 ὧν
3070 4916 3178 4985 γάρ
3217 4917 3614 4986 προσεδόκησεν
3644 4919 3673 4968 ὀ
3700 4916 3942 4980 διάϐολος
3969 4920 4068 4990 τὴν
4093 4919 4231 4972 πόλιν

2573 4998 2733 5069 ἡμῶν
2764 4999 3086 5053 καταϐαλεῖν
3107 5042 3122 5066 ,
3149 5003 3235 5054 διὰ
3269 5004 3470 5056 τούτων
3505 5004 3674 5072 αὐτὴν
3705 5004 3735 5054 6
3765 5003 3894 5068 Θεὸς
3923 5004 3950 5044 ά
3981 5005 4232 5076 ἀνέστησέ

2573 5104 2632 5139 τε
2678 5087 2772 5138 καὶ
2813 5085 3156 5155 ἀνώρθωσενο
3187 5090 3215 5140 6
3252 5091 3349 5160 μὲν
3382 5091 3492 5160 γὰρ
3531 5089 3776 5154 διάϐολος
3811 5093 4098 5148 ἐνέπνευσέ
4136 5109 4232 5146 τισι

2574 5174 2915 5245 παρανόμοις
2945 5173 3271 5245 ἀνθρώποις,
3303 5178 3396 5230 καὶ
3423 5180 3503 5239 εἰς
3526 5178 3650 5239 τοὺς
3675 5177 3782 5230 τῶν
3811 5179 4074 5248 βασιλέων
4098 5181 4230 5250 ὓϐρι-

2574 5279 2674 5315 σαν
2712 5262 3034 5333 ἀνδριάντας
3065 5275 3112 5327 ε,
3142 5266 3228 5316 ἵνα
3255 5265 3349 5318 καὶ
3377 5264 3508 5317 αὐτὸ
3532 5265 3630 5334 τῆς
3654 5265 3857 5331 πόλεως
3885 5269 4150 5338 ἀφανισθῇ
4178 5267 4230 5318 τὸ

2572 5349 2768 5418 ἔδαφος
2787 5367 2802 5381 ο
2829 5351 2856 5403 6
2887 5349 2943 5402 δὲ
2973 5351 3104 5415 Θεὸς
3141 5353 3292 5423 αὐτῷ
3317 5353 3382 5424 δὴ
3415 5351 3589 5423 τούτῳ
3621 5353 3697 5424 τῷ
3726 5358 4076 5429 γεγενημένῳ
4107 5353 4229 5424 πρὸς

2573 5439 2951 5509 σωφρονισμὸν
2979 5441 3136 5511 ἡμῶν
3174 5441 3396 5494 πλείονα
3443 5441 3810 5513 ἀπεχρήσατο,
3846 5445 3924 5516 τῷ
3961 5443 4110 5514 φόϐῳ
4140 5439 4229 5508 τῆς

2570 5526 3028 5599 προσδοκωμένης
3053 5528 3282 5598 ἀπειλῆς
3316 5529 3498 5580 πᾶσαν
3532 5530 3776 5586 ἐκϐαλὼν
3809 5533 4108 5606 ῥαθυμίαν·
4145 5527 4227 5580 καὶ

2569 5616 2758 5684 γέγονε
2788 5617 3114 5680 τούναντίον,
3144 5618 3288 5688 ἥπερ
3312 5618 3340 5668 6
3367 5615 3574 5687 δαίμων
3603 5620 3854 5692 ἠθέλησε,
3887 5620 3954 5672 δι’
3982 5611 4056 5671 ὧν
4079 5614 4224 5677 αὐτὸς

2570 5706 2990 5759 κατεσκεύασεν.
3040 5707 3104 5757 Ἠ
3147 5705 3256 5771 γὰρ
3286 5703 3440 5767 πόλις
3475 5707 3606 5776 ἡμῖν
3645 5709 3768 5762 καθ’
3806 5709 4039 5776 ἑκάστην
4078 5707 4224 5758 ἐκκα-

2569 5793 2812 5866 θαίρεται
2859 5795 2957 5864 τὴν
3005 5793 3240 5863 ἡμέραν,
3287 5793 3386 5861 καὶ,
3429 5797 3690 5848 στενωποὶ
3747 5797 3837 5848 καὶ
3886 5793 4096 5863 άμφοδα
4141 5793 4222 5845 καὶ

2635 5949 2654 6007 ῗ
2687 5946 2783 6007 Alii
2803 5946 3046 6007 ἀμήχανον
3069 5945 3385 6006 κατορθῶσαι.

2631 6005 2658 6044 d
2685 6006 2752 6054 lla
2777 6005 2966 6054 δονέοι
3001 6021 3174 6066 magna
3196 6005 3313 6066 pm
3336 6021 3450 6054 mss.
3481 6007 3532 6054 In
3560 6006 3678 6054 Μῶν.
3705 6008 3730 6052 ό
3754 6008 3871 6062 Θεές
3894 6009 4050 6058 deret.

2640 6069 2658 6090 '
2683 6068 2796 6117 ἕξιν.
2827 6067 2982 6126 (bene)
3012 6070 3072 6123 εἰς
3094 6068 3321 6121 αὐτουςτ.
3346 6070 3389 6128 β.
3418 6070 3606 6131 ὓῖἰρὶται
3641 6069 3883 6128 εὶίδῇιεί-ίῗι
3903 6111 3913 6124 ,
