4414 6738
313 499 417 553 £53

314 610 541 680 proba
562 605 1016 662 consuetudinem
1041 603 1376 672 deponentes
1412 615 1477 654 ex
1516 600 1719 666 anima,
1746 601 1908 655 aliam

315 713 573 753 corum-in
595 699 899 769 reportetis.
927 695 995 748 Et
1021 695 1161 747 sicut
1178 691 1373 758 ubique
1399 689 1472 745 de
1487 691 1703 746 civitate
1724 699 1911 744 nostra

317 801 564 856 cantant,
589 791 732 862 quod
754 790 926 860 prima
949 783 1191 840 omnium
1220 782 1273 833 in
1298 783 1432 836 orbe
1457 792 1724 836 terraru-
1749 781 1912 834 Chri-

316 886 618 939 stianor-
650 895 846 936 nomen
874 875 1042 931 induit
1068 874 1088 904 ⁸
1113 891 1129 925 :
1153 872 1233 926 sic
1259 871 1419 927 facite
1443 882 1502 927 ut
1519 884 1712 924 clunes
1733 868 1910 923 dicant

316 976 494 1029 solum
515 973 757 1028 -ἰ
787 970 843 1022 in
872 964 1076 1018 mundo
1118 964 1454 1018 Antiochiam
1489 961 1719 1031 propriis
1756 959 1909 1028 iura-

319 1075 499 1121 menta
540 1065 737 1118 bibus
773 1058 1063 1127 expulisse.
1112 1057 1225 1109 lmo
1262 1072 1393 1110 vero
1421 1056 1465 1106 si
1512 1054 1616 1107 hoc
1653 1052 1776 1117 ﬁat,
1802 1068 1910 1107 non

319 1169 523 1213 tantum
543 1159 655 1226 ipsa
674 1150 1037 1214 wronabitur,
1060 1164 1248 1202 verum
1268 1145 1646 1201 etiamdiasin
1661 1146 1910 1201 eumdem

317 1250 495 1302 zelum
519 1247 747 1312 rediget.
793 1242 862 1295 ει
883 1241 1023 1294 sicut
1504 1252 1702 1291 uomat
1720 1279 1740 1300 ,
1763 1237 1914 1291 velut

319 1357 387 1394 ex
409 1337 645 1409 quodam
669 1333 820 1386 fonte
835 1331 964 1385 hinc
1285 1337 1458 1382 totum
1476 1328 1736 1383 mundum
1757 1329 1912 1381 inun-

319 1433 474 1488 davit
507 1449 525 1482 :
553 1427 635 1481 sit:
660 1424 983 1494 prolectoet
1006 1421 1258 1477 nclitum
1282 1420 1642 1476 bocratlieeln
1666 1430 1724 1473 et
1749 1433 1909 1470 occa-

393 1537 408 1564 ¹
435 1532 1589 1600 δινλιφῡᾱιιιιιειμωιειύἄαώσὲμέῑ.

324 1772 555 1816 ιτιυειι
620 1771 686 1811 IN
754 1768 1211 1811 αΑιΑιιτΑι-ει
1268 1766 1586 1808 ΩΠΠΔτΙδ
1636 1767 2024 1825 amnem,
2069 1773 2316 1818 unm
2356 1775 2599 1826 11⁷1110138
2651 1776 2952 1818 ⁸1⁵11011.
3019 1775 3165 1817 εδει

1230 489 1325 542 ΔΙ)
1361 486 1689 543 Ρορυωιι
1723 485 2210 543 ANTIOCHI-2ND!
2286 484 2522 541 ιιωιιι..
2562 484 2681 541 XV.

3499 482 3603 536 15$

2015 599 2224 651 sionem
2254 597 2378 652 hinc
2400 599 2641 666 capiens,
2665 610 2856 650 omnes
2886 604 3084 649 terram
3110 592 3412 646 habitantes
3441 591 3602 645 disci-

2016 689 2173 758 pulos
2189 688 2893 758 vestrusellicietmtduplex
2910 688 3059 742 vobis
3073 695 3131 741 el
3146 685 3340 755 triplex
3356 685 3449 738 liat
3460 699 3572 738 nter
3582 712 3603 726 -

2015 795 2131 847 ces,
2152 789 2211 836 et
2225 782 2296 836 de
2313 782 2546 850 prepriis
2565 781 2851 847 meritis,et
2867 781 2939 835 de
2961 781 3188 834 aliorum
3204 779 3472 835 doctrina.
3495 777 3606 831 lloc

2016 871 2319 926 diademate
2343 871 2585 941 quolibet
2622 871 2776 925 vobis
2798 873 2903 925 erit
2943 871 3275 941 splendidius
3301 889 3318 924 :
3345 870 3451 925 hoc
3488 885 3606 924 meo

2018 965 2265 1032 tropolim
2293 964 2448 1017 vobis
2469 964 2740 1018 civitatem
2776 961 2936 1017 faciet
2960 979 3064 1017 non
3093 966 3146 1017 in
3193 974 3335 1018 terra
3358 969 3568 1018 tantum
3597 1000 3615 1026 ,

2015 1073 2202 1110 verum
2228 1065 2287 1110 et
2329 1056 2382 1109 in
2412 1056 2563 1110 carlis
2588 1074 2606 1109 :
2634 1057 2740 1111 hoc
2777 1065 2832 1110 et
2870 1055 3024 1109 nobis
3049 1057 3138 1110 die
3173 1058 3266 1110 illa
3300 1057 3607 1125 patrocina-

2016 1149 2181 1210 bitur,
2205 1156 2264 1201 et
2284 1147 2503 1216 iustitia:
2522 1163 2777 1202 coronam
2804 1149 2962 1202 nobis
2976 1147 3168 1202 aﬁ‘erct
3189 1166 3207 1200 :
3230 1163 3390 1216 quam
3412 1155 3473 1200 ut
3490 1163 3610 1200 om-

2018 1253 2116 1291 nes
2134 1252 2515 1306 assequamur,
2544 1239 2705 1294 detur
2735 1241 2906 1310 gratia
2946 1248 3004 1293 et
3029 1239 3357 1308 benignitate
3399 1237 3610 1290 Domini

2019 1326 2189 1378 nostri
2223 1325 2350 1380 Iesu
2378 1328 2613 1388 Christi,
2654 1345 2778 1382 cum
2818 1345 2928 1398 quo
2951 1330 3094 1383 Patri
3134 1327 3328 1398 gloria,
3365 1327 3528 1381 simul
3557 1336 3612 1378 et

2018 1425 2208 1466 sancto
2231 1415 2476 1481 Spiritui,
2506 1434 2648 1470 nunc
2675 1429 2732 1472 et
2753 1434 2988 1487 smper,
3019 1427 3076 1473 et
3103 1421 3158 1472 in
3200 1419 3400 1473 sacula
3427 1433 3607 1472 sacu-

2018 1505 2213 1560 lorum.
2243 1509 2437 1561 Amen.

3229 1775 3616 1826 nomen:

405 1873 554 1914 RISU
578 1870 954 1921 UTIIJOIEII,
985 1870 1069 1910 Ετ
1095 1869 1161 1909 IN
1193 1866 1386 1907 ιιιυι)
1408 1865 1680 1917 νισι-ιιι,
1708 1867 1988 1911 Αειιοσαε
2013 1870 2148 1922 QUO]

1868 1867 1988 1911 non
2013 1870 2188 1922 quon
2215 1873 2284 1914 nr
2309 1872 2517 1914 ιηιο
2550 1872 2940 1924 uacuo-u-
2990 1874 3377 1915 res-russo;
3427 1855 3611 1932 (Ec-

402 1956 512 2014 cli.
551 1955 616 2012 9.
656 1953 740 2011 20
767 1953 816 2031 ),
860 1971 943 2011 ιτ
980 1967 1154 2018 quon
1193 1964 1382 2006 rarus
1418 1965 1693 2019 smn,
1733 1965 1914 2017 cum
1952 1967 2293 2013 occrnnun.

1653 2087 2290 2140 W

1235 2223 1293 2261 τ.

1235 2223 1293 2261 τ.

400 2305 464 2356 ι.
488 2301 783 2370 mutabat
803 2308 862 2354 et
886 2223 1155 2353 bolis-ie“:
1169 2223 1447 2365 iii-periure
1482 2296 1710 2350 sabbato
1743 2295 1816 2350 de
1835 2311 1923 2365 ie-

321 2393 483 2462 iunio
505 2391 686 2446 ﬁcere
716 2405 1023 2445 sermonem
1050 2407 1068 2441 :
1094 2388 1532 2457 intempestivum
1575 2387 1681 2440 boc
1718 2387 1925 2441 dictum

325 2499 453 2538 esse
476 2483 677 2552 agitet
700 2496 881 2535 nemo.
900 2479 1034 2533 Nam
1061 2479 1118 2532 in
1141 2477 1330 2531 diebus
1344 2476 1562 2547 quidem
1583 2477 1772 2545 ieiunii
1790 2493 1927 2530 con—

333 3020 1929 3103 wzn-sunqmtmimmawqm-

330 3119 672 3182 hes-ie.
695 3125 750 3172 et
768 3116 918 3187 gravi
939 3114 1132 3184 ieiunii
1159 3127 1383 3167 carcere
1405 3112 1590 3176 soluti,
1612 3126 1738 3164 cum
1761 3113 1932 3165 multo

332 3216 610 3270 deder-1:
629 3215 698 3268 ad
718 3227 935 3267 mensas
947 3220 1188 3273 currunt,
1213 3225 1313 3264 ceu
1337 3208 1616 3262 studentes
1636 3205 1739 3260 sibi
1756 3212 1928 3258 ortam

332 3322 403 3359 et
438 3305 650 3374 ie’pio
692 3303 974 3358 utilitatem
1024 3302 1258 3370 crapula:
1294 3313 1521 3353 excessu
1558 3310 1769 3350 run-sum
1804 3310 1928 3362 prr-

333 3398 711 3465 due;npera:
739 3395 971 3464 pretium
1000 3393 1179 3446 [uitet
1206 3399 1352 3454 tunc,
1378 3399 1599 3443 etnunr
1625 3386 1695 3439 de
1720 3395 1927 3451 tempe-

333 3487 512 3539 rantia
534 3487 819 3539 hstiiuerc
841 3498 1172 3539 sermonem.

408 3576 688 3629 (Id-itu
711 3576 915 3628 uirtutis
949 3572 1214 3641 magisve.
1241 3599 1312 3608 —-
1341 3568 1725 3621 Verumtamen
1757 3579 1933 3632 nque

336 3670 494 3737 prius
505 3668 796 3736 ﬁlquam
818 3662 1124 3732 huiusmodi
1140 3661 1396 3725 diximus,
1422 3673 1600 3728 neque
1622 3672 1769 3710 nunc
1786 3656 1936 3708 dicea-

336 3774 462 3812 mus
491 3775 514 3810 :
540 3756 793 3810 istantis
814 3755 961 3807 enim
992 3750 1312 3806 calamitatis
1335 3750 1498 3803 timor
1530 3762 1633 3816 pro
1659 3747 1809 3799 omni
1830 3745 1934 3798 ad—

336 3849 638 3904 nuite
673 3856 734 3902 et
770 3845 1000 3899 consilio
1049 3851 1362 3896 auctorum
1405 3841 1616 3893 animas
1660 3836 1929 3890 moderari

337 3930 1936 4006 valct.0u%eadmtammisaet:nrumnom,utintauta

341 4040 664 4101 tmpushle
693 4025 1027 4082 inebrietur?
1047 4025 1172 4094 quis
1207 4033 1316 4076 tam
1360 4022 1699 4081 inst-usam,
1723 4030 1785 4073 ut
1804 4020 1938 4073 civi-

341 4132 456 4176 tate
473 4120 883 4182 sihetuante,
896 4124 956 4171 et
970 4114 1248 4184 naufragio
1268 4113 1361 4167 tali
1378 4113 1694 4166 imminente
1715 4126 1826 4164 non
1843 4125 1936 4163 so-

339 4213 501 4267 brius
519 4212 598 4265 ﬂ
633 4218 694 4264 et
712 4208 917 4276 vigilet,
953 4215 1013 4259 et
1036 4205 1141 4258 lue
1162 4203 1438 4256 anxietate
1470 4215 1581 4254 non
1605 4199 1936 4268 diligentius,

340 4318 512 4373 ιιι-
532 4302 684 4355 -ί
714 4299 944 4354 consilio
969 4304 1030 4351 et
1062 4294 1432 4348 admonitione
1465 4290 1800 4360 corrigatur?
1818 4289 1937 4342 Non

340 4380 1939 4455 αί-ιι-ωεωωιμοισίιεσωο,ςωιι-ιίωα

340 4471 1934 4554 oper-'zetbocipsumexiis,quanuneaeeiderunt,

341 4561 1938 4634 m—slrarelacileesLQuotuamquesamoncsim—

345 4668 655 4735 pii-nn.
678 4664 1012 4734 torpidorum
1039 4660 1240 4713 multos
1259 4659 1634 4722 admonentes,
1663 4665 1722 4711 et
1741 4670 1938 4710 consu—

346 4758 529 4811 tis
553 4765 621 4810 ι
642 4756 854 4808 thatra
892 4761 951 4805 et
986 4750 1132 4803 illine
1158 4748 1538 4816 provenientes
1574 4747 1823 4800 lascivias
1850 4745 1938 4797 di-

343 4840 1639 4908 iud!etnouabstinelnut,scdsemper
1673 4836 1937 4906 usquead

346 4942 496 4995 huc
517 4941 662 4993 ἃ
681 4938 753 4992 ad
773 4938 960 4990 illicita
982 4934 1291 4987 saltantium
1316 4933 1624 5001 spectacula
1647 4945 1938 4986 concurre-

346 5035 505 5096 bant,
541 5029 863 5082 abdicaui
906 5023 1226 5078 concionem
1269 5023 1531 5076 adversus
1565 5022 1662 5075 Dei
1694 5019 1942 5076 ecclesia

346 5119 743 5193 [lci-inerti
769 5114 1204 5178 constituebant,
1228 5122 1286 5168 et
1311 5114 1475 5182 huius
1499 5114 1606 5167 loci
1633 5110 1942 5181 pahtodiis

345 5215 619 5268 d—ls
637 5208 765 5262 'mde
787 5223 913 5261 cum
949 5205 1118 5258 multa
1145 5204 1344 5258 sublati
1367 5205 1705 5260 vehementia
1726 5204 1941 5256 obtre-

349 5304 576 5372 κω-
600 5299 710 5356 δαὶ
752 5312 883 5352 erce
917 5311 1062 5349 nunc
1105 5296 1405 5351 tacentibus
1441 5297 1600 5350 nobis
1639 5292 1851 5348 etnihil
1873 5292 1944 5344 de

351 5397 464 5449 hac
481 5391 805 5454 ﬁnibus,
830 5397 1025 5455 sponte
1061 5403 1142 5440 on
1159 5387 1396 5439 bestram
1420 5389 1807 5441 obstruxerunt
1825 5423 1845 5446 ,
1886 5389 1945 5433 et

348 5488 534 5542 ἐπε
569 5479 954 5539 hat-cessibilis
997 5479 1168 5532 laet
1193 5492 1299 5532 est.
1352 5478 1594 5533 Antehac
1637 5484 1943 5528 nostrorum

351 5578 512 5631 mili
529 5576 606 5630 ad
625 5575 747 5629 illos
771 5569 1092 5632 currebant;
1123 5585 1266 5624 nunc
1289 5582 1471 5623 autem
1497 5569 1648 5622 illine
1669 5579 1859 5618 murus
1875 5561 1945 5614 ad

350 5671 642 5724 achai-
679 5663 1067 5732 conl'tgemnt,
1114 5669 1172 5714 et
1211 5671 1454 5714 nostrum
1496 5672 1688 5714 omnes
1730 5654 1950 5708 laudant

355 5764 553 5816 υτ..

428 5853 688 5908 Cth-
707 5852 858 5903 timor
879 5844 1023 5907 regni
1041 5860 1284 5897 coronant
1303 5843 1478 5904 «fert.
1495 5872 1569 5882 —
1587 5838 1749 5894 Vides
1775 5851 1950 5900 quan-

677 5941 952 6000 Parant.
998 5933 1120 5991 Gn.
1161 5931 1382 5992 XIIX.

2031 2219 2146 2262 tum
2189 2228 2257 2265 ex
2286 2215 2478 2267 timore
2518 2215 2655 2269 lucri
2698 2215 2898 2270 factum
2940 2217 3075 2269 est?
3100 2215 3215 2268 Nisi
3261 2215 3435 2266 [tonus
3473 2222 3625 2265 esset

2032 2302 2215 2366 timor,
2245 2302 2370 2357 [iliis
2409 2315 2588 2372 patres
2615 2306 2934 2375 padagogos
2962 2323 3070 2358 non
3095 2310 3492 2374 praeponerent,
3516 2317 3624 2356 non

2031 2393 2365 2462 tegistatoms
2407 2396 2716 2451 civitatibus
2756 2396 2899 2450 ullos
2941 2396 3303 2464 magistraluS-
3349 2393 3488 2458 Quid
3530 2407 3628 2460 se-

2030 2483 2205 2536 benna
2249 2486 2499 2555 gravius?
2520 2486 2618 2540 sed
2643 2487 2802 2555 bui
2829 2496 2976 2539 metu
3005 2486 3083 2538 nil
3110 2485 3292 2538 utilius
3317 2502 3334 2536 :
3362 2483 3624 2553 gehenna:

2031 2589 2263 2644 namque
2289 2576 2452 2628 timor
2476 2577 2628 2645 regni
2669 2577 2828 2630 nobis
2849 2577 3010 2630 affert
3029 2591 3305 2630 coronam.
3337 2574 3439 2628 Ubi
3467 2575 3628 2627 timor

1899 2687 1926 2698 -
2031 2676 2138 2728 est,
2171 2665 2307 2719 livor
2333 2682 2442 2720 non
2464 2677 2549 2720 est
2573 2686 2590 2718 :
2617 2668 2706 2721 ubi
2732 2668 2897 2720 timor
2932 2677 3041 2732 est,
3084 2666 3436 2734 pecuniarum
3472 2679 3628 2716 amor

2036 2771 2145 2809 non
2175 2767 2338 2811 vexat
2367 2777 2382 2808 :
2410 2759 2502 2810 ubi
2527 2759 2692 2811 timor
2715 2768 2821 2822 est,
2852 2757 3151 2811 exstinctus
3176 2757 3327 2809 furor
3349 2763 3454 2818 est,
3479 2757 3630 2822 cupi—

1902 2869 1929 2878 -
2033 2847 2176 2901 ditas
2223 2849 2465 2916 improba
2505 2860 2773 2910 correcta,
2801 2849 2982 2902 omnis
3024 2846 3409 2900 irrationabilis
3452 2845 3630 2913 passio

2034 2940 2409 2992 exterminata.
2441 2939 2510 2992 Ει
2552 2939 2697 2992 sicut
2738 2939 2794 2991 in
2820 2937 2986 2992 domo
3011 2945 3189 2990 stante
3220 2936 3391 2989 milite
3416 2949 3634 3001 semper

2032 3039 2262 3094 armato,
2291 3045 2399 3083 non
2426 3031 2585 3090 latro,
2613 3044 2724 3083 non
2749 3028 2858 3094 fur,
2886 3043 2994 3081 non
3021 3028 3164 3081 alios
3184 3028 3310 3095 quis
3338 3027 3464 3079 talia
3490 3026 3633 3078 mala

2034 3122 2361 3189 putrantium
2403 3137 2668 3191 amarerc
2709 3123 2932 3190 propius
2969 3120 3232 3175 audebit:
3260 3120 3341 3172 sic
3388 3127 3443 3173 et
3487 3126 3633 3172 metu

2033 3213 2242 3266 animas
2269 3222 2482 3266 nostras
2506 3223 2830 3281 occupate,
2855 3212 3195 3266 illiberalium
3222 3211 3369 3264 nulla
3410 3219 3628 3279 penur-

2034 3303 2310 3356 bationum
2337 3303 2495 3356 facile
2519 3303 2679 3356 nobis
2700 3304 2965 3370 subrepit,
2989 3301 3086 3356 sed
3111 3315 3305 3355 omnes
3327 3300 3556 3369 fugiunt,
3575 3309 3635 3352 et

2034 3394 2327 3461 pelluntur.
2359 3392 2574 3446 timoris
2599 3393 2829 3460 imperio
2867 3393 3104 3461 undique
3128 3400 3356 3446 exacta.
3380 3388 3495 3444 Nec
3529 3389 3635 3441 hoc

2035 3485 2209 3537 solum
2238 3492 2325 3536 est
2350 3482 2495 3552 quod
2532 3499 2600 3536 ex
2631 3483 2825 3536 timore
2863 3481 3153 3545 luta-amur,
3178 3495 3367 3533 verum
3390 3487 3448 3533 et
3485 3477 3633 3532 aliud

2037 3575 2145 3630 hoc
2171 3576 2343 3629 multo
2362 3575 2558 3644 maius.
2584 3575 2701 3628 Non
2727 3574 2877 3628 enim
2897 3573 3173 3642 iprobas
3197 3581 3404 3625 tantum
3420 3579 3635 3624 nostras

2035 3669 2257 3737 expellit
2283 3669 2582 3735 passiones,
2598 3667 2695 3722 sed
2719 3676 2778 3720 et
2801 3681 3018 3720 omnem
3037 3680 3164 3719 cum
3189 3664 3357 3718 multa
3383 3662 3636 3716 facilitate

2039 3759 2292 3812 virtutem
2337 3758 2560 3811 inducit.
2592 3757 2694 3812 Ubi
2739 3757 2904 3810 timor
2929 3764 3038 3819 est,
3078 3755 3153 3808 ibi
3195 3764 3253 3808 et
3276 3754 3637 3822 eleemosyna:

2037 3849 2296 3914 studium,
2322 3857 2382 3902 et
2413 3848 2676 3901 oration
2703 3846 2956 3908 intentio,
2998 3854 3058 3898 et
3089 3844 3346 3914 lacrymz
3368 3843 3639 3897 fervenu:

2037 3953 2095 3996 et
2120 3943 2412 4005 cotinuc,
2451 3950 2511 3994 et
2534 3939 2769 4009 gemitus
2807 3938 3032 3991 multam
3075 3936 3335 3991 habentes
3372 3949 3638 4002 compun—

2039 4034 2298 4088 ctionem.
2325 4031 2470 4087 Nihil
2497 4033 2643 4087 en
2668 4040 2878 4084 tat
2899 4038 3117 4098 peccata
3144 4027 3434 4092 consumit,
3465 4028 3638 4079 virtu-

2042 4134 2262 4193 temque
2281 4137 2531 4179 croceae
2569 4121 2699 4176 facit
2723 4129 2781 4174 ct
2799 4120 3126 4190 get-minam
3155 4126 3412 4187 quantum
3438 4117 3640 4170 assidui

2042 4218 2254 4270 timoris
2299 4225 2511 4269 natura.
2541 4215 2835 4282 Propterea
2862 4214 2955 4281 qui
2997 4226 3107 4264 non
3153 4211 3288 4263 vivit
3326 4210 3382 4262 in
3413 4209 3636 4272 timore,

2041 4318 2189 4363 recte
2227 4308 2380 4361 illum
2421 4321 2720 4374 agerem
2762 4312 2851 4357 est
2895 4303 3148 4370 possibile
3177 4321 3193 4354 :
3220 4303 3361 4354 sicut
3397 4300 3636 4354 'iCiaSiﬂl

2039 4415 2164 4452 cum
2215 4399 2411 4451 timore
2457 4398 2727 4449 viventem
2753 4404 2842 4446 est
2889 4392 3223 4461 posn'bile
3265 4405 3512 4460 peccare.
3560 4391 3642 4444 Ne

2041 4490 2202 4559 igitur
2233 4489 2537 4551 doleamus,
2563 4485 2747 4538 dilecti
2766 4527 2786 4549 ,
2813 4498 2994 4553 neque
3015 4483 3256 4536 anim
3295 4481 3640 4550 despondea-

2041 4595 2164 4632 mns
2189 4580 2262 4632 ob
2309 4586 2636 4646 prasenqu
2666 4575 3094 4637 tribulationem,
3139 4571 3236 4625 sed
3265 4571 3520 4625 solertem
3547 4570 3643 4622 Dei

2039 4670 2359 4739 sapientiam
2399 4669 2753 4722 admiremur.
2796 4665 2950 4718 [inde
2974 4677 3208 4730 namque
3235 4660 3507 4714 civitatem
3537 4674 3640 4711 no-

2039 4774 2208 4815 stram
2256 4763 2505 4816 diabolus
2546 4775 2611 4814 se
2647 4770 2962 4813 evasurum
3006 4753 3262 4822 speravit,
3304 4751 3486 4805 Deus'
3513 4750 3643 4806 inde

2041 4854 2278 4909 restituit
2332 4855 2504 4922 ipsa
2554 4860 2612 4906 et
2657 4851 2912 4904 correxit.
2979 4845 3234 4900 Diabolus
3277 4857 3475 4910 nempe
3519 4841 3642 4909 qui-

2043 4947 2269 5002 busdam
2298 4947 2478 5014 ipiis
2513 4943 2818 4998 hominibus
2841 4939 3141 5011 inspiravit,
3172 4947 3233 4991 ut
3253 4936 3642 5005 lmperatorum

2041 5047 2251 5092 statuas
2277 5037 2488 5105 iniuriis
2525 5033 2824 5097 alicereut,
2863 5048 2975 5101 quo
2995 5040 3055 5085 et
3080 5030 3260 5098 ipsum
3289 5025 3440 5080 urbis
3463 5024 3641 5076 solum

2045 5129 2454 5191 destrueretur;
2483 5128 2820 5179 Deusautem
2844 5124 2950 5176 boe
2971 5122 3090 5190 ipso
3114 5119 3258 5171 facto
3282 5115 3352 5169 ad
3379 5113 3643 5181 maiorem

2044 5229 2286 5274 nostram
2329 5218 2720 5273 comet-tionem
2763 5228 2894 5268 usus
2919 5221 3042 5274 est,
3065 5215 3390 5275 exspectata
3415 5205 3644 5256 commi-

2047 5314 2283 5367 natiouis
2327 5315 2522 5366 timore
2546 5324 2763 5363 omnem
2791 5303 3085 5359 esu-oderis
3125 5308 3397 5366 torporem
3427 5313 3444 5348 :
3469 5305 3527 5349 et
3562 5294 3643 5346 fa-

2045 5416 2193 5460 ctum
2220 5415 2306 5461 est
2348 5413 2538 5458 contra
2583 5415 2747 5470 quam
2791 5399 3005 5451 daemon
3048 5391 3288 5454 volebat,
3316 5404 3384 5443 ex
3426 5388 3640 5454 iisquae

2050 5501 2167 5566 ipse
2208 5504 2497 5552 struxerat.
2528 5493 2736 5549 Civitas
2759 5489 2904 5544 enim
2928 5485 3171 5555 quotidie
3193 5482 3350 5536 nobis
3371 5491 3636 5546 expurga-

2052 5600 2220 5656 tttr,et
2238 5587 2502 5659 angiporti
2523 5597 2580 5639 et
2604 5583 2742 5636 bivia
2761 5589 2819 5634 et
2836 5579 3032 5648 plateae
3062 5576 3304 5630 liberatae

2118 5752 3640 5829 'ttaSav.etmaxiuIapust:astt-nm-l.vuottvcst,

2059 5849 2203 5890 Deus.

3302 5907 3377 5963 10
