4452 6670
762 378 864 432 155

759 501 811 542 et
862 489 1078 545 lubricis
1116 500 1240 545 sunt
1283 492 1523 545 cantibus
1556 510 1568 545 :
1598 502 1653 546 et
1697 508 2033 563 quocumque
2064 494 2359 564 respexerit

762 578 976 648 aliquis,
1026 580 1444 651 supplicationes
1489 591 1542 636 ct
1572 584 1972 640 benedictiones
2024 596 2077 639 et
2113 587 2361 656 laerymte

766 685 868 741 pro
894 672 1002 726 risu
1042 673 1235 738 soluto,
1268 682 1322 727 et
1348 675 1506 729 verba
1555 675 1942 748 philosophiam
1995 680 2239 734 halentia
2269 693 2363 747 pro

768 762 949 816 verbis
991 764 1232 831 turpibus
1266 783 1279 818 :
1314 776 1363 819 et
1397 767 1620 821 ecclesia
1670 770 1807 823 facta
1854 772 2006 823 nobis
2054 779 2135 824 est
2175 770 2364 823 civitas

772 860 904 919 tota,
934 852 1162 907 ol‘ticinis
1190 855 1408 920 clausis,
1441 858 1688 913 omnibus
1717 861 1769 914 in
1797 861 1879 914 his
1912 863 2133 929 publicis
2159 860 2362 928 suppli—

773 943 1077 997 cationibus
1103 943 1245 999 diem
1279 957 1446 1001 totum
1477 950 1779 1017 agentibus,
1813 964 1863 1004 et
1896 952 2060 1004 Deum
2092 966 2194 1003 una
2221 965 2366 1003 com-

772 1033 1030 1103 munique
1083 1050 1217 1090 voce
1266 1052 1387 1091 cum
1431 1040 1595 1091 multa
1647 1040 2019 1096 invocantibus
2070 1040 2365 1095 alacritate.

776 1123 909 1191 Quis
931 1124 1047 1179 huic
1061 1143 1240 1181 sermo
1261 1145 1507 1197 umquam
1536 1133 1786 1199 expedire
1810 1134 2111 1203 potuisset?
2136 1148 2252 1201 qua:
2276 1132 2368 1184 ad-

780 1216 1005 1270 monitio
1020 1219 1046 1267 ἲ
1064 1217 1203 1287 quod
1228 1220 1507 1274 consilium
1522 1222 1547 1273 ?
1568 1234 1762 1291 quanta
1788 1226 2039 1293 temporis
2060 1222 2327 1292 longitudo
2348 1222 2370 1275 ?

849 1308 903 1358 2.
962 1307 1249 1377 Propterea
1306 1312 1415 1365 Deo
1465 1316 1663 1381 gratias
1710 1330 1947 1384 agamus,
1999 1330 2103 1369 non
2147 1314 2372 1367 moleste

780 1399 1036 1467 feramus,
1083 1419 1182 1455 nec
1214 1404 1571 1473 indignemur.
1612 1408 1765 1474 Quod
1792 1410 1934 1461 enim
1977 1409 2174 1461 bonum
2202 1407 2271 1460 sit
2311 1406 2375 1459 ti—

785 1508 923 1558 mor,
967 1504 1023 1547 et
1077 1506 1372 1549 memorata
1418 1497 1921 1551 demonstraverunt
1954 1517 1967 1552 :
1996 1498 2116 1551 audi
2150 1513 2274 1551 vero
2322 1506 2376 1550 et

782 1585 1124 1639 Salomonem
1171 1586 1241 1639 de
1294 1587 1394 1640 hoc
1443 1588 1512 1640 ita
1569 1588 2073 1656 philosophantem,
2129 1588 2375 1641 Salomo-

786 1688 930 1737 nem,
960 1675 1195 1742 inquam,
1225 1677 1473 1731 omnibus
1524 1677 1838 1731 innutritum
1863 1678 2087 1741 deliciis,
2119 1688 2172 1729 et
2213 1676 2376 1729 multa

789 1766 1010 1833 potitum
1042 1767 1303 1822 libertate.
1350 1769 1487 1836 Quid
1516 1770 1675 1839 igitur
1721 1772 1890 1840 inquit
1913 1771 2048 1825 ille?
2098 1770 2281 1822 Melius
2308 1779 2379 1823 est

786 1858 861 1910 ire
876 1860 927 1910 in
957 1860 1161 1912 domum
1182 1861 1345 1913 luctus
1368 1878 1519 1931 quam
1554 1864 1605 1915 in
1634 1864 1839 1916 domum
1866 1863 2072 1915 convivii
2100 1860 2295 1929 (lfccle.
2324 1862 2379 1913 7.

793 1950 851 2018 5)
876 1949 975 2019 (η).
1011 1951 1148 2016 Quid
1178 1962 1281 2011 est.
1322 1968 1527 2021 quaeso,
1551 1955 1693 2023 quod
1724 1955 1845 2009 ais?
1879 1954 1974 2009 Ubi
2005 1954 2195 2011 luctus,
2229 1961 2281 2003 et
2303 1952 2381 2005 la-

790 2056 1009 2109 cryuuc,
1038 2051 1092 2094 et
1114 2044 1365 2110 gemitus,
1390 2052 1445 2098 et
1468 2043 1642 2110 dolor,
1670 2056 1723 2099 et
1750 2044 1960 2099 tristitia
1988 2052 2153 2098 tanta.
2194 2043 2384 2097 melius

792 2131 937 2184 illine
984 2132 1294 2197 abscedere,
1340 2150 1500 2204 quam
1550 2136 1638 2191 ubi
1668 2138 1900 2202 eborete,
1943 2144 1998 2190 et
2040 2135 2303 2205 cymbala,
2334 2144 2388 2189 et

792 2223 952 2288 risus,
982 2233 1035 2277 et
1063 2223 1287 2290 deliei:e,
1311 2235 1364 2279 et
1391 2227 1627 2296 crapula,
1657 2236 1709 2282 et
1732 2228 1996 2282 ebrietas?
2024 2227 2218 2289 Etiam,
2242 2227 2317 2280 ait
2342 2228 2385 2279 ¹.

804 2312 1023 2377 Verum,
1066 2330 1169 2383 qua
1200 2315 1267 2369 de
1309 2331 1490 2377 causa,
1522 2332 1724 2385 qnzcso,
1753 2326 1809 2371 et
1836 2317 2199 2386 quapropter?
2242 2316 2391 2383 Quo-

800 2406 941 2459 niam
987 2407 1134 2462 illinc
1176 2407 1390 2476 quidem
1438 2409 1744 2477 petulantia.
1797 2410 1921 2462 hinc
1956 2423 2084 2462 vero
2132 2407 2388 2461 modestia

798 2498 1033 2551 nascitttr
1061 2515 1075 2550 :
1108 2507 1162 2551 et
1190 2500 1233 2551 si
1263 2499 1382 2567 quis
1406 2499 1471 2552 ad
1497 2499 1847 2568 opulentioris
1875 2500 2029 2553 abeat
2066 2498 2390 2563 convivium,

803 2602 909 2641 non
954 2588 1183 2657 amplius
1208 2604 1330 2642 cum
1358 2589 1544 2644 eadem
1586 2590 1767 2644 laetitia
1794 2591 2009 2645 domum
2055 2599 2350 2644 revertetur
2376 2631 2390 2652 ,

805 2676 899 2730 sed
929 2677 1096 2731 triStis
1122 2679 1335 2748 quidem
1360 2679 1427 2733 ad
1457 2694 1677 2735 uxorem
1709 2681 1919 2746 redibit,
1948 2681 2115 2735 tristis
2141 2692 2315 2735 autem
2342 2691 2395 2734 et

804 2768 871 2821 de
894 2783 990 2821 sua
1034 2783 1215 2823 mensa
1247 2770 1603 2839 participabit,
1633 2779 1689 2824 et
1717 2772 1972 2825 molestus
1999 2773 2167 2825 servis
2192 2781 2245 2825 et
2274 2771 2395 2823 liliis

808 2869 861 2911 et
891 2860 1140 2913 omnibus
1180 2862 1280 2913 erit
1310 2861 1638 2927 domesticis,
1687 2879 1751 2916 ex
1796 2864 2017 2915 aliorum
2049 2864 2201 2931 copia
2245 2878 2393 2917 suam

806 2948 1115 3016 diligentius
1161 2960 1524 3018 paupertatem
1553 2953 1921 3007 considerans.
1952 2952 2061 3006 Nec
2092 2952 2194 3007 hoc
2221 2953 2394 3007 solum

808 3054 890 3097 est
915 3058 1092 3112 grave,
1126 3044 1220 3097 sed
1243 3044 1294 3098 id
1322 3045 1480 3097 etiam
1507 3044 1647 3114 quod
1677 3060 1820 3112 smpe
1846 3044 2055 3099 vocanti
2084 3059 2142 3100 se
2168 3045 2234 3099 ad
2264 3059 2396 3099 cou-

806 3136 1004 3189 \‘ivinm
1056 3136 1286 3199 invidet;
1320 3147 1373 3189 et
1418 3137 1550 3190 nihil
1605 3138 1815 3206 penitus
1856 3137 1981 3191 boui
2028 3140 2270 3208 gratique
2304 3153 2397 3191 sn-

807 3244 963 3281 uieus
998 3228 1216 3283 domum
1247 3228 1443 3284 reverti
1471 3246 1553 3283 ur.
1601 3230 1754 3285 Circa
1806 3231 2047 3300 lugentes
2094 3247 2221 3285 vero
2270 3232 2400 3285 nihil

810 3321 920 3379 tale
963 3320 1065 3381 diei
1110 3330 1306 3395 potest,
1354 3322 1448 3381 sed
1493 3323 1656 3380 multa
1699 3324 1772 3381 ibi
1820 3322 2188 3396 phil050phia,
2239 3324 2401 3377 multa

812 3415 1094 3470 modestia.
1152 3416 1320 3471 Simul
1369 3416 1514 3471 enim
1561 3432 1626 3471 ac
1681 3417 1945 3485 quispiam
2010 3416 2205 3471 domus
2254 3429 2404 3471 mor-

810 3518 960 3563 tuum
1009 3507 1255 3564 habentis
1298 3510 1617 3563 vestilmlum
1662 3510 1985 3571 ascenderit,
2013 3518 2280 3562 mortuum
2323 3510 2406 3562 in-

811 3599 978 3653 tuitus
1009 3606 1236 3664 mutum,
1258 3599 1546 3667 jaceutein,
1570 3610 1624 3653 et
1649 3614 1868 3653 uxorein
1890 3600 2068 3653 crines
2096 3599 2401 3662 vellentem,

816 3691 1137 3745 lacerantem
1187 3706 1393 3760 genas,
1450 3700 1506 3745 et
1548 3691 1762 3746 brachia
1812 3702 2123 3757 secantem,
2180 3692 2402 3759 corripi-

814 3790 919 3845 tur,
964 3781 1223 3848 tristatur,
1252 3792 1308 3837 et
1328 3781 1721 3837 considentium
1747 3782 1969 3851 quisque
1996 3782 2063 3836 ad
2108 3783 2405 3851 proximum

813 3871 893 3927 nil
918 3870 1061 3925 aliud
1100 3871 1353 3942 loquitur,
1392 3886 1551 3940 quam
1582 3872 1724 3941 quod
1773 3873 1844 3925 nil
1890 3886 2098 3935 sumus,
2125 3880 2181 3926 et
2208 3872 2407 3925 malitia

816 3970 999 4015 nostra
1026 3960 1095 4014 sit
1121 3959 1423 4015 iuetl'abilis.
1450 3960 1586 4027 Quid
1620 3960 1701 4013 bis
1737 3960 1917 4015 verbis
1956 3960 2247 4028 sapientius
2288 3974 2409 4013 esse

820 4054 1007 4124 possit,
1050 4066 1172 4107 cum
1199 4060 1255 4108 et
1281 4061 1484 4106 natura:
1514 4053 1772 4107 vilitatem
1817 4066 2188 4121 agnoscamus,
2232 4060 2287 4105 et
2315 4064 2411 4103 no-

818 4155 985 4200 stram
1013 4158 1327 4199 accusemus
1353 4144 1769 4212 improbitatem,
1799 4152 1855 4198 et
1881 4142 2011 4196 nihil
2037 4157 2157 4197 esse
2179 4156 2411 4208 praesen-

820 4239 895 4293 tia
922 4238 1216 4308 cogitemus
1248 4256 1262 4291 :
1291 4237 1411 4291 aliis
1456 4236 1669 4307 quidem
1714 4236 1913 4301 verbis,
1940 4236 2200 4291 sententia
2233 4245 2409 4287 tamen

820 4328 1013 4384 eadem
1043 4328 1344 4383 Salomonis
1372 4329 1459 4381 illa
1506 4328 1783 4396 loquentes
1827 4328 2090 4382 mirabilia
2133 4337 2189 4381 et
2232 4327 2411 4379 multa:

826 4419 982 4489 plena
1013 4416 1381 4487 philosophia),
1424 4415 1633 4470 l'anitas
1658 4418 1951 4479 sanitatum,
1981 4426 2027 4470 et
2059 4417 2229 4470 omnia
2266 4417 2414 4468 rani-

825 4522 908 4564 tas
938 4508 1139 4579 (Eccle.
1168 4510 1222 4563 l.
1265 4507 1347 4577 2).
1379 4508 1697 4577 Lugentium
1725 4507 1939 4561 domum
1972 4508 2259 4575 ingressus,
2307 4513 2416 4557 sta-

826 4602 920 4655 tim
979 4600 1227 4669 lacrymis
1290 4598 1595 4654 defunctum
1665 4598 2041 4667 prosequitur,
2092 4596 2302 4651 etiamsi
2349 4596 2418 4648 sit

824 4692 1093 4746 inimicus.
1114 4690 1301 4744 Vidisti
1327 4701 1526 4760 quanto
1554 4692 1742 4745 melior
1769 4690 1880 4745 hate
1899 4705 2057 4758 quam
2088 4690 2171 4742 illa
2194 4687 2420 4742 domus?

829 4782 923 4839 Ille
951 4784 1115 4845 enim,
1150 4783 1357 4836 etiamsi
1406 4785 1609 4837 amicus
1650 4782 1740 4847 sit,
1788 4781 2025 4843 invidet;
2074 4780 2159 4833 hic
2197 4788 2375 4832 autem
2404 4817 2417 4837 ,

830 4872 1038 4927 etiamsi
1072 4870 1314 4925 inimicus
1338 4871 1427 4937 sit,
1460 4871 1787 4943 laerymalur
1819 4888 1834 4926 :
1861 4870 2002 4939 quod
2033 4870 2270 4924 omnium
2302 4883 2416 4921 ma-

830 4966 968 5018 xime
1011 4963 1151 5017 Deus
1181 4962 1429 5030 exquirit,
1479 4973 1535 5014 ut
1575 4978 1681 5017 non
1728 4962 2041 5017 insultemus
2088 4961 2171 5023 iis,
2204 4959 2420 5029 quinos

827 5054 1232 5109 contristavcre.
1262 5052 1377 5105 Non
1406 5050 1523 5106 b:ec
1542 5062 1719 5107 autem
1749 5052 1861 5107 sola
1886 5064 2105 5121 possunt
2130 5052 2254 5104 hinc
2279 5051 2415 5103 bona

900 5181 913 5209 ¹
944 5178 1074 5230 llaec,
1098 5174 1245 5223 cltum
1270 5171 1355 5231 ait,
1381 5170 1428 5219 in
1451 5174 1560 5221 solo
1588 5171 1758 5219 Morel.
1782 5173 1977 5215 desunt.

901 5240 971 5297 (η)
1000 5239 1048 5283 lu
1068 5228 1351 5297 hasgvoces,’
1368 5247 1511 5296 quam
1536 5232 1584 5281 iit
1608 5232 1804 5297 (longum
1824 5228 2045 5297 conrivii,
2074 5231 2427 5297 hoc_dedernnt

836 5292 1074 5346 monitum
1100 5294 1321 5343 editores
1343 5292 1540 5349 \"eneti,
1567 5310 1611 5355 p.
1638 5293 1741 5341 155.
1773 5294 1823 5340 Β.
1853 5293 1883 5338 6
1909 5308 1919 5339 :
1953 5308 1969 5337 ι
2000 5292 2060 5337 lit
2084 5292 2228 5339 verba
2254 5301 2434 5355 sancta

837 5359 1049 5420 paginm,
1077 5364 1219 5418 prout
1246 5357 1323 5420 hic
1346 5373 1371 5404 a
1397 5354 1827 5420 D.7Chrysost_omo
1867 5355 2201 5420 referuntur,”
2219 5354 2433 5403 tidcliter

842 5411 1109 5475 vertamus,
1132 5432 1225 5467 vox
1250 5416 1379 5467 risus
1402 5411 1742 5467 substitbeuda
1766 5421 1845 5463 est
1867 5417 1973 5463 voci
1997 5411 2201 5477 convivii
2224 5426 2240 5463 :
2261 5430 2429 5477 quaut-

843 5481 913 5529 vis
945 5496 1043 5531 tum
1072 5482 1304 5541 Vulgata,
1330 5486 1430 5527 tum
1454 5480 1776 5540 Septuaginta
1804 5491 1940 5541 cum_
1966 5475 2197 5541 bebraieo
2221 5475 2425 5526 consen-

842 5542 983 5601 tianl;
1008 5537 1242 5604 quodque
1270 5542 1448 5604 inicum
1480 5537 1900 5604 magis—videatur,
1928 5537 2033 5600 ipse
2057 5538 2431 5597 Chrysostumus

840 5600 1043 5651 sensuui
1085 5600 1317 5651 lectionis
1354 5600 1615 5662 hebraicm,
1661 5605 1709 5650 in
1755 5603 1813 5647 iis
1860 5615 1972 5662 qua:
2009 5607 2305 5661 sequuntur,
2349 5612 2428 5644 re-

843 5670 1027 5723 spexit.
1047 5672 1099 5713 et
1142 5667 1289 5725 paulo
1333 5660 1541 5725 inferius
1566 5664 1677 5725 (col.
1708 5664 1811 5725 list},
1846 5660 1987 5719 lfll)
2015 5660 2245 5725 eumdem
2274 5662 2430 5725 locum

845 5719 1116 5773 Salomonis
1137 5719 1601 5787 {lentuoptul‘erettg
1628 5723 1766 5783 legit,
1788 5738 1898 5772 cum
1924 5724 2238 5785 septuaginta
2280 5719 2427 5769 luter-

847 5788 1086 5847 preliltus,
1112 5782 1339 5848 convicii;
1360 5800 1473 5847 non,
1502 5782 1647 5835 risus.
1678 5800 1694 5832 ι

1508 378 1564 434 S.
1599 379 1878 437 JOANNIS
1914 380 2393 438 CHRYSOSTCMI
2434 381 2749 438 ARClliEP.
2782 380 3315 437 CONSTANTINOP.

3942 372 4045 428 1ὗῦ

2467 498 2700 566 eveerpi,
2729 513 2909 551 verum
2955 505 3009 549 et
3046 495 3147 549 alia
3178 494 3261 547 bis
3286 508 3390 546 nou
3424 492 3650 547 minora.
3693 494 3901 549 Etenim
3928 507 4046 562 pec-

2466 598 2705 643 catorum
2736 589 2957 659 quisque
3000 601 3215 640 suorum
3250 584 3625 649 reminiscitur,
3668 585 3928 641 tremendi
3958 588 4053 639 tri-

2471 678 2677 734 bunalis
2714 691 2768 735 et
2818 694 3091 750 pinnarum
3142 677 3354 729 illarum
3399 684 3454 729 et
3491 676 3699 744 judieii,
3741 692 3804 731 ae
3834 677 3961 731 licet
3988 678 4057 729 sit

2471 770 2673 824 inﬁnita
2704 772 2771 825 ab
2797 772 2913 825 aliis
2945 783 3129 840 passus
3151 768 3311 832 mala,
3336 765 3551 820 etdomi
3574 766 3813 819 tristitias
3840 767 4055 830 habeat,

2475 860 2712 929 ipsorum
2740 862 2977 915 omnium
3007 858 3208 915 medela
3248 866 3423 926 capta,
3457 855 3525 909 ita
3569 857 3873 909 revertitur.
3903 854 4060 924 Cogi-

2474 960 2591 1005 taus
2614 954 2755 1006 enim
2784 962 2839 1006 et
2864 968 2922 1008 se
2944 963 2999 1007 ct
3040 966 3133 1006 eos
3170 962 3382 1012 omnes,
3410 947 3499 1015 qui
3540 946 3788 1015 superbia
3811 956 4017 1000 tument
4041 986 4056 1008 ,

2474 1041 2702 1111 idipsum
2747 1043 2897 1097 brevi
2940 1056 3188 1112 passuros
3230 1052 3372 1103 esse,
3424 1046 3479 1091 et
3522 1037 3828 1091 transitoria
3871 1047 4059 1091 cuncta

2475 1135 2759 1199 praesentia
2784 1148 2926 1198 esse,
2948 1135 3059 1186 sive
3084 1130 3263 1186 suavia
3294 1128 3401 1182 sint
3429 1128 3541 1180 sive
3571 1127 3761 1191 tristia,
3795 1127 4060 1181 tristitiam

2475 1232 2531 1276 et
2567 1224 2821 1279 invidiam
2849 1241 3060 1279 omnent
3084 1223 3377 1293 deponens,
3410 1228 3464 1273 et
3502 1219 3668 1273 levem
3699 1220 3925 1274 reddens
3949 1222 4063 1271 aui-

2479 1329 2643 1381 mam,
2688 1324 2742 1370 et
2771 1317 3067 1381 relevatus,
3097 1314 3175 1369 sic
3218 1312 3434 1367 domum
3477 1320 3771 1365 revertetur
3804 1328 3816 1362 :
3847 1321 3902 1365 et
3942 1310 4060 1363 hinc

2480 1408 2807 1462 mansuetior
2834 1416 2932 1459 erit
2960 1408 3010 1458 in
3041 1420 3249 1471 omnes,
3280 1416 3332 1459 et
3357 1403 3654 1464 humanior,
3688 1403 3984 1472 benignior,
4011 1411 4065 1454 ct

2480 1498 2789 1565 sapientior,
2835 1497 3131 1549 futurorum
3166 1498 3355 1549 timore
3394 1493 3559 1563 ipsius
3604 1495 3834 1546 animant
3880 1494 4063 1546 subin-

2481 1603 2667 1657 gresso
2705 1599 2758 1642 et
2805 1601 2991 1639 omnes
3032 1587 3215 1654 Spinas
3254 1587 3586 1639 absumente.
3621 1583 3685 1637 Et
3730 1585 3842 1637 lure
3888 1583 4064 1634 omnia

2484 1681 2911 1751 cognosceusille
2930 1680 3161 1745 dicebat,
3186 1679 3368 1733 Melius
3390 1689 3459 1733 cst
3486 1679 3559 1731 ire
3576 1680 3642 1730 ad
3663 1681 3865 1729 domum
3883 1680 4066 1735 luctus,

2486 1791 2639 1835 quam
2667 1774 2735 1825 ml
2772 1774 2975 1825 domum
3012 1772 3223 1824 conririi
3250 1770 3443 1837 (Hrcle.
3478 1770 3530 1821 7.
3564 1770 3641 1835 3).
3692 1768 3836 1820 llltttc
3867 1778 4067 1832 torpor.

2489 1865 2613 1920 hinc
2638 1866 2875 1918 anxietas
2897 1862 3129 1915 nascitur
3157 1880 3169 1914 :
3204 1862 3349 1917 illiue
3382 1870 3734 1928 contemptus,
3764 1858 3884 1910 hinc
3915 1857 4071 1908 timor

2489 1960 2553 2013 ad
2585 1974 2795 2013 onmem
2828 1972 2921 2010 nos
2952 1956 3197 2009 virtutem
3220 1956 3489 2009 deducens
3518 1954 3556 2004 '.
3589 1952 3695 2005 Nisi
3718 1951 3911 2003 bonum
3934 1957 4073 2001 eSsct

2495 2052 2675 2113 tiutor,
2706 2066 2809 2103 non
2839 2048 3035 2101 inultos
3082 2047 3427 2116 impendissct
3450 2044 3691 2098 Christus
3721 2055 3995 2097 sermones
4024 2051 4081 2091 et

2495 2142 2700 2211 longos,
2736 2141 2803 2193 de
2850 2154 2999 2207 pu‘na
3046 2149 3098 2190 et
3147 2138 3405 2206 supplicio
3450 2137 3555 2189 illic
3602 2136 3787 2188 tuturis
3835 2134 4073 2199 loquens.

2494 2234 2676 2288 Timor
2704 2234 2771 2285 nil
2801 2232 2941 2284 aliud
2969 2240 3067 2291 est,
3097 2244 3255 2298 quam
3288 2243 3470 2282 murus
3499 2240 3552 2281 et
3594 2226 3999 2282 munimentum,
4027 2232 4078 2274 ct

2496 2325 2657 2379 turris
2700 2322 3121 2393 inexpugnabilis
3152 2339 3165 2375 :
3194 2312 3391 2376 etenim
3414 2320 3577 2372 inulta
3610 2318 3761 2370 nobis
3788 2313 4079 2366 munitione

2495 2432 2628 2486 opus
2672 2425 2791 2474 est;
2834 2414 2957 2483 quia
3007 2412 3187 2465 inulte
3236 2421 3359 2465 sunt
3403 2410 3633 2477 undique
3680 2403 3905 2463 iusidize,
3949 2402 4081 2454 sicut

2503 2509 2615 2576 ipse
2638 2505 2888 2561 Salomon
2918 2519 3127 2558 rursuut
3150 2502 3227 2556 sic
3263 2501 3557 2555 admonens
3591 2496 3798 2551 dicebat
3823 2514 3836 2546 ι
3862 2499 4084 2560 Aquom

2496 2599 2695 2667 quodin
2720 2598 2882 2649 medio
2899 2599 3193 2664 laqueorum
3222 2594 3425 2654 transis,
3460 2602 3503 2645 ct
3523 2606 3673 2653 super
3696 2585 4083 2654 propugnaculi!

2499 2690 2633 2742 urbis
2661 2690 2681 2719 ⁸
2702 2689 2932 2741 ambulas
2962 2687 3147 2752 (lii-cli.
3174 2685 3227 2740 9.
3270 2684 3388 2748 ευ).
3428 2683 3602 2749 l‘apa‘,
3647 2690 3773 2747 quot
3828 2678 4084 2728 bonorum

2501 2782 2715 2848 plemtm
2764 2788 2849 2833 est
2900 2778 3000 2832 hoc
3050 2777 3303 2839 verbum,
3357 2789 3452 2828 nec
3502 2772 3675 2826 minus
3721 2782 3877 2836 quant
3924 2776 4084 2830 supe-

2501 2872 2609 2924 rius
2633 2872 2646 2923 !

2575 2960 2641 3013 In
2674 2962 2860 3013 mumlo
2904 2961 3053 3027 plena
3089 2959 3255 3011 onmin
3288 2956 3497 3019 laqueis.
3526 2979 3590 2990 —
3632 2950 3804 3016 lpsutu
3851 2947 4007 3013 igitur
4036 2942 4087 2994 in

2504 3063 2682 3108 mente
2703 3053 2926 3122 quisque
2954 3060 3129 3106 nostra
3152 3050 3463 3109 scribamus,
3487 3053 3539 3098 et
3564 3055 3774 3107 settiper
3806 3054 3858 3090 tn
3887 3048 4090 3088 tuente-

2508 3145 2585 3197 ria
2615 3142 3068 3204 circtnuleratuus,
3101 3149 3150 3191 et
3180 3154 3282 3191 liutl
3314 3136 3464 3189 laede
3513 3134 3864 3201 pet-calamus.
3898 3123 4089 3177 Inscri-

2511 3238 2695 3289 bamus
2743 3236 2886 3304 prius
2938 3235 3106 3302 ipsum
3153 3246 3272 3283 cum
3320 3228 3464 3283 omni
3506 3226 3772 3294 diligentia
3802 3223 4089 3272 discentes.

2509 3326 2622 3380 Non
2667 3327 2809 3379 enim
2858 3324 3025 3377 dixit:
3060 3321 3250 3390 Aspice
3300 3320 3436 3387 quod
3471 3322 3520 3369 itt
3567 3313 3741 3368 iitedto
3785 3315 4090 3378 laqueorum

2511 3418 2819 3491 pertransis,
2853 3416 2969 3475 sed,
3019 3416 3263 3484 Agitasse.
3316 3410 3381 3463 Et
3418 3420 3581 3476 quare
3626 3405 3776 3459 dum,
3830 3397 4092 3468 annosch

2509 3513 2867 3569 Obumbrattts
2891 3517 2994 3567 est.
3034 3505 3225 3574 inquit,
3258 3503 3476 3568 laqueus
3508 3514 3520 3548 :
3553 3496 3655 3547 hoc
3693 3507 3835 3546 cuuu
3878 3494 4095 3555 laqueus

2509 3612 2609 3665 est,
2632 3602 2847 3672 quando
2870 3615 2973 3654 uoti
2995 3604 3178 3667 aperte
3198 3603 3343 3648 mors
3364 3594 3601 3655 apparet,
3628 3596 3797 3651 neque
3818 3578 4094 3631 tuantlesta

2510 3693 2712 3757 clades,
2763 3692 2855 3747 sed
2902 3691 3135 3758 mutique
3182 3685 3393 3738 obtecta
3423 3676 3629 3747 adiacet
3660 3690 3674 3727 :
3709 3682 3985 3740 propterea
4016 3672 4095 3720 dt-

2509 3786 2607 3849 xit,
2658 3785 2905 3855 Agnosco.
2954 3780 3115 3834 Multa
3147 3774 3238 3829 tibi
3287 3786 3422 3841 opus
3448 3781 3529 3824 est
3573 3762 4019 3855 consideratione.
4045 3766 4097 3814 et

2512 3875 2749 3945 diligenti
2776 3870 3106 3927 scrutatione
3130 3883 3143 3918 :
3168 3866 3306 3918 sicut
3342 3860 3481 3915 enim
3513 3858 3659 3927 pueri
3692 3867 3829 3910 terra
3860 3854 4097 3919 laqueos.

2513 3942 2880 4021 sicvdiabolus
2923 3961 3044 4013 vita:
3090 3952 3447 4022 voluptatibus
3485 3958 3696 4019 peccata
3744 3942 4097 3999 circumtexit.

2514 4056 2621 4112 Sed
2670 4066 2900 4125 agnosce
2953 4056 3290 4117 perscrutatis
3337 4043 3615 4112 diligenter
3648 4054 3660 4090 :
3693 4047 3746 4091 et
3797 4034 3840 4088 si
3892 4035 4099 4085 lucrttni

2515 4146 2828 4207 occurrerit,
2877 4154 2945 4194 ne
2990 4139 3194 4192 luerunt
3242 4134 3466 4204 aspicias
3512 4131 3705 4190 solum,
3738 4126 3829 4181 sed
3863 4132 4103 4176 scrutare

2516 4241 2816 4308 diligenter,
2842 4246 2909 4286 ne
2935 4229 3069 4284 forte
3096 4241 3239 4282 mors
3267 4236 3320 4281 et
3346 4234 3620 4295 peccatum
3651 4222 3784 4273 intra
3808 4219 4011 4271 lucrum
4029 4212 4104 4308 sit

2518 4302 2888 4383 absconditum
2922 4340 2937 4376 :
2968 4332 3021 4374 et
3068 4319 3112 4373 si
3149 4318 3361 4381 videris,
3393 4317 3593 4382 refugo.
3626 4313 3824 4364 llursus
3850 4320 3969 4359 cum
4010 4302 4104 4355 dc-

2520 4420 2733 4478 lectatio
2763 4427 2817 4471 et
2853 4415 3095 4483 voluptas
3139 4411 3445 4473 occurrerit,
3488 4423 3554 4460 ne
3585 4405 3903 4469 voluptatem
3931 4394 4104 4449 solum

2522 4513 2800 4581 respicias,
2841 4507 2933 4562 sed
2966 4520 3029 4559 ne
3062 4504 3195 4558 forte
3238 4502 3483 4571 iniquitas
3520 4497 3693 4563 aliqua
3724 4493 3777 4545 in
3804 4486 4107 4584 voluptatis

2525 4578 2787 4674 pro-fundo
2816 4598 3124 4650 obumbrata
3173 4595 3261 4657 sit,
3313 4591 3593 4659 diligenter
3635 4578 3935 4674 considera,
3979 4584 4041 4674 et
4062 4578 4106 4626 si

2527 4665 2810 4754 inveneris,
2843 4688 3062 4744 resilito.
3102 4687 3224 4742 Sive
3248 4683 3488 4740 consulat
3514 4676 3795 4747 quispiam,
3842 4669 3954 4722 sive
3978 4665 4109 4718 adu.

2527 4788 2685 4849 letur,
2715 4784 2826 4838 sive
2852 4781 3192 4850 obsequatur,
3224 4777 3336 4831 sive
3380 4775 3610 4827 honores
3636 4764 3967 4835 polliceatur.
3996 4756 4109 4850 ῥῖνα

2528 4878 2895 4950 quodcumque
2924 4871 3099 4932 aliud;
3134 4868 3310 4921 omnia
3356 4878 3475 4919 cum
3525 4855 3792 4927 diligentia
3837 4847 4109 4950 esaniiue-

2531 4943 2667 5036 mus,
2711 4980 2765 5023 et
2809 4969 3038 5036 undique
3087 4961 3521 5019 consideremus,
3570 4968 3634 5005 ne
3676 4949 3812 5001 forte
3860 4943 4109 5036 daiuntnn

2529 5063 2759 5135 aliquod,
2790 5079 2855 5115 ne
2905 5062 3040 5113 forte
3084 5053 3373 5124 periculum
3406 5042 3615 5112 aliquod
3647 5055 3709 5093 ex
3742 5034 3983 5130 consilio.
4030 5027 4112 5081 νει

2531 5124 2753 5219 honore,
2787 5154 2865 5207 vel
2900 5148 3157 5217 obsequio
3188 5143 3342 5199 nobis
3363 5136 3595 5197 eveniat,
3619 5139 3671 5183 et
3697 5141 3763 5179 ne
3792 5124 4036 5177 celeriter
4063 5128 4115 5171 et

2530 5218 2917 5306 inconsiderate
2964 5251 3325 5297 acenrramus.
3373 5231 3427 5285 Si
3456 5227 3599 5281 enim
3643 5235 3779 5273 unus
3825 5226 4027 5270 ιίιτιιιιιιι
4059 5218 4115 5263 οι

2529 5345 2631 5397 duo
2664 5340 2832 5408 laquei
2866 5337 3059 5399 forent,
3095 5330 3262 5385 facilis
3289 5331 3429 5378 e;set
3453 5312 3688 5371 custodia
3716 5326 3729 5373 ;
3762 5320 3907 5408 nunc.
3938 5312 4116 5356 autem

2511 5400 2762 5505 ‘lbsortnit
2817 5431 3205 5484 multitudinem
3262 5412 3544 5469 ostendere
3596 5406 3780 5460 voletis
3824 5400 4114 5505 .S'alomon,

2531 5490 2797 5597 quomodo
2826 5525 2951 5577 dicit
2976 5520 3157 5574 audias
3190 5531 3200 5563 :
3236 5512 3459 5574 Agnosco
3483 5499 3618 5568 quod
3646 5500 3697 5549 in
3727 5494 3887 5547 medio
3915 5490 4117 5585 laqueo-

2533 5591 2639 5670 {mn
2673 5615 2967 5686 prrlrunsis.
3009 5610 3123 5663 Non
3155 5601 3303 5657 dixit,
3351 5596 3509 5650 Juxta
3550 5593 3764 5659 laqueos
3793 5591 4075 5655 pertransr:
4101 5615 4116 5641 ,

2598 5735 2609 5761 ¹
2653 5732 2734 5778 Alii
2766 5745 2777 5778 :
2810 5727 2928 5777 (fine
2957 5724 3114 5773 timor,
3135 5717 3262 5769 licini
3294 5713 3360 5761 ml
3381 5720 3581 5765 onmem,
3605 5713 3699 5755 etc.

2597 5800 2616 5826 '-'
2658 5793 2757 5848 ΑΜ,
2784 5789 2989 5838 urbium.
