4452 6680
869 360 968 417 257

873 481 1198 552 Ἐπίγνωθι,
1231 486 1317 537 ὅτι
1347 485 1416 537 ἐν
1437 486 1604 556 μέσῳ
1649 490 1915 557 παγίὸων
1951 493 2290 561 διαϐαίνεις.
2321 498 2434 552 Καὶ
2471 501 2529 554 ἐν

857 567 1005 634 οἰκίᾳ
1027 565 1270 632 παγίδες,
1298 569 1393 621 καὶ
1413 570 1504 621 ἐπὶ
1527 571 1806 640 τραπέζης
1829 575 2072 642 παγίδες,
2103 577 2198 630 καὶ
2225 578 2320 630 ἐπὶ
2345 579 2528 633 συλλό-

857 679 968 731 γων
999 665 1242 732 παγίδες.
1275 667 1538 730 Πολλάκις
1565 671 1984 740 ἀπερισκέπτως
2009 693 2094 740 τις
2126 677 2326 748 μεταξὺ
2357 681 2524 748 φίλων

857 762 1074 835 θαρρῶν
1115 765 1418 834 ἐφθέγξατὸ
1456 785 1508 820 τι
1541 768 1650 822 τῶν
1683 771 1781 823 οὐκ
1820 772 2144 842 ὀφειλόντων
2179 777 2521 849 ἐξενεχθῆναι

855 863 1137 932 ῥημάτων,
1166 867 1259 918 καὶ
1285 867 1524 920 κίνδυνον
1547 869 1744 938 ἦνεγκε
1770 871 2043 940 τοσοῦτον,
2071 875 2210 929 ὥστε
2233 877 2521 950 ὁλόκληρον

853 959 1150 1032 ἀνατρέψαι
1170 965 1269 1034 τὴν
1293 966 1487 1022 οίκίαν.

919 1085 987 1143 γ’.
1005 1079 1344 1150 Πανταχόθεν
1359 1083 1534 1135 τοίνυν
1553 1083 1952 1155 διερευνώμεθα
1966 1088 2034 1141 τὰ
2054 1091 2346 1160 πράγματα
2381 1093 2519 1162 μετά

847 1178 1148 1247 ἀκριϐείας.
1201 1182 1464 1246 Πολλάκις
1508 1185 1602 1238 καὶ
1645 1187 1780 1258 γυνὴ
1823 1189 2010 1255 γέγονε
2057 1193 2223 1260 παγίς
2274 1195 2388 1256 τοῖς
2440 1195 2515 1265 μὴ

849 1276 1194 1346 προσέχουσι,
1227 1281 1486 1346 πολλάκις
1511 1285 1718 1347 παιδία,
1764 1286 2018 1349 πολλάκις
2060 1289 2223 1357 φίλοι,
2258 1291 2514 1358 πολλάκις

844 1375 1103 1442 γείτονες.
1151 1379 1262 1432 Καὶ
1307 1379 1450 1444 τίνος
1495 1381 1681 1435 ἕνεκεν
1730 1383 1986 1436 τοσαῦται
2023 1386 2269 1454 παγίδες,
2318 1391 2509 1460 φησίν;

846 1477 964 1530 Ἵνα
997 1479 1072 1550 μὴ
1104 1480 1346 1534 κάτωθεν
1380 1483 1690 1551 πετὼμεθα,
1717 1484 1851 1536 ἀλλὰ
1875 1484 1944 1538 τά
1963 1485 2073 1538 ἀνω
2103 1486 2372 1560 ζητῶμεν.
2404 1491 2512 1543 Καὶ

843 1576 950 1646 γὰρ
971 1577 1038 1630 τὰ
1057 1580 1294 1642 πετεινὰ,
1312 1581 1414 1642 ἕως
1434 1581 1501 1634 ἂν
1513 1583 1602 1634 τὸν
1625 1581 1824 1653 ὑψηλὸν
1847 1583 1986 1656 ἀέρα
2005 1585 2198 1657 τέμνῃ,
2221 1588 2280 1640 οὐ
2304 1590 2510 1660 ταχέως

840 1675 1140 1728 ἁλίσκεταιο
1181 1675 1324 1732 οὕτω
1361 1679 1456 1732 καὶ
1491 1681 1576 1742 σὺ,
1621 1680 1726 1744 ἓως
1765 1683 1829 1734 ἀν
1863 1684 2000 1753 πρὸς
2039 1685 2108 1738 τά
2146 1687 2258 1740 ἀνω
2284 1687 2506 1757 βλέπῃς.

835 1773 958 1826 οὔτε
987 1775 1092 1827 ὑπὸ
1133 1777 1376 1844 παγίδος,
1411 1777 1534 1831 οὔτε
1571 1781 1662 1848 ὑφ’
1694 1779 1886 1852 ἐτέρας
1921 1783 2064 1846 τινὸς
2094 1785 2276 1856 ἀλώσῃ
2314 1785 2508 1856 ῥᾳδίως

835 1872 1146 1944 ἐπιϐουλῆς.
1172 1876 1409 1947 Ἰξευτής
1445 1880 1592 1932 ἐστιν
1627 1883 1655 1932 ό
1695 1879 1959 1944 διάϐολος⁹
1995 1883 2153 1949 γενοῦ
2188 1883 2361 1936 τοίνυν
2397 1885 2504 1938 τῶν

834 1971 1041 2024 ἐκείνου
1083 1973 1344 2044 καλάμων
1384 1977 1730 2047 ὑψηλότερος.
1757 1979 1813 2032 '0
1851 1981 1988 2050 πρὸς
2023 1981 2082 2034 τὸ
2128 1983 2259 2051 ὕψος
2297 1983 2502 2047 ἀναϐἀς

831 2069 1014 2123 οὐκέτι
1040 2071 1187 2125 οὐδὲν
1213 2071 1554 2144 θαυμάσεται
1573 2077 1682 2130 τῶν
1710 2077 1980 2146 βιωτικῶν
2001 2082 2355 2152 πραγμάτων·
2381 2084 2502 2136 ἀλλ’

831 2167 978 2220 ὥσπε
989 2186 1038 2239 ρ,
1057 2171 1272 2224 ἐπειδὰν
1298 2175 1378 2236 είς
1401 2175 1500 2245 τὴν
1527 2176 1768 2246 κορυφὴν
1789 2178 2188 2250 ἀναδράμωμεν
2207 2180 2312 2233 τῶν
2336 2181 2497 2252 ὀρῶν,

831 2262 1003 2332 μικρὰ
1045 2265 1137 2318 καὶ
1177 2268 1209 2334 ή
1247 2267 1402 2328 πόλις
1443 2269 1578 2336 ἡμῖν
1617 2267 1754 2322 εἶναι
1787 2271 1935 2323 δοκεῖ
1966 2273 2061 2324 καὶ
2099 2273 2166 2326 τά
2201 2275 2373 2346 τείχη,
2407 2285 2499 2334 καὶ

829 2359 1131 2425 μυρμήκων
1159 2358 1314 2426 δίκην
1348 2361 1437 2412 ἐπὶ
1467 2363 1564 2430 τῆς
1599 2364 1700 2431 γῆς
1727 2365 1776 2414 οί
1807 2364 1996 2435 ἄνδρες
2025 2369 2156 2436 ἡμῖν
2195 2367 2498 2436 βαδίζοντες

825 2449 1120 2516 φαίνονται·
1174 2451 1346 2514 οὕτως
1380 2454 1597 2506 ἐπειδὰν
1636 2456 1725 2508 ἐπὶ
1768 2456 1866 2526 τὴν
1911 2457 2118 2530 ὑψηλὴν
2156 2460 2360 2516 ἔννοιαν
2398 2463 2496 2534 τῆς

825 2542 1138 2611 φιλοσοφίας
1175 2543 1424 2617 ἀνέλθῃς,
1453 2548 1608 2601 οὐδέν
1634 2566 1692 2602 σε
1717 2549 1826 2604 τῶν
1855 2552 1946 2604 ἐπὶ
1975 2555 2072 2626 τῆς
2100 2556 2205 2626 γῆς
2227 2558 2494 2629 ἐκπλῆξαι

821 2638 1130 2707 δυνήσεται,
1177 2639 1311 2692 ἀλλα
1361 2643 1532 2712 μικρά
1582 2643 1760 2697 πάντα
1794 2651 2065 2714 φανεῖται,
2103 2655 2197 2705 καὶ
2242 2654 2490 2721 πλοῦτος,

823 2731 916 2782 καὶ
951 2730 1097 2795 δόξα,
1142 2734 1236 2786 καὶ
1272 2734 1580 2801 δυναστεία,
1623 2740 1716 2792 καὶ
1767 2741 1898 2812 τιμὴ
1947 2746 2040 2797 καὶ
2079 2747 2133 2799 ετ
2165 2763 2218 2800 τι
2254 2749 2492 2804 τοιοῦτον

819 2825 1022 2894 ἕτερον,
1063 2827 1190 2880 ὅταν
1225 2829 1296 2881 τὰ
1335 2833 1392 2882 ἐν
1433 2832 1681 2901 οὐρανοῖς
1711 2833 1936 2906 βλέπῃςο
1967 2840 2218 2911 καθάπερ
2257 2841 2350 2897 οὖν
2395 2847 2489 2899 καὶ

819 2920 1014 2990 Παύλῳ
1047 2922 1218 2992 μικρά
1251 2925 1427 2978 πάντα
1460 2928 1727 2995 ἐφαίνετο,
1757 2931 1853 2984 καὶ
1882 2935 2087 3004 νεκρῶν
2117 2937 2488 3012 ἀχρηστότερα

815 3015 882 3067 τά
907 3015 1133 3087 λαμπρά
1159 3019 1252 3071 τοῦ
1277 3021 1544 3090 παρόντος
1563 3022 1699 3091 βίου.
1719 3026 1817 3080 Διά
1839 3027 1997 3080 τοῦτο
2018 3031 2110 3083 καὶ
2135 3033 2262 3085 ἐϐόα
2287 3035 2480 3103 λέγων⁸

815 3110 978 3179 Ἐμοί
1010 3115 1236 3182 κόσμος
1259 3115 1644 3184 ἐσταύρωται·
1678 3120 1765 3173 διὰ
1789 3121 1946 3176 τοῦτο
1979 3126 2074 3178 καὶ
2091 3127 2222 3197 ἡμῖν
2254 3131 2483 3201 παρῄνει

810 3206 1002 3273 λέγων·
1037 3208 1114 3262 Τὰ
1141 3207 1264 3262 ἅνω
1291 3212 1576 3278 φρονεῖτε.
1612 3216 1797 3279 Ἀνω;
1829 3220 1955 3271 ποῖα
1980 3219 2176 3287 λέγεις,
2208 3225 2327 3276 είπέ
2361 3243 2478 3295 μοι;

809 3303 942 3355 ὅπου
967 3304 1136 3374 ἥλιος,
1163 3305 1296 3358 ὅπου
1329 3307 1560 3378 σελήνης
1592 3311 1762 3380 Οὐχὶ,
1793 3315 1972 3382 φησίν.
2004 3316 2164 3370 Ἀλλά
2193 3319 2292 3372 ποῦ
2313 3338 2326 3384 ;
2347 3323 2480 3377 ὅπου

807 3398 1046 3467 ἄγγελοι,
1077 3399 1211 3452 ὅπου
1237 3401 1588 3471 ἀρχάγγελοι,
1628 3405 1759 3458 ὅπου
1791 3407 1857 3460 τὰ
1885 3412 2148 3482 χερουϐὶμ
2173 3416 2267 3468 καὶ
2297 3418 2368 3470 τά
2393 3434 2482 3470 σε-

807 3495 1018 3566 ραφίμ;
1065 3497 1227 3565 Οὐχὶ,
1280 3499 1462 3568 φησίν.
1505 3501 1672 3554 Ἀλλά
1713 3503 1852 3568 ποῦ;
1912 3507 2104 3562 Ὅπου
2145 3515 2178 3563 ὀ
2226 3514 2479 3582 Χριστός

803 3587 976 3641 ἐστιν
988 3590 1059 3642 ἐν
1073 3588 1239 3656 δεξιᾷ
1257 3592 1362 3646 τοῦ
1387 3595 1534 3647 Θεοῦ
1557 3595 1906 3664 καθήμενος.
1931 3602 2258 3672 Πειθώμεθα
2276 3609 2472 3674 τοίνυν,

803 3684 1021 3737 κάκεῖνο
1043 3684 1304 3753 διηνεκῶς
1327 3686 1687 3758 λογιζώμεθα,
1707 3691 1790 3743 ὅτι
1825 3693 2078 3765 καθάπερ
2103 3697 2180 3766 τῷ
2211 3701 2474 3774 στρουθίῳ

801 3774 992 3842 όφελος
1018 3777 1168 3829 οὐδὲν
1192 3777 1299 3832 τῶν
1335 3781 1548 3850 πτερῶν
1593 3782 1698 3834 ὑπὸ
1739 3784 1842 3853 τῆς
1879 3789 2100 3855 παγίδος
2127 3792 2325 3858 ἁλόντι,
2357 3797 2470 3850 ἀλλ’

799 3869 919 3938 εἰκῆ
945 3870 1036 3920 καὶ
1065 3872 1240 3941 μάτην
1264 3891 1360 3926 πτε
1371 3875 1646 3944 ρύσσεται·
1677 3877 1818 3932 οὕτω
1840 3881 1932 3934 καὶ
1957 3885 2036 3936 σοὶ
2062 3885 2170 3940 τῶν
2197 3888 2470 3961 λογισμῶν

797 3964 949 4016 οὐδὲν
980 3965 1188 4033 ὄφελος,
1222 3967 1316 4020 ἐάν
1353 3970 1491 4022 κατά
1525 3971 1724 4040 κράτος
1756 3974 1860 4027 ὑπὸ
1886 3975 1984 4048 τῆς
2014 3983 2254 4051 πονηρᾶς
2283 3985 2469 4038 ἐπιθυ-

799 4059 930 4126 μίας
969 4061 1133 4129 ἁλῷς,
1183 4063 1298 4114 ἀλλ’
1337 4064 1436 4116 ὅσα
1489 4066 1554 4119 ἂν
1591 4071 1909 4142 σκιρτήσῃς,
1958 4075 2147 4140 ἐάλως.
2180 4080 2276 4133 Διά
2315 4082 2468 4136 τοῦτο

797 4155 970 4224 πτερά
989 4159 1100 4218 τοῖς
1122 4159 1438 4228 στρουθίοις,
1471 4162 1553 4216 ἵνα
1573 4165 1784 4236 ἐκφύγῃ
1809 4168 1908 4232 τάς
1932 4173 2180 4238 παγίδας
2205 4175 2292 4229 διὰ
2310 4177 2466 4232 τοῦτο

795 4247 1042 4319 λογισμοὶ
1071 4257 1182 4315 τοῖς
1209 4255 1304 4305 ἀνθ
1315 4255 1533 4324 ρώποις,
1563 4259 1648 4311 ἵνα
1676 4263 1954 4330 ἐκφύγωσι
1979 4268 2044 4319 τὰ
2069 4269 2460 4342 ἁμαρτήματα.

793 4341 837 4390 Τ
845 4341 926 4392 ίνα
945 4339 1036 4394 οὖν
1061 4343 1254 4413 ἕξομεν
1283 4349 1628 4420 συγγνώμην,
1652 4354 1770 4408 τίνα
1797 4357 1853 4410 δέ
1873 4359 2187 4430 ἀπολογίαν,
2209 4367 2336 4420 ὅταν
2355 4369 2463 4420 τῶν

791 4434 1002 4502 ἀλόγων
1029 4429 1177 4505 ὦμεν
1209 4438 1582 4512 ἀνοητότεροι;

872 4534 928 4586 Ὀ
957 4535 1056 4603 μὲν
1091 4535 1198 4606 γὰρ
1231 4539 1484 4606 στρουθὸς
1517 4542 1665 4607 ἅπαξ
1705 4546 1864 4610 ἁλοὺς
1903 4553 2007 4604 ὑπὸ
2053 4557 2297 4621 παγίδος,
2341 4557 2458 4612 εἶτα

787 4627 1081 4695 διαφυγὼν,
1122 4631 1215 4682 καὶ
1267 4631 1462 4700 ἔλαφος
1495 4635 1550 4687 δέ
1591 4640 1671 4701 είς
1699 4639 1956 4696 δίκτυονδ
2007 4649 2321 4718 ἐμπεσοῦσα
2366 4659 2455 4710 καὶ

787 4721 1088 4794 διαδρᾶσα,
1148 4725 1420 4792 δυσκόλως
1471 4730 1766 4789 ἁλώσονται
1829 4741 1988 4793 πάλιν
2056 4748 2165 4809 τοῖς
2231 4751 2449 4816 αὐτοῖς·

787 4816 999 4886 ἑκάστῳ
1033 4817 1138 4889 γὰρ
1168 4821 1200 4890 ή
1229 4824 1391 4892 πεῖρα
1423 4823 1740 4892 διδάσκαλος
1771 4833 2070 4902 ἀσφαλείας
2119 4839 2268 4915 [156]
2305 4847 2448 4912 γίνε-

784 4925 895 4963 ται.
937 4912 1128 4982 Ἡμεῖς
1170 4915 1226 4967 δέ
1262 4918 1521 4982 πολλάκις
1553 4927 1663 4986 τοῖς
1692 4927 1876 4993 αὐτοῖς
1915 4932 2158 4999 ἁλόντες,
2193 4941 2306 5001 τοῖς
2354 4942 2450 4993 αύ-

782 5006 894 5067 τοῖς
925 5009 1345 5079 περιπίπτομεν,
1372 5014 1462 5066 καὶ
1495 5017 1614 5069 οὐδὲ
1646 5020 1754 5072 τῶν
1783 5024 1992 5093 ἀλόγων
2013 5029 2071 5081 τὸ
2097 5037 2448 5104 προνοητικὸν

781 5101 873 5153 καὶ
923 5109 1398 5176 μεμεριμνημένον
1443 5113 1492 5164 οί
1547 5113 1689 5186 λόγῳ
1732 5121 2053 5190 τιμηθέντες
2111 5101 2444 5200 μιμούμεθα.

779 5197 1018 5262 ῐίοσάκις
1066 5196 1158 5254 οὖν
1222 5203 1418 5268 ἰδόντες
1457 5211 1722 5274 γυναῖκα,
1766 5216 1934 5287 μυρία
1985 5196 2262 5293 ἐπάθομεν
2287 5196 2446 5280 ’δεινά

778 5289 958 5341 οίκαδε
993 5293 1444 5365 ἀναχωρήσαντες
1467 5341 1481 5362 ,
1521 5304 1612 5355 καὶ
1647 5305 1745 5377 τὴν
1787 5310 2078 5382 ἐπιθυμίαν
2118 5289 2400 5388 δεξάμενοι
2423 5364 2492 5392 ,⁸,

779 5384 874 5435 καὶ
905 5384 998 5438 ἐπὶ
1031 5387 1250 5452 πολλαῖς
1278 5391 1626 5464 ὀδυνηθέντες
1651 5403 1905 5472 ἡμέραις,
1933 5408 2049 5462 ἀλλ’
2071 5411 2220 5482 ὅμως
2249 5384 2308 5468 οὐ

779 5481 1156 5552 φρονιζόμεθα,
1214 5487 1348 5542 ἀλλά
1385 5491 1536 5561 μόλις
1574 5495 1634 5547 τὸ
1689 5499 1951 5572 πρότερον
2001 5503 2438 5580 θεραπεύσαντες

773 5575 950 5642 ἕλκος,
977 5581 1136 5632 πάλιν
1159 5585 1272 5646 τοῖς
1295 5587 1478 5652 αὐτοῖς
1503 5593 1921 5666 περιπίπτομεν,
1950 5603 2044 5654 καὶ
2074 5605 2178 5658 ὑπὸ
2207 5609 2316 5662 τῶν
2335 5613 2434 5664 αύ-

773 5667 878 5720 τῶν
907 5671 1258 5742 ἀλισκόμεθα,
1285 5681 1376 5733 καὶ
1397 5683 1482 5736 διὰ
1510 5685 1764 5758 βραχεῖαν
1783 5693 1975 5766 ἡδονὴν
1992 5697 2188 5768 ὄψεως,
2211 5703 2429 5780 διηνεκῆ

663 5762 670 5767 ”
771 5779 888 5816 τινα
923 5767 1014 5818 καὶ
1044 5769 1254 5838 χρόνιον
1277 5775 1614 5852 ὑπομένομεν
1642 5785 1855 5858 ὀδύνην.
1893 5791 2029 5846 Ἀλλ’
2049 5796 2142 5852 ἐὰν
2167 5800 2429 5872 μάθωμεν

827 5880 848 5903 ⁸
867 5883 964 5936 Alii
989 5889 1052 5944 εἷς
1077 5889 1258 5944 δίκτυα.

1611 366 1669 421 S.
1709 365 1994 425 JOANNIS
2029 369 2522 432 CHRYSOSTOMI
2557 376 2875 434 ARCHIEP.
2917 380 3457 444 CONSTANTINOP.

4203 399 4316 457 158

2637 490 2873 561 συνεχῶς
2909 493 3112 565 ταύτην
3156 497 3426 568 ἐπιλέγειν
3469 501 3680 564 ἑαυτοῖς
3715 501 3818 572 τὴν
3859 505 4044 577 ῥῆσιν,
4079 513 4318 566 πάντων

2635 585 3050 654 ἀποπησόμεθα
3097 591 3205 643 τῶν
3237 595 3452 647 δεινῶνο
3487 596 3650 664 παγὶς
3678 599 3908 669 μεγίστη
3957 605 4156 670 κάλλος
4205 623 4314 673 γυ-

2635 683 2816 744 ναικός
2837 699 2850 712 ·
2887 682 3084 751 μᾶλλον
3114 685 3170 737 δέ
3191 689 3312 756 οὐχὶ
3341 691 3534 754 κάλλος
3566 692 3845 760 γυναικὸς,
3879 695 3994 748 ἀλλ’
4025 701 4060 769 ἡ
4093 703 4316 754 ἀκόλα-

2634 787 2756 836 στος
2781 773 2931 843 ὄψις·
2968 775 3044 846 μὴ
3071 776 3180 848 γάρ
3225 779 3288 850 δὴ
3317 781 3386 834 τά
3419 786 3718 856 πράγματα
3755 787 4154 862 διαϐάλλωμεν,
4185 796 4314 848 ἀλλ’

2630 867 2778 934 ἡμᾶς
2809 868 2906 920 καὶ
2935 867 3031 939 τὴν
3054 871 3331 941 ἡμετέραν
3361 877 3636 949 ρᾳθυμίαν
3655 897 3670 913 ο
3721 882 3854 953 μηδὲ
3891 883 4166 954 λέγωμεν,
4209 891 4312 961 Μὴ

2629 959 2876 1018 ἔστωσαν
2897 969 3172 1034 γυναῖκες,
3201 967 3337 1022 ἀλλά
3367 971 3458 1041 Μὴ
3491 973 3732 1030 ἔστωσαν
3757 982 4000 1050 μοιχεῖα·
4039 982 4180 1053 μηδὲ
4219 959 4314 1037 λέξ

2630 1067 2842 1122 γωμεν,
2875 1058 2967 1129 Μὴ
2997 1057 3135 1112 ἔστω
3163 1059 3375 1125 κάλλος,
3405 1064 3540 1118 ἀλλά
3572 1070 3662 1140 Μὴ
3689 1071 3827 1125 ἔστω
3863 1074 4115 1144 πορνεία·
4157 1078 4312 1146 μηδὲ

2625 1142 2892 1215 λέγωμεν,
2924 1151 3014 1222 Μὴ
3040 1152 3179 1206 ἐστω
3209 1153 3404 1218 κοιλία,
3431 1157 3566 1212 ἀλλά
3591 1163 3682 1233 Μὴ
3722 1164 3862 1218 ἔστω
3881 1142 4206 1236 ἀδηφαγίαν·

2623 1237 2731 1308 γὰρ
2752 1243 2784 1310 ὴ
2809 1245 2986 1301 κοιλία
3000 1249 3096 1319 τὴν
3125 1250 3431 1320 ἀδηφαγίαν
3453 1259 3618 1316 ποιεῖ,
3650 1257 3764 1310 ἀλλ’
3785 1262 3818 1330 ἡ
3846 1262 4090 1332 ἡμετέρα
4123 1263 4308 1334 ῥᾳθυ-

2625 1333 2742 1401 μία.
2771 1338 2862 1408 Μὴ
2882 1339 3127 1412 λέγωμεν
3145 1345 3234 1398 διὰ
3247 1346 3308 1398 τὸ
3327 1350 3518 1415 φαγεῖν
3539 1351 3634 1402 καὶ
3655 1358 3798 1408 πιεῖν
3819 1359 3995 1412 πάντα
4013 1359 4082 1412 τὰ
4104 1333 4270 1414 κακὰ
4287 1379 4302 1392 ·

2620 1430 2680 1482 οὐ
2733 1431 2842 1503 γὰρ
2885 1435 2974 1489 διὰ
3027 1439 3216 1504 τοῦτο,
3255 1441 3392 1494 ἀλλά
3435 1441 3521 1495 διὰ
3573 1445 3670 1514 τὴν
3717 1451 3988 1521 ρᾳθυμίαν
4041 1457 4140 1508 καὶ
4191 1457 4306 1525 τὴν

2618 1526 2920 1598 ἀπληστίαν
2951 1533 3049 1605 τὴν
3073 1536 3367 1605 ἡμετέραν.
3405 1537 3518 1592 Οὐκ
3554 1539 3724 1608 ἔφαγε
3751 1546 3882 1610 γοῦν
3919 1550 4038 1602 οὐδὲ
4073 1551 4239 1602 ἔπιεν
4271 1555 4306 1606 ό

2616 1619 2879 1690 διάϐολος,
2906 1630 2997 1682 καὶ
3029 1631 3328 1686 κατέπεσεν
3349 1651 3363 1666 ·
3389 1632 3558 1702 ἔφαγε
3583 1639 3675 1690 καὶ
3701 1639 3852 1694 ἐπιεν
3872 1646 3900 1695 ὁ
3927 1646 4166 1710 Παῦλος,
4197 1646 4304 1699 καὶ

2615 1717 2695 1779 είς
2733 1719 2822 1772 τὸν
2871 1725 3097 1794 οὐρανὸν
3145 1728 3360 1798 ἀνῆλθε.
3397 1729 3578 1784 Πόσων
3633 1734 3816 1788 ἀκούω
3860 1737 4158 1807 λεγόντων,
4195 1743 4300 1813 Μὴ

2614 1809 2752 1864 ἔστω
2791 1819 2984 1872 πενίαί
3025 1823 3490 1895 Ἐπιστομίζωμεν
3542 1828 3722 1882 τοίνυν
3771 1834 3898 1894 τοὺς
3942 1835 4011 1887 τά
4051 1837 4300 1890 τοιαῦτα

2611 1905 3090 1976 δυσχεραίνοντας·
3120 1916 3436 1990 βλασφημία
3479 1921 3588 1992 γὰρ
3616 1923 3677 1975 τὸ
3713 1923 3781 1976 τά
3831 1929 4056 1980 τοιαῦτα
4100 1929 4298 1999 λέγειν

2611 2001 2744 2056 ἐστί.
2802 2005 3064 2076 Λέγωμεν
3118 2013 3293 2065 τοίνυν
3334 2016 3468 2084 πρὸς
3515 2017 3732 2081 αὐτούς’
3765 2017 3851 2090 Μὴ
3897 2021 4036 2075 ἔστω
4085 2041 4300 2095 μικρο-

2608 2091 2808 2163 ψυχίασ
2856 2101 3013 2153 πενία
3056 2103 3162 2174 γὰρ
3193 2107 3362 2176 μυρία
3397 2111 3477 2168 είς
3501 2109 3589 2163 τὸν
3637 2111 3749 2181 βίον
3775 2115 3932 2184 ήμῶν
3977 2091 4294 2189 εἰσήγαγεν

2609 2187 2828 2254 ἀγαθὰ,
2865 2193 2958 2245 καὶ
3009 2198 3178 2266 χωρὶς
3230 2201 3416 2264 πενίας
3459 2203 3488 2255 ὁ
3541 2205 3768 2270 πλοῦτος
3827 2187 4126 2281 ἄχρηστος.
4189 2214 4292 2283 Μὴ

2607 2280 2784 2334 τοίνυν
2835 2285 2972 2353 μήτε
3010 2287 3196 2341 τοῦτον
3231 2295 3368 2360 μήτε
3419 2294 3632 2366 ἐκείνην
3661 2280 4064 2372 διαϐάλλωμεν·
4113 2280 4292 2358 πενία

2607 2373 2710 2443 γὰρ
2737 2376 2829 2428 καὶ
2878 2377 3102 2442 πλοῦτος
3155 2381 3296 2435 ὅπλα
3331 2386 3446 2436 ἐστὶ
3480 2389 3618 2457 πρὸς
3662 2391 3862 2464 ἀρετὴν
3899 2396 4144 2466 ἑκάτερα
4175 2399 4288 2466 φέ-

2607 2483 2787 2538 ροντα,
2823 2471 2888 2524 ἂν
2911 2473 3076 2527 ἐθέλω
3082 2493 3197 2546 μεν,
3219 2480 3390 2534 Ὥσπε
3397 2497 3429 2550 ρ
3445 2481 3538 2536 οὖν
3557 2484 3585 2536 ό
3615 2490 3859 2552 γενναῖος
3903 2491 4284 2564 στρατιώτης,

2602 2557 2711 2616 οἷον
2760 2565 2826 2618 ἀν
2857 2567 3018 2621 ὅπλον
3053 2569 3188 2642 λάϐῃ
3209 2611 3223 2634 ,
3256 2573 3355 2642 τὴν
3388 2575 3592 2628 οἰκείαν
3627 2579 3827 2652 ἀρετὴν
3863 2557 4282 2640 ἐπιδείκνυταιτ

2601 2657 2772 2721 οὕτως
2813 2663 2840 2713 ὁ
2867 2662 3122 2732 ἄνανδρος
3149 2666 3240 2717 καὶ
3272 2667 3444 2732 δειλὸς
3472 2671 3561 2740 ὑφ’
3587 2675 3864 2746 ἑκατέρων
3889 2680 4278 2748 ἐμποδίζεται.

2601 2752 2708 2804 Καὶ
2759 2755 2844 2808 ἵνα
2881 2757 3078 2829 μάθῃς,
3111 2760 3194 2811 ὅτι
3238 2761 3394 2815 τοῦτό
3431 2765 3579 2820 ἐστιν
3627 2769 3848 2838 ἀληθὲς,
3883 2774 4280 2846 ἀναμνήσθητι

2600 2859 2689 2911 μοι
2715 2846 2808 2897 τοῦ
2843 2847 2981 2912 Ἰὼϐ,
3009 2850 3068 2912 ὃς
3097 2853 3233 2921 ὁμοῦ
3281 2857 3374 2908 καὶ
3413 2858 3664 2925 πλούσιος
3699 2866 3792 2917 καὶ
3826 2867 3994 2938 πένης
4021 2869 4231 2937 γέγονε
4257 2911 4277 2937 ,

2595 2939 2689 2991 καὶ
2717 2941 2951 3014 ἑκάτερα
2989 2945 3056 2998 τά
3099 2947 3237 3000 ὅπλα
3287 2955 3722 3023 μετεχειρίσατο,
3755 2959 3848 3011 καὶ
3891 2962 3948 3012 ἐν
3979 2962 4276 3034 ἑκατέροις

2593 3032 2883 3103 ἐκράτησε.
2940 3038 3051 3092 Καὶ
3083 3040 3172 3092 ὅτε
3225 3041 3324 3111 μὲν
3365 3043 3618 3110 πλούσιος
3643 3045 3731 3119 ἦν,
3763 3051 3968 3120 ἐλεγεψ
4013 3055 4074 3108 Ἠ
4109 3032 4276 3124 οὖρα

2584 3143 2703 3194 μου
2737 3130 2914 3182 παντί
2951 3131 3188 3187 ἐλθόντι
3220 3137 3480 3204 ὴνέῳκτο
3505 3157 3517 3169 ·
3561 3143 3650 3194 ὅτε
3685 3143 3742 3196 δὲ
3787 3146 3954 3216 πένης
3997 3150 4271 3216 γέγονεν,

2590 3218 2795 3290 ἔλεγεν·
2834 3224 2894 3276 ’0
2921 3226 3130 3293 Κύριος
3155 3229 3394 3295 ἔδωκεν,
3430 3237 3462 3286 ὀ
3483 3237 3694 3302 Κύριος
3719 3239 3995 3306 ἀφείλετο
4019 3259 4032 3272 ·
4063 3245 4148 3308 ὡς
4183 3245 4272 3310 τῷ

2589 3316 2782 3382 Κυρίῳ
2807 3316 3040 3384 ἔδοξεν,
3075 3321 3230 3374 οὕτω
3260 3323 3360 3376 καί
3402 3325 3658 3395 ἐγένετο.
3695 3331 3822 3383 Ὅτε
3879 3333 4131 3398 πλούσιος
4163 3333 4268 3406 ἦν,

2589 3409 2787 3480 πολλὴν
2841 3411 2938 3482 τὴν
2990 3415 3315 3484 φιλοξενίαν,
3352 3421 3439 3472 ὅτε
3467 3421 3634 3492 πένης
3665 3423 3875 3492 γέγονε,
3907 3428 4110 3498 πολλὴν
4151 3433 4268 3502 τὴν

2589 3505 2864 3576 ὑπομονὴν
2895 3509 3224 3574 ἐπεδείξατο.
3269 3513 3378 3568 Καὶ
3410 3517 3474 3568 σὺ
3497 3517 3674 3570 τοίνυν
3717 3520 3972 3585 πλούσιος
4001 3519 4080 3588 είς
4119 3527 4270 3578 πολ-

2585 3598 2680 3667 λὴν
2703 3600 3042 3656 ἐπιδείκνυσο
3071 3605 3167 3674 τὴν
3196 3607 3582 3684 ἐλεημοσύνην.
3617 3615 3793 3687 Πένης
3825 3619 4084 3687 γέγονας;
4119 3620 4268 3674 πολ-

2581 3691 2677 3761 λὴν
2705 3694 2802 3763 τὴν
2833 3699 3128 3768 καρτερίαν
3167 3702 3262 3754 καὶ
3299 3705 3400 3776 τὴν
3437 3707 3736 3780 ὑπομονήν.
3763 3713 3902 3768 Οὔτε
3935 3717 4041 3788 γὰρ
4073 3719 4264 3772 πλοῦ-

2580 3801 2668 3847 τος
2711 3786 2898 3850 κακὸν,
2929 3787 3051 3842 οὔτε
3081 3793 3240 3845 πενία
3275 3796 3458 3860 ἀπλῶς
3478 3815 3492 3829 ·
3519 3801 3655 3854 ἀλλά
3685 3805 3837 3875 παρά
3865 3807 3960 3878 τὴν
3987 3786 4262 3880 προαίρε-

2580 3895 2662 3932 σιν
2689 3879 2796 3931 τῶν
2827 3885 3120 3952 χρωμένων
3149 3887 3385 3956 ἑκάτερα
3415 3890 3587 3946 ταῦτα
3611 3895 3840 3962 γίνεται.

2643 3972 2704 4029 δ’.
2735 3977 3117 4048 Παιδεύσωμεν
3139 3981 3317 4033 τοίνυν
3340 3984 3564 4048 ἑαυτοὺς
3596 3988 3669 4057 μὴ
3701 3992 3954 4056 τοιαύτας
3975 3995 4102 4064 περὶ
4131 3997 4260 4052 τῶν

2576 4069 2916 4137 πραγμάτων
2943 4071 3088 4139 ἐχειν
3117 4073 3216 4136 τὰς
3243 4076 3473 4144 κρίσεις,
3514 4081 3647 4150 μηδὲ
3671 4083 3739 4136 τὰ
3784 4085 3918 4157 ἔργα
3949 4088 4041 4140 τοῦ
4075 4089 4254 4155 Θεοῦ,

2575 4157 2712 4209 ἀλλὰ
2752 4161 2850 4226 τὴν
2883 4161 3200 4231 προαίρεσιν
3237 4165 3335 4236 τὴν
3366 4171 3610 4240 πονηράν
3638 4174 3746 4228 τῶν
3793 4177 4090 4250 ἀνθρώπων
4121 4181 4256 4236 δια-

2573 4245 2806 4300 ϐάλλειν.
2867 4249 2968 4300 Τὸν
3033 4252 3365 4324 μικρόψυχον
3419 4259 3540 4312 οὐδὲ
3587 4265 3616 4316 ὸ
3672 4245 3909 4332 πλοῦτος*
3952 4270 4251 4340 ὠφελῆσαι

2570 4335 2827 4390 δύναται·
2863 4340 2952 4393 τὸν
2991 4344 3365 4415 μεγαλόψυχον
3411 4351 3532 4404 οὐδὲ
3582 4355 3614 4422 ἡ
3660 4359 3818 4412 πενία
3859 4335 4248 4417 καταϐλάπτει

2571 4429 2722 4481 ποτέ.

2649 4536 2991 4607 Ἐπιγνῶμεν
3015 4541 3192 4594 τοίνυν
3219 4544 3316 4608 τὰς
3339 4549 3592 4616 παγίδας,
3617 4557 3708 4608 καὶ
3737 4558 4016 4628 πόρρωθεν
4049 4562 4244 4618 αὐτῶν

2567 4627 2868 4700 βαδίζωμεν
2889 4647 2902 4658 ·
2941 4633 3253 4704 ἐπιγνῶμεν
3283 4640 3406 4703 τοὺς
3437 4649 3735 4716 κρημνοὺς,
3761 4627 3854 4704 καί
3891 4653 4026 4723 μηδέ
4056 4655 4242 4721 ἐγγὺς

2563 4719 2861 4790 γινώμεθα.
2907 4721 3076 4775 Τοῦτο
3113 4725 3409 4794 ἀσφαλείας
3442 4736 3571 4804 ἡμῖν
3603 4739 3755 4794 ἔσται
3783 4719 3932 4816 [Hii]
3952 4719 4238 4816 *μεγίστης

2563 4810 2836 4879 ὑπόθεσις,
2857 4814 2916 4866 τὸ
2943 4815 3018 4884 μὴ
3039 4815 3105 4868 τὰ
3120 4818 3499 4905 -ἀμαρτήματα
3524 4829 3744 4900 φεύγειν
3767 4810 3946 4905 μόνον,
3961 4810 4106 4892 -άλλά
4129 4810 4236 4896 καὶ

2558 4899 2626 4952 τὰ
2651 4901 2918 4973 ἀδιάφορα
2949 4905 3050 4974 μὲν
3089 4903 3225 4962 εἶναι
3265 4911 3540 4986 δοκοῦντα,
3574 4923 3709 4992 πρὸς
3737 4899 3794 4977 δέ
3825 4899 4235 5000 τὰς’ἀμαρτίας

2556 4995 2701 5061 ἡμᾶς
2724 4995 3166 5058 ύττοσκελίζοντα.
3195 4999 3318 5058 Οἷόν
3340 5023 3392 5060 τι
3425 5009 3586 5080 λέγωο
3625 5015 3696 5067 Τὸ
3723 5018 3888 5090 γελᾷν
3915 4995 4008 5074 καί
4035 4995 4232 5076 ἀστεῖα.

2555 5083 2730 5152 λέγειν
2761 5087 2819 5138 οὐ
2843 5087 2992 5140 δοκεῖ
3020 5091 3120 5160 μὲν
3147 5093 3565 5170 ὡμολογημένον
3584 5083 3886 5180 ἀμάρήμα
3913 5107 4072 5175 εἶναι,
4095 5113 4228 5178 ἄγει

2551 5175 2610 5227 δέ
2661 5177 2742 5239 είς
2787 5177 3206 5250 ὡμολογημένον
3255 5188 3557 5261 ἁμάρτημα
3575 5208 3590 5224 ο
3630 5175 3894 5264 πολλάκις
3945 5201 4074 5269 γοῦν
4111 5175 4228 5256 ἀπὸ

2551 5265 2786 5333 γέλωτος
2809 5269 3010 5339 αίσχρά
3033 5274 3250 5344 ῥήματα
3275 5281 3540 5348 τίκτεται,
3569 5285 3678 5340 ἀπὸ
3699 5265 4226 5362 ῥημάτων-αἰσχρῶν

2551 5355 2778 5429 πράξεις
2820 5360 3201 5436 αἰσχρότεραι·
3233 5369 3492 5432 πολλάκις
3533 5375 3640 5428 ἀπὺ
3691 5355 3948 5452 ῥημάτων
3991 5355 4222 5450 καί-’γέ-

2547 5448 2718 5509 λωτος
2765 5449 3000 5523 λοιδορία
3045 5460 3140 5512 καὶ
3181 5459 3356 5531 ὕϐρις,
3403 5464 3512 5516 ἀπὸ
3561 5448 3826 5543 λοιδορίας
3869 5475 3960 5526 καὶ
4003 5448 4220 5544 ὕϐρεως

2547 5539 2752 5609 πληγαὶ
2806 5545 2900 5596 καὶ
2941 5549 3253 5620 τραύματα,
3308 5553 3417 5604 ἀπὸ
3465 5539 3794 5632 τραυμάτων
3838 5567 3928 5617 καὶ
3989 5539 4216 5636 πληγῶν

2546 5634 2752 5699 σφαγαὶ
2785 5637 2876 5689 καὶ
2911 5640 3078 5706 φόνοι.
3117 5644 3213 5694 Ἂν
3246 5646 3424 5698 τοίνυν
3464 5650 3662 5724 μέλλῃς
3705 5658 3829 5727 περὶ
3861 5634 4092 5710 σεαυτοῦ.
4114 5677 4220 5714 κα·-

2543 5727 2652 5792 λῶς
2687 5731 3053 5800 βουλεύεσθαι,
3089 5739 3211 5807 οὐχὶ
3249 5738 3315 5790 τά
3357 5744 3554 5816 αἰσχρά
3603 5752 3823 5822 ῥήματα
3869 5753 4047 5822 μόνον,
4085 5755 4208 5809 οὐδὲ

2539 5821 2606 5874 τά
2632 5826 2830 5897 αίσχρά
2859 5830 3178 5900 πράγματα,
3203 5830 3322 5884 οὐδὲ
3347 5832 3447 5898 τὰς
3475 5839 3688 5910 πληγὰς
3706 5845 3800 5896 καὶ
3826 5821 3894 5898 τά
3917 5845 4208 5917 τραύματα

2541 5919 2630 5971 καὶ
2671 5923 2793 5982 τοὺς
2839 5921 3048 5988 φόνους,
3097 5921 3232 5975 ἀλλὰ
3277 5925 3370 5978 καὶ
3407 5928 3565 5986 αὐτὸν
3595 5935 3686 5988 τὸν
3729 5934 3952 6007 ἄκαιρον
3991 5937 4206 6007 γέλωτα
