4452 6736
382 535 477 587 Ιῦῑ

385 645 503 708 sed,
538 642 602 698 lu
633 646 795 699 medio
821 645 1129 715 laqueorum.
1161 635 1438 703 Utrimque
1473 632 1625 687 nobis
1654 628 1932 701 voragines
1956 669 1969 691 ,

386 736 655 804 utrimque
704 734 831 789 doli.
886 728 1152 788 Processit
1194 723 1457 793 quispiam
1503 724 1555 776 in
1604 722 1813 784 forum,
1845 717 1977 771 vidit

388 825 684 889 inimicum,
724 824 925 880 exarsit
965 832 1031 875 ex
1078 822 1297 885 aspectu
1338 813 1452 867 solo
1503 830 1517 865 :
1572 810 1704 866 vidit
1745 806 1974 861 amicum

390 914 599 968 laudem
637 920 1047 981 consequentcm
1067 944 1083 970 ,
1113 903 1297 957 invidit
1316 918 1330 955 :
1352 903 1483 958 vidit
1512 911 1826 972 pauperem,
1850 910 1977 949 con-

390 1007 689 1073 tempsit,et
702 1001 943 1071 deSpexit
959 1016 972 1048 :
986 996 1220 1057 divitem,
1236 1005 1289 1049 et
1301 995 1485 1049 invidit
1501 1013 1513 1047 :
1529 989 1829 1061 quempiam
1848 988 1977 1042 vidit

390 1093 637 1147 affectum
656 1092 927 1163 injuria,et
944 1100 1084 1155 :egre
1100 1085 1217 1139 tulit
1236 1103 1247 1138 :
1266 1084 1569 1155 quempiam
1582 1078 1712 1134 vidit
1725 1076 1975 1159 infestan-

392 1195 523 1251 tem,
545 1197 597 1239 et
625 1185 924 1252 indignatus
952 1187 1036 1232 est
1063 1196 1076 1230 :
1105 1177 1233 1233 vidit
1259 1177 1553 1247 speciosam
1573 1172 1872 1234 mulierem,
1891 1185 1977 1224 ca-

394 1283 514 1342 ptus
532 1284 631 1329 est.
658 1270 840 1325 \‘iden‘
856 1278 984 1338 quot
1002 1267 1174 1338 laquei
1192 1268 1216 1321 ‘t
1241 1267 1366 1322 Ideo
1385 1265 1761 1334 dicit,Agnosce
1775 1262 1911 1333 quod
1928 1262 1977 1311 in

396 1364 559 1416 medio
586 1364 875 1431 laqueorum
906 1359 1108 1411 transis.
1137 1358 1199 1412 Et
1238 1355 1383 1411 domi
1410 1355 1605 1424 laquei,
1637 1365 1691 1408 ct
1715 1354 1766 1405 in
1796 1362 1981 1404 mensa

395 1454 591 1524 laquei,
637 1462 691 1503 et
740 1450 791 1502 in
835 1448 1177 1504 concionibus
1219 1446 1414 1517 laquei.
1442 1445 1647 1514 Stepius
1677 1438 1981 1496 inconside-

392 1554 511 1597 rate
535 1542 651 1610 quis
679 1540 816 1592 inter
843 1539 1041 1593 amicos
1072 1538 1364 1603 confidens,
1388 1536 1637 1606 loquutus
1658 1541 1741 1585 est
1768 1528 1982 1598 aliquod

392 1633 678 1686 verborum
722 1646 840 1700 quae
869 1630 1089 1699 proferri
1119 1644 1225 1684 non
1246 1628 1473 1691 debent,
1506 1634 1563 1679 et
1619 1622 1723 1677 tale
1769 1620 1985 1690 pertulit

396 1720 690 1792 periculum
712 1761 727 1784 ,
757 1730 814 1775 ut
855 1729 1015 1774 totam
1042 1720 1258 1774 domum
1283 1718 1639 1772 subverteret.

472 1813 526 1865 ’5.
556 1810 803 1880 Undique
833 1812 988 1881 igitur
1013 1825 1098 1865 res
1117 1824 1238 1864 cum
1267 1805 1539 1876 diligentia
1568 1810 1981 1873 perscrutemur.

402 1903 471 1956 Et
499 1918 633 1955 uxor
660 1916 800 1972 δωρο
835 1918 939 1955 non
980 1898 1377 1955 advertentibus
1416 1896 1637 1965 laqueus
1680 1902 1762 1947 est
1802 1892 1936 1947 facta
1969 1933 1983 1956 ,

401 2007 547 2062 sa-pe
574 1991 689 2057 ﬁlii,
721 2008 863 2061 saepe
892 1992 1071 2055 amici,
1104 1988 1262 2041 vicini
1307 2000 1471 2056 smpe.
1502 1985 1565 2038 Et
1591 1999 1693 2053 qua
1733 1983 1799 2037 de
1824 1997 1881 2036 re
1911 1990 1990 2035 t0t

401 2086 621 2153 laquei?
665 2085 739 2138 Ne
765 2085 1013 2139 deorsum
1044 2080 1305 2142 volemus,
1353 2076 1448 2132 sed
1476 2076 1749 2146 superiora
1778 2087 1988 2143 qurcra-

406 2190 548 2229 mus.
580 2176 786 2230 Etenim
818 2174 1047 2228 volatilia
1073 2171 1245 2226 donec
1269 2170 1433 2223 altum
1458 2182 1636 2222 aerem
1658 2174 1860 2228 secant,
1886 2180 1990 2217 non

407 2266 563 2319 facile
591 2266 873 2334 capiuntur
906 2280 919 2316 :
948 2264 1018 2316 ita
1048 2272 1102 2315 tu
1127 2262 1301 2316 donec
1324 2259 1392 2314 ad
1434 2258 1707 2329 superiora
1737 2270 1987 2323 respexe-

408 2356 503 2418 ris,
539 2371 637 2409 nec
667 2354 855 2424 laqueo
886 2368 984 2407 nec
1010 2353 1130 2406 ullis
1171 2350 1323 2405 facile
1366 2350 1592 2419 capieris
1618 2345 1843 2401 insidiis.
1886 2345 1994 2396 Au-

409 2459 538 2515 ceps
565 2455 646 2499 est
665 2444 907 2498 diabolus
938 2460 950 2495 :
984 2442 1057 2496 sis
1083 2442 1240 2511 igitur
1266 2439 1432 2509 ipsius
1455 2437 1673 2491 calamis
1692 2432 1994 2488 sublimior.

411 2538 512 2600 Qui
556 2535 795 2589 ascendit
846 2534 897 2587 in
947 2533 1131 2595 altum,
1182 2545 1287 2585 non
1334 2526 1566 2596 amplius
1610 2526 1770 2577 ullam
1818 2537 1995 2576 rerum

409 2627 756 2680 admirabitur
808 2626 1198 2684 humanarum,
1253 2620 1349 2675 sed
1405 2619 1543 2672 sicut
1609 2626 1886 2685 postquam
1946 2613 1996 2665 in

410 2717 670 2770 montium
698 2716 955 2769 verticem
981 2712 1399 2773 ascenderimns,
1430 2724 1587 2779 parva
1613 2708 1763 2762 nobis
1791 2714 1844 2760 et
1875 2704 2000 2759 urbs

411 2815 467 2861 et
497 2807 691 2861 nitenia
731 2813 1012 2873 apparent,
1056 2812 1111 2857 et
1156 2802 1494 2856 formicarum
1525 2813 1672 2855 more
1703 2796 1854 2851 nobis
1900 2797 2001 2849 viri

412 2914 579 2967 super
617 2906 810 2951 terram
860 2898 937 2950 ire
965 2897 1209 2950 videntur
1240 2913 1253 2948 :
1286 2896 1362 2948 sic
1389 2903 1662 2963 postquam
1694 2891 1758 2945 ad
1803 2892 2000 2944 celsam

414 2988 772 3059 philosophia:
815 2988 1186 3055 c0gitationem
1232 2985 1557 3049 ascenderis,
1600 2983 1730 3036 nihil
1759 2991 2002 3036 tcrreno~

416 3096 535 3133 rum
569 3088 621 3133 te
667 3079 955 3147 percellere
986 3078 1197 3147 poterit,
1230 3076 1325 3130 sed
1356 3089 1514 3145 parva
1542 3074 1861 3128 videbuntur
1887 3085 2005 3124 om—

418 3173 530 3236 nia,
559 3180 613 3223 ct
656 3170 874 3235 divitiae,
907 3180 956 3222 et
983 3168 1170 3238 gloria,
1198 3176 1247 3221 et
1282 3166 1535 3237 potentia,
1563 3174 1618 3218 et
1657 3162 1853 3227 honor,
1884 3168 1939 3214 et
1964 3160 2007 3212 si

418 3262 547 3331 quid
577 3262 719 3314 aliud
766 3259 1086 3327 huiusmodi,
1121 3274 1241 3312 cum
1281 3258 1511 3311 cmlestia
1541 3254 1798 3324 reSpicias
1828 3269 1841 3305 :
1875 3252 2012 3305 sicut

421 3353 626 3407 scilicet
650 3361 703 3406 ct
731 3352 894 3405 Paulo
939 3366 1097 3420 parva
1128 3350 1304 3403 omnia
1339 3348 1674 3412 videbantur,
1710 3355 1763 3400 et
1791 3345 2012 3398 mortuis

421 3442 689 3497 iuutiliora
732 3456 814 3504 ea,
856 3456 973 3509 qua:
1002 3440 1054 3493 in
1095 3439 1346 3508 przesenti
1392 3439 1495 3490 vita
1546 3446 1670 3491 sunt
1700 3434 1998 3503 Splendida.

425 3534 714 3601 Propterea
742 3531 1025 3596 clamabat,
1054 3530 1239 3584 dicens
1268 3546 1281 3582 :
1316 3529 1447 3581 Mihi
1487 3529 1704 3581 mundus
1741 3527 2014 3594 cruciﬁxus

427 3630 498 3674 est
525 3620 667 3691 (Gal.
695 3621 747 3673 6.
802 3621 889 3691 Μ)
926 3638 939 3673 :
974 3620 1095 3674 ideo
1124 3629 1178 3673 et
1207 3634 1305 3674 nos
1332 3618 1654 3673 admonebat
1679 3616 1764 3670 his
1790 3617 1965 3670 verbis
2000 3634 2013 3669 :

431 3709 558 3773 Qua:
598 3726 796 3762 sursum
843 3718 958 3760 sunt
1002 3708 1165 3778 sapite
1208 3707 1422 3779 (Coloss.
1455 3708 1509 3762 ὅ.
1540 3706 1620 3775 2).
1655 3705 1779 3770 Qua:
1817 3721 2016 3757 sursum

427 3813 545 3855 sunt
568 3802 593 3854 ?
618 3802 792 3871 qualia
819 3800 974 3864 dicis,
1006 3801 1091 3855 dic
1118 3801 1293 3855 mihi?
1323 3801 1409 3854 ubi
1434 3800 1535 3862 sol,
1569 3798 1654 3852 ubi
1682 3799 1847 3852 luna?
1877 3798 2012 3861 Non,

430 3895 617 3963 inquit.
648 3892 753 3947 Sed
784 3893 916 3947 ubi?
944 3893 1029 3946 ubi
1056 3894 1252 3961 angeli,
1283 3893 1371 3946 ubi
1397 3892 1722 3960 archangeli,
1756 3890 1844 3944 ubi
1880 3889 2018 3945 Che-

430 3985 603 4038 rubim
650 3992 705 4037 et
748 3983 1069 4052 Seraphim?
1116 3983 1254 4047 Non,
1311 3983 1481 4051 inquit
1570 3981 1673 4036 Sed
1724 3980 1857 4035 ubi?
1909 3979 2009 4034 Ubi

431 4075 663 4130 Christus
683 4085 752 4129 est
774 4076 823 4127 in
846 4076 1049 4129 dextera
1073 4074 1163 4127 Dei
1178 4076 1354 4129 sedens
1378 4073 1536 4145 (Ibid.
1558 4090 1608 4127 v.
1635 4074 1707 4144 1).
1734 4073 2020 4127 Parcamus

434 4168 610 4237 igitur.
642 4175 698 4220 et
740 4165 866 4220 illud
895 4166 1107 4219 assidue
1138 4166 1538 4226 ratiocinemur,
1582 4162 1722 4232 quod
1752 4164 1889 4216 sicut
1912 4164 2024 4216 avi-

433 4258 567 4310 cula:
598 4256 788 4325 laqueo
832 4264 1001 4324 capta:
1048 4256 1249 4310 alarum
1296 4256 1492 4309 utilitas
1521 4256 1683 4319 nulla,
1710 4254 1803 4308 sed
1830 4252 2020 4307 frustra

435 4355 491 4400 et
519 4347 779 4399 incassum
820 4346 934 4399 alas
962 4346 1196 4400 concutit
1227 4363 1238 4397 :
1270 4346 1341 4399 ita
1375 4345 1464 4398 tibi
1494 4344 1636 4399 nulla
1662 4344 2023 4396 ratiocinatio-

437 4454 564 4492 nnm
594 4438 811 4499 utilitas,
841 4438 883 4490 si
913 4438 979 4491 ab
1021 4438 1257 4506 improba
1285 4438 1495 4506 penitus
1525 4436 1809 4506 cupiditate
1838 4445 2025 4503 captus

439 4531 536 4595 sis,
582 4529 672 4583 scd
704 4538 1188 4599 quantumcumque
1235 4529 1508 4591 resilieris,
1560 4538 1744 4599 captus
1790 4541 1869 4581 es.
1902 4526 2026 4581 Ideo

440 4620 540 4672 alae
569 4627 693 4672 sunt
734 4619 976 4685 aviculis,
1008 4627 1068 4673 ut
1094 4619 1346 4689 eﬂ'ugiant
1377 4620 1593 4689 laqueos
1626 4638 1638 4672 :
1667 4619 1785 4673 ideo
1812 4620 2026 4673 ratioci-

440 4710 684 4763 nationes
715 4709 1040 4774 hominibus,
1073 4720 1129 4763 ut
1159 4718 1372 4778 peccata
1421 4710 1637 4780 fugiant.
1670 4709 1837 4775 Quam
1870 4708 2029 4777 igitur

442 4800 649 4852 veniam
704 4800 1035 4865 habebimus,
1085 4816 1243 4870 quam
1297 4816 1425 4854 vero
1472 4801 1856 4863 defensionem,
1908 4816 2027 4854 cum

442 4889 613 4942 brutis
639 4890 805 4942 simus
832 4891 1188 4944 dementiorcs
1207 4894 1230 4941 ’ἰ

519 4977 845 5045 Experientia
883 4979 1093 5031 cautela:
1136 4980 1396 5050 magistra.
1424 5011 1493 5020 ——
1535 4979 1752 5033 Avicula
1802 4994 2031 5049 namque

444 5069 609 5123 semel
657 5075 809 5135 capta
856 5068 1066 5137 laqueo,
1107 5086 1227 5124 mox
1268 5073 1467 5142 elapsa,
1497 5080 1551 5126 et
1585 5083 1775 5124 cervus
1817 5070 1868 5123 in
1918 5079 2031 5125 rete

445 5159 699 5215 decidens
722 5168 775 5213 et
801 5159 1077 5229 effugiens,
1111 5162 1299 5218 iisdem
1345 5166 1534 5218 iterum
1568 5161 1781 5215 difficile
1811 5163 2020 5231 capiun-

448 5264 578 5305 tur:
614 5266 733 5305 nam
783 5250 973 5318 cuique
1020 5254 1075 5305 fit
1120 5254 1446 5317 experientia
1495 5252 1715 5306 cautela:
1758 5255 2029 5322 magistra.

447 5341 558 5395 Nos
600 5341 792 5409 saepius
836 5340 1021 5393 iisdem
1052 5344 1213 5410 capti,
1244 5345 1293 5397 in
1336 5343 1521 5398 eadem
1563 5341 1835 5396 cadimus:
1865 5357 2034 5412 neque

452 5435 728 5487 brutorum
759 5432 1142 5502 providentiam
1171 5444 1225 5487 et
1250 5434 1658 5489 sollicitudinem
1690 5446 1788 5486 nos
1829 5433 2036 5487 ratione

452 5522 688 5575 decorati
718 5522 1004 5575 imitamur.
1045 5521 1265 5586 Quoties
1294 5525 1492 5593 quippe
1519 5522 1792 5575 mulierem
1820 5526 2033 5589 conspi.

454 5613 557 5667 (uti
576 5655 589 5677 ,
632 5612 907 5666 innumera
939 5611 1074 5678 passi
1107 5626 1291 5667 sumus
1319 5616 1517 5683 gravia,
1545 5613 1758 5667 domqu
1783 5621 2037 5681 concepta

455 5704 657 5757 reversi
683 5703 991 5772 cupiditate,
1028 5710 1079 5756 et
1123 5704 1303 5758 nntltis
1332 5706 1517 5761 diebus
1558 5705 1739 5760 dolore
1777 5703 2039 5759 confecti?

461 5792 841 5849 Verumtamen
886 5808 989 5847 non
1033 5793 1368 5863 corrigimur,
1406 5796 1499 5851 sed
1527 5797 1611 5850 vix
1654 5796 1829 5865 priore
1858 5806 2041 5850 curato

457 5883 698 5952 vulnere.
732 5899 915 5941 rursus
942 5885 992 5940 in
1023 5884 1205 5941 eadem
1248 5885 1494 5955 labimur,
1525 5899 1574 5941 ct
1619 5889 1684 5942 ab
1722 5887 1908 5944 iisdem
1944 5902 2037 5942 ex-

1322 522 1413 577 AD
1452 514 1773 574 POPULUM
1810 510 2299 571 ANTIOCIIENUM
2364 512 2588 569 llOMlL.
2637 515 2749 572 XV.

3558 507 3657 563 1‘35

2081 641 2395 697 pugnamur,
2421 637 2476 683 et
2512 639 2729 701 prepter
2759 628 2972 685 brevem
3003 630 3147 685 visus
3177 630 3498 699 voluptatem
3540 631 3659 684 diu~

2080 728 2290 774 turnum
2328 722 2611 789 quemdam
2639 730 2692 775 et
2716 722 3022 775 continuum
3051 722 3286 777 dolorem
3311 723 3655 776 sustinemus.

2080 809 2185 865 Sed
2209 812 2253 866 si
2283 811 2588 881 frequenter
2624 810 2776 865 nobis
2798 811 2899 865 hoc
2928 822 3169 880 repetere
3196 806 3395 866 dictum
3417 811 3661 867 didiceri-

2081 916 2220 966 mus,
2240 900 2489 955 omnibus
2516 900 2667 953 malis
2698 900 3101 955 abstinebimus.
3128 900 3371 971 Laqueus
3401 904 3666 958 maximus

2081 991 2318 1044 mulieris
2357 990 2565 1043 forma:
2616 993 2720 1043 imo
2762 1006 2891 1044 vero
2920 1007 3027 1045 non
3069 991 3308 1046 mulieris
3352 993 3540 1058 forma,
3568 992 3664 1048 sed

2083 1081 2308 1135 lascivus
2356 1092 2616 1150 aspectus.
2647 1081 2761 1136 Non
2804 1082 2945 1137 enim
3005 1098 3091 1137 res
3133 1082 3538 1145 calunmieomr,
3568 1085 3659 1135 sed

2084 1185 2181 1224 nos
2219 1180 2273 1226 et
2299 1184 2536 1226 nostrum
2571 1182 2872 1240 torporem;
2918 1188 3091 1242 neque
3114 1173 3351 1226 dicamus
3385 1189 3397 1223 :
3446 1171 3522 1225 Ne
3564 1173 3667 1225 sint

2086 1260 2361 1326 mulieres,
2393 1262 2507 1325 sed,
2540 1261 2616 1315 Ne
2639 1262 2744 1315 sint
2769 1262 3065 1315 adulteria:
3112 1277 3282 1331 neque
3310 1262 3567 1325 dicamus,
3593 1261 3669 1316 Ne

2084 1352 2148 1404 sit
2179 1351 2533 1420 pulchritudo.
2564 1352 2679 1416 sed,
2713 1353 2787 1406 Ne
2827 1353 2897 1406 sit
2945 1352 3223 1407 fornicatio
3264 1374 3275 1405 :
3323 1370 3494 1423 neque
3520 1355 3669 1407 dieao

2087 1456 2223 1502 mus,
2258 1440 2333 1496 Ne
2363 1443 2430 1494 sit
2461 1452 2664 1506 venter,
2709 1442 2825 1508 sed,
2855 1442 2971 1497 Non
3012 1445 3080 1497 sit
3106 1445 3319 1513 crapula
3347 1463 3359 1497 :
3396 1460 3498 1497 non
3526 1444 3669 1497 enim

2087 1541 2271 1586 venter
2312 1533 2583 1601 crapulam
2635 1531 2777 1599 facit,
2816 1534 2911 1588 sed
2958 1535 3275 1604 negligentia
3322 1543 3524 1588 nostra.
3556 1534 3671 1587 Non

2085 1623 2359 1688 dicamus,
2408 1623 2544 1689 Quia
2594 1626 2891 1679 comeditur
2946 1634 3002 1679 et
3056 1626 3274 1692 bibitur,
3320 1626 3497 1679 omnia
3551 1625 3672 1679 hinc

2087 1714 2225 1767 mala
2256 1731 2268 1765 :
2304 1729 2411 1767 non
2441 1714 2585 1767 enim
2626 1724 2844 1783 propter
2874 1716 2995 1778 hoc,
3022 1715 3115 1770 sed
3147 1727 3362 1786 propter
3406 1726 3673 1786 torporem

2087 1811 2144 1856 et
2172 1803 2456 1871 ingluviem
2503 1814 2762 1857 nostram.
2792 1804 2905 1858 Non
2936 1806 3167 1861 comedit
3200 1808 3393 1876 quippe
3421 1822 3518 1861 nec
3548 1808 3677 1862 bibit

2091 1891 2353 1958 diabolus,
2383 1902 2437 1946 et
2475 1894 2705 1948 cecidit:
2739 1896 2970 1949 comedit
2997 1906 3051 1950 ct
3098 1896 3229 1951 bibit
3279 1898 3490 1964 Paulus,
3532 1908 3586 1952 et
3628 1900 3677 1953 in

2091 1984 2280 2038 cadum
2324 1984 2583 2039 ascendit.
2620 1989 2759 2053 Quot
2794 1987 3031 2042 dicentes
3068 1990 3244 2055 audio,
3286 1989 3400 2044 Non
3431 1992 3499 2044 sit
3548 2006 3679 2059 pau-

2094 2077 2309 2144 pertas?
2356 2075 2740 2131 Obmutescere
2781 2078 3033 2132 faciamus
3079 2080 3234 2148 igitur
3276 2096 3389 2145 eos,
3430 2083 3516 2149 qui
3560 2083 3681 2135 talia

2094 2182 2235 2235 :egre
2282 2166 2497 2221 ferunt:
2527 2168 2856 2238 blaSpheiuia
2895 2171 3034 2223 enim
3079 2179 3159 2224 est
3193 2172 3315 2224 talia
3348 2171 3543 2226 dicere.
3592 2175 3681 2227 Di~

2097 2273 2279 2312 camus
2306 2260 2465 2328 igitur
2496 2260 2646 2329 ipsis,
2681 2261 2796 2315 Non
2825 2264 2893 2316 sit
2925 2264 3329 2332 pusillanimitas
3358 2285 3371 2320 :
3406 2277 3685 2335 paupertas

2098 2348 2242 2401 enim
2270 2350 2546 2404 innumera
2572 2352 2692 2405 vitae
2716 2352 2854 2405 bona
2880 2354 3054 2407 intulit
3081 2365 3299 2419 nostrm,
3329 2366 3384 2411 et
3417 2359 3532 2412 sine
3556 2374 3683 2427 pau-

2103 2448 2308 2507 pertate
2346 2439 2557 2493 inutiles
2586 2450 2709 2493 sunt
2738 2440 2955 2495 divitim.
2994 2442 3071 2496 Ne
3102 2443 3485 2499 calumniemur
3514 2447 3689 2516 itaque

2099 2543 2200 2582 nec
2227 2527 2342 2593 has,
2376 2543 2475 2583 nec
2518 2530 2658 2582 illam
2692 2547 2705 2581 :
2740 2542 3023 2599 paupertas
3052 2533 3193 2585 enim
3239 2544 3291 2587 et
3320 2533 3517 2588 divitiae
3568 2549 3691 2590 sunt

2102 2634 2267 2683 arma,
2295 2619 2361 2671 ad
2389 2620 2636 2672 virtutem
2663 2629 2888 2690 utraque
2920 2620 3165 2687 ferentia,
3192 2624 3234 2676 si
3264 2624 3508 2679 velimus.
3542 2626 3691 2681 Sicut

2104 2709 2262 2778 igitur
2310 2723 2602 2778 generosus
2648 2710 2821 2773 miles,
2854 2713 3223 2781 quodcumque
3252 2713 3450 2767 ferrum
3497 2717 3690 2783 capiat,

2105 2798 2375 2866 propriam
2406 2798 2655 2852 virtutem
2691 2801 2924 2855 ostendit
2962 2820 2974 2855 :
3021 2804 3095 2856 sic
3126 2805 3352 2857 imbellis
3380 2814 3431 2859 et
3478 2806 3694 2875 ignavus

2106 2889 2174 2941 ab
2200 2889 2446 2941 omnibus
2491 2889 2795 2958 impeditur.
2828 2892 2893 2944 Et
2920 2902 2977 2945 ut
3000 2892 3173 2947 discas
3202 2893 3303 2947 hoc
3341 2910 3523 2948 verum
3553 2910 3693 2961 esse.

2111 2982 2251 3036 illius
2282 2982 2407 3034 mihi
2438 2981 2538 3035 Job
2570 2983 2872 3047 recordare,
2900 2984 2990 3052 qui
3036 2985 3193 3038 simul
3224 2996 3279 3039 et
3309 2986 3457 3039 dives
3485 2996 3537 3041 et
3564 3003 3695 3055 pau-

2113 3088 2206 3142 per
2229 3073 2396 3127 factus
2415 3082 2517 3140 est,
2539 3083 2593 3127 et
2618 3084 2838 3143 utraque
2859 3090 3005 3128 arma
3028 3081 3292 3141 tractavit,
3313 3087 3365 3132 et
3393 3079 3442 3131 in
3462 3080 3697 3148 utrisque

2113 3163 2255 3217 vicit.
2290 3164 2358 3217 Et
2383 3163 2596 3233 quando
2626 3164 2778 3218 dives
2809 3165 3021 3234 quidem
3066 3178 3201 3231 erat,
3234 3168 3442 3224 dicebat
3473 3187 3484 3221 :
3526 3168 3699 3223 Ianua

2114 3270 2224 3307 mea
2263 3254 2401 3307 omni
2449 3254 2662 3307 venienti
2704 3256 2799 3324 fuit
2837 3266 3013 3324 aperta
3062 3256 3180 3326 (Job
3211 3258 3449 3327 51.32);
3491 3261 3699 3326 quando

2114 3358 2243 3398 vero
2272 3358 2474 3412 panper
2515 3343 2681 3399 factus
2708 3354 2812 3411 est,
2845 3346 3092 3399 dicebat:
3127 3347 3373 3401 Dominus
3398 3348 3555 3411 dedit,
3588 3348 3698 3403 Do-

2115 3437 2283 3489 minus
2322 3434 2559 3502 abstulit;
2590 3438 2716 3489 sicut
2754 3436 2974 3490 Domino
3023 3440 3233 3507 placuit,
3279 3440 3350 3491 ita
3395 3444 3581 3509 factum
3625 3453 3697 3495 est

2120 3526 2241 3587 (Job
2258 3528 2279 3580 l
2297 3567 2308 3579 .
2323 3526 2438 3598 21).
2455 3527 2587 3580 Dum
2605 3527 2700 3581 fuit
2720 3527 2887 3593 dives,
2902 3529 3118 3583 multam
3140 3529 3569 3599 hoSpitalitatem,
3583 3548 3702 3588 cum

2121 3616 2290 3670 factus
2314 3625 2395 3669 est
2426 3630 2644 3684 pauper,
2677 3617 2896 3670 multam
2926 3618 3231 3686 patientiam
3271 3619 3528 3675 exhibuit.
3562 3623 3627 3676 Et
3650 3633 3703 3675 tu

2121 3707 2277 3775 igitur
2316 3708 2360 3760 si
2397 3707 2546 3761 dites
2576 3723 2654 3771 es,
2690 3709 2907 3761 inultam
2935 3709 3242 3764 demonstra
3281 3711 3705 3783 eleemoSyuani;

2121 3799 2163 3850 si
2196 3812 2397 3865 pauper
2441 3797 2613 3852 factus
2651 3813 2730 3863 es,
2758 3799 3022 3868 patientia:
3049 3802 3278 3855 multum
3309 3813 3363 3856 et
3393 3805 3707 3857 tolerantiae.

2122 3887 2303 3956 Neque
2343 3888 2483 3941 enim
2522 3888 2720 3943 divitia:
2746 3890 2981 3953 malum,
3020 3908 3116 3946 nec
3146 3904 3425 3962 paupertas
3452 3896 3710 3964 simplici-

2126 3988 2226 4042 ter,
2253 3978 2343 4033 sed
2362 3982 2511 4048 juxta
2537 3980 2862 4035 voluntatem
2892 3983 3150 4036 utentium
3179 3984 3293 4036 lucc
3320 3994 3541 4051 utraque
3559 3986 3688 4041 fiunt

2198 4072 2251 4122 4.
2280 4069 2389 4123 Nos
2415 4070 2573 4139 igitur
2600 4070 2744 4138 ipsos
2771 4072 3129 4134 instituamus,
3158 4083 3217 4126 ut
3242 4089 3345 4128 non
3388 4076 3507 4129 talia
3536 4076 3604 4131 de
3626 4093 3713 4132 rc-

2127 4161 2225 4214 hus
2250 4158 2720 4229 feramusjudicia,
2752 4176 2926 4231 neque
2957 4163 3049 4216 Dei
3079 4178 3261 4232 opera,
3297 4165 3388 4219 scd
3416 4167 3711 4234 improbam

2130 4250 2401 4305 hominum
2424 4252 2745 4307 voluntatem
2764 4268 3096 4309 accusemus.
3123 4255 3302 4325 Neque
3326 4258 3715 4326 pusillanimem

2129 4342 2326 4395 diiitia:
2369 4354 2588 4411 possunt
2626 4343 2897 4412 adjuvare,
2931 4360 3030 4400 nec
3070 4351 3409 4418 magnanimo
3440 4356 3718 4422 pauperies

2130 4448 2360 4501 unquam
2396 4442 2568 4487 nocet.

2206 4523 2502 4576 Occasiones
2541 4524 2777 4578 vitandis.
2811 4555 2876 4566 -—-
2900 4527 3266 4595 Agnoscamus
3294 4530 3450 4599 igitur
3475 4532 3712 4602 laqueos,

2133 4621 2187 4666 et
2211 4614 2275 4665 ab
2307 4613 2434 4681 ipsis
2463 4614 2643 4682 procul
2671 4628 2883 4669 eamus:
2908 4631 3259 4684 agnoscamus
3284 4621 3593 4690 principitia,
3617 4639 3718 4677 nec

2134 4704 2637 4773 appropinquemus.
2674 4705 2785 4760 lloe
2827 4708 3057 4762 maxime
3100 4711 3401 4765 securitatis
3429 4713 3580 4765 nobis
3620 4717 3722 4769 erit

2135 4794 2364 4857 occasio,
2398 4809 2501 4847 non
2550 4803 2753 4849 tantum
2798 4807 3010 4865 peccata
3061 4799 3261 4868 fugere,
3293 4817 3475 4855 vermu
3524 4815 3574 4857 et
3604 4823 3720 4874 qua:

2136 4885 2380 4940 videntur
2427 4886 2777 4942 indifferentia
2807 4889 3019 4958 quidem
3068 4905 3207 4955 esse,
3258 4892 3351 4948 sed
3399 4895 3465 4948 ad
3511 4908 3721 4962 peccata

2141 4990 2239 5030 nos
2268 4977 2626 5045 supplantant.
2660 4978 2901 5047 Exempli
2928 4995 3087 5034 causa
3118 4982 3311 5050 ridere,
3353 4995 3404 5037 ct
3426 4985 3607 5054 jocosa
3644 4989 3723 5041 di-

2137 5081 2260 5121 cere
2286 5067 2468 5132 verba,
2500 5083 2604 5121 non
2651 5068 2988 5123 manifestum
3023 5072 3235 5140 quidem
3288 5084 3558 5141 peccatmn
3606 5092 3727 5133 esse

2143 5157 2365 5219 videtur,
2406 5156 2497 5210 sed
2540 5159 2589 5210 iu
2634 5158 2975 5215 manifestum
3015 5162 3213 5214 crimen
3262 5161 3463 5216 inducit
3492 5181 3505 5216 :
3537 5181 3725 5235 nempe

2141 5249 2335 5316 sa'pius
2373 5264 2437 5303 ex
2482 5250 2592 5303 risu
2644 5252 2815 5319 turpia
2860 5264 3149 5306 nascuntur
3194 5254 3377 5317 verba,
3410 5270 3439 5309 a
3488 5260 3726 5326 turpibus

2142 5340 2318 5394 verbis
2347 5341 2586 5396 actiones
2630 5343 2912 5411 turpiores.
2940 5343 3147 5413 Saepius
3188 5360 3253 5399 ex
3300 5348 3473 5403 verbis
3518 5357 3571 5402 et
3616 5350 3726 5405 risu

2143 5430 2385 5485 convicia
2430 5442 2483 5485 et
2510 5434 2877 5499 contumelize;
2925 5434 2991 5489 de
3033 5437 3274 5491 convicio
3317 5447 3371 5491 et
3409 5442 3726 5495 contumelia

2147 5522 2312 5593 plagae
2328 5534 2381 5578 et
2410 5524 2649 5587 vulnera,
2672 5525 2739 5580 de
2756 5525 3065 5582 vulneribus
3088 5538 3140 5584 et
3155 5530 3321 5600 plagis
3348 5531 3523 5586 caedes
3550 5542 3602 5587 et
3626 5534 3724 5589 ho-

2148 5614 2381 5668 micidia.
2405 5614 2459 5668 Si
2490 5614 2584 5668 tibi
2615 5615 2774 5684 igitur
2802 5616 2938 5672 bene
2956 5621 3292 5673 consulturus
3317 5635 3395 5686 es,
3422 5637 3525 5677 non
3559 5627 3729 5695 turpia

2151 5712 2350 5759 tantum
2382 5704 2562 5771 verba,
2593 5720 2765 5776 neque
2794 5708 2965 5778 turpia
3000 5718 3200 5763 tantum
3240 5708 3401 5778 facta,
3431 5730 3600 5785 neque
3622 5718 3732 5785 pla-

2148 5810 2241 5865 gas
2281 5804 2333 5850 et
2361 5796 2575 5851 vulnera
2606 5806 2659 5852 et
2698 5797 3003 5867 homicidia,
3046 5816 3230 5855 verum
3254 5813 3308 5858 et
3337 5805 3508 5874 ipsum
3542 5810 3731 5863 intem-

2152 5889 2410 5957 pestivum
2441 5889 2604 5944 risum
2648 5898 2704 5946 et
2740 5890 2897 5947 verba
2950 5890 3118 5963 fugies
3166 5896 3430 5962 scurrilia,
3480 5900 3726 5965 quoniam
