4452 6678
909 365 1010 423 159

905 477 1341 549 sub-sequentium
1374 483 1636 540 malorum
1670 489 1816 543 radix
1846 491 1966 544 talia
1997 507 2116 548 esse
2142 494 2334 548 solent.
2359 493 2489 548 Pro-

905 579 1085 638 pterea
1129 573 1320 628 Paulus
1372 575 1582 644 inquit:
1628 579 2010 651 Stultiloquium
2041 596 2085 636 rt
2111 586 2392 639 scurrilitas
2432 604 2494 640 ne

905 661 1113 730 prodeat
1137 679 1198 714 ex
1223 679 1308 716 ore
1331 676 1490 719 vestro
1532 665 1745 736 (Ep/tes.
1779 671 1832 725 5.
1863 672 1939 740 5).
1970 673 2081 726 Etsi
2129 689 2354 741 namque
2399 691 2492 743 per

904 765 961 804 se
990 767 1205 817 parvum
1237 753 1407 820 ipsutn
1432 771 1552 810 esse
1578 759 1802 825 videtur,
1834 777 2143 828 magnorum
2173 773 2350 818 tamen
2378 781 2490 819 ma-

901 841 1070 892 lorum
1113 855 1270 895 causa
1309 844 1463 898 nobis
1507 847 1757 902 efficitur.
1803 849 2030 904 llursum
2063 854 2266 908 deliciis
2301 871 2488 910 vacare

898 942 1002 980 non
1051 929 1259 986 videtur
1289 934 1503 1003 quidem
1545 951 1665 991 esse
1712 940 1911 993 crimen
1941 943 2280 998 manifestum
2309 955 2361 998 et
2389 962 2485 999 ex-

899 1032 1182 1086 pressum;
1229 1034 1461 1080 attamen
1513 1027 1677 1083 multa
1722 1031 1874 1084 nobis
1906 1034 2041 1101 parit
2069 1037 2226 1099 mala,
2254 1037 2482 1091 ebrieta-

897 1121 1024 1174 tem,
1055 1112 1309 1177 furorem,
1341 1119 1638 1181 avaritiam,
1684 1122 1916 1190 rapinas.
1952 1125 2305 1196 Sumptuosus
2342 1131 2482 1183 enim

891 1211 944 1253 et
975 1203 1166 1268 lautus,
1207 1217 1260 1260 et
1290 1209 1586 1264 ministeria
1613 1216 1789 1268 ventri
1823 1217 2131 1272 ministrans
2177 1220 2484 1275 intolerabi-

895 1291 985 1358 lia,
1015 1291 1176 1348 furari
1205 1314 1349 1365 sa-pe
1375 1302 1581 1368 cogitur
1606 1312 1658 1356 et
1684 1305 1853 1358 aliena
1887 1321 2074 1374 rapere
2103 1318 2157 1362 et
2182 1310 2481 1376 opprimere

893 1393 946 1436 et
979 1384 1195 1440 violare.
1247 1388 1300 1441 Si
1355 1390 1573 1444 delicias
1615 1394 1794 1461 itaque
1841 1395 2029 1464 fugias,
2063 1406 2118 1452 et
2163 1401 2398 1454 avaritia:
2427 1412 2481 1456 et

891 1476 1090 1542 rapina:
1118 1487 1170 1530 et
1195 1479 1464 1534 ebrietatis
1492 1491 1544 1535 et
1572 1484 2032 1542 innumerabilium
2066 1489 2324 1544 malorum
2353 1507 2475 1546 sus-

891 1567 1053 1620 tulisti
1113 1569 1412 1636 materiam,
1453 1573 1744 1642 iniquitatis
1783 1578 2015 1634 radicem
2044 1595 2072 1632 a
2103 1582 2362 1651 principio
2393 1600 2477 1638 re-

886 1670 1095 1711 secans.
1132 1659 1422 1729 Propterea
1450 1673 1503 1718 et
1533 1665 1726 1721 Paulus
1753 1667 1963 1723 dicebat
1995 1687 2008 1722 :
2046 1671 2173 1736 Qua:
2200 1673 2250 1726 in
2281 1674 2477 1728 deliciis

887 1755 960 1798 est
987 1748 1154 1810 vidua,
1183 1751 1349 1804 vivens
1378 1765 1574 1806 mortua
1603 1768 1677 1808 est
1704 1756 1766 1823 (Ι.
1802 1757 1936 1812 Tim.
1963 1761 2014 1814 5.
2047 1761 2125 1828 6).
2172 1762 2226 1815 In
2272 1764 2475 1818 theatra

886 1851 1096 1890 rursum
1143 1842 1452 1907 ascendere,
1483 1856 1534 1897 et
1566 1862 1823 1913 equorum
1871 1851 2163 1904 certamina
2208 1863 2472 1921 Spectare,

885 1933 941 1977 et
980 1927 1123 1982 aleas
1164 1939 1389 1984 tractare
1435 1949 1537 1986 non
1589 1937 1795 1990 videtur
1833 1939 2013 1994 multis
2051 1955 2326 2010 peccatum
2357 1960 2476 2000 esse

883 2016 1244 2079 manifustum,
1284 2021 1376 2074 sed
1407 2023 1613 2078 inﬁnita
1648 2027 1769 2080 vitze
1805 2030 1942 2082 mala
1972 2031 2108 2086 solet
2134 2034 2348 2088 inferre.
2379 2035 2472 2090 Et-

883 2107 1024 2158 enim
1070 2109 1119 2160 in
1169 2110 1388 2165 theatris
1421 2114 1722 2169 immoratio
1763 2118 2184 2184 fornicationem,
2228 2125 2472 2190 petulan-

882 2197 1030 2260 tiam,
1045 2209 1096 2251 et
1116 2215 1327 2253 omnem
1350 2202 1785 2259 ineuntinentiam
1813 2210 2052 2277 peperit:
2080 2220 2132 2264 et
2152 2212 2471 2268 circensium

881 2288 1240 2353 speetaculum
1287 2306 1508 2360 pugnas,
1540 2297 1800 2362 convicia,
1831 2299 2068 2364 vulnera,
2096 2304 2468 2369 contumelias,

875 2376 1030 2444 jnges
1081 2378 1384 2434 inimicitias
1431 2383 1650 2439 adduxit
1685 2405 1699 2440 :
1731 2397 1783 2440 et
1830 2390 1970 2443 circa
2019 2391 2164 2445 alcas
2210 2396 2467 2460 studium,

878 2467 1254 2538 blasphemias,
1285 2473 1544 2542 jacturas,
1577 2478 1701 2541 iras,
1725 2483 1984 2544 convicia,
2019 2483 2331 2555 infinitaque
2365 2489 2466 2540 alia

880 2560 965 2615 his
994 2564 1235 2632 graviora
1281 2583 1426 2636 szupe
1459 2570 1727 2636 produxit.
1775 2573 1853 2626 Ne
1883 2582 2085 2630 tantum
2137 2578 2314 2646 itaque
2339 2594 2465 2648 pec-

879 2661 994 2704 cata
1024 2653 1304 2721 fugiamus,
1335 2672 1516 2711 vermn
1546 2669 1599 2714 et
1621 2675 1682 2715 ea
1712 2663 1924 2731 quidem
1955 2682 2072 2733 qua:
2111 2668 2464 2724 indilferentia

875 2740 1140 2808 videntur,
1161 2745 1253 2798 sed
1282 2749 1535 2814 paulatim
1559 2752 1608 2804 in
1635 2752 1748 2808 hare
1767 2765 1982 2822 peccata
2009 2773 2106 2812 nos
2134 2760 2461 2827 pertrahcnt.

875 2828 1006 2884 Nam
1036 2834 1124 2901 qui
1172 2835 1321 2902 juxta
1374 2840 1725 2909 prtecipitium
1781 2846 2037 2913 ambulat,
2077 2852 2328 2919 quamvis
2357 2869 2463 2908 non

872 2922 1105 2986 decidat,
1138 2929 1336 2993 tremit,
1383 2938 1437 2983 et
1478 2947 1849 3001 saipcnumero
1892 2939 1959 2991 ab
2013 2940 2126 3008 ipso
2177 2943 2465 2999 subversns

874 3023 1115 3070 tremore
1141 3017 1336 3073 decidit
1365 3039 1378 3073 :
1411 3021 1482 3075 ita
1511 3031 1567 3077 et
1590 3027 1679 3093 qui
1709 3042 1815 3080 non
1847 3031 2030 3096 procul
2069 3044 2282 3100 peccata
2310 3034 2459 3104 fugit,

874 3106 968 3159 sed
999 3121 1154 3162 secus
1194 3111 1307 3179 ipsa
1352 3115 1516 3179 vadit,
1559 3130 1679 3170 cum
1731 3118 1922 3174 timore
1965 3123 2126 3190 vivet,
2158 3133 2213 3178 et
2264 3126 2318 3178 in
2348 3125 2463 3194 ipsa

873 3196 1082 3250 labetur
1118 3200 1331 3268 smpius.
1375 3201 1506 3256 Nam
1534 3206 1624 3274 qui
1647 3207 1849 3261 alienas
1873 3209 2084 3266 curiose
2107 3221 2314 3282 spectat
2347 3215 2460 3270 for-

872 3303 1007 3350 mas,
1041 3292 1281 3358 quamvis
1322 3309 1428 3347 non
1477 3296 1794 3363 mtechetur,
1830 3309 2006 3355 tamen
2053 3306 2380 3374 concupivit,
2407 3317 2462 3362 et

867 3383 1159 3436 secundum
1177 3383 1368 3440 Christi
1389 3390 1709 3444 sententiam
1730 3391 1899 3445 factus
1917 3403 1998 3447 est
2013 3395 2222 3450 adulter
2241 3397 2455 3469 (Matth.

953 3471 1082 3542 28);
1129 3476 1328 3543 saepius
1368 3487 1546 3532 autem
1577 3481 1644 3534 ab
1688 3481 1798 3550 ipsa
1847 3483 2273 3554 concupiscentia
2304 3498 2360 3543 et
2403 3491 2456 3544 in

867 3573 1144 3632 peccatum
1174 3580 1232 3620 re
1264 3566 1375 3636 ipsa
1398 3568 1657 3626 defertur.
1685 3571 1794 3626 Nos
1841 3574 1998 3646 igitur
2043 3577 2186 3646 ipsos
2215 3581 2397 3648 procul
2423 3597 2455 3635 a

866 3656 1102 3722 peccatis
1131 3658 1474 3714 retineamus.
1505 3661 1594 3717 Vis
1621 3672 1924 3735 temperans
1952 3672 2111 3723 esse?
2153 3687 2219 3725 ne
2251 3681 2452 3727 tantum

865 3745 1034 3814 fugias
1079 3748 1419 3816 adulterium,
1443 3753 1536 3808 sed
1577 3757 1736 3810 etiam
1785 3760 2107 3826 petulantem
2154 3776 2450 3833 aspectum.

864 3835 956 3890 Vis
985 3854 1015 3891 a
1050 3839 1226 3894 verbis
1254 3843 1497 3911 turpibus
1526 3844 1756 3902 abesse?
1800 3864 1867 3903 ne
1908 3854 2067 3905 verba
2113 3863 2316 3909 tantum
2345 3865 2453 3910 tur-

862 3928 949 3996 pia
983 3931 1170 3998 fugias,
1202 3948 1386 3987 verum
1426 3943 1481 3990 et
1509 3937 1674 3991 risum
1704 3941 1958 4007 solutum,
1992 3954 2044 3997 ct
2075 3959 2288 3999 tntmcm
2319 3961 2450 4002 con-

864 4021 1268 4088 cupiscentiam.
1295 4024 1386 4077 Vis
1407 4028 1641 4082 caedibus
1667 4045 1785 4084 esse
1815 4036 1996 4100 procul
2017 4040 2039 4086 Υ
2064 4037 2186 4106 lnge
2211 4041 2450 4095 convicia

861 4127 1089 4181 quoque.
1129 4113 1217 4168 Vis
1247 4115 1314 4169 ab
1353 4117 1612 4174 ebrietate
1659 4124 1932 4190 separari?
1977 4125 2097 4196 lnge
2146 4129 2367 4184 delicias
2397 4142 2450 4187 et

863 4205 1034 4258 lautas
1079 4221 1310 4268 mensas,
1343 4216 1397 4263 et
1427 4209 1682 4266 radicitus
1715 4215 1897 4270 vitium
1928 4220 2183 4286 exstirpa.
2230 4220 2448 4292 Magnus

863 4296 1081 4362 laqucu;
1121 4305 1202 4350 est
1245 4298 1437 4367 lingua:
1485 4303 1810 4371 petulantia,
1853 4315 1907 4361 et
1953 4307 2110 4362 freno
2155 4312 2442 4370 admodum

861 4388 1122 4456 indigens.
1149 4389 1438 4458 Propterea
1469 4403 1521 4446 et
1543 4395 1754 4462 qu'dzun
1787 4399 1954 4467 inquit
1983 4419 1996 4449 :
2025 4401 2260 4471 Laqueus
2299 4406 2444 4474 [ortis

858 4480 962 4533 viro
993 4482 1204 4550 propria
1229 4482 1385 4548 labia,
1413 4494 1458 4538 et
1487 4488 1686 4554 capitur
1715 4491 1872 4544 verbis
1901 4495 2002 4546 oris
2033 4500 2225 4564 proprii
2259 4497 2439 4567 (Prov.

859 4575 910 4624 ὓ.
958 4571 1045 4638 2).

931 4663 984 4715 5.
1029 4661 1219 4716 Iterum
1240 4677 1415 4720 contra
1436 4670 1750 4738 juramentu.
1777 4704 1842 4713 —-
1871 4676 2039 4745 Supra
2067 4689 2258 4734 caetera
2285 4683 2443 4750 igitur

858 4763 1048 4808 cuneta
1077 4756 1317 4810 membra
1349 4757 1484 4812 [nunc
1519 4761 1880 4824 moderemur.
1916 4767 2051 4821 hanc
2081 4769 2434 4833 refrenemus,

860 4855 915 4899 et
943 4844 1181 4898 convicia
1209 4850 1669 4918 contumeliasque
1697 4869 1758 4904 ac
1789 4855 2108 4924 tnrpilnquia
2138 4867 2191 4911 et
2222 4861 2440 4913 maledi-

854 4946 939 4989 cta
962 4951 1025 4990 ex
1052 4951 1145 4991 ore
1168 4938 1448 5006 pellamus,
1473 4949 1528 4993 et
1551 4943 1740 4994 malam
1764 4944 2190 5012 juramentorum
2217 4965 2442 5006 consue-

860 5027 1096 5080 tudinem
1123 5044 1136 5078 :
1161 5043 1370 5082 rursum
1403 5032 1546 5084 enim
1594 5048 1691 5087 nos
1729 5036 1792 5088 ad
1838 5037 2083 5093 eamdem
2114 5041 2438 5097 admonitio-

860 5133 981 5171 nem
1011 5131 1187 5170 sermo
1209 5119 1442 5173 deduxit.
1473 5123 1537 5175 Et
1564 5125 1777 5193 quidem
1808 5127 1920 5181 heri
1947 5140 2258 5187 cumvestra
2276 5133 2451 5188 chari-

856 5216 965 5263 tate
1013 5210 1301 5272 constitui,
1347 5225 1433 5264 me
1483 5227 1588 5266 non
1637 5217 1864 5284 amplius
1911 5218 1979 5272 de
2035 5220 2135 5274 hoc
2187 5225 2439 5280 mandato

859 5299 1118 5353 dicturum
1154 5317 1168 5355 :
1201 5302 1453 5369 quoniam
1484 5304 1732 5359 omnibus
1761 5307 2125 5377 superioribus
2151 5311 2339 5368 diebus
2365 5317 2435 5372 de

859 5389 952 5442 illo
982 5389 1310 5445 sufficienter
1339 5391 1624 5448 dissertum
1653 5405 1734 5450 est
1760 5413 1773 5450 :
1797 5397 1892 5452 sed
1925 5399 2049 5468 quid
2081 5400 2306 5457 faciam?
2335 5406 2437 5459 Do-

862 5498 960 5537 uec
1008 5499 1102 5537 vos
1141 5497 1411 5542 correctos
1453 5489 1681 5556 videam,
1726 5505 1831 5546 non
1881 5507 2100 5562 possum
2143 5511 2173 5548 a
2215 5500 2439 5555 consilio

855 5573 1031 5627 dando
1073 5573 1339 5632 abstinere
1369 5579 1384 5608 ¹
1418 5595 1430 5630 :
1471 5579 1722 5647 quoniam
1763 5589 1818 5634 et
1862 5581 2057 5638 Paulus
2100 5586 2190 5654 qui
2235 5586 2435 5644 Galatis

922 5709 934 5736 ί
972 5707 1111 5774 Savil.
1141 5717 1191 5757 et
1213 5708 1401 5774 ilurimi
1421 5719 1547 5773 3155.,
1574 5726 1664 5762 non
1681 5713 1942 5765 sustineo...
1970 5717 2221 5770 abstinere.
2249 5725 2408 5774 Mere}.

856 5778 945 5816 non
967 5768 1176 5828 i'i-I'Ct‘l...
1200 5762 1452 5822 ἀυδιίηδι-ε.
1539 5762 1546 5773 '
1687 5762 1694 5763 ί
1815 5762 1940 5765 ---γη
1973 5762 1979 5765 ,
2305 5767 2309 5771 1
2355 5766 2372 5773 θ
2402 5762 2432 5786 Ἰ

1651 377 1708 432 S.
1749 378 2029 437 JOANNIS
2066 382 2547 438 CHRYSOSTOXH
2587 387 2901 450 ARClllEP.
2944 401 3478 466 CONSTANTINOP.

4065 430 4167 488 lCO

2602 499 2762 568 dicit,
2792 503 3045 583 Deinceps
3080 516 3274 574 labores
3298 522 3423 576 mihi
3464 538 3607 577 nemo
3647 530 3862 595 prtebeat
3890 534 4083 605 (Colat.
4117 544 4170 601 li.
4197 561 4212 584 '-

2601 594 2724 660 l'il,
2757 611 2965 654 rursum
3011 606 3140 674 ipsis
3183 623 3404 682 apparet
3442 594 3761 687 congreSsus
3805 633 3858 676 et
3897 594 4176 698 loquutus.

2598 682 2907 753 Hujusmodi
2953 705 3077 750 Sunt
3121 713 3340 767 paterna
3371 707 3573 762 viscera
3595 751 3608 774 ,
3635 711 3734 764 etsi
3774 728 4079 774 recessuros
4110 739 4171 780 se

2595 786 2772 843 patres
2799 793 2917 832 esse
2946 782 3156 854 dicant,
3187 807 3293 847 non
3337 796 3636 866 absistunt,
3678 801 3850 857 donec
3895 821 4169 866 correctus

2595 863 2823 920 viderint
2849 866 2987 924 filios
3008 885 3154 929 suos.
3185 881 3425 940 Audistis
3446 863 3755 959 prophetarit
3782 895 3846 946 de
3868 895 4179 962 jnramento

2596 957 2752 1012 hodie
2780 960 2932 1015 nobis
2959 963 3307 1033 loquentem?
3337 957 3557 1046 Respexi
3597 985 3756 1037 oculis
3785 957 3938 1048 meis,
3967 999 4014 1040 et
4042 993 4176 1060 vidi,

2591 1046 2761 1116 inquit
2787 1093 2799 1111 ,
2844 1062 2890 1105 et
2954 1071 3065 1109 ecce
3111 1058 3224 1126 falx
3278 1066 3453 1123 volans
3506 1073 3834 1145 longitudinis
3889 1046 4174 1136 cubitorum

2589 1138 2787 1207 viginti,
2835 1152 2879 1196 et
2923 1145 3205 1203 latitudinis
3255 1155 3531 1213 cubitorum
3585 1138 3772 1220 ἇεεεηι.
3805 1166 3873 1222 Et
3927 1170 4056 1224 dixit
4108 1176 4178 1228 ad

2589 1244 2692 1294 me,
2745 1233 2882 1298 Quid
2929 1246 2982 1290 tu
3028 1239 3202 1294 vides?
3223 1252 3271 1295 et
3308 1245 3448 1312 dixi,
3488 1250 3643 1307 Video
3696 1257 3877 1326 falcem
3925 1264 4177 1318 volantem

2588 1320 2920 1391 longitudinis
2958 1329 3237 1384 cubitorum
3291 1336 3503 1406 viginti,
3551 1354 3598 1397 et
3645 1320 3929 1404 latitudinis
3980 1353 4177 1407 cubito-

2584 1425 2697 1464 rum
2746 1415 2933 1471 decem.
2983 1419 3048 1472 Et
3100 1422 3406 1492 ingredietur
3449 1431 3688 1501 domum,
3734 1439 3940 1510 inquit,
3982 1445 4176 1514 jnran—

2584 1500 2644 1550 tis
2673 1506 2874 1559 nomine
2899 1524 3030 1574 meo,
3061 1519 3107 1564 et
3135 1513 3355 1569 destruet
3384 1519 3434 1570 in
3466 1523 3651 1587 medio,
3677 1500 3729 1580 et
3753 1500 4005 1597 su-ﬂ'odiet'
4025 1535 4168 1604 lapi-

2583 1589 2669 1640 (les
2687 1602 2734 1644 et
2759 1594 2897 1664 ligna
2919 1598 3099 1665 (Zach.
3122 1604 3173 1658 5.
3199 1605 3332 1673 1-4).
3354 1606 3489 1673 Quid
3517 1613 3726 1669 tandem
3752 1589 3842 1673 est'
3857 1589 4098 1678 dictum‘.3
4119 1636 4173 1680 et

2581 1695 2682 1745 qua
2713 1682 2781 1736 de
2805 1700 2964 1742 causa
2996 1690 3048 1744 in
3074 1695 3250 1762 specie
3274 1698 3445 1764 falcis,
3467 1709 3520 1754 et
3549 1701 3701 1758 falcis
3723 1710 3949 1766 volantis
3973 1715 4172 1783 jurau-

2584 1777 2662 1822 tes
2689 1787 2918 1842 sequens
2947 1793 3103 1848 poma
3131 1785 3374 1841 videtur?
3415 1788 3483 1844 Ut
3511 1791 3766 1848 ultionem
3799 1777 4166 1858 inevitabilem

2580 1876 2719 1926 esse,
2742 1873 2795 1919 et
2815 1873 3131 1937 supplicium
3153 1877 3405 1934 declinari
3431 1897 3532 1937 non
3565 1900 3718 1948 posse
3740 1889 3940 1945 videas.
3967 1892 4170 1952 Ensem

2578 1953 2721 2006 enim
2752 1955 3018 2015 volantem
3053 1964 3270 2020 forsitan
3298 1970 3487 2039 aliquis
3515 1974 3751 2044 ell'ugere
3795 1983 3989 2047 poterit
4017 2001 4030 2035 :
4062 1985 4167 2040 fal-

2578 2056 2694 2093 cem
2737 2055 2912 2101 autem
2960 2051 3009 2104 in
3049 2055 3243 2110 collum
3288 2060 3560 2131 delapsam
3601 2077 3652 2120 et
3699 2084 3793 2136 pro
3817 2069 4054 2128 funiculo
4084 2076 4167 2130 la-

2577 2142 2735 2198 ctam,
2768 2155 2924 2193 nemo
2953 2143 3132 2212 fugere
3165 2158 3366 2215 potest:
3399 2170 3517 2207 cum
3545 2167 3720 2212 autem
3753 2171 3804 2215 et
3837 2163 3935 2216 3'11!
3959 2166 4162 2232 adsint,

2577 2237 2696 2290 qme
2722 2229 2904 2282 Salutis
2929 2233 3149 2289 ulterius
3175 2241 3333 2305 Spes?
3368 2243 3478 2307 Qua
3514 2261 3639 2299 vero
3669 2248 3736 2303 de
3762 2266 3920 2306 causa
3954 2255 4167 2324 lapides

2575 2324 2627 2366 et
2670 2315 2806 2384 ligna
2843 2319 3073 2387 jurantis
3111 2326 3386 2384 dissolvit?
3415 2332 3484 2387 Ut
3527 2337 3676 2391 ruina
3723 2340 3842 2395 aliis
3885 2315 4152 2402 correctio

2575 2405 2686 2458 liat.
2705 2407 2837 2472 Quia
2856 2413 2998 2466 enim
3021 2414 3288 2484 jurantem
3308 2433 3574 2481 mortuum
3595 2437 3730 2484 terra
3754 2435 3910 2488 condi
3939 2453 4165 2495 necesse

2572 2507 2687 2562 est,
2722 2500 2913 2557 domus
2937 2504 3194 2564 dissoluta
3224 2522 3278 2566 ct
3313 2513 3364 2569 in
3405 2519 3615 2574 ruinam
3647 2539 3800 2578 versa
3829 2539 4164 2594 prmtereun-

2576 2591 2714 2644 tibus
2739 2596 2988 2651 omnibus
3015 2609 3068 2654 et
3096 2607 3438 2663 cernentibus
3467 2610 3762 2668 admonitio
3785 2619 3919 2684 erit,
3951 2630 4009 2674 ut
4053 2637 4161 2676 non

2569 2680 2758 2735 eadem
2789 2685 3039 2753 audeant,
3075 2707 3142 2746 ne
3168 2694 3352 2750 eadem
3385 2703 3674 2769 patiantur,
3700 2680 4160 2776 illaque-defuncti

2569 2774 2772 2828 crimen
2801 2789 3016 2846 semper
3040 2793 3243 2851 arguet.
3274 2785 3388 2840 Non
3418 2789 3485 2843 ita
3516 2793 3698 2861 pungit
3723 2774 3887 2860 ensis,
3912 2799 4049 2853 sicut
4073 2801 4161 2870 ju-

2569 2866 2796 2919 ramenti
2815 2879 2998 2923 natura
3017 2888 3029 2923 :
3051 2887 3154 2926 non
3173 2876 3249 2928 sic
3265 2877 3458 2932 occidit
3473 2881 3699 2949 gladius,
3719 2886 3855 2939 sicut
3865 2887 4160 2956 juramenti

2573 2954 2748 3024 plaga.
2780 2957 2998 3015 Juratus
3027 2965 3126 3017 etsi
3157 2966 3335 3021 vivere
3359 2969 3626 3038 videatur,
3647 2976 3755 3042 jam
3785 2954 4030 3034 mortuus
4049 2993 4155 3049 est,

2569 3052 2622 3097 et
2651 3045 2841 3103 vulnus
2867 3053 3112 3121 excepit:
3136 3065 3188 3108 et
3228 3058 3363 3111 sicut
3401 3061 3488 3129 qui
3539 3072 3736 3118 restem
3764 3069 3940 3136 capit,
3977 3045 4157 3139 prius;

2566 3153 2724 3204 quam
2771 3141 2987 3198 civitate
3026 3148 3347 3214 egrediatur,
3395 3161 3446 3205 et
3474 3154 3538 3207 ad
3578 3158 3924 3225 praecipitium
3951 3163 4154 3227 veniat,

2565 3235 2621 3280 et
2647 3238 2900 3285 tortorem
2931 3233 3104 3288 videat
3131 3236 3496 3294 imminentem
3521 3284 3534 3303 ,
3569 3253 3808 3300 mortuus
3833 3259 3948 3311 est,
3990 3251 4150 3306 simul

2566 3334 2628 3374 ac
2659 3325 2890 3389 ιιι-αξιοι·Ῑί
2927 3325 3118 3394 januas
3144 3345 3392 3396 egressus
3419 3342 3501 3387 est
3528 3352 3542 3386 :
3572 3337 3650 3390 sic
3675 3345 3725 3392 et
3746 3338 3980 3407 juratus.
4023 3343 4154 3400 Haec

2565 3421 2890 3480 reputemus,
2922 3425 2975 3470 et
3007 3433 3074 3470 ne
3101 3417 3290 3476 fratres
3317 3422 3645 3491 adjuremus.
3679 3427 3814 3494 Quid
3846 3429 4011 3498 facis,
4046 3433 4152 3486 ho-

2563 3502 2689 3554 mo?
2716 3517 2877 3570 super
2908 3522 3147 3561 mensam
3181 3509 3398 3578 adjttras
3428 3526 3638 3569 sacram
3659 3557 3675 3582 ,
3705 3528 3757 3572 et
3787 3520 3875 3573 ubi
3903 3521 4152 3579 Christus

2563 3593 2765 3658 positus
2791 3604 2873 3648 est
2901 3596 3205 3653 immolatus
3225 3639 3240 3663 ,
3284 3601 3392 3656 illic
3435 3601 3651 3659 fratrem
3681 3617 3827 3662 tuum
3862 3611 4149 3669 immolas?

2558 3682 2819 3738 Latrones
2840 3685 3056 3753 quidem
3084 3687 3134 3740 in
3167 3689 3264 3743 viis
3291 3700 3522 3747 mactant
3547 3711 3560 3747 :
3587 3703 3642 3749 tu
3668 3712 3797 3752 vero
3823 3714 4004 3755 coram
4033 3719 4147 3757 ma-

2561 3781 2640 3826 tre
2672 3771 2838 3826 lilium
2882 3775 3125 3830 immolas
3165 3779 3509 3848 sceleratius,
3541 3799 3699 3854 quam
3727 3785 3854 3842 Cain
3880 3830 3893 3853 ,
3927 3799 4144 3858 patrans

2561 3863 2945 3920 homicidium?
2988 3867 3083 3923 llle
3110 3885 3301 3940 nempe
3331 3870 3549 3928 fratrem
3579 3891 3735 3931 suum
3767 3879 3819 3932 in
3848 3879 4063 3935 deserto
4088 3893 4140 3937 et

2561 3957 2808 4022 pra-senti
2839 3968 3008 4012 morte
3041 3963 3324 4027 mactavit;
3371 3973 3424 4018 tu
3455 3981 3582 4020 vero
3611 3967 3826 4023 fratrem
3856 3979 4002 4025 tuum
4033 3973 4138 4027 im-

2559 4046 2728 4098 molas
2756 4047 2805 4100 in
2837 4049 3010 4102 medio
3034 4051 3298 4118 ecclesiae,
3332 4053 3490 4124 idque
3517 4065 3690 4113 morte
3718 4057 3890 4114 futura
3919 4061 4143 4116 immor-

2558 4138 2668 4190 tali.
2700 4137 2832 4192 Num
2860 4140 3000 4194 enim
3032 4153 3312 4211 propterea
3342 4145 3479 4200 facta
3510 4157 3593 4201 est
3621 4150 3846 4203 ecclesia
3865 4191 3878 4213 ,
3905 4160 3962 4204 ut
3986 4151 4139 4219 jure-

2557 4230 2710 4282 mus?
2736 4229 3020 4300 Propterea
3052 4233 3187 4288 facta
3208 4244 3314 4301 est,
3342 4247 3398 4290 ut
3425 4253 3660 4291 oremus.
3691 4239 3824 4292 Num
3849 4235 3995 4294 enini
4018 4242 4140 4296 ideo

2555 4336 2735 4373 im~nsa
2766 4322 2934 4389 posita
2962 4332 3077 4387 est,
3109 4334 3163 4377 ut
3192 4325 3538 4394 adjuremus?
3567 4327 3693 4382 ldeo
3731 4338 3899 4398 posrta
3931 4342 4013 4384 est
4033 4372 4049 4398 ,
4080 4342 4139 4387 ut

2553 4421 2768 4479 peccata
2795 4413 3085 4481 solvamus,
3117 4430 3221 4470 non
3249 4426 3308 4472 ut
3334 4419 3632 4488 alligemus.

2620 4504 2920 4557 Juramenta
2952 4504 3342 4578 Evangeliorum
3369 4522 3619 4565 contactu.
3642 4542 3713 4551 —
3732 4512 3812 4567 Tu
3833 4529 3960 4568 vero
3979 4515 4024 4569 si
4053 4518 4138 4572 ni-

2553 4593 2624 4645 hil
2655 4593 2818 4660 aliud,
2849 4595 3037 4650 saltem
3070 4598 3262 4654 librum
3293 4603 3467 4671 ipsum
3499 4617 3766 4668 reverere,
3797 4619 3952 4672 quem
3982 4607 4033 4661 in
4055 4608 4135 4677 ju-

2555 4693 2850 4736 ramentum
2882 4689 3113 4758 porrigis
3133 4691 3592 4762 :etEvangelium,
3616 4693 3756 4760 quod
3788 4695 3921 4749 intra
3945 4712 4134 4754 manus

2551 4773 2767 4840 capiens
2807 4775 2988 4842 jurare
3025 4779 3215 4848 jubes,
3246 4782 3486 4850 explica,
3519 4790 3572 4834 et
3612 4782 3833 4838 audiens
3887 4789 4012 4854 quid
4063 4791 4132 4844 ibi

2551 4863 2792 4918 tzliristus
2820 4865 2888 4919 de
2909 4868 3228 4936 iuramentis
3254 4872 3512 4934 disserat,
3545 4871 3794 4930 horresce
3825 4886 3879 4931 et
3910 4879 4128 4935 desiste.

2550 4954 2685 5018 Quid
2719 4956 2875 5025 igitur
2899 4959 3006 5014 illic
3034 4961 3100 5016 de
3126 4962 3443 5030 juratnentis
3469 4962 3676 5032 inquit?
3698 4965 3809 5038 Ego
3830 4980 3995 5022 autem
4017 4971 4131 5023 dico

2549 5048 2684 5098 vobis
2719 5051 2922 5104 omnino
2963 5069 3064 5106 non
3094 5055 3277 5122 jurare
3305 5051 3522 5121 (Matth.
3549 5054 3600 5109 5.
3630 5055 3744 5126 54).
3783 5058 3861 5112 Tu
3892 5073 4021 5112 vero
4050 5059 4128 5111 le-

2549 5154 2666 5205 gem
2711 5139 2894 5209 jurare
2940 5143 3346 5212 prohibentem,
3381 5144 3432 5197 in
3460 5144 3821 5213 juramentum
3851 5149 4045 5218 ponis?
4085 5149 4131 5204 0

2549 5235 2946 5301 contumeliam,
2973 5251 3006 5289 ο
3028 5235 3318 5288 insaniam!
3346 5235 3483 5290 idem
3507 5240 3648 5293 enim
3679 5240 3831 5306 facis,
3861 5255 3923 5295 ac
3946 5240 3989 5294 si
4010 5242 4129 5309 quis

2548 5325 2901 5392 legislatorem
2952 5325 3253 5380 interficere
3297 5327 3700 5398 prohibentem,
3743 5331 3914 5401 ipsum
3962 5330 4125 5385 ctedis

2547 5416 2644 5470 sibi
2691 5417 2890 5471 socium
2937 5431 3056 5470 esse
3093 5415 3297 5484 jubeat.
3345 5416 3459 5474 Non
3509 5423 3580 5476 ita
3624 5437 3781 5492 gemo
3809 5430 3863 5476 et
3903 5419 4128 5489 deploro

2547 5508 2823 5575 quospiam
2855 5508 2907 5562 in
2941 5506 3041 5560 viis
3063 5505 3332 5576 jugulatos
3359 5510 3599 5577 audiens,
3627 5513 3764 5567 sicut
3788 5525 3944 5581 gemo
3971 5520 4023 5566 et
4052 5511 4129 5565 la.

2547 5598 2742 5668 crymis
2771 5611 3067 5666 prosequor
3090 5605 3144 5650 et
3171 5595 3448 5669 horresco,
3484 5617 3606 5656 cum
3640 5601 3793 5655 video
3819 5600 4126 5670 quempiam

2548 5705 2709 5758 pmpe
2739 5703 2978 5742 mensam
3013 5687 3148 5742 hanc
3175 5689 3477 5747 venientem
3501 5735 3514 5760 ,
3541 5703 3591 5748 et
3626 5704 3814 5747 manus
3843 5691 4123 5760 imponen-

2557 5790 2682 5844 tem,
2711 5773 3080 5849 etEvangcliis
3105 5785 3364 5839 contactis
3388 5783 3674 5854 jurantcm.
3728 5783 3803 5838 De
3849 5782 4117 5852 pecuniis,
