4452 6700
897 368 992 423 161

895 482 1038 548 σίον;
1093 481 1156 536 El
1192 483 1289 554 μὲν
1342 484 1630 546 πιστεύεις.
1679 487 1761 538 ὅτι
1796 488 1998 559 ἀληθής
2039 492 2195 546 ἐστιν
2248 496 2276 548 6
2301 495 2460 568 ἀνὴρ,
2493 497 2567 568 μὴ

893 570 1182 643 ἐπαγάγῃς
1211 571 1304 624 τοῦ
1331 573 1493 642 ὅρκου
1521 570 1618 642 τὴν
1648 573 1912 646 ἀνάγκην·
1964 579 2012 629 εί
2042 577 2098 630 δέ
2127 575 2293 644 οἶδας,
2325 583 2408 636 ὅτι
2433 583 2567 652 ψεύ-

893 657 1062 721 δεται,
1081 659 1155 729 μὴ
1191 659 1506 728 ἀναγκάσῃς
1535 661 1831 729 ἐπιορκεῖν.
1874 664 2010 715 Ἀλλ’
2035 665 2122 718 ἵνα
2146 667 2564 741 πληροφορηοά

891 746 1076 815 φησίν.
1107 746 1270 798 Ὅταν
1305 745 1400 814 μὲν
1429 742 1520 798 οὖν
1545 747 1620 818 μὴ
1645 750 1889 822 ὁρκίσῃς,
1917 751 2038 803 τότε
2070 752 2258 823 ἱκανὴν
2277 754 2403 829 δέξῃ
2431 755 2565 825 πλη-

894 833 1175 904 ροφορίαν.
1199 832 1314 884 Νῦν
1333 835 1431 904 μὲν
1462 837 1570 907 γὰρ
1593 839 1952 908 ἀναχωρήσας
1969 839 2154 894 οἴκαδε
2180 845 2438 916 κατεσθίῃ
2487 845 2566 897 δι-

891 919 1102 988 ηνεκῶς
1130 920 1235 973 ὑπὸ
1289 920 1384 974 τοῦ
1419 924 1718 987 συνειδότος
1747 925 1920 980 ταῦτα
1947 926 2316 999 λογιζόμενος,
2346 927 2456 1000 ἄρα
2489 931 2563 1001 μὴ

892 1007 1068 1076 μάτην
1091 1005 1364 1078 ὥρκωσα;
1400 1006 1508 1081 ἆρα
1550 1011 1623 1080 μὴ
1653 1010 2036 1082 ἐπιώρκησεν;
2089 1011 2200 1086 ἆρα
2230 1017 2303 1087 μὴ
2333 1017 2443 1085 ἐγὼ
2467 1017 2564 1087 τῆς

893 1093 1168 1164 ἁμαρτίας
1200 1096 1464 1166 ἐγενόμην
1493 1097 1698 1162 αἴτιοςς
1727 1100 1826 1152 Ἂν
1863 1101 1918 1153 δὲ
1947 1102 2022 1172 μὴ
2045 1103 2318 1174 όρκώσῃς,
2349 1105 2563 1174 ἀναχω-

896 1181 1069 1249 ρήσας
1093 1182 1272 1235 οἴκαδε
1306 1183 1504 1253 πολλὴν
1532 1183 1658 1256 δέξῃ
1691 1187 2045 1256 παραμυθίαν
2095 1189 2436 1260 εὐχαριστῶν
2485 1191 2563 1261 τῷ

892 1265 1031 1336 θεῷ,
1063 1269 1158 1320 καὶ
1187 1268 1384 1336 λέγων·
1415 1270 1716 1340 Εὐλογητὸς
1737 1276 1765 1326 6
1797 1273 1948 1336 Θεὸς,
1983 1275 2065 1326 ὅτι
2096 1277 2358 1346 κατέσχον
2396 1280 2563 1345 ἐμαυ-

883 1353 999 1417 τὸν,
1031 1354 1125 1407 καὶ
1151 1356 1252 1424 οὺχ
1309 1355 1549 1425 ὥρκωσα
1603 1359 1722 1428 εἰκῆ
1779 1359 1897 1412 ούδέ
1940 1359 2136 1429 μάτην.
2183 1363 2480 1431 Οἰμωζέτω
2503 1365 2562 1416 τὸ

883 1441 1130 1510 χρυσίον,
1179 1442 1502 1496 ἀπολλύσθω
1536 1444 1604 1496 τά
1661 1445 1954 1513 χρήματα,
2003 1445 2146 1498 ὥστε
2185 1448 2558 1520 πληροφορίαν

883 1529 1017 1596 ἡμῖν
1041 1527 1200 1580 τοῦτο
1223 1528 1462 1598 ἐντίθησι
1497 1529 1751 1598 μάλιστα,
1791 1530 1851 1581 τὸ
1887 1530 1961 1600 μὴ
1992 1533 2308 1602 παραϐῆναι
2341 1537 2432 1588 τὸν
2471 1537 2556 1588 νό-

889 1631 1012 1682 μον,
1059 1615 1194 1684 μηδέ
1223 1615 1408 1685 ἕτερον
1449 1615 1758 1682 ἀναγκάσαι
1803 1616 1961 1669 τοῦτο
1991 1620 2234 1689 ποιῆσαι.
2279 1621 2556 1692 Ἐννόησαι

881 1699 968 1752 διὰ
989 1699 1109 1751 τίνα
1134 1701 1232 1769 οὐχ
1261 1699 1551 1770 ὢρκωσας,
1601 1703 1694 1754 καὶ
1723 1703 1944 1772 ἀρκέσει
1982 1721 2064 1757 σοι
2093 1706 2250 1760 τοῦτο
2277 1711 2354 1770 εἰς
2383 1727 2556 1782 παρα-

885 1785 1080 1854 μυθίαν
1109 1787 1203 1838 καὶ
1248 1787 1612 1857 παράκλησιν.
1667 1789 1934 1852 Πολλάκις
1965 1791 2098 1857 γοῦν
2125 1793 2303 1861 μάχης
2338 1795 2556 1864 γινομέ-

881 1888 980 1940 νης
1015 1871 1363 1942 ὑϐριζόμενοι
1403 1873 1640 1943 φέρομεν
1665 1874 1929 1940 γενναίως
1950 1914 1964 1936 ,
2001 1877 2096 1929 καὶ
2129 1879 2264 1948 πρὸς
2295 1880 2384 1932 τὸν
2405 1881 2558 1951 ὑϐρί-

881 1955 1045 2020 ζοντα
1085 1957 1334 2028 λέγομεν·
1395 1959 1460 2011 Τί
1507 1976 1589 2011 σοι
1621 1961 1860 2031 ποιήσω;
1897 1963 1927 2014 6
1955 1961 2103 2017 δεῖνά
2137 1981 2202 2033 με
2233 1965 2427 2018 κωλύει
2450 1980 2498 2030 ι,
2529 1971 2558 2020 6

879 2043 1190 2114 προστάτης
1218 2048 1246 2098 ὀ
1269 2045 1380 2110 σὸς,
1413 2045 1617 2109 ἐκεῖνός
1673 2065 1773 2116 μου
1828 2048 2047 2118 κατέχει
2078 2049 2174 2112 τὰς
2203 2053 2409 2121 χεῖρας·
2463 2055 2555 2106 καὶ

876 2131 1042 2200 ἀρκεῖ
1064 2132 1218 2186 τοῦτο
1243 2136 1374 2204 ἡμῖν
1409 2136 1488 2198 είς
1511 2134 1885 2205 παραμυθίαν.
1909 2134 2068 2190 Οὕτω
2101 2137 2192 2188 καὶ
2218 2139 2304 2200 σὺ,
2339 2139 2555 2191 ἐπειδὰν

881 2217 1081 2289 μέλλῃς
1115 2220 1238 2272 τινὰ
1278 2221 1540 2291 ὁρκίζειν,
1579 2223 1802 2291 ἐπίσχες
1827 2222 2022 2275 σαυτὸν
2057 2223 2150 2275 καὶ
2181 2223 2440 2286 κώλυσον,
2461 2227 2555 2280 καὶ

877 2306 999 2358 εἰπὲ
1022 2305 1157 2375 πρὸς
1180 2306 1271 2360 τὸν
1297 2307 1558 2376 μέλλοντα
1595 2307 1848 2377 ὀμνύναι·
1875 2309 1940 2361 Τί
1973 2325 2052 2362 σοι
2091 2309 2302 2380 ποιήσω
2327 2327 2340 2375 ;
2369 2312 2398 2363 6
2423 2311 2554 2375 Θεὸς

877 2393 1128 2446 ἐκέλευσε
1171 2393 1244 2464 μὴ
1278 2394 1537 2466 ὁρκίζειν·
1571 2396 1778 2458 ἐκεῖνός
1805 2413 1872 2466 με
1919 2395 2140 2466 κατέχει
2183 2397 2298 2450 νῦν.
2369 2400 2555 2470 Ἀρκεί

875 2479 1033 2534 τοῦτο
1063 2483 1156 2534 καὶ
1185 2484 1264 2546 εἰς
1299 2483 1464 2554 τιμὴν
1502 2483 1596 2536 τοῦ
1625 2483 2080 2552 νομοθετήσαντος
2099 2523 2112 2546 ,
2139 2485 2234 2537 καὶ
2273 2486 2354 2548 είς
2377 2486 2554 2555 ἀσφά-

873 2568 1025 2624 λειαν
1054 2572 1172 2641 σὴν,
1209 2572 1302 2624 καὶ
1324 2575 1402 2635 εἰς
1435 2571 1598 2641 φόϐον
1621 2572 1714 2626 τοῦ
1764 2573 2046 2643 μέλλοντος
2089 2573 2340 2642 ὀμνύναι.
2387 2575 2554 2627 Ὅταν

873 2656 984 2727 γὰρ
1019 2659 1223 2721 ἐκεῖνος
1257 2658 1362 2730 ἴδῃ,
1393 2661 1474 2712 ὃτι
1503 2659 1742 2731 ὁρκῶσαι
1791 2659 2010 2730 ἐτέρους
2039 2657 2183 2712 οὕτω
2209 2659 2547 2730 δεδοίκαμεν,

875 2742 1055 2812 πολλῷ
1083 2745 1278 2816 μᾶλλον
1307 2745 1467 2810 αὐτὸς
1495 2746 1691 2815 ὀμόσαι
1726 2746 2014 2815 προπετῶς
2052 2745 2440 2816 φοϐηθήσεται·
2471 2747 2539 2799 ἂν

936 2859 958 2935 ξ
979 2861 1062 2935 §ic
1083 2875 1170 2935 nos
1193 2875 1308 2935 curn
1331 2863 2173 2935 SamiMonuiélozaéemgv.£0”.

933 2920 964 2960 b
986 2923 1098 2986 ξαν.
1120 2929 1174 2971 et
1193 2922 1386 2983 quidam
1409 2920 1490 2973 alii
1511 2927 1636 2986 ἡμᾶς
1661 2920 1912 2986 ἐπιτυχεῖν.
1939 2926 2124 2974 Caetera
2137 2935 2248 2986 qua:
2267 2926 2542 2986 orationem

873 2983 1127 3046 claudunt,
1153 2982 1361 3032 multum
1382 2982 1568 3034 variant
1587 2987 1636 3034 in
1657 2982 1909 3033 codicibus
1938 2999 2024 3046 pro
2047 2982 2356 3034 librariorum
2383 2985 2541 3046 libilo,

871 3044 956 3104 qui
978 3045 1083 3093 haec
1103 3057 1193 3093 suo
1210 3046 1419 3106 quisque
1445 3058 1581 3094 more
1602 3046 1910 3094 concinnant.

930 3230 1234 3240 ———-——

1241 3232 1350 3241 _-

1637 373 1996 440 SJOANNIS
2033 376 2522 438 CHRYSOSTOMI
2555 381 2876 446 ARCHIEP.
2915 391 3464 451 CONSTANTINOP.
4237 411 4316 462 l6!

2669 500 2828 594 τοῦτο
2845 505 2909 594 τὸ
2939 507 3101 594 ῥῆμα
3118 507 3343 582 φθέγξῃ,
3377 510 3513 580 μετὰ
3540 507 3736 578 πολλῆς
3758 511 3938 566 οἴκαδε
3965 516 4316 594 ἀναχωρήσεις

2667 586 2770 655 τῆς
2803 590 3188 662 πληροφορίας.
3227 597 3492 650 ’Ἄκουσον
3529 595 3679 668 [160]
3710 596 3840 664 γοῦν
3857 599 3950 650 τοῦ
3981 586 4114 656 Θεοῦ
4143 586 4316 673 ἐνταῑς

2669 674 2929 762 ἐντολαῖς,
2965 679 3051 733 ἴνα
3074 681 3168 732 καλ⁸
3193 681 3354 746 αὐτὸς
3387 684 3594 754 ἀκούσῃ
3623 682 3713 736 σοῦ
3749 685 3806 736 ἐν
3834 687 3953 747 ταῖς
3986 698 4312 762 προσευχαῖς.

2667 759 2835 816 Τοῦτο
2874 765 2933 817 τὸ
2990 767 3137 836 ῥῆμα
3165 769 3572 838 ἐγγραφήσεται
3615 771 3750 832 ἀνω,
3799 771 3894 824 καὶ
3923 759 4314 846 παραστήσεταί

2669 863 2750 901 σοι
2781 853 2842 905 ἐν
2855 857 2922 924 τῇ
2946 854 3128 926 ἡμέρᾳ
3153 855 3252 924 τῆς
3284 855 3540 924 κρίσεως,
3575 861 3669 912 καὶ
3702 859 3902 921 πολλάς
3923 861 4195 930 ἁμαρτίας
4215 866 4310 920 διι-

2667 935 2910 996 λύσεται.
2953 944 3061 997 Καὶ
3089 943 3247 997 τοῦτο
3289 942 3364 1014 μὴ
3397 945 3490 997 ἐπὶ
3535 947 3629 1000 τοῦ
3655 949 3818 1020 ὅρκου
3855 949 4034 1019 μόνον,
4065 950 4202 1004 ἀλλά
4236 969 4310 1007 κει

2665 1027 2757 1079 ἐπὶ
2777 1029 2998 1083 πάντων
3024 1031 3132 1084 τῶν
3165 1032 3509 1103 πραγμάτων
3539 1033 3904 1106 λογιζώμεθα,
3935 1037 4030 1090 καὶ
4053 1038 4180 1090 ὅταν
4206 1043 4312 1108 μέλι

2663 1113 2848 1185 λωμέν
2877 1136 2931 1171 τι
2955 1119 3042 1174 διὰ
3059 1121 3190 1174 Θεὸν
3219 1123 3390 1173 ποιεῖν
3407 1120 3629 1188 ἀγαθὸν,
3659 1120 3774 1177 εἶτα
3807 1126 3944 1197 φέρῃ
3971 1125 4175 1197 ζημίαν
4189 1131 4307 1192 τινὰ,

2667 1201 2740 1272 μὴ
2773 1203 2871 1273 τὴν
2897 1205 3098 1276 ζημίαν
3133 1208 3230 1277 τὴν
3257 1209 3323 1260 ἐκ
3366 1206 3459 1259 τοῦ
3487 1208 3810 1278 πράγματος
3831 1213 4118 1282 βλέπωμεν
4153 1214 4308 1282 μόνον,

2662 1288 2797 1341 ἀλλά
2833 1293 2928 1343 καὶ⁹
2956 1292 3017 1344 τὸ
3044 1293 3253 1363 κέρδος,
3282 1293 3311 1346 ὃ
3339 1294 3744 1362 καρπωσόμεθα
3769 1299 3832 1350 ἐκ
3859 1300 3950 1352 τοῦ
3983 1301 4074 1353 διά
4099 1299 4184 1352 τὸν
4198 1300 4310 1354 Θεὸν

2661 1377 2904 1446 ποιῆσαι.
2947 1374 3073 1432 υῒόν
3092 1397 3144 1431 τι
3169 1380 3330 1446 λέγω·
3365 1379 3594 1449 ’Ὑϐρισέ
3625 1381 3684 1432 σέ
3710 1399 3826 1446 τις;
3871 1386 4004 1456 φέρε
4049 1391 4310 1454 γενναίως·

2662 1463 2829 1526 οῐσεις
2855 1464 2913 1517 δέ
2939 1466 3220 1534 γενναίως,
3261 1466 3326 1519 ἂν
3369 1467 3444 1538 μὴ
3489 1466 3588 1537 τὴν
3637 1467 3792 1538 ὓϐριν
3841 1473 4104 1544 ἐννοήσῃς
4151 1475 4308 1544 μόνον,

2659 1549 2798 1603 ἀλλά
2829 1553 2924 1605 καὶ
2954 1553 3014 1604 τὸ
3041 1551 3260 1623 ἀξίωμα
3313 1553 3408 1605 τού
3449 1553 3759 1617 κελεύοντος
3809 1557 4018 1627 φέρειν,
4057 1562 4153 1612 καὶ
4208 1562 4310 1632 οῖσῃ

2663 1637 2874 1706 πράως.
2912 1637 3160 1703 Ἐδωκας
3191 1639 3558 1710 ἐλεημοσύνην
3583 1657 3596 1702 ;
3643 1641 3718 1710 μὴ
3745 1642 3843 1711 τὴν
3871 1644 4120 1713 δαπάνην
4143 1649 4310 1711 ἐννόει,

2662 1723 2798 1776 ἀλλά
2834 1725 2928 1778 καὶ
2959 1725 3057 1797 τὴν
3087 1727 3344 1797 πρόσοδον
3377 1727 3475 1798 τὴν
3501 1727 3606 1780 ἀπὸ
3631 1730 3730 1796 τῆς
3757 1728 4025 1798 δαπάνης.
4067 1733 4312 1802 Ἑζημιώ-

2661 1810 2762 1878 θης
2780 1810 3038 1880 χρήματα
3063 1829 3077 1876 ;
3112 1813 3524 1883 εὐχαρίστησον,
3554 1815 3648 1864 καὶ
3681 1813 3756 1883 μὴ
3777 1813 3874 1884 τὴν
3897 1815 4092 1886 ὀδύνην
4115 1819 4314 1886 τὴνάπὺ

2659 1896 2760 1967 τῆς
2785 1898 2988 1968 ζημίας
3009 1899 3124 1970 ἴδῃς
3160 1900 3337 1969 μόνον,
3399 1899 3534 1952 ἀλλά
3565 1900 3660 1952 καὶ
3689 1901 3750 1952 τὸ
3781 1900 3972 1973 κέρδος
3999 1901 4066 1955 τδ
4097 1903 4204 1956 ἀπὸ
4233 1903 4316 1968 τῆς

2659 1986 3028 2056 εὐχαριστίας.
3091 1988 3188 2039 Ἂν
3241 1986 3408 2050 οὕτως
3457 1989 3683 2052 ἑαυτοὺς
3741 1991 4118 2061 ῥυθμίζωμεν,
4183 1994 4313 2046 οὐδὲν

2659 2075 2804 2143 ἡμᾶς
2834 2075 3065 2145 λυπήσει
3103 2075 3208 2128 τῶν
3239 2076 3620 2145 ἐμπιπτόντων
3647 2078 3856 2141 δεινῶν,
3891 2079 4030 2133 ἀλλά
4077 2079 4172 2133 καὶ
4199 2098 4312 2150 κερ-

2656 2163 2814 2218 δανοῦ
2823 2183 2920 2236 μεν
2947 2165 3054 2232 ἀπὸ
3081 2165 3189 2218 τῶν
3216 2163 3514 2218 δοκούντων
3551 2161 3696 2220 εἶναι
3718 2168 4002 2238 λυπηρῶν,
4033 2170 4131 2223 καὶ
4161 2169 4312 2238 ζημία

2660 2250 2913 2316 πλούτου,
2949 2253 3044 2306 καὶ
3079 2252 3226 2321 λύπη
3279 2251 3476 2320 ἡδονῆς
3512 2253 3604 2304 καὶ
3647 2254 4007 2322 εὐφροσύνης,
4033 2255 4130 2306 καὶ
4173 2254 4313 2326 ὕϐρις

2656 2339 2824 2410 τιμῆς
2849 2340 3010 2410 ἡδίων
3039 2341 3190 2393 ἔσται
3213 2342 3305 2392 καὶ
3322 2339 3696 2410 ποθεινοτέρα,
3713 2341 3808 2392 καὶ
3825 2340 3895 2392 τὰ
3911 2341 4131 2394 ἐναντία
4153 2343 4310 2396 πάντα

2655 2428 2734 2490 είς
2757 2427 2948 2497 κέρδος
3001 2429 3133 2498 ἡμῖν
3171 2425 3526 2497 ἀποϐήσεται·
3557 2427 3653 2480 καὶ
3684 2425 3918 2480 ἐνταῦθα
3962 2426 4166 2496 πολλῆς
4195 2429 4313 2481 ἀπο-

2654 2513 2962 2584 λαυσόμεθα
2995 2513 3097 2584 τῆς
3124 2515 3362 2585 γαλήνης
3382 2552 3397 2577 ,
3431 2515 3594 2566 κάκεῖ
3627 2513 3728 2582 τῆς
3765 2513 4044 2583 βασιλείας
4083 2514 4190 2566 τῶν
4233 2515 4310 2566 ού·

2656 2603 2840 2672 ρανῶν
2865 2603 3261 2673 ἐπιτευξόμεθα
3309 2599 3378 2673 ἧς
3401 2603 3610 2670 γένοιτο
3661 2602 3868 2664 πάντας
3911 2603 4062 2672 ἡμᾶς
4095 2601 4309 2670 ἀξιωθῆο

2653 2689 2808 2752 ναιδ,
2830 2689 3012 2758 χάριτι
3045 2690 3137 2742 καὶ
3180 2689 3557 2759 φιλανθρωπίᾳ
3577 2688 3672 2741 τοῦ
3718 2687 3926 2756 Κυρίου
3957 2688 4119 2758 ἡμῶν
4149 2687 4304 2755 Ἰησοῦ

2653 2774 2912 2844 Χριστοῦ,
2935 2776 3002 2829 δι’
3035 2770 3096 2829 οὗ
3122 2778 3212 2828 καὶ
3248 2775 3366 2846 μεθ’
3393 2769 3454 2828 οὗ
3480 2775 3557 2845 τῷ
3575 2776 3750 2845 Πατρὶ
3773 2775 3887 2844 ἅμα
3903 2774 3980 2845 τῷ
4007 2775 4146 2844 ἁγίῳ
4165 2772 4308 2826 Ilvati-

2657 2877 2786 2930 ματι
2820 2861 2968 2926 δόξα,
2991 2863 3209 2932 κράτος,
3261 2862 3414 2933 τιμὴ,
3445 2863 3540 2915 νῦν
3571 2863 3666 2916 καὶ
3693 2863 3780 2914 ἀεὶ
3808 2861 3902 2913 καὶ¹
3939 2863 4022 2923 είς
4052 2863 4176 2924 τοὺς
4200 2859 4300 2912 αἰῶ

2654 2967 2750 3012 νας
2773 2949 2881 3003 τῶν
2909 2949 3137 3003 αἰώνων.
3177 2950 3368 3019 ’Λμήν.

3709 3217 4044 3228 ———__.___—
4061 3219 4136 3226 __..

874 3440 1279 3510 Φημισυείσης
1299 3439 1388 3504 είς
1407 3438 1513 3492 τὸν
1566 3437 1831 3504 ἄρχοντα
1863 3435 2138 3503 πραιδας,
2203 3434 2300 3489 καὶ
2369 3434 2609 3489 πάντων
2645 3435 2778 3504 περὶ
2819 3434 3021 3504 φυγῆς
3056 3430 3542 3501 βουλευομένων,
3589 3429 3695 3482 τοῦ
3735 3429 4033 3498 ἄρχοντος
4061 3438 4088 3468 ι
4125 3429 4300 3480 εἰσελ-

947 3530 1157 3595 θόντος
1210 3531 1299 3595 εὶς
1349 3529 1466 3596 τὴν
1510 3529 1849 3594 ἐκκλησίαν
1905 3527 2004 3579 καὶ
2056 3527 2608 3593 παρακαλέσαντος,
2647 3526 2867 3596 ἐλέχθη
2898 3527 2936 3593 ἡ
2965 3523 3244 3593 παροῦσα
3271 3523 3500 3592 ὁμιλία·
3529 3521 3626 3576 καὶ
3651 3520 3782 3588 περὶ
3812 3519 3918 3572 τοῦ
3933 3518 4021 3588 μὴ
4045 3519 4296 3586 ὀμνύναι·

945 3620 1043 3673 καὶ
1075 3623 1161 3685 εὶς
1207 3620 1274 3673 τὸ
1310 3620 1495 3688 ῥητὸν
1543 3618 1651 3672 τοῦ
1703 3619 2097 3681 Ἀποστόλου,
2141 3617 2348 3680 Παῦλος
2388 3616 2609 3687 δέσμιος
2661 3619 2837 3688 Ἰησοῦ
2876 3616 3135 3686 Χριστοῦ.

1541 3931 1772 4002 Ὀμιλία
1803 3933 1902 3998 ις’.

940 4033 1010 4078 α’.
1047 4025 1150 4078 Τὸν
1169 4022 1408 4094 ἄρχοντα
1438 4024 1534 4091 μέν
1571 4019 1809 4088 ἐπῄνεσα
1837 4016 1935 4086 τῆς
1963 4015 2310 4086 κηδεμονίας,
2338 4015 2420 4068 ὅτι
2453 4033 2540 4069 τε-

869 4111 1072 4183 θορυϐη
1081 4109 1249 4181 μένην
1265 4109 1364 4179 τὴν
1391 4107 1547 4160 πόλιν
1574 4104 1697 4158 ἰδὼν
1718 4104 1810 4156 καὶ
1835 4103 2042 4166 πάντας
2059 4102 2187 4172 περὶ
2207 4104 2382 4173 φυγῆς
2413 4102 2506 4172 βου
2525 4131 2541 4143 .

867 4199 1206 4270 λευομένους,
1227 4193 1482 4250 εἰσελθὼν
1500 4192 1838 4264 παρεκάλεσέ
1855 4208 1914 4244 τε
1933 4191 2077 4261 ὑμᾶς
2093 4190 2188 4243 καὶ
2203 4191 2283 4253 είς
2295 4188 2541 4259 χρηστὰς

865 4289 1068 4357 ἢγαγεν
1088 4285 1326 4348 ἐλπίδας·
1360 4283 1502 4353 ὑπὲρ
1525 4282 1678 4352 ὑμῶν
1706 4281 1762 4334 δέ
1791 4278 2066 4350 ᾐσχύνθην
2090 4280 2183 4332 καὶ
2207 4275 2533 4347 ἠρυθρίασα,

865 4375 947 4426 ὅτι
975 4373 1076 4442 τῆς
1100 4371 1296 4436 ἔξωθεν
1333 4369 1591 4439 ἐδεήθητε
1641 4367 2045 4437 παρακλήσεως
2081 4363 2220 4434 μετά
2249 4365 2372 4427 τοὺς
2403 4365 2534 4416 πολ-

862 4463 988 4526 λοὺς
1029 4463 1124 4514 καὶ
1151 4459 1394 4530 μακροὺς
1431 4459 1620 4524 λόγους
1653 4457 1911 4518 ἐκείνους.
1965 4452 2229 4522 Ηύξάμην
2255 4453 2534 4523 διαστῆναι

866 4567 958 4620 μοι
989 4551 1088 4618 τὴν
1109 4548 1212 4618 γῆν
1237 4547 1334 4599 καὶ
1350 4543 1663 4607 καταδῦναι,
1693 4543 1782 4594 ὅτε
1806 4543 2001 4612 ἢκουον
2034 4539 2198 4592 αὑτοῦ
2233 4539 2368 4610 πρὸς
2390 4541 2535 4612 ὑμᾶς

859 4635 1260 4704 διαλεγομένου,
1300 4631 1396 4685 καὶ
1425 4630 1520 4684 νῦν
1579 4630 1678 4700 μὲν
1721 4627 2212 4698 παραμυθουμένου
2251 4626 2302 4688 ι’,
2348 4627 2442 4681 νῦν
2475 4627 2532 4682 δέ

859 4721 1182 4791 αἰτιωμένου
1221 4718 1318 4789 τὴν
1357 4717 1582 4788 ἄκαιρον
1629 4715 1830 4784 ταύτην
1860 4715 1952 4768 καὶ
1980 4714 2170 4784 ἄλογον
2203 4713 2422 4769 δειλίαν.
2453 4716 2527 4768 Οὐ

857 4811 966 4880 γὰρ
995 4809 1141 4877 ὑμᾶς
1167 4807 1296 4876 παρ’
1327 4805 1536 4858 ἐκείνου
1562 4803 1908 4856 διδάσκεσθαι
1936 4801 2062 4864 ἔδει,
2107 4801 2220 4854 ἀλλ’
2246 4803 2390 4871 ὑμᾶς
2419 4805 2532 4864 τοῖς

855 4897 1104 4957 ἀπίστοις
1125 4894 1296 4947 ἅπασι
1322 4891 1564 4959 γίνεσθαι
1593 4889 1960 4951 διδασκάλους.
1981 4889 2054 4942 Οὐ
2085 4887 2193 4958 γάρ
2217 4887 2530 4950 δικάζεσθαι

857 4984 1008 5054 παρά
1031 4985 1141 5045 τοῖς
1170 4980 1418 5042 ἀπίστοις
1446 4979 1474 5030 6
1507 4976 1713 5038 Παῦλος
1765 4976 2053 5044 ἐπέτρεψε·
2089 4975 2152 5027 σὺ
2187 4975 2243 5028 δέ
2271 4974 2527 5028 διδασκά-

854 5073 962 5126 λων
993 5072 1100 5124 τῶν
1123 5071 1320 5134 ἔξωθεν
1343 5067 1568 5139 ἐδεήθης
1596 5067 1736 5137 μετά
1785 5065 1883 5132 τὴν
1914 5063 2180 5132 τοσαύτην
2219 5062 2329 5116 τῶν
2361 5062 2530 5116 πατέ-

859 5177 967 5230 ρων
996 5158 1334 5229 παραίνεσιν,
1371 5157 1465 5210 καὶ
1501 5153 1765 5226 δραπέται
1797 5151 1890 5204 κοιλ¹
1926 5152 2208 5221 μαστιγίαι
2245 5151 2388 5214 τινὲς
2429 5150 2527 5204 πό-

854 5248 939 5300 λιν
987 5245 1254 5314 τοσαύτην
1312 5245 1694 5314 ἀνεπτέρωσαν
1751 5243 1845 5293 καὶ
1893 5240 1972 5303 είς
2014 5238 2188 5309 φυγὴν
2249 5238 2520 5291 ἐνέϐαλον.

853 5334 1035 5396 notat;
1060 5332 1358 5402 ὀφθαλμοῖς
1405 5329 1796 5397 ἀντιϐλέψομεν
1830 5326 2014 5378 λοιπὸν
2065 5327 2189 5387 τοὺς
2217 5324 2366 5395 μοι]
2398 5325 2522 5378 ἀπίο

855 5437 1012 5482 στους
1045 5431 1092 5485 ο,
1131 5419 1273 5472 οὕτω
1304 5416 1586 5486 ψοφοδεεῖς
1609 5414 1762 5476 ὅντες
1793 5412 1885 5465 καὶ¹
1915 5409 2114 5474 δειλοῖς
2147 5409 2274 5481 ποίᾳ
2309 5409 2522 5482 γλώττῃ

853 5507 990 5577 πρὸς
1037 5507 1232 5568 αὐτοὺς
1255 5503 1628 5574 διαλεξόμεθα,
1673 5501 1768 5555 καὶ
1817 5499 2076 5569 πείσομεν
2127 5498 2352 5570 θαρρεῖν
2381 5498 2520 5568 ὑπὲρ

915 5624 932 5648 ⁸
955 5626 1069 5676 Sav.
1094 5631 1148 5674 et
1182 5624 1378 5686 quidam
1418 5623 1502 5673 alii
1533 5621 1618 5671 τοῦ
1647 5623 1872 5684 κὸμητος.
1895 5619 2022 5672 Vide
2054 5626 2220 5672 nolam
2257 5619 2518 5671 Frontonis

853 5686 1020 5738 Βηοωὶ
1045 5687 1103 5735 ad
1132 5689 1318 5734 calcem
1339 5686 1484 5744 hujus
1505 5687 1636 5733 lomi.

913 5747 1559 5820 ἒᾼίὶἓπαραπεαλουιεένοϊ-,
1919 5805 1970 5820 μ
2036 5819 2045 5820 ί
2133 5807 2144 5820 .
2197 5804 2207 5818 .
2309 5809 2329 5820 -
2397 5803 2409 5816 .

915 5811 938 5841 ⁶
963 5809 1062 5860 Alii
1091 5805 1185 5864 τοῖς
1213 5805 1442 5862 ἀπιστοῑς.
1479 5807 1608 5857 Infra
1631 5805 1824 5868 quidam
1849 5805 2098 5866 δειλότεροι
2129 5805 2244 5866 ὺπέρ
2275 5809 2356 5860 τῆς
2391 5805 2508 5862 ἀγα.)-

859 5871 967 5928 σίας.

2642 3950 2750 4003 τῶν
2779 3947 3039 4004 ἐπιόντων
3057 3949 3266 4017 δεινῶν,
3303 3947 3518 4017 λαγωοῦ
3548 3946 3744 4008 παντὸς
3777 3945 4068 4013 δειλότεροι
4096 3943 4182 3996 διά
4209 3941 4296 4010 τῆς

2641 4037 2878 4104 ἀγωνίας
2907 4037 3182 4107 γενόμενοι
3235 4035 3472 4105 ταύτης;
3521 4033 3631 4084 Καὶ
3679 4031 3730 4082 τί
3770 4030 4056 4100 πάθωμεν,
4108 4029 4290 4099 φησίν,

2644 4122 2949 4194 ’Ἄνθρωποι
2990 4124 3098 4193 γάρ
3139 4125 3324 4192 ἐσμεν.
3374 4119 3452 4172 Δι’
3491 4118 3624 4170 αὐτὸ
3673 4117 3770 4186 μὲν
3800 4111 3892 4168 οὖν
3921 4114 4084 4168 τοῦτο
4107 4116 4165 4167 ού
4201 4114 4292 4186 χρὴ

2641 4208 3000 4280 θορυϐεῖσθαι,
3044 4209 3230 4278 ἐπειδὴ
3279 4203 3554 4275 ἄνθρωποί
3599 4205 3799 4272 ἐσμεν,
3845 4201 3940 4254 καὶ
3971 4201 4076 4254 οὐκ
4115 4201 4290 4268 ἀλογα.

2639 4293 2850 4348 Ἐκεῖνα
2875 4296 2982 4350 ἀπὸ
2996 4296 3182 4366 ψόφων
3214 4293 3308 4345 καὶ
3337 4289 3554 4343 κτύπων
3577 4287 3789 4342 ἅπαντα
3817 4287 4075 4341 σοϐεῖται·
4107 4289 4166 4340 ού
4197 4286 4292 4357 γάρ

2635 4379 2748 4451 ἔχει
2779 4382 3034 4452 λογισμὸν
3063 4382 3154 4434 τὸν
3181 4379 3476 4446 δυνάμενον
3507 4373 3953 4445 ἀποκρούσασθαι
3977 4373 4040 4427 τὸ
4069 4375 4204 4437 δέος·
4235 4373 4290 4426 σὺ

2633 4468 2689 4520 δέ
2709 4468 2850 4539 λόγῳ
2903 4470 2996 4521 καὶ
3023 4463 3268 4534 λογισμῷ
3293 4461 3672 4533 τετιμημένος,
3703 4462 3820 4524 πῶς
3851 4464 3928 4524 είς
3949 4461 4050 4532 τὴν
4081 4462 4290 4514 ἐκείνων

2634 4556 2992 4617 καταπίπτεις
3021 4553 3370 4618 δυσγένειαν;
3432 4547 3659 4619 Eia-711M
3690 4565 3794 4612 τις,
3849 4549 4184 4618 ἀπήγγειλεν
4213 4545 4293 4612 ἐφ-

2631 4644 2747 4696 οδον
2773 4640 3152 4714 στρατιωτῶν;
3184 4635 3258 4707 μὴ
3289 4635 3622 4706 θορυϐηθῇς,
3659 4635 3773 4688 ἀλλ’
3804 4637 3962 4704 ἀφεὶς
3977 4635 4159 4696 αὐτὸν,
4185 4633 4288 4684 κλῖ-

2631 4745 2720 4782 νον
2746 4729 2814 4782 τὰ
2843 4727 3066 4795 γόνατα,
3100 4724 3192 4774 τὸν
3221 4721 3494 4791 Δεσπότην
3525 4740 3616 4774 σου
3671 4721 4077 4793 παρακάλεσον,
4111 4721 4284 4772 στέναο

2631 4814 2719 4877 ξον
2745 4815 2960 4882 πικρὸν,
2985 4811 3077 4862 καὶ
3105 4808 3500 4879 ἀποκρούσεται
3521 4809 3582 4862 τὸ
3612 4809 3806 4863 δεινόν.
3833 4809 3903 4860 Σὺ
3925 4809 4022 4877 μὲν
4043 4822 4286 4876 στρατιω-

2630 4900 2740 4951 τῶν
2773 4898 2958 4965 ἔφοδον
3003 4897 3240 4957 ἀκούσας
3275 4897 3373 4948 οὐκ
3415 4895 3612 4966 ἀληθῆ,
3644 4898 3737 4950 καὶ
3767 4897 3864 4964 τῆς
3915 4893 4060 4963 ζωῆς
4091 4891 4282 4946 ἐκινδύ-

2631 5001 2824 5046 νευσας
2858 4981 3234 5053 ἀπορραγῆναι
3265 4983 3361 5050 τῆς
3399 4983 3700 5053 παρούσης’
3730 4985 3758 5034 6
3784 4981 3840 5032 δὲ
3875 4981 4144 5049 μακάριος
4171 4975 4282 5028 Ἰὼϐ

2629 5071 2835 5132 ἐκεῖνος
2861 5069 3176 5138 ἐπαλλήλων
3227 5069 3472 5136 ἀγγέλων
3505 5069 3836 5138 ἐρχομένων,
3899 5065 3991 5116 καὶ
4039 5064 4110 5116 τά
4143 5059 4280 5114 δεινά

2631 5153 3086 5223 ἀπαγγελλόντων
3119 5153 3351 5220 ἀκούων,
3395 5155 3490 5209 καὶ
3519 5151 3861 5222 προσθέντων
3891 5151 3990 5220 τὴν
4020 5149 4280 5220 ἀφόρητον

2629 5243 2739 5295 τῶν
2765 5241 2969 5294 παίδων
3014 5241 3308 5306 ἀπώλειαν,
3366 5244 3466 5294 οὐκ
3499 5235 3812 5306 ἀνῴμωξεν,
3859 5239 3959 5294 οὐκ
3984 5235 4276 5299 ἐστέναξεν.

2629 5329 2743 5384 ἀλλ’
2767 5329 2860 5381 ἐπὶ
2894 5329 3194 5399 προσευχὴν
3223 5323 3607 5397 ἐτρέπετο,καὶ
3633 5322 3950 5392 ηὐχαρίστει
3983 5320 4062 5392 τῷ
4091 5316 4276 5372 Δεσπό-

2629 5435 2712 5488 τῃ.
2746 5415 2940 5469 Τοῦτον
2993 5417 3084 5469 καὶ
3119 5417 3182 5468 σὺ
3219 5414 3474 5484 μίμησαι·
3532 5409 3622 5462 καὶ
3648 5409 3774 5462 ὅταν
3805 5408 3974 5462 ἐλθών
3999 5425 4082 5470 τις
4108 5407 4274 5470 ἀπαγ-

2628 5503 2780 5574 γείλῃ
2818 5503 2897 5556 ὅτι
2935 5501 3262 5573 στρατιῶται
3294 5497 3393 5566 τὴν
3426 5495 3582 5547 πόλιν
3610 5493 3924 5548 ἐκύκλωσαν
3952 5491 4162 5553 καὶτὰς
4193 5487 4273 5540 οὐ·

2627 5593 2747 5654 σίας
2774 5591 3094 5663 διαρπάζειν
3123 5587 3396 5657 μέλλουσι,
3440 5581 3578 5653 πρὸς
3614 5583 3704 5634 τὸν
3748 5583 4021 5650 Δεσπότην
4053 5595 4145 5631 σου
4179 5589 4270 5663 κα-

2624 5679 2851 5748 τάφυγε,
2869 5659 2880 5663 ’
2900 5677 2988 5730 καὶ
3013 5675 3154 5728 εἰπέ·
3200 5671 3262 5723 Ὀ
3293 5669 3510 5736 Κύριος
3545 5667 3788 5734 ἔδωκεν,
3822 5673 3856 5724 ὁ
3882 5669 4095 5736 Κύριος
4121 5659 4272 5730 ἀφεί-

2621 5747 2789 5820 λατο·
2821 5765 2901 5828 ὡς
2941 5762 3019 5826 τῷ
3057 5759 3250 5826 Κυρίῳ
3296 5755 3526 5818 ἔδοξεν,
3561 5757 3712 5810 οὕτω
3741 5757 3838 5810 καὶ
3897 5754 4146 5823 ἐγένετο·
4184 5747 4266 5810 εἴη

2624 5854 2686 5905 τὸ
2742 5851 2925 5920 ὄνομα
2977 5845 3195 5915 Κυρίου
3251 5841 3653 5912 εὐλογημέιτν
3711 5846 3796 5910 είς
3855 5841 3994 5908 τοὺς
4045 5837 4264 5900 αἰῶνας.
