4452 6686
459 402 549 455 lﬁl
1376 403 1465 457 AD
1505 402 1824 461 POPULLIM
1864 401 2217 458 ANTIOCHE]

1376 403 1465 457 AD
1505 402 1824 461 POPULUM
1864 401 2352 459 ANTIOCHENUM
2415 402 2643 463 ΗΟΜΙῙ..
2686 407 2822 466 XVI.

458 524 660 576 uumso,
689 510 931 580 dubitas,
962 521 1016 569 et
1040 513 1273 567 animam
1302 512 1536 567 occidis?
1560 514 1683 584 quid
1714 524 1915 568 tantum
1948 515 2029 567 lu-

457 601 644 669 cruris,
669 613 922 674 quantum
948 605 1180 658 animum
1207 611 1346 655 tuam
1370 611 1424 657 et
1451 607 1746 672 proximum
1770 605 1920 660 laedis
1938 606 1961 657 ?
1981 606 2033 661 Si

460 692 598 748 enim
625 695 799 751 credis
825 696 966 765 quod
994 709 1155 747 verax
1194 693 1259 747 sit
1310 694 1468 749 homo
1489 738 1505 758 ,
1536 712 1600 751 ne
1625 696 1913 765 juramenti
1946 712 2038 750 ne-

456 789 759 842 cessitatem
788 787 1057 849 adducas;
1104 786 1149 839 si
1194 798 1322 840 vero
1368 790 1504 842 nosti
1544 788 1686 858 quod
1727 789 2034 852 mentietur,

456 894 523 931 ne
566 878 807 947 pejerare
850 891 1029 945 cogas.
1061 874 1164 930 Sed
1210 885 1265 930 ιιι
1289 878 1414 932 mihi
1473 879 1631 947 plena
1682 878 1815 931 fides
1865 878 2034 944 ﬁeret,

455 966 757 1021 instandum
800 974 950 1029 erat,
997 965 1166 1033 inquit
1206 984 1218 1018 :
1262 968 1369 1020 imo
1418 978 1543 1022 tunc
1594 968 1686 1021 tibi
1738 977 1851 1021 rata
1909 968 2039 1021 ﬁdes

456 1056 569 1123 ﬁet,
601 1072 719 1111 cum
746 1056 931 1125 jurare
973 1071 1094 1108 eum
1148 1073 1250 1109 non
1296 1059 1555 1127 coegeris.
1589 1058 1740 1112 Nunc
1768 1057 1911 1111 enim
1943 1058 2039 1110 do-

456 1163 601 1200 mum
650 1160 957 1217 regressus,
984 1160 1013 1198 a
1042 1147 1364 1199 conscientia
1394 1148 1607 1202 assidue
1648 1146 1886 1211 roderis,
1925 1145 2041 1199 bace

459 1236 1037 1305 reputanszNumquid
1082 1250 1187 1289 non
1234 1234 1428 1288 frustra
1460 1237 1735 1304 adjuravi?
1780 1234 2038 1304 numquid

457 1342 565 1380 non
596 1328 884 1395 pejcravit?
913 1328 1167 1397 numquid
1209 1342 1311 1379 non
1351 1342 1450 1395 ego
1493 1327 1562 1380 fui
1604 1344 1760 1382 causa
1795 1325 2041 1396 peccati?

459 1416 515 1470 Si
558 1432 684 1470 vero
722 1433 828 1470 non
869 1418 1196 1486 adjuraveris
1219 1459 1234 1482 ,
1266 1417 1485 1470 domum
1515 1432 1788 1485 regressus
1816 1416 2038 1470 multam

459 1506 641 1575 capies
662 1508 1103 1573 consolationem,
1135 1524 1300 1578 agens
1332 1509 1438 1562 Deo
1465 1508 1664 1576 gratias
1685 1549 1697 1568 .
1730 1518 1783 1563 et
1809 1510 1996 1562 dicens
2022 1524 2036 1559 :

458 1596 775 1651 Benedictus
799 1597 959 1662 Deus,
982 1600 1230 1667 quoniam
1255 1613 1340 1650 me
1372 1600 1543 1663 ipsum
1573 1599 1828 1660 continui,
1864 1612 2038 1665 neque

460 1686 696 1755 adjuravi
727 1686 945 1749 frustra,
974 1703 1074 1740 nec
1102 1698 1325 1740 temere.
1358 1686 1679 1754 Deploretur
1698 1704 1905 1747 aurmn,
1926 1702 2040 1753 per-

459 1787 583 1831 eant
613 1779 873 1847 pecuuize,
897 1787 954 1831 ut
984 1779 1084 1830 hoc
1113 1777 1266 1829 nobis
1290 1778 1519 1830 maxime
1548 1778 1755 1845 plenam
1788 1780 1943 1832 ﬁdem
1973 1778 2040 1831 fa-

457 1870 583 1933 ciat,
607 1868 777 1938 legem
810 1884 914 1922 non
944 1869 1288 1936 prmtcriisse,
1314 1883 1411 1922 nec
1435 1869 1660 1923 alterum
1686 1872 1949 1939 coegisse,
1980 1880 2037 1924 ut

458 1957 561 2011 hoc
584 1958 797 2012 faceret.
822 1957 1003 2027 Cogita
1036 1968 1253 2025 propter
1274 1973 1390 2027 qna:
1422 1975 1525 2012 non
1554 1961 1836 2029 adjurasti,
1862 1971 1914 2015 et
1938 1961 2039 2015 hoc

460 2049 551 2103 tibi
577 2048 805 2103 sufﬁciet.
832 2050 885 2102 in
915 2048 1247 2116 refrigerium
1281 2060 1334 2102 et
1362 2052 1804 2107 consolationem.
1826 2054 2037 2123 Sarpius

458 2154 687 2207 namque
715 2154 884 2208 pugna
917 2138 1147 2191 conflata
1175 2140 1555 2193 Contumeliam
1585 2143 1843 2208 patientes
1870 2158 2036 2212 gene-

456 2244 578 2284 rose
602 2228 842 2291 ferimus,
872 2240 927 2283 et
952 2230 1337 2283 eontnmcliam
1362 2229 1607 2284 inferenti
1630 2230 1878 2291 dicimus.
1902 2232 2036 2298 Quid

456 2321 549 2374 tibi
572 2320 796 2389 faciam?
825 2321 915 2376 ille
944 2337 1030 2376 me
1060 2322 1291 2375 retinet‘
1323 2331 1579 2390 patronus
1603 2330 1757 2389 tuus;
1782 2324 1871 2377 ille
1893 2340 2039 2377 meas

455 2410 670 2464 cohibet
701 2426 908 2464 manus.
939 2410 1007 2464 Et
1038 2410 1141 2465 hoc
1168 2412 1321 2465 nobis
1346 2411 1411 2463 ad
1435 2412 1861 2466 consolationem
1887 2413 2037 2465 sulti-

454 2501 546 2554 cit.
581 2500 654 2552 lta
686 2509 740 2552 tu
778 2514 989 2568 quoque
1033 2516 1153 2554 cum
1201 2501 1506 2569 quempiam
1549 2500 1893 2570 adjuraturus
1939 2516 2033 2563 es,

458 2591 683 2658 teipsum
711 2591 946 2654 contine,
976 2589 1219 2657 prohibe,
1252 2597 1305 2641 et
1334 2590 1421 2642 dic
1447 2590 1691 2658 juraturo
1725 2607 1738 2643 :
1773 2589 1911 2656 Quid
1944 2591 2033 2644 tibi

457 2678 682 2732 faciam?
712 2677 851 2732 Deus
878 2677 1039 2745 jussit
1066 2692 1170 2730 non
1197 2676 1466 2744 adjurare,
1501 2678 1589 2731 ille
1619 2692 1705 2731 me
1735 2694 1876 2732 nunc
1905 2694 2036 2731 cou-

458 2770 609 2822 tinet.
646 2766 853 2822 Suflicit
884 2768 984 2820 hoc
1011 2776 1064 2820 et
1093 2766 1160 2819 ad
1191 2766 1450 2819 honorem
1483 2766 1803 2835 legislatoris
1828 2809 1843 2833 ,
1873 2776 1929 2821 et
1967 2769 2031 2821 ad

454 2858 794 2913 securitatem
826 2866 989 2921 tuam,
1022 2866 1074 2910 et
1100 2856 1165 2909 ad
1190 2856 1423 2925 juraturi
1451 2857 1717 2911 timorem.
1738 2857 1871 2912 Cum
1895 2859 2034 2912 enim

455 2951 542 3004 ille
569 2950 762 3003 viderit
786 2949 927 3017 quod
972 2949 1050 3003 sic
1088 2948 1224 3001 alios
1254 2947 1502 3017 adjurare
1531 2963 1833 3011 vereamur.
1868 2952 2037 3003 multo

454 3043 621 3110 magis
653 3042 766 3110 ipse
796 3038 952 3095 facile
975 3040 1159 3109 jurare
1189 3038 1518 3094 formidabit.
1573 3040 1627 3095 Si
1672 3040 1773 3095 hoc
1816 3042 2033 3095 verbum

452 3194 541 3314 rt;
567 3192 809 3302 sic‘ltalget
842 3199 947 3242 Sav.
974 3193 1105 3255 Apud
1140 3192 1333 3241 Montef.
1380 3206 1499 3243 vero
1521 3193 1729 3257 legitur,
1766 3192 2031 3257 vituperat,

470 3290 482 3299 .
543 3288 558 3312 ,
582 3266 636 3303 re
656 3267 732 3303 me
755 3287 769 3301 .

470 3266 558 3312 :ro,
582 3266 769 3303 retmet.

453 3484 773 3527 NUNTIATA
819 3485 899 3525 ΔΙ)
943 3484 1328 3528 PRAEFECTUM
1376 3486 1390 3515 ί
1439 3485 1901 3540 POPULATIONE,
1975 3489 2053 3528 ET
2114 3487 2392 3530 OMNIBUS
2439 3487 2521 3527 DE
2564 3486 2732 3528 FUGA
2801 3483 3371 3538 CONSULTANTIBUS,

3636 425 3735 477 lli“!

2140 516 2362 580 dixeris,
2388 533 2507 572 cum
2533 520 2694 572 multa
2719 521 2933 574 domum
2958 527 3258 581 securitatis
3286 529 3613 597 plenitudine
3640 551 3723 588 re-

2144 608 2304 663 dibis.
2339 610 2473 665 Audi
2506 626 2633 680 ergo
2665 612 2829 667 Deum
2860 614 2914 669 in
2946 617 3230 683 mandatis,
3258 627 3314 673 ut
3338 622 3448 690 ipse
3476 626 3727 681 exaudiat

2146 710 2199 753 te
2228 700 2279 752 in
2307 702 2655 755 orationibus.
2681 703 2792 757 Hoc
2817 706 3037 761 verbum
3058 709 3107 762 in
3130 711 3265 764 caelo
3289 714 3569 781 scribetur,
3595 728 3649 771 et
3674 719 3725 773 in

2140 792 2431 860 judteiidie
2462 794 2553 847 tibi
2581 795 2837 861 sistetur,
2890 808 2938 849 et
2986 801 3146 854 multa
3190 802 3447 857 dissolvet
3488 818 3727 874 peccata.

2143 881 2253 937 Nec
2282 883 2384 936 hoc
2412 893 2610 937 tantum
2641 886 2693 939 in
2727 886 3034 953 juramento
3061 931 3075 951 .
3107 907 3288 947 verum
3317 902 3370 948 et
3398 896 3449 948 in
3480 897 3732 952 omnibus

2145 974 2371 1042 negotiis
2415 977 2707 1043 cogitemus
2736 994 2749 1030 :
2782 986 2837 1032 et
2864 993 2987 1031 cum
3025 980 3281 1036 debemus
3310 986 3505 1054 aliquid
3554 989 3733 1041 facere

2144 1062 2267 1116 boni
2296 1070 2516 1131 propter
2544 1065 2741 1129 Deum,
2768 1068 2909 1136 quod
2932 1084 3054 1123 mox
3084 1071 3284 1139 aliquid
3312 1073 3499 1128 inferat
3525 1077 3732 1142 damni,

2143 1167 2250 1205 non
2282 1152 2456 1205 solum
2479 1168 2544 1205 ex
2574 1155 2785 1222 negotio
2810 1157 3063 1211 damnum
3094 1169 3419 1229 spectemus,
3451 1164 3543 1216 sed
3566 1166 3729 1218 etiam

2146 1240 2368 1306 lucrum,
2397 1242 2536 1311 quod
2560 1244 2831 1311 capiemus
2854 1257 3068 1314 propter
3088 1250 3253 1303 Deum
3274 1252 3539 1307 faciendo.
3573 1254 3727 1316 Puta,

2142 1329 2317 1384 all‘ecit
2347 1341 2398 1385 te
2433 1332 2697 1401 quispiam
2726 1337 3086 1389 contumelia?
3140 1339 3217 1391 fer
3251 1357 3507 1407 generose
3541 1361 3554 1397 :
3585 1345 3727 1397 feres

2143 1429 2317 1473 autem
2348 1437 2625 1489 generose,
2656 1424 2699 1476 si
2728 1439 2833 1478 nou
2861 1429 3240 1481 contumeliam
3263 1433 3581 1499 cogitaveris
3612 1443 3730 1487 tan-

2146 1516 2277 1573 tum,
2307 1511 2399 1565 sed
2418 1513 2575 1565 etiam
2606 1514 2996 1583 ferrejubentis
3018 1518 3353 1587 dignitatem,
3376 1531 3430 1575 et
3452 1535 3729 1577 mansuete

2146 1598 2302 1652 feres.
2352 1601 2753 1674 Eleemosynam
2793 1606 3025 1659 dedisti?
3069 1626 3135 1663 ne
3188 1610 3481 1679 impensam
3530 1615 3731 1682 cogites

2148 1698 2347 1743 tantum
2372 1732 2387 1756 ,
2414 1708 2595 1747 verum
2626 1704 2677 1747 ct
2704 1710 3019 1762 preventum
3046 1714 3112 1751 ex
3156 1700 3414 1769 impensa.
3448 1702 3732 1758 Mulctatus

2145 1794 2204 1833 es
2228 1783 2467 1848 pecuniis
2486 1786 2510 1835 Ἰ
2537 1786 2731 1852 gratias
2753 1801 2870 1855 age,
2897 1802 2997 1842 nec
3017 1797 3219 1842 tantum
3243 1790 3465 1859 jactura:
3488 1794 3727 1849 dolorem

2146 1879 2389 1939 spectes,
2432 1888 2614 1927 verum
2642 1884 2694 1928 et
2724 1876 2926 1930 lucrum
2966 1893 3034 1931 ex
3075 1880 3363 1947 gratiarum
3394 1883 3625 1937 actione.
3675 1884 3730 1939 Si

2143 1960 2224 2013 sic
2254 1976 2351 2014 nos
2380 1976 2786 2030 componamus,
2837 1966 3038 2021 nullum
3086 1969 3438 2023 accidentium
3482 1986 3580 2024 nos
3604 1987 3724 2041 gra-

2145 2054 2286 2106 vium
2318 2053 2688 2119 contristabit,
2729 2056 2823 2109 sed
2849 2072 2914 2110 ex
2945 2059 3007 2112 iis
3049 2076 3167 2127 qum
3212 2061 3459 2115 videntur
3488 2078 3607 2116 esse
3640 2066 3734 2118 tri-

2142 2147 2241 2200 stia
2262 2188 2277 2209 ,
2308 2146 2634 2201 lucrabimur
2663 2166 2676 2202 :
2716 2158 2771 2203 et.
2794 2149 3045 2203 damnum
3074 2154 3287 2218 divitiis,
3339 2157 3550 2209 tristitia
3579 2158 3729 2211 volu~

2143 2246 2285 2306 ptate
2312 2248 2363 2291 et
2392 2238 2783 2305 delectatione,
2838 2241 3158 2294 contumelia
3212 2242 3414 2297 honore
3443 2246 3725 2312 jucundior

2144 2329 2245 2380 erit
2272 2336 2324 2381 ct
2353 2329 2755 2384 desiderabilior
2776 2372 2791 2395 ,
2835 2340 2890 2385 et
2917 2332 3098 2385 omnia
3128 2335 3396 2387 contraria
3438 2336 3487 2387 in
3521 2336 3725 2387 lucrum

2147 2418 2298 2471 nobis
2327 2420 2670 2485 provenient,
2705 2429 2757 2474 et
2802 2420 2887 2475 hic
2932 2422 3095 2475 multa
3145 2420 3385 2476 fruemur
3435 2424 3727 2492 tranquilli-

2146 2516 2255 2561 tate
2279 2548 2293 2571 ,
2324 2516 2376 2561 et
2407 2508 2512 2561 illic
2536 2522 2757 2570 regnum
2786 2511 3039 2563 ezelorum
3077 2525 3429 2579 assequemur
3458 2530 3469 2564 :
3502 2528 3605 2579 quo
3636 2526 3733 2565 nos

2145 2612 2333 2651 omnes
2356 2596 2544 2665 dignos
2566 2597 2677 2650 ﬁeri
2711 2597 2726 2628 ¹
2755 2597 2931 2659 detur,
2963 2600 3127 2667 gratia
3140 2602 3193 2649 et
3209 2595 3499 2652 clementia
3520 2599 3731 2653 Domini

2144 2687 2313 2740 nostri
2341 2685 2467 2740 Jesu
2496 2686 2691 2740 Christi
2717 2726 2732 2752 ,
2765 2701 2860 2754 per
2891 2702 3050 2756 quem
3081 2696 3281 2742 etcum
3313 2703 3420 2756 quo
3452 2688 3591 2742 Patri
3622 2705 3721 2743 una

2142 2791 2260 2830 cum
2287 2786 2472 2830 sancto
2501 2776 2702 2845 Spiritu
2732 2777 2897 2846 gloria
2922 2820 2936 2839 ,
2970 2777 3250 2845 imperium
3276 2788 3332 2831 et
3359 2777 3564 2843 honor,
3591 2794 3731 2833 nunc

2143 2878 2194 2920 ct
2215 2883 2446 2937 semper,
2470 2878 2524 2921 ct
2555 2869 2603 2920 iu
2636 2868 2828 2921 sarcula
2858 2870 3200 2922 szeculorum.
3231 2872 3420 2923 Amen.

2211 3135 2225 3165 ι
2263 3130 2405 3181 savii.
2433 3140 2487 3180 et
2507 3131 2703 3192 quidam
2726 3128 2823 3192 alii,
2860 3130 2988 3191 quod
3029 3142 3113 3179 nos
3136 3126 3376 3192 obtitw_re_._
3399 3133 3598 3192 Caetera
3619 3142 3731 3189 qua:

2141 3196 2410 3243 orationem
2433 3187 2678 3247 claudunt,
2706 3187 2910 3237 multum
2936 3193 3123 3239 variant
3146 3189 3458 3237 iuCodieibus
3477 3201 3563 3248 pro
3588 3187 3730 3236 libra-

2140 3257 2324 3303 riorum
2352 3254 2503 3311 libito,
2531 3255 2613 3314 qui
2639 3254 2743 3300 haec
2764 3265 2856 3300 suo
2878 3253 3089 3313 quisque
3112 3263 3249 3298 more
3272 3251 3579 3298 concinnant.

3444 3486 3576 3529 CUM
3622 3484 3729 3527 IN-

532 3585 810 3627 TRASSET
854 3584 1226 3625 PREFECTUS
1273 3584 1334 3625 IN
1382 3584 1725 3626 ECCLESIAM
1772 3585 1852 3626 ΕΤ
1896 3585 2291 3628 CONSOLATUS
2338 3585 2620 3637 FUISSET,
2669 3585 2904 3626 ΠΑΒΙΤΔ
2942 3585 3055 3626 EST
3082 3584 3369 3627 Ριιλεεεκε
3400 3583 3664 3626 ΗΟΜΚᾸΔ
3703 3586 3718 3623 2

533 3682 614 3723 ΕΤ
656 3682 737 3722 DE
785 3681 1061 3724 νιΤΑΝυο
1102 3682 1501 3736 JURAMENTO,
1538 3684 1616 3724 ΕΤ
1662 3683 1723 3725 IN
1772 3683 1961 3725 ILLUD
1989 3683 2285 3725 APOSTOLI

1989 3683 2285 3725 APOSTOLI
2330 3683 2575 3726 DICTUM
2623 3686 2638 3723 Ξ
2677 3684 2915 3725 PAULUS
2949 3683 3214 3727 VINCTUS
3284 3684 3431 3727 JESU
3477 3681 3730 3726 CHRISTI

535 3766 551 3836 (
599 3763 857 3825 Philem.
904 3780 925 3821 ι
957 3764 1001 3828 ).

1884 3887 2302 3953 «mm

1065 4062 1278 4101 namus
1324 4063 1433 4100 ινι.

530 4144 578 4199 1.
619 4138 859 4195 Prmfecti
886 4136 1093 4206 quidem
1131 4136 1514 4201 providentiam
1540 4136 1763 4197 laudavi,
1790 4136 2035 4204 quoniam

456 4232 861 4286 tumultuantem
883 4226 1214 4295 conspicatus
1234 4225 1522 4285 civitatem,
1551 4236 1598 4277 et
1624 4240 1809 4278 onmes
1830 4225 1896 4277 de
1919 4225 2035 4294 fuga

452 4322 833 4385 deliberantes,
881 4318 1166 4387 ingressus,
1198 4330 1294 4369 vos
1336 4316 1639 4368 consolatus
1665 4324 1746 4367 est
1775 4323 1828 4367 et
1856 4315 1906 4367 in
1936 4314 2033 4367 bo-

454 4428 576 4465 nam
597 4426 745 4479 spem
767 4409 1002 4471 adduxit;
1033 4422 1128 4477 pro
1149 4407 1297 4458 vobis
1319 4414 1493 4458 autem
1515 4404 1706 4457 rubore
1727 4402 2034 4472 pudorcque

452 4501 674 4555 allectus
703 4516 843 4564 sum,
872 4497 1011 4568 quod
1033 4496 1312 4551 exterioris
1335 4503 1451 4563 post
1476 4494 1670 4546 multos
1698 4492 2033 4561 prolixosque

453 4606 726 4647 sermones
745 4590 860 4644 illos
875 4587 1251 4643 consolationis
1270 4585 1617 4653 indigucritis.
1636 4583 1821 4652 Optavi
1840 4594 2033 4636 terram

453 4684 581 4738 mihi
621 4680 896 4733 ili-hiscere
937 4692 991 4733 et
1027 4678 1289 4747 immergi,
1332 4674 1539 4745 quando
1579 4674 1745 4742 ipsum
1775 4673 1920 4726 vobis
1950 4672 2033 4724 lo-

454 4783 700 4844 quentem
727 4770 1026 4833 audiebam,
1058 4781 1111 4825 et
1137 4768 1556 4839 intempestivam
1588 4765 1726 4819 banc
1752 4772 1805 4819 et.
1835 4763 2035 4817 irratio-

453 4863 681 4918 nabilem
734 4859 1066 4912 timiditatem
1119 4860 1276 4913 modo
1317 4858 1698 4921 consolantem,
1734 4854 1890 4908 modo
1919 4853 2035 4907 cul—

455 4962 687 5023 pantem.
732 4948 845 5003 Non
888 4948 1029 5003 enim
1073 4964 1166 5001 vos
1208 4950 1388 5004 abillo
1416 4948 1593 5003 doceri
1621 4947 1914 5017 oportebat,
1945 4944 2037 4999 sed

458 5041 752 5097 inﬁdelibus
772 5053 866 5092 vos
896 5046 1249 5107 pneceptores
1296 5040 1542 5093 omnibus
1586 5039 1718 5092 ﬁeri.
1754 5037 1858 5091 Nec
1898 5036 2036 5089 enim

456 5134 594 5202 apud
623 5130 858 5185 inﬁdeles
882 5130 1105 5201 iudicari
1138 5130 1331 5182 Paulus
1364 5131 1601 5196 permisit
1629 5130 1701 5200 (l.
1731 5132 1845 5182 Cor.
1879 5131 1931 5181 ﬁ.
1963 5126 2038 5196 l);

462 5237 517 5279 tu
556 5235 684 5276 vero
726 5229 845 5289 post
875 5227 1073 5273 tantam
1111 5227 1315 5287 patrum
1348 5217 1761 5270 admonitionem
1805 5217 2039 5271 externis

481 5309 726 5381 ndiguisti
774 5305 1306 5377 prmceptoribus,'et
1354 5306 1552 5373 fugitivi
1612 5316 1665 5359 et
1714 5306 2038 5359 verberones

460 5405 670 5475 .ptidam
714 5414 897 5454 rursus
942 5400 1206 5454 civitatem
1253 5408 1445 5452 tantam
1488 5397 1872 5460 excitaverunt,
1905 5396 2035 5450 etin

458 5500 632 5563 fugam
674 5490 1031 5557 conjecerunt.
1076 5489 1277 5556 Quibus
1320 5487 1485 5541 oculis
1527 5486 1753 5553 amplius
1798 5486 2041 5539 inﬁdeles

460 5587 824 5657 respiciemus,
868 5589 973 5633 tam
1022 5580 1193 5649 pavidi
1239 5597 1363 5635 cum
1410 5580 1573 5635 simus
1617 5576 1900 5631 ettimidt?
1926 5576 2036 5643 Qua

461 5679 638 5747 lingua
664 5677 805 5745 ipsos
850 5670 1202 5739 alloquemur,
1242 5682 1295 5725 et
1340 5686 1436 5740 pro
1480 5667 1836 5739 ingruentibus
1886 5665 2037 5719 malis

525 5790 540 5819 ι
576 5787 712 5838 sua,
742 5792 791 5835 (ιι
814 5781 1002 5845 quidam
1027 5780 1126 5837 alii,
1152 5780 1386 5831 comitem.

2148 4045 2415 4100 conﬁdere
2445 4044 2899 4113 persuadebimus,
2929 4046 3072 4097 oumi
3110 4046 3292 4113 lepore
3323 4048 3616 4103 timidiores
3642 4056 3738 4110 per

2149 4135 2285 4189 hanc
2328 4135 2448 4189 facti
2496 4135 2854 4189 anxietatem“!
2897 4137 2965 4188 Et
3005 4137 3127 4205 quid
3173 4137 3489 4201 faceremus,
3535 4141 3742 4209 inquit?

2150 4227 2404 4281 llomines
2431 4227 2571 4281 enim
2617 4242 2822 4281 sumus.
2865 4229 2931 4281 At
2964 4237 3177 4295 propter
3205 4228 3305 4282 hoc
3334 4230 3504 4298 ipsum
3535 4243 3743 4299 pertur-

2146 4318 2258 4371 bari
2289 4333 2393 4371 non
2421 4327 2649 4385 oportet,
2673 4319 2796 4388 quia
2829 4318 3075 4373 homines
3098 4334 3301 4381 sumus,
3329 4330 3381 4373 et
3418 4336 3521 4373 non
3560 4322 3733 4375 bruta.

2148 4408 2235 4459 Illa
2289 4406 2584 4475 fragoribus
2627 4416 2682 4461 et
2720 4408 3035 4461 stridoribus
3064 4409 3239 4461 omnia
3283 4418 3593 4462 terrentur:
3629 4427 3735 4464 non

2146 4495 2285 4549 enim
2312 4493 2508 4548 habent
2532 4495 2811 4554 rationem,
2840 4511 2957 4563 quae
2990 4497 3232 4549 timorem
3257 4499 3515 4564 repellere
3545 4501 3734 4567 possit;

2148 4592 2201 4637 tu
2250 4598 2377 4636 vero
2423 4583 2629 4636 ratione
2676 4592 2729 4636 et
2772 4582 2995 4636 consilio
3039 4584 3342 4648 decoratus,
3382 4588 3651 4655 quomodo
3686 4590 3735 4640 in

2147 4674 2352 4727 illorum
2376 4673 2649 4741 segnitiem
2668 4672 2836 4726 cadis?
2859 4673 3132 4743 Ingressus
3153 4685 3235 4728 est
3252 4676 3485 4745 quidam,
3508 4677 3733 4729 militum

2149 4766 2502 4819 incursionem
2532 4766 2822 4818 nuntiavit?
2851 4781 2918 4820 ne
2949 4766 3197 4830 turbcris,
3226 4767 3319 4821 sed
3352 4768 3522 4835 ipsum
3548 4767 3729 4819 dimit—

2151 4866 2288 4920 tens,
2316 4871 2483 4926 genua
2504 4854 2679 4921 llecte,
2702 4855 2983 4909 Dominum
3010 4864 3154 4909 tuum
3180 4871 3327 4925 roga,
3350 4870 3501 4922 geme
3530 4872 3731 4918 amare,

2149 4956 2204 5001 et
2228 4946 2600 5000 adversitatem
2649 4945 2886 5013 repellet.
2940 4944 3017 4997 Tu
3061 4945 3273 5013 quidem
3303 4943 3478 4995 audita
3511 4943 3735 4997 militum

2153 5036 2455 5090 incursione
2499 5051 2602 5087 non
2649 5050 2795 5099 vera,
2823 5034 3070 5103 prtesenti
3100 5034 3203 5085 vita
3226 5033 3489 5101 abrnmpti
3519 5035 3733 5102 pericli-

2151 5137 2290 5183 tatus
2332 5144 2424 5193 es;
2476 5127 2661 5181 beatus
2703 5142 2827 5180 vero
2855 5126 2954 5181 Job
2997 5125 3083 5179 ille
3106 5125 3375 5179 continuis
3401 5128 3737 5182 venientibus

2149 5221 2366 5283 nuntiis,
2414 5230 2461 5273 et
2486 5221 2663 5287 gravia
2696 5218 3073 5280 nuntiantibus,
3104 5226 3157 5271 et
3182 5218 3553 5286 adjicicntihus
3597 5220 3737 5272 into-

2154 5311 2425 5365 lerabilem
2477 5310 2705 5362 ﬁliorum
2754 5307 3138 5375 perditionem,
3193 5322 3295 5361 non
3342 5309 3577 5376 t-jnlavit,
3634 5324 3739 5362 non

2150 5402 2370 5471 gemuit,
2420 5401 2512 5455 sed
2556 5400 2619 5453 ad
2666 5399 2959 5451 orationem
2988 5413 3279 5452 conversus
3305 5407 3403 5461 est,
3431 5406 3483 5451 et
3512 5398 3739 5453 Domino

2146 5492 2341 5562 gratias
2371 5490 2578 5560 agebat.
2614 5488 2761 5543 lluuc
2786 5498 2840 5542 et
2868 5498 2922 5542 tu
2949 5488 3189 5553 imitare;
3214 5503 3333 5543 cum
3357 5490 3575 5543 veniens
3593 5491 3737 5558 quis-

2149 5584 2287 5652 piam
2334 5580 2655 5633 nuntiaverit
2700 5580 2895 5633 milites
2944 5581 3127 5633 urbem
3177 5578 3595 5633 circumdedisse
3628 5621 3641 5642 ,
3682 5589 3736 5633 ot

2147 5673 2283 5726 bona
2309 5670 2609 5739 direpturos
2640 5687 2779 5736 esse,
2826 5671 2889 5724 ad
2915 5672 3197 5725 Dominum
3228 5681 3375 5725 tuum
3401 5671 3646 5741 confuge,
3683 5683 3737 5724 et

2145 5762 2230 5816 die
2261 5778 2273 5814 :
2310 5761 2556 5815 Dominus
2600 5762 2755 5828 dedit,
2809 5761 3052 5816 Dominus
3106 5761 3327 5829 abstulit,
3359 5763 3487 5815 sicut
3514 5760 3729 5815 Domitia
