4452 6680
778 469 882 523 165

768 583 1087 650 placuit,ita
1113 586 1301 655 factum
1330 593 1442 636 est:
1471 583 1536 635 sit
1576 598 1756 635 nomen
1804 581 2015 636 Domini
2053 583 2367 638 benedictum

770 670 825 722 ἱη
848 676 1038 730 Saxula
1068 674 1189 743 (Job
1222 675 1269 728 1.
1299 674 1414 741 21).
1445 672 1597 726 illum
1626 689 1732 727 non
1760 674 1949 727 terruit
1978 673 2238 727 malorum
2266 688 2363 728 cx-

771 769 1054 837 perientia,
1074 778 1124 821 te
1144 782 1271 820 vero
1298 765 1444 818 solus
1471 774 1634 819 terret
1676 764 1926 818 auditus?
1956 764 2192 832 Quanam
2220 764 2367 833 digni

769 862 938 913 simus
967 858 1339 920 mstimatione,
1369 857 1481 925 qui,
1513 859 1674 909 etiam
1697 868 1883 910 contra
1912 866 2135 909 mortem
2159 855 2368 908 audenv-

770 959 853 1002 ter
896 949 973 1002 ire
1014 948 1171 1015 jussi,
1201 961 1231 999 a
1258 945 1393 1001 falso
1440 962 1656 1000 rumore
1682 947 1816 1001 adeo
1850 945 2224 1013 percellimur?
2265 944 2365 1011 Qui

771 1039 1032 1103 turbatur,
1051 1049 1104 1093 et
1122 1039 1369 1093 timorem
1387 1041 1474 1108 qui
1494 1055 1599 1092 non
1617 1049 1697 1093 est
1721 1038 1918 1104 colligit
1934 1046 1986 1089 et
2012 1036 2367 1105 perturbatio-

769 1146 891 1184 nem
940 1145 1047 1184 non
1084 1140 1426 1200 apparentem
1457 1149 1469 1183 :
1503 1131 1590 1198 qui
1632 1145 1758 1182 vero
1785 1139 1867 1182 est
1893 1129 2072 1182 animo
2096 1130 2281 1183 sedato
2310 1139 2366 1183 et

771 1225 1083 1293 tranquillo,
1110 1226 1269 1278 etiam
1288 1238 1409 1277 eum
1430 1222 1521 1291 qui
1548 1231 1627 1274 est
1642 1220 1905 1274 dissolvit.
1925 1219 2039 1273 Non
2055 1221 2203 1273 vides
2231 1234 2366 1272 uan-

768 1314 961 1372 cleros.
987 1324 1046 1367 ut
1074 1312 1371 1367 insaniente
1413 1312 1569 1375 mari,
1599 1310 1828 1366 nubibus
1857 1310 2363 1375 transcurrentibus,

767 1403 1079 1459 fulminibus
1107 1403 1274 1469 elisis,
1302 1403 1553 1458 omnibus
1583 1404 1635 1457 in
1666 1404 1872 1473 navigio
1905 1402 2366 1465 tumultuantibus,

769 1495 835 1548 ad
862 1495 1222 1565 gubernacula
1250 1495 1437 1549 sedent
1473 1495 1570 1562 ipsi
1600 1494 1716 1546 sine
1747 1494 2095 1560 trepidatione
2122 1504 2175 1547 et
2202 1502 2365 1557 metu,

772 1598 827 1641 et
855 1590 953 1639 arti
996 1602 1105 1640 sua:
1135 1597 1340 1649 vacant,
1391 1597 1443 1638 ut
1474 1584 1840 1637 iimninenlem
1874 1584 2162 1649 procellam
2193 1586 2365 1651 repel-

773 1679 920 1732 lant?
972 1679 1077 1731 llos
1104 1690 1155 1729 et
1190 1687 1239 1729 tu
1268 1678 1496 1739 imiutre,
1530 1686 1584 1729 et
1608 1690 1816 1729 sacram
1846 1675 2061 1743 capiens
2089 1689 2363 1740 ancoram,

770 1770 824 1823 in
850 1771 1014 1821 Deum
1041 1784 1212 1836 spem,
1250 1767 1601 1822 inconcussus
1622 1782 1876 1836 permane
1905 1777 1958 1820 et
1997 1766 2363 1821 immutabilis.

774 1860 1089 1929 Quicumque
1137 1860 1279 1911 audit
1329 1874 1582 1911 sermones
1638 1872 1774 1912 meas
1823 1856 1936 1924 hos,
1980 1856 2168 1925 inquit,
2201 1866 2369 1910 etnon

776 1952 901 2022 facit
948 1953 1105 2021 ipsos,
1152 1951 1514 2006 assintiluhitur
1557 1950 1751 2004 homini
1792 1950 2074 2016 stulto,qui
2100 1948 2369 2014 wdi/icarit

770 2043 977 2097 domum
1003 2059 1145 2095 suam
1188 2059 1342 2108 super
1365 2057 1592 2101 arenam,
1623 2049 1672 2093 et
1694 2040 1948 2093 descendit
1974 2040 2164 2108 pluuia,
2197 2048 2244 2091 et
2284 2053 2368 2090 ve-

771 2144 950 2189 nerunt
980 2135 1215 2204 ﬂumina,
1264 2143 1308 2186 et
1353 2134 1600 2201 ﬂaverant
1627 2132 1779 2195 venti,
1810 2141 1857 2193 et
1897 2132 2152 2183 irruerunt
2193 2132 2245 2182 in
2272 2129 2371 2181 do-

769 2243 910 2279 mum
955 2225 1117 2287 illum,
1176 2236 1222 2278 et
1271 2224 1473 2287 cecidit,
1521 2233 1565 2276 et
1614 2233 1721 2276 erat
1764 2224 1913 2275 ruina
1956 2223 2129 2290 ipsius
2184 2237 2371 2290 magna

773 2313 989 2383 (Matth.
1020 2316 1071 2367 7.
1100 2314 1190 2367 26.
1224 2312 1337 2383 27).
1377 2312 1534 2365 Vides
1563 2311 1703 2380 quod
1735 2311 1970 2365 stultitiae
1998 2319 2080 2363 est
2100 2310 2293 2363 cadere
2314 2318 2372 2363 et

773 2404 1048 2457 subverti?
1097 2405 1206 2455 lino
1230 2418 1355 2455 vero
1402 2416 1498 2454 nos
1529 2414 1699 2468 neque
1725 2401 1887 2452 stulto
1915 2399 1989 2451 illi
2018 2398 2219 2451 similes
2244 2397 2368 2451 facti

771 2511 977 2559 sumus,
998 2512 1182 2549 verum
1208 2502 1261 2548 et
1286 2494 1375 2547 illo
1398 2493 1643 2546 miserius
1665 2491 1985 2546 cecidimus:
2005 2490 2148 2544 illius
2173 2504 2368 2558 nempe

771 2589 966 2643 domus
997 2600 1114 2655 post
1144 2586 1382 2649 lltnnina,
1414 2593 1532 2653 post
1553 2584 1783 2637 delatum
1826 2584 2075 2646 imbrem,
2107 2590 2231 2651 pest
2254 2582 2371 2634 illa-

774 2693 902 2749 psos
931 2687 1116 2730 ventos
1154 2677 1371 2739 cecidit;
1418 2691 1513 2728 nos
1557 2690 1683 2727 vero
1711 2688 1813 2726 neu
1845 2673 2038 2740 pluviis
2072 2672 2369 2741 ingruenti-

775 2769 898 2834 bus,
927 2784 1032 2821 non
1052 2766 1353 2821 ﬂuminibus
1380 2764 1816 2833 irrumpentibus,
1843 2779 1947 2816 non
1974 2764 2144 2817 ventis
2162 2765 2372 2816 irruen-

776 2861 939 2925 tibus,
988 2868 1110 2911 ante
1156 2858 1415 2911 tnalonum
1460 2856 1863 2924 experientiam,
1914 2871 1977 2908 ex
2025 2854 2207 2909 auditu
2252 2856 2370 2909 solo

773 2952 1015 3007 subversi
1075 2964 1294 3011 smnus,
1361 2957 1415 3002 et
1456 2947 1632 3001 omnia
1685 2962 1803 3015 qua:
1863 2945 2369 3013 philosophabamur

774 3044 1075 3098 elTudiuius.
1117 3041 1337 3109 Qualem
1383 3040 1513 3092 mihi
1554 3050 1784 3093 mentem
1832 3039 2023 3104 putatis
2050 3052 2189 3091 nunc
2214 3038 2369 3091 esse?

775 3134 1045 3204 quomodo
1077 3133 1280 3201 pudore
1310 3132 1582 3185 suliuudi?
1612 3131 1878 3201 quomodo
1926 3130 2190 3200 deprimi"
2233 3145 2367 3198 quo-

779 3226 939 3279 modo
964 3224 1322 3278 erubescere?
1347 3224 1454 3277 Nisi
1482 3223 1642 3275 multa
1672 3238 1700 3275 a
1730 3223 1968 3291 patrihus
1991 3222 2038 3273 vi
2064 3221 2369 3289 compulsus

775 3314 1019 3379 fuissem,
1068 3329 1240 3383 neque
1281 3314 1653 3375 surrexissent,
1684 3328 1854 3381 neque
1879 3314 2126 3380 loquutus
2154 3312 2367 3366 fuissem

778 3408 963 3460 dolore
1005 3407 1380 3461 obtcnebratus
1420 3422 1486 3459 ex
1542 3405 1974 3475 pusillanimitate
2017 3418 2227 3469 vestra,
2275 3403 2370 3457 sed

778 3512 949 3564 neque
992 3510 1131 3550 nunc
1177 3497 1228 3548 in
1257 3497 1517 3562 mcipsttttt
1546 3496 1718 3546 redire
1748 3510 1961 3560 possunt
1990 3513 2002 3547 :
2033 3495 2109 3546 sic
2136 3494 2369 3546 animmn

776 3590 905 3646 mihi
934 3588 1221 3655 indignatio
1251 3594 1305 3637 et
1351 3583 1559 3635 tristitia
1607 3580 1836 3635 obsidet.
1882 3580 2013 3646 Quis
2060 3581 2203 3634 enim
2250 3594 2361 3634 non

774 3696 915 3750 :rgre
942 3679 1121 3739 ferret,
1144 3674 1264 3743 quis
1289 3689 1393 3726 non
1410 3686 1607 3730 succcn
1638 3679 1775 3734 erct,
1798 3669 2009 3737 quando
2026 3679 2143 3738 post
2166 3679 2362 3723 tantam

774 3773 1067 3827 doctrinam
1115 3766 1399 3839 gentilibus
1450 3778 1584 3832 opus
1619 3761 1877 3814 habuistis
1907 3760 2238 3822 doctoribus,
2271 3761 2360 3829 qui

775 3868 1115 3919 hortarentur
1155 3867 1209 3913 et
1273 3863 1583 3916 monerent,
1631 3864 1686 3905 ut
1736 3862 2050 3917 przesentem
2100 3866 2361 3921 generose

772 3960 1017 4014 timorem
1066 3957 1310 4012 l‘errctis?
1339 3956 1500 4010 Orate
1540 3957 1697 4024 igitur
1726 3955 1837 4008 dari
1885 3956 2036 4008 nobis
2065 3958 2284 4010 verbum
2310 3958 2363 4011 in

768 4051 1045 4119 apertione
1071 4049 1181 4102 oris
1210 4047 1399 4110 nostri,
1428 4055 1484 4098 ut
1506 4046 1640 4098 hanc
1669 4046 1933 4097 tristitiam
1961 4056 2207 4100 excutere
2243 4063 2365 4116 pos-

769 4142 958 4207 simus,
1002 4150 1054 4193 ct
1084 4140 1296 4209 paulum
1325 4148 1555 4191 mentem
1582 4137 1836 4190 excitare.
1860 4136 2066 4189 Etenim
2099 4138 2271 4206 pudor
2298 4139 2365 4192 de

769 4232 1202 4302 pusillanimitate
1221 4239 1391 4283 vestra
1423 4230 1660 4281 animum
1689 4226 1840 4279 valde
1874 4235 2113 4279 ni-strum
2149 4227 2359 4296 dejccit.

839 4326 894 4377 2.
938 4323 1100 4377 Multa
1160 4337 1330 4390 nuper
1384 4321 1450 4373 ad
1476 4320 1792 4374 charitatetn
1830 4329 2066 4373 vestram
2116 4318 2365 4388 loquutus

768 4430 908 4477 sum,
939 4413 1071 4467 etde
1099 4412 1304 4481 laqueis
1332 4410 1485 4462 nobis
1513 4409 1743 4478 undique
1775 4409 1979 4477 positis,
2009 4417 2060 4463 et
2085 4408 2151 4461 de
2176 4409 2366 4462 timore

765 4518 819 4561 ct
849 4508 1077 4567 tristitia,
1116 4504 1259 4558 etde
1285 4504 1427 4555 luctu
1458 4510 1508 4554 et
1538 4502 1821 4569 voluptate,
1855 4512 1908 4555 et
1937 4503 2004 4555 de
2036 4501 2171 4556 falce
2200 4503 2251 4555 in
2276 4503 2363 4569 ju-

770 4601 998 4652 rantium
1042 4597 1234 4650 domos
1275 4595 1525 4657 volante;
1572 4595 1732 4647 exiis
1779 4594 1937 4661 igitur
1962 4594 2209 4647 omnibus
2236 4610 2366 4646 sane

771 4689 971 4748 multis.
993 4687 1081 4740 illa
1099 4684 1229 4738 mihi
1249 4685 1478 4736 maxime
1511 4684 1908 4735 rcminiseimini
1930 4699 2047 4751 qua:
2064 4684 2129 4737 de
2152 4684 2364 4738 volante

768 4780 905 4833 falce
935 4779 1074 4831 dicta
1120 4785 1244 4830 sunt
1284 4773 1467 4844 (Zach.
1501 4774 1552 4827 5.
1590 4774 1659 4843 1),
1703 4775 1752 4826 in
1776 4775 2004 4841 jurautis
2037 4775 2251 4827 domum
2283 4777 2365 4828 di-

770 4879 1029 4934 verteute,
1064 4868 1267 4936 lapides
1310 4877 1365 4921 et
1406 4867 1545 4936 ligna
1594 4867 1902 4931 snbrttcnlc,
1951 4877 2001 4918 et
2031 4867 2207 4919 omnia
2235 4882 2366 4919 coa-

769 4969 1035 5016 sumente.
1070 4960 1138 5013 Et
1178 4974 1297 5014 cum
1328 4958 1428 5012 hoc
1461 4957 1586 5010 illud
1626 4973 1839 5027 quoque
1873 4957 2177 5021 observate,
2227 4958 2366 5025 quod

769 5062 1026 5109 extremm
1046 5050 1331 5105 dementia:
1352 5050 1783 5123 sitEvangelium
1799 5060 2072 5104 sumentes
2092 5054 2294 5117 jurare,
2316 5059 2369 5101 et

771 5145 1137 5215 legcmjurare
1170 5141 1536 5210 prohibentem
1569 5143 1925 5208 juramcntum
1961 5142 2108 5194 licri:
2141 5153 2194 5196 et
2229 5140 2365 5211 quod

769 5238 961 5291 melius
1004 5237 1073 5289 sit
1124 5234 1364 5302 pecuniis
1406 5233 1645 5286 mulctari
1672 5276 1684 5297 ,
1728 5250 1883 5302 quam
1924 5237 2179 5303 proximis
2217 5236 2363 5302 jura-

771 5338 1011 5382 mcntum
1062 5325 1297 5380 oll'errc:
1334 5326 1582 5395 quoniam
1625 5325 1725 5379 hoc
1758 5336 1839 5379 est
1884 5344 1987 5379 non
2024 5328 2261 5381 modicus
2314 5330 2364 5383 iit

776 5419 939 5471 Deum
960 5419 1147 5471 honor.
1204 5416 1336 5470 Cum
1391 5418 1532 5471 enim
1590 5418 1697 5470 Deo
1744 5418 1981 5481 dixeris,
2039 5420 2263 5487 Propter
2318 5433 2367 5474 te

774 5527 879 5564 non
910 5510 1146 5579 adjuravi
1178 5508 1361 5576 illum,
1409 5510 1497 5579 qui
1545 5518 1660 5563 erat
1710 5509 1913 5563 furatus
1959 5520 2012 5562 et
2054 5511 2190 5564 male
2231 5512 2369 5564 {ece-

774 5613 895 5658 rat:
928 5618 1022 5672 pro
1064 5602 1165 5657 hoc
1205 5604 1409 5658 honore
1440 5618 1683 5672 magnam
1719 5602 2022 5656 tibi'reddct
2049 5604 2268 5671 gratiam
2314 5614 2368 5659 et

774 5697 825 5750 in
858 5694 1105 5764 prmsenti
1139 5703 1377 5763 tempore
1405 5704 1458 5749 et
1486 5694 1537 5747 in
1570 5693 1763 5746 futuro.
1795 5693 1919 5746 llaec
1949 5702 2001 5744 et
2030 5693 2150 5746 aliis
2184 5694 2363 5759 dicite,

773 5795 822 5840 et
856 5784 952 5856 ipsi
980 5784 1280 5838 observate.
1310 5784 1433 5838 Scio
1462 5784 1600 5852 quod
1631 5783 1716 5836 hic
1744 5785 2133 5837 reverentiores
2158 5797 2362 5847 sumus,

772 5885 829 5929 et
856 5890 1071 5931 omnem
1095 5874 1388 5945 improbam
1409 5875 1728 5944 deponimus
1768 5873 2205 5930 consuetudinem
2223 5891 2238 5941 ;
2269 5875 2363 5929 sed

1494 470 1553 525 s.
1591 468 1869 525 JOANNlS
1904 470 2379 529 ettnvsosront
2420 476 2739 534 meumr.
2787 483 3322 553 coas'rwrnvor.

3964 508 4058 562 164

2481 598 2623 665 quod
2651 601 2935 668 quaaritur,
2984 605 3087 659 hoc
3112 618 3216 671 est,
3258 624 3363 661 non
3391 620 3449 662 ut
3477 610 3561 663 hic
3588 619 3795 662 tantum
3824 612 4055 677 philoso-

2480 689 2733 756 phentur,
2756 693 2849 746 sed
2883 704 2940 746 ut
2966 697 3224 763 pietatem
3256 700 3383 754 hinc
3411 712 3684 770 capientes
3702 711 3852 755 extra
3880 718 4056 761 serve-

2478 795 2619 843 mus,
2646 782 2737 835 tibi
2764 784 2995 837 maxime
3019 785 3186 853 ipsins
3216 788 3537 859 indigemus.
3568 792 3775 847 Etenim
3792 807 4054 863 aqtiantes

2476 883 2586 921 non
2612 879 2821 925 tantum
2841 876 2978 943 apud
2997 876 3200 928 fontem
3227 878 3429 933 habent
3446 898 3569 936 vasa
3594 885 3813 953 repleta,
3832 886 4050 942 domum

2476 968 2657 1013 autent
2680 964 2945 1020 abeuntes
2965 976 3258 1028 evacuant;
3286 972 3379 1022 sed
3401 971 3508 1025 ill‘c
3538 974 3653 1042 ipsa
3676 978 3904 1031 maxime
3932 994 4053 1033 cum

2476 1050 2683 1102 cautela
2706 1067 2998 1122 reponunt,
3023 1074 3090 1111 ne
3108 1057 3495 1113 subvertantur
3510 1075 3561 1115 et
3582 1066 3735 1119 labor
3751 1068 3841 1122 ﬁat
3857 1069 4051 1123 inanis:

2478 1135 2575 1189 hos
2587 1140 2749 1194 etiam
2764 1159 2864 1197 nos
2878 1146 3554 1219 intitemur,accurateque,
3569 1156 3787 1212 domum
3805 1160 4053 1229 profecti,

2474 1228 2614 1281 dicta
2642 1246 2939 1287 servemus.
2960 1236 3112 1301 Quod
3136 1239 3181 1293 si
3211 1240 3300 1295 hic
3328 1243 3590 1297 maneatis
3611 1228 3817 1311 satiati,
3836 1251 4053 1304 domum

2477 1334 2605 1372 vero
2624 1322 2853 1376 redeatis
2878 1325 3088 1390 inanes,
3113 1345 3235 1383 vasa
3261 1332 3456 1384 mentis
3474 1342 3668 1386 vestra:
3686 1338 4054 1393 admonitione

2475 1421 2638 1459 vacua
2684 1408 2992 1473 referentes,
3034 1412 3177 1464 nulla
3224 1414 3372 1468 vobis
3398 1430 3462 1469 ex
3497 1414 3595 1467 hac
3634 1418 3934 1484 repletione
3961 1421 4055 1471 erit

2478 1497 2691 1549 utilitas.
2733 1498 2810 1553 Ne
2849 1499 2978 1553 milii
3021 1501 3073 1554 in
3121 1504 3366 1570 pals-atra
3409 1504 3749 1561 demonstres
3778 1510 4056 1574 athletam,

2473 1586 2567 1638 sed
2618 1586 2671 1639 in
2712 1591 3135 1646 certatimich
3182 1594 3307 1647 mihi
3341 1596 3651 1664 religionem
3700 1598 4062 1653 instructiOuis

2475 1684 2731 1746 tempore,
2792 1681 2887 1736 sed
2946 1684 3167 1737 actionis
3186 1684 3466 1739 exhibeas.
3496 1686 3702 1740 Laudas
3754 1706 3894 1744 nunc
3942 1706 4063 1759 qua:

2472 1766 2751 1822 dicuntur:
2776 1772 3140 1840 cumjuratum
3162 1776 3388 1835 veneris,
3413 1776 3645 1828 omnium
3675 1776 3910 1844 ipsorum
3938 1789 4064 1833 tunc

2471 1859 2777 1913 recOrdare.
2808 1861 2864 1914 Si
2893 1861 3031 1916 hanc
3060 1862 3226 1931 legem
3257 1865 3620 1933 expedieritis,
3644 1868 3709 1919 ad
3731 1868 3832 1920 alia
3852 1882 4063 1937 quoque

2474 1949 2673 2017 majora
2713 1950 3047 2019 disciplinam
3098 1958 3441 2021 pronuvcbo.
3492 1958 3627 2012 Ecce
3674 1958 3940 2012 secundus
3978 1958 4064 2013 hic

2474 2054 2643 2094 annus
2668 2053 2769 2108 est,
2803 2058 2868 2095 ex
2886 2058 2990 2112 quo
3022 2053 3209 2098 vestrae
3236 2046 3865 2118 disserocharitati(ii),ct
3894 2064 4065 2117 neque

2474 2142 2686 2187 centum
2735 2134 3128 2204 Scripturarum
3179 2147 3365 2191 \‘ersus
3405 2141 3552 2193 vobis
3602 2157 3854 2196 enarrare
3895 2143 4061 2210 potui.

2474 2222 2646 2277 Causa
2693 2239 2840 2288 vero,
2871 2228 3118 2293 queuiatn
3163 2241 3194 2280 a
3238 2230 3392 2281 nobis
3422 2230 3631 2284 discere
3671 2249 3804 2300 opus
3836 2234 4062 2294 habetis,

2474 2332 2591 2384 qua:
2636 2317 2777 2369 domi
2824 2328 2878 2371 et
2926 2334 3018 2385 per
3064 2335 3155 2373 vos
3200 2320 3417 2386 explere
3456 2323 3698 2389 potestis,
3731 2334 3782 2376 et
3806 2325 4064 2376 orationis

2473 2406 2644 2472 major
2690 2420 2812 2474 pars
2855 2410 3007 2461 nobis
3056 2410 3105 2462 in
3140 2410 3368 2463 murales
3416 2410 4060 2479 impenditursermones.

2476 2496 2597 2549 llaec
2624 2513 2753 2551 vero
2778 2500 2855 2553 sic
2886 2502 2995 2553 lieri
3029 2518 3132 2555 non
3154 2502 3456 2570 oportebat,
3486 2506 3580 2557 sed
3609 2519 3816 2556 morum
3846 2505 4060 2572 quidem

2474 2602 2599 2640 cura
2623 2604 2651 2640 a
2680 2591 2829 2644 vobis
2864 2591 2992 2658 ipsis
3032 2593 3299 2661 gerenda;
3332 2593 3695 2661 Sripturarum
3726 2610 3851 2648 vero
3876 2608 4065 2650 sensus

2473 2691 2525 2733 et
2568 2682 2955 2748 Speculationes
2994 2685 3145 2736 nobis
3187 2685 3557 2754 permittenda:
3599 2670 3772 2740 erant.
3806 2687 3859 2740 Si
3886 2696 4063 2739 autem

2474 2781 2527 2825 et
2554 2789 2580 2823 a
2611 2773 2763 2826 nobis
2788 2773 2972 2829 audire
2999 2786 3114 2828 erat
3139 2791 3291 2844 opus,
3317 2792 3421 2829 uno
3453 2778 3568 2846 plus
3589 2777 3676 2831 die
3698 2792 3802 2830 non
3820 2777 4066 2832 decebat.

2476 2860 2584 2916 Nec
2624 2865 2766 2923 enim
2808 2866 3011 2918 varium
3039 2866 3309 2936 quiddam,
3338 2876 3391 2921 et
3417 2869 3632 2921 inventu
3656 2867 3892 2931 difficile,
3926 2869 4066 2935 quod

2472 2952 2666 3006 dicitur
2708 2966 2809 3017 est,
2854 2971 2952 3010 nec
2994 2958 3150 3010 ullius
3192 2958 3435 3027 indigens
3479 2959 3900 3027 pra-parationis.
3933 2956 4063 3010 Cum

2473 3042 2613 3095 enim
2645 3044 2785 3098 Deus
2804 3046 3214 3110 denuntiaverit,
3239 3049 3657 3116 argutationibus
3679 3064 3782 3101 non
3808 3056 3889 3101 est
3911 3062 4060 3115 opus.

2476 3134 2615 3188 Deus
2657 3135 2808 3200 dixit,
2856 3136 2935 3189 Ne
2967 3139 3221 3206 juruveris
3244 3155 3261 3190 :
3288 3139 3394 3190 noli
3438 3154 3627 3192 causas
3656 3138 3883 3206 amplius
3921 3153 3949 3187 :t
3981 3152 4066 3190 me

2475 3229 2768 3297 requirere.
2815 3230 2924 3283 Lex
2966 3241 3044 3284 est
3078 3232 3220 3300 regia
3256 3248 3270 3283 :
3301 3232 3389 3298 qui
3439 3232 3557 3283 tulit
3598 3231 3787 3296 ipsam,
3820 3240 3873 3281 et
3902 3229 4065 3297 ipsius

2474 3320 2736 3373 rationem
2781 3322 2928 3373 novit
2957 3340 2969 3373 ε
2998 3320 3099 3373 nisi
3150 3320 3335 3374 fuisset
3364 3320 3513 3381 tttilc,
3545 3335 3647 3371 non
3687 3318 4063 3385 prohibuisset,

2476 3426 2582 3462 non
2614 3420 2862 3463 vetasset.
2904 3410 3073 3478 Reges
3117 3411 3292 3464 ferunt
3338 3412 3501 3479 leges,
3546 3425 3643 3462 nec
3689 3424 3879 3462 omnes
3925 3423 4066 3476 sa-pe

2477 3501 2675 3553 utiliter
2699 3520 2709 3552 :
2737 3500 2978 3556 homines
3008 3502 3147 3556 enim
3171 3511 3312 3566 sunt,
3341 3517 3437 3555 nec
3458 3502 3595 3554 sicut
3625 3500 3762 3553 Deus
3790 3500 3918 3550 utile
3947 3515 4064 3564 μυλ-

2475 3601 2599 3643 sunt
2636 3593 2905 3655 invenire;
2959 3602 3323 3648 verumtamen
3377 3606 3672 3660 paremus:
3712 3592 3824 3643 sive
3873 3604 4065 3641 uxoies

2473 3699 2746 3747 ouczunus,
2775 3687 2887 3738 sive
2914 3693 3227 3739 testimonia
3252 3684 3523 3748 faciamus,
3548 3685 3658 3735 sive
3680 3696 3863 3735 serves
3884 3695 4064 3733 emere

2472 3773 2781 3841 debeamus,
2826 3778 2937 3830 sive
2980 3776 3190 3842 domos,
3223 3776 3335 3829 sive
3376 3790 3563 3844 agros,
3619 3774 3731 3827 sive
3786 3772 4064 3842 quodlibet

2472 3884 2613 3937 aliud
2653 3883 2823 3935 facere
2845 3922 2860 3945 ,
2890 3896 2993 3932 non
3027 3893 3093 3933 ex
3125 3874 3337 3944 propria
3371 3874 3592 3925 larinms
3618 3872 3731 3924 lure
3758 3872 4017 3923 st'ttlt‘tllin
4038 3912 4054 3933 ,

2474 3978 2566 4026 sed
2597 3970 3093 4040 quomodocumque
3116 3965 3373 4033 jusserint
3401 3964 3505 4022 illi;
3544 3978 3641 4015 nec
3669 3973 3721 4013 ut
3751 3977 3834 4015 res
3864 3970 4059 4014 nostra:

2476 4077 2571 4131 pro
2614 4060 2875 4113 sententia
2924 4066 3101 4110 nostra
3159 4055 3541 4120 disponantur,
3599 4052 3811 4119 penitus
3857 4050 4057 4103 domini

2472 4166 2658 4207 sumus
2676 4192 2689 4215 ,
2711 4150 2801 4203 sed
2827 4151 3033 4203 illorum
3072 4147 3264 4213 ubique
3290 4144 3568 4197 sententiis
3597 4143 3856 4194 svi-vimus
3878 4183 3892 4205 ,
3921 4150 3975 4193 et
4014 4142 4058 4194 si

2468 4235 2591 4322 quid
2627 4262 2981 4319 pranerquam
3012 4244 3153 4313 quod
3184 4244 3287 4297 illis
3326 4242 3533 4296 videtur
3575 4241 3815 4303 lat-imus,
3870 4238 4059 4291 invali-

2470 4342 2592 4393 dum
2646 4351 2699 4392 et
2743 4338 2929 4391 inutile
2974 4336 3228 4389 redditur.
3273 4333 3456 4401 Itaque
3514 4330 3789 4385 hominum
3846 4328 4057 4400 quidem

2473 4430 2671 4497 lvgibus
2713 4440 2915 4482 tantum
2947 4427 3282 4481 attribuintus
3317 4425 3607 4487 honorem;
3644 4424 3736 4476 Dei
3765 4439 3891 4476 vero
3920 4422 4060 4491 leges

2473 4522 2565 4584 ita,
2598 4535 2798 4588 quaeso,
2828 4517 3292 4572 conculcabimus?
3330 4525 3383 4568 et
3418 4515 3559 4583 quali
3606 4516 3717 4567 lia-c
3762 4514 3919 4582 digna
3962 4513 4057 4566 de-

2472 4611 2744 4665 fensione?
2788 4610 2926 4678 quali
2972 4609 3160 4660 venia?
3208 4607 3366 4673 Dixit,
3403 4606 3484 4660 Ne
3504 4606 3759 4676 juravcris
3785 4619 3802 4656 :
3833 4620 3899 4656 nc
3927 4618 4060 4656 con-

2475 4702 2689 4755 trariam
2721 4702 2886 4767 ipsius
2931 4698 3031 4767 tegi
3072 4699 3240 4766 legem
3289 4714 3381 4765 per
3424 4713 3586 4767 opera
3630 4697 3791 4760 feras,
3841 4704 3897 4747 ut
3940 4709 4060 4747 cum

2472 4792 2760 4847 securitate
2786 4800 2973 4843 cuncta
3004 4789 3163 4841 facias
3190 4798 3241 4841 ct
3262 4790 3425 4842 diras.

2547 4887 2597 4938 5.
2640 4883 2743 4937 Sed
2769 4883 2835 4937 de
2880 4882 2961 4933 his
2985 4881 3197 4948 quidem
3221 4882 3382 4944 satis;
3425 4896 3520 4949 age
3548 4882 3613 4934 de
3642 4882 3727 4943 iis,
3756 4894 3874 4947 qua:
3903 4876 4064 4932 hodie

2473 4975 2608 5027 lceta
2652 4982 2811 5037 sunt,
2852 4988 2954 5026 una
2998 4972 3145 5024 vobis
3175 4973 3413 5041 apposita
3442 4972 3729 5036 sententia,
3758 4985 4062 5025 sermonem

2478 5066 2845 5119 terminemus.
2899 5063 3095 5116 Paulus
3142 5066 3332 5117 vinctus
3366 5063 3489 5117 Jesu
3533 5062 3742 5126 Christi,
3786 5061 3975 5131 inquit,
4017 5074 4065 5117 et

2472 5157 2764 5209 Timotheus
2780 5159 2936 5225 frater
2957 5153 3280 5225 (l’liilem.l).
3302 5153 3575 5222 Magnifica
3594 5151 4061 5221 Pauliappellatio,

2475 5263 2579 5299 non
2612 5246 2938 5313 principatus
2960 5255 3013 5297 ct
3040 5245 3257 5298 honoris
3285 5259 3500 5304 nomen,
3530 5241 3622 5295 sed
3656 5242 3860 5297 vincula
3890 5253 3944 5295 et
3969 5258 4064 5295 ra-

2477 5350 2613 5392 tcnzc
2658 5356 2670 5391 :
2718 5353 2839 5390 vere
2886 5338 3193 5405 magniﬁca;
3253 5334 3461 5387 tametsi
3512 5334 3843 5403 splendidum
3893 5336 4065 5402 ipsum

2475 5430 2635 5483 utalia
2679 5428 2778 5481 alia
2820 5428 3033 5493 faciunt,
3069 5428 3119 5480 in
3147 5425 3336 5480 ett-lum
3366 5425 3477 5493 rapi
3510 5427 3741 5493 tertium,
3771 5427 3822 5480 in
3849 5423 4065 5494 paradi-

2473 5535 2589 5575 sum
2620 5520 2835 5587 deferri,
2882 5523 3045 5577 vcrba
3091 5518 3277 5573 audire
3304 5518 3616 5584 ineffabilia;
3667 5531 3843 5573 tamen
3872 5518 4067 5571 horum

2474 5613 2602 5667 nihil
2644 5614 2836 5683 posuit,
2886 5614 2980 5668 sed
3024 5627 3121 5681 pro
3165 5611 3411 5666 omnibus
3454 5624 3694 5667 catenam
3722 5630 3735 5666 :
3762 5612 3877 5665 haec
3920 5611 4064 5664 enim

2474 5705 2640 5775 magis
2665 5721 2823 5774 quam
2865 5706 2954 5759 illa
2982 5705 3246 5759 illustrem
3270 5705 3437 5774 ipsum
3462 5705 3717 5761 reddebat
3744 5714 3799 5757 et
3823 5703 4065 5772 splendi-

2537 5884 2610 5940 (ιι)
2649 5893 2805 5933 Auitus
2831 5886 2907 5934 lue
2935 5893 3035 5934 erat
3056 5886 3297 5936 secundus
3315 5887 3666 5946 prmdirationis
3690 5884 4034 5944 thrysostom't.
