4414 6674
248 442 356 497 163

258 554 502 608 Ἐκεῖνον
532 556 630 608 οὑκ
662 555 925 627 ἐφόϐησεν
964 557 996 623 ἡ
1028 554 1192 623 πεῖρα
1223 554 1331 607 τῶν
1362 557 1723 628 πραγμάτων,
1752 560 1811 611 σε
1827 560 1921 611 καὶ

240 641 279 709 ἡ
293 637 581 717 ἀκοῆμὸνη
599 637 757 691 πτοεῖ
774 654 788 702 ;
806 642 912 694 Καὶ
926 640 1065 702 τίνος
1079 639 1143 691 ἂν
1156 638 1345 710 εἴημεν
1381 642 1521 706 ἄξιοι
1551 643 1711 709 λόγου
1722 682 1734 705 ,
1749 645 1796 694 οί
1829 645 1920 696 καὶ

242 727 477 784 θανάτου
515 730 860 797 κατατολμᾷν
898 726 1294 791 κελευσθέντες,
1323 731 1414 782 καὶ
1440 730 1545 781 ὑπὸ
1578 732 1765 799 φήμης
1788 731 1920 799 ψευ-

240 815 368 880 δοῦς
393 814 537 870 οῦτω
556 811 912 882 πτοούμινοι;
940 813 999 865 '0
1021 813 1411 885 θορυϐούμενος
1435 817 1527 869 καὶ
1555 818 1643 869 τὸν
1664 818 1764 869 οὑκ
1796 817 1922 870 δντα

242 903 413 971 φόϐον
444 904 729 970 συνίστησι
759 902 850 953 καὶ
876 899 1118 972 ταραχὴν
1141 901 1239 969 τὴν
1263 904 1337 973 μὴ
1372 906 1704 974 φαινομένην
1732 917 1782 944 α·
1811 907 1838 957 6
1865 906 1922 958 δὲ

241 992 303 1041 ὲν
328 987 661 1042 καταστάσει
697 987 789 1039 καὶ
819 986 1025 1057 γαλήνῃ
1074 987 1251 1057 ψυχῆς
1296 988 1369 1042 ὣν
1404 992 1497 1043 καὶ
1525 992 1614 1042 τὸν
1647 989 1775 1042 ὄντα
1816 990 1921 1043 δια-

240 1077 383 1132 λύει,
416 1078 525 1145 Οὐχ
551 1077 682 1146 ὀρᾷς
705 1078 828 1140 τοὺς
862 1077 1218 1148 κυϐερνήτας,
1244 1078 1322 1131 ὅτι
1349 1079 1445 1149 τῆς
1478 1080 1753 1148 θαλάσσης
1796 1097 1921 1148 μαι-

240 1164 500 1231 νομένης.
539 1162 714 1231 νεφῶν
767 1164 1166 1235 συντρεχόντων
1197 1163 1247 1224 b,
1278 1164 1514 1234 βροντῶν
1544 1167 1923 1235 καταρῤηγνυ-

246 1249 452 1316 μένων,
502 1249 717 1301 πάντων
744 1250 852 1301 τῶν
884 1251 978 1301 ἐπὶ
1008 1249 1100 1301 τοῦ
1133 1248 1318 1302 πλοίου
1369 1249 1803 1320 θορυϐουμένων,
1833 1250 1924 1301 ἐπὶ

242 1333 357 1383 τῶν
382 1334 582 1386 οἰάκων
608 1335 760 1388 αὐτοὶ
793 1336 1082 1405 κάθηνται,
1110 1337 1277 1406 χωρὶς
1310 1336 1539 1406 θορύϐου
1566 1336 1659 1387 καὶ
1684 1336 1923 1405 ταραχῆς

244 1421 316 1487 τῇ
340 1418 503 1489 τέχνῃ
536 1424 598 1491 τῇ
635 1423 840 1474 ἑαυτῶν
873 1422 1247 1493 προσέχοντες,
1282 1424 1375 1476 καὶ
1399 1422 1747 1485 σκοποῦντες,
1776 1422 1922 1484 ὅπως

244 1503 343 1554 τὸν
372 1505 591 1557 ἐπιόντα
638 1508 1063 1579 διακρούσωνται
1126 1510 1403 1578 χειμῶνα;
1459 1507 1693 1572 Τούτους
1730 1507 1825 1561 καὶ
1858 1510 1922 1561 σὺ

247 1589 513 1659 μίμησαι,
566 1594 657 1646 καὶ
687 1598 785 1664 τῆς
818 1596 967 1665 ίερᾶς
1001 1596 1247 1664 ἀγκύρας
1275 1594 1682 1663 ἐπιλαϐόμενος,
1714 1597 1812 1664 τῆς
1844 1597 1922 1656 εἰς

241 1676 337 1727 τὸν
363 1676 494 1729 Θεὸν
519 1680 748 1742 ἐλπίδος,
778 1682 1026 1742 ἄσειστος
1059 1682 1184 1749 μένε
1220 1683 1311 1732 καὶ
1348 1680 1767 1750 ἀπερίτρεπτος.
1795 1679 1923 1745 Πᾶς

242 1763 419 1830 ὅστις
441 1768 647 1821 ἀκούει
664 1786 783 1836 μου
815 1768 955 1833 τοὺς
974 1772 1196 1838 λόγους
1230 1770 1496 1834 τούτους,
1534 1771 1685 1840 φησί,
1732 1772 1826 1823 καὶ
1851 1774 1921 1824 οὺ

241 1852 405 1904 ποιεῖ
426 1855 669 1919 αὐτοὺς,
706 1855 1131 1921 ὁμοιωθήσεται
1164 1856 1335 1922 ἀνδρὶ
1359 1854 1555 1925 μωρῷ,
1587 1856 1756 1921 ὅστις
1778 1860 1924 1923 ᾠκο-

239 1937 515 2005 δόμησεν
578 1940 775 1993 αὑτοῦ
830 1940 944 2007 τὴν
992 1943 1189 1994 οὶκίαν
1239 1943 1336 1995 ἐπὶ
1395 1944 1508 2009 τὴν
1549 1943 1775 2011 ἄμμον,
1826 1945 1925 1997 καὶ

237 2024 463 2089 κατέϐη
500 2026 879 2093 ήβροχὴ,καί
900 2024 1086 2096 ἦλθον
1113 2032 1165 2081 οὶ
1194 2031 1462 2098 ποταμοὶ,
1484 2032 1581 2083 καὶ
1618 2031 1926 2084 ἔπνευσαν

244 2113 302 2161 οἰ
332 2110 560 2178 ἄνεμοι,
612 2112 709 2165 καί
742 2114 1165 2181 προσέρῤηξαν
1218 2115 1292 2182 τῇ
1337 2119 1493 2182 οἰκίᾳ
1546 2119 1773 2186 ἐκείνῃ,
1825 2118 1924 2170 καὶ

238 2197 563 2261 κατέπεσε,
590 2200 685 2252 καὶ
711 2194 790 2269 ἦν
817 2203 853 2267 1)
882 2201 1105 2267 πτῶσις
1140 2202 1330 2269 αὐτῆς
1359 2203 1610 2270 μεγάλη.
1652 2205 1810 2274 Ὁρᾷς
1843 2206 1923 2256 ὅτι

241 2282 432 2346 ἀνοίας
468 2285 582 2337 ἐστὶ
605 2285 664 2337 τὸ
681 2287 1149 2355 προκαταπίπτειν
1172 2289 1265 2340 καὶ
1303 2289 1757 2358 περιτρέπεσθαι;
1783 2290 1925 2342 Μᾶλ-

242 2367 337 2421 λον
369 2370 427 2422 δὲ
456 2373 618 2439 ⁴ἡμεῖς
669 2373 790 2424 οὐδὲ
829 2373 968 2425 κατά
996 2374 1086 2425 τὸν
1138 2374 1321 2443 μωρὸν
1352 2377 1559 2427 ἐκεῖνον
1608 2376 1919 2444 ἐγενόμεθα,

241 2455 385 2507 ἁλλά
415 2458 508 2508 καὶ
532 2458 740 2511 ἐκείνου
766 2458 1094 2529 ἀθλιώτερον
1127 2461 1523 2531 κατεπέσομεν.
1554 2462 1796 2515 Ἐκείνου
1828 2463 1924 2531 μὲν

239 2542 354 2610 γὰρ
382 2544 416 2611 ἡ
445 2542 591 2595 οἰκία
627 2546 765 2612 μετὰ
795 2549 1092 2615 ποταμοὺς,
1159 2549 1296 2617 μετά
1324 2548 1383 2600 τὸ
1415 2547 1805 2618 κατενεχθῆναι
1835 2548 1925 2601 τὸν

240 2626 430 2691 ὑετὸν,
496 2629 635 2697 μετά
686 2630 747 2680 τὸ
796 2635 1125 2699 προσπεσεῖν
1158 2635 1283 2697 τοὺς
1318 2634 1552 2704 ἀνέμους
1600 2636 1921 2688 κατέπεσεν·

243 2715 413 2780 ἡμεῖς
449 2714 505 2766 δὲ
531 2716 630 2766 οὑκ
654 2715 871 2785 ἀνέμων
902 2716 1245 2786 ἐνεχθέντων,
1284 2719 1344 2770 οὑ
1384 2721 1641 2790 ποταμῶν
1683 2737 1925 2791 προσρη-

245 2797 485 2871 ξάντων,
508 2802 568 2853 οὑ
602 2803 930 2871 πνευμάτων
976 2803 1413 2873 προσϐαλόντων,
1468 2807 1574 2877 πρὸ
1599 2807 1699 2876 τῆς
1729 2807 1923 2877 πείρας

243 2890 358 2942 τῶν
402 2892 589 2945 δεινῶν
633 2893 742 2946 ἀπὸ
774 2894 871 2964 τῆς
901 2894 1072 2964 ἀκοῆς
1101 2895 1268 2965 μόνης
1308 2896 1777 2967 περιετράπημεν,
1831 2900 1925 2951 καὶ

245 2979 450 3042 πάντα,
483 2981 626 3051 άπερ
662 2982 1111 3052 ἐφιλοσοφοῦμεν,
1174 2983 1486 3054 ὲξεχέαμεν.
1535 2987 1702 3040 Ποίαν
1750 2988 1926 3041 οἴεσθέ

249 3081 345 3133 μοι
372 3063 520 3136 [162]
550 3066 645 3135 τὴν
673 3067 910 3120 διάνοιαν
942 3063 1082 3122 εἷναι
1122 3068 1251 3135 νῦν;
1309 3071 1425 3134 πῶς
1458 3074 1923 3141 ὲγκαλύπτεσθαι;

245 3150 371 3213 πῶς
402 3152 793 3217 καταδύεσθαι;
853 3154 970 3218 πῶς
1019 3155 1312 3227 ὲρυθριᾷνς
1345 3158 1407 3209 El
1448 3158 1520 3229 μὴ
1545 3160 1743 3231 πολλὴν
1775 3163 1926 3232 παρὰ

246 3235 362 3288 τῶν
395 3238 645 3309 πατέρων
675 3240 915 3309 ὑπέστην
963 3243 1211 3313 ἀνάγκην
1232 3282 1245 3306 ,
1277 3244 1386 3297 οὐδ’
1439 3244 1504 3297 ἂν
1527 3246 1776 3318 ἀνέστην,
1815 3249 1924 3301 οὐδ’

248 3323 321 3375 ἂν
347 3324 623 3394 διελέχθην
661 3326 765 3378 ὑπὸ
796 3327 894 3394 τῆς
941 3327 1180 3398 ἀθυμίας
1236 3330 1528 3394 σκοτωθεὶς
1577 3334 1671 3403 τῆς
1728 3336 1819 3387 ἐπὶ
1857 3338 1925 3407 τῇ

251 3410 594 3481 μικροψυχία
627 3415 690 3482 τῇ
738 3413 998 3484 ὑμετέρᾳ·
1030 3415 1148 3468 ἀλλ’
1181 3417 1304 3469 οὑδὲ
1366 3417 1461 3470 νῦν
1504 3418 1797 3490 δεδύνημαι
1850 3426 1927 3486 εἰς

247 3496 493 3564 ἐμαυτὸν
525 3498 855 3553 ἐπανελθεῖν·
886 3500 1028 3554 οὑτω
1053 3520 1141 3571 μοι
1158 3504 1327 3574 θυμὸς
1358 3507 1452 3559 καὶ
1478 3506 1685 3577 ἀθυμία
1714 3509 1929 3581 πολιορ-

249 3585 342 3633 κεῖ
383 3584 481 3653 τὴν
513 3585 711 3655 ψυχήν.
741 3587 836 3648 Τίς
869 3588 974 3659 γὰρ
1000 3589 1099 3641 οὑκ
1143 3590 1208 3643 ἂν
1244 3593 1668 3660 ἀγανακτήσειε,
1722 3595 1806 3658 τίς
1829 3598 1930 3649 οὑκ

251 3669 321 3718 ἂν
355 3667 759 3739 δυσχεράνειεν,
788 3673 913 3726 ὅταν
943 3675 1082 3743 μετά
1108 3678 1373 3747 τοσαύτην
1409 3678 1771 3745 διδασκαλίαν,
1818 3681 1931 3735 Ἐλ-

247 3752 433 3821 λήνων
458 3755 649 3826 δέησθε
672 3758 1004 3814 διδασκάλων
1039 3764 1120 3825 εἰς
1150 3764 1210 3815 τὸ
1248 3765 1661 3836 παρακληθῆναι
1690 3768 1783 3819 καὶ
1811 3785 1930 3821 πειο

250 3839 452 3907 σθῆναι
480 3844 744 3908 γενναίως
781 3847 1025 3915 ἐνεγκεῖν
1068 3849 1159 3905 τὸν
1191 3851 1433 3921 παρόντα
1460 3851 1655 3920 φόϐον;
1686 3852 1930 3919 Εῦξασθε

247 3928 434 3981 τοίνυν
456 3931 674 4001 δοθῆναι
698 3935 856 4003 λόγον
881 3938 1012 4007 ἡμῖν
1034 3939 1091 3990 ὲν
1114 3938 1313 4005 ἀνοίξει
1336 3940 1429 3992 τοῦ
1458 3941 1723 4010 στόματος
1754 3943 1928 4013 ἡμῶν,

246 4015 549 4087 δυνηθῆναί
574 4038 631 4073 τε
658 4023 756 4091 τὴν
803 4024 1039 4093 ἀθυμίαν
1077 4027 1222 4096 ἡμᾶς
1258 4020 1687 4093 ἀποτινάξασθαι
1723 4030 1929 4101 ταύτην

251 4107 353 4157 καὶ
387 4108 579 4177 μικρὸν
602 4111 919 4184 ἀναστῆναι.
953 4118 1060 4169 Καὶ
1088 4117 1197 4187 γὰρ
1224 4117 1427 4187 σφόδρα
1454 4120 1751 4174 κατέϐαλεν
1776 4122 1935 4191 ἡμῶν

248 4194 358 4263 τὴν
376 4194 553 4265 ψυχὴν
582 4198 614 4267 ἡ
638 4198 779 4269 ὑπὲρ
812 4203 912 4272 τῆς
946 4203 1215 4274 ὑμετέρας
1250 4204 1612 4274 μικροψυχίας
1641 4208 1892 4277 αἰσχύνη.

331 4282 400 4351 β’.
436 4282 610 4336 Πολλά
641 4285 832 4356 πρώην
848 4289 1127 4361 διελέχθην
1143 4290 1277 4359 πρὸς
1294 4291 1389 4361 τὴν
1405 4292 1677 4361 ὑμετέραν
1705 4294 1929 4364 ἀγάπην

252 4369 356 4421 καὶ
387 4370 514 4438 περὶ
546 4371 791 4437 παγίδων
820 4374 929 4425 τῶν
956 4378 1295 4448 πανταχόθεν
1333 4380 1465 4447 ἡμῖν
1508 4378 1797 4448 κειμένων,
1839 4381 1932 4432 καὶ

255 4456 395 4527 περὶ
426 4455 592 4525 φόϐου
624 4459 720 4511 καὶ
744 4458 1002 4529 ἀθυμίας,
1035 4464 1129 4516 καὶ
1157 4466 1285 4534 περὶ
1313 4464 1545 4529 πένθους
1576 4468 1670 4519 καὶ
1714 4466 1927 4537 ἡδονῆς,

256 4546 361 4598 καὶ
392 4547 517 4616 περὶ
545 4545 646 4615 τῆς
676 4546 952 4619 δρεπάνης
982 4550 1082 4619 τῆς
1111 4550 1202 4601 ἐπὶ
1235 4552 1335 4614 τάς
1356 4554 1533 4615 οἰκίας
1573 4554 1679 4605 τῶν
1708 4554 1936 4624 όμνυόν-

253 4649 373 4687 των
428 4635 747 4703 πετομένης·
781 4636 889 4687 ἀπὸ
930 4636 1040 4689 τῶν
1084 4636 1293 4691 πολλῶν
1339 4639 1404 4707 δὴ
1460 4640 1695 4709 μάλιστα
1734 4642 1937 4694 τούτων

256 4721 519 4774 ἁπάντων
547 4722 729 4773 ἐκεῖνα
762 4721 1266 4793 διαμνημονεύσατέ
1303 4742 1394 4793 μοι
1431 4727 1501 4777 τὰ
1531 4728 1660 4794 περὶ
1697 4729 1795 4797 τῆς
1816 4728 1937 4799 δρε-

257 4810 447 4879 πάνης
473 4809 739 4881 εἰρημένα
769 4811 866 4879 τῆς
898 4812 1223 4883 πετομένης,
1266 4814 1359 4865 καὶ
1399 4816 1476 4876 είς
1512 4816 1610 4884 τὴν
1643 4816 1817 4867 οὶκίαν
1841 4816 1936 4867 τοῦ

255 4895 558 4963 ὀμνύοντος
602 4896 996 4991 καταλυούσης,
1032 4900 1127 4952 καὶ
1173 4901 1299 4964 τοὺς
1350 4900 1530 4965 λίθους
1564 4903 1657 4954 καὶ
1697 4902 1765 4954 τὰ
1804 4901 1937 4966 ξύλα

258 4984 757 5055 κατασκαπτούσης
787 4984 879 5037 κάι
911 4985 1237 5055 δαπανώσης
1268 4988 1501 5042 ᾶπαντα.
1524 4990 1631 5042 Καὶ
1666 4990 1802 5059 μετά
1821 4989 1939 5042 τού-

258 5083 356 5118 του
386 5071 608 5124 κάκεῖνο
636 5072 927 5141 φυλάττετε
946 5112 961 5137 ,
995 5074 1077 5125 ὅτι
1108 5074 1208 5142 τῆς
1242 5077 1479 5146 ἐσχάτης
1522 5076 1706 5139 ἀνοίας
1754 5077 1898 5129 ἐστὶν
1918 5115 1933 5139 ,

265 5152 601 5220 Εύαγγέλιον
618 5160 992 5231 λαμϐάνοντας
1017 5160 1267 5229 ὀμνύναι,
1287 5163 1380 5215 καὶ
1408 5164 1497 5217 τὸν
1529 5164 1690 5233 νόμον
1720 5164 1810 5216 τὸν
1829 5180 1937 5216 κω-

260 5239 459 5291 λύοντα
488 5243 740 5315 ὀμνύναι,
771 5247 959 5302 τοῦτον
988 5249 1148 5317 ὅρκον
1176 5250 1467 5303 ποιεῖσθαι·
1493 5253 1589 5305 καὶ
1622 5252 1701 5305 ὅτι
1730 5251 1936 5321 βέλτιον

262 5326 597 5396 ζημιοῦσθαι
633 5334 913 5405 χρήματα,
945 5335 977 5406 ἢ
1012 5338 1122 5399 τοῖς
1153 5335 1381 5405 πλησίον
1415 5339 1578 5410 ὂρκον
1603 5342 1898 5408 ἐπαγαγεῖν
1921 5357 1935 5371 ·

262 5416 349 5468 ὃτι
385 5414 546 5485 ἱκανὴ
574 5417 734 5472 τοῦτο
774 5423 856 5485 είς
885 5424 976 5476 τὸν
1012 5424 1139 5476 Θεὸν
1174 5423 1385 5491 γίνεται
1422 5432 1576 5498 τιμή.
1626 5429 1794 5482 Ὅταν
1832 5426 1941 5499 γάρ

262 5503 431 5572 εἴπῃς
457 5501 535 5571 τῷ
559 5503 701 5573 Θεῷ,
732 5508 931 5563 ὃτιΔιά
960 5511 1019 5562 σὲ
1048 5512 1144 5580 οὑχ
1173 5510 1409 5582 ὦρκωσα
1435 5515 1525 5566 τὸν
1560 5516 1703 5570 δεῖνα
1730 5516 1820 5569 τὸν
1845 5534 1938 5569 κε-

264 5590 504 5659 κλοφότα
543 5591 637 5642 καὶ
668 5598 944 5666 κακουργή
957 5616 1141 5658 σαντα,
1176 5599 1296 5652 ἀντὶ
1319 5599 1521 5671 ταύτης
1553 5619 1634 5655 σοι
1656 5605 1753 5674 τῆς
1771 5606 1937 5675 τιμῆς

264 5678 471 5749 πολλὴν
488 5678 580 5731 καὶ
605 5680 748 5731 κατά
780 5683 952 5751 παρὸν
980 5696 1002 5724 ο
1044 5688 1139 5740 καὶ
1171 5686 1308 5758 μετά
1340 5687 1512 5742 ταῦτα
1545 5690 1816 5745 ἀποδώσει
1843 5694 1942 5764 τὴν

324 5852 345 5915 ξ
375 5856 485 5903 Sav.
510 5854 641 5903 addit
666 5853 843 5915 ἐπάγει.

329 5913 367 5992 ξ
389 5917 609 5992 ξίςξαν.
637 5924 689 5992 (ξι
706 5913 917 5992 ιιξιιιὶιιιιι
938 5932 1186 5992 νοτεῆιειδε.
1216 5924 1334 5979 Mor,
1362 5928 1714 5992 διατρεχῆ-,τιινη

332 5977 363 6011 ⁸
388 5978 539 6031 SaVil.
562 5979 683 6029 κατὰ
702 5978 782 6028 τὸν
801 5977 1008 6042 παρόντα
1030 5983 1196 6036 αἰῶνα.

1236 441 1331 495 AD
1368 440 1697 501 POPULUM
1735 442 2236 501 ANTIOCIIENUM
2274 444 2508 500 HOMIL.
2552 442 2693 498 XVI.

3595 439 3701 495 164

2033 558 2288 628 ἀμοιϐήν.
2312 557 2494 611 Ταῦτα
2519 557 2613 610 καὶ
2640 554 2772 626 πρὸς
2805 553 3020 624 ἑτέρους
3053 552 3258 620 λέγετε,
3292 552 3383 605 καὶ
3410 553 3560 606 αὑτοὶ
3581 555 3691 607 δια·

2033 645 2349 715 φυλάττετε.
2389 641 2517 697 Οἶδα
2539 645 2621 696 ὃτι
2642 639 2875 694 ἐνταῦθα
2893 638 3268 707 εὑλαϐέστεροι
3298 638 3581 707 γινόμεθα,
3602 641 3692 693 καὶ

2032 734 2211 785 πᾶσαν
2242 731 2479 800 πονηρὰν
2506 727 2796 798 συνήθειαν
2830 723 3212 794 ἀποτιθέμεθα·
3249 726 3383 778 ἀλλά
3408 725 3471 777 τὸ
3496 724 3693 794 ζητού-

2034 835 2191 887 μενον
2220 816 2375 868 τοῦτό
2402 818 2566 881 ἐστιν,
2599 816 2689 869 ἵνα
2713 814 2787 883 μὴ
2829 812 3061 864 ἐνταῦθα
3097 811 3473 880 φιλοσοφῶμεν
3515 813 3695 882 μόνον,

2031 905 2145 957 ἀλλ’
2177 904 2265 956 ἵνα
2293 902 2387 953 καὶ
2411 902 2513 967 ἔξω
2544 902 2641 971 τὴν
2675 898 2959 953 εὐλάϐειαν
2990 900 3191 968 ταύτην
3223 898 3479 962 λαϐόντες
3527 899 3695 953 ἀπέλ-

2031 990 2382 1061 θωμεν,δπου
2416 988 2644 1056 μάλιστα
2672 987 2842 1055 αὑτῆς
2862 984 3109 1052 δεόμεθα.
3131 986 3238 1038 Καὶ
3270 985 3378 1056 γάρ
3408 988 3457 1037 οἰ
3483 986 3687 1056 ὑδρευό-

2036 1095 2185 1146 μενοι
2214 1077 2274 1128 οὑ
2305 1075 2452 1144 παρά
2506 1075 2602 1143 τὴν
2630 1077 2836 1145 κρήνην
2875 1075 3035 1144 μόνον
3078 1075 3258 1144 ἔχουσι
3292 1074 3697 1145 πεπληρωμένα

2035 1164 2101 1216 τὰ
2131 1165 2350 1231 ἀγγεῖα,
2380 1161 2516 1213 οἴκοι
2544 1160 2599 1212 δὲ
2631 1160 2955 1223 ἀπελθόντες
2984 1160 3253 1224 κενοῦσιν,
3293 1160 3403 1212 ἀλλ’
3436 1162 3551 1212 ὲκεῖ
3591 1162 3697 1230 μά-

2029 1250 2183 1302 λιστα
2212 1248 2349 1302 αὑτά
2376 1248 2514 1319 μετὰ
2550 1248 2848 1314 ἀσφαλείας
2874 1248 3236 1309 ἀποτίθενται,
3266 1246 3406 1298 ὥστε
3437 1246 3510 1316 μὴ
3542 1264 3698 1317 περι-

2032 1336 2302 1405 τραπῆναι
2360 1336 2452 1387 καὶ
2498 1335 2727 1405 μάταιον
2777 1334 3027 1401 γενέσθαι
3084 1334 3175 1386 τὸν
3229 1335 3409 1386 πόνον.
3464 1333 3699 1397 Τούτους

2037 1424 2130 1476 καὶ
2161 1426 2319 1492 ἡμεῖς
2359 1422 2750 1493 μιμησώμεθα,
2800 1422 2894 1474 καὶ
2938 1423 3077 1474 οἴκοι
3119 1422 3398 1492 γενόμενοι
3442 1423 3699 1492 τηρῶμεν

2035 1509 2172 1578 μετά
2199 1509 2482 1579 ἀκριϐείας
2513 1509 2581 1563 τά
2607 1510 2892 1581 εἰρημένα·
2926 1510 3001 1573 ὡς
3035 1510 3132 1562 ὲάν
3177 1509 3408 1562 ἐνταῦθα
3457 1512 3555 1579 μὲν
3600 1505 3697 1580 ἦτε

2034 1613 2097 1648 πε
2109 1596 2471 1665 πληρωμένοι.
2506 1595 2642 1647 οἴκοι
2665 1596 2719 1647 δὲ
2751 1597 3068 1667 ἀναχωρῆτε
3092 1596 3260 1657 κενοὶ,
3291 1594 3360 1648 τὰ
3381 1596 3577 1664 ἀγγεῖα
3599 1597 3698 1665 τῆς

2029 1684 2264 1745 διανοίας
2282 1682 2437 1752 ὑμῶν
2464 1682 2646 1751 ἔρημα
2660 1682 2757 1749 τῆς
2786 1684 3101 1752 ἀκροάσεως
3126 1683 3360 1753 ἔχοντες,
3377 1683 3529 1736 οὐδὲν
3548 1682 3705 1737 ἔσται

2030 1773 2093 1823 ὲκ
2119 1771 2215 1841 τῆς
2238 1768 2471 1822 ἐνταῦθα
2500 1766 2834 1839 πληρώσεως
2867 1769 2993 1834 ὑμῖν
3026 1769 3235 1837 ὄφελος.
3271 1770 3361 1839 Μή
3397 1787 3487 1838 μοι
3519 1768 3701 1839 δείξῃς

2029 1857 2085 1909 ἐν
2110 1860 2173 1926 τῇ
2210 1856 2516 1928 παλαίστρᾳ
2537 1854 2628 1907 τὸν
2653 1852 2911 1924 ἀθλητὴν,
2944 1853 3056 1906 ἀλλ’
3084 1856 3141 1906 ὲν
3170 1854 3247 1924 τῷ
3283 1854 3586 1924 σκάμματι·
3623 1856 3700 1926 μή

2034 1961 2121 2013 μοι
2151 1943 2248 2013 τὴν
2276 1942 2559 1995 εὐλάϐειαν
2590 1942 2731 1995 κατὰ
2761 1942 2852 1993 τὸν
2874 1940 3065 2011 καιρὸν
3084 1941 3177 2011 τῆς
3207 1941 3546 2012 ἀκροάσεως,
3564 1940 3702 1997 ἀλλὰ

2032 2030 2171 2081 κατά
2217 2030 2306 2081 τὸν
2356 2030 2544 2099 καιρὸν
2574 2028 2671 2097 τῆς
2723 2029 2996 2098 πράξεως.
3026 2028 3300 2093 Ἐπαινεῖς
3325 2029 3392 2081 τὰ
3430 2028 3699 2098 λεγόμενα

2032 2114 2143 2168 νῦν·
2181 2117 2307 2169 ὅταν
2348 2132 2407 2167 σε
2452 2116 2545 2185 δέῃ
2586 2114 2779 2182 ὀμόσαι
2807 2154 2819 2177 ,
2856 2114 3073 2166 πάντων
3116 2115 3292 2167 αὑτῶν
3324 2114 3704 2185 ἀναμνήσθητι

2030 2203 2173 2255 τότε.
2190 2204 2288 2255 Ἂν
2312 2202 2521 2271 ταχέως
2550 2202 2742 2255 τοῦτον
2765 2200 3152 2271 κατορθώσητε
3174 2201 3263 2254 τὸν
3292 2202 3475 2272 νόμον,
3493 2204 3585 2254 καὶ
3612 2202 3698 2271 ἐφ’

2031 2290 2192 2360 ἕτερα
2226 2287 2447 2357 μείζονα
2471 2288 2567 2358 τὴν
2589 2287 2937 2343 διδασκαλίαν
2976 2287 3306 2357 προάξομαι.
3331 2287 3465 2340 Ἰδοὺ
3511 2287 3698 2339 δεύτε-

2034 2392 2122 2444 ρον
2148 2376 2265 2437 έτος
2286 2375 2392 2444 έχω
2414 2374 2567 2427 τοῦτο
2588 2376 2723 2446 πρὸς
2748 2376 2846 2444 τὴν
2867 2375 3142 2445 ὑμετέραν
3168 2374 3547 2444 διαλεγόμενος
3562 2374 3702 2442 ἀγά-

2033 2478 2161 2531 πην,
2193 2463 2286 2513 καὶ
2313 2462 2434 2514 οὑδὲ
2465 2462 2655 2514 ἑκατὸν
2686 2460 2897 2531 στίχους
2926 2460 3034 2512 τῶν
3068 2460 3299 2530 Γραφῶν
3334 2460 3462 2530 ὑμῖν
3506 2460 3703 2529 ίσχυσα

2034 2547 2426 2619 ἐξηγήσασθαι·
2452 2549 2513 2600 τὸ
2542 2549 2596 2601 δὲ
2632 2547 2824 2609 αἴτιον,
2858 2548 2940 2599 ὅτι
2984 2547 3114 2616 παρ’
3145 2547 3301 2617 ἡμῶν
3332 2547 3517 2600 δέεσθε
3563 2565 3701 2617 μαν-

2034 2632 2237 2697 θάνειν,
2252 2634 2392 2705 ἅπερ
2416 2633 2623 2686 οἴκοθεν
2651 2633 2744 2687 καὶ
2761 2632 2890 2704 παρ’
2908 2631 3118 2684 ἑαυτῶν
3135 2631 3361 2685 δύνασθε
3382 2633 3700 2704 κατορθοῦν·

2033 2721 2130 2775 καὶ
2164 2722 2221 2773 τὸ
2273 2721 2431 2772 πλέον
2460 2723 2588 2791 ἡμῖν
2612 2722 2710 2790 τῆς
2739 2719 3114 2791 παραινέσεως
3141 2721 3217 2783 είς
3245 2720 3336 2772 τὸν
3366 2719 3701 2790 ἠθικώτερον

2032 2808 2383 2862 ἀναλίσκεται
2415 2807 2593 2877 λόγον.
2622 2806 2803 2861 Ταῦτα
2838 2806 2893 2859 δὲ
2921 2807 3019 2858 οὑκ
3058 2806 3229 2876 ἐχρῆν
3260 2804 3404 2858 οὑτω
3432 2805 3700 2874 γίνεσθαι·

2035 2893 2185 2967 [165]
2242 2895 2376 2949 ἀλλὰ
2422 2895 2518 2964 τὴν
2568 2895 2666 2964 μὲν
2699 2893 2806 2946 τῶν
2864 2893 3082 2964 τρόπων
3124 2892 3442 2961 ἐπιμέλειαν
3490 2892 3703 2946 οἴκοθεν

2033 2981 2176 3051 ὑμᾶς
2218 2981 2313 3033 καὶ
2346 2982 2475 3051 παρ’
2513 2980 2721 3032 ἑαυτῶν
2750 2978 3124 3041 παιδεύεσθαι,
3154 2978 3264 3031 τῶν
3292 2978 3521 3049 Γραφῶν
3550 2979 3606 3032 δὲ
3632 2980 3703 3033 τά

2034 3070 2279 3139 νοήματα
2322 3066 2417 3120 καὶ
2458 3067 2556 3129 τὰς
2602 3066 2831 3137 θεωρίας
2865 3067 2997 3135 ἡμῖν
3026 3065 3367 3136 ἐπιτρέπειν.
3406 3067 3467 3117 Et
3508 3066 3565 3118 δὲ
3612 3066 3706 3121 καὶ

2035 3157 2203 3229 ἐχρῆν
2239 3157 2331 3209 καὶ
2360 3157 2489 3225 παρ’
2532 3154 2689 3225 ἡμῶν
2724 3157 2869 3225 ὑμᾶς
2910 3154 3162 3217 ἀκοῦσαι,
3204 3156 3366 3207 πλέον
3406 3157 3536 3225 μιᾶς
3564 3156 3704 3225 ἠμέ-

2035 3261 2132 3314 ρας
2163 3245 2263 3296 οὑκ
2298 3242 2423 3294 ἔδει·
2457 3242 2576 3295 οὑδὲ
2608 3242 2714 3312 γάρ
2745 3242 2984 3295 ποικίλον
3008 3260 3062 3294 τι
3094 3243 3189 3295 καὶ
3229 3242 3548 3313 δυσεύρετόν
3588 3244 3705 3296 ἐστι

2033 3331 2094 3382 τὸ
2127 3330 2437 3399 λεγόμενον,
2481 3327 2603 3379 οὑδὲ
2650 3328 2999 3397 κατασκευῆς
3041 3328 3294 3397 δεόμενόν
3332 3345 3494 3391 τινος.
3534 3329 3706 3381 Ὅταν

2035 3416 2144 3485 γὰρ
2168 3418 2195 3469 6
2221 3415 2353 3478 Θεὸς
2376 3415 2765 3485 ἀποφαίνηται,
2810 3414 3092 3483 σοφισμῶν
3122 3414 3220 3467 οὑκ
3244 3414 3357 3468 ἔστι
3390 3414 3601 3485 καιρός.
3648 3415 3707 3468 '0

2036 3502 2165 3566 Θεὸς
2192 3499 2329 3554 εἷπε·
2362 3500 2461 3569 Μὴ
2499 3502 2749 3569 ὀμόσῃς·
2790 3500 2863 3571 μὴ
2889 3500 3111 3554 ἀπαίτει
3144 3517 3210 3570 με
3240 3500 3426 3553 λοιπὸν
3451 3499 3704 3563 εὐθύνας.

2036 3589 2221 3658 Νόμος
2270 3588 2389 3641 ἐστὶ
2415 3587 2710 3657 βασιλικός·
2741 3589 2770 3640 ὁ
2802 3586 2917 3649 θεὶς
2950 3587 3110 3639 αὑτὸν
3144 3582 3252 3638 οἶδε
3286 3586 3377 3639 τὸν
3418 3586 3575 3654 λόγον
3610 3586 3707 3639 τοῦ

2037 3676 2223 3744 νόμου·
2253 3677 2299 3727 εἰ
2330 3676 2402 3745 μὴ
2436 3674 2711 3744 συμφέρον
2736 3670 2824 3745 ἦν,
2850 3675 2951 3727 οὑκ
2983 3674 3049 3726 ἂν
3088 3673 3349 3738 ἐκώλυσε,
3379 3672 3479 3725 οὑκ
3507 3672 3573 3726 ἀν
3602 3674 3710 3725 ἀπ·

2039 3761 2326 3832 ηγόρευσε.
2360 3760 2609 3823 Βασιλεῖς
2632 3761 2943 3831 εἰσφέρουσι
2972 3760 3190 3830 νόμους,
3213 3760 3306 3813 καὶ
3337 3760 3437 3829 οὑχ
3464 3760 3710 3823 ἅπαντας

2040 3848 2427 3918 συμφερόντως
2475 3847 2755 3910 πολλάκις·
2802 3846 3079 3917 ἄνθρωποι
3107 3848 3216 3917 γάρ
3254 3848 3359 3899 είσι
3390 3848 3482 3900 καὶ
3517 3848 3616 3899 οὑκ
3644 3848 3711 3901 ἂν

2039 3934 2283 3988 δύναιντο
2313 3934 2373 3986 τὸ
2410 3935 2683 4004 χρήσιμον
2720 3932 2890 3996 οὕτως
2917 3933 3116 4003 εὑρεῖν,
3145 3932 3335 4003 ὥσπερ
3366 3934 3395 3984 6
3415 3933 3567 3998 Θεὸς,
3595 3933 3711 3986 ἀλλ’

2039 4022 2186 4090 ὅμως
2232 4020 2373 4072 οὑτω
2428 4019 2745 4089 πειθόμεθα·
2799 4018 2901 4070 κᾶν
2955 4021 3217 4085 γυναῖκας
3265 4018 3548 4088 ἀγώμεθα,
3609 4020 3714 4074 κᾶν

2039 4108 2301 4177 διαθήκας
2352 4108 2613 4176 ποιῶμεν,
2651 4105 2754 4158 κᾶν
2814 4106 3028 4168 οἰκέτας
3085 4105 3340 4158 ὠνεῖσθαι
3408 4106 3711 4175 μέλλωμεν,

2042 4195 2146 4247 κᾶν
2176 4194 2372 4258 οἰκίας,
2398 4194 2501 4245 κᾶν
2544 4194 2766 4262 ἀγροὺς,
2794 4192 2895 4245 κᾶν
2938 4191 3114 4244 ὁτιοῦν
3154 4192 3343 4263 ’έτερον
3381 4197 3575 4254 ποιεῖν,
3610 4192 3713 4248 οὑκ

2042 4282 2221 4352 οἰκεία
2254 4280 2444 4350 γνώμῃ
2476 4279 2649 4332 ταῦτα
2688 4280 3020 4349 πράττομεν,
3056 4278 3170 4332 ἀλλ’
3218 4280 3367 4342 ὅπως
3420 4279 3485 4333 ἂν
3516 4281 3712 4333 ἐκεῖνοι

2045 4366 2354 4430 διατάξωσι,
2390 4366 2484 4418 καὶ
2513 4366 2579 4417 τὰ
2610 4368 2640 4434 ἡ
2651 4366 2770 4434 μῶν
2803 4365 2982 4418 αὑτῶν
3004 4365 3287 4419 διαθέσθαι
3316 4366 3456 4418 κατά
3488 4365 3713 4436 γνώμην

2040 4455 2138 4523 τὴν
2173 4452 2444 4523 ἡμετέραν
2467 4450 2566 4502 οὑκ
2607 4451 2773 4518 ἐσμὲν
2799 4450 2977 4519 κύριοι
3000 4451 3251 4503 καθόλου·
3277 4451 3413 4503 ἀλλά
3446 4452 3711 4521 πολλαχοῦ

2042 4544 2158 4603 ταῖς
2216 4538 2438 4591 ἐκείνων
2490 4536 2811 4607 δουλεύομεν
2857 4536 3124 4606 γνώμαις,
3174 4537 3279 4591 κᾶν
3314 4539 3626 4609 ποιήσωμέν
3656 4558 3710 4592 τι

2045 4629 2198 4698 παρά
2220 4626 2280 4679 τὸ
2306 4625 2494 4678 δοκοῦν
2524 4624 2770 4689 ἐκείνοις,
2806 4622 3007 4693 ἄκυρον
3052 4625 3145 4676 καὶ
3176 4625 3450 4695 ἄχρηστον
3481 4626 3711 4693 γίνεται.

2045 4712 2183 4768 Εἶτα
2212 4717 2320 4775 τοῖς
2358 4714 2453 4782 μὲν
2487 4711 2593 4763 τῶν
2640 4710 2942 4783 ἀνθρώπων
2980 4711 3165 4781 νόμοις
3214 4713 3481 4783 τοσαύτην
3518 4713 3715 4766 ἀπονέ-

2049 4819 2218 4871 μομεν
2266 4800 2447 4867 τιμὴν,
2473 4799 2597 4860 τοὺς
2620 4797 2676 4849 δὲ
2705 4779 2963 4850 τοῦ’Θεοῦ
2992 4799 3191 4869 νόμους
3232 4799 3374 4852 οὑτω
3400 4802 3716 4869 καταπατή-

2050 4904 2231 4956 σομεν,
2258 4884 2380 4937 εἰπέ
2407 4901 2529 4954 μοι;
2560 4885 2655 4937 καὶ
2668 4885 2823 4949 ποίας
2844 4886 3018 4939 ταῦτα
3040 4886 3332 4953 ἀπολογίας
3354 4886 3513 4951 «ign;
3558 4885 3715 4950 ποίας

2048 4972 2408 5043 συγγνώμης;
2473 4968 2631 5026 Εἷπε·
2697 4972 2793 5040 Μὴ
2848 4974 3108 5042 ὀμόσῃς·
3172 4972 3245 5042 μὴ
3299 4974 3716 5044 ἀντινομοθετή-

2046 5075 2144 5133 σῃς
2170 5060 2319 5131 αὑτῷ
2340 5060 2428 5113 διὰ
2449 5060 2555 5113 τῶν
2576 5060 2931 5131 πραγμάτων,
2958 5061 3044 5112 ἵνα
3073 5059 3211 5128 μετά
3226 5059 3523 5126 ἀσφαλείας
3545 5060 3721 5113 ἀπαν-

2047 5165 2117 5203 τα
2147 5150 2239 5202 καὶ
2264 5151 2422 5219 ποιῇς
2456 5150 2549 5202 καὶ
2574 5146 2757 5218 λέγῃς.

2116 5279 2187 5341 γ’.
2218 5270 2381 5325 Ἀλλά
2410 5271 2537 5341 περί
2566 5270 2663 5340 μὲν
2686 5265 2888 5319 τούτων
2918 5265 3053 5327 ἃλις·
3090 5266 3222 5335 φέρε
3241 5266 3297 5319 δὲ
3317 5266 3443 5336 μίαν
3467 5267 3622 5335 ῥῆσιν
3656 5266 3721 5318 ὲκ

2051 5361 2158 5413 τῶν
2200 5361 2436 5430 σήμερον
2481 5354 2939 5423 ἀναγνωσθέντων
2998 5353 3339 5426 παραθέντες
3374 5353 3523 5423 ὑμῖν,
3554 5369 3721 5404 κατα·-

2051 5447 2349 5516 παύσωμεν
2365 5445 2453 5499 τὸν
2484 5444 2657 5511 λόγον·
2687 5442 2928 5508 Παῦλος
2955 5442 3202 5513 δέσμιος
3218 5440 3423 5509 Ἰησοῦ
3439 5438 3718 5507 Χριστοῦ,

2052 5539 2204 5607 φησὶ,
2234 5536 2330 5589 καὶ
2362 5536 2631 5601 Τιμόθεος
2680 5535 2712 5584 ὁ
2737 5532 3020 5600 ἀδελφός.
3068 5533 3257 5600 Μέγας
3292 5534 3321 5585 ὁ
3367 5527 3460 5583 τοῦ
3508 5526 3723 5582 Παύλου

2054 5622 2455 5694 χρηματισμὸς,
2487 5622 2587 5672 οὐκ
2621 5619 2796 5690 ἀρχῆς
2819 5620 2912 5672 καὶ
2955 5620 3118 5690 τιμῆς
3160 5619 3351 5689 ὄνομα,
3379 5614 3511 5669 ἀλλά
3543 5613 3723 5683 δεσμά

2054 5712 2149 5764 καὶ
2180 5709 2415 5771 ἁλύσεις·
2455 5708 2669 5779 ἀληθῶς
2702 5707 2897 5777 μέγας·
2941 5708 3117 5762 καίτοι
3148 5704 3316 5759 πολλά
3357 5703 3518 5756 αὑτὸν
3557 5702 3725 5772 έτερα

2052 5797 2304 5868 λαμπρὸν
2336 5798 2497 5858 ποιεῖ,
2519 5796 2578 5848 τὸ
2603 5796 2682 5859 εἰς
2725 5796 2951 5867 οὐρανὸν
2986 5794 3295 5865 ἁρπαγῆναι
3328 5790 3531 5861 τρίτον,
3557 5788 3618 5842 τὸ
3644 5790 3727 5853 εἰς

2062 5884 2385 5951 παράδεισον
2412 5882 2801 5954 ἀπενεχθῆναι,
2842 5884 2903 5935 τὸ
2954 5880 3180 5934 ἀκοῦσαι
3220 5878 3435 5949 ἄρρητα
3488 5878 3727 5950 ῥήματα·

2059 5972 2171 6030 αλλ’
2200 5969 2352 6027 οὐδὲν
2388 5969 2590 6027 τούτων
2629 5970 2845 6039 έθηκεν,
2892 5968 3004 6025 ἀλλ’
3039 5968 3157 6025 ἀντὶ
3213 5966 3429 6023 πάντων
3463 5961 3565 6033 τὴν
3603 5962 3731 6019 ἀλυ-
