4414 6676
791 453 892 509 165

791 585 893 620 σιν·
927 565 1066 638 αῦτη
1095 566 1206 641 γὰρ
1231 571 1394 625 αὐτὸν
1425 573 1646 626 ἐκείνων
1693 573 2121 646 ἐπιφανέστερον
2157 579 2331 633 ἐποίει
2361 583 2455 634 καὶ

791 654 1186 726 λαμπρότερον.
1219 659 1284 711 Τί
1316 659 1548 729 δήποτε;
1605 659 1727 713 Ὅτι
1754 662 1938 714 ἐκεῖνα
1977 663 2076 733 μὲν
2107 665 2207 735 τῆς
2237 667 2329 719 τοῦ
2364 669 2454 720 Δε-

789 741 982 794 σπότου
1021 744 1427 816 φιλανθρωπίας
1454 746 1570 798 ἐστὶ
1595 747 2115 818 χαρίσματα,ταῦτα
2133 751 2192 804 δέ
2209 753 2310 821 τῆς
2325 771 2459 821 καρσ

787 827 972 896 τερίας
1002 831 1095 882 τοῦ
1128 831 1338 896 δούλου,
1367 831 1584 900 καὶτῆς
1616 833 1897 904 ὑπομονῆς
1929 837 2216 905 δείγματα·
2253 838 2373 900 ἔθος
2401 840 2457 892 δὲ

787 917 896 976 τοῖς
947 916 1195 982 φιλοῦσιν
1257 917 1344 970 ἐπ’
1387 918 1621 982 ἐκείνοις
1689 921 1890 990 μᾶλλον
1944 925 2180 992 φρονεῖν,
2246 925 2330 992 ἐφ’
2375 919 2456 988 οἷς

787 1001 852 1054 ἂν
907 1003 1188 1072 πάσχωσιν
1233 1003 1375 1076 ὑπὲρ
1424 1005 1533 1059 τῶν
1589 1007 1958 1076 φιλουμένων,
2025 1007 2057 1076 ἢ
2113 1008 2198 1076 ἐφ’
2255 1005 2334 1072 οἷς
2390 1009 2457 1064 ἂν

785 1087 1182 1158 εὐεργετῶνται
1227 1091 1360 1161 παρ’
1411 1091 1608 1145 αὐτῶν.
1652 1092 1762 1160 Ούχ
1793 1091 1937 1144 οὕτω
1966 1091 2218 1162 βασιλεὺς
2250 1097 2344 1148 ἐπὶ
2379 1095 2457 1166 τῷ

787 1174 1078 1244 διαδήματι
1123 1177 1498 1248 ἐναϐρύνεται,
1545 1177 1622 1240 ὡς
1672 1179 1882 1241 ἐκεῖνος
1925 1179 2019 1232 ἐπὶ
2071 1183 2184 1244 τοῖς
2235 1182 2455 1250 δεσμοῖς

783 1261 1203 1326 ἐκαλλωπίζετο·
1251 1263 1346 1316 καὶ
1400 1263 1544 1334 μάλα
1595 1263 1842 1328 εἰκότως.
1891 1266 2135 1336 Διάδημα
2192 1266 2290 1336 μὲν
2345 1265 2452 1335 γὰρ

783 1349 986 1417 κόσμον
1013 1349 1172 1418 μόνον
1195 1350 1350 1421 φέρει
1375 1353 1443 1422 τῇ
1476 1351 1883 1422 στεφανουμένη
1923 1352 2152 1421 κεφαλῇ,
2175 1353 2208 1421 ἡ
2239 1351 2294 1402 δὲ
2326 1349 2454 1404 ἀλυ-

785 1451 870 1498 σις
897 1437 992 1489 καὶ
1027 1437 1230 1507 κόσμον
1260 1437 1441 1508 πολλῷ
1471 1438 1692 1509 μείζονα
1737 1439 1831 1491 καὶ
1863 1438 2184 1504 ἀσφάλειαν.
2229 1438 2287 1490 '0
2329 1437 2454 1490 στέ-

783 1541 951 1591 φανος
984 1527 1014 1577 ό
1043 1525 1320 1596 βασιλικὸς
1353 1526 1608 1588 πολλάκις
1637 1525 1917 1596 προύδωκε
1945 1526 2042 1595 τὴν
2066 1524 2454 1595 περικειμένην

781 1613 944 1664 αὑτὸν
994 1613 1257 1682 κεφαλὴν,
1316 1613 1408 1666 καὶ
1457 1613 1684 1683 μυρίους
1721 1611 2040 1674 ἐπιϐούλους
2080 1612 2450 1677 ἐπεσπάσατο,

780 1700 876 1750 καὶ
909 1700 990 1762 εἰς
1014 1699 1326 1768 τυραννίδος
1367 1697 1667 1768 ἐπιθυμίαν
1699 1698 1949 1751 ἐκάλεσε·
1986 1699 2080 1752 κα)⁸
2108 1701 2166 1751 ἐν
2193 1699 2453 1766 πολέμοις

778 1785 834 1837 δὲ
863 1784 1036 1847 οὕτως
1059 1786 1206 1839 ἐστὶν
1250 1785 1559 1854 ἐπισφαλὴς
1599 1788 1628 1838 ό
1667 1785 1870 1855 κόσμος
1902 1779 2078 1848 οὗτος,
2113 1786 2190 1846 ὡς
2217 1785 2454 1854 κρύπτε-

779 1871 902 1924 σθαι
931 1872 1094 1925 αὐτὸν
1124 1871 1218 1926 καὶ
1246 1871 1622 1925 ἀποτίθεσθαι.
1655 1873 1718 1921 Οἱ
1763 1870 1893 1937 γοῦν
1943 1869 2182 1937 βασιλεῖς
2205 1869 2264 1919 ἐν
2291 1869 2449 1920 πολέ-

779 1975 901 2028 μοις
923 1959 984 2012 τὸ
1013 1960 1204 2030 σχῆμα
1238 1959 1574 2028 ἀμείϐοντες,
1605 1956 1778 2018 οὕτως
1811 1955 2038 2016 ἑαυτοὺς
2050 1958 2162 2016 τοῖς
2191 1953 2450 2023 πολεμοῦ-

775 2063 860 2098 σιν
883 2047 1298 2117 ἀναμιγνύουσι·
1317 2045 1549 2114 τοσαύτη
1579 2047 1612 2114 ἡ
1641 2041 1900 2114 προδοσία
1931 2041 2038 2094 ἀπὸ
2063 2041 2159 2094 τοῦ
2182 2042 2446 2111 στεφάνου

772 2133 1002 2199 γίνεται.
1057 2131 1120 2185 Ἦ
1153 2131 1208 2184 δὲ
1245 2132 1435 2194 ἀλυσις
1467 2130 1618 2184 οὐδὲν
1647 2129 1886 2184 τοιοῦτον
1909 2118 2286 2200 προξενεῖτοῖς
2307 2130 2451 2198 ἔχου⁸

778 2236 882 2282 σιν,
910 2219 1046 2272 ἀλλὰ⁴
1068 2218 1382 2272 τούναντίον
1434 2219 1599 2270 ᾶπαν-
1655 2219 1784 2270 ὃταν
1817 2217 2054 2286 πόλεμος
2171 2217 2266 2269 καὶ
2295 2215 2447 2288 [164]

774 2306 1082 2377 παράταξις
1111 2306 1250 2376 πρὸς
1271 2306 1399 2367 τοὺς
1430 2305 1690 2374 δαίμονας
1719 2304 1812 2356 καὶ
1835 2303 1932 2366 τάς
1955 2304 2337 2372 ἀντικειμένας
2357 2303 2450 2356 δυ-

775 2394 986 2462 νάμεις,
1015 2392 1452 2462 προϐαλλόμενος
1474 2390 1643 2460 αὐτὴν
1675 2391 1703 2441 ό
1733 2391 2117 2460 περικείμενος
2142 2389 2446 2460 ἀποκρούε-

771 2496 863 2531 ται
904 2483 1002 2542 τὰς
1039 2480 1262 2532 ἐκείνων
1311 2478 1552 2546 ἐφόδους,
1603 2477 1714 2529 Καὶ
1751 2476 1858 2528 τῶν
1891 2477 1990 2545 μὲν
2031 2477 2307 2547 ἀρχόντων
2339 2475 2446 2528 τῶν

773 2565 972 2630 ἔξωθεν
1001 2567 1186 2618 πολλοὶ
1205 2566 1305 2636 οὐχ
1336 2566 1499 2635 ἡνίκα
1526 2563 1591 2616 ἂν
1621 2563 1881 2634 ἄρχωσιν,
1914 2563 2049 2616 ἀλλὰ
2075 2563 2169 2615 καὶ
2197 2563 2359 2633 ἡνίκα
2381 2563 2446 2616 ἂν

775 2655 1128 2724 παραλυθῶσι
1166 2654 1266 2722 τῆς
1295 2653 1491 2723 ἀρχῆς,
1521 2650 1909 2721 περιφέρουσιν
1958 2651 2128 2720 αὐτῆς
2159 2651 2219 2703 τὺ
2253 2650 2443 2720 ὄνομα.

856 2743 914 2794 '0
947 2741 1097 2794 δεῖνα
1143 2740 1201 2806 ἐξ
1231 2739 1452 2792 ὑπάτων
1504 2737 1774 2805 λέγοντες,
1805 2739 1833 2789 ὁ
1871 2738 2017 2790 δεῖνα
2057 2737 2117 2802 ἐξ
2163 2737 2444 2808 ὑπάρχων·

773 2821 928 2890 οὗτος
960 2827 1016 2880 δὲ
1042 2827 1164 2879 ἀντὶ
1201 2827 1420 2879 πάντων
1458 2826 1685 2888 τούτων,
1725 2824 1968 2889 Παῦλος
1994 2823 2262 2892 δέσμιος,
2291 2825 2442 2894 φησί·

773 2918 870 2969 καὶ
903 2915 1048 2985 μάλα
1082 2913 1326 2975 εἰκότως.
1375 2914 1610 2966 Ἑκεῖναι
1649 2911 1747 2982 μὲν
1775 2910 1884 2980 γὰρ
1920 2911 1976 2962 αί
2010 2911 2176 2980 ἀρχαὶ
2209 2909 2271 2962 οὐ
2313 2911 2446 2962 πάν-

771 3020 880 3065 τως
912 3001 1020 3053 sic}.
1049 3003 1147 3070 τῆς
1178 2999 1320 3052 κατά
1350 2998 1525 3068 ψυχὴν
1565 2997 1764 3069 ἀρετῆς
1799 2996 2117 3059 ἀποδείξεις·
2146 2995 2446 3066 χρημάτων

769 3087 878 3160 γάρ
905 3090 1042 3141 εἰσιν
1067 3087 1292 3158 ὠνηταὶ,
1326 3087 1421 3139 καὶ
1449 3085 1620 3154 φίλων
1641 3083 1928 3144 κολακείας
1952 3083 2182 3135 δέονται·
2218 3081 2356 3152 αὕτη
2391 3082 2446 3135 δὲ

770 3178 804 3246 ἡ
843 3175 1040 3246 ἀρχὴἡ
1068 3175 1178 3228 ἀπὸ
1206 3174 1316 3226 τῶν
1355 3172 1570 3242 δεσμῶν
1612 3171 1714 3240 τῆς
1744 3170 1886 3223 κατὰ
1913 3169 2091 3239 ψυχὴν
2130 3169 2446 3238 φιλοσοφίας

771 3263 916 3315 ἐστὶν
937 3261 1194 3332 ἔνδειγμα
1209 3273 1260 3324 ι,
1279 3257 1482 3313 καὶτοῦ
1517 3275 1584 3310 πε
1595 3259 1646 3330 ρὶ
1667 3257 1759 3310 τὸν
1779 3257 2014 3327 Χριστὸν
2038 3255 2205 3308 πόθου
2233 3257 2443 3326 τεκμή-

773 3366 887 3418 ριον
929 3347 1211 3418 μέγιστον·
1255 3348 1509 3400 κάκεῖναι
1563 3345 1660 3414 μὲν
1693 3343 2016 3413 ἁποπηδῶσι
2041 3343 2268 3412 ταχέως,
2305 3341 2444 3412 αὕτη

767 3436 825 3487 δὲ
857 3436 956 3490 οὐκ
979 3435 1090 3506 ἔχει
1114 3435 1205 3488 τὸν
1234 3432 1604 3502 διαδεξόμενον
1631 3432 1848 3502 ἡάρχὴ.
1891 3431 2022 3483 Ἰδοὺ
2047 3429 2177 3497 γοῦν
2207 3429 2266 3496 ἐξ
2303 3430 2446 3481 ἐκεί-

770 3540 862 3574 ·.ου
898 3523 1061 3592 μέχρι
1083 3523 1178 3576 νῦν
1213 3521 1379 3584 πόσος
1423 3519 1704 3588 διαγέγονε
1749 3518 1959 3588 χρόνος,
2000 3518 2093 3570 καὶ¹
2129 3517 2444 3587 λαμπρότε-

709 3663 712 3667 _
775 3624 866 3678 ρον
890 3608 952 3660 τὸ
978 3608 1147 3678 ὄνομα
1169 3606 1264 3660 τοῦ
1292 3606 1512 3676 δεσμίου
1550 3605 1739 3672 γέγονε
1756 3602 1968 3655 τούτου·
1995 3603 2088 3655 καὶ
2117 3601 2312 3655 ὕπατοι
2346 3602 2445 3672 μὲν

766 3695 1029 3760 ειπαντες,
1061 3695 1175 3747 ὅσοι
1205 3693 1488 3762 γεγόνασιν
1520 3693 1577 3743 ἐν
1611 3693 1721 3752 τοῖς
1751 3690 2060 3760 ἔμπροσθεν
2083 3689 2314 3760 χρόνοις,
2352 3708 2440 3742 σε-

767 3781 1140 3850 σίγηνταικαλ⁸
1186 3781 1308 3833 οὐδὲ
1359 3781 1423 3832 ἐκ
1473 3778 1843 3848 προσηγορίας
1879 3777 1985 3829 εἰσὶ
2017 3778 2282 3848 γνώριμοι
2331 3781 2444 3840 τοῖς

767 3867 1008 3931 πολλοῖς·
1032 3868 1093 3920 τὺ
1121 3869 1178 3921 δέ
1205 3866 1300 3920 τοῦ
1326 3867 1548 3936 δεσμίου
1578 3865 1770 3917 τούτου
1813 3865 1986 3935 όνομα
2025 3864 2120 3917 τοῦ
2171 3865 2442 3934 μακαρίου

767 3956 985 4010 Παύλου
1006 3955 1142 4008 πολὺ
1177 3955 1276 4024 μὲν
1311 3953 1566 4014 ἐνταῦθα,
1601 3952 1736 4004 πολὺ
1757 3952 1814 4003 δὲ
1841 3953 1898 4004 ἐν
1926 3955 1994 4022 τῇ
2025 3951 2316 4022 βαρϐάρων
2339 3951 2445 4020 χώ-

769 4062 860 4116 ρᾳ.
895 4042 1028 4096 πολὺ
1067 4042 1126 4094 δὲ
1176 4040 1329 4110 παρά
1363 4039 1598 4101 Σκύθαις
1638 4039 1731 4090 καὶ
1771 4037 1972 4102 Ἰνδοῖς,
2007 4037 2110 4090 κᾶν
2145 4039 2281 4107 πρὸς
2307 4038 2446 4090 αύτά

768 4133 868 4202 τῆς
912 4129 1234 4199 οίκουμένης
1285 4127 1446 4197 ἔλθῃς
1483 4127 1551 4180 τὰ
1581 4127 1815 4198 πέρατα,
1848 4125 2052 4196 ταύτης
2095 4127 2306 4198 ἀκούσῃ
2347 4127 2445 4196 τῆς

767 4215 1157 4289 προσηγορίας,
1183 4217 1276 4268 καὶ
1296 4218 1539 4284 ὅπουπερ
1555 4213 1619 4267 ἄν
1640 4231 1723 4276 τις
1750 4215 2038 4282 ἀφίκηται,
2071 4213 2286 4266 Παῦλον
2309 4229 2444 4265 παν-

765 4303 933 4373 ταχοῦ
967 4304 1025 4354 ἐν
1069 4305 1179 4364 τοῖς
1213 4303 1464 4354 ἁπάντων
1492 4301 1724 4369 στόμασι
1755 4300 2185 4369 περιφερόμενον
2214 4299 2439 4352 εἴσεται.

767 4391 879 4444 Καὶ
917 4391 969 4442 τί
997 4389 1333 4458 θαυμαστὸν,
1370 4389 1418 4439 εἰ
1441 4388 1496 4438 ἐν
1513 4389 1584 4456 γῇ
1599 4386 1692 4438 καὶ
1729 4385 2139 4456 θαλάττῃ,ὃπου
2163 4401 2224 4449 γε
2254 4388 2348 4438 καὶ
2387 4389 2444 4439 ἐν

765 4479 878 4539 τοῖς
910 4477 1157 4547 οὐρανοῖς
1185 4475 1318 4528 πολὺ
1345 4474 1404 4526 τὸ
1425 4473 1594 4544 ὄνομα
1627 4472 1840 4525 Παύλου
1862 4472 2012 4543 παρά
2040 4475 2152 4534 τοῖς
2172 4473 2440 4540 ἀγγέλοις,

770 4564 920 4637 παρά
940 4569 1050 4627 τοῖς
1069 4563 1432 4634 ἀρχαγγέλοις
1465 4562 1558 4614 καὶ¹
1573 4563 1694 4624 ταῖς
1711 4561 1821 4614 ἀνω
1837 4560 2098 4630 δυνάμεσι
2116 4561 2210 4612 καὶ⁵
2226 4559 2303 4630 τῷ
2319 4560 2443 4612 τού-

767 4670 874 4704 των
893 4652 1104 4723 βασιλεῖ
1129 4650 1249 4720 Θεῴ
1266 4669 1280 4716 ;
1297 4651 1409 4702 Καὶ
1428 4649 1647 4700 ποταπά
1660 4644 1727 4718 ἦν
1761 4649 1963 4713 ἐκεῖνα,
1982 4648 2136 4717 φησι,
2156 4647 2226 4699 τὰ
2244 4647 2440 4717 δεσμὰ,

767 4743 850 4793 ὅτι
866 4738 1136 4808 τοσαύτην
1155 4738 1349 4806 ἡνεγκε
1368 4735 1444 4804 τῷ
1461 4734 1727 4804 δεδεμένῳ
1739 4735 1837 4804 τὴν
1853 4734 2011 4802 δόξαν
2029 4751 2042 4798 ;
2059 4736 2158 4788 οὐκ
2173 4734 2280 4787 ἀπὸ
2299 4735 2438 4806 σιδὴο

771 4844 866 4897 ρου
923 4823 1362 4886 κατεσκεύαστο;
1429 4819 1564 4872 Ἀπὸ
1599 4821 1816 4890 σιδήρου
1873 4823 1970 4898 μὲν
2011 4822 2440 4886 κατεσκεύαστο,

767 4914 906 4968 ἀλλά
941 4911 1141 4983 πολλὴν
1172 4909 1318 4982 εἶχεν
1349 4907 1692 4963 ἐπανθοῦσαν
1733 4907 1825 4960 τοῦ
1871 4909 2186 4980 Πνεύματος
2212 4911 2311 4981 τὴν
2344 4911 2443 4980 χά-

769 5019 877 5074 ριν,
911 4999 1097 5072 ἐπειδὴ
1122 4999 1210 5052 διά
1229 4999 1320 5052 τὸν
1345 5000 1388 5052 Χ
1399 4997 1581 5069 ριστὸν
1608 4997 1743 5049 αύτά
1767 4997 2091 5066 περιέκειτο.
2111 4999 2174 5048 Ὢ
2203 4996 2297 5050 τοῦ
2315 4997 2446 5048 θαύ-

772 5090 974 5160 ματοςί
1006 5090 1055 5140 οἱ
1087 5087 1262 5140 δοῦλοι
1294 5087 1578 5156 ἐδέθησαν,
1609 5087 1638 5136 ό
1664 5084 1938 5154 Δεσπότης
1968 5082 2310 5154 ἐσταυρώθη,
2348 5084 2444 5134 καὶ

769 5177 831 5232 τδ
852 5179 1114 5248 κήρυγμα
1147 5174 1268 5227 καθ’
1306 5175 1544 5245 ἐκάστην
1583 5173 1807 5237 αὔξεται
1834 5173 1931 5242 τὴν
1957 5173 2190 5244 ἡμέραν,
2222 5175 2317 5226 καὶ
2355 5173 2443 5226 διὰ

771 5263 1140 5334 πραγμάτων,
1180 5261 1250 5313 δι’
1292 5254 1366 5314 ὧν
1413 5261 1691 5330 ἐνομίζετο
1739 5259 2064 5324 κωλύεσθαι,
2099 5259 2188 5314 διὰ
2233 5261 2442 5312 τούτων

769 5353 804 5402 ἀ
819 5350 1009 5420 ιήφθη·
1034 5351 1126 5402 καὶ
1145 5349 1399 5420 σταυρὸς,
1432 5349 1526 5400 καὶ
1553 5348 1746 5418 δεσμά,
1767 5347 1913 5418 ἅπερ
1927 5347 2102 5400 ἐδόκει
2121 5347 2396 5416 βδέλυγμα
2415 5346 2442 5385 δ

770 5434 932 5502 εἶναι,
957 5435 1130 5489 ταῦτα
1157 5436 1254 5490 νῦν
1281 5434 1556 5506 σωτηρίας
1589 5435 1832 5504 σύμϐολα
1863 5435 2078 5503 γέγονε,
2113 5436 2208 5488 καὶ
2242 5435 2444 5497 παντὸς

769 5521 991 5596 χρυσίου
1021 5523 1082 5576 τὸ
1111 5523 1348 5595 σιδήριον
1386 5525 1562 5575 ἐκεῖνο
1583 5523 1714 5592 ἡμῖν
1740 5521 2064 5592 τιμιώτερον
2086 5515 2175 5592 ἦν,
2204 5523 2264 5574 ού
2291 5521 2446 5592 παρά

777 5611 876 5678 τὴν
901 5610 1109 5663 οίκείαν
1133 5609 1316 5678 φύσιν,
1349 5610 1486 5664 ἀλλά
1539 5608 1693 5680 παρά
1721 5609 1822 5679 τὴν
1871 5609 2052 5664 αίτίαν
2096 5611 2302 5678 ταύτην
2347 5611 2442 5662 καὶ

769 5696 868 5768 τὴν
915 5697 1170 5751 ὑπόθεσιν
1201 5709 1248 5752 ο.
1308 5698 1447 5752 Ἀλλ’
1479 5699 1592 5772 ὁρῶ
1637 5715 1692 5752 τι
1732 5699 1828 5752 καὶ
1864 5699 2082 5770 ζήτημα
2122 5699 2439 5770 τικτόμενον

836 5909 860 5978 ξι
887 5909 986 5978 ρξΙῇ
1004 5911 1105 5978 ἐστί
1131 5913 1316 5978 δεῖγμα,
1342 5915 1426 5965 am
1448 5915 1574 5963 ἐστὶν
1597 5915 1826 5976 ἔνδειγμα.

834 5968 864 6011 δ
891 5969 986 6022 A.ii
1013 5968 1258 6036 βδελυκτᾶ.

1563 456 1623 514 S.
1649 460 1935 516 JOANNIS
1965 461 2462 524 CIIRYSOSTOMI
2501 472 2816 530 ARCHIEP.
2847 473 3400 536 CONSTANTINOP.

2562 588 2694 656 ἡμῖν
2721 587 2988 642 ἐντεῦθεν·
3025 591 3126 643 κᾶν
3175 593 3482 662 προσέχητε
3524 590 3660 662 μετά
3690 593 3997 662 ἀκριϐείας,
4053 602 4151 656 καὶ
4173 609 4230 658 1:3

2561 671 2895 743 ζητούμενον
2922 674 3053 744 ἐρῶ,
3083 678 3177 728 καὶ
3211 677 3310 746 τὴν
3353 679 3402 730 λ.
3423 696 3505 730 σιν
3546 679 3854 750 προσθήσω.
3891 682 3958 734 Τί
3987 689 4110 737 ποτ’
4142 685 4228 742 οὖν

2559 757 2674 811 ἐστι
2704 760 2764 812 τὸ
2789 759 3114 830 ζητούμενον
3135 777 3148 824 ;
3187 762 3457 816 Εἰσελθὼν
3487 760 3639 830 οὗτος
3659 767 3687 818 ὀ
3713 766 3922 828 Παῦλός
3941 785 4072 820 ποτε
4098 772 4230 840 πρὸς

2558 844 2648 896 τὸν
2665 847 2896 915 Φῆστον,
2937 848 3030 900 καὶ
3058 846 3442 916 διαλεγόμενος
3465 851 3634 921 αὐτῷ,
3675 853 3766 906 καὶ
3795 852 4228 922 ἀπολογούμενος

2559 931 2687 1000 περὶ
2711 932 2818 984 τῶν
2844 933 3206 1002 ἐγκλημάτων
3256 927 3332 984 ὧν
3388 936 3670 1004 ἐπήγαγον
3713 940 3764 990 οἱ
3819 937 4092 996 Ἰουδαῖοι,
4139 943 4228 992 καὶ

2557 1015 2731 1084 λέγων
2767 1019 2882 1082 πῶς
2921 1017 3026 1072 εἶδε
3059 1019 3148 1072 τὸν
3181 1019 3410 1090 Ἰησοῦν,
3441 1021 3562 1084 πῶς
3588 1025 3788 1092 ἢκουσε
3816 1026 3918 1094 τῆς
3955 1026 4228 1094 μακαρίας

2561 1103 2772 1172 ἐκείνης
2793 1107 2995 1175 φωνῆς,
3028 1107 3143 1168 πῶς
3171 1107 3266 1176 διὰ,
3285 1105 3588 1177 πηρώσεως
3614 1111 3894 1180 ἀνέϐλεψε,
3923 1112 4040 1175 πῶς
4067 1111 4227 1164 ἔπεσε

2557 1187 2649 1238 καὶ
2675 1191 2896 1258 ἀνέστη,
2925 1191 3040 1253 πῶς
3057 1194 3304 1262 είσῆλθεν
3327 1191 3674 1262 αἰχμάλωτος
3697 1198 3778 1258 είς
3805 1199 4100 1268 Δαμασκὸν
4125 1216 4228 1267 χω-

2559 1274 2640 1342 ρὶς
2674 1273 2888 1342 δεσμῶν
2925 1276 3230 1346 δεδεμένος,
3287 1279 3378 1331 καὶ
3422 1278 3551 1348 περὶ
3595 1283 3891 1350 προφητῶν
3925 1285 4022 1337 καὶ
4065 1285 4227 1353 νόμου

2553 1358 2874 1428 διαλεχθεὶς,
2894 1363 2987 1414 καὶ
3014 1363 3190 1426 δείξας
3214 1365 3295 1417 ὅτι
3321 1368 3563 1419 κάκεῖνοι
3585 1371 3844 1436 προεῖπον
3872 1372 4046 1424 ταῦτα
4071 1373 4231 1424 ἀπανι-

2555 1461 2640 1508 τα,
2668 1440 2777 1498 εἷλε
2807 1447 2897 1500 τὸν
2929 1448 3238 1514 δικάζοντα,
3274 1453 3368 1503 καὶ
3420 1452 3603 1522 σχεδὸν
3632 1451 3814 1506 ἔπεισε
3857 1458 3997 1526 πρὸς
4041 1457 4230 1510 ἐαυτὸν

2559 1535 2914 1606 μεταστῆναι.

2624 1619 2684 1673 δ’.
2713 1623 2969 1677 Τοιαῦται
2993 1624 3102 1697 γὰρ
3119 1625 3228 1680 τῶν
3245 1626 3413 1694 ἁγίων
3429 1627 3487 1678 αί
3511 1625 3703 1697 ψυχαί·
3732 1629 3954 1682 ἐπειδὰν
3980 1631 4230 1704 είςί165]

2555 1705 2831 1772 κινδύνους
2856 1709 2884 1748 ά
2915 1711 3254 1780 ἐμπέσωσιν,
3286 1713 3386 1785 οὐχ
3413 1715 3560 1775 ὅπως
3583 1713 3940 1780 ἀπαλλαγῶσι
3975 1717 4088 1769 τῶν
4121 1735 4232 1770 κιν-

2551 1792 2723 1846 δύνων
2764 1795 3078 1862 σκοποῦσιν,
3124 1799 3239 1851 ἀλλ’
3278 1801 3428 1862 ὅπως
3461 1800 3588 1862 τοὺς
3637 1799 3982 1868 ἐμϐαλόντας
4035 1802 4230 1872 θηρεύ-

2554 1894 2723 1940 σαιεν,
2748 1879 2964 1934 ἅπαντα
2989 1885 3309 1954 πράττουσι·
3335 1885 3584 1957 καθάπερ
3617 1883 3710 1940 οῦν
3739 1885 3833 1938 καὶ
3845 1887 3969 1938 τότε
3989 1887 4226 1952 ἐγένετο·

2551 1963 2796 2033 είσῆλθεν
2826 1966 3318 2038 ἀπολογησόμενος,
3333 1973 3424 2024 καὶ
3451 1973 3542 2024 τὸν
3556 1972 3813 2043 δικαστὴν
3835 1971 4024 2026 λαϐὼν
4039 1975 4228 2042 ἀπῄει.

2551 2051 2660 2103 Καὶ
2685 2052 2858 2104 ταῦτα
2905 2053 3070 2117 αὐτὸς
3125 2057 3153 2106 ό
3209 2057 3470 2126 δικαστὴς
3509 2057 3860 2130 ἐμαρτύρησε
3888 2059 4091 2126 λέγων·
4133 2063 4232 2118 'Er

2553 2139 2732 2206 ὀλίγῳ
2753 2155 2829 2208 με
2857 2141 3078 2206 πείθεις
3103 2143 3462 2208 Χριστιανὸν
3489 2144 3790 2209 γενέσθαι.
3811 2143 3988 2198 Τοῦτο
4018 2147 4116 2197 καὶ
4139 2147 4230 2216 σή-

2555 2242 2720 2294 μερον
2739 2225 2991 2293 γενέσθαι
3017 2227 3206 2297 ἐχρῆν,
3225 2229 3320 2279 καὶ¹
3341 2227 3432 2279 τὸν
3461 2227 3696 2298 ἄρχοντα
3725 2229 3916 2282 τοῦτον
3947 2231 4228 2300 θαυμάσαι

2552 2313 2706 2382 ὑμῶν
2733 2314 2830 2382 τὴν
2861 2314 3264 2384 μεγαλοψυχίαν
3296 2325 3342 2378 θ,
3367 2315 3466 2384 τὴν
3485 2313 3826 2382 φιλοσοφίαν,
3859 2317 3958 2386 τὴν
3999 2319 4232 2386 ἡσυχίαν

2550 2397 2789 2460 ἅπασαν,
2847 2401 2942 2452 καὶ
2981 2402 3043 2451 ἐκ
3091 2401 3192 2469 τῆς
3243 2401 3632 2464 καταστάσεως
3687 2401 3838 2471 ὑμῶν
3877 2401 4228 2456 διδασκαλίαν

2548 2483 2782 2536 λαϐόντα
2816 2485 3090 2548 ἀπελθεῖν,
3141 2485 3420 2556 θαυμάσαι
3473 2487 3564 2539 τὸν
3617 2487 3890 2555 σύλλογον,
3939 2490 4228 2542 ἐτέαινέσει

2546 2569 2606 2622 τὸ
2637 2571 2928 2640 συνέδριον,
2973 2571 3164 2640 μαθεῖν
3229 2574 3322 2624 καὶ
3359 2573 3454 2624 ἀπ’
3487 2574 3668 2626 αὐτῶν
3701 2573 3806 2626 τῶν
3857 2577 4226 2645 πραγμάτων,

2549 2657 2670 2709 ὅσον
2701 2656 2763 2708 τὸ
2799 2657 2961 2724 μέσον
3003 2656 3270 2726 Ἐλλήνων
3293 2675 3352 2708 τε
3377 2659 3472 2711 καὶ
3495 2659 3858 2731 Χριστιανῶν.
3897 2662 4062 2724 Ἀλλ’,
4093 2666 4228 2733 ὅπερ

2551 2743 2756 2810 ἔλεγον,
2781 2743 2967 2814 ἐπειδὴ
2988 2743 3146 2796 αὐτὸν
3170 2737 3314 2795 εἶλεν
3346 2745 3374 2795 ό
3398 2743 3627 2808 Παῦλος,
3649 2747 3899 2810 κάκεῖνος
3923 2743 4104 2810 εἶπεν,
4135 2750 4228 2800 ‘Er

2552 2829 2733 2896 ὀλίγῳ
2759 2847 2834 2897 με
2865 2831 3087 2893 πείθεις
3115 2831 3474 2896 Χριστιανὸν
3501 2830 3800 2898 γενέσθαι,
3831 2834 4173 2903 ἀπεκρίνατο
4199 2837 4228 2887 ό

2551 2915 2762 2978 Παῦλος
2787 2915 2976 2994 ού-τως·
3009 2917 3320 2984 Εὐξαίμην
3349 2915 3424 2968 ἂν
3445 2915 3647 2985 ἔγωγ-ε,
3688 2918 3787 2968 καί
3815 2919 3884 2968 ἐν
3913 2919 4102 2986 ὀλίγῳ
4127 2921 4222 2972 καί

2547 2999 2854 3065 ἑνπολνῖῷ,
2869 3003 3139 3068 οὐμόνον
3165 3002 3259 3064 σὲ,
3279 3001 3440 3054 ἀλλὰ
3455 2999 3552 3053 καί
3568 3001 3794 3066 πάντας
3811 3003 3951 3067 τοὺς
3966 3005 4224 3057 ἀκούον-

2549 3087 2654 3152 τάς
2693 3104 2814 3154 μευ
2875 3087 3152 3156 γενέσθαι
3189 3089 3585 3152 Χριστιανοὺς
3622 3087 3767 3141 ἄνευ
3801 3087 3924 3140 τῶν
3982 3089 4224 3158 δεσμῶν

2548 3173 2792 3225 τούτων.
2820 3173 2884 3224 Τί
2912 3172 3111 3240 λέγεις,
3142 3166 3186 3224 ὦ
3211 3171 3422 3236 Παῦλε;
3460 3173 3628 3226 Ὅταν
3655 3173 3754 3244 μὲν
3789 3175 4058 3242 Ἐφεσίοις
4085 3176 4212 3246 γράο

2549 3277 2676 3329 φης,
2707 3259 2904 3326 λέγεις·
2957 3256 3292 3326 Παρακαλῶ
3320 3253 3434 3312 οὖν
3473 3257 3627 3326 ὑμᾶς
3655 3260 3768 3327 ἐγὼ
3790 3263 3822 3314 ό
3857 3261 4108 3328 δέσμιος
4155 3263 4224 3312 ἐν

2547 3345 2761 3411 Κυρίῳ,
2799 3345 2982 3408 ἀξίως
3012 3341 3408 3411 περιπατῆσαι
3466 3343 3574 3412 τῆς
3621 3345 3893 3411 κλήσεως
3937 3342 4016 3414 ἧς
4041 3347 4224 3411 ἐκλή-

2548 3435 2710 3498 θητε·
2757 3431 2854 3484 καὶ
2879 3432 3008 3484 ὅταν
3053 3431 3189 3501 πρὸς
3239 3431 3504 3501 Τιμόθεον
3557 3431 3799 3502 διαλέγῃ·
3849 3434 3944 3485 Ἐν
3971 3427 4222 3498 (ﬁxam-

2549 3516 2717 3570 παθῶ
2738 3517 2918 3586 μέχρι
2949 3517 3214 3586 δεσμῶν,
3265 3518 3347 3583 ὡς
3385 3518 3734 3587 κακοῦργος·
3769 3521 3863 3571 καὶ
3905 3521 4036 3572 ὅταν
4085 3519 4222 3589 πρὸξ

2547 3604 2820 3674 Φιλήμονα
2851 3604 3032 3658 πάλιν·
3055 3603 3298 3670 Παῦλος
3330 3603 3573 3672 δέσμιος
3615 3604 3808 3671 Ἰησοῦ
3826 3604 4104 3672 Χριστοῦ·
4129 3607 4222 3657 καὶ

2547 3691 2676 3743 ὅταν
2727 3691 3001 3754 Ἰουδαίοις
3037 3689 3352 3761 συνδικάζῃ,
3385 3689 3803 3758 λέγεις·Ἕνεκα
3833 3689 3942 3756 τῆς
3971 3691 4223 3757 ἐλπίδες

2545 3777 2653 3830 τοῦ
2687 3777 2936 3845 Ἰσραὴλ
2975 3778 3091 3844 τὴν
3123 3777 3350 3831 ἅλυσιν
3377 3779 3604 3844 ταύτην
3629 3779 3976 3845 περίκειμαι·
4011 3779 4107 3830 καὶ
4123 3779 4220 3829 Φι-

2546 3863 2862 3934 λιππησίοις
2895 3866 3122 3936 γράφων
3149 3865 3353 3933 ἔλεγες·
3386 3865 3570 3920 ’Ὥστε
3593 3865 3735 3930 τοὺς
3766 3865 4050 3928 πλείονας
4105 3863 4224 3917 τῶι-

2550 3950 2850 4018 ἀδελφῶν,
2879 3953 3239 4015 πεποιθότας
3269 3949 3394 4016 τοῖς
3422 3948 3666 4018 δεσμοῖς
3697 3967 3838 4017 μου,
3873 3949 4226 4015 περισσοτέ-

2541 4055 2664 4104 ρως
2689 4036 3166 4105 τολμᾷνάέρόϐως
3193 4035 3298 4088 τὸν
3311 4037 3498 4103 λόγον
3534 4035 3766 4088 λαλεῖν·
3803 4034 4074 4104 πανταχοῦ
4123 4035 4226 4106 τὴν

2551 4124 2742 4176 ἅλυσιν
2793 4123 3136 4195 περιφέρεις,
3174 4121 3449 4190 πανταχοῦ
3488 4123 3558 4173 τὰ
3587 4121 3760 4191 δεσμά
3793 4121 4098 4194 προϐάλλῃ,
4129 4123 4226 4174 καὶ

2549 4211 2824 4279 καυχᾶσαι
2871 4209 2966 4262 ἐπὶ
2997 4208 3076 4278 τῷ
3116 4208 3422 4277 πράγματι·
3473 4207 3552 4268 είς
3581 4206 3927 4277 δικαστήριον
3955 4206 4016 4258 δέ
4051 4205 4226 4258 ἐλθὼν

2551 4296 2870 4366 προέδωκας
2907 4295 3004 4364 τὴν
3041 4293 3378 4362 φιλοσοφίαν,
3419 4293 3506 4344 ὅτε
3555 4292 3788 4362 μάλιστα
3831 4294 4224 4364 παρρησιάσα-

2549 4385 2671 4435 σθαι
2701 4383 2830 4446 ἐδει,
2849 4381 2943 4435 καλ⁵
2967 4381 3044 4450 τῷ
3075 4381 3302 4450 δικαστῇ
3333 4379 3530 4446 λέγεις·
3571 4379 3884 4449 Εὐξαίμην
3925 4380 4006 4432 ἄν
4031 4395 4110 4433 σε
4133 4398 4228 4448 γε·

2547 4469 2757 4522 νέσθαι
2810 4467 3174 4534 Χριστιανὸν
3221 4467 3368 4518 ἄνευ
3395 4465 3513 4518 τῶν
3549 4465 3788 4536 δεσμῶν
3815 4469 4076 4528 Imittur;
4113 4467 4226 4520 Καὶ

2553 4557 2658 4625 μὴν
2696 4557 2743 4608 εί
2787 4555 2932 4608 καλά
2969 4555 3039 4606 τὰ
3063 4552 3258 4623 δεσμά,
3294 4555 3385 4604 καὶ
3413 4552 3556 4606 οὕτω
3593 4553 3753 4616 καλὰ,
3785 4553 3923 4605 ὥστε
3955 4555 4226 4624 παρέχειν

2549 4645 2642 4694 καὶ
2689 4643 2894 4711 ἐτέροις
2936 4641 3162 4712 θαρρεῖν
3203 4643 3282 4701 εἰς
3316 4641 3407 4692 τὸν
3435 4641 3578 4711 ὑπὲρ
3609 4641 3709 4708 τῆς
3737 4639 4020 4700 εὐσεϐείας
4063 4640 4226 4707 λόγον

2550 4731 2637 4796 (σὺ
2671 4729 2780 4799 γὰρ
2809 4729 2942 4780 αὐτὸ
2975 4729 3136 4780 τοῦτο
3182 4726 3353 4796 ἔφθης
3401 4727 3590 4789 εἰπὼν,
3636 4727 3717 4779 ὅτι
3757 4728 3802 4777 οἱ
3835 4725 4078 4790 πλείονες
4111 4727 4224 4778 τῶν

2545 4815 2792 4884 ἀδελφῶν
2829 4815 3150 4872 πεποιθότες
3181 4815 3296 4875 τοῖς
3318 4813 3534 4883 δεσμοῖς
3566 4830 3665 4884 μου
3695 4812 3785 4863 τὸν
3811 4811 3966 4879 λόγον
3995 4813 4224 4866 ἐλάλουν

2547 4902 2808 4970 ἀφόϐως),
2839 4902 2982 4963 τίνος
2997 4901 3184 4954 ἕνεκεν
3207 4899 3298 4952 ἐπὶ
3317 4899 3410 4952 τοῦ
3437 4899 3688 4952 δικαστοῦ
3717 4899 3816 4950 οὐκ
3835 4899 4224 4972 ἐγκαλλωπίζῃ

2546 4990 2622 5060 τῷ
2659 4989 2968 5061 πράγματι,
2999 4987 3134 5040 ἀλλὰ
3164 4988 3259 5039 καὶ
3279 4989 3592 5040 τούναντίον
3625 4989 3827 5048 ποιεῖς;
3869 4982 4018 5056 Ἄρα
4041 4989 4102 5040 ού
4133 4987 4222 5038 διο-

2547 5081 2632 5128 κεί
2659 5076 2878 5145 ζήτημα
2913 5073 3134 5128 εἶναιτὸ
3167 5074 3488 5144 λεγόμενον;
3537 5073 3694 5125 ’Δλλά
3727 5071 3986 5140 ταχίστην
4025 5075 4222 5141 ἐπάγω

2545 5163 2642 5231 τὴν
2677 5163 2848 5214 λύσιν.
2897 5161 2970 5212 Ού
3008 5159 3118 5229 γὰρ
3157 5161 3216 5224 ἐξ
3266 5161 3504 5229 ἀγωνίας
3549 5159 3668 5212 ούδέ
3707 5157 3906 5219 δειλίας
3937 5161 3966 5210 ό
4005 5161 4222 5222 Παῦλος

2546 5248 2700 5300 τοῦτο
2727 5247 3004 5316 ἐποίησεν,
3029 5247 3142 5299 ἀλλ’
3171 5247 3280 5299 ἀπὸ
3303 5248 3493 5314 σοφίας
3529 5245 3727 5314 πολλῆς
3759 5244 3776 5280 τ
3815 5245 3910 5296 καὶ
3943 5248 4220 5308 συνέσεως

2545 5336 2938 5404 πνευματικῆς·
2969 5335 3062 5385 καὶ
3095 5334 3235 5396 πῶς,
3267 5333 3378 5401 ἐγὼ
3411 5333 3578 5397 λέγω.
3605 5331 3744 5398 Πρὸς
3775 5331 4012 5398 Ἕλληνα
4039 5331 4216 5384 διελέ-

2545 5439 2670 5488 γετο
2685 5422 2779 5474 καὶ
2808 5423 3058 5484 ἄπιστον,
3083 5421 3178 5473 καὶ
3207 5421 3306 5472 οὐκ
3333 5418 3512 5470 εἰδότα
3537 5416 3606 5466 τὰ
3625 5415 3886 5486 ἡμέτερα.
3921 5420 4036 5470 Οὐκ
4061 5417 4220 5470 ἐϐού-

2545 5508 2664 5556 λετο
2704 5503 2880 5555 τοίνυν
2925 5503 3090 5555 αὑτὸν
3135 5503 3246 5556 ἀπὸ
3297 5500 3402 5553 τῶν
3449 5497 3721 5568 φορτικῶν
3757 5499 4062 5567 ἐναγαγεῖν,
4095 5499 4218 5550 ἀλλ’

2608 5665 2629 5694 ο
2654 5665 2880 5722 Quadam
2924 5664 3477 5723 supplevimuspnnssa
3539 5659 3666 5720 apud
3713 5657 3902 5718 nomn,
3947 5661 4032 5719 qui
4059 5659 4214 5708 habet

2545 5733 2728 5788 Ianlum
2747 5726 2877 5788 παρα
2896 5722 3242 5788 τὴνῦπόθεᾳιν.
3271 5722 3404 5770 Enn.

2604 5787 2630 5824 ει
2653 5787 2747 5836 Alii
2771 5785 2829 5834 ρι’
2847 5785 2958 5832 Sav.
2987 5787 3050 5840 εἰς
3073 5785 3300 5832 κίνδυνον.

2607 5851 2631 5878 ⁸
2657 5847 2771 5904 Alii,
2803 5849 2931 5894 inter
2954 5859 3078 5906 quos
3101 5845 3274 5900 Savil.,
3298 5845 3376 5890 καὶ
3401 5842 3479 5889 τὸν
3502 5840 3704 5906 ᾇρχοντα
3729 5843 3909 5890 τούτων
3942 5841 4208 5890 εἰσελθόντα

2549 5911 2661 5970 πρὸς
2681 5910 2802 5968 ὑμᾶς
2823 5905 3092 5962 αἰδεσθῆναι
3113 5908 3199 5960 τήν
3230 5905 3590 6014 patulo-fuﬁum

2617 5971 2843 6014 I'Uuidam
2867 5967 3136 6014 σιλοσοείαε
3153 5967 3404 6014 ποὶλῆ;.11ῑ
3427 5967 3590 6014 manu

2617 5963 2843 6029 {Quidam
2867 5967 3136 6032 φιλοσοφίας
3153 5963 3342 6024 πολλῆς.
3355 5963 3884 6026 Ιιῑίτίιηιιιαςηηαῑὶιἀλλ’
3907 5963 4022 6022 ὅπερ
4039 5968 4212 6026 ἓ).ετε”ι.
