4452 6680
452 394 546 447 135
1319 388 1410 441 AD
1447 386 1762 442 POPULUM
1804 380 2286 439 ANTIOCllENUM
2351 387 2577 443 llO.\llL.
2621 389 2756 444 XVI.
3609 396 3703 452 [(76

442 507 582 556 dmn.
631 502 735 557 Cur
772 502 1025 556 tandem?
1069 498 1328 565 Quoniam
1390 498 1478 551 illa
1529 498 1738 567 quidem
1801 497 2009 551 Domini

441 593 773 659 benignitatis
812 604 932 648 Sunt
970 591 1191 661 gratuita
1218 588 1377 653 dona,
1411 590 1522 643 haec
1544 604 1672 643 vero
1707 591 1845 642 servi
1879 589 2013 639 tole-

441 684 623 736 rantia:
668 692 825 751 atque
884 679 1148 749 patientiae
1192 676 1414 743 indicia;
1458 677 1791 731 consuetudo
1838 686 2013 727 autem

438 774 733 827 amantibus
763 781 863 835 cst,
910 770 1013 824 illis
1055 768 1219 836 magis
1240 769 1373 823 allici
1401 785 1521 838 qua:
1564 782 1658 836 pro
1697 767 1888 819 amatis
1920 780 2012 833 pa-

438 866 651 925 tiantur,
703 880 860 932 quam
907 861 989 923 iis,
1040 874 1157 927 qum
1185 860 1250 910 ab
1293 859 1419 927 ipsis
1461 857 1716 912 beneﬁcia
1755 853 2008 908 referunt.

437 956 548 1010 Non
592 958 661 1009 ita
700 970 789 1008 rex
829 952 1122 1005 diademate
1163 953 1436 1020 gloriatur,
1466 960 1521 1003 ut
1561 951 1647 1003 ille
1672 946 1893 1001 vinculis
1916 946 2010 999 de-

435 1046 728 1099 lectabatur
752 1061 763 1093 :
784 1051 837 1094 ct
860 1042 1066 1093 merito.
1092 1042 1335 1093 Diadema
1362 1056 1549 1108 nempe
1565 1040 1734 1093 solum
1758 1045 2012 1091 coronato

434 1134 593 1202 capiti
630 1139 873 1184 ornatum
918 1130 1089 1193 allert,
1129 1141 1311 1183 catena
1346 1145 1469 1182 vero
1492 1139 1545 1183 et
1569 1138 1812 1183 ornatum
1849 1126 2014 1179 multo

435 1223 712 1289 majorem,
747 1230 799 1273 et
843 1222 1078 1273 tutelam.
1116 1219 1322 1272 Corona
1371 1233 1511 1287 smpe
1560 1218 1700 1287 regia
1748 1224 1907 1284 caput
1955 1229 2013 1268 se

432 1310 816 1365 circumdatum
846 1311 1096 1377 prodidit,
1130 1310 1434 1362 innmneros
1454 1309 1633 1361 allexit
1654 1307 2009 1367 insidiatores,

436 1411 590 1467 atque
623 1400 673 1451 in
715 1400 1007 1469 tyrannidis
1048 1400 1526 1467 concupiscentiam
1572 1398 1837 1460 invitavit;
1879 1396 2010 1449 etin

436 1490 588 1541 bellis
615 1489 699 1541 hie
728 1498 948 1543 ornatus
974 1500 1057 1545 est
1082 1491 1215 1544 adeo
1239 1492 1585 1559 periculosus,
1616 1499 1673 1541 ut
1696 1492 1866 1557 ipsum
1913 1486 2011 1538 dc-

436 1589 633 1648 ponant
653 1588 707 1634 et
744 1581 1088 1635 abscondant.
1130 1582 1185 1635 In
1209 1583 1404 1650 prmliis
1432 1594 1826 1648 nonnumquam
1861 1592 2012 1645 rcges

435 1671 673 1724 habitum
717 1681 1132 1736 commutantes,
1179 1674 1247 1726 ita
1294 1689 1479 1725 manus
1522 1686 1641 1724 cum
1687 1669 2012 1722 certantibus

434 1771 759 1815 conserunt:
788 1772 929 1815 tanta
973 1778 1037 1814 ex
1083 1776 1277 1814 corona
1324 1763 1492 1814 oritur
1533 1760 1777 1828 proditio.
1815 1760 2009 1812 Catena

437 1864 563 1903 vero
603 1850 730 1903 nihil
774 1850 1073 1918 hujusmodi
1134 1850 1439 1919 gerentibus
1487 1850 1658 1913 aﬂ'ert,
1711 1848 1803 1901 sed
1852 1864 2011 1902 omne

434 1942 753 1995 cootrarium
784 1959 796 1992 :
826 1956 943 1994 cum
973 1956 1144 2008 pugna
1172 1941 1239 1993 sit
1264 1951 1315 1993 et
1340 1942 1480 1992 acies
1508 1948 1687 1991 contra
1718 1939 2005 1999 dwmones,

434 2039 487 2081 et
512 2031 840 2084 adversarius
883 2040 1194 2097 potestates,
1241 2029 1576 2098 pra-tendens
1616 2029 1782 2096 ipsam
1822 2028 1910 2095 qui
1950 2042 2010 2079 ea

433 2121 791 2173 circumdatus
832 2130 931 2182 est.
978 2122 1188 2175 illorum
1233 2122 1438 2189 repellit
1464 2120 1721 2173 incursus.
1752 2119 1815 2170 Et
1843 2118 2013 2186 magi-

433 2217 689 2264 stratuum
716 2212 925 2280 quidem
963 2223 1302 2267 externorum
1350 2212 1497 2266 multi
1522 2227 1625 2264 non
1657 2221 1855 2263 tantum
1882 2210 2010 2265 dum

433 2299 714 2367 imperant,
740 2319 915 2355 verum
940 2314 990 2356 et
1009 2319 1128 2357 cum
1151 2303 1474 2357 excesserint
1494 2302 1821 2370 magistratu,
1846 2302 2012 2371 ipsius

434 2407 623 2444 nomen
651 2394 1045 2447 circumferunt.

516 2479 724 2533 Vincula
753 2481 903 2535 Pauli
928 2483 1105 2551 ubique
1128 2484 1485 2553 prmdicantur.
1510 2512 1579 2521 —-
1611 2482 1702 2535 Ille
1731 2481 2007 2545 excon~ul,

433 2566 643 2634 dicitur,
693 2571 778 2624 ille
819 2572 1193 2640 exprmfectus;
1244 2572 1331 2625 hic
1360 2587 1486 2625 vero
1515 2586 1610 2640 pro
1640 2572 1702 2625 iis
1740 2570 2007 2632 omnibus,

436 2655 632 2710 Paulus
687 2662 910 2725 vinctus,
955 2662 1144 2730 inquit,
1192 2670 1246 2716 et
1287 2660 1571 2714 admodum
1634 2669 2008 2729 congruenter.

434 2747 509 2801 Illi
556 2765 780 2818 namque
819 2753 1153 2822 magistratus
1180 2768 1284 2807 non
1322 2753 1528 2821 penitus
1557 2762 1681 2807 sunt
1705 2753 1866 2805 animi
1895 2753 2006 2806 vir-

433 2846 559 2898 tutis
584 2844 1060 2897 demonstrationes
1084 2860 1097 2895 :
1128 2844 1364 2912 pecuniis
1392 2843 1532 2897 enim
1555 2852 1674 2896 sunt
1708 2843 2009 2905 \ettale3,et

432 2937 722 2988 amicorum
741 2933 1462 3003 indigentassentationibus;
1486 2933 1571 2987 hic
1600 2943 1774 2988 autem
1795 2950 1860 2987 ex
1886 2935 2006 2987 vin-

432 3026 565 3078 culis
608 3025 943 3091 magistratus
987 3033 1067 3075 cst
1104 3024 1266 3075 animi
1306 3024 1596 3091 disciplina:
1643 3024 1913 3086 indicium,
1953 3033 2007 3077 et

432 3115 660 3167 ardentis
686 3114 1025 3166 inChristnm
1065 3114 1314 3168 desiderii
1353 3116 1559 3181 signum
1606 3115 1911 3167 maximum.
1939 3114 2006 3168 Et

434 3205 507 3257 illi
549 3203 757 3271 quidem
812 3204 955 3256 brevi
1004 3203 1308 3271 refugiunt,
1366 3204 1452 3258 hic
1499 3220 1625 3258 vero
1672 3206 2008 3273 magistratus

435 3293 632 3345 nullum
665 3293 821 3345 habet
846 3307 1231 3346 successorem.
1276 3294 1467 3361 Aspice
1498 3309 1725 3363 namque
1752 3303 2007 3363 quantum

434 3383 498 3434 ab
524 3382 612 3434 illo
638 3397 774 3434 nunc
801 3397 965 3448 usque
991 3382 1241 3449 temporis
1264 3390 1363 3443 est,
1406 3391 1458 3434 et
1487 3382 1816 3450 splendidius
1854 3383 2011 3452 hujus

435 3474 593 3527 vincti
643 3488 832 3526 nomen
891 3472 1152 3526 redditum
1209 3482 1289 3524 est
1335 3490 1347 3524 ε
1398 3487 1460 3526 ac
1504 3473 1750 3527 consules
1789 3473 2005 3541 quidem

433 3580 615 3615 nntnes
641 3605 653 3624 ,
688 3563 1005 3631 quicumque
1045 3563 1405 3631 superioribus
1453 3563 1597 3617 luere
1643 3563 2001 3631 temporibus.

432 3652 644 3704 silentio
674 3652 848 3704 traditi
880 3661 1022 3715 sunt,
1055 3663 1107 3706 et
1138 3667 1236 3706 nec
1256 3653 1370 3721 ipso
1389 3652 1598 3721 quidem
1622 3654 1835 3706 nomine
1854 3654 2001 3721 vulgo

432 3753 552 3794 sunt
581 3742 776 3810 cogniti
805 3759 818 3804 ;
860 3743 1013 3810 hujus
1047 3752 1221 3795 autem
1264 3744 1423 3796 vincti
1457 3744 1595 3796 beati
1631 3744 1777 3797 Pauli
1815 3759 2008 3799 nomen

434 3832 655 3885 multum
688 3832 899 3900 quidem
931 3834 1015 3885 hic
1036 3873 1049 3893 ,
1082 3833 1304 3885 multum
1334 3843 1509 3885 autem
1559 3834 1611 3885 ia
1662 3834 2007 3887 barbarorum

434 3922 649 3990 regione
720 3922 942 3974 tnultutn
1014 3921 1154 3989 apud
1219 3921 1444 3990 Scythas
1516 3931 1570 3975 et
1635 3922 1826 3987 ludos,
1868 3924 2008 3978 etsi

432 4014 497 4064 ad
540 4014 681 4080 ipsos
721 4023 985 4067 terrarum
1027 4014 1171 4067 orbis
1206 4013 1459 4066 terminos
1498 4014 1698 4076 venias,
1747 4014 1883 4069 hanc
1920 4032 2006 4070 au-

431 4103 550 4157 dies
586 4104 1013 4172 appellationem,
1082 4114 1134 4157 et
1194 4119 1523 4173 quocumque
1578 4106 1834 4172 quispiam
1882 4121 2002 4173 per-

432 4195 677 4259 venerit,
724 4195 941 4248 Paulum
979 4196 1174 4265 ubique
1199 4195 1250 4247 in
1280 4195 1514 4248 omnium
1546 4210 1640 4249 ore
1679 4195 2002 4249 circumferri

432 4293 638 4340 tto-cet.
686 4285 751 4338 Et
792 4286 915 4353 quid
956 4287 1165 4347 mirum,
1191 4286 1309 4338 siin
1343 4297 1477 4339 terra
1518 4287 1773 4355 tnarique,
1814 4287 2005 4355 quime

431 4387 551 4424 cum
599 4382 647 4427 et
687 4375 743 4425 ‘in
792 4374 935 4426 caelis
964 4375 1186 4426 multum
1218 4374 1362 4428 Pauli
1390 4390 1580 4427 nomen
1608 4376 1745 4443 apud
1772 4376 2003 4444 angelos,

431 4461 570 4529 apud
598 4462 961 4529 arehangelos,
995 4471 1046 4516 et
1072 4477 1331 4532 supernas
1356 4464 1594 4529 virtutes,
1624 4474 1678 4517 et
1708 4467 1891 4518 barum
1919 4482 2007 4519 re-

430 4565 548 4619 gem
580 4551 781 4604 Deum?
827 4552 890 4605 Et
914 4553 1102 4622 qualia,
1129 4553 1316 4623 inquit,
1335 4564 1486 4609 erant
1512 4555 1597 4607 illa
1624 4556 1851 4619 vincula,
1870 4571 2007 4625 quo-

430 4642 571 4693 niam
621 4652 820 4696 tantum
866 4644 1040 4698 vincto
1083 4646 1264 4715 gloria.
1290 4647 1556 4700 tulerunt?
1599 4661 1774 4700 nonne
1802 4662 1831 4700 e
1866 4647 2007 4700 ferro

433 4732 682 4784 fabricata
704 4734 887 4786 erant?
913 4735 953 4787 Ε
973 4734 1115 4788 ferro
1137 4736 1348 4804 quidem
1382 4736 1651 4800 fabricata,
1672 4735 1763 4789 sed
1787 4736 2001 4789 multam

432 4823 697 4875 habebant
741 4823 966 4892 Spiritus
999 4830 1221 4895 gratiam
1267 4828 1684 4882 efﬂoreseeutem
1711 4845 1723 4879 :
1753 4827 2002 4897 quoniam

432 4926 647 4985 promer
682 4914 947 4969 Christum
991 4917 1120 4985 ipsis
1151 4920 1507 4973 cireumdatus
1547 4918 1733 4973 fuerat.
1766 4918 1811 4972 Ο
1844 4919 2004 4972 mira-

430 5005 605 5058 culum
627 5005 641 5058 !
665 5006 803 5058 servi
827 5007 986 5059 vincti
1013 5015 1155 5070 sunt,
1185 5009 1436 5063 Dominus
1459 5009 1756 5070 cruciﬁxus,
1790 5018 1842 5063 et
1864 5024 2003 5077 prm-

431 5092 624 5147 dieatio
664 5095 897 5161 quotidie
923 5097 1112 5150 crescit
1136 5115 1148 5147 :
1175 5106 1227 5149 et
1258 5113 1353 5165 per
1376 5116 1493 5168 qua:
1535 5101 1812 5170 putabatur
1842 5112 2002 5162 Opera

434 5185 718 5256 prohiberi,
758 5201 852 5254 per
885 5188 997 5242 lucc
1028 5203 1251 5242 accensa
1273 5198 1355 5243 est
1380 5208 1394 5243 :
1422 5201 1475 5245 et
1511 5207 1662 5255 crux,
1694 5199 1747 5245 et
1775 5188 2000 5255 vincula,

432 5292 550 5346 quae
586 5290 704 5330 esse
747 5277 1060 5333 videbantur
1102 5280 1440 5345 abominatio,
1470 5298 1611 5337 nunc
1648 5284 1834 5337 salutis
1858 5282 2001 5351 signa

431 5377 554 5422 sunt
576 5366 727 5429 facta,
758 5376 812 5420 et
838 5370 1073 5437 quolibet
1098 5386 1230 5425 auro
1256 5371 1453 5425 ferrum
1481 5372 1607 5425 illud
1634 5373 1787 5427 nobis
1812 5371 2005 5440 pretio-

432 5461 542 5515 sius
566 5467 694 5523 erat,
719 5474 821 5511 non
854 5470 1069 5529 prepter
1099 5473 1335 5517 naturam
1360 5463 1647 5533 propriam,
1678 5465 1771 5517 sed
1796 5475 2005 5533 propter

433 5567 643 5607 causam
667 5553 799 5605 bane
819 5561 873 5606 et
895 5566 1262 5623 argumentum
1288 5558 1327 5610 ⁸.
1356 5555 1458 5609 Sed
1483 5554 1634 5609 video
1659 5558 2005 5623 quaestionem

492 5689 508 5719 ⁸
548 5686 733 5754 \tontcl‘.
757 5687 826 5735 sic
862 5685 1007 5749 legit,
1032 5692 1221 5740 omissis
1255 5690 1536 5754 quibusdam
1568 5703 1579 5737 :
1620 5686 1879 5739 t'rrtiosins
1905 5696 2007 5739 erat

424 5758 621 5801 nocte."
648 5750 733 5798 hoc
756 5756 1101 5811 argumentmn.

2071 563 2095 571 λ,
2124 491 2246 548 hinc
2272 495 2423 551 nobis
2452 498 2733 567 quamdam
2764 501 3020 579 orientem
3047 522 3058 556 :
3083 514 3134 559 ct
3154 506 3197 560 si
3224 507 3508 578 diligenter
3531 520 3701 563 atten~
3790 562 3795 567 .
3840 558 3845 561 .

2117 585 2255 639 datis
2286 628 2302 651 ,
2353 598 2406 641 et
2445 591 2786 657 qumstionem
2836 593 3029 659 dicam,
3078 606 3134 651 et
3172 601 3490 656 solutionem
3543 616 3704 670 appo-

2118 688 2259 726 nam.
2313 675 2449 741 Quid
2500 679 2657 747 igitur
2706 682 2915 737 tandem
2958 694 3042 739 est
3088 688 3227 756 quod
3273 694 3567 759 qumritur?
3613 693 3701 747 ln-

2117 777 2329 830 gressus
2349 764 2634 834 aliquando
2660 770 2746 824 hic
2781 771 2973 827 Paulus
3016 774 3082 828 ad
3138 776 3372 843 Festum,
3418 792 3472 835 et
3527 785 3696 853 ipsum

2115 852 2409 919 alloquens,
2430 869 2492 907 ac
2510 872 2735 924 purgans
2752 876 2809 913 se
2825 861 2891 916 de
2910 864 3238 933 criminibus,
3258 870 3451 937 quibus
3471 852 3698 942 urgeba-

2118 952 2202 995 tur
2217 959 2242 993 a
2257 944 2475 1008 Judaeis,
2494 956 2546 999 et
2566 948 2766 1013 dicens,
2793 956 3059 1020 quomodo
3076 957 3254 1013 Jesum
3270 962 3419 1027 vidit,
3433 966 3700 1032 quomodo

2119 1033 2322 1087 beatam
2352 1052 2534 1090 vocem
2558 1039 2697 1091 illam
2721 1042 2940 1104 audivit,
2967 1048 3235 1113 quomodo
3264 1064 3358 1116 per
3380 1057 3698 1109 excaecatio-

2118 1139 2237 1177 nem
2268 1127 2331 1177 ad
2362 1126 2532 1180 lucem
2562 1133 2820 1197 pervenit,
2853 1137 3118 1199 quomodo
3146 1141 3337 1194 cecidit
3374 1152 3429 1196 et
3448 1148 3697 1211 surrexit,

2116 1216 2379 1279 quomodo
2429 1217 2699 1286 ingressus
2743 1231 2826 1275 est
2867 1224 3178 1281 Damascum
3224 1232 3465 1298 captivus
3498 1235 3699 1304 absque

2120 1304 2339 1357 vinculis
2362 1310 2715 1377 eompeditus,
2749 1328 2809 1365 ac
2834 1313 2902 1367 de
2937 1316 3209 1385 prophetis
3271 1322 3442 1390 deque
3484 1325 3595 1393 lege
3623 1326 3698 1378 lu-

2117 1406 2283 1457 quens
2304 1435 2318 1459 ,
2344 1406 2395 1448 et
2417 1400 2701 1454 ostemlens
2724 1403 2840 1456 illos
2868 1404 2980 1459 luce
2997 1411 3173 1462 omnia
3202 1413 3529 1480 prmdixisse,
3558 1416 3697 1483 judi-

2117 1492 2323 1537 cantem
2351 1490 2509 1554 cepit,
2533 1500 2586 1543 et
2612 1490 2720 1545 fere
2748 1495 2811 1546 ad
2839 1497 3068 1565 seipsum
3103 1503 3325 1556 transire
3357 1507 3635 1571 persuasit.

2192 1572 2246 1625 4.
2288 1574 2443 1628 Tales
2468 1578 2609 1630 enim
2642 1592 2940 1637 sanctorum
2968 1597 3091 1639 sunt
3115 1590 3306 1642 anima:
3335 1608 3348 1642 :
3378 1606 3495 1644 cum
3524 1595 3575 1647 in
3601 1610 3694 1661 pe-

2121 1662 2285 1715 ricula
2315 1666 2623 1731 ceciderint,
2668 1686 2770 1724 non
2793 1676 3061 1741 quomodo
3090 1679 3336 1744 periculis
3383 1681 3696 1751 liberentur,

2116 1756 2473 1820 considerant,
2519 1762 2611 1814 sed
2650 1778 2756 1832 quo
2789 1778 3167 1836 persequentes
3216 1771 3487 1827 lucrentur
3518 1778 3695 1831 omnia

2118 1845 2315 1899 faciunt
2344 1865 2357 1899 :
2394 1850 2597 1904 sicutet
2631 1862 2753 1905 tunc
2797 1854 2991 1909 factum
3020 1868 3099 1909 est
3127 1877 3140 1911 :
3168 1876 3224 1914 se
3249 1861 3566 1916 defensurus
3612 1867 3695 1919 in-

2117 1935 2295 1997 travit,
2327 1946 2381 1990 ct
2419 1949 2573 2007 capto
2607 1941 2786 2010 judice
2823 1945 3087 2002 discessit.
3128 1951 3196 2004 Et
3236 1950 3348 2005 lure
3388 1953 3502 2020 ipse
3531 1955 3694 2022 judex

2120 2036 2340 2081 testatus
2368 2038 2468 2093 est,
2492 2031 2673 2085 dicens
2705 2052 2718 2086 :
2750 2033 2816 2086 In
2839 2038 3032 2089 modico
3043 2054 3121 2090 me
3140 2041 3420 2107 persuades
3440 2043 3695 2102 Christia-

2119 2131 2238 2167 num
2266 2117 2377 2183 ﬁeri
2402 2116 2421 2189 (
2446 2119 2553 2172 Act.
2583 2120 2672 2175 26.
2694 2122 2764 2177 28
2789 2124 2827 2191 ).
2849 2125 2959 2179 lloc
2977 2137 3031 2181 et
3057 2127 3214 2185 hodie
3238 2133 3349 2187 fieri
3371 2135 3608 2202 decebat,
3641 2151 3694 2194 ct

2120 2205 2422 2271 productum
2470 2208 2610 2263 hunc
2635 2223 2861 2265 vestram
2890 2216 3134 2269 admirari
3149 2221 3697 2289 magnanimitatem',

2118 2295 2523 2366 philosophiam,
2557 2302 2949 2373 perfectamque
2991 2309 3245 2376 quietem.
3304 2323 3358 2364 et
3401 2329 3466 2367 ex
3510 2315 3697 2370 ordine

2115 2396 2293 2438 vestro
2333 2387 2663 2458 disciplinam
2715 2410 2929 2465 capere,
2961 2405 3015 2450 et
3057 2399 3134 2452 sic
3179 2401 3344 2465 abire,
3386 2406 3692 2460 concionem

2115 2476 2389 2544 admirari,
2441 2481 2658 2538 laudare
2696 2499 3026 2552 consessum,
3058 2499 3110 2542 et
3154 2505 3220 2543 ex
3262 2493 3389 2561 ipsis
3429 2495 3585 2549 rebus
3608 2497 3693 2551 di-

2116 2579 2287 2630 scere,
2307 2579 2560 2636 quantum
2577 2573 2713 2626 inter
2730 2577 2954 2642 gentiles
2964 2586 3017 2630 et
3030 2577 3359 2634 Christianos
3370 2582 3695 2641 discriminis

2115 2656 2205 2707 sit.
2250 2654 2353 2711 Sed
2386 2669 2441 2712 ut
2465 2660 2531 2713 ad
2576 2661 2627 2714 id
2656 2662 2870 2716 redeam
2920 2666 3059 2734 quod
3108 2667 3371 2735 dicebam,
3412 2684 3692 2743 postquam

2117 2746 2287 2815 ipsum
2318 2749 2457 2816 cepit
2492 2749 2707 2817 Paulus,
2744 2764 2796 2806 et
2823 2754 2910 2806 ille
2940 2755 3071 2809 dixit
3105 2775 3118 2811 :
3151 2757 3217 2811 'In
3245 2764 3441 2815 modico
3477 2781 3555 2816 me
3577 2783 3695 2834 per-

2114 2835 2296 2890 suades
2322 2836 2660 2893 Christianum
2690 2843 2822 2909 ﬁeri,
2856 2845 3050 2900 Paulus
3080 2849 3148 2901 ita
3181 2853 3453 2919 respondit
3480 2871 3495 2905 :
3527 2856 3691 2923 Opta-

2113 2941 2216 2977 rcm
2247 2929 2415 2995 utique
2439 2944 2529 2997 ego
2548 2941 2597 2982 et
2622 2932 2675 2984 in
2708 2934 2904 2987 modico
2931 2945 2976 2988 et
3001 2938 3053 2989 in
3088 2940 3265 3004 multo,
3306 2958 3406 2994 non
3440 2943 3602 2996 solum
3626 2957 3692 3010 te,

2110 3014 2199 3066 sed
2227 3017 2373 3068 etiam
2404 3034 2574 3072 omnes
2606 3022 2864 3076 audientes
2901 3041 2979 3077 me
3023 3027 3133 3093 ﬁeri
3171 3026 3482 3086 Christianos
3509 3035 3695 3104 absque

2113 3106 2322 3159 vinculis
2343 3106 2421 3160 his
2443 3108 2584 3177 (Act.
2606 3110 2697 3164 26.
2728 3112 2798 3165 29
2818 3113 2855 3180 ).
2879 3114 3010 3179 Quid
3039 3116 3191 3181 dicis,
3216 3134 3247 3173 ο
3278 3121 3435 3175 l’aule
3458 3122 3482 3174 ἲ
3511 3124 3693 3193 Ephe-

2111 3196 2205 3247 sus
2233 3212 2422 3265 nempe
2443 3200 2703 3263 scribens,
2730 3201 2862 3256 dicis
2890 3221 2902 3254 :
2933 3204 3075 3274 Rogo
3103 3208 3256 3276 igitur
3280 3226 3364 3263 vos
3390 3227 3479 3279 ego
3500 3216 3692 3270 vinctus

2113 3285 2165 3335 in
2216 3284 2449 3348 Domino,
2485 3288 2635 3357 digne
2669 3289 2926 3345 ambulare
2959 3297 3214 3349 vocatione
3250 3316 3348 3366 qua
3384 3305 3543 3355 vocati
3575 3308 3692 3360 estis

2117 3379 2131 3441 (
2162 3373 2346 3442 Epltcs.
2368 3378 2422 3430 4.
2455 3378 2476 3431 1
2511 3376 2551 3448 ).
2598 3379 2661 3432 Et
2699 3380 2764 3433 ad
2804 3380 3155 3438 'l‘imothmnm
3189 3387 3426 3457 loquens,
3479 3392 3543 3447 In
3586 3412 3686 3460 quo

2118 3465 2248 3516 male
2276 3466 2442 3532 patior
2466 3482 2621 3533 usque
2637 3468 2704 3520 ad
2742 3470 2963 3534 vincula,
2996 3481 3249 3538 tamquam
3273 3480 3565 3549 male/actor
3590 3486 3606 3553 (
3635 3485 3689 3536 2.

2114 3551 2248 3605 Tim.
2277 3556 2330 3608 2.
2366 3555 2399 3608 9
2426 3554 2466 3623 ),
2492 3570 2545 3608 et
2573 3558 2639 3609 ad
2686 3558 3047 3614 Philemonem
3074 3580 3303 3628 t‘til‘sultl,
3358 3567 3554 3623 Paulus
3584 3551 3691 3625 uin-

2112 3652 2219 3695 ctus
2240 3640 2372 3696 Iesu
2386 3639 2815 3710 Claristi(PItilem.
2840 3648 2891 3715 1)
2910 3667 2921 3701 :
2940 3652 3340 3710 eicumJudaeis
3368 3658 3687 3729 disceptans,

2115 3734 2288 3786 dicis:
2322 3735 2538 3803 Propter
2580 3754 2719 3805 spem
2764 3737 2932 3793 Israel
2987 3744 3082 3795 hac
3133 3756 3308 3799 catena
3347 3751 3688 3807 circumdatus
3769 3740 3777 3748 ’

2116 3839 2226 3874 sum
2257 3825 2400 3892 (Act.
2442 3827 2533 3879 ‘28.
2562 3828 2696 3897 20).
2746 3830 2810 3883 lit
2864 3831 3284 3901 Philippensibus
3332 3842 3570 3895 scribens
3610 3845 3692 3898 di-

2116 3913 2273 3965 cebas
2316 3932 2328 3966 :
2371 3915 2456 3968 Ita
2507 3927 2559 3968 ut
2608 3918 2771 3985 plures
2809 3924 3059 3989 fratrum,
3101 3926 3217 3993 [reti
3269 3928 3479 3984 vinculis
3520 3934 3642 3985 meis
3669 3975 3683 3995 ,

2118 4004 2457 4059 abundantius
2507 4011 2745 4062 auderent
2794 4011 3042 4079 intrepide
3092 4017 3294 4069 verbum
3338 4021 3476 4086 loqui
3516 4022 3535 4091 (
3559 4021 3689 4076 Plu"

2112 4094 2241 4162 lipp.
2274 4096 2323 4147 l.
2360 4097 2425 4149 H
2452 4097 2490 4166 ).
2521 4096 2722 4166 Ubique
2736 4111 2976 4155 catenam
2998 4105 3326 4173 circumfers,
3346 4110 3542 4180 ubique
3568 4115 3689 4168 vin-

2110 4183 2226 4236 cula
2250 4188 2523 4253 prepouis,
2552 4197 2604 4241 et
2633 4189 2926 4258 Itujusmodi
2954 4194 3201 4263 gloriaris
3243 4202 3491 4268 negatio;
3526 4203 3577 4255 in
3599 4204 3689 4273 ju-

2110 4274 2304 4327 diritttn
2332 4286 2507 4331 autem
2542 4281 2759 4335 rodens
2807 4284 3194 4353 philosophiam
3237 4291 3533 4357 prodidisti,
3565 4308 3684 4348 cum

2113 4366 2339 4419 maxime
2392 4367 2559 4421 libere
2603 4380 2653 4423 te
2700 4385 2887 4438 gerere
2932 4372 3174 4440 decebat,
3208 4388 3262 4430 et
3302 4378 3467 4447 jndici
3515 4381 3684 4437 dicis:

2118 4454 2356 4524 Optarem
2382 4458 2550 4528 utique
2575 4468 2620 4513 te
2650 4461 2762 4528 ﬁeri
2787 4460 3128 4517 Christianum
3155 4465 3343 4539 absque
3370 4471 3581 4525 vinculis
3609 4475 3689 4528 Itis

2117 4549 2139 4618 (
2161 4550 2270 4602 Act.
2303 4550 2393 4604 26.
2423 4550 2495 4606 29
2527 4552 2544 4621 )
2573 4552 2596 4605 ?
2625 4552 2824 4622 Nempe
2861 4553 2907 4608 si
2936 4554 3073 4609 bona
3098 4557 3327 4624 vincula,
3359 4570 3413 4615 et
3447 4563 3516 4618 ita
3549 4566 3686 4621 bona

2114 4650 2170 4694 ut
2194 4643 2311 4696 aliis
2358 4659 2566 4713 quoque
2605 4644 2843 4699 ﬁduciam
2869 4646 2935 4699 ad
2964 4662 3263 4703 sermonem
3293 4666 3389 4719 pro
3432 4655 3689 4724 religione

2112 4732 2375 4797 przebeaut
2393 4733 2608 4800 (etenim
2625 4736 2721 4786 hoc
2739 4735 2905 4801 ipsum
2920 4737 3065 4802 prius
3080 4736 3282 4803 dixisti,
3300 4740 3444 4798 Multi
3467 4744 3683 4799 fratrum

2109 4818 2227 4871 freti
2283 4820 2505 4871 vinculis
2559 4821 2692 4873 meis
2744 4822 2964 4876 verbum
3021 4824 3371 4895 loquebantur
3399 4832 3682 4900 intrepide)

2113 4911 2131 4978 (
2162 4909 2392 4979 Philipp.
2436 4912 2484 4964 l.
2516 4913 2615 4982 14)
2667 4929 2681 4977 ;
2714 4930 2878 4983 quare
2924 4931 3104 4971 coram
3128 4918 3305 4986 judice
3333 4937 3435 4974 non
3481 4923 3580 4978 hac
3626 4942 3685 4980 re

2107 5001 2373 5070 gloriaris,
2407 5003 2499 5055 sed
2550 5006 2871 5059 contrarium
2902 5005 3029 5060 lacis
3055 5007 3078 5059 ?
3102 5013 3291 5063 Annon
3318 5012 3527 5068 videtur
3563 5031 3685 5073 esse

2110 5096 2333 5163 quaestio
2385 5097 2523 5165 quod
2571 5098 2809 5151 dicitur?
2845 5097 2948 5152 Sed
2972 5100 3308 5157 celerrimam
3363 5108 3678 5165 solutionem

2110 5183 2299 5238 all'cro.
2328 5184 2440 5238 Non
2477 5186 2617 5238 enim
2662 5187 2926 5241 anxietate
2951 5189 3033 5242 vel
3062 5189 3341 5248 timiditate
3368 5195 3557 5249 Paulus
3582 5198 3683 5254 hoc

2113 5271 2360 5340 faciebat,
2410 5276 2504 5330 sed
2531 5291 2594 5331 ex
2636 5278 2891 5347 sapientia
2921 5282 3087 5335 multa
3117 5293 3183 5337 et
3211 5285 3464 5353 Spirituali
3503 5293 3684 5357 provi-

2113 5364 2289 5419 dentia
2320 5384 2332 5420 :
2366 5384 2471 5437 quo
2500 5384 2624 5422 vero
2670 5377 2843 5436 pacto,
2876 5387 2976 5441 ego
3017 5374 3208 5427 diuini.
3241 5375 3502 5433 Gentilem
3555 5383 3690 5437 alio.

2112 5455 2372 5523 quebatur
2398 5468 2451 5510 et
2497 5458 2780 5524 inﬁdelem,
2814 5476 2915 5515 nec
2949 5472 3124 5515 nostra
3160 5465 3441 5520 scientem.
3471 5468 3691 5525 Nolcbat

2115 5543 2272 5613 igitur
2302 5545 2474 5613 ipsum
2506 5560 2600 5615 per
2635 5549 2813 5616 gravia
2844 5550 3111 5616 inducere,
3147 5553 3240 5606 sed
3267 5556 3407 5625 quod
3435 5558 3645 5614 dicebat
3675 5578 3690 5615 :

2179 5682 2194 5711 ι
2231 5679 2368 5747 savii.
2399 5687 2449 5729 et
2472 5679 2788 5747 al_ii,‘illormn
2823 5684 3104 5747 pra‘ferttmt
3136 5684 3395 5737 venientem
3419 5688 3482 5737 ml
3508 5701 3585 5739 vos
3616 5701 3690 5737 re-

2119 5744 2279 5795 nerae'i
2302 5743 2752 5804 ntnquaninzitn'trm.
