4452 6680
813 460 904 516 167

808 573 992 628 Factus
1022 589 1132 626 sum
1165 570 1442 625 carcniibus
1469 569 1592 640 lege,
1621 581 1873 638 tamquam
1895 569 2002 622 sine
2025 569 2131 638 lege
2152 567 2226 638 (l.
2251 565 2371 620 Cor.

806 668 856 720 9.
884 663 946 716 2|
973 665 991 733 )
1016 663 1149 718 :hoc
1173 674 1225 714 et
1251 662 1334 714 hic
1356 659 1594 713 iaciebat.
1613 658 1670 712 Si
1693 659 1897 712 vincula
1921 657 2164 718 :mdierit,
2190 655 2377 725 inquit,

797 764 857 808 ct
881 753 1267 813 tribulationes,
1297 748 1472 802 statim
1497 746 1881 815 refugiet,cum
1911 745 2240 800 vinculorum
2270 743 2379 796 vir-

805 852 970 896 tatem
996 857 1102 894 non
1131 839 1288 892 norit.
1328 836 1446 891 Fiat
1474 837 1620 904 prius
1657 835 1826 889 lidelis
1868 845 1921 888 et
1952 832 2378 903 praedicationem

803 940 1000 998 gustet.
1025 941 1078 984 et
1117 939 1238 982 tunc
1275 928 1386 996 ipse
1433 942 1642 995 quoque
1689 927 1755 978 ad
1800 926 1911 978 lucc
1941 923 2147 976 vincula
2177 929 2376 974 curret.

808 1021 1002 1072 Audivi
1051 1018 1327 1071 Dominum
1379 1031 1554 1070 meum
1606 1015 1867 1069 dicentem
1905 1029 1919 1064 :
1955 1011 2118 1065 Nemo
2159 1009 2378 1062 immittit

809 1108 1186 1161 commissuram
1216 1106 1369 1174 panni
1390 1107 1527 1157 rudis
1545 1120 1691 1171 super
1714 1103 2052 1155 vestimentum
2075 1109 2228 1161 vetus,
2255 1114 2378 1166 quo-

801 1199 938 1252 niam
983 1199 1114 1251 tollit
1147 1195 1505 1265 plenitudinem
1557 1193 1714 1260 ipsius
1743 1201 1789 1244 et
1839 1192 1981 1259 pejor
2011 1190 2068 1255 ﬁt
2109 1187 2327 1240 scissura
2353 1201 2372 1238 :

801 1303 956 1356 neque
1003 1288 1206 1338 mittunt
1231 1285 1401 1336 vinum
1431 1297 1614 1335 novum
1640 1283 1692 1334 in
1729 1292 1864 1335 utres
1903 1289 2109 1342 veteres,
2139 1279 2378 1345 quoniam

799 1381 1179 1448 disrumpuntur
1221 1385 1358 1428 utres
1388 1373 1617 1444 (Matth.
1645 1373 1698 1429 9.
1731 1373 1816 1428 l6.
1846 1373 1951 1436 l7;
1991 1371 2156 1424 Marc.
2198 1369 2254 1424 2.
2285 1369 2374 1422 2|.

799 1468 906 1532 εἰς
938 1468 1061 1520 Luc.
1093 1468 1147 1523 5.
1187 1465 1279 1520 36.
1306 1466 1373 1520 57
1414 1466 1455 1535 ).
1486 1466 1671 1519 Anima
1701 1464 1854 1533 hujus
1880 1475 1960 1518 est
2001 1462 2375 1516 vestimentum

800 1570 972 1622 vetus,
1000 1568 1054 1612 et
1094 1568 1213 1611 uter
1245 1557 1492 1624 antiquus
1515 1571 1530 1619 ;
1580 1569 1682 1608 non
1703 1563 1784 1608 est
1813 1562 2097 1606 renovatus
2125 1551 2246 1610 title.
2271 1566 2375 1603 non

799 1647 1024 1716 Spiritus
1050 1646 1216 1714 gratia
1257 1659 1440 1698 recens
1469 1643 1702 1696 redditus
1733 1651 1836 1706 est,
1864 1640 2054 1694 debilis
2096 1639 2268 1693 adhuc
2295 1648 2377 1692 cst

797 1746 850 1792 et
883 1748 1142 1800 terrenus,
1171 1734 1434 1788 mundana
1464 1736 1620 1803 sapit,
1657 1742 1714 1787 et
1763 1734 1830 1786 ad
1859 1731 2178 1786 mundanam
2224 1733 2374 1785 vani-

797 1834 956 1879 tatem
1002 1833 1200 1895 stupet.
1231 1825 1452 1894 gloriam
1478 1834 1620 1877 amat
1646 1833 1982 1893 praesentem.
2013 1823 2068 1878 Si
2095 1838 2125 1876 a
2153 1825 2378 1893 primor-

792 1913 900 1970 diis
923 1918 1102 1971 statim
1146 1917 1395 1982 audierit,
1427 1917 1565 1986 quod
1595 1916 1762 1971 lactus
1786 1916 2142 1979 Christianus,
2171 1918 2381 1969 vinctus

798 2023 921 2063 mox
953 2008 1062 2073 fiet,
1106 2018 1160 2062 et
1186 2018 1370 2060 catena
1399 2007 1818 2061 circumdabitur
1839 2046 1854 2069 ,
1893 2009 2142 2060 confusus
2171 2017 2224 2058 et
2260 2022 2382 2059 eru-

797 2101 1018 2156 bescens
1041 2115 1068 2152 a
1102 2099 1478 2168 praedicatione
1509 2098 1729 2151 resiliet.
1755 2098 2042 2165 Propterea
2071 2096 2197 2150 dicit
2219 2096 2375 2147 :Abs-

797 2207 892 2262 que
930 2190 1146 2244 vinculis
1190 2191 1286 2254 liis,
1337 2204 1440 2243 non
1473 2189 1584 2258 ipse
1635 2189 1842 2242 vincula
1875 2202 2146 2248 recusans,
2192 2187 2329 2240 absit
2361 2188 2372 2238 !

799 2281 894 2335 sed
915 2282 1054 2334 illius
1067 2279 1498 2334 condesceudens
1515 2277 2079 2347 inlirmitati,quoniam
2095 2277 2206 2345 ipse
2222 2277 2298 2329 sic
2315 2276 2379 2328 il-

798 2369 844 2423 la
861 2369 1024 2438 diligit
1040 2380 1090 2424 et
1103 2367 1803 2436 amplectitur,utambitiosa
1821 2367 2014 2420 mulier
2028 2366 2241 2420 monilia
2262 2379 2374 2420 sua.

877 2459 998 2513 Non
1025 2461 1090 2512 de
1126 2460 1338 2528 patratis
1358 2457 1636 2519 miraculis,
1663 2459 1754 2511 sed
1777 2460 1839 2510 tle
1866 2459 2106 2511 «erumnis
2134 2459 2380 2527 gloriatur

804 2547 1250 2602 Paulus.-—Unde
1270 2546 1370 2600 hoc
1386 2545 1748 2600 manifestum?
1761 2544 1970 2598 Gaudeo
1989 2547 2040 2598 in
2065 2545 2380 2614 passionibns

806 2639 952 2700 meis,
976 2637 1164 2706 inquit,
1195 2645 1240 2690 et
1275 2636 1487 2704 suppleo
1517 2635 1740 2704 defectus
1785 2635 2166 2686 tribulationum
2189 2631 2380 2688 Christi

797 2726 849 2778 in
876 2742 1027 2779 carne
1048 2741 1160 2780 mea
1187 2723 1342 2796 (Col.
1370 2726 1421 2778 l.
1441 2725 1512 2777 24
1533 2723 1576 2794 ).
1603 2724 1668 2777 Et
1698 2725 1888 2778 iterum
1919 2740 1934 2776 :
1964 2723 2213 2789 Quoniam
2240 2724 2377 2776 vobis

795 2816 1037 2869 donatum
1078 2826 1151 2869 est
1181 2831 1214 2867 a
1256 2813 1457 2868 Christo
1486 2831 1586 2867 non
1639 2824 1834 2866 tantum
1867 2815 1918 2866 in
1957 2815 2122 2883 ipsum
2153 2818 2374 2878 credere,

795 2922 967 2960 verum
989 2916 1036 2958 et
1065 2922 1154 2970 pro
1179 2906 1287 2974 ipso
1317 2905 1424 2974 pati
1461 2904 1717 2975 (Philipp.
1772 2907 1820 2958 l.
1853 2904 1924 2959 29
1958 2904 1999 2974 ).
2031 2905 2098 2958 Et
2139 2907 2328 2958 iterum
2361 2921 2374 2957 :

800 2995 923 3049 Non
949 3005 1144 3049 tantum
1180 3005 1366 3061 autem,
1393 2995 1481 3048 sed
1506 3004 1552 3048 et
1580 2995 1854 3064 gloriamur
1893 2995 1946 3046 in
1972 2993 2378 3048 tribulationibus

795 3086 986 3158 (Rom.
1011 3088 1063 3141 5.
1089 3088 1123 3140 5
1153 3085 1195 3155 ).
1227 3085 1282 3139 Si
1306 3085 1501 3155 gaudet
1526 3085 1682 3154 igitur
1697 3096 1746 3138 et
1772 3085 2046 3154 gloriatur,
2071 3094 2125 3138 et
2145 3086 2193 3138 id
2219 3098 2376 3138 vocat

792 3178 988 3233 donum
1017 3177 1326 3246 gratuitum,
1355 3185 1559 3230 certum
1603 3174 1740 3243 quod
1771 3185 1986 3244 propter
2011 3173 2147 3228 hanc
2163 3189 2374 3228 causam

793 3270 859 3324 ad
900 3269 1133 3338 judicent
1174 3267 1397 3336 loquens
1438 3265 1552 3319 lucc
1585 3265 1794 3319 dicebat
1823 3283 1836 3317 :
1863 3265 2113 3334 quoniam
2153 3273 2209 3318 et
2245 3264 2376 3318 alias

799 3373 1008 3412 rursum
1035 3358 1086 3409 iu
1111 3355 1476 3408 necessitatem
1502 3353 1750 3422 delapsus
1771 3353 2050 3422 gloriandi,
2082 3354 2183 3408 hoc
2202 3354 2372 3422 ipsum

793 3447 1139 3505 demonstrat,
1167 3445 1349 3497 dicens
1373 3460 1386 3496 :
1415 3441 1646 3494 Libenter
1667 3443 1820 3510 igitur
1847 3442 2101 3512 gloriabor
2128 3443 2180 3494 in
2208 3442 2362 3509 iit/ir-

795 3537 1042 3589 mitatibus
1064 3535 1204 3597 meis,
1237 3535 1288 3585 in
1319 3532 1715 3592 necessitatibus,
1744 3532 1796 3583 in
1817 3533 2148 3594 contumeliis,
2174 3533 2226 3584 in
2256 3550 2372 3595 pcr—

791 3624 1180 3694 sequutionibns,
1221 3625 1273 3676 in
1315 3623 1584 3693 angustiis,
1637 3631 1691 3674 ut
1739 3623 1981 3674 inhabitet
2019 3623 2070 3674 in
2101 3639 2178 3674 me
2218 3624 2374 3674 virtus

792 3714 978 3768 Christi
1024 3715 1042 3783 (
1069 3713 1124 3766 2.
1155 3713 1272 3766 Cor.
1311 3710 1395 3764 ιε’..
1437 3710 1493 3764 9.
1524 3709 1591 3764 10
1694 3710 1756 3763 Ει
1811 3711 2002 3764 iterum
2029 3729 2040 3761 :
2073 3711 2131 3763 Si
2165 3712 2373 3777 gloriari

790 3814 1004 3875 oportet,
1032 3805 1084 3856 in
1114 3801 1409 3873 inﬁrmitate
1430 3817 1536 3853 mea
1563 3801 1816 3869 gloriabor
1834 3796 1912 3867 (Ξ.
1933 3795 2053 3850 Cor.
2075 3797 2126 3851 ll
2173 3794 2287 3862 50).
2309 3802 2374 3855 Et

790 3894 914 3947 alibi
940 3895 1170 3964 seipsum
1211 3891 1332 3944 aliis
1361 3905 1694 3958 comparans,
1724 3900 1778 3944 et
1803 3906 1895 3958 per
1919 3891 2369 3957 comparationem

792 3985 942 4039 nobis
965 3983 1334 4040 excellentiam
1371 3981 1764 4046 demonstrans,
1806 3984 1883 4035 sic
1910 3981 2079 4051 inquit
2107 3999 2120 4036 :
2146 3981 2370 4035 Ministri

790 4075 976 4129 Christi
992 4084 1128 4139 sunt,
1156 4083 1210 4126 ut
1244 4073 1412 4126 minus
1449 4073 1648 4142 sapiens
1678 4072 1877 4143 loquor,
1912 4074 2025 4141 plus
2053 4088 2144 4142 ego
2189 4072 2365 4143 (Ibid.

789 4187 836 4225 υ.
867 4171 937 4224 25
964 4171 1006 4239 ).
1037 4171 1104 4225 Et
1127 4183 1404 4224 excessum
1431 4167 1800 4221 demonstrare
1825 4168 2042 4228 volens.
2083 4184 2189 4221 non
2227 4168 2365 4236 quod

790 4272 1029 4316 mortuos
1052 4259 1467 4322 resuscitaverit,
1499 4257 1842 4312 daunonesve
1869 4258 2169 4326 expulerit,
2199 4273 2369 4326 neque

788 4352 1122 4406 mandaverit
1148 4353 1408 4420 leprosos,
1441 4349 1652 4404 aliudve
1677 4348 1804 4416 quid
1835 4348 2134 4418 hujusmodi
2163 4348 2367 4412 fecerit,

787 4445 921 4498 (linit
948 4460 962 4497 :
994 4443 1089 4498 sed
1115 4443 1268 4511 quid?
1284 4441 1435 4508 Quod
1451 4442 1756 4494 innumeras
1773 4455 1956 4508 passus
1981 4439 2364 4494 sitmolestias:

784 4550 902 4586 eum
931 4533 1072 4589 enim
1095 4533 1335 4594 dixisset,
1360 4531 1488 4586 Plus
1511 4547 1624 4601 ego,
1653 4531 1826 4585 intulit
1852 4534 2199 4586 tentatioaum
2224 4531 2366 4583 nml-

787 4623 1062 4677 titudiuem
1093 4640 1106 4676 :
1168 4621 1237 4675 In
1283 4623 1446 4690 plagis
1478 4637 1634 4688 supra
1663 4621 1886 4683 modum,
1920 4623 1972 4673 in
1994 4622 2234 4674 mortibus
2265 4623 2366 4690 fre-

784 4723 1010 4782 quenter,
1037 4713 1090 4764 in
1117 4711 1400 4764 carceribus
1429 4709 1786 4770 abundantius,
1825 4727 1856 4761 a
1879 4708 2076 4762 Juda'is
2107 4711 2366 4778 quinquies

781 4804 1134 4873 quadragenas
1168 4817 1272 4853 una
1315 4801 1480 4852 minus
1517 4799 1709 4866 accepi,
1739 4809 1814 4850 ter
1838 4800 1988 4867 virgis
2036 4815 2192 4852 ca'sus
2233 4815 2361 4861 sinit,

782 4894 934 4949 semel
960 4893 1234 4962 lapidatus,
1282 4902 1358 4945 ti‘r
1403 4891 1730 4960 naufragium
1767 4890 1882 4957 feci,
1920 4892 2062 4942 nbcte
2091 4905 2150 4940 ac
2185 4891 2266 4940 die
2316 4892 2367 4941 in

784 4984 1040 5054 profundo
1065 4984 1220 5035 maris
1250 4983 1324 5049 fui
1354 4980 1528 5048 (Ibid.
1569 4997 1617 5033 υ.
1657 4979 1822 5034 25-ἓό
1843 4981 1900 5049 ):
1929 4988 1982 5032 ct
2007 4979 2203 5047 reliqua
2243 4993 2363 5032 om-

785 5079 889 5128 nia.
921 5074 1010 5130 Sic
1037 5074 1228 5141 ubique
1250 5073 1502 5141 gloriatur
1522 5073 1572 5125 in
1606 5071 2032 5126 tribulationibus
2059 5070 2280 5136 Paulus,
2311 5081 2364 5123 et

785 5183 846 5221 ea
877 5182 936 5220 rc
965 5166 1158 5219 mirum
1198 5165 1249 5216 in
1283 5163 1495 5217 modum
1540 5178 1656 5218 sese
1682 5174 1875 5230 ornat,
1905 5180 1968 5216 ac
2001 5163 2125 5232 jure
2150 5165 2360 5216 merito.

784 5258 914 5312 Nam
946 5257 1049 5312 hoc
1075 5266 1157 5311 est
1183 5254 1326 5326 quod
1357 5255 1588 5308 maxime
1622 5254 1817 5308 Christi
1843 5256 2094 5308 virtutem
2139 5253 2364 5306 demon-

779 5359 932 5413 strat,
949 5349 1195 5418 quoniam
1216 5363 1314 5418 per
1333 5347 1455 5400 talia
1479 5345 1714 5400 vicerunt
1740 5347 1988 5415 apostoli,
2005 5360 2102 5414 per
2125 5345 2358 5408 vincula,

790 5437 1174 5503 tribulationes,
1203 5437 1406 5508 ﬂagella
1435 5447 1488 5491 et
1508 5445 1746 5491 extrema
1777 5437 1932 5489 mala.
1959 5435 2088 5491 Nam
2117 5435 2232 5489 hazc
2257 5436 2364 5488 duo

777 5528 1022 5584 Christus
1063 5527 1409 5595 denuntiavit,
1456 5529 1852 5583 tribulationem
1881 5537 1934 5582 et
1961 5529 2356 5594 remissionem,

781 5620 988 5673 labores
1017 5629 1073 5674 et
1115 5633 1360 5684 coronas,
1393 5619 1617 5672 sudores
1642 5628 1697 5672 et
1742 5619 2136 5682 retributiones,
2177 5619 2359 5672 suavia

779 5716 836 5762 ct
872 5707 1077 5770 tristia;
1116 5707 1211 5763 scd
1252 5709 1420 5762 tristia
1457 5707 1672 5778 quidem
1714 5709 1834 5761 vita:
1872 5707 2020 5764 dedit
2065 5710 2315 5778 prwsenti
2341 5751 2356 5776 ,

777 5802 955 5852 suavia
988 5813 1116 5854 vero
1163 5797 1214 5853 iu
1248 5796 1478 5852 futurum
1505 5799 1730 5867 distulit,
1766 5799 1958 5869 pariter
1982 5800 2356 5856 demonstrans

1540 457 1597 513 S.
1637 455 1909 513 JO.\NNIS
1935 454 2404 512 CHRYSOSTOMI
2444 454 2758 511 ARCIIIEP.
2797 457 3324 514 CONSTANTINOI‘.

3966 467 4061 524 υἷε

2489 583 2547 622 se
2579 560 2828 622 homines
2865 585 2971 624 non
3015 573 3279 640 decipere,
3309 580 3465 640 atque
3506 569 3678 639 ipsum
3708 587 3889 626 mrum:
3913 591 4063 632 arma

2485 658 2688 726 pondus
2713 658 2901 712 ordine
2924 661 3154 726 quodam
3179 662 3420 716 minuere
3445 670 3708 729 satagens.
3729 662 3828 726 Qui
3867 665 4062 735 decipit

2481 749 2645 808 enim,
2684 749 2865 802 suavia
2899 749 3047 818 prius
3095 751 3363 820 proponit,
3405 763 3460 806 et
3503 766 3624 804 mox
3680 749 3837 804 infert
3867 757 4060 811 tristia.

2481 836 2647 900 Quale
2659 845 2762 890 est:
2778 840 2858 906 pla
2866 838 3014 908 giarii
3039 840 3290 906 puerulos
3309 856 3453 910 sa‘pe
3479 856 3665 910 parvos
3693 841 3987 908 prredantes
4010 856 4064 898 et

2482 923 2739 989 furantes,
2769 943 2874 979 non
2917 927 3097 997 plagas
3138 938 3195 981 et
3223 931 3465 996 verbera,
3498 946 3667 1000 neque
3708 930 3850 983 aliud
3879 931 4062 998 hujus-

2481 1019 2621 1072 modi
2647 1021 2981 1087 pollicentur,
3005 1021 3096 1075 sed
3119 1022 3394 1090 placentas
3413 1036 3468 1078 et
3497 1025 3734 1088 bellaria,
3751 1034 3804 1078 ct
3823 1023 3922 1076 alia
3943 1023 4064 1077 talia

2485 1111 2678 1178 quibus
2703 1113 2924 1179 puerilis
2969 1114 3199 1182 gaudere
3223 1116 3500 1168 consuevit
3527 1128 3678 1181 aetas,
3708 1117 4056 1188 pra-tendunt,

2484 1209 2538 1252 ut
2566 1199 2646 1252 his
2675 1199 2750 1252 illi
2792 1201 2989 1264 allecti,
3024 1215 3077 1256 et
3129 1203 3426 1258 libertatem
3457 1221 3608 1260 suam
3666 1210 3966 1276 prodentes,
4009 1205 4060 1260 in

2483 1301 2776 1344 extremum
2826 1293 3118 1358 periculum
3171 1294 3502 1349 delabantur.
3558 1298 3749 1350 Avium
3800 1311 3926 1352 vero
3987 1296 4062 1364 pi-

2484 1382 2756 1448 st-iumque
2782 1391 3083 1447 venatores,
3117 1383 3188 1436 ita
3217 1401 3334 1452 qua:
3365 1397 3624 1440 venantur
3648 1387 3906 1453 alliciunt,
3933 1401 4062 1440 con-

2483 1479 2684 1522 suetam
2709 1470 2979 1538 capiendis
2994 1479 3048 1524 et
3063 1471 3352 1539 jucundam
3379 1476 3524 1542 prius
3543 1488 3720 1528 escam
3747 1478 4061 1543 praebentes,

2482 1569 2533 1610 et
2562 1559 2637 1610 sic
2662 1559 2906 1627 laqueum
2941 1570 3306 1628 contegentes.
3330 1561 3515 1631 Itaque
3537 1565 3914 1633 deeipieutium
3953 1581 4064 1618 ma-

2483 1647 2624 1700 .vime
2647 1661 2782 1714 opus
2819 1648 2922 1702 hoc
2945 1659 3047 1713 est,
3078 1649 3224 1717 prius
3251 1652 3434 1702 suavia
3466 1666 3785 1720 proponere,
3814 1668 3919 1721 quo
3943 1669 4064 1708 mox

2485 1735 2716 1790 inferant
2745 1737 2947 1801 tristia;
2998 1738 3388 1807 providentium
3431 1751 3608 1794 autem
3658 1751 3713 1796 et
3739 1743 4064 1812 diligentiam

2483 1825 2700 1878 omnino
2723 1827 3074 1881 contrarium.
3118 1828 3302 1882 Patres
3331 1828 3510 1898 itaque
3556 1829 3821 1898 plagiariis
3850 1842 4063 1885 contra-

2487 1931 2620 1966 r.um
2651 1915 2849 1968 faciunt
2875 1931 2889 1979 ;
2913 1931 3033 1969 cum
3079 1917 3145 1971 ad
3177 1917 3356 1972 ludum
3387 1934 3578 1986 pueros
3603 1919 3892 1974 literarium
3942 1934 4066 1974 nut-

2486 2014 2620 2067 tunt,
2655 2005 2970 2075 pmdagogos
3008 2017 3335 2075 proponunt,
3364 2008 3571 2079 ﬂagella
3589 2011 3870 2075 minantur,
3905 2012 4063 2064 timo-

2484 2108 2594 2145 rem
2615 2093 2875 2147 incutiunt
2895 2114 2906 2146 :
2926 2105 3112 2148 etcum
3127 2099 3357 2165 priorem
3373 2099 3451 2153 sic
3465 2109 3674 2154 atatem
3693 2103 4062 2170 transegerint,

2484 2191 2608 2234 tunc
2655 2181 2782 2248 ipsis
2811 2182 2863 2233 in
2896 2183 3078 2236 habtu
3104 2186 3243 2238 virili
3272 2189 3577 2241 constitutis
3601 2188 3851 2254 honores,
3877 2198 4066 2258 poten-

2485 2276 2684 2341 tiasque
2705 2273 3017 2336 etdclicias,
3049 2284 3104 2327 et
3133 2290 3322 2329 oruues
3346 2276 3557 2329 divitias
3582 2291 3708 2331 suas
3729 2279 3958 2331 tradunt.

2553 2362 2606 2415 5.
2649 2364 2736 2415 Sic
2777 2363 2918 2414 Deus
2956 2379 3168 2430 quoque
3198 2363 3343 2430 fecit,
3389 2381 3494 2418 non
3533 2366 3928 2434 plagiariorum,
3971 2369 4063 2420 sed

2486 2461 2689 2520 patrum
2720 2467 2870 2506 more
2885 2450 2987 2521 'qui
3013 2468 3196 2507 curam
3223 2463 3454 2524 gerunt:
3491 2458 3635 2524 prius
3679 2472 3765 2511 res
3807 2457 4062 2511 adversus

2485 2553 2538 2597 et
2567 2545 2742 2597 tristes
2770 2544 2988 2598 immisit
3016 2555 3281 2614 tamquam
3335 2547 3634 2617 paedagogis
3678 2557 3732 2602 et
3776 2561 4064 2617 pra-cepto-

2487 2631 2634 2684 ribus
2665 2634 2912 2700 praesenti
2938 2635 3153 2686 tradens
3179 2634 3528 2697 tribulationi,
3561 2652 3665 2704 quo
3689 2653 3781 2706 per
3812 2637 3924 2690 tunc
3948 2652 4065 2690 cor-

2483 2721 2614 2772 recti
2668 2729 2724 2774 et
2767 2721 3067 2786 moderati,
3116 2734 3398 2792 postquam
3447 2726 3776 2778 tolerantiam
3816 2742 4062 2792 omnem,

2481 2822 2798 2877 omnemque
2826 2810 3161 2879 disciplinam
3227 2813 3591 2877 didicerimus,
3633 2829 3757 2866 mox
3791 2815 3855 2868 ad
3899 2816 4066 2883 peric-

2484 2906 2620 2949 ctam
2649 2907 2860 2950 aetatem
2887 2899 3057 2964 ducti,
3086 2900 3336 2954 caelorum
3369 2917 3589 2970 regnum
3623 2904 3914 2958 hereditate
3937 2920 4066 2958 con-

2491 3001 2775 3054 sequamur
2804 3007 2818 3040 :
2850 2988 2939 3040 sed
2969 2989 3114 3056 prius
3138 2990 3361 3044 idoneos
3391 2993 3563 3045 reddit
3601 2994 3668 3046 ad
3697 2994 3922 3048 dandam
3953 2996 4067 3049 dis-

2483 3078 2844 3143 pensationem
2863 3078 3186 3144 divitiarum,
3208 3089 3262 3132 et
3287 3084 3624 3147 postmodum
3652 3085 3792 3150 ipsas
3811 3085 4066 3152 praebebit

2483 3165 2715 3218 divitias.
2747 3167 2858 3221 Nisi
2888 3168 3028 3221 enim
3060 3169 3160 3222 hoc
3190 3169 3426 3233 fecisset,
3481 3171 3785 3226 divitiarum
3828 3176 4066 3243 erogatio

2483 3268 2587 3308 non
2635 3257 2776 3308 douu
2801 3277 2829 3308 ιι
2859 3299 2874 3320 ,
2917 3259 3010 3311 sed
3060 3260 3190 3310 ultio
3237 3259 3423 3314 fuisset
3461 3270 3513 3314 et
3539 3277 3714 3329 poena.
3747 3264 3897 3317 Sicut
3924 3266 4062 3318 cuittt

2483 3360 2616 3412 puer
2640 3349 2892 3416 insipiens
2920 3359 2974 3401 et
3001 3351 3251 3418 prodigus
3289 3361 3560 3418 paternam
3591 3355 3891 3421 suscipiens
3915 3355 4067 3409 here-

2479 3435 2720 3500 ditatem,
2772 3436 2839 3490 ab
2883 3436 2982 3491 hac
3015 3441 3124 3506 ipsa
3167 3440 3546 3508 praecipitatur,
3568 3443 3904 3508 prudentiam
3957 3459 4062 3497 non

2481 3521 2678 3577 habens
2705 3527 3047 3593 pecuniarum
3072 3527 3454 3596 dispensationi
3481 3545 3692 3598 parem;
3716 3533 3760 3584 si
3789 3549 3914 3585 vero
3944 3549 4065 3600 pru-

2477 3614 2608 3668 dens
2627 3617 2716 3678 sit,
2739 3618 2956 3683 probus,
2981 3627 3305 3686 temperans,
3329 3629 3383 3674 ct
3403 3622 3674 3676 modestus
3697 3623 3746 3675 in
3765 3640 4061 3678 necessu-ia

2478 3705 2790 3772 dispensans
2821 3719 3038 3774 paterna
3072 3709 3232 3774 bona,
3265 3709 3598 3777 splendidior
3642 3713 3709 3764 ita
3762 3715 3818 3766 tit
3849 3723 3901 3766 et
3944 3715 4060 3768 illu-

2479 3797 2641 3850 strior
2672 3815 2685 3850 :
2712 3799 2787 3851 sic
2810 3809 2861 3852 et
2890 3798 2941 3852 in
2975 3799 3126 3855 nobis
3169 3809 3251 3854 est
3278 3817 3495 3855 necesse
3517 3805 3752 3857 evenire.
3776 3803 3908 3857 Cum
3947 3810 4052 3873 spi-

2479 3887 2718 3941 ritoalcm
2763 3889 3098 3956 prudentiam
3163 3893 3568 3960 acceperimus,
3621 3910 3744 3948 cum
3788 3897 3837 3948 iu
3891 3898 4056 3949 virum

2477 3984 2765 4050 perfectum
2791 3999 2999 4046 omnes,
3029 3985 3080 4038 in
3108 3987 3279 4039 mtzttis
3308 4001 3613 4040 mensuram
3638 3991 4056 4056 pervenerimus,

2477 4082 2603 4126 tunc
2650 4073 2804 4126 nobis
2841 4073 3002 4126 tradit
3054 4075 3234 4127 omnia
3290 4091 3408 4143 qua:
3462 4077 3728 4144 pollicitus
3757 4087 3838 4130 est
3868 4093 3884 4141 ;
3919 4095 4056 4131 mnu:

2473 4179 2601 4218 vero
2621 4175 2886 4233 tamquam
2921 4180 3116 4234 pueros
3143 4180 3336 4234 parvos
3362 4166 3518 4220 docet
3540 4182 3659 4219 cum
3690 4168 4056 4223 exhortatione

2475 4265 2526 4307 et
2547 4271 2688 4309 cous«
2713 4255 2929 4308 latione.
2957 4255 3067 4310 Nec
3096 4257 3199 4311 hoc
3218 4259 3390 4312 solum
3417 4267 3500 4311 est
3525 4257 3939 4312 emolumentum
3991 4276 4058 4313 ex

2475 4346 2763 4412 praunissis
2793 4347 3246 4413 tribulationibus,
3276 4365 3464 4404 verum
3492 4359 3546 4403 et
3567 4350 3707 4404 aliud
3733 4350 3824 4403 illo
3851 4365 3956 4404 non
3986 4353 4057 4403 iu-

2475 4433 2658 4488 lerius.
2674 4436 2773 4500 Qui
2793 4438 2934 4490 enim
2959 4439 3102 4506 prius
3115 4450 3234 4493 erat
3249 4441 3301 4494 in
3323 4441 3550 4504 deliciis,
3565 4457 3685 4494 mox
3708 4442 4056 4510 postdcliciu

2475 4526 2538 4579 ιιι·
2552 4527 2723 4580 ioaem
2738 4537 3076 4596 exspectans,
3090 4547 3260 4600 neque
3277 4533 3631 4600 pra'scutibus
3643 4533 3834 4588 fruitur
3849 4535 4051 4588 deliciis

2472 4629 2690 4687 propter
2718 4618 3010 4672 futurarum
3042 4621 3403 4675 molestiarum
3435 4626 3925 4691 exspectationem;
3961 4628 4052 4695 qui

2472 4724 2598 4762 vero
2629 4711 2776 4778 prius
2796 4719 2912 4762 erat
2938 4710 2989 4762 in
3020 4711 3279 4772 tristibus,
3308 4712 3501 4766 deinde
3528 4722 3647 4780 post
3668 4713 3782 4769 haec
3802 4717 4054 4770 suavibus

2473 4803 2750 4870 petiturus,
2765 4802 2928 4855 etiam
2952 4812 3242 4870 prazscntes
3257 4801 3593 4856 difﬁcultates
3612 4815 3826 4875 propter
3845 4805 4050 4860 futuro-

2471 4907 2589 4945 rum
2609 4906 2758 4960 spem
2787 4892 3046 4946 bonorum
3068 4891 3380 4946 contemnit.
3400 4893 3513 4947 Non
3538 4894 3696 4962 igitur
3725 4897 3903 4950 tutela:
3928 4906 4050 4948 tan-

2473 4993 2580 5038 tum
2604 4998 2764 5038 causa
2784 4992 2999 5048 nostrm,
3019 4997 3203 5037 verum
3219 4993 3270 5036 et
3288 4984 3572 5051 voluptatis
3587 4995 3640 5038 et
3662 4985 4049 5040 consolationis

2472 5075 2647 5143 priora
2669 5073 2852 5128 statuit
2877 5089 2996 5127 esse
3014 5075 3233 5128 molesta
3253 5115 3267 5138 ,
3297 5085 3354 5128 ut
3379 5073 3677 5129 futurorum
3704 5090 3797 5142 spe
3826 5076 4050 5130 relevati

2471 5165 2674 5219 nullum
2707 5166 3051 5233 pru'sentium
3079 5165 3350 5233 capiamus
3375 5181 3612 5219 sensum.
3647 5165 3714 5218 Et
3740 5165 3842 5218 hoc
3875 5166 4048 5234 ipsum

2474 5257 2668 5310 Paulus
2697 5255 2997 5324 signiﬁcans
3019 5255 3230 5310 dicebat
3261 5273 3275 5308 :
3303 5254 3658 5309 Momentanea
3694 5256 3867 5310 levitas
3891 5257 4051 5310 tribu-

2469 5347 2672 5400 latiouis
2714 5355 2898 5400 nostra:
2939 5364 3095 5414 supra
3124 5347 3329 5399 modum
3377 5346 3432 5398 in
3474 5345 3778 5399 sublimitate
3805 5356 4050 5400 teternum

2467 5438 2666 5506 pondus
2695 5438 2874 5506 gloria:
2909 5437 3051 5491 nobis
3080 5447 3342 5505 operatur,
3370 5452 3470 5489 non
3497 5437 3933 5492 considerantibus
3950 5452 4044 5488 no-

2465 5529 2539 5581 bis
2559 5543 2671 5598 qute
2696 5529 2946 5593 videntur,
2971 5530 3059 5583 sed
3080 5543 3194 5598 qua:
3221 5543 3323 5580 non
3349 5527 3583 5582 videntur
3611 5528 3703 5599 (2.
3729 5528 3847 5582 Cor.
3870 5526 3926 5580 4.
3960 5527 4045 5579 l7.

2468 5620 2532 5674 18
2566 5622 2604 5687 ).
2629 5620 2823 5674 Levcm
2878 5620 3162 5689 appellavit
3211 5618 3605 5674 tribulationem
3627 5660 3643 5686 ,
3691 5634 3798 5672 non
3832 5627 4048 5685 propter

2468 5713 2733 5782 propriam
2776 5713 3020 5782 graxium
3071 5719 3336 5772 naturam,
3368 5711 3463 5764 sed
3497 5721 3716 5782 propter
3742 5710 4042 5770 futurorum

2467 5806 2917 5874 exspectationem
2967 5803 3247 5858 bonorum.
3281 5801 3429 5858 Sicut
3462 5805 3605 5858 enim
3644 5817 3908 5863 mercator
3933 5826 4042 5868 non
