4414 6698
431 494 532 547 169

427 610 584 662 sentit
613 607 957 678 navigatitmis
999 613 1254 673 laborem,
1287 610 1559 662 lucrorum
1591 621 1684 676 spe
1704 607 1966 660 relevatus

427 710 480 753 et
509 702 645 770 pugil
672 718 930 771 generose
956 707 1055 758 fert
1080 703 1268 770 capitis
1289 701 1527 762 vulnera,
1559 713 1806 752 Coronam
1828 703 1990 770 respi-

429 794 608 848 ciens:
639 796 706 848 ita
731 797 966 865 profecto
997 809 1096 847 nos
1121 804 1330 860 quoque
1374 788 1423 842 in
1454 789 1642 842 carlum
1666 800 1720 843 ct
1757 792 1986 846 cwlestia

428 887 762 944 intendentes
789 892 945 950 bona,
979 899 1327 953 quaecumque
1354 883 1649 937 inferantur
1677 887 1871 954 gravia,
1901 903 1992 958 ge-

425 993 611 1034 nerose
637 989 823 1034 cuncta
842 980 1090 1037 feremus,
1122 975 1259 1028 bona
1285 973 1579 1027 futurorum
1607 989 1700 1044 spe
1735 977 1987 1031 roborati.

426 1068 537 1124 Hac
564 1072 735 1139 itaque
759 1075 974 1134 accepta
1000 1065 1264 1117 sententia
1290 1065 1543 1119 abeamus
1568 1070 1835 1136 :quamvis
1852 1086 1993 1122 nam-

425 1175 528 1227 que
557 1161 785 1226 simplex
816 1165 868 1209 et
892 1154 1068 1207 brevis
1097 1154 1202 1218 sit,
1234 1155 1451 1207 multam
1479 1163 1652 1212 tamen
1679 1159 1834 1212 habet
1877 1159 1992 1228 phi-

425 1248 679 1315 IoSOphia:
719 1243 1038 1298 doctrinam.
1094 1243 1193 1308 Qui
1239 1243 1292 1296 in
1325 1244 1507 1299 dolore
1551 1257 1603 1301 et
1655 1250 1991 1302 tribulatione

424 1347 524 1396 est,
547 1336 791 1388 idoneam
822 1331 982 1385 habet
1008 1332 1424 1386 consolationem
1450 1374 1463 1399 ,
1498 1337 1584 1405 qui
1629 1338 1681 1390 in
1708 1337 1910 1392 deliciis
1937 1345 1993 1391 et

426 1424 651 1484 luxuria,
684 1436 926 1488 magnam
968 1421 1349 1476 moderationis
1385 1425 1829 1479 exhortationem.
1857 1426 1988 1480 Cum

420 1513 562 1564 enim
588 1510 653 1562 ad
685 1525 921 1562 mensam
948 1511 1318 1577 discumbens,
1349 1516 1784 1582 sententimhujus
1807 1515 1992 1569 memi-

423 1602 564 1654 neris
591 1641 606 1664 ,
653 1602 829 1654 statim
877 1604 944 1656 ab
971 1603 1228 1657 ebrietate
1265 1608 1581 1675 crapulaque
1629 1609 1833 1660 resilies
1863 1649 1876 1669 ,
1908 1607 1989 1661 di-

422 1706 578 1744 scens
607 1706 670 1744 ex
702 1691 799 1743 hac
832 1693 1118 1754 sententia,
1142 1694 1280 1762 quod
1318 1697 1500 1748 anxios
1536 1711 1632 1749 nos
1655 1712 1773 1750 esse
1791 1712 1986 1751 conve-

427 1779 559 1839 niat,
588 1792 640 1832 et
670 1781 805 1832 intra
835 1781 1059 1849 teipsum
1089 1782 1234 1837 dices
1283 1802 1296 1836 :
1347 1785 1538 1838 Paulus
1588 1787 1638 1840 in
1687 1787 1910 1840 vinculis
1937 1795 1990 1839 ct

423 1873 726 1924 carceribus
749 1913 764 1934 ,
797 1888 895 1940 ego
923 1889 1048 1926 vero
1070 1874 1120 1927 in
1149 1876 1402 1931 ebrietate
1429 1888 1481 1932 et
1528 1878 1666 1930 lauta
1693 1892 1874 1932 mensa
1900 1894 1912 1929 :
1938 1886 1992 1929 et

422 1978 576 2030 quam
607 1977 860 2030 assequar
892 1965 1130 2018 veniam?
1156 1966 1267 2020 Hoc
1290 1978 1343 2021 et
1371 1969 1421 2020 in
1465 1968 1776 2022 mulieribus
1798 1982 1992 2035 Oppor-

423 2060 609 2104 tunum
661 2051 881 2104 dictum.
929 2054 1233 2109 Ambitiosa:
1276 2058 1416 2111 enim
1460 2067 1514 2112 et
1555 2066 1902 2123 sumptuosae,
1938 2062 1991 2107 et

420 2159 551 2197 auro
579 2144 811 2213 undique
839 2159 896 2198 sc
922 2146 1346 2216 circumligantes
1375 2157 1577 2202 catena:
1627 2147 1785 2214 hujus
1824 2145 1986 2198 remi-

421 2235 686 2287 niscentes
703 2235 823 2288 odio
849 2235 1130 2302 habebunt,
1157 2249 1211 2291 ut
1231 2239 1499 2304 existimo,
1524 2248 1576 2292 et
1602 2235 1990 2289 abominabuu-

422 2337 508 2380 tur
557 2337 801 2381 ornatum
851 2329 1016 2393 illum,
1071 2340 1123 2384 et
1153 2332 1219 2385 ad
1249 2333 1361 2385 hmc
1390 2330 1599 2383 vincula
1629 2339 1866 2382 current.
1901 2329 1990 2382 Illa

420 2430 645 2483 namque
684 2429 993 2471 ornamenta
1042 2420 1336 2472 multorum
1369 2433 1543 2471 causm
1573 2417 1835 2474 malorum
1879 2418 1991 2472 fne-

424 2517 566 2570 runt,
596 2516 649 2560 et
675 2509 946 2562 innumera
980 2511 1113 2563 bella
1141 2511 1278 2563 intra
1299 2511 1512 2563 domum
1544 2518 1922 2565 contraxerunt
1949 2513 1988 2575 ¹,

420 2606 476 2650 et
505 2597 699 2651 livores
730 2611 1047 2668 pepererunt
1076 2611 1127 2652 ct
1157 2601 1378 2653 invidias
1399 2609 1451 2652 et
1477 2599 1654 2652 odium
1683 2615 1697 2665 ;
1728 2600 1842 2656 hzec
1864 2618 1990 2656 vero

423 2699 638 2755 peccata
667 2689 849 2743 tnundi
875 2690 1168 2754 solverunt,
1201 2699 1253 2743 et
1283 2696 1588 2743 terruerunt
1615 2688 1907 2754 daemonas.
1937 2702 1990 2747 et

419 2777 685 2830 diabolum
745 2780 1074 2847 fugaverunt.
1118 2780 1248 2832 Dum
1299 2779 1379 2830 his
1425 2779 1474 2831 in
1533 2793 1746 2835 carcere
1794 2781 1991 2850 degens

419 2867 620 2919 Custodi
651 2870 930 2936 persuasit,
976 2883 1095 2920 cum
1138 2867 1221 2920 his
1253 2869 1538 2936 Agrippam
1584 2874 1821 2936 attraxit,
1870 2887 1988 2925 cum

421 2958 502 3009 his
545 2957 740 3010 multos
791 2959 986 3012 Paulus
1029 2957 1318 3026 discipulos
1364 2959 1664 3027 acquisivit,
1713 2970 1992 3030 propterea

428 3044 638 3097 dicebat
659 3062 671 3096 :
693 3043 756 3097 In
774 3063 873 3114 quo
887 3046 1020 3098 male
1037 3047 1211 3113 patior
1231 3063 1391 3114 usque
1407 3063 1471 3098 aa
1491 3048 1716 3110 vincula,
1740 3061 1990 3114 tanquam

429 3137 760 3203 malefactor,
788 3137 876 3189 sed
896 3135 988 3189 Dei
1014 3137 1222 3190 verbum
1258 3154 1357 3190 non
1386 3148 1461 3190 est
1485 3140 1710 3190 vinctum
1741 3139 1816 3208 (ἓ.
1850 3139 1987 3192 Tim.

429 3226 488 3290 2,
510 3229 582 3286 9ft.
631 3226 781 3278 Sicut
812 3227 955 3279 enim
995 3229 1203 3280 radium
1233 3228 1432 3282 vincire
1465 3229 1718 3296 possibile
1752 3245 1859 3283 non
1887 3239 1990 3295 est,

433 3334 530 3371 nec
559 3319 701 3370 domi
735 3320 1059 3374 concludere
1091 3339 1103 3373 :
1134 3321 1212 3375 sic
1245 3334 1419 3388 neque
1445 3321 1842 3388 praedicationis
1871 3336 1993 3374 ver-

432 3409 578 3462 bum.
609 3409 671 3463 Et
690 3411 833 3479 quod
857 3411 1024 3465 multo
1047 3412 1276 3479 amplius
1289 3422 1392 3474 est,
1417 3413 1604 3466 doctor
1624 3413 1840 3467 vinctus
1856 3423 1992 3474 erat,

429 3511 484 3551 et
509 3501 732 3554 verbum
766 3503 981 3555 volabat
1015 3520 1026 3554 :
1061 3503 1147 3555 ille
1176 3517 1446 3557 carcerem
1480 3504 1791 3568 habitabat;
1821 3516 1874 3559 et
1902 3508 1997 3559 do-

429 3593 602 3645 ctrina
633 3594 772 3647 alala
805 3595 1005 3662 passim
1039 3595 1092 3646 in
1128 3594 1258 3648 orbe
1290 3603 1555 3647 terrarum
1584 3597 1850 3649 currebat.

500 3681 552 3734 6.
583 3681 804 3735 Moralis
821 3685 1115 3736 exhortatio
1132 3685 1199 3734 ad
1217 3685 1654 3739 emendationem.
1672 3717 1743 3726 —
1763 3685 1883 3739 Haec
1907 3688 1998 3757 igi-

429 3783 519 3828 tur
547 3775 802 3838 scicntes,
825 3790 892 3828 ne
913 3776 1331 3830 succumbamus
1353 3778 1406 3830 in
1436 3779 1596 3833 rebus
1618 3779 1878 3842 adversis,
1905 3781 1996 3834 sed

430 3864 611 3931 potius
647 3872 777 3917 tunc
820 3865 1150 3933 potentiores
1179 3864 1498 3931 efficiamur,
1527 3874 1657 3921 tunc
1699 3867 1951 3922 fortiores
1984 3887 1998 3922 :

433 3955 732 4008 Tribulatio
755 3957 890 4008 enim
922 3957 1231 4024 patientiam
1255 3965 1503 4024 operatur
1528 3957 1702 4027 (Rom.
1731 3959 1782 4014 5.
1817 3957 1893 4027 ὃ).
1925 3957 2001 4012 Ne

428 4045 711 4098 doleamus
750 4047 802 4099 in
843 4047 1244 4100 calamitatibus
1285 4063 1405 4116 quae
1439 4047 1778 4112 inferuntur,
1819 4050 1911 4104 sed
1945 4051 1999 4104 in

426 4136 684 4188 omnibus
703 4134 812 4190 Deo
832 4137 1030 4205 gratias
1051 4151 1294 4206 agamus.
1315 4135 1819 4208 Seeundamjejunii
1838 4141 2001 4209 septi-

428 4242 644 4280 manam
660 4226 1054 4296 expedivimus,
1074 4227 1166 4280 sed
1187 4241 1290 4278 non
1312 4227 1412 4279 hoc
1429 4228 1870 4282 consideremus:
1893 4245 1996 4283 non

425 4317 572 4369 enim
593 4316 694 4369 hoc
715 4325 796 4370 est
813 4315 1150 4384 expedivisse
1165 4314 1457 4383 jejunium,
1478 4315 1524 4370 si
1544 4322 1758 4386 tempus
1779 4329 1996 4386 prteter-

428 4408 675 4474 ierimus,
708 4408 799 4462 sed
825 4408 871 4461 si
898 4407 1319 4475 transegerimus
1349 4422 1470 4460 cum
1503 4418 1646 4463 recte
1673 4409 1848 4464 factis.
1883 4409 1996 4464 Hoc

425 4497 710 4553 nobiscum
747 4507 1075 4565 reputemus,
1105 4498 1146 4550 si
1176 4499 1531 4553 studiosiores
1561 4499 1683 4554 facti
1713 4517 1924 4562 sumus,
1945 4501 1991 4554 si

425 4591 687 4646 defectum
731 4591 957 4660 aliquem
1005 4597 1242 4642 nostrum
1284 4589 1634 4652 correximus,
1669 4590 1710 4644 si
1739 4590 1999 4642 abluimus

425 4683 665 4735 crimina.
699 4679 1142 4734 Consuetudinem
1162 4692 1349 4731 omnes
1376 4677 1572 4733 habent
1602 4695 1694 4749 per
1720 4678 1980 4749 quadrage

425 4774 615 4827 simam
641 4769 1016 4841 interrogandi,
1040 4778 1165 4838 quot
1185 4770 1407 4838 quisque
1429 4771 1750 4838 septimanas
1774 4769 1998 4839 quadra-

425 4862 642 4929 gesima:
667 4862 923 4928 jejunavit
956 4877 969 4912 :
998 4868 1051 4912 et
1087 4857 1323 4912 dicentes
1361 4860 1544 4914 audire
1587 4861 1725 4924 licet,
1760 4859 1854 4912 hos
1882 4859 1997 4926 qui-

425 4952 548 5002 dem
575 4950 711 5018 quod
739 4950 890 5010 duas,
925 4947 1021 5000 hos
1047 4962 1172 5000 vero
1194 4948 1332 5017 quod
1360 4959 1488 5014 tres,
1519 4951 1634 5004 illos
1659 4962 1833 5004 autem
1855 4949 1996 5017 quod

427 5053 613 5090 omnes
647 5037 999 5105 jejunaveriut
1035 5035 1376 5102 septimanas.
1428 5039 1494 5092 Et
1523 5040 1664 5109 quod
1697 5042 1920 5104 lucrum,
1952 5040 1996 5093 si

427 5136 573 5180 recte
601 5125 747 5178 factis
765 5135 1027 5188 carentes,
1047 5125 1304 5194 jejunium
1328 5133 1767 5199 trausegerimus?
1793 5131 1848 5185 Si
1865 5131 1998 5184 alius

427 5217 589 5279 dicat,
622 5216 807 5269 Totam
836 5216 1066 5284 jejunavi
1089 5217 1574 5288 Quadragesimam,
1609 5233 1660 5276 tu
1687 5224 1790 5289 dic,
1827 5223 2003 5276 Inimi-

425 5325 548 5364 cum
594 5307 872 5368 habebam,
906 5317 958 5361 et
996 5310 1306 5363 conciliatus
1343 5327 1458 5365 sum
1491 5331 1503 5366 :
1538 5314 1793 5369 habebam
1826 5315 2001 5369 detra-

427 5400 589 5454 hendi
613 5397 1066 5460 consuetudinem,
1089 5409 1142 5452 et
1168 5401 1340 5455 destiti
1367 5421 1379 5455 :
1402 5403 1610 5472 jurandi
1636 5405 1854 5460 tenebar
1878 5419 1995 5471 usu,

425 5499 482 5543 et
507 5505 622 5544 mos
647 5487 914 5560 improbus
945 5489 1070 5540 mihi
1102 5504 1376 5548 correctus
1405 5503 1505 5549 est.
1555 5495 1704 5550 Nulla
1737 5505 1998 5550 mercato-

425 5584 575 5636 ribus
599 5582 818 5642 utilitas,
842 5579 884 5631 si
915 5594 1157 5647 magnam
1185 5585 1345 5638 maris
1372 5585 1754 5655 longitudinem
1783 5601 1999 5654 percur-

425 5663 738 5738 rerint,'sed
765 5671 808 5726 si
834 5685 954 5725 cum
983 5686 1156 5724 rerum
1185 5676 1334 5742 copia
1373 5687 1426 5730 et
1467 5679 1630 5731 multo
1654 5680 2000 5733 mercimoiiio

426 5765 793 5833 navigaverint
824 5780 836 5814 :
867 5760 1007 5816 nulla
1051 5761 1236 5828 jejuuii
1291 5767 1441 5820 nobis
1490 5769 1706 5834 utilitas,
1745 5769 1787 5822 si
1831 5767 1998 5823 infru-

494 5858 508 5885 ι
549 5855 647 5910 alii,
666 5853 716 5904 in
740 5860 933 5903 dmum
953 5851 1267 5902 induxerunt.

734 5940 998 5996 PHROL.
1048 5939 1160 5996 Gn.
1211 5943 1258 5998 Χ
1276 5940 1430 6002 LIX.

1345 499 1434 553 Λῐ)
1464 496 1781 552 POPULUM
1822 495 2302 554 ANTIOCIIENIIM
2348 499 2573 554 HOMIL.
2627 500 2758 556 XVI.

3577 505 3674 558 170

2100 620 2282 664 ctuose
2305 611 2475 678 ipsum
2505 619 2710 678 tempus
2730 623 2780 666 et
2807 620 3004 666 temere
3032 621 3428 682 prmtereamus.
3453 613 3507 669 Si
3530 619 3644 670 cibo

2099 715 2215 752 rum
2240 699 2502 762 jejunium
2525 699 2842 766 jejunemus,
2879 702 3156 769 prreteritis
3187 702 3531 771 quadraginta
3558 706 3670 760 die-

2097 790 2195 842 bus
2226 799 2460 855 praeterit
2491 789 2852 856 etjejunium;
2893 793 2936 844 si
2971 807 3100 846 vero
3137 793 3373 862 peccatis
3413 793 3676 847 abstinea-

2099 895 2218 933 mus
2240 921 2253 944 ,
2285 889 2338 932 et
2373 888 2638 932 transacto
2664 881 2868 948 jejunio
2897 883 3021 936 illud
3056 893 3311 948 remanet,
3345 893 3399 938 et
3425 885 3677 938 continua

2097 969 2199 1023 erit
2240 968 2361 1021 hinc
2405 969 2557 1022 nobis
2598 970 2819 1034 utilitas,
2847 980 3001 1038 atque
3027 982 3147 1026 ante
3173 988 3389 1042 regnum
3416 975 3672 1027 caelorum

2098 1075 2203 1112 non
2231 1073 2417 1127 parvas
2444 1058 2596 1112 nobis
2623 1060 2706 1113 hic
2729 1059 2910 1113 reddet
2935 1061 3325 1116 retributiones.
3360 1064 3508 1117 Sicut
3528 1064 3671 1117 enim

2098 1151 2187 1219 qui
2216 1151 2265 1202 in
2299 1151 2530 1219 nequitia
2555 1150 2701 1214 vivit,
2731 1159 2784 1203 et
2812 1159 2932 1204 ante
2956 1150 3251 1219 gehennam
3279 1155 3510 1220 punitur,
3540 1170 3672 1208 Cun-

2096 1241 2317 1296 scientia
2347 1242 2647 1296 stimulatus
2678 1259 2690 1295 :
2730 1241 2806 1294 sic
2835 1241 2922 1310 qui
2953 1242 3156 1296 meritis
3193 1242 3425 1297 abundat
3465 1256 3518 1299 et
3551 1257 3673 1300 ante

2097 1350 2316 1403 regnum
2359 1351 2546 1404 magna
2578 1335 2782 1389 fruetur
2807 1334 3019 1396 laetitia,
3050 1350 3108 1388 se
3137 1334 3274 1388 bona
3309 1349 3402 1403 spe
3429 1351 3670 1403 pascens.

2097 1424 2295 1478 idcirco
2321 1423 2563 1478 Christus
2593 1425 2762 1494 inquit
2791 1443 2804 1478 ε
2836 1424 2863 1476 Ι
2873 1434 3033 1476 terum
3062 1424 3232 1476 videbo
3262 1440 3367 1487 vos,
3403 1433 3448 1477 et
3485 1427 3676 1491 gaude-

2095 1515 2228 1580 bitis,
2261 1525 2308 1567 et
2333 1517 2569 1583 gaudium
2597 1525 2809 1569 vestrum
2839 1530 2981 1568 nemo
3003 1515 3139 1567 tollet
3169 1531 3200 1566 a
3224 1514 3357 1567 vobis
3388 1513 3562 1584 (Joan.
3585 1515 3672 1568 16.

2093 1607 2206 1678 22).
2242 1607 2408 1659 Breve
2436 1605 2674 1671 verbum,
2694 1607 2785 1659 sed
2809 1607 3028 1660 multam
3050 1605 3209 1660 habet
3233 1605 3672 1660 consolationem.

2095 1696 2356 1762 Quidnam
2403 1694 2616 1747 laudent
2656 1704 2771 1759 est,
2806 1695 2968 1747 Nemo
2995 1695 3230 1764 gaudium
3260 1706 3474 1748 vestrum
3501 1695 3674 1748 tollet!

2098 1784 2358 1837 Pecunias
2385 1783 2428 1835 si
2459 1783 2671 1848 habeas,
2711 1784 2860 1836 multi
2900 1792 3043 1835 tuum
3080 1799 3144 1836 ex
3189 1785 3386 1837 divitiis
3421 1785 3670 1853 gaudium

2095 1872 2306 1926 auferre
2331 1883 2571 1940 possunt,
2602 1884 2654 1927 et
2681 1873 2763 1926 fur
2784 1873 3034 1941 parietem
3063 1872 3379 1940 perfodiens,
3405 1883 3457 1926 et
3474 1873 3673 1926 credita

2096 1961 2396 2029 subripiens
2421 1977 2627 2025 servus,
2658 1971 2710 2016 et
2733 1961 3027 2030 Imperator
3047 1963 3096 2015 in
3121 1961 3305 2015 fiscum
3333 1962 3596 2030 redigens,
3622 1971 3676 2016 et

2098 2052 2303 2106 invidus
2329 2052 2487 2107 homo
2512 2055 2860 2107 calumnians.
2887 2055 2940 2109 Si
2972 2055 3259 2122 potentiam
3283 2053 3500 2117 habeas,
3525 2054 3675 2106 multi

2100 2151 2320 2209 possunt
2340 2152 2487 2196 tuum
2508 2158 2573 2196 ex
2600 2143 2699 2197 hoc
2717 2144 2966 2212 gaudium
2988 2145 3191 2198 tollere.
3216 2146 3344 2199 Cum
3367 2147 3506 2200 enim
3532 2146 3678 2214 prin-

2096 2233 2300 2300 cipatus
2346 2233 2569 2296 ﬁnierit,
2605 2233 2845 2300 voluptas
2889 2249 3096 2300 quoque
3138 2234 3281 2287 finiet
3312 2251 3325 2286 :
3354 2237 3478 2303 quin
3521 2244 3576 2289 et
3622 2237 3672 2287 iu

2099 2323 2211 2390 ipso
2253 2324 2549 2392 principatu
2599 2323 2778 2376 multae
2826 2338 2912 2377 res
2959 2323 3294 2389 accidentes,
3338 2324 3676 2377 difficultates

2098 2413 2354 2468 habentes
2379 2423 2430 2466 et
2456 2428 2641 2478 curas,
2670 2413 2904 2466 laztitiam
2938 2421 3076 2465 tuam
3109 2413 3424 2467 diminuunt.
3474 2415 3526 2468 Si
3557 2429 3676 2468 cor:

2099 2506 2241 2572 poris
2288 2505 2448 2558 robur
2497 2505 2711 2568 habeas,
2755 2505 2970 2557 morbus
3016 2505 3396 2573 superveniens
3437 2505 3676 2559 dissolvit

2097 2596 2216 2649 inde
2244 2604 2409 2648 ortam
2440 2596 2676 2648 laetitiam
2702 2596 2778 2648 :si
2805 2595 3243 2662 pulchritudinem
3266 2596 3459 2650 habeas
3479 2607 3531 2649 et
3552 2613 3672 2665 spe-

2095 2688 2264 2752 ciem,
2306 2699 2554 2741 senectus
2595 2690 2976 2756 superveniens
3021 2689 3284 2751 tabefecit,
3335 2699 3386 2743 et
3428 2689 3674 2758 gaudium

2096 2779 2350 2832 abstulit:
2381 2780 2423 2832 si
2465 2795 2646 2833 mensa
2692 2779 2882 2834 fruaris
2920 2782 3057 2834 lauta
3081 2823 3096 2847 ,
3125 2797 3344 2849 vespere
3385 2793 3676 2852 occupaute

2096 2870 2270 2924 soluta
2289 2879 2371 2924 est
2389 2871 2612 2924 convivii
2637 2872 2834 2925 lmtitia.
2863 2872 3057 2926 Rerum
3081 2875 3220 2928 enim
3249 2875 3498 2943 quaelibet
3525 2892 3678 2928 mun-

2096 2958 2355 3013 danarum
2396 2959 2628 3014 infestari
2671 2959 2823 3014 facile
2866 2971 3061 3030 potest,
3096 2978 3192 3017 nec
3233 2965 3472 3018 stabilem
3522 2965 3677 3019 nobis

2097 3049 2422 3117 voluptatem
2443 3049 2612 3114 aﬂert,
2636 3051 2801 3118 pietas
2825 3060 2998 3104 autem
3023 3061 3074 3106 et
3094 3053 3254 3105 animi
3279 3054 3443 3108 virtus
3471 3065 3676 3108 contra.

2099 3138 2501 3210 Eleemosynam
2533 3141 2575 3194 si
2607 3139 2824 3206 feceris,
2860 3144 3104 3196 meritum
3132 3143 3341 3197 auferre
3369 3154 3544 3213 potest
3578 3161 3678 3198 ne-

2101 3244 2188 3282 mo
2222 3246 2236 3281 :
2268 3229 2377 3283 sive
2401 3230 2686 3295 exercitus,
2706 3231 2818 3285 sive
2847 3247 3019 3300 reges,
3043 3233 3154 3286 sive
3177 3233 3362 3286 infiniti
3390 3234 3680 3288 calumnia-

2102 3328 2245 3372 tores
2266 3330 2318 3373 et
2348 3320 2677 3374 insidiatores
2711 3322 2903 3374 instent
2926 3322 3175 3391 undique,
3204 3323 3253 3375 in
3291 3323 3435 3376 cmlis
3468 3327 3678 3393 reposi-

2102 3419 2207 3462 tam
2242 3411 2630 3478 possessionem
2658 3410 2866 3466 auferre
2905 3428 3009 3466 non
3049 3423 3287 3480 possunt,
3321 3414 3414 3468 sed
3446 3430 3678 3482 perenne

2102 3511 2374 3566 permanet
2400 3500 2667 3568 gaudium.
2713 3499 2958 3569 Dispersit
2984 3503 3146 3562 enim,
3176 3503 3362 3570 inquit,
3385 3504 3520 3555 dedit
3548 3523 3677 3574 pau-

2104 3588 2322 3656 peribus,
2350 3590 2542 3654 justitia
2567 3591 2677 3659 ejus
2705 3599 2866 3642 manet
2895 3591 2947 3642 in
2976 3592 3216 3643 sa'cntum
3246 3591 3417 3662 (Paul.
3448 3594 3569 3647 HI.
3599 3595 3674 3663 9).

2103 3677 2213 3731 Nec
2253 3679 2516 3732 immerito
2549 3697 2561 3731 :
2597 3680 2646 3732 in
2687 3679 2939 3733 caelorum
2987 3681 3126 3733 enim
3179 3683 3408 3736 cellariis
3451 3686 3678 3752 reposita

2102 3776 2256 3829 Sunt,
2283 3768 2367 3818 ttbi
2403 3768 2483 3819 fur
2513 3783 2616 3820 non
2647 3769 2893 3836 perfodit,
2929 3770 3064 3824 latro
3091 3785 3193 3823 non
3224 3773 3376 3834 tollit,
3409 3774 3546 3828 tinea
3575 3791 3678 3828 non

2104 3859 2366 3909 Consumit
2393 3857 2603 3921 (Matth.
2634 3859 2684 3911 6.
2715 3859 2831 3928 20).
2879 3861 2930 3912 Si
2966 3875 3150 3927 preces
3177 3861 3374 3916 fuderis
3401 3866 3683 3920 continuas

2103 3958 2154 4002 et
2184 3950 2430 4011 intentas,
2454 3963 2638 4002 carum
2671 3951 2896 4002 fructum
2921 3949 3131 4004 auferre
3159 3952 3349 4020 poterit
3377 3969 3533 4008 nemo
3557 3971 3573 4007 :
3597 3955 3681 4007 hic

2103 4040 2296 4093 etenim
2319 4039 2520 4092 fructus
2544 4041 2594 4092 in
2617 4040 2750 4093 ezelo
2771 4040 3036 4095 radicatus
3056 4051 3158 4107 est,
3172 4042 3238 4096 ab
3257 4044 3398 4096 omni
3419 4044 3681 4099 calumnia

2104 4131 2259 4195 liber,
2285 4142 2340 4184 et
2372 4147 2688 4198 permanens
2731 4133 3171 4202 inexpugnabilis.
3218 4133 3274 4188 Si
3315 4135 3451 4190 male
3499 4151 3684 4204 passus

2104 4223 2458 4290 benefeceris,
2493 4224 2536 4277 si
2564 4223 2859 4278 maledictis
2888 4225 3162 4280 lacessitus
3191 4227 3449 4294 patienter
3475 4229 3679 4293 tuleris,

2102 4313 2146 4366 si
2173 4313 2427 4367 conviciis
2465 4315 2683 4368 atl‘ectus
2726 4315 3059 4369 benedixeris
3089 4333 3102 4368 :
3136 4315 3250 4371 hare
3275 4319 3462 4372 merita
3489 4333 3680 4388 perpe-

2104 4414 2193 4458 tuo
2223 4415 2473 4472 manent,
2506 4415 2560 4460 et
2587 4417 2756 4460 ortam
2790 4422 2854 4461 ex
2881 4407 2962 4462 his
2994 4409 3229 4463 laetitiam
3256 4408 3461 4465 auferet
3487 4426 3646 4466 nemo
3670 4455 3682 4474 ,

2103 4495 2196 4548 sed
2219 4496 2654 4563 quotiescumque
2685 4495 2916 4563 ipsorum
2943 4498 3253 4551 recordatus
3278 4498 3461 4561 fueris,
3484 4501 3685 4569 gaudes

2104 4595 2156 4637 et
2186 4586 2382 4638 Letaris
2411 4595 2462 4637 et
2488 4585 2650 4639 multa
2683 4585 2875 4640 frueris
2903 4589 3186 4656 voluptate.
3237 4589 3326 4644 Sic
3372 4593 3606 4660 profecto
3636 4603 3683 4646 et

2107 4677 2285 4742 fugere
2326 4676 2688 4744 juratneutum
2732 4678 2774 4730 si
2821 4679 3230 4746 pra-valeamus,
3264 4691 3318 4733 et
3345 4682 3412 4735 ab
3438 4681 3534 4736 hac
3559 4697 3660 4736 con

2106 4766 2383 4819 suetudine
2413 4767 2709 4834 perniciosa
2737 4769 3004 4823 abstinere
3035 4769 3224 4839 lingua'
3253 4782 3448 4826 nostra:
3469 4773 3686 4827 studea.

2107 4870 2224 4907 mus
2248 4896 2264 4920 ,
2306 4856 2478 4909 meriti
2510 4857 2721 4925 quidem
2774 4858 2922 4911 labor
2962 4858 3106 4912 brevi
3149 4861 3468 4924 absolvetnr,
3505 4862 3686 4915 lu'titia

2111 4962 2238 5001 vero
2265 4947 2438 5000 meriti
2467 4947 2666 5015 jugiter
2691 4949 2792 5001 erit
2817 4958 2871 5001 et
2897 4947 3270 5001 indesinenter.
3303 4949 3562 5002 Cancrum
3594 4967 3690 5002 vos

2108 5045 2161 5090 et
2188 5037 2412 5089 aliorum
2445 5047 2798 5106 praeceptores
2819 5051 2938 5090 esse
2965 5047 3173 5105 oportet
3192 5048 3246 5091 et
3266 5038 3448 5103 duces,
3478 5049 3532 5092 et
3557 5041 3693 5092 ami-

2107 5139 2200 5178 cos
2221 5127 2467 5195 proximi,
2489 5142 2671 5181 servos
2691 5135 2865 5180 autem
2887 5129 3148 5190 conservi,
3174 5136 3228 5181 et
3239 5129 3461 5195 juvenes
3477 5145 3686 5183 catevos

2107 5217 2397 5284 suscipere,
2418 5217 2692 5270 instituere
2716 5226 2769 5270 et
2796 5216 3044 5270 inducere
3065 5217 3277 5271 debent.
3305 5218 3489 5271 Nonne
3507 5219 3549 5271 si
3571 5221 3691 5289 quis

2109 5308 2202 5360 tibi
2236 5325 2454 5362 aureum
2500 5323 2661 5361 unum
2704 5323 2800 5376 pro
2843 5309 3064 5379 singulis
3104 5311 3402 5363 hominibus
3431 5315 3689 5367 correctis

2110 5399 2463 5466 promisisset,
2505 5414 2663 5453 omne
2705 5399 2934 5452 studium
2977 5399 3330 5463 adhibuisses,
3362 5409 3416 5454 et
3443 5403 3688 5456 assiduus

2114 5488 2412 5543 adstitisses
2444 5489 2768 5558 persuadens
2810 5500 2862 5543 et
2895 5489 3218 5543 exhortans?
3261 5490 3410 5544 Nunc
3432 5507 3558 5544 vero
3581 5509 3686 5546 non

2109 5595 2329 5633 aureum
2360 5597 2542 5646 unum,
2575 5597 2745 5649 neque
2780 5581 2989 5642 decem,
3021 5597 3191 5650 neque
3219 5583 3424 5651 viginti,
3455 5583 3534 5637 vel
3564 5599 3685 5638 cen-

2114 5680 2246 5733 tum,
2276 5670 2358 5723 vel
2383 5671 2545 5734 mille,
2573 5687 2745 5739 neque
2775 5681 2935 5724 totam
2967 5671 3105 5727 Deus
3133 5683 3324 5726 terram
3350 5673 3440 5726 tibi
3471 5673 3686 5742 pollice-

2113 5769 2199 5815 tur
2230 5761 2280 5814 in
2309 5762 2500 5814 horum
2531 5761 2771 5814 laborum
2802 5762 3207 5818 retributionem
3233 5804 3248 5828 ,
3279 5763 3371 5818 sed
3398 5764 3536 5832 quod
3563 5763 3693 5816 orbe

2113 5862 2224 5906 toto
2267 5855 2438 5923 majus
2478 5863 2577 5914 est,
2623 5854 2720 5908 hoc
2764 5857 2855 5909 tibi
2899 5859 3117 5926 praebet,
3150 5858 3398 5911 cmlorum
3427 5870 3688 5928 regnum;

3248 5951 3311 6009 11
