4452 6694
803 431 894 488 ΠΙ

805 561 904 601 nec
933 545 1034 602 hoc
1055 545 1249 612 Solum,
1269 561 1450 601 verum
1479 555 1530 599 et
1550 544 1690 598 aliud
1715 553 1904 614 prmter
1929 547 2046 599 hoc.
2077 546 2245 614 Quale
2269 561 2397 600 vero

804 637 944 692 hoc?
989 639 1088 704 Qui
1131 638 1296 692 educit
1338 636 1610 707 pretiosum
1654 651 1686 688 a
1720 635 1827 700 vili,
1859 639 1987 690 sicut
2022 653 2077 691 os
2109 653 2272 690 meum
2298 637 2390 690 erit

804 729 941 796 (λεν.
965 730 1050 784 15.
1076 728 1185 793 t9),
1211 729 1397 796 inquit.
1425 726 1562 794 Quid
1589 727 1710 781 huic
1736 739 1918 797 posset
1937 743 2058 784 esse
2086 744 2179 798 par
2202 726 2266 780 ad
2300 727 2368 779 ho

813 819 963 874 noris
991 829 1044 873 ct
1075 819 1374 872 securitatis
1402 817 1702 872 rationem?
1743 817 1871 886 Quae
1899 835 2028 874 vero
2055 819 2208 873 nobis
2229 832 2392 872 exeu-

807 911 944 965 satio
967 920 1023 966 et
1048 911 1199 965 venia
1227 922 1347 980 post
1371 919 1568 964 tantam
1596 911 2008 980 pramissionem
2035 911 2391 982 proximorum

805 1003 1029 1056 salutem
1057 1001 1445 1072 negligentibus
1471 1016 1590 1056 esse
1622 1002 1830 1056 valeat?
1858 1003 1934 1057 Tu
1967 1019 2095 1057 vero
2121 1003 2165 1056 si
2196 1016 2375 1057 cmeuu

806 1093 1020 1162 quidem
1070 1095 1122 1148 iu
1169 1095 1473 1164 voraginem
1521 1093 1856 1150 decideutcm
1901 1095 2126 1160 videris,
2179 1108 2392 1148 manum

809 1186 1054 1256 porrigis,
1085 1197 1140 1240 et
1178 1186 1451 1256 indignum
1492 1201 1613 1242 esse
1659 1197 1836 1256 putas,
1869 1196 2175 1256 pereuntem
2222 1183 2400 1253 despi-

807 1289 963 1340 cere;
996 1276 1176 1331 videns
1199 1285 1376 1331 autem
1399 1278 1637 1347 quotidie
1663 1292 1848 1332 onmes
1873 1277 2188 1346 prmcipitari
2211 1276 2398 1330 fratres

811 1366 864 1419 in
896 1366 1636 1437 improbamjuramentnrum
1668 1369 2128 1430 censuetndinem,
2154 1382 2252 1420 nec
2279 1381 2398 1420 ver-

809 1456 940 1514 bum
971 1457 1135 1514 audes
1168 1460 1439 1527 proferre?
1469 1459 1572 1514 Sed
1603 1459 1782 1512 dixisti
1806 1457 1993 1520 semel,
2026 1467 2077 1511 et
2108 1473 2211 1510 non
2242 1455 2398 1510 audi-

812 1551 926 1604 vit:
950 1550 1034 1603 dic
1061 1551 1216 1619 igitur
1245 1551 1325 1603 bis
1350 1559 1403 1604 et
1435 1560 1538 1615 ter,
1563 1559 1614 1603 et
1645 1548 1822 1609 toties,
1845 1548 2016 1601 donec
2049 1545 2396 1614 persuaseris.

811 1639 973 1695 Nobis
1017 1640 1255 1709 quotidie
1298 1639 1536 1709 loquitur
1575 1639 1736 1698 Deus.
1768 1650 1821 1694 et
1850 1654 1954 1692 non
1985 1637 2231 1692 audimus
2252 1677 2266 1700 ,
2299 1651 2398 1689 nec

811 1731 1008 1800 alloqui
1034 1731 1242 1786 desistit
1273 1749 1287 1784 :
1323 1729 1459 1786 hanc
1492 1741 1548 1786 ttt
1577 1747 1787 1800 quoque
1816 1747 1997 1784 curam
2027 1730 2234 1782 imitare
2255 1726 2398 1781 circa

812 1823 1138 1889 proximum.
1169 1822 1455 1892 Propterea
1493 1824 1760 1890 conjuncti
1803 1823 1939 1875 inter
1978 1835 2074 1875 nos
2107 1832 2312 1880 sumus.
2347 1825 2402 1872 et

1545 433 1598 487 S.
1641 430 1917 488 1033'le
1955 429 2430 488 CHRYSOSTOMI
2469 435 2788 496 ARCHIEP.
2830 443 3366 506 CONSTANTINOP.

3976 461 4078 515 179

2504 552 2666 610 urbes
2694 556 2994 619 habitamus
3018 576 3072 622 et
3097 565 3148 621 in
3177 566 3417 623 ecclesiis
3437 581 3843 639 congregamur,
3869 583 3924 629 ut
3949 578 4081 632 alter

2499 647 2720 707 alterius
2743 669 2902 710 onera
2935 667 3226 727 portemus,
3247 669 3303 715 ut
3330 659 3464 715 alter
3483 659 3702 716 alterius
3727 675 3939 732 peccata
3962 682 4084 723 cor-

2501 739 2756 810 rigamus.
2790 745 2857 801 Et
2885 748 3020 804 sicut
3044 751 3191 806 multi
3219 751 3461 809 eamdem
3482 751 3752 810 ofﬁcinam
3783 756 4084 815 habitantes

2503 829 2748 890 homines
2777 837 3085 896 ditl'erenter
3112 844 3326 914 quidem
3358 848 3721 918 negotiantur,
3750 849 3929 903 omnia
3958 867 4087 907 vero

2502 921 2554 976 in
2578 938 2866 984 commune
2892 945 3196 1002 reponunt:
3223 937 3300 994 sic
3340 939 3579 1008 probat-to
3616 950 3670 996 et
3707 956 3806 996 nos
3844 957 4082 1012 agamus.

2500 1012 2862 1086 Qtnecumque
2907 1021 3044 1078 bona
3080 1027 3305 1097 quisque
3333 1031 3576 1086 conferre
3615 1041 3791 1101 potest
3818 1034 4083 1102 proximo,

2503 1120 2569 1159 ne
2591 1105 2764 1177 pigeat
2783 1123 2926 1174 eum,
2952 1129 3124 1182 neque
3145 1117 3383 1185 differat;
3413 1122 3507 1177 sed
3529 1122 3621 1177 fiat
3640 1124 3926 1194 negotiatio
3944 1140 4085 1194 qua:-

2503 1195 2665 1262 datn,
2713 1207 2767 1252 et
2815 1201 2936 1254 talis
2983 1206 3197 1262 collatio
3241 1210 3553 1279 spiritualis,
3603 1223 3664 1268 ut
3708 1215 3761 1268 in
3804 1229 4088 1270 commune

2505 1289 2680 1343 omnia
2708 1289 3060 1360 deponcntes,
3089 1308 3144 1352 et
3182 1302 3377 1356 multas
3413 1304 3589 1374 adepti
3627 1306 3858 1374 divitias,
3889 1317 3944 1363 et
3970 1324 4088 1362 ma-

2503 1395 2666 1448 gnum
2693 1387 3006 1451 consequuti
3049 1387 3379 1458 thesaurum,
3405 1399 3761 1452 communiter
3784 1415 3973 1455 omnes
3998 1415 4089 1456 re-

2504 1487 2665 1541 gnum
2688 1488 3038 1544 assequamur
3066 1479 3342 1546 cmlorum,
3374 1488 3541 1553 gratia
3561 1499 3611 1542 et
3633 1488 3961 1559 benignitate
3989 1492 4092 1544 Do-

2506 1563 2636 1617 mini
2665 1567 2832 1620 nostri
2871 1567 2998 1620 Jesu
3036 1567 3257 1633 Christi,
3288 1587 3386 1640 per
3409 1589 3567 1642 quem
3595 1586 3649 1632 et
3667 1593 3788 1632 cum
3817 1595 3924 1649 quo
3948 1581 4092 1636 Patri

2506 1653 2676 1722 gloria
2698 1697 2714 1720 ,
2746 1656 2904 1711 simul
2931 1667 2985 1713 et
3011 1668 3197 1713 saneto
3227 1659 3473 1731 Spiritui,
3503 1681 3644 1722 nunc
3679 1677 3735 1723 et
3775 1684 4011 1741 semper.
4038 1684 4094 1730 et

2509 1743 2560 1798 in
2589 1746 2784 1801 saecula
2814 1749 3151 1804 surculorum.
3178 1753 3366 1807 Amen.

817 2025 884 2066 in
918 2024 1344 2068 MAGISTRATtts
1377 2026 1456 2066 AB
1500 2021 1908 2065 IMPERATORE
1949 2018 2311 2063 TBEODOSIO
2352 2018 2590 2072 MISSOS,
2619 2017 3026 2060 nuncnum
3058 2019 3428 2064 κΑαιεΤιιωί
3463 2022 3764 2079 murum,
3793 2025 3874 2069 ετ
3906 2027 4105 2074 σιει-

911 2120 1067 2161 atw
1115 2118 1486 2164 MAGISTBUII
1530 2103 1640 2185 (a),
1732 2120 1816 2163 Αι)
1859 2118 2458 2163 νηλενηιοηοιιυη
2503 2117 2669 2171 ικρυι

2326 2119 2458 2163 nun
2503 2115 2984 2171 INQUISITIONEII
3054 2117 3335 2162 nomen
3381 2121 3765 2170 sn'rmnnu
3806 2126 4084 2171 suavss—

911 2219 1164 2265 SIOVE“.

2331 2314 2353 2326 υ

2331 2336 2464 2385 (δίκοῄ
2494 2359 2516 2380 ο

1396 2466 1613 2510 Βοκιιιλ
1652 2467 1776 2506 XVII.

881 2547 935 2604 1.
967 2547 1276 2620 Opportune
1305 2562 1492 2601 omnes
1525 2545 1681 2599 hodie
1703 2544 1859 2596 simul
1883 2541 2272 2604 concinuimus,
2304 2539 2400 2591 Be-

808 2640 1037 2695 nedictus
1062 2639 1308 2694 Dominus
1342 2639 1473 2692 Deus
1504 2637 1687 2698 Israel,
1715 2637 1800 2706 qui
1830 2635 1950 2707 facit
1979 2633 2230 2688 mirabilia
2259 2632 2396 2686 solus

809 2731 981 2802 (Pent.
1007 2734 1094 2788 7|.
1124 2730 1232 2804 i8).
1281 2731 1491 2784 Etenim
1529 2728 1768 2783 miranda
1810 2737 1862 2780 et
1899 2726 2201 2796 Opinionem
2239 2739 2399 2777 exce-

807 2824 988 2878 dentia
1020 2823 1152 2876 facta
1176 2831 1297 2876 sunt
1325 2821 1534 2888 negotia
1568 2837 1581 2872 :
1614 2819 1798 2872 nubem
1847 2827 2008 2872 totam
2051 2826 2104 2870 ct
2149 2815 2398 2884 papulum

808 2923 1013 2969 tantum
1030 2914 1138 2983 jam
1165 2911 1638 2982 submergendnm,
1663 2919 1716 2964 et
1737 2910 1836 2963 sub
1864 2909 2034 2964 undas
2065 2907 2324 2978 agendum
2346 2917 2400 2961 et

807 3004 1134 3074 perdendum
1165 3001 1404 3059 funditus
1434 3003 1612 3056 statim
1641 3042 1656 3066 ,
1697 3015 1807 3055 uno
1838 2999 2092 3068 temporis
2123 3005 2398 3052 momento

805 3095 876 3149 ab
899 3095 1046 3148 omni
1083 3093 1358 3161 naufragio
1388 3091 1652 3148 liberavit.
1702 3089 1913 3145 Gratias
1953 3090 2110 3158 igitur
2148 3103 2394 3157 agamus,

810 3198 918 3238 non
946 3192 1150 3237 tantum
1179 3183 1428 3252 quoniam
1461 3189 1831 3250 tempestatem
1860 3179 2085 3242 sedavit,
2111 3177 2204 3232 sed
2235 3179 2396 3232 etiam

805 3273 1056 3343 quoniam
1094 3272 1260 3342 ipsam
1285 3272 1396 3326 ﬁt'l‘i
1429 3272 1667 3341 permisit
1699 3289 1714 3325 :
1742 3285 1846 3324 non
1900 3277 2098 3323 tantum
2145 3269 2397 3337 quoniam

804 3365 1081 3434 naufragio
1101 3379 1199 3419 nos
1227 3365 1486 3426 liberavit,
1519 3362 1611 3417 sed
1637 3361 1796 3417 etiam
1825 3359 1967 3431 quod
1992 3361 2043 3414 in
2069 3369 2269 3414 tantam
2301 3375 2398 3414 nos

801 3457 1100 3526 angustiam
1130 3455 1324 3510 cadere
1349 3453 1630 3522 permisit,
1671 3460 1726 3507 et
1773 3459 2070 3504 extremum
2102 3450 2396 3518 periculum

803 3546 958 3601 nobis
986 3545 1286 3599 imminere.
1317 3545 1406 3598 Sic
1432 3551 1487 3596 et
1513 3541 1706 3596 Paulus
1733 3542 1786 3593 in
1815 3540 2064 3593 omnibus
2090 3539 2249 3606 jussit
2275 3554 2396 3608 gra-

803 3640 903 3692 tias
943 3652 1124 3707 agcre.
1163 3636 1298 3690 Cum
1331 3649 1458 3689 vero
1497 3633 1661 3686 dicit:
1699 3631 1760 3684 In
1790 3633 2022 3685 omnibus
2046 3631 2238 3700 gratias
2265 3630 2395 3700 agite

801 3731 878 3795 (ι.
905 3729 1083 3785 Thess.
1111 3729 1164 3784 5.
1197 3729 1286 3797 18)
1317 3745 1330 3780 :
1365 3727 1468 3780 hoc
1498 3726 1782 3795 signiﬁcat.
1817 3739 1922 3777 non
1955 3733 2158 3777 tantum
2189 3724 2238 3776 in
2265 3738 2390 3792 gra-

803 3821 946 3874 vittm
976 3820 1260 3882 solutione,
1285 3832 1468 3871 verum
1497 3825 1552 3870 et
1579 3816 1630 3868 in
1661 3814 1932 3885 gravium‘
1960 3822 2197 3882 tempore
2227 3830 2240 3865 :
2267 3827 2389 3866 nam

797 3913 1130 3985 Diligentibus
1161 3911 1324 3966 Deum
1349 3913 1520 3964 omnia
1541 3919 1875 3979 cooperantur
1907 3914 1958 3961 in
1990 3908 2174 3961 bonttm
2213 3907 2388 3978 (Rom.

796 4007 850 4061 8.
878 4006 992 4074 28).
1023 4005 1234 4058 Gratias
1261 4001 1358 4072 ipsi
1384 4015 1604 4070 agamus
1627 4010 1845 4068 propter
1868 3999 2214 4052 tentationnm
2235 3999 2394 4052 abso-

797 4096 1074 4155 lutionem.
1111 4104 1168 4149 et
1209 4093 1397 4147 harum
1425 4105 1711 4160 numquam
1735 4089 2113 4143 obliviscamur
2143 4106 2157 4143 :
2186 4090 2390 4143 oratio-

795 4187 953 4242 nibus
1002 4197 1287 4249 vacemus,
1334 4179 1810 4250 supplicationibus
1851 4179 2153 4243 continuis,
2207 4179 2388 4247 pietati

796 4279 998 4332 multm.
1036 4275 1169 4332 Cum
1197 4291 1225 4329 a
1258 4274 1518 4344 principio
1542 4272 1720 4344 gravis
1749 4271 1936 4325 horum
1963 4271 2224 4325 malorum
2257 4287 2385 4342 pyra

795 4370 954 4424 fuerit
973 4383 1217 4430 accensa,
1234 4366 1476 4422 dicebam
1500 4379 1602 4418 non
1625 4378 1744 4418 esse
1763 4362 2022 4417 doctrin-.e
2045 4372 2271 4432 tempus,
2291 4363 2384 4418 sed

793 4460 1091 4516 orationum
1123 4477 1136 4512 :
1167 4457 1270 4513 hoc
1297 4455 1536 4526 proiecto
1564 4464 1619 4510 et
1641 4469 1783 4509 nunc
1808 4463 2090 4523 postquam
2119 4453 2381 4506 exstincta

793 4563 873 4606 est
916 4552 1059 4615 dico,
1092 4565 1233 4604 nunc
1258 4549 1430 4618 magis
1463 4556 1674 4615 tempus
1703 4545 2004 4598 orationum
2032 4558 2152 4597 esse
2174 4585 2188 4608 ,
2221 4559 2382 4614 quam

795 4643 946 4712 prius
970 4659 982 4694 :
1009 4655 1149 4694 nunc
1173 4639 1402 4692 maxime
1428 4637 1780 4706 lacrymarum
1806 4643 2014 4702 tempus
2043 4644 2096 4688 et
2127 4649 2383 4704 enmpun-

790 4734 984 4788 ctiouis
1024 4741 1078 4786 et
1113 4731 1306 4785 animae
1335 4729 1509 4784 anxia:
1539 4727 1800 4796 multique
1844 4724 2004 4780 studii
2043 4735 2098 4780 et
2139 4727 2378 4782 cantelte.

790 4825 938 4878 Tunc
969 4837 1160 4892 nempe
1186 4821 1296 4890 ipsa
1328 4819 1726 4874 tribulationum
1752 4824 1936 4870 natura
1961 4815 2044 4870 vel
2068 4817 2261 4870 invitos
2283 4833 2382 4871 nos

787 4915 1110 4987 corripiebat
1139 4924 1191 4968 et
1213 4913 1486 4968 modestos
1516 4909 1762 4970 faciebat,
1798 4917 1851 4962 et
1878 4907 1941 4962 ad
1969 4908 2221 4977 majorem
2252 4925 2376 4979 age-

747 5064 750 5071 .
789 5011 876 5062 hat
923 5008 1307 5067 reverentiam;
1361 5018 1502 5058 nunc
1538 5010 1738 5064 autem,
1770 5001 1947 5054 ablato
1976 5001 2124 5056 freno
2153 5012 2206 5056 et
2238 5004 2379 5056 nube,

791 5101 1056 5168 prieterita
1075 5143 1088 5162 ,
1131 5097 1424 5152 timendum
1455 5113 1521 5150 ne
1545 5095 1610 5150 ad
1640 5105 1908 5166 torporem
1933 5093 2281 5160 declinemus,
2313 5113 2378 5149 ne

789 5192 1065 5259 segniores
1091 5189 1381 5244 reddamur
1401 5202 1609 5242 rursum
1638 5203 1702 5240 ex
1737 5187 2071 5252 remissione,
2105 5203 2172 5241 ne
2196 5188 2264 5242 de
2291 5205 2378 5242 no-

785 5284 867 5337 his
894 5297 1106 5353 quoque
1144 5279 1405 5350 quispiam
1446 5277 1590 5332 dicat
1619 5297 1630 5332 :
1659 5277 1786 5333 Cum
1829 5278 2072 5332 occideret
2111 5295 2226 5342 eos,
2260 5288 2378 5332 tunc

847 5417 865 5481 ξ
900 5411 1032 5481 apud
1049 5418 1154 5461 Sav.
1179 5407 1379 5481 legitur,
1404 5413 1862 5481 tentattonuntxpro,
1886 5405 2124 5481 gravium.

845 5475 920 5537 (tt)
938 5467 1076 5523 "Brix.
1098 5467 1486 5537 omittitunomen
1523 5470 1713 5537 Caesar“
1739 5467 1944 5537 Magistri
1983 5467 2374 5537 quodaddimus

785 5550 814 5582 e.
853 5528 1023 5586 braccis
1043 5533 1185 5584 Codd.
1211 5535 1388 5595 quibus
1424 5528 2067 5595 adstipulatu‘rr'rheodoret.
2095 5531 2373 5595 Magistrum

785 5606 948 5646 autem
973 5591 1241 5644 otliciorum'
1254 5595 1382 5644 hunc
1415 5591 1566 5642 fuisse
1601 5592 1826 5654 intellige
1850 5594 1934 5654 qui
1962 5598 2011 5640 et
2028 5591 2251 5639 absolute
2278 5599 2371 5640 ata-

784 5662 939 5718 gister
962 5656 1247 5718 appellatur,
1272 5655 1386 5705 licet
1408 5655 1488 5703 alii
1509 5661 1674 5703 essent
1698 5653 2235 5718 Magistriscriniorum‘,
2264 5655 2370 5715 epi-

784 5668 939 5718 gistet‘
962 5668 1247 5718 appettatur,
1274 5668 1386 5705 licet
1408 5668 1488 5703 aut
1509 5668 1674 5703 essent
1698 5668 1765 5702 sta
1803 5668 1907 5701 lStl‘l
1930 5668 2235 5706 somniorum,
2264 5668 2368 5715 epi-

781 5721 1012 5768 stolarum
1039 5726 1089 5767 et
1114 5716 1691 5766 libellorumt‘rzecoru-n.
1720 5668 2084 5775 Atinagistrum
2105 5708 2368 5764 olliciorum

783 5781 1029 5831 disciplina
1064 5778 1222 5844 palatii
1263 5781 1556 5841 pertinebat,
1581 5786 1632 5828 et
1653 5777 1836 5836 otliciis,
1868 5777 1912 5824 id
1950 5782 2045 5835 est,
2084 5777 2369 5828 ministeriis

775 5853 1010 5901 praeerat.

2507 2443 2792 2508 qurercbant
2833 2459 2944 2493 eum
2966 2481 2980 2504 ,
3013 2453 3058 2495 et
3103 2447 3490 2510 revertebantur,
3517 2459 3564 2502 et
3590 2451 3812 2505 diluculo
3839 2454 4096 2509 veniebant

2508 2532 2575 2582 nti
2615 2531 2775 2583 Deum
2823 2531 3003 2595 (I’snl.
3032 2534 3120 2586 77.
3144 2535 3261 2600 54).
3287 2534 3410 2592 ideo
3449 2538 3623 2594 Mo-‘cs
3660 2541 3874 2597 Judwns
3912 2547 4093 2598 admo-

2509 2626 2668 2680 uebat
2695 2626 2880 2678 dicens
2912 2645 2924 2677 :
2964 2624 3240 2694 Postquam
3269 2630 3542 2685 comederis
3567 2643 3611 2687 et
3640 2634 3839 2701 biberis,
3867 2647 3914 2690 et
3939 2638 4108 2706 fuerit

2505 2717 2748 2784 repletus,
2788 2718 3054 2770 recordare
3099 2717 3305 2772 Domini
3347 2721 3438 2774 Dei
3481 2725 3556 2776 tui
3578 2723 3756 2795 (Deut.
3786 2729 3838 2782 6.
3864 2728 3950 2782 12.
3980 2731 4097 2800 13).

2505 2807 2657 2861 Nunc
2699 2807 2962 2861 sincerqu
3008 2810 3334 2877 propositum
3379 2823 3614 2868 vestrum
3661 2815 3942 2883 videbitur,
3971 2820 4014 2873 si
4045 2821 4098 2878 in

2505 2900 2690 2955 eadem
2739 2903 3044 2955 manseritis
3091 2904 3284 2971 pietate
3313 2921 3327 2956 :
3363 2914 3486 2958 tunc
3513 2906 3710 2976 quippe
3735 2909 3884 2962 multi
3919 2911 4096 2964 timori

2503 3000 2558 3046 et
2599 2991 2864 3046 malorum
2914 2993 3136 3046 illationi
3175 2994 3408 3048 studium
3441 3008 3674 3051 vestrum
3701 3001 4064 3056 attribuebant

2503 3098 2645 3137 nunc
2672 3098 2798 3137 vero
2823 3098 3013 3152 purum
3042 3085 3143 3137 erit
3167 3086 3419 3141 meritum
3446 3097 3703 3154 vestrum,
3733 3090 3778 3144 si
3812 3090 3866 3145 in
3903 3091 4096 3146 eodem

2504 3172 2684 3226 studio
2726 3175 3099 3241 permaneatis.
3149 3174 3410 3243 Quoniam
3437 3186 3490 3232 et
3519 3181 3771 3248 puerulus
3800 3180 3846 3235 si
3874 3181 3998 3236 dum
4027 3183 4096 3238 ab

2503 3265 2684 3335 aliquo
2714 3264 2888 3335 agitur
2913 3266 3204 3338 ptedagogo
3234 3269 3458 3324 terribili
3485 3310 3500 3334 ,
3529 3285 3648 3325 cum
3679 3271 3938 3328 modestia
3966 3275 4092 3329 vivit

2503 3366 2556 3411 et
2587 3358 3012 3424 mansuetudine,
3046 3359 3176 3414 nihil
3215 3370 3296 3416 est
3336 3363 3655 3431 mirandum,
3686 3365 3778 3419 sed
3821 3366 4092 3438 pmdarogi
4122 3397 4125 3400 -

2505 3449 2680 3501 timori
2711 3449 2858 3518 pueri
2891 3449 3208 3504 modestiam
3237 3453 3535 3507 attribuunt
3561 3469 3779 3520 omnes;
3810 3472 3931 3510 cum
3962 3473 4093 3513 vero

2501 3538 2742 3607 deposita
2765 3540 3082 3594 necessitate
3109 3541 3198 3596 ille
3227 3543 3278 3595 in
3301 3544 3486 3598 eadem
3513 3549 3765 3601 manserit
3786 3545 4090 3615 honestate,

2500 3638 2627 3684 tunc
2661 3639 2714 3684 et
2737 3645 2896 3700 quam
2927 3630 3108 3684 habuit
3138 3633 3188 3684 in
3221 3635 3395 3702 priore
3425 3645 3582 3690 :etate
3613 3637 3957 3703 modestiam,
3988 3641 4090 3710 ipsi

2496 3734 2683 3773 omnes
2710 3720 3038 3775 adscribunt.
3069 3723 3180 3777 [loc
3201 3733 3253 3777 et
3275 3740 3373 3779 nos
3401 3727 3582 3796 utique
3609 3727 3885 3793 faciamus,
3914 3731 3965 3784 in
3991 3745 4089 3786 ea-

2495 3809 2618 3864 dem
2651 3823 2927 3866 manentcs
2955 3816 3276 3877 reverentia,
3308 3825 3365 3868 ut
3395 3826 3448 3870 et
3471 3819 3662 3886 prioris
3683 3819 3844 3874 studii
3873 3820 4083 3875 laudem

2495 3902 2714 3956 multam
2759 3917 2789 3958 a
2839 3904 2948 3958 Deo
2999 3905 3291 3972 capiamus.
3341 3905 3620 3963 lnnumera
3661 3913 4084 3979 exspectavimus

2495 3993 2634 4047 mala
2656 4036 2671 4058 ,
2703 3997 2940 4049 omnium
2972 3995 3297 4050 substantias
3327 3998 3593 4066 direptum
3638 4002 3699 4054 iri
3726 4041 3742 4066 ,
3786 4001 4082 4058 habitacula

2495 4100 2615 4139 cum
2647 4085 3008 4141 habitantibus
3034 4087 3391 4142 comburenda
3414 4130 3428 4151 ,
3459 4090 3728 4144 civitatem
3770 4093 3948 4147 medio
3983 4096 4082 4148 tol-

2494 4177 2705 4232 lendam
2738 4195 2802 4234 ex
2835 4180 2986 4244 orbe,
3016 4187 3071 4232 et
3101 4180 3266 4246 ipsius
3302 4181 3552 4250 reliquias
3579 4198 3768 4239 omnes
3798 4186 4076 4254 perituras,

2490 4279 2726 4326 aratrum
2771 4271 2938 4340 ipsius
2987 4281 3182 4324 terram
3226 4282 3628 4342 suscepturam;
3671 4277 3765 4331 sed
3804 4293 3932 4334 ecce
3960 4279 4078 4336 btec

2490 4363 2668 4416 omnia
2711 4363 2846 4416 intra
2890 4362 3342 4431 exspectationem
3393 4374 3596 4420 tantum
3637 4377 3921 4433 steterunt,
3945 4383 4000 4426 et
4024 4371 4075 4426 in

2488 4467 2624 4521 Opus
2649 4469 2754 4506 non
2779 4463 3172 4519 processerunt.
3202 4453 3308 4510 Nec
3331 4455 3432 4511 hoc
3453 4459 3624 4512 solum
3647 4469 3728 4514 est
3752 4461 4072 4529 mirandum,

2487 4545 2628 4612 quod
2654 4552 2857 4597 tantum
2882 4545 3098 4612 periculi
3120 4546 3259 4600 Deus
3279 4547 3515 4616 absmlit,
3534 4551 3628 4606 sed
3644 4554 3804 4606 etiam
3825 4555 4073 4623 quoniam

2489 4636 2696 4706 magnis
2718 4649 2816 4689 nos
2845 4635 3017 4690 ειίῐιιείι
3040 4637 3328 4707 beneficiis,
3357 4650 3411 4696 et
3435 4642 3702 4698 civitatein
3730 4652 3968 4699 nostram
3988 4659 4075 4699 or-

2488 4727 2671 4787 navit,
2718 4741 2921 4794 nosque.
2951 4743 3043 4795 per
3071 4727 3578 4788 hanetentationem
3623 4741 3677 4787 et
3715 4733 4071 4790 calamitatem

2489 4819 2821 4887 probatiores
2845 4817 3038 4872 etl‘ceit.
3070 4820 3186 4888 Quo
3206 4837 3333 4876 vero
3366 4833 3540 4891 pacto,
3571 4838 3670 4893 ego
3699 4823 3892 4878 dicam.

2561 4909 2802 4964 Monaclti
2824 4927 2886 4964 ex
2912 4913 3160 4967 montibus
3187 4914 3504 4968 Antiochiam
3526 4916 3852 4977 descendunt,
3877 4925 3928 4970 ut
3953 4919 4070 4972 eiei.

2486 5001 2578 5054 tati
2607 5001 2801 5054 veniam
2838 5004 3119 5072 impetrent.
3147 5035 3218 5045 —
3247 5005 3382 5060 Nam
3410 5005 3622 5075 quando
3648 5006 3716 5059 ab
3747 5006 4071 5077 lmperatorc

2485 5092 2631 5145 missi
2653 5091 2717 5145 ad
2731 5093 3134 5149 commissorum
3157 5097 3556 5166 inquisitionem
3581 5099 3916 5152 tremendum
3943 5100 4068 5154 illud

2483 5183 2810 5238 constituere
2842 5184 3096 5252 judicium
3118 5229 3132 5252 ,
3175 5200 3469 5254 omnesque
3495 5184 3560 5240 ad
3588 5188 3852 5242 scelerum
3884 5205 4069 5259 pmnas

2483 5273 2742 5327 vocabant
2768 5284 2822 5330 et
2847 5279 2988 5330 varia
3026 5278 3214 5331 mortis
3261 5276 3508 5330 omnibus
3551 5288 3666 5332 erat
3710 5282 4066 5350 exspectatio,

2486 5375 2609 5418 tunc
2637 5366 2863 5422 vertices
2892 5369 3150 5422 montium
3180 5365 3476 5420 habitantes
3498 5371 3766 5437 monachi,
3798 5371 4068 5441 propriam

2482 5459 2780 5516 exhibuere
2811 5461 3226 5532 philosophiam.
3255 5458 3492 5528 Namque
3523 5471 3598 5516 tot
3627 5465 3782 5520 annis
3805 5467 3854 5518 in
3883 5479 4068 5520 caver-

2482 5551 2564 5604 nis
2585 5551 2697 5607 suis
2712 5554 2970 5619 conclusi,
2991 5552 3206 5606 nemine
3225 5548 3539 5618 advocante,
3561 5557 3816 5611 suadente
3833 5557 4066 5624 nomine,

2482 5652 2762 5714 postquam
2788 5645 2981 5697 nubem
3010 5651 3210 5696 tantam
3238 5642 3506 5698 civitatem
3529 5648 3960 5702 circumstante-ni
3986 5648 4068 5702 vi-

2476 5736 2690 5799 derunt,
2724 5734 3064 5792 tabernacula
3093 5732 3479 5805 speluncasque
3521 5753 3645 5794 suas
3688 5739 4064 5809 derelinquen-

2479 5838 2578 5897 les,
2604 5832 2836 5903 undique
2862 5827 3252 5895 conﬂuxerunt,
3273 5827 3414 5883 velut
3435 5831 3605 5903 angeli
3627 5831 3841 5907 quidam
3863 5831 4068 5888 decanto
