4452 6672
316 417 414 470 171

312 529 344 582 ὃ
371 531 466 585 τοῦ
500 533 704 606 κόσμου
744 537 940 602 παντὸς
976 535 1157 607 μεῖζόν
1188 535 1326 595 ἐστι,
1357 532 1515 587 τοῦτὸ
1544 551 1624 590 σοι
1649 535 1852 602 δίδωσι,
1882 536 1984 606 τὴν

317 617 596 686 βασιλείαν
625 626 733 678 τῶν
775 624 1038 698 οὐρανῶν,
1075 623 1169 675 καὶ
1206 623 1266 675 οὐ
1300 621 1456 676 τοῦτο
1505 625 1686 693 μόνον,
1723 625 1860 679 ἀλλὰ
1891 625 1986 677 καὶ

314 706 506 778 ἕτερον
530 712 665 782 «pb;
705 713 896 782 τούτῳ.
928 712 1085 763 Ποῖον
1109 709 1174 778 δὴ
1203 707 1391 774 τοῦτο;
1442 711 1504 764 Ὀ
1525 712 1760 780 ἐξάγων
1789 713 1986 781 τίμιον

313 793 383 857 ἐξ
412 796 685 861 ἀναξίου,
714 801 795 864 ὡς
815 799 1009 864 στόμα
1031 813 1150 863 μου
1180 795 1369 862 ἔσται,
1401 799 1555 869 φησί·
1586 800 1638 853 τί
1673 799 1864 852 τούτου
1895 798 1987 865 γέ·

315 884 445 934 von‘
479 883 546 937 ἂν
577 885 688 938 ἴσον
744 887 824 946 είς
849 882 1016 951 τιμῆς
1058 881 1216 950 λόγον
1246 885 1338 938 καὶ
1379 886 1714 954 ἀσφαλείαςς
1749 885 1878 938 Ποία
1928 886 1969 938 ἃ

311 969 447 1039 ἡμῖν
475 973 739 1040 ἀπολογία
764 971 856 1024 καὶ
889 968 1184 1043 συγγνώμη
1239 973 1378 1042 μετὰ
1419 973 1518 1044 τὴν
1543 973 1810 1042 τοσαύτην
1863 972 1979 1024 ὐπό-

312 1072 502 1124 σχεσιν
523 1059 623 1127 τῆς
659 1059 767 1111 τῶν
803 1057 1030 1125 πλησίον
1069 1059 1330 1129 ἀμελοῦσι
1371 1060 1680 1132 σωτηρίαςς
1724 1060 1796 1112 Σὺ
1845 1058 1889 1110 δ’
1920 1057 1985 1112 ἂν

313 1143 416 1211 μὲν
449 1145 532 1207 εἰς
563 1144 830 1214 βάραθρον
863 1144 979 1215 ἴδῃς
1005 1147 1413 1200 καταπίπτοντα
1442 1147 1664 1216 τυφλὸν,
1698 1148 1853 1216 χεῖρα
1875 1142 1987 1214 ὀρέο

307 1247 450 1295 γεις,
476 1233 570 1284 καὶ
597 1231 836 1299 νομίζεις
873 1232 1089 1297 ἀνάξιον
1118 1230 1258 1289 εἶναι
1286 1235 1348 1288 τὸ
1378 1235 1642 1305 περιιδεῖν
1673 1229 1986 1300 ἀπολλύμε-

309 1333 423 1369 νον·
455 1317 597 1386 ὁρῶν
618 1315 674 1368 δέ
693 1315 813 1368 καθ’
843 1318 1078 1391 ἑκάστην
1118 1321 1331 1394 ἡμέραν
1367 1316 1986 1390 κατακρημνιζομένους

309 1404 524 1464 πάντας
554 1404 678 1465 τοὺς
707 1403 966 1473 ἀδελφοὺς
985 1410 1062 1470 εἰς
1083 1408 1182 1477 τὴν
1207 1407 1450 1477 πονηρὰν
1471 1405 1580 1458 τῶν
1639 1404 1819 1474 ὅρκων
1860 1420 1987 1454 συν-

308 1488 524 1556 ἠθειαν,
545 1489 707 1542 οὐδέα
734 1492 884 1562 ῥῆμα
905 1495 1163 1563 προέσθαι
1191 1495 1429 1564 τολμᾷς;
1472 1490 1610 1544 Ἀλλ’
1626 1486 1784 1549 εἶπας
1814 1489 1980 1558 ἅπαξ,

308 1576 405 1628 καὶ
439 1576 541 1630 οὐκ
581 1578 832 1645 ἧκουσεψ
877 1581 1068 1634 οὐκοῦν
1107 1582 1229 1634 είπέ
1279 1582 1374 1633 καὶ
1417 1579 1518 1641 δίς,
1567 1576 1662 1632 καὶ
1703 1578 1844 1648 τρὶς,
1891 1579 1985 1632 καὶ

303 1665 652 1728 τοσαυτάκις,
687 1664 791 1729 ἕως
811 1667 877 1720 ἂν
900 1669 1112 1738 πείσῃς.
1141 1667 1278 1720 Καθ’
1303 1666 1542 1733 ἐκάστην
1569 1665 1778 1735 ἡμέραν
1803 1666 1831 1716 ό
1854 1666 1983 1729 Θεὸς

305 1753 441 1818 ἡμῖν
486 1751 812 1821 διαλέγεται,
844 1757 941 1809 καὶ
969 1755 1069 1807 οὐκ
1093 1753 1389 1822 ἀκούομεν,
1420 1751 1514 1805 καὶ
1547 1753 1648 1804 οὐκ
1687 1752 1982 1819 ἀφίσταται

303 1837 708 1908 διαλεγόμενος·
747 1841 950 1911 ταύτην
993 1840 1086 1893 καὶ
1132 1841 1198 1892 σὺ
1243 1840 1480 1908 μίμησαι
1528 1839 1626 1907 τὴν
1657 1839 1982 1908 κηδεμονίαν

373 1982 399 2010 ⁸
430 1982 523 2031 Alii
548 1982 657 2031 οὐδὲ
693 1983 809 2031 δέκα
828 1982 1093 2044 χρυσίνους,
1121 1979 1247 2029 οὐδέ.

1256 419 1346 473 AD
1384 418 1709 477 POPULUM
1752 420 2248 478 ΑΝΤῘΟΟΠΕΜΙΜ
2289 421 2517 478 liOMIL.
2557 423 2720 481 XVII.

3663 432 3762 488 ἰτὶ

2090 536 2218 606 περὶ
2236 535 2325 588 τὸν
2357 537 2602 606 πλησίον.
2662 540 2760 594 Διά
2789 540 2945 594 τοῦτο
2982 542 3099 611 μετ’
3144 541 3388 612 ἀλλήλων
3439 545 3625 609 ἐσμὲν,
3661 549 3759 602 καὶ

2091 623 2273 687 πόλεις
2299 623 2578 696 οἰκοῦμεν,
2608 628 2702 680 καὶ
2733 631 2790 681 ἐν
2825 628 3144 698 ἐκκλησίαις
3181 631 3548 700 συναγόμεθα,
3579 635 3664 688 ῖνα
3689 639 3759 690 τὰ

2089 709 2330 781 ἀλλήλων
2357 711 2496 784 βάρη
2530 712 3004 784 βαστάζωμεν,ἴνα
3026 716 3094 768 τά
3114 715 3357 788 ἀλλήλων
3388 718 3761 790 ἁμαρτήματα

2088 797 2447 870 διορθώμεθα.
2484 801 2590 852 Καὶ
2619 801 2869 871 καθάπερ
2894 803 3253 874 ἐργαστήριον
3283 804 3342 857 ἓν
3371 807 3648 870 οἰκοῦντες
3669 808 3761 861 άν-

2089 886 2296 957 θρωποι
2319 888 2590 958 διαφόρως
2615 888 2712 958 μέν
2740 889 3158 959 ἐμπορεύονται,
3175 891 3351 946 πάντα
3379 893 3435 946 δέ
3471 895 3551 955 εἰς
3573 895 3634 946 τὸ
3653 911 3764 948 κοι-

2090 975 2175 1027 νὸν
2207 975 2575 1030 ἀποτίθενταιο
2609 975 2751 1029 οὕτω
2773 975 2837 1046 δὴ
2864 977 2957 1029 καὶ
2987 978 3146 1047 ἡμεῖς
3176 978 3418 1048 ποιῶμεν
3477 981 3658 1050 "Amp
3689 981 3757 1034 ἂν

2087 1061 2314 1125 ἕκαστος
2337 1061 2517 1130 άγαθά
2545 1061 2767 1117 δύναται
2801 1064 3074 1134 εἰσφέρειν
3101 1062 3178 1133 τῷ
3207 1064 3450 1134 πλησίον,
3490 1067 3562 1137 μὴ
3584 1067 3762 1122 όκνείσ

2085 1165 2182 1209 τω,
2223 1149 2356 1219 μηδέ
2388 1148 2720 1210 ἀναδυέσθω,
2745 1150 2880 1203 ἀλλὰ
2917 1149 3150 1218 γινέσθω
3178 1152 3531 1222 πραγματεία
3559 1170 3642 1217 τις
3668 1155 3764 1208 καὶ

2087 1237 2356 1300 ἀντίδοσις
2383 1237 2649 1307 τοιαύτηδ
2673 1238 3039 1308 πνευματικὴ,
3072 1238 3159 1291 ἴνα
3190 1239 3269 1300 είς
3295 1237 3354 1291 τὸ
3382 1239 3557 1291 κοινὸν
3591 1243 3765 1294 ᾶπαν-

2086 1340 2153 1376 τα
2187 1324 2565 1393 καταθέμενοι,
2616 1325 2710 1378 καὶ
2762 1325 2928 1377 πολὺν
2980 1325 3312 1394 κτησάμενοι
3370 1325 3622 1391 πλοῦτον,
3668 1328 3762 1381 καὶ

2089 1413 2262 1482 μέγαν
2291 1413 2616 1483 ποιήσαντες
2646 1411 2738 1464 τὸν
2768 1411 3063 1482 θησαυρὸν,
3097 1414 3248 1482 κοινῇ
3281 1412 3480 1475 πάντες
3508 1412 3761 1483 τύχωμεν

2086 1503 2184 1570 τῆς
2209 1500 2485 1570 βασιλείας
2537 1500 2645 1553 τῶν
2698 1497 2966 1570 οὐρανῶν,
3015 1498 3199 1568 χάριτι
3253 1499 3347 1551 καὶ
3385 1499 3764 1571 φιλανθρωπίᾳ

2086 1588 2180 1640 τοῦ
2213 1589 2418 1658 Κυρίου
2453 1589 2609 1658 ἡμῶν
2650 1585 2824 1656 ’ῐησοῦ
2857 1585 3115 1656 Χριστοῦ,
3138 1585 3206 1640 δι’
3237 1580 3297 1640 οὐ
3337 1587 3430 1639 καὶ
3457 1586 3574 1655 μεθ’
3603 1579 3664 1640 οὗ
3683 1587 3763 1657 τῷ

2090 1677 2264 1745 Πατρί
2291 1678 2323 1744 ὴ
2353 1674 2500 1738 δόξα,
2532 1676 2646 1744 ἅμα
2675 1674 2753 1742 τῷ
2778 1673 2918 1742 ἁγίῳ
2941 1672 3242 1742 Πνεύματι,
3279 1671 3374 1727 νῦν
3408 1672 3502 1726 καὶ
3533 1673 3621 1727 ἀεὶ
3669 1675 3765 1728 καὶ

2089 1764 2168 1824 είς
2194 1762 2320 1825 τοὺς
2353 1762 2556 1823 αἰῶνας
2580 1760 2687 1813 τῶν
2727 1757 2958 1812 αἰώνων.
3000 1762 3195 1831 Ἀμήν.

2155 1976 2180 2010 δ
2202 1977 2297 2024 Alii
2320 1975 2553 2031 ἀντίδοσις
2570 1975 2704 2031 αῦτη.

302 2279 412 2341 Εἰς
432 2279 575 2342 τοὺς
601 2276 896 2347 ἄρχοντας
926 2275 1062 2338 τοὺς
1101 2272 1264 2342 παρά
1317 2272 1423 2328 τοῦ
1485 2271 1792 2336 ,ϐασιλέως
1861 2269 2184 2325 Θεοδοσίου
2237 2263 2718 2332 ἀποσταλέντας,
2780 2266 3127 2334 Ἐλλέὸιχον
3189 2265 3613 2336 στρατηλάιην
3679 2273 3777 2325 καὶ

379 2368 702 2436 Καισάρων
743 2367 1098 2439 μὰγιστρον,
1127 2369 1213 2433 είς
1258 2365 1374 2434 τὴν
1440 2364 1559 2418 τῶν
1617 2362 2212 2432 πεπλημμεληκὸτων
2287 2357 2570 2422 ἐξέτασιν
2647 2355 2745 2412 διὰ
2791 2358 2909 2425 τὴν
2972 2356 3091 2412 τῶν
3157 2356 3540 2428 ἀνδριάντων
3592 2376 3781 2416 πατασ

373 2460 668 2529 στροφήν.

992 2650 1222 2723 Ὀμι.ῖία
1246 2649 1328 2708 ιδ.

384 2844 456 2892 α’.
484 2836 578 2898 Εἰς
611 2832 802 2904 καιρὸν
828 2829 1186 2901 ύπεψήλαμεν
1219 2841 1246 2870 ι
1275 2829 1512 2888 ἅπαντες
1543 2825 1698 2894 κοινῇ
1724 2823 1984 2892 τήμερον*

303 2924 654 2992 Εὐλογητὸς
673 2923 889 2989 Κύριος
913 2923 946 2974 ό
980 2918 1124 2984 Θεὸς
1152 2917 1262 2972 τοῦ
1288 2916 1553 2984 Ἰσραὴλ,
1579 2916 1613 2967 ό
1640 2910 1829 2966 ποιῶν
1847 2913 1988 2964 θαυ-

301 3013 494 3080 μάσια
516 3013 721 3080 μόνος.
754 3009 866 3062 Καὶ
893 3006 1004 3078 γάρ
1035 3003 1326 3074 θαυμαστά
1349 3004 1441 3056 καὶ
1489 2997 1772 3071 παράδοξα
1793 2996 1985 3066 γέγονε

302 3103 629 3169 πράγματα’
660 3097 814 3150 πόλιν
855 3093 1148 3164 ὁλόκληρον
1176 3091 1273 3145 καὶ
1315 3090 1486 3160 δῆμον
1529 3086 1784 3142 τοσοῦτον
1814 3100 1985 3169 κατας

303 3168 657 3249 ποντίζεσθαι
719 3182 991 3254 μέλλοντα
1028 3180 1122 3234 καὶ
1169 3176 1498 3247 ὑποϐρύχιον
1530 3173 1778 3243 γίνεσθαι
1832 3168 1983 3242 [171]

304 3275 402 3326 καὶ
435 3269 766 3325 ἀπόλλυσθαι
794 3269 976 3322 τέλεον
1016 3263 1232 3337 ἀθρόον,
1263 3265 1320 3318 ἐν
1357 3265 1457 3334 μιᾷ
1482 3260 1676 3332 καιροῦ
1714 3261 1856 3330 ῥοπῇ
1885 3257 1988 3327 τῆς

303 3359 576 3425 ναυαγίας
606 3357 826 3426 ἁπάσης
879 3353 1211 3425 ἀπήλλαξεν.
1238 3350 1742 3422 Εὐχαριστήσωμεν
1785 3343 1987 3408 τοίνυν,

306 3448 385 3517 μὴ
424 3447 604 3516 μόνον,
645 3446 731 3498 ὅτι
765 3445 857 3498 τὸν
909 3442 1156 3513 χειμῶνα
1198 3440 1406 3503 ἔλυσεν,
1447 3436 1561 3490 ἀλλ’
1589 3435 1673 3488 ὅτι
1710 3433 1806 3487 καὶ
1835 3431 1990 3500 γενέ-

305 3533 436 3586 σθαι
458 3533 619 3586 αὐτὸν
645 3531 1010 3601 συνεχώρησε·
1034 3529 1108 3600 μὴ
1139 3527 1298 3598 μόνον
1328 3527 1411 3578 ὅτι
1439 3525 1540 3593 τῆς
1563 3521 1825 3588 ναυαγίας
1841 3519 1988 3590 ἡμᾶς

305 3619 642 3692 ἀπήλλαξεν,
670 3619 784 3672 ἀλλ’
831 3619 914 3671 ὅτι
956 3618 1050 3670 καὶ
1085 3619 1220 3686 πρὸς
1244 3615 1511 3682 τοσαύτην
1558 3609 1799 3678 ἀγωνίαν
1822 3623 1990 3660 κατα-

306 3711 499 3762 πεσεῖν
537 3707 738 3776 άφῆκε.
773 3705 868 3759 xui
893 3704 984 3757 τὸν
1014 3703 1142 3773 περὶ
1175 3702 1284 3754 τῶν
1321 3701 1565 3771 ἐσχάτων
1599 3700 1731 3768 ἡμῖν
1758 3697 1985 3764 ἐπικρε-

311 3794 589 3864 μασθῆναι
617 3792 878 3846 κίνδυνον.
898 3790 1055 3844 Οῦτω
1080 3790 1175 3842 καὶ
1206 3787 1417 3850 Παῦλος
1439 3785 1725 3838 ἐκέλευσεν
1750 3783 1807 3834 ἐν
1825 3779 1990 3834 παντὶ

306 3882 674 3953 εὐχαριστεῖν.
711 3880 880 3933 Ὅταν
918 3878 974 3931 δὲ
1007 3879 1158 3950 εἴπῃ,
1201 3878 1298 3930 Ἐν
1337 3875 1514 3929 παντὶ
1555 3869 1988 3940 εὐχαριστεῖτε,

306 3971 468 4024 τοῦτο
499 3969 671 4037 λέγει,
723 3967 800 4038 μὴ
846 3967 1004 4038 μόνον
1051 3967 1109 4018 ἐν
1149 3966 1215 4035 τῇ
1241 3963 1392 4016 λύσει
1430 3961 1540 4014 τῶν
1562 3957 1751 4012 δεινῶν
1771 3958 1818 4021 1³,
1852 3955 1990 4011 άλλά

305 4061 406 4113 καὶ
432 4060 490 4111 ἐν
529 4057 606 4128 τῷ
641 4056 818 4130 καιρῷ
848 4057 956 4108 τῶν
993 4054 1201 4108 δεινῶν·
1254 4051 1382 4117 Τοῖς
1415 4049 1523 4119 γάρ
1566 4045 1842 4117 ἀγαπῶσι
1885 4046 1992 4098 τὸν

309 4147 463 4200 θεὸν
485 4145 682 4199 πάντα
728 4143 1012 4212 συνεργεῖ
1065 4145 1152 4208 εἰς
1198 4140 1444 4210 ἀγαθόν.
1493 4135 1991 4206 Εὐχαριστήσωμεν

307 4233 463 4305 αὐτῷ
488 4233 576 4286 διὰ
594 4233 691 4303 τὴν
705 4231 860 4284 λύσιν
876 4232 984 4283 τῶν
1016 4227 1362 4300 πειρασμῶν,
1388 4225 1482 4278 καὶ
1508 4223 1581 4294 μὴ
1605 4219 1990 4290 ἐπιλαθώμεθα

307 4321 518 4375 τούτων
547 4320 699 4373 ποτέο
724 4319 908 4388 εὐχαῖς
942 4315 1320 4387 προσέχωμεν,
1352 4309 1656 4383 ἱκετηρίαις
1688 4307 1989 4375 συνεχέσιν,

312 4407 572 4478 εὐλαϐείᾳ
603 4405 794 4474 πολλῇ.
845 4404 973 4455 Ὅτε
1008 4402 1158 4471 παρὰ
1205 4399 1305 4469 τὴν
1354 4395 1592 4468 ἀρχὴνὴ
1640 4393 1852 4463 χαλεπὴ
1881 4392 1992 4444 τῶν

312 4495 504 4549 κακῶν
527 4494 729 4548 τούτων
745 4489 961 4560 ἀνήφθη
1003 4487 1170 4558 πυρὰ,
1198 4487 1404 4553 ἔλεγον,
1430 4485 1512 4536 ὅτι
1535 4483 1635 4535 οὐκ
1663 4480 1779 4533 ἐστι
1803 4480 1994 4551 καιρὸς

311 4581 685 4642 διδασκαλίας,
722 4577 857 4632 ἀλλὰ
884 4575 1074 4647 καιρὸς
1103 4573 1298 4644 εὐχῶν·
1320 4571 1475 4624 τοῦτο
1499 4570 1562 4640 δὴ
1581 4570 1674 4623 καλ⁸
1694 4569 1811 4631 νῦν,
1841 4570 1993 4621 ἐπει-

312 4671 380 4742 δὴ
412 4666 848 4738 ἐσϐέσθη,λέγω,
879 4667 960 4718 ότι
988 4662 1082 4716 νῦν
1116 4660 1350 4732 μάλιστα
1375 4657 1567 4730 καιρὸς
1596 4657 1771 4728 εὐχῶν
1798 4656 1832 4728 ἢ
1862 4654 1996 4726 πρό-

314 4741 500 4827 τερον,
536 4747 632 4809 νῦν
666 4752 902 4825 μάλιστα
926 4751 1117 4822 καιρὸς
1141 4748 1391 4819 δακρύων
1415 4748 1509 4801 καὶ
1533 4744 1873 4808 κατανύξεως
1903 4741 1996 4795 καὶ

315 4845 499 4915 ψυῂς
548 4841 932 4912 πεπονημένης
983 4838 1079 4892 καὶ
1130 4836 1334 4904 πολλῆς
1377 4835 1614 4904 σπουδῆς
1669 4835 1765 4886 καῖ
1794 4830 1997 4900 πολλῆς

319 4929 642 4998 ἀσφαλείας.
683 4928 816 4981 Τότε
867 4928 966 5000 μὲν
997 4925 1106 4996 γὰρ
1159 4923 1295 4992 αὐτὴ
1342 4921 1450 4974 τῶν
1488 4921 1720 4989 θλίψεων
1768 4921 1802 4990 η
1837 4916 1999 4986 φύσις

322 5018 420 5070 καλ⁵
431 5019 660 5079 ἄκοντας
677 5018 825 5086 ἡμᾶς
850 5014 1162 5070 συνέστελλε
1175 5012 1265 5064 καὶ
1281 5011 1577 5080 σωφρονεῖν
1599 5004 1995 5078 παρεσκεύαζε,

321 5105 421 5159 καὶ
482 5105 618 5174 πρὸς
680 5103 903 5157 πλείονα
966 5105 1174 5174 ἢγαγεν
1237 5097 1542 5151 εὐλάϐειανο
1580 5096 1699 5148 νυνὶ
1729 5094 1786 5146 δέ
1818 5094 1990 5160 ἀφαι-

329 5192 582 5266 ρεθέντος
601 5189 697 5243 τοῦ
727 5188 968 5260 χαλινοῦ,
997 5190 1092 5243 καὶ
1120 5187 1212 5241 τοῦ
1231 5186 1423 5253 νέφους
1455 5180 1837 5253 παρελθόντος,
1856 5178 1996 5241 δέος,

332 5289 409 5358 μὴ
447 5287 583 5358 πρὸς
614 5282 886 5356 ρᾳθυμίαν
925 5282 1330 5350 ἀποκλίνωμεν,
1382 5275 1455 5346 μὴ
1488 5273 1802 5344 χαυνότεροι
1830 5268 2001 5337 γενώο

333 5375 475 5446 μεθα
505 5373 665 5427 πάλιν
690 5370 794 5424 ὑπὸ
821 5370 920 5440 τῆς
955 5370 1210 5432 ἀνέσεως,
1265 5366 1338 5437 μὴ
1373 5364 1466 5416 καὶ
1498 5360 1628 5430 περὶ
1671 5358 1831 5428 ἡμῶν
1872 5358 2000 5426 εἴπῃ

327 5481 435 5525 τις·
478 5463 614 5515 Ὅτε
646 5457 996 5513 ἀπέκτεινεν
1012 5456 1254 5521 αὐτοὺς,
1283 5454 1414 5508 τότε
1445 5448 1764 5515 ἑξεζήτουν
1793 5445 2002 5506 αὑτὸν,

332 5550 430 5602 καὶ
458 5551 850 5617 ἐπέστρεφον,
902 5542 1001 5596 καὶ
1037 5541 1315 5611 ὤρθριζον
1357 5538 1505 5608 πρὸς
1547 5535 1652 5590 τὸν
1691 5533 1860 5586 Θεόν.
1906 5531 2004 5584 Διά

330 5637 492 5690 τοῦτο
519 5638 614 5691 καὶ
642 5634 879 5705 Μωῦσῆς
904 5630 1175 5694 Ἰουδαίοις
1203 5631 1430 5702 παρῄνει
1463 5627 1655 5695 λέγων·
1680 5619 1891 5691 Φαγὼν
1905 5621 2003 5672 καὶ

327 5724 485 5777 πιὼν
515 5723 613 5776 καί
628 5719 996 5793 ἐμπλησθεὶς
1007 5716 1311 5788 μνήσθητι
1326 5717 1544 5785 Κτιρίου
1566 5711 1670 5767 τοῦ
1699 5707 1848 5764 Θεοῦ
1862 5723 2000 5761 σου.

399 5861 428 5924 9
459 5858 610 5909 Savil.
635 5868 687 5909 et
709 5863 902 5924 quidam
926 5873 1042 5909 mss.
1064 5857 1385 5920 ὓπεψάλαμιν.

398 5922 428 5962 δ
452 5926 563 5973 διν.
587 5925 681 5971 τῶν
702 5922 988 5985 πειρασμῶν.

2093 2662 2208 2720 Νῦν
2240 2663 2393 2733 ὐμῶν
2421 2661 2453 2732 ἠ
2488 2659 2871 2730 εὐγνωμοσύνη
2925 2660 3194 2726 φανεῖται,
3226 2653 3294 2710 ἀν
3325 2658 3416 2710 ἐπι
3461 2657 3564 2726 τῆς
3606 2657 3769 2715 εὐλαο

2095 2752 2244 2814 ϐείας
2278 2749 2474 2820 μένητε
2501 2748 2601 2817 τῆς
2630 2745 2820 2814 αὐτῆς
2857 2745 2979 2797 τότε
3014 2745 3111 2814 μὲν
3154 2743 3264 2815 γάρ
3292 2744 3476 2798 πολλοὶ
3509 2745 3586 2817 τῷ
3621 2741 3774 2810 φόϐῳ

2094 2839 2185 2892 καὶ
2213 2840 2278 2907 τῇ
2310 2836 2418 2888 τῶν
2441 2833 2629 2887 δεινῶν
2650 2835 2911 2901 ἐπαγωγῇ
2939 2831 3035 2902 τὴν
3061 2831 3298 2902 σπουδὴν
3312 2831 3466 2902 ὑμῶν
3499 2831 3772 2899 ἐλογίζον-

2092 2943 2172 2977 τοο
2209 2923 2304 2976 νῦν
2337 2922 2392 2974 δέ
2419 2920 2661 2991 καθαρὸν
2689 2919 2845 2990 ὐμῶν
2871 2919 3022 2971 ἔσται
3055 2917 3118 2971 τὸ
3157 2918 3510 2990 κατόρθωμα,
3555 2919 3622 2973 ἂν
3653 2919 3772 2990 μειο

2092 3027 2219 3081 νητε
2268 3010 2369 3081 τὴν
2402 3007 2572 3078 αὐτὴν
2599 3006 2985 3078 διατηροῦντες
3017 3005 3275 3077 σπουδήν.
3321 3005 3479 3059 Ἐπεὶ
3508 3006 3603 3059 καὶ
3642 3022 3772 3060 παιο

2091 3098 2221 3160 δίον,
2252 3098 2358 3160 ’έως
2385 3095 2480 3167 μὲν
2500 3096 2566 3148 ἂν
2606 3094 2711 3146 ὐπὸ
2735 3090 3088 3161 παιδαγωγοῦ
3133 3110 3277 3156 τινος
3305 3092 3770 3165 άγηταιφοϐεροῦ,

2093 3185 2188 3238 καὶ
2223 3183 2360 3255 μετά
2411 3181 2767 3254 σωφροσύνης
2810 3181 2905 3234 καὶ
2937 3178 3240 3243 ἐπιεικείας
3271 3177 3340 3251 ζῇ
3374 3191 3424 3244 ε,
3458 3179 3778 3251 θαυμαστὸν

2093 3271 2268 3331 οὐδὲν,
2289 3268 2426 3322 ἀλλὰ
2468 3267 2546 3338 τῷ
2575 3268 2670 3322 τοῦ
2716 3265 3068 3337 παιδαγωγοῦ
3101 3265 3254 3336 φόϐῳ
3286 3266 3387 3336 τὴν
3416 3267 3776 3338 σωφροσύνην

2094 3358 2190 3413 τοῦ
2231 3359 2352 3412 νέου
2385 3358 2688 3426 λογίζονται
2744 3356 2966 3418 πάντεςο
3007 3356 3137 3409 ὅταν
3190 3354 3251 3408 δέ
3293 3354 3635 3423 ἀποθέμενος
3673 3355 3773 3424 τὴν

2095 3447 2305 3501 ἐκεῖθεν
2333 3445 2600 3514 ἀνάγκην,
2631 3444 2724 3498 ἐπὶ
2763 3444 2862 3513 τῆς
2891 3443 3062 3511 αὐτῆς
3094 3441 3231 3514 μένῃ
3264 3441 3617 3512 σεμνότητος,
3653 3440 3776 3494 τότε

2095 3535 2189 3588 καὶ
2215 3535 2316 3605 τὴν
2359 3533 2452 3586 ἐπὶ
2499 3533 2596 3603 τῆς
2635 3531 2908 3603 προτέρας
2957 3529 3173 3600 ἡλικίας
3217 3527 3574 3599 σωφροσύνην
3621 3527 3776 3597 αὐτῷ

2096 3622 2299 3684 πάντες
2347 3618 2676 3688 λογίζονται.
2726 3616 2898 3672 Τοῦτο
2926 3616 2990 3686 δὴ
3021 3615 3114 3668 καλ⁵
3157 3615 3319 3685 ἡμεῖς
3358 3616 3676 3686 ποιήσωμεν
3716 3612 3772 3651 ⁸ο

2096 3709 2189 3763 ἐπί
2215 3707 2316 3778 τῆς
2346 3707 2516 3778 αὐτῆς
2547 3705 2799 3776 μένωμεν
2829 3703 3132 3766 εὐλαϐείας,
3159 3705 3245 3757 ἵνα
3261 3704 3354 3757 καὶ
3378 3704 3480 3774 τῆς
3507 3703 3783 3775 προτέρας

2099 3796 2334 3866 σπουδῆς
2359 3794 2527 3848 πολὺν
2554 3793 2647 3847 τὸν
2695 3793 2919 3846 ἔπαινον
2966 3789 3119 3862 παρά
3148 3787 3242 3843 τοῦ
3295 3788 3433 3842 Θεοῦ
3467 3788 3781 3860 καρπωσώυ

2107 3883 2269 3954 μεθα.
2299 3881 2488 3954 Μυρία
2541 3880 3034 3954 προσεδοκήσαμεν
3089 3877 3258 3944 δεινὰ,
3303 3877 3402 3941 τάς
3457 3878 3650 3942 οὐσίας
3704 3878 3787 3933 τις

2100 3975 2522 4048 αρπαγήσεσθαι
2552 3973 2796 4036 πάντων,
2837 3971 2910 4025 τά
2953 3971 3231 4041 οἰκήματα
3283 3963 3779 4048 ἐμπρησθησεσθαι

2103 4046 2243 4132 μετά
2278 4046 2386 4115 τῶν
2417 4059 2734 4119 οἰκούντων,
2777 4056 2875 4125 τὴν
2921 4055 3074 4108 πόλιν
3125 4056 3189 4106 ἐκ
3229 4052 3400 4123 μέσης
3428 4046 3784 4132 ἀναρπασοήο

2101 4130 2292 4198 σεσθαι
2317 4145 2416 4214 τῆς
2443 4141 2789 4212 οἰκουμένης,
2825 4138 2920 4192 καὶ
2963 4138 3032 4189 τά
3070 4136 3295 4204 λείψανα
3343 4133 3514 4202 αὐτῆς
3551 4130 3778 4214 ἀπολεῖ-

2101 4225 2228 4278 σθαι
2261 4213 2503 4284 ἅπαντα,
2548 4223 2775 4291 ἄροτρον
2801 4220 2971 4290 αὐτῆς
3000 4219 3060 4270 τὸ
3089 4217 3282 4286 ἔδαφος
3319 4214 3566 4280 δέξεσθαι
3590 4229 3606 4246 ο
3655 4213 3776 4268 ἀλλ’

2102 4309 2212 4361 ἰδοὺ
2251 4307 2426 4361 ταῦτα
2461 4307 2640 4359 πάντα
2677 4304 2774 4356 ἐπὶ
2810 4302 2910 4373 τῆς
2942 4300 3269 4372 προσδοκίας
3303 4297 3433 4369 ἐστη
3470 4297 3629 4368 μόνον
3679 4299 3776 4350 καὶ

2097 4394 2178 4456 εἰς
2206 4391 2364 4463 ἔργον
2393 4392 2496 4444 οὐκ
2523 4387 2737 4459 ἐξῆλθε.
2775 4387 2886 4439 Καὶ
2920 4385 2982 4438 οὐ
3010 4383 3167 4437 τοῦτο
3196 4382 3358 4452 μόνον
3386 4381 3502 4433 ἐστὶ
3627 4378 3774 4463 -θαυ-

2101 4461 2328 4546 μαστὸν,
2362 4475 2445 4527 ὃτι
2469 4471 2722 4525 τοσοῦτον
2752 4469 2994 4523 κίνδυνον
3043 4467 3229 4517 ἔλυσεν
3260 4467 3289 4517 ό
3327 4463 3480 4524 Θεὸς,
3524 4461 3639 4514 ἀλλ’
3691 4461 3773 4513 ὃτι

2099 4543 2196 4613 καὶ
2238 4556 2449 4628 μεγάλα
2482 4555 2628 4624 ἡμᾶς
2657 4549 3010 4620 εὐηργέτησε,
3032 4548 3127 4601 καὶ
3150 4545 3431 4628 τὴνηπόλιν
3459 4543 3618 4628 ἡμῶν
3652 4543 3776 4596 ἐκό-

2102 4626 2300 4713 σμησε,
2350 4639 2445 4692 καὶ
2491 4636 2578 4689 διά
2619 4631 2771 4705 [172]
2818 4631 2914 4683 τοῦ
2963 4626 3272 4713 πειρασμοῦ
3304 4626 3774 4713 τούτουκαλΔτῆς

2103 4705 2387 4795 συμφορᾶς
2405 4716 2804 4789 δοκιμωτέρονς
2829 4712 3124 4785 εἰργάσατο
3142 4727 3156 4742 ·
3188 4711 3285 4766 καὶ
3302 4709 3442 4774 πῶς.
3471 4707 3582 4778 ἐγὼ
3605 4705 3772 4776 λέγω.

2172 4820 2300 4874 Ὅτε
2323 4819 2372 4871 οἰ
2412 4816 2564 4886 παρά
2585 4815 2678 4866 τοῦ
2705 4812 2969 4883 βασιλέως
3007 4809 3402 4871 ἀποσταλέντες
3431 4808 3524 4860 ἐπι
3551 4809 3649 4879 τὴν
3671 4808 3781 4860 τῶν

2103 4905 2479 4976 γεγενημένων
2509 4899 2777 4966 ἐξέτασιν,
2819 4899 2879 4951 τὸ
2913 4895 3142 4967 φοϐερὸν
3165 4895 3340 4946 ἐκεῖνο
3369 4895 3776 4965 συνεκρότησαν

2101 4995 2474 5062 δικαστήριον,
2502 4989 2599 5043 καὶ
2643 4989 2850 5049 πάντας
2880 4985 2973 5036 ἐπὶ
2996 4983 3094 5045 τὰς
3121 4981 3348 5044 εὐθύνας
3380 4981 3490 5033 τῶν
3513 4979 3778 5051 τετολμη-

2107 5081 2282 5150 μένων
2313 5078 2560 5140 ἐκάλουν,
2584 5076 2677 5128 xui
2712 5073 2956 5127 θανάτων
2984 5069 3256 5141 διαφόρων
3282 5067 3577 5140 προσδοκία
3611 5070 3778 5122 πᾶσιν

2103 5162 2193 5237 ἦν,
2220 5166 2334 5219 τότε
2371 5169 2422 5219 οἱ
2453 5165 2553 5227 τὰς
2572 5161 2881 5233 ἀκρωρείας
2912 5158 3018 5212 τῶν
3045 5155 3187 5228 ὁρῶν
3207 5153 3588 5218 κατοικοῦντες
3617 5171 3779 5225 μονα-

2106 5257 2190 5326 χοὶ
2237 5257 2333 5326 τὴν
2382 5257 2587 5310 οἰκείαν
2641 5250 2981 5316 ἐπεδείξαντο
3028 5244 3365 5318 φιλοσοφίαν.
3428 5243 3615 5298 Ἐτεσι
3671 5243 3780 5312 γάρ

2106 5344 2381 5407 τοσούτοις
2401 5346 2457 5398 ἐν
2475 5346 2593 5406 ταῖς
2613 5341 2792 5396 αὐτῶν
2815 5337 3080 5399 καλύϐαις
3111 5332 3614 5403 συγκεκλεισμένοι,
3638 5331 3784 5382 οὐδε.

2108 5433 2193 5496 νὸς
2222 5432 2725 5504 παρακαλέσαντος,
2764 5427 2976 5489 οὐδενὸς
3017 5421 3540 5495 συμϐουλεύσαντος,
3595 5419 3782 5490 ἐπειδὴ

2109 5522 2359 5574 τοσοῦτον
2381 5523 2539 5591 νέφος
2563 5515 2703 5574 εἶδον
2729 5519 2827 5588 τὴν
2860 5516 3013 5568 πόλιν
3047 5524 3070 5552 ο
3106 5508 3548 5582 περιιστάμενον,
3571 5507 3784 5560 καταλι-

2112 5609 2305 5672 πόντες
2324 5611 2502 5663 αὐτῶν
2525 5609 2623 5672 τας
2648 5607 2849 5677 σκηνὰς
2868 5602 2962 5658 καὶ
2983 5599 3050 5654 τά
3072 5598 3331 5671 σπήλαια,
3367 5593 3632 5648 πάντοθεν
3663 5611 3785 5648 συν-

2121 5783 2132 5796 '
2185 5721 2206 5748 ε
2237 5715 2465 5796 8οΙνὶ1.νςί
2503 5715 2700 5776 quidam
2743 5725 2857 5762 mss.
2903 5705 3124 5774 φοϐεροῦ,
3165 5706 3254 5756 κᾶν
3297 5702 3646 5768 σωφρονῇμιάν
3669 5697 3785 5758 μετά

2116 5781 2365 5832 ἐπιεικείας
2389 5781 2461 5837 ζῇ.

2177 5843 2203 5881 d
2227 5839 2321 5900 Alii
2342 5840 2570 5900 ποιῶμεν.

2182 5907 2206 5934 ⁸
2227 5899 2323 5954 Alii
2346 5905 2402 5964 τῇ
2424 5899 2559 5948 ita)“
