4414 6700
447 488 547 545 Πῦ

444 598 659 668 profecti
693 641 703 651 .
736 607 791 655 et
817 606 931 653 erat
950 606 1172 651 cernere
1202 598 1329 642 tunc
1351 587 1616 642 civitatem
1644 585 1867 641 similem
1894 588 2017 643 ted-

445 694 606 747 ditam
630 694 784 757 caelo,
816 708 936 748 cum
967 688 1161 754 ubique
1185 691 1526 738 occurrerent
1549 680 1623 735 illi
1650 680 1816 734 sancti
1846 681 1926 736 vel
1956 697 2023 736 ex

445 796 665 854 aspectu
682 786 798 838 solo
814 783 1001 838 dolore
1024 788 1239 845 pressos
1258 772 1619 834 consolantes,
1642 780 1695 825 et
1718 770 1783 825 ad
1809 787 2021 826 omnem

447 877 759 930 calamitatis
798 874 1160 935 contemptum
1200 862 1532 917 inducentes.
1575 860 1703 927 Quis
1739 862 1879 915 enim
1908 862 2025 915 illos

447 968 811 1035 conspicatus,
838 967 1063 1013 mortem
1092 970 1198 1009 non
1225 952 1497 1007 derisisset
1520 992 1533 1016 ,
1567 966 1670 1005 non
1698 952 2027 1021 despexisset

448 1057 648 1110 vitam?
676 1054 782 1108 Nec
803 1051 903 1102 hoc
922 1046 1094 1100 solum
1114 1055 1229 1099 erat
1248 1042 1509 1109 mirabile,
1526 1042 1618 1097 sed
1638 1043 1778 1113 quod
1800 1042 1865 1095 ad
1886 1041 2031 1109 prin-

449 1148 598 1216 cipes
638 1146 783 1211 ipsos
826 1138 1143 1193 accedentes
1179 1151 1300 1190 cum
1342 1134 1532 1190 ﬁducia
1557 1135 1905 1205 loquebantur
1936 1145 2030 1199 pro

453 1239 560 1291 reis
580 1246 633 1290 et
654 1245 841 1285 omnes
860 1229 1171 1297 sanguinem
1195 1225 1464 1281 effundere
1487 1227 1649 1295 parati
1671 1233 1842 1289 erant,
1867 1231 1920 1276 et
1940 1237 2031 1275 ca-

461 1321 573 1390 pita
588 1319 875 1383 deponere,
894 1319 1151 1382 utcaptos
1167 1312 1234 1366 ab
1250 1316 1570 1382 exspectatis
1589 1313 2030 1367 tribulationibus

465 1410 765 1473 eriperent:
789 1414 842 1457 et
861 1404 1183 1460 dixeruntse
1200 1421 1304 1458 non
1329 1406 1477 1475 prius
1504 1420 1841 1465 recessuros.
1864 1419 2029 1473 quam

458 1495 671 1567 judices
703 1501 987 1561 parcerent
1015 1493 1249 1548 civitatis
1277 1497 1493 1564 populo,
1518 1497 1597 1547 vel
1630 1511 1689 1548 se
1715 1495 1875 1548 simul
1904 1509 2028 1547 cum

459 1582 570 1635 reis
583 1582 645 1632 ad
663 1578 788 1647 Imp.
811 1590 1045 1635 ratorcm
1068 1582 1270 1652 legatos
1285 1586 1573 1637 mitterent.
1599 1582 1904 1649 ReligiOs-us
1923 1590 2026 1642 est,

456 1669 652 1737 inquit.
674 1669 765 1736 qui
785 1678 971 1723 nostro
988 1671 1103 1725 orbi
1123 1672 1454 1732 dominatur,
1473 1670 1665 1726 ﬁdelis.
1686 1684 1809 1721 cum
1831 1668 2031 1733 pietate

452 1747 670 1798 vivens:
694 1760 792 1800 nos
812 1747 971 1816 igitur
994 1746 1164 1817 ipsum
1187 1747 1403 1800 omnino
1425 1741 1902 1804 reconciliahimus,
1927 1754 2030 1792 non

454 1837 823 1905 permittemus
866 1837 1040 1903 vobis,
1083 1850 1254 1904 neque
1296 1832 1650 1886 concedeinus
1690 1844 1869 1885 ensem
1916 1830 2031 1899 pol-

456 1930 625 1993 luere,
655 1943 753 1987 nec
780 1933 936 1986 ullius
966 1926 1277 1983 abscindere
1303 1933 1481 1993 caput.
1509 1922 1564 1978 Si
1586 1938 1711 1976 vero
1739 1938 1841 1977 non
1869 1923 2031 1978 absti-

458 2020 649 2088 neatis,
680 2032 731 2076 et
770 2037 869 2075 nos
907 2034 1025 2074 cum
1068 2018 1196 2086 ipsis
1234 2016 1452 2070 omnino
1492 2017 1795 2070 moriemur.
1840 2014 2030 2069 Gravia

456 2112 672 2180 quidem
699 2120 901 2180 patrata
926 2118 1068 2173 sunt,
1101 2118 1154 2162 et
1190 2122 1287 2162 nos
1317 2107 1647 2170 confitemur,
1675 2106 1768 2161 sed
1802 2107 2034 2175 Impera-

461 2207 594 2258 toris
642 2203 1023 2256 humanitatem
1069 2215 1175 2254 non
1220 2199 1427 2254 excedit
1463 2208 1732 2269 gestorum
1765 2197 2032 2265 iniquitas.

464 2295 665 2349 Dicitur
706 2290 919 2361 quidam
975 2291 1204 2359 ipsorum
1254 2289 1395 2343 aliud
1429 2288 1650 2343 verbum
1689 2284 2037 2356 philosophia:

464 2384 677 2451 plenum
704 2380 902 2434 dixisse
928 2378 1007 2449 (α)
1033 2397 1045 2432 :
1074 2378 1274 2434 Statua:
1315 2377 1528 2447 quidem
1564 2376 1783 2444 dejecta:
1824 2389 2038 2428 rursum

462 2483 659 2528 erecta:
699 2470 931 2536 fuerunt,
957 2482 1011 2527 et
1041 2471 1310 2541 propriam
1350 2476 1667 2538 receperunt
1710 2468 1955 2527 formam,
1985 2476 2037 2519 ct

463 2564 669 2618 facinus
688 2563 1069 2618 correctionem
1092 2562 1272 2616 habuit
1293 2561 1657 2623 celerrimatn;
1682 2558 1724 2610 si
1747 2566 1921 2613 autem
1944 2571 2041 2610 vos

466 2654 560 2708 Dei
586 2654 865 2723 imaginem
895 2651 1197 2707 occideritis
1221 2691 1237 2717 ,
1269 2649 1536 2719 quomodo
1560 2661 1772 2701 rursum
1798 2646 2042 2715 poteritis

466 2752 796 2811 peremptum
824 2740 1113 2795 revocare?
1142 2738 1409 2807 quomodo
1437 2736 1673 2805 perditos
1701 2735 2039 2797 resuseime,

464 2842 519 2886 et
538 2833 741 2886 animas
757 2832 1067 2901 corporibus
1087 2831 1342 2884 reddere?
1363 2829 1523 2882 Multa
1545 2836 1595 2880 ct
1612 2827 1678 2880 de
1694 2825 1893 2894 judicio
1915 2825 2043 2893 ipsis

466 2924 783 2978 disseruere.

534 3013 590 3065 2.
630 3014 759 3078 Quis
802 3028 906 3067 non
940 3010 1376 3080 obstupescerct?
1402 3009 1518 3078 quis
1556 3023 1659 3062 non
1690 3008 1921 3062 virorum
1954 3022 2045 3061 sa-

468 3102 716 3171 pientiam
734 3100 1120 3156 admiraretur?
1137 3099 1266 3153 Nam
1292 3100 1335 3152 si
1356 3098 1594 3169 quietiam
1611 3099 1626 3129 ¹
1648 3112 1856 3150 reorutn
1872 3108 2044 3150 mater

468 3193 665 3247 nudato
692 3194 865 3262 capite
886 3202 940 3247 et
964 3192 1111 3246 canis
1132 3192 1378 3256 ostensis,
1401 3189 1681 3259 judicaturi
1706 3202 1898 3257 equum
1923 3185 2044 3240 frac-

469 3300 538 3338 no
566 3285 990 3354 apprehendens,
1022 3293 1074 3339 et
1102 3300 1196 3350 per
1220 3283 1387 3337 forum
1417 3292 1848 3349 prmtercurrens,
1876 3278 1954 3332 sic
1978 3278 2041 3331 ad

467 3378 718 3445 judicium
757 3376 912 3429 simul
951 3375 1186 3443 ingressa
1213 3381 1293 3425 est
1322 3389 1336 3425 :
1365 3384 1550 3425 omnes
1574 3367 1921 3437 obstupefacti
1950 3383 2045 3421 su-

470 3483 587 3521 mus
611 3510 626 3533 ,
659 3483 845 3521 omnes
884 3466 1125 3520 admirati
1158 3464 1403 3534 pietatem
1433 3473 1484 3517 et
1518 3460 1998 3531 magnanimitatem
2030 3477 2044 3512 τ

469 3559 735 3627 quomodo
778 3573 883 3611 non
927 3558 1092 3624 magis
1130 3556 1193 3607 ad
1234 3555 1330 3607 hos
1377 3554 1753 3623 obstupescere
1797 3550 2048 3620 Oportet?

471 3652 559 3703 Illa
586 3649 727 3703 enim
759 3648 917 3702 etiam
946 3648 990 3702 si
1019 3656 1223 3700 mortua
1251 3654 1391 3700 esset
1423 3659 1516 3713 pro
1544 3643 1668 3708 filio,
1697 3643 1826 3696 nihil
1853 3644 2054 3696 miran-

470 3740 595 3792 dum
630 3756 641 3790 :
672 3754 858 3807 magna
885 3738 1026 3791 enim
1064 3746 1263 3789 natura:
1289 3737 1395 3799 vis,
1434 3743 1486 3787 et
1524 3734 1942 3804 inexpugnabilis
1968 3734 2049 3786 vi-

472 3846 680 3884 scerum
730 3830 1017 3884 necessitas
1047 3847 1059 3882 :
1088 3828 1141 3882 hi
1169 3843 1296 3882 vero
1323 3842 1455 3896 quos
1485 3841 1589 3880 non
1627 3835 1924 3895 genuerunt
1953 3839 2052 3878 nec

472 3922 783 3987 educarunt,
815 3921 920 3973 imo
944 3935 1070 3974 vero
1096 3935 1227 3987 quos
1255 3936 1359 3972 non
1390 3925 1672 3981 noverunt,
1699 3932 1923 3987 quorum
1953 3931 2049 3970 ηο-

474 4025 595 4063 men
624 4025 729 4062 non
758 4010 1057 4071 audierunt,
1087 4008 1397 4077 quibuscum
1438 4022 1722 4075 numquam
1756 4005 2052 4060 conversati

475 4110 632 4168 sunt,
672 4117 805 4171 quos
841 4116 906 4157 cx
948 4102 1058 4156 sola
1100 4109 1364 4154 noverunt
1396 4099 1696 4152 calamitate
1718 4140 1733 4163 ,
1769 4098 1819 4151 in
1852 4107 2050 4150 tantum

476 4203 820 4259 amaverunt,
849 4203 905 4247 ut
929 4195 1087 4248 etiam
1130 4191 1173 4247 si
1214 4190 1444 4244 inﬁnitas
1484 4190 1787 4244 habuissent
1810 4190 2011 4242 animas
2035 4229 2049 4249 ,

477 4300 663 4340 omnes
688 4300 787 4354 pro
813 4285 1024 4338 illorum
1051 4283 1218 4336 salute
1245 4279 1455 4335 tradere
1481 4280 1691 4334 vellent.
1720 4278 1901 4346 Neque
1926 4276 2052 4329 mihi

478 4376 625 4428 dicas
648 4374 750 4427 hoc
777 4373 916 4442 quod
945 4388 1047 4425 non
1070 4370 1291 4439 jugulati
1317 4370 1445 4432 sint,
1472 4384 1568 4424 nec
1592 4369 1899 4436 sanguinem
1923 4364 2055 4419 effu-

478 4465 685 4527 derint;
718 4463 811 4517 sed
842 4461 981 4531 quod
1010 4468 1151 4513 tanta
1179 4468 1362 4513 contra
1398 4460 1605 4527 judices
1634 4458 1711 4512 usi
1750 4457 1855 4510 sint
1897 4456 2054 4508 liber-

480 4564 620 4618 tate,
648 4564 843 4623 quanta
878 4553 1022 4607 Solos
1051 4552 1119 4606 de
1147 4551 1316 4605 salute
1354 4567 1446 4605 sua
1476 4551 1783 4619 desperatos
1810 4550 1882 4603 uti
1913 4550 2053 4602 veri-

479 4646 651 4701 simile
692 4644 787 4699 fuit
827 4661 840 4697 :
881 4653 935 4698 et
978 4642 1069 4696 tali
1109 4657 1229 4695 cum
1277 4643 1535 4696 sententia
1578 4641 1644 4695 de
1683 4641 1948 4694 montibus
1989 4639 2054 4692 ad

481 4738 711 4793 tribunal
740 4736 1086 4791 cucurrerint.
1116 4734 1223 4787 Nec
1250 4735 1390 4788 enim
1424 4735 1521 4788 nisi
1556 4734 1697 4801 prius
1721 4746 1779 4787 se
1806 4731 1918 4785 neci
1941 4731 2055 4784 cui-

483 4830 609 4883 libet
633 4835 1039 4897 przeparassent,
1064 4835 1169 4879 tam
1197 4825 1361 4880 libere
1392 4828 1683 4895 potuissent
1706 4822 1911 4892 judices
1935 4822 2060 4876 allo-

481 4920 590 4988 qui,
615 4927 668 4972 et
688 4926 885 4971 tantam
913 4925 1037 4971 tunc
1054 4915 1305 4969 exhihere
1325 4914 1806 4987 magnanimitatem
1826 4929 1839 4964 :
1859 4914 2056 4966 etenim

479 5019 604 5064 ante
632 5008 864 5078 praetorii
888 5010 1078 5077 januas
1107 5016 1248 5062 toms
1275 5007 1389 5062 dies
1418 5009 1639 5078 agebant
1669 5006 1933 5069 sedentes,
1964 5005 2058 5059 ab-

481 5100 751 5155 ducendos
779 5098 847 5153 de
875 5099 1182 5153 carnificum
1211 5099 1454 5153 manibus
1482 5099 1689 5167 eripere
1716 5096 1902 5165 parati.

556 5191 741 5244 Omnes
772 5189 1055 5258 philosophi
1087 5189 1261 5242 urbem
1297 5188 1351 5241 in
1388 5189 1676 5241 calamitate
1712 5188 2056 5240 deseruerunt.

482 5314 551 5325 —
573 5283 670 5338 Ubi
694 5296 832 5335 nunc
854 5289 977 5336 sunt
998 5281 1149 5351 pallia
1175 5290 1460 5351 gestantes.
1483 5290 1536 5335 et
1558 5280 1867 5350 profundam
1889 5288 2061 5333 osten-

483 5382 654 5426 tantes
678 5371 911 5434 barbam,
936 5381 989 5426 et
1008 5372 1223 5426 baculos
1242 5372 1424 5427 dextra
1448 5371 1696 5435 ferentes,
1721 5381 2057 5426 externorum

485 5462 818 5533 philosophi,
872 5463 1051 5531 cynica
1101 5464 1339 5532 piacula,
1382 5463 1805 5518 submensalibus
1842 5462 2060 5516 canibus

485 5554 781 5616 inferiores,
814 5554 1119 5622 ventrisque
1147 5569 1304 5608 causa
1332 5564 1520 5608 cuncta
1548 5552 1836 5631 facientes?
1862 5550 2058 5606 Omnes

548 5738 565 5765 ε
600 5740 816 5783 Fortasse
857 5729 1040 5779 rectius
1074 5731 1145 5779 sic
1176 5730 1530 5780 instauraretur
1574 5728 1798 5792 phrasis:
1829 5735 1948 5777 Nam
1988 5727 2059 5787 si,

486 5808 596 5844 cum
620 5806 860 5854 qumaam,
887 5799 981 5842 etc.

551 5851 728 5917 (tq'ttic
747 5856 904 5919 agitur
927 5854 991 5904 de
1016 5852 1283 5903 itaccdonio
1306 5851 1536 5903 monacho

1189 480 1280 536 AD
1320 476 1638 533 POPUI.U.\I
1679 476 2158 534 ANTIOCIIENUM
2226 479 2456 537 IIOMIL.
2497 479 2659 536 XVII.
3604 484 3699 542 ’τι

2129 601 2253 645 tunc
2279 591 2545 645 civitatem
2572 590 2936 651 deseruerunt.
2966 592 3268 648 resilierunt
3295 606 3501 651 omnes.
3530 593 3580 645 in
3610 612 3701 647 ea-

2127 694 2318 734 vernas
2346 680 2543 734 conditi
2571 691 2725 747 sunt;
2752 683 2849 737 soli
2875 698 3000 738 vero
3026 684 3111 751 qui
3139 697 3233 753 per
3256 696 3415 751 opera
3444 697 3565 736 vere
3592 684 3704 750 phi-

2130 770 2424 840 losopliiam
2452 772 2735 839 exhibent,
2768 790 2828 829 ac
2868 775 2911 828 si
2961 775 3159 828 nullum
3197 775 3463 829 civitatein
3508 772 3705 827 malum

2131 861 2658 932 comprehendisset,
2688 867 2764 919 sic
2803 865 3060 935 intrepide
3090 866 3141 919 in
3183 865 3298 919 foro
3330 874 3705 934 apparuerunt.

2133 950 2199 1004 Et
2240 952 2421 1007 urbem
2464 955 2674 1022 quidem
2718 955 3046 1019 habitantes,
3075 956 3139 1009 ad
3170 965 3375 1011 montes
3409 963 3462 1009 et
3496 953 3709 1007 deserta

2134 1041 2506 1107 evolaverunt;
2552 1046 2717 1097 eremi
2764 1061 2889 1098 vero
2935 1047 3119 1098 inculte
3164 1047 3214 1099 in
3264 1048 3444 1100 urliem
3490 1045 3709 1114 ingrcssi

2137 1142 2293 1194 sunt,
2325 1149 2417 1203 per
2443 1133 2554 1202 ipsa
2585 1134 3008 1191 demonstrantes
3032 1151 3192 1204 opera
3228 1149 3319 1189 sua
3341 1176 3355 1201 ,
3383 1136 3522 1205 quod
3551 1150 3709 1204 supe-

2136 1221 2363 1277 rioribus
2384 1224 2569 1278 diebus
2598 1239 2703 1279 non
2730 1224 2909 1280 destiti
2936 1226 3133 1288 dicere,
3162 1239 3350 1293 nempe
3376 1238 3496 1278 cum
3521 1224 3713 1279 virtute

2148 1308 2415 1360 viventem
2452 1320 2626 1373 neque
2654 1307 2932 1360 fornacem
2960 1306 3254 1376 quidquam
3283 1309 3472 1362 laedere
3500 1322 3658 1377 posse
3693 1324 3707 1361 :

2147 1404 2297 1448 tanto
2314 1404 2399 1448 est
2414 1395 2608 1448 animae
2627 1396 2889 1463 sapientia
2910 1397 3161 1451 omnibus
3181 1397 3486 1463 sublimior,
3504 1405 3557 1451 et
3580 1414 3711 1453 sna-

2148 1485 2306 1538 vibus
2327 1493 2380 1536 et
2403 1484 2649 1538 tristibus
2666 1487 2875 1541 cunctis
2900 1506 2913 1540 :
2938 1501 3039 1541 nec
3056 1487 3200 1542 enim
3221 1488 3275 1540 in
3298 1487 3400 1541 illis
3418 1487 3706 1551 mollescit,

2148 1588 2245 1627 nec
2265 1572 2351 1627 his
2368 1572 2709 1626 contrahitur
2727 1583 2777 1627 et
2799 1574 3139 1640 humiliatur,
3161 1574 3253 1627 sed
3274 1588 3368 1643 per
3387 1574 3570 1626 omnia
3596 1588 3710 1625 ma-

2145 1671 2235 1716 net
2251 1664 2497 1732 aequalis,
2521 1663 2793 1732 propriam
2819 1663 3188 1719 fortitudinem
3214 1675 3265 1718 et
3289 1664 3395 1717 vim
3421 1663 3709 1717 exhibens.

2137 1746 2302 1814 Quem
2337 1748 2480 1802 enim
2516 1764 2623 1803 non
2654 1759 2952 1818 superasset
2981 1753 3257 1819 prmsentis
3287 1752 3539 1822 temporis
3570 1751 3709 1806 difﬁ-

2138 1839 2340 1893 cultas?
2384 1840 2639 1895 Proceres
2683 1849 2878 1895 nostra:
2923 1842 3227 1911 reipublicze
3274 1843 3326 1895 in
3367 1844 3711 1913 potestatibus

2138 1930 2486 1993 excidentes,
2533 1930 2747 1985 divitias
2789 1931 3077 1985 immensas
3119 1931 3320 1996 sortiti,
3363 1930 3453 1999 qui
3497 1930 3712 1985 multam

2138 2019 2278 2087 apud
2316 2019 2688 2087 Imperatorem
2732 2022 2973 2076 fiduciam
3013 2022 3310 2087 habebant,
3348 2022 3536 2077 domos
3561 2022 3715 2076 dese-

2143 2119 2320 2163 rentes
2349 2110 2508 2163 orbas
2530 2150 2544 2176 ,
2572 2126 2758 2164 omnes
2784 2111 2851 2165 de
2878 2114 3086 2180 propria
3113 2114 3279 2167 salute
3302 2113 3674 2167 consultabant
3702 2130 3714 2163 :

2142 2210 2195 2252 et
2239 2200 2469 2254 amicitia
2508 2201 2683 2254 omnis
2726 2210 2779 2254 et
2819 2202 3062 2269 cognatio
3094 2210 3218 2254 tunc
3254 2202 3632 2269 superabatur,
3667 2211 3715 2255 ct

2143 2304 2276 2357 quos
2302 2289 2427 2343 olim
2459 2298 2733 2354 neverant,
2770 2290 2819 2343 in
2848 2299 3086 2358 tempore
3111 2291 3426 2345 calamitatis
3454 2291 3549 2344 hos
3576 2291 3719 2359 igno-

2143 2395 2262 2432 rare
2286 2380 2429 2434 etab
2457 2380 2573 2434 aliis
2603 2381 2828 2450 ignorari
2856 2382 3127 2450 optabant.
3159 2382 3395 2436 Monachi
3430 2397 3584 2448 vero,
3618 2382 3718 2435 ho-

2143 2470 2313 2523 mines
2339 2484 2616 2539 pauperes,
2648 2481 2793 2527 vcste
2821 2471 2907 2525 vili
2938 2472 3053 2540 plus
3080 2472 3210 2526 nihil
3240 2472 3517 2538 habentes,
3550 2473 3718 2527 viven-

2149 2567 2226 2611 tes
2256 2560 2308 2611 in
2350 2560 2671 2625 rusticitate,
2704 2561 2831 2615 nulli
2860 2576 2976 2615 esse
3004 2569 3319 2629 apparentes
3338 2603 3352 2625 ,
3378 2562 3431 2614 in
3458 2562 3725 2615 montibus

2147 2657 2201 2702 et
2226 2650 2448 2704 saltibus
2480 2658 2773 2716 versantes,
2802 2651 2945 2706 velut
2972 2652 3184 2720 quidam
3225 2652 3424 2714 leones,
3455 2666 3648 2721 magno
3674 2664 3726 2706 ct

2148 2738 2257 2792 alto
2277 2754 2435 2793 sensu
2459 2740 2683 2809 praediti,
2701 2741 2947 2796 omnibus
2968 2740 3254 2810 pavefactis
3272 2751 3326 2795 et
3347 2741 3724 2810 trepidantibus

2149 2829 2201 2883 in
2230 2830 2405 2886 medio
2429 2832 2801 2899 consistentes,
2826 2833 3020 2887 malum
3044 2832 3396 2887 dissolverunt
3418 2848 3521 2887 non
3548 2834 3726 2887 multis

2146 2920 2367 2987 diebus,
2394 2921 2487 2976 sed
2524 2922 2669 2977 brevi
2703 2923 2956 2992 temporis
2983 2932 3272 2977 momento.
3306 2923 3373 2978 Et
3398 2923 3535 2977 sicut
3559 2938 3726 2992 gene-

2148 3010 2253 3064 rosi
2280 3010 2565 3066 bellatores
2590 3027 2693 3066 non
2721 3021 2923 3068 tantum
2949 3012 3281 3069 adversarios
3309 3014 3599 3083 complexi,
3631 3014 3725 3068 sed

2147 3100 2307 3154 etiam
2350 3101 2450 3155 visi
2492 3110 2693 3155 tantum
2736 3103 2789 3157 in
2832 3104 2943 3157 acie
2987 3112 3042 3158 et
3082 3103 3357 3159 vociferati
3396 3105 3727 3158 adversarios

2150 3188 2334 3259 fugant
2364 3207 2377 3243 :
2410 3192 2488 3246 sic
2516 3202 2569 3246 et
2604 3191 2657 3245 hi
2691 3192 2778 3248 die
2816 3208 2917 3247 una
2946 3203 3001 3247 et
3029 3192 3454 3256 descenderunt,
3481 3202 3535 3248 et
3557 3193 3723 3247 disse-

2150 3292 2399 3346 ruerunt,
2429 3291 2484 3337 et
2505 3283 2777 3338 solverunt
2800 3284 3151 3339 calamitatem
3173 3328 3188 3350 ,
3214 3293 3269 3340 et
3292 3284 3357 3339 ad
3389 3286 3597 3354 propria
3637 3301 3724 3339 re-

2150 3372 2289 3425 versi
2311 3382 2433 3425 sunt
2459 3374 2813 3428 tabernacula.
2838 3375 2988 3428 Tanti
3012 3386 3093 3428 est
3115 3375 3445 3444 philosophia
3467 3391 3497 3429 a
3519 3376 3729 3429 Christo

2152 3463 2205 3515 in
2241 3479 2408 3533 genus
2444 3464 2730 3520 humanum
2772 3467 3087 3521 introducta.
3118 3468 3185 3521 Et
3210 3468 3331 3537 quid
3362 3467 3482 3521 dico
3506 3467 3572 3521 de
3597 3468 3730 3520 divi-

2155 3554 2293 3607 tihus
2313 3562 2367 3608 et
2389 3554 2441 3608 in
2463 3563 2722 3625 potestate
2741 3556 3061 3619 constitutis,
3086 3571 3204 3610 cum
3226 3567 3278 3610 et
3301 3556 3333 3609 ii
3356 3557 3442 3625 qui
3462 3555 3730 3625 judieamti

2158 3652 2471 3714 potestatem
2511 3646 2781 3715 assequuti
2816 3654 2967 3700 erant
2988 3685 3002 3707 ,
3030 3660 3267 3699 summos
3292 3656 3535 3715 gerentes
3565 3648 3732 3714 inagi-

2157 3743 2385 3795 stratus.
2418 3736 2485 3789 ab
2523 3735 2608 3789 his
2651 3736 2780 3807 ipsis
2811 3736 2978 3805 rogati
3017 3736 3327 3799 monachis,
3361 3746 3415 3789 tit
3438 3751 3556 3791 cum
3582 3737 3732 3790 venia

2158 3826 2474 3881 sententiam
2504 3826 2737 3892 ferrent,
2766 3835 2988 3881 eventus
3016 3841 3074 3881 se
3100 3826 3344 3879 dominos
3368 3840 3485 3881 esse
3511 3842 3736 3895 negave-

2159 3918 2299 3983 rint;
2340 3916 2480 3971 haud
2527 3927 2694 3971 tutum
2724 3917 2866 3972 enim
2887 3957 2902 3982 ,
2931 3916 3025 3970 sed
3068 3916 3419 3985 periculosum
3445 3930 3597 3981 esse,
3630 3932 3733 3971 non

2160 4019 2362 4064 tantum
2410 4009 2658 4077 injuriam
2702 4008 2900 4063 inferre
2937 4008 3245 4077 Imperatori
3268 4049 3281 4071 ,
3311 4007 3406 4062 sed
3444 4009 3602 4061 etiam
3642 4022 3737 4061 cos

2158 4100 2245 4167 qui
2266 4101 2606 4156 contumelia:
2632 4100 2706 4155 rei
2731 4100 2958 4155 convicti
2984 4103 3108 4163 sint,
3132 4099 3419 4168 impunitos
3439 4098 3737 4153 dimittere?

2158 4191 2261 4245 Sed
2295 4191 2344 4245 hi
2372 4192 2620 4247 omnibus
2649 4191 2795 4247 fuere
2824 4191 3181 4261 potentiores,
3211 4201 3263 4244 et
3285 4190 3447 4244 animi
3478 4191 3737 4259 mr'gnitu-

2158 4281 2281 4334 dine
2320 4292 2373 4336 et
2411 4282 2687 4337 tolerantia
2727 4281 3022 4337 assidentes
3063 4281 3459 4351 supplicaruut,
3493 4290 3547 4334 ut
3581 4296 3736 4348 quam

2158 4373 2225 4425 ab
2256 4373 2576 4439 lmperatore
2614 4388 2721 4427 non
2757 4382 3074 4441 acceperant
3104 4378 3414 4439 potestatem
3436 4412 3451 4437 ,
3481 4369 3617 4424 hanc
3642 4387 3737 4427 ex-

2160 4464 2403 4517 hibereut
2431 4480 2444 4514 :
2476 4473 2527 4518 et
2557 4462 2900 4533 deprehensis
2928 4463 2993 4516 iis
3018 4462 3106 4531 qui
3136 4461 3211 4515 rei
3240 4471 3449 4525 essent,
3475 4462 3739 4529 judicibus

2163 4554 2482 4623 persuadere
2532 4563 2855 4624 potuerunt,
2902 4568 2971 4607 ne
3018 4551 3373 4606 damnationis
3422 4552 3738 4606 sententiam

2162 4644 2430 4706 ell‘crrent,
2460 4644 2554 4699 sed
2581 4643 2648 4698 ad
2675 4643 3009 4713 Imperatoris
3038 4651 3220 4695 nutum
3247 4656 3339 4696 eos
3363 4642 3663 4710 rejicerent,
3687 4648 3741 4695 ct

2165 4735 2522 4802 promiserunt
2549 4749 2607 4789 se
2637 4734 2712 4789 illi
2744 4747 3122 4804 persuasuros,
3155 4742 3208 4787 et
3235 4732 3514 4787 eil‘ecturos
3539 4741 3593 4786 ut
3622 4747 3740 4785 om-

2165 4830 2291 4881 nino
2319 4825 2525 4879 veniam
2551 4825 2701 4879 daret
2725 4825 2821 4890 iis,
2850 4825 2938 4892 qui
2968 4825 3017 4877 in
3044 4838 3101 4877 se
3130 4831 3495 4892 peccaverant,
3523 4830 3577 4875 et
3621 4835 3742 4889 per-

2166 4919 2547 4988 egrinationem
2584 4918 2814 4987 aggressi
2838 4925 2979 4969 sunt.
3001 4916 3105 4970 Sed
3130 4914 3336 4984 judices
3377 4914 3610 4982 ipsorum
3650 4928 3740 4966 sa-

2168 5011 2420 5080 pientiam
2461 5008 2697 5072 reveriti,
2727 5018 2781 5062 et
2809 5021 2996 5061 sensus
3024 5004 3301 5059 altitudine
3327 5004 3574 5075 perculsi,
3608 5002 3743 5056 hanc

2164 5120 2257 5160 eos
2300 5105 2508 5173 longam
2541 5102 2691 5157 obire
2729 5102 2867 5155 viam
2902 5116 3006 5154 non
3048 5099 3372 5169 permisere,
3402 5096 3494 5152 sed
3522 5096 3564 5148 si
3590 5094 3744 5151 dunt-

2167 5206 2311 5251 taxat
2340 5195 2572 5265 ipsorum
2599 5208 2756 5247 voces
2784 5192 3036 5246 haberent
3069 5191 3118 5242 in
3151 5188 3360 5256 scriptis
3380 5227 3392 5245 ,
3422 5200 3481 5240 se
3508 5199 3627 5238 cum
3658 5184 3741 5237 lito

2168 5288 2297 5342 teris
2321 5288 2669 5348 discessuros,
2699 5292 2754 5338 et
2779 5282 3152 5350 Imperatorem
3190 5284 3518 5337 exoraturos,
3550 5283 3605 5328 ut
3630 5288 3744 5327 om-

2169 5393 2287 5431 nem
2335 5378 2464 5430 iram
2512 5374 2840 5435 dimitteret,
2887 5366 3289 5437 spoponderunt
3321 5383 3335 5420 :
3363 5363 3501 5433 quod
3538 5372 3593 5417 et
3631 5363 3743 5416 fore

2168 5476 2558 5536 exspectamus.
2606 5462 2811 5519 Etenim
2855 5474 2973 5514 cum
3022 5457 3280 5513 sententia
3322 5455 3619 5517 diceretur,
3659 5452 3744 5505 in-

2168 5559 2332 5628 gressi
2362 5558 2537 5611 multa:
2565 5552 2837 5623 sapientiae
2863 5550 3026 5605 verba
3075 5549 3255 5603 dixere
3279 5587 3294 5610 ,
3325 5560 3386 5600 ac
3427 5559 3521 5613 per
3562 5544 3744 5596 literas

2173 5650 2481 5720 Imperatori
2521 5645 2984 5716 supplicaverunt,
3015 5650 3066 5695 et
3098 5637 3280 5707 judicii
3316 5634 3490 5690 fecere
3516 5633 3741 5687 mentio-

2171 5761 2291 5800 nem
2312 5786 2326 5810 ,
2355 5752 2408 5798 et
2432 5758 2491 5798 se
2516 5754 2611 5797 sua
2637 5738 2972 5809 deposituros
3000 5747 3116 5790 esse
3142 5730 3313 5799 capita
3338 5727 3614 5791 dixerunt,
3646 5723 3745 5777 nisi

2176 5840 2275 5895 hoc
2302 5837 2471 5893 fieret.
2515 5834 2579 5893 Et
2609 5841 2725 5905 post
2751 5830 2846 5887 has
2875 5835 3111 5898 sumptas
3139 5824 3190 5880 iu
3220 5821 3386 5877 literis
3413 5833 3574 5875 voces
3602 5816 3721 5885 judi
