4452 6684
795 400 900 458 175

790 528 882 569 ccs
912 514 1192 578 abierunt,
1220 513 1359 584 quod
1389 512 1532 568 omni
1556 527 1752 568 corona
1781 513 2111 585 splendidius
2135 523 2370 570 nostram

788 604 1056 661 civitatem
1084 604 1380 661 exornabit.
1413 604 1478 658 Et
1506 620 1624 674 quas
1651 615 1774 660 sunt
1798 604 1882 659 hic
1909 619 2049 659 nunc
2071 614 2249 674 gesta,
2273 620 2371 660 au-

790 694 900 750 diet
920 695 1227 764 Imperator,
1249 694 1429 748 audiet
1447 703 1499 749 et
1521 710 1707 766 magna
1732 695 1933 759 civitas,
1953 695 2132 749 audiet
2154 707 2207 750 et
2230 705 2371 751 totus

787 785 951 850 orbis,
977 783 1117 853 quod
1145 783 1276 837 tales
1301 783 1757 840 Antiochenorum
1785 784 1968 838 urbem
1996 783 2234 838 habitent
2258 801 2369 839 mo-

790 876 942 930 nachi
967 915 982 940 ,
1011 883 1068 929 ut
1097 874 1442 944 apostolicam
1485 877 1768 932 exhibeant
1799 875 2042 929 ﬁduciam
2073 893 2085 928 :
2117 884 2171 930 et
2205 877 2371 930 literis

786 982 928 1021 nunc
957 966 1106 1022 lectis
1130 1010 1144 1034 ,
1173 968 1226 1023 in
1262 969 1451 1024 castris
1478 983 1663 1022 omnes
1692 967 1927 1036 ipsorum
1966 968 2369 1039 magnanimita~

785 1068 890 1112 tem
920 1058 1344 1124 admirabuntur,
1376 1074 1562 1113 omnes
1597 1058 1864 1113 civitatem
1895 1069 2128 1114 nostram
2159 1059 2366 1113 beatam

783 1149 1085 1215 vocabunt,
1129 1157 1184 1203 et
1227 1149 1419 1202 malam
1457 1147 1778 1219 repellemus
1816 1149 2010 1202 famam
2044 1167 2057 1201 :
2095 1147 2367 1214 scientquc

782 1252 992 1302 omnes,
1021 1247 1168 1308 gesta
1196 1254 1301 1293 non
1328 1238 1597 1294 civitatem
1625 1240 2029 1294 inhabitantium
2060 1236 2242 1301 fuisse,
2272 1235 2365 1288 sed

783 1327 1060 1386 homimtm
1082 1337 1425 1388 externorum
1453 1339 1510 1388 et
1536 1330 1865 1403 perditorum
1894 1347 1906 1381 :
1936 1338 1989 1383 et
2018 1327 2204 1381 idonea
2232 1325 2364 1380 civi-

782 1422 906 1476 tatis
935 1434 1143 1477 morum
1169 1422 1556 1478 demonstratio
1584 1421 1965 1476 monachorum
1989 1418 2092 1475 erit
2126 1418 2366 1471 testimo-

781 1517 949 1570 nium.
978 1515 1056 1569 Ne
1092 1515 1250 1584 igitur
1277 1515 1566 1579 tristemur,
1595 1511 1806 1579 dilecti,
1842 1511 1938 1568 sed
1981 1526 2076 1579 Spe
2113 1511 2252 1567 bona
2282 1508 2368 1567 in-

779 1607 967 1661 structi
993 1607 1177 1661 simus.
1209 1605 1263 1659 Si
1289 1606 1428 1658 enim
1469 1603 1609 1676 apud
1648 1602 1893 1660 homines
1919 1604 2138 1659 libertas
2163 1611 2366 1658 tantum

780 1695 1038 1752 molestia:
1069 1695 1350 1768 prohibere
1379 1695 1569 1764 potuit,
1602 1693 1742 1764 apud
1774 1695 1939 1748 Deum
1972 1695 2145 1763 ipsum
2179 1693 2365 1748 ﬁducia

778 1788 903 1859 quid
935 1804 1041 1843 non
1067 1788 1414 1858 operabitur?
1446 1788 1568 1842 lla:c
1595 1788 1752 1842 etiam
1787 1787 2072 1856 gentilibus
2101 1786 2362 1848 dicamus,

778 1896 901 1935 cum
927 1879 992 1933 de
1015 1879 1346 1950 philosophis
1368 1878 1644 1931 nobiscum
1671 1877 1942 1945 disputare
1967 1876 2254 1930 audebunt.
2287 1875 2362 1928 Ex

779 1969 1130 2038 praesentibus
1178 1976 1320 2036 patet
1369 1967 1546 2035 priora
1593 1981 1802 2037 quoque
1847 1966 2010 2020 fuisse
2054 1964 2182 2018 falsa
2226 1964 2364 2031 apud

778 2061 898 2114 illos
925 2077 938 2112 :
969 2075 1033 2114 ex
1065 2058 1146 2120 his
1173 2057 1511 2112 manifestum
1538 2065 1650 2122 est,
1678 2066 1732 2111 et
1759 2057 1899 2125 apud
1931 2071 2027 2110 nos
2053 2070 2174 2110 vera
2203 2055 2365 2108 fuisse

778 2151 954 2220 priora
995 2149 1063 2206 de
1103 2149 1308 2204 Joanne
1331 2189 1346 2213 ,
1377 2148 1537 2204 Petro
1564 2157 1618 2203 et
1657 2147 1820 2202 Paulo
1859 2158 1912 2202 et
1948 2147 2192 2200 omnibus
2223 2145 2362 2200 aliis.

778 2242 1037 2308 Quoniam
1064 2242 1204 2296 enim
1229 2242 1280 2294 in
1303 2241 1514 2302 illorum
1545 2241 1793 2309 pietatem
1822 2248 2216 2304 successerunt,
2244 2254 2365 2308 pro-

779 2343 955 2405 pterea
983 2345 1035 2388 et
1064 2349 1248 2393 eorum
1279 2333 1524 2393 ﬁduciam
1557 2332 1910 2392 exhibueruut
1936 2349 1948 2386 :
1977 2333 2228 2402 quoniam
2269 2334 2363 2388 iis.

777 2425 896 2481 dem
923 2425 1126 2495 legibus
1158 2423 1365 2484 educati
1396 2434 1558 2489 sunt,
1587 2422 1707 2477 ideo
1736 2431 1791 2477 et
1833 2423 2068 2495 ipsorum
2111 2425 2361 2480 virtutem

777 2527 902 2576 sunt
941 2516 1149 2579 imitati.
1196 2515 1376 2586 itaque
1423 2530 1530 2570 non
1581 2522 1666 2570 est
1702 2529 1837 2584 opus
1886 2515 2040 2570 nobis
2087 2515 2254 2568 literis
2297 2515 2360 2568 ad

776 2611 1119 2680 apostolicam
1144 2610 1390 2667 virtutem
1416 2607 1909 2673 demonstrandam,
1933 2609 2092 2662 rebus
2118 2609 2244 2676 ipsis
2263 2608 2364 2662 cla-

779 2704 1045 2762 ulantibus
1068 2745 1081 2765 ,
1111 2712 1162 2756 et
1189 2700 1464 2770 discipulis
1492 2700 1776 2770 magistros
1806 2699 2312 2770 reprmseutantihus
2345 2716 2358 2750 :

777 2810 879 2850 non
915 2794 1068 2848 nobis
1104 2792 1440 2853 sermonibus
1479 2805 1615 2861 opus
1653 2797 1731 2845 est
1771 2789 1838 2843 ad
1881 2788 2156 2858 gentilium
2197 2803 2362 2858 nugas

777 2883 1226 2950 tnanifestandas,
1257 2892 1313 2937 et
1351 2882 1786 2951 philosophorum
1817 2881 2055 2952 ipsorum
2083 2879 2358 2949 pusillani-

777 2981 1011 3032 tnitatem
1031 3016 1048 3040 ι
1074 2976 1234 3030 rebus
1266 2975 1395 3044 ipsis
1429 2974 1808 3038 clamantibus,
1839 2983 1946 3032 tam
1977 2973 2325 3043 praesentibus
2344 3013 2359 3036 ,

775 3085 932 3138 quam
962 3068 1245 3136 prieteritis
1265 3109 1281 3134 ,
1313 3068 1452 3137 quod
1485 3069 1661 3128 omnia
1701 3066 1841 3136 apud
1875 3069 2022 3136 ipsos
2053 3066 2244 3125 fabula!
2263 3107 2279 3132 ,
2309 3075 2364 3120 et

780 3176 932 3216 scena
950 3201 965 3225 ,
993 3170 1046 3216 et
1075 3160 1389 3231 hypocrisis.
1423 3159 1529 3213 Nec
1557 3156 1804 3216 monachi
1836 3165 2036 3214 tantunt
2057 3199 2072 3222 ,
2101 3173 2284 3214 verum
2309 3168 2363 3212 et

778 3252 1077 3308 sacerdotes
1122 3251 1363 3307 eamdem
1415 3252 1774 3320 praestiterunt
1819 3252 1984 3306 animi
2034 3251 2360 3321 magnitudi-

777 3361 917 3411 nem,
945 3353 1285 3415 nostramque
1315 3344 1537 3398 salutem
1569 3343 1964 3412 dispensarunt.
2001 3343 2067 3398 Et
2095 3344 2228 3398 alius
2254 3344 2366 3413 qui-

777 3439 896 3494 dem
939 3439 993 3493 in
1032 3448 1206 3492 castra
1246 3452 1305 3492 se
1345 3437 1606 3502 contulit,
1639 3437 1815 3492 omnia
1860 3437 2133 3492 dilectioni
2170 3446 2363 3491 vestra:

777 3545 1099 3604 postponens
1119 3577 1132 3598 ,
1164 3541 1219 3588 ct
1247 3533 1358 3602 ipse
1386 3541 1596 3600 paratu;
1622 3573 1635 3591 .
1671 3531 1771 3585 nisi
1803 3531 2110 3600 Imperatori
2143 3545 2362 3600 persua-

776 3625 952 3689 deret,
983 3625 1145 3689 mori;
1179 3623 1264 3678 alii
1291 3639 1416 3678 vero
1446 3623 1534 3678 hic
1558 3631 1922 3686 remanentes,
1951 3631 2002 3676 et
2026 3621 2212 3676 eadem
2241 3637 2360 3692 qua:

776 3715 1017 3771 monachi
1052 3714 1365 3770 exhibentes
1389 3756 1403 3780 ,
1433 3713 1660 3783 propriis
1690 3712 1933 3766 manibus
1952 3712 2160 3780 judices
2185 3712 2357 3767 conti-

776 3821 958 3863 nentes
983 3848 1000 3874 ,
1030 3823 1134 3862 non
1162 3807 1407 3862 sinebant
1447 3805 1648 3875 ingredi
1677 3805 1716 3870 ⁸,
1750 3804 2055 3874 priusquam
2085 3803 2154 3858 de
2177 3803 2358 3872 iudicii

776 3905 878 3956 line
899 3901 1269 3971 promitterent
1292 3915 1306 3952 :
1327 3909 1379 3952 ct
1405 3914 1522 3952 cum
1548 3906 1832 3951 renuentes
1852 3897 2068 3966 quidem
2089 3896 2357 3958 videbant.

775 3992 936 4046 multa
964 3990 1152 4045 ﬁducia
1179 3997 1233 4044 et
1259 3989 1356 4059 ipsi
1384 3987 1616 4042 vicissim
1644 3987 1948 4041 utebantur.
1974 3985 2045 4042 Ut
2069 3995 2243 4044 autem
2268 4002 2361 4041 an-

774 4090 999 4138 uucntes
1025 4081 1304 4145 viderunt,
1341 4079 1504 4148 pedes
1527 4086 1580 4132 et
1604 4092 1774 4148 genua
1802 4077 2065 4147 complexi
2090 4085 2145 4133 et
2173 4092 2362 4132 manus

771 4173 1084 4235 exosculati.
1114 4181 1392 4242 utramque
1418 4171 1665 4225 virtutem
1694 4169 2187 4239 super-abundanter
2210 4170 2361 4227 exhi-

775 4269 961 4332 buere,
988 4266 1286 4321 libertatem
1313 4272 1368 4318 et
1395 4261 1874 4317 mansuetudinem.
1901 4261 2052 4327 Quod
2081 4261 2222 4316 enim
2253 4278 2358 4316 non

774 4358 1038 4426 superbia
1071 4364 1216 4412 esset
1253 4355 1442 4410 ﬁducia
1463 4395 1476 4418 ,
1514 4354 1876 4408 exosculando
1905 4369 2073 4423 genua
2105 4361 2157 4408 et
2196 4354 2360 4424 pedes

775 4447 1143 4516 amplectende
1168 4445 1396 4499 maxime
1419 4443 1914 4499 demonstraverunt
1941 4461 1955 4497 :
1982 4460 2191 4497 rursum
2218 4444 2359 4512 quod

776 4537 1047 4591 humilitas
1089 4537 1177 4589 illa
1220 4549 1328 4590 non
1365 4544 1506 4589 esset
1535 4535 1857 4600 assentatio,
1898 4550 2070 4603 neque
2099 4535 2361 4589 SCl'\ililaS

775 4627 1053 4698 qua-dam,
1084 4641 1184 4681 nec
1225 4642 1290 4682 ex
1335 4625 1579 4681 illiberali
1619 4626 1879 4679 sententia
1930 4626 2162 4694 profecta
2188 4665 2202 4688 ,
2242 4641 2361 4694 quac

776 4719 1050 4788 prtemissa
1082 4712 1323 4783 ipsorum
1367 4716 1573 4772 ﬁducia:
1614 4715 1855 4779 fuerunt,
1897 4715 2173 4770 testiﬁcata
2215 4727 2358 4769 sunt.

777 4811 958 4879 Neque
1000 4810 1116 4865 lucc
1160 4810 1273 4863 sola
1302 4809 1368 4864 de
1410 4809 1701 4863 tentatione
1741 4807 1880 4861 bona
1924 4808 2109 4861 lucrati
2141 4822 2360 4872 sumus,

778 4918 962 4956 verum
991 4911 1046 4955 et
1077 4901 1292 4954 multam
1329 4900 1669 4963 modestiam,
1695 4914 1757 4953 ac
1783 4899 2240 4953 mansuetudinem
2265 4942 2278 4962 ,
2310 4907 2364 4952 et

776 4995 961 5049 civitas
988 4992 1142 5048 nobis
1181 5000 1398 5060 repente
1437 4991 1814 5045 monasterium
1846 4990 1977 5046 facta
2006 5003 2105 5047 cst.
2138 4992 2252 5045 Non
2285 4993 2362 5046 sic

778 5087 918 5140 illam
941 5085 1060 5156 quis
1080 5095 1342 5148 ornasset,
1365 5084 1409 5136 si
1431 5099 1620 5136 aureas
1643 5083 1696 5136 in
1723 5082 1836 5134 foro
1857 5091 2058 5136 statuas
2080 5083 2358 5144 erexisset,

776 5188 914 5231 scut
943 5191 1083 5231 nunc
1115 5177 1258 5232 clara
1301 5183 1357 5228 ct
1397 5174 1613 5228 illustris
1651 5183 1772 5238 est,
1805 5190 1922 5242 qua:
1961 5174 2126 5229 bonas
2156 5178 2364 5230 virtutis

777 5278 979 5323 statuas
1004 5268 1241 5339 protulit,
1273 5277 1328 5322 et
1357 5266 1597 5336 preprias
1624 5265 1866 5320 exhibuit
1892 5264 2121 5318 divitias.

856 5358 1026 5412 l‘cua:
1046 5357 1106 5411 ab
1132 5357 1446 5428 Imperatore
1466 5356 1789 5410 Autioclteuis
1813 5355 2037 5423 inﬂictis.
2067 5354 2319 5424 Μινινοροι
2330 5361 2362 5410 τε

779 5450 1000 5521 dignitas
1026 5450 1270 5502 translata
1295 5448 1363 5501 ad
1393 5447 1724 5502 Laodicenos.
1751 5477 1824 5487 —
1851 5447 1920 5500 At
1953 5462 2070 5516 qua:
2100 5448 2165 5501 ab
2197 5448 2365 5516 [mpe-

781 5552 959 5596 ratore
987 5538 1219 5610 profecta
1245 5547 1370 5594 sunt
1391 5539 1706 5596 contristant
1729 5555 1744 5591 :
1768 5537 1860 5594 sed
1891 5551 1988 5591 nec
2016 5538 2101 5592 illa
2129 5538 2364 5607 profecto

781 5635 981 5710 gravia,
1002 5648 1187 5689 verum
1215 5641 1270 5688 et
1298 5632 1408 5703 ipsa
1438 5635 1660 5688 multum
1683 5633 1974 5688 attulerunt
1997 5632 2359 5687 emolumenti.

789 5790 862 5888 ,γε
895 5788 1031 5884 [δειλά
1052 5794 1156 5839 Sav.
1191 5796 1244 5840 et
1279 5787 1401 5840 alios
1431 5788 1677 5840 habetur:
1713 5786 2046 5851 continebant,
2072 5800 2164 5840 non
2210 5791 2362 5840 simu-

784 5863 869 5912 ὅττί,
895 5863 990 5900 etc.

1531 401 1588 457 S.
1627 399 1906 457 JOANNIS
1941 397 2416 459 CllRYSOSTOMl
2453 398 2768 462 ARClllEP.
2811 411 3339 470 CONSTANTINOP.

3963 423 4058 479 176

2479 515 2615 583 Quid
2639 517 2781 572 enim
2811 521 3041 589 molesti,
3065 524 3150 580 dic
3170 524 3320 592 mihi,
3351 523 3544 580 factum
3568 535 3649 580 est
3669 528 3695 581 ?
3713 533 3855 598 quod
3875 539 4064 592 orche-

2479 620 2642 663 stram
2661 608 3006 678 obstruxerit,
3031 617 3171 684 quod
3191 618 3389 673 circum
3416 617 3832 677 inaccessibilem
3857 624 4060 696 fecerit,

2479 699 2618 771 quod
2656 701 2904 769 nequitia:
2943 704 3114 760 fontes
3143 711 3427 766 excluserit
3454 719 3507 766 et
3543 711 3822 768 obruerit?
3852 715 4060 775 Utinam

2479 807 2579 848 nec
2602 791 2982 847 concederetur
3007 810 3254 866 umquam
3283 801 3379 857 hos
3410 803 3623 873 aperiri.
3659 804 3792 860 llinc
3817 811 4061 876 nequitias

2479 883 2684 938 radices
2711 886 2764 939 iu
2795 885 3006 941 civitate
3043 891 3501 961 germinaverunt,
3530 897 3655 953 hinc
3683 909 3806 952 sunt
3832 902 3918 968 qui
3949 918 4057 956 mo—

2477 973 2624 1027 ribus
2665 974 2830 1044 ipsius
2871 982 3069 1033 crimen
3110 980 3366 1050 afferunt,
3399 1003 3523 1043 suas
3560 1007 3716 1046 voces
3750 993 4059 1049 saltautibus

2477 1064 2786 1130 vendentes,
2811 1077 2867 1122 et
2893 1069 3059 1123 tribus
3083 1069 3254 1125 obolis
3283 1088 3432 1128 suam
3465 1079 3564 1131 illis
3594 1082 3815 1136 salutem
3843 1083 4072 1151 prodeo-

2477 1159 2575 1215 tes,
2608 1155 2992 1212 confundentes
3027 1161 3222 1214 omnia.
3259 1162 3545 1232 Propterea
3576 1172 3820 1236 tristaris,
3852 1175 4048 1228 carissio

2475 1243 2598 1336 tne?
2637 1244 2747 1299 lmo
2787 1247 2906 1302 ideo
2940 1260 2994 1304 et
3031 1253 3260 1320 gaudere
3285 1266 3336 1307 et
3365 1257 3525 1311 lmtari
3555 1275 3765 1330 oportet
3787 1277 3839 1320 et
3863 1268 4059 1336 gratias

2477 1332 2783 1404 Imperatori
2813 1353 2970 1408 agere
2998 1358 3010 1392 :
3035 1344 3284 1411 quoniam
3315 1345 3480 1414 ipsius
3504 1351 3634 1406 ultio
3659 1332 3918 1411 correctio
3941 1359 4056 1422 fuit,

2475 1433 2528 1477 et
2557 1440 2712 1494 ptena
2740 1430 2985 1495 eruditio,
3021 1443 3071 1487 et
3103 1434 3177 1487 ira
3209 1435 3470 1491 doctrina.
3502 1443 3579 1495 An
3608 1445 3726 1510 quia
3756 1447 3940 1502 balnea
3966 1467 4060 1503 ιιυ-

2476 1514 2556 1570 bis
2581 1519 2792 1574 occlusa
2819 1523 2982 1576 sunt?
3010 1523 3112 1578 Sed
3143 1525 3243 1579 hoc
3269 1542 3371 1580 non
3407 1529 3737 1590 intolerabile
3757 1579 3771 1599 ,
3802 1539 3883 1591 Vct
3918 1540 4058 1593 invi-

2477 1619 2578 1676 tos,
2606 1609 2860 1668 lubricam
2889 1623 2940 1670 et
2967 1617 3180 1672 mollem
3206 1627 3258 1673 et
3286 1619 3596 1676 dissolutam
3626 1625 3876 1694 degentes
3899 1631 4057 1686 vitam

2475 1699 2540 1754 ad
2585 1702 2973 1774 philosophiam
3017 1706 3216 1764 reduci.
3260 1710 3341 1762 Au
3386 1711 3526 1780 quod
3571 1714 3798 1770 civitatis
3840 1721 4061 1776 abstulit

2473 1792 2813 1862 dignitatem,
2844 1816 2943 1856 nec
2975 1803 3202 1872 amplius
3232 1803 3397 1876 ipsam
3433 1806 3764 1874 metrotiolim
3804 1811 4058 1878 appellari

2472 1885 2713 1951 permisit
2738 1887 2854 1958 (a)?
2875 1889 2977 1944 Sed
3003 1894 3125 1962 quid
3151 1895 3323 1952 facere
3343 1894 3658 1966 oportebat?
3681 1895 3894 1953 laudare
3913 1914 4058 1954 com-

2471 1973 2655 2041 missa,
2675 1987 2728 2031 et
2750 1980 2946 2048 gratias
2964 1986 3162 2052 agere?
3185 1986 3250 2040 Et
3271 1989 3387 2056 quis
3414 1988 3583 2060 ipsum
3607 2008 3710 2046 non
3733 2002 4056 2059 accusasset.

2470 2063 2612 2132 quod
2650 2081 2757 2122 non
2797 2071 2880 2125 vel
2919 2075 3134 2142 specie'
3175 2077 3586 2148 indignationem
3624 2085 4059 2144 tnauifestasset?

2470 2152 2586 2210 Non
2622 2158 2798 2213 cernis
2838 2173 3015 2230 patres
3050 2166 3214 2221 multa
3248 2169 3548 2238 hujusmodi
3582 2174 3632 2228 iu
3664 2177 3801 2232 ﬁlios
3828 2194 3957 2234 suos
3983 2181 4060 2235 fa-

2471 2249 2633 2341 cere?
2669 2261 3010 2319 aversantur,
3043 2266 3094 2309 et
3136 2272 3318 2312 mensa
3357 2263 3662 2329 prohibent.
3705 2268 3816 2323 lloc
3847 2287 4059 2341 quoque

2473 2334 2762 2432 imperator
2788 2339 2928 2406 fecit,
2964 2343 3095 2399 tales
3125 2347 3404 2417 imponens
3429 2352 3681 2420 ultiones,
3711 2334 3914 2415 nulloin
3941 2334 4058 2432 qui-

2469 2426 2588 2480 dem
2631 2428 2885 2486 habentes
2919 2432 3201 2504 damnum,
3244 2441 3463 2496 multam
3504 2459 3631 2499 vero
3670 2426 4056 2508 correctionem

2467 2518 2768 2576 atl‘erentes.
2801 2523 2986 2596 Cogita
3024 2544 3144 2597 qua:
3186 2535 3646 2601 exSpectavimus,
3677 2548 3730 2593 et
3766 2557 3886 2610 qua:
3919 2541 4057 2599 facta

2467 2620 2610 2674 sunt,
2642 2621 2697 2666 et
2723 2621 2848 2669 tunc
2872 2618 3101 2673 maxime
3126 2621 3358 2677 sciemus
3387 2623 3478 2679 Dei
3501 2631 3750 2696 gratiam.

2539 2702 2819 2759 Antiochia:
2847 2722 2964 2760 vera
2985 2709 3222 2779 dignitas.
3247 2743 3321 2752 —
3345 2713 3504 2769 Doles
3535 2717 3679 2786 quod
3715 2719 3940 2777 civitatis
3968 2723 4054 2778 di-

2467 2795 2641 2865 gnitas
2669 2797 2845 2853 ablata
2881 2799 2993 2856 sit?
3019 2801 3166 2857 disce
3204 2805 3332 2874 quid
3375 2807 3585 2863 tandem
3622 2810 3692 2864 sit
3718 2811 3947 2868 civitatis
3970 2815 4056 2870 di-

2468 2890 2664 2958 gnitas,
2693 2898 2750 2946 et
2783 2900 2909 2948 tunc
2937 2893 3217 2951 manifeste
3257 2897 3416 2963 scies,
3459 2901 3602 2969 quod
3639 2903 3685 2956 si
3729 2903 4056 2962 habitatores

2470 2981 2638 3050 ipsam
2667 2998 2772 3037 non
2801 2985 3150 3053 prodiderint,
3173 2989 3382 3045 auferre
3417 2993 3612 3060 poterit
3631 2995 3768 3050 alius
3795 3013 3951 3054 nemo
3976 3004 4055 3054 ci-

2469 3074 2647 3127 vitatis
2691 3073 3022 3145 dignitatem.
3068 3079 3184 3136 Non
3220 3082 3360 3150 quod
3400 3087 3711 3156 metrOpolis
3751 3090 3843 3156 sit,
3882 3107 4056 3161 neque

2467 3167 2611 3237 quod
2645 3168 2864 3236 prtcdita
2890 3170 2960 3224 sit
2997 3173 3357 3241 magnitudine
3384 3185 3437 3230 et
3466 3189 3659 3233 ornatu
3683 3180 4050 3249 mdiﬁciorum,

2469 3273 2644 3326 neque
2681 3259 2823 3328 quod
2853 3261 3045 3318 multas
3088 3263 3278 3320 habeat
3320 3268 3618 3338 columnas,
3650 3281 3703 3327 et
3730 3273 3863 3330 latas
3892 3279 4056 3346 porti-

2469 3362 2586 3414 cus,
2611 3359 2666 3404 et
2692 3349 3167 3420 deambulationes,
3196 3372 3368 3427 neque
3398 3361 3538 3428 quod
3566 3372 3690 3418 ante
3717 3365 3848 3421 alias
3866 3369 4054 3424 civita-

2470 3449 2553 3494 tes
2581 3441 2936 3509 prtndicetur;
2980 3445 3074 3498 sed
3121 3446 3530 3507 inhabitantium
3573 3453 3740 3510 virtus
3768 3465 3824 3512 et
3860 3459 4050 3529 pietas,

2469 3530 2584 3586 haec
2609 3543 2689 3587 cst
2716 3533 2966 3603 dignitas,
3011 3547 3064 3591 et
3109 3550 3350 3608 ornatus,
3394 3553 3447 3597 et
3485 3545 3647 3600 tutela
3691 3548 3938 3616 civitatis,
3982 3552 4054 3607 ita

2468 3630 2527 3676 ut
2549 3622 2594 3678 si
2622 3623 2724 3680 hoc
2750 3625 2906 3692 desit,
2937 3630 3173 3683 omnium
3215 3632 3285 3686 sit
3319 3633 3596 3700 vilissima,
3627 3638 3751 3693 licet
3790 3639 4052 3697 inﬁnitum

2465 3718 2534 3774 ab
2557 3717 2968 3790 lmperatoribus
2995 3735 3350 3794 consequatur
3391 3726 3668 3783 honorem.
3699 3731 3790 3785 Vis
3827 3732 4054 3788 civitatis

2469 3822 2574 3868 tua:
2598 3813 2906 3884 dignitatem
2935 3815 3181 3870 discere?
3203 3818 3282 3872 vis
3309 3821 3526 3888 gentilia
3557 3821 3722 3889 ipsius
3742 3835 4050 3878 ornamenta

2467 3906 2666 3959 nosse?
2694 3904 2866 3958 dicam
2896 3905 3104 3971 sedulo,
3149 3924 3252 3961 non
3297 3917 3356 3962 ut
3393 3909 3570 3962 discas
3601 3920 3824 3975 tantum,
3866 3928 4050 3968 verum

2468 4005 2527 4050 ut
2551 4003 2605 4050 et
2651 3995 2892 4052 imiteris.
2943 3997 3072 4064 Quae
3103 3997 3316 4052 tandem
3361 4008 3446 4050 est
3473 4000 3698 4053 civitatis
3745 4011 3937 4056 nostra:
3966 4004 4049 4058 di-

2466 4087 2641 4158 gnitas
2659 4088 2682 4142 ?
2703 4089 2920 4160 Contigit
2948 4091 3167 4159 primum
3199 4088 3478 4142 Antiochia:
3503 4090 3778 4160 discipulos
3801 4095 4053 4163 appellari

2466 4177 2779 4234 Christianos
2800 4180 2938 4249 (Act.
2969 4181 3055 4234 ll.
3083 4177 3190 4249 9.6)
3229 4196 3241 4232 :
3273 4177 3372 4233 hoc
3407 4191 3582 4234 autem
3633 4183 3900 4239 civitatum
3931 4203 4053 4255 qua:

2466 4283 2592 4326 sunt
2621 4272 2672 4326 in
2702 4273 2900 4326 nmndo
2921 4280 3231 4325 cunctarum
3275 4269 3434 4325 habet
3471 4273 3633 4336 nulla,
3678 4290 3776 4328 nec
3803 4276 3914 4345 ipsa
3940 4277 4050 4331 Ro-

2466 4362 2593 4416 muli
2619 4363 2805 4416 civitas
2834 4379 2848 4416 :
2877 4370 3160 4430 prepterea
3200 4370 3385 4414 contra
3411 4377 3622 4416 omnem
3665 4373 3923 4421 terrarum
3961 4385 4052 4421 or-

2467 4453 2588 4508 bem
2618 4454 2802 4505 oculos
2840 4452 3048 4519 erigere
3107 4459 3279 4519 potest
3307 4469 3320 4504 :
3352 4454 3602 4521 quoniam
3631 4469 3755 4525 erga
3785 4457 4053 4512 Christum

2467 4544 2668 4600 amoris
2691 4545 2864 4612 ignetn
2903 4543 3078 4602 habet.
3110 4554 3325 4612 propter
3355 4545 3618 4609 ﬁduciam,
3645 4559 3863 4617 propter
3887 4550 4052 4603 virtu-

2471 4645 2575 4688 tem
2600 4634 2766 4687 illam.
2800 4632 2889 4685 Vis
2919 4643 2971 4686 et
2997 4633 3153 4686 aliam
3189 4634 3417 4690 civitatis
3452 4637 3637 4692 audire
3661 4637 3968 4706 dignitatem
4000 4649 4056 4692 et

2471 4723 2680 4777 laudem
2701 4724 2724 4776 ?
2747 4723 2939 4776 Fames
2975 4721 3102 4777 olim
3129 4723 3435 4779 difﬁcillima
3479 4725 3651 4780 futura
3677 4736 3811 4793 erat,
3843 4736 3898 4782 et
3937 4728 4055 4782 An-

2472 4814 2720 4868 tiochiam
2753 4813 3050 4868 habitantes
3091 4821 3408 4882 statuerunt,
3439 4828 3596 4886 prout
3620 4818 3845 4888 quisque
3881 4819 4053 4872 abun-

2470 4907 2662 4972 dabat,
2710 4906 2776 4960 ad
2829 4915 3040 4961 sanctos
3078 4908 3462 4981 .lerosolymam
3515 4911 3812 4966 habitantes
3855 4911 4052 4982 aliquid

2471 5001 2681 5054 mittere
2705 4998 2867 5067 (Ibid.
2899 5015 2945 5051 v.
2968 4998 3056 5054 9.8.
3081 4999 3193 5069 29).
3225 5002 3365 5056 Ecce
3397 5012 3451 5056 et
3492 5002 3779 5056 seCuudam
3821 5002 4049 5071 dignita-

2472 5103 2602 5156 tcnt,
2632 5093 2682 5146 in
2715 5094 2854 5146 tame
2880 5093 3174 5148 caritatem.
3211 5094 3324 5148 Non
3355 5095 3620 5148 contraxit
3643 5095 3786 5162 ipsos
3812 5103 4044 5162 tempus,

2471 5202 2570 5241 nec
2616 5186 2886 5254 segniores
2940 5187 3168 5242 reddidit
3213 5187 3529 5242 calamitatis
3571 5188 3928 5255 exspectatio;
3959 5188 4052 5243 set'

2471 5277 2682 5348 quando
2707 5277 2795 5332 alii
2826 5278 2995 5334 aliena
3024 5280 3298 5349 colligunt,
3329 5287 3453 5330 tttnc
3493 5277 3568 5330 illi
3595 5291 3687 5330 sua
3716 5277 4048 5343 emittebant,

2536 5477 2550 5509 ί
2587 5475 2779 5535 Quidam
2799 5475 2894 5534 alii,
2927 5474 3085 5526 verba.
3112 5486 3215 5535 pro.
3240 5471 3416 5531 specie.

2537 5534 2612 5597 (a)
2641 5537 2884 5587 Translata
2911 5538 3138 5586 nimirum
3170 5534 3370 5598 fuerunt
3386 5535 3494 5596 jura
3521 5543 3572 5584 et
3593 5536 3844 5598 privilegia
3871 5544 4051 5598 metro-

2472 5595 2638 5656 polehs
2668 5600 2727 5647 ad
2764 5600 3070 5651 laodiczeam.
3106 5603 3158 5643 ut
3177 5595 3331 5644 refert
3363 5595 3713 5653 'I'heodorctus,
3746 5595 3789 5644 l.’
3809 5599 3857 5651 35,
3883 5611 3925 5643 c.
3959 5595 4049 5645 l9:

2479 5683 2499 5709 ε
2525 5661 2778 5724 Privilegia
2814 5659 2996 5724 civitati
3034 5657 3233 5724 ademit,
3258 5659 3466 5724 urbique
3497 5661 3664 5707 vicinas
3689 5661 3941 5724 peraratum
3973 5658 4058 5724 tri-

2475 5727 2596 5778 buit,
2619 5717 2795 5778 putans
2814 5721 2904 5769 hoc
2926 5717 2995 5767 illi
3013 5721 3222 5768 maximo
3241 5717 3638 5770 dolori'l'uturum.
3661 5717 3903 5769 [invidebat
3924 5721 4054 5768 enim

2475 5738 2596 5778 l'lllll,
2641 5738 2795 5771 .utans
2815 5738 2904 5769 HOC
2927 5738 2995 5767 ιιιι
3013 5738 3222 5768 ιιιιιχιηιο
3241 5738 3390 5770 υυιοιί
3409 5738 3638 5770 ιυιυτυηι.
3662 5738 3903 5769 ιιινιυϐικιι
3924 5738 4054 5768 εειιιω

2466 5789 2564 5848 jam
2587 5738 2699 5833 oiim
2718 5781 2974 5848 Αῃιίοςιιὶῖθ
2996 5781 3245 5848 taedium.
3275 5799 3296 5828 ι
3331 5783 3444 5833 Vide
3462 5791 3492 5833 t.
3512 5785 3554 5834 l.
3579 5785 3724 5833 Vitam
3745 5782 4055 5844 Libya-stam:

2474 5839 2701 5907 nostram,
2717 5843 2774 5894 ad
2798 5853 2976 5892 mnum
2995 5839 3102 5891 587.
