4414 6696
768 445 835 499 Π
1509 439 1567 495 8.
1603 432 1888 493 JOANNIS
1925 427 2412 486 CIIRYSOSTOMI
2453 423 2776 481 ARCIIIEP.
2819 421 3370 482 CONSTANTl-NOP.

738 564 1008 637 προΐεντο,
1041 561 1161 634 οὐχὶ
1189 561 1302 623 τοῖς
1342 553 1573 627 παροῦσι
1603 547 1944 637 μόνον,ᾲάλλά
1963 549 2056 637 καὶ
2079 548 2194 637 τοίς
2219 544 2405 637 πόρρω

739 623 1088 719 καθημένοις.
1108 623 1269 705 Ἐἶδες
1295 623 1478 693 πίστιν
1506 623 1635 707 περὶ
1659 634 1748 686 τὸν
1775 631 1928 694 Θεὸν,
1951 631 2046 683 καὶ
2068 627 2289 719 ἀγάπηχ
2309 623 2407 694 τήν

740 713 978 809 περιττὸν
999 731 1256 802 πλησίονς
1288 726 1478 781 Βούλει
1506 725 1602 778 καί
1632 725 1818 792 ἕτερον
1849 719 2050 809 μαθεῖν
2079 717 2179 809 τῆς
2201 713 2408 809 πόλεως

739 800 946 894 ταύτης
977 800 1226 889 ἀξίωμας
1273 814 1558 885 Κατῆλθόν
1585 826 1729 872 τινες
1765 807 1875 860 ἀπὸ
1904 805 2005 874 τῆς
2040 802 2305 894 ⁹ίουδαίιις
2331 800 2408 894 εἰς

757 885 1085 980 ⁹Αντιόχειαν
1121 885 1506 964 -ἐπιθολοῦντες
1550 899 1612 952 16
1655 898 1938 967 κήρυγμα,
1988 893 2082 946 καὶ
2119 885 2411 980 Ἰουδαῖκάς

745 974 1172 1069 παρεισάγοντες
1215 989 1658 1064 παρατηρήσεις’
1704 985 1804 1036 οὐκ
1848 983 2088 1069 ήνεγκαν
2141 980 2287 1069 σιγῇ⁸
2312 974 2412 1045 τὴν

747 1064 1099 1150 καίνοτομίαν
1141 1079 1358 1139 ἐκεῖνοι,
1392 1075 1512 1128 οὐδὲ
1537 1071 1852 1144 ήσύχασανο
1894 1068 2028 1122 ἀλλά
2069 1064 2414 1125 συνελθόντες

749 1167 848 1221 καὶ
890 1167 1184 1238 ἐκκλησίαν
1229 1164 1552 1232 ποιήσαντες
1580 1201 1595 1224 ,
1641 1162 1722 1224 εἰς
1771 1156 2114 1229 Ἱεροσόλυμα
2161 1151 2413 1221 ἔπεμψαν

751 1253 966 1309 Παῦλον
996 1253 1092 1306 καὶ
1116 1251 1423 1320 Βαρνάϐαν,
1453 1251 1549 1304 καὶ
1582 1244 1999 1318 παρεσκεύασαν
2024 1242 2151 1302 τούς
2181 1239 2414 1292 ἀποστό-

751 1344 876 1405 λους
917 1338 1132 1412 καθαρά
1173 1336 1442 1406 δόγματα,
1478 1336 1656 1404 πάσης
1691 1329 1985 1397 Ἰουδαϊκῆς
2016 1325 2412 1396 ἀπηλλαγμένα

751 1429 1030 1490 ἀσθενείας
1065 1467 1081 1489 ,
1133 1423 1410 1494 πανταχοῦ
1455 1415 1861 1490 διαπέμψασθαι
1915 1415 2014 1484 τῆς
2067 1415 2412 1482 οἱκουμενης.

750 1514 921 1568 Ίόῦτο
947 1513 1156 1576 πόλεως
1184 1511 1423 1580 ἀξίωμα,
1453 1507 1611 1561 τοῦτο
1639 1503 1921 1576 προεδρία,
1950 1500 2112 1553 τοῦτο
2141 1498 2416 1570 μητρόπο-

751 1600 834 1654 λιν
873 1598 1041 1668 αὐτὴν
1073 1599 1232 1661 ποιεῖ,
1265 1597 1367 1648 οὐκ
1397 1597 1454 1647 ἐν
1490 1596 1556 1666 τῇ
1592 1595 1685 1664 γῇ,
1718 1590 1833 1644 ἀλλ’
1870 1591 1927 1642 ἐν
1959 1587 2038 1658 τῷ
2065 1586 2278 1657 οὐρανῷ
2299 1604 2310 1616 ·
2342 1585 2416 1646 ὼς

751 1687 810 1740 αἴ
847 1702 911 1754 γε
955 1685 1110 1739 ἀλλαι
1139 1684 1310 1735 πᾶσαι
1338 1682 1495 1751 τιμαὶ
1525 1679 1763 1749 φθαρταὶ
1795 1679 1889 1731 καὶ
1916 1677 2190 1746 ἐπίκηροι,
2222 1675 2315 1728 καὶ
2340 1672 2418 1742 τῷ

753 1773 975 1843 παρόντι
1020 1767 1483 1838 συγκαταλύονται
1518 1767 1638 1830 βίω,
1665 1767 1926 1828 πολλάκις
1963 1766 2020 1818 δὲ
2060 1765 2153 1818 καὶ
2185 1764 2291 1835 πρὸ
2323 1763 2417 1814 τοῦ

751 1857 1017 1928 παρόντος
1046 1855 1159 1926 βίου
1186 1854 1338 1918 τέλος
1366 1851 1719 1922 λαμϐάνουσι,
1756 1851 2009 1921 καθάπερ
2048 1848 2144 1903 οὖν
2187 1851 2281 1902 καὶ
2324 1847 2418 1902 νῦν

751 1943 961 1998 ἔλαϐον.
980 1942 1133 2013 Ἐμοὶ
1159 1942 1312 2003 πόλις
1343 1941 1418 2012 μὴ
1454 1942 1652 2010 ἔχουσα
1692 1937 1913 2000 πολίτας
1943 1938 2211 2007 θεοφιλεῖς
2240 1936 2418 2005 πάσης

752 2031 948 2103 κώμης
984 2030 1131 2083 ἐστὶν
1171 2026 1547 2100 εὐτελεστέρα,
1578 2028 1672 2080 καὶ
1703 2026 1972 2096 σπηλαίου
2009 2026 2207 2089 παντὸς
2231 2027 2421 2094 ἀτιμο-

751 2121 902 2189 τέρα.
940 2119 1046 2172 Καὶ
1074 2117 1126 2170 τί
1153 2116 1296 2185 λέγω
1321 2133 1385 2168 πε
1395 2117 1449 2187 ρ).
1482 2115 1688 2178 πόλεως
1711 2132 1725 2179 ;
1751 2116 1868 2169 Ἵνα
1894 2114 2002 2184 γὰρ
2043 2113 2220 2185 μάθῃς
2259 2113 2417 2184 ἀκριο

753 2207 884 2270 ϐῶς,
917 2207 1000 2260 ὅτι
1027 2205 1196 2276 ἀρετὴ
1230 2204 1364 2274 μόνη
1399 2205 1593 2272 κοσμεῖ
1616 2205 1740 2265 τούς
1770 2202 2134 2264 ἐνοικοῦντας,
2161 2200 2313 2253 οὐδέν
2339 2216 2420 2253 σοι

753 2293 897 2362 λέγω
925 2293 1056 2364 περὶ
1083 2291 1308 2356 πόλεως,
1327 2290 1442 2343 ἀλλ’
1459 2290 1486 2342 6
1512 2288 1692 2358 πάσης
1717 2287 1922 2351 πόλεώς
1945 2289 2060 2340 ἐστι
2077 2288 2420 2358 σεμνότερον,

754 2381 848 2434 τὸν
889 2380 983 2434 τοῦ
1013 2379 1148 2434 Θεοῦ
1178 2377 1301 2430 ναὸν
1335 2377 1426 2430 τὸν
1468 2379 1525 2429 ἐν
1559 2374 1946 2446 Ἰεροσολύμοις
1976 2376 2056 2438 εἰς
2082 2375 2246 2446 μέσον
2274 2377 2424 2442 ἐνεγ-

759 2467 872 2521 κὼν
915 2467 1073 2520 τοῦτο
1114 2464 1394 2530 ἀποδεῖξαι
1441 2466 1797 2536 πειράσομαι.
1845 2460 2013 2526 οὗτος
2061 2464 2171 2534 γὰρ
2201 2465 2230 2517 6
2277 2464 2422 2526 ναὸς,

757 2560 817 2610 ἐν
857 2547 902 2623 ᾧ
934 2554 1113 2608 θυσίαι
1138 2552 1234 2606 καὶ
1263 2553 1419 2622 εὐχαὶ
1451 2553 1546 2607 κα)⁸
1587 2552 1854 2623 λατρεῖαι,
1886 2551 2015 2603 ἔνθα
2041 2551 2108 2603 τὰ
2134 2551 2299 2618 ’Ἅγια
2319 2551 2426 2602 τῶν

757 2643 952 2712 ἀγίων,
979 2640 1074 2695 καὶ
1115 2640 1184 2694 τὰ
1217 2639 1516 2712 χερουϐὶμ,
1551 2640 1645 2692 καὶ
1692 2637 1841 2710 [177]
1885 2637 2206 2710 ήδιαθήκη,
2252 2639 2344 2690 καὶ
2391 2641 2425 2706 ή

760 2732 997 2802 στάμνος
1043 2731 1078 2801 ή
1131 2730 1330 2801 χρυσῆ,
1359 2729 1428 2783 τὰ
1467 2729 1674 2800 μεγάλα
1723 2729 1966 2799 σύμϐολα
2005 2728 2106 2798 τῆς
2149 2729 2242 2782 τοῦ
2291 2729 2426 2782 Θεοῦ

761 2817 1016 2890 προνοίας
1045 2818 1143 2886 τῆς
1170 2816 1299 2887 περί
1321 2818 1383 2869 τὸ
1404 2817 1559 2884 γένος
1581 2818 1775 2880 ἐκεῖνο,
1800 2816 1929 2870 ἔνθα
1953 2817 2192 2886 χρησμοὶ
2221 2817 2427 2871 ἀνωθεν

761 2909 1004 2977 συνεχεῖς
1034 2905 1310 2976 ἐφέροντο,
1346 2903 1473 2958 ἔνθα
1506 2905 1780 2974 προφῆται
1809 2904 1979 2956 ἔνθεοι
2010 2905 2276 2972 ἐγένοντο,
2302 2904 2429 2959 ἔνθα

758 2994 860 3048 οὐκ
907 2992 1253 3065 ἀνθρωπίνης
1292 2991 1507 3062 τέχνης.
1541 2992 1675 3046 ἀλλά
1707 2993 1808 3060 τῆς
1837 2991 1930 3045 τοῦ
1971 2991 2106 3044 Θεοῦ
2159 2993 2352 3057 σοφίας
2392 2996 2425 3062 ή

759 3080 1089 3143 διατύπωσις
1117 3079 1274 3150 ἔργον
1303 3079 1531 3146 ἐγίνετο,
1560 3080 1688 3134 ἔνθα
1722 3079 1901 3148 πολλῷ
1926 3079 2190 3132 πάντοθεν
2231 3081 2280 3130 οἰ
2318 3081 2429 3130 τοί-

761 3185 846 3238 χοι
877 3165 1288 3234 κατελάμποντο
1316 3165 1548 3236 χρυσίῳ,
1581 3166 1674 3218 καὶ
1724 3166 1859 3237 πρὸς
1900 3167 2081 3218 πᾶσαν
2127 3165 2431 3236 ὑπερϐολὴν

761 3255 856 3308 καὶ
903 3254 1034 3325 ὕλης
1084 3252 1400 3308 πολυτέλεια
1433 3253 1527 3306 καὶ
1565 3253 1760 3324 τέχνης
1797 3253 2055 3323 ἀκρίϐεια
2082 3252 2432 3308 συνελθοῦσαι

763 3342 923 3412 μόνον
946 3339 1182 3396 τοιοῦτον
1212 3339 1307 3393 ἐπὶ
1327 3339 1429 3409 τῆς
1447 3339 1550 3410 γῆς
1577 3339 1786 3404 ἔδειξαν
1807 3339 1934 3393 ναὸν
1963 3339 2084 3393 τότε
2102 3355 2115 3369 ·
2155 3339 2352 3410 μᾶλλον
2374 3340 2430 3394 δὲ

759 3430 821 3483 οὐ
849 3429 1043 3502 τέχνης
1075 3426 1332 3498 ἀκρίϐεια
1363 3427 1544 3496 μόνον,
1579 3427 1718 3480 ἀλλά
1745 3427 1842 3481 καὶ
1865 3427 2003 3480 Θεοῦ
2034 3426 2194 3496 σοφία
2220 3427 2318 3496 τῆς
2351 3429 2431 3480 οἰ-

760 3515 994 3586 κοδομῆς
1021 3513 1364 3582 συνεφήψατο
1391 3514 1628 3584 ἐκείνης.
1664 3514 1740 3567 Οὐ
1768 3515 1875 3583 γάρ
1896 3513 2129 3575 οἴκοθεν,
2155 3514 2276 3567 οὐδὲ
2304 3517 2430 3584 παρ’

761 3601 979 3664 ἐαυτοῦ,
1007 3600 1142 3655 ἀλλά
1174 3601 1325 3672 παρὰ
1357 3600 1452 3653 τοῦ
1484 3600 1620 3653 Θεοῦ
1649 3601 1824 3654 πάντα
1849 3599 2036 3671 μαθὼν
2064 3601 2093 3652 ὀ
2117 3601 2362 3674 Σολομὼν
2379 3617 2427 3665 ι,

762 3690 858 3744 καί.
885 3689 984 3758 τὴν
1019 3685 1338 3758 ὑπογραφὴν
1367 3688 1432 3739 ἐκ
1467 3687 1576 3740 τῶν
1603 3687 1845 3758 οὐρανῶν
1871 3687 2235 3757 κατενεγκὼν,
2258 3688 2430 3754 οὕτως

763 3777 925 3830 αὐτὸν
948 3772 1236 3844 διεχάραξε
1258 3775 1352 3827 καὶ
1378 3775 1693 3844 ἀνέστησεν.
1715 3773 1852 3826 Ἀλλ’
1875 3775 2023 3843 ὅμως
2041 3776 2070 3828 6
2089 3775 2251 3840 καλὸς
2275 3770 2429 3841 οὗτος

763 3863 858 3918 καὶ
907 3861 1220 3933 θαυμαστὸς
1266 3861 1392 3924 ναὸς
1437 3861 1528 3914 καί
1581 3861 1752 3927 ἅγιος,
1783 3861 1890 3913 τῶν
1938 3864 2234 3932 χρωμένων
2279 3865 2430 3935 αὑτῷ

761 3948 1188 4021 διαφθαρέντων,
1234 3947 1405 4011 οὓτως
1450 3946 1699 4017 ἠτιμώθη
1751 3948 1847 4000 καὶ
1890 3949 2290 4020 κατεφρονήθη,
2339 3953 2432 4005 καὶ

763 4037 953 4108 γέγονε
988 4037 1235 4108 βέϐηλος,
1259 4033 1335 4098 ώς
1363 4034 1468 4105 πρό
1489 4050 1552 4102 γε
1580 4035 1679 4104 τῆς
1705 4034 1959 4099 ἁλώσεως
1987 4037 2248 4106 σπήλαιον
2269 4037 2431 4093 αὐτὸν

764 4125 1045 4184 καλεῖσθαι
1069 4123 1302 4197 λῃστῶν,
1335 4124 1432 4175 καὶ
1467 4122 1730 4192 σπήλαιον
1756 4123 1944 4190 ὑαίνης
1965 4139 1978 4152 ·
2007 4125 2146 4192 μετά
2173 4125 2229 4178 δὲ
2258 4126 2431 4180 ταῦτα

766 4213 1126 4286 βαρϐαρικαῖς
1161 4212 1256 4263 καὶ
1290 4209 1620 4280 ἀκαθάρτοις
1651 4210 1743 4261 καὶ
1774 4209 2020 4278 βεϐήλοις
2059 4213 2430 4284 παραδοθῆναι

763 4302 940 4375 χερσί.
977 4301 1162 4356 Βούλει
1193 4301 1288 4353 καὶ
1322 4299 1450 4369 περὶ
1480 4297 1732 4351 πόλεωνδ
1761 4297 1820 4349 τὸ
1854 4298 1985 4351 αὐτὸ
2013 4300 2171 4354 τοῦτο
2205 4303 2428 4371 μαθετνς

764 4389 831 4442 Τί
872 4389 982 4442 τῶν
1015 4391 1072 4441 ἐν
1105 4387 1356 4457 Σοδόμοις
1382 4385 1589 4438 πόλεων
1624 4384 2002 4456 λαμπρότερον
2042 4382 2141 4458 ἦν;
2181 4388 2275 4441 καὶ
2322 4393 2430 4462 γὰρ

763 4476 931 4531 οἰκίαι
961 4476 1054 4529 καὶ
1079 4473 1485 4544 οἰκοδομήματα
1519 4472 1766 4542 λαμπρὰ,
1797 4472 1890 4524 καὶ
1909 4472 2060 4543 τείχη
2093 4476 2225 4544 παρ’
2248 4477 2431 4543 αὐτοῖς

763 4555 853 4629 ἦν,
881 4561 974 4614 καί⁵
1023 4559 1176 4630 χώρα
1215 4558 1421 4628 λιπαρά
1469 4559 1564 4612 καὶ
1607 4557 1838 4624 εὔγειος,
1873 4559 1969 4610 καὶ
2005 4559 2084 4629 τῷ
2117 4562 2432 4633 παραδείσῳ

764 4645 858 4700 τοῦ
893 4645 1028 4700 Θεοῦ
1073 4646 1422 4716 προσεοικυῖα
1447 4660 1460 4672 ·
1493 4645 1526 4712 ή
1549 4643 1604 4696 δὲ
1637 4643 1845 4714 καλύϐη
1873 4643 1968 4697 τοῦ
2001 4646 2250 4718 ’Ᾱϐραὰμ
2278 4651 2429 4704 εὐτε..

765 4733 864 4804 λης
908 4735 1000 4786 καὶ
1042 4732 1233 4802 μικρὰ,
1263 4731 1355 4785 καὶ
1387 4730 1642 4801 οὐδεμίαν
1688 4730 1885 4799 ἔχουσα
1928 4731 2260 4800 ἀσφὸιλειαν⁹
2296 4737 2433 4793 ἀλλά

766 4822 1004 4892 πολέμου
1031 4822 1158 4875 ποτέ
1179 4819 1470 4892 γενομένου
1499 4819 1855 4892 βαρϐαρικοῦ,
1878 4823 1976 4885 τὰς
2002 4822 2102 4893 μὲν
2128 4825 2313 4890 πόλεις
2335 4830 2431 4894 τάς

764 4911 1039 4980 τειχήρεις
1072 4907 1419 4976 κατέσκαψὰν
1448 4924 1505 4961 τε
1533 4909 1627 4963 καὶ
1649 4903 1792 4960 εἷλον
1817 4910 1866 4962 οἱ
1891 4908 2174 4980 βάρϐαροι,
2192 4915 2288 4967 καὶ
2307 4917 2430 4980 τοὺς

765 4995 1105 5058 ἐνοικοῦντας
1133 4993 1386 5058 λαϐόντες
1417 4995 1792 5064 αἰχμαλώτους
1824 4995 2086 5064 ἀπῆλθον,
2126 4999 2216 5051 τὸν
2243 4999 2299 5052 δὲ
2332 5001 2428 5070 τῆς

765 5082 974 5153 ἐρήμου
1014 5079 1235 5150 πολίτην
1269 5079 1517 5150 Ἀϐραὰμ
1547 5081 1646 5132 οὐκ
1678 5082 1916 5150 ήνεγκαν
1959 5082 2286 5139 ἐπελθόντα”
2336 5089 2429 5143 καὶ

773 5168 914 5238 μάλα
943 5168 1168 5231 εἰκότως
1186 5181 1200 5196 °
1233 5166 1331 5242 τῆς
1354 5165 1463 5245 γὰρ
1491 5167 1597 5220 ἀπὸ
1618 5167 1707 5220 τοῦ
1729 5166 1965 5237 πλήθους
1995 5169 2215 5226 καὶτῶν
2233 5177 2428 5246 τειχῶν

770 5254 1066 5324 ἀσφαλείας
1093 5253 1272 5326 πολλῷ
1305 5253 1530 5324 μείζονα
1565 5249 1675 5324 εἷχε
1711 5254 1960 5326 δύναμιν,
1992 5258 2092 5328 τήν
2125 5262 2424 5320 εὐσέϐειαν.

769 5345 834 5397 ει
871 5343 1193 5415 Χριστιανὸς
1243 5337 1312 5407 εί,
1352 5343 1504 5398 πόλιν
1539 5344 1638 5397 οὐκ
1684 5343 1828 5415 ἔχεις
1861 5345 1955 5398 ἐπ)⁸
2000 5346 2098 5416 τῆς
2147 5349 2283 5418 γῆς·
2331 5353 2428 5422 τῆς

770 5429 976 5495 πόλεως
1001 5431 1154 5500 ήμῶν
1174 5431 1420 5503 τεχνίτης
1447 5431 1540 5484 καὶ
1567 5430 1630 5502 δη
1640 5433 1895 5503 μιουργός
1917 5435 2066 5486 ἐστιν
2089 5438 2116 5489 ὀ
2139 5438 2267 5504 Θεός
2289 5459 2301 5471 ·
2325 5441 2429 5494 κᾶν

769 5518 988 5582 δπασαν
1031 5516 1281 5588 λάϐωμεν
1327 5518 1423 5589 τήν
1455 5520 1798 5591 οἰκουμένην,
1833 5519 1972 5586 ξένοι
2007 5526 2102 5580 καὶ
2125 5529 2426 5601 παρεπίδη-

827 5698 845 5722 ⁸
872 5699 964 5752 Alii
986 5703 1014 5750 6
1037 5703 1263 5760 Μωῦσῆς,
1291 5702 1437 5750 male.

829 5761 962 5836 §Sic
985 5763 1130 5816 Savil,
1163 5757 1218 5814 ει
1252 5757 1453 5819 maxima
1491 5777 1605 5819 pars
1638 5777 1749 5815 mss.
1779 5763 1952 5815 Morel.
1977 5769 2029 5816 et
2053 5757 2294 5830 pum-iam
2325 5784 2428 5834 περι

782 5839 862 5876 ιε,
879 5842 982 5886 εως.

4076 417 4173 472 173

2513 558 2602 612 μοι
2633 539 2813 610 πάσης
2846 539 3034 609 ἐσμέν.
3071 542 3165 604 Εἰς
3205 539 3296 592 τὸν
3341 533 3567 606 οὐρανὸν
3610 534 4013 605 ὲνεγράφημεν,
4060 537 4178 591 ἐκεί

2509 626 2933 698 πολιτευόμεθα·
2984 630 3059 699 μὴ
3090 628 3231 682 κατά
3255 627 3324 680 τά
3354 624 3539 678 παιδία
3570 621 3640 675 τὰ
3665 623 3838 692 μικρά
3862 624 3974 675 τῶν
4005 623 4177 695 μεγά-

2508 716 2617 771 λων
2645 716 3039 790 ὐπερορῶντες,
3073 717 3142 770 τὰ
3175 716 3347 786 μικρά
3376 710 3768 783 θαυμάζωμεν.

2581 804 2657 858 Οὐ
2714 803 2942 875 μέγεθος
2990 803 3219 866 πόλεως,
3248 802 3384 856 ἀλλά
3410 800 3585 871 ψυχῆς
3617 797 3784 868 ἀρετὴ
3825 796 4032 865 κόσμος
4064 798 4180 852 ἐστὶ

2512 892 2608 945 καὶ
2652 892 2940 961 ἀσφάλεια.
2969 889 3032 942 Εἰ
3058 888 3114 942 δέ
3147 890 3364 961 ἀξίωμα
3400 885 3540 943 εἶναι
3567 887 3806 957 νομίζεις
3834 884 4065 950 πόλεως,
4097 889 4179 937 ὲν-

2513 979 2705 1050 νόησον
2739 979 2894 1032 πόσοι
2920 975 3270 1046 πορνοκόποι,
3297 979 3453 1030 πόσοι
3478 975 3712 1046 μαλακοὶ
3730 973 3823 1025 καὶ
3854 971 4183 1042 διεςρθαρμέ⁹

2512 1083 2592 1120 νοι
2613 1067 2709 1120 καὶ
2735 1065 2941 1136 μυρίων
2963 1061 3225 1131 γέμοντες
3241 1065 3426 1117 κακῶν
3455 1061 3770 1118 κοινωνοῦσι
3797 1077 3876 1113 σοι
3904 1060 4002 1129 τῆς
4027 1061 4181 1125 ἀξίας

2512 1155 2739 1223 ταύτης,
2764 1153 2858 1206 καὶ
2881 1150 3296 1220 καταφρόνησόν
3326 1169 3454 1204 ποτε
3481 1151 3582 1220 τῆς
3603 1150 3771 1220 τιμῆς
3796 1148 4027 1218 ταύτης.
4047 1149 4182 1200 Ἀλλ’

2514 1243 2614 1296 οὐκ
2644 1242 2824 1310 ἐκείνη
2855 1237 3079 1307 τοιαύτη
3102 1255 3116 1269 ·
3165 1240 3260 1292 καὶ
3294 1241 3402 1311 γὰρ
3424 1239 3685 1293 ἀδύνατόν
3712 1241 3860 1292 ἐστιν
3881 1236 4052 1307 αὐτῆς
4089 1253 4186 1306 με-

2515 1332 2736 1398 τασχεῖν
2765 1329 2855 1383 τὸν
2885 1327 2959 1399 μή
2998 1328 3176 1380 πᾶσαν
3205 1327 3607 1397 ἐπιδειξάμενον
3635 1329 3856 1398 ἀρετήν.
3884 1327 3978 1396 Μὴ
4007 1324 4188 1378 τοίνυν

2517 1417 2736 1487 ἀνόητοι
2757 1415 3036 1487 γινώμεθα
3055 1426 3102 1479 α,
3129 1415 3266 1468 ἀλλά
3289 1416 3413 1468 τότε
3438 1416 3709 1486 ἀλγῶμεν.
3736 1417 3866 1469 ὅταν
3885 1415 3949 1468 τὸ
3969 1414 4190 1481 ἀξίωμα

2517 1505 2675 1574 ήμῶν
2712 1506 2811 1576 τῆς
2840 1505 3018 1574 ψυχῆς
3047 1502 3310 1572 ἀφέληταί
3347 1519 3451 1568 τις,
3481 1504 3610 1556 ὅταν
3635 1503 3910 1574 ἁμαρτίαν
3942 1500 4192 1574 ἐργασώ-

2521 1591 2683 1660 μεθα,
2710 1593 2837 1646 ὃταν
2864 1592 2942 1662 τῷ
2966 1590 3130 1661 κοινῷ
3159 1590 3374 1644 πάντων
3409 1590 3654 1659 Δεσπότῃ
3683 1590 4152 1661 προσκρούσωμεν
4172 1606 4186 1618 ο

2517 1676 2594 1738 ὡς
2636 1677 2707 1729 τά
2736 1695 2801 1746 γε
2841 1678 2937 1731 νῦν
2969 1676 3311 1748 γεγενημένα
3339 1675 3401 1729 οὐ
3443 1676 3603 1746 μόνον
3642 1677 3792 1729 οὐδὲν
3841 1677 4190 1749 παραϐλάψει

2519 1762 2616 1832 τήν
2647 1764 2823 1828 πόλιν,
2853 1766 2970 1818 ἀλλ’
3000 1765 3092 1819 ἐὰν
3117 1766 3398 1835 νήφωμεν,
3429 1763 3523 1816 καὶ
3548 1761 3821 1833 ὠφελήσει
3842 1764 3912 1816 τὰ
3934 1765 4188 1834 μέγιστα.

2519 1851 2632 1902 Καὶ
2653 1850 2762 1921 γὰρ
2800 1853 3020 1921 γυναικὶ
3045 1852 3139 1906 νῦν
3169 1851 3341 1904 ἔοικεν
3365 1853 3397 1921 ή
3408 1853 3498 1921 μίν
3526 1852 3560 1920 ή
3585 1849 3738 1913 πόλις
3771 1851 4071 1920 εὐσχήμονι
4100 1854 4194 1905 καὶ

2521 1937 2782 2012 ἐλευθέρα
2806 1941 2900 1994 καὶ
2925 1939 3164 2009 ,σώφρονι
3181 1955 3196 1971 ο
3221 1939 3250 1991 6
3277 1937 3440 2006 φόϐος
3461 1938 3872 2009 ἐπιεικεστέραν
3908 1939 4083 2007 αὐτὴν
4103 1941 4196 1991 καὶ

2523 2029 2857 2100 σεμνοτέραν
2902 2028 3144 2098 ἐποίησε,
3181 2027 3274 2081 καὶ
3322 2027 3430 2080 τῶν
3479 2026 3689 2098 μιαρῶν
3727 2026 3952 2080 ἐκείνων
3991 2026 4100 2078 τῶν
4127 2028 4196 2080 τά

2523 2115 2866 2185 γεγενημένα
2907 2115 3294 2186 τολμησάντων
3331 2114 3630 2186 ἀπήλλαξε.
3679 2114 3768 2184 Μὴ
3813 2114 3994 2167 τοίνυν
4041 2112 4195 2187 [I78]

2524 2202 2881 2272 γυναικώδεις
2909 2202 3196 2273 θρηνῶμεν
3222 2202 3454 2274 Θρήνους
3470 2218 3483 2232 °
3511 2202 3604 2254 καὶ
3627 2203 3732 2273 γὰρ
3751 2203 3960 2272 ήκουσα
3986 2202 4198 2254 πολλῶν

2526 2289 2670 2344 κατὰ
2693 2289 2790 2360 τὴν
2818 2290 3022 2360 ἀγοράν
3043 2289 3340 2356 λεγόντωνο
3373 2287 3510 2344 Οὐαί
3543 2305 3649 2350 σοι,
3677 2288 3998 2355 ’Δντιόχειαί
4030 2287 4083 2338 τί
4117 2304 4198 2339 σοι

2526 2379 2756 2445 γέγονε;
2806 2377 2922 2439 πῶς
2965 2376 3278 2445 ήτιμώθης;
3314 2377 3409 2429 καὶ
3438 2374 3680 2438 ἀκούσας
3723 2375 4071 2442 κατεγέλασα
4100 2375 4199 2442 τῆς

2526 2463 2784 2532 παιδικῆς
2827 2462 2934 2514 τῶν
2982 2461 3152 2516 ταῦτα
3197 2463 3464 2530 λεγόντων
3515 2463 3774 2525 διανοίας.
3826 2463 3902 2514 Οὐ
3953 2462 4065 2530 γὰρ
4107 2461 4200 2515 νῦν

2526 2549 2699 2604 ταῦτα
2727 2548 2907 2618 λέγειν
2944 2549 3048 2618 χρή
3070 2565 3084 2580 ο
3121 2548 3236 2602 ἀλλ’
3269 2551 3394 2604 ὅταν
3421 2550 3536 2622 ἴδῃς
3567 2550 3950 2621 ὀρχουμένους,
3977 2550 4200 2619 μεθύον-

2526 2655 2646 2702 τας,
2665 2637 2908 2709 ᾅδοντας,
2933 2636 3406 2707 βλασφημοῦντας,
3438 2638 3756 2708 ὀμνύοντας,
3781 2637 4197 2708 ἐπιορκοῦντας,

2526 2724 2915 2795 ψευδομένους,
2951 2725 3068 2778 τότε
3106 2724 3310 2795 ταύτην
3348 2727 3563 2794 ἐπίλεγε
3588 2728 3686 2797 τὴν
3717 2727 3873 2798 ῥῆσιν
3899 2743 3912 2758 ·
3948 2727 4084 2780 Οὐαί
4119 2743 4200 2778 σοι

2530 2813 2719 2876 πόλιςί
2753 2811 2806 2864 τί
2837 2829 2921 2865 σοι
2959 2812 3214 2882 γέγονεν;
3247 2813 3342 2866 ἐάν
3366 2814 3423 2866 δὲ
3464 2815 3578 2885 ἴδῃς
3613 2816 3711 2884 τὴν
3749 2815 3956 2886 ἀγορὰν
3985 2815 4199 2883 ὀλίγους

2530 2901 2760 2971 ἔχουσαν
2805 2901 3006 2972 ἄνδρας
3036 2904 3300 2965 ἐπιεικεῖς
3333 2904 3426 2954 καὶ
3466 2903 3749 2972 σώφρονας
3794 2904 3888 2956 καί⁵
3919 2904 4196 2975 μετρίους,

2534 2989 2804 3059 μακάριζε
2830 2989 2929 3059 τὴν
2956 2990 3111 3043 πόλιν
3150 2991 3381 3060 ἐκείνην.
3429 2989 3594 3043 Οὐδὲν
3625 2991 3731 3062 γάρ
3768 2992 3800 3062 ή
3828 2991 4082 3060 ὀλιγότης
4113 2993 4200 3044 αὐ-

2531 3076 2630 3147 τὴν
2659 3077 3010 3150 παραϐλάιζναι
3029 3078 3158 3130 ποτέ
3185 3079 3490 3148 δυνήσεται,
3513 3079 3609 3148 τῆς
3639 3080 3838 3151 ἀρετῆς
3867 3081 4196 3151 προσούσης,

2533 3163 2724 3234 ὥσπερ
2753 3159 2845 3217 οῦν
2887 3163 2948 3216 16
2994 3165 3197 3234 πλῆθος
3223 3165 3372 3217 οὐδὲν
3399 3165 3670 3236 ὠφελήσει
3702 3167 3850 3229 ποτὲ,
3879 3167 4080 3230 κακίας
4109 3166 4196 3219 06-

2536 3270 2654 3324 σης.
2675 3251 2816 3306 Ἐὰν
2849 3248 2891 3323 ᾖ
2931 3256 2963 3306 ό
2996 3253 3243 3322 ἀριθμὸς
3282 3253 3398 3306 τῶν
3429 3253 3573 3308 υἱῶν
3607 3255 3873 3321 Ἰσραὴλ,
3903 3255 4091 3326 φησὶν,
4121 3256 4201 3324 ὡς

2533 3342 2572 3407 ἡ
2601 3339 2794 3410 ἄμμος
2826 3339 2934 3406 τῆς
2962 3343 3304 3408 θαλάσσης,
3329 3341 3393 3393 τὸ
3427 3340 3795 3410 κατάλειμμα
3833 3343 4195 3410 σωθήσεται.

2534 3427 2702 3480 Οὐδέν
2733 3445 2799 3498 με
2831 3428 2889 3480 τὸ
2925 3427 3128 3498 πλῆθος
3156 3428 3474 3497 δυσωπῆσαι
3499 3429 3802 3499 δυνήσεται,
3828 3431 3994 3500 φησίν
4013 3447 4029 3462 ·
4059 3431 4199 3484 οὕτω

2533 3516 2628 3568 καὶ
2651 3518 2678 3568 ὀ
2701 3516 2932 3586 Χριστὸς
2967 3516 3222 3586 ἐποίησεν
3243 3533 3254 3544 ·
3289 3515 3566 3568 ἐταλάνισε
3603 3516 3782 3580 πόλεις
3826 3519 3887 3569 οὐ
3927 3517 3997 3570 δι’
4021 3519 4198 3587 ὀλιγό-

2530 3621 2690 3674 τητα,
2731 3603 2792 3656 οὐ
2818 3602 2907 3654 διὰ
2934 3602 2994 3655 τὸ
3031 3603 3105 3674 μὴ
3141 3598 3281 3656 εἶναι
3321 3603 3709 3674 μητροπόλεις·
3738 3605 3832 3658 καὶ
3874 3605 3974 3674 τὴν
4001 3606 4198 3678 Ἰερου-

2533 3691 2715 3762 σαλὴμ
2767 3690 2926 3743 πάλιν
2971 3691 3037 3742 δι’
3067 3689 3198 3742 αὐτὸ
3243 3689 3402 3743 τοῦτο
3451 3691 3761 3744 ἐταλάνισεν
3801 3692 3945 3746 οὕτω
3991 3693 4194 3762 λέγων·

2541 3778 2960 3846 Ἰερουσαλὴμ,
2999 3778 3424 3846 Ἰερουσαλὴμ,
3476 3780 3513 3846 ἡ
3563 3779 4006 3834 ἀποκτείνουσα
4059 3783 4197 3847 τοὺς

2533 3864 2863 3934 προφήτας,
2913 3863 3014 3914 καί
3061 3864 3467 3918 λιθοϐολοῦσα
3521 3866 3660 3932 τοὺς
3703 3867 4196 3936 ἀπεσταηιμένοινς

2533 3953 2684 4020 πρὸς
2711 3951 2925 4019 αὐτήν.
2958 3949 3024 4002 Τί
3056 3951 3166 4022 γάρ
3208 3968 3296 4021 μοι
3329 3953 3390 4005 τὸ
3421 3954 3620 4024 πλῆθος
3658 3955 3847 4023 ὄφελος
3873 3955 4052 4022 φέρει,
4079 3957 4194 4009 εἰπέ

2537 4057 2646 4109 μοι,
2681 4039 2745 4091 ἂν
2783 4039 2920 4108 μετά
2965 4036 3219 4113 κακίαςῇ
3258 4041 3700 4111 πολιτευόμενον;
3741 4043 4065 4096 Τούναντίον
4100 4044 4196 4113 μὲν

2533 4121 2626 4178 οὖν
2653 4125 2747 4178 καὶ
2781 4125 2978 4194 βλάϐος
3007 4125 3114 4178 ἀπὸ
3141 4127 3330 4180 τούτου
3360 4130 3590 4196 γίνεται.
3622 4129 3734 4181 Νῦν
3765 4125 3858 4181 οὖν
3884 4129 3950 4181 τὰ
3974 4146 4194 4198 γεγενη-

2537 4213 2674 4283 μένα
2711 4213 2855 4266 κακά
2896 4213 2949 4264 τί
2988 4213 3116 4266 ἄλλο
3154 4216 3484 4284 εἰργάσατος
3520 4218 3617 4285 οὐχ
3661 4218 3693 4285 ή
3735 4216 3996 4287 ῥᾳθυμία,
4039 4221 4190 4290 καὶή

2533 4301 2810 4372 ὀλιγωρία,
2841 4302 2934 4353 καὶ
2974 4302 3006 4371 ή
3049 4303 3318 4374 μοχθηρία
3360 4305 3468 4357 τῶν
3499 4302 3875 4368 ἐνοικούντων;
3915 4307 3991 4376 μή
4039 4325 4094 4359 τι
4135 4309 4194 4360 τὸ

2534 4387 2748 4456 ἀξίωμα
2771 4387 2868 4457 τὴν
2899 4388 3052 4442 πόλιν
3079 4390 3348 4461 ὠφέλησε.
3385 4393 3458 4459 μή
3491 4408 3540 4443 τι
3575 4389 3636 4442 τὸ
3668 4391 3893 4459 μέγεθος
3926 4393 4030 4463 τῆς
4052 4397 4192 4448 οἰκο-

2532 4475 2719 4544 δομῆς,
2771 4476 2842 4546 μή
2883 4477 3024 4530 τιτὸ
3053 4478 3387 4549 μητρόπολιν
3417 4477 3586 4547 αὐτὴν
3631 4474 3800 4544 sint;
3835 4481 3897 4534 Εί
3936 4482 3995 4534 δέ
4045 4483 4193 4551 παρά

2537 4563 2744 4629 βασιλεῖ
2767 4561 2844 4633 τῷ
2871 4565 2962 4617 ἐπὶ
2991 4565 3092 4634 τῆς
3129 4566 3235 4634 γῆς
3262 4565 3415 4617 οὐδὲν
3449 4564 3620 4633 αὐτῆς
3656 4567 3814 4620 τοῦτο
3842 4569 4193 4639 ἁμαρτούσης

2536 4649 2792 4720 προέστη,
2827 4652 2962 4705 ἀλλά
3000 4655 3176 4708 πάντα
3213 4655 3392 4705 ἐκεῖνα
3438 4654 3732 4725 ἀφῄρηται,
3769 4657 3947 4728 πολλῶ
3999 4659 4192 4728 μᾶλλον

2536 4735 2685 4806 παρά
2720 4737 2795 4807 τῷ
2832 4741 3074 4810 Δεσπότῃ
3103 4739 3212 4792 τῶν
3253 4739 3499 4806 ἀγγέλων
3522 4743 3671 4797 οὐδὲν
3696 4746 3864 4814 αὐτῆς
3893 4745 3953 4798 τὺ
3978 4747 4192 4817 ἀξίωμα

2533 4827 2895 4896 προστήσεται
2925 4827 3116 4879 τοῦτο·
3161 4826 3314 4878 οὐδὲν
3343 4828 3450 4899 γὰρ
3479 4832 3628 4901 ἡμᾶς
3657 4832 3933 4903 ὠφελῆσαι
3971 4833 4192 4903 δυνήσε-

2530 4929 2619 4965 ται
2646 4913 2786 4966 κατά
2818 4913 2916 4983 τὴν
2941 4913 3154 4984 ήμέραν
3179 4913 3410 4983 ἐκείνην,
3431 4917 3490 4970 τὸ
3526 4921 3858 4990 μητρόπολιν
3889 4922 4080 4982 οἰκεῖν,
4103 4924 4192 4973 καὶ

2533 4999 2694 5062 στοὰς
2722 4999 2949 5068 ἔχουσαν
2976 4999 3197 5068 εὐρείας
3227 5001 3318 5053 καὶ
3346 5003 3412 5056 τὰ
3437 5004 3571 5058 ἀλλα
3602 5006 3891 5076 ἀξιώματα
3915 5009 3984 5059 τὰ
4007 5007 4190 5060 τοιαῦ-

2529 5105 2613 5140 τα.
2645 5089 2754 5140 Καί
2784 5087 2834 5138 τί
2862 5085 3003 5152 λέγω
3030 5085 3171 5138 κατὰ
3197 5087 3292 5159 τὴν
3321 5092 3532 5161 ἡμέραν
3573 5093 3820 5162 ἐκείνην;
3845 5096 3928 5156 εἰς
3952 5096 4064 5165 γὰρ
4103 5095 4190 5147 τὸν

2533 5176 2775 5245 παρόντα
2807 5173 2922 5242 βίον
2953 5172 3003 5224 τί
3037 5190 3094 5226 σε
3133 5175 3412 5249 ὠφελῆσαι
3450 5179 3735 5249 δυνήσεται
3768 5179 3828 5232 τὸ
3862 5182 4190 5251 μητρόπολιν

2530 5258 2670 5316 εἷναί
2701 5278 2792 5312 σου
2818 5260 2915 5330 τὴν
2951 5260 3104 5315 πόλιν
3129 5281 3140 5326 ;
3172 5260 3279 5335 ἆρα
3303 5267 3482 5319 οἰκίαν
3517 5282 3600 5328 τις
3633 5265 3817 5328 κακῶς
3844 5265 4188 5340 διακειμένην

2531 5348 2639 5400 ἀπὸ
2659 5347 2852 5400 τούτου
2877 5348 3206 5420 διώρθωσεν,
3249 5354 3281 5424 ἦ
3329 5353 3586 5422 πρόσοδόν
3618 5370 3738 5406 τινα
3773 5356 3952 5425 ἔσχεν,
4004 5359 4038 5428 ἢ
4088 5358 4189 5412 ἀπὸ

2529 5433 2630 5502 τῆς
2654 5433 2810 5497 ἀξίας
2833 5435 3036 5507 ταύτης
3065 5439 3304 5510 ἀθυμίαν
3337 5439 3734 5510 ἀπεκρούσατο.
3763 5443 3793 5512 ἢ
3818 5443 4068 5514 σώματος
4096 5449 4186 5518 ἀρ-

2534 5521 2767 5589 ρωστίαν
2795 5523 3044 5590 έλυσενιι,
3070 5528 3103 5598 ἢ
3137 5529 3335 5580 κακίαν
3359 5527 3536 5596 ψυχῆς
3572 5530 3833 5592 ἀπέθετο;
3860 5534 3952 5604 Μὴ
3986 5535 4183 5598 παίζωο

2534 5623 2653 5676 μεν,
2685 5610 2974 5681 ἀγαπητοὶ,
3007 5615 3140 5684 μηδέ
3171 5613 3307 5682 πρὸς
3347 5613 3445 5676 τὰς
3490 5613 3598 5667 τῶν
3645 5619 3850 5673 πολλῶν
3892 5623 4020 5678 ὑπο)
4039 5623 4178 5692 ﬁsa;

2592 5758 2786 5832 ςξεινὶί.
2811 5765 2857 5807 et
2880 5762 3018 5810 mulli
3043 5775 3157 5816 mss.
3190 5770 3550 5832 ᾇνοηταίεςωμεν.

2593 5828 2620 5873 d
2645 5828 2838 5878 ἰλ-κε.
2869 5838 3008 5876 uta-1
3036 5843 3081 5879 ιο
3105 5830 3390 5895 quibusdam
3414 5828 3761 5904 nianuscriylié
