4414 6676
401 425 501 479 I77

402 552 501 590 nec
529 532 875 605 praesentibus
913 538 1140 590 tantum,
1170 537 1351 577 verum
1389 531 1442 575 et
1467 520 1622 589 longe
1648 512 1977 572 sedentibus.

407 603 593 681 Vidisti
626 626 780 679 fidem
808 624 861 677 in
893 622 1079 681 Deum,
1130 625 1184 669 et
1227 614 1498 668 caritatem
1552 612 1605 665 in
1648 603 1982 679 proximum?

408 717 497 770 \‘is
524 726 577 770 et
605 716 762 769 aliam
788 710 1019 766 civitatis
1053 705 1210 773 hujus
1247 703 1453 757 discere
1479 694 1828 770 dignitatem?
1882 694 1986 746 De-

404 809 723 862 scenderunt
745 801 961 872 quidam
984 812 1048 851 ex
1072 794 1251 849 Judma
1280 791 1636 853 Antiochiam,
1666 783 1982 856 perturban—

406 911 485 954 tes
512 895 964 969 pricdicationem.
1007 897 1060 941 et
1105 886 1349 942 Judaicas
1392 883 1703 936 inducenles
1731 874 1983 929 observa-

408 966 581 1044 tion—es
610 990 744 1058 (Act.
779 983 865 1037 I5.
896 981 971 1052 I).
1001 979 1112 1034 Non
1142 979 1299 1031 tacite
1326 975 1561 1027 tulerunt
1593 969 1667 1023 illi
1692 966 1988 1021 innovatio-

407 1098 550 1140 uem.
591 1092 689 1132 nec
727 1075 1121 1143 acquievemnt,
1162 1069 1255 1123 sed
1306 1063 1682 1120 convenientes
1720 1068 1773 1113 et
1814 1058 1988 1110 eccle-

406 1174 542 1227 siam
595 1167 847 1221 facientes
874 1206 888 1228 ,
936 1161 1323 1230 .Ierosolymam
1374 1154 1592 1207 Paulum
1636 1149 1894 1203 miserunt
1934 1153 1991 1199 et

409 1260 725 1319 Barnabam,
759 1263 813 1309 et
857 1249 1145 1307 eIlccerunt
1189 1259 1246 1301 ut
1285 1244 1511 1315 apostoli
1542 1242 1785 1309 dogmata
1821 1252 1850 1290 a
1897 1236 1991 1290 Ju-

408 1353 559 1405 daica
612 1345 920 1402 infirmitate
972 1353 1105 1407 pura
1155 1338 1341 1406 qumis
1388 1345 1648 1387 terrarum
1698 1327 1989 1381 mitterent.

411 1442 536 1494 llaec
558 1437 785 1494 civitatis
809 1433 1059 1502 dignitas,
1090 1428 1203 1481 lucc
1233 1423 1559 1495 praestantia,
1591 1419 1692 1472 hoc
1723 1418 1887 1487 ipsam
1918 1417 1993 1468 fa-

410 1532 485 1583 cit
514 1526 872 1596 metropoliin,
917 1535 1023 1574 non
1064 1520 1115 1571 ili
1162 1525 1321 1578 terra,
1372 1513 1465 1568 sed
1515 1512 1566 1563 in
1615 1509 1765 1563 caelo.
1816 1508 1993 1574 Itaque

412 1634 600 1671 omnes
650 1616 738 1670 alii
782 1614 1012 1668 honores
1061 1606 1428 1673 corruptihiIes
1470 1608 1596 1654 sunt
1634 1606 1688 1651 et
1728 1596 1909 1651 caduci
1941 1603 1996 1648 et

413 1725 537 1763 cum
587 1706 833 1777 prazsenti
881 1703 985 1755 vita
1039 1699 1343 1755 solvuntur;
1392 1693 1700 1761 frequenter
1738 1694 1996 1741 autemet

414 1811 539 1855 ante
565 1807 882 1869 praesentem
925 1793 1086 1844 vitam
1130 1790 1285 1842 finem
1334 1786 1532 1839 habent
1561 1799 1575 1835 :
1608 1782 1743 1834 sicut
1779 1786 1833 1831 et
1860 1790 1997 1829 nunc

417 1867 600 1963 utique
624 1892 943 1945 habuerunt.
974 1884 1095 1937 lllihi
1126 1882 1311 1935 civitas
1349 1893 1452 1931 non
1493 1874 1693 1928 habens
1720 1871 1836 1940 pios
1856 1867 2000 1921 cives

414 1985 561 2037 omni
587 1983 713 2035 villa
744 1978 901 2031 vilior
946 1984 1048 2040 est,
1098 1983 1150 2028 et
1190 1983 1526 2041 quacumque
1563 1965 1814 2034 spelunca
1846 1960 1999 2029 igno-

416 2077 593 2131 bilior.
624 2074 690 2127 Et
718 2069 843 2140 quid
872 2069 992 2122 dico
1030 2066 1095 2120 de
1142 2062 1389 2118 civitate?
1428 2060 1497 2115 Ut
1536 2057 1679 2111 enim
1720 2055 2001 2122 diligenter

416 2169 593 2220 discas
620 2164 869 2217 virtutem
906 2159 1073 2213 solam
1104 2157 1247 2209 cives
1288 2166 1496 2210 ornare,
1546 2147 1676 2200 nihil
1707 2144 1799 2198 tibi
1829 2144 1894 2195 dc
1922 2141 2000 2194 ci-

420 2259 581 2311 vitate
606 2255 748 2318 dico,
790 2249 884 2307 sed
914 2247 1054 2320 quod
1101 2255 1183 2300 est
1210 2242 1352 2296 omni
1384 2240 1595 2293 civitate
1623 2232 1999 2295 venerabilius,

418 2345 920 2415 Jerosolymitanum
965 2339 1055 2393 Dei
1084 2336 1335 2404 templum
1382 2331 1434 2384 in
1475 2328 1705 2383 medium
1750 2323 2002 2386 alferens,

424 2440 527 2493 hoc
566 2437 934 2492 demonstrare
985 2428 1240 2484 conabor.
1290 2424 1399 2477 lloc
1442 2421 1582 2474 enim
1628 2416 1905 2485 templum,
1954 2412 2007 2465 in

422 2542 529 2596 quo
559 2523 817 2579 sacriﬁcia
842 2531 895 2575 et
919 2518 1187 2573 orationes
1214 2523 1267 2568 et
1296 2514 1490 2574 cultus,
1521 2508 1607 2562 tibi
1638 2513 1821 2561 sancta
1879 2518 2006 2558 san-

423 2623 724 2675 ctorum,et
747 2609 1118 2671 Cherubim,et
1144 2606 1566 2664 Testamentum,
1594 2606 1647 2652 et
1672 2611 1800 2649 urna
1824 2607 2006 2657 aurea,

426 2720 615 2776 magna
646 2702 838 2758 indicia
868 2700 1060 2753 divinae
1092 2697 1232 2750 circa
1261 2706 1427 2761 genus
1455 2689 1582 2744 illud
1622 2684 1968 2759 providentia:
1993 2700 2007 2737 :

426 2799 516 2853 ubi
558 2795 772 2851 oracula
817 2804 1049 2860 superne
1086 2787 1336 2842 continua
1383 2781 1708 2842 ferebantur,
1748 2776 1836 2830 ubi
1883 2789 2008 2844 pro-

426 2889 601 2958 phetae
630 2885 811 2939 divino
843 2881 1160 2936 amabantur
1200 2874 1452 2930 numine:
1484 2871 1571 2925 ubi
1615 2884 1722 2923 non
1766 2867 2009 2920 humana:

425 2981 575 3044 artis,
603 2975 697 3030 sed
724 2975 914 3028 divina:
940 2970 1214 3039 sapientia:
1243 2976 1399 3037 typus
1426 2971 1541 3017 erat
1572 2979 1585 3014 :
1612 2960 1701 3014 ubi
1729 2959 1894 3012 multo
1917 2972 2011 3024 pa-

428 3072 588 3123 rietes
609 3065 839 3132 undique
865 3061 1138 3129 fulgebant
1171 3071 1320 3119 auro,
1362 3063 1417 3109 et
1453 3067 1610 3121 supra
1646 3062 1863 3103 onmem
1894 3061 2010 3099 mo-

426 3160 553 3212 dum
599 3166 710 3209 tum
757 3152 995 3206 materia:
1044 3146 1429 3219 pretiosissima
1472 3143 1697 3212 species,
1745 3150 1853 3192 tum
1887 3136 2016 3189 artis

429 3246 702 3316 diligentia
739 3242 1033 3311 conjuncta:
1082 3239 1255 3292 solum
1307 3249 1467 3304 super
1522 3243 1716 3285 terram
1761 3227 2013 3294 templum

431 3334 733 3409 hujusmodi
762 3344 886 3388 tunc
928 3332 1092 3385 fuisse
1131 3330 1643 3383 demonstraverunt
1683 3339 1697 3375 :
1742 3321 1847 3374 imo
1887 3331 2016 3371 vero

432 3446 538 3485 non
565 3429 695 3482 artis
724 3434 923 3479 tantum
951 3422 1242 3491 diligentia,
1284 3432 1471 3471 verum
1518 3424 1574 3469 et
1624 3414 1717 3467 Dei
1759 3409 2017 3479 sapientia

432 3520 592 3575 simul
640 3516 769 3572 illud
810 3514 1014 3569 ornavit
1043 3510 1344 3565 mdificium.
1388 3506 1504 3561 Non
1535 3503 1677 3559 enim
1704 3518 1770 3556 ex
1804 3500 2018 3570 proprio

431 3623 583 3676 nutu,
624 3624 723 3663 nec
755 3623 783 3661 a
828 3605 1135 3671 semetipso,
1163 3601 1255 3655 sed
1281 3615 1310 3652 a
1339 3599 1446 3652 Deo
1493 3603 1682 3652 cuncta
1721 3593 1970 3648 Salomon
2000 3590 2017 3620 ί

434 3704 647 3754 discens
697 3708 751 3753 et
796 3695 1207 3763 descriptionem
1230 3691 1433 3743 czelitus
1456 3688 1712 3748 referens,
1738 3683 1814 3737 sic
1844 3683 2016 3750 ipsum

434 3788 748 3859 designavit,
795 3795 849 3841 et
887 3786 1056 3839 erexit
1091 3785 1164 3854 (5.
1212 3782 1337 3851 lleg.
1364 3780 1439 3848 6).
1478 3777 1853 3831 Verumtamen
1886 3782 2020 3826 tem-

435 3884 579 3951 plum
608 3890 713 3933 tam
744 3876 1047 3947 pulchrum,
1077 3882 1132 3928 et
1150 3872 1412 3935 mirabile,
1441 3881 1494 3924 et
1526 3877 1790 3933 sanctum,
1818 3865 2021 3920 utenti-

438 3976 539 4028 bus
568 3972 683 4040 ipso
709 3966 947 4038 perditis,
974 3976 1134 4019 tantm
1170 3963 1474 4034 ignominia:
1519 3960 1752 4014 habitum
1780 3966 1881 4021 est,
1923 3956 2026 4010 sic-

437 4078 543 4131 que
585 4065 944 4126 conteniptum
972 4062 1030 4111 et
1058 4055 1335 4123 profanum
1381 4052 1666 4116 redditum,
1700 4059 1756 4104 ut
1780 4058 1903 4102 ante
1933 4062 2024 4100 ca-

443 4155 734 4223 ptivitatem
749 4148 958 4218 quidem
972 4146 1226 4215 spelunca
1242 4152 1525 4198 vacaretur
1541 4137 2021 4209 latronum(illatth.

441 4246 532 4299 2|.
563 4244 672 4311 I3),
711 4250 764 4296 et
802 4239 1051 4309 spelzeum
1095 4237 1330 4306 hyicnre;
1369 4243 1488 4303 post
1534 4233 1645 4285 hzec
1675 4247 1800 4284 vero
1829 4230 2019 4283 barba-

442 4337 569 4388 ricis
593 4343 648 4388 et
693 4329 973 4385 immundis
1011 4336 1065 4381 et
1109 4325 1343 4394 profanis
1382 4324 1624 4376 manibus
1653 4320 1901 4373 traditum
1931 4317 2019 4370 sit.

448 4424 538 4477 \‘is
568 4432 622 4476 et
642 4421 709 4475 de
732 4421 944 4475 civitate
972 4417 1071 4470 hoc
1116 4413 1256 4468 idem
1287 4411 1528 4466 discere?
1550 4409 1683 4475 Quid
1705 4407 1952 4462 Sodomis
1974 4416 2023 4461 ct

443 4512 744 4581 conjunctis
773 4507 1073 4565 civitatibus
1113 4503 1209 4558 fuit
1238 4500 1577 4572 prmclarius?
1602 4499 1811 4553 Etenim
1840 4498 2029 4552 domus

445 4617 500 4662 et
552 4605 775 4658 mditicia
825 4600 1121 4672 Splendida,
1153 4607 1205 4651 et
1249 4597 1476 4664 parietes
1521 4592 1865 4663 pulcherrimi
1892 4590 2030 4659 apud

448 4712 592 4767 ipsos
616 4704 789 4758 erant,
823 4701 878 4748 et
925 4692 1073 4761 regio
1115 4686 1322 4758 pinguis
1345 4696 1401 4739 et
1444 4684 1656 4747 fertilis,
1705 4694 1758 4736 ct
1785 4682 2032 4752 paradiso

448 4789 541 4843 Dei
580 4784 906 4847 assimilata;
948 4784 1082 4836 cella
1122 4794 1248 4835 vero
1288 4776 1571 4833 Abrahanii
1598 4776 1716 4829 vilis
1755 4784 1809 4828 et
1848 4788 2029 4841 parva,

448 4893 501 4937 et
548 4878 748 4932 nullum
790 4874 993 4928 habens
1031 4876 1303 4928 munimen
1337 4889 1350 4924 :
1380 4870 1470 4925 sed
1498 4878 1682 4922 exorto
1715 4866 2033 4935 quandoque

451 4974 590 5031 bello
613 4970 908 5032 barbarico,
928 4968 1087 5020 urbes
1105 4966 1320 5034 quidem
1336 4962 1597 5018 mmnibus
1614 4962 1843 5013 munitas
1872 4956 2033 5010 suffo-

452 5068 643 5122 derunt
667 5070 720 5114 et
744 5066 1001 5128 ceperunt
1040 5056 1273 5117 barbari,
1307 5064 1361 5109 et
1383 5053 1583 5108 incolas
1607 5051 1843 5119 captivos
1877 5046 2035 5100 abdu-

453 5167 631 5213 centes
668 5152 911 5205 abierunt
950 5166 963 5202 :
1001 5144 1302 5200 solitudinis
1340 5154 1516 5198 autem
1552 5145 1721 5197 civem
1767 5139 2033 5195 Abraham

453 5254 786 5319 ingruentem
812 5257 914 5295 non
943 5240 1197 5294 tulerunt.
1228 5236 1335 5290 Nec
1362 5237 1657 5299 immerito;
1688 5231 2035 5288 multitudinis

452 5355 591 5398 enim
622 5346 676 5390 et
696 5348 971 5388 murorum
999 5330 1290 5385 munimine
1326 5326 1493 5380 multo
1521 5326 1776 5394 majorem
1808 5324 1910 5378 vim
1939 5322 2035 5375 ha-

455 5437 630 5497 bebat,
653 5430 901 5501 pietatem
929 5426 1151 5481 scilicet.
1196 5424 1251 5479 Si
1283 5419 1612 5477 Christianus
1656 5434 1735 5482 es,
1773 5419 2036 5472 civitatem

457 5542 562 5582 non
607 5522 767 5576 habes
819 5532 979 5586 super
1012 5526 1229 5571 terram.
1267 5513 1503 5569 Civitatis
1550 5519 1746 5565 nostra:
1785 5510 1963 5579 opifex
1989 5514 2043 5561 et

456 5614 781 5673 architectus
803 5619 885 5663 est
912 5610 1087 5661 Deus:
1119 5607 1245 5662 licet
1283 5619 1495 5661 omnem
1530 5600 1801 5671 capiamus
1828 5599 2038 5662 orbem,

460 5712 696 5781 hospites
720 5712 772 5757 et
795 5701 1054 5772 peregrini
1080 5710 1243 5756 ιοίιιιε
1268 5714 1471 5755 sumus.
1499 5695 1554 5752 In
1576 5693 1762 5750 ςίηιυιιι
1787 5689 2041 5759 adscripti

526 5836 541 5865 ι
581 5829 683 5889 alii,
713 5834 914 5888 κοιμεῆ
941 5816 1070 5874 male

1276 410 1367 464 AD
1406 405 1725 462 POPULUM
1762 394 2249 458 ANTIOCHENUM
2314 393 2537 450 llOMIL.
2581 392 2745 449 XVII.

3573 386 3668 438 1τὸ

2086 520 2289 571 sumus,
2323 505 2429 559 illic
2454 518 2835 558 conversamur
2862 519 2876 555 :
2915 517 3019 556 non
3052 514 3333 570 puerorum
3372 514 3522 553 more
3554 512 3672 565 par-

2088 612 2273 652 vorum
2302 610 2492 665 magna
2516 601 2937 655 contemnentes,
2970 607 3131 661 parva
3160 590 3503 644 admiremur.

2164 686 2282 742 Non
2307 685 2619 758 magnitudo,
2644 684 2732 738 scd
2753 684 2912 754 pietas
2943 684 3167 736 civitates
3193 688 3425 735 exornat.
3454 708 3525 718 —
3549 675 3667 731 Non

2089 779 2318 833 civitatis
2345 775 2674 845 magnitudo,
2705 773 2798 831 sed
2819 773 2981 825 animi
3003 771 3168 825 virtus
3188 778 3559 824 ornamentum
3591 773 3673 819 est

2091 879 2146 924 et
2173 872 2582 923 munimentum.
2614 868 2671 920 Si
2705 881 2834 920 vero
2864 864 3091 918 civitatis
3117 876 3326 931 quoque
3360 858 3671 928 dignitatem

2093 975 2212 1015 esse
2240 958 2512 1028 putaveris
2560 957 2995 1027 magnitudinem,
3037 955 3209 1023 cogita
3251 962 3381 1021 quot
3430 952 3671 1015 lenones,

2093 1060 2222 1121 quot
2248 1052 2435 1104 molles
2467 1057 2521 1103 et
2554 1048 2767 1117 perditi,
2806 1056 2861 1101 et
2899 1044 3191 1100 innumeris
3229 1044 3368 1111 pleni
3410 1042 3565 1095 malis
3589 1041 3673 1093 di-

2093 1141 2280 1211 gnitati
2302 1140 2423 1194 huic
2451 1139 2870 1201 communicant,
2902 1148 2954 1191 et
2980 1138 3193 1189 tandem
3222 1134 3364 1187 hunc
3392 1143 3675 1186 contemne

2095 1234 2375 1288 honorem.
2407 1232 2511 1287 Sed
2544 1248 2649 1285 non
2687 1231 2777 1284 ille
2821 1229 2939 1283 talis
2980 1238 3060 1283 est
3110 1245 3123 1280 :
3173 1242 3279 1280 non
3321 1228 3464 1279 enim
3515 1224 3679 1293 ipsius

2094 1335 2300 1394 partem
2332 1340 2522 1394 capere
2550 1326 2671 1378 licet
2693 1323 2790 1386 illi,
2814 1320 2904 1390 qui
2928 1335 3031 1372 non
3063 1333 3275 1371 onmem
3298 1316 3547 1370 exhibeat
3574 1314 3681 1367 vir-

2098 1427 2285 1471 tutem.
2322 1416 2400 1470 Ne
2437 1416 2592 1485 igitur
2619 1416 2765 1470 stulti
2816 1414 3027 1475 fiamus,
3077 1410 3173 1465 sed
3223 1420 3348 1463 tunc
3383 1409 3679 1471 doleamus,

2096 1528 2217 1566 cum
2245 1510 2363 1579 quis
2406 1511 2597 1562 anima:
2639 1520 2835 1563 nostra:
2877 1505 3187 1575 dignitatem
3222 1500 3522 1565 abstulerit,
3561 1513 3682 1552 cum

2100 1612 2373 1673 peceatum
2407 1599 2663 1654 fuerimus
2689 1597 2910 1667 Operati,
2935 1612 3053 1649 cum
3080 1606 3419 1648 communem
3446 1589 3684 1643 omnium

2099 1694 2385 1749 Dominum
2411 1689 2793 1745 offenderimus
2826 1704 2838 1739 :
2863 1686 3121 1754 siquidem
3148 1699 3269 1752 qua:
3308 1696 3450 1735 nunc
3479 1687 3683 1749 patrata

2100 1796 2245 1847 sunt,
2278 1800 2382 1838 non
2414 1791 2616 1836 tantum
2671 1780 2803 1833 nihil
2850 1777 3045 1831 Ιιυάειιι
3083 1776 3371 1837 civitatem,
3404 1773 3496 1827 sed
3525 1773 3568 1826 si
3600 1786 3671 1826 so-

2102 1875 2200 1929 brii
2223 1876 2466 1936 simus,et
2493 1872 2721 1926 maxime
2744 1868 3091 1939 adjuvahunt.
3130 1865 3345 1920 Etenim
3379 1878 3521 1917 nunc
3547 1862 3680 1916 civi-

2106 1976 2187 2020 tas
2216 1974 2394 2019 nostra
2422 1964 2629 2018 mulieri
2658 1962 2922 2025 formosae,
2952 1970 3005 2014 et
3031 1960 3232 2022 liberte,
3256 1965 3309 2012 et
3339 1956 3593 2010 modesta:
3620 1955 3694 2009 si-

2107 2055 2249 2108 milis
2276 2069 2397 2109 esse
2427 2054 2654 2108 videtur.
2695 2053 2875 2105 Timor
2902 2052 3071 2119 ipsam
3114 2048 3235 2103 fecit
3277 2045 3690 2101 mansuetiorem

2107 2156 2158 2198 et
2186 2145 2571 2207 honestiorem,
2595 2151 2649 2197 et
2672 2160 2700 2195 a
2731 2141 3006 2196 sceleratis
3038 2138 3162 2202 illis,
3192 2137 3281 2205 qui
3321 2136 3437 2189 hmc
3466 2132 3692 2189 nefanda

2108 2246 2230 2290 sunt
2253 2236 2367 2290 ausi
2414 2236 2667 2299 facinora,
2700 2232 2965 2287 liberavit.
3009 2228 3086 2284 Ne
3123 2229 3279 2297 igitur
3309 2224 3551 2279 muliebri
3583 2224 3702 2293 plo-

2111 2340 2290 2380 remus
2318 2326 2461 2379 luctu
2491 2342 2504 2377 :
2534 2325 2732 2379 etenim
2764 2322 2962 2376 multos
2995 2334 3090 2389 per
3129 2318 3301 2372 forum
3331 2315 3571 2370 dicentes
3601 2329 3692 2367 au-

2111 2419 2217 2473 divi
2253 2436 2266 2471 :
2300 2417 2391 2471 Va:
2418 2419 2534 2482 tibi,
2563 2415 2867 2477 Antiochia,
2900 2413 3027 2483 quid
3070 2410 3164 2466 tibi
3200 2408 3399 2463 factum
3420 2406 3539 2461 est?
3562 2420 3701 2475 quo-

2114 2509 2273 2563 modo
2309 2523 2367 2563 es
2403 2508 2609 2563 honore
2638 2505 2871 2575 privata?
2900 2514 2952 2557 et
2977 2518 3097 2556 cum
3125 2500 3410 2562 audissem,
3436 2497 3694 2567 puerilem

2116 2601 2239 2653 talia
2266 2599 2557 2653 dicentium
2595 2604 2827 2651 mentem
2859 2593 3039 2648 derisi.
3070 2591 3187 2645 Non
3219 2591 3362 2643 enim
3400 2588 3515 2642 hazc
3557 2600 3697 2639 nunc

2113 2702 2326 2760 Oportet
2351 2690 2549 2754 dicere,
2579 2688 2672 2743 sed
2701 2703 2822 2743 cum
2861 2685 3117 2740 saltantes
3157 2681 3384 2743 videris,
3434 2687 3697 2749 potantes,

2112 2783 2551 2852 blasphemantes
2578 2821 2593 2846 ,
2638 2780 2918 2850 jurantes,
2969 2776 3299 2845 pejerantes,
3343 2771 3696 2834 mentientes,

2115 2888 2241 2931 tunc
2263 2878 2343 2931 his
2366 2886 2513 2930 utere
2543 2873 2719 2928 verbis
2747 2888 2763 2925 :
2793 2871 2885 2925 Va:
2934 2869 3047 2931 tibi,
3076 2867 3282 2931 civitas,
3322 2863 3446 2934 quid
3491 2861 3587 2916 tibi
3618 2859 3700 2915 fa»

2116 2979 2259 3023 ctum
2283 2969 2400 3022 est?
2429 2968 2474 3020 si
2508 2980 2637 3021 vero
2663 2964 2836 3018 forum
2862 2960 3058 3015 videris
3097 2972 3295 3028 paucas
3326 2956 3529 3009 habens
3554 2950 3701 3007 viros

2120 3070 2426 3114 mansuetos
2454 3066 2507 3112 et
2527 3055 2798 3111 modestos
2819 3063 2871 3107 et
2911 3050 3233 3111 moderatos,
3257 3048 3522 3101 civitatein
3554 3044 3697 3097 illam

2120 3165 2253 3204 voca
2282 3149 2508 3204 beatam.
2542 3144 2683 3200 Nihil
2723 3144 2863 3197 enim
2893 3143 3060 3210 ipsam
3098 3139 3333 3208 paucitas
3380 3135 3575 3189 laedere
3605 3150 3700 3202 po-

2122 3241 2265 3305 terit,
2296 3254 2417 3293 cum
2459 3253 2565 3291 non
2596 3235 2733 3290 desit
2761 3234 2929 3287 virtus
2966 3248 2979 3284 :
3017 3230 3153 3284 sicut
3182 3239 3387 3289 contra,
3420 3224 3550 3279 nihil
3583 3240 3702 3276 um-

2119 3344 2275 3398 quam
2305 3325 2539 3397 proderit
2567 3323 2871 3387 multitudo,
2903 3335 3022 3375 cum
3050 3318 3189 3372 adsit
3213 3317 3431 3371 malitia.
3460 3315 3522 3369 Si
3548 3314 3701 3382 fuerit

2124 3436 2357 3473 numerus
2386 3417 2608 3485 ﬁliorum
2632 3415 2816 3479 Israel,
2860 3413 3048 3482 inquit,
3081 3411 3212 3464 velut
3238 3425 3389 3462 arena
3414 3408 3591 3469 maris,
3617 3422 3702 3457 re-

2123 3512 2293 3581 liquid:
2330 3509 2656 3565 calcabantur
2697 3506 2849 3577 (lsai.
2885 3506 2971 3560 10.
3008 3503 3113 3572 ‘22;
3146 3503 3295 3556 Rom.
3328 3500 3382 3554 9.
3414 3499 3524 3570 “2.7).
3562 3496 3703 3552 Nihil

2124 3620 2209 3659 me
2236 3602 2516 3657 multitudo
2556 3600 2751 3670 poterit
2789 3611 3030 3659 exorare,
3059 3594 3243 3663 inquit.
3277 3591 3365 3645 Sic
3392 3600 3442 3643 ct
3464 3589 3707 3643 Christus

2124 3695 2267 3759 fecit,
2302 3692 2508 3747 vocavit
2538 3689 2779 3743 civitates
2821 3688 3063 3751 miseras,
3095 3700 3199 3737 non
3230 3691 3443 3751 propter
3475 3682 3707 3749 paucita-

2126 3796 2252 3850 tem,
2274 3800 2445 3854 neque
2474 3782 2724 3853 quoniam
2749 3795 2851 3834 non
2869 3787 3050 3833 essent
3065 3778 3388 3844 mctropotes
3406 3791 3416 3824 τ
3433 3782 3481 3825 et
3501 3771 3709 3825 Jerusa-

2127 3881 2231 3935 lem
2260 3893 2469 3932 rursum
2494 3885 2711 3945 propter
2746 3873 2848 3926 hoc
2874 3870 3044 3940 ipsum
3077 3869 3321 3921 miseram
3352 3865 3502 3929 dixit,
3528 3864 3604 3917 sic
3631 3862 3710 3915 in~

2129 3970 2318 4040 quiens
2346 3987 2360 4022 :
2390 3966 2697 4028 Jerusalem,
2723 3963 3041 4023 Jerusalem,
3073 3973 3187 4029 qua:
3212 3955 3396 4009 occidis
3422 3953 3711 4024 praphetas,

2129 4074 2175 4116 et
2220 4060 2419 4131 lapidas
2461 4075 2564 4123 eos,
2594 4058 2681 4122 qui
2710 4056 2777 4106 ad
2805 4065 2852 4107 te
2896 4051 3036 4105 missi
3078 4056 3195 4102 sunt
3239 4045 3450 4118 (Matth.
3477 4044 3565 4096 25.
3596 4040 3710 4109 57).

2130 4156 2295 4221 Quam
2338 4151 2478 4205 enim
2525 4148 2652 4202 mihi
2703 4146 2908 4199 confert
2952 4143 3232 4194 utilitatem
3277 4134 3580 4195 multitudo,
3628 4132 3714 4190 die

2129 4242 2277 4307 mihi,
2318 4242 2361 4293 si
2413 4239 2599 4293 vitiose
2627 4236 2801 4288 vivat?
2839 4232 2974 4298 Quin
3004 4246 3034 4283 e
3059 4228 3329 4284 contrario
3372 4235 3425 4279 et
3460 4223 3713 4279 damnum

2129 4351 2193 4387 ex
2226 4333 2325 4386 hoc
2371 4330 2625 4384 nascitur.
2656 4326 2794 4396 Quid
2837 4324 2979 4379 enim
3024 4321 3168 4377 aliud
3216 4335 3357 4374 nunc
3392 4318 3532 4371 illata
3576 4315 3714 4369 mala

2133 4423 2292 4478 fecit?
2322 4436 2501 4476 nonne
2525 4430 2706 4487 torpor
2734 4427 2787 4471 et
2817 4423 3183 4481 contemptus,
3213 4419 3268 4464 et
3309 4406 3714 4461 inhabitantium

2134 4512 2486 4582 improbitas?
2517 4507 2770 4577 numquid
2809 4504 3035 4573 dignitas
3057 4500 3253 4555 civitati
3302 4496 3534 4567 profuit?
3564 4511 3718 4548 nurn-

2134 4604 2259 4675 (ιιιΜ
2286 4600 2491 4656 ωάίιῑείἰ
2536 4594 2884 4666 magnitudo?
2930 4590 3184 4659 mnnquid
3213 4590 3333 4658 quia
3364 4585 3719 4655 metropolis?

2137 4694 2192 4748 Si
2220 4706 2343 4745 vero
2366 4689 2505 4758 apud
2535 4702 2715 4756 regem
2748 4694 2903 4739 teme
2932 4682 3063 4736 nihil
3102 4680 3199 4748 ipsi
3233 4677 3587 4748 prmvaricata:
3618 4675 3720 4729 hoc

2137 4784 2349 4856 profuit,
2392 4780 2485 4835 scd
2530 4779 2616 4833 illa
2663 4786 2851 4832 cuncta
2891 4775 3097 4829 sublata
3144 4780 3267 4824 sunt
3299 4787 3312 4823 :
3346 4769 3512 4823 multo
3554 4767 3721 4833 magis

2138 4875 2271 4947 apud
2304 4871 2613 4942 angelorum
2642 4869 2920 4923 Dominum
2953 4864 3084 4917 nihil
3116 4863 3209 4929 ipsi
3241 4858 3474 4929 proderit
3494 4856 3723 4927 dignitas

2141 4946 2236 5022 ista
2265 4983 2277 5017 :
2305 4964 2437 5019 nihil
2466 4964 2609 5019 enim
2654 4976 2752 5016 nos
2791 4961 2883 5013 illo
2924 4958 3008 5010 die
3049 4954 3241 5024 poterit
3280 4951 3553 5020 adjuvare,
3582 4946 3721 5018 quod

2140 5057 2478 5125 mctropolim
2532 5054 2857 5107 habitemus.
2904 5047 3137 5117 porticus
3178 5044 3312 5097 latas
3360 5041 3643 5096 habentem
3670 5048 3724 5094 et

2140 5151 2269 5202 alias
2295 5146 2599 5217 hujusmodi
2626 5144 2924 5213 dignitates.
2973 5138 3041 5191 Et
3068 5136 3191 5204 quid
3227 5135 3345 5187 dico
3375 5133 3522 5187 illum
3542 5131 3724 5185 diem?

2141 5241 2267 5311 quid
2294 5241 2377 5295 vel
2405 5238 2470 5293 ad
2510 5244 2822 5307 praesentem
2867 5231 3026 5282 vitam
3057 5228 3307 5297 prodesse
3350 5222 3562 5291 poterit,
3595 5220 3726 5274 civi-

2146 5310 2307 5388 tatem
2335 5346 2452 5386 esse
2484 5330 2575 5383 tibi
2603 5322 2977 5393 mctropolim?
3008 5314 3258 5384 numquid
3288 5329 3353 5368 ex
3381 5314 3481 5365 hoc
3505 5310 3723 5364 domum

2145 5428 2423 5498 quisquam
2455 5421 2591 5474 male
2633 5414 2941 5484 dispositam
2986 5407 3233 5468 correxit,
3280 5404 3365 5458 vel
3404 5416 3470 5456 ex
3519 5400 3621 5455 hac
3651 5399 3730 5453 ul.

2151 5494 2257 5573 lum
2289 5516 2539 5585 dignitate
2568 5514 2883 5581 proventum
2924 5501 3123 5563 habuit,
3152 5497 3237 5551 vel
3267 5494 3536 5549 tristitiam
3564 5507 3727 5560 repu,

2150 5612 2233 5674 lit,
2266 5582 2615 5672 velicorporis
2635 5596 3024 5670 aegritudinem,
3053 5590 3134 5644 vel
3161 5586 3325 5642 animi
3354 5584 3538 5638 vitium
3566 5582 3729 5651 depo-

2150 5700 2285 5756 suit?
2313 5697 2388 5752 Ne
2422 5694 2688 5757 ludamus,
2719 5688 2919 5754 dilecti,
2952 5699 3049 5739 nec
3075 5680 3141 5735 ad
3168 5678 3307 5750 vulgi
3336 5675 3612 5745 opiniones
3637 5689 3722 5728 re-

2154 5792 2458 5868 spiciamus,
2501 5786 2595 5845 sed
2622 5786 2883 5843 discamus
2923 5794 3039 5851 qua:
3067 5774 3279 5831 tandem
3320 5770 3385 5826 sit
3409 5766 3729 5828 CIYlluIlatlI'
