4414 6706
730 465 832 522 I79

729 578 923 646 gnitas,
957 574 1084 645 quid
1126 575 1266 646 quod
1297 576 1558 630 civitatem
1600 575 1789 629 reddat
1817 579 2176 646 metropolim.
2205 577 2312 633 Nec

735 668 849 723 hac
900 667 1060 734 dico,
1109 667 1250 738 quod
1285 667 1561 736 desperem
1605 667 1872 723 civitatem
1916 670 2050 722 banc
2092 670 2316 725 formam

734 760 968 827 priorem
995 767 1405 828 resumpturam,
1451 768 1503 812 et
1539 759 1590 811 in
1618 759 1834 826 propria
1879 758 2104 813 futuram
2136 761 2322 828 praesi-

734 853 942 918 dentia;
973 852 1234 911 humanus
1253 852 1392 905 enim
1421 861 1473 904 et
1499 851 1614 919 pius
1635 861 1717 905 est
1745 851 2069 921 Imperator:
2103 866 2198 903 νινε
2223 868 2319 903 au-

737 951 848 998 tem
876 943 1014 1006 volo,
1045 942 1204 996 etiam
1243 941 1286 995 si
1326 941 1532 995 reddita
1573 942 1748 1007 fuerit,
1792 958 1896 995 non
1925 942 2088 994 altum
2123 940 2192 993 ob
2221 941 2322 996 hoc

735 1047 947 1100 sapere,
979 1048 1152 1101 neque
1190 1031 1442 1100 gloriari,
1481 1047 1580 1086 nec
1629 1047 1693 1084 ex
1739 1031 1821 1085 liis
1859 1032 2126 1084 civitatem
2168 1033 2323 1084 nobis

739 1121 1018 1192 magnifice
1067 1121 1277 1176 efferre.
1317 1121 1448 1174 Cum
1494 1121 1573 1172 vis
1617 1120 1844 1172 civitatis
1868 1119 2074 1172 laudem
2111 1118 2321 1186 eﬂ'erre,

745 1227 815 1268 ne
841 1212 973 1266 mihi
1003 1212 1254 1278 Daphnen
1281 1210 1638 1263 suburbanam
1664 1209 1830 1270 dicas,
1865 1224 1962 1262 nec
1988 1210 2324 1264 altitudinem

742 1317 1118 1372 cupressorum
1149 1309 1204 1355 et
1243 1299 1638 1354 multitudinem
1661 1341 1674 1362 ,
1705 1315 1803 1354 nec
1832 1316 2086 1370 aquarum
2132 1301 2325 1365 fontes,

742 1409 841 1449 nec
866 1393 1058 1447 multos
1088 1391 1330 1446 homines
1359 1393 1627 1446 civitatem
1657 1391 1917 1454 habitare,
1947 1406 2046 1444 nec
2075 1405 2242 1456 usque
2263 1389 2328 1442 ad

741 1483 1213 1554 profundissimam
1235 1497 1510 1552 vesperam
1531 1496 1649 1535 cum
1675 1481 1837 1533 multa
1866 1481 2108 1533 libertate
2132 1477 2185 1530 in
2215 1477 2329 1531 foro

744 1574 966 1640 versari,
997 1589 1095 1627 nec
1117 1573 1375 1626 venalimn
1417 1585 1593 1625 rerum
1617 1570 1824 1638 c0piam
1856 1569 2070 1634 habere,
2116 1568 2333 1622 sensibi-

746 1665 815 1718 lia
843 1665 955 1718 haec
982 1665 1156 1717 omnia
1185 1677 1303 1717 cum
1333 1662 1437 1716 sint
1466 1670 1521 1715 et
1556 1677 1720 1731 usque
1757 1661 1824 1714 ad
1868 1670 2184 1730 praasentem
2211 1675 2332 1727 per-

747 1763 994 1808 maneant
1023 1753 1222 1817 vitam;
1254 1752 1348 1806 sed
1393 1752 1438 1806 si
1466 1752 1646 1806 dicere
1682 1752 1852 1820 pos.~.is
1881 1751 2151 1814 virtutem,
2182 1765 2330 1802 man-

746 1842 1110 1908 suetudinem,
1163 1843 1581 1913 eleemosynatn,
1628 1853 1912 1895 nocturnas
1963 1841 2185 1908 vigilias,
2218 1854 2338 1891 ora-

749 1934 942 1999 tiones,
984 1933 1322 1996 modestiam,
1368 1933 1529 1985 animi
1569 1931 1918 1999 sapientiam,
1963 1945 2028 1983 ex
2063 1929 2178 1982 istis
2204 1928 2336 1982 civi-

751 2033 912 2078 tatem
953 2023 1280 2079 commenda.
1331 2023 1453 2076 llaec
1500 2022 1545 2076 si
1590 2032 1636 2075 et
1691 2037 1930 2075 eremum
1978 2021 2338 2075 habitantibus

753 2115 951 2180 adsint,
980 2115 1123 2168 omni
1172 2113 1385 2167 civitate
1411 2112 1824 2182 splendidiorem
1849 2113 2016 2182 ipsam
2046 2111 2266 2173 faciunt,
2289 2121 2343 2165 et

752 2215 935 2260 contra
966 2205 1232 2259 civitatem
1279 2205 1517 2257 omnium
1568 2203 1899 2265 vilissimam,
1952 2203 1996 2255 si
2041 2201 2156 2256 lucc
2198 2201 2341 2255 illius

755 2313 862 2351 non
889 2296 1066 2349 adsint
1104 2295 1327 2349 civrbus.
1362 2295 1472 2348 lloc
1504 2310 1608 2346 non
1662 2294 1714 2346 in
1759 2293 1971 2346 civitate
2019 2301 2219 2345 tantum
2247 2306 2342 2346 ve-

755 2402 871 2440 rum
898 2397 952 2440 et
993 2386 1044 2439 in
1074 2383 1376 2438 hominibus
1413 2383 1686 2436 faciamus.
1729 2381 1782 2434 Si
1833 2379 2100 2434 hominem
2149 2378 2343 2433 videris

756 2476 1152 2546 corpulentum,
1207 2475 1258 2528 in
1309 2472 1671 2528 habitudinem
1711 2470 1932 2524 multam
1978 2483 2340 2538 progressum,

757 2567 876 2621 alta:
901 2575 1116 2621 statura»
1141 2575 1196 2620 et
1216 2566 1348 2619 alios
1373 2563 1613 2632 corporis
1633 2561 1954 2632 proceritate
1978 2568 2344 2626 superantem,

763 2673 831 2713 ne
881 2656 1182 2721 admireris,
1233 2655 1405 2708 donec
1446 2646 1827 2721 animumejus
1854 2650 2122 2705 didiceris.
2175 2648 2252 2703 Ne
2280 2648 2349 2702 ab

761 2747 1013 2801 exteriori
1061 2745 1473 2815 pulchritudine,
1517 2743 1611 2798 sed
1656 2758 1687 2796 a
1732 2741 1925 2795 mentis
1950 2749 2142 2794 ornatu
2164 2753 2353 2794 onmes

767 2837 952 2894 beatos
985 2851 1322 2891 censeamus.
1356 2835 1556 2889 Parvus
1583 2843 1698 2888 erat
1747 2833 1930 2896 David,
1964 2841 2017 2885 et
2045 2831 2223 2885 brevis
2246 2840 2354 2884 sta-

770 2947 885 2989 tura
917 2933 967 3007 (I
991 2933 1116 3003 Reg.
1146 2933 1255 3001 I7),
1285 2939 1647 2984 verumtamen
1678 2926 1855 2981 brevis
1880 2925 1966 2979 ille
1990 2933 2044 2978 et
2065 2938 2278 2992 parvus,
2301 2929 2356 2975 et

767 3026 930 3080 armis
956 3025 1128 3080 nudus
1154 3023 1402 3078 omnibus
1428 3062 1443 3086 ,
1474 3019 1764 3075 exercitum
1795 3024 2000 3072 tantum
2027 3025 2081 3070 et
2103 3027 2353 3068 carneam

771 3118 958 3171 turrim
984 3116 1131 3170 illam
1172 3129 1279 3169 uno
1313 3112 1602 3183 prostravit
1641 3111 1769 3174 ictu,
1797 3123 1903 3164 non
1931 3108 2138 3162 hastam
2159 3104 2358 3174 jacula—

771 3217 876 3273 tus,
905 3223 1077 3277 neque
1101 3207 1346 3276 sagittam
1379 3205 1613 3268 mittens,
1634 3216 1731 3256 nec
1758 3215 1938 3255 ensem
1959 3197 2247 3266 stringens,
2265 3192 2358 3248 sed

773 3311 940 3354 tntum
973 3297 1180 3352 modico
1219 3296 1409 3366 lapidis
1434 3296 1573 3365 jactn
1615 3292 1896 3363 perliciens
1930 3306 1945 3342 :
1989 3289 2109 3344 ideo
2147 3287 2360 3357 quidam

773 3393 1022 3446 admonet
1054 3389 1284 3443 dicens:
1331 3386 1415 3440 Ne
1460 3383 1744 3439 laudaveris
1793 3381 2046 3435 hominem
2097 3377 2152 3431 in
2197 3375 2363 3446 specie

779 3485 907 3554 ejus,
936 3499 1026 3537 nec
1044 3480 1348 3535 abomineris
1377 3479 1539 3532 uirum
1564 3477 1615 3529 in
1641 3483 1847 3546 aspectu
1871 3473 1982 3543 ejus
2006 3485 2023 3523 :
2046 3483 2200 3538 parva
2239 3467 2366 3517 inter

778 3573 1004 3628 volatilia
1028 3573 1163 3642 apis,
1196 3579 1244 3624 et
1266 3570 1466 3622 initium
1510 3567 1731 3620 dulcoris
1771 3564 1929 3634 ipsius
1955 3561 2152 3630 [ructus
2177 3554 2360 3626 (Eccli.

780 3666 866 3718 II.
884 3663 940 3717 2.
965 3663 1042 3732 5).
1062 3661 1176 3716 Hoc
1205 3669 1258 3714 et
1282 3659 1347 3715 de
1371 3657 1669 3713 civitatibus
1693 3666 1745 3711 et
1770 3651 2076 3710 hominibus
2106 3647 2366 3709 dicamus,

780 3769 826 3810 et
861 3757 999 3810 inter
1031 3769 1126 3806 nos
1159 3750 1612 3821 philuSaphemur,
1639 3762 1700 3801 ac
1727 3746 1833 3799 Deo
1853 3743 2049 3814 gratia;
2079 3737 2372 3792 habeamus

1505 464 1563 519 8.
1603 462 1876 520 JOANNIS
1912 464 2388 523 CIIRYSOSTOMI
2425 467 2740 523 ARCIIIEP.
2781 468 3310 526 CONSTAN'I‘INOP.

3908 478 4009 531 1ἓο

2419 580 2634 636 assidue
2659 589 2713 635 et
2757 579 2824 635 de
2866 583 3215 648 praesentibus
3241 593 3294 638 et
3338 583 3404 638 de
3433 583 3731 652 prmteritis,
3767 595 3820 637 et
3846 589 4009 642 simul

2421 669 2594 738 ipsum
2632 684 2879 740 rogemus
2913 684 3031 723 eum
3058 672 3203 725 omni
3248 673 3606 737 contentione,
3646 682 3702 726 ιιι
3744 683 3798 726 et
3825 691 4013 732 carce-

2421 775 2534 813 rem
2566 760 2883 824 habitantes,
2913 770 2968 814 et
2995 761 3044 813 in
3073 763 3319 817 exsilium
3352 763 3760 832 transportandi,
3789 763 3864 816 illi
3890 767 4013 832 qui-

2423 848 2544 902 dem
2575 850 2930 913 dimittantur,
2967 850 3020 903 bi
3061 864 3188 904 vero
3229 864 3588 909 revertantur.
3639 854 3867 908 Membra
3915 871 4014 907 no-

2427 949 2534 994 stra
2562 949 2685 995 sunt
2724 952 2776 996 et
2830 943 2903 996 illi
2953 943 3223 996 nobiscum
3267 943 3502 999 ﬂuctuati
3551 961 3693 1012 sunt,
3735 947 4013 1001 nobiscum

2428 1028 2713 1098 procellam
2740 1031 3108 1086 sustinuerunt
3137 1048 3149 1082 :
3182 1045 3428 1096 rogemus
3452 1034 3609 1099 igitur
3635 1036 4013 1106 benignitatem

2431 1121 2682 1186 divinam,
2741 1129 2798 1174 ut
2835 1123 3109 1176 nobiscum
3157 1122 3592 1190 tranquillitan
3643 1138 4012 1196 assequamur.

2433 1213 2600 1268 Nemo
2627 1212 2766 1267 dicat
2801 1230 2813 1264 :
2847 1213 2978 1277 Quae
3008 1229 3134 1267 vero
3161 1213 3291 1267 mihi
3316 1228 3440 1265 cura
3475 1225 3558 1266 est
3581 1218 3848 1284 amplius?
3878 1219 4016 1272 Iibe-

2436 1312 2580 1357 ratus
2619 1317 2734 1356 sum
2763 1302 2875 1369 ipse
2916 1303 3172 1370 periculo,
3221 1311 3403 1371 pereat
3433 1302 3542 1364 ille,
3571 1306 3830 1360 moriatur
3858 1307 4015 1362 alter.

2433 1394 2510 1447 Ne
2542 1394 2704 1448 Deum
2737 1394 3115 1448 esacerbcmus
3155 1409 3250 1461 per
3275 1394 3410 1446 hanc
3431 1395 3855 1462 aspcrnationcm
3881 1415 3897 1463 ;
3925 1397 4022 1452 sed

2436 1494 2706 1554 tamquam
2733 1487 2831 1555 ipsi
2879 1485 3044 1538 simus
3079 1485 3130 1538 in
3174 1483 3434 1548 adversis,
3477 1486 3555 1538 sic
3597 1483 3892 1551 doleamus,
3943 1489 4023 1542 sic

2439 1575 2608 1630 Deum
2638 1592 2760 1630 cum
2802 1577 3080 1632 sedulilatc
3133 1591 3432 1646 precemur,
3485 1575 3612 1629 illud
3643 1575 3789 1629 Pauli
3819 1579 4021 1632 dictum

2437 1667 2720 1735 implenles
2748 1686 2762 1720 :
2795 1668 2919 1721 Cum
2965 1668 3140 1721 vinctis
3193 1677 3447 1737 tamquam
3486 1667 3638 1718 simul
3683 1666 3866 1728 cincti,
3909 1686 4025 1721 cum

2438 1758 2569 1810 male
2593 1757 2886 1810 habentibus
2907 1769 3161 1828 tamquam
3175 1765 3220 1810 et
3235 1758 3331 1826 ipsi
3351 1756 3499 1810 simul
3525 1757 3576 1808 in
3601 1772 3810 1824 corpore
3829 1756 4014 1822 (Hebr.

2441 1849 2527 1901 15.
2563 1847 2639 1916 5),
2669 1855 2715 1900 et
2743 1848 2924 1915 ﬂentes
2940 1863 3051 1899 cum
3080 1847 3335 1916 ﬂentibus,
3365 1845 3634 1899 humilibus
3664 1848 4026 1901 consentientes

2441 1935 2616 2006 (Rom.
2641 1936 2728 1990 12.
2757 1937 2842 1990 15.
2881 1936 2991 2005 16).
3021 1937 3133 1990 Hoc
3177 1947 3230 1990 et
3275 1938 3430 1989 nobis
3459 1936 3584 2005 ipsis
3611 1935 3837 1988 maxime
3865 1943 4028 2004 prod-

2443 2029 2581 2083 erit:
2611 2028 2740 2083 nihil
2766 2029 2910 2083 enim
2955 2029 3032 2082 sic
3068 2028 3234 2082 Deum
3259 2028 3526 2082 delectare
3564 2029 3856 2092 consuevit,
3885 2029 4027 2082 sicut

2446 2136 2566 2176 cum
2597 2122 2762 2175 multa
2797 2120 3069 2175 alacritate
3088 2133 3188 2187 pro
3222 2115 3481 2174 membris
3517 2115 3718 2170 nostris
3757 2114 4026 2178 dolemus,

2447 2210 2676 2266 Oremus
2702 2210 2862 2280 igitur
2890 2209 3061 2276 ipsum
3091 2208 3246 2260 simul
3272 2217 3321 2260 ct
3357 2222 3451 2274 pro
3477 2205 3827 2275 praesentibus
3850 2215 3903 2258 et
3932 2220 4030 2272 pro

2448 2303 2655 2364 futuris,
2709 2309 2761 2352 ut
2805 2309 2857 2352 et
2909 2300 2977 2351 ab
3027 2299 3111 2352 illa
3145 2312 3242 2351 nos
3274 2312 3431 2364 paena
3485 2297 3694 2350 liberet.
3744 2296 4028 2349 Prmsentia

2447 2394 2590 2448 enim
2630 2389 3038 2460 qualiacumque
3078 2398 3204 2452 sint,
3251 2383 3546 2440 tolerabilia
3600 2395 3742 2447 sunt,
3787 2395 3842 2438 et
3871 2385 4030 2437 tinem

2451 2483 2678 2546 habent;
2711 2481 2798 2534 illa
2818 2494 2946 2533 vero
2977 2488 3237 2531 tormenta
3267 2477 3582 2530 immortalia
3609 2487 3660 2530 et
3682 2475 4028 2530 inevitabilia.

2455 2575 2656 2630 Praeter
2684 2572 3103 2627 consolationem
3156 2585 3283 2623 vero
3329 2568 3640 2622 studeamus
3683 2577 3736 2621 et
3785 2568 3884 2636 ipsi
3929 2580 4037 2619 non

2453 2665 2676 2734 amplius
2705 2663 2901 2717 talibus
2946 2661 3049 2716 labi
3095 2659 3347 2730 peccatis,
3393 2659 3625 2713 scientes
3668 2673 3766 2711 nos
3791 2659 3927 2712 ultra
3949 2672 4042 2712 ve-

2457 2757 2599 2810 niam
2625 2771 2729 2810 non
2757 2761 3154 2824 asseqnuturos.
3185 2750 3354 2807 Simul
3393 2749 3552 2820 igitur
3579 2758 3700 2804 ante
3726 2749 3890 2804 Deum
3919 2764 4044 2818 pro-

2458 2844 2698 2900 cidamus
2724 2859 2931 2906 omnes,
2961 2854 3014 2896 et
3050 2842 3174 2896 dum
3217 2842 3301 2896 hic
3327 2856 3530 2904 sumus,
3565 2851 3618 2895 et
3659 2839 3875 2892 domum
3918 2854 4044 2904 pro-

2462 2938 2582 2992 fecti
2613 2937 2852 2991 dicamus
2885 2953 2900 2988 :
2950 2935 3130 2989 Justus
3173 2950 3251 3000 es,
3287 2933 3527 2995 Domine,
3577 2932 3626 2984 in
3658 2930 3901 2984 omnibus
3926 2943 4047 2996 qua:

2462 3027 2810 3083 fecisti'nobis
2839 3025 2980 3097 (Dan
3029 3027 3082 3081 ὃ.
3113 3025 3205 3094 27)
3249 3043 3260 3076 :
3295 3023 3543 3092 quoniam
3591 3022 3643 3074 in
3672 3037 3797 3074 vero
3842 3018 4047 3087 judicio

2463 3119 2738 3182 induxisti,
2769 3131 3120 3186 quzncumque
3171 3112 3442 3167 induxisti.
3496 3111 3552 3166 Si
3601 3119 3814 3180 peccata
3865 3115 4047 3160 nostra

2464 3211 2773 3266 obstiterint
2803 3209 2976 3272 nobis,
3013 3208 3094 3260 fac
3133 3205 3286 3260 nobis
3316 3214 3530 3272 propter
3557 3216 3752 3255 nmnen
3795 3212 3962 3258 tuum,
3996 3207 4052 3251 et

2469 3318 2533 3356 ne
2559 3299 2822 3354 concedas
2848 3297 3076 3365 amplius
3107 3295 3287 3348 talium
3338 3308 3434 3345 nos
3483 3291 3840 3344 molestiarum
3887 3301 4056 3354 espe-

2470 3393 2715 3447 rientiam
2745 3405 2958 3458 capere.
2994 3385 3101 3440 Nec
3128 3403 3217 3437 nos
3254 3384 3464 3437 inducas
3512 3382 3561 3433 in
3607 3378 3946 3437 tentationem,
3968 3375 4057 3429 sed

2472 3487 2629 3540 libera
2658 3501 2748 3537 nos
2786 3499 2818 3535 a
2848 3482 2982 3535 malo
3014 3478 3226 3553 (Matth.
3260 3478 3312 3531 6.
3349 3477 3472 3543 l5):
3503 3474 3753 3544 quoniam
3801 3485 3948 3524 tuum
3976 3478 4060 3522 est

2473 3591 2694 3644 regnum
2725 3582 2781 3629 ct
2804 3573 3058 3644 potentia,
3089 3579 3142 3624 et
3183 3566 3353 3638 gloria
3382 3566 3434 3620 in
3480 3565 3673 3619 smcnla
3717 3560 4057 3616 smculurum.

2478 3671 2664 3724 Amen.

787 3997 4054 4030 Μ,

790 4105 852 4151 LV
899 4101 1283 4151 PBEDICTUM
1339 4099 1694 4144 SEDITIONIS
1744 4095 2216 4151 ABGUMENTUM,
2263 4096 2345 4137 DE
2387 4093 2689 4148 JEJUNIO,
2737 4091 2819 4133 ΕΤ
2862 4091 2928 4132 IN
2969 4087 3399 4133 APOSTOLICUM
3444 4086 3709 4140 DICTUM,
3768 4086 4062 4128 GAUDE'I‘B

1861 4197 1921 4242 tn
1964 4192 2208 4238 nomne
2250 4193 2496 4236 summa
2563 4173 2828 4256 (Philip.
2874 4169 2934 4230 It.
2980 4169 3067 4248 ιι).

1372 4537 1591 4582 'OIILIA
1628 4535 1779 4574 XVIII.

864 4703 913 4754 1.
942 4697 1135 4753 Multos
1155 4694 1259 4748 vidi
1287 4690 1600 4763 gaudentes,
1627 4695 1684 4742 et
1709 4685 1849 4738 inter
1877 4695 1936 4736 se
1979 4681 2218 4737 dicentes
2245 4698 2258 4732 ε
2282 4679 2375 4733 Vi-

789 4796 981 4857 cimus,
1036 4786 1425 4858 superavimns,
1476 4779 1660 4850 jejunii
1701 4773 1982 4832 dimidimn
2040 4770 2374 4841 proﬂigatum

791 4895 893 4942 est.
926 4883 1084 4938 Tales
1113 4888 1292 4932 autem
1323 4875 1511 4929 hortor
1541 4887 1645 4924 non
1673 4877 1952 4938 pmpterea
1970 4863 2226 4933 gaudere,
2251 4861 2372 4929 quia

795 4975 1127 5047 proﬂigatum
1146 4965 1410 5038 sitjejunii
1429 4961 1727 5023 dimidium,
1748 4957 1838 5011 sed
1869 4957 1994 5010 illud
2017 4952 2380 5017 considerare,

798 5066 842 5120 si
864 5071 1200 5136 peccatorum
1236 5059 1307 5114 sit
1331 5054 1672 5126 proﬂigatum
1695 5048 1965 5101 dimidium
1994 5062 2009 5109 ;
2051 5054 2108 5100 et
2134 5053 2260 5098 tunc
2288 5058 2380 5096 ex—

798 5133 995 5212 sultare
1035 5169 1049 5208 :
1100 5152 1198 5205 hnc
1239 5149 1379 5204 enim
1421 5147 1692 5214 voluptate
1718 5140 1955 5208 dignum,
1989 5138 2089 5191 hoc
2133 5133 2382 5204 estquod

799 5247 1072 5318 queritur,
1103 5253 1153 5298 et
1184 5249 1400 5312 propter
1425 5237 1565 5308 quod
1599 5235 1733 5290 facta
1760 5239 1882 5284 sunt
1906 5230 2076 5283 omnia
2101 5271 2114 5292 ,
2144 5235 2201 5280 ut
2234 5225 2386 5280 defe-

803 5349 922 5393 ctus
946 5344 1160 5391 nostros
1181 5332 1527 5401 corrigamus.
1544 5343 1609 5382 ne
1640 5327 1771 5378 tales
1791 5336 2040 5376 exeamus
2063 5320 2127 5373 de
2156 5318 2379 5389 jejunio,

803 5431 989 5500 quales
1009 5427 1269 5498 jejunium
1304 5422 1528 5492 ingressi
1560 5435 1761 5477 sumus,
1796 5415 1888 5467 sed
1939 5411 2125 5473 abluti,
2165 5422 2215 5464 ct
2239 5407 2382 5464 omni

807 5521 945 5575 mala
973 5516 1359 5574 consuetudine
1384 5512 1622 5581 deposita
1656 5551 1670 5574 ,
1703 5511 1780 5562 sic
1816 5521 2022 5560 sacram
2050 5518 2270 5572 agamus
2299 5515 2386 5554 so-

812 5611 1164 5668 lemnitatem.
1196 5607 1251 5661 Si
1281 5605 1381 5659 hoc
1408 5603 1566 5665 de~it,
1586 5617 1687 5654 non
1713 5609 1914 5652 tantum
1946 5596 2088 5650 nulla
2113 5596 2264 5648 nobis
2285 5594 2386 5648 erit

810 5705 1029 5767 utilitas,
1059 5715 1242 5756 verum
1272 5707 1326 5752 et
1360 5696 1646 5751 maximum
1674 5707 1738 5747 ex
1779 5706 1878 5746 con
1893 5697 2148 5743 summato
2189 5686 2386 5754 jejunio

804 5796 1080 5851 damnum.
1107 5789 1183 5846 Ne
1227 5789 1387 5858 igitur
1417 5785 1674 5848 laetemur,
1704 5781 1844 5852 quod
1881 5779 2071 5849 jejunii
2115 5777 2383 5847 prolixita-

809 5897 913 5944 tem
949 5881 1314 5956 expcdivimus
1345 5896 1358 5935 :
1401 5878 1530 5934 nihil
1575 5877 1713 5932 enim
1747 5888 1992 5944 magnum
2023 5871 2122 5926 hoc
2153 5881 2263 5934 est;
2293 5870 2384 5924 sed

2483 4517 2743 4574 laetemur,
2765 4505 2977 4574 quando
3007 4519 3126 4558 cum
3164 4503 3316 4557 bonis
3336 4501 3587 4570 operibus
3615 4502 3785 4569 ipsum
3815 4501 4059 4570 exegeris

2478 4616 2618 4664 mus,
2651 4598 2886 4653 utetiam
2911 4597 3026 4664 ipso
3054 4603 3341 4658 transacto,
3368 4591 3569 4644 fructus
3600 4593 3763 4659 ipsius
3788 4592 4056 4660 eﬂ'ulgcat.

2479 4689 2690 4745 Etenim
2740 4685 2947 4756 hyemis
2992 4683 3193 4735 lucrum
3220 4691 3341 4734 tunc
3366 4681 3593 4732 maxime
3613 4679 4002 4732 denmnstratur
4043 4719 4059 4744 ,

2478 4797 2597 4837 cum
2644 4779 2731 4834 illa
2782 4775 3135 4846 prmterierit:
3169 4786 3395 4840 namque
3447 4779 3726 4824 vernantvs
3753 4781 3978 4839 segetes,
4010 4779 4063 4826 et

2481 4874 2616 4926 foliis
2643 4887 2703 4926 ac
2730 4870 2905 4924 fructu
2935 4866 3214 4920 afﬂuentes
3240 4864 3458 4915 arbores
3477 4877 3572 4931 per
3594 4860 3763 4926 ipsum
3788 4871 4062 4930 aspectum

2481 4963 2712 5017 clamant
2757 4960 3037 5014 utilitatem
3083 4955 3184 5008 sibi
3228 4969 3296 5009 ex
3331 4953 3521 5024 hyeme
3549 4949 3757 5003 factam.
3789 4951 3900 5004 Hoc
3930 4951 4064 5004 etin

2484 5053 2638 5108 nobis
2661 5051 2858 5120 pariter
2889 5049 2996 5101 fiat.
3031 5047 3239 5102 Etenim
3272 5044 3464 5114 pluviis
3487 5042 3751 5095 coutinuis
3776 5049 3830 5094 et
3857 5042 4062 5096 crebris

2486 5145 2538 5197 in
2573 5143 2766 5213 hyeme
2785 5155 2878 5208 per
2893 5137 3081 5208 jejunii
3111 5147 3319 5206 tempus
3347 5133 3497 5204 potiti
3525 5146 3726 5196 sumus,
3757 5133 4062 5189 continuam

2483 5233 2793 5288 haurientes
2834 5229 3149 5292 doctrinam,
3193 5236 3248 5280 et
3283 5224 3488 5279 semina
3536 5223 3864 5290 suscepimus
3905 5220 4065 5289 spiri-

2484 5325 2666 5387 tualia,
2699 5332 2753 5378 et
2795 5319 3102 5376 deliciarum
3133 5316 3316 5386 spinas
3357 5311 3695 5366 abscidimus.
3743 5312 4063 5366 Persevere-

2484 5429 2603 5469 mus
2627 5413 2806 5483 igitur,
2831 5427 2950 5481 qnaa
2973 5407 3306 5476 suscepimus
3335 5417 3454 5457 cum
3473 5403 3740 5474 diligentia
3765 5410 4066 5465 servantes,

2484 5517 2552 5562 ut
2585 5517 2638 5560 et
2677 5505 2885 5576 jejunio
2913 5501 3184 5573 prazterito
3212 5496 3398 5568 jejunii
3445 5497 3696 5551 scaturiat
3724 5496 3930 5550 fructus
3964 5510 3976 5542 :
4008 5502 4064 5544 et

2486 5617 2580 5672 per
2610 5601 2746 5654 bona
2772 5613 2889 5668 anc
2914 5596 2980 5650 de
3002 5592 3206 5663 jejunio
3233 5591 3489 5659 cepimus,
3514 5591 3673 5644 etiam
3694 5588 3859 5657 ipsius
3875 5584 4064 5654 jejunii

2482 5692 2842 5748 recordemur.
2873 5687 2928 5742 Si
2950 5700 3047 5739 nos
3070 5683 3227 5752 igitur
3247 5681 3324 5736 sic
3351 5694 3741 5750 comparemus,
3765 5675 4063 5729 adveniens

2477 5786 2737 5857 jejunium
2777 5795 2895 5836 cum
2937 5778 3207 5846 voluptate
3251 5773 3597 5843 suscipiemus
3639 5771 3833 5825 denuo.
3868 5764 4060 5818 Multos

2483 5851 2678 5926 ctenim
2710 5866 2863 5922 video
2906 5878 2964 5918 se
3013 5863 3082 5915 ita
3115 5858 3518 5930 pusillanimiter
3572 5856 3855 5918 habentes,
3903 5859 3961 5905 ut
4012 5851 4063 5905 in
