4452 6692
877 444 972 501 181

881 583 1088 638 σωμεν,
1117 571 1453 640 προσιοῦσαν
1497 573 1666 644 αὑτὴν
1702 573 1822 643 μεθ’
1849 575 2042 647 ἡδονῆς
2074 577 2340 648 δεξόμεθα
2369 580 2552 634 πάλιν.

879 656 990 708 Καὶ
1016 655 1125 727 1&9
1155 656 1328 720 οὑτως
1353 657 1465 727 ὁρῶ
1512 658 1742 722 πολλοὺς
1794 663 2149 734 μικροψύχως
2187 665 2410 736 ἔχοντας
2431 705 2446 730 ,
2479 667 2558 730 ὡς

876 743 936 793 ὲν
973 743 1052 812 τῷ
1084 745 1310 815 παρόντι
1337 745 1465 816 περὶ
1491 745 1590 816 τῆς
1628 747 1933 820 μελλούσης
1983 755 2254 824 μεριμνᾷν
2278 769 2554 824 τεσσαρα-

879 831 1100 900 κοστῆς,
1133 832 1227 884 καὶ
1261 831 1470 884 πολλῶν
1489 833 1701 902 ἥκουσα
1729 834 2017 904 λεγόντων,
2051 841 2134 892 ὅτι
2165 839 2302 910 μετά
2327 839 2426 910 τὴν
2455 840 2556 908 τῆς

878 918 1134 986 νηστείας
1162 918 1480 990 ἀπαλλαγὴν
1509 920 1611 974 οὐκ
1637 922 1982 978 αἰσθάνονται
2012 926 2112 995 τῆς
2141 927 2332 998 ἡδονῆς
2365 927 2466 996 τῆς
2489 928 2554 979 ἐκ

875 1003 978 1072 τῆς
1015 1005 1251 1069 ἀνέσεως
1277 1006 1366 1059 διὰ
1405 1007 1502 1078 τὴν
1547 1009 1801 1080 φροντίδα
1827 1011 1920 1062 τοῦ
1957 1012 2244 1081 μέλλοντος
2273 1013 2552 1072 ἐνιαυτοῦ.

877 1089 942 1141 Τί
984 1089 1051 1142 ἂν
1081 1091 1294 1159 γένοιτο
1327 1093 1516 1148 τούτου
1550 1097 2042 1169 μικροψυχότερον,
2092 1101 2213 1154 εἰπέ
2244 1119 2366 1172 μοι;
2404 1103 2467 1154 Τί
2495 1103 2554 1154 δὲ

877 1177 940 1228 τὸ
973 1178 1145 1232 αἴτιον
1177 1179 1368 1234 τούτου
1404 1183 1584 1249 ἐστίν;
1622 1185 1742 1238 Ὅτι
1767 1187 2023 1256 νηστείας
2049 1190 2501 1260 παραγενομένης
2526 1203 2551 1230 α

875 1264 975 1333 οὐχ
1017 1267 1168 1328 ὅπως
1203 1268 1273 1320 τά
1317 1269 1458 1320 κατά
1500 1269 1679 1342 ψυχὴν
1724 1269 1784 1326 εῦ
1837 1275 2106 1346 διατεθείη
2151 1277 2550 1346 σπουδάζομεν,

881 1350 999 1402 ἀλλ’
1027 1351 1086 1403 ὲν
1110 1355 1175 1423 τῇ
1200 1354 1310 1406 τῶν
1340 1355 1524 1410 σιτίων
1551 1358 1730 1430 ἀποχῇ
1766 1361 1927 1431 μόνον
1957 1363 2125 1431 αὐτὴν
2155 1361 2476 1432 ὁριζόμεθα.

955 1437 1044 1501 Ὠς
1082 1440 1131 1492 εί
1186 1440 1326 1509 μέγα
1372 1459 1427 1495 τι
1480 1446 1558 1508 είς
1603 1449 1702 1514 τὴν
1745 1447 1854 1500 τῶν
1896 1449 2110 1518 τρόπων
2139 1447 2424 1520 διόρθωσιν
2455 1449 2551 1503 ἀπ’

872 1525 1045 1595 αὐτῆς
1105 1529 1578 1600 ἐκαρπωσάμεθα,
1635 1533 1738 1586 κᾶν
1795 1535 2082 1604 ηὐξάμεθα
2135 1537 2258 1589 καθ’
2313 1539 2552 1609 ἐκάστην

871 1615 1088 1686 ἡμέραν
1113 1618 1509 1684 παραγίνεσθαι
1527 1620 1626 1690 τὴν
1657 1620 1808 1692 [181]
1837 1625 2112 1694 νηστείαν,
2137 1627 2202 1678 δι’
2235 1627 2416 1680 αὑτῶν
2443 1628 2552 1680 τῶν

868 1701 1049 1772 ἔργων
1077 1703 1332 1772 αἴσθησιν
1364 1704 1735 1776 λαμόάνοντες
1755 1711 1865 1764 τῶν
1887 1712 2336 1782 κατορθωμάτων
2359 1715 2547 1784 αὐτῆς,

871 1789 966 1842 καὶ
1001 1790 1102 1842 οὐκ
1129 1790 1194 1844 ἄν
1223 1809 1354 1845 ποτε
1376 1794 1477 1864 τὴν
1525 1796 1827 1868 ἐπιθυμίαν
1850 1800 2024 1868 αὐτῆς
2056 1801 2408 1870 ἐξεϐάλομεν,
2449 1803 2549 1854 οὐκ

869 1875 936 1928 ἂν
998 1877 1462 1951 προσδοκωμένης
1521 1883 1694 1952 αὐτῆς
1767 1886 2067 1955 ἐγενόμεθα
2129 1890 2394 1956 κατηφεῖς
2449 1890 2546 1940 καὶ

865 1963 1178 2032 ἐναγώνιοι.
1212 1967 1318 2020 Τὸν
1357 1968 1466 2039 1&9
1505 1970 1645 2024 κατά
1689 1971 1928 2024 διάνοιαν
1963 1968 2020 2025 εὖ
2050 1974 2399 2044 διακείμενον
2448 1977 2544 2028 καὶ

864 2051 967 2120 τῆς
1005 2051 1186 2123 ψυχῆς
1225 2054 1652 2126 ἐπιμελούμενον
1683 2058 1784 2126 τῆς
1831 2059 2048 2123 ἐαυτοῦ,
2078 2061 2230 2114 οὐδὲν
2261 2062 2399 2126 ὅλως
2435 2064 2545 2118 τῶν

864 2136 1034 2190 όντων
1077 2139 1260 2208 θλῖψαι
1312 2141 1641 2213 δυνήσεται,
1699 2145 1814 2197 ἀλλ’
1865 2146 2234 2202 ἀπολαύσεται
2295 2151 2545 2222 καθαρᾶς

865 2225 1060 2295 ἡδονῆς
1089 2227 1185 2280 καὶ
1210 2227 1493 2297 διηνεκοῦς
1509 2247 1522 2260 ·
1548 2231 1642 2284 καὶ
1667 2233 1749 2284 ὃτι
1776 2232 1936 2286 τοῦτό
1962 2236 2110 2290 ἐστιν
2129 2236 2348 2306 ἀληθὲς,
2381 2239 2547 2307 ἡκού-

866 2329 997 2365 σατε
1028 2312 1122 2366 τοῦ
1149 2315 1362 2368 Παύλου
1397 2321 1640 2388 σήμερον
1666 2319 2059 2388 παραινοῦντος
2082 2325 2215 2391 ἡμῖν
2243 2325 2336 2376 καὶ
2363 2324 2546 2392 λέγον-

863 2417 956 2463 τος
975 2417 988 2430 ·
1027 2402 1272 2470 Χαίρετε
1305 2403 1376 2455 ἐν
1399 2404 1598 2472 Κυρίῳ
1617 2407 1898 2466 πάντοτε,
1921 2406 2109 2460 πάλιν
2128 2408 2263 2476 ἐρῶ,
2282 2411 2538 2478 χαίρετε.

863 2486 975 2542 Καὶ
1003 2484 1120 2542 οἶδα
1163 2489 1282 2558 μὲν,
1317 2491 1400 2542 ὅτι
1431 2491 1646 2554 πολλοῖς
1673 2492 1935 2546 ἀδύνατον
1969 2491 2108 2548 εἷναι
2137 2495 2286 2550 δοκεῖ
2311 2497 2371 2550 τὸ
2397 2498 2544 2566 λεγό·

867 2592 1028 2652 μενον
1049 2593 1062 2610 '
1093 2576 1209 2640 πῶς
1237 2580 1346 2648 1&9
1374 2574 1485 2632 οἷόν
1517 2596 1601 2642 τε,
1641 2582 1828 2650 φησὶν,
1851 2581 2140 2652 ἄνθρωπον
2170 2584 2298 2638 ὅντα
2328 2586 2542 2654 χαίρειν

863 2661 1126 2732 διηνεκῶς
1147 2664 1240 2728 ;τὸ
1261 2665 1360 2735 μέν
1387 2665 1496 2736 1&9
1517 2667 1724 2738 χαίρειν
1752 2669 1812 2720 οὐ
1829 2669 2107 2734 δύσκολον,
2122 2671 2182 2723 τὸ
2200 2672 2257 2725 δὲ
2279 2673 2542 2743 διηνεκῶς

863 2750 1100 2821 χαίρειν,
1131 2751 1289 2805 τοῦτο
1315 2755 1410 2804 καὶ
1441 2753 1700 2806 ἀδύνατον
1721 2749 1861 2808 εἷναί
1891 2773 1980 2826 μοι
2027 2757 2194 2822 δοκεῖ,
2228 2759 2360 2822 ἴσως
2399 2760 2542 2814 εἴποι

863 2839 931 2891 ἄν
969 2854 1086 2901 τιςο
1117 2838 1310 2892 πολλαὶ
1342 2839 1451 2910 γὰρ
1477 2840 1715 2911 ἀθυμίας
1741 2844 1889 2911 ἡμᾶς
1934 2843 2171 2911 ἀνάγκαι
2206 2847 2540 2915 περιστοιχί-

864 2925 1068 2988 ζονται.
1098 2926 1168 2978 Ἢ
1201 2927 1308 2996 γάρ
1345 2928 1508 2980 παῖδά
1529 2945 1612 2991 τις
1643 2928 1939 2992 ἀπέϐαλεν,
1967 2929 2000 3000 ἦ
2031 2934 2286 2997 γυναῖκα,
2319 2932 2351 3002 ἢ
2385 2933 2540 3001 φίλον

861 3013 1108 3084 γνήσιον,
1160 3015 1366 3079 παντὸς
1419 3015 1714 3084 συγγενοῦς
1761 3017 2214 3088 ἀναγκαιότερον,
2255 3019 2288 3089 ἢ
2334 3020 2538 3089 ζημίαν

863 3101 1076 3170 ὑπέστη
1113 3102 1438 3173 χρημάτων,
1491 3103 1524 3172 ἢ
1573 3103 1714 3174 νόσῳ
1744 3104 2094 3175 περιέπεσεν,
2134 3105 2166 3176 ἢ
2216 3108 2539 3176 περίστασιν

861 3191 1204 3260 πραγμάτων
1237 3189 1529 3260 ὑπέμεινεν
1559 3191 1750 3263 ἑτέραν
1775 3233 1790 3258 ,
1830 3191 1864 3262 ἢ
1910 3194 2038 3263 παρ’
2073 3191 2231 3258 ἀξίαν
2267 3193 2542 3263 ὑϐρισθεὶς

860 3277 1170 3347 ἧλγησεν,ἢ
1195 3277 1371 3347 λιμὸς,
1403 3280 1435 3348 ἢ
1475 3278 1738 3350 λοιμὸς,ἢ
1775 3280 2061 3350 εῖσπραξις
2082 3280 2377 3350 ἀφόρητος,
2405 3281 2437 3350 ἢ
2473 3283 2542 3334 τά

861 3365 1002 3422 κατά
1041 3366 1140 3438 τὴν
1162 3367 1338 3420 οἰκίαν
1374 3367 1678 3436 πράγματα
1693 3381 1708 3396 ⁸
1734 3367 1934 3438 μᾶλλον
1955 3369 2011 3421 δὲ
2031 3371 2134 3422 οὑκ
2151 3369 2217 3424 ἂν
2241 3369 2540 3440 φθάνοιμεν

860 3451 1076 3512 ἅπαντα
1096 3450 1510 3519 καταλέγοντες,
1539 3453 1640 3505 ὅσα
1668 3453 1764 3504 καὶ
1811 3452 1920 3523 ἰδίᾳ
1953 3452 2050 3506 καὶ
2076 3453 2315 3524 δημοσία
2349 3453 2539 3506 λυπεῖν

861 3540 1008 3608 ἡμᾶς
1041 3539 1255 3594 εἴωθεν.
1287 3539 1410 3602 Πῶς
1435 3535 1528 3592 οὖν
1567 3539 1818 3604 δυνατὸν,
1855 3541 2012 3610 φησι,
2041 3540 2274 3593 πάντοτε
2295 3540 2536 3612 χαίρειν;

859 3627 1094 3688 Δυνατδν
1127 3627 1228 3698 μὲν
1252 3623 1370 3690 οῦν,
1401 3623 1686 3696 ἄνθρωπε·
1731 3627 1826 3679 καὶ
1852 3628 1900 3679 εί
1932 3627 2007 3698 μὴ
2032 3627 2256 3680 δυνατὸν
2296 3624 2389 3698 ἦν,
2438 3631 2537 3680 οὐκ

856 3715 926 3770 ἂν
953 3716 984 3767 ό
1013 3714 1224 3777 Παῦλος
1253 3713 1586 3784 παρῄνεσεν,
1621 3713 1732 3766 οὐδ’
1767 3713 1834 3766 ἂν
1869 3714 2290 3768 συνεϐούλευσεν
2321 3716 2532 3786 ἀνθρω-

855 3812 961 3860 πος
1017 3797 1398 3867 πνευματικῆς
1453 3795 1742 3849 ἀπολαύων
1787 3797 1999 3864 σοφίας.
2067 3799 2178 3850 Καὶ
2231 3797 2322 3850 διὰ.
2375 3799 2534 3852 τοῦτο

859 3885 1097 3956 σανεχῶς
1147 3887 1274 3956 ὑμῖν
1308 3885 1514 3953 ἔλεγον,
1560 3886 1657 3938 καὶ
1695 3884 1870 3954 λέγων
1911 3887 1973 3938 οὑ
2019 3886 2320 3957 παύσομαι,
2371 3889 2453 3940 ὅτι
2495 3887 2531 3941 ἃ.

858 3972 1110 4054 μηδαμοῦ
1147 3973 1282 4043 μηδὲ
1309 3973 1440 4042 παρ’
1469 3973 1644 4042 ἑτέρῳ
1663 3972 1690 4012 δ
1719 3973 1827 4024 τινί
1859 3971 1976 4023 ἔστι
2010 3972 2222 4041 μαθεῖν,
2253 3973 2429 4026 ταῦτα
2455 3975 2536 4025 ὲν-

855 4060 1030 4122 ταῦθα
1051 4060 1181 4130 ὑμῖν
1209 4059 1386 4124 ἔξεστι
1411 4060 1747 4130 φιλοσοφεῖν.
1794 4059 2020 4128 Ἡδονῆς
2055 4059 2154 4128 μὲν
2177 4060 2285 4130 1&9
2319 4061 2416 4114 καὶ
2435 4059 2532 4114 τοῦ

856 4148 1067 4220 χαίρειν
1122 4146 1481 4216 ἐπιθυμοῦσιν
1533 4145 1808 4211 ἅπαντες,
1860 4146 1956 4199 καὶ
2004 4147 2092 4200 διά
2140 4147 2298 4202 τοῦτο
2349 4149 2532 4203 πάντα

857 4221 1072 4290 ποιοῦσι
1101 4235 1196 4288 καὶ⁵
1229 4233 1450 4302 λέγουσι
1475 4232 1570 4286 καὶ
1597 4233 2096 4304 πραγματεύονται.
2129 4237 2236 4287 Καὶ
2277 4237 2387 4308 1&9
2431 4237 2530 4308 έμ-

857 4340 1023 4393 πορος
1049 4322 1137 4376 διά
1168 4320 1326 4374 τοῦτο
1349 4319 1492 4382 πλεῖ,
1525 4320 1609 4373 ¹ίνα
1632 4321 1892 4390 χρήματα
1929 4321 2240 4394 συναγάγῃ’
2268 4325 2526 4394 χρήματα

852 4411 913 4472 δὲ
947 4411 1192 4478 συνάγει,
1237 4409 1325 4463 ἵνα
1353 4408 1487 4479 έχων
1535 4409 1874 4479 ἀποκείμενα
1919 4411 2082 4480 χαίρῃ
2107 4427 2120 4440 ·
2159 4412 2254 4463 καὶ
2287 4415 2314 4464 6
2365 4429 2528 4484 στρα-

851 4499 1143 4569 τευόμενος
1188 4497 1278 4550 διά
1325 4496 1487 4550 τοῦτο
1528 4497 1908 4567 στρατεύεται,
1964 4499 2112 4550 καὶὸ
2151 4498 2398 4568 γεωργὸς
2437 4500 2528 4554 διὰ

852 4585 1012 4639 τοῦτο
1041 4587 1310 4656 γεωργεῖ,
1349 4585 1444 4637 καὶ
1476 4585 1672 4654 τέχνην
1705 4585 1934 4650 ἕκαστος
1965 4585 2052 4638 διά
2101 4585 2262 4638 τοῦτο
2296 4587 2523 4656 μέτεισι,

852 4673 948 4730 καὶ
986 4673 1160 4743 ἀρχῆς
1180 4674 1228 4724 οἱ
1273 4671 1508 4742 ἐρῶντες
1548 4671 1638 4725 διὰ
1665 4671 1824 4724 τοῦτο
1847 4673 2064 4743 ἐρῶσιν,
2095 4673 2182 4728 ἴνα
2203 4673 2364 4744 δόξης
2395 4675 2528 4728 ἀπο-

852 4761 1116 4826 λαύσωσι,
1142 4759 1300 4830 δόξης
1349 4758 1408 4811 δέ
1427 4758 1725 4814 ἀπολαύειν
1758 4759 2071 4827 βούλονται,
2119 4762 2208 4815 ἴνα
2254 4762 2488 4833 χαίρωσι
2508 4779 2522 4794 ·

851 4849 945 4902 καὶ
965 4847 1198 4918 πρᾶγμα
1219 4846 1454 4899 ἕκαστον
1483 4845 1622 4917 πρὸς
1635 4846 1796 4898 τοῦτο
1827 4847 1923 4899 ἴδοι
1951 4865 2032 4912 τις
2055 4848 2122 4902 ἂν
2147 4850 2518 4918 ἐπιγινόμενος

854 4945 880 4974 ο
907 4935 1038 5005 ἡμῖν
1077 4933 1140 4987 τὸ
1171 4933 1343 4997 τέλος,
1393 4935 1488 4987 καὶ
1519 4933 1656 5005 πρὸς
1692 4932 1850 4986 τοῦτο
1905 4935 2130 4998 ἕκαστος
2187 4935 2404 5006 βλέπων
2435 4935 2524 4991 διὰ

849 5021 1062 5075 πολλῶν
1091 5020 1198 5074 τῶν
1232 5020 1412 5091 μέσων
1445 5021 1531 5074 ἐπ’
1563 5021 1696 5074 αὐτὸ
1719 5021 1938 5074 σπεύδει
1977 5021 2234 5091 βαδίζειν.

921 5109 1203 5180 Εὑθυμίας
1247 5110 1368 5178 μὲν,
1414 5110 1551 5181 ὅπερ
1589 5109 1748 5180 ἔφην,
1785 5109 1955 5179 ἐρῶσι
1985 5111 2204 5174 πάντες,
2243 5112 2524 5182 ἐπιτυχεῖν

846 5197 906 5251 δὲ
935 5199 1034 5268 οὐχ
1064 5198 1306 5260 ἅπαντες
1328 5196 1614 5250 δύνανταιο
1645 5201 1707 5251 οὑ
1739 5199 1851 5270 1&9
1879 5199 2026 5252 ἴσασι
2055 5199 2151 5270 τὴν
2175 5200 2294 5253 ἐκεῖ
2325 5202 2524 5272 φέρου-

851 5303 951 5339 σαν
973 5287 1090 5340 ὀδόν
1105 5304 1120 5318 -
1153 5284 1292 5339 ἀλλά
1309 5285 1496 5338 πολλοὶ
1522 5286 1856 5354 νομίζουσιν,
1880 5287 1962 5339 ὅτι
1987 5286 2048 5339 τὸ
2071 5287 2321 5342 πλουτεῖν
2351 5291 2522 5342 αῖτιον

849 5377 1040 5430 τούτου
1087 5377 1322 5444 γίνεται.
1359 5375 1425 5428 Εί
1457 5375 1514 5428 δὲ
1560 5376 1715 5428 τοῦτο
1761 5378 1930 5430 αἴτιον
1965 5372 2054 5447 ἦν,
2091 5378 2264 5441 οὐδεὶς
2307 5379 2376 5433 ἂν
2411 5378 2523 5430 τῶν

850 5461 1110 5530 χρήματα
1131 5476 1302 5530 κεκτη
1312 5459 1491 5530 μένων
1513 5458 1764 5529 ἡθύμησέ
1785 5477 1918 5513 ποτε
1935 5477 1948 5490 ·
1983 5459 2080 5514 νῦν
2109 5461 2166 5514 δὲ
2205 5463 2390 5515 πολλοὶ
2411 5463 2521 5514 τῶν

849 5547 1223 5601 πλουτούντων
1273 5548 1507 5602 ἀϐίωτον
1549 5544 1689 5602 εἶναι
1737 5549 1830 5602 τὸν
1882 5550 1995 5619 βίον
2051 5550 2366 5620 νομίζουσι,
2427 5553 2520 5605 καὶ

849 5637 1114 5700 θανάτους
1150 5637 1376 5708 μυρίους
1409 5636 1680 5708 εὔχονται,
1735 5639 1952 5692 ἐπειδάν
1983 5640 2322 5711 δυσημερίας
2375 5641 2520 5704 τινὸς

847 5724 1164 5787 αἴσθωνται,
1222 5723 1316 5776 καὶ
1361 5726 1411 5777 οἱ
1444 5724 1652 5796 σφόδρα
1698 5725 2055 5796 ἀθυμοῦντες,
2098 5721 2247 5780 οῦτοι
2281 5728 2519 5799 μάλιστα

907 5830 932 5895 ξ’
961 5829 1110 5895 S_a_vil.
1137 5827 1439 5895 ἐπελθούσης,
1459 5830 1542 5895 a_lii
1563 5843 1821 5895 pgrperam
1847 5832 2182 5895 παρελθούσης.
2201 5833 2330 5884 Enn.

904 5890 932 5930 δ
956 5892 1052 5956 Alii
1073 5889 1370 5956 παρ’έτίρων
1391 5893 1548 5956 τιχῶν,
1567 5889 1790 5952 ειὶἱ’παρ’
1815 5889 1959 5956 έτέρὶρ
1978 5895 2082 5942 τινί.

903 5957 927 5984 ⁸
951 5953 1046 6019 Alii
1071 5951 1387 6019 ἐπειγόμενον.
1434 5952 1584 6002 Paulo
1617 5961 1731 6014 post
1755 5951 1954 6006 aliqu-Ol
1979 5957 2290 6019 manuscripti
2320 5959 2400 6018 μὲν
2427 5954 2508 6006 οὗν

863 6017 976 6076 ὅπερ
995 6015 1108 6076 ἔφην
1133 6015 1304 6078 ἐρῶσιν
1323 6016 1540 6068 ἅπαντες.

1603 457 1663 513 8.
1703 457 1992 514 JOANNIS
2049 459 2540 519 CHRYSOSTOMI
2577 463 2901 524 ARCHIEP.
2939 473 3499 536 CONSTANTINOP.

4237 496 4328 552 182

2659 584 2876 638 πάντων
2918 588 3044 640 είσί.
3085 591 3177 662 Μὴ
3214 595 3324 664 γάρ
3361 613 3450 665 μοι
3491 595 3588 658 τὰς
3635 596 3908 665 τραπέζας
3963 604 4150 660 αὐτῶν
4201 612 4326 678 ἴδῃς.

2661 674 2796 743 μηδὲ
2833 675 2958 738 τοὺς
2991 677 3230 744 κόλακας
3267 683 3450 737 αὐτῶν
3487 686 3582 738 καὶ
3616 687 3744 750 τοὺς
3787 691 4152 757 παρασίτους,
4197 674 4327 754 ἀλλὰ

2655 761 2725 812 τά
2754 762 2814 828 ἐξ
2843 763 3024 816 αὐτῶν
3057 767 3320 837 γινόμενα
3342 771 3370 810 δ
3407 774 3737 844 πράγματα,
3767 773 3866 836 τάς
3907 775 4204 846 ἐπηρείας,
4233 787 4326 849 τὰς

2659 851 3044 918 συκοφαντίας,
3067 855 3192 916 τοὺς
3215 857 3514 924 κινδύνους,
3545 861 3642 924 τὰς
3669 861 3925 930 ἀγωνίας,
3958 864 4052 914 καὶ
4083 864 4116 916 ὃ
4137 868 4324 922 τούτου

2655 934 2837 1020 πολλῷ
2877 938 3278 1010 χαλεπώτερον,
3315 943 3398 996 ὅτι
3432 949 3526 999 καὶ
3569 949 3891 1020 ἀμελέτητοι
3947 949 4086 1018 πρὸς
4127 953 4326 1019 ταύτας

2657 1018 2805 1092 [182]
2829 1025 3114 1096 ἐρχόμενοι
3137 1029 3236 1092 τὰς
3263 1032 3589 1098 μεταϐολὰς,
3617 1018 3922 1107 φιλοσοφεῖν
3953 1037 4056 1089 οὐκ
4079 1018 4327 1093 ἐπίστανξ

2652 1121 2765 1169 ται,
2803 1107 2924 1160 οὐδὲ
2947 1112 3209 1175 γενναίως
3232 1113 3298 1166 τὰ
3321 1116 3704 1184 συμπίπτοντα
3729 1122 3934 1190 φέρειν.
3983 1120 4190 1189 Διόπερ
4213 1122 4326 1175 οὐδὲ

2652 1190 2878 1244 τοιαῦτα
2907 1195 3090 1259 αὐτοῖς
3116 1200 3452 1266 φαίνεταιτά
3478 1202 3647 1264 δεινὰ,
3675 1202 3872 1279 οἷάπερ
3893 1209 4010 1260 ἐστὶ
4041 1210 4108 1276 τῇ
4147 1205 4322 1273 φύσει.

2652 1275 2786 1363 ἀλλά
2825 1279 2919 1330 καὶ
2943 1279 3012 1332 τά
3042 1283 3218 1353 κοῦφα
3252 1288 3502 1357 ἀφόρητα
3534 1288 3721 1344 λοιπὸν
3743 1275 3884 1345 εἶναι
3913 1275 4326 1363 δοκεῖίὯστ-ερ

2653 1361 2746 1418 οὖν
2779 1367 2872 1420 ἐπὶ
2915 1367 3023 1421 τῶν
3068 1375 3315 1441 πενήτων
3342 1377 3668 1434 ,τούναντίον
3716 1379 3944 1444 γίνεται,
3996 1382 4094 1434 καὶ
4131 1383 4204 1432 τὰ
4239 1381 4328 1432 ἀν-

2659 1457 2868 1524 ήκεστα
2899 1457 3111 1527 φορητά
3147 1460 3420 1528 φαίνεται,
3466 1464 3541 1525 ὡς
3585 1463 3654 1514 τὰ
3688 1465 3860 1518 πολλά
3891 1467 4122 1520 τοιαῦτα
4149 1466 4326 1530 αὐτοῖς

2657 1542 3118 1612 μεμελετηκόσιν·
3162 1546 3284 1598 οὐδὲ
3320 1548 3429 1618 γάρ
3481 1549 3655 1611 οὕτως
3683 1564 3706 1588 υ
3759 1553 3792 1620 ἡ
3827 1553 3937 1606 τῶν
3985 1553 4326 1624 πραγμάτων

2655 1629 2838 1695 φύσις,
2871 1631 3008 1701 ὼςή
3053 1629 3162 1684 τῶν
3209 1635 3528 1703 πασχόντων
3561 1635 3818 1700 διάθεσις,
3857 1640 3950 1692 καὶ
3979 1641 4200 1709 μεγάλα
4241 1641 4326 1693 καὶ

2655 1716 2826 1785 μικρά
2857 1721 3003 1770 ποιεῖ
3027 1719 3310 1786 φαίνεσθαι
3339 1721 3409 1774 τά
3445 1722 3668 1776 ἐπιόντα
3687 1725 3822 1794 ἡμῖν
3869 1729 4039 1780 κακά.
4091 1729 4208 1782 Καὶ
4245 1729 4326 1780 ἵνα

2652 1803 2726 1871 μὴ
2757 1802 3043 1874 πόρρωθεν
3088 1808 3284 1876 ἀγάγω
3321 1809 3390 1862 τὰ
3431 1811 3852 1881 παραδείγματα
3895 1813 4183 1885 ἑκατέρων
4209 1817 4326 1868 τού-

2647 1902 2788 1950 των,
2821 1887 2930 1940 ἀπὸ
2975 1891 3084 1943 τῶν
3114 1893 3438 1962 συμϐάντων
3466 1897 3599 1966 ἡμῖν
3642 1897 3981 1966 διαλέξομαι.
4023 1899 4163 1952 Ἰδοὺ
4201 1901 4326 1968 γοῦν

2644 1975 2695 2056 οἱ
2725 1975 2824 2044 μὲν
2857 1977 3091 2043 πένητες
3135 1981 3392 2049 διέφυγον
3435 1985 3694 2048 ἅπαντες,
3741 1985 3836 2037 καὶ
3871 1987 3900 2037 6
3937 1985 4114 2055 δῆμος
4147 1987 4327 2056 ἀπήλ-

2644 2055 2841 2110 λακται
2877 2059 2972 2111 τοῦ
3007 2062 3281 2126 κινδύνου,
3318 2067 3412 2118 καὶ
3447 2068 3634 2131 ἀδείας
3665 2069 4002 2123 ἀπολαύουσι
4027 2055 4287 2139 καθαρᾶς
4312 2089 4324 2102 ·

2646 2145 2695 2196 οἱ
2717 2143 2775 2196 δὲ
2800 2145 2871 2198 τά
2902 2147 3000 2216 τῆς
3031 2147 3241 2210 πόλεως
3278 2151 3616 2219 πράττοντες
3642 2157 3968 2226 πράγματα,
3999 2158 4326 2226 ἱπποτρόφοι

2648 2233 2745 2284 καὶ
2774 2233 3130 2301 ἀγωνοθέται,
3145 2235 3238 2286 καὶ
3261 2235 3328 2286 τὰ
3349 2236 3486 2290 ἀλλα
3506 2238 3993 2311 λειτουργήσαντες
4014 2245 4062 2308 ί,
4093 2241 4242 2299 οὗτοι
4261 2247 4322 2297 τὸ

2644 2318 3022 2390 δεσμωτήριον
3051 2323 3259 2376 οἰκοῦσι
3305 2323 3400 2377 νῦν
3426 2325 3519 2378 καὶ
3553 2329 3683 2396 περὶ
3715 2329 3825 2380 τῶν
3877 2333 4128 2400 ἐσχάτων
4157 2333 4323 2384 δεδοί-

2643 2421 2794 2470 κασι,
2828 2407 2921 2458 καὶ
2963 2407 3072 2460 τῶν
3115 2410 3287 2462 ἅπασι
3316 2411 3736 2481 τετολμημένων
3771 2416 3926 2466 αὐτοὶ
3959 2417 4062 2480 τὰς
4091 2418 4326 2480 εὐθύνας

2643 2490 2938 2559 ὑπέχουσι,
2993 2494 3086 2546 καὶ
3142 2496 3293 2565 φόϐῳ
3353 2496 3556 2560 συζῶσι
3611 2499 3884 2568 διηνεκεῖ,
3949 2505 4046 2554 καὶ
4106 2505 4326 2556 πάντων

2641 2576 2970 2649 ἀθλιώτερον
2991 2580 3186 2633 ἐκεῖνοι
3215 2583 3518 2637 διάκεινται
3549 2585 3738 2646 νῦν,οὑ
3756 2588 3844 2647 διὰ
3865 2588 3926 2640 τὸ
3957 2588 4192 2658 μέγεθος
4219 2591 4324 2640 τῶν

2645 2664 2928 2728 κινδύνων,
2967 2667 3104 2722 ἀλλά
3143 2668 3234 2721 διὰ
3287 2671 3346 2724 τὸ
3391 2675 3570 2743 τρυφῇ
3625 2675 3716 2727 τὸν
3769 2675 4086 2746 ἔμπροσθεν
4130 2676 4322 2746 χρόνον

2645 2753 3022 2822 συνεζηκέναι.

2715 2838 2780 2908 β’.
2815 2840 3008 2894 Πολλοὶ
3032 2841 3164 2909 γοῦν
3198 2845 3329 2914 παρ’
3365 2846 3522 2914 ἡμῶν
3551 2847 4052 2918 παρακαλούμενοι,
4077 2853 4174 2904 καὶ
4199 2869 4316 2920 15v-

2641 2926 2807 2990 ναίως
2833 2927 3021 2998 φέρειν
3040 2931 3534 3002 συμὸουλευόμενοι
3558 2935 3626 2988 τὰ
3649 2935 3816 2998 δεινά,
3839 2935 3992 2988 τοῦτο
4013 2938 4224 3004 ἔλεγον,
4241 2940 4320 2990 δτι

2639 3014 2790 3068 οὐδὲν
2819 3015 3075 3069 οὐδέτκτε
3096 3018 3337 3072 τοιοῦτον
3365 3021 3801 3092 ἐμελετήσαμεν,
3825 3023 3947 3074 οὐδὲ
3975 3025 4320 3094 ἐπιστάμεθα

2639 3103 2864 3158 τοιαῦτα
2915 3105 3228 3175 φιλοσοφεῖν
3264 3123 3280 3138 ⁸
3325 3107 3417 3160 διὰ
3467 3107 3627 3162 τοῦτο
3679 3108 3878 3178 πολλῆς
3929 3110 4170 3180 δεόμεθα
4221 3113 4318 3180 τῆς

2639 3191 3062 3262 παρακλήσεως.
3098 3194 3317 3263 Ἔτεροι
3349 3193 3512 3248 πάλιν
3538 3195 3874 3266 νομίζουσιν,
3907 3197 3988 3249 ὅτι
4037 3198 4102 3249 τὸ
4145 3197 4320 3265 ὑγιαί-

2640 3295 2772 3344 νειν,
2824 3278 2978 3331 τοῦτό
3029 3281 3176 3331 ἐστιν
3232 3279 3404 3333 αἴτιον
3453 3281 3814 3352 ήδονῆςόὑκ
3855 3283 3970 3336 ἔστι
4002 3283 4086 3336 δέ.
4127 3285 4318 3338 Πολλοὶ

2641 3363 2772 3431 γοῦν
2804 3363 2913 3416 τῶν
2945 3363 3295 3431 ὑγιαινόντων
3322 3368 3415 3418 καὶ
3445 3368 3602 3420 αὐτοὶ⁸
3635 3369 3894 3440 μυριάκις
3919 3369 4158 3438 ηὑξαντο
4186 3373 4320 3423 ἀπο-

2643 3451 2843 3517 θανεῖν,
2863 3453 2962 3514 τάς
2979 3453 3322 3524 ἐπαγομένας
3339 3456 3524 3517 αὐτοῖς
3540 3457 3640 3508 οὐκ
3665 3457 3982 3524 ἐνεγκόντες
4028 3459 4136 3527 ἐπη
4145 3459 4314 3527 ρείας.

2645 3540 2827 3592 Ἀλλοι
2887 3539 3049 3592 πάλιν
3101 3540 3162 3592 τὸ
3227 3541 3384 3610 δόξης
3437 3542 3775 3606 ἀπολαύειν,
3853 3545 3946 3597 καὶ
4001 3545 4318 3607 δυναστείας

2638 3627 2986 3696 ἐπειλῆφθαι,
3019 3627 3114 3680 καὶ
3135 3627 3340 3680 διέπειν
3368 3630 3542 3699 ἀρχὰς
3581 3631 3674 3682 καὶ
3711 3631 3864 3700 παρά
3909 3631 4122 3683 πολλῶν
4163 3633 4319 3684 κολα-

2652 3711 2933 3778 κεύεσθαι,
2967 3713 3248 3784 διηνεκοῦς
3277 3717 3449 3784 χαρᾶς
3481 3715 3764 3786 ποιητικὸν
3797 3712 3938 3768 εἷναί
3973 3733 4176 3784 ιραειίν⁸
4218 3720 4317 3770 οὐκ

2634 3799 2750 3851 ἐστι
2791 3798 2848 3851 δέ
2876 3799 2998 3852 οὐδὲ
3035 3799 3214 3854 τοῦτο.
3253 3801 3361 3854 Καὶ
3390 3801 3443 3852 τί
3476 3799 3726 3868 λέγωτάς
3754 3801 3920 3865 ἄλλας
3945 3804 4123 3874 ἀρχάς
4149 3821 4164 3868 ;
4197 3805 4314 3856 Κᾶν

2637 3885 2747 3957 γάρ
2774 3887 2861 3939 ἐπ’
2889 3886 3057 3958 αὐτὴν
3077 3887 3370 3957 ἀναδῶμεν
3387 3887 3464 3958 τῷ
3490 3887 3634 3958 λόγῳ
3661 3889 3759 3960 τὴν
3783 3889 4084 3958 βασιλείαν,
4107 3893 4207 3944 καὶ
4226 3895 4316 3944 τὸν

2637 3976 2694 4027 ἐν
2725 3976 2909 4045 ἐκείνῃ
2943 3973 3140 4037 ζῶντα,
3173 3974 3395 4037 πολλαῖς
3433 3976 3742 4046 εὑρήσομεν
3769 3980 4316 4048 περιεστοιχισμένον

2637 4063 2918 4134 ἀθυμίαις,
2952 4063 3048 4114 καὶ
3075 4062 3314 4132 τοσούτῳ
3356 4063 3574 4126 πλείους
3607 4063 3799 4134 ἔχοντα
3825 4064 4004 4134 λύπης
4039 4068 4310 4133 ἀνάγκας,

2633 4153 2742 4223 ὅσῳ
2781 4153 2876 4206 καὶ
2913 4151 3138 4221 μείζονα
3173 4150 3566 4221 περιϐέϐληται
3607 4153 3950 4222 πραγμάτων
3977 4154 4166 4220 ὄγκον.
4207 4157 4314 4208 Καὶ

2629 4243 2682 4295 τί
2724 4239 2830 4312 χρὴ
2859 4241 3040 4307 λέγειν
3070 4238 3344 4308 πολέμους
3383 4240 3478 4291 καὶ
3513 4239 3694 4308 μάχας
3730 4240 3823 4293 καὶ
3857 4239 3957 4303 τὰς
4007 4243 4164 4311 παρὰ
4203 4243 4312 4293 τῶν

2631 4329 2924 4400 βαρϐάρων
2959 4327 3394 4390 ἐπαναστάσεις;
3433 4327 3696 4390 πολλάκις
3737 4329 3937 4391 αὐτοὺς
3979 4330 4108 4392 τοὺς
4165 4331 4310 4382 ἔνδνιν

2630 4416 3030 4487 στρεφομένους
3061 4416 3288 4469 δέδοικε.
3327 4415 3438 4468 Καὶ
3468 4415 3576 4484 1&9
3607 4415 3792 4467 πολλοὶ
3813 4415 3922 4468 τῶν
3946 4415 4310 4485 βασιλευσάνο

2623 4522 2734 4560 των
2771 4505 2870 4566 τὰς
2897 4503 3201 4572 πολεμικὰς
3219 4503 3578 4570 διαφυγόντες
3605 4505 3816 4572 χεῖρας,
3851 4504 3949 4565 τὰς
3975 4504 4088 4556 τῶν
4119 4521 4308 4573 σωμα-

2625 4593 2950 4662 τοφυλάκων
2987 4591 3048 4642 οὐ
3083 4590 3339 4659 διέφυγον
3391 4589 3708 4652 ἐπιϐουλάς.
3765 4592 4040 4643 Τοσαῦται
4087 4593 4146 4642 δὲ
4193 4595 4308 4654 τοῖς

2627 4678 3007 4749 βασιλεύουσιν
3053 4676 3296 4746 ἀθυμίας
3323 4677 3586 4743 ἀνάγκαι,
3647 4677 3748 4727 ὅσα
3801 4679 3868 4744 τῇ
3929 4675 4177 4746 θαλάττῃ
4237 4679 4306 4731 τά

2624 4767 2868 4837 κύματα.
2897 4766 2959 4818 El
2989 4764 3047 4818 δὲ
3087 4763 3336 4833 βασιλεία
3362 4765 3464 4816 οὐκ
3497 4763 3564 4816 ἂν
3605 4763 3812 4817 ἄλυπον
3843 4763 4142 4833 ἐργάσαιτο
4167 4765 4303 4833 βίον,

2581 4867 2602 4910 ι
2623 4850 2677 4902 τί
2710 4849 2896 4916 ἕτερον
2923 4847 3216 4918 δυνήσεται
3247 4845 3592 4915 κατορθῶσαι
3618 4844 3778 4899 τοῦτο
3801 4863 3816 4910 ;
3851 4847 3974 4899 Τῶν
3991 4847 4094 4916 μὲν
4122 4847 4306 4916 βιωτι-

2625 4937 2738 4989 κῶν
2768 4935 2924 4988 οὑδέν
2942 4951 2956 4964 ·
2996 4934 3060 4987 τὸ
3099 4934 3160 4986 δὲ
3209 4932 3420 4987 Παύλου
3451 4934 3602 5005 ῥῆμα
3633 4935 3814 5006 μόνον,
3841 4935 3904 4988 τὸ
3929 4934 4108 5006 βραχὺ
4143 4935 4304 4989 τοῦτο

2625 5025 2720 5078 καὶ
2763 5023 2940 5094 ψιλὸν,
2973 5023 3108 5078 αὐτὸ
3141 5025 3272 5094 ἡμῖν
3305 5023 3491 5078 τοῦτον
3531 5026 3734 5091 ἀνοίξει
3761 5025 3854 5080 τὸν
3885 5027 4184 5097 θησαυρόν.
4225 5028 4299 5078 Οὐ

2625 5109 2734 5180 γὰρ
2771 5109 2982 5162 πολλῶν
3013 5110 3096 5162 δεῖ
3115 5109 3307 5177 λόγων,
3344 5111 3462 5164 οὐδὲ
3497 5113 3716 5183 μακρᾶς
3745 5111 3846 5181 τῆς
3874 5113 4152 5182 περιόδου,
4183 5113 4300 5166 ἀλλ’

2623 5198 2718 5250 ἐὰν
2749 5199 3093 5268 ἐννοήσωμεν
3117 5198 3276 5266 μόνον
3300 5199 3362 5250 τὸ
3385 5198 3694 5269 είρημένον,
3727 5199 4034 5270 εὑρήσομεν
4051 5199 4154 5268 τὴν
4183 5199 4300 5250 ὁδὸν

2621 5286 2720 5356 τὴν
2739 5286 2830 5338 ἐπὶ
2850 5286 3009 5340 τοῦτο
3029 5285 3320 5354 φέρουσαν.
3342 5287 3478 5340 Οὐδὲ
3497 5285 3606 5356 γὰρ
3631 5281 3784 5338 εἶπεν
3809 5287 4019 5350 ἀπλῶς,
4052 5287 4298 5354 Χαίρετε

2623 5371 2897 5436 πάντοτε,
2948 5373 3084 5427 ἀλλά
3143 5369 3452 5444 προσέθηκε
3513 5373 3614 5444 τὴν
3651 5375 3832 5429 αἰτίαν
3865 5376 3968 5444 τῆς
4011 5373 4298 5444 διηνεκοῦς

2623 5461 2832 5532 ἡδονῆς,
2851 5463 3094 5530 Χαιζρετε
3116 5463 3187 5514 ἐν
3209 5462 3405 5528 Κυρίῳ
3434 5460 3711 5528 πάντοτε,
3741 5463 3913 5518 εἰπών
3929 5481 3942 5494 ο
3963 5466 3992 5517 6
4019 5466 4078 5516 ἐν
4108 5463 4300 5532 Κυρίῳ

2621 5549 2850 5620 χαίρων,
2891 5551 3068 5604 οὐδενὶ
3111 5549 3222 5603 τῶν
3255 5551 3672 5619 συμπιπτόντων
3710 5553 3812 5623 τῆς
3861 5551 4060 5624 ἡδονῆς
4091 5551 4296 5618 ταύτης

2620 5637 2874 5691 ἐκπεσεῖν
2916 5637 3163 5691 δύναται.
3210 5635 3293 5688 Τὰ
3343 5637 3442 5704 μὲν
3487 5639 3596 5711 γάρ
3643 5641 3777 5694 ἄλλα
3825 5642 4038 5702 πάντα,
4093 5639 4181 5707 ἐφ’
4217 5633 4295 5700 οἷς

2621 5725 2905 5796 χαίρομεν,
2931 5725 3144 5796 τρεπτά
3182 5723 3334 5795 [I85]
3374 5725 3431 5777 τέ
3471 5727 3708 5782 ἐστικαὶ
3739 5728 4163 5799 εὐμετάπτωτα,
4203 5723 4297 5779 καὶ

2681 5829 2708 5867 τι
2732 5829 2828 5890 Alii
2849 5830 3117 5890 τικτόμενα.

2675 5893 2694 5913 ⁶
2715 5889 2810 5939 Alii
2835 5889 3064 5952 φαίνεται,
3089 5891 3159 5950 τῷ
3192 5889 3342 5936 πολλά
3375 5889 3570 5942 τοιαῦτα
3609 5897 3704 5956 ἐμπ
3733 5896 3867 5942 οσθεν
3893 5893 4071 5946 αὑτοῦ(
4091 5891 4280 5954 μεμελε-

2678 5954 2824 5999 -ιέπιι,
2853 5953 2925 6000 Οὐ
2949 5953 3037 6004 γὰρ
3051 5952 3216 6004 οὕτως.
3245 5952 3370 6001 Infra
3394 5955 3476 6002 alii
3498 5956 3660 6004 ἀγάγω
3677 5911 3730 6004 τῖ
3755 5955 4074 6004 παράδειγμα.

2617 5954 2824 6017 run-550557,,
2853 5953 2932 6017 Οὐ,
2949 5953 3037 6017 γάρ
3051 5952 3230 6017 οὑτωςχ
3245 5952 3370 6001 Infra
3394 5955 3476 6017 alii
3498 5952 3660 6016 ἀγάγω
3677 5952 3729 6004 τὸ
3755 5955 4074 6017 παράδειγμα.

2683 6014 2703 6054 Ῑ
2725 6013 2823 6064 Alii
2861 6015 2938 6060 καὶ
2961 6013 3036 6072 τὰς
3060 6010 3202 6068 am;
3219 6010 3940 6080 λειτουργίας),’;ιέουςιγὴσαντες.
