4452 6676
397 420 491 476 181

400 542 650 607 prwsenti
675 540 743 597 de
770 542 944 602 futura
980 544 1191 598 solliciti
1230 545 1338 598 sint
1369 544 1794 616 Quadragcsima,
1837 549 1974 602 mul-

400 640 588 701 tosque
611 634 847 689 dicentes
890 635 1089 695 audivi.
1135 648 1197 687 se
1236 644 1354 703 post
1373 635 1558 704 jejunii
1600 637 1971 692 liberationem

398 737 504 777 non
536 726 732 780 sentire
761 726 1086 794 voluptatem
1117 738 1183 777 ex
1213 726 1524 781 remissione
1561 739 1781 797 propter
1808 728 1971 782 futuri

398 818 521 870 anni
550 816 977 871 sollicitudinem.
1006 813 1143 880 Quid
1176 814 1276 881 his,
1303 831 1501 885 qumso,
1530 820 1696 888 magis
1716 832 1835 872 esse
1853 833 1976 886 pos-

396 920 476 963 set
504 907 880 978 pusillanime?
906 906 1040 971 Quae
1069 924 1193 962 vero
1223 909 1377 979 hujus
1416 912 1615 965 causa?
1642 910 1793 977 Quod
1815 910 1975 964 adve-

396 1000 579 1053 niente
604 998 808 1067 jejunio
854 1011 961 1051 non
1004 1001 1268 1067 quomodo
1297 1004 1429 1055 bene
1464 1002 1778 1071 disponatur
1801 1001 1975 1055 anima

397 1091 724 1152 studeamus,
772 1088 869 1143 sed
916 1090 967 1142 in
1009 1090 1121 1144 sola
1162 1094 1399 1148 ciborum
1444 1094 1761 1147 abstinentia
1803 1094 1973 1163 ipsum

397 1181 736 1236 deﬁniamus.

468 1268 734 1336 Jejunt’um
780 1284 875 1335 quo
906 1278 1051 1336 pacto
1090 1272 1265 1338 prosit.
1296 1302 1366 1312 -—
1385 1272 1567 1341 Itaque
1596 1273 1640 1326 si
1669 1273 1891 1326 multum
1921 1273 1973 1325 in

398 1374 607 1411 morum
660 1360 990 1414 correctione
1038 1360 1105 1414 ab
1152 1363 1263 1429 ipso
1309 1364 1637 1418 lucraremur
1675 1406 1692 1431 ,
1740 1364 1975 1433 quotidie

404 1447 653 1516 jejunium
671 1447 857 1502 adesse
886 1459 1207 1518 optaremus,
1237 1468 1329 1521 per
1358 1455 1467 1523 ipsa
1490 1469 1649 1523 Opera
1676 1453 1793 1522 ejus
1818 1453 1979 1507 meri-

403 1548 575 1589 torum
599 1553 815 1591 sensum
844 1541 1132 1609 capientes,
1163 1559 1259 1597 nec
1288 1559 1534 1611 umquam
1567 1544 1732 1612 ipsius
1764 1543 1974 1598 deside-

401 1629 539 1679 rium
566 1627 897 1694 ejiceremus,
929 1647 1213 1701 numquam
1268 1634 1436 1703 ipsum
1470 1643 1850 1703 ex5pectantes
1881 1635 1976 1687 tri-

402 1728 515 1769 5tes
534 1716 780 1770 ﬁeremus
804 1728 857 1773 et
886 1721 1047 1774 anxii.
1070 1723 1243 1776 Mente
1262 1724 1454 1791 quippe
1476 1722 1611 1777 bene
1641 1722 1975 1792 dispositum,

402 1816 456 1859 et
482 1806 673 1859 animm
706 1822 816 1861 sua;
850 1824 1029 1863 curam
1058 1812 1339 1867 habentem
1382 1814 1519 1866 nulla
1549 1829 1637 1868 res
1664 1814 1979 1870 contristare

404 1898 616 1966 poterit,
657 1898 748 1952 sed
794 1900 839 1953 is
881 1916 1010 1969 pura
1054 1904 1405 1974 continuaque
1442 1905 1645 1963 fruetur
1684 1910 1974 1979 voluptate.

400 1986 555 2053 Quod
579 1987 679 2041 hoc
710 1990 779 2042 sit
804 2004 989 2043 verum
1016 2030 1031 2055 ,
1063 1993 1219 2045 hodie
1249 1994 1469 2051 Paulum
1501 2000 1722 2053 audistis
1751 2015 1848 2053 nos
1879 1999 1976 2053 ad-

403 2087 708 2133 monentcm
757 2088 810 2133 et
839 2079 1140 2134 dicentem:
1176 2080 1400 2140 Gaudete
1439 2089 1490 2141 in
1524 2089 1737 2141 Domino
1762 2106 1975 2159 semper,

394 2171 721 2227 iterumdt’co
736 2170 945 2238 gaudete
966 2169 1221 2242 (Philipp.
1252 2174 1304 2229 4.
1338 2176 1415 2246 ι).
1445 2177 1652 2231 Scimus
1678 2179 1858 2232 multis
1903 2180 1979 2231 vi-

399 2267 514 2319 deri
538 2281 641 2321 non
671 2282 828 2337 posse
869 2264 1360 2341 ﬁeriquoddictum
1391 2279 1495 2323 est.
1526 2269 1802 2337 Quomodo
1826 2286 1977 2324 nam-

401 2374 505 2427 que
553 2360 663 2414 fieri
711 2368 903 2428 potest,
938 2360 1125 2431 inquit,
1173 2370 1228 2415 ut
1271 2362 1359 2431 qui
1401 2361 1562 2415 homo
1613 2371 1715 2427 est,
1768 2379 1981 2434 semper

401 2449 667 2515 gaudeat?
709 2449 953 2506 Gaudere
1000 2466 1228 2520 namque
1276 2468 1380 2505 non
1423 2452 1661 2519 difﬁcile,
1720 2463 1980 2524 perpetuo

400 2548 576 2591 autem
606 2540 856 2607 gaudere,
888 2541 1215 2608 impossibile
1265 2543 1394 2595 mihi
1422 2558 1540 2597 esse
1582 2544 1809 2612 videtur,
1837 2546 1975 2599 dicet

402 2628 627 2684 fortasse
655 2632 843 2700 aliquis
877 2648 895 2685 :
924 2632 1103 2685 multa:
1130 2635 1269 2686 enim
1295 2649 1393 2687 nos
1424 2635 1647 2688 tristitia:
1677 2638 1979 2690 necessario

401 2721 836 2773 circumcursant.
862 2721 954 2775 Vel
986 2724 1127 2776 enim
1158 2723 1323 2775 tilium
1354 2724 1471 2791 quis
1511 2726 1708 2790 amisit,
1735 2726 1816 2779 vel
1844 2744 1974 2780 uxo-

402 2825 538 2875 rem,
581 2810 662 2863 vel
701 2813 928 2864 amicum
959 2812 1226 2865 sincerum
1258 2862 1271 2879 ,
1299 2815 1464 2883 magis
1502 2830 1656 2883 quam
1686 2816 1821 2871 ullus
1846 2831 1973 2869 c0u-

400 2900 721 2969 sanguineus
762 2903 1142 2969 necessarium,
1186 2904 1267 2957 vel
1318 2907 1659 2973 pecuniarum
1712 2907 1972 2974 jacturam

400 2990 545 3056 fecit,
575 2991 657 3044 vel
707 2992 757 3045 in
789 2993 1152 3061 agritudinctn
1186 2995 1388 3059 incidit,
1432 2998 1509 3050 vel
1534 2997 1757 3051 aliarum
1800 3015 1975 3052 rermn

404 3083 654 3135 sustinuit
694 3083 965 3149 damnum,
1017 3085 1098 3138 vel
1142 3096 1335 3153 praeter
1365 3086 1673 3154 dignitatem
1701 3098 1977 3145 contume-

400 3170 525 3223 liam
557 3185 741 3239 passus
773 3171 1032 3225 indoluit:
1058 3175 1137 3227 vel
1170 3174 1334 3228 fames
1358 3218 1371 3240 ,
1404 3176 1482 3229 vel
1516 3178 1697 3246 pestis,
1744 3180 1828 3233 vel
1850 3196 1975 3234 exa-

398 3262 507 3314 ctio
523 3276 637 3329 qua:
657 3260 778 3314 ferri
799 3277 899 3315 non
923 3271 1115 3331 potest,
1134 3266 1211 3317 vel
1237 3265 1506 3319 familiaria
1538 3269 1743 3337 negotia
1774 3288 1786 3323 :
1813 3273 1970 3339 quin-

401 3354 509 3405 imo
542 3368 825 3420 numquam
872 3354 1045 3405 omnia
1072 3370 1346 3407 recensere
1380 3371 1673 3421 possemus,
1705 3375 1972 3426 qumcum-

408 3461 515 3513 que
544 3457 595 3499 et
617 3457 868 3513 privatim
894 3456 946 3502 et
971 3449 1185 3516 publice
1211 3464 1311 3503 nos
1342 3466 1575 3505 macrore
1601 3452 1815 3507 allicere
1841 3468 1973 3507 con-

411 3545 700 3588 sueverunt
728 3536 1011 3600 Quomodo
1044 3539 1226 3608 igitur,
1270 3540 1465 3609 inquit,
1490 3543 1744 3611 possibile
1763 3559 1976 3611 semper

409 3628 677 3689 gaudere?
712 3628 977 3683 Possibile
1005 3632 1320 3696 admodum,
1355 3651 1387 3686 o
1418 3634 1580 3686 homo
1606 3653 1617 3687 :
1646 3646 1699 3689 et
1720 3637 1762 3689 si
1795 3637 1974 3705 possi-

408 3716 512 3768 bile
535 3730 641 3769 non
669 3728 830 3787 esset,
864 3734 969 3771 non
996 3718 1369 3774 admonuisset
1398 3722 1619 3787 Paulus,
1650 3739 1745 3778 nec
1774 3740 1975 3779 consu-

408 3802 619 3867 luisset,
639 3785 760 3856 Clum
785 3804 948 3857 homo
967 3805 1233 3874 spirituali
1250 3820 1392 3862 esset
1414 3785 1671 3877 przeditus
1688 3812 1972 3881 sapientia.

408 3890 615 3945 lilcirco
644 3893 957 3963 frequenter
985 3897 1086 3950 hoc
1112 3900 1268 3953 vobis
1298 3898 1544 3953 dicebam
1580 3912 1633 3955 et
1657 3904 1837 3958 dicere
1869 3921 1975 3959 non

408 3985 647 4038 desinam
672 4004 684 4039 :
710 4002 829 4054 qua:
852 3988 1157 4043 nullatenus
1174 3990 1241 4043 ab
1264 3990 1368 4043 alio
1390 4006 1663 4059 quoquam
1689 3994 1822 4048 disci
1846 4010 1975 4063 pos-

409 4084 557 4137 sunt,
590 4076 701 4130 lucc
740 4077 895 4133 vobis
934 4078 1056 4133 licet
1087 4080 1173 4134 hic
1206 4081 1594 4150 philosophari.
1631 4081 1972 4153 Voluptatem

408 4167 551 4219 enim
578 4180 846 4235 quaarunt,
865 4180 917 4224 et
940 4173 1173 4236 gaudere
1201 4172 1425 4242 cupiunt
1450 4188 1656 4239 omnes,
1681 4184 1732 4227 et
1755 4186 1973 4243 propter

410 4256 513 4309 hoc
543 4259 726 4311 omnia
760 4258 964 4314 faciunt
991 4270 1043 4314 et
1073 4262 1262 4315 dicunt
1290 4274 1342 4316 et
1366 4265 1727 4331 negotiantur.
1762 4267 1969 4319 Etenim

408 4358 678 4402 mercator
708 4350 826 4404 ideo
858 4353 1092 4421 navigat,
1118 4361 1176 4407 ut
1207 4355 1467 4423 pecunias
1494 4366 1783 4426 congreget
1804 4374 1817 4420 ;
1841 4373 1971 4413 cun-

396 4450 577 4511 gregat
598 4452 769 4494 autem
799 4446 1066 4511 pecunias,
1099 4455 1152 4496 ut
1178 4445 1375 4499 habens
1418 4448 1678 4517 repositas
1708 4445 1967 4518 gaudeat:

399 4544 449 4586 et
476 4532 565 4601 qui
610 4533 816 4597 militat,
862 4534 981 4587 ideo
1023 4536 1234 4600 militat,
1271 4546 1324 4590 ct
1360 4538 1588 4605 agricola
1619 4538 1737 4592 ideo
1773 4549 1966 4591 terram

397 4624 544 4687 colit,
578 4632 630 4677 et
673 4633 840 4677 artem
876 4625 1098 4691 quisque
1142 4641 1290 4678 suam
1331 4639 1611 4696 propterea
1659 4637 1885 4682 tractat:
1914 4638 1969 4681 et

397 4714 772 4767 dominationis
800 4714 970 4781 cupidi
1004 4714 1121 4767 ideo
1147 4717 1385 4784 cupiunt,
1411 4727 1468 4771 ut
1497 4719 1659 4787 gloria
1688 4718 1963 4783 fruantur;

396 4805 565 4872 gloria
604 4822 727 4859 vero
790 4804 887 4858 frui
933 4806 1131 4870 volunt,
1167 4817 1221 4858 ut
1247 4809 1514 4875 gaudeant
1547 4826 1558 4861 :
1600 4818 1653 4864 et
1699 4811 1965 4878 negotium

395 4898 648 4965 quodque
688 4900 753 4953 ad
803 4899 939 4951 hunc
969 4896 1123 4949 funem
1158 4898 1309 4951 nobis
1341 4900 1557 4955 tendere
1596 4904 1714 4969 quis
1738 4900 1924 4955 viderit
1952 4919 1964 4954 :

396 4998 449 5041 et
479 4989 543 5040 ad
574 4988 714 5044 hunc
753 4991 971 5059 quisque
1000 4988 1309 5056 respiciens,
1343 5006 1436 5058 per
1483 4992 1645 5046 multa
1686 4994 1857 5048 media
1903 4996 1970 5049 ad

397 5080 567 5146 ipsum
592 5080 665 5131 ire
697 5079 926 5133 festinat.
1870 5069 1881 5125 ἶ

471 5167 666 5221 Divitiae
710 5170 931 5223 [mitium
960 5188 1055 5223 non
1084 5170 1304 5239 pariunt.
1352 5201 1424 5210 —
1468 5172 1725 5228 Laetitiam
1753 5177 1969 5246 quippe,

398 5260 537 5330 quod
580 5260 733 5327 dixi,
779 5274 958 5317 amant
985 5279 1189 5328 omnes,
1229 5266 1436 5332 assequi
1478 5280 1605 5319 vero
1652 5282 1754 5319 non
1783 5283 1969 5323 omnes

400 5360 668 5421 possunt:
714 5356 957 5409 nesciunt
989 5357 1130 5410 enim
1179 5358 1314 5408 viam
1359 5371 1424 5410 eo
1470 5357 1772 5410 tendentem
1817 5374 1832 5422 ;
1875 5362 1967 5413 sed

401 5444 553 5498 multi
582 5452 766 5512 putant
794 5446 933 5513 quod
961 5447 1162 5501 divitiis
1190 5447 1406 5501 afﬂuere
1430 5446 1587 5515 hujus
1617 5450 1685 5501 sit
1706 5463 1885 5501 causa.
1911 5451 1967 5505 Si

405 5534 520 5591 ha'e
567 5543 740 5587 autem
770 5548 927 5587 causa
973 5536 1179 5602 fuisset,
1212 5554 1366 5593 nemo
1396 5540 1643 5607 pecunias
1691 5540 1969 5607 possiden-

403 5628 535 5680 tium
583 5640 825 5695 umquam
856 5625 1041 5681 fuisset
1076 5630 1261 5685 dolore
1297 5645 1541 5700 pressus;
1574 5646 1711 5684 nunc
1736 5647 1861 5686 vero
1890 5632 1971 5686 di-

402 5719 567 5771 vitum
597 5716 744 5771 multi
771 5716 927 5769 vitam
970 5733 1076 5771 non
1115 5721 1327 5774 vitalem
1362 5736 1480 5775 esse
1505 5730 1705 5791 putant,
1732 5730 1785 5775 ct
1810 5723 1966 5775 innu-

404 5825 578 5865 meras
622 5818 818 5867 mortes
841 5816 1115 5877 exoptant,
1163 5825 1285 5864 cum
1325 5812 1553 5881 aliquam
1595 5811 1965 5868 adversitatcm

1309 432 1399 486 Λῐ)
1440 432 1756 489 POPULUM
1797 431 2284 488 ANTIOCHENUM
2348 432 2577 490 ιιολιιι.
2609 430 2795 489 XVIII.

3560 438 3665 493 I89

2087 544 2374 611 senserint,
2405 554 2457 599 et
2496 545 2549 599 hi
2589 545 2817 600 maxime
2867 543 3103 598 omnium
3151 541 3353 599 dolent.
3404 542 3480 599 Ne
3533 548 3664 600 mihi

2083 635 2279 703 quippe
2325 648 2538 689 mensas
2570 634 2805 703 ipsorum
2833 634 3144 702 respexeris,
3170 648 3269 689 nec
3308 643 3665 687 assentatores

2084 732 2137 776 et
2181 723 2460 791 parasitos,
2494 723 2590 778 sed
2621 737 2707 775 res
2745 737 2810 776 ex
2845 722 2973 791 ipsis
3008 724 3260 790 orientes,
3294 722 3666 779 iufestationes

2083 824 2137 869 ct
2165 815 2472 881 calumnias,
2502 814 2763 886 pericula,
2797 814 3115 879 anxietates,
3144 824 3197 869 et
3222 814 3362 883 quod
3392 814 3480 868 his
3511 812 3667 882 longe

2083 905 2359 959 molestius
2388 915 2488 969 est,
2521 904 2663 974 quod
2704 904 3129 974 imprazmeditati
3175 904 3239 958 ad
3289 904 3386 959 has
3422 904 3659 958 devoluti

2082 998 2425 1060 mutationes,
2458 996 2824 1067 philosophari
2854 995 3116 1058 nesciant,
3140 1003 3195 1048 et
3218 1010 3370 1049 casus
3402 1009 3664 1062 generoso

2082 1087 2241 1140 ferre.
2269 1086 2389 1139 ldeo
2413 1103 2515 1141 non
2542 1104 2603 1143 ea
2624 1086 2874 1140 videntur
2899 1087 3028 1157 ipsis
3054 1086 3260 1155 gravia,
3284 1102 3401 1154 qua:
3432 1087 3554 1140 talia
3570 1102 3659 1155 per

2081 1190 2324 1236 naturam
2366 1192 2508 1247 sunt,
2542 1197 2727 1235 verum
2752 1190 2806 1235 et
2833 1180 2966 1234 levia
2996 1180 3126 1249 ipsis
3158 1179 3511 1232 intolerabilia
3542 1194 3662 1233 esse

2078 1273 2375 1327 videntur:
2419 1273 2554 1326 sicut
2585 1272 2824 1327 vicissim
2873 1271 2926 1324 in
2972 1272 3290 1339 pauperibus
3333 1272 3658 1325 contrarium

2078 1364 2299 1427 accidit;
2327 1372 2379 1415 et
2417 1364 2502 1416 illa
2547 1364 2758 1417 tolerari
2800 1376 2956 1431 posse
2982 1362 3224 1415 videntur
3253 1378 3371 1431 qua:
3410 1362 3665 1415 intolera-

2078 1453 2200 1506 bilia
2229 1464 2387 1506 sunt:
2421 1454 2614 1521 quippe
2637 1455 2723 1523 qui
2754 1453 2917 1506 multa
2950 1453 3071 1506 talia
3105 1452 3252 1521 prius
3297 1452 3535 1505 meditati
3556 1454 3664 1506 fuc—

2078 1544 2204 1596 rint.
2246 1544 2358 1596 Non
2389 1544 2527 1596 enim
2560 1555 2662 1597 tam
2691 1561 2868 1598 rerum
2900 1553 3108 1610 natura,
3141 1559 3301 1613 quam
3345 1543 3655 1612 patientium

2080 1633 2376 1702 diSpositio,
2426 1648 2613 1701 magna
2642 1635 2737 1689 vel
2757 1650 2915 1701 parva
2939 1634 3106 1688 videri
3147 1633 3275 1687 facit
3302 1632 3661 1687 incumbentis

2081 1722 2233 1775 nobis
2274 1723 2435 1777 mala.
2472 1722 2539 1775 Et
2567 1737 2631 1776 ne
2661 1722 2849 1776 horum
2879 1723 3118 1789 exempla
3148 1723 3425 1777 amborum
3455 1722 3665 1792 longius

2082 1826 2371 1878 accersam,
2409 1813 2476 1868 de
2531 1814 2594 1869 iis
2641 1829 2760 1883 qum
2814 1812 2968 1865 nobis
3007 1813 3331 1876 acciderunt,
3382 1813 3663 1867 disseram.

2084 1904 2222 1958 Ecce
2268 1906 2408 1957 enim
2450 1920 2709 1974 pauperes
2746 1904 2961 1974 quidem
3012 1918 3200 1957 omnes
3229 1912 3535 1967 evaserunt,
3569 1918 3665 1970 po-

2089 1994 2245 2065 pulus
2283 1996 2517 2063 periculo
2562 1996 2814 2050 liberatus
2847 2005 2947 2059 est,
2980 2005 3033 2050 et
3076 2010 3203 2065 pura
3234 1995 3435 2065 potitur
3462 1996 3666 2049 securi-

2085 2094 2233 2140 tate:
2278 2085 2366 2155 qui
2410 2095 2589 2139 autem
2630 2086 3012 2154 rempublicam
3047 2086 3367 2150 tractabant,
3401 2092 3458 2138 et
3498 2099 3666 2152 equos

2084 2177 2228 2231 domi
2278 2175 2515 2241 alebant,
2560 2173 2740 2228 bravia
2776 2176 2826 2227 in
2865 2174 3246 2228 certaminibus
3271 2172 3659 2242 proponebant,

2081 2276 2132 2321 ct
2160 2268 2259 2321 alia
2289 2267 2755 2331 administrabant,
2790 2266 2887 2335 ipsi
2925 2282 3196 2320 carcerem
3230 2282 3370 2319 nunc
3399 2265 3663 2327 habitant,

2082 2359 2147 2413 de
2182 2360 2429 2413 extremis
2462 2360 2669 2422 timent,
2710 2368 2765 2413 ct
2804 2358 2872 2411 ab
2911 2357 3159 2411 omnibus
3208 2365 3533 2425 patratorum
3561 2358 3661 2412 soli

2085 2448 2213 2501 dant
2236 2463 2438 2516 ptenas,
2470 2458 2522 2501 et
2553 2449 2605 2501 in
2627 2448 2881 2502 continuo
2912 2457 3054 2501 metu
3080 2448 3279 2509 vivunt,
3314 2447 3669 2516 omnibusque

2085 2554 2225 2593 nune
2255 2540 2563 2595 miseriores
2595 2548 2737 2603 sunt,
2771 2555 2874 2592 non
2912 2546 3125 2607 propter
3157 2536 3513 2605 periculorum
3546 2552 3658 2589 ma-

2083 2628 2440 2699 gnitudinem,
2482 2630 2578 2684 sed
2622 2630 2743 2699 quia
2784 2628 3108 2698 prmteritum
3137 2636 3344 2696 tempus
3374 2625 3426 2679 in
3457 2626 3663 2680 deliciis

2078 2728 2321 2787 egerunt.

2147 2810 2204 2863 2.
2246 2810 2390 2863 Multi
2430 2825 2659 2879 namque
2679 2823 2799 2862 cum
2830 2823 2923 2862 eos
2953 2807 3291 2863 hortaremur
3318 2814 3370 2860 et
3421 2819 3665 2860 monere-

2078 2914 2217 2960 mus,
2242 2908 2302 2952 ut
2328 2914 2588 2968 generose
2624 2913 2710 2951 res
2731 2899 2981 2952 adversas
3004 2896 3226 2962 ferrent,
3255 2899 3503 2955 dicebant
3533 2918 3547 2955 :
3578 2898 3662 2952 Nil

2080 3006 2325 3060 umquam
2370 2991 2474 3045 tale
2505 2990 2745 3044 meditati
2778 3006 2982 3055 sumus,
3009 3005 3107 3044 nec
3137 2991 3257 3044 talia
3299 2989 3663 3061 philosophari

2080 3082 2363 3135 novimus:
2404 3092 2682 3150 propterea
2726 3096 2913 3150 magna
2944 3082 3241 3150 indigemus
3274 3083 3662 3139 consolatione.

2078 3173 2179 3226 Alii
2225 3190 2432 3227 rursum
2484 3182 2669 3243 putant
2710 3173 2901 3226 bonam
2946 3174 3301 3228 vcletudiuem
3349 3188 3468 3228 esse
3509 3173 3662 3226 volu-

2076 3264 2234 3331 ptatis
2263 3278 2516 3327 causam;
2557 3278 2659 3316 non
2706 3273 2785 3317 est
2824 3271 2997 3316 autem
3032 3282 3044 3315 :
3078 3264 3224 3317 multi
3274 3279 3501 3331 namque
3527 3263 3665 3317 bene

2076 3352 2309 3406 valentes
2332 3394 2347 3419 ,
2376 3363 2429 3407 et
2456 3354 2552 3422 ipsi
2591 3354 2783 3406 millies
2815 3354 2946 3406 mori
2984 3363 3336 3422 Optaverunt,
3371 3356 3541 3409 illatas
3564 3355 3665 3409 sibi

2078 3459 2181 3496 non
2211 3444 2439 3498 ferentes
2467 3445 2705 3513 injurias.
2731 3445 2831 3497 Alii
2858 3461 3066 3498 rursum
3094 3445 3260 3514 gloria
3291 3446 3467 3513 potiri,
3495 3454 3550 3499 et
3575 3444 3666 3498 im.

2078 3536 2226 3604 perio
2253 3536 2555 3605 insignitum
2583 3551 2720 3599 esse,
2748 3544 2801 3589 et
2826 3537 3164 3605 magistratus
3188 3535 3581 3599 administrare,
3608 3544 3663 3589 et

2076 3642 2104 3678 a
2145 3627 2326 3679 multis
2366 3626 2758 3679 adulationibus
2788 3626 3117 3690 demnlceri,
3160 3634 3429 3695 perpetua:
3469 3624 3665 3679 lmtitia:

2072 3732 2283 3771 causam
2307 3734 2424 3771 esse
2452 3717 2665 3781 dicunt;
2695 3715 2786 3770 sed
2816 3732 2912 3771 nec
2944 3716 3081 3770 istud
3106 3725 3210 3771 est.
3241 3718 3304 3771 Et
3326 3716 3450 3786 quid
3475 3717 3661 3785 loquor

2074 3807 2139 3861 de
2162 3809 2277 3860 aliis
2308 3808 2738 3876 magistratibus?
2770 3806 2880 3859 Etsi
2911 3808 3053 3861 enim
3079 3805 3145 3859 ad
3180 3806 3352 3874 ipsum
3380 3806 3663 3875 imperium

2077 3907 2251 3952 mente
2294 3896 2673 3962 ascendamus,
2718 3897 2770 3950 in
2815 3897 2906 3950 illo
2940 3912 3155 3966 quoque
3189 3898 3453 3951 viventem
3483 3896 3665 3949 multis

2075 3990 2491 4044 circumventum
2520 3989 2779 4043 molestiis
2815 3988 3146 4043 inveniemus
3175 4005 3190 4043 :
3220 3996 3275 4042 et
3309 3996 3454 4042 tanto
3484 3987 3665 4055 plures

2077 4082 2301 4136 tristitiae
2324 4082 2666 4135 necessitates
2689 4081 2991 4145 habentem,
3014 4088 3213 4149 quanto
3235 4080 3435 4149 majore
3452 4093 3663 4147 quoque

2074 4190 2250 4228 rerum
2278 4173 2414 4227 fastu
2442 4174 2800 4227 circumdatus
2836 4182 2938 4226 cst.
2980 4172 3045 4225 Et
3085 4171 3209 4241 quid
3252 4186 3387 4240 opus
3428 4180 3481 4225 et
3524 4169 3657 4224 bella

2074 4279 2381 4333 pugnasque
2415 4277 2871 4325 commemorare,
2916 4270 2965 4315 et
3008 4262 3354 4315 barbarorum
3394 4259 3661 4313 insultus?

2072 4358 2215 4425 ipsos
2241 4371 2382 4423 saepe
2410 4355 2591 4418 timet,
2622 4356 2709 4422 qui
2736 4368 2917 4406 secum
2946 4353 3087 4405 domi
3125 4361 3533 4405 conversantur.
3564 4352 3657 4405 Et-

2070 4446 2210 4499 enim
2248 4460 2429 4514 rcgum
2470 4444 2615 4498 multi
2660 4443 2938 4495 hostilibus
2972 4442 3136 4509 elapsi
3167 4440 3410 4493 manibus
3431 4482 3444 4502 ,
3475 4456 3661 4509 corpoo

2071 4536 2144 4589 ris
2188 4536 2266 4588 sui
2306 4534 2583 4588 custodum
2624 4533 2838 4587 insidias
2878 4548 2985 4585 non
3025 4531 3341 4600 effugerunt.
3384 4530 3488 4584 Tot
3530 4545 3657 4583 vem

2072 4627 2286 4697 regibus
2315 4627 2542 4681 trisdtim
2574 4626 2917 4679 necessitates
2958 4632 3115 4687 sunt,
3141 4631 3268 4691 quot
3307 4621 3440 4676 mari
3479 4620 3655 4674 undae.

2072 4718 2206 4771 Cum
2246 4718 2403 4787 igitur
2436 4732 2533 4771 nec
2572 4732 2791 4785 regnum
2831 4715 2989 4768 vitam
3030 4715 3144 4767 sine
3184 4712 3392 4766 tristitia
3438 4709 3660 4764 reddere

2076 4809 2239 4877 pessit
2258 4849 2272 4874 ,
2300 4808 2424 4877 quid
2448 4808 2586 4861 aliud
2616 4808 2714 4859 hoc
2748 4816 2999 4873 prmstare
3041 4804 3271 4872 poterit?
3298 4802 3664 4856 Humanarum

2075 4901 2286 4970 quidem
2328 4900 2489 4963 nihil,
2532 4899 2623 4951 sed
2663 4898 2833 4949 solum
2874 4896 3021 4950 Pauli
3064 4896 3223 4948 breve
3264 4893 3401 4947 istud
3435 4902 3488 4947 et
3517 4893 3664 4947 exile

2075 4995 2293 5049 verbum
2340 4993 2489 5046 nobis
2538 4990 2677 5043 hunc
2721 4990 2926 5058 aperiet
2975 4987 3303 5041 thesaurum.
3353 4985 3470 5040 Non
3513 4987 3668 5059 cuium

2078 5088 2257 5142 multis
2286 5101 2416 5154 Opus
2444 5094 2525 5138 est
2550 5083 2887 5137 sermonibus
2907 5122 2921 5145 ,
2952 5096 3050 5135 nec
3088 5081 3245 5149 longo
3271 5078 3527 5136 circuitu;
3564 5072 3663 5129 sed

2078 5182 2118 5233 si
2168 5180 2333 5232 solum
2376 5176 2571 5230 dictum
2619 5175 2913 5244 cogitemus
2937 5216 2951 5240 ,
2984 5174 3121 5228 viam
3158 5172 3222 5225 ad
3262 5172 3363 5225 hoc
3400 5171 3665 5225 ferentem

2080 5268 2404 5322 inveniemus
2448 5285 2459 5319 :
2505 5282 2603 5321 nec
2655 5267 2795 5320 enim
2846 5265 3155 5335 simpliciter
3196 5262 3327 5315 dixit
3366 5278 3380 5313 :
3420 5258 3664 5313 Gaudete

2080 5374 2310 5427 semper.
2334 5356 2427 5411 sed
2456 5356 2659 5410 addidit
2682 5357 2946 5409 continuae
2973 5352 3255 5421 voluptatis
3275 5364 3511 5414 causam,
3536 5365 3659 5404 cum
3708 5418 3713 5431 Χ

2077 5452 2208 5505 dixit
2240 5468 2251 5501 :
2283 5448 2509 5503 Gaudete
2546 5451 2597 5501 in
2638 5447 2854 5499 Domino
2878 5461 3070 5513 semper
3102 5442 3363 5513 (Philipp.
3399 5440 3451 5493 4.
3483 5439 3572 5503 ι).
3606 5437 3660 5489 In
3706 5448 3709 5451 ‘

2080 5544 2308 5599 Domino
2348 5541 2579 5611 gaudens
2605 5580 2618 5601 ,
2662 5554 2723 5591 ex
2766 5536 3039 5589 accidente
3074 5534 3217 5587 nullo
3253 5531 3525 5599 voluptate
3566 5528 3665 5581 liae

2079 5635 2321 5688 excidere
2348 5639 2536 5699 potest.
2560 5628 2674 5683 Alia
2705 5643 2895 5692 nempe
2924 5638 3132 5688 cuneta,
3165 5626 3217 5677 in
3240 5623 3433 5693 quibus
3461 5619 3659 5685 gaude-

2079 5739 2194 5776 mus
2215 5762 2229 5785 ,
2264 5720 2532 5774 imitabilia
2561 5728 2719 5780 sunt,
2750 5716 2997 5771 volubilia
3021 5756 3037 5781 ,
3062 5724 3116 5769 et
3146 5715 3298 5767 lacile
3336 5718 3610 5765 vertuntur
3642 5722 3655 5760 :

2080 5828 2178 5869 nec
2208 5812 2310 5868 hoc
2334 5810 2505 5866 solum
2533 5809 2730 5864 habent
2758 5808 3063 5871 molestum,
3088 5804 3179 5860 sed
3210 5806 3367 5860 etiam
3393 5796 3533 5869 quod
3555 5810 3674 5851 ma.-
