4452 6692
831 392 931 447 183

829 507 1006 560 nentia
1047 522 1150 560 non
1187 516 1380 560 tantam
1421 505 1571 560 nobis
1598 504 1826 559 afferunt
1855 503 2209 573 voluptatem,
2239 510 2292 551 ut
2331 514 2393 551 ex

829 596 948 648 aliis
997 605 1298 649 nascentem
1343 595 1610 649 tristitiam
1652 595 1916 664 repellant
1949 602 2004 647 ct
2039 591 2352 646 obumbrent
2384 605 2399 638 :

834 685 926 737 Dei
955 699 1082 740 vero
1112 685 1267 737 timor
1293 683 1405 736 haec
1430 683 1586 736 habet
1614 693 1857 752 utraque,
1883 682 2086 737 stabilis
2110 690 2190 734 est
2221 681 2404 730 immo-

833 783 1042 842 tusque,
1074 784 1120 828 et
1151 783 1346 827 tantam
1374 774 1563 827 emittit
1589 773 1843 837 Iaztitiatn,
1869 781 1924 825 ut
1951 771 2126 824 nullus
2153 785 2248 823 nos
2275 768 2406 821 alio-

833 877 949 915 rum
988 877 1172 916 sensus
1215 863 1474 915 ntalorum
1514 863 1707 930 capiat.
1736 863 1833 926 Qui
1861 863 2024 914 Deum
2065 859 2241 920 enim,
2274 859 2407 910 sicut

833 961 1080 1018 oportet,
1111 951 1257 1005 timet
1285 961 1335 1005 ct
1363 952 1414 1004 in
1443 951 1558 1020 ipso
1584 952 1801 1005 conlidit
1820 991 1834 1013 ,
1867 948 2146 1016 voluptatis
2175 948 2405 1000 radicem

838 1041 1068 1092 lucratus
1090 1050 1190 1103 est,
1217 1050 1268 1095 et
1290 1057 1501 1096 omnem
1530 1042 1687 1094 habet
1711 1041 1903 1094 lmtithe
1931 1037 2127 1091 fontem
2157 1055 2169 1090 :
2195 1047 2246 1090 et
2272 1038 2408 1090 sicut

837 1127 886 1179 in
935 1143 1079 1182 mare
1123 1129 1374 1184 decidens
1421 1130 1735 1184 immensum
1783 1128 2004 1182 scintilla
2049 1141 2208 1196 parva
2257 1126 2408 1178 facile

834 1213 1039 1268 deletur
1068 1235 1081 1269 :
1112 1218 1190 1271 sic
1229 1229 1649 1288 quantacumque
1694 1219 1853 1271 Deum
1891 1214 2094 1269 timenti
2136 1215 2404 1276 incidant,

835 1305 978 1357 velut
1005 1305 1055 1358 in
1078 1315 1280 1360 vastum
1312 1308 1502 1361 lmtitire
1530 1309 1744 1376 pelagus
1771 1305 2048 1359 incidentia
2075 1304 2410 1369 exstinguuno

838 1403 922 1446 tur
945 1405 1103 1464 atque
1134 1396 1438 1463 perduntur.
1472 1397 1535 1449 Et
1563 1411 1745 1450 revera
1775 1396 1871 1447 hoc
1894 1402 1974 1446 est
1997 1393 2224 1446 maxime
2250 1392 2410 1443 mira-

840 1481 944 1537 bile
967 1523 983 1549 ,
1025 1487 1163 1554 quod
1209 1502 1325 1538 cum
1356 1487 1528 1538 adsint
1565 1502 1680 1553 quae
1718 1485 2031 1538 contristare
2064 1483 2266 1547 solent,
2297 1483 2409 1550 ipse

837 1572 1071 1639 gaudens
1097 1583 1419 1640 permaneat.
1449 1574 1500 1625 Si
1531 1573 1659 1626 nihil
1690 1574 1830 1626 enim
1871 1573 2021 1626 triste
2047 1572 2274 1635 adesset,
2304 1586 2406 1624 non

841 1671 983 1714 esset
1026 1662 1123 1728 ipsi
1171 1677 1417 1731 magnum
1461 1679 1673 1731 semper
1725 1679 1877 1731 posse
1926 1663 2192 1731 gaudere;
2235 1661 2409 1714 multis

838 1760 1013 1804 autem
1053 1752 1476 1806 incumbentibus
1502 1796 1515 1816 ,
1553 1770 1670 1821 qum
1710 1755 1760 1805 in
1800 1754 2062 1806 tristitiam
2103 1752 2407 1819 impellant,

836 1841 1083 1893 omnibus
1105 1857 1226 1896 esse
1248 1845 1572 1912 ειιρρτῑυνιιιιι
1597 1856 1648 1896 et
1677 1845 1726 1894 in
1750 1842 1937 1896 mediis
1967 1842 2202 1896 tristibus
2223 1842 2407 1905 lartat'i,

836 1931 939 1985 hoc
968 1941 1047 1986 est
1075 1933 1406 1988 admirabile.
1445 1933 1510 1987 Et
1548 1935 1681 1987 sicut
1713 1942 1818 1986 tres
1855 1947 2046 2001 pueros
2083 1949 2187 1986 non
2221 1933 2414 1985 arsisse

835 2025 1119 2078 miraretur
1162 2040 1356 2089 nemo,
1401 2025 1445 2078 si
1491 2025 1671 2093 procul
1711 2040 1739 2076 a
1786 2024 2100 2093 Babylonica
2145 2024 2416 2077 stetissent

836 2113 1048 2167 fornace
1087 2131 1100 2166 :
1137 2113 1275 2183 quod
1315 2113 1455 2167 enim
1498 2128 1682 2166 omnes
1720 2113 2114 2174 consternavit,
2157 2112 2257 2165 hoc
2300 2122 2410 2173 est,

835 2203 976 2271 quod
1001 2205 1050 2258 in
1075 2205 1192 2274 igne
1217 2213 1418 2258 tantum
1445 2204 1701 2272 temporis
1725 2203 1937 2266 versati,
1965 2203 2137 2258 minus
2157 2204 2266 2258 1ωεὶ
2289 2213 2413 2256 sunt

835 2293 1058 2360 egressi,
1089 2309 1243 2362 quam
1273 2295 1359 2362 qui
1390 2295 1584 2348 versati
1615 2309 1716 2346 non
1747 2293 1953 2346 fuerant
1983 2310 1997 2346 :
2023 2293 2100 2347 sic
2130 2301 2184 2348 et
2208 2293 2261 2345 in
2288 2307 2412 2346 san-

833 2383 933 2436 ctis
959 2383 1136 2438 dicere
1168 2385 1322 2445 licet,
1350 2383 1488 2452 quod
1523 2384 1566 2436 si
1599 2384 1734 2436 nulla
1768 2384 1893 2453 ipsis
1931 2382 2210 2436 institisset
2236 2391 2409 2435 tenta-

835 2476 942 2541 tio,
975 2476 1116 2545 ipsos
1159 2485 1412 2546 perpetuo
1451 2477 1658 2546 gavisos
1698 2491 1816 2530 esse
1861 2491 1964 2528 non
2004 2475 2408 2529 admiraremur.

839 2563 1067 2634 Stupore
1093 2577 1268 2620 autem
1296 2565 1547 2636 dignum,
1579 2575 1633 2619 et
1659 2580 1816 2633 supra
1857 2574 2098 2617 naturam
2127 2563 2412 2617 humanam

837 2655 939 2711 hoc
977 2666 1097 2719 est,
1138 2657 1279 2726 quod
1331 2657 1550 2711 infinitis
1594 2657 1826 2726 undique
1871 2656 2024 2709 undis
2061 2654 2412 2720 circumdati,

840 2748 1213 2817 tranquillitate
1241 2763 1368 2818 pura
1401 2747 1694 2802 frucnlibtts
1725 2747 1913 2801 melius
1940 2745 2114 2800 affecti
2145 2745 2272 2799 sint.

917 2837 1006 2891 Vir
1027 2838 1193 2904 ﬁdelis
1215 2840 1448 2890 continua
1475 2838 1662 2907 [ruitur
1687 2836 1956 2906 voluptate.
1981 2864 2052 2876 --
2075 2834 2225 2899 Quod
2255 2833 2416 2902 igitur

842 2929 1041 2983 nullam
1069 2928 1387 2982 exteriorem
1415 2929 1571 2981 vitam
1606 2926 1852 2997 gaudium
1879 2924 2185 2980 continuum
2215 2923 2414 2978 haben-

839 3029 946 3074 tem
970 3018 1394 3079 invenireliceat,
1422 3035 1485 3072 ex
1517 3017 1671 3072 dictis
1701 3026 1882 3085 patet;
1909 3017 2048 3085 quod
2075 3025 2249 3069 autem
2280 3014 2410 3068 fide-

840 3111 905 3164 lis
934 3124 1040 3164 non
1070 3109 1238 3179 possit
1262 3127 1366 3164 non
1396 3110 1642 3164 continua
1677 3109 1774 3161 frui
1805 3108 2090 3177 voluptate,
2120 3123 2329 3160 rursum
2363 3115 2416 3159 et

838 3202 940 3256 hoc
978 3203 1149 3271 ipsum
1178 3200 1544 3255 demonstrare
1573 3200 1825 3263 conabor,
1849 3213 1954 3252 non
1977 3207 2032 3251 ut
2061 3197 2276 3251 discatis
2305 3204 2419 3248 tan-

846 3302 954 3343 tum
977 3334 990 3354 ,
1019 3291 1111 3345 sed
1143 3291 1300 3344 etiam
1330 3301 1386 3345 ut
1412 3291 1547 3344 hanc
1580 3289 1788 3343 tristitia
1816 3296 2084 3342 carentem
2134 3288 2297 3340 vitam
2329 3300 2418 3340 se-

837 3381 1072 3435 r-temini.
1102 3381 1184 3435 Sit
1221 3381 1362 3434 enim
1390 3381 1578 3450 aliquis
1605 3379 1735 3433 nihil
1766 3379 1818 3433 in
1844 3393 1904 3433 se
1931 3377 2287 3433 damnandum
2319 3378 2417 3429 ha-

839 3471 988 3534 bens,
1016 3470 1108 3525 sed
1138 3471 1274 3526 bona
1306 3471 1468 3525 fretus
1493 3471 1837 3533 conscientia,
1864 3469 1929 3523 ad
1963 3469 2136 3523 futura
2161 3468 2417 3521 anhelans

839 3571 894 3614 et
919 3572 1239 3631 exSpectans
1264 3562 1408 3616 illam
1436 3563 1640 3614 beatam
1671 3577 1854 3630 spem:
1883 3561 2005 3630 quid
2034 3560 2194 3624 hunc,
2214 3573 2414 3630 qtttcso,

837 3652 893 3705 in
921 3651 1184 3705 tristitiam
1218 3651 1411 3720 poterit
1439 3651 1733 3706 inducere?
1759 3649 1943 3704 Nonne
1983 3649 2225 3704 onmibus
2257 3652 2416 3706 rebus

838 3742 1220 3797 intolerabilior
1251 3757 1392 3795 mors
1421 3757 1537 3796 esse
1565 3740 1916 3796 videtur?sed
1949 3738 2103 3808 hujus
2132 3751 2412 3808 exSpecta-

840 3836 913 3889 tio
941 3851 1044 3890 non
1073 3843 1273 3889 tantum
1306 3835 1476 3902 ipsum
1516 3849 1619 3888 non
1657 3833 1963 3897 contristat,
1994 3849 2179 3886 verum
2224 3843 2275 3885 et
2315 3848 2412 3901 po-

840 3925 943 3978 tius
971 3926 1232 3979 delectat:
1263 3925 1407 3976 novit
1432 3924 1573 3976 enim
1607 3923 1792 3976 mortis
1818 3922 2148 3990 prmsentiam
2176 3920 2415 3974 laborum

839 4030 960 4070 esse
991 4015 1392 4078 liberationem,
1426 4021 1478 4066 et
1515 4027 1729 4066 cursum
1773 4012 1838 4064 ad
1879 4026 2102 4065 coronas
2144 4018 2199 4063 et
2241 4010 2416 4063 bravia

840 4119 935 4172 pro
961 4105 1153 4173 pietate
1178 4112 1229 4157 et
1259 4105 1453 4156 virtute
1486 4101 1833 4170 pugnantibus
1859 4101 2109 4169 reposita.
2139 4099 2242 4154 Sed
2287 4099 2417 4151 lilio-

839 4211 957 4249 rutn
989 4198 1265 4249 innnatura
1295 4197 1481 4250 mors?
1510 4212 1690 4248 verum
1722 4205 1770 4247 et
1805 4195 1903 4247 hoc
1927 4207 2185 4263 generose
2213 4192 2332 4257 fert,
2366 4203 2419 4248 et

839 4286 980 4339 dicet
1009 4285 1124 4338 Jobi
1156 4286 1314 4339 verba
1348 4303 1362 4338 :
1397 4285 1640 4339 Dominus
1677 4285 1846 4350 dedit,
1895 4283 2144 4336 Dominus
2170 4284 2372 4337 abstulit
2399 4298 2418 4336 :

839 4382 965 4429 strut
995 4375 1209 4430 Domino
1249 4378 1405 4429 visunt
1431 4387 1536 4444 est,
1578 4378 1647 4430 ita
1677 4386 1722 4430 et
1758 4379 1947 4446 factum
1989 4386 2061 4430 est
2087 4393 2106 4430 :
2131 4378 2195 4430 sit
2239 4393 2415 4430 nomen

843 4467 1049 4520 Domini
1090 4468 1395 4521 benedictum
1433 4469 1484 4522 in
1521 4469 1706 4522 alecula
1745 4467 1890 4540 (Job
1922 4469 1972 4522 1.
2003 4467 2066 4521 2|
2099 4467 2139 4537 ).
2184 4468 2238 4522 Si
2291 4483 2417 4522 vero

842 4573 987 4612 tnors
1038 4566 1093 4612 ct
1148 4558 1380 4612 filiorum
1422 4557 1629 4626 jactura
1680 4565 1992 4611 contristare
2042 4574 2146 4611 non
2199 4567 2416 4626 potest,

843 4651 1012 4704 multo
1037 4650 1210 4703 minus
1240 4649 1581 4718 pecuniarum
1615 4649 1818 4716 jactura
1836 4689 1851 4712 ,
1877 4658 1930 4701 et
1972 4651 2304 4703 contumelia:
2328 4663 2418 4702 ac-

841 4741 1146 4795 cusationes
1179 4747 1234 4794 et
1261 4739 1542 4794 calumniae
1588 4748 1692 4792 tam
1736 4753 1982 4807 magnum
2012 4749 2064 4793 et
2103 4754 2418 4808 generosum

841 4830 1077 4883 animum
1105 4840 1323 4898 tangere
1350 4840 1583 4900 possent,
1615 4844 1785 4899 neque
1806 4829 2046 4896 corporis
2071 4827 2223 4882 dolor
2247 4846 2262 4883 :
2284 4845 2420 4898 quo-

843 4921 985 4975 niam
1011 4931 1064 4975 et
1090 4922 1313 4989 apostoli
1336 4921 1730 4990 flagellabantur
1759 4920 1992 4991 quidem,
2023 4919 2115 4974 sed
2142 4934 2245 4973 non
2268 4919 2418 4974 dole-

843 5011 992 5066 bant.
1025 5012 1210 5080 Magna
1239 5011 1451 5081 quidem
1492 5022 1614 5064 sunt
1646 5021 1700 5064 et
1742 5012 1882 5076 ha-c,
1916 5011 2008 5066 sed
2041 5012 2207 5066 multo
2245 5012 2418 5079 majus

840 5113 955 5169 est,
986 5103 1128 5172 quod
1171 5119 1276 5158 non
1317 5112 1518 5157 tantum
1555 5117 1659 5156 non
1689 5101 1934 5155 dolebant
1961 5143 1977 5166 ,
2007 5116 2189 5156 verum
2219 5113 2270 5155 et
2303 5103 2415 5169 ipsa

841 5197 1044 5265 ﬂagella
1075 5197 1290 5265 majoris
1318 5196 1591 5251 materiam
1621 5193 1879 5265 {agebant
1903 5195 2210 5262 voluptatis,
2242 5204 2292 5247 et
2335 5209 2420 5247 re.

845 5293 1188 5344 vertebantur
1229 5305 1258 5343 a
1295 5289 1428 5343 facie
1471 5253 1692 5344 concilii
1719 5286 2041 5355 gaudentes,
2089 5285 2230 5354 quod
2273 5284 2416 5353 digni

847 5382 1052 5434 fuerant
1095 5380 1257 5433 habiti
1299 5395 1395 5448 pro
1439 5379 1652 5433 nomine
1683 5377 1876 5431 Christi
1903 5375 2276 5430 contumeliam
2309 5375 2416 5443 pati

845 5473 989 5541 (Act.
1010 5474 1062 5528 5.
1099 5473 1206 5538 Η).
1237 5471 1565 5526 Contumelia
1594 5478 1648 5525 et
1675 5469 1915 5524 convicio
1953 5467 2071 5537 quis
2103 5466 2258 5519 talem
2286 5465 2418 5519 afl‘e-

843 5563 959 5616 cit?
982 5562 1073 5615 sed
1097 5578 1124 5614 a
1155 5562 1367 5616 Christo
1390 5560 1620 5632 gaudere
1661 5562 1927 5615 institutus
1951 5568 2029 5612 est
2064 5557 2114 5610 in
2145 5564 2419 5611 contume-

843 5655 949 5710 liis.
976 5651 1200 5708 Caudete
1227 5656 1396 5720 enim,
1429 5654 1595 5725 inquit
1615 5697 1629 5719 ,
1659 5664 1706 5707 et
1735 5653 2010 5712 exsultate,
2043 5667 2156 5705 cum
2199 5649 2418 5704 dixerint

841 5763 985 5800 orans
1028 5746 1217 5798 malum
1263 5747 1459 5798 rerbum
1502 5757 1672 5798 contra
1722 5760 1805 5797 vos
1858 5741 2183 5809 mentientes,
2214 5751 2417 5811 prapter

1544 392 1600 448 S.
1641 387 1912 448 JOANNIS
1950 383 2413 442 CllRYSOSTOMl
2456 384 2771 440 ARClllEP.
2811 385 3341 444 CONSTANTINOP.

3960 395 4058 452 {Sal

2510 515 2607 563 me,
2625 500 2863 564 quoniam
2892 519 3074 558 merces
3095 516 3255 560 vestra
3281 505 3435 558 multa
3462 513 3532 558 cst
3558 505 3608 556 in
3636 505 3769 557 cretis
3786 505 3997 571 (Matth.
4018 510 4069 564 5.

2509 591 2595 644 ll.
2629 589 2748 657 i2).
2775 590 2878 644 Sed
2907 592 2958 645 in
2987 597 3227 650 morbum
3255 596 3465 651 incidit?
3485 609 3666 650 verum
3692 595 3889 647 audivit
3913 597 4071 649 alium

2507 678 2876 732 admonentem
2906 690 2961 733 et
2983 683 3246 740 dicentem
3274 704 3287 738 :
3322 685 3387 740 In
3417 686 3583 739 morbo
3619 692 3664 736 et
3685 692 3980 752 paupertate
4022 686 4072 736 in

2508 768 2614 836 ipso
2642 768 2867 834 conﬁdas
2895 784 2914 821 :
2938 773 3176 836 quoniam
3218 776 3346 827 sicut
3373 777 3424 828 in
3455 777 3568 844 igne
3593 771 3828 841 probatur
3855 786 4034 821 aurum
4057 811 4071 834 ,

2508 858 2579 910 sic
2609 857 2830 910 homines
2853 861 3180 927 acceptabiles
3205 863 3257 915 in
3285 867 3490 932 fornace
3511 861 3867 918 humiliationis
3888 858 4072 927 (Eccli.

2509 945 2560 999 2.
2587 947 2638 999 4.
2672 946 2746 1014 5).
2775 945 2904 1000 Cum
2948 949 3102 1018 igitur
3147 967 3319 1020 neque
3347 970 3510 1016 mors,
3543 970 3712 1024 neque
3735 951 4074 1022 pecuniarum

2506 1034 2707 1103 jactura
2727 1076 2741 1101 ,
2771 1049 2940 1104 neque
2984 1039 3222 1106 corporis
3251 1043 3543 1109 aegritudo,
3578 1059 3747 1112 neque
3773 1039 4074 1111 ignominia,

2514 1139 2683 1192 neque
2723 1125 3045 1190 convicium,
3075 1141 3248 1195 neque
3287 1129 3556 1197 quidpiam
3598 1132 3739 1187 aliud
3780 1127 4076 1199 hujusmodi

2514 1215 2683 1284 ipsum
2726 1217 3038 1270 contristare
3087 1219 3252 1285 possit
3291 1235 3473 1273 verum
3517 1230 3571 1275 et
3610 1224 3775 1291 magis
3817 1222 4076 1276 delectet.

2513 1319 2670 1373 quam
2704 1321 2946 1375 mnquam
2977 1307 3201 1361 tristitia:
3231 1311 3506 1363 materiam
3543 1311 3950 1378 habebit7Quid
3987 1310 4078 1380 igi-

2514 1401 2617 1460 tur,
2646 1396 2844 1464 inquit,
2867 1397 3032 1450 sancti
3077 1412 3181 1450 non
3225 1396 3475 1452 dolebant
3498 1398 3522 1450 ?
3550 1415 3654 1452 non
3681 1401 3836 1454 audis
3862 1401 4079 1454 Paulum

2513 1483 2775 1539 dicentem
2809 1504 2820 1538 :
2844 1485 3067 1539 Tristitia
3091 1486 3211 1538 mihi
3232 1502 3414 1556 magna
3437 1496 3528 1549 est,
3560 1498 3606 1541 et
3634 1489 3915 1542 indesinens
3942 1489 4083 1542 dolor

2513 1573 2654 1626 cordi
2679 1591 2785 1627 meo
2811 1574 2984 1641 (Rom.
3013 1574 3065 1629 9.
3089 1575 3188 1643 2)?
3217 1574 3328 1628 Hoc
3354 1575 3524 1642 ipsum
3554 1590 3745 1643 nempe
3773 1577 4082 1630 admirabile

2514 1670 2592 1715 est
2614 1703 2627 1725 ,
2659 1665 2798 1730 quod
2841 1665 3045 1718 tristitia
3077 1666 3314 1730 lucrum,
3344 1673 3398 1719 et
3434 1665 3755 1733 voluptatem
3793 1681 3859 1720 ex
3901 1666 4079 1720 luctu'

2515 1752 2732 1808 ferebat.
2752 1754 2900 1810 Sicut
2925 1757 3064 1811 enim
3089 1756 3291 1826 flagella
3324 1771 3427 1811 non
3453 1756 3684 1820 dolores,
3711 1755 3803 1809 sed
3826 1756 4081 1818 lmtitiam,

2514 1843 2587 1894 sic
2615 1859 2822 1896 rursum
2848 1854 2899 1898 et
2941 1846 3149 1899 tristitia
3176 1861 3390 1915 magnas
3421 1847 3532 1900 illas
3560 1846 3897 1914 comparabat
3928 1861 4084 1898 coro-

2516 1947 2628 1985 nas.
2658 1931 2724 1986 Et
2755 1933 2854 1987 hoc
2883 1942 2965 1987 est
2989 1934 3333 2000 admirabile,
3363 1937 3504 2006 quod
3531 1937 3713 1991 mundi
3739 1952 3844 1990 non
3873 1937 4082 1989 tristitia

2516 2029 2745 2087 tantum,
2781 2039 2958 2076 verum
2989 2032 3042 2077 et
3078 2023 3259 2077 lzetitia
3289 2025 3542 2080 damnum
3572 2025 3732 2080 habet
3751 2034 4041 2081 extremum
4070 2043 4082 2078 :

2517 2111 2568 2163 in
2611 2112 2974 2178 spiritualibus
3017 2127 3141 2166 vero
3179 2115 3504 2167 contrarium
3535 2124 3725 2180 totum,
3760 2131 3866 2169 non
3909 2116 4084 2170 lzetitia

2519 2210 2738 2266 tantum,
2769 2218 2948 2255 verum
2995 2213 3047 2256 et
3092 2202 3298 2256 tristitia
3342 2203 3564 2256 multum
3615 2204 3775 2258 habet
3830 2205 4085 2258 bonorum

2518 2291 2844 2344 thesaurum.
2875 2293 3029 2347 Verbi
3055 2294 3219 2362 gratia
3250 2310 3262 2345 :
3289 2293 3479 2362 gaudet
3503 2294 3622 2363 quis
3650 2293 3703 2348 in
3720 2295 3918 2348 mundo
3950 2310 4087 2362 smpe

2515 2379 2783 2435 inimicum
2835 2382 3162 2437 laborantem
3201 2384 3415 2446 videns,
3442 2392 3496 2437 et
3536 2399 3629 2453 per
3668 2384 3806 2436 hanc
3854 2384 4084 2438 laztitiam

2517 2471 2736 2523 multam
2775 2469 2872 2524 sibi
2901 2471 3118 2526 attrahit
3143 2487 3354 2541 pmnam
3381 2489 3396 2526 :
3420 2471 3565 2526 dolet
3591 2487 3800 2526 rursum
3820 2473 3938 2541 quis
3958 2472 4086 2525 alius

2521 2559 2736 2613 fratrem
2768 2559 2971 2628 lapsum
2993 2562 3199 2628 videns,
3219 2571 3271 2616 et
3301 2577 3395 2630 per
3424 2561 3558 2615 hanc
3587 2561 3855 2615 tristitiam
3873 2561 4087 2616 multant

2517 2648 2614 2700 sibi
2641 2648 2778 2716 apud
2810 2648 2976 2702 Deum
3011 2649 3428 2706 benevolentiam
3453 2659 3742 2720 comparat.

2593 2737 2819 2792 Tristitia
2835 2741 3106 2792 secundum
3147 2738 3312 2793 Deum
3351 2741 3509 2794 multo
3551 2741 3727 2794 melior
3762 2751 3832 2793 est
3873 2739 4089 2792 humana

2516 2827 2706 2880 latitia.
2731 2857 2802 2867 —
2824 2827 3011 2882 Cernis
3040 2829 3304 2897 quomodo
3337 2829 3626 2883 secundum
3673 2829 3840 2882 Deum
3885 2830 4089 2882 tristitia

2517 2919 2696 2972 mundi
2724 2919 2904 2972 lmtitia
2937 2920 3124 2992 melior
3163 2920 3233 2974 sit
3261 2930 3314 2974 et
3342 2919 3561 2974 utilior?
3585 2921 3672 2974 Sic
3691 2929 3746 2974 et
3773 2920 3962 2973 Paulus
4001 2919 4090 2972 tri-

2514 3011 2755 3064 stabatur
2775 3019 2992 3080 propter
3019 3025 3132 3077 eos,
3163 3012 3252 3080 qui
3277 3020 3560 3080 peccarent
3601 3020 3656 3065 et
3695 3011 3805 3066 Deo
3831 3026 3936 3066 non
3975 3026 4090 3066 cre-

2516 3100 2734 3166 derent,
2767 3112 2823 3155 ct
2868 3117 2932 3155 ex
2989 3100 3089 3155 hac
3137 3101 3346 3154 tristitia
3389 3100 3607 3154 multam
3654 3101 3753 3156 sibi
3809 3102 4090 3168 repositam

2518 3190 2744 3244 habebat
2769 3191 3092 3246 mercedem.
3120 3190 3188 3246 Ut
3215 3201 3392 3245 autem
3427 3191 3755 3246 manifestius
3801 3191 3939 3261 quod
3973 3192 4090 3246 dico

2520 3277 2728 3341 faciam,
2749 3287 2803 3334 et
2828 3280 3065 3346 discatis,
3086 3281 3210 3335 licet
3240 3291 3432 3348 przeter
3453 3281 3756 3350 Opinionem
3781 3283 3849 3336 sit
3872 3281 4087 3347 dictum,

2521 3377 2696 3423 tamen
2731 3385 2913 3424 verum
2957 3385 3076 3425 esse
3101 3411 3115 3434 ,
3143 3379 3196 3426 et
3230 3371 3430 3425 luctum
3470 3385 3612 3440 smpe
3641 3372 3814 3426 solere
3855 3372 4090 3429 dolentes

2519 3460 2722 3514 animas
2749 3475 3017 3528 reparare,
3041 3469 3094 3514 et
3119 3461 3497 3515 conscientiam
3525 3473 3792 3530 gravatam
3820 3463 4089 3518 relevare:

2520 3550 2696 3603 multa:
2723 3551 2916 3618 saspius
2946 3550 3194 3604 mulieres
3223 3550 3685 3604 desideratissimis
3714 3553 3922 3607 amissis
3950 3551 4088 3619 ﬁliis,

2517 3640 2560 3692 si
2608 3639 2988 3707 prohibeantur
3026 3639 3235 3705 quidem
3286 3639 3450 3706 flere,
3483 3640 3661 3708 lugere
3702 3650 3756 3694 et
3801 3642 4086 3710 conqueri,

2516 3729 2922 3796 disrumpuntur
2943 3739 2994 3784 et
3027 3737 3281 3798 pereunt;
3326 3730 3369 3783 si
3395 3745 3522 3785 vero
3547 3731 3885 3786 manentium
3913 3734 4088 3786 omnia

2523 3819 2769 3884 fecerint,
2813 3821 3118 3874 relevantur
3158 3830 3211 3874 et
3248 3820 3662 3874 consolationem
3702 3823 3982 3891 accipiunt.
4028 3824 4088 3877 Et

2517 3909 2642 3979 quid
2682 3909 3016 3973 mirandum,
3066 3911 3109 3962 si
3159 3911 3210 3963 in
3261 3910 3568 3963 mulieribus
3616 3909 3717 3964 hoc
3764 3910 3849 3974 fit,
3881 3911 4089 3980 quando

2519 3998 2678 4054 etiam
2722 4000 2892 4069 ipsum
2937 4013 3002 4068 pr
3026 3999 3248 4068 ipbetam
3294 3999 3394 4053 hoc
3432 4001 3719 4066 patientem
3764 4000 3942 4054 videre
3973 4001 4090 4070 quis

2521 4089 2732 4157 possit?
2761 4088 2881 4142 Ideo
2912 4088 3217 4157 frequenter
3240 4088 3444 4142 dicebat
3473 4106 3487 4143 :
3516 4089 3678 4143 Sinite
3704 4105 3800 4154 me,
3824 4107 3994 4142 amare
4014 4093 4092 4144 lu-

2519 4179 2640 4249 gebo
2661 4197 2681 4232 :
2711 4180 2864 4232 nolite
2904 4180 3200 4232 contendere
3221 4220 3236 4244 ,
3266 4189 3319 4231 ut
3360 4179 3682 4232 consolemini
3728 4196 3879 4247 super
3904 4183 4090 4234 contri-

2520 4270 2652 4322 tione
2687 4269 2808 4337 ﬁlia:
2834 4269 3028 4338 generis
3073 4267 3168 4320 mei
3197 4265 3359 4336 (lsai.
3391 4267 3479 4322 22.
3509 4268 3592 4336 4).
3621 4267 3800 4338 Itaque
3827 4284 3969 4338 sape
3998 4270 4094 4325 tri-

2519 4359 2659 4413 stitia
2698 4358 2853 4412 affert
2894 4358 3342 4422 consolationem;
3375 4357 3417 4410 si
3447 4366 3626 4411 autem
3665 4359 3716 4411 in
3756 4359 3954 4413 mundo
3993 4359 4092 4415 hoc

2521 4451 2579 4504 lit
2609 4451 2775 4504 multo
2802 4449 2969 4518 magis
2999 4450 3049 4502 in
3079 4449 3234 4503 rebus
3276 4449 3655 4518 spiritualibus.
3690 4449 3972 4516 l'rOpterea
4013 4449 4093 4502 di-

2520 4541 2627 4594 cit:
2659 4539 2946 4594 Secundum
2973 4537 3135 4591 Deunt
3154 4550 3319 4591 autem
3348 4539 3552 4592 tristitia
3581 4540 3922 4608 pamitentiam
3944 4541 3994 4591 in
4014 4557 4095 4593 sa-

2524 4630 2674 4682 lutent
2717 4629 2942 4682 stabilem
2970 4639 3205 4698 Operatur
3233 4629 3328 4700 (2.
3351 4628 3471 4684 Cor.
3499 4630 3551 4684 7.
3582 4631 3703 4701 10).
3735 4629 3804 4684 Ει
3845 4631 3944 4685 hoc
3980 4633 4092 4700 qui-

2523 4718 2644 4771 dem
2691 4717 2974 4772 obscurum
3022 4731 3142 4772 esse
3182 4717 3421 4782 videtur;
3453 4719 3590 4788 quod
3639 4728 3816 4772 autem
3861 4719 3986 4772 dicit
4014 4731 4090 4774 est

2525 4809 2824 4879 lmjusmodi
2851 4828 2864 4863 :
2895 4808 2950 4863 Si
2979 4808 3045 4863 de
3082 4810 3315 4877 pecuniis
3344 4811 3577 4863 tristatus
3609 4809 3800 4870 fueris,
3834 4809 3960 4870 nihil
3985 4826 4093 4880 pro-

2522 4901 2692 4956 feci5ti
2721 4915 2736 4954 :
2766 4900 2809 4954 si
2841 4898 2893 4953 in
2923 4898 3261 4968 aegritudine,
3289 4899 3418 4954 nihil
3446 4901 3675 4953 lucratus
3709 4915 3770 4952 es
3789 4940 3804 4963 ,
3835 4915 4012 4954 verum
4041 4913 4093 4957 et

2523 4993 2690 5060 magis
2720 4990 2945 5059 teipsum
2975 4989 3285 5043 contrivisti.

2593 5086 2646 5139 5.
2691 5084 2756 5137 Et
2781 5096 2879 5152 ego
2913 5079 3124 5150 quidem
3167 5081 3361 5134 multos
3401 5078 3578 5133 audivi
3610 5087 3725 5146 post
3755 5079 3910 5132 talem
3937 5096 4096 5150 expc-

2523 5175 2766 5228 rientiam
2808 5187 2866 5226 se
2891 5181 3199 5226 accusantes
3221 5213 3234 5232 ,
3267 5181 3319 5224 et
3345 5170 3408 5224 ad
3437 5170 3641 5237 scipSos
3664 5167 3936 5225 dicentes:
3968 5175 4095 5240 Qua:

2526 5264 2741 5325 utilitas,
2769 5262 2908 5332 quod
2934 5261 3115 5316 dolui?
3140 5276 3239 5316 nec
3268 5260 3518 5329 pecunias
3545 5261 3870 5326 recuperavi,
3901 5275 3951 5316 et
3981 5281 4093 5315 ηιρ-

2526 5358 2692 5424 ipsum
2729 5355 2862 5409 lrcsi.
2890 5352 2946 5407 Si
2975 5368 3101 5407 vero
3128 5351 3194 5405 de
3218 5358 3436 5420 peccato
3469 5350 3724 5413 tristeris,
3756 5349 3855 5404 hoc
3884 5352 4092 5414 delt-sti,

2523 5460 2576 5502 et
2610 5449 2893 5501 mavimatn
2934 5447 3165 5500 lucratus
3205 5459 3264 5497 es
3291 5442 3631 5509 voluptatem.
3661 5441 3714 5497 Si
3743 5442 3809 5496 de
3849 5444 4094 5497 fratribus

2524 5542 2687 5610 lapsis
2707 5537 3060 5599 contristeris,
3091 5537 3316 5602 teipsum
3347 5531 3584 5586 hortatus
3606 5547 3665 5587 es
3689 5542 3741 5587 et
3769 5532 4091 5594 consolatus,

2521 5643 2575 5688 et
2619 5633 2734 5686 illos
2777 5645 2986 5686 rursum
3037 5623 3360 5692 recuperasti
3389 5639 3404 5680 :
3433 5622 3574 5693 quod
3621 5623 3667 5678 si
3709 5623 3840 5680 nihil
3867 5629 3920 5678 et
3967 5620 4093 5688 ipsis

2589 5746 2606 5776 ί
2643 5746 2712 5792 sic
2731 5741 2866 5794 Savil.
2887 5749 2936 5791 tu
2960 5747 3030 5796 Β..
3052 5737 3200 5794 lucro,
3230 5747 3332 5798 pro,
3365 5732 3513 5786 luctu.
