4414 6706
218 473 322 526 185

213 583 528 639 ἀλλοιοῦται
560 584 754 656 ﬁgulo);
779 601 790 613 '
830 582 922 636 καὶ
963 579 1024 630 οὐ
1056 576 1216 629 τοῦτο
1257 572 1418 643 μόνον
1460 570 1572 641 ἔχει
1605 571 1667 622 τὸ
1693 567 1886 628 δεινὸν,

213 671 330 723 ἀλλ’
364 673 448 724 ὅτι
489 654 851 739 καὶμένοντα
894 667 958 719 οὐ
1008 660 1241 731 παρέχει
1288 657 1561 727 τοσαύτην
1607 657 1738 726 ἡμῖν
1789 654 1890 725 τὴν

210 758 439 830 ἡδονὴν.
463 760 537 822 ώς
552 759 649 829 τὴν
667 759 729 810 ἐκ
747 755 856 808 τῶν
881 751 1060 805 ἄλλων
1085 750 1217 819 ἡμῖν
1241 744 1630 816 ἐπιγινομένην
1655 743 1891 814 ἀθυμίαν

213 845 652 915 διακρούεσθαιη
699 843 795 894 καὶ
835 834 1186 898 συσκιάζειν·
1224 836 1252 886 ό
1293 833 1348 885 δὲ
1393 831 1488 885 τοῦ
1537 831 1671 884 θεοῦ
1729 830 1892 899 φόϐος

211 932 506 1002 ἀμφότερα
529 930 701 984 ταῦτα
725 926 861 993 ἔχει,
898 921 1114 991 βέϐαιός
1151 920 1211 972 τὲ
1248 921 1364 971 ἐστι
1389 919 1482 970 καὶ
1505 918 1777 988 ἀκίνητος,
1796 918 1893 970 καὶ

210 1019 488 1087 τοσαύτην
519 1015 671 1086 βρύει
695 1010 887 1080 χαρὰν,
916 1009 990 1070 ώς
1025 1005 1296 1078 μηδεμίαν
1329 1007 1474 1076 ἡμᾶς
1505 1006 1754 1075 αἴσθησιν
1785 1003 1893 1055 τῶν

212 1104 398 1157 ἀλλων
447 1100 744 1170 λαμϐάνειν
805 1094 1014 1147 δεινῶν.
1063 1095 1123 1146 Ὀ
1171 1093 1281 1164 γὰρ
1333 1093 1425 1144 τὸν
1457 1092 1610 1151 Θεὸν.
1648 1093 1723 1154 ὡς
1764 1089 1890 1160 χρὴ.

213 1189 578 1258 φοϐούμενος,
613 1184 708 1235 καὶ
740 1181 827 1233 ἐπ’
856 1179 1006 1251 αὐτῷ
1039 1179 1281 1252 θαρρῶν,
1322 1179 1420 1250 τὴν
1455 1180 1611 1249 ῥίζαν
1639 1176 1894 1245 ἐκαρπώ-

213 1290 352 1326 σατο
400 1273 500 1339 τῆς
540 1267 770 1338 ηδονῆς,
823 1268 918 1320 καὶ
958 1269 1138 1319 πᾶσαν
1179 1265 1280 1335 τῆς
1325 1265 1586 1336 εὐθυμίας
1633 1264 1745 1333 ἔχει
1795 1262 1893 1332 τὴν

214 1361 430 1429 πηγήν·
484 1355 596 1407 Καὶ
657 1353 910 1426 καθάπερ
953 1355 1034 1416 εἰς
1089 1354 1319 1423 πέλαγος
1379 1354 1607 1424 ἄπειρον
1660 1351 1893 1422 σπινθὴρ

213 1444 424 1516 μικρὸς
458 1439 716 1510 ἐμπεσὼν
758 1440 1080 1509 ἀφανίζεται
1113 1441 1331 1511 ῥαδίως,
1371 1441 1546 1504 οὕτως
1586 1442 1798 1506 ὅσαπερ
1830 1438 1895 1489 ἂν

212 1528 512 1600 προσπέσῃ
538 1527 613 1597 τῷ
634 1527 956 1599 φοϐουμένῳ
977 1527 1067 1580 τὸν
1095 1529 1248 1592 Θεὸν,
1279 1529 1532 1597 καθάπερ
1556 1527 1636 1586 είς
1662 1524 1898 1590 πέλαγος

212 1614 422 1684 ἀχανὲς
454 1613 719 1682 εὐθυμίας
751 1613 1094 1683 ἐμπίπτοντα
1128 1614 1564 1667 κατασϐέννυται
1595 1611 1689 1663 καὶ
1731 1608 1898 1662 ἀπόλ-

212 1703 404 1753 λυται.
448 1698 554 1752 Καὶ
577 1700 638 1753 τὸ
684 1700 747 1771 δὴ
800 1701 1114 1772 θαυμαστὸν
1157 1701 1393 1772 μάλιστα
1419 1698 1581 1753 τοῦτό
1610 1700 1778 1758 ἐστιν,
1814 1697 1898 1748 ὅτι

213 1782 330 1834 τῶν
356 1781 676 1835 λυπούντων
711 1785 994 1854 παρόντων
1032 1784 1182 1853 μένει
1220 1785 1427 1855 χαίρων
1475 1782 1660 1844 αὐτός.
1697 1781 1758 1832 Εἰ
1798 1780 1900 1849 μὲν

214 1871 333 1940 γὰρ
357 1869 529 1941 μηδὲν
555 1865 623 1940 ἦν
652 1871 711 1923 τὸ
729 1870 954 1933 λυποῦν,
982 1871 1082 1922 οὐκ
1102 1866 1171 1940 ἦν
1203 1870 1350 1941 αὐτῷ
1383 1872 1524 1940 μέγα
1557 1871 1616 1923 τὸ
1637 1867 1897 1924 δύνασθαι

213 1955 493 2025 διηνεκῶς
536 1957 779 2027 χαίρειν’
830 1956 892 2008 τὸ
941 1956 998 2008 δὲ
1033 1955 1244 2008 πολλῶν
1275 1957 1638 2025 ἐπικειμένων
1681 1953 1788 2006 τῶν
1815 1953 1898 2015 είς

219 2042 471 2111 ἀθυμίαν
509 2041 966 2112 ἐμϐιϐαζόντωνι)
1000 2041 1273 2112 ἀνώτερον
1317 2036 1456 2093 εἶναι
1499 2042 1774 2104 ἁπάντων,
1807 2039 1900 2092 καὶ

222 2129 286 2179 ἐν
327 2127 520 2196 μέσοις
560 2130 675 2190 τοῖς
721 2126 988 2198 λυπηροῖς
1034 2125 1448 2196 εὐφραίνεσθαι,
1484 2125 1640 2178 τοῦτό
1673 2127 1789 2178 ἐστι
1837 2123 1898 2177 τὸ

222 2213 554 2282 παράδοξον.
586 2215 696 2268 Καὶ
727 2214 976 2284 καθάπερ
1009 2216 1135 2275 τούς
1168 2213 1362 2274 παῖδας
1391 2213 1518 2276 τούς
1547 2215 1694 2282 τρεῖς
1726 2211 1900 2274 οὐδεὶς

223 2303 295 2355 ἆν
319 2303 600 2373 ἐθαύμασε
628 2303 702 2374 μὴ
720 2302 1120 2363 κατακαέντας,
1139 2302 1188 2353 εί
1214 2301 1403 2371 πόρρω
1429 2299 1528 2368 τῆς
1556 2297 1901 2360 Βαϐυλωνίας

215 2388 366 2462 ἦσαν
392 2391 623 2460 καμίνου
658 2391 748 2460 (τὸ
777 2389 887 2459 γάρ
924 2389 1202 2458 ἐκπλῆξαν
1241 2387 1491 2451 ἅπαντας
1527 2386 1688 2439 τοῦτό
1732 2387 1900 2450 ἐστιν,

217 2481 304 2533 δτι
354 2479 435 2549 τῷ
474 2478 610 2548 πυρὶ
664 2477 919 2530 τοσοῦτον
973 2477 1339 2547 ὁμιλήσαντες
1376 2475 1590 2546 χρόνον,
1644 2473 1757 2526 τῶν
1805 2473 1904 2542 οὐχ

216 2566 581 2636 ὡμιληκότων
627 2564 894 2634 ἐξέϐησαν
927 2562 1249 2632 ἀλυπότεροι
1268 2562 1309 2631 )’
1372 2561 1516 2614 οὕτω
1545 2561 1640 2614 καὶ
1669 2558 1765 2613 ἐπὶ
1793 2559 1904 2612 τῶν

219 2653 401 2720 ἀγίων
424 2652 569 2704 ἐστιν
611 2653 807 2714 εἰπεῖν,
845 2651 926 2703 δτι
966 2651 1013 2702 εί
1048 2648 1238 2720 μηδεὶς
1283 2648 1467 2712 αὐτοῖς
1508 2649 1746 2719 ἐπήγετο
1783 2664 1904 2700 πει-

223 2737 458 2810 ρασμὸς.
479 2738 578 2789 οὐκ
595 2736 661 2790 ἂν
683 2738 876 2798 αὐτοὺς
900 2735 1289 2805 ἐθαυμάσαμεν
1304 2735 1567 2805 διηνεκῶς
1587 2735 1898 2807 χαίροντας’

220 2824 289 2878 τὸ
315 2822 372 2876 δὲ
405 2822 720 2892 ἐκπλήξεως
755 2821 902 2886 ἀξιον
937 2821 1033 2874 καὶ
1067 2820 1228 2889 φύσιν
1261 2820 1610 2892 ἀνθρωπίνην
1637 2821 1902 2891 ὑπερϐαῖ-

221 2925 320 2964 νον
372 2909 531 2961 τοῦτό
560 2911 730 2976 ἐστιν,
752 2909 832 2961 ὅτι
856 2908 1071 2978 μυρίοις
1089 2906 1450 2977 κυκλούμενοι
1479 2907 1685 2978 κύμασι
1709 2907 1903 2960 πάντο-

220 2995 344 3060 Θεν,
378 2997 486 3050 τῶν
511 2997 749 3068 γαλήνης
792 2995 1041 3066 καθαρᾶς
1073 2995 1464 3049 ἀπολαυόντων
1506 2997 1636 3066 ῥᾷον
1666 2995 1904 3048 διάκεινο

220 3101 340 3139 ται.

297 3172 424 3226 Ὀτι
461 3173 562 3244 μὲν
589 3167 680 3226 οῦν
709 3171 897 3226 οὐδένα
930 3171 1043 3242 βίον
1074 3173 1183 3226 τῶν
1230 3171 1428 3239 ἔξωθεν
1464 3172 1644 3243 εὐρεῖν
1682 3171 1907 3225 δυνατὸν

222 3257 468 3331 εὐθυμία
511 3260 1036 3330 συγκεκληρωμένον
1086 3259 1350 3329 διηνεκῶς
1382 3271 1432 3323 ε,
1476 3259 1632 3330 δῆλον
1678 3260 1744 3311 ἐκ
1796 3257 1905 3310 τῶν

224 3346 543 3414 εἰρημένων
564 3363 578 3377 ο
632 3349 714 3399 ὅτι
761 3347 818 3399 δέ
848 3347 940 3399 τὸν
979 3348 1169 3400 πιστὸν
1203 3349 1484 3417 ἀμήχανον
1518 3347 1595 3418 μὴ
1623 3344 1905 3418 διηνεκοῦς

222 3432 528 3484 ἀπολαύειν
556 3432 773 3503 ἡδονῆς,
806 3434 900 3487 καὶ
928 3434 1087 3486 τοῦτο
1114 3435 1244 3487 αὐτὸ
1283 3436 1446 3487 πάλιν
1489 3433 1766 3499 ἀποδεῖξαι
1787 3449 1906 3486 πει-

226 3520 493 3589 ράσομαι,
517 3520 615 3589 οὐχ
645 3521 730 3572 ἵνα
758 3521 964 3590 μάθητε
994 3521 1174 3590 μόνον,
1206 3521 1322 3574 ἀλλ’
1352 3523 1438 3574 ἵνα
1495 3523 1591 3574 καὶ
1624 3519 1906 3592 ζηλώσητε

223 3606 321 3658 τὸν
348 3606 556 3659 ἄλυπον
583 3606 770 3659 τοῦτον
811 3605 944 3675 βίον.
988 3609 1168 3660 Ἔστω
1209 3610 1319 3679 γάρ
1357 3625 1442 3672 τις
1495 3609 1663 3678 μηδὲν
1710 3606 1906 3660 ἑαυτοῦ

223 3691 616 3759 κατεγνωκὼς,
642 3693 757 3746 ἀλλ’
786 3693 977 3764 ἀγαθῷ
1007 3695 1269 3747 συνειδότι
1302 3696 1766 3765 συντρεφόμενος,
1812 3695 1908 3746 καὶ

225 3779 372 3849 πρὸς
406 3779 477 3832 τά
519 3779 787 3848 μέλλοντα
828 3779 1096 3851 κεχηνὼς,
1139 3782 1232 3833 καὶ
1284 3782 1381 3844 τάς
1434 3781 1645 3844 ἀγαθὰς
1689 3780 1907 3845 ἐκείνας

225 3866 524 3937 ἀναμένων
558 3866 802 3931 ἐλπίδας,
840 3867 893 3919 τί
921 3866 1131 3933 τοῦτον,
1185 3868 1306 3920 εἰπέ
1358 3884 1480 3936 μοι,
1538 3868 1617 3930 είς
1664 3866 1906 3936 ἀθυμίαν

226 3952 496 4022 ἐμϐαλεῖν
524 3953 810 4024 δυνήσεται
831 3970 846 4019 ;
865 3955 940 4007 Οὐ
968 3955 1183 4006 πάντων
1205 3956 1608 4026 ἀφορητότατον
1628 3956 1657 4006 ὁ
1678 3953 1906 4018 θάνατος

228 4033 378 4091 εἶναι
415 4039 586 4105 δοκεῖς
619 4039 736 4092 ἀλλ’
763 4041 795 4111 ἡ
823 4039 1015 4093 τούτου
1042 4041 1336 4112 προσδοκία
1359 4041 1420 4093 οὐ
1458 4043 1618 4111 μόνον
1647 4041 1810 4094 αὐτὸν
1843 4043 1905 4094 οὐ

226 4125 420 4190 λυπεῖ,
477 4127 612 4181 ἀλλά
660 4128 751 4180 καὶ
800 4128 1086 4199 εὐφραίνει
1124 4127 1422 4198 μειζόνωςο
1458 4125 1564 4180 οἶδε
1602 4128 1711 4200 γάρ
1753 4129 1834 4180 δτι
1873 4130 1906 4199 ἡ

228 4213 330 4268 τοῦ
357 4213 591 4268 θανάτου
617 4216 888 4286 παρουσία
908 4215 1085 4268 πόνων
1114 4216 1259 4267 ἐστὶν
1277 4214 1582 4286 ἀπαλλαγὴ,
1597 4215 1692 4268 καὶ
1710 4215 1906 4284 δρόμος

233 4305 332 4356 ἐπὶ
361 4306 488 4367 τούς
528 4306 826 4372 στεφάνους
860 4305 954 4357 καὶ
983 4305 1053 4357 τά
1087 4303 1314 4374 βραϐεῖα
1343 4300 1411 4356 τὰ
1436 4301 1770 4371 ἀποκείμενα
1797 4303 1909 4364 τοῖς

234 4392 384 4462 ὑπὲρ
403 4391 685 4454 εὐσεϐείας
712 4393 806 4444 καὶ
828 4392 1028 4462 ἀρετῆς
1047 4389 1500 4461 ἀγωνισαμένοις.
1529 4388 1687 4442 Ἀλλὰ
1704 4387 1909 4440 παίδων

231 4477 418 4547 ἀωρος
465 4477 732 4545 τελευτή;
777 4477 915 4530 ἀλλά
948 4477 1042 4530 καὶ
1083 4477 1245 4530 τοῦτο
1295 4477 1451 4547 φέρει
1502 4473 1782 4544 γενναίως,
1814 4473 1909 4524 καὶ

232 4567 358 4637 ἐρεῖ
383 4563 449 4616 τά
480 4562 572 4616 τοῦ
615 4562 737 4615 ἰὼϐ
767 4565 1022 4634 ῥήματα·
1066 4564 1131 4617 '0
1169 4566 1386 4632 Κύριος
1422 4563 1660 4627 ἔδωκεν,
1715 4564 1748 4614 ό
1789 4562 1905 4614 Κύ-

224 4669 368 4720 ριος
390 4650 677 4719 ἀρείλατο
698 4666 711 4679 ·
754 4650 836 4715 ὡς
864 4648 944 4715 τῷ
972 4653 1164 4719 Κυρίῳ
1192 4651 1430 4716 ἔδοξεν,
1465 4650 1616 4704 οὕτω
1658 4648 1756 4702 καί
1788 4647 1908 4718 ἐγέ-

231 4753 414 4793 νετο⁸
457 4738 550 4804 εἵη
587 4736 653 4788 τὸ
689 4735 878 4805 ὄνομα
917 4739 1142 4805 Κυρίου
1171 4737 1580 4810 εὐλογημένον
1630 4738 1716 4800 εἰς
1765 4735 1907 4801 τοὺς

233 4824 485 4890 αἰῶνας.
532 4824 594 4876 Εἰ
622 4822 678 4875 δέ
715 4822 943 4886 θάνατος
985 4825 1080 4877 καὶ
1126 4825 1330 4878 παίδων
1359 4821 1600 4892 ἀποϐολὴ
1630 4821 1817 4873 λυπεῖν
1845 4823 1906 4874 οὐ

232 4913 516 4974 δύνανται,
545 4909 723 4979 πολλῷ
760 4909 962 4980 μᾶλλον
998 4911 1173 4982 ζημία
1193 4914 1509 4984 χρημάτων,
1542 4910 1636 4963 καὶ
1668 4909 1907 4979 ἀτιμίαι,

234 5000 334 5053 καὶ
371 4995 718 5067 κατηγορίαι,
753 4995 846 5048 καὶ
896 4995 1142 5049 διαϐολαὶ
1173 4999 1272 5068 τῆς
1320 4996 1461 5051 οὕτω
1521 4996 1762 5068 μεγάλης
1814 4998 1911 5050 καὶ

233 5089 496 5160 γενναίας
531 5087 707 5160 ψυχῆς
741 5088 842 5140 οὐκ
880 5087 944 5141 ἄν
993 5104 1126 5140 ποτε
1164 5090 1413 5158 ἅψαιντο,
1449 5090 1569 5143 οὐδὲ
1607 5091 1769 5161 ὀδύνη
1803 5090 1963 5182 σώ-ς

239 5193 418 5250 ματος
436 5193 450 5207 ⁸
499 5177 623 5229 ὲττι-τὶ
674 5175 767 5229 καὶ
807 5176 856 5228 οί
887 5173 1176 5227 ἀπόστολοι
1206 5178 1604 5247 ἐμαστιγοῦντο
1632 5180 1763 5249 μὲν,
1811 5179 1911 5231 οὐκ
1933 5165 2006 5220 "2‘

234 5264 491 5336 ἠθύμουν
521 5264 596 5318 δέ.
623 5262 773 5338 [184]
796 5263 954 5332 Μέγα
977 5262 1074 5333 μὲν
1100 5259 1192 5314 οῦν
1225 5265 1320 5316 καὶ
1346 5266 1527 5318 τοῦτο·
1563 5267 1621 5319 τὸ
1654 5266 1709 5318 δέ
1732 5265 1909 5336 πολλῴ

239 5354 454 5426 μεῖζον,
494 5355 573 5407 ὅτι
615 5354 677 5407 οὐ
711 5355 870 5425 μόνον
901 5353 1001 5406 οὐκ
1026 5350 1288 5421 ἠθύμουν,
1322 5352 1457 5405 ἀλλά
1486 5355 1579 5406 καὶ
1612 5354 1782 5418 αὐτάς
1812 5357 1910 5418 τὰς

238 5441 518 5512 μάστιγας
549 5439 806 5495 ὑπόθεσιν
840 5441 1116 5494 ἐποιοῦντο
1155 5437 1396 5510 μείζονος
1420 5439 1635 5510 ἡδονῆς,
1671 5443 1763 5495 καὶ
1806 5443 1910 5495 ὐπ-

241 5528 517 5600 έστρεφον
538 5527 647 5580 ἀπὸ
693 5527 987 5602 προσώπου
1020 5527 1113 5582 τοῦ
1149 5527 1421 5596 συνεδρίου
1460 5527 1777 5596 χαίροντες,
1830 5530 1910 5584 ὅτι

237 5614 666 5688 κατηξιώθησαν
699 5617 840 5688 ὑπὲρ
868 5618 959 5672 τοῦ
1009 5618 1271 5689 ὀνόματος
1298 5614 1392 5668 τοῦ
1439 5615 1677 5685 Χριστοῦ
1709 5618 1910 5685 ἀτιμα-

239 5705 460 5774 σθῆναι.
484 5701 716 5772 ’Υϐρισέ
754 5720 838 5765 τις
873 5707 966 5757 καὶ
998 5705 1305 5777 ἐλοιδόρησε
1342 5703 1432 5756 τὸν
1468 5701 1744 5767 τοιοῦτον;
1792 5705 1909 5758 ἀλλ’

238 5789 538 5860 ἐπαιδεύθη
572 5789 720 5859 παρά
747 5789 842 5842 τοῦ
878 5793 1116 5862 Χριστοῦ
1155 5793 1366 5863 χαίρειν
1399 5790 1491 5844 ἐπὶ
1519 5792 1637 5854 ταῖς
1695 5789 1904 5861 ῦϐρεσι.

303 5887 335 5949 _'
356 5885 560 5949 Aliquol
579 5897 693 5949 mss).
717 5885 912 5947 ἀθυμίαν
934 5887 1297 5949 ἀποκρούεσθαι.

298 5945 332 5991 δ
355 5953 388 5995 Α
399 5945 811 6009 Ιιίνὲμῦαλλόντων.

304 6012 329 6043 ⁸
354 6007 528 6060 Morel.
556 6016 608 6057 ιιι
632 6007 826 6064 quidam
851 6020 968 6058 mss.
998 6009 1238 6071 διηνεκῶς,
1265 6011 1347 6060 alii
1372 6011 1590 6070 διηνικεῑ.

1174 461 1266 515 AD
1305 453 1630 512 POPI‘IIM
1671 442 2168 506 ANTIOCHENUM
2235 442 2464 499 IIOMIL.
2507 436 2691 496 XVIII.

3564 424 3668 483 {9‘

2000 561 2243 628 Χαίρετε
2264 560 2392 631 γὰρ,
2423 556 2579 626 φησί,
2605 553 2700 607 καὶ
2731 549 3120 622 ἀγαλλιᾶσθε,
3151 545 3296 600 ὅταν
3317 543 3526 631 είπωσι
3559 540 3684 631 πάν

1998 627 2285 714 πονηρὸν
2303 627 2468 715 ρίῆμα
2498 638 2628 696 καθ’
2654 637 2819 708 ὑμῶν
2848 633 3208 706 ψευδόμενοι
3255 631 3463 685 ἕνεκεν
3499 627 3670 698 ἐμοῦ,

1999 734 2088 787 ὅτι
2118 736 2150 788 ό
2183 732 2401 802 μισθὸς
2444 729 2614 800 ὑμῶν
2647 725 2841 791 πολὺς
2883 725 2954 777 ἐν
2982 722 3108 788 τοῖς
3161 717 3466 802 οὐρανοῖς.
3509 715 3673 802 Ἀλλά

1998 821 2140 888 νόσῳ
2172 801 2496 888 περιέπεσεν
2519 833 2533 877 ς
2560 814 2676 868 ἀλλ’
2705 811 2936 882 ἤκουσεν
2957 810 3145 880 ἐτέρου
3171 801 3564 888 παραινοῦντος
3580 801 3674 888 καὶ

1997 885 2282 973 λέγοντος-³
2338 905 2433 954 Ἐν
2466 902 2633 964 νόσῳ
2687 897 2789 952 καί
2820 896 2997 963 πενίᾳ
3039 893 3134 948 ἐπ’
3173 887 3338 957 αὐτῷ
3377 885 3676 954 πεποιθὼς

1998 993 2194 1061 γίνου,
2219 990 2308 1042 ὅτι
2338 989 2540 1056 ὥσπερ
2576 988 2647 1041 ἐν
2662 984 2803 1054 πυρί
2827 980 3191 1050 δοκιμάζεται
3211 977 3465 1050 χρυσός.
3483 973 3674 1061 οὕτως

1999 1057 2299 1144 ἀνθρώπω
2329 1075 2526 1128 δεκτοὶ
2554 1075 2622 1126 ἐν
2654 1071 2884 1141 καμίνῳ
2906 1066 3343 1131 ταπεινώσεως.
3377 1065 3550 1116 Ὅταν
3580 1057 3675 1114 οῦν

2004 1167 2149 1236 μήτε
2174 1163 2423 1224 θάνατος.
2456 1162 2592 1230 μήτε
2622 1159 2795 1230 ζημία
2829 1155 3158 1228 χρημάτων.
3209 1152 3346 1222 μήτε
3387 1151 3542 1211 νόσος
3569 1145 3677 1236 σώ-

2003 1233 2192 1321 ματος,
2232 1249 2369 1320 μήτε
2409 1247 2598 1316 ἀτιμία
2618 1287 2632 1309 ,
2669 1247 2804 1316 μήτε
2837 1241 3108 1313 λοιδορία,
3141 1239 3281 1310 μήτε
3322 1235 3451 1289 ἀλλο
3483 1252 3537 1287 τι
3563 1233 3673 1286 τῶν

1999 1338 2261 1394 τοιούτων
2300 1336 2468 1407 μηδὲν
2496 1336 2735 1403 λυπῆσαι
2783 1333 2942 1386 αὐτὸν
2997 1329 3246 1400 δύνηται,
3283 1323 3421 1379 ἀλλά
3459 1324 3554 1376 καὶ
3588 1321 3678 1374 εὐ-

2001 1426 2201 1498 φραίνῃ
2241 1423 2462 1496 μᾶλλον,
2503 1421 2664 1474 ποίαν
2701 1418 2936 1488 ἀθυμίας
2966 1416 3220 1469 ὑπόθεσιν
3271 1414 3382 1498 ἕξει
3410 1409 3676 1498 ποτέςΛΤί

2001 1496 2113 1575 οὐν,
2147 1512 2248 1564 οὐκ
2278 1509 2526 1580 ἠθύμουν
2566 1509 2615 1560 οί
2656 1505 2825 1574 άγιοι,
2873 1503 3070 1573 φησίνι
3093 1503 3193 1554 οὐκ
3217 1497 3436 1562 ἀκούεις
3462 1496 3676 1550 Παύλου

2002 1600 2272 1667 λέγοντος,
2310 1598 2482 1662 Λύπη
2522 1595 2628 1664 μοί
2669 1595 2800 1648 ἐστι
2842 1589 3102 1661 μεγάλη,
3155 1587 3255 1640 καί
3298 1583 3682 1648 ἀδιάλειπτος

2005 1684 2190 1751 ὀδύνη
2243 1682 2320 1750 τῇ
2369 1682 2584 1750 καρδίᾳ
2611 1696 2772 1750 μου;
2827 1677 2970 1731 Αὐτὸ
3021 1675 3122 1748 μὲν
3150 1669 3243 1728 οῦν
3293 1669 3452 1726 τοῦτό
3479 1671 3595 1722 ἐστι
3620 1667 3682 1720 τὸ

2007 1769 2346 1840 θαυμαστὸν,
2375 1769 2457 1820 δτι
2489 1769 2522 1836 ἡ
2567 1767 2714 1836 λύπη
2746 1765 2936 1836 κέρδος
2983 1764 3074 1816 καὶ
3115 1761 3309 1832 ἡδονὴν
3343 1758 3443 1830 τὴν
3483 1758 3548 1808 ὲκ
3587 1755 3684 1808 τοῦ

2006 1857 2235 1919 πένθους
2268 1855 2295 1894 ά
2351 1855 2566 1924 ἔφερεν.
2606 1854 2816 1921 Ὥσπερ
2837 1852 2944 1921 γὰρ
2967 1851 3021 1902 αἱ
3052 1851 3313 1918 μάστιγες
3341 1845 3442 1898 οὐκ
3469 1844 3681 1905 ὀδύνας,

2005 1945 2140 2000 ἀλλά
2180 1943 2377 2014 χαρὰν,
2416 1939 2557 1994 οὕτω
2607 1942 2702 1992 καὶ
2746 1941 2780 2008 ἠ
2825 1937 2969 2006 λύπη
3021 1936 3183 1988 πάλιν
3243 1935 3370 1996 τούς
3403 1931 3676 2001 μεγάλους

2005 2029 2247 2089 ἐκείνους
2279 2023 2558 2098 προεξένει
2602 2024 2920 2092 στεφάνους.
2956 2022 3066 2075 Καὶ
3114 2019 3175 2072 τὸ
3199 2017 3499 2089 παράδοξον
3525 2014 3685 2068 τοῦτό

2005 2116 2272 2180 ἐστιν,δτι
2292 2114 2386 2169 τοῦ
2426 2115 2630 2184 κόσμου
2663 2113 2760 2182 μέν
2791 2112 2889 2180 οὐχ
2912 2111 2946 2179 ἡ
2977 2108 3184 2178 ἀθυμία
3227 2107 3408 2178 μόνον,
3429 2103 3565 2159 ἀλλά
3587 2103 3685 2158 καὶ

2005 2204 2196 2274 ἠχαρά
2219 2201 2422 2274 ζημίαν
2437 2200 2550 2271 ἔχει
2581 2199 2677 2271 τὴν
2700 2198 2954 2267 ἐσχάτην·
2979 2197 3071 2248 ἐπὶ
3090 2195 3146 2248 δέ
3165 2195 3274 2246 τῶν
3295 2189 3685 2262 πνευματικῶν

2004 2289 2312 2343 τούναντίον
2344 2287 2515 2353 ἅπαν,
2559 2287 2659 2356 οὐχ
2684 2287 2720 2355 ἡ
2743 2283 2888 2355 χαρά
2917 2283 3099 2354 μόνον,
3137 2279 3382 2333 ἀλλάκαὶ
3410 2277 3444 2347 ἡ
3469 2276 3681 2346 ἀθυμία

2009 2379 2173 2431 πολὺν
2203 2378 2314 2448 ἔχει
2363 2377 2474 2430 τῶν
2515 2373 2740 2442 ἀγαθῶν
2771 2373 2862 2425 τὸν
2903 2368 3212 2441 θησαυρόν
3251 2367 3346 2420 καὶ
3386 2364 3524 2429 πῶς,
3571 2362 3682 2432 ἐγὼ

2009 2461 2171 2531 λέγω.
2221 2461 2415 2533 Χαίρει
2446 2479 2530 2523 τις
2575 2462 2635 2512 ἐν
2673 2459 2752 2530 τῷ
2788 2459 2977 2528 κόσμῳ
3018 2454 3281 2516 πολλάκις
3319 2451 3519 2523 ἐχθρὸν
3557 2449 3686 2503 δυσ-

2010 2551 2321 2622 ημεροῦντα
2377 2549 2533 2612 ἰδὼν,
2580 2550 2677 2602 καὶ
2709 2547 2799 2600 διά
2845 2547 2944 2616 τῆς
3003 2545 3179 2616 χαρᾶς
3230 2541 3437 2612 ταύτης
3478 2538 3687 2612 πολλὴν

2011 2637 2316 2688 ἐπισπᾶται
2350 2633 2528 2704 ἐαυτῷ
2563 2633 2664 2702 τὴν
2696 2632 2920 2685 κόλασιν
2941 2647 2957 2660 ·
2991 2630 3149 2697 ἀλγεῖ
3175 2644 3260 2690 τις
3303 2627 3467 2680 πάλιν
3499 2625 3688 2696 ἕτερος

2009 2723 2100 2776 τὸν
2125 2723 2355 2792 ἀδελφὸν
2385 2723 2621 2774 πεσόντα
2667 2719 2812 2785 ἰδὼν,
2853 2719 2946 2771 καὶ
2973 2717 3061 2770 διὰ
3087 2716 3188 2787 τῆς
3218 2713 3459 2784 ἀθυμίας
3483 2711 3689 2782 ταύτης

2008 2808 2211 2880 πολλὴν
2241 2806 2422 2878 ἐαυτῷ
2458 2805 2610 2877 παρά
2647 2806 2725 2876 τῷ
2746 2805 2866 2875 θεῷ
2886 2803 3137 2874 προξενεῖ
3158 2799 3258 2871 τὴν
3282 2799 3521 2853 εὐνοιαν.

2089 2897 2251 2966 Ὁρᾷς
2286 2895 2459 2964 πῶςή
2497 2894 2635 2946 κατά
2671 2892 2801 2945 Θεὸν
2829 2890 2974 2960 λύπη
3002 2889 3099 2960 τῆς
3137 2887 3234 2940 τοῦ
3272 2887 3480 2956 κόσμου
3512 2885 3688 2956 χαρᾶς

2011 2979 2234 3048 βελτίων
2267 2978 2359 3031 καὶ
2396 2974 2826 3047 χρησιμωτέρας
2870 2972 3026 3026 Οὕτω
3057 2973 3152 3024 καὶ
3185 2969 3398 3032 Παῦλος
3439 2967 3689 3021 ἐλυπεῖτο

2010 3065 2097 3118 διὰ
2122 3067 2245 3127 τοὺς
2278 3062 2716 3134 ἁμαρτάνοντας,
2743 3059 2833 3112 διὰ
2862 3060 2989 3122 τοὺς
3040 3055 3407 3118 ἀπιστοῦντας
3436 3054 3514 3124 τῷ
3545 3054 3685 3124 Θεῷ,

2013 3154 2106 3208 καὶ
2133 3153 2231 3224 τῆς
2273 3151 2450 3221 λύπης
2481 3150 2687 3218 ταύτης
2722 3146 2889 3200 πολὺν
2934 3139 3074 3214 εἶχεν
3134 3142 3497 3210 ἀποκείμενον
3541 3141 3692 3212 αὐτῷ

1973 3241 2101 3296 ’τὸν
2141 3239 2353 3312 μισθόν.
2387 3239 2504 3292 Ἵνα
2558 3238 2615 3290 δέ
2665 3235 2998 3306 σαφέστερον
3045 3233 3074 3285 δ
3122 3231 3268 3299 λέγω
3320 3231 3551 3299 ποιήσω,
3595 3231 3692 3282 κα)⁵

2014 3328 2243 3398 μάθητε,
2270 3326 2366 3389 ώς,
2398 3327 2446 3378 εἰ
2486 3325 2579 3376 καὶ
2616 3321 2919 3392 παράδοξον
2959 3319 3018 3372 τὸ
3060 3318 3369 3389 είρημένον,
3400 3316 3514 3370 ἀλλ’
3540 3317 3690 3387 ὅμως

2011 3415 2157 3466 ἐστὶν
2186 3411 2404 3482 ἀληθὲς,
2434 3410 2528 3462 καὶ
2569 3405 2709 3461 οἶδεν
2737 3410 2764 3460 ό
2795 3407 2996 3476 θρῆνος
3035 3405 3297 3466 πολλάκις
3346 3403 3690 3456 ἀνακτᾶσθαι

2010 3500 2106 3562 τάς
2137 3497 2479 3566 ὀδυνωμένας
2511 3495 2709 3564 ψυχάς,
2738 3493 2834 3545 καὶ
2863 3490 3143 3560 κουφίζειν
3175 3489 3416 3554 συνειδὸς
3456 3489 3690 3560 βεϐαρηο

2016 3585 2198 3654 μένον,
2245 3582 2438 3635 πολλαὶ
2487 3581 2744 3642 πολλάκις
2773 3581 3031 3646 γυναῖκες
3080 3575 3455 3629 ἀποϐαλοῦσαι
3501 3575 3693 3640 παῖδας

2015 3670 2451 3732 ποθεινοτάτους,
2505 3668 2572 3720 ἂν
2614 3667 2713 3737 μὲν
2768 3664 3052 3718 κωλυθῶσι
3097 3663 3365 3734 δακρῦσαι
3408 3663 3504 3716 καὶ
3556 3666 3690 3734 θρη-

2011 3759 2173 3826 νῆσαι
2221 3759 2315 3810 καὶ
2369 3753 2771 3825 ὀλοφύρασθαι,
2818 3752 3242 3824 διαῤῥήγνυνται
3291 3751 3387 3804 καὶ
3422 3750 3688 3804 ἀπόλλυν-

2010 3861 2130 3898 ται*
2183 3845 2248 3897 ἂν
2287 3845 2342 3897 δέ
2377 3843 2446 3896 τὰ
2482 3843 2590 3895 τῶν
2653 3841 3012 3912 ἀθυμούντων
3068 3841 3369 3910 ποιήσωσιν
3436 3839 3687 3905 ἅπαντα,

2014 3932 2360 4001 κουφίζονται
2401 3931 2496 3983 καὶ
2535 3928 2894 4000 παραμυθίαν
2927 3927 3289 3996 λαμϐάνουσι.
3320 3925 3430 3979 Καὶ
3471 3925 3524 3978 τί
3557 3925 3690 3978 θιιυ⁶

2017 4019 2240 4090 μαστὸν,
2285 4020 2333 4071 εἰ
2366 4018 2457 4071 ἐπὶ
2503 4015 2775 4085 γυναικῶν
2803 4012 2964 4067 τοῦτο
2993 4012 3299 4084 συμϐαίνει,
3332 4011 3484 4067 ιδπου
3504 4026 3568 4079 γε
3597 4011 3691 4065 καὶ

2015 4107 2180 4159 αὑτὸν
2221 4106 2311 4159 τὸν
2359 4106 2643 4176 προφήτην
2689 4103 2784 4155 ῖδοι
2814 4118 2894 4164 τις
2944 4101 3009 4153 ἂν
3043 4098 3205 4153 τοῦτο
3239 4099 3554 4168 πάσχοντα;
3589 4098 3692 4152 Διὰ

2015 4193 2173 4247 τοῦτο
2204 4193 2441 4263 συνεχῶς
2471 4192 2655 4259 ἐλεγεν
2675 4207 2688 4220 ·
2713 4189 2919 4258 Ἀφετέ
2941 4205 3036 4257 με,
3065 4187 3286 4256 πικρῶς
3314 4187 3652 4256 κλαύσομαι
3670 4202 3687 4218 ο

2007 4281 2096 4350 μὴ
2132 4282 2541 4350 κατισχύσητε
2586 4275 3074 4347 παρακαλοῦντες
3103 4275 3200 4329 ἐπὶ
3246 4274 3312 4327 τὸ
3353 4274 3690 4349 σύντριμμα

2013 4369 2127 4438 τῆς
2163 4371 2454 4440 θυγατρός
2489 4367 2596 4422 τοῦ
2633 4367 2847 4436 γένους
2895 4382 3037 4434 μου.
3069 4364 3230 4416 Ὥστε
3281 4364 3398 4415 ἐστὶ
3433 4362 3689 4424 πολλάκις

2014 4457 2162 4529 λύπη
2187 4456 2539 4528 παραμυθίαν
2563 4455 2802 4523 φέρουσα
2819 4469 2830 4480 ·
2854 4454 2900 4502 εί
2923 4451 2978 4502 δὲ
3011 4452 3105 4503 ἐπὶ
3123 4449 3216 4504 τοῦ
3239 4449 3445 4520 κόσμου
3467 4448 3624 4502 τοῦτο
3639 4460 3685 4511 ο,

2014 4544 2197 4614 πολλῷ
2237 4542 2434 4614 μᾶλλον
2480 4539 2709 4592 ἐπὶτῶν
2741 4536 3130 4606 πνευματικῶν
3179 4535 3543 4607 πραγμάτων.
3584 4535 3686 4589 Διά

2013 4629 2169 4683 τοῦτό
2209 4645 2402 4699 φησιν·
2447 4628 2510 4683 Ἠ
2541 4625 2609 4679 δὲ
2655 4625 2808 4678 κατὰ
2848 4622 2998 4677 Θεὸν
3028 4622 3195 4690 λύπη
3240 4619 3570 4692 μετάνοιαν
3597 4623 3687 4689 είς

2013 4717 2316 4786 σωτηρίαν
2368 4711 2780 4783 ἀμετάϐλητον
2812 4711 2831 4750 ί
2889 4708 3320 4780 κατεργάζεται.
3371 4709 3483 4764 Καὶ
3539 4709 3687 4763 δοκεῖ

2017 4805 2115 4876 μὲν
2169 4803 2325 4856 τοῦτο
2385 4801 2596 4871 ἀσαφὲς
2652 4797 2828 4854 εἶναι·
2883 4798 3037 4873 [185]
3078 4799 3107 4852 ὃ
3142 4798 3200 4852 δέ
3248 4797 3395 4866 λέγει
3447 4797 3686 4852 τοιοῦτόν

2016 4897 2163 4945 ἐστιν
2183 4909 2195 4922 ⁸
2231 4893 2330 4944 Ἂν
2364 4890 2614 4962 λυπηθῇς
2645 4891 2738 4942 ἐπὶ
2760 4891 3058 4960 χρήμασιν,
3090 4886 3241 4939 οὐδὲν
3273 4886 3560 4958 ὠφέλησας
3580 4902 3592 4914 ·
3619 4885 3687 4939 ἂν

2014 4979 2263 5052 λυπηθῇς
2309 4981 2401 5032 ἐπί
2464 4980 2767 5047 νοσήματι,
2810 4975 2962 5028 οὐδὲν
3027 4973 3364 5044 ἐκέρδανας,
3411 4973 3550 5028 ἀλλά
3591 4977 3687 5028 καὶ

2017 5068 2310 5140 ἐπέτριψας
2339 5065 2531 5119 σαυτὸν
2561 5066 2586 5104 ε
2615 5062 2833 5133 μᾶλλον.

2085 5164 2153 5225 γ’.
2180 5158 2286 5210 Καὶ
2333 5153 2542 5207 πολλῶν
2594 5152 2769 5220 ἔγωγε
2824 5150 3036 5220 ἥκουσα
3090 5147 3228 5220 μετά
3279 5148 3380 5220 τὴν
3429 5148 3684 5221 τοιαύτην

2016 5247 2212 5316 πεῖραν
2253 5239 2592 5311 αἰτιωμένων
2622 5239 2717 5291 καὶ
2749 5237 2886 5308 πρὸς
2919 5238 3144 5299 ἐαυτούς
3181 5234 3446 5303 λεγόντων
3469 5253 3482 5264 ·
3516 5235 3580 5288 Τί
3619 5237 3683 5288 τὸ

2015 5331 2224 5401 ὄφελος,
2256 5330 2337 5382 ὅτι
2384 5328 2635 5399 ἦλγησας
2674 5325 2798 5378 οὐτε
2840 5325 3098 5396 χρήματα
3129 5321 3532 5392 ἀνεκτησάμην,
3585 5324 3682 5376 καὶ

2019 5419 2252 5490 ἐμαυτὸν
2297 5417 2526 5486 ἔϐλαψα.
2562 5417 2660 5469 “Av
2691 5416 2747 5468 δέ
2773 5413 3020 5484 λυπηθῇς
3054 5411 3138 5479 ἐφ’
3167 5411 3432 5481 ἁμαρτίᾳ,
3474 5411 3682 5483 ταύτην

2017 5523 2075 5558 τε
2113 5505 2403 5576 ἐξήλειψας
2441 5504 2533 5557 καὶ
2572 5501 2881 5572 ἐκαρπώσω
2913 5498 3176 5570 μεγίστην
3220 5497 3452 5567 ἡδονήνο
3487 5497 3553 5551 ἂν
3591 5498 3684 5550 λυ-

2021 5593 2199 5663 πηθῇς
2248 5592 2340 5644 ἐπὶ
2390 5592 2501 5652 τοῖς
2546 5588 2795 5657 ἀδελφοῖς
2843 5589 2959 5650 τοῖς
3006 5584 3339 5649 πεπτωκόσι,
3373 5584 3567 5637 σαυτόν
3621 5601 3682 5638 τε

2018 5681 2402 5753 παρεκάλεσας
2455 5679 2548 5732 καὶ
2601 5679 3006 5749 παρεμυθήσω,
3055 5676 3346 5739 κάκείνους
3399 5677 3683 5749 ἀνεκτήσω

2080 5767 2110 5808 δ
2129 5769 2210 5816 Sic
2231 5765 2529 5828 SaVilNulg.
2557 5765 2611 5813 ἐκ
2631 5763 2718 5812 τοῦ
2736 5766 2945 5828 κέρδους.
2961 5765 3098 5814 Εοιτ.

2083 5833 2106 5860 °
2135 5829 2218 5876 Sic
2240 5827 2391 5876 Savll.
2419 5823 2588 5884 elilll,
2614 5831 2766 5874 recte.
2783 5823 2977 5875 Edilum
3013 5833 3121 5876 eral.
3137 5824 3323 5874 τούτου.
3352 5823 3487 5874 Εοιτ.

2090 5887 2110 5929 ἲ
2139 5889 2288 5939 SaVil.
2324 5893 2376 5951 c_l_
2416 5885 2500 5936 alii
2523 5888 2761 5951 σωτηρίαν
2799 5890 3182 5951 ἀμεταμέλητον,
3222 5897 3274 5936 et
3307 5885 3376 5935 sic
3413 5884 3590 5947 legitur
3624 5885 3680 5938 la

2021 5951 2308 6019 qullbgsdam
2319 5948 2670 6019 _Epl§lo|arur_n
2684 5949 2821 6019 [ξιιυιὶ
2839 5948 3226 6019 'fxelhplgrlbqg.

2089 6018 2113 6057 ε
2141 6012 2292 6064 Recte
2317 6011 2468 6062 Savil.
2498 6012 2688 6062 σαυτόν.
2707 6011 2985 6074 Legebalur
3009 6012 3139 6059 αὐτο.
3171 6011 3297 6060 lion.
