4452 6724
851 443 959 502 185

854 565 1036 618 πάλινο
1103 563 1209 618 κᾶν
1246 563 1410 636 μηδὲν
1463 564 1756 638 ὠφελησῃς
1798 567 2019 630 αὐτοὺς,
2065 569 2328 640 μεγίστην
2380 567 2523 639 ἔχεις

852 649 1141 710 ἀντίδοσιν.
1169 653 1280 705 Και
1320 653 1406 706 ἵνα
1453 653 1652 722 μάθῃς,
1696 655 1779 706 ὅτι
1821 653 1981 708 τοῦτο
2021 655 2084 708 τὸ
2115 655 2398 710 λυπεῖσθαι
2433 655 2524 708 ἐπὶ

851 743 966 802 τοῖς
1009 742 1348 804 πεπτωκόσι,
1375 743 1476 794 κᾶν
1519 742 1688 812 μηδὲν
1736 741 2058 813 ὠφελῶμεν,
2095 746 2356 816 μεγίστην
2393 745 2524 814 ἡμῖν

852 828 952 898 τὴν
997 829 1230 899 ἀμοιϐὴν
1281 829 1467 898 φέρει,
1525 829 1758 882 ἄκουσον
1809 829 1905 882 τοῦ
1943 829 2208 904 Ἰεζεκιὴλ
2255 833 2522 901 λέγοντος,

857 913 1060 984 μᾶλλον
1094 915 1148 967 δέ
1184 915 1275 968 τοῦ
1309 915 1443 968 Θεοῦ
1487 915 1555 970 δι’
1587 916 1796 970 ἐκείνου
1844 915 2165 984 λαλοῦντος·
2201 921 2386 992 ἐπειδὴ
2418 921 2526 992 γὰρ

851 1002 1065 1070 ἔπεμψέ
1104 1019 1254 1065 τινας
1302 1004 1653 1072 κατασκάψαι
1692 1003 1788 1074 τὴν
1836 1004 2014 1066 πόλιν,
2048 1008 2142 1059 καὶ
2193 1007 2398 1078 σιδήρῳ
2433 1007 2526 1060 καὶ

853 1091 984 1158 πυρὶ
1013 1089 1322 1160 δαπανῆσαι
1377 1091 1448 1143 τά
1499 1091 1909 1161 οἰκοδομήματα
1966 1092 2184 1146 ἅπαντα
2231 1095 2372 1164 μετά
2418 1095 2526 1147 τῶν

850 1174 1202 1228 ἐνοικούντων
1241 1175 1437 1238 αὐτῶν,
1477 1177 1686 1230 κελεύει
1719 1180 1828 1231 τινὶ
1861 1179 2038 1248 λέγων
2077 1179 2278 1243 οὕτως·
2313 1179 2435 1247 Δὸς.
2457 1181 2522 1234 τὸ

847 1263 1104 1330 σημεῖον
1131 1262 1228 1314 ἐπὶ
1269 1262 1334 1314 τὸ
1366 1262 1692 1330 πρόσωπον
1719 1265 1840 1318 τῶν
1874 1265 2111 1333 ἀνδρῶν
2153 1267 2274 1320 τῶν
2307 1281 2524 1322 στενα-

847 1348 1067 1408 ζόντων
1104 1350 1201 1402 καί
1237 1351 1764 1420 κατοδυνωμένων.
1799 1355 1910 1406 Καὶ
1941 1359 2056 1418 τοῖς
2092 1355 2300 1426 ἑτέροις
2339 1355 2524 1407 κελεύο

848 1451 968 1498 σας,
1015 1437 1112 1489 καὶ
1161 1437 1361 1502 εἰπὼν,
1408 1440 1490 1490 ὅτι
1529 1439 1662 1492 Ἀπὸ
1712 1439 1831 1492 τῶν
1863 1441 2045 1508 ἁγίων
2086 1457 2205 1508 μου
2236 1440 2519 1505 ἅρξασθε,

846 1523 1097 1591 ἐπήγαγε
1149 1523 1348 1592 λέγων,
1385 1526 1510 1576 Ἐπὶ
1553 1525 1620 1577 δὲ
1667 1527 1771 1590 οὓς
1824 1527 1955 1577 ἐστι
2003 1525 2068 1577 τὸ
2119 1526 2390 1593 σημεῖον,
2431 1527 2518 1594 μὴ

845 1608 1087 1676 ἅψησθε
1129 1611 1345 1664 αὐτῶν.
1397 1613 1551 1673 Τίνος
1585 1613 1791 1674 ἕνεκεν,
1837 1613 1959 1664 εἰπέ
1998 1630 2122 1682 μοι;
2173 1615 2297 1666 Ὅτι
2328 1615 2375 1666 εί
2425 1615 2522 1668 καὶ

847 1697 1014 1765 μηδὲν
1052 1697 1370 1764 ὠφελοῦσιν,
1403 1698 1516 1750 ἀλλ’
1545 1701 1695 1769 ὅμως
1729 1701 1977 1753 στένουσι
2019 1701 2090 1754 τά
2122 1703 2383 1772 γινόμενα
2431 1705 2524 1756 καὶ

840 1781 1212 1852 ὀλοφύρονται.
1249 1785 1358 1837 Καὶ
1390 1786 1596 1855 ἑτέροις
1625 1787 1682 1838 δὲ
1707 1787 1968 1855 ἐγκαλεῖο
2017 1789 2194 1856 λέγων
2223 1791 2408 1856 πάλιν,
2441 1793 2522 1844 ὅτι

838 1869 1160 1938 τρυφῶντες
1195 1872 1289 1923 καὶ
1319 1874 1766 1944 γαστριζόμενοι,
1797 1877 1890 1928 καὶ
1927 1875 2127 1945 πολλῆς
2156 1875 2524 1942 ἀπολαύοντες

840 1960 1048 2024 ἀδείας,
1081 1961 1282 2025 ἰδόντες
1309 1965 1434 2025 τοὺς
1474 1965 1760 2028 Ἰουδαίους
1792 1967 1871 2029 είς
1905 1965 2287 2035 αἰχμαλωσίαν
2320 1969 2525 2033 ἀπαγο-

843 2047 1057 2118 μένους,
1100 2050 1199 2102 οὐκ
1231 2050 1497 2118 ἧλγησαν,
1529 2051 1629 2102 οὐκ
1679 2051 2048 2122 ἐκοινώνησαν
2096 2053 2196 2122 τῆς
2246 2053 2518 2124 ἀθυμίας⁸

839 2135 934 2188 καὶ
965 2134 1216 2204 ἐγκαλῶν
1267 2139 1452 2200 αὐτοῖς
1489 2157 1680 2208 φησιν,
1714 2143 1835 2193 Οὐκ
1880 2141 2158 2210 ἔπασχον
2193 2141 2376 2194 οὐδὲν
2421 2143 2520 2196 ἐπὶ

838 2221 913 2290 τῇ
969 2223 1262 2291 συντριϐῇ
1311 2224 1414 2276 τοῦ
1457 2225 1692 2294 Ἰωσὴφ,
1752 2227 1950 2297 Ἰωσὴφ
2002 2228 2094 2279 τὸν
2155 2229 2285 2280 λαὸν
2341 2228 2520 2280 καλῶν

839 2311 1087 2363 ἅπαντα⁸
1125 2312 1221 2363 καὶ
1255 2312 1435 2374 πάλιν,
1475 2316 1596 2365 Οὐκ
1639 2313 1862 2379 ἐξῆλθε
1899 2314 2266 2367 κίιτοικοῦσα
2307 2314 2514 2374 Αίνὰν,

838 2399 1146 2465 κόψασθαι
1179 2395 1347 2450 οἶκον
1377 2399 1669 2466 ἐχόμενον
1721 2398 1932 2464 αὐτῆς.
1975 2400 2094 2451 Κᾶν
2141 2399 2252 2470 γὰρ
2293 2399 2518 2462 δικαίως

837 2483 1193 2550 κολάζωνται,
1235 2484 1483 2554 βούλεται
1513 2485 1800 2552 συναλγεῖν
1827 2487 1996 2556 ἡμᾶς,
2022 2487 2161 2540 ἀλλά
2196 2487 2272 2557 μὴ
2305 2487 2518 2557 χαίρειν

840 2573 974 2643 μηδὲ
1020 2573 1332 2643 ἐφήδεσθαι.
1397 2575 1460 2626 Εἰ
1507 2573 1620 2645 γὰρ
1666 2573 1799 2642 ἐγὼ,
1858 2576 2045 2645 φησὶν,
2096 2578 2124 2628 ὁ
2173 2576 2414 2640 κολάζων
2457 2577 2518 2628 οὐ

839 2659 1046 2732 χαίρων
1064 2661 1230 2712 ’τοῦτο
1259 2660 1398 2713 ποιῶ
1417 2662 1446 2700 b
1463 2704 1474 2722 .
1495 2663 1614 2715 οὐδὲ
1639 2663 1840 2732 ἥδομαι
1870 2663 2051 2714 αὐτῶν
2081 2665 2175 2715 ἐπὶ
2189 2667 2253 2733 τῇ
2281 2664 2522 2735 τιμωρία

837 2737 947 2816 (σὺ
986 2747 1093 2818 γάρ
1133 2748 1380 2814 θελήσει
1435 2749 1588 2820 θέλω
1633 2749 1741 2802 τὸν
1793 2747 2056 2803 θάνατον
2097 2749 2202 2803 τοῦ
2255 2751 2522 2818 ἀμαρτω-

835 2833 996 2902 λοῦ),
1024 2833 1102 2886 δεῖ
1138 2835 1232 2887 καὶ
1265 2835 1324 2886 σὲ
1361 2835 1468 2900 ,τὸν
1497 2836 1775 2905 Δεσπότην
1823 2835 2138 2905 μιμεῖσθαι,
2177 2835 2273 2889 καὶ
2298 2837 2366 2888 δι’
2391 2836 2522 2889 αὐτὸ

839 2921 939 2992 μὲν
976 2916 1069 2974 οῦν
1095 2921 1254 2974 τοῦτο
1301 2921 1508 2990 ἀλγεῖν,
1551 2923 1634 2975 ὅτι
1681 2922 1898 2985 δικαίας
1953 2923 2231 2986 κολάσεως
2263 2924 2520 2976 ὑπόθεσιν

835 3009 1080 3080 παρέσχε
1114 3009 1210 3062 καὶ
1244 3009 1537 3080 πρόφασιν.
1571 3009 1738 3062 ’Ὠστε
1786 3010 1892 3062 κᾶν
1944 3008 2183 3079 λυπῆταί
2240 3026 2323 3072 τις
2378 3011 2520 3064 κατά

834 3099 991 3163 Θεὸν,
1055 3099 1296 3170 μεγάλην
1352 3097 1604 3151 ἐντεῦθεν
1655 3097 1968 3170 καρποῦται
2014 3097 2306 3165 ὠφέλειαν.
2349 3098 2518 3152 Ὀταν

833 3183 930 3240 οῦν
964 3188 1016 3240 οἱ
1051 3186 1440 3257 μαστιζόμενοι
1468 3186 1579 3238 τῶν
1613 3185 1987 3256 μαστιζόντων
2031 3185 2140 3236 εἰσὶ
2173 3185 2520 3256 μακαριώτε-

839 3293 945 3345 ροι,
986 3276 1082 3328 καὶ
1119 3276 1168 3326 οί
1210 3273 1519 3344 θλιϐόμενοι
1559 3275 1690 3345 παρ’
1727 3275 1857 3344 ἡμῖν
1905 3270 2013 3324 τῶν
2046 3273 2104 3325 ἐν
2148 3271 2330 3325 ἀνέσει
2373 3275 2523 3343 παρὰ

793 3366 948 3426 ·τοῖς
995 3360 1219 3428 ἔξωθεν,
1274 3363 1368 3414 καὶ
1421 3363 1470 3413 οἱ
1537 3359 1878 3430 ἀθυμοῦντες
1925 3358 2034 3411 τῶν
2084 3357 2382 3429 ἡδομένων,
2440 3361 2524 3424 τίς

836 3451 990 3504 ἔσται
1024 3450 1208 3502 λοιπὸν
1239 3447 1472 3517 θλίψεως
1516 3449 1646 3518 ἡμῖν
1675 3448 1940 3516 ἀφορμῆς
1989 3446 2089 3498 Διά
2132 3446 2289 3500 τοῦτο
2332 3448 2524 3502 οὐδένα

832 3539 942 3609 χρὴ
991 3537 1339 3608 μακαρίζειν.
1372 3535 1556 3606 ἀλλ’ἢ
1595 3535 1688 3587 τὸν
1736 3535 1879 3587 κατά
1927 3534 2060 3586 Θεὸν
2113 3534 2294 3598 ζῶντα
2339 3535 2519 3604 μόνον.

835 3625 1070 3687 Τούτους
1114 3625 1211 3676 καὶ
1267 3625 1300 3693 ὴ
1343 3621 1536 3693 Γραφὴ
1587 3619 1887 3691 μακαρίζει
1939 3621 2165 3690 μόνους·
2217 3621 2522 3688 Μακάριος

836 3715 966 3784 γάρ,
995 3711 1181 3782 φησὶν,
1199 3710 1376 3776 ἀνὴρ,
1398 3709 1467 3774 ὃς
1491 3710 1603 3762 οὐκ
1629 3708 1920 3775 ἐπορεύθη
1944 3707 2013 3762 ἐν
2026 3706 2233 3776 ,βουλῇ
2252 3706 2514 3761 ἀσεϐῶν·

838 3798 1141 3867 Μακάριος
1163 3797 1238 3852 ὃν
1261 3797 1339 3852 ἂν
1365 3795 1724 3862 παιδεύσῃς.
1753 3795 1948 3863 Κύριε,
1975 3794 2072 3848 καὶ
2095 3795 2163 3849 ἐκ
2190 3795 2297 3849 τοῦ
2329 3795 2518 3864 νόμου

836 3901 955 3940 σου
998 3884 1242 3953 διδάξῃς
1295 3885 1514 3938 αὐτόν’
1545 3881 1834 3950 Μακάριοι
1880 3885 1935 3936 οἱ
1967 3883 2193 3951 ἄμωμοι
2247 3883 2318 3935 ἐν
2363 3883 2513 3949 ὀδῷ·

839 3971 1125 4041 Μακάριοι
1157 3971 1380 4037 πάντες
1411 3971 1466 4024 οί
1491 3971 1843 4034 πεποιθότες
1875 3969 1967 4021 ἐπ’
1997 3969 2187 4034 αὐτῷ·
2219 3971 2518 4038 Μακάριος

841 4064 873 4115 d
895 4061 1068 4127 λαός,
1095 4055 1166 4115 οὗ
1201 4060 1417 4126 Κύριος
1447 4061 1479 4112 ὀ
1516 4057 1660 4123 Θεὸς
1685 4056 1874 4110 αὐτοῦ
1907 4068 1929 4095 ε
1951 4073 1963 4086 ·
1998 4055 2311 4127 Μακάριος,
2348 4055 2419 4114 οὗ
2446 4061 2518 4114 οὐ

840 4149 1106 4219 κατέγνω
1147 4149 1186 4215 ’ἡ
1228 4147 1400 4217 ψυχὴ
1435 4146 1623 4200 αὑτοῦ
1646 4163 1659 4178 ·
1695 4145 1997 4212 Μακάριος
2032 4145 2209 4213 ἀνὴρ,
2238 4149 2270 4200 ὁ
2303 4149 2519 4216 φοϐού-

842 4253 1024 4305 μενος
1049 4235 1157 4289 τὸν
1179 4236 1420 4302 Κύριον.
1450 4233 1562 4287 Καὶ
1585 4235 1613 4285 ὁ
1640 4233 1875 4302 Χριστὸς
1903 4231 2064 4286 πάλιν
2089 4233 2260 4296 οὕτως
2276 4250 2288 4264 ·
2317 4233 2520 4288 Mam-

840 4344 957 4394 ριοι
1001 4329 1056 4380 οὶ
1101 4325 1487 4389 πενθοῦντες,
1527 4321 1804 4392 μακάριοι
1833 4325 1887 4376 οἱ
1916 4322 2204 4385 ταπεινοί,
2241 4322 2520 4392 μακάριοι

841 4418 896 4467 οὶ
923 4411 1150 4482 πραεῖς,
1173 4407 1322 4484 [186]
1345 4409 1619 4480 μακάριοι
1644 4411 1698 4464 οί
1736 4409 2123 4478 εἰρηνοποιοί,
2158 4409 2437 4478 μακάριοι
2467 4412 2518 4463 οι

842 4498 1220 4568 δεδιωγμένοι
1257 4497 1466 4552 ἕνεκεν
1510 4497 1922 4564 δικαιοσύνης.
1963 4496 2126 4568 Ὁρᾷς
2161 4495 2279 4558 πῶς
2319 4513 2521 4549 παντα-

843 4587 940 4658 χοῦ
972 4587 1164 4640 οὐδένα
1204 4585 1311 4639 τῶν
1360 4583 1756 4646 πλουτούντων,
1781 4584 1842 4636 οὐ
1884 4583 1992 4636 τῶν
2031 4585 2090 4636 ἐν
2139 4582 2414 4654 εὐγενείᾳ,
2458 4585 2518 4636 οὐ

842 4673 953 4726 τῶν
992 4673 1152 4743 δόξης
1204 4672 1588 4726 ἀπολαυόντων
1640 4671 2034 4742 μακαρίζουσιν
2068 4671 2118 4724 οί
2163 4669 2296 4723 θεῖοι
2343 4671 2518 4740 νόμοι,

845 4761 984 4816 ἀλλά
1028 4761 1121 4814 τὸν
1164 4760 1368 4832 ἀρετῆς
1422 4757 1858 4828 ἐπειλημμένονς
1903 4759 1975 4811 Τὸ
2010 4758 2119 4830 γάρ
2164 4757 2519 4830 ζητούμενον,

845 4850 1066 4904 πάντων
1099 4842 1174 4902 ὧν
1200 4847 1264 4901 ἂν
1295 4845 1597 4918 ποιῶμενῆ
1631 4845 1950 4916 πάσχωμεν,
1981 4847 2239 4900 ὑπόθεσιν
2267 4843 2405 4900 εἶναι
2432 4847 2522 4900 τὸν

843 4935 936 4991 τοῦ
970 4935 1104 4990 Θεοῦ
1153 4935 1338 5004 φόϐον,
1369 4934 1474 4988 κᾶν
1502 4931 1710 5003 ταύτην
1736 4933 2159 5006 προκαταϐάλῃς
2193 4933 2292 5006 τὴν
2343 4935 2519 5004 ῥίζαν,

845 5028 945 5080 οὐκ
989 5027 1171 5086 ἄνεσις
1213 5023 1392 5094 μόνον,
1438 5023 1559 5076 οὐδὲ
1607 5023 1796 5092 τιμαὶ,
1845 5025 1940 5076 καὶ
1995 5022 2179 5088 δόξαι,
2224 5024 2320 5076 καὶ
2359 5024 2523 5094 θερα-

850 5117 1020 5178 πεῖαι,
1050 5112 1188 5166 ἀλλά
1219 5113 1315 5165 καὶ
1341 5110 1616 5181 ἐπὴρειαι,
1647 5112 1742 5163 καὶ
1771 5111 2148 5180 συκοφαντίαι,
2184 5113 2278 5166 καὶ
2309 5111 2518 5182 ὕϐρεις,

846 5202 944 5255 καὶ
990 5200 1243 5270 ἀτιμίαι,
1287 5199 1388 5253 καὶ
1426 5197 1684 5268 βάσανοι,
1727 5198 1822 5249 καὶ
1859 5197 2037 5252 πάντα
2087 5199 2276 5261 ἁπλῶς
2331 5199 2519 5269 ἡδονῆς

849 5306 932 5342 σοι
969 5289 1258 5359 βλαστήσει
1309 5285 1580 5358 καρπούς.
1612 5284 1722 5338 Καὶ
1752 5285 2006 5355 καθάπερ
2045 5286 2152 5339 τῶν
2191 5286 2433 5358 δένδρων
2465 5287 2521 5336 at

851 5375 998 5442 ῥίζαι
1044 5375 1208 5428 αὐταὶ
1261 5374 1358 5444 μέν
1400 5375 1505 5426 εἱσι
1557 5373 1775 5442 πικραὶ,
1819 5372 2068 5442 ἠδίστους
2113 5371 2170 5424 δὲ
2211 5374 2341 5442 ἡμῖν
2394 5373 2522 5435 τοὺς

849 5462 1097 5532 καρποὺς
1148 5461 1424 5532 φέρουσιν,
1477 5459 1620 5513 οὕτω
1663 5459 1727 5530 δὴ
1778 5459 1873 5515 καὶ
1922 5458 2136 5530 ἠκατά
2187 5459 2319 5511 Θεὸν
2376 5461 2520 5532 λύπη

847 5548 1051 5620 πολλὴν
1087 5551 1220 5619 ἡμῖν
1261 5549 1400 5602 οἴσει
1441 5547 1537 5618 τὴν
1579 5548 1795 5619 ἡδονήν.
1824 5549 2052 5612 Ἴσασιν,
2101 5547 2215 5600 ὅσοι
2263 5547 2521 5612 πολλάκις

851 5636 970 5707 μετ’
995 5635 1186 5708 ὀδύνης
1223 5635 1457 5706 ηὔξαντο
1501 5636 1594 5688 καλ¹
1627 5635 1837 5706 δάκρυα
1871 5635 2115 5706 ἐξέχεαν,
2150 5635 2326 5707 πόσην
2359 5635 2523 5706 ἐκαρ-

906 5760 937 5792 ι
960 5757 1111 5807 SaVIl.
1137 5762 1187 5806 et
1210 5755 1404 5818 quidam
1431 5759 1511 5806 alii
1535 5757 1678 5820 μηδὲν
1699 5759 1927 5819 ὠφέλουν,
1951 5757 2054 5805 ἀλλ’
2077 5757 2206 5818 ὅμως
2235 5757 2422 5807 ἔστενον
2461 5760 2521 5808 τὰ

841 5821 1060 5885 γινόμενα
1081 5821 1162 5866 καὶ
1185 5819 1497 5888 ὠλοφύροντο.
1534 5821 1626 5867 Καὶ
1648 5820 1821 5881 ἑτέροις
1845 5821 1896 5867 δὲ
1917 5820 2142 5867 ἐνεκάλει.

905 5879 930 5918 ιι
959 5882 1050 5930 Alii
1075 5882 1128 5929 οὐ
1152 5881 1304 5943 χαίρω
1325 5896 1467 5927 τουτο
1489 5883 1657 5943 ποιῶν.
1683 5939 1706 5943 __
1797 5942 1806 5943 ί
2135 5941 2142 5943 _

963 5895 1050 5930 MII
1075 5895 1128 5929 ου
1152 5895 1304 5943 χαιρω
1325 5896 1467 5927 τουτο
1489 5897 1657 5943 ποιων.

903 5948 924 5973 ε
957 5939 1188 6003 Ριξξι-ἰηιιὸ
1230 5939 1344 5989 ὴιςε.
1369 5949 1423 5988 ιιι
1443 5941 1650 6003 editum.
1677 5939 1828 5990 Savil.
1855 5946 2018 5989 autem
2047 5946 2094 5989 el
2135 5941 2304 5992 Morel.
2335 5941 2390 5990 οὗ
2419 5945 2514 5992 Κύ-

843 6019 940 6066 ριος
965 6007 986 6052 t’.
1013 6001 1130 6059 Θεὸς
1153 6005 1318 6066 βοηθὸς
1341 6001 1503 6051 αὐτοῦ.

1663 449 1721 504 S.
1762 449 2046 507 JOANNIS
2085 449 2564 506 CHBYSOSTOMI
2605 452 2927 514 ARCHIEP.
2968 449 3523 515 CONSTANTINOP:

4203 453 4318 506 {Si}

2643 569 2895 626 πὼσαντο
2945 576 3043 645 τὴν
3094 577 3454 649 εὐφροσύνην,
3495 573 3613 637 πῶς
3660 573 4001 645 ἐξεκάθηραν
4031 579 4096 631 τὺ
4127 595 4316 632 συνει-

2629 655 2739 719 δὸς.
2789 662 2906 724 πῶς
2941 665 3081 732 μετά
3129 666 3372 736 χρηστῆς
3400 664 3698 733 ἀνέστησαν
3723 660 3954 723 ἐλπίδος.
3985 661 4164 734 Ὅπερ
4196 669 4314 740 γὰρ

2629 743 2716 795 ἀεὶ
2745 746 2913 816 λέγω,
2952 751 3050 820 οὐχ
3079 754 3112 822 ἡ
3145 752 3251 805 τῶν
3284 752 3626 824 πραγμάτων
3659 749 3838 820 φύσις,
3867 747 3984 800 ἀλλ’
4011 749 4045 818 ἡ
4091 751 4310 806 διάνοια

2629 830 2662 898 ἡ
2719 833 2967 905 ἡμετέρα
3023 838 3214 892 λυπεῖν
3259 841 3406 909 ἡμεῖς
3467 839 3625 892 εἴωθε
3681 836 3773 890 καὶ
3831 834 4164 904 εὐφραίνειν.
4207 841 4316 892 ’Ἂν

2628 917 2810 970 τοίνυν
2841 923 3048 994 ταύτην
3087 927 3613 998 κατασκευάσωμεν,
3641 927 3757 980 οἷαν
3789 920 3926 978 εἶναι
3957 923 4088 994 χρὴ,
4121 925 4314 993 πάσης

2629 1003 2897 1076 εὐθυμίας
2919 1007 2946 1045 ἀ
2977 1012 3232 1084 ἐνέχυρον
3261 1013 3456 1084 ἕξομεν
3475 1031 3488 1044 ·
3515 1016 3610 1068 καὶ
3632 1014 3880 1085 καθάπερ
3909 1011 3972 1064 τὸ
4011 1011 4176 1080 σῶμα
4205 1013 4316 1079 οὐχ

2627 1089 2800 1155 οὕτως
2849 1095 2882 1162 ἡ
2927 1095 3037 1148 τῶν
3082 1099 3262 1170 ἀέρων
3294 1101 3456 1170 φύσις
3485 1103 3606 1155 οὐδὲ
3647 1103 3704 1154 al
3735 1101 3928 1166 ἔξωθεν
3971 1096 4312 1169 προσϐολαὶ.

2628 1177 2762 1249 ὼςὴ
2803 1179 2978 1232 οίκεία
3032 1187 3346 1258 κατασκευὴ
3376 1189 3470 1240 καὶ
3511 1189 3736 1258 βλάπτει
3775 1189 3869 1241 καὶ
3907 1186 4134 1256 ὠφελεῖ,
4161 1182 4316 1236 οὕτω

2629 1267 2724 1319 καὶ
2755 1267 2847 1319 ἐπί
2891 1266 2994 1335 τῆς
3031 1267 3243 1340 ψυχῆς·
3295 1275 3391 1326 καὶ
3443 1275 3623 1344 πολλῷ
3675 1276 3855 1328 πλέον.
3890 1271 4160 1326 Ἐνταῦθα
4209 1271 4316 1340 μὲν

2628 1352 2737 1421 γάρ
2781 1353 2994 1422 φύσεώς
3029 1355 3177 1408 ἐστιν
3201 1357 3440 1430 ἀνάγκη,
3485 1364 3604 1414 ἐκεῖ
3635 1361 3690 1413 δὲ
3719 1362 3780 1414 τὸ
3805 1364 3915 1415 πᾶν
3945 1362 4038 1414 ἐπὶ
4065 1363 4134 1429 τῇ
4171 1375 4314 1430 προ-

2628 1439 2842 1510 αιρέσει
2881 1445 3078 1495 κεῖται.
3112 1443 3213 1496 Διά
3243 1444 3405 1498 τοῦτο
3446 1448 3475 1497 ὁ
3525 1448 3738 1511 Παῦλος
3790 1450 3962 1520 μυρία
4001 1447 4316 1518 ὑπομείνας

2623 1525 2794 1590 δεινὰ,
2846 1529 3105 1597 ναυάγια,
3165 1529 3457 1600 πολέμους,
3511 1536 3930 1601 ἐπαναστάσεις,
3985 1533 4314 1596 ἐπιϐουλάς,

2625 1613 2840 1685 λῃστῶν
2878 1617 3124 1686 ἐφόδους,
3155 1619 3250 1671 καλ⁵
3287 1619 3388 1672 ὅσα
3425 1621 3546 1673 οὐδὲ
3585 1623 4079 1692 ἀπαριθμήσασθαι
4123 1623 4206 1674 ἔνι
4235 1620 4318 1689 τῷ

2627 1702 2791 1774 λόγῳ,
2847 1706 2942 1758 καὶ
3001 1706 3406 1777 καθημερινοὺς
3475 1707 3742 1770 θανάτους
3807 1709 4201 1778 ἀτωθνήσκων,
4253 1709 4314 1760 ού

2631 1792 2792 1861 μόνον
2823 1793 2924 1845 οὐκ
2955 1793 3110 1864 ἤλγει
3145 1795 3267 1846 οὐδέ
3312 1793 3706 1863 ἐδυσχέραινεν,
3739 1793 3876 1846 ἀλλὰ
3903 1795 3998 1846 καὶ
4033 1797 4316 1863 ἐκαυχᾶτο

2639 1880 2736 1932 καὶ
2765 1879 2970 1950 ἔχαιρε,
3005 1882 3098 1934 καὶ
3131 1881 3312 1950 λέγει·
3345 1881 3473 1935 Νῦν
3505 1883 3686 1950 χαίρω
3722 1880 3792 1933 ἐν
3826 1881 3950 1944 τοῖς
3985 1881 4318 1948 παθήμασί

2621 1987 2764 2038 μου,
2807 1971 2903 2024 καί
2969 1972 3412 2041 ἀνταναπληρῶ
3457 1976 3528 2027 τὰ
3569 1972 3952 2041 ὑστερήματα
4009 1970 4138 2024 τῶν
4185 1974 4318 2025 θλί-

2627 2061 2794 2124 ψεων
2828 2059 2935 2112 τοῦ
2977 2059 3236 2126 Χριστοῦ
3265 2061 3335 2112 ἐν
3372 2059 3444 2127 τῇ
3474 2061 3653 2127 σαρκί
3685 2075 3834 2128 μου’
3870 2060 3964 2112 καὶ
3995 2059 4198 2112 πάλιν·
4231 2061 4314 2111 Οὐ

2621 2145 2816 2211 μόνον
2845 2145 2932 2208 δὲ,
2968 2145 3130 2197 ἀλλὰ
3177 2145 3276 2198 καί
3314 2144 3670 2212 καυχώμεθα
3700 2146 3771 2198 ἐν
3809 2144 3940 2211 ταῖς
3977 2145 4310 2213 θλίψεσιν·

2623 2231 2654 2297 ἡ
2689 2229 2744 2280 δέ
2775 2230 3044 2300 καύχησις
3075 2229 3270 2299 ἡδονῆς
3302 2232 3449 2282 ἐστιν
3483 2232 3754 2294 ἐπίτασις.

2691 2316 2754 2366 δ’.
2789 2316 2885 2367 Ἂν
2919 2315 3100 2366 τοίνυν
3137 2315 3405 2384 εὐθυμίας
3437 2315 3744 2386 ἐπιθυμῇς,
3785 2317 3859 2386 μὴ
3887 2319 4190 2388 χρήματα,

2623 2399 2877 2469 σώματος
2921 2401 3155 2469 ὑγίειαν,
3197 2401 3270 2472 μὴ
3323 2401 3500 2463 δόξαν,
3550 2401 3625 2472 μὴ
3661 2401 3998 2464 δυναστείαν,
4053 2403 4133 2471 μὴ
4173 2420 4312 2472 τρυ-

2624 2490 2750 2558 φὴν,
2793 2487 2868 2559 μὴ
2914 2489 3195 2558 τραπέζας
3253 2488 3592 2553 πολυτελεῖς,
3635 2488 3709 2560 μὴ
3765 2489 4007 2559 σηρικῶν
4069 2491 4310 2559 ίματίων

2626 2575 2940 2645 περιϐολὰς,
2986 2576 3060 2646 μὴ
3089 2575 3401 2639 πολυτελεῖς
3436 2576 3669 2646 ἀγροὺς,
3715 2574 3790 2646 μὴ
3829 2575 4007 2638 οἰκίας
4039 2575 4310 2648 λαμπράς

2625 2663 2720 2716 καὶ
2773 2667 3124 2734 περιφανεῖς,
3174 2664 3306 2734 μηδὲ
3351 2663 3480 2717 ἄλλο
3533 2681 3588 2716 τι
3639 2663 3746 2715 τῶν
3821 2663 4082 2716 τοιούτων
4139 2663 4308 2716 δίωκε

2631 2749 2798 2820 μηδέν
2821 2767 2836 2780 ·
2880 2749 3020 2803 ἀλλά
3065 2749 3386 2818 φιλοσοφίαν
3429 2749 3652 2819 μέτελθε
3687 2749 3786 2821 τὴν
3833 2751 3974 2802 κατά
4011 2749 4174 2813 Θεδν,
4213 2751 4310 2802 καὶ

2625 2838 2829 2907 ἀρετῆς
2869 2836 3132 2890 ἐπιλαϐοῦ
3153 2854 3165 2866 ·
3205 2838 3300 2890 καὶ
3338 2836 3490 2890 οὐδέν
3535 2853 3596 2889 σε
3637 2837 3697 2889 οὐ
3731 2836 3845 2889 τῶν
3877 2835 4066 2898 όντων,
4099 2837 4166 2889 οὐ
4201 2837 4308 2889 τῶν

2623 2924 2998 2994 ἐλπιζομένων
3049 2923 3290 2993 λυπῆσαι
3357 2923 3682 2993 δυνήσεται·
3719 2923 3772 2976 τί
3821 2923 3962 2992 λέγω
4013 2923 4308 2992 λυπῆσαις

2625 3011 2914 3082 προσθήκη
2966 3012 3066 3081 μὲν
3103 3007 3198 3065 οὖν
3242 3012 3436 3082 ἡδονῆς
3473 3029 3555 3064 σοι
3601 3013 3892 3080 γενήσεται
3931 3009 4000 3064 τά
4047 3011 4184 3074 τοὺς
4219 3011 4310 3064 άλ-

2621 3099 2744 3162 λους
2790 3098 3100 3151 λυποῦντα⁹
3137 3098 3230 3150 καὶ
3284 3097 3392 3170 γάρ
3436 3099 3736 3168 μάστιγες,
3771 3098 3866 3150 καὶ
3911 3097 4179 3162 θάνατος,
4215 3100 4308 3151 καὶ

2623 3183 2854 3254 ζημίαι,
2887 3186 2982 3236 καὶ
3032 3185 3402 3255 κακηγορίαι,
3449 3185 3544 3238 καὶ
3574 3185 3635 3238 τὸ
3668 3185 3856 3247 κακῶς
3917 3186 4174 3255 πάσχειν,
4213 3186 4308 3236 καὶ

2625 3274 2804 3325 πάντα
2846 3273 2914 3324 τά
2953 3271 3201 3338 τοιαῦτα,
3239 3272 3368 3324 ὅταν
3400 3271 3488 3324 διά
3516 3271 3608 3325 τὸν
3637 3272 3769 3325 Θεδν
3815 3273 3946 3342 ἡμῖν
3983 3272 4302 3342 ἐπάγηται,

2625 3362 2716 3414 καὶ
2743 3360 2948 3431 ταύτην
2979 3359 3076 3430 ἔχῃ
3104 3359 3202 3430 τὴν
3247 3359 3424 3430 ῥίζαν,
3455 3358 3656 3428 πολλὴν
3694 3361 3824 3430 ἡμῖν
3863 3361 3940 3421 είς
3976 3357 4078 3429 τὴν
4123 3359 4306 3430 ψυχὴν

2625 3449 2834 3514 είσάγει
2862 3447 2961 3516 τὴν
2987 3447 3198 3516 ἡδονήν.

2695 3535 2884 3598 Οὐδεὶς
2939 3535 3048 3604 γὰρ
3101 3534 3248 3603 ἡμᾶς
3281 3531 3501 3596 ἀθλίους
3555 3533 3782 3602 ποιῆσαι
3832 3533 4166 3604 δυνήσεται,
4213 3535 4304 3587 ἐὰν

2627 3624 2700 3695 μὴ
2745 3624 2972 3683 ἑαυτοὺς
3017 3623 3366 3692 ποιήσωμενο
3403 3619 3594 3690 ῶσπερ
3643 3617 3734 3673 οὖν
3785 3621 3909 3673 οὐδὲ
3959 3623 4300 3691 μακαρίους.

2623 3711 2716 3764 ἐὰν
2767 3709 2841 3781 μὴ
2894 3709 3118 3771 ἑαυτοὺς
3182 3707 3586 3778 ἐργασώμεθά,
3648 3707 3786 3778 μετά
3841 3708 3943 3780 τὴν
4015 3707 4110 3760 τοῦ
4167 3708 4302 3760 Θεοῦ

2622 3798 2799 3867 χάριν.
2852 3795 2962 3850 Καὶ
3009 3795 3096 3846 ἶνα
3138 3793 3365 3864 μάθητε,
3417 3793 3498 3846 ὅτι
3537 3789 3692 3858 οὗτος
3731 3794 3893 3865 μόνος
3943 3795 4064 3846 ἐστὶ
4117 3795 4302 3864 μακά-

2626 3903 2758 3956 ριος,
2795 3886 2824 3937 ό
2869 3881 3206 3951 φοϐούμενος
3253 3881 3346 3933 τὸν
3381 3881 3607 3952 Κύριον,
3651 3881 3752 3934 οὐκ
3800 3881 3909 3937 ἀπὺ
3949 3881 4061 3933 τῶν
4097 3882 4302 3952 παρελ-

2622 3973 2845 4036 θόντων,
2876 3969 2990 4022 ἀλλ’
3015 3969 3124 4022 ἀπὸ
3154 3968 3261 4022 τῶν
3290 3969 3421 4039 ἡμῖν
3451 3969 3776 4040 συμϐάντων
3803 3966 3956 4040 [187]
3983 3967 4150 4020 τοῦτο
4173 3969 4304 4038 ὑμῖν

2621 4059 2891 4126 ἀποδείξω
2920 4057 3034 4111 νῦν.
3094 4051 3494 4111 Ἐκινδύνευσεν
3521 4058 3652 4126 ἡμῖν
3687 4058 3720 4125 ὴ
3746 4056 3901 4117 πόλις
3929 4055 4304 4126 ἀφανισθῆναι

2623 4149 2810 4211 πᾶσα,
2857 4145 2954 4199 καὶ
2993 4144 3101 4197 τῶν
3137 4144 3234 4215 μὲν
3279 4142 3657 4197 πλουτούντων
3702 4142 3794 4195 καὶ
3846 4141 4168 4212 περιφανῶν
4209 4147 4298 4196 καὶ

2622 4235 2912 4304 ἐπισήμων
2952 4231 3156 4302 ἀνδρῶν
3187 4231 3360 4294 οὐδεὶς
3397 4229 3702 4300 ἐτόλμησεν
3733 4231 3789 4280 ἐν
3821 4227 3899 4300 τῷ
3940 4227 4094 4298 μέσῳ
4127 4231 4300 4298 φανῆ-

2623 4340 2731 4388 ναι,
2756 4319 2894 4373 ἀλλὰ
2927 4321 3127 4381 πάντες
3156 4317 3356 4386 ἔφυγον
3387 4318 3482 4371 καὶ
3514 4317 3807 4388 ἀπεπήδων
3827 4333 3840 4346 ·
3875 4317 3924 4368 οί
3953 4316 4009 4368 δέ
4036 4315 4130 4367 τὸν
4167 4318 4302 4368 θεὸν

2623 4409 2986 4480 φοϐούμενοι,
3045 4406 3092 4457 οί
3145 4406 3201 4456 ὲν
3266 4405 3649 4475 μοναστηρίοις
3705 4400 4112 4472 διατρίϐοντες,
4153 4398 4300 4454 οῦτοι

2627 4497 2767 4568 μετά
2822 4494 3026 4564 πολλῆς
3081 4493 3180 4562 τῆς
3235 4493 3546 4564 παρρησίας
3615 4489 4060 4561 καταδραμόντες
4114 4491 4300 4544 πάντα

2623 4587 2839 4650 ἔλυσαν,
2872 4583 2966 4636 καὶ
2991 4579 3244 4633 τοσοῦτον
3274 4581 3508 4651 ἀπέσχον
3539 4581 3740 4642 αὐτοὺς
3777 4579 4010 4648 φοϐῆσαι
4070 4579 4170 4630 καὶ
4221 4580 4298 4640 εἰς

2623 4675 2864 4741 ἀγωνίαν
2911 4669 3168 4742 ἐμϐαλεῖν
3205 4667 3273 4721 τὰ
3321 4670 3601 4740 συμϐάντα
3638 4666 3784 4719 δεινά
3829 4666 3921 4718 καὶ
3958 4665 4016 4717 αί
4067 4663 4300 4734 προσδοο

2625 4760 2866 4831 κώμεναι
2899 4757 3155 4821 ἀπειλαὶ,
3185 4755 3268 4808 δτι
3311 4757 3495 4827 πόρρω
3535 4753 3832 4825 καθήμενοι
3864 4751 3962 4822 τῆς
4005 4753 4298 4822 συμφορᾶς

2627 4849 2719 4900 καὶ
2758 4848 2910 4900 οὐδὲν
2951 4845 3130 4898 κοινὸν
3159 4843 3393 4914 ἔχοντες,
3426 4843 3643 4905 ἑκόντες
3683 4841 3913 4902 ἑαυτοὺς
3942 4837 4180 4908 ἔρριψαν
4219 4837 4296 4898 είς

2631 4937 2804 5008 μέσην
2848 4936 2948 5006 τὴν
2997 4931 3200 5003 πυράν,
3243 4931 3336 4983 καί¹
3384 4930 3585 4993 πάντας
3649 4929 3931 4996 ἐξείλοντο,
3959 4926 4056 4979 καὶ
4089 4925 4118 4977 ὃ
4165 4927 4296 4977 πᾶσι

2627 5025 2775 5078 δοκεῖ
2809 5021 3038 5092 φοϐερὸν
3075 5015 3217 5072 εἶναι
3255 5018 3346 5069 καὶ
3397 5018 3661 5087 φρικῶδες
3687 5057 3700 5080 ,
3747 5017 3772 5067 ὁ
3824 5017 4050 5078 θάνατος
4073 5056 4086 5076 ,
4135 5013 4298 5066 τοῦτο

2628 5107 2772 5166 οὗτοι
2804 5110 2941 5182 μετά
2970 5110 3152 5178 πάσης
3181 5105 3492 5168 ἀνεδέξαντο
3523 5107 3622 5174 τῆς
3660 5103 3967 5174 προθυμίας
3990 5121 4004 5132 ’
4036 5101 4132 5154 καὶ
4157 5101 4295 5169 μετά

2630 5200 2876 5262 πλείονος
2941 5199 3163 5268 ἔτρεχον
3204 5194 3297 5244 ἐπὶ
3323 5192 3384 5244 τὸ
3420 5194 3651 5262 πρᾶγμα
3693 5191 3908 5261 ἡδονῆς,
3938 5189 3970 5260 ἢ
4001 5187 4088 5240 ἐπ’
4119 5185 4294 5255 ἀρχάς

2628 5289 2804 5358 ἕτεροι
2837 5285 3150 5355 καὶτιμὰς·
3207 5280 3402 5352 ᾔδεσαν
3441 5278 3548 5346 γάρ
3579 5280 3659 5330 ὅτι
3695 5279 3926 5348 μεγίστη
3956 5273 4116 5328 τοῦτο
4151 5273 4292 5358 ἀρχὴ

2629 5355 2904 5446 καῖ-ιιμὴ,
2933 5375 3026 5428 καὶ
3059 5373 3126 5425 δι’
3168 5367 3348 5422 αὐτῶν
3388 5365 3496 5417 τῶν
3537 5365 3712 5437 ἔργων
3751 5366 3981 5430 ἔδειξαν,
4019 5363 4100 5414 δτι
4143 5355 4294 5422 οὗτος

2631 5466 2790 5534 μόνος
2829 5461 3099 5535 μακάριός
3132 5462 3281 5512 ἐστιν
3308 5459 3336 5510 ό
3381 5455 3698 5526 φιλοσοφίας
3745 5449 4152 5522 ἐπειλημμένος
4197 5447 4292 5516 τῆς

2627 5556 2760 5618 ἀνω,
2797 5555 2892 5607 καὶ
2944 5549 3249 5624 μεταϐολὴν
3295 5546 3548 5616 οὐδεμίαν
3593 5547 3831 5616 δέχεται,
3881 5540 4002 5594 οὐδὲ
4043 5538 4284 5607 δυσημε-

2629 5643 2750 5716 ρίαν
2785 5641 3042 5714 ὐπομένει
3091 5637 3248 5699 τινά,
3295 5634 3431 5688 ἀλλά
3481 5635 3759 5706 διηνεκοῦς
3809 5626 4104 5716 εὐημερίας
4159 5627 4291 5679 ἀπο-

2627 5709 2802 5792 λαύει.
2841 5709 2936 5782 καὶ
2969 5727 3189 5780 πάντων
3229 5721 3500 5794 καταγελᾷ
3534 5723 3639 5776 τῶν
3684 5717 3986 5774 δοκούντων
4017 5709 4156 5766 εἶναι
4199 5713 4288 5765 λυ-

2630 5815 2841 5889 πηρῶν.
2882 5813 2998 5868 Νῦν
3031 5809 3162 5882 γοῦν
3191 5811 3240 5865 οί
3287 5811 3382 5882 μὲν
3417 5813 3472 5868 ἐν
3511 5807 3848 5870 δυναστείαις
3884 5801 4092 5872 ἀθυμίᾳ
4125 5801 4288 5874 πολλῇ

2687 6001 2712 6040 δ
2729 6001 2826 6053 Alii
2847 5999 3002 6056 πάσης
3027 5997 3207 6054 εὐνοίας
