4452 6672
409 478 511 531 165

408 592 670 661 profueris
690 635 704 659 ,
744 595 1026 649 maximam
1049 591 1214 647 habes
1241 585 1561 640 mercedem.
1600 584 1664 638 Et
1694 594 1748 638 nt
1773 585 1943 640 discas
1966 626 1981 653 ,

404 685 548 754 quod
578 686 644 742 de
689 688 849 756 lapsis
885 683 1116 744 tristari,
1145 679 1244 733 etsi
1277 677 1406 730 nihil
1457 691 1769 745 prosnmns,
1813 679 1982 733 maxi-

406 791 549 831 mam
605 778 758 831 nobis
809 772 1209 830 retributionem
1255 766 1439 829 affert,
1473 766 1594 819 audi
1651 768 1981 823 Ezechielem

404 865 700 930 dicentem,
746 869 854 918 imo
907 873 1030 913 vere
1078 857 1245 909 Deum
1303 871 1397 923 per
1435 856 1604 924 ipsum
1656 858 1979 927 loquentem.

408 956 689 1025 Postquam
742 954 883 1008 enim
935 947 1079 1001 misit
1119 946 1374 1015 quosdam
1438 947 1505 1001 ad
1569 949 1978 1004 subvertendum

405 1049 589 1101 urbem
608 1089 621 1108 .
650 1054 703 1100 et
730 1044 870 1097 ferro
899 1048 951 1093 et
977 1038 1080 1105 igni
1111 1037 1528 1091 consumendum
1559 1040 1775 1095 aedilicia
1803 1040 1980 1093 omnia

403 1154 524 1191 cum
555 1130 934 1189 habitatoribus
963 1128 1089 1196 ipsis
1114 1169 1126 1189 ,
1152 1130 1376 1196 imperat
1407 1129 1613 1183 cuidam
1640 1131 1717 1184 sic
1754 1130 1937 1184 dicens
1964 1145 1976 1180 :

407 1229 485 1280 Ita
523 1229 718 1295 signant
761 1220 813 1271 in
854 1219 984 1287 [acie
1020 1220 1241 1271 virorum
1284 1222 1581 1288 gementium
1618 1230 1663 1275 et
1707 1221 1981 1274 dolentium

408 1317 613 1387 (Ezech.
648 1312 699 1365 9.
731 1309 808 1378 4).
844 1311 1050 1362 Etcum
1092 1308 1210 1361 aliis
1248 1310 1587 1378 imperasset,
1617 1320 1671 1366 et
1712 1312 1934 1365 dixisset
1963 1328 1977 1364 :

401 1408 445 1458 A
486 1403 669 1457 sanctis
710 1401 833 1452 meis
880 1400 1086 1467 incipite
1112 1415 1131 1452 :
1159 1400 1331 1454 intulit
1373 1402 1595 1457 dicens:
1635 1402 1808 1470 Supra
1856 1417 1981 1469 quos

401 1504 564 1546 autem
589 1500 659 1543 est
684 1491 903 1558 signum,
937 1507 998 1542 ne
1035 1492 1170 1559 ipsos
1198 1494 1384 1561 tangite
1415 1494 1518 1562 (Ib.
1552 1511 1597 1545 υ.
1622 1494 1699 1562 6).
1731 1493 1863 1560 Qua,
1892 1493 1979 1546 dic

400 1583 528 1636 mihi
558 1622 572 1643 ,
597 1580 793 1634 causa?
817 1579 1075 1646 Quoniam
1106 1583 1203 1635 etsi
1237 1582 1360 1636 nihil
1396 1594 1650 1652 prosunt,
1683 1593 1857 1636 tamen
1888 1598 1979 1650 ge-

402 1681 552 1726 munt
580 1687 696 1739 quae
722 1680 979 1741 geruntur
1006 1680 1059 1725 et
1083 1672 1376 1741 deplorant.
1412 1675 1478 1727 Et
1507 1673 1638 1726 alios
1671 1685 1855 1725 rursus
1884 1687 1976 1724 ac-

398 1770 546 1815 cusat
574 1802 587 1822 ,
617 1762 837 1817 dicens:
872 1762 1052 1816 Ventri
1096 1772 1150 1817 et
1194 1763 1399 1818 deliciis
1438 1771 1707 1827 vacantes,
1739 1770 1792 1813 et
1817 1763 1977 1814 multa

402 1855 662 1921 potientes
703 1854 944 1907 libertate
963 1894 978 1918 ,
1004 1855 1243 1909 videntes
1270 1856 1482 1909 Judmos
1534 1855 1582 1906 in
1616 1852 1976 1920 captivitatem

398 1945 609 2005 deduci,
641 1958 743 1996 non
776 1944 1073 2006 doluerunt,
1099 1961 1201 1998 non
1232 1946 1515 2013 participes
1544 1944 1689 1997 fuere
1713 1942 1936 1995 tristitia:
1965 1961 1977 1996 :

397 2048 452 2090 (ιι
478 2037 618 2103 ipsos
647 2051 902 2089 accusans
947 2038 1056 2090 ait:
1092 2037 1239 2091 Nihil
1264 2039 1401 2108 passi
1429 2046 1545 2089 sunt
1588 2036 1639 2087 in
1681 2036 1976 2087 contritione

397 2126 590 2193 Joseph
637 2126 855 2192 (Amos.
889 2125 941 2180 6.
986 2128 1088 2195 6),
1149 2128 1345 2195 Joseph
1394 2124 1671 2193 appellans
1726 2125 1978 2191 populum

398 2230 631 2267 omnem.
661 2214 727 2267 Et
768 2232 974 2269 rursum
1008 2234 1021 2269 :
1064 2217 1183 2270 Non
1217 2218 1337 2269 exiit
1384 2230 1496 2280 quin
1537 2214 1726 2266 habitat
1758 2212 1937 2267 zEnan
1962 2255 1976 2279 ,

401 2308 638 2375 plangere
665 2306 865 2358 domum
892 2322 997 2359 sua:
1016 2308 1335 2375 conjunctam
1363 2304 1545 2375 (illic/1.
1574 2305 1622 2357 l.
1642 2301 1750 2374 11).
1779 2303 1977 2371 Quam-

398 2396 477 2446 vis
519 2394 659 2448 enim
705 2396 844 2463 juste
874 2396 1154 2462 puniantur
1178 2436 1192 2458 ,
1224 2395 1336 2447 vult
1361 2394 1500 2447 Deus
1530 2407 1626 2446 nos
1654 2393 1939 2447 condolere
1959 2434 1975 2459 ,

400 2500 506 2537 non
556 2493 729 2537 autem
759 2485 987 2553 gaudere
1035 2493 1087 2537 et
1131 2484 1407 2538 insultare.
1437 2483 1490 2536 Si
1535 2484 1709 2545 enim,
1743 2484 1845 2545 ait,
1879 2498 1978 2551 ego

400 2577 624 2645 puniens
653 2591 754 2628 n0n
789 2577 938 2629 laetus
968 2575 1067 2629 hoc
1097 2574 1256 2639 facio,
1288 2591 1382 2629 nec
1415 2578 1464 2627 in
1497 2575 1731 2643 ipsorum
1774 2575 1974 2626 ultione

397 2668 637 2721 ιῖι-Ιιιοῑοι·
680 2666 823 2735 (Non
867 2668 1007 2722 enim
1034 2670 1286 2721 voluntate
1317 2669 1425 2720 volo
1453 2677 1660 2719 mortem
1708 2666 1980 2734 peccatoris

399 2757 608 2826 (Bacch.
632 2760 713 2812 18.
743 2759 901 2830 23]);
933 2767 1141 2826 oportet
1170 2769 1223 2812 et
1254 2769 1305 2812 te
1346 2759 1625 2811 Dominum
1669 2758 1899 2820 imitari,
1929 2766 1981 2810 et

400 2861 679 2917 propterea
726 2851 947 2919 lugere,
977 2851 1224 2918 quoniam
1282 2858 1527 2918 peccator
1567 2849 1723 2917 justo
1767 2849 1981 2903 ultionis

400 2942 671 2993 materiam
698 2943 921 3009 pr.cbuit
945 2950 998 2994 et
1020 2941 1373 2994 occasionem.
1403 2939 1580 3006 Itaque
1606 2939 1649 2993 si
1673 2939 1790 3007 quis
1818 2940 1976 2992 etiam

398 3034 686 3085 secundum
735 3035 897 3086 Deum
928 3034 1165 3085 tristetur
1190 3072 1203 3095 ,
1234 3047 1475 3101 magnam
1504 3032 1624 3085 inde
1655 3032 1815 3085 sumit
1842 3031 1979 3085 utili-

401 3134 585 3177 tatem.
608 3124 738 3176 Cum
777 3124 935 3191 igitur
960 3123 1223 3176 beatiores
1258 3124 1363 3176 sint
1392 3122 1637 3190 ﬂagellati
1663 3122 1977 3191 ﬂagellanti-

408 3215 541 3278 bus,
568 3224 619 3267 ct
645 3215 734 3282 qui
776 3214 913 3281 apud
959 3229 1053 3267 nos
1095 3213 1419 3283 afliignntur,
1453 3214 1649 3267 exteris
1704 3211 1889 3281 positis
1924 3212 1974 3264 in

402 3306 746 3369 remiSsione,
772 3316 825 3359 et
850 3306 1089 3359 dolentes
1112 3306 1462 3374 gaudentibus
1494 3323 1505 3357 :
1536 3320 1653 3372 qua}
1686 3304 1841 3357 nobis
1865 3318 1976 3356 amo

403 3396 540 3461 plins
582 3395 685 3449 erit
745 3396 1094 3449 tribulationis
1138 3396 1390 3448 occasio?
1434 3394 1717 3461 Propterea
1765 3394 1975 3447 beatum

404 3485 583 3537 haberi
623 3485 872 3538 convenit
910 3486 1210 3549 neminem,
1238 3485 1339 3537 nisi
1376 3484 1666 3536 secundum
1697 3484 1860 3538 Deum
1898 3486 1974 3537 vi-

402 3586 612 3625 ventem
645 3575 836 3627 solum.
864 3575 971 3627 Hos
987 3590 1197 3643 quoque
1224 3575 1368 3629 solos
1398 3574 1666 3642 Scriptura
1688 3575 1867 3627 beatos
1888 3592 1977 3625 vo-

404 3676 489 3714 t'nt
512 3684 522 3712 ε
550 3664 714 3730 inquit
750 3665 889 3716 cnim
915 3681 928 3715 :
955 3663 1141 3717 Beatus
1170 3666 1262 3728 vir,
1294 3666 1379 3732 qui
1404 3680 1503 3716 non
1532 3664 1648 3715 abiit
1693 3665 1744 3716 in
1772 3664 1979 3717 consilio

404 3755 671 3820 impiorum
701 3754 869 3825 (Psal.
898 3755 947 3807 1.
984 3756 1034 3822 1)
1065 3774 1076 3807 :
1108 3754 1292 3808 Beatus
1314 3772 1461 3825 quem
1488 3765 1541 3807 tu
1573 3757 1833 3819 erutlicris,
1873 3756 1975 3808 lto.

404 3846 556 3903 mine,
587 3854 631 3895 et
658 3846 719 3896 de
742 3846 849 3910 lege
875 3854 961 3896 tua
983 3846 1213 3897 docueris
1242 3862 1350 3897 cum
1372 3861 1388 3897 :
1410 3844 1549 3897 Beati
1590 3847 1902 3899 immaculuti
1928 3847 1982 3899 in

403 3936 520 3985 cia:
551 3933 693 3985 Beati
722 3951 892 3986 omnes
922 3936 1005 4003 qui
1039 3936 1299 4002 conﬁdunt
1332 3938 1383 3987 in
1424 3953 1480 3986 eo
1504 3951 1522 3988 :
1554 3935 1736 3987 Beatus
1768 3939 1982 4005 populus

405 4027 550 4094 cujus
580 4024 823 4078 Dominus
851 4024 987 4078 Deus
1016 4029 1125 4093 ejus
1154 4028 1171 4057 ¹
1197 4026 1362 4097 (Psal.
1396 4030 1483 4081 95.
1512 4028 1591 4081 Η..
1627 4039 1671 4081 et
1708 4031 1828 4082 118.
1858 4030 1907 4082 1.
1936 4039 1984 4082 et

404 4116 457 4167 9..
515 4117 596 4168 15.
639 4126 685 4168 et
726 4116 812 4169 52.
865 4117 971 4184 12)
1003 4135 1016 4170 :
1050 4116 1233 4170 Beatus
1284 4134 1428 4180 quem
1485 4134 1583 4170 non
1636 4119 1982 4170 condemnavit

404 4206 575 4257 anima
603 4207 709 4274 ejus
741 4205 924 4275 (Eccli.
958 4207 1116 4277 14.2)
1150 4207 1371 4261 :Beatus
1400 4210 1493 4271 vir,
1522 4209 1608 4274 qui
1644 4210 1779 4260 timet
1804 4209 1981 4260 Domi-

405 4312 525 4347 nnm
557 4295 722 4361 (Paul.
744 4298 864 4350 111.
892 4298 958 4365 1).
992 4298 1056 4350 Et
1084 4312 1291 4349 rursum
1314 4298 1391 4351 sic
1412 4298 1654 4349 Christus
1678 4315 1691 4348 :
1727 4296 1867 4350 Beati
1896 4298 1982 4363 qui

405 4388 575 4453 lugent
596 4429 611 4451 ,
640 4388 769 4439 beati
802 4388 1011 4439 humiles
1030 4428 1043 4449 ,
1075 4388 1202 4439 beati
1223 4389 1365 4439 mites
1384 4426 1398 4451 ,
1433 4388 1561 4439 beati
1589 4388 1788 4455 paciﬁci
1807 4428 1819 4445 ,
1853 4385 1980 4439 beati

405 4477 491 4543 qui
518 4477 943 4542 persequutiouem
975 4478 1233 4543 patiuntur
1258 4489 1461 4545 prapter
1475 4478 1729 4546 justitiam
1758 4477 1977 4545 (Matth.

407 4566 459 4617 5.
486 4566 659 4633 5-10).
698 4565 857 4620 Vides
882 4566 1145 4634 quomodo
1174 4566 1357 4620 nullibi
1384 4566 1602 4619 divitum
1632 4583 1979 4636 quemquam,

409 4670 513 4709 non
536 4671 875 4725 generosum,
898 4674 1001 4710 non
1025 4658 1189 4726 gloria
1222 4658 1441 4725 potitum
1467 4658 1765 4711 hcatilicant
1790 4658 1981 4714 divina:

410 4747 552 4814 leges
573 4786 587 4806 ,
613 4744 706 4798 sed
738 4746 984 4799 virtutem
1016 4755 1217 4799 tantum
1260 4760 1601 4815 assequutnm
1628 4748 1649 4799 ?
1676 4746 1824 4811 Quod
1848 4764 1984 4815 qna:-

408 4838 540 4888 ritur
581 4836 721 4889 enim
746 4876 761 4899 ,
806 4837 856 4889 in
883 4836 1127 4890 omnibus
1151 4876 1166 4901 ,
1200 4852 1318 4907 qua:
1359 4837 1577 4891 facimus
1609 4837 1689 4891 vel
1720 4838 1978 4904 patimur,

410 4926 503 4977 Dei
531 4926 772 4978 timorem
799 4940 919 4979 esse
941 4928 1190 4980 convenit
1213 4967 1228 4990 ,
1253 4938 1306 4982 et
1334 4929 1378 4982 si
1421 4929 1557 4981 hanc
1584 4930 1879 4997 praemittas
1908 4944 1985 4981 ra-

409 5017 580 5070 dicem
610 5056 625 5081 ,
656 5032 758 5070 non
806 5018 1049 5071 remissio
1102 5030 1302 5073 tantum
1329 5062 1342 5083 ,
1376 5038 1473 5076 nec
1521 5022 1749 5074 honores
1772 5060 1785 5083 ,
1814 5036 1985 5089 neque

408 5113 575 5181 gloria
624 5123 782 5181 atque
834 5113 1164 5177 ministeria,
1207 5131 1391 5169 verum
1438 5126 1493 5169 et
1534 5113 1893 5168 infestatioiies
1931 5124 1986 5169 et

408 5204 708 5268 calumnia,
729 5212 785 5259 et
807 5204 1163 5269 contumelizn,
1188 5214 1242 5259 et
1262 5206 1583 5273 ignominiae,
1612 5212 1665 5259 et
1697 5214 1983 5271 tormenta,

408 5304 463 5348 ct
488 5296 664 5347 omnia
695 5296 1012 5365 generaliter
1038 5298 1320 5366 voluptatis
1348 5298 1549 5353 fructus
1588 5298 1678 5350 tibi
1722 5299 1987 5365 germina-

412 5386 560 5439 bunt.
597 5387 660 5440 Et
704 5390 840 5441 sicut
879 5390 1127 5443 arborum
1178 5391 1415 5456 radices,
1448 5392 1574 5461 ipsa;
1624 5389 1836 5459 quidem
1867 5401 1989 5446 sunt

411 5494 636 5539 amarat,
664 5480 1076 5546 iucundissimos
1118 5494 1295 5537 autem
1330 5485 1483 5538 nobis
1521 5484 1719 5537 fructus
1766 5482 1942 5538 ferunt
1972 5503 1985 5538 :

410 5570 488 5625 sic
512 5567 744 5638 profecto
770 5579 824 5623 et
840 5573 1129 5627 secundum
1161 5575 1325 5629 Deum
1355 5575 1563 5630 tristitia
1594 5574 1811 5627 multam
1838 5578 1988 5633 nobis

413 5660 602 5715 afferet
628 5660 969 5727 voluptatem.
992 5663 1195 5718 Norunt
1232 5667 1548 5735 quicumque
1577 5679 1717 5734 saepe
1744 5680 1862 5720 cum
1892 5667 1989 5721 do-

480 5798 495 5861 l
533 5795 604 5842 sic
627 5803 961 5861 maximapars
983 5800 1087 5843 Mss.
1114 5798 1236 5846 Savil
1278 5806 1443 5849 autem
1462 5808 1512 5849 et
1536 5796 1715 5857 Morel,
1736 5798 1876 5860 cujus
1903 5808 1987 5850 Do-

418 5858 572 5905 minus
594 5856 786 5916 adjutor
808 5856 927 5909 eius.

751 5940 1012 5998 l‘A'rnoL
1063 5941 1177 5996 (in.
1231 5940 1452 6001 XLIV.

1328 474 1415 528 AD
1456 470 1775 527 POPUMJM
1815 469 2304 531 ANTIOCHENUM
2366 474 2594 528 HOMIL.
2638 474 2819 530 XVIII.

3567 484 3668 539 188

2100 587 2214 640 lore
2239 595 2525 639 oraverunt
2549 595 2602 640 et
2621 587 2878 658 lacrymas
2911 588 3247 655 effuderunt,
3273 600 3520 659 quantam
3561 596 3669 649 sint

2092 676 2278 729 lucrati
2312 674 2564 739 laetitiam,
2590 676 2856 742 quomodo
2888 679 3272 733 conscientiam
3303 683 3665 750 expurgarint,

2087 764 2357 833 quomodo
2402 765 2801 819 exsurrexerint
2848 781 2967 821 cum
2998 768 3133 822 bona
3164 783 3259 839 spe
3291 785 3305 822 :
3337 770 3478 838 quod
3522 772 3665 825 enim

2086 868 2299 923 semper
2323 854 2462 920 dico,
2491 870 2596 908 non
2627 870 2803 910 rerum
2829 866 3036 924 natura,
3064 860 3156 913 sed
3182 876 3333 914 mens
3361 870 3539 916 nostra
3570 877 3669 917 non

2085 947 2405 1001 contristare
2461 947 2543 1001 vel
2582 947 2853 1004 letiﬁcare
2886 954 3180 1005 consuevit.
3211 953 3266 1007 Si
3313 954 3476 1021 igitur
3526 956 3662 1009 hanc

2086 1036 2247 1089 talem
2296 1036 2598 1102 reddamus,
2630 1038 2838 1107 qualem
2887 1053 3005 1093 esse
3043 1042 3211 1106 decet,
3253 1044 3426 1097 omnis
3469 1044 3667 1099 laetitia:

2086 1126 2276 1195 pignus
2304 1125 2615 1182 habebimus
2646 1146 2659 1182 :
2703 1137 2757 1183 et
2779 1129 2916 1182 sicut
2941 1143 3137 1198 corpus
3165 1146 3272 1184 non
3301 1140 3499 1185 tantum
3524 1136 3665 1188 aeris

2088 1227 2276 1269 natura
2308 1226 2396 1270 aut
2417 1221 2705 1274 exteriores
2735 1220 3000 1288 incursus,
3032 1234 3288 1291 quantum
3320 1224 3529 1291 pr0pria
3551 1225 3665 1277 dis-

2088 1309 2279 1378 positio
2304 1319 2358 1362 et
2386 1309 2532 1363 lzcdit
2557 1321 2611 1366 et
2639 1312 2852 1380 adjuvat
2883 1330 2896 1365 :
2925 1314 3001 1369 sic
3026 1323 3081 1368 et
3108 1316 3159 1368 in
3187 1316 3383 1381 anima,
3412 1325 3466 1369 et
3492 1316 3664 1369 multo

2085 1400 2270 1469 magis.
2305 1400 2401 1454 llic
2439 1402 2635 1455 etenim
2679 1413 2881 1457 naturu-
2920 1414 3003 1458 est
3031 1407 3316 1460 necessitas
3341 1448 3355 1470 ,
3387 1406 3492 1460 illic
3536 1424 3662 1461 vero

2087 1499 2254 1544 totum
2303 1491 2353 1543 in
2385 1490 2652 1546 voluntate
2689 1493 2849 1546 situm
2897 1503 2999 1547 est.
3031 1494 3315 1562 Propterea
3348 1498 3535 1551 Paulus
3584 1498 3665 1549 in-

2085 1594 2305 1632 numera
2337 1594 2521 1647 passus
2550 1582 2720 1647 mala,
2755 1581 3022 1653 naufragia
3045 1625 3058 1645 ,
3090 1584 3226 1639 bella
3249 1626 3262 1649 ,
3296 1589 3656 1654 persequutio-

2085 1684 2211 1731 nes,
2244 1670 2491 1737 insidias,
2524 1671 2784 1726 latronum
2825 1674 3083 1740 incursus,
3118 1686 3171 1729 et
3192 1693 3537 1747 quaecumque
3569 1694 3664 1731 nec

2083 1760 2323 1814 oratione
2372 1776 2651 1816 numerare
2701 1764 2853 1827 licet,
2885 1775 2935 1817 et
2970 1767 3205 1833 quotidie
3249 1768 3484 1820 moriens
3509 1810 3523 1831 ,
3557 1783 3661 1821 non

2085 1857 2287 1901 tantum
2321 1866 2423 1902 non
2450 1851 2663 1905 dolebat
2690 1869 2787 1906 nec
2815 1854 3220 1921 indignabatur,
3251 1872 3431 1908 verum
3468 1867 3522 1910 et
3560 1858 3665 1921 glo-

2086 1940 2321 1992 riabatur
2366 1950 2420 1993 et
2466 1942 2770 2008 gaudebat,
2801 1942 3115 2011 dicebatque
3145 1961 3159 1996 :
3192 1943 3342 1996 Nunc
3386 1947 3580 2013 gaudeo
3612 1947 3665 1999 in

2085 2028 2397 2095 passionibus
2415 2031 2555 2091 meis,
2578 2040 2623 2083 et
2642 2032 2850 2099 suppleo
2871 2032 3090 2101 defectus
3112 2032 3486 2087 tribulationum
3511 2035 3661 2089 Clari—

2084 2118 2147 2170 sti
2174 2118 2227 2170 in
2255 2134 2407 2171 carne
2433 2136 2542 2171 mea
2574 2120 2786 2189 (Coloss.
2819 2123 2870 2175 1.
2894 2122 3008 2191 24).
3047 2123 3109 2175 Et
3133 2123 3321 2177 iterum
3356 2143 3368 2178 :
3402 2124 3518 2178 Non
3545 2136 3660 2178 tan-

2086 2221 2191 2262 tum
2211 2221 2397 2276 autem,
2421 2226 2590 2265 verum
2616 2223 2661 2265 et
2686 2214 2965 2282 gloriamur
2983 2215 3036 2267 in
3056 2215 3456 2269 tribulationibus
3484 2217 3661 2283 (Rom.

2083 2303 2135 2356 5.
2170 2305 2205 2357 5
2224 2300 2262 2373 ).
2289 2302 2546 2356 Gloriatio
2572 2319 2697 2357 vero
2728 2305 3011 2373 voluptatis
3032 2312 3114 2358 est
3135 2304 3377 2359 intentio.

2154 2392 2206 2445 4.
2246 2391 2299 2446 Si
2318 2392 2550 2446 laetitiam
2574 2393 2748 2462 itaque
2773 2394 2941 2461 cupis,
2962 2408 3066 2448 non
3100 2396 3369 2462 pecunias,
3399 2409 3502 2448 non
3527 2409 3650 2447 Cor-

2086 2481 2232 2549 poris
2259 2482 2536 2536 sanitatem
2559 2524 2573 2546 ,
2600 2498 2706 2536 non
2740 2483 2964 2553 gloriam
2986 2525 3000 2547 ,
3040 2499 3144 2537 non
3184 2486 3469 2552 potentiam
3491 2526 3506 2549 ,
3558 2500 3662 2538 non

2082 2570 2323 2636 delicias,
2353 2587 2458 2625 non
2496 2573 2666 2626 lautas
2692 2588 2901 2626 mensas
2922 2614 2934 2635 ,
2965 2588 3069 2626 non
3104 2574 3390 2627 sericarum
3437 2574 3663 2627 vestium

2085 2663 2311 2716 amictus
2376 2678 2585 2732 quaeras
2638 2680 2648 2714 :
2701 2680 2805 2717 non
2872 2664 3131 2731 pretiosos
3187 2679 3343 2733 agros
3408 2665 3661 2717 domosve

2085 2750 2389 2821 Splendidas
2411 2763 2463 2807 ct
2493 2754 2744 2817 illustres,
2768 2764 2858 2807 aut
2886 2755 3027 2809 aliud
3060 2755 3358 2823 hujusmodi
3378 2754 3661 2823 quidquam

2086 2853 2323 2907 sectare;
2358 2844 2451 2897 srd
2480 2844 2862 2912 philoSOphiam
2883 2887 2896 2909 ,
2927 2860 3043 2914 qua:
3067 2846 3452 2900 estsecundnm
3475 2846 3663 2911 Deum,

2084 2949 2294 3000 exerce,
2322 2935 2660 3003 apprehende
2691 2937 2935 2990 virtutem
2958 2977 2972 2999 ,
3013 2945 3066 2989 et
3097 2937 3165 2989 nil
3189 2952 3370 2991 eorum
3400 2952 3518 3005 quae
3542 2948 3665 2991 sunt

2083 3034 2172 3077 aut
2211 3034 2619 3092 exspectantur,
2651 3035 2705 3079 te
2749 3028 2944 3094 poterit
2983 3027 3305 3082 contristare
3335 3046 3347 3080 :
3377 3028 3501 3096 quid
3542 3028 3663 3081 dico

2083 3114 2445 3169 contristare?
2483 3117 2588 3169 imo
2620 3117 2859 3170 accessio
2888 3118 2979 3170 tibi
3011 3118 3297 3187 voluptatis
3344 3127 3502 3172 erunt
3544 3134 3661 3187 qua:

2082 3204 2215 3257 alios
2244 3207 2562 3259 contristant
2596 3226 2609 3259 :
2638 3207 2835 3261 etenim
2865 3207 3066 3277 ﬂagella
3088 3247 3104 3271 ,
3136 3216 3337 3261 mortes
3363 3248 3376 3270 ,
3411 3208 3622 3261 mulctas
3642 3247 3659 3272 ,

2082 3297 2449 3348 accusationes
2469 3335 2484 3359 ,
2530 3311 2803 3361 ternorum,
2837 3306 2889 3349 et
2918 3297 3092 3349 omnia
3127 3298 3269 3362 talia,
3301 3311 3420 3350 cum
3451 3307 3666 3365 propter

2086 3385 2251 3437 Deum
2298 3384 2452 3437 nobis
2502 3385 2814 3448 inferantur,
2859 3396 2912 3438 et
2959 3385 3094 3438 hanc
3140 3387 3365 3440 habeant
3407 3387 3661 3450 radicem,

2084 3473 2302 3526 multam
2336 3474 2487 3527 nobis
2514 3476 2565 3527 in
2593 3475 2821 3527 animam
2851 3475 3108 3528 inducunt
3131 3477 3474 3542 voluptatem.

2156 3564 2320 3618 Nemo
2341 3582 2431 3619 nos
2449 3567 2651 3619 miseros
2670 3569 2790 3636 facit
2819 3567 2912 3619 nisi
2925 3583 3012 3620 nos
3030 3568 3330 3635 ipsi.—NOS
3346 3569 3484 3621 enim
3506 3569 3665 3622 mise-

2086 3672 2173 3709 ros
2192 3657 2365 3710 facere
2384 3658 2571 3724 poterit
2594 3673 2770 3722 nemo,
2795 3660 2893 3712 nisi
2927 3674 3023 3713 nos
3048 3661 3190 3727 ipsos
3220 3660 3505 3713 faciamus:
3528 3661 3667 3716 sicut

2085 3748 2289 3800 scilicet
2330 3764 2498 3816 neque
2537 3749 2737 3813 beatos,
2784 3752 2882 3803 nisi
2926 3767 3022 3804 nos
3049 3750 3372 3817 efﬁciamus,
3410 3762 3526 3822 post
3563 3754 3659 3807 Dei

2087 3840 2328 3907 gratiam.
2362 3839 2533 3908 thue
2563 3839 2778 3894 discatis
2808 3856 2929 3895 eum
2952 3842 3123 3897 solum
3150 3857 3269 3898 esse
3299 3843 3509 3897 beatum
3531 3884 3546 3909 ,
3574 3845 3665 3913 qui

2091 3932 2238 3985 timet
2274 3932 2550 3985 Dominum
2586 3949 2599 3982 :
2632 3948 2734 3985 non
2781 3949 2844 3986 ex
2894 3934 3197 4002 prmteritis,
3231 3950 3414 3987 verum
3463 3950 3529 3988 ex
3577 3936 3662 4000 iis,

2089 4040 2206 4091 quae
2226 4024 2559 4091 contigerunt
2586 4025 2758 4084 nobis,
2786 4023 2887 4077 hoc
2907 4024 3058 4079 vobis
3087 4040 3227 4079 nunc
3256 4025 3657 4079 demonstrabo.

2090 4113 2386 4167 Periculum
2413 4112 2528 4175 fuit,
2559 4130 2626 4167 ne
2656 4114 2783 4168 urbs
2816 4115 3093 4169 nobistola
3122 4115 3411 4177 deleretur,
3440 4124 3493 4169 et
3525 4116 3664 4169 divi-

2088 4212 2195 4255 tum
2222 4203 2458 4272 quidem,
2483 4205 2765 4259 illustrium
2799 4206 3185 4276 insigniumque
3213 4207 3443 4260 virorum
3474 4208 3526 4260 in
3554 4224 3662 4261 me-

2086 4292 2173 4346 dio
2201 4309 2460 4361 apparere
2484 4311 2643 4349 ausus
2664 4307 2742 4349 est
2775 4311 2932 4349 nemo
2951 4338 2966 4362 ,
3004 4296 3097 4350 sed
3126 4295 3373 4365 fugerunt
3400 4311 3586 4351 omnes
3607 4308 3662 4350 et

2088 4396 2463 4439 recesserunt:
2498 4389 2585 4456 qui
2617 4403 2742 4441 vero
2788 4388 2952 4441 Deum
2994 4388 3283 4454 timebant,
3322 4403 3664 4441 commoran-

2093 4486 2170 4530 les
2199 4478 2249 4531 in
2281 4478 2631 4541 monasteriis,
2663 4478 2712 4529 hi
2744 4478 2909 4531 multa
2931 4492 3051 4531 cum
3072 4476 3258 4530 ﬁducia
3297 4487 3659 4540 accurrentes,

2088 4570 2263 4621 omnia
2290 4570 2595 4622 solverunt:
2624 4576 2677 4621 et
2703 4577 2903 4621 tantum
2926 4566 3092 4621 abfuit
3114 4577 3169 4620 ut
3208 4567 3499 4621 accidentia
3529 4570 3664 4620 mala

2088 4668 2141 4713 et
2183 4669 2502 4729 exspectata:
2542 4658 2982 4713 comminationes
3038 4659 3182 4726 ipsos
3216 4668 3477 4713 terrerent
3519 4666 3569 4712 et
3615 4660 3666 4711 in

2089 4753 2412 4806 anxietatem
2446 4752 2724 4821 injicerent
2745 4791 2760 4812 ,
2792 4759 2850 4804 ut
2874 4750 3028 4819 longe
3048 4766 3077 4804 a
3102 4752 3400 4804 calamitate
3422 4751 3671 4804 sedentes

2088 4853 2142 4898 et
2162 4843 2292 4897 nihil
2312 4843 2563 4897 habentes
2591 4856 2892 4906 commune,
2922 4852 3109 4910 sponte
3135 4842 3337 4908 seipsos
3359 4842 3410 4897 in
3435 4841 3667 4895 medium

2092 4935 2363 4988 mitterent
2404 4933 2736 4997 incendium,
2779 4940 2834 4986 et
2859 4946 3044 4985 omnes
3091 4931 3398 4999 eriperent:
3430 4941 3485 4986 et
3526 4932 3668 5000 quod

2090 5025 2335 5077 omnibus
2355 5024 2587 5077 terribile
2614 5031 2672 5076 et
2701 5021 3026 5076 horrendum
3050 5036 3169 5076 esse
3188 5022 3411 5089 videtur,
3440 5034 3667 5077 mortem

2093 5116 2191 5184 ipsi
2220 5131 2340 5169 cum
2358 5113 2498 5166 omni
2540 5113 2810 5166 alacritate
2835 5120 3299 5180 exspectaverunt,
3327 5123 3382 5167 et
3408 5130 3526 5168 cum
3553 5130 3663 5166 ma-

2087 5208 2189 5277 jori
2219 5208 2282 5259 ad
2314 5221 2429 5259 eam
2460 5206 2725 5272 voluptate
2756 5214 3140 5267 cucurrerunt,
3177 5220 3334 5273 quam
3386 5204 3449 5257 ad
3495 5206 3661 5272 magi-

2093 5309 2293 5352 stratus
2332 5296 2417 5348 alii
2455 5303 2507 5347 et
2550 5295 2801 5348 honores.
2837 5293 3037 5347 Norant
3072 5294 3234 5356 enim,
3268 5309 3514 5361 magnum
3544 5308 3665 5349 esse

2093 5392 2231 5445 hunc
2258 5390 2615 5457 magistratum
2642 5399 2696 5441 et
2713 5389 2984 5451 honorem,
3013 5396 3066 5440 et
3088 5401 3178 5454 per
3197 5385 3307 5453 ipsa
3326 5386 3661 5440 demonstra-

2092 5491 2214 5535 runt
2242 5494 2421 5550 opera,
2453 5479 2594 5548 quod
2634 5480 2720 5532 hic
2757 5479 2901 5533 solus
2940 5487 3021 5532 est
3064 5478 3264 5537 beatas.
3306 5477 3393 5546 qni
3428 5476 3662 5545 philoso—

2092 5574 2268 5644 phiam
2296 5570 2645 5640 apprehendit
2673 5587 2739 5625 ex
2759 5585 2988 5633 sursum,
3013 5578 3065 5623 et
3096 5569 3440 5623 mutationem
3462 5570 3661 5624 nullam

2093 5665 2332 5734 suscipit,
2361 5678 2459 5718 nec
2486 5663 2645 5716 ullam
2677 5663 2898 5716 sustinet
2921 5660 3292 5713 adversitatem
3315 5702 3329 5723 ,
3365 5661 3457 5714 sed
3489 5662 3661 5714 contio

2094 5772 2193 5810 nua
2228 5754 2602 5823 tranquillitate
2634 5752 2842 5815 fruitur,
2872 5761 2925 5805 et
2949 5750 3123 5803 omnia
3162 5749 3388 5818 deridet,
3428 5766 3548 5820 qua:
3582 5752 3660 5803 vi-

2091 5853 2281 5907 dentur
2309 5863 2423 5902 esse
2452 5847 2639 5900 tristia.
2665 5844 2811 5900 Nunc
2838 5845 2976 5899 enim
2998 5846 3085 5914 qui
3113 5853 3233 5899 sunt
3262 5845 3312 5898 in
3343 5846 3525 5912 primis
3552 5860 3658 5899 mav

3303 5936 3377 5994 12
