4452 6694
823 384 927 446 187

818 502 1163 573 glstmtibus,
1193 501 1402 557 tristitia
1445 502 1611 555 multa
1639 511 1907 569 tenentur,
1951 518 2219 558 carcerem
2244 501 2394 555 habi-

822 602 1021 662 tantes,
1047 596 1247 651 catenis
1275 592 1536 659 obstricti,
1564 594 1797 663 quotidie
1826 597 1959 649 mori
1992 604 2395 666 exspectantes;

823 681 1032 740 hivero
1074 684 1352 755 purissima
1380 682 1625 737 fruuntur
1670 684 1959 754 voluptate,
1999 688 2157 741 etiam
2186 687 2230 741 si
2275 686 2399 754 quid

827 786 987 843 grave
1016 774 1123 844 pati
1147 772 1351 828 accidat
1384 791 1397 827 :
1429 782 1613 843 etquae
1641 774 1757 829 aliis
1786 776 2037 831 terribilia
2066 791 2185 832 esse
2209 777 2399 831 viden-

834 874 954 929 tur,
998 863 1109 916 haec
1157 862 1286 932 ipsis
1319 871 1443 918 sunt
1478 863 1887 920 desiderabilia:
1919 878 2115 921 norunt
2157 866 2297 921 enim
2336 865 2401 919 ad

835 951 959 1020 quid
987 959 1226 1013 currunt,
1258 961 1314 1007 et
1341 953 1459 1022 quis
1484 952 1623 1018 ﬁnis,
1665 964 1946 1025 postquam
1990 955 2113 1012 hinc
2138 957 2400 1012 discesse-

834 1044 958 1107 rint,
1013 1044 1263 1111 suscipiet
1297 1062 1309 1099 :
1343 1052 1396 1097 et
1441 1059 1559 1097 cum
1615 1052 1760 1099 tanto
1810 1048 2044 1103 viventes
2095 1049 2302 1112 studio,
2348 1057 2403 1101 et

834 1142 1057 1187 mortem
1085 1133 1406 1201 deridentes,
1432 1150 1527 1204 pro
1551 1136 1671 1191 aliis
1694 1147 1869 1193 tamen
1892 1140 2107 1206 dolent,
2133 1150 2186 1195 et
2208 1156 2272 1195 ex
2304 1142 2402 1193 hoc

837 1223 1068 1277 vicissim
1098 1239 1341 1292 magnam
1372 1225 1586 1293 capiunt
1622 1229 1926 1284 utilitatem.
1963 1231 2276 1286 Studeamus
2303 1230 2401 1300 igi-

836 1322 921 1366 tur
944 1312 1133 1367 anima:
1163 1322 1358 1368 nostra:
1386 1329 1565 1368 curam
1593 1316 1807 1381 habere,
1839 1329 1893 1373 et
1927 1321 2402 1389 inexspectatorum

837 1400 967 1455 nihil
997 1416 1093 1455 nos
1127 1404 1318 1470 poterit
1347 1406 1692 1468 contristare;
1723 1417 1775 1459 et
1803 1422 1898 1475 pro
1924 1411 2208 1462 carceralis
2241 1410 2402 1463 Deum

836 1507 1079 1556 oremus,
1105 1504 1161 1547 ut
1185 1508 1277 1547 eos
1306 1494 1373 1546 ab
1399 1496 1690 1548 imminenti
1722 1496 1847 1563 ipsis
1877 1497 2063 1551 liberet
2083 1499 2400 1554 calamitate.

838 1583 1050 1637 Poterat
1096 1598 1284 1652 nempe
1332 1593 1497 1638 totum
1523 1586 1677 1640 simul
1726 1587 1933 1643 solvere
1978 1590 2195 1654 malum,
2240 1600 2296 1645 et
2336 1606 2405 1647 ne

837 1682 1022 1727 tenues
1045 1672 1255 1742 quidem
1286 1674 1554 1731 dimittere
1594 1678 1874 1747 reliquias;
1917 1679 2010 1734 sed
2040 1695 2105 1735 ne
2132 1696 2316 1737 rursus
2338 1682 2405 1737 ad

838 1762 1064 1829 priorem
1107 1770 1436 1818 revertamur
1478 1773 1782 1833 torporem,
1817 1767 2014 1822 sensim
2053 1777 2108 1825 et
2150 1770 2405 1841 paulatim

841 1850 1029 1903 horum
1068 1859 1358 1907 torrentem
1398 1854 1655 1907 malorttm
1683 1855 1951 1910 remittere
1976 1860 2208 1927 curavit,
2238 1859 2293 1914 in
2319 1877 2410 1915 ea-

837 1938 959 1993 dem
1000 1953 1098 1993 nos
1136 1941 1366 1995 retinens
1409 1943 1623 2011 pietate.
1676 1944 1740 1998 Et
1768 1946 1908 2015 quod
1934 1948 2037 2003 hoc
2078 1950 2149 2004 sit
2194 1965 2401 2018 verum,

835 2029 1078 2100 quodque
1127 2032 1275 2085 multi
1318 2032 1383 2085 ad
1418 2034 1647 2102 priorem
1700 2037 1984 2093 rediissent
2033 2049 2319 2111 torporem,
2363 2043 2408 2098 si

838 2119 983 2174 brevi
1028 2130 1214 2175 cuncta
1241 2123 1411 2177 soluta
1453 2123 1713 2191 fuissent,
1759 2128 1880 2184 inde
1920 2130 2257 2187 manifestum
2285 2144 2405 2189 est:

839 2209 1012 2264 adhuc
1053 2212 1366 2267 calamitatis
1410 2214 1645 2284 reliquiae
1675 2227 1983 2285 remanent,
2020 2228 2073 2274 et
2100 2221 2273 2275 adhuc
2301 2221 2407 2276 lm-

838 2299 1092 2366 peratoris
1112 2309 1191 2354 est
1216 2301 1412 2355 incerta
1441 2304 1723 2370 sententia,
1746 2315 1801 2360 et
1818 2321 2007 2363 omnes
2046 2309 2133 2377 qui
2175 2310 2404 2366 civitatis

837 2392 1045 2459 negotia
1071 2391 1507 2449 administrabant
1531 2404 1655 2451 sunt
1680 2397 1733 2451 in
1766 2397 2021 2465 vinculis;
2050 2399 2199 2454 multi
2227 2409 2406 2456 tamen

836 2482 1103 2537 civitatem
1130 2485 1401 2542 nobiscum
1428 2488 1773 2545 habitantium
1797 2492 2002 2546 lavandi
2030 2494 2316 2563 cupiditate
2340 2495 2407 2550 ad

839 2575 1053 2630 ﬂuvium
1073 2588 1311 2647 currunt,
1340 2581 1635 2639 innumeris
1668 2585 1775 2640 illic
1797 2600 1857 2642 se
1876 2588 2126 2643 conviciis
2156 2591 2410 2646 morden-

842 2678 944 2732 tes,
973 2668 1321 2738 luxuriantes,
1353 2672 1710 2743 laseivientes,
1738 2677 2008 2744 saltantes,
2043 2681 2267 2736 feminas
2291 2697 2411 2752 per-

840 2759 1127 2814 trahentes.
1169 2761 1282 2827 Qua
1326 2764 1485 2833 igitur
1526 2766 1600 2820 illi
1626 2768 1778 2822 venia
1824 2769 2010 2841 digni?
2044 2787 2145 2841 qua
2187 2788 2411 2828 excusa-

838 2848 1021 2903 tione?
1047 2850 1152 2903 imo
1172 2866 1298 2905 vero
1317 2868 1417 2923 qua
1445 2868 1552 2909 non
1580 2865 1702 2911 sunt
1729 2872 1885 2926 paena
1915 2869 1967 2913 et
1994 2861 2195 2916 ultione
2220 2863 2409 2932 digni?

837 2936 1076 2993 Civitatis
1096 2949 1252 3009 caput
1281 2942 1332 2996 in
1353 2957 1588 3011 carcere,
1635 2946 1873 3001 membra
1903 2958 2083 3003 nostra
2111 2950 2163 3004 in
2192 2951 2404 3017 exsilio,

840 3027 1037 3081 incerta
1064 3028 1131 3083 de
1158 3029 1239 3083 his
1270 3033 1529 3085 sententia
1566 3051 1579 3087 :
1606 3043 1661 3088 et
1687 3044 1742 3089 tu
1770 3036 1853 3090 die
1876 3078 1891 3103 ,
1920 3053 2118 3106 qumso,
2149 3039 2314 3094 saltas
2353 3049 2407 3095 et

838 3115 975 3170 ludis
999 3127 1053 3172 et
1078 3118 1259 3173 rides?
1290 3121 1425 3176 Dicit
1459 3123 1648 3194 aliquis
1673 3143 1686 3178 :
1708 3126 1823 3181 Non
1865 3128 1996 3182 illoti
2040 3144 2255 3187 manere
2280 3131 2410 3186 feri-

838 3222 977 3263 mus.
1008 3208 1057 3264 Ο
1097 3209 1453 3277 impudentem
1496 3216 1845 3280 sententiam,
1889 3232 1923 3271 o
1964 3219 2328 3275 mechanicam
2355 3231 2410 3277 et

840 3297 1128 3367 perditam!
1172 3308 1304 3371 quot
1350 3316 1579 3369 menses,
1627 3304 1732 3372 dic,
1777 3321 1938 3376 rogo,
1991 3307 2239 3364 fuerunt?
2281 3321 2409 3380 quot

836 3389 995 3440 anni?
1043 3390 1276 3444 nondum
1304 3391 1485 3460 viginti
1508 3393 1623 3449 dies
1650 3395 1851 3452 balneis
1878 3400 2122 3454 exclusus
2153 3403 2325 3471 egisti,
2355 3412 2411 3459 et

835 3485 1099 3547 tamquam
1129 3490 1296 3535 totum
1323 3480 1497 3537 illotus
1523 3488 1840 3556 transegeris
1860 3504 2074 3555 annum,
2108 3494 2185 3547 sic
2212 3510 2408 3549 mmres

837 3576 889 3619 et
916 3568 1246 3637 indignaris?
1267 3570 1498 3637 Siccine,
1526 3589 1729 3644 quasso,
1753 3576 1894 3633 fuisti
1921 3595 2040 3635 cum
2068 3584 2292 3638 militum
2325 3588 2404 3639 in-

1542 391 1598 448 Β.
1638 389 1914 447 JOANNIS
1951 385 2424 449 CHRYSOSTOMI
2464 386 2783 447 ARCHIEP.
2822 394 3357 455 CONSTANTINOP.

3979 410 4077 466 (83

2511 512 2749 565 cursum,
2797 519 2917 560 cum
2963 524 3057 578 per
3094 511 3327 581 singulos
3372 510 3505 564 mori
3556 509 3669 565 dies
3711 521 4074 587 exspectabas,

2508 591 2719 658 quando
2749 594 2799 646 iu
2841 596 3051 654 deserta
3082 599 3319 672 fugiebas
3354 610 3409 658 et
3443 602 3508 657 ad
3546 604 3806 658 montium
3829 613 4080 665 curre-im

2509 683 2770 739 vertices?
2814 685 2869 740 Si
2889 690 3008 757 quis
3037 693 3127 747 tibi
3159 705 3283 749 tunc
3310 704 3477 750 totum
3500 710 3694 751 annum
3722 695 3930 752 illotum
3962 719 4078 755 uta-

2510 786 2638 826 nere
2667 776 3044 843 proposuisset,
3069 791 3125 835 ut
3150 784 3219 838 ab
3235 785 3448 841 instanti
3466 786 3765 842 liberareris
3791 790 4078 854 anxietate,

2511 877 2687 919 nonne
2710 876 2956 936 prompte
2983 875 3306 942 suscepisses
3325 887 3485 948 atque
3507 878 3901 934 tulisses?Cum
3927 882 4082 950 igitur

2509 952 2608 1019 illi,
2630 954 2720 1023 qui
2744 955 2943 1026 absque
2964 961 3108 1015 omni
3136 963 3332 1019 damno
3362 968 3475 1023 haec
3513 970 3699 1036 solvit,
3750 968 3859 1025 Deo
3884 976 4083 1040 gratias

2510 1058 2668 1114 agere
2707 1049 3008 1116 conveniat,
3042 1051 3252 1110 lascivis
3282 1075 3490 1114 rursum
3520 1071 3573 1115 et
3598 1064 3970 1116 contumeliam
3999 1064 4079 1116 fa-

2510 1136 2587 1187 cis
2608 1176 2622 1200 ,
2651 1140 2979 1205 etquoniam
3011 1151 3183 1199 metus
3213 1150 3474 1217 transivit,
3506 1152 3571 1206 ad
3610 1154 3859 1222 majorem
3891 1155 4079 1209 iterum

2512 1236 2780 1296 torporem
2813 1230 3049 1285 rediisti?
3073 1233 3161 1288 Sic
3190 1244 3243 1290 te
3270 1240 3559 1310 tetigerunt
3587 1244 3723 1298 mala
3741 1287 3756 1312 ,
3786 1254 3841 1299 ut
3865 1256 4081 1315 appetas

2512 1325 2567 1369 et
2596 1316 2830 1372 balnea?
2860 1320 2982 1374 licet
3002 1322 3142 1376 enim
3164 1325 3351 1381 balnea
3382 1333 3831 1400 permitterentur,
3850 1352 3954 1388 non
3984 1352 4081 1406 po-

2514 1414 2651 1459 terat
2676 1409 3009 1463 morientium
3030 1411 3325 1480 calamitas,
3358 1418 3517 1472 etiam
3554 1421 3632 1474 eis
3659 1423 3746 1490 qui
3782 1425 3831 1476 in
3867 1424 3948 1478 bis
3975 1441 4079 1479 non

2513 1509 2691 1553 essent
2716 1501 2960 1565 miseriis,
2996 1504 3333 1571 persuadere,
3357 1517 3414 1560 ut
3441 1512 3678 1565 omnium
3703 1514 4080 1570 oblivisceren-

2514 1595 2600 1641 tur
2637 1589 2984 1645 deliciarum?
3012 1593 3088 1647 De
3113 1593 3289 1647 anima
3336 1595 3626 1663 perieulum
3649 1608 3751 1665 est,
3790 1611 3843 1656 et
3882 1612 3935 1657 tu
3967 1605 4082 1657 bal-

2514 1691 2734 1732 neorum
2763 1682 3077 1748 recordaris,
3104 1690 3159 1736 et
3185 1682 3392 1738 deliciis
3414 1685 3491 1738 vis
3516 1689 3748 1743 vacare?
3776 1690 4085 1746 Contemnis

2514 1767 2603 1835 qui
2629 1783 2767 1823 nunc
2793 1769 3059 1840 eﬂ'ngisti?
3085 1771 3218 1827 Vide
3246 1788 3313 1827 ne
3340 1774 3555 1843 majoris
3579 1789 3750 1844 paena:
3778 1778 3870 1831 tibi
3901 1796 4084 1835 neces-

2516 1860 2726 1915 sitatem
2763 1864 3152 1933 circumponas,
3199 1874 3255 1919 et
3294 1865 3498 1920 ablatas
3525 1880 3737 1921 rursum
3771 1870 3943 1923 minas
3964 1887 4083 1925 cum

2517 1950 2705 2019 majori
2729 1951 2961 2006 attrahas
2989 1953 3312 2018 discrimine,
3342 1964 3396 2009 et
3423 1954 3561 2009 idem
3591 1957 3827 2025 patiaris,
3854 1960 3993 2028 quod
4018 1962 4087 2014 de

2515 2042 2843 2098 daamonibus
2865 2046 2881 2075 ¹
2904 2046 3072 2114 inquit
3089 2046 3351 2101 Christus.
3374 2046 3657 2117 Postquam
3678 2049 3819 2102 enim
3840 2065 4087 2119 egressus

2516 2132 2673 2187 fuerit
2700 2135 2916 2203 spiritus
2945 2134 3247 2189 immundus
3266 2175 3283 2199 ,
3311 2137 3511 2205 inquit,
3541 2147 3595 2191 et
3619 2148 3797 2207 postea
3828 2140 4088 2195 invenerit

2514 2225 2728 2279 domum
2757 2234 3030 2279 vacantem
3074 2234 3128 2280 et
3170 2228 3349 2295 scopis
3372 2228 3700 2293 mundatam,
3724 2240 3929 2299 septem
3956 2232 4088 2285 alius

2513 2314 2729 2382 spiritus
2755 2315 3038 2381 nequiores
3065 2328 3125 2369 se
3150 2315 3347 2369 iterum
3376 2330 3675 2381 assumens,
3719 2322 4007 2372 revertitur
4033 2321 4086 2373 in

2512 2407 2777 2470 animam,
2824 2417 2877 2460 et
2924 2405 3055 2460 fiunt
3098 2407 3394 2475 posteriora
3444 2406 3559 2475 ejus
3599 2406 3777 2476 pejora
3828 2409 4090 2476 prioribus

2515 2495 2667 2567 (Luc.
2697 2497 2781 2551 Η.
2802 2494 2871 2551 24
2898 2495 3033 2567 σεδ).
3052 2495 3357 2551 Timeamus
3378 2496 3597 2565 igituret
3620 2510 3739 2561 nos,
3768 2512 3878 2551 nea
3898 2499 4085 2566 priori-

2516 2586 2615 2641 bus
2666 2587 2912 2652 liberati,
2966 2586 3155 2642 inertia
3197 2586 3554 2654 subrepente,
3603 2587 3870 2656 prioribus
3909 2589 4087 2656 pejora

2516 2677 2820 2733 subeamus.
2850 2676 2982 2731 Novi
3015 2692 3110 2731 vos
3136 2676 3204 2732 ab
3245 2676 3345 2732 hac
3376 2677 3581 2732 alienos
3622 2678 3878 2743 stultitia;
3904 2694 4088 2733 verum

2517 2778 2571 2824 et
2619 2769 2968 2838 incomposite
3013 2768 3346 2822 ambulantes
3390 2766 3651 2833 cohibete,
3685 2769 3883 2835 punite,
3931 2771 4087 2822 casti-

2515 2872 2666 2929 gate;
2696 2868 2754 2913 ut
2779 2873 2992 2928 semper
3015 2858 3287 2928 gaudeatis
3304 2859 3347 2922 ',
3374 2857 3510 2912 sicut
3554 2857 3749 2912 Paulus
3788 2859 4085 2925 imperavit,

2517 2959 2575 3004 ut
2617 2959 2671 3004 et
2717 2950 3052 3019 prepriorum
3103 2949 3187 3002 hic
3228 2949 3541 3002 meritorum
3584 2955 3640 3002 et
3685 2947 3909 3001 aliorum
3947 2964 4086 3002 cum:

2515 3040 2733 3093 multam
2761 3048 2815 3094 et
2845 3039 2933 3093 hic
2958 3039 3085 3093 etin
3117 3038 3292 3091 futura
3312 3037 3418 3091 vita
3440 3038 3711 3105 capiamus
3749 3037 4049 3091 mercedem
4067 3079 4083 3096 .

2515 3132 2680 3202 gratia
2721 3140 2778 3187 et
2813 3131 3137 3201 benignitate
3156 3130 3362 3185 Domini
3394 3129 3562 3184 nostri
3598 3129 3723 3183 Jesu
3746 3128 3963 3193 Christi,
3996 3144 4088 3196 per

2514 3237 2672 3292 quem
2703 3231 2896 3276 etcum
2924 3236 3030 3290 quo
3055 3220 3195 3276 Patri
3218 3220 3376 3274 simul
3396 3228 3649 3275 etsancto
3664 3218 3875 3289 Spiritui
3897 3219 4087 3286 gloria,

2517 3312 2691 3366 honor
2711 3322 2764 3367 et
2788 3312 3028 3367 adoratio
3050 3352 3065 3377 ,
3098 3326 3240 3367 nunc
3268 3319 3323 3366 et
3349 3324 3577 3380 semper,
3602 3318 3655 3365 et
3684 3311 3735 3364 in
3756 3311 3948 3364 sa'cula
3982 3324 4086 3362 sa:-

2515 3403 2776 3457 culorum.
2806 3404 2994 3457 Amen.

2579 3539 2593 3569 ¹
2632 3536 2840 3586 Savil.et
2858 3534 3051 3596 quidam
3073 3540 3200 3591 Mss,
3228 3532 3289 3582 de
3309 3531 3633 3581 tlmnonimis.

2576 3601 2596 3630 ⁸
2632 3598 2762 3660 Apud
2780 3598 2902 3645 alios
2925 3609 2937 3644 :
2966 3601 3022 3644 Ut
3040 3607 3227 3656 semper
3248 3597 3561 3656 gaudeaums.

839 3687 4060 3728 ——__—___________________________

1027 3790 1332 3838 DOMINICA
1373 3796 1671 3843 saevam:
1717 3781 1799 3862 (α)
1844 3802 1928 3847 AD
1971 3804 2249 3850 nonmns
2292 3807 2493 3851 aenos
2536 3808 2872 3864 commas,
2918 3809 2998 3850 ετ
3040 3809 3122 3849 ne
3168 3805 3445 3851 νηηυο
3487 3806 3888 3849 suamnam.

2246 3932 2631 3949 _—_

1423 4027 1637 4068 HOIIUA
1677 4030 1790 4069 XIX.

904 4138 955 4192 l.
994 4138 1173 4209 Epulis
1215 4148 1517 4196 sanctorum
1558 4152 1852 4214 martyrum
1892 4146 2103 4215 excepti
2146 4148 2277 4203 estis
2316 4149 2399 4205 his

831 4230 1108 4297 praeteritis
1133 4229 1320 4285 diebus
1346 4250 1359 4287 :
1385 4232 1645 4303 spirituali
1671 4232 1982 4291 celebritate
2006 4236 2192 4306 repleti
2218 4238 2399 4293 exsul-

830 4319 977 4375 tastis
1005 4319 1241 4377 honestis
1266 4324 1709 4380 exsultationibus
1741 4342 1756 4379 :
1788 4326 1994 4383 vidistis
2020 4338 2200 4399 aperta
2231 4330 2397 4385 latera

827 4420 880 4464 et
905 4411 992 4465 ilia
1021 4413 1252 4479 concisa,
1273 4428 1513 4470 cruorem
1536 4417 1767 4489 undique
1794 4418 2136 4488 deﬂuentem,
2163 4422 2398 4479 infinitas

829 4510 1215 4558 tormentorum
1254 4507 1461 4575 species
1499 4527 1515 4563 :
1558 4507 1841 4563 humanam
1898 4511 2105 4568 vidistis
2152 4524 2395 4569 naturam

828 4596 1244 4663 supernaturalia
1271 4607 1630 4666 praestantem,
1658 4610 1713 4655 et
1731 4616 1955 4657 coronas
1982 4605 2237 4674 sanguine
2264 4619 2395 4660 cou-

829 4694 999 4741 textas
1028 4702 1041 4739 :
1072 4686 1345 4756 pulchram
1367 4688 1597 4745 saltastis
1622 4691 1903 4759 cboream,
1931 4693 1982 4747 in
2026 4708 2237 4749 omnem
2270 4711 2396 4764 par-

828 4786 933 4830 tem
974 4777 1201 4831 civitatis
1245 4776 1348 4833 hoc
1404 4778 1631 4835 honesto
1674 4781 1807 4837 duce
1850 4798 1944 4837 vos
1984 4785 2393 4855 circumagente.

826 4865 928 4919 Sed
968 4882 1066 4922 nos
1093 4877 1146 4921 et
1188 4869 1380 4924 invitos
1423 4870 1700 4927 infirmitas
1725 4873 1868 4929 domi
1899 4891 2113 4931 manere
2151 4879 2392 4946 cogebat.

828 4956 1027 5011 Tamen
1052 4960 1149 5012 etsi
1179 4960 1498 5016 solemnitati
1526 4977 1631 5018 non
1661 4965 2012 5031 interfuimus,
2042 4965 2106 5021 de
2128 4969 2396 5038 voluptate

825 5050 1248 5119 participavimus
1272 5072 1286 5107 :
1314 5055 1412 5108 etsi
1452 5054 1519 5109 de
1559 5058 1813 5111 concione
1858 5057 2083 5114 fructum
2112 5076 2215 5115 non
2239 5063 2387 5131 cepi-

828 5154 966 5207 mus,
1012 5141 1284 5197 vobiscum
1331 5152 1507 5199 tamen
1546 5144 1778 5199 lmtitiam
1822 5162 2158 5204 communem
2212 5152 2395 5208 habui-

826 5247 963 5287 mus.
990 5232 1133 5289 Talis
1160 5244 1242 5289 est
1267 5235 1409 5291 enim
1440 5237 1675 5292 caritatis
1702 5240 1780 5291 vis
1809 5256 1821 5290 :
1846 5254 1949 5292 non
1990 5238 2221 5297 fruentes
2253 5244 2393 5313 pari-

830 5331 909 5377 ter
934 5338 1054 5379 cum
1102 5325 1393 5382 frueutibus
1418 5328 1651 5399 gaudere
1680 5328 1831 5397 facit,
1869 5333 2168 5386 communia
2212 5335 2395 5403 proxi~

884 5474 957 5540 (α)
989 5481 1095 5526 Erat
1122 5486 1284 5527 autem
1325 5487 1520 5530 servata
1552 5481 1661 5533 dies
1697 5482 2019 5540 Ascensioms,
2044 5491 2098 5533 ut
2118 5486 2183 5533 ait
2205 5487 2399 5535 simeon

822 5534 1045 5607 altanus;
1072 5540 1316 5607 {munire
1339 5556 1457 5607 vero
1478 5550 1684 5607 servam:
1706 5546 1943 5594 nomiuica
1978 5534 2145 5607 quinta
2182 5556 2289 5607 post
2314 5534 2399 5595 ra;

822 5596 951 5667 scha.
978 5598 1106 5667 Quod
1129 5614 1253 5667 vero
1271 5603 1317 5651 id
1340 5603 1620 5655 difficultate
1643 5619 1741 5654 non
1763 5613 1923 5667 vacet,
1970 5596 2193 5667 pluribus
2231 5621 2287 5656 ea
2329 5608 2394 5656 de

814 5659 1219 5730 {edisseruimus
1242 5664 1291 5713 in
1321 5667 1508 5717 Monito.
1543 5673 1686 5718 Certc
1708 5667 1785 5717 hic
1807 5665 1898 5716 alia
1915 5659 2120 5730 prorsus
2161 5670 2398 5719 Dominica

820 5720 1020 5771 indicari
1044 5721 1253 5771 videtur.

2512 4034 2718 4075 morum
2746 4018 2880 4071 bona
2914 4026 3099 4085 putare
3124 4014 3469 4084 persuadens.
3512 4012 3800 4080 Propterea
3838 4022 3891 4066 et
3939 4013 4081 4067 domi

2509 4111 2703 4165 sedens
2729 4107 3021 4178 gaudebam
3048 4107 3353 4165 vobiscum,
3385 4112 3439 4157 et
3466 4101 3653 4155 morbo
3674 4101 3907 4155 nondum
3935 4103 4080 4155 solu-

2509 4212 2591 4256 tus
2620 4199 2825 4256 surrexi
2851 4209 2905 4253 et
2929 4198 3138 4252 cucurri
3170 4196 3235 4250 ad
3260 4212 3374 4260 vos,
3407 4202 3467 4248 ut
3498 4193 3877 4248 desiderabiles
3917 4192 4083 4248 facies

2506 4300 2712 4346 vestras
2753 4290 3011 4351 intuerer,
3052 4297 3107 4341 et
3157 4286 3436 4355 przesentis
3481 4282 3782 4338 festivitatis
3822 4284 4081 4353 particeps

2507 4384 2713 4438 fierem.
2762 4378 3126 4435 Festivitatem
3153 4378 3293 4432 enim
3326 4376 3607 4430 maximam
3638 4388 3759 4429 esse
3790 4385 3915 4443 puto
3944 4389 4079 4442 prte-

2505 4486 2709 4531 sentem
2735 4472 2897 4536 diem,
2926 4479 3140 4539 propter
3153 4468 3371 4521 fratrum
3402 4465 3731 4535 praesentiam
3760 4474 4076 4518 nostrorum.

2505 4567 2594 4634 qui
2621 4565 2805 4619 urbem
2853 4560 3009 4617 nobis
3052 4558 3210 4614 hodie
3252 4557 3650 4612 adornaverunt
3701 4565 3755 4609 et
3798 4555 4081 4609 ecclesiam

2504 4656 2874 4711 bonestarunt.
2925 4650 3156 4720 Populus
3199 4649 3372 4717 lingua
3406 4648 3421 4678 ¹
3458 4647 3668 4716 quidem
3711 4644 3863 4698 nobis
3902 4643 4079 4696 diver-

2503 4762 2596 4803 sus
2625 4747 2727 4818 (ὁ),
2760 4744 2865 4799 fide
2891 4755 3019 4797 vero
3043 4754 3310 4795 consonus
3344 4758 3355 4792 :
3381 4738 3602 4807 populus
3628 4737 3679 4790 in
3704 4733 4082 4803 tranquillitate

2504 4839 2723 4901 vivens,
2768 4836 2929 4889 vitam
2986 4830 3190 4885 habens
3243 4828 3537 4882 modestam
3588 4837 3642 4880 et
3701 4822 4079 4878 venerabilem.

2505 4928 2659 4999 Apud
2685 4927 2784 4982 bos
2811 4926 2952 4981 enim
2983 4923 3125 4979 viros
3150 4937 3258 4977 non
3286 4922 3577 4992 iniquitatis
3602 4918 3926 4988 spectacula,
3973 4930 4079 4969 non

2505 5035 2762 5090 equorum
2792 5017 3082 5073 certamina
3104 5057 3120 5081 ,
3155 5030 3330 5086 neque
3360 5013 3647 5069 meritoria:
3671 5009 3944 5071 mulieres,
3976 5022 4075 5061 nec

2504 5112 2739 5180 reliquus
2770 5108 2916 5162 urbis
2940 5107 3191 5161 tumultus
3217 5105 3310 5161 sed
3341 5117 3503 5159 omne
3544 5100 3766 5154 luxuriae
3785 5110 3952 5165 genus
3979 5096 4078 5148 eli-

2506 5203 2760 5255 minatum
2791 5207 2904 5261 est;
2933 5199 3095 5252 nmlta
3121 5212 3247 5252 vero
3290 5196 3487 5263 ubique
3530 5188 3789 5245 modestia
3817 5187 3992 5239 floret.
4025 5184 4077 5239 ω

2507 5307 2634 5348 vero
2681 5300 2765 5346 est
2801 5291 2854 5345 in
2896 5306 3075 5354 causa.
3099 5289 3241 5360 quod
3286 5286 3546 5341 laboriosa
3585 5281 3656 5335 sit
3700 5279 3829 5350 ipsis
3860 5280 3995 5341 vita,
4028 5287 4079 5332 et

2508 5383 2713 5437 virtutis
2741 5383 2975 5437 scholam
3004 5391 3161 5449 atque
3190 5376 3465 5431 modesti-.1:
3496 5371 3726 5425 habeant
3769 5379 3926 5423 terra:
3961 5368 4074 5421 cnl-

2509 5485 2699 5538 turam,
2726 5484 2893 5528 artem
2925 5480 3229 5529 tractantes,
3261 5480 3419 5535 quam
3459 5471 3582 5515 ante
3624 5460 3853 5529 reliquas
3894 5470 4081 5512 omnes

2570 5612 2587 5640 ι
2621 5614 2727 5656 Sav.
2753 5615 2805 5657 et
2827 5606 2905 5655 alii
2931 5606 3053 5661 voci,
3082 5600 3275 5663 lingua,
3300 5596 3496 5656 addunt,
3522 5592 3738 5659 propria.
3755 5619 3819 5632 -
3836 5591 3974 5649 Infra,
3994 5602 4078 5640 ne:

2496 5667 2695 5733 reliqua
2716 5667 2849 5733 urbis
2870 5662 3136 5733 άῇεεριιιιξοο
3166 5662 3175 5663 ί
3207 5721 3237 5733 _,
3272 5720 3281 5731 ,
3309 5726 3329 5733 _
3392 5720 3401 5731 _

2572 5718 2645 5795 (6)
2682 5731 2789 5792 Agri
2815 5724 3097 5777 Antiocheni
3118 5720 3284 5770 rustici
3307 5720 3493 5784 Syriacc
3519 5718 3859 5782 loquebantur.
