4452 6698
215 511 329 571 187

210 626 580 698 κατέχονται,
620 630 682 685 τὸ
718 628 1092 699 δεσμωτήριον
1140 624 1441 690 οἰκοῦντες,
1487 626 1708 691 ἁλύσεις
1761 646 1914 700 περιο

212 715 592 787 ϐεϐλημένοι,
646 718 742 771 καὶ
785 713 909 768 καθ’
956 712 1196 780 ἑκάστην
1257 713 1475 783 ἡμέραν
1521 714 1912 768 ἀποθανεῖσθαι

211 804 682 873 προσδοκῶντες
734 793 883 852 οῦτοι
938 797 995 851 δὲ
1068 796 1467 869 καθαρωτάτης
1545 798 1912 854 ἀπολαύουσιν

210 889 445 962 ἡδονῆς,
470 894 576 946 κᾶν
604 886 848 959 συμϐαίη
880 903 933 937 τι
956 883 1150 937 παθεῖν
1182 885 1377 945 δεινὸν,
1407 884 1503 938 καὶ
1531 884 1567 938 ἃ
1595 888 1707 951 τοῖς
1733 887 1912 952 ἄλλοις

211 972 371 1031 εἶναι
400 980 551 1032 δοκεί
579 973 808 1045 φοϐερὰ,
846 972 1019 1025 ταῦτα
1049 972 1261 1035 τούτοις
1302 973 1423 1025 ἐστὶ
1460 972 1716 1028 ποθεινάο
1766 976 1910 1029 ἴσασι

211 1065 338 1137 γὰρ
371 1068 465 1119 ἐπὶ
496 1065 551 1118 τί
576 1061 854 1131 τρέχουσι,
884 1060 977 1113 καί⁵
1010 1060 1140 1113 ποία
1167 1058 1322 1129 λῆξις
1356 1061 1614 1131 μετάντὴν
1660 1063 1911 1117 ἐντεῦθεν

211 1152 536 1225 ἀποδημίαν
582 1146 905 1213 διαδέξεται.
956 1147 1067 1200 Καὶ
1113 1145 1354 1217 τοσαύτῃ
1421 1147 1693 1212 συζῶντες
1750 1152 1911 1219 ἀκρι-

214 1239 372 1310 ϐείᾳ,
414 1238 509 1292 καὶ
547 1236 777 1288 θανάτου
827 1233 1273 1302 καταγελῶντες,
1319 1237 1470 1306 ὅμως
1501 1238 1641 1307 ὑπὲρ
1672 1237 1782 1290 τῶν
1812 1236 1911 1291 ἀλ-

212 1326 333 1380 λων
361 1324 609 1392 ἀλγοῦσι,
638 1323 735 1374 καὶ
774 1322 883 1375 ἀπὸ
908 1320 1101 1374 τούτου
1144 1322 1412 1395 μεγίστην
1444 1325 1607 1381 πάλιν
1634 1324 1909 1393 ὠφέλειαν

215 1411 594 1482 καρποῦνται.
648 1409 1054 1479 Σπουδάσωμεν
1101 1409 1282 1464 τοίνυν
1330 1411 1430 1481 τῆς
1474 1411 1653 1483 ᾠυχῆς
1710 1413 1906 1482 ἐπιμε-

211 1499 435 1551 λεῖσθαι
472 1497 573 1565 τῆς
606 1496 908 1567 ἡμετέρας,
938 1498 1034 1550 καὶ
1082 1497 1234 1551 οὐδὲν
1280 1500 1429 1570 ἡμᾶς
1471 1500 1581 1553 τῶν
1628 1500 1907 1569 ἀδοκήτων

212 1585 468 1653 λυπῆσαι
518 1582 775 1635 δύναται·
824 1582 921 1637 καὶ
972 1584 1115 1655 ὑπὲρ
1166 1585 1274 1639 τῶν
1329 1587 1757 1656 ἐμϐεϐλημένων
1814 1587 1906 1639 τὸν

210 1672 356 1724 Θεὸν
396 1670 828 1740 παρακαλῶμεν,
873 1670 1013 1724 ὥστε
1059 1674 1256 1735 αὐτοὺς
1301 1673 1606 1739 ἀπαλλάξαι
1644 1674 1745 1742 τῆς
1784 1674 1908 1725 ἐπι-

210 1758 482 1828 κειμένης
522 1758 705 1821 αὐτοῖς
740 1760 1048 1830 συμφορᾶς.
1100 1756 1362 1811 Ἦδύνατο
1405 1760 1502 1827 μὲν
1549 1759 1658 1827 γὰρ
1697 1760 1726 1809 6
1774 1758 1907 1821 Θεὸς

210 1847 422 1915 ἁθρόον
459 1843 618 1899 λῦσαι
667 1845 729 1899 τὸ
776 1845 966 1910 δεινὸν,
1013 1846 1107 1897 καὶ
1162 1844 1297 1914 μηδέ
1332 1843 1505 1914 μικρὰ
1538 1846 1756 1911 ἀφεῖναι
1792 1843 1895 1895 λεί-

209 1932 397 2001 ψανα·
448 1930 562 1987 ἀλλ’
598 1933 687 1986 ἵνα
723 1932 800 2002 μὴ
850 1932 1011 1984 πάλιν
1046 1931 1139 1983 ἐπὶ
1193 1930 1294 1998 τὴν
1348 1931 1623 2000 προτέραν
1675 1930 1905 1983 ἐπανέλ-

212 2020 409 2089 θωμεν
456 2018 751 2090 ρᾳθυμίαν,
791 2018 978 2088 ἡρέμα
1012 2017 1106 2070 καὶ
1146 2016 1289 2069 κατὰ
1321 2016 1517 2087 μικρὸν
1558 2018 1649 2071 τὸν
1679 2016 1909 2089 χείμαρ-

211 2108 317 2176 ῥον
367 2105 478 2159 τῶν
524 2105 712 2160 κακῶν
742 2104 947 2158 τούτων
980 2104 1152 2174 χαλᾷν
1204 2104 1609 2175 παρεσκεύασε,
1660 2104 1907 2173 κατέχων

211 2195 371 2264 ἡμᾶς
425 2193 519 2247 ἐπὶ
566 2194 666 2264 τῆς
718 2193 890 2264 αὐτῆς
941 2193 1247 2255 εὐλαϐείας.
1293 2192 1402 2244 Καὶ
1446 2195 1529 2246 ὅτι
1572 2193 1731 2246 τοῦτό
1761 2194 1907 2246 ἐστιν

213 2281 444 2351 ἀληθὲς,
490 2281 583 2333 καὶ
631 2280 820 2334 πολλοὶ
860 2280 996 2351 πρὸς
1043 2280 1143 2350 τὴν
1179 2279 1454 2350 προτέραν
1503 2280 1808 2351 ἐπανῆλθον
1841 2280 1907 2334 ἂν

216 2368 525 2438 ρᾳθυμίαν,
569 2372 618 2422 εί
672 2369 956 2439 συντόμως
987 2367 1155 2439 ἐλύθη
1198 2369 1259 2421 τὸ
1294 2370 1424 2431 πᾶν,
1454 2368 1613 2441 δῆλον
1664 2369 1903 2423 ἐκεῖθενο

221 2457 351 2509 Ἔτι
382 2456 453 2510 τά
480 2456 705 2525 λείψανα
741 2456 892 2527 μένει
932 2454 1030 2526 τῆς
1062 2453 1370 2526 συμφορᾶς,
1401 2457 1496 2508 καὶ
1525 2455 1605 2509 ἕτι
1629 2455 1722 2509 τοῦ
1754 2456 1907 2526 βασι-

215 2541 361 2606 λέως
412 2543 607 2613 ἄδηλός
656 2544 806 2597 ἐστιν
849 2544 883 2614 ἠ
926 2541 1156 2614 γνώμη,
1203 2543 1298 2596 καὶ
1338 2545 1387 2595 οἰ
1427 2542 1499 2595 τὰ
1552 2543 1655 2611 τῆς
1700 2541 1908 2607 πόλεως

215 2630 452 2696 ἄγοντες
496 2629 802 2700 πράγματα
829 2628 1069 2692 ἅπαντές
1114 2630 1252 2681 εἰσιν
1280 2629 1338 2680 ἐν
1374 2626 1611 2699 δεσμοῖς,
1655 2630 1749 2682 καὶ
1783 2630 1908 2682 πολ-

216 2715 305 2767 λοὶ
338 2716 449 2768 τῶν
500 2717 599 2785 τὴν
656 2716 811 2768 πόλιν
870 2717 1002 2785 ἡμῖν
1056 2714 1351 2768 οἰκούντων
1390 2718 1456 2785 τῇ
1504 2714 1601 2768 τοῦ
1657 2714 1910 2768 λούεσθαι

215 2802 495 2873 ἐπιθυμίᾳ
546 2803 639 2855 ἐπὶ
701 2802 793 2855 τὸν
844 2802 1089 2872 ποταμὸν
1139 2802 1426 2873 τρέχουσι,
1477 2802 1649 2873 μυρία
1703 2820 1905 2874 κωμῳ-

214 2889 443 2951 δοῦντες
486 2890 630 2953 ἐκεῖ,
674 2888 1108 2957 ἀσελγαίνοντες,
1161 2888 1513 2959 σκιρτῶντες,
1559 2888 1905 2960 χορεύοντες,

217 2980 491 3045 γυναῖκας
557 2978 963 3048 ἐπισυρόμενοι.
1004 2972 1153 3048 *Αρα
1211 2977 1360 3033 τίνος
1423 2977 1490 3030 ἂν
1537 2973 1649 3030 εἶεν
1708 2978 1908 3031 ἐκεῖνοι

219 3064 559 3136 συγγνώμης
596 3066 770 3130 ἄξιοι,
813 3064 972 3129 ποίας
1015 3064 1354 3133 ἀπολογίας;
1403 3063 1604 3133 μᾶλλον
1655 3063 1711 3115 δὲ
1750 3064 1906 3127 ποίας

218 3154 324 3206 οὐκ
370 3154 438 3207 ἂν
482 3149 593 3206 εἷεν
620 3153 760 3219 ἄξιοι
807 3153 1083 3217 κολάσεως
1128 3154 1222 3206 καὶ
1254 3152 1559 3223 τιμωρίας;
1599 3151 1661 3205 Ἡ
1696 3153 1906 3224 κεφαλὴ

217 3239 324 3305 τῆς
380 3237 591 3298 πόλεως
639 3238 696 3289 ἐν
757 3234 836 3305 τῷ
889 3235 1279 3306 δεσμωτηρίῳ,
1327 3234 1398 3288 τά
1453 3234 1593 3305 μέλη
1638 3233 1799 3305 ἡμῶν
1849 3234 1905 3286 ἐν

217 3321 432 3393 ἐξορία,
462 3322 655 3392 ἀδηλος
684 3324 717 3394 ὴ
754 3325 884 3394 περὶ
915 3323 1121 3375 τούτων
1155 3322 1358 3391 ψῆφος,
1392 3322 1487 3374 καὶ
1522 3323 1587 3374 σὺ
1632 3318 1904 3393 χορεύεις,

218 3410 349 3463 εἰπέ
388 3428 499 3480 μοι,
534 3411 634 3464 καὶ
662 3410 881 3475 παίζεις
910 3410 1006 3464 καὶ
1040 3408 1236 3480 γελᾷςς
1274 3410 1348 3462 Οὐ
1377 3408 1487 3479 γὰρ
1523 3408 1765 3480 φέρομεν
1805 3407 1907 3479 τὴν

217 3494 506 3557 ἀλουσίαν,
538 3493 722 3565 φησίν,
747 3495 813 3546 Ὤ
863 3492 963 3563 τῆς
1013 3492 1375 3563 ἀναισχύντου
1425 3491 1684 3563 γνώμηςί
1726 3491 1774 3545 ὦ
1806 3491 1908 3562 τῆς

222 3580 500 3650 βαναύσου
553 3584 648 3635 καὶ
704 3580 1141 3651 διεφθαρμένηςί
1197 3579 1355 3634 πόσοι
1419 3580 1736 3648 γεγόνασιν,
1784 3580 1905 3633 είπέ

224 3681 358 3733 μοι,
416 3668 609 3735 μῆνεςς
658 3665 815 3717 πόσοι
883 3664 1157 3730 ἐνιαυτοί;
1216 3663 1373 3717 οῦπω
1421 3664 1629 3716 εἴκοσιν
1691 3662 1907 3735 ἡμέρας

221 3752 375 3821 ἔχεις
418 3752 526 3805 τῶν
578 3751 873 3822 βαλανείων
929 3752 1343 3817 ἀποκλεισθεὶς,
1390 3752 1488 3805 καὶ
1526 3751 1603 3814 ὡς
1658 3750 1906 3803 ἐνιαυτὸν

221 3840 369 3911 ἔχων
421 3840 713 3911 ὁλόκληρον
768 3842 826 3894 ἐν
868 3840 1125 3912 ἀλουσία,
1174 3839 1325 3912 [188]
1364 3838 1539 3902 οὕτως
1586 3838 1772 3903 ἀλύεις
1812 3840 1906 3892 καὶ

288 3998 315 4026 ⁸
344 3998 495 4047 Savil.
518 4003 569 4047 el
590 3999 787 4060 quidam
821 4012 936 4047 mss.
963 3998 1298 4061 δυσχεραίνεις.
1342 3997 1571 4055 Τοιοῦτος
1599 3996 1741 4057 ἦσθα.
1777 3995 1905 4047 Infra

224 4058 363 4110 idem
385 4063 481 4107 τῶν
502 4058 648 4123 ὀρέων
667 4061 925 4124 άνέτρεχες.

1204 511 1294 565 AD
1334 510 1669 569 POPULUM
1715 511 2217 571 ANTIOCﬂENL‘M
2284 508 2517 564 UOMIL.
2561 507 2695 566 XIX.

3590 513 3689 570 583

2015 627 2429 698 δυσχεραίνειςς
2466 625 2653 688 Οῦτως
2690 620 2833 695 ῆσθα
2859 633 2897 684 ⁸,
2930 624 3050 677 εἰπέ
3084 641 3196 695 μοι,
3225 624 3314 677 ὅτε
3348 627 3692 694 στρατιωτῶν

2018 714 2426 786 προσεδόκησας
2476 712 2686 782 ἔφοδον,
2737 713 2824 765 ὅτε
2856 711 2979 766 καθ’
3027 713 3266 782 ἐκάστην
3314 714 3539 785 ήλπιζες
3589 727 3687 793 τὴν

2018 801 2231 873 ἡμέραν
2266 798 2686 865 ἀποθανεῖσθαι,
2736 800 2822 851 ὅτε
2860 802 2939 862 εἰς
2991 800 3091 864 τὰς
3137 801 3379 874 ἐρήμους
3429 799 3687 869 ἔφευγες,

2016 888 2109 941 καὶ
2136 887 2236 951 τάς
2275 887 2518 959 κορυφάς
2561 888 2670 940 τῶν
2699 886 2874 958 ὀρέων
2921 887 3171 959 ἔτρεχεςς
3202 888 3271 941 Εἴ
3318 887 3400 950 τίς
3448 904 3529 940 σοι
3570 890 3690 942 τότε

2015 974 2325 1045 προέτεινεν
2355 973 2600 1029 ἐνιαυτὸν
2636 972 2931 1044 ὁλόκληρον
2967 977 3023 1027 ἐν
3052 974 3278 1046 ἀλουσίᾳ
3319 978 3518 1045 μεῖναι,
3550 975 3695 1030 ὥστε

2014 1061 2398 1131 ἀπαλλαγῆναι
2448 1062 2548 1129 τῆς
2594 1060 2953 1131 ἐπικειμένης
3005 1061 3277 1126 ἀγωνίας,
3321 1064 3422 1115 οὐκ
3454 1063 3522 1116 ἂν
3557 1059 3695 1115 ἐτοί-

2016 1166 2134 1219 μως
2188 1150 2460 1214 κατεδέξω
2503 1150 2597 1204 καὶ
2642 1150 2978 1220 ὑπέμεινας;
3024 1146 3155 1200 Δέον
3199 1144 3294 1201 οὖν
3344 1151 3691 1221 εὐχαριστεῖν

2010 1234 2089 1306 τῷ
2140 1238 2309 1308 χωρὶς
2349 1238 2530 1306 πάσης
2562 1237 2766 1307 ζημίας
2799 1236 3024 1288 λύσαντι
3070 1234 3245 1288 ταῦτα
3283 1235 3422 1305 Θεῷ,
3464 1239 3691 1307 σκιρτᾷς

2012 1323 2175 1376 πάλιν
2223 1323 2319 1376 καὶ
2350 1322 2694 1393 ἐξυϐρίζεις,
2742 1322 2836 1376 καὶ
2883 1322 3071 1394 ἐπειδὴ
3130 1323 3405 1393 παρῆλθεν
3433 1325 3460 1376 6
3506 1324 3688 1391 φόϐος,

2011 1412 2149 1484 πρὸς
2197 1411 2421 1483 μείζονα
2472 1410 2634 1464 πάλιν
2673 1410 2975 1480 ἐπανῆλθες
3033 1411 3343 1479 ῥαθυμίαν;
3394 1411 3551 1463 Οὓτω
3597 1428 3692 1465 σου

2009 1499 2291 1570 καθήψατο
2332 1500 2402 1552 τά
2438 1498 2609 1564 δεινὰ,
2642 1499 2718 1560 ὡς
2763 1499 2858 1550 καὶ
2894 1495 3192 1566 βαλανείων
3231 1497 3606 1566 ἐπιθυμῆσαι;
3644 1501 3693 1551 εί

2007 1588 2115 1658 γάρ
2159 1589 2341 1640 ἀνεῖτο
2378 1587 2446 1639 τὰ
2484 1587 2775 1655 βαλανεῖα,
2821 1586 2923 1639 οὐκ
2979 1580 3048 1654 ἦν
3090 1585 3250 1655 ἱκανὴ
3294 1585 3403 1637 τῶν
3438 1584 3517 1636 ἐτι
3560 1602 3693 1638 κατ-

2008 1674 2284 1742 εχομένων
2309 1675 2343 1742 ἡ
2374 1673 2647 1745 συμφορὰ,
2687 1674 2782 1726 καὶ
2815 1674 2943 1736 τοὺς
2973 1674 3075 1726 οὐκ
3098 1672 3259 1735 ὄντας
3282 1672 3341 1724 ἐν
3371 1674 3480 1735 τοῖς
3502 1672 3695 1735 δεινοῖς

2008 1758 2217 1821 τούτοις
2252 1761 2440 1811 πεῖσαι
2470 1760 2651 1828 πάσης
2684 1758 3038 1812 ἐπιλαθέσθαι
3066 1759 3312 1829 τρυφῆς;
3344 1758 3481 1829 Περὶ⁸
3513 1758 3695 1829 ψυχῆς

2012 1848 2040 1897 6
2073 1846 2315 1909 κίνδυνός
2345 1850 2482 1909 ἐστι,
2523 1847 2617 1901 καὶ
2660 1847 2724 1900 σὺ
2774 1846 3067 1917 βαλανείων
3117 1847 3414 1917 μέμνησαι,
3453 1848 3545 1900 καὶ
3575 1866 3696 1919 τρυ·

2015 1936 2121 2004 φᾷν
2172 1935 2384 2003 βούλει;
2432 1938 2813 2007 Καταφρονεῖς
2856 1937 2939 1988 ὅτι
2987 1934 3241 2003 διέφυγες
3287 1933 3421 2001 νῦν;
3468 1936 3569 2006 ὅρα
3617 1937 3693 2008 μὴ

2017 2020 2261 2091 μείζονος
2320 2023 2593 2086 κολάσεως
2648 2023 2830 2093 σαυτῷ
2887 2023 3229 2095 περιστήσῃς
3289 2023 3552 2094 ἀνάγκην,
3600 2024 3694 2079 καὶ

2018 2108 2177 2162 πάλιν
2227 2108 2573 2163 ἀπελθοῦσαν
2611 2109 2847 2181 καλέσῃς
2887 2110 3027 2180 μετά
3055 2109 3298 2173 πλείονος
3334 2106 3435 2180 τῆς
3469 2128 3693 2180 περιου-

2017 2194 2139 2259 σίας
2175 2194 2275 2266 τὴν
2305 2196 2560 2267 ἀπειλὴν,
2592 2198 2688 2250 καὶ
2719 2196 2901 2267 πάθῃς
2942 2194 3161 2260 ταυτὸν,
3200 2196 3229 2248 ὃ
3264 2195 3393 2265 περὶ
3423 2193 3531 2247 τῶν
3578 2194 3694 2250 δαι-

2018 2276 2246 2348 μόνωνδ
2291 2279 2454 2350 φησὶν
2504 2280 2532 2332 6
2580 2280 2817 2351 Χριστός
2849 2294 2863 2307 ·
2934 2277 3158 2331 ἐπειδὰν
3221 2278 3333 2349 γάρ
3380 2275 3571 2349 ἐξέλθῃ
3632 2275 3694 2331 τὸ

2014 2365 2233 2438 πνεῦμα
2290 2367 2354 2420 τὸ
2405 2367 2746 2439 ἀκάθαρτονξ,
2806 2365 2994 2439 φησὶν,
3040 2362 3159 2420 εἶτα
3204 2364 3342 2438 εὕρῃ
3395 2366 3488 2420 τὸν
3545 2362 3693 2421 οἶκον

2016 2452 2346 2523 σχολάζοντα
2390 2454 2485 2506 καὶ
2533 2452 2937 2525 σεσαρωμένον,
2990 2453 3129 2506 ἐπτά
3178 2453 3342 2524 ἐτερα
3409 2452 3695 2523 πνεύματα

2014 2540 2359 2613 πονηρότερα
2396 2540 2593 2595 ἐαυτοῦ
2630 2542 2795 2595 πάλιν
2821 2541 2987 2594 λαϐὸν
3016 2542 3396 2612 ἐπεισέρχεται
3427 2542 3495 2610 τῇ
3524 2540 3691 2612 ψυχῇ,

2016 2628 2110 2680 καὶ
2153 2628 2364 2697 γίνεται
2412 2628 2481 2681 τά
2530 2628 2735 2699 ἔσχατα
2786 2627 2953 2681 αὐτοῦ
3008 2628 3228 2699 χείρονα
3284 2624 3395 2681 τῶν
3437 2626 3690 2697 πρώτων.

2015 2713 2347 2785 Φοϐηθῶμεν
2382 2710 2476 2767 οῦν
2506 2715 2602 2768 καὶ
2641 2716 2822 2785 ἡμεῖς,
2860 2714 2934 2785 μὴ
2980 2714 3087 2766 τῶν
3129 2715 3409 2785 προτέρων
3452 2712 3696 2767 ἀπαλλα-

2017 2800 2225 2867 γέντες,
2255 2800 2479 2870 μείζονα
2503 2802 2613 2854 τῶν
2639 2802 2920 2873 προτέρων
2958 2799 3399 2871 ἐπισπασώμεθα
3422 2811 3444 2839 ε
3477 2800 3565 2854 διά
3593 2797 3696 2870 τῆς

2019 2889 2159 2958 μετὰ
2195 2888 2367 2942 ταῦτα
2399 2888 2691 2960 ῥᾳθυμίας.
2720 2883 2871 2953 Οἶδα,
2897 2890 2979 2941 ὅτι
3017 2889 3178 2959 ὑμεῖς
3218 2886 3423 2958 ταύτης
3465 2886 3692 2958 καθαροί

2014 2976 2139 3029 ἐστε
2184 2976 2286 3046 τῆς
2334 2977 2594 3040 ἀτοπίαςο
2641 2976 2779 3030 ἀλλά
2831 2977 2928 3030 καὶ
2973 2976 3099 3039 τοὺς
3147 2974 3526 3046 ἀκοσμοῦντας
3561 2993 3694 3029 κατ·-

2015 3062 2190 3133 έχετε,
2221 3062 2504 3127 κολάζετε,
2530 3063 2917 3135 σωφρονίζετε,
2948 3062 3036 3116 ἵνα
3068 3064 3301 3118 πάντοτε
3336 3062 3616 3133 χαίρωμεν
3635 3061 3690 3119 ἀ.

2016 3147 2198 3212 καθὼς
2234 3151 2263 3202 6
2310 3149 2521 3213 Παῦλος
2576 3150 2933 3222 προσέταξεν,
2974 3150 3125 3213 ὃπως
3166 3151 3261 3203 καὶ
3310 3149 3420 3202 τῶν
3473 3149 3691 3201 οἰκείων

2014 3235 2457 3307 κατορθωμάτων
2502 3237 2597 3289 καὶ
2628 3237 2729 3307 τῆς
2776 3236 2979 3308 ἐτέρων
3034 3238 3292 3309 προνοίας
3353 3236 3553 3306 πολλὴν
3594 3236 3690 3289 καὶ

2014 3320 2271 3386 ἐνταῦθα,
2299 3324 2396 3375 καὶ⁹
2449 3322 2590 3375 κατὰ
2618 3323 2716 3393 τὴν
2749 3322 3048 3393 μέλλουσαν
3087 3321 3231 3394 ζωὴν
3265 3320 3691 3392 καρπωσώμεθα

2012 3410 2111 3481 τὴν
2165 3410 2423 3482 ἀμοιϐὴν,
2481 3412 2664 3482 χάριτι
2724 3411 2819 3464 καλ⁵
2886 3410 3267 3480 φιλανθρωπία
3324 3407 3418 3462 τοῦ
3483 3408 3690 3479 Κυρίου

2011 3497 2167 3568 ήμῶν
2206 3497 2381 3569 Ἰησοῦ
2413 3498 2674 3569 Χριστοῦ,
2705 3498 2770 3551 δι’
2800 3490 2863 3550 οῦ
2898 3497 2993 3551 καὶ
3029 3496 3147 3568 μεθ’
3174 3493 3236 3551 οῦ
3265 3497 3345 3567 τῷ
3373 3496 3550 3567 Πατρὶ
3575 3495 3691 3564 ἅμα

2009 3584 2088 3655 τῷ
2125 3584 2267 3657 ἁγίῳ
2316 3586 2595 3657 Πνεύματι
2641 3585 2805 3649 δόξα,
2852 3583 2987 3655 τιμὴ
3022 3584 3115 3637 καὶ
3150 3586 3552 3656 προσκύνησις,
3597 3584 3691 3637 νῦν

2011 3673 2104 3725 καὶ
2129 3674 2238 3735 ἀεὶ,
2268 3674 2361 3726 καὶ
2385 3676 2465 3736 εἰς
2493 3675 2619 3736 τοὺς
2647 3672 2851 3735 αἰῶνας
2884 3672 2991 3724 τῶν
3018 3666 3259 3726 αἰώνων.’
3286 3672 3481 3743 Ἀμήν.

2073 3868 2103 3939 ιθ
2124 3874 2276 3939 ξδνὶι.
2297 3881 2351 3925 ει
2366 3876 2562 3939 quidam
2586 3888 2699 3939 mss.
2726 3876 2832 3939 περὶ
2854 3876 2950 3939 τῶν
2972 3874 3319 3939 δαιμονῶντων.

2075 3937 2211 4046 gSiiz5
2240 3936 2563 3989 recte'Sawl.
2609 3936 2806 3990 Edilum
2844 3936 3031 3996 fuerat,
3072 3939 3190 3985 satis
3220 3937 3379 3999 male,
3432 3937 3689 3987 ἐκσπασώ·

2100 4015 2148 4046 α.
2217 4011 2313 4047 nrr.

2015 4013 2148 4058 μευα.
2174 4013 2313 4047 ιιυιτ.

2072 4059 2099 4097 ἀ
2120 4061 2217 4109 Alii
2242 4060 2456 4123 χαίρητε.

551 4307 629 4375 Τῇ
667 4306 932 4375 Κηριακῇ
971 4304 1080 4372 τῆς
1108 4302 1591 4371 ἐπισωζομέιηςα
1629 4301 1779 4370 πρὸς
1808 4300 1948 4365 τοὺς
1973 4300 2090 4354 ἀπὸ
2126 4299 2232 4368 τῆς
2264 4301 2460 4371 χώρας
2482 4319 2494 4331 ·
2540 4302 2636 4354 καὶ
2670 4302 2801 4370 περὶ
2836 4301 2943 4354 τοῦ
2976 4301 3057 4368 μὴ
3098 4303 3359 4371 ὀμνύειν.

885 4504 1110 4571 Ὀμιλιά
1160 4510 1249 4560 ιϐ’.

299 4613 372 4667 α’.
401 4610 863 4683 Κατετρυφήσατε
891 4610 1000 4663 τῶν
1035 4612 1206 4680 ἀγίων
1231 4613 1526 4686 μαρτύρων
1559 4613 1616 4664 ἐν
1645 4612 1766 4672 ταῖς
1811 4609 1909 4677 ἐμ-

229 4702 471 4773 προσθεν
494 4699 715 4761 ταύταις
731 4698 967 4768 ἡμέραις
983 4714 997 4728 ·
1020 4699 1387 4771 ἐνεφορήθητε
1410 4700 1511 4770 τῆς
1534 4698 1911 4769 πνευματικῆς

230 4792 464 4864 ἑορτῆς·
521 4789 881 4858 ἐσκιρτήσατε
938 4787 1008 4840 τὰ
1075 4788 1217 4842 καλά
1288 4792 1676 4861 σκιρτήματα·
1740 4788 1908 4841 εἴδετε

230 4877 473 4947 πλευρὰς
540 4874 925 4945 ήνειελγμένας,
981 4874 1076 4926 καὶ
1139 4875 1372 4945 λαγόνας
1434 4875 1908 4948 κατατμηθείσας,

230 4960 372 5035 αἷμα
404 4962 711 5033 καταρρέον
746 4960 1032 5021 πάντοθεν,
1068 4963 1239 5032 μυρία
1284 4964 1721 5037 βασανιστηρίων
1760 4964 1905 5033 εἴδη·

231 5052 401 5104 εἴδετε
437 5048 599 5117 φύσιν
647 5048 993 5119 ἀνθρωπίνην
1038 5049 1105 5101 τά
1137 5049 1276 5123 ὑπὲρ
1323 5053 1487 5123 φύσιν
1532 5053 1910 5121 ἐπιδεικνυμέ-

229 5157 351 5210 νην,
385 5138 479 5191 καὶ⁵
528 5137 826 5205 στεφάνους
872 5135 931 5202 ἐξ
976 5134 1209 5206 αἵματος
1262 5141 1656 5213 πλεκομένους·
1691 5141 1910 5212 ἐχορεύ-

236 5245 361 5281 σατε
402 5226 622 5298 χορείαν
655 5225 846 5295 καλὴν,
893 5224 1167 5294 πανταχοῦ
1208 5226 1307 5296 τῆς
1352 5231 1558 5294 πόλεως
1601 5230 1694 5284 τοῦ
1741 5227 1907 5283 καλοῦ

233 5314 424 5368 τούτου
477 5313 832 5384 περιάγοντος
866 5312 1008 5383 ὑμᾶς
1040 5314 1347 5384 στρατηγοῦ
1369 5332 1383 5347 ο
1420 5317 1547 5369 ἀλλ’
1578 5319 1723 5389 ἡμᾶς
1758 5314 1908 5389 [I89]

235 5404 266 5472 η
294 5402 548 5455 ἀσθένεια
578 5402 671 5455 καὶ
694 5401 925 5464 ἄκοντας
953 5400 1090 5453 οἶκοι
1121 5399 1302 5470 μένειν
1336 5406 1739 5473 κατηνάγκαζε.
1764 5405 1909 5475 Πλὴν

232 5492 281 5543 εί
334 5489 432 5542 καὶ
481 5489 556 5559 μὴ
614 5488 950 5559 μετέσχομεν
1001 5486 1102 5556 τῆς
1157 5487 1381 5559 ἑορτῆς,
1428 5492 1763 5563 μετέσχομεν
1810 5494 1910 5562 τῆς

233 5576 429 5647 ἡδονῆς
450 5593 464 5604 ·
502 5577 554 5628 εί
584 5574 678 5628 καὶ
709 5575 784 5646 μὴ
813 5576 915 5646 τῆς
946 5573 1307 5647 πανηγύρεως
1340 5574 1759 5647 ἀπηλαύσαμεν,
1792 5578 1908 5634 ἀλλ’

233 5665 673 5736 ἐκοινωνήσαμεν
723 5662 824 5733 τῆς
863 5664 1203 5735 εὐφροσύνης
1252 5663 1400 5732 ὑμῖν.
1442 5664 1680 5735 Τοιαύτη
1722 5667 1830 5738 γάρ
1870 5670 1904 5738 ή

233 5751 331 5819 τῆς
360 5751 581 5821 ἀγάπης
616 5752 879 5823 δύναμις·
912 5753 1039 5815 τοὺς
1077 5752 1176 5806 ούκ
1217 5749 1589 5813 ἀπολαύοντας
1628 5753 1738 5805 τῶν
1769 5755 1904 5808 ἀπο-

1926 4422 1996 4432 φ.-

2014 4501 2195 4571 ἁγαθά
2235 4500 2494 4553 πείθουσα
2540 4498 2803 4569 νομίζειν.
2850 4500 2951 4553 Διά
2999 4500 3158 4554 τοῦτο
3217 4503 3313 4555 καὶ
3362 4504 3501 4555 οἴκοι
3547 4502 3682 4557 καθ-

2015 4590 2219 4659 ήμενος
2251 4588 2466 4657 ἔχαιρον
2499 4585 2616 4656 μεθ’
2643 4587 2817 4657 ὑμῶν,
2848 4586 2943 4639 καὶ
2960 4587 3059 4657 τῆς
3104 4588 3413 4660 ἀρρωστίας
3446 4608 3535 4660 μοι
3581 4608 3687 4661 μη·-

2012 4676 2159 4731 δέπω
2181 4676 2431 4745 λυθείσης
2454 4674 2691 4745 ἀπάσης,
2713 4674 2947 4745 ἀνέστην
2975 4677 3071 4729 καὶ
3090 4675 3325 4747 ἔδραμον
3350 4678 3487 4748 πρὸς
3519 4679 3683 4748 ὑμᾶς,

2011 4766 2152 4819 ὥστε
2180 4766 2251 4818 τά
2289 4763 2512 4818 ποθεινά
2544 4763 2813 4836 πρόσωπα
2849 4764 3005 4833 ὑμῶν
3042 4764 3170 4819 ίδείν
3210 4766 3302 4818 καὶ
3338 4766 3438 4835 τῆς
3480 4767 3688 4837 παρού-

2015 4871 2115 4923 σης
2147 4851 2339 4922 ἐορτῆς
2374 4854 2686 4921 μετασχεῖν.
2723 4850 2947 4923 Ἐορτὴν
2978 4851 3088 4921 γάρ
3135 4853 3397 4922 μεγίστην
3428 4849 3566 4905 εἶναι
3597 4871 3687 4906 vo-

2015 4944 2154 5013 μίζω
2183 4940 2280 5011 τὴν
2305 4940 2588 5012 παροῦσαν
2623 4941 2856 5013 ἡμέραν,
2884 4941 2972 4994 διά
3003 4940 3103 5011 τὴν
3130 4941 3238 4994 τῶν
3268 4940 3512 5009 ἀδελφῶν
3541 4959 3687 5013 παρ-

2010 5028 2198 5082 ουσίαν
2256 5026 2367 5080 τῶν
2412 5028 2717 5098 ἡμετέρων,
2753 5027 2801 5079 οἳ
2835 5027 2934 5096 τὴν
2992 5027 3146 5080 πόλιν
3197 5030 3329 5099 ἡμῖν
3378 5028 3683 5082 ἐκαλλώπι-

2013 5135 2111 5170 σαν
2158 5118 2398 5188 τήμερον
2458 5119 2552 5170 καὶ⁵
2606 5117 2702 5186 τήν
2744 5116 2772 5156 ιτ
2814 5115 3115 5185 ἐκκλησίαν
3168 5118 3504 5187 ἐκόσμησαν.
3541 5118 3685 5180 Δαὸς

2013 5206 2156 5259 κατά
2204 5208 2303 5276 μὲν
2342 5206 2442 5276 τὴν
2484 5204 2729 5273 γλῶτταν
2773 5205 2905 5273 ἡμῖν
2948 5204 3381 5274 ἐνηλλαγμένος,
3434 5203 3575 5257 κατά
3625 5204 3684 5258 δὲ

2009 5296 2107 5366 τὴν
2136 5294 2319 5348 πίστιν
2350 5296 2484 5365 ἡμῖν
2520 5291 2852 5363 συμφωνῶν,
2886 5292 3011 5355 λαὸς
3040 5291 3440 5363 ἀπραγμοσύνῃ
3480 5289 3681 5355 συζῶν,

2012 5383 2125 5451 βίον
2174 5380 2431 5452 σώφρονα
2476 5381 2571 5432 καὶ
2610 5378 2808 5448 σεμνὸν
2856 5379 3012 5449 ἔχων.
3061 5379 3217 5450 Παρά
3266 5378 3375 5447 γὰρ
3434 5381 3546 5440 τοῖς
3587 5378 3677 5430 ἀν-

2009 5470 2166 5541 δράσι
2212 5468 2422 5530 τούτοις
2464 5468 2564 5521 ούκ
2610 5466 2725 5519 ἐστι
2766 5466 2967 5538 θέατρα
3013 5465 3380 5535 παρανομίας,
3422 5465 3546 5518 ούδέ
3591 5466 3683 5518 ἴπιο

2012 5576 2127 5613 πων
2157 5556 2400 5626 ἅμιλλαι,
2428 5555 2547 5609 οὐδὲ
2585 5556 2781 5625 πόρναι
2826 5556 3101 5623 γυναῖκες,
3132 5553 3252 5606 οὐδὲ
3301 5555 3334 5623 ἡ
3380 5553 3543 5624 λοιπὴ
3582 5556 3681 5624 τῆς

2014 5647 2219 5707 πόλεως
2258 5647 2509 5717 ταραχή·
2538 5645 2654 5697 ἀλλ’
2679 5645 2824 5697 ἅπαν
2866 5643 2964 5713 μὲν
2998 5641 3289 5709 ἀσελγείας
3317 5639 3456 5707 εἶδος
3498 5643 3682 5713 ἐξελήα

2011 5735 2187 5798 λαται,
2218 5732 2387 5803 πολλὴ
2431 5732 2487 5784 δὲ
2539 5730 2813 5799 πανταχοῦ
2863 5729 3016 5782 ἀνθεῖ
3060 5732 3091 5800 ἡ
3140 5730 3485 5801 σωφροσύνη.
3520 5731 3592 5783 Τὸ
3622 5731 3681 5782 δὲ

234 5818 504 5889 λάυόντων
530 5818 590 5902 ἐξ
617 5818 917 5908 [σης-ποιεῖ
959 5839 1189 5911 χαίρειν,
1235 5838 1389 5893 κοινά
1429 5837 1498 5891 τὰ
1527 5838 1632 5892 τῶν
1674 5840 1898 5913 πλησίον
2002 5827 2192 5888 αἴτιον,
2235 5821 2491 5883 ἐπίπονος
2521 5821 2704 5882 αὐτοῖς
2748 5821 2893 5871 ἐστιν
2926 5820 2956 5871 6
3008 5818 3138 5889 βίος,
3172 5820 3268 5873 καὶ
3311 5819 3681 5872 διδασκαλεῖον

294 6051 320 6079 ³
345 6045 497 6113 Savﬂ.
523 6053 568 6094 et
586 6049 793 6113 quidam,
822 6064 936 6098 mss.
962 6057 1045 6113 τῆς
1084 6050 1449 6113 ἒπισωζομένης,
1490 6058 1542 6102 el
1564 6054 1667 6104 hac
1689 6058 1766 6104 csl
1791 6068 1905 6109 vera

232 6113 382 6167 lectio
406 6129 415 6149 τ
441 6108 621 6157 Μυτεδίξ
639 6118 688 6157 cl
715 6112 906 6171 quidnm
930 6112 1009 6160 alii
1037 6119 1115 6167 τῆς
1160 6108 1441 6168 σωζομένης.

2071 6000 2101 6040 b
2123 5994 2270 6058 Savil.
2294 6000 2345 6043 et
2366 5993 2448 6043 alii
2473 5995 2801 6058 ἐκαλλώπισαν
2824 5996 3025 6058 τήμερον
3050 5997 3130 6042 καὶ
3151 5996 3247 6058 τήν,
3273 5992 3680 6058 (Recepimm

2014 6073 2193 6125 μερον.)
2220 6057 2372 6125 Ιὶόρῃι
2398 6057 2657 6125 ῐηοξ-κατᾲ
2676 6058 2760 6113 τήν
2779 6051 2897 6107 ἰδίαν
2916 6051 3145 6119 γλῶτταν.
3170 6055 3295 6108 Infra
3333 6051 3479 6107 iidém
3517 6055 3626 6106 οὐδὲ
3645 6051 3678 6114 ἢ

2014 6119 2154 6178 iui-mh
2180 6128 2263 6179 τῆς
2282 6122 2465 6169 πόλεως
2491 6120 2539 6179 β)
2551 6119 2704 6166 auia.
