4414 6690
397 478 497 532 189

391 609 443 647 m
474 592 631 645 vitam
662 589 799 647 Deus
828 597 1063 645 nostram
1092 580 1286 635 intulit.
1313 576 1519 632 Etenim
1547 583 1668 629 ante
1690 579 1964 644 peceatum

390 682 560 736 Adam
605 681 819 751 quando
862 676 1025 732 multa
1076 670 1346 725 fruebatur
1382 667 1643 729 libertate,
1680 662 1968 734 agricultu-

387 791 502 831 ram
527 774 810 846 quamdam
837 768 988 823 obire
1022 763 1203 834 jussus
1227 768 1340 826 est,
1373 773 1477 813 non
1506 756 1825 812 laboriosam
1851 754 1970 825 qui-

386 869 535 932 dem,
567 880 665 921 nec
693 869 959 917 mrumnas
986 853 1293 916 habentem,
1324 848 1421 904 sed
1447 848 1665 903 multam
1710 846 1811 902 sibi
1834 858 1969 915 pra:-

387 958 601 1011 beutem
652 945 1060 1023 phil050phiam.
1122 942 1303 996 Posuit
1358 939 1500 995 enim
1546 940 1733 1010 ipsum,
1768 936 1864 1001 ait,
1912 943 1969 987 ut

387 1054 684 1116 operaretur
710 1049 756 1095 et
790 1036 1062 1092 custodiret
1086 1032 1384 1104 paradisum
1417 1030 1578 1103 (Gen.
1617 1027 1826 1098 2.15).
1861 1024 1968 1079 Ho-

387 1155 506 1192 rum
534 1143 799 1205 quemque
816 1139 1066 1182 cerneres
1101 1138 1243 1179 nunc
1270 1122 1480 1193 quidem
1510 1123 1673 1179 boves
1694 1121 1966 1190 jugantem

387 1226 649 1283 aratorios
677 1231 730 1276 et
775 1228 1010 1273 aratrum
1040 1216 1334 1271 trahentem
1377 1224 1431 1271 et
1473 1212 1791 1284 profundum
1829 1208 1970 1263 scin-

388 1324 605 1374 dentem
654 1312 884 1374 sulcum,
930 1322 1071 1363 nunc
1118 1315 1294 1361 autem
1341 1320 1550 1361 sacrum
1593 1300 1968 1357 ascendentem

391 1417 694 1479 suggestum
753 1415 809 1459 et
862 1402 1195 1458 subditorum
1245 1402 1450 1455 animas
1498 1407 1787 1453 arantem:
1828 1406 1969 1446 nunc

384 1500 600 1570 quidem
631 1496 741 1565 agri
770 1495 950 1564 spinas
976 1493 1309 1549 excidentem
1341 1492 1494 1553 falce,
1522 1501 1665 1543 nunc
1692 1499 1824 1540 vero
1850 1497 1967 1537 ser-

388 1604 550 1644 mone
600 1602 665 1641 ex
708 1586 901 1639 animis
962 1591 1177 1654 peccata
1227 1590 1613 1651 emergentem.
1671 1575 1787 1629 Non
1826 1574 1967 1628 enim

385 1679 709 1734 erubescunt
730 1677 985 1740 culturas,
1017 1676 1153 1728 sicut
1183 1673 1331 1727 urbis
1379 1679 1574 1723 nostra:
1618 1664 1826 1727 incolae,
1876 1660 1970 1715 sed

384 1771 708 1825 erubescunt
732 1768 1032 1837 segnitiem,
1069 1764 1320 1834 quoniam
1349 1759 1653 1813 didicerunt
1682 1754 1823 1808 illam
1856 1768 1970 1804 om-

387 1876 513 1914 nem
544 1859 791 1913 docuisse
814 1856 1069 1911 malitiam
1105 1871 1117 1905 :
1151 1861 1207 1907 et
1245 1850 1312 1903 ab
1352 1848 1505 1901 initio
1536 1860 1595 1899 se
1623 1841 1969 1911 diligentibus

387 1952 638 2021 nequitia:
665 1950 827 2003 fuisse
855 1947 1182 2015 magistram.
1215 1940 1277 1995 Hi
1306 1947 1431 1994 sunt
1450 1937 1687 1991 maxime
1707 1935 1795 2003 qui
1816 1932 1971 1987 nobis

384 2044 642 2109 optimam
670 2036 1031 2109 philosophari
1064 2033 1312 2088 videntur
1338 2026 1753 2099 pliilOSOphiam,
1785 2038 1888 2078 non
1907 2038 1967 2075 ex

386 2133 593 2196 habitu,
624 2130 717 2185 sed
748 2145 815 2184 ex
858 2125 1122 2181 sententia
1162 2123 1411 2176 virtutem
1460 2133 1609 2174 suam
1637 2116 1968 2171 exhibentes.

386 2224 571 2294 Itaque
600 2232 946 2278 externorum
975 2216 1297 2288 philosophi,
1339 2212 1565 2270 scenicis
1593 2220 1648 2266 ct
1685 2211 1969 2265 mimorum

387 2319 529 2371 ludis
579 2315 889 2369 vacantibus
934 2312 1099 2367 nihilo
1128 2310 1317 2365 melius
1362 2322 1421 2361 se
1466 2306 1680 2368 habent,
1732 2301 1890 2371 pallio
1919 2308 1973 2354 et

386 2410 552 2462 barba
596 2417 650 2463 et
690 2408 825 2463 stola
853 2406 982 2460 nihil
1036 2404 1263 2473 amplius
1304 2400 1557 2455 exhibere
1608 2398 1843 2451 valentes
1877 2412 1889 2448 :
1919 2392 1970 2446 hi

386 2518 515 2556 vero
542 2510 747 2564 contra,
793 2499 982 2552 baculo
1035 2506 1085 2551 et
1144 2494 1306 2549 barba
1351 2502 1405 2546 et
1456 2492 1664 2559 reliquo
1716 2494 1971 2556 apparatu

387 2596 400 2647 Ι
430 2610 600 2662 ngum
632 2593 808 2646 valere
825 2590 1006 2660 jussis,
1036 2589 1268 2642 animam
1291 2600 1440 2638 suam
1464 2597 1603 2636 vera:
1624 2578 1973 2650 phiIOSOphire

386 2682 667 2751 νηνςιιριίε
698 2693 1049 2741 exornavere,
1084 2691 1184 2729 nec
1210 2672 1497 2742 prmceptis
1538 2678 1765 2732 tantum,
1788 2682 1971 2721 verum

386 2784 438 2825 et
486 2772 741 2840 operibus
773 2768 921 2837 ipsis.
956 2768 1019 2821 Et
1056 2767 1098 2820 si
1130 2765 1321 2818 borum
1347 2761 1648 2831 quempiam
1680 2760 1974 2825 interroges

387 2865 440 2916 in
474 2861 797 2931 agricultura
825 2858 1114 2912 viventium
1141 2898 1155 2921 ,
1191 2865 1245 2909 et
1276 2854 1452 2923 ligone
1495 2860 1550 2906 ct
1584 2858 1761 2903 aratro
1804 2847 1975 2902 confc-

385 2965 618 3007 etorum.
656 2950 723 3004 de
766 2949 1050 3019 dogmatis,
1092 2947 1158 3001 de
1195 2945 1386 3015 quibus
1434 2940 1637 2996 inﬁnita
1672 2948 1973 3009 qurereutes

386 3045 598 3101 externi
647 3038 971 3112 philosophi,
1016 3048 1071 3093 et
1112 3049 1388 3091 sermones
1427 3032 1623 3087 multos
1666 3027 1970 3089 fundentes,

388 3137 518 3190 nihil
552 3149 738 3189 sanum
769 3132 947 3185 dicere
972 3136 1281 3200 potuerunt,
1310 3123 1499 3179 sedulo
1519 3130 1705 3177 cuncta
1734 3118 1827 3173 tibi
1849 3132 1973 3172 cum

387 3228 554 3282 multa
586 3222 932 3293 respondebit
978 3218 1256 3289 sapientia.
1288 3215 1397 3271 Nec
1421 3214 1523 3269 hoc
1551 3220 1751 3267 tantum
1775 3218 1856 3264 est
1880 3208 1976 3262 ad-

388 3317 653 3381 mirabile,
705 3330 890 3369 verum
942 3319 995 3365 ct
1033 3309 1283 3381 quoniam
1323 3321 1419 3376 per
1464 3318 1626 3373 opera
1668 3301 1975 3371 dogmatum

388 3410 549 3464 ﬁdem
583 3409 810 3461 ﬁrmant.
862 3402 1072 3458 Etenim
1113 3398 1255 3469 quod
1298 3397 1530 3452 animam
1560 3392 1851 3447 habeamus
1881 3391 1981 3444 im-

390 3500 709 3561 mortalem,
761 3505 815 3550 et
858 3494 1095 3548 omnium
1148 3505 1267 3559 qua:
1317 3487 1403 3542 hic
1443 3494 1700 3557 geruntur
1748 3483 1980 3536 rationes

389 3590 615 3645 reddere
635 3588 946 3649 debeamus,
975 3592 1028 3637 et
1050 3578 1329 3637 tremendo
1356 3579 1608 3633 assistere
1635 3573 1901 3635 tribunali,
1926 3584 1980 3627 et

391 3685 442 3735 in
477 3688 653 3733 mente
675 3677 775 3731 sibi
801 3680 1212 3744 persuaserunt,
1240 3679 1295 3725 et
1322 3670 1482 3721 vitam
1509 3680 1721 3720 omnem
1754 3663 1819 3716 ad
1843 3663 1979 3716 hanc

389 3786 543 3839 spem
576 3767 936 3826 instituerunt,
990 3771 1043 3816 et
1084 3758 1230 3814 omni
1258 3756 1497 3811 smeulari
1531 3770 1720 3823 pompa
1747 3753 1981 3820 superio-

391 3880 479 3915 res
500 3859 714 3923 redditi,
756 3866 917 3925 atque
967 3870 997 3908 a
1046 3853 1224 3907 divina
1276 3849 1468 3906 eruditi
1510 3847 1802 3915 Scriptura,
1840 3844 1979 3914 quod

405 3952 615 4004 Vunitas
642 3951 944 4012 vnnitatum,
987 3955 1033 3999 et
1063 3945 1233 3998 omnia
1256 3944 1453 3997 vanitas
1480 3940 1673 4009 (Eccle.
1712 3940 1761 3992 1.
1789 3939 1848 4005 2)
1874 3956 1887 3991 2
1916 3937 1980 3989 ad

395 4047 469 4099 nil
497 4059 683 4099 eorum
713 4057 831 4111 qum
863 4039 1109 4093 videntur
1140 4050 1258 4091 esse
1278 4035 1443 4097 clara,
1473 4032 1743 4086 anhelant.

474 4137 667 4192 Rustici
696 4133 1025 4204 sapientiores
1050 4128 1269 4197 antiquis
1299 4125 1633 4193 pltiloscpliis.
1662 4153 1729 4163 —
1758 4123 1818 4175 lii
1844 4121 1983 4175 etde

399 4233 512 4285 lico
546 4231 658 4283 hinc
690 4224 1051 4296 philosophari
1096 4228 1329 4282 norunt,
1357 4235 1475 4286 qua-
1522 4218 1659 4271 Deus
1693 4214 1977 4268 mandavit.

401 4326 484 4375 Ac
509 4319 554 4373 si
608 4331 887 4372 assumens
915 4326 1101 4368 eorum
1134 4325 1317 4371 unum,
1348 4307 1723 4375 philosophum
1754 4305 1981 4373 aliquem

396 4422 745 4465 externorum
771 4419 911 4458 nunc
940 4405 992 4455 in
1020 4400 1253 4455 medium
1280 4398 1533 4463 adducas,
1566 4398 1672 4450 imo
1692 4412 1819 4449 vero
1846 4409 1985 4447 nunc

395 4498 614 4570 quidem
658 4495 833 4549 nullus
876 4500 1047 4561 potest
1076 4489 1339 4553 inveniri;
1370 4490 1415 4543 si
1452 4503 1579 4542 vero
1615 4486 1802 4539 horum
1832 4499 1983 4537 assu-

400 4604 517 4643 mas
559 4600 763 4650 unum,
803 4581 1160 4648 evolvensquc
1206 4580 1500 4645 priscorum
1545 4574 1983 4646 phi1050phorum

400 4684 567 4736 libros
590 4692 871 4749 percurras
894 4694 909 4731 :
931 4672 1130 4742 etquid
1158 4672 1209 4725 hi
1235 4672 1448 4741 quidem
1472 4686 1611 4725 nunc
1637 4668 1981 4738 respondent,

399 4772 528 4841 quid
557 4779 734 4825 autem
763 4768 836 4823 illi
870 4776 996 4820 tunc
1025 4762 1384 4833 philosophati
1430 4772 1591 4828 sunt,
1626 4764 1677 4817 in
1710 4774 1985 4829 compara-

402 4866 549 4917 tione
575 4877 780 4933 ponens
810 4858 1062 4914 discutias
1085 4896 1100 4921 ,
1130 4854 1331 4908 videbis
1359 4864 1554 4923 quanta
1582 4856 1652 4908 sit
1685 4853 1871 4906 horum
1899 4866 1985 4904 sa-

402 4954 641 5022 pientia,
673 4962 870 5021 quanta
911 4962 1039 5002 vero
1083 4946 1292 4999 illorum
1338 4943 1627 4997 dementia.
1669 4944 1801 4998 Cum
1844 4942 1985 4997 enim

404 5045 641 5111 ipsorum
671 5042 885 5111 quidam
925 5039 1120 5094 nullam
1161 5036 1213 5088 in
1255 5034 1412 5089 rebus
1446 5049 1567 5089 esse
1609 5035 1987 5104 providentiam

402 5134 617 5194 dicant,
648 5147 745 5186 nec
768 5148 796 5185 a
826 5134 933 5186 Deo
956 5136 1190 5183 creatum
1216 5139 1336 5179 esse
1368 5125 1655 5188 mundum,
1690 5142 1861 5195 neqttc
1882 5126 1987 5177 vir-

406 5234 572 5279 tutem
593 5223 693 5278 sibi
723 5224 822 5292 ipsi
850 5223 1201 5279 sufﬁcientem
1231 5231 1372 5281 esse,
1400 5216 1493 5271 sed
1522 5232 1656 5286 epus
1684 5234 1805 5273 esse
1835 5232 1992 5286 pecu-

405 5317 509 5371 niis
535 5322 589 5367 ct
618 5314 897 5369 nobilitate
935 5322 989 5368 et
1018 5310 1272 5367 exteriori
1310 5307 1548 5362 claritate
1568 5350 1583 5375 ,
1613 5319 1666 5365 et
1696 5308 1861 5364 multa
1890 5308 1989 5361 alia

406 5407 491 5461 his
523 5403 689 5472 magis
716 5402 936 5458 ridicula
963 5404 1053 5459 :hi
1084 5411 1262 5458 autem
1293 5408 1346 5455 ct
1371 5398 1437 5455 de
1467 5399 1819 5468 providentia,
1848 5408 1902 5456 et
1926 5398 1992 5455 de

404 5496 620 5569 iudiciis
640 5495 1007 5564 sequentibus,
1030 5505 1084 5551 et
1102 5494 1169 5550 de
1197 5494 1291 5550 Dei
1317 5491 1605 5557 creatione,
1631 5492 1719 5561 qui
1741 5507 1806 5547 ex
1830 5491 1995 5546 nihilo

405 5590 585 5645 omnia
616 5585 891 5658 produxit,
919 5596 973 5641 et
998 5588 1064 5642 de
1094 5587 1213 5642 aliis
1242 5585 1486 5641 omnibus
1514 5582 1955 5654 philosophentur
1979 5626 1992 5647 ,

406 5682 538 5738 nihil
570 5680 788 5735 omnino
814 5678 881 5733 de
907 5688 1123 5733 externa
1152 5680 1382 5734 scientes
1410 5675 1708 5747 disciplina,
1740 5675 1858 5744 quis
1890 5690 1994 5729 non

410 5777 537 5831 hinc
560 5772 755 5830 Christi
787 5772 1073 5843 potentiam
1106 5771 1294 5837 discat,
1323 5788 1443 5840 qua:
1474 5770 1750 5825 illiteratus
1776 5775 1828 5821 et
1857 5766 1993 5822 idio—

414 5878 495 5922 tas
522 5868 741 5921 tmdtmn
760 5865 811 5919 in
829 5863 1081 5935 sapientia
1101 5861 1445 5933 gloriantibus
1473 5872 1617 5917 tanto
1647 5858 1993 5932 sapientiores

1208 468 1296 521 AD
1337 461 1651 520 POPULU.“
1695 457 2177 515 ANTIOCHENUM
2245 460 2467 514 IIOMIL
2511 460 2653 515 XIX.

3556 464 3661 519 I90

2077 572 2557 636 demonstraverit,
2612 584 2807 642 quanto
2862 573 3033 641 parvis
3087 573 3319 641 puerulis
3370 575 3653 642 prudentes

2076 662 2219 714 viros
2259 670 2573 730 przestantes
2611 678 2829 717 CCT'H‘I‘C
2868 664 2992 718 est?
3028 664 3178 731 Quod
3223 665 3362 717 enim
3394 664 3521 733 ipsis
3559 668 3655 720 ἀξια

2077 770 2257 807 mnum
2281 768 2347 807 ex
2374 756 2635 809 sermonis
2662 756 2921 824 imperitia
2950 771 3067 811 csse
3099 757 3283 825 possit,
3308 771 3427 809 eum
3451 769 3653 811 mentes

2079 843 2243 897 multa
2277 844 2383 898 sint
2425 844 2553 914 ipsis
2582 845 2753 915 plenae
2791 847 3094 913 sapientia?
3124 864 3240 917 qunt-
3272 862 3401 902 vero
3426 851 3658 901 externis

2077 952 2142 991 ex
2169 951 2477 991 sermonum
2505 936 2781 1006 disciplina
2814 939 3013 991 utilitas
3038 981 3051 1001 ,
3075 953 3195 997 eum
3228 953 3379 993 meus
3407 954 3564 994 sensu
3593 941 3660 993 sit

2077 1029 2277 1083 vacua?
2312 1028 2380 1083 Ut
2409 1030 2452 1084 si
2492 1029 2612 1099 quis
2658 1044 2840 1084 ensem
2884 1040 3130 1098 gereret,
3162 1031 3405 1097 capulum
3442 1032 3657 1100 quidem

2078 1128 2384 1187 argenteum
2431 1120 2710 1175 habentem
2734 1161 2748 1184 ,
2779 1121 2975 1174 ferrum
3005 1135 3129 1174 vero
3169 1121 3403 1189 quolibet
3445 1122 3656 1189 plumbo

2079 1212 2395 1267 imbecillius
2426 1231 2438 1264 :
2471 1222 2524 1267 et
2554 1214 2636 1268 his
2661 1230 2799 1267 cmm
2833 1213 3007 1281 lingua
3041 1212 3254 1283 quidem
3286 1213 3460 1267 verbis
3486 1223 3537 1267 et
3566 1232 3657 1267 no-

2078 1302 2308 1357 minibus
2332 1311 2413 1357 est
2439 1312 2642 1367 ornata,
2671 1318 2821 1357 mens
2845 1319 2971 1357 vero
2998 1306 3155 1357 muha
3186 1305 3385 1372 repleta
3413 1313 3495 1358 est
3515 1304 3659 1358 inﬁr-

2078 1398 2259 1452 mitate
2280 1437 2296 1462 ,
2320 1407 2373 1451 et
2410 1396 2537 1466 ipsis
2562 1396 2630 1451 ad
2658 1397 2835 1452 omnia
2866 1408 2947 1451 est
2976 1398 3173 1452 inutilis
3207 1417 3218 1452 :
3248 1407 3303 1452 at
3328 1414 3431 1452 non
3460 1399 3537 1454 sic
3567 1399 3662 1451 ho-

2078 1505 2193 1542 rum
2225 1488 2661 1559 phiIOSOphorum
2684 1532 2698 1555 ,
2733 1489 2826 1544 scd
2867 1490 3077 1559 penitus
3107 1491 3449 1557 contrarium,
3484 1494 3660 1544 multa:

2079 1594 2231 1631 :nens
2270 1580 2397 1649 ipsis
2427 1579 2775 1648 philosophi-.12
2814 1580 3104 1648 spiritualis
3132 1590 3213 1633 eSt
3257 1581 3411 1648 plena
3436 1623 3450 1644 ,
3480 1590 3533 1635 et
3563 1582 3659 1634 do-

2078 1679 2252 1734 gmata
2277 1668 2380 1719 vita
2403 1677 2651 1722 sectatur.
2682 1670 2831 1737 Apud
2854 1669 2949 1723 hos
2973 1686 3075 1723 non
3098 1682 3221 1725 sunt
3244 1671 3493 1725 mulieres
3514 1673 3663 1725 luxu-

2084 1760 2279 1813 riantes
2302 1802 2315 1822 ,
2361 1775 2457 1813 nec
2488 1762 2917 1815 vestimentorum
2959 1772 3179 1816 ornatus
3202 1803 3214 1823 ,
3252 1778 3347 1818 nec
3374 1765 3585 1818 colores
3612 1777 3664 1817 et

2083 1850 2206 1914 fuci,
2234 1851 2326 1903 sed
2352 1850 2525 1905 innuis
2546 1850 2847 1919 hujusmodi
2878 1866 3081 1905 morum
3106 1855 3373 1921 corruptio
3396 1857 3541 1923 pulsa
3561 1868 3660 1908 est.

2084 1941 2234 1996 Unde
2262 1942 2466 1997 facilius
2486 1958 2697 2012 quoque
2722 1942 2991 1996 subditum
3016 1943 3113 1997 sibi
3142 1945 3391 2011 populum
3418 1946 3467 1997 in
3493 1947 3662 2001 mode-

2081 2035 2236 2088 stiam
2264 2033 2550 2099 deducunt,
2580 2044 2633 2089 et
2660 2035 2807 2089 Pauli
2839 2035 3006 2103 legem
3038 2032 3297 2087 velamina
3320 2042 3371 2088 et
3398 2050 3547 2089 escas
3570 2037 3662 2089 ha-

2074 2125 2225 2191 bere,
2250 2134 2303 2179 et
2326 2127 2401 2181 nil
2420 2126 2653 2194 amplius
2678 2140 2921 2194 quaerere
2947 2126 3226 2193 jubeutcm
3245 2127 3318 2197 (Ι.
3348 2126 3478 2181 Tim.
3505 2129 3555 2183 6.
3579 2128 3656 2197 8),

2077 2218 2248 2272 multa
2299 2232 2422 2272 cum
2472 2216 2751 2287 diligentia
2802 2216 3134 2271 custodiunt.
3194 2218 3352 2288 Apud
3398 2220 3498 2273 hos
3549 2236 3658 2273 non

2082 2316 2163 2359 est
2196 2314 2583 2371 unguentorum
2630 2316 2754 2356 usus
2799 2312 3032 2357 mentem
3076 2302 3365 2363 :illrctans,
3396 2304 3488 2357 sed
3531 2314 3665 2360 terra

2082 2395 2275 2451 herbas
2313 2396 2587 2465 proferens
2624 2399 2770 2453 omni
2816 2399 3166 2467 unguentaria
3209 2401 3498 2468 sapientius
3536 2400 3663 2467 ipsis

2082 2490 2279 2543 variam
2324 2491 2511 2545 florum
2553 2500 2704 2559 parat
2745 2491 3079 2545 suavitatem.
3114 2492 3401 2561 Propterea
3441 2502 3494 2546 et
3539 2494 3665 2561 ipsis

2082 2594 2305 2647 corpora
2328 2594 2446 2633 cum
2474 2581 2666 2634 animis
2692 2596 2819 2649 pura
2850 2582 3072 2635 sanitate
3101 2583 3394 2649 poliuntur,
3419 2584 3665 2649 quoniam

2084 2684 2269 2723 omnes
2298 2669 2515 2724 delicias
2556 2670 2911 2739 expulerunt,
2944 2679 2997 2723 et
3036 2672 3358 2737 nequissima
3398 2673 3669 2727 ebrietatis

2086 2762 2277 2815 tliienta
2306 2762 2638 2833 fugaverunt,
2670 2774 2723 2818 et
2752 2772 2953 2817 tantum
2986 2765 3291 2827 comedunt,
3324 2774 3575 2833 quantum
3603 2768 3666 2817 ad

2086 2853 2366 2908 vivendum
2392 2855 2604 2908 sufﬁcit.
2629 2853 2705 2909 Ne
2729 2855 2871 2922 ipsos
2894 2855 3050 2924 igitur
3070 2870 3131 2908 ex
3154 2854 3333 2907 habitu
3355 2864 3664 2909 contemna-

2084 2960 2224 3008 mus,
2254 2946 2350 2999 sed
2381 2946 2613 3015 ipsorum
2648 2957 2879 3000 mentem
2910 2946 3249 3000 admiremur.
3282 2947 3413 3013 Quae
3443 2963 3669 3017 namque

2083 3037 2361 3091 exterioris
2397 3037 2622 3091 amictus
2662 3038 2895 3100 utilitas,
2936 3052 3056 3090 eum
3103 3038 3275 3090 anima
3322 3039 3566 3093 mendico
3604 3040 3669 3095 sit

2084 3129 2228 3182 omni
2258 3130 2504 3182 miserius
2533 3128 2754 3182 induta?
2792 3128 2969 3181 Virum
2999 3144 3103 3182 non
3134 3145 3162 3182 a
3190 3131 3537 3193 vestimentis,
3563 3131 3669 3184 imo

2087 3233 2186 3271 nec
2215 3218 2281 3271 ab
2308 3219 2423 3287 ipso
2451 3234 2710 3287 corpore,
2744 3220 2837 3274 sed
2876 3220 2945 3275 ab
2980 3222 3155 3275 anima
3187 3221 3399 3274 laudare
3436 3220 3593 3277 decet
3619 3234 3668 3277 et

2085 3308 2358 3362 admirari.
2392 3309 2591 3363 Horum
2616 3312 2847 3363 animam
2888 3327 3023 3365 exue
3046 3352 3060 3375 ,
3092 3321 3145 3365 et
3176 3311 3341 3379 ipsius
3373 3312 3669 3379 pulchritu-

2086 3400 2262 3455 dinem
2292 3399 2492 3455 videbis
2518 3410 2675 3468 atque
2702 3401 2913 3455 divitias
2953 3417 3047 3469 per
3076 3402 3235 3455 verba
3258 3443 3271 3465 ,
3303 3418 3399 3470 per
3428 3403 3669 3472 dogmata

2087 3502 2139 3547 et
2168 3509 2259 3561 per
2279 3507 2489 3546 omnem
2519 3507 2724 3545 morum
2754 3494 3208 3547 constitutionem.

2158 3582 2212 3637 2.
2257 3583 2585 3637 Erubeseant
2615 3584 2772 3651 igitur
2799 3584 3026 3652 gentiles
3050 3625 3065 3649 ,
3093 3584 3344 3639 secedant
3369 3596 3421 3639 et
3443 3586 3671 3639 abscon-

2088 3675 2297 3739 dantur,
2323 3674 2389 3727 de
2405 3675 2513 3727 suis
2535 3674 2884 3743 philosophis,
2909 3675 2975 3729 de
2993 3690 3087 3729 sua
3107 3675 3362 3742 sapientia
3384 3677 3526 3728 omni
3546 3678 3674 3729 stul-

2091 3770 2201 3822 titia
2237 3770 2532 3823 miseriore.
2564 3770 2718 3837 Apud
2748 3771 2889 3837 ipsos
2935 3771 3077 3824 enim
3109 3769 3405 3838 philosophi
3439 3786 3531 3839 per
3560 3772 3677 3822 titze

2090 3874 2199 3912 sua:
2227 3866 2433 3927 tempus
2461 3859 2543 3911 vix
2572 3874 2769 3927 paucos
2791 3869 2844 3913 et
2874 3859 3025 3914 facile
3053 3861 3406 3915 numerabiles
3431 3862 3673 3929 dogmata

2092 3964 2185 4003 sua
2214 3950 2409 4004 docere
2439 3960 2725 4018 potuerunt
2753 3954 2792 4015 ³,
2831 3960 2884 4005 et
2913 3953 2991 4005 vel
3021 3953 3212 4021 exiguo
3241 3953 3676 4022 apprehendentc

2095 4042 2333 4112 periculo
2364 4043 2461 4095 hos
2500 4043 2659 4096 etiam
2706 4043 3087 4111 perdiderunt;
3134 4043 3328 4097 Christi
3359 4059 3486 4098 vero
3514 4044 3677 4098 disci-

2094 4134 2224 4200 puli,
2254 4134 2563 4201 piscatores,
2596 4142 2650 4186 et
2677 4133 2961 4201 publicani,
2989 4143 3042 4187 et
3071 4134 3419 4187 tentoriorum
3443 4146 3671 4200 sutores,

2095 4225 2275 4293 paucis
2303 4225 2457 4278 annis
2500 4234 2667 4278 totum
2696 4225 2950 4277 mundum
2980 4226 3047 4277 ad
3075 4228 3352 4280 veritatem
3390 4236 3671 4280 converte-

2092 4326 2218 4369 runt
2249 4333 2261 4369 :
2292 4324 2345 4369 et
2383 4316 2677 4370 innumeris
2714 4324 2887 4370 tamen
2918 4316 3258 4371 nascentibus
3296 4317 3545 4385 periculis
3572 4334 3675 4370 non

2095 4418 2297 4462 tantum
2322 4422 2426 4461 non
2462 4418 2543 4461 est
2570 4408 2828 4464 exstincta
2856 4408 3194 4477 przedicatio,
3226 4424 3409 4463 verum
3449 4417 3502 4461 et
3526 4408 3679 4461 floret

2093 4514 2156 4555 ac
2185 4499 2237 4553 in
2266 4499 2440 4566 majus
2481 4508 2703 4568 augetur
2726 4540 2741 4563 ,
2774 4508 2830 4553 et
2860 4498 3223 4568 philosophari
3255 4499 3549 4552 docuerunt
3579 4501 3677 4552 bo-

2094 4589 2266 4643 mines
2295 4588 2454 4642 rudes
2480 4599 2532 4642 ct
2560 4588 2820 4658 agricolas
2849 4598 2904 4643 et
2946 4589 3085 4644 inter
3112 4598 3353 4645 armenta
3379 4600 3674 4644 versantes.

2098 4681 2157 4734 Ili
2181 4689 2374 4748 praeter
2393 4688 2585 4734 cetera
2605 4680 2805 4743 omnia,
2828 4688 2882 4734 et
2902 4681 3137 4735 omnium
3160 4681 3419 4735 bonorum
3438 4695 3673 4743 causam,

2097 4771 2374 4825 caritatem
2402 4771 2691 4826 radicatam
2718 4770 2974 4827 habentes
3002 4774 3043 4838 ³,
3074 4772 3139 4827 ad
3172 4787 3267 4826 nos
3296 4772 3678 4827 festinaverunt

2098 4872 2293 4919 tantam
2316 4872 2598 4919 currentes
2618 4864 2777 4929 viam,
2800 4872 2858 4918 ut
2878 4865 3115 4920 venirent
3137 4873 3190 4918 et
3214 4864 3422 4933 propria
3445 4862 3677 4917 cireum-

2099 4956 2457 5024 plectcrentur
2484 4955 2744 5009 membra.

2171 5045 2391 5099 Rursum
2414 5046 2475 5099 de
2487 5046 2894 5117 juramentis.—
2913 5045 3003 5098 Bia
3029 5045 3185 5113 igitur
3206 5053 3262 5098 et
3290 5060 3385 5097 nos
3414 5061 3508 5114 pro
3530 5045 3683 5097 tionis

2100 5138 2235 5202 istis,
2263 5138 2483 5191 caritate
2508 5136 2627 5189 dico
2656 5144 2709 5189 et
2738 5135 2950 5196 atii-ctu.
2976 5136 3163 5188 viatica
3194 5134 3402 5196 dantes,
3436 5135 3511 5187 sic
3539 5136 3681 5202 ipa'Os

2101 5229 2453 5294 remittamus,
2482 5239 2535 5281 et
2564 5242 2774 5279 rursum
2805 5228 2872 5281 de
2894 5226 3208 5294 iuramentis
3237 5240 3538 5278 sermonem
3563 5239 3678 5275 ino-

2101 5334 2342 5382 veamus,
2369 5328 2425 5373 ut
2455 5317 2707 5371 radicitus
2732 5334 2798 5371 ex
2828 5318 3061 5371 omnium
3094 5325 3273 5369 mente
3301 5313 3538 5384 improba
3569 5314 3681 5366 im:

2102 5411 2433 5465 consuetudo
2456 5408 2764 5464 revellatur.
2795 5409 2941 5462 Prius
2966 5415 3143 5459 autem
3168 5406 3291 5460 vqu
3317 5420 3481 5477 pauca
3503 5404 3568 5457 de
3595 5404 3677 5456 di-

2104 5503 2204 5557 ctis
2233 5518 2262 5556 a
2292 5502 2445 5556 nobis
2464 5498 2719 5567 superius
2749 5498 2905 5553 hodie
2927 5511 3368 5552 commemorare.
3398 5494 3680 5563 Postquam

2171 5684 2185 5709 ι
2223 5679 2293 5726 Sie
2317 5675 2477 5725 Morel.
2503 5672 2643 5723 savii.
2670 5681 2855 5734 autem,
2880 5674 3108 5735 dogmata
3131 5683 3217 5717 sua
3243 5676 3291 5717 ut
3328 5668 3683 5718 obsertvtrentnr

2107 5740 2401 5803 persuadere
2434 5742 2704 5803 potuerunt.
2865 5794 2875 5803 .
3056 5801 3062 5803 ἒ
3233 5800 3240 5803 Δ
3484 5790 3493 5798 .

2171 5805 2189 5832 ι
2224 5810 2327 5849 sav.
2355 5809 2405 5849 et
2425 5788 2619 5861 {pridam
2658 5804 2762 5861 Mss.
2787 5808 2801 5844 :
2828 5794 2903 5845 sic
2935 5801 3120 5861 printer
3154 5800 3329 5845 rattcra
3369 5790 3524 5843 omnia
3550 5788 3685 5839 bow.

2116 5878 2306 5915 cut-'sntn
2332 5858 2612 5912 ('lt:tt"i!.'ttt‘nt
2636 5858 2903 5911 radiculam
2928 5858 3166 5908 habentes.
