4452 6722
779 407 872 463 191

770 519 913 574 enim
935 530 963 569 a
986 512 1203 570 Perside
1224 510 1427 566 dimissi
1448 508 1614 564 Judaei
1641 519 1694 563 et
1721 509 1785 562 ab
1810 509 1895 561 illa
1926 509 2129 562 liberati
2162 517 2346 578 tyran-

772 609 895 664 nide
918 649 935 674 ,
968 608 1020 662 in
1049 623 1121 677 pr»
1147 606 1312 675 priam
1344 602 1547 657 rediere
1578 603 1797 670 patriam
1830 616 1843 653 :
1886 600 2000 654 Vidi
2041 600 2250 671 falcem,
2275 600 2356 653 in-

772 701 910 771 quit,
953 702 1199 755 volantem
1230 697 1541 767 longitudine
1576 696 1855 748 cubitorum
1891 696 2081 765 viginti,
2116 705 2159 747 et
2189 694 2359 747 latitu-

779 794 897 847 dine
912 792 1187 845 cubitorum
1205 790 1371 842 decem
1395 788 1412 857 (
1432 787 1587 840 Zaclt.
1616 787 1668 840 5.
1695 787 1745 840 1.
1764 786 1800 839 2
1820 788 1837 855 )
1860 804 1870 839 :
1893 796 1945 840 et
1974 786 2282 854 prophetam
2301 797 2357 837 se

708 935 715 942 _
777 881 1055 936 docentem
1077 877 1361 932 audicrmtt
1392 894 1404 930 :
1438 876 1560 930 "th
1588 885 1657 929 est
1688 876 1971 929 maledictio
1996 874 2250 943 egrediens
2275 889 2358 925 su-

776 990 869 1043 pra
893 972 1072 1042 faciem
1119 979 1266 1024 terra:
1286 1009 1302 1031 ,
1335 977 1379 1021 ct
1424 967 1711 1036 ingrediens
1760 967 1961 1020 domum
1991 965 2280 1033 pejerantis,
2312 974 2358 1015 et

775 1064 1006 1118 dissolvet
1032 1063 1084 1114 in
1123 1060 1286 1113 medio
1313 1101 1326 1123 ,
1356 1066 1401 1111 et
1447 1059 1586 1128 ligna
1623 1067 1669 1111 et
1714 1056 1909 1127 lapides
1946 1055 2163 1107 destruet
2192 1069 2359 1106 omnes

775 1154 895 1226 (Ib.
924 1171 972 1208 v.
1005 1155 1057 1209 '5.
1089 1154 1175 1223 4).
1210 1153 1275 1206 Ει
1314 1150 1397 1205 bis
1426 1160 1550 1205 tunc
1582 1150 1733 1205 lectis
1756 1192 1769 1214 ,
1800 1147 2166 1217 quzerebamus
2197 1160 2359 1214 quare

777 1260 879 1299 non
898 1243 1131 1313 iuratum
1156 1242 1347 1303 solum,
1371 1241 1464 1295 sed
1488 1242 1647 1295 etiam
1671 1240 1831 1307 ipsius
1849 1237 2063 1290 domum
2083 1235 2355 1291 dissolvit:

776 1347 830 1391 et
854 1338 991 1390 hanc
1013 1349 1227 1389 causam
1252 1349 1368 1387 esse
1395 1330 1993 1398 dicebamus,quoniam
2021 1331 2362 1397 gravissimo-

780 1442 897 1480 rum
925 1440 1109 1495 pmnas
1150 1434 1487 1492 peccatorum
1530 1423 1642 1473 vult
1671 1421 1811 1474 Deus
1839 1420 2119 1472 continuas
2149 1431 2359 1486 perma-

783 1532 927 1579 nere,
957 1525 1011 1568 ut
1033 1528 1219 1567 omnes
1248 1524 1364 1580 post
1393 1512 1505 1565 iure
1535 1511 1889 1579 corrigantur.
1917 1509 2176 1575 Quoniam
2207 1507 2361 1575 igitur

783 1608 1046 1677 periurum
1074 1621 1295 1661 necesse
1321 1616 1403 1660 est
1430 1613 1698 1658 mortuum
1728 1602 1941 1670 sepeliri
1968 1610 2021 1653 et
2046 1610 2203 1655 terrte
2227 1598 2362 1657 sini-

784 1699 881 1750 bus
909 1696 1042 1751 tradi
1068 1738 1082 1758 ,
1116 1711 1182 1750 ne
1210 1711 1330 1749 cum
1361 1694 1523 1762 ipsius
1552 1707 1778 1764 corpore
1805 1702 1859 1748 et
1897 1690 2145 1763 iniquitas
2168 1705 2359 1746 conse-

782 1787 1025 1854 peliatur,
1067 1789 1282 1841 domum
1322 1781 1612 1839 maceriem
1662 1785 1820 1849 fecit,
1875 1794 1933 1839 ut
1981 1792 2359 1854 prmtereuntes

778 1873 950 1927 cuncti
972 1871 1145 1941 ipsam
1170 1882 1448 1929 cernentes
1472 1883 1525 1928 et
1557 1873 1889 1928 snlfossionis
1908 1889 2118 1927 causam
2146 1873 2357 1926 discen-

778 1977 878 2032 tes,
909 1966 1107 2036 peccati
1140 1964 1490 2019 imitationem
1534 1963 1756 2032 fugiant.
1798 1965 1910 2017 lloc
1950 1972 2001 2017 et
2028 1964 2077 2016 in
2115 1961 2360 2017 Sodomis

777 2058 970 2113 factum
1001 2064 1103 2112 est.
1136 2057 1421 2126 Postquam
1451 2056 1593 2109 enim
1622 2066 1935 2109 exarserunt
1961 2055 2015 2110 in
2047 2057 2128 2108 sui
2157 2068 2359 2108 concu-

778 2147 1089 2215 piscentiam
1131 2156 1370 2201 mutuam
1393 2187 1408 2213 ,
1437 2148 1596 2200 etiam
1631 2156 1786 2200 terra:
1814 2154 1997 2198 natura
2025 2145 2091 2196 ab
2121 2145 2238 2209 igne
2266 2158 2358 2197 su-

778 2253 941 2307 perne
968 2237 1146 2292 delato
1172 2251 1428 2291 succensa
1468 2235 1564 2289 fuit
1592 2235 1613 2307 (
1633 2234 1758 2287 Gen.
1799 2234 1864 2287 l9
1889 2236 1906 2302 )
1940 2249 1952 2285 :
1981 2232 2191 2287 volebat
2217 2233 2358 2286 enim

778 2327 934 2396 hujus
963 2327 1164 2397 peccati
1205 2326 1462 2381 ultionem
1514 2340 1733 2379 manere
1775 2332 2103 2392 perpetuam.
2136 2324 2200 2377 Et
2236 2334 2360 2377 nota

779 2418 871 2473 Dei
892 2417 1227 2473 clementiam
1256 2434 1268 2468 :
1294 2432 1399 2470 non
1426 2416 1569 2485 ipsos
1591 2424 1897 2485 peccatores
1919 2422 2173 2482 perpetuo
2196 2429 2363 2483 usque.

778 2509 829 2562 in
854 2514 1166 2576 praesentem
1186 2506 1327 2561 diem
1351 2507 1540 2560 ardere
1567 2504 1721 2570 fecit,
1737 2503 1832 2559 sed
1856 2504 1972 2557 illos
1992 2503 2159 2558 semel
2184 2503 2364 2557 incen-

778 2613 868 2653 sos
896 2596 1214 2662 occultavit;
1248 2606 1402 2651 terra:
1428 2612 1558 2651 vero
1601 2594 1789 2649 faciem
1816 2592 2128 2649 succensam
2159 2593 2213 2647 in
2242 2608 2361 2647 me-

781 2688 928 2744 dium
951 2688 1196 2743 omnibus
1222 2688 1497 2757 pr0posuit
1523 2695 1641 2756 post
1663 2684 1777 2740 hrec
1801 2700 2020 2740 cernere
2042 2683 2358 2748 volentibus,

778 2786 833 2832 et
849 2791 989 2832 nunc
1004 2778 1148 2834 omni
1170 2777 1345 2845 lingua
1371 2776 1565 2831 clarius
1592 2789 1778 2829 omnes
1801 2782 2038 2843 posteras
2059 2773 2360 2842 generatio-

777 2882 873 2924 nes
899 2878 1054 2923 teri-te
1089 2875 1393 2922 commouet
1432 2873 1714 2935 aspectus,
1745 2874 1948 2918 tantum
1990 2876 2097 2918 non
2125 2862 2361 2917 clamans

777 2969 834 3016 et
861 2959 1063 3024 dicens,
1094 2958 1177 3014 Ne
1203 2961 1423 3027 patretis
1447 2957 1801 3012 Sodomorum
1832 2955 2055 3019 scelera,
2084 2970 2150 3008 ne
2177 2969 2363 3023 prenas

781 3050 1055 3120 patiamini
1083 3050 1460 3104 Sodomorum.
1482 3047 1591 3102 Nec
1616 3048 1755 3102 enim
1778 3047 1856 3103 sic
1877 3046 1928 3100 in
1955 3055 2164 3100 mentes
2186 3060 2363 3100 sermo

780 3142 1057 3211 pervenire
1098 3141 1265 3201 solet,
1308 3149 1365 3194 ut
1393 3147 1641 3209 aSpectns
1700 3137 1951 3192 terribilis
1990 3145 2043 3190 et
2083 3151 2177 3205 per
2204 3150 2363 3189 onme

781 3244 987 3301 tempus
1012 3230 1331 3285 calamitatis
1358 3244 1549 3299 gerens
1577 3227 1819 3296 vestigia.
1848 3226 1913 3279 Et
1937 3234 2253 3280 attestantur
2272 3225 2361 3294 qui

778 3321 844 3375 ad
872 3322 957 3374 illa
997 3321 1111 3373 loca
1156 3318 1373 3387 profecti
1402 3326 1525 3372 sunt
1547 3359 1562 3382 ,
1601 3317 1690 3386 qui
1719 3316 1915 3385 saepius
1940 3314 2269 3382 Scripturam
2295 3314 2363 3369 de

781 3410 864 3465 bis
884 3410 1184 3480 loquentem
1205 3408 1502 3471 audientes,
1523 3423 1624 3460 non
1652 3406 1876 3459 multum
1901 3404 2189 3467 timebant;
2217 3413 2366 3474 post-

780 3515 937 3571 quam
985 3514 1110 3554 vero
1150 3505 1411 3557 venerunt
1451 3506 1505 3551 et
1554 3498 1833 3564 regionem
1877 3494 2269 3560 ascenderunt,
2310 3502 2365 3548 et

784 3592 950 3661 ipsius
969 3603 1181 3644 omnem
1204 3588 1540 3658 superficiem
1564 3587 1811 3641 viderunt
1834 3585 2086 3651 deletam,
2110 3596 2165 3643 et
2186 3586 2369 3640 incen-

780 3683 926 3737 dium
951 3691 1073 3737 sunt
1097 3680 1408 3751 conspicati,
1436 3689 1491 3734 et
1518 3690 1713 3734 terram
1741 3678 1953 3748 quidem
1983 3692 2242 3747 nusquam
2272 3692 2366 3748 ap-

784 3782 1055 3842 parentem
1080 3813 1096 3838 ,
1118 3772 1357 3845 (cinerem
1388 3784 1514 3824 vero
1542 3778 1731 3824 cuncta
1760 3781 1919 3838 atque
1944 3768 2179 3822 favillam
2200 3811 2215 3834 ,
2246 3782 2366 3837 per-

782 3864 914 3920 culsi
937 3872 989 3917 et
1017 3863 1241 3915 multam
1262 3876 1328 3916 ex
1357 3869 1573 3930 aspectu
1599 3861 1687 3914 illo
1712 3861 1981 3929 capientes
2003 3860 2365 3929 temperantia:

787 3954 1119 4023 disciplinam
1144 3993 1161 4019 ,
1191 3959 1269 4006 sic
1295 3953 1540 4006 abierunt
1569 3968 1583 4004 :
1614 3966 1736 4004 nam
1784 3950 1898 4020 ipse
1926 3950 2143 4004 ultionis
2172 3948 2362 4004 modus

786 4046 988 4115 peccati
1013 4043 1226 4099 modum
1272 4043 1528 4097 imitatur.
1568 4040 1719 4097 Sicut
1745 4040 1888 4094 enim
1920 4040 1995 4094 illi
2019 4054 2365 4110 congressum

788 4135 1126 4190 infecundum
1150 4133 1555 4195 adinvencrunt,
1588 4130 1656 4186 ad
1680 4130 1908 4185 ﬁliorum
1942 4131 2368 4199 procreationem

786 4240 893 4281 non
931 4224 1294 4280 conferentem
1326 4242 1340 4278 :
1369 4224 1448 4277 sic
1496 4221 1735 4291 profecto
1773 4231 1828 4275 et
1871 4221 2010 4275 Deus
2038 4222 2212 4273 intulit
2251 4234 2368 4287 pa:-

791 4331 914 4372 nam
937 4356 952 4378 ,
982 4329 1104 4385 qua:
1144 4322 1303 4368 terra:
1331 4321 1571 4366 ventrem
1614 4312 1826 4381 penitus
1863 4310 2101 4366 sterilem
2142 4310 2372 4365 reddidit

788 4417 845 4462 et
872 4406 1119 4461 omnibus
1154 4418 1379 4459 vacuum
1425 4402 1704 4457 fructibus.
1751 4401 1952 4456 Idcirco
1990 4411 2043 4456 et
2078 4400 2367 4471 iurantium

789 4500 979 4552 domos
998 4512 1057 4552 se
1078 4496 1378 4551 deleturum
1404 4496 1636 4550 minatus
1659 4502 1763 4562 est,
1791 4502 1848 4550 ut
1865 4493 1999 4549 alios
2018 4493 2228 4549 illorum
2257 4507 2370 4564 pin-

792 4590 876 4643 nis
904 4588 1255 4643 modestiores
1282 4587 1499 4641 laceret.

863 4679 916 4732 3.
955 4675 1366 4729 Juramentorum
1413 4674 1675 4742 pernicies.
1713 4702 1788 4715 —
1830 4674 1945 4751 Ego
1983 4683 2160 4729 autem
2213 4673 2370 4730 hodie

790 4767 1097 4821 demonstro
1120 4778 1225 4818 non
1251 4778 1409 4817 unam
1436 4772 1491 4816 ct
1516 4762 1649 4816 duas
1677 4772 1732 4817 et
1759 4772 1868 4818 tres
1893 4765 2082 4820 domos
2098 4765 2372 4835 juramen-

794 4861 861 4914 tis
896 4858 1194 4913 destructas
1215 4896 1229 4919 .
1262 4854 1357 4910 sed
1386 4855 1658 4910 civitatem
1691 4863 1856 4908 totam
1880 4864 1935 4909 et
1964 4857 2214 4925 populum
2245 4858 2372 4912 reli-

796 4950 1001 5018 giosum
1024 4985 1042 5012 ,
1071 4956 1125 5001 et
1148 4955 1359 5014 gentem
1390 4945 1556 4999 multa
1582 4957 1795 5012 semper
1822 4944 2153 5012 providentia
2184 4946 2258 4999 uti
2287 4960 2376 5000 so-

799 5040 945 5092 litam
969 5077 986 5101 ,
1017 5046 1071 5091 et
1109 5035 1302 5089 tribum
1346 5036 1525 5091 multis
1562 5035 1796 5104 elapsam
1845 5035 2115 5103 periculis.
2166 5036 2373 5090 Etenim

800 5127 1091 5184 Jerusalem
1113 5165 1128 5189 ,
1157 5124 1344 5179 civitas
1389 5124 1515 5189 Dei,
1549 5134 1785 5180 sanctam
1832 5140 2011 5181 arcam
2052 5125 2254 5181 habens
2275 5168 2292 5193 ,
2322 5136 2377 5183 ct

797 5234 1010 5281 omnem
1040 5219 1188 5273 illum
1214 5216 1415 5271 cultum
1442 5256 1457 5280 ,
1489 5216 1575 5269 ubi
1612 5217 1882 5285 pr0pbeta:
1910 5218 2151 5285 fuerunt,
2182 5228 2229 5276 et
2253 5221 2372 5289 Spi-

790 5312 937 5368 ritus
962 5311 1125 5380 gratia
1148 5351 1164 5376 ,
1195 5316 1253 5369 et,
1275 5323 1401 5363 arca
1426 5348 1441 5371 ,
1472 5315 1529 5361 et
1559 5307 1749 5360 tabula:
1771 5306 2089 5364 Testamenti
2115 5351 2130 5374 ,
2162 5321 2214 5365 et
2244 5327 2374 5364 urna

807 5404 1082 5467 aurea,ubi
1109 5404 1278 5473 angeli
1297 5416 1441 5472 smpe
1468 5399 1783 5455 incedebant
1812 5415 1824 5451 :
1856 5399 1970 5454 haec
1995 5402 2200 5467 civitas,
2225 5403 2379 5463 innu-

811 5499 974 5554 meris
991 5497 1326 5551 nascentibus
1342 5495 1497 5549 bellis
1514 5502 1570 5548 et
1585 5493 1766 5547 multis
1793 5492 1961 5560 ipsam
1988 5494 2379 5547 incursantibus

806 5587 1045 5646 barbaris
1067 5628 1083 5653 ,
1116 5597 1378 5656 tamquam
1420 5602 1574 5638 muro
1603 5600 1673 5641 ex
1708 5582 1990 5640 adamante
2015 5582 2337 5637 circumdata
2365 5623 2378 5647 ,

804 5682 881 5736 sic
902 5694 1090 5734 omnes
1118 5678 1233 5731 illos
1259 5692 1469 5747 semper
1494 5676 1700 5737 derisit,
1729 5684 1783 5729 ct
1812 5675 2026 5744 regione
2053 5682 2159 5728 tota
2181 5673 2379 5743 deleta,

806 5774 936 5832 nihil
965 5787 1128 5846 grave
1158 5784 1312 5841 passa
1341 5778 1441 5824 est.
1471 5768 1576 5823 Nec
1605 5768 1703 5823 hoc
1731 5767 1899 5823 solum
1928 5779 2007 5824 est
2033 5766 2340 5825 admirabile
2363 5807 2379 5837 ,

1518 399 1575 452 S.
1616 394 1895 452 JOANNIS
1929 389 2401 451 CHRYSOSTOMI
2441 386 2755 446 ARCHIEP.
2796 390 3327 451 CONSTANTINOP.

3949 392 4049 447 193

2462 518 2647 558 verum
2665 513 2719 559 et
2743 508 2883 576 quod
2899 524 3112 579 gravem
3134 524 3279 578 sarpe
3298 507 3503 579 plagam
3526 506 3766 565 hostibus
3782 511 4037 582 inferens,

2458 595 2535 647 sic
2574 609 2669 648 eos
2703 597 2976 653 emittebat
3007 619 3019 654 :
3048 608 3245 654 tantam
3289 615 3315 651 a
3361 599 3469 662 Deo
3512 611 3661 652 nacta
3701 611 3815 655 erat
3858 609 4036 671 provi-

2459 684 2689 738 dentiam
2716 724 2732 749 ,
2775 696 2831 740 ut
2875 689 2987 757 ipse
3034 691 3173 745 Deus
3220 692 3465 745 diceret:
3509 687 3653 743 Velut
3683 693 3908 743 uvamin
3952 696 4040 745 de»

2458 785 2587 829 serto
2628 776 2793 830 int'eni
2837 776 3039 847 Israel,
3069 791 3115 834 et
3162 783 3291 835 velut
3332 782 3569 853 signum‘
3602 782 3653 835 in
3697 781 3798 849 ficu
3843 791 4039 851 tempa-

2459 883 2666 920 raneum
2714 867 2817 920 vidi
2856 879 3022 938 patres
3059 874 3286 941 ipsorum
3328 873 3493 946 (Osee
3553 874 3607 931 9.
3655 874 3780 944 10).
3836 874 3902 928 Et
3940 876 4041 929 ite-

2462 972 2579 1010 rum
2621 957 2687 1012 de
2732 958 2842 1026 ipsa
2891 960 3102 1017 civitate
3135 980 3151 1016 :
3182 962 3327 1017 Velut
3368 982 3530 1036 grana
3578 966 3722 1019 oliva:
3759 965 3811 1018 in
3847 981 4043 1018 summa

2460 1048 2674 1113 excelsi,
2716 1059 2762 1101 et
2810 1049 3011 1115 dicent,
3068 1053 3150 1108 Ne
3176 1072 3356 1110 noceas
3411 1058 3533 1129 ipsis
3587 1057 3755 1130 (Isai.
3802 1056 3890 1112 65.
3937 1055 4042 1127 8).

2465 1138 2836 1193 Verumtamen
2861 1141 3049 1196 civitas
3076 1145 3183 1199 Deo
3208 1156 3445 1212 cara,tot
3470 1149 3646 1218 elapsa
3675 1151 3920 1219 periculis
3938 1190 3951 1213 ,
3986 1150 4039 1203 in

2464 1231 2640 1284 multis
2688 1232 2915 1301 peccatis
2963 1234 3170 1288 veniam
3214 1245 3532 1308 assequuta,
3578 1250 3631 1295 et
3670 1257 3787 1310 qua:
3821 1243 3931 1295 sola
3972 1256 4043 1296 ex

2462 1320 2708 1376 omnibus
2739 1321 2856 1377 aliis
2891 1322 3248 1391 captivitatem
3294 1327 3525 1397 effugere
3568 1334 3783 1399 potuit,
3830 1332 4039 1397 semel,

2466 1413 2544 1467 bis
2568 1454 2583 1475 .
2616 1423 2672 1470 et
2694 1415 2890 1483 saapius
2916 1414 3033 1468 solo
3055 1414 3359 1489 iuramento
3388 1428 3648 1495 prostrata
3677 1430 3760 1475 est
3785 1441 3799 1477 :
3830 1432 3883 1478 et
3908 1437 4041 1493 quo-

2470 1505 2631 1561 modo
2663 1505 2717 1560 id
2748 1505 2912 1563 fuerit
2937 1548 2951 1573 ,
2983 1508 3177 1564 dicam.
3219 1510 3341 1566 Fuit
3367 1514 3580 1582 quidam
3619 1514 3873 1571 Sedecias
3904 1512 4051 1585 apud

2464 1594 2607 1664 ipsos
2648 1611 2740 1651 rex
2773 1614 2786 1649 :
2820 1597 2907 1651 hic
2948 1599 3196 1654 Sedecias
3225 1602 3582 1669 juramentum
3609 1606 3757 1659 dedit
3786 1607 4041 1660 barbaro-

2463 1702 2579 1740 rum
2624 1689 2734 1758 regi
2772 1688 3288 1758 Nabuchodonosor,
3338 1708 3395 1747 se
3440 1694 3490 1746 in
3532 1695 3694 1763 ipsius
3735 1700 4046 1751 commilitio

2466 1793 2911 1844 permansurum:
2947 1792 3126 1850 postea
3170 1782 3361 1838 defecit
3406 1793 3463 1838 et
3495 1784 3561 1838 ad
3609 1784 3822 1857 Egypti
3865 1805 4042 1858 regem

2463 1866 2773 1937 transfugit,
2801 1869 3100 1937 iuramenta
3132 1872 3278 1940 parvi
3304 1873 3541 1942 pendens
3566 1914 3582 1939 ,
3608 1884 3667 1927 et
3691 1886 3829 1928 tanta
3860 1892 4047 1945 passus

2463 1967 2543 2011 est
2570 1998 2586 2024 ,
2629 1968 2823 2027 quanta
2865 1962 3041 2014 statim
3076 1963 3321 2016 audietis.
3354 1964 3505 2017 Prius
3530 1979 3656 2018 vero
3686 1969 4044 2021 necessarium

2463 2059 2547 2102 est
2577 2050 2848 2118 propheta:
2877 2052 3178 2120 parabolam
3205 2054 3401 2119 dicere,
3435 2070 3528 2124 per
3548 2071 3703 2125 quam
3732 2056 3845 2111 ha‘c
3870 2061 4051 2113 omnia

2465 2139 2801 2209 signiﬁcavit.
2835 2141 3049 2195 Factum
3079 2154 3149 2196 est
3175 2144 3394 2208 verbum,
3430 2146 3617 2214 inquit,
3648 2144 3855 2200 Domini
3878 2150 3946 2199 ad
3970 2166 4045 2201 me

2469 2231 2641 2286 dicens
2670 2248 2688 2285 :
2713 2230 2820 2286 Fili
2841 2233 3056 2288 hominis
3075 2274 3088 2296 ,
3119 2251 3272 2287 narra
3305 2238 3679 2301 narrationem,
3712 2248 3756 2289 et
3787 2238 3867 2290 dic
3896 2256 4047 2305 para-

2467 2322 2630 2377 bolam
2652 2363 2667 2387 ,
2710 2332 2756 2377 et
2783 2324 2955 2378 dices:
2998 2322 3123 2376 Ha'c
3163 2325 3283 2375 dicit
3316 2325 3515 2376 Adonai
3546 2325 3791 2379 Dominus
3818 2342 3836 2380 :
3863 2329 4047 2394 Aquila

2464 2416 2689 2485 grandis,
2716 2431 3011 2486 magnarum
3030 2415 3250 2478 alarum,
3274 2416 3423 2482 longa
3448 2418 3759 2482 extensione,
3782 2418 3929 2487 pt'ena
3954 2436 4047 2470 uu-

2464 2505 2644 2576 guibus
2675 2504 2895 2577 (Ezech.
2927 2507 3013 2559 l7.
3047 2507 3143 2562 l-5
3168 2506 3211 2574 ).
3246 2507 3485 2575 Aquilam
3522 2507 3606 2561 hic
3634 2507 4046 2578 Babyloniorum

2464 2610 2645 2664 regem
2676 2596 2883 2652 vocavit
2912 2613 2925 2648 ε
2953 2611 3197 2665 magnam
3237 2606 3413 2650 autem
3458 2598 3624 2665 ipsam
3651 2608 3705 2651 et
3735 2614 4047 2668 magnarum

2463 2687 2665 2741 alarum
2694 2687 2865 2756 dixit,
2898 2698 2951 2743 et
2988 2689 3198 2759 longam
3235 2690 3549 2745 extensione
3592 2690 3907 2760 plenamque
3946 2708 4049 2745 un-

2462 2778 2654 2847 gnibus
2685 2779 3012 2846 nominavit,
3038 2788 3256 2852 propter
3283 2782 3550 2835 exercitus
3578 2781 3967 2836 multitudinem
3994 2792 4050 2836 et

2466 2868 2882 2938 magnitudinem
2919 2870 3167 2938 potentia:
3206 2879 3261 2925 et
3301 2871 3620 2925 incursionis
3662 2872 4049 2934 velocitatem;

2466 2960 2604 3013 sicut
2647 2960 2786 3013 enim
2830 2959 3020 3029 aquilis
3076 2970 3201 3014 sunt
3251 2960 3351 3014 ala:
3403 2970 3457 3014 et
3502 2975 3703 3032 ungues
3743 2976 3929 3026 arma,
3969 2962 4050 3014 sic

2466 3047 2661 3101 milites
2686 3048 2899 3117 regibus
2923 3056 2977 3103 et
3003 3049 3144 3118 equi.
3176 3048 3302 3102 Haec
3328 3049 3488 3118 igitur
3511 3049 3687 3119 aquila
3722 3047 3883 3103 Habet
3904 3090 3921 3115 ,
3955 3050 4039 3102 in-

2465 3140 2615 3208 quit,
2647 3139 2853 3193 ductum
2878 3141 3102 3194 intrandi
3139 3141 3191 3193 in
3226 3140 3473 3194 Libanum
3503 3140 3663 3210 (Ibid.
3719 3156 3767 3194 v.
3799 3140 3875 3211 3).
3905 3140 4047 3205 Quid

2463 3240 2566 3298 est,
2597 3230 2817 3286 Ductum
2841 3231 2867 3285 ἲ
2896 3230 3210 3296 Consilium,
3238 3233 3555 3287 sententiam
3585 3249 3599 3297 ;
3630 3232 3885 3286 Libanum
3915 3248 4046 3287 vero

2465 3320 2701 3375 Iudaeam
2735 3322 2937 3377 vocavit
2961 3363 2981 3386 ,
3019 3322 3139 3390 quia
3185 3337 3349 3391 prope
3380 3333 3609 3376 montem
3643 3324 3786 3376 illum
3814 3324 3909 3375 sita
3940 3332 4047 3377 est.

2468 3413 2665 3468 Postea
2687 3412 2985 3481 iuramenta
3015 3413 3199 3468 volens
3225 3422 3278 3467 et
3306 3412 3506 3470 hedera
3538 3413 3715 3467 dicere
3734 3454 3749 3477 ,
3781 3412 3935 3476 Tulit,
3970 3416 4050 3467 in-

2469 3505 2602 3574 quit,
2630 3504 2693 3558 de
2717 3506 2904 3559 semine
2919 3514 3067 3559 teme
3084 3546 3098 3569 ,
3128 3516 3172 3557 et
3199 3505 3334 3558 dedit
3360 3505 3411 3558 in
3432 3521 3609 3576 campo
3634 3507 3808 3567 sativa,
3835 3515 3886 3557 ut
3909 3506 4048 3558 acci-

2470 3605 2603 3664 peret
2632 3596 2991 3648 radicationem
3028 3612 3178 3665 super
3204 3611 3386 3664 nquam
3422 3596 3629 3647 multam
3656 3610 3674 3647 :
3701 3604 3755 3647 ut
3784 3596 4051 3665 respicere-

2469 3697 2550 3740 tur
2575 3689 2743 3759 posuit
2766 3687 2898 3741 illud
2920 3702 2940 3741 :
2958 3702 3168 3755 cumque
3188 3687 3530 3756 gerininasset,
3554 3687 3703 3739 crevit
3723 3686 3776 3737 in
3803 3686 3945 3737 vitem
3966 3686 4051 3737 in-

2468 3780 2669 3848 ﬁrmam
2694 3787 2739 3831 et
2765 3794 2972 3847 parvam
3001 3778 3348 3846 magnitudine
3372 3816 3388 3841 ,
3415 3786 3460 3829 et
3489 3776 3709 3830 extendit
3738 3791 3903 3827 ramos
3930 3790 4053 3828 suos

2468 3874 2535 3925 ad
2559 3874 2699 3926 illam
2719 3914 2733 3937 ,
2757 3882 2801 3924 et
2831 3872 3025 3925 radices
3049 3872 3158 3937 eius
3184 3870 3274 3924 sub
3296 3871 3387 3923 illa
3412 3878 3555 3923 erant
3581 3867 3753 3936 (Ibid.
3776 3883 3822 3918 υ.
3851 3868 3941 3935 5).
3960 3869 4051 3919 Ci-

2470 3964 2687 4019 vitatem
2710 3979 2837 4018 vero
2858 3962 3151 4016 Jerusalem
3179 3963 3340 4014 vitent
3367 3960 3453 4013 hic
3478 3958 3798 4027 appellavit;
3822 3954 4053 4009 dicendo

2470 4064 2647 4109 autem
2674 4052 2815 4122 quod
2844 4065 3021 4106 ramos
3047 4066 3172 4106 suos
3201 4049 3267 4104 ad
3299 4051 3466 4118 ipsam
3498 4046 3677 4100 emisit
3700 4045 3927 4111 aquilam
3947 4084 3962 4107 ,
3996 4052 4051 4097 et

2471 4143 2679 4197 radices
2701 4142 2815 4211 ejus
2845 4142 2942 4195 sub
2974 4141 3064 4195 illa
3094 4148 3248 4194 erant
3268 4180 3281 4203 ,
3316 4137 3519 4194 foedera
3545 4133 3854 4203 significavit
3882 4142 3935 4188 et
3960 4148 4045 4185 so-

2472 4234 2714 4289 cietatem
2741 4247 2859 4285 cum
2892 4235 3007 4301 ipso
3045 4232 3227 4285 initam
3248 4269 3263 4291 ,
3291 4237 3345 4280 et
3383 4225 3523 4294 quod
3565 4225 3793 4294 seipsam
3822 4223 3873 4278 in
3902 4225 4049 4281 illum

2472 4324 2677 4394 reiecit.
2698 4322 2821 4379 Mox
2845 4323 3175 4392 iniquitatem
3207 4315 3489 4371 ostendere
3510 4316 3712 4381 volens,
3735 4316 3807 4368 ait
3835 4333 3846 4367 :
3872 4313 3936 4367 Et
3956 4315 4053 4386 fuit

2472 4414 2642 4485 aquila
2663 4414 2843 4477 altera,
2869 4412 2936 4466 de
2958 4425 3080 4478 rege
3107 4408 3327 4476 loquens
3351 4403 3619 4475 Egyptio,
3647 4404 3852 4474 grandis
3872 4414 3919 4457 et
3946 4420 4055 4455 ma-

2472 4506 2586 4577 gnis
2614 4504 2711 4558 alis
2741 4503 3006 4571 multisque
3031 4498 3305 4567 unguibus;
3334 4505 3379 4549 et
3404 4512 3514 4549 ecce
3544 4496 3655 4548 vitis
3682 4496 3778 4547 ista
3796 4496 4054 4564 implicata

2478 4605 2583 4649 erat
2609 4595 2677 4647 ad
2702 4610 2812 4647 eam
2836 4633 2851 4655 ,
2884 4602 2930 4644 et
2957 4590 3225 4659 pampinus
3254 4588 3361 4656 ejus
3389 4588 3442 4640 in
3471 4604 3530 4641 ea
3555 4627 3570 4654 ,
3607 4598 3653 4639 et
3680 4587 3909 4655 palmites
3936 4601 4054 4636 suos

2474 4685 2697 4739 extendit
2722 4725 2734 4746 ,
2766 4692 2821 4734 ut
2859 4682 3089 4751 lrrigaret
3116 4695 3226 4732 eam
3248 4695 3270 4734 :
3300 4688 3560 4748 propterea
3585 4679 3690 4731 dixi
3714 4719 3730 4744 ,
3775 4676 3898 4730 Hau:
3935 4675 4057 4727 dicit

2476 4778 2615 4831 Deus
2640 4791 2659 4829 :
2688 4774 2749 4829 Si
2769 4772 3102 4843 prosperabit,
3140 4772 3239 4824 hoc
3265 4780 3387 4837 est,
3416 4786 3534 4841 quas
3558 4771 3915 4840 iuramentum
3949 4780 4057 4821 non

2477 4868 2769 4926 servaverit
2799 4873 2853 4919 et
2889 4863 3088 4919 foedera
3111 4904 3124 4925 ,
3165 4864 3208 4916 si
3246 4864 3426 4933 poterit
3458 4878 3659 4923 manere
3687 4872 3732 4915 et
3761 4858 3947 4914 salvari
3970 4898 3983 4920 ,
4011 4865 4059 4909 et

2478 4979 2580 5017 non
2619 4960 2797 5014 cadere
2822 4956 2998 5027 (Ibid.
3026 4971 3072 5011 υ.
3105 4955 3267 5027 7-9).
3307 4956 3425 5012 Mox
3452 4956 3824 5010 demonstrans
3851 4966 3959 5005 non
3988 4950 4059 5003 ita

2480 5054 2716 5108 futurum
2758 5064 2878 5107 esse
2898 5089 2913 5113 ,
2940 5048 3035 5103 sed
3059 5048 3277 5102 omnino
3308 5056 3525 5117 propter
3548 5046 3906 5114 iuramentum
3937 5055 4055 5109 per-

2480 5147 2695 5204 ituram,
2724 5140 2791 5197 de
2817 5156 2968 5209 paena
3000 5140 3109 5209 ipsa
3136 5139 3384 5203 disserit,
3404 5146 3459 5191 et
3487 5152 3699 5191 causam
3730 5135 3877 5206 ponit
3908 5149 3921 5184 :
3953 5132 4051 5184 Rn-

2483 5238 2617 5294 dices
2644 5235 2779 5291 enim.
2809 5234 2918 5304 ejus
2944 5232 3286 5287 teneritudinis
3311 5271 3326 5295 ,
3368 5238 3415 5284 et
3455 5233 3647 5299 [ructus
3689 5233 3936 5298 putrescet
3961 5264 3974 5286 ,
4013 5230 4060 5274 ct

2483 5334 2713 5382 arescent.
2725 5341 2837 5396 quae
2860 5341 2923 5380 ea:
2944 5342 3003 5379 ea
3029 5325 3309 5396 germinant
3337 5317 3515 5389 (Ibid.
3543 5336 3596 5377 υ.
3625 5317 3720 5391 9).
3753 5318 3819 5375 Et
3844 5315 4063 5370 demon-

2485 5430 2656 5475 strare
2684 5419 2866 5475 volens
2904 5417 3043 5488 quod
3096 5430 3199 5468 non
3241 5412 3470 5472 humana
3506 5412 3559 5465 vi
3594 5410 3932 5467 destruetur,
3966 5402 4061 5457 sed

2485 5510 2731 5581 quoniam
2761 5525 2855 5579 per
2875 5509 2963 5562 illa
2987 5508 3287 5575 iuramenta
3312 5501 3477 5555 Deum
3500 5502 3597 5557 sibi
3622 5501 3746 5555 fecit
3766 5494 4061 5558 inimicum,

2486 5602 2798 5672 subiunxit:
2831 5600 2951 5654 Non
2994 5600 3047 5650 in
3092 5594 3297 5650 brachio
3326 5594 3545 5664 grandi,
3589 5607 3745 5661 neque
3784 5590 3836 5640 in
3879 5589 4067 5654 papqu

2549 5716 2565 5749 ί
2599 5715 2672 5763 sic
2687 5712 2848 5763 Morel.
2879 5717 2931 5759 et
2950 5707 3143 5771 quidam
3172 5712 3277 5757 Mss.
3315 5705 3451 5757 Savil.
3477 5714 3528 5757 et
3558 5704 3654 5764 alii,
3698 5698 3817 5752 velut
3835 5698 4065 5759 fructum,

2484 5790 2595 5839 pro,
2614 5774 2736 5825 velut
2761 5773 2967 5836 signum.
