4452 6672
467 398 563 451 195

452 508 632 569 multo,
661 513 713 557 ut
741 503 966 559 evelleret
984 519 1094 559 eam
1121 502 1365 556 radicitus
1387 499 1607 573 (Επειδὴ.
1634 503 1719 557 l7.
1744 501 1820 571 9).
1853 500 1920 554 Et
1942 514 2032 569 pa-

454 595 632 650 rabola
671 596 879 666 quidem
924 595 1079 659 hare;
1112 607 1323 647 rursum
1363 609 1489 648 vero
1513 593 1747 648 declarat
1771 608 1887 647 eam
1908 632 1923 656 ,
1956 593 2033 647 sic

454 686 693 756 inquiens
718 706 732 741 :
760 686 890 740 Ecce
911 685 1065 738 veniet
1087 699 1177 736 rea:
1198 681 1469 753 Babylonis
1490 686 1541 738 in
1560 683 1848 738 Jerusalem
1866 680 2030 752 (Ibid.

450 795 497 830 ια.
535 777 600 831 12
622 779 660 845 ).
693 778 882 831 Postea
908 789 1028 828 cum
1059 773 1108 825 in
1140 773 1313 827 medio
1338 775 1578 842 qumdam
1621 775 1726 827 alia
1763 772 2029 837 dixisset,

445 869 745 936 juramenta
785 865 913 919 dicit
953 870 1007 916 et
1049 861 1245 916 imdera
1273 881 1287 918 :
1320 862 1586 934 Ferietque
1627 879 1741 915 cum
1782 877 1838 914 eo
1868 861 2032 928 [tedas

449 959 625 1018 (Ibid.
651 976 697 1012 υ.
731 959 842 1026 εδ).
867 954 989 1008 Mox
1017 962 1072 1008 et
1101 955 1443 1009 rebellionem
1469 956 1652 1009 dicens
1677 973 1688 1006 :
1722 953 1790 1007 Et
1817 953 2028 1016 recedet,

447 1053 654 1121 .nquit,
690 1050 754 1101 ab
793 1063 851 1100 eo
891 1048 1129 1100 mittendo
1167 1051 1369 1100 nuntios
1395 1048 1447 1099 in
1477 1046 1784 1116 rEgyptum,
1809 1055 1866 1098 ut
1893 1044 2032 1096 daret

445 1144 540 1196 sibi
580 1157 730 1206 equos
756 1149 803 1192 et
834 1140 1074 1208 populum
1115 1140 1327 1191 multum
1368 1138 1387 1210 (
1413 1136 1549 1193 Ibid.
1575 1155 1622 1191 v.
1659 1140 1725 1194 15
1753 1141 1792 1204 ).
1822 1137 1888 1191 Ει
1916 1144 2034 1204 post

450 1231 565 1284 hzre
591 1227 750 1282 infert
773 1268 787 1292 ,
819 1227 1190 1282 demonstrans
1219 1237 1435 1296 propter
1457 1227 1820 1297 juramentum
1849 1227 2031 1296 perni-

447 1320 584 1372 ciem
625 1327 790 1371 totam
829 1318 1106 1382 accidisse,
1142 1316 1259 1372 Nisi
1286 1320 1302 1350 ¹
1331 1320 1382 1372 in
1422 1321 1532 1373 loco
1559 1321 1709 1389 regis,
1736 1321 1820 1389 qui
1841 1319 2030 1372 consti-

447 1408 544 1460 tuit
563 1423 675 1459 eum
701 1423 887 1476 regem,
914 1407 1000 1476 qui
1028 1408 1210 1476 sprevit
1235 1408 1632 1461 maledictioncm
1661 1425 1844 1474 meum,
1873 1417 1920 1460 ct
1945 1407 2032 1475 qui

450 1508 790 1566 transgressus
817 1506 886 1551 est
913 1507 1260 1552 testamentum
1285 1515 1475 1564 meum,
1498 1501 1548 1551 in
1576 1500 1738 1551 medio
1759 1498 2032 1568 Babylonis

450 1587 710 1651 morietur,
733 1595 780 1639 et
799 1604 898 1640 non
923 1587 974 1640 in
992 1590 1207 1641 exercitu
1223 1587 1427 1658 grandi,
1459 1603 1548 1639 nec
1569 1588 1619 1639 in
1647 1589 1832 1657 populo
1849 1587 2026 1649 multo,

448 1677 568 1745 quia
600 1679 783 1745 sprevit
821 1678 1161 1746 juramentum
1191 1678 1568 1747 praevaricando
1599 1688 1801 1747 pactunt
1826 1695 2030 1743 meum;

449 1768 787 1834 juramentum
815 1785 974 1820 meum
996 1769 1112 1837 quia
1138 1770 1346 1836 sprevit,
1365 1778 1410 1820 et
1437 1767 1600 1836 [tedas
1625 1768 1762 1834 quod
1787 1771 2030 1838 prtevuri-

449 1867 590 1911 catus
619 1868 690 1910 cst
715 1899 728 1921 ,
760 1858 888 1910 dabo
922 1861 974 1912 in
1002 1869 1153 1926 caput
1183 1863 1311 1929 ejus,
1344 1869 1392 1913 et
1421 1860 1707 1928 expendunt
1744 1877 1895 1930 super
1919 1879 2030 1914 eum

448 1959 550 2001 rete
571 1965 732 2000 nteant
761 1948 982 2016 (Ibid.v.
1011 1949 1218 2019 16-20).
1239 1950 1400 2004 Vides
1423 1951 1690 2020 quomodo
1718 1967 1821 2004 non
1846 1954 2028 2017 semel,

448 2055 549 2092 nec
587 2037 667 2090 bis
691 2079 706 2100 ,
734 2053 916 2091 verum
942 2049 995 2091 et
1019 2039 1211 2107 smpius
1240 2039 1369 2092 dixit
1395 2083 1409 2104 ,
1450 2041 1596 2094 illum
1633 2050 1850 2109 propter
1883 2043 2029 2106 jura-

448 2140 686 2182 mentum
720 2129 832 2183 inec
858 2130 1033 2183 omnia
1059 2144 1272 2200 passum
1300 2147 1417 2184 esse
1443 2133 1466 2184 ?
1512 2133 1863 2200 implacabilis
1889 2133 2028 2186 enim

446 2231 530 2275 est
561 2223 727 2281 Dens.
754 2222 1071 2290 contemptis
1091 2221 1428 2290 juramcntis.
1463 2222 1643 2290 Neque
1669 2239 1797 2277 vero
1827 2232 2030 2276 tantum

445 2328 513 2365 ex
541 2312 738 2365 ultione
781 2313 977 2366 civitati
1011 2313 1148 2366 illata
1189 2322 1408 2382 propter
1431 2312 1786 2382 juramentum
1819 2314 1919 2368 hoc
1947 2316 2030 2367 in-

446 2403 683 2472 telligere
727 2403 880 2467 licet,
914 2419 1094 2457 verum
1123 2411 1176 2457 et
1201 2419 1264 2456 ex
1293 2403 1632 2457 cunctatione
1659 2413 1711 2456 et
1737 2404 1989 2457 dilatione
2012 2444 2026 2467 ,

445 2505 698 2559 quantum
734 2494 870 2548 Deus
907 2494 1136 2547 studium
1170 2494 1400 2555 habeat,
1448 2509 1516 2548 ne
1551 2494 1849 2562 juramenta
1895 2511 2029 2548 cou-

446 2583 744 2636 culcenlur.
774 2583 989 2636 Factum
1017 2594 1089 2637 est
1117 2585 1259 2638 enim
1278 2627 1292 2649 ,
1323 2584 1522 2652 inquit,
1552 2585 1601 2636 in
1633 2603 1765 2638 anno
1795 2604 1924 2638 nono
1953 2603 2031 2637 re-

445 2676 534 2742 gni
549 2673 674 2740 ejus,
695 2674 744 2725 in
765 2690 925 2725 mense
941 2674 1174 2736 secundo,
1197 2675 1247 2726 in
1269 2674 1461 2726 decima
1480 2677 1678 2734 mensis,
1704 2677 1830 2728 venit
1846 2675 1898 2728 Ν
1900 2679 2028 2728 abu-

453 2762 788 2827 chodonosor,
813 2780 898 2815 rex
919 2761 1210 2832 Babylonis,
1241 2774 1288 2818 et
1308 2765 1469 2817 omnis
1494 2767 1736 2818 exercitus
1752 2767 1860 2836 ejus
1879 2784 2030 2834 super

443 2849 746 2911 Jerusalem,
767 2864 811 2904 et
827 2853 1138 2905 circumsedit
1156 2870 1287 2918 eam,
1305 2864 1348 2906 et
1365 2855 1608 2907 exstruxit
1631 2855 1679 2906 in
1694 2856 1903 2908 circuitu
1923 2857 2028 2925 ejus

445 2942 763 3003 munitiones,
781 2954 824 2994 et
841 2943 1011 2994 clausa
1030 2953 1100 2994 est
1114 2945 1307 3007 civitas,
1326 2955 1473 3012 atque
1490 2946 1674 2997 vallata
1699 2961 1849 3011 usque
1863 2945 1928 2997 ad
1945 2961 2012 2997 un

443 3031 689 3082 decimum
701 3049 885 3082 (mntth
903 3033 1029 3100 regis
1051 3032 1294 3096 Sedecite,
1315 3051 1447 3085 nona
1461 3035 1541 3086 die
1562 3036 1827 3096 mensis,et
1844 3050 2030 3102 prtcva-

443 3122 537 3173 luit
558 3122 712 3188 fames
732 3122 783 3172 in
805 3123 912 3189 ipsa
935 3123 1148 3187 civitate,
1173 3140 1262 3176 nec
1283 3134 1390 3176 erat
1422 3126 1566 3191 panis
1589 3127 1777 3192 populo
1800 3126 1870 3178 ad
1890 3142 2026 3178 com-

441 3211 706 3273 edendum,
738 3220 780 3263 et
803 3213 957 3264 scissa
976 3222 1044 3264 est
1065 3213 1236 3265 civitas
1255 3214 1330 3282 (4.
1359 3214 1482 3284 Reg.
1515 3215 1604 3268 ‘25.
1627 3216 1722 3268 1-4
1747 3219 1783 3284 ).
1807 3216 2025 3269 Poterat

442 3315 633 3369 nempe
654 3301 827 3353 statim
851 3317 879 3353 a
901 3303 1064 3368 prima
1085 3302 1171 3356 die
1197 3304 1338 3370 ipsos
1361 3305 1586 3367 tradere,
1606 3316 1658 3359 et
1673 3306 1845 3361 facere
1866 3307 2024 3360 hosti-

441 3389 539 3442 bus
569 3390 802 3442 subditos
836 3406 848 3451 ;
882 3391 972 3446 sed
1012 3400 1286 3460 propterea
1321 3393 1527 3446 interim
1567 3395 1720 3448 trimn
1763 3411 2022 3451 annorum

443 3489 648 3544 tempus
663 3481 860 3534 centeri
897 3483 1154 3548 permisit,
1173 3492 1226 3536 et
1251 3485 1392 3550 ipsos
1417 3485 1691 3540 obsidione
1711 3487 1875 3553 premi
1899 3502 2020 3556 gra-

441 3568 564 3618 vissi
591 3590 599 3616 ε
623 3583 674 3628 a,
693 3579 741 3620 ul
759 3579 809 3620 et
825 3571 1152 3624 extrinsecus
1171 3573 1394 3625 militum
1413 3574 1621 3639 timore,
1639 3583 1692 3628 et
1709 3576 2024 3630 intrinsecus

437 3655 573 3709 liniue
597 3658 858 3709 civitatem
889 3669 1161 3723 premente
1187 3662 1450 3729 castigati,
1480 3665 1561 3717 vel
1590 3665 1815 3720 invitum
1840 3682 2021 3736 regem

434 3743 673 3798 barbaris
696 3741 847 3795 subdi
871 3749 1143 3811 cogerent,
1166 3749 1220 3794 et
1242 3740 1455 3810 aliquod
1480 3751 1696 3808 peccato
1727 3751 2023 3798 remedmm

434 3835 568 3887 licri.
600 3833 664 3886 Et
688 3832 830 3900 quod
874 3831 977 3886 hoc
1017 3833 1087 3886 sit
1120 3847 1340 3897 verum,
1372 3849 1545 3902 neque
1589 3849 1704 3888 mea
1740 3836 1809 3887 sit
1837 3835 2022 3904 conje-

433 3933 580 3977 ctura
600 3963 616 3988 ,
647 3922 770 3976 audi
801 3922 926 3992 quid
959 3938 1054 3992 per
1080 3924 1395 3993 prophetam
1433 3923 1502 3978 ad
1541 3925 1713 3993 ipsum
1747 3926 1889 3978 dicat
1917 3944 1930 3980 :
1962 3926 2025 3980 Si

435 4015 614 4067 inieris
638 4013 704 4065 ad
731 4012 880 4066 duces
915 4013 1046 4084 regis
1085 4012 1361 4083 Babylonis
1387 4056 1403 4079 ,
1446 4015 1571 4066 vivet
1608 4015 1780 4067 aninta
1819 4025 1906 4068 tua
1930 4057 1944 4080 ,
1975 4027 2022 4068 et

434 4107 610 4158 civitas
640 4105 745 4158 Iure
782 4121 882 4158 non
917 4106 1245 4158 succendetur
1276 4107 1382 4177 igni
1407 4148 1421 4170 ,
1463 4118 1509 4160 et
1539 4108 1668 4161 vires
1694 4118 1746 4160 tu
1770 4118 1815 4160 et
1842 4109 2021 4162 domus

434 4207 541 4249 tua.
569 4197 629 4248 Si
652 4205 817 4249 autem
841 4213 940 4249 non
963 4197 1141 4250 exieris
1166 4198 1235 4249 ad
1253 4199 1506 4267 principes
1525 4201 1544 4230 ¹
1570 4200 1700 4270 regis
1722 4199 2016 4270 Babylonis,

434 4289 660 4339 tradetur
679 4288 851 4340 civitas
867 4289 971 4339 harc
988 4288 1038 4339 in
1053 4304 1234 4341 manus
1259 4289 1636 4357 Chaldtvorum,
1662 4303 1708 4344 et
1725 4294 2022 4346 succcndent

432 4393 544 4427 eam
571 4377 714 4445 igni,
757 4388 804 4430 et
842 4394 940 4430 non
979 4376 1185 4447 effugies
1216 4378 1279 4431 de
1305 4380 1535 4433 manibus
1564 4399 1758 4436 eorum.
1803 4383 1868 4436 Et
1894 4384 2022 4438 dixit

433 4481 522 4517 rex
542 4464 782 4520 Sedecias
801 4469 870 4520 ad
889 4468 1159 4523 Jeremiam
1181 4483 1200 4521 :
1226 4467 1493 4522 Rationem
1519 4471 1676 4525 habeo
1696 4472 2020 4537 Judworum,

431 4558 515 4626 qui
551 4559 786 4626 fugerunt
815 4561 884 4612 ad
911 4561 1175 4615 Chaldwos
1197 4603 1210 4621 ,
1249 4577 1310 4614 ne
1349 4565 1478 4632 forte
1502 4563 1704 4616 tradant
1734 4581 1813 4617 me
1835 4567 1886 4619 in
1918 4585 2023 4620 ma-

431 4668 525 4702 nus
553 4667 742 4713 eorum,
769 4661 818 4704 et
841 4654 1061 4707 illudant
1083 4655 1225 4707 mihi.
1256 4654 1531 4723 Respondit
1561 4665 1728 4706 autem
1749 4655 2018 4721 Jeremias,

429 4753 477 4794 et
503 4740 631 4792 dixit
660 4741 706 4792 ei
726 4783 740 4805 ,
771 4740 891 4795 Non
917 4754 964 4796 te
983 4746 1182 4798 tradent
1211 4760 1231 4799 :
1256 4747 1378 4798 audi
1406 4761 1569 4798 vocem
1601 4744 1837 4810 Domini,
1869 4765 2022 4816 quam

430 4850 522 4903 ego
553 4833 730 4900 loquor
753 4833 821 4884 ad
846 4843 919 4895 te,
944 4850 991 4886 et
1021 4837 1202 4890 ntelius
1223 4838 1312 4890 tibi
1339 4839 1430 4890 erit
1447 4880 1460 4902 ,
1489 4847 1535 4890 et
1560 4837 1681 4890 vivet
1707 4841 1880 4892 anima
1909 4853 2016 4894 tua.

435 4922 582 4987 Quod
617 4923 661 4974 si
695 4924 917 4976 nolueris
946 4926 1152 4994 egredi,
1193 4930 1288 4980 iste
1329 4940 1401 4980 est
1434 4946 1592 4981 sermo
1625 4946 1769 4996 quem
1807 4933 2020 4984 ostendit

433 5013 557 5066 mihi
584 5011 833 5068 Dominus
863 5030 880 5067 :
915 5015 1046 5068 Ecce
1074 5033 1245 5070 omnes
1277 5023 1509 5073 mulieres
1536 5036 1646 5092 qua:
1673 5034 2018 5076 remanserunt

432 5111 484 5162 in
512 5107 658 5160 domo
685 5107 817 5176 regis
841 5105 873 5159 .l
882 5107 981 5160 uda
1006 5149 1021 5174 ,
1062 5108 1336 5161 educentur
1359 5111 1428 5162 ad
1461 5113 1712 5182 principes
1753 5114 1882 5182 regis
1913 5113 2017 5165 Btt-

433 5200 650 5271 bylonis,
677 5209 723 5253 et
759 5200 838 5252 hu:
863 5201 1028 5254 dicent
1053 5216 1070 5254 :
1099 5199 1423 5255 Seduxerunt
1463 5212 1538 5268 te,
1576 5214 1620 5258 et
1649 5204 2018 5273 prtt’raluerunt

432 5295 696 5346 adversum
729 5300 775 5344 te
798 5291 890 5343 viri
918 5292 1119 5360 paciﬁci
1149 5292 1220 5345 tui
1245 5334 1259 5356 ,
1289 5299 1335 5346 et
1362 5294 1704 5360 prcevalebunt
1732 5299 1784 5350 in
1813 5296 2018 5350 lubricis

433 5396 610 5436 contra
640 5381 786 5452 pedes
812 5391 921 5434 tuos
953 5398 971 5434 :
999 5393 1313 5436 recesserunt
1344 5401 1374 5436 a
1406 5394 1452 5436 te
1479 5424 1492 5449 ,
1521 5395 1568 5437 et
1589 5386 1611 5416 ³
1640 5404 1810 5440 ainnes
1840 5405 2022 5441 uxores

433 5487 479 5530 et
507 5476 641 5544 ﬁlios
661 5485 770 5528 tuos
790 5473 993 5527 educent
1014 5473 1082 5526 ad
1102 5472 1391 5542 Chaldwos,
1411 5486 1456 5529 et
1483 5492 1580 5529 non
1609 5476 1816 5547 effugies
1841 5497 2018 5534 manus

501 5593 514 5620 '
554 5591 688 5652 Legit
709 5588 868 5644 savil.,
893 5593 1045 5635 Certe.
1072 5596 1120 5636 tn
1140 5588 1256 5636 Bibl.
1287 5603 1404 5638 vero
1425 5604 1438 5638 :
1473 5589 1582 5640 Viro
1605 5603 1691 5652 ego
1713 5591 1756 5641 si
1778 5604 1890 5641 non.

496 5652 518 5682 ¹
553 5653 702 5700 Editio
720 5659 914 5705 Veneta,
939 5662 1048 5757 qua:
1071 5664 1183 5699 eum
1207 5652 1326 5700 Bibl.
1346 5654 1564 5715 quadrat,
1585 5653 1723 5716 legit,
1742 5655 2017 5716 principes;

507 5714 728 5757 tnnnilms
745 5721 905 5757 autem
927 5724 954 5757 ει
977 5712 1034 5757 iis
1053 5709 1250 5757 legitur-
1275 5714 1557 5757 principem-

435 5712 484 5759 in
501 5714 728 5777 mamilius
745 5721 905 5777 autem
927 5709 1034 5759 aliis
1053 5709 1250 5773 legitur,
1273 5709 1557 5777 principem.

498 5772 519 5802 ³
551 5773 639 5822 alii
660 5777 729 5824 sic
751 5776 963 5826 habent:
992 5781 1090 5825 Non
1111 5772 1513 5836 revettcntttr,'-:t,
1539 5786 1635 5828 etc.

1299 391 1391 445 AD
1429 390 1745 448 POPULUM
1785 383 2268 444 ANTIOCHENUM
2334 387 2561 444 IIOMIL.
2601 384 2721 444 XIX

3621 388 3720 444 19b

2141 517 2336 566 eorum,
2362 502 2480 570 quia
2500 503 2550 554 in
2577 518 2732 554 manu
2760 501 2891 571 regis
2914 499 3189 571 Babylonis
3212 502 3448 570 capieris,
3476 511 3522 555 et
3547 503 3723 560 civitas

2137 594 2245 647 hwc
2287 591 2603 646 comburetur
2644 593 2752 663 igni
2783 591 2991 661 (Jerem.
3019 594 3106 648 38.
3137 593 3201 647 l7
3253 592 3325 646 23
3354 593 3392 660 ).
3436 592 3541 646 Sed
3573 602 3716 663 βοει-

2136 700 2294 755 quam
2345 698 2447 736 nou
2475 685 2738 752 persuasit
2765 682 2879 736 hazc
2907 682 3088 738 dicens
3111 725 3126 748 ,
3169 683 3262 738 sed
3291 684 3485 737 mansit
3513 683 3563 736 in
3592 699 3719 752 pec-

2137 784 2256 828 cato
2282 783 2336 828 et
2366 775 2640 842 iniquitate
2667 817 2682 842 ,
2725 783 2847 844 post
2882 783 2989 828 tres
3014 790 3180 828 annos
3203 776 3476 829 civitatem
3509 774 3725 830 tradidit

2138 864 2279 918 Deus
2302 905 2316 930 ,
2345 874 2399 918 et
2427 865 2764 919 clementiam
2793 880 2944 918 suam
2974 864 3344 919 demonstrans
3374 875 3426 920 et
3469 865 3611 919 illius
3641 866 3723 918 in-

2133 965 2341 1022 gratum
2377 953 2631 1007 animum.
2677 956 2741 1009 Et
2778 954 3001 1024 ingressi
3036 969 3155 1008 cum
3202 970 3386 1023 magna
3433 956 3720 1020 facilitate,

2136 1043 2227 1097 Dei
2258 1054 2311 1097 et
2337 1043 2476 1112 regis
2502 1044 2716 1098 domum
2741 1045 3089 1099 incenderunt
3113 1052 3166 1098 et
3193 1044 3382 1097 domos
3409 1044 3721 1110 Jerusalem,

2135 1143 2189 1186 et
2214 1149 2425 1188 omnem
2453 1149 2696 1204 magnam
2724 1135 2936 1189 domum
2969 1136 3202 1190 incendit
3249 1137 3495 1206 princeps
3526 1151 3723 1205 coquo-

2136 1239 2251 1276 rum
2279 1233 2334 1279 et
2363 1241 2572 1278 murum
2599 1224 2896 1279 Jerusalem
2923 1227 3221 1294 subvertit,
3263 1238 3312 1281 et
3354 1228 3550 1296 ubique
3590 1227 3728 1295 ignis

2135 1315 2478 1379 grassabatur
2505 1315 2839 1379 barbaricus,
2860 1315 3165 1382 iuramento
3201 1317 3374 1386 ignem
3415 1319 3641 1372 ducente
3670 1329 3727 1372 et

2137 1400 2400 1457 ﬂammam
2430 1405 2624 1472 passim
2651 1407 3047 1475 circumagente
3077 1423 3089 1458 :
3118 1417 3169 1459 et
3217 1408 3466 1474 populum
3510 1410 3559 1461 in
3597 1409 3724 1462 civi-

2137 1502 2244 1546 tate
2264 1495 2503 1548 relictqu
2527 1504 2581 1549 et
2601 1497 2687 1566 qui
2713 1497 3033 1550 transierant
3054 1497 3120 1550 ad
3144 1513 3321 1566 regem
3345 1501 3721 1566 transportavit

2139 1583 2382 1652 princeps
2410 1599 2696 1654 coquormu
2728 1587 2813 1657 (4.
2843 1587 2964 1657 Reg.
2996 1587 3119 1654 25).
3152 1586 3219 1640 Et
3247 1588 3507 1641 colunmas
3531 1605 3689 1643 cereas
3709 1630 3726 1654 ,

2134 1690 2248 1744 qua:
2275 1686 2415 1727 erant
2443 1676 2494 1728 in
2520 1677 2665 1730 domo
2705 1677 2912 1732 Domini
2937 1719 2951 1743 ,
2992 1688 3038 1732 et
3072 1679 3234 1742 bases,
3267 1689 3312 1730 et
3339 1695 3479 1731 mare
3506 1695 3724 1746 aeneum,

2135 1766 2272 1836 quod
2300 1775 2406 1819 erat
2426 1768 2475 1819 in
2499 1769 2646 1821 domo
2671 1769 2892 1834 Domini,
2917 1773 3268 1839 confregerunt
3299 1767 3529 1823 Chaldwi
3559 1789 3576 1824 :
3600 1771 3730 1824 ollas

2134 1873 2330 1924 quoque
2352 1872 2528 1921 wreas,
2553 1867 2598 1910 ct
2623 1859 2920 1928 fuscinulas,
2945 1869 2990 1910 et
3017 1858 3238 1926 phialas,
3257 1867 3306 1911 et
3336 1861 3648 1924 mortariola,
3680 1871 3730 1914 et

2135 1947 2304 1999 omnia
2345 1963 2461 1998 vasa
2499 1963 2632 2000 terea
2672 1948 2919 2016 inquibus
2958 1948 3348 2013 ministrabant,
3393 1950 3657 2003 tulerunt:
3687 1961 3732 2003 et

2136 2039 2410 2103 thuribula,
2434 2049 2479 2090 et
2505 2039 2703 2107 phialas
2723 2056 2899 2093 aureas
2929 2049 2974 2091 et
2995 2049 3256 2108 argenteas
3285 2042 3504 2094 tulerunt
3536 2059 3553 2094 :
3574 2052 3621 2096 et
3640 2059 3729 2096 co-

2137 2131 2334 2182 lumnas
2351 2130 2476 2181 duas
2494 2140 2538 2180 et
2555 2130 2714 2191 bases,
2730 2138 2775 2181 et
2788 2146 2927 2182 mare
2943 2130 3076 2198 quod
3095 2132 3210 2197 fecit
3238 2132 3480 2185 Salomon
3502 2134 3554 2186 in
3577 2135 3727 2187 donto

2141 2220 2359 2282 Domini,
2391 2221 2501 2273 tulit
2535 2219 2902 2286 Nabuzardan,
2935 2220 3167 2286 princeps
3193 2237 3466 2291 coquornm
3490 2239 3508 2276 :
3535 2235 3579 2275 et
3606 2225 3726 2276 tule-

2138 2319 2251 2362 runt
2276 2326 2468 2378 quoque
2490 2309 2702 2363 Saream
2729 2311 2947 2379 printum
2972 2310 3299 2375 sacerdotem,
3332 2321 3377 2363 et
3405 2312 3619 2381 Saphan
3644 2331 3729 2366 sa-

2137 2400 2383 2453 cerdotem
2412 2402 2705 2467 secundum,
2730 2411 2774 2455 et
2801 2411 2896 2454 tres
2920 2401 3004 2471 qui
3029 2402 3373 2456 custodiebant
3399 2403 3571 2468 limen,
3595 2415 3644 2458 et
3667 2406 3733 2459 de

2136 2493 2335 2544 civitate
2359 2494 2640 2544 eunuchum
2665 2508 2842 2557 unum,
2861 2494 2944 2560 qui
2972 2502 3076 2546 erat
3112 2497 3378 2562 prarfectus
3404 2509 3554 2563 super
3572 2495 3731 2549 bella-

2136 2591 2268 2634 tores
2291 2583 2442 2644 viros,
2470 2591 2514 2633 et
2535 2582 2751 2652 quinque
2769 2582 2900 2634 viros
2920 2581 2982 2635 de
3007 2582 3083 2634 his
3099 2582 3182 2650 qui
3204 2583 3434 2635 videbant
3455 2585 3633 2654 faciem
3651 2603 3732 2639 re-

2133 2673 2230 2743 gis,
2246 2683 2291 2724 et
2312 2672 2525 2741 Saphan
2542 2672 2820 2741 principem
2836 2672 3154 2734 exercitus,et
3167 2673 3453 2736 scribam,et
3470 2674 3731 2744 sexaginta

2134 2763 2263 2814 viros
2281 2803 2294 2826 ,
2319 2772 2364 2814 et
2382 2762 2494 2814 tulit
2510 2779 2612 2826 eos,
2641 2770 2687 2815 et
2711 2761 2924 2814 abduxit
2940 2760 3009 2812 ad
3027 2777 3192 2830 regem
3212 2761 3506 2831 Babylonis,
3528 2780 3728 2831 percus-

2131 2853 2292 2920 sitque
2307 2868 2387 2905 eos
2404 2868 2493 2904 rea:
2517 2850 2788 2920 Babylonis
2804 2859 2850 2903 et
2871 2851 3118 2920 interfecit
3133 2867 3217 2904 eos
3233 2849 3396 2921 (Ibid.
3428 2867 3476 2904 v.
3509 2853 3671 2906 13-9.!
3692 2863 3724 2913 ).

2134 2941 2314 3011 Itaque
2343 2941 2762 2996 rccordaremilii
2795 2941 2943 2995 falcis
2961 2943 3185 2996 volantis
3201 2951 3251 2996 et
3273 2943 3656 3011 requiesceulis
3677 2947 3726 2999 in

2135 3032 2296 3087 domo
2321 3033 2546 3101 jnrantis
2569 3073 2583 3095 ,
2623 3041 2676 3087 et
2707 3031 2941 3102 parietes
2966 3033 3290 3086 destruentis
3315 3041 3368 3085 et
3415 3032 3552 3102 ligna
3575 3046 3627 3088 et
3655 3036 3728 3086 la-

2134 3124 2287 3193 pides
2315 3142 2328 3177 :
2358 3125 2640 3178 recordare
2666 3124 2794 3177 mihi
2820 3123 3086 3193 quomodo
3107 3123 3466 3192 juramentum
3500 3126 3600 3179 hoc
3629 3142 3718 3180 ur-

2130 3215 2252 3268 bem
2283 3215 2611 3283 ingressum,
2656 3223 2816 3283 atque
2856 3213 3044 3268 domos
3073 3226 3126 3268 et
3149 3215 3402 3282 templum
3435 3226 3488 3270 et
3527 3219 3721 3272 mtenia

2128 3305 2457 3372 :editieiaqne
2486 3304 2761 3374 splendida
2789 3304 3070 3370 destruxit,
3100 3313 3155 3358 et
3181 3305 3464 3360 maceriem
3498 3305 3624 3361 fecit
3647 3308 3724 3361 ci-

2131 3400 2365 3460 vitalem,
2388 3405 2441 3449 et
2460 3409 2630 3464 neque
2651 3403 2835 3448 saneta
2858 3404 3184 3459 sanctorum,
3210 3411 3380 3464 neque
3401 3411 3550 3451 sacra
3575 3413 3723 3463 vasa,

2129 3501 2227 3540 nec
2253 3486 2392 3539 aliud
2411 3487 2697 3556 quidquam
2721 3501 2931 3555 penam
2955 3495 3010 3540 et
3037 3486 3292 3540 ultionem
3328 3487 3474 3540 illam
3503 3490 3717 3554 avertit,

2128 3577 2248 3644 quia
2279 3577 2528 3628 violatum
2569 3575 2741 3630 fuerat
2775 3576 3155 3644 juramentum.
3195 3577 3260 3629 Et
3281 3577 3466 3630 civitas
3495 3578 3714 3646 quidem

2129 3675 2233 3719 tam
2264 3666 2635 3719 miserabiliter
2656 3665 2979 3727 solvebatur,
3006 3680 3097 3718 rex
3124 3674 3302 3719 autern
3334 3667 3415 3718 his
3439 3667 3720 3722 miserabi-

2135 3749 2260 3798 ltora
2290 3755 2341 3798 et
2369 3746 2599 3798 tristiora
2629 3743 2924 3814 patiebatur
2949 3761 2962 3796 :
2992 3753 3044 3798 et
3075 3745 3213 3798 sicut
3237 3746 3457 3798 aedilicia
3490 3747 3590 3799 falx
3621 3749 3721 3800 ista

2133 3840 2318 3890 volans
2350 3836 2607 3891 destruxit
2632 3878 2647 3899 ,
2693 3836 2769 3890 sic
2803 3844 2858 3889 el.
2903 3835 3042 3889 hunc
3083 3835 3368 3904 fugientem
3409 3836 3721 3904 absumpsit.

2131 3925 2377 3994 Egressus
2424 3925 2566 3980 enim
2611 3935 2680 3977 est
2717 3941 2806 3978 rex
2830 3966 2843 3985 ,
2888 3925 3058 3994 inquit
3084 3965 3098 3987 ,
3144 3936 3285 3977 nocte
3316 3925 3378 3975 de
3406 3927 3604 3979 civitate
3633 3943 3723 3996 per

2130 4017 2258 4067 riam
2303 4025 2464 4083 portae
2489 4055 2504 4076 ,
2537 4025 2583 4067 et
2624 4015 2854 4068 Chalda'i
2895 4015 3330 4066 circumdedi-nuit
3359 4016 3606 4068 civitatem
3631 4058 3645 4080 ,
3675 4026 3725 4070 et

2128 4116 2450 4173 persequutus
2471 4117 2541 4157 est
2567 4107 2814 4158 exercitus
2836 4105 3190 4157 Chaldteorum
3221 4116 3331 4171 post
3358 4123 3544 4176 regem,
3567 4117 3613 4160 et
3638 4125 3722 4161 ce-

2126 4207 2303 4266 perunt
2335 4213 2444 4248 eum
2472 4237 2486 4261 ,
2531 4207 2576 4248 et
2614 4197 3098 4264 comprehenderunt
3145 4213 3345 4267 regem,
3387 4208 3430 4249 et
3471 4201 3722 4252 duxerunt

2125 4291 2292 4358 ipsum
2316 4288 2383 4341 ad
2410 4305 2576 4358 regem
2604 4286 2902 4358 Babylonis.
2936 4286 3000 4340 Et
3023 4288 3260 4356 loquutus
3288 4299 3360 4342 est
3387 4306 3475 4342 rex
3505 4289 3723 4361 Babylo-

2128 4381 2205 4433 nis
2235 4395 2347 4433 cum
2377 4379 2589 4433 Sedecia
2608 4378 2884 4448 judicium,
2905 4387 2950 4431 et
2970 4379 3153 4431 occidit
3179 4381 3314 4446 filios
3339 4381 3496 4449 ipsius
3521 4382 3573 4432 in
3595 4397 3720 4434 ocu-

2129 4471 2191 4524 lis
2217 4475 2348 4541 ejus,
2375 4480 2424 4525 et
2450 4471 2620 4524 oculos
2647 4471 2871 4524 Sedecia:
2889 4471 3176 4534 exctecavit,
3200 4480 3247 4523 et
3267 4471 3422 4524 vinxit
3442 4488 3555 4524 cum
3578 4490 3719 4526 com-

2129 4563 2333 4632 pedibus
2355 4604 2370 4627 ,
2403 4573 2447 4615 et
2479 4561 2683 4614 abduxit
2709 4561 2758 4612 in
2789 4558 3094 4628 Babylonem
3132 4559 3151 4631 (
3176 4561 3228 4614 4.
3262 4561 3390 4631 Reg.
3421 4561 3513 4616 9.3.
3543 4563 3644 4617 4-7
3667 4563 3707 4633 ).

2127 4654 2264 4720 Quid
2288 4663 2389 4714 est,
2415 4652 2671 4719 Loquutus
2695 4659 2768 4703 est
2796 4666 2909 4702 cum
2939 4651 3048 4720 ipso
3069 4650 3322 4720 judicium
3345 4652 3369 4704 ?
3391 4652 3471 4706 Ab
3500 4654 3612 4722 ipso
3635 4670 3726 4707 ra-.

2129 4752 2298 4798 tiones
2325 4741 2584 4809 repetivit,
2615 4740 2872 4793 rationem
2903 4741 3080 4808 posuit
3099 4757 3217 4795 cum
3249 4743 3381 4810 ipso,
3409 4753 3462 4796 et
3486 4743 3724 4811 primum.

2129 4837 2289 4903 ipsius
2317 4833 2454 4886 ﬁlios
2480 4831 2742 4901 jugulavit
2762 4873 2777 4898 ,
2808 4843 2864 4887 ut
2902 4834 3126 4902 propria:
3156 4833 3470 4886 calamitatis
3498 4845 3714 4902 specta-

2127 4937 2207 4976 tor
2233 4924 2377 4976 licrvt
2409 4941 2421 4975 :
2450 4933 2503 4975 et
2536 4935 2814 4992 postquam
2841 4923 3148 4990 tragtediam
3179 4923 3323 4977 illam
3352 4925 3713 4979 miserabilem

2121 5011 2272 5077 vidit,
2293 5020 2421 5065 tunc
2441 5011 2590 5067 illum
2609 5016 2915 5069 excmcavit.
2936 5013 3051 5082 Qua
3070 5014 3136 5070 de
3157 5031 3322 5073 causa
3347 5034 3562 5073 rursum
3585 5019 3693 5076 hoc

2122 5099 2332 5170 agitur?
2358 5100 2428 5156 Ut
2451 5104 2710 5173 magister
2737 5105 2983 5157 barbaris
3012 5105 3193 5174 abeat,
3223 5117 3278 5161 et
3308 5108 3416 5162 illic
3447 5109 3691 5162 habitan-

2123 5193 2266 5245 tibus
2296 5192 2500 5250 Judteis
2521 5236 2536 5260 ,
2561 5206 2620 5250 ut
2646 5205 2933 5252 cernentes
2959 5214 3056 5268 per
3079 5210 3408 5255 excxeatum
3441 5202 3688 5268 discant,

2121 5293 2387 5354 quantum
2415 5287 2539 5340 mali
2569 5288 3056 5357 sitjuramentum;
3080 5308 3178 5346 nec
3201 5291 3274 5344 illi
3299 5306 3427 5345 vero
3452 5300 3698 5362 tantum,

2123 5391 2312 5430 verum
2331 5387 2383 5432 et
2399 5393 2554 5432 secus
2568 5378 2709 5431 viam
2731 5395 2920 5436 omnes
2939 5382 3511 5445 habitantes,vinctum
3527 5397 3580 5441 et
3595 5403 3693 5442 ea:-

2123 5477 2305 5522 calum
2330 5469 2615 5532 intuentes,
2635 5485 2730 5538 per
2753 5474 3076 5529 calamitatis
3105 5477 3534 5546 magnitudinem
3564 5496 3698 5550 ροσε.

2124 5561 2228 5612 cati
2245 5561 2452 5630 pondus
2466 5561 2698 5616 discant.
2712 5563 2996 5634 Propterea
3017 5567 3404 5637 prophetarum
3423 5572 3556 5626 alter
3571 5576 3690 5641 qui-

2126 5652 2247 5703 dam
2265 5653 2342 5704 sic
2360 5653 2556 5720 inquit,
2578 5653 2696 5708 Non
2713 5657 2902 5710 videbit
2918 5657 3240 5728 Babylonem
3259 5659 3474 5730 (Ezech.
3489 5663 3568 5716 l2.
3587 5665 3645 5715 lii
3659 5684 3695 5716 ,τ-

2124 5753 2256 5808 alter
2281 5765 2422 5805 vero.
2453 5747 2511 5801 lu
2552 5747 2586 5783 τ’
2623 5751 2850 5820 bylouint
2879 5746 3152 5801 abducetur
3181 5749 3392 5820 (Jet'cm.
3423 5753 3510 5806 52.
3542 5753 3618 5822 5).
3651 5753 3719 5809 Et
