4452 6686
780 449 881 506 195

772 549 1030 605 contraria
1048 551 1260 622 quidem
1283 551 1559 621 prophetia
1578 565 1696 606 esse
1718 551 1944 619 videtur,
1973 553 2068 608 sed
2094 569 2199 608 non
2224 561 2306 608 est
2332 572 2346 608 :

770 642 885 696 haec
905 641 1063 696 ambo
1078 658 1230 697 vera:
1250 643 1445 697 etenim
1471 641 1792 709 Babylonem
1811 660 1914 697 non
1933 644 2084 707 vidit,
2099 651 2153 696 et
2170 645 2220 697 in
2243 643 2349 696 Ba-

770 729 1019 804 bylonem
1035 734 1295 787 abductus
1310 742 1411 785 est.
1427 730 1703 797 Quomodo
1722 734 1879 803 igitur
1897 734 2221 804 Babylonem
2242 747 2344 786 non

767 822 942 876 vidit?
966 823 1223 888 Quoniam
1254 822 1304 875 in
1322 821 1506 875 Judma
1529 835 1825 877 excaecatus
1850 833 1949 878 cst.
1989 823 2083 879 Ubi
2116 837 2342 889 namque

766 912 1120 982 juramentum
1146 920 1381 980 spretum
1404 919 1507 974 est,
1528 912 1597 966 ibi
1628 922 1683 967 et
1708 913 2028 966 vindicatum
2057 920 2154 971 est,
2176 919 2230 962 et
2256 910 2342 962 ul—

766 1002 963 1055 tionem
992 1000 1104 1069 ipse
1129 1000 1398 1055 sustinuit.
1426 1001 1706 1067 Quomodo
1731 1002 1987 1056 abductus
2004 1009 2087 1053 est
2108 999 2341 1069 Babylo-

764 1091 922 1147 nem?
945 1091 1195 1161 Captivus
1220 1093 1409 1149 factus.
1438 1095 1696 1160 Quoniam
1725 1096 1864 1149 enim
1901 1094 2018 1146 duae
2044 1102 2196 1146 erant
2226 1107 2343 1161 pa:-

764 1198 877 1247 ηπ,
910 1184 1197 1239 exc-.ecatio
1221 1194 1273 1238 et
1301 1186 1579 1251 captivitas
1598 1227 1613 1250 ,
1644 1184 2026 1238 distribuerunt
2054 1183 2194 1251 ipsas
2223 1197 2345 1250 pro-

763 1273 937 1342 pheta:
953 1290 966 1326 :
985 1281 1040 1327 et
1066 1272 1152 1328 hic
1170 1274 1404 1343 quidem,
1427 1273 1547 1327 Non
1568 1275 1767 1339 videbit,
1795 1272 1981 1342 inquit,
2006 1270 2340 1342 Babylonem,

764 1365 930 1431 ipsius
956 1367 1368 1420 excaecationem
1397 1366 1578 1419 dicens
1603 1384 1616 1417 :
1649 1365 1737 1418 ille
1764 1378 1889 1418 vero
1910 1364 2002 1427 ait,
2030 1361 2097 1416 In
2116 1363 2339 1433 Babylo-

762 1470 878 1507 nem
911 1455 1203 1514 abducetur.
1235 1456 1397 1522 ipsius
1423 1455 1728 1523 signiﬁcans
1753 1454 2139 1521 captivitatem.

830 1547 884 1602 ι.
926 1546 1139 1599 Muralis
1175 1546 1470 1598 exhortatio.
1496 1574 1568 1583 —
1591 1544 1716 1597 Haac
1747 1543 1903 1613 igitur
1936 1545 2198 1608 scientes,
2230 1543 2337 1595 fra-

758 1646 899 1701 tres,
928 1646 979 1689 et
1006 1651 1146 1689 nunc
1180 1639 1318 1689 dicta
1344 1647 1396 1689 et
1430 1646 1556 1690 ante
1594 1634 1710 1689 lucc
1747 1644 2159 1690 commemorata
2186 1634 2338 1687 colli-

754 1734 959 1792 gentes,
979 1726 1047 1779 ab
1074 1726 1171 1778 hac
1198 1725 1413 1779 tandem
1438 1725 1597 1779 stulta
1624 1740 1894 1779 cessemus
1920 1722 2335 1778 consuetudine:

754 1818 831 1870 sic
858 1830 987 1887 rogo
1023 1826 1077 1872 et
1100 1832 1198 1872 oro
1225 1832 1318 1871 vos
1346 1831 1553 1871 omnes.
1587 1816 1642 1871 Si
1683 1816 1823 1871 enim
1865 1815 2181 1882 antiquitus,
2212 1827 2333 1866 cum

753 1908 921 1963 Juda'i
949 1909 1015 1963 ad
1043 1909 1328 1979 perfectam
1349 1908 1679 1976 disciplinam
1710 1921 1815 1959 non
1842 1903 2206 1973 exigebantur,
2238 1901 2333 1957 sed

753 1999 913 2051 multa
944 2005 1060 2053 erat
1086 1998 1427 2066 indulgentia,
1454 2006 1595 2049 tanta
1626 2004 1842 2064 propter
1872 2009 2033 2046 unum
2058 1992 2331 2061 jnramen-

750 2098 859 2140 tum
885 2088 983 2148 ira.
1008 2094 1211 2139 tantum
1235 2086 1522 2149 excidium,
1557 2093 1699 2138 tanta
1729 2084 2008 2151 captivitas
2036 2083 2131 2135 iuit
2154 2098 2167 2133 :
2201 2080 2328 2149 quid

747 2190 1040 2245 congruum
1058 2184 1140 2229 est
1164 2189 1305 2229 nunc
1330 2188 1579 2243 passuros
1599 2186 1717 2227 esse
1732 2172 1990 2241 jurantcs.
2017 2181 2134 2239 post
2162 2171 2331 2239 legem

750 2266 850 2320 hoc
885 2266 1061 2321 facere
1099 2265 1467 2335 prohibentem
1498 2275 1551 2319 et
1575 2272 1776 2317 tantum
1807 2262 2171 2315 mandatorum
2200 2276 2332 2329 ang-

750 2356 1024 2410 mentum?
1064 2354 1203 2409 Num
1246 2355 1387 2408 enim
1431 2354 1533 2407 hoc
1573 2362 1654 2406 est
1686 2352 1826 2421 quod
1865 2351 2136 2419 quan-itur,
2172 2359 2225 2403 ut
2264 2350 2329 2402 ad

744 2446 982 2515 synaxim
1013 2445 1286 2497 veniamus
1321 2450 1376 2497 et
1412 2440 1690 2495 audiamus
1726 2455 1843 2509 qua:
1882 2438 2172 2492 dicuntur?
2218 2438 2329 2492 Hoc

743 2534 956 2604 quidem
983 2544 1038 2588 et
1071 2533 1327 2603 judicium
1355 2532 1526 2602 majus
1549 2540 1664 2596 est,
1694 2539 1748 2585 et
1773 2545 1929 2600 poena
1971 2529 2292 2584 inevitabilis
2311 2569 2327 2594 ,

744 2626 955 2695 quando
980 2635 1235 2695 perpetuo
1262 2624 1538 2679 audientes
1563 2639 1667 2678 non
1696 2623 1978 2692 implemus
2002 2637 2121 2691 qua:
2142 2620 2329 2674 dicun-

742 2727 848 2772 tur.
876 2717 1045 2785 Quam
1074 2717 1216 2770 enim
1242 2714 1554 2769 habebimus
1580 2712 1983 2768 defensionem?
2009 2725 2169 2779 quam
2199 2724 2330 2764 vero

742 2812 947 2863 veniam
971 2849 988 2875 ,
1020 2824 1141 2863 cum
1165 2822 1199 2863 a
1224 2808 1391 2877 prima
1430 2822 1528 2861 nos
1553 2815 1711 2860 astate
1739 2819 1903 2874 usque
1940 2803 1992 2856 in
2028 2811 2323 2857 extremam

741 2901 987 2954 canitiem
1012 2899 1114 2953 huc
1132 2897 1509 2952 convenientes
1526 2904 1581 2950 et
1602 2903 1743 2948 tanta
1767 2893 2004 2946 fruentes
2023 2890 2322 2959 disciplina,

742 2991 940 3045 similes
964 2990 1065 3043 illis
1099 3003 1466 3043 remaneamus
1490 3027 1506 3052 ,
1531 2996 1587 3040 et
1613 2986 1814 3039 nullum
1839 2984 2145 3038 studeamus
2172 2982 2325 3036 defe-

742 3094 884 3137 ctum
908 3082 1211 3152 corrigere?
1245 3079 1323 3135 Ne
1353 3080 1481 3133 mihi
1506 3079 1617 3147 jam
1659 3078 1850 3147 aliquis
1887 3075 2325 3131 consuetudincm

743 3171 1074 3241 prmtendat:
1120 3180 1337 3241 propter
1379 3169 1482 3223 hoc
1526 3169 1669 3223 enim
1714 3168 1961 3236 indignor
2003 3176 2056 3220 et
2103 3166 2322 3228 irascor,

740 3264 988 3333 quoniam
1031 3262 1471 3317 consuetudinem
1509 3261 1723 3313 vincere
1762 3272 1866 3311 non
1910 3271 2214 3326 possumus.
2260 3254 2329 3308 Et

740 3355 838 3409 nisi
864 3353 1297 3409 consuetudinem
1326 3353 1619 3413 vincamus,
1647 3348 1912 3419 quomodo
1938 3347 2326 3415 concupiscen—

740 3446 865 3499 tiam
885 3446 1179 3509 vincemus,
1205 3444 1356 3514 cujus
1374 3443 1525 3497 radix
1550 3441 1707 3495 habet
1725 3456 1754 3493 a
1774 3450 1957 3494 natura
1973 3438 2328 3509 principium?

737 3538 1128 3607 Concupiscere
1155 3536 1296 3590 enim
1327 3534 1565 3587 naturale
1585 3574 1600 3595 ,
1630 3532 1766 3585 male
1794 3545 1921 3585 vero
1948 3529 2325 3597 concupiscere

736 3629 844 3697 jam
869 3635 954 3682 est
984 3625 1293 3680 voluntatis.
1320 3623 1509 3678 Jurare
1544 3637 1737 3689 nempe
1777 3636 1875 3674 nec
1900 3621 2039 3689 cepit
2066 3634 2096 3672 a
2134 3619 2324 3671 volun-

738 3730 844 3773 tate
872 3721 890 3751 ί
917 3718 1257 3789 principium,
1282 3714 1378 3770 sed
1404 3730 1473 3769 ex
1492 3712 1805 3783 negligentia
1835 3710 1971 3764 sola.

808 3809 958 3865 Miro:
1002 3808 1360 3863 circulatorem
1406 3804 1741 3860 artem—Et
1767 3811 1824 3856 ut
1865 3802 2061 3866 discas,
2109 3816 2216 3856 non
2255 3816 2322 3855 ex

738 3901 817 3955 rei
840 3899 1185 3964 difﬁcultate,
1229 3896 1326 3953 sed
1357 3904 1572 3966 propter
1599 3895 1896 3965 neglectum
1935 3902 2175 3947 nostrum
2202 3901 2324 3946 tan-

736 4002 847 4044 tum
874 3988 979 4043 hoc
1016 3996 1294 4059 peccatum
1325 3984 1647 4055 processisse
1665 4024 1680 4047 ,
1706 3984 1999 4052 cogitemus
2025 3982 2196 4037 multo
2239 3980 2326 4035 his

735 4078 1033 4133 difﬁciliora
1063 4076 1309 4131 homines
1337 4074 1596 4144 exsequi,
1624 4082 1679 4128 et
1707 4072 1807 4127 hoc
1845 4072 2045 4127 nullam
2074 4071 2197 4128 inde
2232 4087 2323 4127 re-

736 4170 1073 4224 tributionem
1119 4174 1527 4235 exspectantes:
1571 4164 1864 4233 cogitemns
1908 4178 2027 4231 qua:
2079 4162 2323 4217 diabolus

738 4258 1054 4326 imperavit,
1085 4272 1243 4326 quam
1269 4255 1530 4309 laboriosa
1555 4294 1571 4320 ,
1594 4268 1754 4322 quam
1793 4252 2010 4321 gravia:
2057 4266 2156 4306 nec
2178 4250 2322 4306 difﬁ-

736 4352 908 4405 cultas
938 4349 1036 4405 fuit
1060 4349 1177 4417 ejus
1202 4346 1463 4400 mandatis
1488 4344 1946 4414 impedimentum.
1978 4341 2115 4409 Quid
2138 4342 2279 4397 enim
2304 4382 2320 4407 ,

736 4455 937 4510 qnmso,
984 4436 1250 4491 difﬁcilius
1291 4436 1380 4500 sit,
1437 4447 1596 4503 quam
1643 4447 1765 4486 cum
1806 4430 2069 4501 quispiam
2111 4430 2322 4499 juvenis

736 4530 1035 4585 volentibus
1050 4543 1108 4583 se
1123 4526 1363 4581 emollire
1383 4533 1437 4578 et
1454 4523 1689 4579 membra
1707 4537 1801 4577 sua
1821 4530 2069 4591 torquere
2089 4522 2321 4591 seipsum

736 4624 981 4685 tradens,
1008 4620 1194 4675 sedulo
1223 4617 1509 4671 contendat
1546 4626 1677 4670 rota:
1717 4629 1868 4668 more
1910 4621 2077 4667 totum
2106 4613 2322 4668 ﬂectere

735 4732 937 4788 corpus
956 4756 973 4783 ,
1004 4723 1060 4770 et
1082 4713 1136 4767 in
1165 4712 1466 4783 pavimento
1492 4708 1710 4773 versari,
1740 4717 1794 4761 et
1822 4721 1917 4775 per
1940 4706 2124 4760 oculos
2152 4714 2205 4759 et
2230 4720 2322 4773 per

737 4822 990 4865 manuum
1013 4801 1520 4861 circumductionem
1562 4807 1617 4853 et
1647 4798 1805 4851 aliam
1850 4796 2236 4850 revolutionem
2268 4795 2319 4849 in

738 4900 1026 4957 femineum
1067 4909 1234 4966 genus
1278 4889 1508 4947 transire
1546 4896 1789 4951 conetur,
1836 4902 1934 4949 nec
1970 4901 2157 4941 eorum
2203 4900 2322 4953 qua:

740 4986 1270 5050 ﬁuntdil’ﬁcultatem,
1290 4996 1391 5038 nec
1405 4995 1474 5036 ex
1493 4979 1561 5034 iis
1575 4977 1914 5048 ignominiam
1938 4975 2323 5032 ratiocinetur?

738 5084 792 5137 in
817 5079 1093 5138 orchestra
1129 5089 1339 5130 rursum
1366 5087 1462 5128 eos
1484 5112 1501 5138 ,
1529 5071 1620 5140 qui
1659 5068 2035 5139 pertrahuntur
2052 5110 2067 5132 ,
2094 5075 2152 5122 et
2177 5065 2323 5119 velut

735 5172 837 5227 alis
862 5166 1117 5224 membris
1134 5171 1351 5219 utuntur
1369 5158 1661 5228 corporeis,
1683 5157 1804 5227 quis
1823 5156 2006 5211 videns
2023 5171 2125 5211 non
2152 5154 2322 5208 admi-

736 5260 922 5317 retur?
950 5257 1154 5329 gladios
1181 5260 1361 5307 autem
1387 5250 1687 5304 alternatim
1718 5248 1770 5301 in
1793 5260 1973 5301 aerem
1998 5244 2318 5313 jaculantes,

735 5362 790 5405 et
812 5362 999 5405 omnes
1021 5361 1232 5401 rursum
1254 5357 1350 5414 per
1370 5340 1703 5395 manubrium
1723 5338 2016 5407 capientes,
2037 5351 2192 5406 quem
2212 5350 2318 5391 non

735 5439 1063 5496 Contendant
1088 5434 1289 5489 'nullum
1321 5445 1421 5502 pro
1445 5430 1641 5483 virtute
1667 5427 1902 5483 laborem
1928 5426 2194 5493 suscipere
2224 5439 2319 5476 vn-

736 5529 1002 5586 lentium?
1027 5528 1107 5583 vel
1134 5524 1260 5595 quid
1287 5523 1355 5578 de
1381 5523 1444 5577 iis
1463 5520 1673 5575 dicatur
1698 5519 1845 5584 viris,
1871 5517 1960 5586 qui
1989 5516 2239 5585 perticam
2266 5514 2318 5567 in

738 5622 914 5678 fronte
939 5626 1206 5688 gestantes
1228 5657 1243 5681 ,
1273 5615 1416 5668 velut
1443 5611 1689 5666 arborem
1719 5608 1771 5661 in
1804 5616 1943 5662 terra
1986 5606 2274 5661 radicatam
2300 5645 2316 5666 ,

736 5714 815 5771 sic
844 5712 1110 5763 immotam
1143 5703 1500 5761 conservant?
1529 5701 1643 5756 Non
1689 5699 1791 5752 hoc
1834 5697 2003 5752 solum
2033 5708 2115 5751 est
2142 5696 2312 5751 admi-

799 5825 815 5856 ⁸
853 5820 1018 5873 Itorel.
1046 5829 1095 5871 et
1120 5818 1300 5883 aliquot
1322 5822 1449 5873 uss,
1472 5826 1502 5863 a
1524 5812 1791 5870 voluntate;
1808 5809 1906 5871 alii,
1923 5823 1953 5859 a
1981 5817 2171 5861 natura.

1510 439 1567 496 8.
1605 438 1883 497 JOANNIS
1917 439 2393 498 CllRYSOSTOMl
2430 440 2747 501 ARCHIEP.
2787 444 3319 502 CONSTANTINOP.

3931 453 4031 511 tas

2454 554 2621 610 rabile
2645 598 2659 621 ,
2690 571 2872 611 verum
2901 568 2956 613 et
2985 560 3035 613 id
3063 562 3203 631 quod
3236 561 3480 631 puerulos
3506 574 3699 630 parvos
3738 564 3791 616 in
3820 582 4031 621 summo

2453 644 2598 713 ligno
2629 646 2645 676 ¹
2685 645 2823 700 inter
2848 661 2906 700 se
2948 648 3135 703 luctari
3169 652 3397 715 faciunt,
3431 660 3485 706 et
3513 665 3683 719 neque
3708 668 3897 707 manus
3932 674 4030 712 nec

2450 735 2552 790 alia
2578 738 2816 807 corporis
2836 754 2974 807 pars,
2998 742 3091 794 sed
3124 742 3269 797 frons
3292 746 3404 799 sola
3431 743 3572 799 omni
3595 742 3803 797 vinculo
3824 743 4029 800 ﬁrmius

2450 824 2592 878 illam
2616 830 2868 895 perticam
2889 829 3024 898 gerit
3050 830 3439 888 inconcussam.
3462 834 3613 889 Alter
3629 849 3838 888 rursum
3863 850 4025 904 supra

2449 914 2627 969 funem
2663 920 3095 986 angustissimum
3137 936 3257 975 cum
3291 932 3435 980 tanta
3459 923 3691 979 ambulat
3719 924 4022 989 securitate,

2447 1017 2567 1057 cum
2598 1017 2793 1073 quanta
2836 1010 2926 1078 qui
2957 1010 3138 1079 planos
3175 1027 3394 1082 campos
3440 1022 3768 1083 percurrunt.
3799 1013 4023 1066 Verum-

2449 1100 2622 1146 tamen
2664 1093 2778 1149 haec
2802 1114 2921 1166 qua:
2951 1110 3004 1153 et
3044 1101 3272 1168 cogitatu
3313 1103 3660 1159 intolerabilia
3691 1118 3807 1159 esse
3832 1103 4020 1155 viden-

2451 1193 2569 1246 tur,
2598 1181 2733 1237 facta
2771 1196 2895 1240 sunt
2932 1198 3046 1243 arte
3074 1190 3360 1257 possibilia.
3397 1192 3534 1257 Quid
3575 1192 3761 1247 horum
3801 1193 3851 1246 in
3875 1192 4022 1259 jura-

2448 1276 2639 1329 mentis
2665 1316 2679 1337 ,
2724 1292 2936 1345 quarso,
2991 1281 3321 1347 prtetendere
3367 1284 3687 1351 pOSsumus?
3722 1298 3878 1353 quam
3920 1280 4021 1335 dif-

2449 1368 2777 1423 ﬁetiltatem?
2829 1384 2986 1437 quem
3038 1372 3337 1427 sudorem?
3391 1390 3548 1443 quam
3606 1376 3821 1430 artem?
3876 1372 4021 1443 quod

2449 1459 2776 1526 periculum?
2800 1459 3003 1529 Exiguo
3041 1468 3243 1513 tantum
3271 1464 3446 1516 studio
3476 1464 3629 1517 nobis
3659 1475 3735 1517 est
3764 1480 3896 1532 opus
3918 1504 3934 1528 ,
3966 1472 4021 1515 et

2445 1548 2591 1602 brevi
2635 1550 2785 1604 nobis
2815 1560 2979 1604 totum
3010 1550 3312 1620 expeditum
3347 1553 3521 1604 fuerit.
3544 1553 3654 1607 Nec
3683 1555 3808 1607 mihi
3835 1554 3979 1609 dicas
4002 1594 4018 1617 ,

2442 1636 2693 1705 Majorem
2719 1648 2922 1708 partem
2950 1640 3226 1710 expedivi:
3272 1642 3365 1695 sed
3398 1651 3452 1695 tu
3480 1644 3578 1696 nisi
3610 1653 3774 1697 totum
3801 1644 4020 1712 expedi-

2440 1728 2603 1793 veris,
2633 1730 2867 1784 nondum
2899 1740 2949 1786 te
2984 1732 3270 1802 quidquam
3310 1732 3500 1787 fecisse
3542 1743 3704 1801 puta:
3752 1738 3852 1789 hnc
3877 1737 4018 1790 enim

2438 1817 2689 1886 exiguum
2719 1823 3017 1891 neglectum
3056 1833 3111 1879 et
3150 1840 3307 1879 omne
3335 1824 3593 1893 reliquum
3624 1824 3870 1878 destruit.
3901 1827 4016 1879 Saeo

2437 1906 2555 1975 pius
2584 1924 2810 1978 namque
2854 1909 3041 1966 domos
3070 1913 3396 1969 aadiﬁcantes
3423 1914 3662 1969 homines
3681 1956 3696 1977 ,
3743 1924 3797 1969 et
3823 1925 4017 1969 tectum

2439 1997 2770 2067 imponentes
2792 2042 2808 2068 ,
2838 2002 2994 2056 unius
3021 2005 3212 2072 tegulae
3232 2020 3472 2061 excussa:
3496 2021 3677 2060 curam
3706 2023 3808 2059 non
3828 2022 4018 2076 geren-

2443 2101 2542 2155 tes,
2572 2101 2735 2147 totam
2760 2094 2975 2148 domum
3006 2096 3369 2164 perdiderunt.
3400 2098 3467 2152 Et
3492 2098 3544 2152 in
3572 2098 3897 2152 vestimentis
3916 2097 4019 2151 hoe

2441 2181 2612 2248 ipsum
2641 2184 2858 2240 evenire
2898 2186 3017 2254 quis
3051 2201 3274 2242 cernere
3300 2189 3501 2257 possit:
3530 2190 3725 2243 etenim
3762 2204 3918 2257 parva
3964 2190 4016 2243 in

2439 2270 2544 2323 illis
2570 2270 2705 2324 facta
2734 2274 2963 2327 scissura
2981 2314 2997 2338 ,
3025 2290 3124 2330 nec
3153 2277 3435 2338 resarcita.
3464 2292 3707 2345 magnam
3740 2276 3862 2332 fecit
3888 2278 4018 2331 scis-

2434 2372 2633 2412 suram.
2667 2360 2778 2413 lloc
2803 2369 2854 2414 et
2881 2361 2933 2414 in
2959 2364 3279 2417 torrentibus
3300 2365 3565 2418 multoties
3587 2367 3763 2419 evenit
3788 2386 3800 2418 :
3824 2367 4017 2420 ctenim

2432 2458 2485 2502 et
2533 2448 2627 2515 illi,
2675 2449 2721 2504 si
2765 2450 2849 2504 vel
2892 2452 3168 2505 minimum
3211 2453 3452 2521 ceperint
3499 2455 3818 2523 ingressum,
3852 2466 4018 2512 totum

2434 2537 2774 2593 introducunt
2811 2538 3090 2595 ﬂuentum.
3124 2541 3301 2610 Itaque
3342 2551 3396 2597 et
3422 2552 3477 2597 tu
3498 2584 3513 2609 ,
3546 2546 3676 2599 licet
3710 2555 3762 2600 te
3789 2546 4019 2615 undique

2435 2629 2745 2697 muniveris,
2794 2631 2840 2686 si
2878 2638 3055 2687 tamen
3098 2633 3274 2703 aliqua
3317 2647 3442 2702 pars
3484 2633 3761 2689 immunita
3800 2636 4018 2690 dimissa

2436 2728 2540 2784 est,
2567 2721 2727 2774 etiam
2756 2719 2892 2776 hanc
2917 2720 3129 2775 diabolo
3155 2722 3389 2788 obstrue,
3422 2732 3479 2777 ut
3503 2724 3578 2777 sis
3598 2722 3667 2776 ab
3691 2723 3837 2777 omni
3869 2736 4019 2793 parte

2434 2808 2697 2864 ﬁrmatus.
2731 2811 2922 2866 Vidisti
2963 2811 3197 2867 falcem?
3228 2813 3400 2867 vidisti
3447 2822 3606 2883 caput
3632 2813 3896 2868 Joannis?
3923 2830 4017 2868 au-

2432 2900 2555 2955 disti
2584 2902 2860 2958 historiam
2898 2905 2965 2959 de
2990 2907 3193 2961 Saﬁle?
3218 2906 3411 2960 audisti
3436 2906 3757 2976 captivitatis
3782 2906 4016 2961 Iudaica:

2431 2995 2693 3048 modum?
2721 3009 2842 3048 cum
2866 2993 2951 3047 his
2975 3006 3155 3049 autem
3185 2995 3434 3050 omnibus
3462 2995 3649 3050 audisti
3672 2994 3867 3050 Christi
3895 3012 4017 3051 sen-

2436 3088 2653 3143 tentiam
2674 3126 2689 3150 ,
2714 3084 2983 3139 dicentem
3010 3085 3151 3154 quod
3174 3100 3278 3138 non
3309 3086 3545 3155 pejerare
3570 3094 3770 3139 tantum
3790 3127 3804 3149 ,
3833 3102 4015 3142 verum

2434 3188 2485 3233 et
2521 3178 2704 3243 jurare
2748 3177 3249 3246 quomodocumque
3297 3176 3614 3230 diabolicnm
3660 3189 3762 3242 est,
3812 3189 3867 3232 et
3909 3188 4015 3232 tota

2435 3268 2648 3337 maligni
2680 3267 2997 3320 machinatio
3050 3265 3261 3334 (Matth.
3295 3266 3350 3320 5.
3383 3267 3471 3319 55.
3500 3266 3635 3333 ‘54)?
3661 3267 3853 3320 audisti
3898 3267 4015 3319 ubi-

2432 3372 2536 3425 que
2556 3356 2858 3424 jnramenta
2889 3354 3034 3423 sequi
3063 3353 3295 3423 pcrjuria
3316 3354 3340 3406 ἲ
3365 3353 3525 3418 Ηιρο,
3561 3356 3771 3423 inquam
3791 3396 3805 3418 ,
3839 3356 4014 3409 omnia

2432 3458 2783 3514 congregans,
2832 3444 3058 3497 inscribe
3102 3443 3250 3497 cordi
3301 3454 3411 3497 tuo.
3446 3444 3561 3497 Non
3601 3445 3778 3498 cernis
3806 3455 3860 3499 ut
3901 3462 4015 3499 mu-

2432 3536 2589 3590 lieres
2614 3544 2668 3589 et
2707 3536 2852 3602 parvi
2884 3534 3030 3603 pueri
3058 3548 3154 3603 pro
3189 3549 3378 3604 magna
3418 3534 3656 3589 custodia
3688 3536 3826 3589 collo
3850 3552 4014 3590 cvan-

2430 3629 2562 3697 gelia
2593 3628 2947 3698 suspendunt,
2979 3636 3035 3683 et
3058 3628 3253 3697 ubique
3276 3628 3661 3683 circumferunt
3683 3644 4015 3699 quocumque

2430 3718 2657 3772 abierint
2684 3717 2804 3789 (a)?
2849 3717 2930 3772 Tu
2968 3718 3227 3788 evangelii
3256 3719 3500 3774 mandata
3540 3721 3764 3789 etleges
3786 3722 3806 3751 ’
3834 3731 4015 3776 mente

2431 3807 2700 3863 describas
2739 3825 2754 3863 :
2801 3822 2907 3862 non
2951 3822 3085 3863 auro
3120 3821 3221 3861 nec
3255 3816 3475 3878 argento
3518 3809 3605 3863 hic
3648 3818 3731 3865 est
3769 3824 3906 3880 opus
3958 3820 4015 3865 et

2433 3898 2689 3966 pecuniis,
2721 3912 2820 3952 nec
2848 3899 3042 3953 librum
3065 3912 3287 3953 emere:
3318 3897 3589 3955 voluntate
3617 3900 3730 3954 sola
3761 3901 3913 3954 vobis
3931 3909 4015 3955 est

2431 4003 2565 4055 Opus
2592 3995 2648 4041 et
2673 3988 2862 4043 aﬁ‘ectn
2902 3988 3094 4043 animae
3119 3986 3503 4059 expergefacta
3526 4030 3543 4055 ,
3572 3997 3627 4043 et
3649 3991 3886 4045 securius
3915 3991 4011 4044 hac

2431 4081 2580 4134 bebis
2603 4080 2955 4149 evangelium,
2982 4096 3085 4136 non
3114 4079 3499 4136 circumferens
3520 4081 3850 4135 extrinsecus
3871 4123 3886 4145 ,
3918 4083 4013 4135 sed

2430 4172 2483 4225 in
2527 4172 2719 4225 anima:
2750 4171 3111 4239 penetralibus
3150 4172 3327 4241 ipsum
3369 4186 3657 4242 reponens.
3711 4172 4014 4241 Exsurgens

2429 4264 2590 4334 igitur
2609 4279 2640 4319 e
2669 4263 2831 4328 lecto,
2858 4272 2913 4317 et
2934 4262 3149 4317 domum
3176 4273 3318 4319 tuam
3344 4265 3646 4336 egrediens,
3675 4268 3813 4319 hanc
3839 4265 4010 4334 legem

2429 4364 2632 4425 repete,
2674 4355 2957 4419 videlicet,
3002 4353 3111 4423 Ego
3149 4366 3315 4410 autem
3351 4357 3465 4410 dico
3508 4356 3673 4421 vobis,
3704 4372 3806 4409 non
3833 4356 4015 4426 jurare

2429 4452 2633 4502 omnino
2661 4446 2875 4519 (Matth.
2905 4446 2959 4501 5.
2990 4446 3083 4515 54)
3108 4462 3121 4499 :
3168 4456 3221 4501 et
3250 4447 3352 4501 erit
3380 4447 3569 4501 idonea
3598 4446 3691 4501 tibi
3734 4446 4012 4515 disciplina

2432 4540 2650 4594 verbum
2682 4538 2814 4594 illud
2839 4555 2854 4592 :
2899 4553 2998 4593 nec
3027 4539 3167 4592 enim
3212 4540 3380 4593 multo
3403 4539 3589 4594 labore
3626 4554 3758 4607 Opus
3786 4548 3889 4604 est,
3918 4538 4011 4591 sed

2432 4633 2636 4686 modica
2664 4641 2869 4687 tantum
2913 4631 3226 4685 attentione.
3260 4632 3325 4684 Et
3350 4630 3492 4700 quod
3538 4630 3640 4683 hoc
3683 4630 3754 4683 sit
3791 4645 4008 4692 verum,

2430 4724 2550 4778 inde
2577 4723 3093 4778 manifestissimum.
3120 4722 3313 4776 Filium
3342 4731 3491 4775 tuum
3518 4734 3718 4774 vocans
3746 4729 3886 4774 terre
3910 4761 3927 4785 ,
3957 4730 4012 4774 et

2427 4817 2631 4871 minare
2666 4824 2718 4871 te
2758 4815 2858 4885 ipsi
2903 4814 3084 4883 plagas
3125 4812 3444 4869 inﬂicturum
3468 4852 3485 4878 ,
3518 4813 3619 4866 nisi
3659 4812 3829 4880 legem
3875 4811 4013 4867 hanc

2427 4917 2745 4975 exsequatur
2769 4947 2786 4972 ,
2816 4915 2871 4959 et
2898 4903 3101 4959 videbis
3124 4904 3393 4974 quomodo
3420 4920 3452 4959 a
3477 4904 3867 4959 consuetudine
3904 4915 4009 4957 sta-

2429 4999 2523 5053 tim
2547 4998 2788 5052 desistet.
2812 4996 3089 5063 Quomodo
3109 4997 3268 5066 igitur
3284 5013 3390 5051 non
3408 4994 3719 5059 absurdum,
3738 5009 3781 5048 sn
3806 4998 4006 5064 pueruli

2426 5089 2577 5158 parvi
2607 5089 2797 5141 timore
2827 5086 2993 5140 nostri
3037 5098 3289 5155 paventes
3312 5128 3329 5153 ,
3355 5085 3662 5140 mandatum
3690 5087 4005 5155 perﬁciant,

2428 5194 2526 5234 nos
2551 5194 2678 5233 vero
2708 5193 2877 5247 neque
2901 5178 2980 5232 sic
3016 5178 3179 5232 Deum
3209 5179 3491 5233 timeamus
3514 5218 3530 5241 ,
3565 5187 3622 5230 ut
3650 5193 3745 5233 nos
3776 5179 3866 5234 ﬁlii
3897 5195 4009 5233 me-

2428 5270 2619 5324 tuunt?
2647 5269 2799 5335 Quod
2823 5277 2998 5323 autem
3029 5270 3274 5335 superius
3301 5267 3441 5331 dixi,
3476 5266 3575 5321 hoc
3604 5276 3657 5321 et
3697 5283 3837 5323 nunc
3866 5268 4005 5322 dico.

2429 5362 2621 5431 Legem
2652 5360 2803 5414 nobis
2830 5361 2957 5429 ipsis
2984 5375 3240 5429 ponamus
3264 5398 3278 5421 ,
3307 5374 3412 5410 non
3440 5359 3584 5428 prius
3616 5360 3820 5428 publica
3845 5399 3861 5422 ,
3901 5372 4008 5410 non

2490 5566 2505 5595 ι
2545 5561 2645 5628 alii,
2669 5560 2723 5611 in
2768 5558 2927 5609 medio
2967 5558 3115 5623 tigno.
3150 5556 3292 5605 Paulo
3316 5564 3422 5619 post
3444 5559 3609 5615 fidem,
3634 5554 3770 5628 ﬁnd
3793 5552 4008 5615 corporis

2425 5623 2710 5673 membrum.
3661 5623 3678 5628 ν
3780 5655 3785 5659 _

2489 5689 2509 5719 ι
2546 5684 2730 5746 Aliquot
2751 5688 2879 5737 Mss,
2904 5686 2956 5730 tu
2976 5678 3217 5746 Evangelii
3229 5678 3418 5746 ⁵ζὶιιῖιθηδ.
3522 5739 3550 5746 __
3811 5694 3818 5700 ·

2486 5731 2559 5806 (a)
2593 5731 2816 5794 btjulieres
2855 5731 2907 5792 et
2942 5731 3126 5806 parvuli
3169 5740 3291 5791 collo
3331 5739 3584 5804 Evangelia
3623 5734 4008 5801 suspendebant.

2426 5804 2519 5861 ttae
2534 5804 2595 5859 de
2614 5823 2670 5859 re
2691 5809 2739 5856 in
2763 5804 3086 5871 sequentibus
3106 5813 3298 5867 agetur.
