4452 6668
259 442 367 498 ί95

249 557 527 631 ἁμαρτίας
550 555 613 609 16
655 553 901 627 μέγεθος.
955 551 1051 605 Διά
1078 550 1239 603 τοῦτο
1273 552 1301 603 6
1341 550 1439 619 μὲν
1468 551 1575 604 τῶν
1621 550 1921 622 προφητῶν

250 664 444 717 φησιν,
472 647 592 698 Οὐκ
624 643 831 712 ὄψεται
855 638 1200 694 Βαϐυλῶνα·
1236 639 1263 690 6
1294 635 1349 688 δέ
1376 636 1542 706 λέγει,
1570 638 1650 690 ὅτι
1671 638 1775 700 Εἰς
1811 638 1928 687 Βα-

252 732 497 787 ϐυλῶνα
533 730 963 800 ἀπαχθήσεται.
998 725 1109 777 Καὶ
1144 724 1292 777 δοκεῖ
1335 724 1433 793 μὲν
1465 724 1683 777 ἐναντία
1722 717 1864 774 εἶναι
1895 722 1928 791 ἡ

255 807 581 893 προφητεῖαι
635 819 737 873 οὐκ
774 816 891 869 ἐστι
934 813 1024 875 δὲ,
1062 811 1181 864 ἀλλ’
1215 811 1498 883 ἀμφότερα
1530 811 1701 863 ταῦτα
1728 806 1926 876 ἀληθῆ.

254 911 367 962 Καὶ
394 910 503 980 γὰρ
528 904 821 962 Βαϐυλῶνα
850 901 950 954 οὐκ
974 895 1103 962 εἶδε,
1121 899 1214 952 καὶ
1244 900 1322 961 εἰς
1357 898 1653 953 Βαϐυλῶνα
1678 894 1926 980 ἀπήχθη.

256 998 383 1060 Πῶς
414 979 507 1050 οὖν
537 990 833 1047 Βαϐυλῶνα
855 987 957 1039 οὐκ
987 982 1155 1050 εἷδεν;
1197 987 1318 1037 Ὀτι
1347 988 1404 1039 ἐν
1441 987 1507 1055 τῇ
1567 981 1800 1051 Ἰουδαίᾳ
1831 979 1931 1050 τὴν

254 1088 508 1156 πήρωσιν
534 1082 764 1146 ὑπέστη·
805 1074 936 1127 ἔνθα
971 1073 1081 1145 γὰρ
1112 1076 1141 1125 ὀ
1184 1074 1347 1143 ὃρκος
1376 1072 1640 1141 ἡθετὴθη,
1688 1071 1806 1122 ἐκεῖ
1837 1066 1932 1119 καὶ

254 1153 547 1237 ἐξέδικεῖτο
590 1166 686 1220 καὶ
723 1162 824 1233 τὴν
868 1159 1140 1231 τιμωρίαν
1176 1160 1339 1222 αὐτὸς
1395 1159 1677 1229 ὑπέμεινε.
1716 1154 1843 1216 Πῶς
1875 1153 1933 1205 δὲ

256 1257 481 1328 ἀπήχθη
508 1256 585 1317 είς
617 1247 944 1313 Βαϐυλῶνας
974 1244 1331 1315 Δίχμάλωτος
1356 1246 1666 1315 γενόμενος.
1710 1238 1932 1309 Ἐπειδὴ

257 1326 499 1415 γάργδύό
526 1335 667 1408 ἦσαν
714 1336 770 1387 αἱ
830 1333 1113 1404 τιμωρίαι,
1154 1333 1401 1403 πήρωσις
1430 1332 1523 1384 καὶ
1547 1326 1897 1399 αἰχμαλωσία
1916 1363 1932 1388 ,

256 1428 601 1498 διενείμαντο
626 1421 797 1484 αὐτὰς
824 1422 873 1474 οἰ
904 1420 1200 1491 προφῆται,
1226 1419 1319 1471 καὶ
1347 1421 1375 1472 ὀ
1402 1420 1521 1488 μὲν,
1547 1420 1669 1470 Οὐκ
1701 1415 1934 1481 ὄψεται,

258 1517 420 1586 φησὶ,
440 1509 791 1570 Βαϐυλῶνα,
810 1508 911 1579 τὴν
941 1509 1187 1581 πήρωσιν
1205 1506 1371 1561 αὐτοῦ
1394 1507 1588 1572 λέγων’
1615 1505 1643 1555 6
1664 1503 1719 1555 δέ
1748 1517 1931 1571 φησιν’

261 1585 367 1667 Εἰς
396 1595 726 1653 Βαϐυλῶνα
756 1593 1166 1664 ἀπαχθήσεται
1185 1606 1200 1624 ⁶
1229 1593 1328 1663 τὴν
1359 1590 1737 1661 αἰχμαλωσίαν
1768 1585 1931 1639 αὑτοῦ

260 1687 656 1753 αἰνιττόμενος.

330 1773 395 1827 δ’.
416 1771 599 1824 Ταῦτα
622 1766 713 1824 οὖν
731 1769 951 1836 εἰδότες,
967 1768 1206 1836 ἀδελφοὶ,
1239 1765 1335 1819 καὶ
1357 1764 1425 1817 τά
1455 1762 1720 1834 εἰρημένα
1743 1762 1837 1813 καὶ
1863 1760 1934 1813 τὰ

263 1859 372 1929 πρὸ
402 1860 605 1911 τούτων
635 1857 895 1927 λεχθέντα
930 1855 1299 1922 συλλέγοντες,
1320 1849 1659 1921 παυσώμεθά
1688 1864 1817 1899 ποτε
1841 1846 1941 1915 τῆς

264 1948 509 2018 πονηρᾶς
542 1944 749 2013 ταύτης
796 1941 1115 2012 συνηθείας,
1158 1941 1247 1993 ναὶ
1295 1939 1485 2008 δέομαι
1533 1936 1627 1989 καὶ
1677 1930 1942 1987 ἀντιϐολῶ

265 2034 487 2085 πάντων
519 2032 693 2100 ὑμῶν.
729 2030 792 2082 Εἰ
825 2027 936 2098 γάρ
969 2029 1026 2079 ἐν
1050 2030 1116 2096 τῇ
1151 2027 1383 2096 ῐΙαλαιᾷ,
1412 2027 1499 2078 ὅτε
1526 2024 1586 2076 ού
1614 2021 1711 2092 τὴν
1736 2019 1941 2090 ἀκριϐῆ

263 2118 587 2187 φιλοσοφίαν
618 2114 925 2186 ἀπητοῦντο
946 2116 995 2167 οἰ
1020 2114 1284 2175 Ἰουδαῖοι,
1304 2113 1438 2165 ἀλλά
1467 2111 1633 2181 πολλὴ
1668 2108 1943 2178 συγκατά-

264 2206 426 2268 ϐασις
451 2201 520 2274 ἦν
539 2243 555 2267 ,
590 2202 831 2271 τοσαύτη
880 2200 1018 2271 ὀργὴ
1057 2200 1248 2267 γέγονε
1275 2200 1341 2252 δι’
1372 2201 1533 2270 ὅρκον
1561 2200 1679 2263 ἕνα,
1703 2196 1942 2264 τοσαύτη

264 2296 474 2357 ᾰλωσις
503 2294 598 2347 καί⁵
630 2290 999 2363 αἰχμαλωσία·
1017 2289 1069 2342 τί
1098 2288 1246 2351 εἰκὸς
1272 2287 1673 2356 ὑποστήσεσθαι
1694 2284 1789 2339 νῦν
1817 2285 1943 2347 τοὺς

262 2381 563 2452 ὀμνύοντας
578 2380 715 2452 μετά
726 2380 887 2451 νόμον
908 2376 1186 2431 κωλύοντα
1200 2376 1361 2429 τοῦτο
1376 2378 1549 2428 ποιεῖν
1563 2374 1657 2427 καὶ
1674 2391 1734 2426 το
1741 2373 1943 2443 σαύτην

264 2470 497 2525 ἐντολῶν
523 2468 872 2541 προσθήκην;
908 2468 999 2539 Μὴ
1020 2466 1129 2537 γάρ
1154 2466 1312 2519 τοῦτό
1347 2467 1466 2518 ἐστι
1494 2464 1556 2516 16
1583 2462 1938 2533 ζητούμενον,

263 2560 418 2621 ὅπως
434 2560 516 2619 εἰς
534 2556 753 2622 σύναξιν
774 2554 1019 2625 ἔλθωμεν
1033 2555 1128 2606 καὶ
1142 2552 1467 2622 ἀκούσωμεν
1484 2550 1595 2603 τῶν
1612 2550 1945 2619 λεγομένων;

264 2643 439 2696 Τοῦτο
466 2643 564 2713 μὲν
590 2637 682 2695 οὖν
702 2642 796 2695 καὶ
817 2643 992 2710 κρῖμα
1022 2639 1204 2710 μεῖζόν
1230 2639 1346 2691 ἐστι
1382 2638 1476 2691 καὶ
1514 2637 1738 2699 κόλασις
1763 2636 1948 2705 01109-

264 2730 508 2800 αίτητος,
542 2730 671 2781 ὅταν
702 2726 1266 2797 συνεχῶςξάκούοντες
1308 2725 1383 2795 μὴ
1414 2723 1657 2794 ποιῶμεν
1704 2722 1772 2775 τά
1794 2721 1947 2790 λεγόο

270 2833 431 2884 μενα.
456 2816 592 2868 Τίνα
621 2814 730 2885 γάρ
754 2814 950 2883 ἕξομεν
979 2813 1300 2881 ἀπολογίαν,
1341 2813 1464 2865 τίνα
1490 2812 1548 2865 δέ
1572 2810 1907 2881 συγγνώμην
1928 2849 1942 2873 ,

266 2904 401 2955 ὅταν
423 2904 489 2955 ἐκ
510 2900 737 2972 πρώτης
759 2900 977 2971 ἡλικίας
1005 2899 1165 2969 ἡμεῖς
1192 2898 1353 2968 άχρις
1383 2898 1620 2968 ἐσχάτης
1642 2897 1833 2959 πολιᾶς
1861 2899 1947 2949 6v-

266 2987 446 3040 ταῦθα
474 2987 829 3056 συναγόμενοι
860 2986 955 3039 καὶ
990 2984 1259 3055 τοσαύτης
1305 2983 1670 3045 ἀπολαύοντες
1697 2983 1949 3035 διδασκαο

268 3076 419 3139 λίας,
466 3076 641 3146 ὅμοιοι
693 3075 943 3146 μένωμεν
986 3075 1239 3137 ἐκείνοις,
1293 3074 1386 3127 καί⁵
1422 3073 1555 3144 μηδέ
1584 3072 1642 3125 ἓν
1665 3072 1951 3141 ἐλάττωμα

268 3161 668 3232 διορθώσασθαι
714 3160 1139 3231 σπουδάζωμενς
1201 3162 1291 3231 Μή
1339 3160 1429 3231 μοί
1468 3178 1551 3221 τις
1593 3158 1781 3212 λοιπόν
1829 3176 1953 3211 συν-

271 3248 466 3320 ήθειαν
497 3248 899 3319 προϐαλλέσθω·
922 3248 1012 3300 διά
1039 3248 1149 3318 γάρ
1177 3247 1337 3301 τοῦτο
1356 3246 1653 3316 ἀγανακτῶ
1684 3247 1779 3300 καὶ
1804 3245 1954 3316 ὀργί-

275 3336 466 3407 ζομαι,
489 3337 571 3389 ὃτι
594 3334 882 3405 συνηθείας
910 3334 1298 3405 περιγενέσθαι
1326 3334 1388 3386 οὐ
1424 3332 1739 3403 δυνάμεθα,
1781 3334 1876 3387 καὶ
1903 3335 1953 3386 εἰ

275 3424 572 3495 συνηθείας
611 3423 685 3494 μὴ
722 3422 1161 3493 περιγενώμεθα,
1208 3421 1329 3484 πῶς
1359 3421 1733 3491 περιεσόμεθα
1759 3423 1952 3474 ἐπιθυ-

279 3512 440 3582 μίας;
489 3510 736 3581 Ἐκείνης
762 3511 795 3580 ἡ
830 3509 955 3579 ῥίζα
982 3508 1091 3562 ἀπὸ
1121 3508 1223 3578 τῆς
1249 3509 1464 3577 φύσεως
1486 3509 1600 3579 ἔχει
1627 3509 1729 3580 τὴν
1754 3511 1953 3580 ἀρχήνο

272 3599 339 3650 τὸ
375 3598 477 3669 μὲν
495 3598 603 3670 γάρ
631 3597 941 3665 ἐπιθυμεῖν,
976 3596 1225 3665 φυσικόνο
1247 3596 1307 3648 16
1328 3596 1385 3649 δὲ
1416 3596 1600 3659 κακῶς
1630 3595 1953 3665 ἐπιθυμεῖν,

274 3685 381 3755 τῆς
403 3686 781 3756 προαιρέσεως
811 3684 1022 3737 λοιπόν
1057 3685 1119 3737 16
1145 3684 1327 3755 μέντοι
1349 3683 1577 3753 ὀμνύναι
1595 3683 1714 3737 οὐδέ
1733 3684 1833 3755 τήν
1864 3685 1958 3754 ἀρ-

277 3772 383 3842 χὴν
400 3773 466 3824 ἐκ
475 3771 574 3842 τῆς
591 3770 970 3842 προαιρέσεως
982 3782 1009 3811 ‘
1034 3770 1249 3836 ἐλαϐεν,
1268 3770 1382 3823 ἀλλ’
1398 3772 1463 3821 ἐκ
1477 3770 1745 3840 ῥᾳθυμίας
1766 3772 1953 3840 μόνης.

353 3858 467 3912 K01
498 3857 585 3913 ἵνα
609 3856 808 3927 μάθῃς,
836 3856 1037 3908 ὅτιούκ
1054 3858 1119 3909 ἐκ
1140 3857 1239 3926 τῆς
1258 3856 1545 3919 δυσκολίας
1572 3856 1665 3909 τοῦ
1698 3858 1958 3927 πράγμα-

278 3962 394 4009 τος,
427 3943 564 3997 ἀλλά
598 3943 751 4015 παρά
782 3944 881 4013 τὴν
904 3943 1199 4014 ὀλιγωρίαν
1238 3944 1337 4016 τὴν
1371 3945 1651 4016 ἡμετέραν
1685 3944 1845 4016 μέχρι
1872 3962 1961 3998 το-

280 4032 476 4086 σούτου
500 4032 561 4084 16
594 4031 899 4101 ἁμάρτημα
953 4028 1164 4101 προῦϐη
1198 4032 1381 4098 τοῦτο,
1425 4034 1775 4103 ἐννοήσωμεν
1818 4032 1962 4086 πόσα

280 4118 468 4189 πολλῷ
494 4118 698 4172 τούτων
724 4115 1107 4187 δυσκολώτερα
1148 4118 1511 4188 κατορθοῦσιν
1536 4120 1841 4190 ἂνθρωποι,
1868 4122 1964 4173 καὶ

280 4206 459 4260 ταῦτα
515 4205 785 4277 μηδεμίαν
825 4202 1059 4275 ἀμοιϐὴν
1117 4205 1528 4273 προσδοκῶντες
1580 4208 1825 4261 ἐκεῖθεν·
1876 4210 1962 4261 ἐν-

281 4296 571 4364 νοήσωμεν
594 4294 718 4347 τίνα
754 4294 783 4346 6
810 4292 1053 4355 διάϐολος
1091 4292 1345 4358 ἐπέταξε,
1384 4294 1502 4356 πῶς
1540 4295 1802 4359 ἐπίπονα,
1845 4296 1962 4359 πῶς

269 4379 579 4448 λπίμοχθα,
605 4379 700 4431 καὶ
734 4379 834 4432 οὐκ
859 4379 1074 4447 ἐγένετο
1102 4378 1328 4449 κώλυμα
1354 4381 1387 4449 ἡ
1419 4380 1677 4433 δυσκολία
1704 4384 1817 4445 τοῖς
1842 4383 1964 4434 ἐπι-

280 4465 547 4532 τάγμασι.
583 4464 649 4515 Τί
673 4466 783 4535 γάρ
816 4466 883 4519 ἂν
936 4466 1144 4533 γένοιτο
1189 4463 1615 4536 δυσκολώτερον,
1661 4467 1785 4519 εἰπέ
1842 4484 1958 4537 μοι,

281 4550 401 4604 ἀλλ’
441 4549 476 4617 ῆ
504 4550 633 4603 ὅταν
674 4568 758 4614 τις
806 4554 926 4616 νέος
974 4555 1082 4615 τοῖς
1132 4552 1475 4623 βουλομένοις
1518 4554 1960 4623 καταμαλάττειν

280 4634 446 4688 αὐτὸν
469 4636 562 4686 καὶ
591 4635 835 4704 λυγίζειν
856 4639 1025 4691 αὑτοῦ
1057 4640 1123 4692 τά
1158 4640 1294 4710 μέλη
1323 4640 1597 4711 παραδοὺς
1629 4641 1839 4705 ἐαυτὸν,
1873 4658 1961 4707 φι-

281 4722 553 4792 λονεικοίη
607 4724 745 4792 πρὸς
780 4726 1071 4796 ἀκρίϐειαν
1101 4726 1298 4798 τροχοῦ
1329 4727 1487 4799 δίκην
1524 4728 1586 4781 16
1627 4727 1785 4797 σῶμα
1812 4728 1959 4781 ἅπαν

284 4810 565 4879 κάμπτειν
598 4810 695 4862 καὶ
722 4812 1051 4880 στρέφεσθαι
1087 4816 1181 4868 ἐπὶ
1221 4815 1319 4868 τοῦ
1347 4814 1597 4885 ἐδάφους,
1624 4815 1720 4867 καὶ
1746 4814 1834 4867 διά
1853 4814 1960 4867 τῶν

284 4895 581 4967 ὀφθαλμῶν
610 4895 707 4948 καὶ
723 4895 815 4948 διά
830 4897 933 4967 τῆς
960 4901 1069 4954 τῶν
1097 4902 1298 4975 χειρῶν
1318 4905 1675 4975 περιαγωγῆς
1698 4901 1851 4975 [197]
1869 4903 1964 4957 καὶ

283 4986 386 5054 τῆς
416 4982 583 5052 άλλης
602 4982 871 5053 δινήσεως
896 4985 978 5047 εἰς
994 4987 1057 5038 τὸ
1073 4987 1211 5058 θῆλυ
1245 4991 1402 5059 γένος
1424 4990 1652 5060 ἐκϐῆναι
1684 4991 1960 5063 βιάζηται,

286 5076 384 5128 καὶ
438 5073 576 5143 μήτε
623 5070 724 5141 τὴν
774 5072 1062 5126 δυσκολίαν
1122 5077 1234 5129 τῶν
1289 5079 1621 5149 γινομένων,
1676 5079 1815 5148 μήτε
1863 5081 1963 5151 τὴν

285 5158 551 5228 αἰσχύνην
575 5155 676 5224 τὴν
709 5156 820 5209 άπὸ
871 5157 1075 5211 τούτων
1122 5157 1443 5231 λογίζηται;
1476 5162 1604 5225 τοὺς
1655 5162 1713 5215 δὲ
1741 5161 1835 5214 ἐπὶ
1863 5164 1962 5231 τῆς

285 5242 595 5311 ὀρχήστρας
625 5237 787 5292 πάλιν
819 5240 1273 5311 ἐπισυρομένους,
1303 5244 1398 5295 καὶ
1454 5244 1708 5315 καθάπερ
1744 5247 1961 5315 πτεροῖς

284 5329 400 5388 τοῖς
428 5323 622 5385 κώλοις
650 5324 1027 5394 κεχρημένους
1054 5322 1148 5379 τοῦ
1176 5323 1450 5394 σώματος,
1477 5326 1561 5390 τίς
1595 5329 1695 5381 ούκ
1723 5328 1789 5382 ἂν
1821 5328 1961 5400 ὁρῶν

287 5407 588 5477 ἐκπλαγείη
606 5424 621 5473 ;
642 5407 690 5459 οἰ
711 5405 769 5457 δὲ
800 5408 1079 5477 μαχαίρας
1103 5407 1332 5472 ἐναλλὰξ
1352 5410 1433 5470 εἰς
1452 5409 1547 5461 τὸν
1574 5412 1715 5482 ἀέρα
1746 5412 1963 5465 ἀκοντί-

286 5492 495 5556 ζοντες,
523 5491 617 5545 καὶ⁵
643 5488 825 5550 πάσας
852 5490 964 5543 ἀπὸ
982 5491 1084 5561 τῆς
1104 5491 1281 5562 λαϐῆς
1305 5491 1587 5562 δεχόμενοι
1616 5493 1799 5560 πάλιν,
1840 5494 1961 5548 τίνα

287 5576 389 5629 οὐκ
412 5576 480 5628 ἂν
504 5571 912 5642 καταισχύνοιεν
943 5573 1053 5627 τῶν
1086 5577 1227 5648 ὑπὲρ
1259 5576 1361 5647 τῆς
1386 5575 1587 5647 ἀρετῆς
1615 5575 1805 5629 οὐδένα
1841 5577 1966 5647 βου-

286 5657 532 5727 λομένων
560 5654 917 5723 ἀναδέξασθαι
943 5656 1105 5710 πόνον
1125 5659 1193 5730 ;ἢ
1214 5660 1267 5713 τί
1296 5661 1360 5716 ἄν
1382 5676 1466 5723 τις
1495 5659 1639 5712 εἴποι
1670 5661 1799 5730 περί
1822 5663 1965 5715 ἐκεί-

352 5764 380 5793 ⁶
406 5762 581 5835 Morel.
610 5770 668 5835 eg
683 5765 866 5835 εἰξςιυοί
886 5775 1003 5835 my.
1042 5764 1097 5835 ἐκ
1118 5771 1201 5823 τῆς
1232 5769 1571 5835 προαιρέσεως,
1590 5766 1671 5817 alii
1697 5765 1751 5835 ἐκ
1776 5766 1964 5835 τῆς-φύ-

286 5840 429 5880 σεως.
482 5823 611 5873 Infra
638 5823 783 5874 Suvil.
806 5831 860 5872 et
897 5824 1085 5885 a_liquot
1120 5839 1241 5885 mss.
1272 5823 1448 5885 ’πολλῷ
1492 5829 1671 5877 τούτων
1716 5823 1962 5876 δυσκολώο

286 5878 407 5963 sap-1'
424 5885 447 5963 ς
452 5906 480 5963 ff
504 5887 634 5947 quod
668 5886 800 5963 nobis
830 5878 1047 5963 ιςεείρςὶνε
1081 5884 1235 5963 viguit;
1266 5878 1561 5963 csthbpjvr
1596 5902 1755 5963 ςοεεηι
1785 5891 1959 5937 δυσκο-

415 5946 528 6005 qua?
560 5961 710 6019 sypra
746 5946 939 6019 (egifm’
963 5946 1012 6019 ξιι
1036 5948 1244 6018 promsi.
1276 5965 1291 5999 ι
1327 5946 1494 6012 Εὐιε)
1539 5953 1662 6003 lnfua
1689 5953 1835 6002 udcm
1863 5953 1961 6007 πῶς

292 6013 339 6060 ἐς
354 6014 509 6067 ἐττει-μα,
532 6009 631 6065 πῶς
651 6009 884 6076 μοχθηρὰ,
903 6010 977 6059 καὶ
1001 6009 1101 6058 οὐκ.

1226 440 1316 489 AD
1354 437 1679 494 POPULUM
1718 435 2221 497 ANTIOCHENUM
2289 438 2518 498 HOMIL.
2553 440 2694 499 XIX.

3596 426 3703 484 196

2030 570 2136 607 νων
2160 553 2270 606 τῶν
2304 555 2531 627 ἀνδρῶν,
2558 556 2608 609 οῖ
2643 555 2831 610 κοντὸν
2863 554 2954 607 ἐπὶ
2986 554 3077 608 τοῦ
3110 550 3361 626 μετώπου
3398 552 3697 623 βαστάζονο

2027 657 2139 702 τες,
2176 640 2425 712 καθάπερ
2456 643 2669 714 δένδρον
2716 640 3082 712 ἐρῥιζωμένον
3107 641 3199 694 ἐπὶ
3227 640 3325 709 τῆς
3361 640 3487 709 γῆς,
3525 640 3697 703 οὕτως

2030 726 2287 794 ἀκίνητον
2306 728 2621 801 διατηροῦσι
2640 747 2655 795 ;
2688 727 2797 782 Καὶ
2817 729 2877 781 ού
2910 727 3068 780 τοῦτο
3092 728 3252 798 μόνον
3275 726 3394 779 ἐστὶ
3414 726 3473 779 τὸ
3495 726 3701 795 θαυμα-

2030 812 2176 876 στὸν,
2208 812 2322 865 ἀλλ’
2353 815 2435 867 ὄτι
2464 817 2558 869 καὶ
2584 815 2773 870 παιδία
2810 815 2985 885 μικρά
3014 816 3101 867 ἐπ’
3135 816 3308 886 ἄκρου
3342 812 3436 866 τοῦ
3475 811 3633 875 ξύλου
3667 812 3694 850 b

2031 898 2287 951 παλαίειν
2334 900 2583 970 ἀλλήλοις
2644 900 3161 972 παρασκευάζουσι,
3211 902 3306 954 καὶ
3339 898 3465 951 οῦτε
3520 900 3702 968 χεῖρες

2029 985 2154 1039 οὗτε
2175 986 2301 1041 ἄλλο
2327 1004 2380 1039 τι
2402 987 2496 1041 τοῦ
2528 989 2774 1059 σώματος
2805 987 2989 1059 μέρος,
3013 988 3149 1041 ἀλλά
3169 987 3229 1039 16
3253 987 3502 1057 μέτωπον
3540 984 3703 1054 μόνον

2030 1071 2231 1142 δεσμοῦ
2271 1073 2473 1135 παντὸς
2522 1074 2925 1144 ἀσφαλέστερον
2971 1072 3129 1143 φέρει
3160 1072 3250 1124 τὸν
3280 1072 3468 1123 κοντὸν
3494 1070 3704 1122 ἐκεῖνον

2032 1157 2304 1212 ἄσειστον.
2335 1160 2565 1231 Ἕτερος
2600 1160 2761 1212 πάλιν
2803 1162 2895 1213 ἐπὶ
2930 1160 3145 1230 σχοίνου
3194 1156 3533 1224 στενωτάτης
3565 1152 3705 1222 μετὰ

2031 1246 2299 1318 τοσαύτης
2327 1247 2514 1310 ἀδείας
2547 1246 2775 1316 βαδίζει,
2814 1248 2929 1317 μεθ’
2955 1249 3087 1317 ὅσης
3140 1248 3191 1299 οἰ
3234 1244 3303 1297 τά
3348 1243 3516 1295 ῦπτια
3548 1240 3707 1292 πεδία

2034 1336 2483 1405 κατατρέχοντες.
2524 1334 2664 1387 Ἀλλ’
2684 1335 2835 1403 ὅμως
2859 1334 3029 1386 ταῦτα
3059 1335 3129 1386 τά
3172 1334 3268 1385 καὶ
3308 1332 3429 1392 ταῖς
3476 1326 3707 1387 ἐννοίαις

2034 1417 2285 1488 ἀφόρητα
2317 1416 2456 1474 εἶναι
2490 1419 2784 1485 δοκοῦντα,
2837 1421 2903 1489 τῇ
2940 1418 3105 1487 τέχνη
3145 1417 3337 1485 γέγονε
3389 1412 3611 1468 δυνατά.
3644 1410 3709 1462 Τί

2032 1503 2237 1557 τούτων
2267 1506 2461 1577 ἔχομεν
2490 1508 2663 1559 εἰπεῖν
2714 1506 2807 1561 ἐπὶ
2835 1504 2943 1558 τῶν
2991 1506 3191 1574 ὅρκων,
3234 1502 3354 1553 εἰπέ
3390 1518 3515 1571 μοι;
3548 1496 3712 1550 ποίαν

2034 1588 2350 1660 δυσκολίαν;
2386 1596 2536 1647 ποῖον
2569 1593 2798 1665 ίδρῶτα;
2823 1592 2987 1645 ποίαν
3016 1592 3213 1661 τέχνην
3235 1606 3251 1655 ;
3273 1590 3423 1640 ποῖον
3447 1586 3712 1645 κίνδυνον;

2049 1678 2267 1749 ὐλίγης
2295 1682 2454 1750 χρεία
2485 1683 2721 1751 σπουδῆς
2757 1680 2916 1752 μόνον
2948 1682 3100 1751 ἡμῖν,
3145 1678 3239 1731 καὶ
3271 1675 3481 1745 ταχέως
3508 1672 3569 1724 16
3607 1671 3714 1722 πᾶν

2038 1770 2167 1839 ἡμῖν
2193 1770 2573 1840 ἀνυσθήσεται.
2610 1772 2721 1824 Καὶ
2762 1771 2835 1840 μή
2874 1787 2963 1840 μοι
2998 1769 3145 1836 λέγε,
3183 1767 3263 1819 ὅτι
3302 1765 3363 1817 16
3387 1762 3548 1816 πλέον
3584 1776 3717 1813 κατ-

2038 1853 2292 1923 ώρθωσα,
2318 1856 2429 1908 ἀλλ’
2467 1859 2515 1908 εἰ
2540 1857 2617 1925 μὴ
2643 1856 2704 1908 16
2734 1858 2838 1908 πᾶν
2866 1854 3253 1924 κατώρθωσας,
3293 1851 3459 1921 μηδὲν
3489 1847 3717 1919 μηδέπω

2043 1945 2400 2014 πεποιηκέναι
2427 1943 2635 2015 νόμιζεο
2668 1944 2729 1996 16
2760 1943 2869 2013 γάρ
2915 1944 3095 2009 ὀλίγον
3128 1940 3291 1994 τοῦτο
3325 1937 3594 2007 ἀμεληθὲν
3622 1935 3720 1989 καὶ

2042 2033 2103 2085 16
2130 2032 2316 2085 λοιπον
2340 2033 2485 2085 ἅπαν
2520 2032 2792 2101 καθαιρεῖ.
2838 2030 3107 2093 Πολλάκις
3142 2028 3273 2096 γοῦν
3297 2026 3476 2087 οἰκίας
3513 2024 3719 2076 οἰκοδο-

2047 2123 2322 2191 μήσαντες
2363 2120 2660 2189 ἄνθρωποι.
2724 2120 2819 2172 καὶ
2870 2119 2962 2171 τὸν
3007 2119 3202 2189 δροφον
3241 2114 3550 2175 ἐπιθέντες,
3592 2112 3723 2179 μιᾶς

2043 2207 2338 2277 κεραμίδος
2370 2206 2859 2275 ἀποτιναχθείσης,
2917 2204 2991 2274 μὴ
3043 2203 3403 2272 ποιησάμενοι
3447 2197 3723 2267 σπουδὴν,

2043 2295 2338 2365 ὀλόκληρον
2376 2294 2469 2346 τὸν
2506 2290 2653 2346 οἷκον
2683 2292 2997 2346 ἀπώλεσαν.
3046 2292 3157 2343 Καὶ
3198 2290 3291 2342 ἐπὶ
3322 2286 3555 2358 ἱματίων
3577 2286 3633 2338 δὲ
3664 2283 3725 2336 16

2044 2383 2175 2436 αὐτὸ
2194 2382 2352 2435 τοῦτο
2387 2380 2683 2451 συμϐαῖνον
2720 2380 2819 2433 ἴδοι
2851 2396 2936 2442 τις
2979 2378 3064 2431 ἄν·
3098 2380 3193 2429 καὶ
3231 2375 3340 2444 γὰρ
3364 2374 3461 2427 καὶ
3489 2373 3608 2425 ἐκεῖ
3639 2388 3727 2441 μι-

2047 2470 2177 2541 κρὸν
2207 2471 2393 2540 ῥῆγμα
2412 2469 2706 2538 γενόμενον
2736 2468 2832 2520 καὶ
2881 2468 2957 2537 μὴ
2994 2464 3197 2535 ραφέν,
3236 2462 3371 2515 πολὺ
3415 2460 3477 2512 16
3516 2458 3726 2528 σχίσμα

2049 2556 2292 2625 ἐποίησε.
2327 2553 2501 2607 Τοῦτο
2532 2554 2627 2606 καὶ
2656 2554 2751 2607 ἐπὶ⁸
2792 2553 2901 2604 τῶν
2934 2551 3249 2621 χειμάρρων
3281 2546 3572 2618 συμϐαίνει
3596 2542 3728 2596 πολ-

2050 2644 2227 2706 λάκις·
2255 2642 2348 2696 καὶ
2375 2640 2486 2711 γὰρ
2534 2642 2734 2693 ἐκεῖνοι
2781 2640 2985 2711 μικρᾶς
3040 2638 3105 2691 ἂν
3164 2634 3532 2689 ἐπιλάϐωνται
3566 2631 3729 2701 μόνον

2050 2731 2279 2793 εἰσόδου,
2314 2729 2610 2799 ὀλόκληρον
2641 2728 2703 2780 16
2749 2726 2928 2799 ῥεῦμα
2962 2727 3265 2793 εἰσάγουσι.
3301 2722 3409 2777 Καὶ
3444 2722 3509 2774 σὺ
3546 2720 3726 2772 τοίνυν

2049 2822 2098 2873 εἰ
2132 2820 2226 2873 καὶ
2250 2816 2517 2871 πάντοθεν
2545 2816 2742 2869 σαυτὸν
2768 2815 3062 2884 ἐτείχισας,
3086 2812 3282 2883 μικρὸν
3298 2811 3355 2864 δέ
3379 2807 3729 2863 ὑπολείπεται

2053 2908 2217 2979 μέρος
2236 2906 2445 2971 λοιπὸν,
2459 2904 2727 2959 καὶτοῦτο
2748 2902 3063 2974 ἀπόφραξον
3084 2900 3160 2971 τῷ
3190 2899 3444 2969 διαϐόλῳ,
3466 2899 3553 2949 ἵνα
3576 2898 3731 2963 ἐστηο

2054 2994 2310 3067 ριγμένος
2342 2990 2410 3064 ᾗς
2436 2992 2724 3045 πάντοθεν.
2766 2987 2920 3052 Εἶδες
2958 2989 3056 3059 τὴν
3099 2988 3414 3059 δρεπάνην;
3454 2980 3595 3045 εἶδες
3629 2980 3730 3052 τὴν

2053 3080 2295 3151 κεφαλὴν
2333 3080 2614 3145 ’1ωάννου;
2648 3078 2891 3149 ἤκουσας
2929 3077 3029 3147 τῆς
3066 3074 3308 3144 ἱστορίας
3337 3072 3437 3140 τῆς
3465 3069 3604 3123 κατὰ
3640 3068 3733 3121 16v

2054 3168 2263 3232 Σαούλ;
2303 3168 2544 3238 ἡκουσας
2591 3166 2689 3234 τῆς
2733 3163 3112 3234 αἰχμαλωσίας
3160 3163 3261 3231 τῆς
3308 3158 3604 3227 Ἰουδαϊκῆς
3640 3155 3731 3208 16v

2055 3254 2286 3325 τρόπον;
2313 3251 2451 3324 μετὰ
2471 3251 2528 3304 δὲ
2549 3250 2755 3303 τούτων
2775 3250 2995 3302 πάντων
3013 3249 3252 3318 ἡκούσας
3274 3245 3375 3313 τῆς
3401 3243 3735 3311 ἀποφάσεως

2055 3340 2149 3393 τοῦ
2179 3338 2420 3409 Χριστοῦ
2439 3336 2726 3408 λεγούσης,
2755 3337 2837 3389 ὅτι
2868 3336 2929 3387 οὐ
2970 3335 3032 3387 16
3071 3334 3350 3404 ἐπιορκεῖν
3382 3331 3563 3401 μόνον,
3598 3328 3735 3383 ἀλλά

2058 3430 2153 3481 καὶ
2184 3427 2245 3478 16
2280 3424 2502 3496 ὀμνύειν
2551 3423 2801 3478 ὁπωσοῦν
2832 3422 3137 3476 διαϐολικόν
3187 3422 3324 3483 ἐστι,
3362 3420 3458 3471 καὶ
3484 3417 3604 3470 ὅλον
3638 3414 3735 3468 τοῦ

2060 3513 2302 3585 πονηροῦ
2332 3514 2396 3567 16
2441 3511 2916 3580 κατασκεύασμα;
2960 3507 3163 3579 ἔμαθες
3196 3509 3281 3561 ὃτι
3316 3503 3598 3575 πανταχοῦ
3624 3504 3739 3565 τοῖς

2058 3603 2244 3671 ὅρκοις
2276 3600 2501 3654 ἐπονται
2528 3597 2837 3669 ἐπιορκίαι;
2880 3595 3068 3648 Ταῦτα
3096 3594 3161 3664 δὴ
3205 3593 3386 3646 πάντα
3415 3588 3740 3658 συναγαγὼν

2059 3685 2338 3757 ἔγγραψον
2374 3689 2440 3757 τῇ
2484 3686 2694 3755 διανοίᾳ
2725 3702 2839 3738 σου.
2892 3685 3005 3753 Οὐχ
3035 3683 3187 3754 ὁρᾷς,
3220 3680 3340 3744 πῶς
3380 3680 3439 3733 αἰ
3485 3680 3743 3747 γυναῖκες

2060 3775 2155 3826 καὶ
2204 3774 2274 3826 τά
2321 3771 2495 3843 μικρά
2554 3772 2743 3825 παιδία
2792 3772 2914 3825 ἀντὶ
2972 3769 3224 3839 φυλακῆς
3276 3766 3521 3837 μεγάλης
3560 3764 3741 3828 Εὐαγ-

2060 3862 2218 3931 γέλια
2247 3861 2516 3933 ἐξαρτῶσι
2557 3860 2653 3913 τοῦ
2682 3860 2996 3931 τραχήλου,
3046 3857 3140 3911 καὶ
3186 3854 3468 3925 πανταχοῦ
3516 3852 3747 3923 περιφέ-

2067 3968 2287 4024 ρουσιν,
2337 3952 2583 4021 ὅπουπερ
2626 3950 2692 4004 ἀν
2743 3950 3015 4015 ἀπίωσιν;
3075 3948 3149 4000 Σὺ
3197 3945 3266 3999 τά
3305 3942 3746 4014 παραγγέλματα

2061 4039 2156 4092 τοῦ
2193 4050 2217 4077 ο
2270 4038 2608 4107 Εὑαγγελίου
2659 4038 2753 4090 καὶ
2804 4038 2933 4099 τοὺς
2978 4035 3178 4105 νόμους
3223 4029 3499 4103 ἐγγραψόν
3552 4045 3645 4082 σου
3674 4030 3744 4098 τῇ

2060 4125 2291 4195 διανοίᾳ.
2319 4126 2394 4178 Οὐ
2429 4124 2589 4196 χρεία
2614 4123 2841 4195 χρυσίου
2877 4123 2972 4176 καὶ
3001 4120 3299 4192 κτημάτων
3329 4115 3589 4177 ἐνταῦθα,
3614 4113 3742 4168 οὔτε

2068 4212 2270 4283 βιϐλίον
2296 4212 2584 4283 πρίασθαι,
2614 4210 2991 4283 προαιρέσεως
3014 4209 3073 4262 δὲ
3106 4208 3275 4278 μόνης
3315 4206 3411 4259 καὶ
3442 4202 3740 4265 διαθέσεως

2065 4302 2247 4371 ψυχῆς
2279 4298 2733 4369 διεγηγερμένης,
2762 4299 2857 4350 καὶ
2884 4296 3290 4365 ἀσφαλέστερον
3310 4294 3453 4356 ἐξεις
3477 4292 3538 4344 16
3563 4290 3747 4355 Εὐαγ-

2066 4389 2268 4458 γέλιον,
2304 4385 2451 4458 [198]
2480 4387 2583 4439 οὐκ
2628 4385 2831 4452 ἔξωθεν
2876 4385 3215 4455 περιφέρων,
3263 4382 3378 4436 ἀλλ’
3416 4380 3563 4433 ἔνδον
3615 4376 3747 4431 αύτδ

2065 4480 2177 4539 τοῖς
2219 4476 2321 4545 τῆς
2378 4474 2559 4543 ψυχῆς
2596 4473 2992 4541 ἀποτιθέμενος
3044 4471 3312 4541 ταμείοις.
3366 4466 3747 4535 Ἀνιστάμενος

2062 4564 2240 4615 τοίνυν
2283 4562 2392 4615 ἀπὸ
2438 4560 2541 4628 τῆς
2597 4559 2809 4627 κλίνης,
2857 4558 2952 4611 καὶ
2985 4558 3084 4627 τὴν
3122 4556 3303 4609 οἰκίαν
3342 4553 3612 4607 ἐκϐαίνων
3646 4550 3747 4619 τὴν

2063 4647 2312 4711 σεαυτοῦ,
2342 4649 2434 4701 τὸν
2462 4646 2625 4716 νόμον
2645 4645 2866 4713 ἐπίλεγε
2897 4644 3110 4711 τοῦτον,
3140 4643 3281 4713 Ἐγὼ
3309 4641 3378 4695 δὲ
3404 4640 3560 4711 λέγω
3582 4638 3744 4707 ὑμῖν.

2058 4737 2143 4806 μὴ
2185 4737 2404 4804 ὀμόσαι
2439 4734 2617 4798 ὅλως,
2647 4733 2744 4786 καὶ
2772 4734 2928 4787 ἔσται
2969 4750 3052 4787 σοι
3096 4729 3415 4787 διδασκαλία
3458 4730 3520 4782 16
3561 4731 3743 4799 ῥῆμαο

2059 4825 2182 4877 ούδέ
2214 4824 2323 4893 γὰρ
2350 4820 2549 4875 πολλοῦ
2580 4822 2665 4874 δεῖ
2686 4821 2873 4886 πόνου,
2906 4820 3044 4874 ἀλλά
3085 4821 3289 4891 μικρᾶς
3322 4816 3599 4888 προσοχῆς
3637 4815 3734 4884 μό-

2060 4932 2172 4967 νον.
2204 4912 2309 4965 Καὶ
2348 4911 2430 4964 ὅτι
2464 4910 2626 4964 τοῦτό
2662 4912 2811 4963 ἐστιν
2848 4909 3068 4979 ἀληθὲς,
3099 4906 3323 4976 εὔδηλον
3358 4905 3569 4957 ἐκεῖθεν
3591 4921 3605 4933 ·
3642 4904 3740 4956 Τδκ.

2064 5004 2180 5057 υἰόν
2210 5019 2303 5054 σου
2334 4999 2573 5062 καλέσας
2604 4999 2863 5067 φόϐησον,
2901 4996 2996 5049 καὶ
3027 4994 3324 5064 ἀπείλησον
3366 4991 3514 5062 αὐτῷ
3553 4991 3739 5062 ἐπιθή·

2066 5108 2180 5143 σειν
2209 5088 2422 5158 πληγὰς
2456 5087 2665 5153 ὀλίγας,
2699 5086 2747 5136 εἰ
2789 5084 2867 5156 μή
2897 5081 3269 5154 κατορθώσειε
3308 5081 3401 5135 τὸν
3435 5082 3600 5151 νόμον
3627 5080 3749 5132 τοῦ-

2064 5196 2176 5241 τον,
2216 5179 2310 5230 καὶ
2350 5176 2469 5242 ὄψει
2508 5174 2585 5235 ὡς
2624 5172 2829 5235 εύθέως
2866 5176 3239 5243 ἀποστήσεται
3284 5170 3385 5240 τῆς
3432 5169 3745 5239 συνηθείας.

2068 5266 2191 5327 Πῶς
2219 5259 2311 5317 οὖν
2340 5264 2441 5315 οὐκ
2474 5260 2697 5324 ἄτοπον,
2728 5262 2780 5314 εἱ
2822 5260 2892 5314 τά
2939 5260 3039 5331 μέν
3079 5258 3251 5330 μικρά
3282 5256 3468 5311 παιδία
3495 5257 3586 5309 τὸν
3619 5259 3749 5328 παρ’

2061 5350 2221 5421 ἡμῶν
2250 5349 2527 5402 δεδοικότα
2575 5348 2745 5417 φόϐον
2783 5348 3123 5419 περιγένοιτο
3173 5346 3273 5415 τῆς
3320 5342 3563 5413 ἐντολῆς,
3589 5344 3757 5413 ἡμεῖς

2061 5440 2119 5492 δέ
2148 5438 2283 5509 μηδὲ
2317 5437 2460 5491 οῦτω
2483 5438 2807 5507 φοϐούμεθα
2841 5436 2933 5489 τὸν
2963 5434 3115 5497 Θεὸν,
3148 5433 3223 5495 ὼς
3249 5433 3399 5502 ἡμᾶς
3422 5433 3471 5484 οἰ
3513 5432 3622 5484 υἰοὶ
3660 5432 3749 5486 δε-

2066 5528 2347 5593 δοίκασιν;
2378 5527 2556 5596 Ὅπερ
2605 5524 2701 5580 οὖν
2749 5525 2843 5577 καὶ
2887 5520 3079 5591 πρώην
3128 5515 3306 5582 εἷπον,
3337 5518 3500 5574 τοῦτο
3526 5521 3623 5573 καὶ
3653 5520 3752 5573 νῦν

2065 5616 2232 5684 λέγω.
2269 5615 2453 5685 Νόμον
2477 5614 2686 5675 ἑαυτοῖς
2721 5610 2924 5681 θῶμεν,
2956 5608 3031 5680 μὴ
3057 5607 3323 5678 πρότερον
3351 5606 3426 5680 μὴ
3450 5597 3748 5678 δημοσίων,

2073 5705 2150 5775 μὴ
2193 5702 2479 5756 ἰδιωτικῶν
2508 5698 2758 5768 ἅψασθαι
2806 5696 3170 5768 πραγμάτων,
3206 5696 3313 5759 ἐως
3352 5696 3419 5749 ἂν
3450 5695 3637 5749 τοῦτον
3658 5698 3750 5749 ἐκ-

2134 5833 2162 5872 ὶ)
2182 5831 2468 5903 Αιίίιιπαιδία
2492 5838 2641 5893 μικρά
2667 5831 2713 5879 ἐν
2736 5831 2870 5894 μέσῳ
2893 5828 2979 5880 τοῦ
2998 5830 3152 5895 ξύλου.
3176 5828 3331 5878 Paulo
3355 5834 3466 5891 post
3488 5830 3635 5878 iidem
3647 5830 3727 5877 σῶμ

2068 5912 2217 6005 μαέοὲ
2402 5967 2516 6002 mss.
2544 5968 2609 6006 συ
2632 5954 2691 6001 τὰ
2702 5953 2953 6015 γράμματα
2978 5951 3080 6001 τοῦ.
3106 5952 3215 6001 Mox
3241 5952 3330 6016 ‘alji
3357 5952 3451 6016 τῶν
3472 5951 3746 6009 κτημάτων,

2070 6020 2153 6070 alii
2173 6020 2265 6067 τῶν
2284 6012 2565 6083 χρημάτων.
2601 6012 2783 6067 Ibidem
2803 6012 2885 6065 alii
2904 6016 3222 6079 προαιρέσεως
3237 6012 3304 6061 δεῖ
3327 6012 3487 6074 μᾴνης,
3522 6020 3619 6061 elc.
