  <div class='ocr_page' id='page_1' title='image "/cluster/home/n/w/nwhite01/storage/ocr_20150623/49/hvd.32044025239823/198.png"; bbox 0 0 4414 6714; ppageno 0'>
   <div class='ocr_carea' id='block_1_1' title="bbox 409 423 509 475">
    <p class='ocr_par' dir='ltr' id='par_1_1' title="bbox 409 423 509 475">
     <span class='ocr_line' id='line_1_1' title="bbox 409 423 509 475; baseline -0.02 0"><span class='ocrx_word' id='word_1_1' title='bbox 409 423 509 475; x_wconf 71' lang='grc'><strong>197</strong></span> 
     </span>
    </p>
   </div>
   <div class='ocr_carea' id='block_1_2' title="bbox 405 526 1995 604">
    <p class='ocr_par' dir='ltr' id='par_1_2' title="bbox 405 526 1995 604">
     <span class='ocr_line' id='line_1_2' title="bbox 405 526 1995 604; baseline -0.006 -18"><span class='ocrx_word' id='word_1_2' title='bbox 405 535 552 603; x_wconf 86' lang='lat' dir='ltr'><strong>prius</strong></span> <span class='ocrx_word' id='word_1_3' title='bbox 577 533 779 604; x_wconf 89' lang='lat' dir='ltr'><strong>privata</strong></span> <span class='ocrx_word' id='word_1_4' title='bbox 810 540 1037 587; x_wconf 87' lang='lat' dir='ltr'><strong>tractare</strong></span> <span class='ocrx_word' id='word_1_5' title='bbox 1064 529 1270 598; x_wconf 84' lang='lat' dir='ltr'><strong>negotia</strong></span> <span class='ocrx_word' id='word_1_6' title='bbox 1296 568 1311 592; x_wconf 95' lang='lat'><strong>,</strong></span> <span class='ocrx_word' id='word_1_7' title='bbox 1342 526 1513 579; x_wconf 85' lang='lat' dir='ltr'><strong>donec</strong></span> <span class='ocrx_word' id='word_1_8' title='bbox 1536 526 1669 581; x_wconf 91' lang='lat' dir='ltr'><strong>hanc</strong></span> <span class='ocrx_word' id='word_1_9' title='bbox 1696 526 1861 596; x_wconf 83' lang='lat' dir='ltr'><strong>legem</strong></span> <span class='ocrx_word' id='word_1_10' title='bbox 1894 529 1995 578; x_wconf 86' lang='lat' dir='ltr'><strong>im-</strong></span> 
     </span>
    </p>
   </div>
   <div class='ocr_carea' id='block_1_3' title="bbox 405 615 1995 692">
    <p class='ocr_par' dir='ltr' id='par_1_3' title="bbox 405 615 1995 692">
     <span class='ocr_line' id='line_1_3' title="bbox 405 615 1995 692; baseline -0.008 -15"><span class='ocrx_word' id='word_1_11' title='bbox 405 625 666 692; x_wconf 88' lang='lat' dir='ltr'><strong>pleamus,</strong></span> <span class='ocrx_word' id='word_1_12' title='bbox 691 632 748 678; x_wconf 91' lang='lat' dir='ltr'><strong>et</strong></span> <span class='ocrx_word' id='word_1_13' title='bbox 772 622 989 677; x_wconf 84' lang='lat' dir='ltr'><strong>omnino</strong></span> <span class='ocrx_word' id='word_1_14' title='bbox 1016 618 1335 674; x_wconf 77' lang='lat' dir='ltr'><strong>necessitate</strong></span> <span class='ocrx_word' id='word_1_15' title='bbox 1360 615 1637 683; x_wconf 91' lang='lat' dir='ltr'><strong>compulsi,</strong></span> <span class='ocrx_word' id='word_1_16' title='bbox 1664 618 1812 670; x_wconf 86' lang='lat' dir='ltr'><strong>facue</strong></span> <span class='ocrx_word' id='word_1_17' title='bbox 1837 629 1995 681; x_wconf 84' lang='lat' dir='ltr'><strong>supe-</strong></span> 
     </span>
    </p>
   </div>
   <div class='ocr_carea' id='block_1_4' title="bbox 408 706 1997 779">
    <p class='ocr_par' dir='ltr' id='par_1_4' title="bbox 408 706 1997 779">
     <span class='ocr_line' id='line_1_4' title="bbox 408 706 1997 779; baseline -0.006 -13"><span class='ocrx_word' id='word_1_18' title='bbox 408 714 680 779; x_wconf 90' lang='lat' dir='ltr'><strong>rabimus,</strong></span> <span class='ocrx_word' id='word_1_19' title='bbox 712 724 767 769; x_wconf 89' lang='lat' dir='ltr'><strong>et</strong></span> <span class='ocrx_word' id='word_1_20' title='bbox 791 712 1101 768; x_wconf 89' lang='lat' dir='ltr'><strong>ornabimus</strong></span> <span class='ocrx_word' id='word_1_21' title='bbox 1143 720 1240 760; x_wconf 86' lang='lat' dir='ltr'><strong>nos</strong></span> <span class='ocrx_word' id='word_1_22' title='bbox 1280 706 1421 774; x_wconf 87' lang='lat' dir='ltr'><strong>ipsos</strong></span> <span class='ocrx_word' id='word_1_23' title='bbox 1445 746 1460 770; x_wconf 95' lang='lat'><strong>,</strong></span> <span class='ocrx_word' id='word_1_24' title='bbox 1490 707 1795 760; x_wconf 87' lang='lat' dir='ltr'><strong>ornabimus</strong></span> <span class='ocrx_word' id='word_1_25' title='bbox 1820 713 1997 758; x_wconf 90' lang='lat' dir='ltr'><strong>autem</strong></span> 
     </span>
    </p>
   </div>
   <div class='ocr_carea' id='block_1_5' title="bbox 404 797 1997 869">
    <p class='ocr_par' dir='ltr' id='par_1_5' title="bbox 404 797 1997 869">
     <span class='ocr_line' id='line_1_5' title="bbox 404 797 1997 869; baseline -0.006 -9"><span class='ocrx_word' id='word_1_26' title='bbox 404 814 459 860; x_wconf 91' lang='lat' dir='ltr'><strong>et</strong></span> <span class='ocrx_word' id='word_1_27' title='bbox 484 821 695 861; x_wconf 91' lang='lat' dir='ltr'><strong>omnem</strong></span> <span class='ocrx_word' id='word_1_28' title='bbox 720 806 1011 861; x_wconf 89' lang='lat' dir='ltr'><strong>civitatem.</strong></span> <span class='ocrx_word' id='word_1_29' title='bbox 1037 798 1221 868; x_wconf 91' lang='lat' dir='ltr'><strong>Cogita</strong></span> <span class='ocrx_word' id='word_1_30' title='bbox 1249 813 1475 868; x_wconf 83' lang='lat' dir='ltr'><strong>namque</strong></span> <span class='ocrx_word' id='word_1_31' title='bbox 1495 800 1652 869; x_wconf 82' lang='lat' dir='ltr'><strong>quale</strong></span> <span class='ocrx_word' id='word_1_32' title='bbox 1672 807 1774 863; x_wconf 91' lang='lat' dir='ltr'><strong>est,</strong></span> <span class='ocrx_word' id='word_1_33' title='bbox 1800 797 1997 865; x_wconf 90' lang='lat' dir='ltr'><strong>ubique</strong></span> 
     </span>
    </p>
   </div>
   <div class='ocr_carea' id='block_1_6' title="bbox 407 890 1997 961">
    <p class='ocr_par' dir='ltr' id='par_1_6' title="bbox 407 890 1997 961">
     <span class='ocr_line' id='line_1_6' title="bbox 407 890 1997 961; baseline -0.006 -8"><span class='ocrx_word' id='word_1_34' title='bbox 407 909 673 953; x_wconf 86' lang='lat' dir='ltr'><strong>terrarum</strong></span> <span class='ocrx_word' id='word_1_35' title='bbox 706 898 821 951; x_wconf 73' lang='lat' dir='ltr'><strong>lucc</strong></span> <span class='ocrx_word' id='word_1_36' title='bbox 846 894 1031 948; x_wconf 91' lang='lat' dir='ltr'><strong>audire</strong></span> <span class='ocrx_word' id='word_1_37' title='bbox 1050 933 1065 956; x_wconf 94' lang='lat'><strong>,</strong></span> <span class='ocrx_word' id='word_1_38' title='bbox 1100 890 1393 945; x_wconf 77' lang='lat' dir='ltr'><strong>Antiochia:</strong></span> <span class='ocrx_word' id='word_1_39' title='bbox 1420 891 1761 961; x_wconf 73' lang='lat' dir='ltr'><strong>praevaluisse</strong></span> <span class='ocrx_word' id='word_1_40' title='bbox 1792 904 1997 943; x_wconf 83' lang='lat' dir='ltr'><strong>morem</strong></span> 
     </span>
    </p>
   </div>
   <div class='ocr_carea' id='block_1_7' title="bbox 402 978 1995 1052">
    <p class='ocr_par' dir='ltr' id='par_1_7' title="bbox 402 978 1995 1052">
     <span class='ocr_line' id='line_1_7' title="bbox 402 978 1995 1052; baseline -0.006 -11"><span class='ocrx_word' id='word_1_41' title='bbox 402 988 719 1042; x_wconf 74' lang='lat' dir='ltr'><strong>Christianis</strong></span> <span class='ocrx_word' id='word_1_42' title='bbox 760 991 1141 1052; x_wconf 77' lang='lat' dir='ltr'><strong>congruentem</strong></span> <span class='ocrx_word' id='word_1_43' title='bbox 1178 997 1193 1035; x_wconf 86' lang='lat'><strong>:</strong></span> <span class='ocrx_word' id='word_1_44' title='bbox 1241 989 1296 1034; x_wconf 91' lang='lat' dir='ltr'><strong>ct</strong></span> <span class='ocrx_word' id='word_1_45' title='bbox 1337 982 1407 1036; x_wconf 88' lang='lat' dir='ltr'><strong>ibi</strong></span> <span class='ocrx_word' id='word_1_46' title='bbox 1460 982 1730 1036; x_wconf 90' lang='lat' dir='ltr'><strong>neminem</strong></span> <span class='ocrx_word' id='word_1_47' title='bbox 1791 978 1995 1045; x_wconf 83' lang='lat' dir='ltr'><strong>audies,</strong></span> 
     </span>
    </p>
   </div>
   <div class='ocr_carea' id='block_1_8' title="bbox 406 1070 1996 1140">
    <p class='ocr_par' dir='ltr' id='par_1_8' title="bbox 406 1070 1996 1140">
     <span class='ocr_line' id='line_1_8' title="bbox 406 1070 1996 1140; baseline -0.005 -10"><span class='ocrx_word' id='word_1_48' title='bbox 406 1078 533 1133; x_wconf 90' lang='lat' dir='ltr'><strong>licet</strong></span> <span class='ocrx_word' id='word_1_49' title='bbox 561 1076 794 1131; x_wconf 84' lang='lat' dir='ltr'><strong>maxima</strong></span> <span class='ocrx_word' id='word_1_50' title='bbox 821 1072 1111 1127; x_wconf 87' lang='lat' dir='ltr'><strong>necessitas</strong></span> <span class='ocrx_word' id='word_1_51' title='bbox 1132 1071 1291 1126; x_wconf 89' lang='lat' dir='ltr'><strong>instet</strong></span> <span class='ocrx_word' id='word_1_52' title='bbox 1314 1114 1327 1138; x_wconf 95' lang='lat'><strong>,</strong></span> <span class='ocrx_word' id='word_1_53' title='bbox 1354 1073 1711 1140; x_wconf 90' lang='lat' dir='ltr'><strong>juramentum</strong></span> <span class='ocrx_word' id='word_1_54' title='bbox 1733 1070 1996 1124; x_wconf 83' lang='lat' dir='ltr'><strong>emittere.</strong></span> 
     </span>
    </p>
   </div>
   <div class='ocr_carea' id='block_1_9' title="bbox 406 1162 1997 1232">
    <p class='ocr_par' dir='ltr' id='par_1_9' title="bbox 406 1162 1997 1232">
     <span class='ocr_line' id='line_1_9' title="bbox 406 1162 1997 1232; baseline -0.006 -8"><span class='ocrx_word' id='word_1_55' title='bbox 406 1170 635 1224; x_wconf 76' lang='lat' dir='ltr'><strong>Prorsus</strong></span> <span class='ocrx_word' id='word_1_56' title='bbox 680 1167 795 1220; x_wconf 70' lang='lat' dir='ltr'><strong>haec</strong></span> <span class='ocrx_word' id='word_1_57' title='bbox 823 1164 1039 1218; x_wconf 91' lang='lat' dir='ltr'><strong>audient</strong></span> <span class='ocrx_word' id='word_1_58' title='bbox 1078 1164 1263 1217; x_wconf 74' lang='lat' dir='ltr'><strong>vicina:</strong></span> <span class='ocrx_word' id='word_1_59' title='bbox 1304 1165 1579 1219; x_wconf 86' lang='lat' dir='ltr'><strong>civitates:</strong></span> <span class='ocrx_word' id='word_1_60' title='bbox 1614 1162 1852 1232; x_wconf 90' lang='lat' dir='ltr'><strong>quinimo</strong></span> <span class='ocrx_word' id='word_1_61' title='bbox 1896 1176 1997 1214; x_wconf 91' lang='lat' dir='ltr'><strong>non</strong></span> 
     </span>
    </p>
   </div>
   <div class='ocr_carea' id='block_1_10' title="bbox 406 1253 2000 1326">
    <p class='ocr_par' dir='ltr' id='par_1_10' title="bbox 406 1253 2000 1326">
     <span class='ocr_line' id='line_1_10' title="bbox 406 1253 2000 1326; baseline -0.003 -13"><span class='ocrx_word' id='word_1_62' title='bbox 406 1272 614 1313; x_wconf 87' lang='lat' dir='ltr'><strong>tantum</strong></span> <span class='ocrx_word' id='word_1_63' title='bbox 642 1258 832 1311; x_wconf 77' lang='lat' dir='ltr'><strong>vicina:</strong></span> <span class='ocrx_word' id='word_1_64' title='bbox 856 1256 1118 1320; x_wconf 85' lang='lat' dir='ltr'><strong>civitates,</strong></span> <span class='ocrx_word' id='word_1_65' title='bbox 1148 1271 1327 1310; x_wconf 90' lang='lat' dir='ltr'><strong>verum</strong></span> <span class='ocrx_word' id='word_1_66' title='bbox 1353 1266 1406 1311; x_wconf 89' lang='lat' dir='ltr'><strong>et</strong></span> <span class='ocrx_word' id='word_1_67' title='bbox 1428 1257 1493 1310; x_wconf 88' lang='lat' dir='ltr'><strong>ad</strong></span> <span class='ocrx_word' id='word_1_68' title='bbox 1523 1256 1665 1326; x_wconf 89' lang='lat' dir='ltr'><strong>ipsos</strong></span> <span class='ocrx_word' id='word_1_69' title='bbox 1691 1263 1848 1309; x_wconf 78' lang='lat' dir='ltr'><strong>terra:</strong></span> <span class='ocrx_word' id='word_1_70' title='bbox 1866 1253 2000 1308; x_wconf 90' lang='lat' dir='ltr'><strong>ﬁnes</strong></span> 
     </span>
    </p>
   </div>
   <div class='ocr_carea' id='block_1_11' title="bbox 405 1346 1998 1418">
    <p class='ocr_par' dir='ltr' id='par_1_11' title="bbox 405 1346 1998 1418">
     <span class='ocr_line' id='line_1_11' title="bbox 405 1346 1998 1418; baseline -0.003 -15"><span class='ocrx_word' id='word_1_71' title='bbox 405 1353 629 1405; x_wconf 83' lang='lat' dir='ltr'><strong>verbum</strong></span> <span class='ocrx_word' id='word_1_72' title='bbox 659 1349 935 1418; x_wconf 89' lang='lat' dir='ltr'><strong>perveniet</strong></span> <span class='ocrx_word' id='word_1_73' title='bbox 976 1347 1217 1402; x_wconf 90' lang='lat' dir='ltr'><strong>:etenim</strong></span> <span class='ocrx_word' id='word_1_74' title='bbox 1251 1350 1542 1403; x_wconf 85' lang='lat' dir='ltr'><strong>verisimile</strong></span> <span class='ocrx_word' id='word_1_75' title='bbox 1585 1356 1667 1402; x_wconf 89' lang='lat' dir='ltr'><strong>est</strong></span> <span class='ocrx_word' id='word_1_76' title='bbox 1708 1347 1857 1401; x_wconf 90' lang='lat' dir='ltr'><strong>vobis</strong></span> <span class='ocrx_word' id='word_1_77' title='bbox 1902 1346 1998 1399; x_wconf 90' lang='lat' dir='ltr'><strong>ad-</strong></span> 
     </span>
    </p>
   </div>
   <div class='ocr_carea' id='block_1_12' title="bbox 407 1437 2000 1508">
    <p class='ocr_par' dir='ltr' id='par_1_12' title="bbox 407 1437 2000 1508">
     <span class='ocr_line' id='line_1_12' title="bbox 407 1437 2000 1508; baseline -0.004 -13"><span class='ocrx_word' id='word_1_78' title='bbox 407 1445 605 1495; x_wconf 83' lang='lat' dir='ltr'><strong>mixtos</strong></span> <span class='ocrx_word' id='word_1_79' title='bbox 646 1448 999 1503; x_wconf 86' lang='lat' dir='ltr'><strong>mercatores,</strong></span> <span class='ocrx_word' id='word_1_80' title='bbox 1032 1448 1087 1494; x_wconf 87' lang='lat' dir='ltr'><strong>et</strong></span> <span class='ocrx_word' id='word_1_81' title='bbox 1128 1439 1250 1494; x_wconf 91' lang='lat' dir='ltr'><strong>hinc</strong></span> <span class='ocrx_word' id='word_1_82' title='bbox 1275 1440 1379 1493; x_wconf 90' lang='lat' dir='ltr'><strong>alio</strong></span> <span class='ocrx_word' id='word_1_83' title='bbox 1420 1438 1848 1508; x_wconf 88' lang='lat' dir='ltr'><strong>proﬁciscentes,</strong></span> <span class='ocrx_word' id='word_1_84' title='bbox 1882 1437 2000 1489; x_wconf 88' lang='lat' dir='ltr'><strong>aliis</strong></span> 
     </span>
    </p>
   </div>
   <div class='ocr_carea' id='block_1_13' title="bbox 408 1528 2000 1599">
    <p class='ocr_par' dir='ltr' id='par_1_13' title="bbox 408 1528 2000 1599">
     <span class='ocr_line' id='line_1_13' title="bbox 408 1528 2000 1599; baseline -0.003 -16"><span class='ocrx_word' id='word_1_85' title='bbox 408 1547 623 1599; x_wconf 85' lang='lat' dir='ltr'><strong>quoque</strong></span> <span class='ocrx_word' id='word_1_86' title='bbox 657 1530 773 1583; x_wconf 74' lang='lat' dir='ltr'><strong>lucc</strong></span> <span class='ocrx_word' id='word_1_87' title='bbox 800 1532 975 1582; x_wconf 88' lang='lat' dir='ltr'><strong>omnia</strong></span> <span class='ocrx_word' id='word_1_88' title='bbox 1003 1531 1334 1583; x_wconf 89' lang='lat' dir='ltr'><strong>uuntiaturos</strong></span> <span class='ocrx_word' id='word_1_89' title='bbox 1360 1545 1498 1584; x_wconf 67' lang='lat' dir='ltr'><strong>esse.</strong></span> <span class='ocrx_word' id='word_1_90' title='bbox 1526 1529 1656 1583; x_wconf 89' lang='lat' dir='ltr'><strong>Cum</strong></span> <span class='ocrx_word' id='word_1_91' title='bbox 1688 1529 1843 1595; x_wconf 78' lang='lat' dir='ltr'><strong>igitur</strong></span> <span class='ocrx_word' id='word_1_92' title='bbox 1870 1528 2000 1579; x_wconf 88' lang='lat' dir='ltr'><strong>alias</strong></span> 
     </span>
    </p>
   </div>
   <div class='ocr_carea' id='block_1_14' title="bbox 410 1619 1995 1689">
    <p class='ocr_par' dir='ltr' id='par_1_14' title="bbox 410 1619 1995 1689">
     <span class='ocr_line' id='line_1_14' title="bbox 410 1619 1995 1689; baseline -0.003 -14"><span class='ocrx_word' id='word_1_93' title='bbox 410 1624 655 1676; x_wconf 88' lang='lat' dir='ltr'><strong>civitates</strong></span> <span class='ocrx_word' id='word_1_94' title='bbox 676 1622 951 1676; x_wconf 88' lang='lat' dir='ltr'><strong>laudantes</strong></span> <span class='ocrx_word' id='word_1_95' title='bbox 974 1622 1143 1687; x_wconf 91' lang='lat' dir='ltr'><strong>multi,</strong></span> <span class='ocrx_word' id='word_1_96' title='bbox 1176 1632 1358 1689; x_wconf 90' lang='lat' dir='ltr'><strong>portus</strong></span> <span class='ocrx_word' id='word_1_97' title='bbox 1386 1628 1700 1681; x_wconf 86' lang='lat' dir='ltr'><strong>memorant,</strong></span> <span class='ocrx_word' id='word_1_98' title='bbox 1726 1628 1779 1671; x_wconf 92' lang='lat' dir='ltr'><strong>ct</strong></span> <span class='ocrx_word' id='word_1_99' title='bbox 1805 1619 1995 1683; x_wconf 87' lang='lat' dir='ltr'><strong>forum,</strong></span> 
     </span>
    </p>
   </div>
   <div class='ocr_carea' id='block_1_15' title="bbox 410 1707 1997 1780">
    <p class='ocr_par' dir='ltr' id='par_1_15' title="bbox 410 1707 1997 1780">
     <span class='ocr_line' id='line_1_15' title="bbox 410 1707 1997 1780; baseline -0.004 -15"><span class='ocrx_word' id='word_1_100' title='bbox 410 1722 463 1767; x_wconf 86' lang='lat' dir='ltr'><strong>et</strong></span> <span class='ocrx_word' id='word_1_101' title='bbox 500 1714 757 1767; x_wconf 83' lang='lat' dir='ltr'><strong>venaliqu</strong></span> <span class='ocrx_word' id='word_1_102' title='bbox 790 1714 1028 1780; x_wconf 86' lang='lat' dir='ltr'><strong>copiam,</strong></span> <span class='ocrx_word' id='word_1_103' title='bbox 1063 1714 1185 1765; x_wconf 91' lang='lat' dir='ltr'><strong>hinc</strong></span> <span class='ocrx_word' id='word_1_104' title='bbox 1228 1708 1687 1780; x_wconf 88' lang='lat' dir='ltr'><strong>proﬁciscentibus</strong></span> <span class='ocrx_word' id='word_1_105' title='bbox 1720 1707 1997 1761; x_wconf 89' lang='lat' dir='ltr'><strong>dicendum</strong></span> 
     </span>
    </p>
   </div>
   <div class='ocr_carea' id='block_1_16' title="bbox 413 1797 2001 1871">
    <p class='ocr_par' dir='ltr' id='par_1_16' title="bbox 413 1797 2001 1871">
     <span class='ocr_line' id='line_1_16' title="bbox 413 1797 2001 1871; baseline -0.004 -16"><span class='ocrx_word' id='word_1_106' title='bbox 413 1804 647 1860; x_wconf 79' lang='lat' dir='ltr'><strong>tradite.</strong></span> <span class='ocrx_word' id='word_1_107' title='bbox 702 1803 841 1871; x_wconf 88' lang='lat' dir='ltr'><strong>quod</strong></span> <span class='ocrx_word' id='word_1_108' title='bbox 889 1811 966 1855; x_wconf 89' lang='lat' dir='ltr'><strong>est</strong></span> <span class='ocrx_word' id='word_1_109' title='bbox 1017 1801 1352 1864; x_wconf 76' lang='lat' dir='ltr'><strong>An:iochi;n,</strong></span> <span class='ocrx_word' id='word_1_110' title='bbox 1408 1799 1458 1851; x_wconf 94' lang='lat' dir='ltr'><strong>id</strong></span> <span class='ocrx_word' id='word_1_111' title='bbox 1510 1798 1561 1850; x_wconf 93' lang='lat' dir='ltr'><strong>in</strong></span> <span class='ocrx_word' id='word_1_112' title='bbox 1615 1797 1734 1849; x_wconf 88' lang='lat' dir='ltr'><strong>aliis</strong></span> <span class='ocrx_word' id='word_1_113' title='bbox 1787 1798 2001 1850; x_wconf 88' lang='lat' dir='ltr'><strong>urbibus</strong></span> 
     </span>
    </p>
   </div>
   <div class='ocr_carea' id='block_1_17' title="bbox 414 1888 2001 1963">
    <p class='ocr_par' dir='ltr' id='par_1_17' title="bbox 414 1888 2001 1963">
     <span class='ocr_line' id='line_1_17' title="bbox 414 1888 2001 1963; baseline -0.003 -18"><span class='ocrx_word' id='word_1_114' title='bbox 414 1910 672 1963; x_wconf 88' lang='lat' dir='ltr'><strong>nusquam</strong></span> <span class='ocrx_word' id='word_1_115' title='bbox 711 1908 933 1946; x_wconf 86' lang='lat' dir='ltr'><strong>cernere</strong></span> <span class='ocrx_word' id='word_1_116' title='bbox 971 1894 1131 1945; x_wconf 91' lang='lat' dir='ltr'><strong>licere</strong></span> <span class='ocrx_word' id='word_1_117' title='bbox 1166 1910 1179 1944; x_wconf 92' lang='lat'><strong>:</strong></span> <span class='ocrx_word' id='word_1_118' title='bbox 1226 1891 1443 1943; x_wconf 90' lang='lat' dir='ltr'><strong>malleut</strong></span> <span class='ocrx_word' id='word_1_119' title='bbox 1481 1890 1624 1943; x_wconf 91' lang='lat' dir='ltr'><strong>enim</strong></span> <span class='ocrx_word' id='word_1_120' title='bbox 1669 1888 1813 1941; x_wconf 90' lang='lat' dir='ltr'><strong>urbis</strong></span> <span class='ocrx_word' id='word_1_121' title='bbox 1861 1888 2001 1941; x_wconf 91' lang='lat' dir='ltr'><strong>illius</strong></span> 
     </span>
    </p>
   </div>
   <div class='ocr_carea' id='block_1_18' title="bbox 415 1977 2003 2052">
    <p class='ocr_par' dir='ltr' id='par_1_18' title="bbox 415 1977 2003 2052">
     <span class='ocr_line' id='line_1_18' title="bbox 415 1977 2003 2052; baseline -0.004 -15"><span class='ocrx_word' id='word_1_122' title='bbox 415 1985 739 2039; x_wconf 73' lang='lat' dir='ltr'><strong>habtatores</strong></span> <span class='ocrx_word' id='word_1_123' title='bbox 770 1985 914 2052; x_wconf 88' lang='lat' dir='ltr'><strong>prius</strong></span> <span class='ocrx_word' id='word_1_124' title='bbox 941 1984 1172 2051; x_wconf 82' lang='lat' dir='ltr'><strong>linguam</strong></span> <span class='ocrx_word' id='word_1_125' title='bbox 1200 1981 1459 2047; x_wconf 88' lang='lat' dir='ltr'><strong>abscindi,</strong></span> <span class='ocrx_word' id='word_1_126' title='bbox 1479 1995 1633 2050; x_wconf 91' lang='lat' dir='ltr'><strong>quam</strong></span> <span class='ocrx_word' id='word_1_127' title='bbox 1649 1994 1713 2034; x_wconf 87' lang='lat' dir='ltr'><strong>ex</strong></span> <span class='ocrx_word' id='word_1_128' title='bbox 1741 1993 1834 2033; x_wconf 90' lang='lat' dir='ltr'><strong>ore</strong></span> <span class='ocrx_word' id='word_1_129' title='bbox 1854 1977 2003 2048; x_wconf 90' lang='lat' dir='ltr'><strong>jura-</strong></span> 
     </span>
    </p>
   </div>
   <div class='ocr_carea' id='block_1_19' title="bbox 1242 408 2667 467">
    <p class='ocr_par' dir='ltr' id='par_1_19' title="bbox 1242 408 2667 467">
     <span class='ocr_line' id='line_1_19' title="bbox 1242 408 2667 467; baseline -0.003 0"><span class='ocrx_word' id='word_1_130' title='bbox 1242 414 1334 467; x_wconf 77' lang='grc' dir='ltr'><strong>ΔΙ)</strong></span> <span class='ocrx_word' id='word_1_131' title='bbox 1375 411 1688 466; x_wconf 72' lang='lat' dir='ltr'><strong>POI‘ULUM</strong></span> <span class='ocrx_word' id='word_1_132' title='bbox 1730 408 2214 465; x_wconf 79' lang='lat' dir='ltr'><strong>ANTIOCHENUM</strong></span> <span class='ocrx_word' id='word_1_133' title='bbox 2281 410 2506 465; x_wconf 78' lang='lat' dir='ltr'><strong>llOMlL.</strong></span> <span class='ocrx_word' id='word_1_134' title='bbox 2549 411 2667 465; x_wconf 79' lang='lat' dir='ltr'><strong>XX.</strong></span> 
     </span>
    </p>
   </div>
   <div class='ocr_carea' id='block_1_20' title="bbox 3589 418 3691 474">
    <p class='ocr_par' dir='ltr' id='par_1_20' title="bbox 3589 418 3691 474">
     <span class='ocr_line' id='line_1_20' title="bbox 3589 418 3691 474; baseline -0.02 0"><span class='ocrx_word' id='word_1_135' title='bbox 3589 418 3691 474; x_wconf 73' lang='grc'><strong>198</strong></span> 
     </span>
    </p>
   </div>
   <div class='ocr_carea' id='block_1_21' title="bbox 2106 527 3687 598">
    <p class='ocr_par' dir='ltr' id='par_1_21' title="bbox 2106 527 3687 598">
     <span class='ocr_line' id='line_1_21' title="bbox 2106 527 3687 598; baseline 0.007 -21"><span class='ocrx_word' id='word_1_136' title='bbox 2106 536 2340 580; x_wconf 90' lang='lat' dir='ltr'><strong>mentum</strong></span> <span class='ocrx_word' id='word_1_137' title='bbox 2372 527 2636 581; x_wconf 87' lang='lat' dir='ltr'><strong>emittere.</strong></span> <span class='ocrx_word' id='word_1_138' title='bbox 2663 527 2772 582; x_wconf 86' lang='lat' dir='ltr'><strong>lloc</strong></span> <span class='ocrx_word' id='word_1_139' title='bbox 2791 528 3003 598; x_wconf 88' lang='lat' dir='ltr'><strong>quidem</strong></span> <span class='ocrx_word' id='word_1_140' title='bbox 3027 530 3177 586; x_wconf 88' lang='lat' dir='ltr'><strong>vobis</strong></span> <span class='ocrx_word' id='word_1_141' title='bbox 3197 531 3687 588; x_wconf 86' lang='lat' dir='ltr'><strong>eritornamentum</strong></span> 
     </span>
    </p>
   </div>
   <div class='ocr_carea' id='block_1_22' title="bbox 2104 617 3688 685">
    <p class='ocr_par' dir='ltr' id='par_1_22' title="bbox 2104 617 3688 685">
     <span class='ocr_line' id='line_1_22' title="bbox 2104 617 3688 685; baseline 0.005 -17"><span class='ocrx_word' id='word_1_142' title='bbox 2104 623 2158 668; x_wconf 90' lang='lat' dir='ltr'><strong>et</strong></span> <span class='ocrx_word' id='word_1_143' title='bbox 2201 617 2517 681; x_wconf 85' lang='lat' dir='ltr'><strong>munimen;</strong></span> <span class='ocrx_word' id='word_1_144' title='bbox 2557 630 2658 670; x_wconf 92' lang='lat' dir='ltr'><strong>nec</strong></span> <span class='ocrx_word' id='word_1_145' title='bbox 2697 618 2748 671; x_wconf 88' lang='lat' dir='ltr'><strong>id</strong></span> <span class='ocrx_word' id='word_1_146' title='bbox 2796 625 3019 685; x_wconf 90' lang='lat' dir='ltr'><strong>tantum,</strong></span> <span class='ocrx_word' id='word_1_147' title='bbox 3053 635 3238 675; x_wconf 89' lang='lat' dir='ltr'><strong>verum</strong></span> <span class='ocrx_word' id='word_1_148' title='bbox 3282 629 3336 673; x_wconf 90' lang='lat' dir='ltr'><strong>et</strong></span> <span class='ocrx_word' id='word_1_149' title='bbox 3386 622 3688 676; x_wconf 86' lang='lat' dir='ltr'><strong>mercedem</strong></span> 
     </span>
    </p>
   </div>
   <div class='ocr_carea' id='block_1_23' title="bbox 2104 704 3688 777">
    <p class='ocr_par' dir='ltr' id='par_1_23' title="bbox 2104 704 3688 777">
     <span class='ocr_line' id='line_1_23' title="bbox 2104 704 3688 777; baseline 0.004 -18"><span class='ocrx_word' id='word_1_150' title='bbox 2104 704 2290 761; x_wconf 75' lang='lat' dir='ltr'><strong>aﬂeret</strong></span> <span class='ocrx_word' id='word_1_151' title='bbox 2318 721 2564 777; x_wconf 88' lang='lat' dir='ltr'><strong>magnam</strong></span> <span class='ocrx_word' id='word_1_152' title='bbox 2593 708 2610 739; x_wconf 77' lang='grc' dir='ltr'>ί</span> <span class='ocrx_word' id='word_1_153' title='bbox 2638 725 2652 760; x_wconf 90' lang='lat'><strong>:</strong></span> <span class='ocrx_word' id='word_1_154' title='bbox 2680 708 2875 762; x_wconf 88' lang='lat' dir='ltr'><strong>etenim</strong></span> <span class='ocrx_word' id='word_1_155' title='bbox 2906 724 3092 765; x_wconf 89' lang='lat' dir='ltr'><strong>omnes</strong></span> <span class='ocrx_word' id='word_1_156' title='bbox 3138 725 3235 766; x_wconf 88' lang='lat' dir='ltr'><strong>vos</strong></span> <span class='ocrx_word' id='word_1_157' title='bbox 3273 711 3362 764; x_wconf 89' lang='lat' dir='ltr'><strong>alii</strong></span> <span class='ocrx_word' id='word_1_158' title='bbox 3390 710 3688 765; x_wconf 73' lang='lat' dir='ltr'><strong>mmulaturi</strong></span> 
     </span>
    </p>
   </div>
   <div class='ocr_carea' id='block_1_24' title="bbox 2104 797 3694 869">
    <p class='ocr_par' dir='ltr' id='par_1_24' title="bbox 2104 797 3694 869">
     <span class='ocr_line' id='line_1_24' title="bbox 2104 797 3694 869; baseline 0.004 -19"><span class='ocrx_word' id='word_1_159' title='bbox 2104 807 2229 851; x_wconf 90' lang='lat' dir='ltr'><strong>sunt</strong></span> <span class='ocrx_word' id='word_1_160' title='bbox 2263 806 2423 867; x_wconf 90' lang='lat' dir='ltr'><strong>atque</strong></span> <span class='ocrx_word' id='word_1_161' title='bbox 2458 797 2733 852; x_wconf 91' lang='lat' dir='ltr'><strong>imitaturi.</strong></span> <span class='ocrx_word' id='word_1_162' title='bbox 2778 799 2833 853; x_wconf 87' lang='lat' dir='ltr'><strong>Si</strong></span> <span class='ocrx_word' id='word_1_163' title='bbox 2879 801 2997 869; x_wconf 87' lang='lat' dir='ltr'><strong>quis</strong></span> <span class='ocrx_word' id='word_1_164' title='bbox 3043 802 3184 856; x_wconf 91' lang='lat' dir='ltr'><strong>enim</strong></span> <span class='ocrx_word' id='word_1_165' title='bbox 3227 818 3387 856; x_wconf 92' lang='lat' dir='ltr'><strong>unum</strong></span> <span class='ocrx_word' id='word_1_166' title='bbox 3429 804 3511 857; x_wconf 91' lang='lat' dir='ltr'><strong>vel</strong></span> <span class='ocrx_word' id='word_1_167' title='bbox 3558 802 3694 856; x_wconf 85' lang='lat' dir='ltr'><strong>duos</strong></span> 
     </span>
    </p>
   </div>
   <div class='ocr_carea' id='block_1_25' title="bbox 2104 888 3691 961">
    <p class='ocr_par' dir='ltr' id='par_1_25' title="bbox 2104 888 3691 961">
     <span class='ocr_line' id='line_1_25' title="bbox 2104 888 3691 961; baseline 0.004 -21"><span class='ocrx_word' id='word_1_168' title='bbox 2104 888 2358 952; x_wconf 89' lang='lat' dir='ltr'><strong>lucratus,</strong></span> <span class='ocrx_word' id='word_1_169' title='bbox 2410 903 2440 941; x_wconf 91' lang='lat' dir='ltr'><strong>a</strong></span> <span class='ocrx_word' id='word_1_170' title='bbox 2486 888 2597 941; x_wconf 91' lang='lat' dir='ltr'><strong>Deo</strong></span> <span class='ocrx_word' id='word_1_171' title='bbox 2642 889 2904 945; x_wconf 85' lang='lat' dir='ltr'><strong>mercedis</strong></span> <span class='ocrx_word' id='word_1_172' title='bbox 2944 900 3147 945; x_wconf 88' lang='lat' dir='ltr'><strong>tantum</strong></span> <span class='ocrx_word' id='word_1_173' title='bbox 3203 894 3417 961; x_wconf 82' lang='lat' dir='ltr'><strong>capiet:</strong></span> <span class='ocrx_word' id='word_1_174' title='bbox 3474 908 3691 947; x_wconf 90' lang='lat' dir='ltr'><strong>omnem</strong></span> 
     </span>
    </p>
   </div>
   <div class='ocr_carea' id='block_1_26' title="bbox 2111 980 3694 1053">
    <p class='ocr_par' dir='ltr' id='par_1_26' title="bbox 2111 980 3694 1053">
     <span class='ocr_line' id='line_1_26' title="bbox 2111 980 3694 1053; baseline 0.007 -22"><span class='ocrx_word' id='word_1_175' title='bbox 2111 980 2367 1034; x_wconf 91' lang='lat' dir='ltr'><strong>mundum</strong></span> <span class='ocrx_word' id='word_1_176' title='bbox 2399 980 2705 1035; x_wconf 88' lang='lat' dir='ltr'><strong>erudientcs</strong></span> <span class='ocrx_word' id='word_1_177' title='bbox 2726 1022 2742 1047; x_wconf 94' lang='lat'><strong>,</strong></span> <span class='ocrx_word' id='word_1_178' title='bbox 2771 993 2993 1052; x_wconf 88' lang='lat' dir='ltr'><strong>quantas</strong></span> <span class='ocrx_word' id='word_1_179' title='bbox 3020 985 3243 1053; x_wconf 81' lang='lat' dir='ltr'><strong>capietis</strong></span> <span class='ocrx_word' id='word_1_180' title='bbox 3272 986 3648 1041; x_wconf 88' lang='lat' dir='ltr'><strong>retributiones</strong></span> <span class='ocrx_word' id='word_1_181' title='bbox 3670 990 3694 1041; x_wconf 69' lang='grc' dir='ltr'><strong><em>τ</em></strong></span> 
     </span>
    </p>
   </div>
   <div class='ocr_carea' id='block_1_27' title="bbox 2102 1068 3687 1143">
    <p class='ocr_par' dir='ltr' id='par_1_27' title="bbox 2102 1068 3687 1143">
     <span class='ocr_line' id='line_1_27' title="bbox 2102 1068 3687 1143; baseline 0.006 -20"><span class='ocrx_word' id='word_1_182' title='bbox 2102 1068 2326 1137; x_wconf 87' lang='lat' dir='ltr'><strong>Oportet</strong></span> <span class='ocrx_word' id='word_1_183' title='bbox 2370 1071 2531 1141; x_wconf 81' lang='lat' dir='ltr'><strong>igitur</strong></span> <span class='ocrx_word' id='word_1_184' title='bbox 2575 1071 2792 1127; x_wconf 85' lang='lat' dir='ltr'><strong>studere</strong></span> <span class='ocrx_word' id='word_1_185' title='bbox 2838 1083 2892 1127; x_wconf 92' lang='lat' dir='ltr'><strong>et</strong></span> <span class='ocrx_word' id='word_1_186' title='bbox 2932 1074 3151 1143; x_wconf 86' lang='lat' dir='ltr'><strong>vigilare</strong></span> <span class='ocrx_word' id='word_1_187' title='bbox 3198 1084 3251 1128; x_wconf 91' lang='lat' dir='ltr'><strong>et</strong></span> <span class='ocrx_word' id='word_1_188' title='bbox 3294 1077 3499 1129; x_wconf 86' lang='lat' dir='ltr'><strong>sobrios</strong></span> <span class='ocrx_word' id='word_1_189' title='bbox 3545 1093 3687 1142; x_wconf 90' lang='lat' dir='ltr'><strong>esse,</strong></span> 
     </span>
    </p>
   </div>
   <div class='ocr_carea' id='block_1_28' title="bbox 2104 1160 3691 1235">
    <p class='ocr_par' dir='ltr' id='par_1_28' title="bbox 2104 1160 3691 1235">
     <span class='ocr_line' id='line_1_28' title="bbox 2104 1160 3691 1235; baseline 0.004 -23"><span class='ocrx_word' id='word_1_190' title='bbox 2104 1160 2329 1215; x_wconf 85' lang='lat' dir='ltr'><strong>scientes</strong></span> <span class='ocrx_word' id='word_1_191' title='bbox 2360 1176 2465 1215; x_wconf 89' lang='lat' dir='ltr'><strong>non</strong></span> <span class='ocrx_word' id='word_1_192' title='bbox 2509 1162 2845 1233; x_wconf 90' lang='lat' dir='ltr'><strong>propriorum</strong></span> <span class='ocrx_word' id='word_1_193' title='bbox 2884 1172 3083 1218; x_wconf 90' lang='lat' dir='ltr'><strong>tantum</strong></span> <span class='ocrx_word' id='word_1_194' title='bbox 3132 1166 3691 1235; x_wconf 90' lang='lat' dir='ltr'><strong>profectuum,verum</strong></span> 
     </span>
    </p>
   </div>
   <div class='ocr_carea' id='block_1_29' title="bbox 2104 1250 3695 1311">
    <p class='ocr_par' dir='ltr' id='par_1_29' title="bbox 2104 1250 3695 1311">
     <span class='ocr_line' id='line_1_29' title="bbox 2104 1250 3695 1311; baseline 0.006 -9"><span class='ocrx_word' id='word_1_195' title='bbox 2104 1258 2159 1303; x_wconf 92' lang='lat' dir='ltr'><strong>et</strong></span> <span class='ocrx_word' id='word_1_196' title='bbox 2180 1250 2474 1307; x_wconf 91' lang='lat' dir='ltr'><strong>alienorum</strong></span> <span class='ocrx_word' id='word_1_197' title='bbox 2501 1254 2790 1307; x_wconf 82' lang='lat' dir='ltr'><strong>maximam</strong></span> <span class='ocrx_word' id='word_1_198' title='bbox 2821 1258 3129 1309; x_wconf 90' lang='lat' dir='ltr'><strong>meritorum</strong></span> <span class='ocrx_word' id='word_1_199' title='bbox 3162 1257 3564 1311; x_wconf 88' lang='lat' dir='ltr'><strong>retributionem</strong></span> <span class='ocrx_word' id='word_1_200' title='bbox 3604 1272 3695 1311; x_wconf 86' lang='lat' dir='ltr'><strong>ac-</strong></span> 
     </span>
    </p>
   </div>
   <div class='ocr_carea' id='block_1_30' title="bbox 2106 1345 3691 1414">
    <p class='ocr_par' dir='ltr' id='par_1_30' title="bbox 2106 1345 3691 1414">
     <span class='ocr_line' id='line_1_30' title="bbox 2106 1345 3691 1414; baseline 0.006 -23"><span class='ocrx_word' id='word_1_201' title='bbox 2106 1349 2351 1407; x_wconf 90' lang='lat' dir='ltr'><strong>cepturos</strong></span> <span class='ocrx_word' id='word_1_202' title='bbox 2377 1359 2474 1397; x_wconf 90' lang='lat' dir='ltr'><strong>nos</strong></span> <span class='ocrx_word' id='word_1_203' title='bbox 2502 1359 2643 1407; x_wconf 80' lang='lat' dir='ltr'><strong>esse,</strong></span> <span class='ocrx_word' id='word_1_204' title='bbox 2673 1352 2727 1399; x_wconf 93' lang='lat' dir='ltr'><strong>et</strong></span> <span class='ocrx_word' id='word_1_205' title='bbox 2756 1345 2977 1398; x_wconf 89' lang='lat' dir='ltr'><strong>multam</strong></span> <span class='ocrx_word' id='word_1_206' title='bbox 3005 1346 3141 1414; x_wconf 89' lang='lat' dir='ltr'><strong>apud</strong></span> <span class='ocrx_word' id='word_1_207' title='bbox 3172 1347 3336 1401; x_wconf 90' lang='lat' dir='ltr'><strong>Deum</strong></span> <span class='ocrx_word' id='word_1_208' title='bbox 3367 1348 3691 1402; x_wconf 88' lang='lat' dir='ltr'><strong>benevolen-</strong></span> 
     </span>
    </p>
   </div>
   <div class='ocr_carea' id='block_1_31' title="bbox 2110 1430 3692 1507">
    <p class='ocr_par' dir='ltr' id='par_1_31' title="bbox 2110 1430 3692 1507">
     <span class='ocr_line' id='line_1_31' title="bbox 2110 1430 3692 1507; baseline 0.006 -26"><span class='ocrx_word' id='word_1_209' title='bbox 2110 1430 2235 1483; x_wconf 86' lang='lat' dir='ltr'><strong>tiam</strong></span> <span class='ocrx_word' id='word_1_210' title='bbox 2257 1444 2650 1501; x_wconf 90' lang='lat' dir='ltr'><strong>assequuturos.</strong></span> <span class='ocrx_word' id='word_1_211' title='bbox 2674 1436 2843 1502; x_wconf 88' lang='lat' dir='ltr'><strong>Quam</strong></span> <span class='ocrx_word' id='word_1_212' title='bbox 2868 1436 3022 1489; x_wconf 89' lang='lat' dir='ltr'><strong>nobis</strong></span> <span class='ocrx_word' id='word_1_213' title='bbox 3038 1436 3355 1490; x_wconf 89' lang='lat' dir='ltr'><strong>omnibusin</strong></span> <span class='ocrx_word' id='word_1_214' title='bbox 3380 1446 3692 1507; x_wconf 88' lang='lat' dir='ltr'><strong>perpetuum</strong></span> 
     </span>
    </p>
   </div>
   <div class='ocr_carea' id='block_1_32' title="bbox 2106 1522 3693 1596">
    <p class='ocr_par' dir='ltr' id='par_1_32' title="bbox 2106 1522 3693 1596">
     <span class='ocr_line' id='line_1_32' title="bbox 2106 1522 3693 1596; baseline 0.004 -20"><span class='ocrx_word' id='word_1_215' title='bbox 2106 1522 2313 1591; x_wconf 85' lang='lat' dir='ltr'><strong>adeptis</strong></span> <span class='ocrx_word' id='word_1_216' title='bbox 2350 1526 2502 1579; x_wconf 91' lang='lat' dir='ltr'><strong>dctnr</strong></span> <span class='ocrx_word' id='word_1_217' title='bbox 2546 1527 2643 1580; x_wconf 92' lang='lat' dir='ltr'><strong>frui</strong></span> <span class='ocrx_word' id='word_1_218' title='bbox 2685 1543 2850 1596; x_wconf 89' lang='lat' dir='ltr'><strong>regno</strong></span> <span class='ocrx_word' id='word_1_219' title='bbox 2892 1528 3145 1581; x_wconf 68' lang='lat' dir='ltr'><strong>culorttm</strong></span> <span class='ocrx_word' id='word_1_220' title='bbox 3169 1570 3184 1592; x_wconf 95' lang='lat'><strong>,</strong></span> <span class='ocrx_word' id='word_1_221' title='bbox 3214 1528 3266 1581; x_wconf 94' lang='lat' dir='ltr'><strong>in</strong></span> <span class='ocrx_word' id='word_1_222' title='bbox 3303 1527 3516 1582; x_wconf 83' lang='lat' dir='ltr'><strong>Christo</strong></span> <span class='ocrx_word' id='word_1_223' title='bbox 3568 1528 3693 1583; x_wconf 83' lang='lat' dir='ltr'><strong>Jesu</strong></span> 
     </span>
    </p>
   </div>
   <div class='ocr_carea' id='block_1_33' title="bbox 2108 1613 3700 1687">
    <p class='ocr_par' dir='ltr' id='par_1_33' title="bbox 2108 1613 3700 1687">
     <span class='ocr_line' id='line_1_33' title="bbox 2108 1613 3700 1687; baseline 0.004 -21"><span class='ocrx_word' id='word_1_224' title='bbox 2108 1613 2332 1667; x_wconf 87' lang='lat' dir='ltr'><strong>Domino</strong></span> <span class='ocrx_word' id='word_1_225' title='bbox 2359 1624 2540 1669; x_wconf 81' lang='lat' dir='ltr'><strong>nostro</strong></span> <span class='ocrx_word' id='word_1_226' title='bbox 2560 1659 2573 1679; x_wconf 91' lang='lat'><strong>,</strong></span> <span class='ocrx_word' id='word_1_227' title='bbox 2604 1619 2687 1671; x_wconf 90' lang='lat' dir='ltr'><strong>cui</strong></span> <span class='ocrx_word' id='word_1_228' title='bbox 2718 1619 2881 1687; x_wconf 82' lang='lat' dir='ltr'><strong>gloria</strong></span> <span class='ocrx_word' id='word_1_229' title='bbox 2913 1628 2967 1672; x_wconf 93' lang='lat' dir='ltr'><strong>et</strong></span> <span class='ocrx_word' id='word_1_230' title='bbox 2998 1621 3275 1687; x_wconf 86' lang='lat' dir='ltr'><strong>imperium</strong></span> <span class='ocrx_word' id='word_1_231' title='bbox 3306 1634 3425 1672; x_wconf 92' lang='lat' dir='ltr'><strong>cum</strong></span> <span class='ocrx_word' id='word_1_232' title='bbox 3459 1619 3616 1673; x_wconf 81' lang='lat' dir='ltr'><strong>Patre</strong></span> <span class='ocrx_word' id='word_1_233' title='bbox 3643 1627 3700 1673; x_wconf 90' lang='lat' dir='ltr'><strong>et</strong></span> 
     </span>
    </p>
   </div>
   <div class='ocr_carea' id='block_1_34' title="bbox 2105 1704 3696 1778">
    <p class='ocr_par' dir='ltr' id='par_1_34' title="bbox 2105 1704 3696 1778">
     <span class='ocr_line' id='line_1_34' title="bbox 2105 1704 3696 1778; baseline 0.003 -21"><span class='ocrx_word' id='word_1_234' title='bbox 2105 1713 2292 1757; x_wconf 85' lang='lat' dir='ltr'><strong>sancto</strong></span> <span class='ocrx_word' id='word_1_235' title='bbox 2319 1704 2536 1773; x_wconf 87' lang='lat' dir='ltr'><strong>Spiritu,</strong></span> <span class='ocrx_word' id='word_1_236' title='bbox 2571 1724 2708 1761; x_wconf 91' lang='lat' dir='ltr'><strong>nunc</strong></span> <span class='ocrx_word' id='word_1_237' title='bbox 2741 1720 2793 1763; x_wconf 93' lang='lat' dir='ltr'><strong>ct</strong></span> <span class='ocrx_word' id='word_1_238' title='bbox 2818 1724 3030 1778; x_wconf 87' lang='lat' dir='ltr'><strong>semper</strong></span> <span class='ocrx_word' id='word_1_239' title='bbox 3050 1750 3064 1773; x_wconf 96' lang='lat'><strong>,</strong></span> <span class='ocrx_word' id='word_1_240' title='bbox 3091 1720 3146 1764; x_wconf 92' lang='lat' dir='ltr'><strong>ct</strong></span> <span class='ocrx_word' id='word_1_241' title='bbox 3170 1711 3222 1763; x_wconf 92' lang='lat' dir='ltr'><strong>in</strong></span> <span class='ocrx_word' id='word_1_242' title='bbox 3249 1712 3440 1764; x_wconf 71' lang='lat' dir='ltr'><strong>smcula</strong></span> <span class='ocrx_word' id='word_1_243' title='bbox 3469 1711 3696 1765; x_wconf 60' lang='lat' dir='ltr'><strong>seculn-</strong></span> 
     </span>
    </p>
   </div>
   <div class='ocr_carea' id='block_1_35' title="bbox 2106 1800 2464 1851">
    <p class='ocr_par' dir='ltr' id='par_1_35' title="bbox 2106 1800 2464 1851">
     <span class='ocr_line' id='line_1_35' title="bbox 2106 1800 2464 1851; baseline 0.003 -1"><span class='ocrx_word' id='word_1_244' title='bbox 2106 1813 2244 1850; x_wconf 87' lang='lat' dir='ltr'><strong>rum.</strong></span> <span class='ocrx_word' id='word_1_245' title='bbox 2273 1800 2464 1851; x_wconf 83' lang='lat' dir='ltr'><strong>Atuen.</strong></span> 
     </span>
    </p>
   </div>
   <div class='ocr_carea' id='block_1_36' title="bbox 2172 1928 3690 1991">
    <p class='ocr_par' dir='ltr' id='par_1_36' title="bbox 2172 1928 3690 1991">
     <span class='ocr_line' id='line_1_36' title="bbox 2172 1928 3690 1991; baseline 0.005 -16"><span class='ocrx_word' id='word_1_246' title='bbox 2172 1932 2187 1960; x_wconf 84' lang='grc' dir='ltr'><strong>ι</strong></span> <span class='ocrx_word' id='word_1_247' title='bbox 2228 1936 2328 1977; x_wconf 78' lang='lat' dir='ltr'><strong>Hoc</strong></span> <span class='ocrx_word' id='word_1_248' title='bbox 2357 1928 2483 1977; x_wconf 67' lang='lat' dir='ltr'><strong>vobis</strong></span> <span class='ocrx_word' id='word_1_249' title='bbox 2516 1941 2607 1976; x_wconf 76' lang='lat' dir='ltr'><strong>non</strong></span> <span class='ocrx_word' id='word_1_250' title='bbox 2623 1932 2779 1979; x_wconf 82' lang='lat' dir='ltr'><strong>solum</strong></span> <span class='ocrx_word' id='word_1_251' title='bbox 2802 1928 2892 1977; x_wconf 84' lang='lat' dir='ltr'><strong>erit</strong></span> <span class='ocrx_word' id='word_1_252' title='bbox 2914 1936 3241 1979; x_wconf 74' lang='lat' dir='ltr'><strong>onmnwntum</strong></span> <span class='ocrx_word' id='word_1_253' title='bbox 3261 1938 3304 1981; x_wconf 88' lang='lat' dir='ltr'><strong>et</strong></span> <span class='ocrx_word' id='word_1_254' title='bbox 3327 1931 3588 1991; x_wconf 77' lang='lat' dir='ltr'><strong>mwn&#39;men,</strong></span> <span class='ocrx_word' id='word_1_255' title='bbox 3616 1946 3690 1984; x_wconf 74' lang='lat' dir='ltr'><strong>vr-</strong></span> 
     </span>
    </p>
   </div>
   <div class='ocr_carea' id='block_1_37' title="bbox 2106 1991 2876 2051">
    <p class='ocr_par' dir='ltr' id='par_1_37' title="bbox 2106 1991 2876 2051">
     <span class='ocr_line' id='line_1_37' title="bbox 2106 1991 2876 2051; baseline 0.001 -12"><span class='ocrx_word' id='word_1_256' title='bbox 2106 2002 2217 2039; x_wconf 85' lang='lat' dir='ltr'><strong>rum</strong></span> <span class='ocrx_word' id='word_1_257' title='bbox 2240 1991 2386 2039; x_wconf 83' lang='lat' dir='ltr'><strong>etiam</strong></span> <span class='ocrx_word' id='word_1_258' title='bbox 2406 1994 2754 2051; x_wconf 76' lang='lat' dir='ltr'><strong>mcrredcdcm,</strong></span> <span class='ocrx_word' id='word_1_259' title='bbox 2782 1996 2876 2040; x_wconf 91' lang='lat' dir='ltr'><strong>etc.</strong></span> 
     </span>
    </p>
   </div>
   <div class='ocr_carea' id='block_1_38' title="bbox 2384 2112 2641 2123">
    <p class='ocr_par' dir='ltr' id='par_1_38' title="bbox 2384 2112 2641 2123">
     <span class='ocr_line' id='line_1_38' title="bbox 2384 2112 2641 2123; baseline -0.008 0"><span class='ocrx_word' id='word_1_260' title='bbox 2384 2112 2641 2123; x_wconf 75' lang='lat'><strong>———-</strong></span> 
     </span>
    </p>
   </div>
   <div class='ocr_carea' id='block_1_39' title="bbox 421 2200 2164 2261">
    <p class='ocr_par' dir='ltr' id='par_1_39' title="bbox 421 2200 2147 2256">
     <span class='ocr_line' id='line_1_39' title="bbox 421 2200 2147 2256; baseline -0.002 -10"><span class='ocrx_word' id='word_1_261' title='bbox 421 2205 594 2256; x_wconf 70' lang='lat' dir='ltr'><strong>ouo»</strong></span> <span class='ocrx_word' id='word_1_262' title='bbox 638 2202 790 2245; x_wconf 82' lang='lat'><strong>501.0</strong></span> <span class='ocrx_word' id='word_1_263' title='bbox 860 2200 1413 2255; x_wconf 69' lang='lat' dir='ltr'><strong>quaenaeesmau</strong></span> <span class='ocrx_word' id='word_1_264' title='bbox 1480 2200 1741 2244; x_wconf 75' lang='lat' dir='ltr'><strong>JEJUNIO</strong></span> <span class='ocrx_word' id='word_1_265' title='bbox 1810 2200 1936 2243; x_wconf 65' lang='lat' dir='ltr'><strong>non</strong></span> <span class='ocrx_word' id='word_1_266' title='bbox 1979 2200 2147 2243; x_wconf 76' lang='lat' dir='ltr'><strong>SATIS</strong></span> 
     </span>
    </p>
   </div>
   <div class='ocr_carea' id='block_1_40' title="bbox 1957 2200 3700 2261">
    <p class='ocr_par' dir='ltr' id='par_1_40' title="bbox 1979 2200 3700 2261">
     <span class='ocr_line' id='line_1_40' title="bbox 1979 2200 3700 2261; baseline 0.006 -19"><span class='ocrx_word' id='word_1_267' title='bbox 1979 2200 2147 2243; x_wconf 77' lang='lat' dir='ltr'><strong>SATIS</strong></span> <span class='ocrx_word' id='word_1_268' title='bbox 2193 2203 2639 2246; x_wconf 65' lang='lat' dir='ltr'><strong>PREPAREMUR</strong></span> <span class='ocrx_word' id='word_1_269' title='bbox 2683 2205 2768 2245; x_wconf 76' lang='lat' dir='ltr'><strong><em>AD</em></strong></span> <span class='ocrx_word' id='word_1_270' title='bbox 2810 2204 3308 2261; x_wconf 73' lang='lat' dir='ltr'><strong>COMMUNIONEM,</strong></span> <span class='ocrx_word' id='word_1_271' title='bbox 3366 2206 3482 2249; x_wconf 85' lang='lat' dir='ltr'><strong>SED</strong></span> <span class='ocrx_word' id='word_1_272' title='bbox 3542 2208 3700 2253; x_wconf 70' lang='lat' dir='ltr'><strong>OPUS</strong></span> 
     </span>
    </p>
   </div>
   <div class='ocr_carea' id='block_1_41' title="bbox 494 2299 3698 2359">
    <p class='ocr_par' dir='ltr' id='par_1_41' title="bbox 494 2299 3698 2359">
     <span class='ocr_line' id='line_1_41' title="bbox 494 2299 3698 2359; baseline 0.002 -15"><span class='ocrx_word' id='word_1_273' title='bbox 494 2304 591 2344; x_wconf 77' lang='lat' dir='ltr'><strong>SIT</strong></span> <span class='ocrx_word' id='word_1_274' title='bbox 636 2302 815 2344; x_wconf 70' lang='lat' dir='ltr'><strong>ANIMI</strong></span> <span class='ocrx_word' id='word_1_275' title='bbox 860 2302 1182 2354; x_wconf 77' lang='lat' dir='ltr'><strong>VIRTUTE;</strong></span> <span class='ocrx_word' id='word_1_276' title='bbox 1230 2302 1309 2342; x_wconf 81' lang='lat' dir='ltr'><strong>ET</strong></span> <span class='ocrx_word' id='word_1_277' title='bbox 1351 2300 1458 2351; x_wconf 79' lang='lat' dir='ltr'><strong>QUI</strong></span> <span class='ocrx_word' id='word_1_278' title='bbox 1502 2300 1674 2342; x_wconf 77' lang='lat' dir='ltr'><strong>FIERI</strong></span> <span class='ocrx_word' id='word_1_279' title='bbox 1729 2299 1963 2353; x_wconf 84' lang='lat' dir='ltr'><strong>POSSIT,</strong></span> <span class='ocrx_word' id='word_1_280' title='bbox 2003 2299 2086 2341; x_wconf 90' lang='lat' dir='ltr'><strong>UT</strong></span> <span class='ocrx_word' id='word_1_281' title='bbox 2129 2300 2518 2344; x_wconf 75' lang='lat' dir='ltr'><strong>INJURIARUM</strong></span> <span class='ocrx_word' id='word_1_282' title='bbox 2563 2302 2909 2345; x_wconf 76' lang='lat' dir='ltr'><strong>MEMORIAM</strong></span> <span class='ocrx_word' id='word_1_283' title='bbox 2952 2304 3353 2359; x_wconf 74' lang='lat' dir='ltr'><strong>DEPONAMUS,</strong></span> <span class='ocrx_word' id='word_1_284' title='bbox 3399 2305 3698 2359; x_wconf 68' lang='lat' dir='ltr'><strong>QUODQL‘R</strong></span> 
     </span>
    </p>
   </div>
   <div class='ocr_carea' id='block_1_42' title="bbox 504 2397 2213 2445">
    <p class='ocr_par' dir='ltr' id='par_1_42' title="bbox 504 2397 2213 2445">
     <span class='ocr_line' id='line_1_42' title="bbox 504 2397 2213 2445; baseline -0.002 -3"><span class='ocrx_word' id='word_1_285' title='bbox 504 2403 659 2445; x_wconf 78' lang='lat' dir='ltr'><strong>llEUS</strong></span> <span class='ocrx_word' id='word_1_286' title='bbox 705 2401 902 2443; x_wconf 78' lang='lat' dir='ltr'><strong>IIUJUS</strong></span> <span class='ocrx_word' id='word_1_287' title='bbox 945 2400 1119 2443; x_wconf 72' lang='lat' dir='ltr'><strong>LEGIS</strong></span> <span class='ocrx_word' id='word_1_288' title='bbox 1180 2400 1451 2442; x_wconf 78' lang='lat' dir='ltr'><strong>MAGNAM</strong></span> <span class='ocrx_word' id='word_1_289' title='bbox 1510 2399 1764 2441; x_wconf 80' lang='grc' dir='ltr'><strong>ΠΔΒΕΔΤ</strong></span> <span class='ocrx_word' id='word_1_290' title='bbox 1824 2397 2152 2440; x_wconf 73' lang='lat' dir='ltr'><strong>RATIONEM</strong></span> <span class='ocrx_word' id='word_1_291' title='bbox 2198 2400 2213 2439; x_wconf 73' lang='grc' dir='ltr'><strong>Ξ</strong></span> 
     </span>
    </p>
   </div>
   <div class='ocr_carea' id='block_1_43' title="bbox 502 2500 1675 2547">
    <p class='ocr_par' dir='ltr' id='par_1_43' title="bbox 502 2500 1675 2547">
     <span class='ocr_line' id='line_1_43' title="bbox 502 2500 1675 2547; baseline -0.006 0"><span class='ocrx_word' id='word_1_292' title='bbox 502 2505 695 2547; x_wconf 70' lang='grc' dir='ltr'><strong>ΕΤΙΔΜ</strong></span> <span class='ocrx_word' id='word_1_293' title='bbox 742 2504 905 2546; x_wconf 74' lang='lat' dir='ltr'><strong>ANTE</strong></span> <span class='ocrx_word' id='word_1_294' title='bbox 949 2501 1300 2545; x_wconf 75' lang='lat' dir='ltr'><strong>GEHENNAM</strong></span> <span class='ocrx_word' id='word_1_295' title='bbox 1343 2500 1614 2543; x_wconf 77' lang='lat' dir='ltr'><strong>CRUCIET</strong></span> <span class='ocrx_word' id='word_1_296' title='bbox 1660 2502 1675 2540; x_wconf 74' lang='grc' dir='ltr'>ε</span> 
     </span>
    </p>
   </div>
   <div class='ocr_carea' id='block_1_44' title="bbox 2261 2400 3698 2453">
    <p class='ocr_par' dir='ltr' id='par_1_44' title="bbox 2261 2400 3698 2453">
     <span class='ocr_line' id='line_1_44' title="bbox 2261 2400 3698 2453; baseline 0.006 -13"><span class='ocrx_word' id='word_1_297' title='bbox 2261 2400 2339 2441; x_wconf 81' lang='grc' dir='ltr'><strong>ΕΤ</strong></span> <span class='ocrx_word' id='word_1_298' title='bbox 2381 2400 2550 2453; x_wconf 85' lang='lat' dir='ltr'><strong>QUOD</strong></span> <span class='ocrx_word' id='word_1_299' title='bbox 2603 2402 2998 2446; x_wconf 75' lang='lat' dir='ltr'><strong>INJURIARUM</strong></span> <span class='ocrx_word' id='word_1_300' title='bbox 3058 2403 3357 2447; x_wconf 73' lang='lat' dir='ltr'><strong>MEMORIA</strong></span> <span class='ocrx_word' id='word_1_301' title='bbox 3416 2404 3698 2450; x_wconf 73' lang='lat' dir='ltr'><strong>HOMINES</strong></span> 
     </span>
    </p>
   </div>
   <div class='ocr_carea' id='block_1_45' title="bbox 1722 2497 3699 2559">
    <p class='ocr_par' dir='ltr' id='par_1_45' title="bbox 1722 2497 3699 2559">
     <span class='ocr_line' id='line_1_45' title="bbox 1722 2497 3699 2559; baseline 0.005 -18"><span class='ocrx_word' id='word_1_302' title='bbox 1722 2497 2053 2541; x_wconf 73' lang='lat' dir='ltr'><strong>POSTREMO</strong></span> <span class='ocrx_word' id='word_1_303' title='bbox 2095 2499 2177 2540; x_wconf 79' lang='lat' dir='ltr'><strong>DE</strong></span> <span class='ocrx_word' id='word_1_304' title='bbox 2220 2499 2511 2544; x_wconf 74' lang='lat' dir='ltr'><strong>VITANDIS</strong></span> <span class='ocrx_word' id='word_1_305' title='bbox 2560 2502 2974 2558; x_wconf 65' lang='lat' dir='ltr'><strong>JUBAMENTIS,</strong></span> <span class='ocrx_word' id='word_1_306' title='bbox 3007 2504 3087 2546; x_wconf 79' lang='lat' dir='ltr'><strong>ET</strong></span> <span class='ocrx_word' id='word_1_307' title='bbox 3129 2504 3214 2546; x_wconf 80' lang='lat' dir='ltr'><strong><em>DE</em></strong></span> <span class='ocrx_word' id='word_1_308' title='bbox 3257 2504 3359 2558; x_wconf 80' lang='lat' dir='ltr'><strong>HS,</strong></span> <span class='ocrx_word' id='word_1_309' title='bbox 3392 2504 3500 2559; x_wconf 80' lang='lat' dir='ltr'><strong>QUI</strong></span> <span class='ocrx_word' id='word_1_310' title='bbox 3527 2506 3699 2549; x_wconf 64' lang='grc' dir='ltr'><strong>ηοω-</strong></span> 
     </span>
    </p>
   </div>
   <div class='ocr_carea' id='block_1_46' title="bbox 500 2596 2343 2654">
    <p class='ocr_par' dir='ltr' id='par_1_46' title="bbox 500 2596 2343 2654">
     <span class='ocr_line' id='line_1_46' title="bbox 500 2596 2343 2654; baseline -0.004 -7"><span class='ocrx_word' id='word_1_311' title='bbox 500 2607 634 2647; x_wconf 77' lang='lat' dir='ltr'><strong>I)UM</strong></span> <span class='ocrx_word' id='word_1_312' title='bbox 678 2606 750 2647; x_wconf 84' lang='lat' dir='ltr'><strong>SE</strong></span> <span class='ocrx_word' id='word_1_313' title='bbox 795 2604 897 2645; x_wconf 70' lang='lat' dir='ltr'><strong>[TA</strong></span> <span class='ocrx_word' id='word_1_314' title='bbox 943 2601 1415 2654; x_wconf 69' lang='lat' dir='ltr'><strong>CORREXERINT,</strong></span> <span class='ocrx_word' id='word_1_315' title='bbox 1460 2600 1543 2643; x_wconf 88' lang='lat' dir='ltr'><strong>UT</strong></span> <span class='ocrx_word' id='word_1_316' title='bbox 1586 2598 1709 2641; x_wconf 78' lang='lat' dir='ltr'><strong>NON</strong></span> <span class='ocrx_word' id='word_1_317' title='bbox 1754 2596 2028 2642; x_wconf 71' lang='lat' dir='ltr'><strong>AMPLIUS</strong></span> <span class='ocrx_word' id='word_1_318' title='bbox 2078 2597 2343 2639; x_wconf 78' lang='lat' dir='ltr'><strong>JURENT.</strong></span> 
     </span>
    </p>
   </div>
   <div class='ocr_carea' id='block_1_47' title="bbox 1943 2736 2203 2788">
    <p class='ocr_par' dir='ltr' id='par_1_47' title="bbox 1943 2736 2203 2788">
     <span class='ocr_line' id='line_1_47' title="bbox 1943 2736 2203 2788; baseline -0.012 0"><span class='ocrx_word' id='word_1_319' title='bbox 1943 2736 2203 2788; x_wconf 61' lang='grc' dir='ltr'><strong>θέω-ωδ)</strong></span> 
     </span>
    </p>
   </div>
   <div class='ocr_carea' id='block_1_48' title="bbox 982 2857 1435 2928">
    <p class='ocr_par' dir='ltr' id='par_1_48' title="bbox 982 2857 1435 2928">
     <span class='ocr_line' id='line_1_48' title="bbox 982 2857 1435 2928; baseline -0.007 -16"><span class='ocrx_word' id='word_1_320' title='bbox 982 2873 1197 2913; x_wconf 73' lang='lat' dir='ltr'><strong>noutLu</strong></span> <span class='ocrx_word' id='word_1_321' title='bbox 1237 2874 1309 2912; x_wconf 90' lang='lat' dir='ltr'><strong>xx</strong></span> <span class='ocrx_word' id='word_1_322' title='bbox 1338 2857 1435 2928; x_wconf 84' lang='grc' dir='ltr'><strong>(α).</strong></span> 
     </span>
    </p>
   </div>
   <div class='ocr_carea' id='block_1_49' title="bbox 494 2947 2005 3021">
    <p class='ocr_par' dir='ltr' id='par_1_49' title="bbox 494 2947 2005 3021">
     <span class='ocr_line' id='line_1_49' title="bbox 494 2947 2005 3021; baseline -0.005 -12"><span class='ocrx_word' id='word_1_323' title='bbox 494 2957 542 3009; x_wconf 79' lang='grc' dir='ltr'><strong>Ι.</strong></span> <span class='ocrx_word' id='word_1_324' title='bbox 586 2953 665 3007; x_wconf 83' lang='lat' dir='ltr'><strong>Ad</strong></span> <span class='ocrx_word' id='word_1_325' title='bbox 698 2953 857 3007; x_wconf 88' lang='lat' dir='ltr'><strong>linem</strong></span> <span class='ocrx_word' id='word_1_326' title='bbox 878 2950 1069 3021; x_wconf 88' lang='lat' dir='ltr'><strong>jejunii</strong></span> <span class='ocrx_word' id='word_1_327' title='bbox 1089 2951 1197 3019; x_wconf 89' lang='lat' dir='ltr'><strong>jam</strong></span> <span class='ocrx_word' id='word_1_328' title='bbox 1227 2958 1432 3018; x_wconf 91' lang='lat' dir='ltr'><strong>tempus</strong></span> <span class='ocrx_word' id='word_1_329' title='bbox 1457 2947 1812 3017; x_wconf 88' lang='lat' dir='ltr'><strong>deproperat:</strong></span> <span class='ocrx_word' id='word_1_330' title='bbox 1837 2960 2005 3017; x_wconf 85' lang='lat' dir='ltr'><strong>quare</strong></span> 
     </span>
    </p>
   </div>
   <div class='ocr_carea' id='block_1_50' title="bbox 418 3040 2001 3113">
    <p class='ocr_par' dir='ltr' id='par_1_50' title="bbox 418 3040 2001 3113">
     <span class='ocr_line' id='line_1_50' title="bbox 418 3040 2001 3113; baseline -0.006 -10"><span class='ocrx_word' id='word_1_331' title='bbox 418 3058 473 3103; x_wconf 86' lang='lat' dir='ltr'><strong>et</strong></span> <span class='ocrx_word' id='word_1_332' title='bbox 498 3061 596 3101; x_wconf 92' lang='lat' dir='ltr'><strong>nos</strong></span> <span class='ocrx_word' id='word_1_333' title='bbox 620 3045 809 3113; x_wconf 89' lang='lat' dir='ltr'><strong>majori</strong></span> <span class='ocrx_word' id='word_1_334' title='bbox 839 3044 1015 3098; x_wconf 91' lang='lat' dir='ltr'><strong>studio</strong></span> <span class='ocrx_word' id='word_1_335' title='bbox 1038 3042 1222 3097; x_wconf 87' lang='lat' dir='ltr'><strong>virtuti</strong></span> <span class='ocrx_word' id='word_1_336' title='bbox 1249 3055 1466 3112; x_wconf 88' lang='lat' dir='ltr'><strong>operam</strong></span> <span class='ocrx_word' id='word_1_337' title='bbox 1492 3040 1679 3095; x_wconf 89' lang='lat' dir='ltr'><strong>demus</strong></span> <span class='ocrx_word' id='word_1_338' title='bbox 1705 3042 1756 3106; x_wconf 82' lang='grc'>¹;</span> <span class='ocrx_word' id='word_1_339' title='bbox 1781 3048 1839 3094; x_wconf 78' lang='lat' dir='ltr'><strong>ut</strong></span> <span class='ocrx_word' id='word_1_340' title='bbox 1858 3040 2001 3094; x_wconf 91' lang='lat' dir='ltr'><strong>enim</strong></span> 
     </span>
    </p>
   </div>
   <div class='ocr_carea' id='block_1_51' title="bbox 418 3130 2001 3197">
    <p class='ocr_par' dir='ltr' id='par_1_51' title="bbox 418 3130 2001 3197">
     <span class='ocr_line' id='line_1_51' title="bbox 418 3130 2001 3197; baseline -0.005 -6"><span class='ocrx_word' id='word_1_341' title='bbox 418 3137 755 3191; x_wconf 91' lang='lat' dir='ltr'><strong>currentibus</strong></span> <span class='ocrx_word' id='word_1_342' title='bbox 797 3134 963 3188; x_wconf 88' lang='lat' dir='ltr'><strong>multa</strong></span> <span class='ocrx_word' id='word_1_343' title='bbox 1008 3132 1177 3187; x_wconf 90' lang='lat' dir='ltr'><strong>stadia</strong></span> <span class='ocrx_word' id='word_1_344' title='bbox 1219 3132 1454 3187; x_wconf 89' lang='lat' dir='ltr'><strong>emensis</strong></span> <span class='ocrx_word' id='word_1_345' title='bbox 1502 3130 1632 3185; x_wconf 87' lang='lat' dir='ltr'><strong>nihil</strong></span> <span class='ocrx_word' id='word_1_346' title='bbox 1680 3130 1834 3197; x_wconf 92' lang='lat' dir='ltr'><strong>lucri,</strong></span> <span class='ocrx_word' id='word_1_347' title='bbox 1879 3130 1927 3185; x_wconf 92' lang='lat' dir='ltr'><strong>si</strong></span> <span class='ocrx_word' id='word_1_348' title='bbox 1972 3146 2001 3183; x_wconf 89' lang='lat' dir='ltr'><strong>a</strong></span> 
     </span>
    </p>
   </div>
   <div class='ocr_carea' id='block_1_52' title="bbox 422 3218 2006 3296">
    <p class='ocr_par' dir='ltr' id='par_1_52' title="bbox 422 3218 2006 3296">
     <span class='ocr_line' id='line_1_52' title="bbox 422 3218 2006 3296; baseline -0.006 -16"><span class='ocrx_word' id='word_1_349' title='bbox 422 3227 641 3296; x_wconf 72' lang='lat' dir='ltr'><strong>prmmio</strong></span> <span class='ocrx_word' id='word_1_350' title='bbox 671 3223 918 3279; x_wconf 77' lang='lat' dir='ltr'><strong>excidant</strong></span> <span class='ocrx_word' id='word_1_351' title='bbox 950 3242 963 3276; x_wconf 88' lang='lat'>:</span> <span class='ocrx_word' id='word_1_352' title='bbox 1010 3224 1079 3276; x_wconf 89' lang='lat' dir='ltr'><strong>ita</strong></span> <span class='ocrx_word' id='word_1_353' title='bbox 1108 3222 1237 3276; x_wconf 88' lang='lat' dir='ltr'><strong>nihil</strong></span> <span class='ocrx_word' id='word_1_354' title='bbox 1269 3222 1422 3277; x_wconf 87' lang='lat' dir='ltr'><strong>nobis</strong></span> <span class='ocrx_word' id='word_1_355' title='bbox 1446 3220 1579 3275; x_wconf 90' lang='lat' dir='ltr'><strong>lucri</strong></span> <span class='ocrx_word' id='word_1_356' title='bbox 1605 3218 1706 3275; x_wconf 89' lang='lat' dir='ltr'><strong>erit</strong></span> <span class='ocrx_word' id='word_1_357' title='bbox 1733 3236 1796 3274; x_wconf 84' lang='lat' dir='ltr'><strong>ex</strong></span> <span class='ocrx_word' id='word_1_358' title='bbox 1828 3220 2006 3273; x_wconf 91' lang='lat' dir='ltr'><strong>multis</strong></span> 
     </span>
    </p>
   </div>
   <div class='ocr_carea' id='block_1_53' title="bbox 422 3308 2004 3380">
    <p class='ocr_par' dir='ltr' id='par_1_53' title="bbox 422 3308 2004 3380">
     <span class='ocr_line' id='line_1_53' title="bbox 422 3308 2004 3380; baseline -0.008 -9"><span class='ocrx_word' id='word_1_359' title='bbox 422 3316 694 3372; x_wconf 90' lang='lat' dir='ltr'><strong>laboribus</strong></span> <span class='ocrx_word' id='word_1_360' title='bbox 733 3322 787 3368; x_wconf 92' lang='lat' dir='ltr'><strong>et</strong></span> <span class='ocrx_word' id='word_1_361' title='bbox 826 3311 1112 3368; x_wconf 90' lang='lat' dir='ltr'><strong>sudoribus</strong></span> <span class='ocrx_word' id='word_1_362' title='bbox 1150 3311 1358 3380; x_wconf 88' lang='lat' dir='ltr'><strong>jejunio</strong></span> <span class='ocrx_word' id='word_1_363' title='bbox 1394 3309 1696 3379; x_wconf 90' lang='lat' dir='ltr'><strong>insumptis,</strong></span> <span class='ocrx_word' id='word_1_364' title='bbox 1740 3308 1840 3363; x_wconf 90' lang='lat' dir='ltr'><strong>nisi</strong></span> <span class='ocrx_word' id='word_1_365' title='bbox 1886 3324 2004 3362; x_wconf 89' lang='lat' dir='ltr'><strong>eum</strong></span> 
     </span>
    </p>
   </div>
   <div class='ocr_carea' id='block_1_54' title="bbox 424 3398 2010 3474">
    <p class='ocr_par' dir='ltr' id='par_1_54' title="bbox 424 3398 2010 3474">
     <span class='ocr_line' id='line_1_54' title="bbox 424 3398 2010 3474; baseline -0.005 -14"><span class='ocrx_word' id='word_1_366' title='bbox 424 3420 555 3474; x_wconf 91' lang='lat' dir='ltr'><strong>pura</strong></span> <span class='ocrx_word' id='word_1_367' title='bbox 579 3401 903 3459; x_wconf 86' lang='lat' dir='ltr'><strong>conscientia</strong></span> <span class='ocrx_word' id='word_1_368' title='bbox 949 3416 1097 3455; x_wconf 87' lang='lat' dir='ltr'><strong>sacra</strong></span> <span class='ocrx_word' id='word_1_369' title='bbox 1130 3416 1315 3455; x_wconf 90' lang='lat' dir='ltr'><strong>mensa</strong></span> <span class='ocrx_word' id='word_1_370' title='bbox 1345 3400 1446 3454; x_wconf 90' lang='lat' dir='ltr'><strong>frui</strong></span> <span class='ocrx_word' id='word_1_371' title='bbox 1474 3401 1756 3470; x_wconf 92' lang='lat' dir='ltr'><strong>possimus.</strong></span> <span class='ocrx_word' id='word_1_372' title='bbox 1790 3399 1870 3453; x_wconf 88' lang='lat' dir='ltr'><strong>Ob</strong></span> <span class='ocrx_word' id='word_1_373' title='bbox 1911 3398 2010 3452; x_wconf 90' lang='lat' dir='ltr'><strong>hoc</strong></span> 
     </span>
    </p>
   </div>
   <div class='ocr_carea' id='block_1_55' title="bbox 425 3490 2007 3564">
    <p class='ocr_par' dir='ltr' id='par_1_55' title="bbox 425 3490 2007 3564">
     <span class='ocr_line' id='line_1_55' title="bbox 425 3490 2007 3564; baseline -0.006 -15"><span class='ocrx_word' id='word_1_374' title='bbox 425 3496 567 3549; x_wconf 89' lang='lat' dir='ltr'><strong>enim</strong></span> <span class='ocrx_word' id='word_1_375' title='bbox 591 3494 846 3564; x_wconf 89' lang='lat' dir='ltr'><strong>jejunium</strong></span> <span class='ocrx_word' id='word_1_376' title='bbox 863 3490 1336 3559; x_wconf 83' lang='lat' dir='ltr'><strong>etQuadragesima</strong></span> <span class='ocrx_word' id='word_1_377' title='bbox 1359 3498 1413 3544; x_wconf 89' lang='lat' dir='ltr'><strong>et</strong></span> <span class='ocrx_word' id='word_1_378' title='bbox 1434 3499 1512 3544; x_wconf 91' lang='lat' dir='ltr'><strong>tot</strong></span> <span class='ocrx_word' id='word_1_379' title='bbox 1531 3490 1734 3545; x_wconf 91' lang='lat' dir='ltr'><strong>dierum</strong></span> <span class='ocrx_word' id='word_1_380' title='bbox 1760 3502 2007 3560; x_wconf 86' lang='lat' dir='ltr'><strong>synaxes,</strong></span> 
     </span>
    </p>
   </div>
   <div class='ocr_carea' id='block_1_56' title="bbox 424 3579 2007 3653">
    <p class='ocr_par' dir='ltr' id='par_1_56' title="bbox 424 3579 2007 3653">
     <span class='ocr_line' id='line_1_56' title="bbox 424 3579 2007 3653; baseline -0.004 -16"><span class='ocrx_word' id='word_1_381' title='bbox 424 3584 742 3649; x_wconf 87' lang='lat' dir='ltr'><strong>auditiones,</strong></span> <span class='ocrx_word' id='word_1_382' title='bbox 774 3598 956 3653; x_wconf 90' lang='lat' dir='ltr'><strong>preces</strong></span> <span class='ocrx_word' id='word_1_383' title='bbox 983 3592 1037 3635; x_wconf 92' lang='lat' dir='ltr'><strong>et</strong></span> <span class='ocrx_word' id='word_1_384' title='bbox 1060 3579 1316 3634; x_wconf 62' lang='lat' dir='ltr'><strong>doctrina:</strong></span> <span class='ocrx_word' id='word_1_385' title='bbox 1345 3588 1611 3649; x_wconf 69' lang='lat' dir='ltr'><strong>susceptae</strong></span> <span class='ocrx_word' id='word_1_386' title='bbox 1642 3589 1786 3645; x_wconf 82' lang='lat' dir='ltr'><strong>sunt,</strong></span> <span class='ocrx_word' id='word_1_387' title='bbox 1809 3588 1863 3631; x_wconf 94' lang='lat' dir='ltr'><strong>ut</strong></span> <span class='ocrx_word' id='word_1_388' title='bbox 1885 3580 2007 3631; x_wconf 88' lang='lat' dir='ltr'><strong>abs-</strong></span> 
     </span>
    </p>
   </div>
   <div class='ocr_carea' id='block_1_57' title="bbox 428 3669 2011 3739">
    <p class='ocr_par' dir='ltr' id='par_1_57' title="bbox 428 3669 2011 3739">
     <span class='ocr_line' id='line_1_57' title="bbox 428 3669 2011 3739; baseline -0.004 -12"><span class='ocrx_word' id='word_1_389' title='bbox 428 3674 589 3731; x_wconf 80' lang='lat' dir='ltr'><strong>tersis</strong></span> <span class='ocrx_word' id='word_1_390' title='bbox 626 3672 915 3727; x_wconf 85' lang='lat' dir='ltr'><strong>sceleribus</strong></span> <span class='ocrx_word' id='word_1_391' title='bbox 951 3686 1045 3739; x_wconf 90' lang='lat' dir='ltr'><strong>per</strong></span> <span class='ocrx_word' id='word_1_392' title='bbox 1069 3669 1359 3724; x_wconf 90' lang='lat' dir='ltr'><strong>istiusmodi</strong></span> <span class='ocrx_word' id='word_1_393' title='bbox 1387 3670 1613 3723; x_wconf 87' lang='lat' dir='ltr'><strong>studium</strong></span> <span class='ocrx_word' id='word_1_394' title='bbox 1642 3671 1695 3734; x_wconf 80' lang='lat'><strong>’,</strong></span> <span class='ocrx_word' id='word_1_395' title='bbox 1718 3685 1834 3737; x_wconf 70' lang='lat' dir='ltr'><strong>qua:</strong></span> <span class='ocrx_word' id='word_1_396' title='bbox 1859 3670 2011 3721; x_wconf 82' lang='lat' dir='ltr'><strong>nobis</strong></span> 
     </span>
    </p>
   </div>
   <div class='ocr_carea' id='block_1_58' title="bbox 429 3759 2007 3833">
    <p class='ocr_par' dir='ltr' id='par_1_58' title="bbox 429 3759 2007 3833">
     <span class='ocr_line' id='line_1_58' title="bbox 429 3759 2007 3833; baseline -0.003 -17"><span class='ocrx_word' id='word_1_397' title='bbox 429 3766 531 3817; x_wconf 88' lang='lat' dir='ltr'><strong>hoc</strong></span> <span class='ocrx_word' id='word_1_398' title='bbox 576 3779 717 3817; x_wconf 93' lang='lat' dir='ltr'><strong>anno</strong></span> <span class='ocrx_word' id='word_1_399' title='bbox 746 3778 1077 3833; x_wconf 85' lang='lat' dir='ltr'><strong>quocumque</strong></span> <span class='ocrx_word' id='word_1_400' title='bbox 1106 3760 1264 3814; x_wconf 91' lang='lat' dir='ltr'><strong>modo</strong></span> <span class='ocrx_word' id='word_1_401' title='bbox 1315 3760 1459 3813; x_wconf 91' lang='lat' dir='ltr'><strong>allita</strong></span> <span class='ocrx_word' id='word_1_402' title='bbox 1496 3759 1855 3819; x_wconf 78' lang='lat' dir='ltr'><strong>inlueserunt.</strong></span> <span class='ocrx_word' id='word_1_403' title='bbox 1887 3774 2007 3812; x_wconf 91' lang='lat' dir='ltr'><strong>eum</strong></span> 
     </span>
    </p>
   </div>
   <div class='ocr_carea' id='block_1_59' title="bbox 428 3849 2012 3921">
    <p class='ocr_par' dir='ltr' id='par_1_59' title="bbox 428 3849 2012 3921">
     <span class='ocr_line' id='line_1_59' title="bbox 428 3849 2012 3921; baseline -0.003 -15"><span class='ocrx_word' id='word_1_404' title='bbox 428 3853 693 3921; x_wconf 89' lang='lat' dir='ltr'><strong>spirituali</strong></span> <span class='ocrx_word' id='word_1_405' title='bbox 739 3853 929 3906; x_wconf 83' lang='lat' dir='ltr'><strong>fiducia</strong></span> <span class='ocrx_word' id='word_1_406' title='bbox 969 3853 1107 3905; x_wconf 90' lang='lat' dir='ltr'><strong>illius</strong></span> <span class='ocrx_word' id='word_1_407' title='bbox 1148 3850 1403 3903; x_wconf 90' lang='lat' dir='ltr'><strong>incruenti</strong></span> <span class='ocrx_word' id='word_1_408' title='bbox 1451 3850 1693 3903; x_wconf 90' lang='lat' dir='ltr'><strong>sacriﬁcii</strong></span> <span class='ocrx_word' id='word_1_409' title='bbox 1723 3849 2012 3918; x_wconf 89' lang='lat' dir='ltr'><strong>participes</strong></span> 
     </span>
    </p>
   </div>
   <div class='ocr_carea' id='block_1_60' title="bbox 430 3938 2014 4009">
    <p class='ocr_par' dir='ltr' id='par_1_60' title="bbox 430 3938 2014 4009">
     <span class='ocr_line' id='line_1_60' title="bbox 430 3938 2014 4009; baseline -0.004 -12"><span class='ocrx_word' id='word_1_410' title='bbox 430 3942 790 3997; x_wconf 87' lang='lat' dir='ltr'><strong>efﬁceremur.</strong></span> <span class='ocrx_word' id='word_1_411' title='bbox 820 3944 951 4009; x_wconf 78' lang='lat' dir='ltr'><strong>Quia</strong></span> <span class='ocrx_word' id='word_1_412' title='bbox 979 3942 1075 3995; x_wconf 90' lang='lat' dir='ltr'><strong>nisi</strong></span> <span class='ocrx_word' id='word_1_413' title='bbox 1102 3939 1150 3993; x_wconf 92' lang='lat' dir='ltr'><strong>id</strong></span> <span class='ocrx_word' id='word_1_414' title='bbox 1178 3954 1541 4007; x_wconf 78' lang='lat' dir='ltr'><strong>assequamur,</strong></span> <span class='ocrx_word' id='word_1_415' title='bbox 1571 3948 1769 3992; x_wconf 82' lang='lat' dir='ltr'><strong>temere</strong></span> <span class='ocrx_word' id='word_1_416' title='bbox 1796 3938 2014 3993; x_wconf 83' lang='lat' dir='ltr'><strong>frustra-</strong></span> 
     </span>
    </p>
   </div>
   <div class='ocr_carea' id='block_1_61' title="bbox 430 4028 2013 4101">
    <p class='ocr_par' dir='ltr' id='par_1_61' title="bbox 430 4028 2013 4101">
     <span class='ocr_line' id='line_1_61' title="bbox 430 4028 2013 4101; baseline -0.001 -19"><span class='ocrx_word' id='word_1_417' title='bbox 430 4048 535 4101; x_wconf 84' lang='lat' dir='ltr'><strong>que</strong></span> <span class='ocrx_word' id='word_1_418' title='bbox 578 4042 631 4085; x_wconf 91' lang='lat' dir='ltr'><strong>et</strong></span> <span class='ocrx_word' id='word_1_419' title='bbox 658 4048 778 4086; x_wconf 89' lang='lat' dir='ltr'><strong>cum</strong></span> <span class='ocrx_word' id='word_1_420' title='bbox 810 4034 952 4087; x_wconf 90' lang='lat' dir='ltr'><strong>nulla</strong></span> <span class='ocrx_word' id='word_1_421' title='bbox 980 4031 1198 4084; x_wconf 88' lang='lat' dir='ltr'><strong>utilitate</strong></span> <span class='ocrx_word' id='word_1_422' title='bbox 1228 4030 1358 4081; x_wconf 89' lang='lat' dir='ltr'><strong>tanti</strong></span> <span class='ocrx_word' id='word_1_423' title='bbox 1394 4029 1605 4083; x_wconf 86' lang='lat' dir='ltr'><strong>labores</strong></span> <span class='ocrx_word' id='word_1_424' title='bbox 1635 4028 1841 4082; x_wconf 86' lang='lat' dir='ltr'><strong>tolerati</strong></span> <span class='ocrx_word' id='word_1_425' title='bbox 1870 4038 2013 4083; x_wconf 91' lang='lat' dir='ltr'><strong>sunt.</strong></span> 
     </span>
    </p>
   </div>
   <div class='ocr_carea' id='block_1_62' title="bbox 430 4119 2017 4192">
    <p class='ocr_par' dir='ltr' id='par_1_62' title="bbox 430 4119 2017 4192">
     <span class='ocr_line' id='line_1_62' title="bbox 430 4119 2017 4192; baseline -0.001 -17"><span class='ocrx_word' id='word_1_426' title='bbox 430 4124 667 4192; x_wconf 81' lang='lat' dir='ltr'><strong>Quisque</strong></span> <span class='ocrx_word' id='word_1_427' title='bbox 702 4122 861 4191; x_wconf 80' lang='lat' dir='ltr'><strong>igitur</strong></span> <span class='ocrx_word' id='word_1_428' title='bbox 898 4137 1081 4177; x_wconf 86' lang='lat' dir='ltr'><strong>secum</strong></span> <span class='ocrx_word' id='word_1_429' title='bbox 1120 4128 1345 4190; x_wconf 87' lang='lat' dir='ltr'><strong>reputet,</strong></span> <span class='ocrx_word' id='word_1_430' title='bbox 1389 4134 1544 4189; x_wconf 90' lang='lat' dir='ltr'><strong>quem</strong></span> <span class='ocrx_word' id='word_1_431' title='bbox 1589 4119 1854 4173; x_wconf 78' lang='lat' dir='ltr'><strong>defectum</strong></span> <span class='ocrx_word' id='word_1_432' title='bbox 1894 4134 2017 4174; x_wconf 89' lang='lat' dir='ltr'><strong>cor-</strong></span> 
     </span>
    </p>
   </div>
   <div class='ocr_carea' id='block_1_63' title="bbox 434 4208 2018 4280">
    <p class='ocr_par' dir='ltr' id='par_1_63' title="bbox 434 4208 2018 4280">
     <span class='ocr_line' id='line_1_63' title="bbox 434 4208 2018 4280; baseline -0.003 -12"><span class='ocrx_word' id='word_1_433' title='bbox 434 4214 609 4274; x_wconf 83' lang='lat' dir='ltr'><strong>rexit,</strong></span> <span class='ocrx_word' id='word_1_434' title='bbox 644 4227 802 4280; x_wconf 82' lang='lat' dir='ltr'><strong>quam</strong></span> <span class='ocrx_word' id='word_1_435' title='bbox 830 4213 1077 4266; x_wconf 91' lang='lat' dir='ltr'><strong>virtutem</strong></span> <span class='ocrx_word' id='word_1_436' title='bbox 1109 4210 1416 4280; x_wconf 84' lang='lat' dir='ltr'><strong>acquisivit,</strong></span> <span class='ocrx_word' id='word_1_437' title='bbox 1448 4208 1585 4278; x_wconf 89' lang='lat' dir='ltr'><strong>quod</strong></span> <span class='ocrx_word' id='word_1_438' title='bbox 1617 4218 1889 4277; x_wconf 89' lang='lat' dir='ltr'><strong>peccatum</strong></span> <span class='ocrx_word' id='word_1_439' title='bbox 1921 4209 2018 4263; x_wconf 90' lang='lat' dir='ltr'><strong>de-</strong></span> 
     </span>
    </p>
   </div>
   <div class='ocr_carea' id='block_1_64' title="bbox 438 4298 2022 4372">
    <p class='ocr_par' dir='ltr' id='par_1_64' title="bbox 438 4298 2022 4372">
     <span class='ocr_line' id='line_1_64' title="bbox 438 4298 2022 4372; baseline 0 -19"><span class='ocrx_word' id='word_1_440' title='bbox 438 4303 646 4372; x_wconf 85' lang='lat' dir='ltr'><strong>posuit,</strong></span> <span class='ocrx_word' id='word_1_441' title='bbox 696 4316 851 4370; x_wconf 91' lang='lat' dir='ltr'><strong>quem</strong></span> <span class='ocrx_word' id='word_1_442' title='bbox 890 4316 1101 4355; x_wconf 74' lang='lat' dir='ltr'><strong>naevum</strong></span> <span class='ocrx_word' id='word_1_443' title='bbox 1142 4301 1305 4368; x_wconf 90' lang='lat' dir='ltr'><strong>eluit,</strong></span> <span class='ocrx_word' id='word_1_444' title='bbox 1355 4300 1641 4354; x_wconf 87' lang='lat' dir='ltr'><strong>secundum</strong></span> <span class='ocrx_word' id='word_1_445' title='bbox 1672 4298 1798 4369; x_wconf 92' lang='lat' dir='ltr'><strong>quid</strong></span> <span class='ocrx_word' id='word_1_446' title='bbox 1834 4300 2022 4355; x_wconf 91' lang='lat' dir='ltr'><strong>melior</strong></span> 
     </span>
    </p>
   </div>
   <div class='ocr_carea' id='block_1_65' title="bbox 438 4392 2020 4464">
    <p class='ocr_par' dir='ltr' id='par_1_65' title="bbox 438 4392 2020 4464">
     <span class='ocr_line' id='line_1_65' title="bbox 438 4392 2020 4464; baseline -0.001 -18"><span class='ocrx_word' id='word_1_447' title='bbox 438 4395 606 4446; x_wconf 64' lang='lat' dir='ltr'><strong>factus</strong></span> <span class='ocrx_word' id='word_1_448' title='bbox 630 4393 701 4445; x_wconf 92' lang='lat' dir='ltr'><strong>sit</strong></span> <span class='ocrx_word' id='word_1_449' title='bbox 725 4409 737 4443; x_wconf 90' lang='lat'><strong>:</strong></span> <span class='ocrx_word' id='word_1_450' title='bbox 767 4392 905 4460; x_wconf 85' lang='lat' dir='ltr'><strong>quod</strong></span> <span class='ocrx_word' id='word_1_451' title='bbox 931 4394 973 4445; x_wconf 91' lang='lat' dir='ltr'><strong>si</strong></span> <span class='ocrx_word' id='word_1_452' title='bbox 999 4394 1260 4449; x_wconf 85' lang='lat' dir='ltr'><strong>invenerit</strong></span> <span class='ocrx_word' id='word_1_453' title='bbox 1287 4393 1526 4464; x_wconf 90' lang='lat' dir='ltr'><strong>pulchras</strong></span> <span class='ocrx_word' id='word_1_454' title='bbox 1547 4392 1669 4445; x_wconf 89' lang='lat' dir='ltr'><strong>istas</strong></span> <span class='ocrx_word' id='word_1_455' title='bbox 1692 4406 1895 4446; x_wconf 79' lang='lat' dir='ltr'><strong>merces</strong></span> <span class='ocrx_word' id='word_1_456' title='bbox 1922 4392 2020 4445; x_wconf 90' lang='lat' dir='ltr'><strong>sibi</strong></span> 
     </span>
    </p>
   </div>
   <div class='ocr_carea' id='block_1_66' title="bbox 437 4482 2019 4553">
    <p class='ocr_par' dir='ltr' id='par_1_66' title="bbox 437 4482 2019 4553">
     <span class='ocr_line' id='line_1_66' title="bbox 437 4482 2019 4553; baseline -0.001 -15"><span class='ocrx_word' id='word_1_457' title='bbox 437 4502 499 4538; x_wconf 72' lang='lat' dir='ltr'><strong>ex</strong></span> <span class='ocrx_word' id='word_1_458' title='bbox 525 4483 727 4552; x_wconf 87' lang='lat' dir='ltr'><strong>jejunio</strong></span> <span class='ocrx_word' id='word_1_459' title='bbox 766 4482 1015 4535; x_wconf 89' lang='lat' dir='ltr'><strong>adauctas</strong></span> <span class='ocrx_word' id='word_1_460' title='bbox 1042 4498 1182 4547; x_wconf 82' lang='lat' dir='ltr'><strong>esse,</strong></span> <span class='ocrx_word' id='word_1_461' title='bbox 1224 4493 1505 4553; x_wconf 75' lang='lat' dir='ltr'><strong>certusque</strong></span> <span class='ocrx_word' id='word_1_462' title='bbox 1547 4484 1615 4537; x_wconf 89' lang='lat' dir='ltr'><strong>sit</strong></span> <span class='ocrx_word' id='word_1_463' title='bbox 1658 4483 1931 4551; x_wconf 89' lang='lat' dir='ltr'><strong>plurimam</strong></span> <span class='ocrx_word' id='word_1_464' title='bbox 1959 4496 2019 4536; x_wconf 88' lang='lat' dir='ltr'><strong>se</strong></span> 
     </span>
    </p>
   </div>
   <div class='ocr_carea' id='block_1_67' title="bbox 440 4573 2021 4642">
    <p class='ocr_par' dir='ltr' id='par_1_67' title="bbox 440 4573 2021 4642">
     <span class='ocr_line' id='line_1_67' title="bbox 440 4573 2021 4642; baseline -0.001 -13"><span class='ocrx_word' id='word_1_465' title='bbox 440 4574 747 4629; x_wconf 77' lang='lat' dir='ltr'><strong>vulneribus</strong></span> <span class='ocrx_word' id='word_1_466' title='bbox 773 4573 1079 4627; x_wconf 88' lang='lat' dir='ltr'><strong>adhibuisse</strong></span> <span class='ocrx_word' id='word_1_467' title='bbox 1105 4588 1320 4642; x_wconf 91' lang='lat' dir='ltr'><strong>curam,</strong></span> <span class='ocrx_word' id='word_1_468' title='bbox 1350 4576 1588 4630; x_wconf 88' lang='lat' dir='ltr'><strong>accedat.</strong></span> <span class='ocrx_word' id='word_1_469' title='bbox 1618 4574 1766 4639; x_wconf 79' lang='lat' dir='ltr'><strong>Quod</strong></span> <span class='ocrx_word' id='word_1_470' title='bbox 1794 4575 1835 4628; x_wconf 90' lang='lat' dir='ltr'><strong>si</strong></span> <span class='ocrx_word' id='word_1_471' title='bbox 1866 4574 2021 4628; x_wconf 87' lang='lat' dir='ltr'><strong>isthic</strong></span> 
     </span>
    </p>
   </div>
   <div class='ocr_carea' id='block_1_68' title="bbox 442 4664 2022 4737">
    <p class='ocr_par' dir='ltr' id='par_1_68' title="bbox 442 4664 2022 4737">
     <span class='ocr_line' id='line_1_68' title="bbox 442 4664 2022 4737; baseline -0.003 -14"><span class='ocrx_word' id='word_1_472' title='bbox 442 4667 731 4737; x_wconf 77' lang='lat' dir='ltr'><strong>negligens,</strong></span> <span class='ocrx_word' id='word_1_473' title='bbox 754 4665 923 4721; x_wconf 92' lang='lat' dir='ltr'><strong>solum</strong></span> <span class='ocrx_word' id='word_1_474' title='bbox 941 4664 1197 4734; x_wconf 90' lang='lat' dir='ltr'><strong>jejunium</strong></span> <span class='ocrx_word' id='word_1_475' title='bbox 1216 4675 1484 4722; x_wconf 87' lang='lat' dir='ltr'><strong>ostentare</strong></span> <span class='ocrx_word' id='word_1_476' title='bbox 1503 4671 1713 4737; x_wconf 85' lang='lat' dir='ltr'><strong>poterit,</strong></span> <span class='ocrx_word' id='word_1_477' title='bbox 1727 4683 1821 4722; x_wconf 89' lang='lat' dir='ltr'><strong>nec</strong></span> <span class='ocrx_word' id='word_1_478' title='bbox 1839 4668 1888 4721; x_wconf 93' lang='lat' dir='ltr'><strong>iu</strong></span> <span class='ocrx_word' id='word_1_479' title='bbox 1904 4666 2022 4719; x_wconf 90' lang='lat' dir='ltr'><strong>ullis</strong></span> 
     </span>
    </p>
   </div>
   <div class='ocr_carea' id='block_1_69' title="bbox 440 4757 2021 4828">
    <p class='ocr_par' dir='ltr' id='par_1_69' title="bbox 440 4757 2021 4828">
     <span class='ocr_line' id='line_1_69' title="bbox 440 4757 2021 4828; baseline -0.003 -14"><span class='ocrx_word' id='word_1_480' title='bbox 440 4762 556 4814; x_wconf 89' lang='lat' dir='ltr'><strong>aliis</strong></span> <span class='ocrx_word' id='word_1_481' title='bbox 584 4759 742 4813; x_wconf 78' lang='lat' dir='ltr'><strong>rebus</strong></span> <span class='ocrx_word' id='word_1_482' title='bbox 781 4773 839 4812; x_wconf 93' lang='lat' dir='ltr'><strong>se</strong></span> <span class='ocrx_word' id='word_1_483' title='bbox 880 4757 1266 4826; x_wconf 72' lang='lat' dir='ltr'><strong>castigatiorem</strong></span> <span class='ocrx_word' id='word_1_484' title='bbox 1318 4757 1514 4813; x_wconf 87' lang='lat' dir='ltr'><strong>factum</strong></span> <span class='ocrx_word' id='word_1_485' title='bbox 1561 4760 1781 4826; x_wconf 87' lang='lat' dir='ltr'><strong>probare</strong></span> <span class='ocrx_word' id='word_1_486' title='bbox 1812 4760 2021 4828; x_wconf 89' lang='lat' dir='ltr'><strong>poterit,</strong></span> 
     </span>
    </p>
   </div>
   <div class='ocr_carea' id='block_1_70' title="bbox 446 4849 2034 4920">
    <p class='ocr_par' dir='ltr' id='par_1_70' title="bbox 446 4849 2034 4920">
     <span class='ocr_line' id='line_1_70' title="bbox 446 4849 2034 4920; baseline -0.003 -13"><span class='ocrx_word' id='word_1_487' title='bbox 446 4852 570 4907; x_wconf 90' lang='lat' dir='ltr'><strong>loris</strong></span> <span class='ocrx_word' id='word_1_488' title='bbox 592 4859 819 4915; x_wconf 89' lang='lat' dir='ltr'><strong>maneat,</strong></span> <span class='ocrx_word' id='word_1_489' title='bbox 843 4865 906 4905; x_wconf 89' lang='lat' dir='ltr'><strong>ac</strong></span> <span class='ocrx_word' id='word_1_490' title='bbox 927 4861 1035 4904; x_wconf 92' lang='lat' dir='ltr'><strong>tum</strong></span> <span class='ocrx_word' id='word_1_491' title='bbox 1060 4849 1303 4913; x_wconf 88' lang='lat' dir='ltr'><strong>introeat,</strong></span> <span class='ocrx_word' id='word_1_492' title='bbox 1328 4864 1447 4904; x_wconf 89' lang='lat' dir='ltr'><strong>cmn</strong></span> <span class='ocrx_word' id='word_1_493' title='bbox 1475 4868 1533 4905; x_wconf 91' lang='lat' dir='ltr'><strong>se</strong></span> <span class='ocrx_word' id='word_1_494' title='bbox 1554 4854 1618 4907; x_wconf 90' lang='lat' dir='ltr'><strong>ab</strong></span> <span class='ocrx_word' id='word_1_495' title='bbox 1644 4853 1887 4907; x_wconf 85' lang='lat' dir='ltr'><strong>munibus</strong></span> <span class='ocrx_word' id='word_1_496' title='bbox 1910 4864 2034 4920; x_wconf 89' lang='lat' dir='ltr'><strong>pec-</strong></span> 
     </span>
    </p>
   </div>
   <div class='ocr_carea' id='block_1_71' title="bbox 449 4939 2027 5011">
    <p class='ocr_par' dir='ltr' id='par_1_71' title="bbox 449 4939 2027 5011">
     <span class='ocr_line' id='line_1_71' title="bbox 449 4939 2027 5011; baseline -0.002 -13"><span class='ocrx_word' id='word_1_497' title='bbox 449 4942 584 4999; x_wconf 83' lang='lat' dir='ltr'><strong>catis</strong></span> <span class='ocrx_word' id='word_1_498' title='bbox 606 4943 929 5010; x_wconf 81' lang='lat' dir='ltr'><strong>exptlrgarit.</strong></span> <span class='ocrx_word' id='word_1_499' title='bbox 963 4939 981 5011; x_wconf 93' lang='lat'>(</span> <span class='ocrx_word' id='word_1_500' title='bbox 1005 4939 1185 4994; x_wconf 84' lang='lat' dir='ltr'><strong>Nullus</strong></span> <span class='ocrx_word' id='word_1_501' title='bbox 1216 4940 1265 4992; x_wconf 91' lang='lat' dir='ltr'><strong>in</strong></span> <span class='ocrx_word' id='word_1_502' title='bbox 1295 4941 1409 4993; x_wconf 81' lang='lat' dir='ltr'><strong>solo</strong></span> <span class='ocrx_word' id='word_1_503' title='bbox 1434 4942 1636 5010; x_wconf 77' lang='lat' dir='ltr'><strong>jejunio</strong></span> <span class='ocrx_word' id='word_1_504' title='bbox 1667 4943 1907 4997; x_wconf 70' lang='lat' dir='ltr'><strong>ﬁduciam</strong></span> <span class='ocrx_word' id='word_1_505' title='bbox 1935 4940 2027 4995; x_wconf 83' lang='lat' dir='ltr'><strong>ha-</strong></span> 
     </span>
    </p>
   </div>
   <div class='ocr_carea' id='block_1_72' title="bbox 453 5029 2032 5103">
    <p class='ocr_par' dir='ltr' id='par_1_72' title="bbox 453 5029 2032 5103">
     <span class='ocr_line' id='line_1_72' title="bbox 453 5029 2032 5103; baseline -0.004 -13"><span class='ocrx_word' id='word_1_506' title='bbox 453 5036 606 5098; x_wconf 90' lang='lat' dir='ltr'><strong>beat,</strong></span> <span class='ocrx_word' id='word_1_507' title='bbox 637 5030 725 5101; x_wconf 89' lang='lat' dir='ltr'><strong>qui</strong></span> <span class='ocrx_word' id='word_1_508' title='bbox 759 5031 900 5085; x_wconf 88' lang='lat' dir='ltr'><strong>vitiis</strong></span> <span class='ocrx_word' id='word_1_509' title='bbox 946 5032 1061 5086; x_wconf 90' lang='lat' dir='ltr'><strong>sine</strong></span> <span class='ocrx_word' id='word_1_510' title='bbox 1101 5029 1475 5086; x_wconf 89' lang='lat' dir='ltr'><strong>emendationc</strong></span> <span class='ocrx_word' id='word_1_511' title='bbox 1524 5033 1749 5087; x_wconf 72' lang='lat' dir='ltr'><strong>iuhmsit.</strong></span> <span class='ocrx_word' id='word_1_512' title='bbox 1782 5035 1799 5103; x_wconf 90' lang='lat'><strong>)</strong></span> <span class='ocrx_word' id='word_1_513' title='bbox 1830 5033 1900 5102; x_wconf 88' lang='lat' dir='ltr'><strong>(b)</strong></span> <span class='ocrx_word' id='word_1_514' title='bbox 1930 5031 2032 5087; x_wconf 83' lang='lat' dir='ltr'><strong>Fas</strong></span> 
     </span>
    </p>
   </div>
   <div class='ocr_carea' id='block_1_73' title="bbox 456 5121 2031 5192">
    <p class='ocr_par' dir='ltr' id='par_1_73' title="bbox 456 5121 2031 5192">
     <span class='ocr_line' id='line_1_73' title="bbox 456 5121 2031 5192; baseline -0.003 -12"><span class='ocrx_word' id='word_1_515' title='bbox 456 5126 593 5181; x_wconf 89' lang='lat' dir='ltr'><strong>enim</strong></span> <span class='ocrx_word' id='word_1_516' title='bbox 622 5130 702 5176; x_wconf 90' lang='lat' dir='ltr'><strong>est</strong></span> <span class='ocrx_word' id='word_1_517' title='bbox 725 5137 844 5175; x_wconf 88' lang='lat' dir='ltr'><strong>eum</strong></span> <span class='ocrx_word' id='word_1_518' title='bbox 864 5162 879 5186; x_wconf 97' lang='lat'><strong>,</strong></span> <span class='ocrx_word' id='word_1_519' title='bbox 902 5122 991 5191; x_wconf 86' lang='lat' dir='ltr'><strong>qui</strong></span> <span class='ocrx_word' id='word_1_520' title='bbox 1032 5137 1134 5176; x_wconf 93' lang='lat' dir='ltr'><strong>nou</strong></span> <span class='ocrx_word' id='word_1_521' title='bbox 1158 5121 1497 5191; x_wconf 87' lang='lat' dir='ltr'><strong>jejunaverit,</strong></span> <span class='ocrx_word' id='word_1_522' title='bbox 1542 5124 1748 5177; x_wconf 83' lang='lat' dir='ltr'><strong>veniam</strong></span> <span class='ocrx_word' id='word_1_523' title='bbox 1780 5121 2031 5192; x_wconf 89' lang='lat' dir='ltr'><strong>consequi</strong></span> 
     </span>
    </p>
   </div>
   <div class='ocr_carea' id='block_1_74' title="bbox 520 5292 2036 5359">
    <p class='ocr_par' dir='ltr' id='par_1_74' title="bbox 520 5292 2036 5359">
     <span class='ocr_line' id='line_1_74' title="bbox 520 5292 2036 5359; baseline -0.003 -10"><span class='ocrx_word' id='word_1_524' title='bbox 520 5305 537 5335; x_wconf 71' lang='grc' dir='ltr'><strong>ι</strong></span> <span class='ocrx_word' id='word_1_525' title='bbox 572 5310 671 5349; x_wconf 80' lang='lat' dir='ltr'><strong>Sav.</strong></span> <span class='ocrx_word' id='word_1_526' title='bbox 699 5298 745 5345; x_wconf 92' lang='lat' dir='ltr'><strong>in</strong></span> <span class='ocrx_word' id='word_1_527' title='bbox 768 5298 988 5359; x_wconf 82' lang='lat' dir='ltr'><strong>margine</strong></span> <span class='ocrx_word' id='word_1_528' title='bbox 1016 5306 1065 5347; x_wconf 89' lang='lat' dir='ltr'><strong>et</strong></span> <span class='ocrx_word' id='word_1_529' title='bbox 1089 5297 1271 5359; x_wconf 87' lang='lat' dir='ltr'><strong>aliquot</strong></span> <span class='ocrx_word' id='word_1_530' title='bbox 1292 5301 1418 5353; x_wconf 73' lang='lat' dir='ltr'><strong>Mss,</strong></span> <span class='ocrx_word' id='word_1_531' title='bbox 1444 5292 1785 5355; x_wconf 73' lang='lat' dir='ltr'><strong>compellamus</strong></span> <span class='ocrx_word' id='word_1_532' title='bbox 1807 5310 1908 5355; x_wconf 79' lang='lat' dir='ltr'><strong>nos,</strong></span> <span class='ocrx_word' id='word_1_533' title='bbox 1938 5295 2036 5355; x_wconf 90' lang='lat' dir='ltr'><strong>vcl,</strong></span> 
     </span>
    </p>
   </div>
   <div class='ocr_carea' id='block_1_75' title="bbox 458 5358 1337 5416">
    <p class='ocr_par' dir='ltr' id='par_1_75' title="bbox 458 5358 1337 5416">
     <span class='ocr_line' id='line_1_75' title="bbox 458 5358 1337 5416; baseline -0.014 0"><span class='ocrx_word' id='word_1_534' title='bbox 458 5362 740 5416; x_wconf 81' lang='lat' dir='ltr'><strong>concitemus</strong></span> <span class='ocrx_word' id='word_1_535' title='bbox 759 5359 823 5405; x_wconf 84' lang='lat' dir='ltr'><strong>ad</strong></span> <span class='ocrx_word' id='word_1_536' title='bbox 841 5358 1075 5416; x_wconf 75' lang='lat' dir='ltr'><strong>majorem</strong></span> <span class='ocrx_word' id='word_1_537' title='bbox 1100 5358 1337 5408; x_wconf 66' lang='lat' dir='ltr'><strong>virtutem.</strong></span> 
     </span>
    </p>
   </div>
   <div class='ocr_carea' id='block_1_76' title="bbox 523 5416 2043 5483">
    <p class='ocr_par' dir='ltr' id='par_1_76' title="bbox 523 5416 2043 5483">
     <span class='ocr_line' id='line_1_76' title="bbox 523 5416 2043 5483; baseline -0.004 -10"><span class='ocrx_word' id='word_1_538' title='bbox 523 5429 544 5457; x_wconf 74' lang='grc'>³</span> <span class='ocrx_word' id='word_1_539' title='bbox 576 5420 734 5473; x_wconf 64' lang='grc' dir='ltr'><strong>Μίνωι.</strong></span> <span class='ocrx_word' id='word_1_540' title='bbox 757 5426 808 5468; x_wconf 87' lang='lat' dir='ltr'><strong>et</strong></span> <span class='ocrx_word' id='word_1_541' title='bbox 828 5420 1021 5480; x_wconf 82' lang='lat' dir='ltr'><strong>quidam</strong></span> <span class='ocrx_word' id='word_1_542' title='bbox 1046 5427 1173 5479; x_wconf 44' lang='lat' dir='ltr'><strong>Mss“</strong></span> <span class='ocrx_word' id='word_1_543' title='bbox 1197 5434 1284 5483; x_wconf 87' lang='lat' dir='ltr'><strong>per</strong></span> <span class='ocrx_word' id='word_1_544' title='bbox 1307 5416 1525 5470; x_wconf 85' lang='lat' dir='ltr'><strong>studium</strong></span> <span class='ocrx_word' id='word_1_545' title='bbox 1548 5416 1823 5465; x_wconf 83' lang='lat' dir='ltr'><strong>divinorum</strong></span> <span class='ocrx_word' id='word_1_546' title='bbox 1839 5420 2043 5469; x_wconf 82' lang='lat' dir='ltr'><strong>manda-</strong></span> 
     </span>
    </p>
   </div>
   <div class='ocr_carea' id='block_1_77' title="bbox 461 5496 635 5539">
    <p class='ocr_par' dir='ltr' id='par_1_77' title="bbox 461 5496 635 5539">
     <span class='ocr_line' id='line_1_77' title="bbox 461 5496 635 5539; baseline -0.034 0"><span class='ocrx_word' id='word_1_547' title='bbox 461 5496 635 5539; x_wconf 83' lang='lat' dir='ltr'><strong>torum.</strong></span> 
     </span>
    </p>
   </div>
   <div class='ocr_carea' id='block_1_78' title="bbox 527 5538 2038 5611">
    <p class='ocr_par' dir='ltr' id='par_1_78' title="bbox 527 5538 2038 5611">
     <span class='ocr_line' id='line_1_78' title="bbox 527 5538 2038 5611; baseline -0.002 -21"><span class='ocrx_word' id='word_1_548' title='bbox 527 5550 601 5611; x_wconf 85' lang='grc' dir='ltr'><strong>(α)</strong></span> <span class='ocrx_word' id='word_1_549' title='bbox 633 5538 1151 5611; x_wconf 54' lang='grc' dir='ltr'><strong>ῃξᾳιιοξῃῇἰα-ρρῌιιιε</strong></span> <span class='ocrx_word' id='word_1_550' title='bbox 1187 5550 1264 5592; x_wconf 92' lang='lat' dir='ltr'><strong>est</strong></span> <span class='ocrx_word' id='word_1_551' title='bbox 1301 5555 1411 5611; x_wconf 74' lang='lat' dir='ltr'><strong>cum</strong></span> <span class='ocrx_word' id='word_1_552' title='bbox 1436 5540 1689 5611; x_wconf 54' lang='lat' dir='ltr'><strong>radiculas</strong></span> <span class='ocrx_word' id='word_1_553' title='bbox 1716 5540 2038 5611; x_wconf 43' lang='lat' dir='ltr'><strong>“egressas,</strong></span> 
     </span>
    </p>
   </div>
   <div class='ocr_carea' id='block_1_79' title="bbox 466 5601 2039 5667">
    <p class='ocr_par' dir='ltr' id='par_1_79' title="bbox 466 5601 2039 5667">
     <span class='ocr_line' id='line_1_79' title="bbox 466 5601 2039 5667; baseline -0.008 -8"><span class='ocrx_word' id='word_1_554' title='bbox 466 5601 603 5667; x_wconf 64' lang='lat'><strong>1938&#39;,</strong></span> <span class='ocrx_word' id='word_1_555' title='bbox 626 5606 714 5657; x_wconf 60' lang='lat'><strong>2&amp;2</strong></span> <span class='ocrx_word' id='word_1_556' title='bbox 726 5605 764 5667; x_wconf 68' lang='grc' dir='ltr'>ι,</span> <span class='ocrx_word' id='word_1_557' title='bbox 778 5601 1083 5667; x_wconf 29' lang='grc' dir='ltr'><strong>Ἅβελ-βοῶ,</strong></span> <span class='ocrx_word' id='word_1_558' title='bbox 1107 5612 1159 5653; x_wconf 91' lang='lat' dir='ltr'><strong>ct</strong></span> <span class='ocrx_word' id='word_1_559' title='bbox 1180 5617 1291 5652; x_wconf 91' lang='lat' dir='ltr'><strong>cum</strong></span> <span class='ocrx_word' id='word_1_560' title='bbox 1313 5603 1586 5653; x_wconf 83' lang='lat' dir='ltr'><strong>Colbcrtino</strong></span> <span class='ocrx_word' id='word_1_561' title='bbox 1603 5602 1710 5659; x_wconf 74' lang='grc' dir='ltr'><strong>ΞΠ,</strong></span> <span class='ocrx_word' id='word_1_562' title='bbox 1747 5602 1919 5649; x_wconf 85' lang='lat' dir='ltr'><strong>additis</strong></span> <span class='ocrx_word' id='word_1_563' title='bbox 1936 5611 2039 5649; x_wconf 78' lang='lat' dir='ltr'><strong>sav.</strong></span> 
     </span>
    </p>
   </div>
   <div class='ocr_carea' id='block_1_80' title="bbox 466 5663 1044 5723">
    <p class='ocr_par' dir='ltr' id='par_1_80' title="bbox 466 5663 1044 5723">
     <span class='ocr_line' id='line_1_80' title="bbox 466 5663 1044 5723; baseline -0.028 1"><span class='ocrx_word' id='word_1_564' title='bbox 466 5684 519 5723; x_wconf 90' lang='lat' dir='ltr'><strong>et</strong></span> <span class='ocrx_word' id='word_1_565' title='bbox 542 5663 718 5723; x_wconf 73' lang='lat' dir='ltr'><strong>Metelli</strong></span> <span class='ocrx_word' id='word_1_566' title='bbox 742 5663 1044 5714; x_wconf 88' lang='lat' dir='ltr'><strong>lectionibus.</strong></span> 
     </span>
    </p>
   </div>
   <div class='ocr_carea' id='block_1_81' title="bbox 527 5721 2046 5796">
    <p class='ocr_par' dir='ltr' id='par_1_81' title="bbox 527 5721 2046 5796">
     <span class='ocr_line' id='line_1_81' title="bbox 527 5721 2046 5796; baseline -0.006 -16"><span class='ocrx_word' id='word_1_567' title='bbox 527 5721 601 5796; x_wconf 65' lang='lat' dir='ltr'><strong>(bj</strong></span> <span class='ocrx_word' id='word_1_568' title='bbox 633 5740 743 5791; x_wconf 64' lang='lat' dir='ltr'><strong>quae</strong></span> <span class='ocrx_word' id='word_1_569' title='bbox 766 5724 1567 5796; x_wconf 35' lang='lat' dir='ltr'><strong>intra.parenthesm_clauduntur,</strong></span> <span class='ocrx_word' id='word_1_570' title='bbox 1595 5725 1720 5796; x_wconf 87' lang='lat' dir='ltr'><strong>_savil</strong></span> <span class='ocrx_word' id='word_1_571' title='bbox 1779 5730 1828 5774; x_wconf 89' lang='lat' dir='ltr'><strong>ct</strong></span> <span class='ocrx_word' id='word_1_572' title='bbox 1865 5721 2046 5789; x_wconf 79' lang='lat' dir='ltr'><strong>aliquot</strong></span> 
     </span>
    </p>
   </div>
   <div class='ocr_carea' id='block_1_82' title="bbox 474 5786 1629 5855">
    <p class='ocr_par' dir='ltr' id='par_1_82' title="bbox 474 5786 1629 5855">
     <span class='ocr_line' id='line_1_82' title="bbox 474 5786 1629 5855; baseline -0.023 -10"><span class='ocrx_word' id='word_1_573' title='bbox 474 5786 865 5855; x_wconf 63' lang='lat' dir='ltr'><strong>tiss&#39;posucrunt</strong></span> <span class='ocrx_word' id='word_1_574' title='bbox 886 5788 934 5835; x_wconf 90' lang='lat' dir='ltr'><strong>in</strong></span> <span class='ocrx_word' id='word_1_575' title='bbox 957 5798 1109 5847; x_wconf 81' lang='lat' dir='ltr'><strong>marg.</strong></span> <span class='ocrx_word' id='word_1_576' title='bbox 1136 5800 1149 5842; x_wconf 85' lang='lat'><strong>;</strong></span> <span class='ocrx_word' id='word_1_577' title='bbox 1175 5786 1263 5835; x_wconf 73' lang='lat' dir='ltr'><strong>sed</strong></span> <span class='ocrx_word' id='word_1_578' title='bbox 1287 5789 1448 5836; x_wconf 58' lang='lat' dir='ltr'><strong>omisi;</strong></span> <span class='ocrx_word' id='word_1_579' title='bbox 1466 5788 1629 5837; x_wconf 54' lang='lat' dir='ltr'><strong>Morcp</strong></span> 
     </span>
    </p>
   </div>
   <div class='ocr_carea' id='block_1_83' title="bbox 2117 2854 3696 2931">
    <p class='ocr_par' dir='ltr' id='par_1_83' title="bbox 2117 2854 3696 2931">
     <span class='ocr_line' id='line_1_83' title="bbox 2117 2854 3696 2931; baseline 0.006 -23"><span class='ocrx_word' id='word_1_580' title='bbox 2117 2863 2363 2909; x_wconf 87' lang='lat' dir='ltr'><strong>excusata</strong></span> <span class='ocrx_word' id='word_1_581' title='bbox 2387 2854 2635 2910; x_wconf 87' lang='lat' dir='ltr'><strong>nimirum</strong></span> <span class='ocrx_word' id='word_1_582' title='bbox 2668 2858 2913 2927; x_wconf 89' lang='lat' dir='ltr'><strong>corporis</strong></span> <span class='ocrx_word' id='word_1_583' title='bbox 2941 2858 3341 2915; x_wconf 87' lang='lat' dir='ltr'><strong>imbecillitate:</strong></span> <span class='ocrx_word' id='word_1_584' title='bbox 3364 2861 3407 2916; x_wconf 90' lang='lat' dir='ltr'><strong>is</strong></span> <span class='ocrx_word' id='word_1_585' title='bbox 3433 2876 3579 2926; x_wconf 79' lang='lat' dir='ltr'><strong>vero,</strong></span> <span class='ocrx_word' id='word_1_586' title='bbox 3606 2864 3696 2931; x_wconf 90' lang='lat' dir='ltr'><strong>qui</strong></span> 
     </span>
    </p>
   </div>
   <div class='ocr_carea' id='block_1_84' title="bbox 2119 2946 3698 3020">
    <p class='ocr_par' dir='ltr' id='par_1_84' title="bbox 2119 2946 3698 3020">
     <span class='ocr_line' id='line_1_84' title="bbox 2119 2946 3698 3020; baseline 0.008 -23"><span class='ocrx_word' id='word_1_587' title='bbox 2119 2961 2223 2997; x_wconf 86' lang='lat' dir='ltr'><strong>non</strong></span> <span class='ocrx_word' id='word_1_588' title='bbox 2259 2946 2597 3015; x_wconf 79' lang='lat' dir='ltr'><strong>castigaverit</strong></span> <span class='ocrx_word' id='word_1_589' title='bbox 2638 2948 2833 3003; x_wconf 89' lang='lat' dir='ltr'><strong>delicta</strong></span> <span class='ocrx_word' id='word_1_590' title='bbox 2858 2990 2874 3017; x_wconf 93' lang='lat'><strong>,</strong></span> <span class='ocrx_word' id='word_1_591' title='bbox 2928 2948 3257 3020; x_wconf 89' lang='lat' dir='ltr'><strong>impossibile</strong></span> <span class='ocrx_word' id='word_1_592' title='bbox 3283 2962 3367 3007; x_wconf 89' lang='lat' dir='ltr'><strong>est</strong></span> <span class='ocrx_word' id='word_1_593' title='bbox 3389 2993 3404 3018; x_wconf 92' lang='lat'><strong>,</strong></span> <span class='ocrx_word' id='word_1_594' title='bbox 3450 2964 3507 3008; x_wconf 89' lang='lat' dir='ltr'><strong>ut</strong></span> <span class='ocrx_word' id='word_1_595' title='bbox 3536 2956 3698 3009; x_wconf 82' lang='lat' dir='ltr'><strong>ullam</strong></span> 
     </span>
    </p>
   </div>
   <div class='ocr_carea' id='block_1_85' title="bbox 2116 3037 2798 3093">
    <p class='ocr_par' dir='ltr' id='par_1_85' title="bbox 2116 3037 2798 3093">
     <span class='ocr_line' id='line_1_85' title="bbox 2116 3037 2798 3093; baseline 0.001 -3"><span class='ocrx_word' id='word_1_596' title='bbox 2116 3037 2512 3091; x_wconf 90' lang='lat' dir='ltr'><strong>excusationem</strong></span> <span class='ocrx_word' id='word_1_597' title='bbox 2541 3038 2798 3093; x_wconf 88' lang='lat' dir='ltr'><strong>instituat.</strong></span> 
     </span>
    </p>
   </div>
   <div class='ocr_carea' id='block_1_86' title="bbox 2188 3127 3702 3204">
    <p class='ocr_par' dir='ltr' id='par_1_86' title="bbox 2188 3127 3702 3204">
     <span class='ocr_line' id='line_1_86' title="bbox 2188 3127 3702 3204; baseline 0.007 -25"><span class='ocrx_word' id='word_1_598' title='bbox 2188 3127 2231 3179; x_wconf 84' lang='grc' dir='ltr'><em>Α</em></span> <span class='ocrx_word' id='word_1_599' title='bbox 2263 3129 2442 3193; x_wconf 83' lang='lat' dir='ltr'><strong>quibus</strong></span> <span class='ocrx_word' id='word_1_600' title='bbox 2468 3130 2733 3200; x_wconf 79' lang='lat' dir='ltr'><strong>prwceptis</strong></span> <span class='ocrx_word' id='word_1_601' title='bbox 2780 3131 3041 3185; x_wconf 82' lang='lat' dir='ltr'><strong>servandis</strong></span> <span class='ocrx_word' id='word_1_602' title='bbox 3064 3141 3271 3186; x_wconf 72' lang='lat' dir='ltr'><strong>excusat</strong></span> <span class='ocrx_word' id='word_1_603' title='bbox 3302 3135 3527 3204; x_wconf 82' lang='lat' dir='ltr'><strong>corporis</strong></span> <span class='ocrx_word' id='word_1_604' title='bbox 3552 3136 3702 3204; x_wconf 75' lang='lat' dir='ltr'><strong>inﬁr-</strong></span> 
     </span>
    </p>
   </div>
   <div class='ocr_carea' id='block_1_87' title="bbox 2116 3218 3697 3295">
    <p class='ocr_par' dir='ltr' id='par_1_87' title="bbox 2116 3218 3697 3295">
     <span class='ocr_line' id='line_1_87' title="bbox 2116 3218 3697 3295; baseline 0.011 -28"><span class='ocrx_word' id='word_1_605' title='bbox 2116 3219 2359 3270; x_wconf 83' lang='lat' dir='ltr'><strong>mitas.——</strong></span> <span class='ocrx_word' id='word_1_606' title='bbox 2378 3218 2754 3288; x_wconf 89' lang='lat' dir='ltr'><strong>Nonjcjunasti</strong></span> <span class='ocrx_word' id='word_1_607' title='bbox 2780 3222 2848 3276; x_wconf 94' lang='lat' dir='ltr'><strong>ob</strong></span> <span class='ocrx_word' id='word_1_608' title='bbox 2867 3223 3107 3291; x_wconf 90' lang='lat' dir='ltr'><strong>corporis</strong></span> <span class='ocrx_word' id='word_1_609' title='bbox 3133 3224 3493 3281; x_wconf 89' lang='lat' dir='ltr'><strong>inﬁrmitatem</strong></span> <span class='ocrx_word' id='word_1_610' title='bbox 3523 3229 3575 3295; x_wconf 85' lang='grc'><strong>¹;</strong></span> <span class='ocrx_word' id='word_1_611' title='bbox 3603 3230 3697 3283; x_wconf 87' lang='lat' dir='ltr'><strong>sed</strong></span> 
     </span>
    </p>
   </div>
   <div class='ocr_carea' id='block_1_88' title="bbox 2115 3308 3700 3374">
    <p class='ocr_par' dir='ltr' id='par_1_88' title="bbox 2115 3308 3700 3374">
     <span class='ocr_line' id='line_1_88' title="bbox 2115 3308 3700 3374; baseline 0.008 -12"><span class='ocrx_word' id='word_1_612' title='bbox 2115 3308 2199 3363; x_wconf 88' lang='lat' dir='ltr'><strong>dic</strong></span> <span class='ocrx_word' id='word_1_613' title='bbox 2227 3310 2354 3363; x_wconf 92' lang='lat' dir='ltr'><strong>mihi</strong></span> <span class='ocrx_word' id='word_1_614' title='bbox 2376 3351 2389 3373; x_wconf 89' lang='lat'><strong>,</strong></span> <span class='ocrx_word' id='word_1_615' title='bbox 2416 3326 2511 3365; x_wconf 87' lang='lat' dir='ltr'><strong>cur</strong></span> <span class='ocrx_word' id='word_1_616' title='bbox 2540 3312 2769 3367; x_wconf 90' lang='lat' dir='ltr'><strong>inimicis</strong></span> <span class='ocrx_word' id='word_1_617' title='bbox 2806 3314 2911 3367; x_wconf 92' lang='lat' dir='ltr'><strong>tuis</strong></span> <span class='ocrx_word' id='word_1_618' title='bbox 2954 3315 3329 3369; x_wconf 89' lang='lat' dir='ltr'><strong>reconciliatus</strong></span> <span class='ocrx_word' id='word_1_619' title='bbox 3358 3333 3465 3371; x_wconf 87' lang='lat' dir='ltr'><strong>non</strong></span> <span class='ocrx_word' id='word_1_620' title='bbox 3491 3318 3594 3372; x_wconf 82' lang='lat' dir='ltr'><strong>es?</strong></span> <span class='ocrx_word' id='word_1_621' title='bbox 3631 3334 3700 3374; x_wconf 92' lang='lat' dir='ltr'><strong>an</strong></span> 
     </span>
    </p>
   </div>
   <div class='ocr_carea' id='block_1_89' title="bbox 2118 3398 3700 3477">
    <p class='ocr_par' dir='ltr' id='par_1_89' title="bbox 2118 3398 3700 3477">
     <span class='ocr_line' id='line_1_89' title="bbox 2118 3398 3700 3477; baseline 0.009 -25"><span class='ocrx_word' id='word_1_622' title='bbox 2118 3398 2207 3454; x_wconf 90' lang='lat' dir='ltr'><strong>hic</strong></span> <span class='ocrx_word' id='word_1_623' title='bbox 2256 3399 2420 3456; x_wconf 90' lang='lat' dir='ltr'><strong>habes</strong></span> <span class='ocrx_word' id='word_1_624' title='bbox 2470 3402 2612 3457; x_wconf 85' lang='lat' dir='ltr'><strong>unde</strong></span> <span class='ocrx_word' id='word_1_625' title='bbox 2659 3406 2960 3474; x_wconf 64' lang='lat' dir='ltr'><strong>prietendas</strong></span> <span class='ocrx_word' id='word_1_626' title='bbox 3001 3409 3243 3477; x_wconf 90' lang='lat' dir='ltr'><strong>corporis</strong></span> <span class='ocrx_word' id='word_1_627' title='bbox 3298 3409 3700 3466; x_wconf 78' lang='lat' dir='ltr'><strong>inﬁrmitatem?</strong></span> 
     </span>
    </p>
   </div>
   <div class='ocr_carea' id='block_1_90' title="bbox 2120 3490 3702 3571">
    <p class='ocr_par' dir='ltr' id='par_1_90' title="bbox 2120 3490 3702 3571">
     <span class='ocr_line' id='line_1_90' title="bbox 2120 3490 3702 3571; baseline 0.009 -27"><span class='ocrx_word' id='word_1_628' title='bbox 2120 3490 2351 3545; x_wconf 82' lang='lat' dir='ltr'><strong>Rursum</strong></span> <span class='ocrx_word' id='word_1_629' title='bbox 2380 3494 2423 3546; x_wconf 91' lang='lat' dir='ltr'><strong>si</strong></span> <span class='ocrx_word' id='word_1_630' title='bbox 2467 3493 2648 3548; x_wconf 93' lang='lat' dir='ltr'><strong>odium</strong></span> <span class='ocrx_word' id='word_1_631' title='bbox 2694 3496 3051 3567; x_wconf 87' lang='lat' dir='ltr'><strong>invidiamque</strong></span> <span class='ocrx_word' id='word_1_632' title='bbox 3078 3500 3310 3554; x_wconf 88' lang='lat' dir='ltr'><strong>retineas</strong></span> <span class='ocrx_word' id='word_1_633' title='bbox 3334 3542 3350 3567; x_wconf 96' lang='lat'><strong>,</strong></span> <span class='ocrx_word' id='word_1_634' title='bbox 3376 3502 3499 3570; x_wconf 89' lang='lat' dir='ltr'><strong>quid</strong></span> <span class='ocrx_word' id='word_1_635' title='bbox 3531 3507 3702 3571; x_wconf 78' lang='lat' dir='ltr'><strong>p05sis</strong></span> 
     </span>
    </p>
   </div>
   <div class='ocr_carea' id='block_1_91' title="bbox 2117 3585 3701 3660">
    <p class='ocr_par' dir='ltr' id='par_1_91' title="bbox 2117 3585 3701 3660">
     <span class='ocr_line' id='line_1_91' title="bbox 2117 3585 3701 3660; baseline 0.008 -23"><span class='ocrx_word' id='word_1_636' title='bbox 2117 3585 2474 3641; x_wconf 61' lang='lat' dir='ltr'><strong>excusationis</strong></span> <span class='ocrx_word' id='word_1_637' title='bbox 2524 3587 2793 3657; x_wconf 82' lang='lat' dir='ltr'><strong>allegare?</strong></span> <span class='ocrx_word' id='word_1_638' title='bbox 2846 3605 3104 3660; x_wconf 88' lang='lat' dir='ltr'><strong>nusquam</strong></span> <span class='ocrx_word' id='word_1_639' title='bbox 3133 3593 3276 3646; x_wconf 89' lang='lat' dir='ltr'><strong>enim</strong></span> <span class='ocrx_word' id='word_1_640' title='bbox 3306 3592 3359 3647; x_wconf 92' lang='lat' dir='ltr'><strong>in</strong></span> <span class='ocrx_word' id='word_1_641' title='bbox 3406 3594 3701 3649; x_wconf 77' lang='lat' dir='ltr'><strong>istiusmodi</strong></span> 
     </span>
    </p>
   </div>
   <div class='ocr_carea' id='block_1_92' title="bbox 2118 3674 3695 3756">
    <p class='ocr_par' dir='ltr' id='par_1_92' title="bbox 2118 3674 3695 3756">
     <span class='ocr_line' id='line_1_92' title="bbox 2118 3674 3695 3756; baseline 0.009 -29"><span class='ocrx_word' id='word_1_642' title='bbox 2118 3674 2353 3738; x_wconf 87' lang='lat' dir='ltr'><strong>delictis,</strong></span> <span class='ocrx_word' id='word_1_643' title='bbox 2385 3676 2449 3730; x_wconf 90' lang='lat' dir='ltr'><strong>ad</strong></span> <span class='ocrx_word' id='word_1_644' title='bbox 2485 3679 2725 3747; x_wconf 92' lang='lat' dir='ltr'><strong>corporis</strong></span> <span class='ocrx_word' id='word_1_645' title='bbox 2768 3679 3183 3738; x_wconf 90' lang='lat' dir='ltr'><strong>imbecillitatem</strong></span> <span class='ocrx_word' id='word_1_646' title='bbox 3224 3687 3512 3756; x_wconf 89' lang='lat' dir='ltr'><strong>confugere</strong></span> <span class='ocrx_word' id='word_1_647' title='bbox 3552 3688 3695 3743; x_wconf 90' lang='lat' dir='ltr'><strong>licet.</strong></span> 
     </span>
    </p>
   </div>
   <div class='ocr_carea' id='block_1_93' title="bbox 2120 3769 3705 3849">
    <p class='ocr_par' dir='ltr' id='par_1_93' title="bbox 2120 3769 3705 3849">
     <span class='ocr_line' id='line_1_93' title="bbox 2120 3769 3705 3849; baseline 0.008 -28"><span class='ocrx_word' id='word_1_648' title='bbox 2120 3770 2295 3837; x_wconf 87' lang='lat' dir='ltr'><strong>Atque</strong></span> <span class='ocrx_word' id='word_1_649' title='bbox 2315 3769 2365 3823; x_wconf 93' lang='lat' dir='ltr'><strong>id</strong></span> <span class='ocrx_word' id='word_1_650' title='bbox 2389 3769 2589 3824; x_wconf 86' lang='lat' dir='ltr'><strong>Christi</strong></span> <span class='ocrx_word' id='word_1_651' title='bbox 2621 3770 2967 3827; x_wconf 91' lang='lat' dir='ltr'><strong>humanitatis</strong></span> <span class='ocrx_word' id='word_1_652' title='bbox 2992 3790 3126 3843; x_wconf 92' lang='lat' dir='ltr'><strong>opus</strong></span> <span class='ocrx_word' id='word_1_653' title='bbox 3142 3785 3246 3841; x_wconf 87' lang='lat' dir='ltr'><strong>est,</strong></span> <span class='ocrx_word' id='word_1_654' title='bbox 3276 3779 3417 3846; x_wconf 92' lang='lat' dir='ltr'><strong>quod</strong></span> <span class='ocrx_word' id='word_1_655' title='bbox 3442 3782 3705 3849; x_wconf 70' lang='lat' dir='ltr'><strong>praecipua</strong></span> 
     </span>
    </p>
   </div>
   <div class='ocr_carea' id='block_1_94' title="bbox 2120 3861 3705 3937">
    <p class='ocr_par' dir='ltr' id='par_1_94' title="bbox 2120 3861 3705 3937">
     <span class='ocr_line' id='line_1_94' title="bbox 2120 3861 3705 3937; baseline 0.007 -23"><span class='ocrx_word' id='word_1_656' title='bbox 2120 3869 2174 3914; x_wconf 90' lang='lat' dir='ltr'><strong>ct</strong></span> <span class='ocrx_word' id='word_1_657' title='bbox 2201 3861 2360 3914; x_wconf 88' lang='lat' dir='ltr'><strong>vitam</strong></span> <span class='ocrx_word' id='word_1_658' title='bbox 2392 3870 2632 3915; x_wconf 91' lang='lat' dir='ltr'><strong>nostram</strong></span> <span class='ocrx_word' id='word_1_659' title='bbox 2681 3864 3006 3917; x_wconf 91' lang='lat' dir='ltr'><strong>continentia</strong></span> <span class='ocrx_word' id='word_1_660' title='bbox 3054 3878 3319 3937; x_wconf 76' lang='lat' dir='ltr'><strong>przncepta</strong></span> <span class='ocrx_word' id='word_1_661' title='bbox 3368 3869 3495 3922; x_wconf 90' lang='lat' dir='ltr'><strong>nihil</strong></span> <span class='ocrx_word' id='word_1_662' title='bbox 3524 3885 3553 3923; x_wconf 89' lang='lat' dir='ltr'><strong>a</strong></span> <span class='ocrx_word' id='word_1_663' title='bbox 3581 3886 3705 3925; x_wconf 81' lang='lat' dir='ltr'><strong>cor-</strong></span> 
     </span>
    </p>
   </div>
   <div class='ocr_carea' id='block_1_95' title="bbox 2126 3951 3708 4030">
    <p class='ocr_par' dir='ltr' id='par_1_95' title="bbox 2126 3951 3708 4030">
     <span class='ocr_line' id='line_1_95' title="bbox 2126 3951 3708 4030; baseline 0.006 -25"><span class='ocrx_word' id='word_1_664' title='bbox 2126 3952 2273 4022; x_wconf 91' lang='lat' dir='ltr'><strong>poris</strong></span> <span class='ocrx_word' id='word_1_665' title='bbox 2297 3951 2607 4008; x_wconf 86' lang='lat' dir='ltr'><strong>inﬁrmitate</strong></span> <span class='ocrx_word' id='word_1_666' title='bbox 2651 3953 2930 4008; x_wconf 65' lang='lat' dir='ltr'><strong>laedantur.</strong></span> <span class='ocrx_word' id='word_1_667' title='bbox 2971 3954 3236 4011; x_wconf 65' lang='lat' dir='ltr'><strong>Caaterum</strong></span> <span class='ocrx_word' id='word_1_668' title='bbox 3266 3961 3516 4028; x_wconf 84' lang='lat' dir='ltr'><strong>quoniam</strong></span> <span class='ocrx_word' id='word_1_669' title='bbox 3555 3976 3708 4030; x_wconf 65' lang='lat' dir='ltr'><strong>aeque</strong></span> 
     </span>
    </p>
   </div>
   <div class='ocr_carea' id='block_1_96' title="bbox 2125 4043 3706 4118">
    <p class='ocr_par' dir='ltr' id='par_1_96' title="bbox 2125 4043 3706 4118">
     <span class='ocr_line' id='line_1_96' title="bbox 2125 4043 3706 4118; baseline 0.004 -21"><span class='ocrx_word' id='word_1_670' title='bbox 2125 4043 2377 4098; x_wconf 91' lang='lat' dir='ltr'><strong>omnibus</strong></span> <span class='ocrx_word' id='word_1_671' title='bbox 2402 4044 2570 4098; x_wconf 89' lang='lat' dir='ltr'><strong>sacris</strong></span> <span class='ocrx_word' id='word_1_672' title='bbox 2602 4044 2805 4113; x_wconf 84' lang='lat' dir='ltr'><strong>legibus</strong></span> <span class='ocrx_word' id='word_1_673' title='bbox 2845 4045 3177 4115; x_wconf 87' lang='lat' dir='ltr'><strong>indigemus,</strong></span> <span class='ocrx_word' id='word_1_674' title='bbox 3204 4062 3265 4103; x_wconf 90' lang='lat' dir='ltr'><strong>ac</strong></span> <span class='ocrx_word' id='word_1_675' title='bbox 3293 4049 3345 4102; x_wconf 92' lang='lat' dir='ltr'><strong>in</strong></span> <span class='ocrx_word' id='word_1_676' title='bbox 3372 4050 3557 4118; x_wconf 89' lang='lat' dir='ltr'><strong>primis</strong></span> <span class='ocrx_word' id='word_1_677' title='bbox 3578 4050 3666 4105; x_wconf 88' lang='lat' dir='ltr'><strong>illa</strong></span> <span class='ocrx_word' id='word_1_678' title='bbox 3690 4092 3706 4115; x_wconf 94' lang='lat'><strong>,</strong></span> 
     </span>
    </p>
   </div>
   <div class='ocr_carea' id='block_1_97' title="bbox 2126 4135 3707 4212">
    <p class='ocr_par' dir='ltr' id='par_1_97' title="bbox 2126 4135 3707 4212">
     <span class='ocr_line' id='line_1_97' title="bbox 2126 4135 3707 4212; baseline 0.007 -24"><span class='ocrx_word' id='word_1_679' title='bbox 2126 4150 2247 4205; x_wconf 75' lang='lat' dir='ltr'><strong>qua:</strong></span> <span class='ocrx_word' id='word_1_680' title='bbox 2295 4135 2567 4190; x_wconf 90' lang='lat' dir='ltr'><strong>interdicit</strong></span> <span class='ocrx_word' id='word_1_681' title='bbox 2596 4137 2901 4192; x_wconf 92' lang='lat' dir='ltr'><strong>inimicitias</strong></span> <span class='ocrx_word' id='word_1_682' title='bbox 2929 4138 3233 4209; x_wconf 86' lang='lat' dir='ltr'><strong>irarumque</strong></span> <span class='ocrx_word' id='word_1_683' title='bbox 3260 4144 3707 4212; x_wconf 88' lang='lat' dir='ltr'><strong>perpetuitatem,</strong></span> 
     </span>
    </p>
   </div>
   <div class='ocr_carea' id='block_1_98' title="bbox 2126 4224 3709 4303">
    <p class='ocr_par' dir='ltr' id='par_1_98' title="bbox 2126 4224 3709 4303">
     <span class='ocr_line' id='line_1_98' title="bbox 2126 4224 3709 4303; baseline 0.008 -26"><span class='ocrx_word' id='word_1_684' title='bbox 2126 4224 2219 4278; x_wconf 81' lang='lat' dir='ltr'><strong>sed</strong></span> <span class='ocrx_word' id='word_1_685' title='bbox 2253 4227 2743 4282; x_wconf 90' lang='lat' dir='ltr'><strong>reconciliationem</strong></span> <span class='ocrx_word' id='word_1_686' title='bbox 2788 4230 2965 4282; x_wconf 84' lang='lat' dir='ltr'><strong>statim</strong></span> <span class='ocrx_word' id='word_1_687' title='bbox 3000 4230 3114 4284; x_wconf 92' lang='lat' dir='ltr'><strong>ﬁeri</strong></span> <span class='ocrx_word' id='word_1_688' title='bbox 3138 4230 3311 4300; x_wconf 86' lang='lat' dir='ltr'><strong>jubet,</strong></span> <span class='ocrx_word' id='word_1_689' title='bbox 3343 4248 3470 4303; x_wconf 87' lang='lat' dir='ltr'><strong>age,</strong></span> <span class='ocrx_word' id='word_1_690' title='bbox 3503 4233 3572 4289; x_wconf 91' lang='lat' dir='ltr'><strong>de</strong></span> <span class='ocrx_word' id='word_1_691' title='bbox 3610 4236 3709 4291; x_wconf 89' lang='lat' dir='ltr'><strong>hoc</strong></span> 
     </span>
    </p>
   </div>
   <div class='ocr_carea' id='block_1_99' title="bbox 2133 4318 3704 4391">
    <p class='ocr_par' dir='ltr' id='par_1_99' title="bbox 2133 4318 3704 4391">
     <span class='ocr_line' id='line_1_99' title="bbox 2133 4318 3704 4391; baseline 0.008 -22"><span class='ocrx_word' id='word_1_692' title='bbox 2133 4327 2400 4385; x_wconf 62' lang='lat' dir='ltr'><strong>praecepto</strong></span> <span class='ocrx_word' id='word_1_693' title='bbox 2435 4332 2575 4371; x_wconf 93' lang='lat' dir='ltr'><strong>nunc</strong></span> <span class='ocrx_word' id='word_1_694' title='bbox 2619 4318 2670 4371; x_wconf 93' lang='lat' dir='ltr'><strong>in</strong></span> <span class='ocrx_word' id='word_1_695' title='bbox 2719 4321 3001 4387; x_wconf 72' lang='lat' dir='ltr'><strong>prmscntia</strong></span> <span class='ocrx_word' id='word_1_696' title='bbox 3056 4322 3404 4391; x_wconf 88' lang='lat' dir='ltr'><strong>disputemus.</strong></span> <span class='ocrx_word' id='word_1_697' title='bbox 3452 4324 3521 4381; x_wconf 90' lang='lat' dir='ltr'><strong>Ut</strong></span> <span class='ocrx_word' id='word_1_698' title='bbox 3560 4328 3704 4381; x_wconf 90' lang='lat' dir='ltr'><strong>enim</strong></span> 
     </span>
    </p>
   </div>
   <div class='ocr_carea' id='block_1_100' title="bbox 2132 4406 3709 4482">
    <p class='ocr_par' dir='ltr' id='par_1_100' title="bbox 2132 4406 3709 4482">
     <span class='ocr_line' id='line_1_100' title="bbox 2132 4406 3709 4482; baseline 0.009 -23"><span class='ocrx_word' id='word_1_699' title='bbox 2132 4406 2476 4462; x_wconf 85' lang='lat' dir='ltr'><strong>fornicantcm</strong></span> <span class='ocrx_word' id='word_1_700' title='bbox 2506 4408 3065 4481; x_wconf 88' lang='lat' dir='ltr'><strong>blasphemantemque</strong></span> <span class='ocrx_word' id='word_1_701' title='bbox 3090 4413 3414 4482; x_wconf 82' lang='lat' dir='ltr'><strong>impossibile</strong></span> <span class='ocrx_word' id='word_1_702' title='bbox 3440 4425 3524 4471; x_wconf 57' lang='lat' dir='ltr'><strong>est</strong></span> <span class='ocrx_word' id='word_1_703' title='bbox 3542 4433 3709 4473; x_wconf 68' lang='lat' dir='ltr'><strong>sacrm</strong></span> 
     </span>
    </p>
   </div>
   <div class='ocr_carea' id='block_1_101' title="bbox 2132 4502 3712 4574">
    <p class='ocr_par' dir='ltr' id='par_1_101' title="bbox 2132 4502 3712 4574">
     <span class='ocr_line' id='line_1_101' title="bbox 2132 4502 3712 4574; baseline 0.006 -21"><span class='ocrx_word' id='word_1_704' title='bbox 2132 4515 2332 4555; x_wconf 73' lang='lat' dir='ltr'><strong>mensa:</strong></span> <span class='ocrx_word' id='word_1_705' title='bbox 2360 4502 2671 4569; x_wconf 88' lang='lat' dir='ltr'><strong>participem</strong></span> <span class='ocrx_word' id='word_1_706' title='bbox 2703 4502 2838 4563; x_wconf 91' lang='lat' dir='ltr'><strong>ﬁeri,</strong></span> <span class='ocrx_word' id='word_1_707' title='bbox 2868 4503 2939 4557; x_wconf 93' lang='lat' dir='ltr'><strong>ita</strong></span> <span class='ocrx_word' id='word_1_708' title='bbox 2965 4520 3175 4571; x_wconf 89' lang='lat' dir='ltr'><strong>quoque</strong></span> <span class='ocrx_word' id='word_1_709' title='bbox 3200 4506 3289 4574; x_wconf 92' lang='lat' dir='ltr'><strong>qui</strong></span> <span class='ocrx_word' id='word_1_710' title='bbox 3314 4506 3617 4561; x_wconf 87' lang='lat' dir='ltr'><strong>inimicitias</strong></span> <span class='ocrx_word' id='word_1_711' title='bbox 3633 4508 3712 4563; x_wconf 88' lang='lat' dir='ltr'><strong>fo-</strong></span> 
     </span>
    </p>
   </div>
   <div class='ocr_carea' id='block_1_102' title="bbox 2122 4591 3717 4665">
    <p class='ocr_par' dir='ltr' id='par_1_102' title="bbox 2122 4591 3717 4665">
     <span class='ocr_line' id='line_1_102' title="bbox 2122 4591 3717 4665; baseline 0.004 -20"><span class='ocrx_word' id='word_1_712' title='bbox 2122 4600 2230 4655; x_wconf 91' lang='lat' dir='ltr'><strong>vet,</strong></span> <span class='ocrx_word' id='word_1_713' title='bbox 2271 4599 2368 4645; x_wconf 90' lang='lat' dir='ltr'><strong>aut</strong></span> <span class='ocrx_word' id='word_1_714' title='bbox 2399 4591 2457 4645; x_wconf 91' lang='lat' dir='ltr'><strong>in</strong></span> <span class='ocrx_word' id='word_1_715' title='bbox 2495 4592 2575 4646; x_wconf 88' lang='lat' dir='ltr'><strong>ira</strong></span> <span class='ocrx_word' id='word_1_716' title='bbox 2608 4592 2861 4663; x_wconf 80' lang='lat' dir='ltr'><strong>pertinax</strong></span> <span class='ocrx_word' id='word_1_717' title='bbox 2887 4602 2995 4657; x_wconf 88' lang='lat' dir='ltr'><strong>est,</strong></span> <span class='ocrx_word' id='word_1_718' title='bbox 3019 4608 3130 4648; x_wconf 91' lang='lat' dir='ltr'><strong>non</strong></span> <span class='ocrx_word' id='word_1_719' title='bbox 3175 4603 3357 4665; x_wconf 88' lang='lat' dir='ltr'><strong>potest</strong></span> <span class='ocrx_word' id='word_1_720' title='bbox 3389 4594 3498 4650; x_wconf 87' lang='lat' dir='ltr'><strong>frui</strong></span> <span class='ocrx_word' id='word_1_721' title='bbox 3527 4606 3717 4652; x_wconf 89' lang='lat' dir='ltr'><strong>saneta</strong></span> 
     </span>
    </p>
   </div>
   <div class='ocr_carea' id='block_1_103' title="bbox 2123 4674 3719 4757">
    <p class='ocr_par' dir='ltr' id='par_1_103' title="bbox 2123 4674 3719 4757">
     <span class='ocr_line' id='line_1_103' title="bbox 2123 4674 3719 4757; baseline 0.004 -19"><span class='ocrx_word' id='word_1_722' title='bbox 2123 4684 2547 4750; x_wconf 87' lang='lat' dir='ltr'><strong>communione;</strong></span> <span class='ocrx_word' id='word_1_723' title='bbox 2586 4701 2765 4757; x_wconf 86' lang='lat' dir='ltr'><strong>neque</strong></span> <span class='ocrx_word' id='word_1_724' title='bbox 2800 4687 2853 4742; x_wconf 91' lang='lat' dir='ltr'><strong>id</strong></span> <span class='ocrx_word' id='word_1_725' title='bbox 2894 4674 3191 4743; x_wconf 85' lang='lat' dir='ltr'><strong>immerito.</strong></span> <span class='ocrx_word' id='word_1_726' title='bbox 3218 4687 3323 4755; x_wconf 84' lang='lat' dir='ltr'><strong>Qui</strong></span> <span class='ocrx_word' id='word_1_727' title='bbox 3364 4688 3510 4744; x_wconf 89' lang='lat' dir='ltr'><strong>enim</strong></span> <span class='ocrx_word' id='word_1_728' title='bbox 3546 4706 3719 4745; x_wconf 86' lang='lat' dir='ltr'><strong>mere-</strong></span> 
     </span>
    </p>
   </div>
   <div class='ocr_carea' id='block_1_104' title="bbox 2122 4776 3721 4848">
    <p class='ocr_par' dir='ltr' id='par_1_104' title="bbox 2122 4776 3721 4848">
     <span class='ocr_line' id='line_1_104' title="bbox 2122 4776 3721 4848; baseline 0.004 -18"><span class='ocrx_word' id='word_1_729' title='bbox 2122 4776 2354 4833; x_wconf 89' lang='lat' dir='ltr'><strong>tricatus</strong></span> <span class='ocrx_word' id='word_1_730' title='bbox 2384 4785 2498 4841; x_wconf 88' lang='lat' dir='ltr'><strong>est,</strong></span> <span class='ocrx_word' id='word_1_731' title='bbox 2522 4788 2617 4833; x_wconf 91' lang='lat' dir='ltr'><strong>aut</strong></span> <span class='ocrx_word' id='word_1_732' title='bbox 2640 4780 2973 4836; x_wconf 90' lang='lat' dir='ltr'><strong>adulterium</strong></span> <span class='ocrx_word' id='word_1_733' title='bbox 2994 4781 3294 4848; x_wconf 90' lang='lat' dir='ltr'><strong>commisit,</strong></span> <span class='ocrx_word' id='word_1_734' title='bbox 3318 4782 3483 4837; x_wconf 89' lang='lat' dir='ltr'><strong>simul</strong></span> <span class='ocrx_word' id='word_1_735' title='bbox 3510 4793 3569 4837; x_wconf 92' lang='lat' dir='ltr'><strong>ut</strong></span> <span class='ocrx_word' id='word_1_736' title='bbox 3599 4784 3721 4837; x_wconf 90' lang='lat' dir='ltr'><strong>aui-</strong></span> 
     </span>
    </p>
   </div>
   <div class='ocr_carea' id='block_1_105' title="bbox 2125 4871 3721 4944">
    <p class='ocr_par' dir='ltr' id='par_1_105' title="bbox 2125 4871 3721 4944">
     <span class='ocr_line' id='line_1_105' title="bbox 2125 4871 3721 4944; baseline 0.004 -21"><span class='ocrx_word' id='word_1_737' title='bbox 2125 4885 2279 4923; x_wconf 91' lang='lat' dir='ltr'><strong>mum</strong></span> <span class='ocrx_word' id='word_1_738' title='bbox 2304 4871 2564 4941; x_wconf 77' lang='lat' dir='ltr'><strong>explevit,</strong></span> <span class='ocrx_word' id='word_1_739' title='bbox 2584 4872 2745 4927; x_wconf 86' lang='lat' dir='ltr'><strong>linem</strong></span> <span class='ocrx_word' id='word_1_740' title='bbox 2776 4882 2999 4942; x_wconf 87' lang='lat' dir='ltr'><strong>peccato</strong></span> <span class='ocrx_word' id='word_1_741' title='bbox 3029 4874 3287 4943; x_wconf 91' lang='lat' dir='ltr'><strong>imposuit</strong></span> <span class='ocrx_word' id='word_1_742' title='bbox 3312 4891 3326 4927; x_wconf 91' lang='lat'><strong>:</strong></span> <span class='ocrx_word' id='word_1_743' title='bbox 3353 4875 3497 4944; x_wconf 90' lang='lat' dir='ltr'><strong>quod</strong></span> <span class='ocrx_word' id='word_1_744' title='bbox 3517 4877 3563 4931; x_wconf 87' lang='lat' dir='ltr'><strong>si</strong></span> <span class='ocrx_word' id='word_1_745' title='bbox 3584 4878 3721 4931; x_wconf 61' lang='lat' dir='ltr'><strong>resi»</strong></span> 
     </span>
    </p>
   </div>
   <div class='ocr_carea' id='block_1_106' title="bbox 2126 4965 3722 5039">
    <p class='ocr_par' dir='ltr' id='par_1_106' title="bbox 2126 4965 3722 5039">
     <span class='ocr_line' id='line_1_106' title="bbox 2126 4965 3722 5039; baseline 0.003 -22"><span class='ocrx_word' id='word_1_746' title='bbox 2126 4965 2344 5034; x_wconf 86' lang='lat' dir='ltr'><strong>piscens</strong></span> <span class='ocrx_word' id='word_1_747' title='bbox 2363 4981 2422 5020; x_wconf 84' lang='lat' dir='ltr'><strong>se</strong></span> <span class='ocrx_word' id='word_1_748' title='bbox 2438 4981 2468 5021; x_wconf 91' lang='lat' dir='ltr'><strong>a</strong></span> <span class='ocrx_word' id='word_1_749' title='bbox 2486 4966 2640 5036; x_wconf 89' lang='lat' dir='ltr'><strong>lapsu</strong></span> <span class='ocrx_word' id='word_1_750' title='bbox 2659 4967 2896 5022; x_wconf 88' lang='lat' dir='ltr'><strong>excitare</strong></span> <span class='ocrx_word' id='word_1_751' title='bbox 2910 4966 3137 5020; x_wconf 90' lang='lat' dir='ltr'><strong>voluerit</strong></span> <span class='ocrx_word' id='word_1_752' title='bbox 3156 4981 3518 5039; x_wconf 83' lang='lat' dir='ltr'><strong>magnamque</strong></span> <span class='ocrx_word' id='word_1_753' title='bbox 3534 4978 3722 5025; x_wconf 90' lang='lat' dir='ltr'><strong>osten-</strong></span> 
     </span>
    </p>
   </div>
   <div class='ocr_carea' id='block_1_107' title="bbox 2125 5058 3721 5129">
    <p class='ocr_par' dir='ltr' id='par_1_107' title="bbox 2125 5058 3721 5129">
     <span class='ocr_line' id='line_1_107' title="bbox 2125 5058 3721 5129; baseline 0.003 -18"><span class='ocrx_word' id='word_1_754' title='bbox 2125 5058 2268 5111; x_wconf 84' lang='lat' dir='ltr'><strong>derit</strong></span> <span class='ocrx_word' id='word_1_755' title='bbox 2307 5059 2704 5129; x_wconf 68' lang='lat' dir='ltr'><strong>paenitentiam,</strong></span> <span class='ocrx_word' id='word_1_756' title='bbox 2737 5067 3067 5127; x_wconf 89' lang='lat' dir='ltr'><strong>asscquetur</strong></span> <span class='ocrx_word' id='word_1_757' title='bbox 3093 5058 3333 5129; x_wconf 88' lang='lat' dir='ltr'><strong>aliquam</strong></span> <span class='ocrx_word' id='word_1_758' title='bbox 3376 5060 3721 5116; x_wconf 89' lang='lat' dir='ltr'><strong>consolatio-</strong></span> 
     </span>
    </p>
   </div>
   <div class='ocr_carea' id='block_1_108' title="bbox 2130 5149 3721 5221">
    <p class='ocr_par' dir='ltr' id='par_1_108' title="bbox 2130 5149 3721 5221">
     <span class='ocr_line' id='line_1_108' title="bbox 2130 5149 3721 5221; baseline 0.003 -20"><span class='ocrx_word' id='word_1_759' title='bbox 2130 5165 2252 5202; x_wconf 85' lang='lat' dir='ltr'><strong>nem</strong></span> <span class='ocrx_word' id='word_1_760' title='bbox 2275 5166 2289 5210; x_wconf 87' lang='lat'>;</span> <span class='ocrx_word' id='word_1_761' title='bbox 2309 5151 2401 5219; x_wconf 91' lang='lat' dir='ltr'><strong>qui</strong></span> <span class='ocrx_word' id='word_1_762' title='bbox 2429 5160 2608 5203; x_wconf 89' lang='lat' dir='ltr'><strong>autem</strong></span> <span class='ocrx_word' id='word_1_763' title='bbox 2631 5149 2931 5204; x_wconf 90' lang='lat' dir='ltr'><strong>simultatis</strong></span> <span class='ocrx_word' id='word_1_764' title='bbox 2951 5157 3116 5205; x_wconf 89' lang='lat' dir='ltr'><strong>tenax</strong></span> <span class='ocrx_word' id='word_1_765' title='bbox 3141 5160 3247 5212; x_wconf 85' lang='lat' dir='ltr'><strong>cst.</strong></span> <span class='ocrx_word' id='word_1_766' title='bbox 3274 5152 3507 5221; x_wconf 85' lang='lat' dir='ltr'><strong>singulis</strong></span> <span class='ocrx_word' id='word_1_767' title='bbox 3524 5151 3721 5207; x_wconf 83' lang='lat' dir='ltr'><strong>diebus</strong></span> 
     </span>
    </p>
   </div>
   <div class='ocr_carea' id='block_1_109' title="bbox 2131 5239 3722 5310">
    <p class='ocr_par' dir='ltr' id='par_1_109' title="bbox 2131 5239 3722 5310">
     <span class='ocr_line' id='line_1_109' title="bbox 2131 5239 3722 5310; baseline 0.004 -16"><span class='ocrx_word' id='word_1_768' title='bbox 2131 5248 2409 5309; x_wconf 82' lang='lat' dir='ltr'><strong>peccatum</strong></span> <span class='ocrx_word' id='word_1_769' title='bbox 2431 5239 2578 5300; x_wconf 78' lang='lat' dir='ltr'><strong>facit,</strong></span> <span class='ocrx_word' id='word_1_770' title='bbox 2598 5254 2699 5293; x_wconf 90' lang='lat' dir='ltr'><strong>nec</strong></span> <span class='ocrx_word' id='word_1_771' title='bbox 2714 5254 2976 5310; x_wconf 89' lang='lat' dir='ltr'><strong>umquam</strong></span> <span class='ocrx_word' id='word_1_772' title='bbox 2997 5241 3128 5295; x_wconf 91' lang='lat' dir='ltr'><strong>illud</strong></span> <span class='ocrx_word' id='word_1_773' title='bbox 3144 5243 3395 5297; x_wconf 83' lang='lat' dir='ltr'><strong>absolvit.</strong></span> <span class='ocrx_word' id='word_1_774' title='bbox 3416 5242 3534 5298; x_wconf 83' lang='lat' dir='ltr'><strong>Illic</strong></span> <span class='ocrx_word' id='word_1_775' title='bbox 3554 5244 3722 5300; x_wconf 85' lang='lat' dir='ltr'><strong>simul</strong></span> 
     </span>
    </p>
   </div>
   <div class='ocr_carea' id='block_1_110' title="bbox 2144 5318 3721 5391">
    <p class='ocr_par' dir='ltr' id='par_1_110' title="bbox 2144 5318 3721 5391">
     <span class='ocr_line' id='line_1_110' title="bbox 2144 5318 3721 5391; baseline 0.002 -17"><span class='ocrx_word' id='word_1_776' title='bbox 2144 5337 2264 5375; x_wconf 88' lang='lat' dir='ltr'><strong>cum</strong></span> <span class='ocrx_word' id='word_1_777' title='bbox 2312 5319 2508 5389; x_wconf 80' lang='lat' dir='ltr'><strong>ﬂagitio</strong></span> <span class='ocrx_word' id='word_1_778' title='bbox 2538 5318 2808 5390; x_wconf 88' lang='lat' dir='ltr'><strong>expletum</strong></span> <span class='ocrx_word' id='word_1_779' title='bbox 2854 5328 2938 5375; x_wconf 89' lang='lat' dir='ltr'><strong>est</strong></span> <span class='ocrx_word' id='word_1_780' title='bbox 2990 5332 3260 5389; x_wconf 89' lang='lat' dir='ltr'><strong>peccatum</strong></span> <span class='ocrx_word' id='word_1_781' title='bbox 3286 5327 3329 5385; x_wconf 82' lang='lat'><strong>&#39;,</strong></span> <span class='ocrx_word' id='word_1_782' title='bbox 3353 5328 3441 5375; x_wconf 79' lang='lat' dir='ltr'><strong>hic</strong></span> <span class='ocrx_word' id='word_1_783' title='bbox 3480 5325 3721 5391; x_wconf 83' lang='lat' dir='ltr'><strong>quotidie</strong></span> 
     </span>
    </p>
   </div>
   <div class='ocr_carea' id='block_1_111' title="bbox 2150 5413 3716 5482">
    <p class='ocr_par' dir='ltr' id='par_1_111' title="bbox 2150 5413 3716 5482">
     <span class='ocr_line' id='line_1_111' title="bbox 2150 5413 3716 5482; baseline 0.001 -14"><span class='ocrx_word' id='word_1_784' title='bbox 2150 5415 2287 5469; x_wconf 89' lang='lat' dir='ltr'><strong>idem</strong></span> <span class='ocrx_word' id='word_1_785' title='bbox 2320 5413 2494 5468; x_wconf 86' lang='lat' dir='ltr'><strong>scelus</strong></span> <span class='ocrx_word' id='word_1_786' title='bbox 2540 5421 2775 5467; x_wconf 89' lang='lat' dir='ltr'><strong>tentatur</strong></span> <span class='ocrx_word' id='word_1_787' title='bbox 2807 5430 2820 5465; x_wconf 92' lang='lat'><strong>:</strong></span> <span class='ocrx_word' id='word_1_788' title='bbox 2852 5428 3008 5482; x_wconf 90' lang='lat' dir='ltr'><strong>quam</strong></span> <span class='ocrx_word' id='word_1_789' title='bbox 3051 5413 3205 5480; x_wconf 85' lang='lat' dir='ltr'><strong>igitur</strong></span> <span class='ocrx_word' id='word_1_790' title='bbox 3243 5413 3451 5465; x_wconf 89' lang='lat' dir='ltr'><strong>veniam</strong></span> <span class='ocrx_word' id='word_1_791' title='bbox 3484 5416 3716 5482; x_wconf 84' lang='lat' dir='ltr'><strong>sperabi-</strong></span> 
     </span>
    </p>
   </div>
   <div class='ocr_carea' id='block_1_112' title="bbox 2156 5502 3723 5575">
    <p class='ocr_par' dir='ltr' id='par_1_112' title="bbox 2156 5502 3723 5575">
     <span class='ocr_line' id='line_1_112' title="bbox 2156 5502 3723 5575; baseline 0 -14"><span class='ocrx_word' id='word_1_792' title='bbox 2156 5520 2293 5571; x_wconf 90' lang='lat' dir='ltr'><strong>mus,</strong></span> <span class='ocrx_word' id='word_1_793' title='bbox 2321 5506 2409 5575; x_wconf 90' lang='lat' dir='ltr'><strong>qui</strong></span> <span class='ocrx_word' id='word_1_794' title='bbox 2441 5520 2537 5559; x_wconf 92' lang='lat' dir='ltr'><strong>nos</strong></span> <span class='ocrx_word' id='word_1_795' title='bbox 2579 5504 2669 5559; x_wconf 92' lang='lat' dir='ltr'><strong>tali</strong></span> <span class='ocrx_word' id='word_1_796' title='bbox 2698 5504 2883 5559; x_wconf 74' lang='lat' dir='ltr'><strong>bellua:</strong></span> <span class='ocrx_word' id='word_1_797' title='bbox 2922 5503 3062 5557; x_wconf 85' lang='lat' dir='ltr'><strong>ultro</strong></span> <span class='ocrx_word' id='word_1_798' title='bbox 3109 5502 3399 5559; x_wconf 82' lang='lat' dir='ltr'><strong>dedimus?</strong></span> <span class='ocrx_word' id='word_1_799' title='bbox 3446 5505 3723 5572; x_wconf 79' lang='lat' dir='ltr'><strong>Quomodo</strong></span> 
     </span>
    </p>
   </div>
   <div class='ocr_carea' id='block_1_113' title="bbox 2218 5654 3524 5720">
    <p class='ocr_par' dir='ltr' id='par_1_113' title="bbox 2218 5654 3524 5720">
     <span class='ocr_line' id='line_1_113' title="bbox 2218 5654 3524 5720; baseline -0.002 -11"><span class='ocrx_word' id='word_1_800' title='bbox 2218 5663 2233 5692; x_wconf 78' lang='grc' dir='ltr'><strong>ι</strong></span> <span class='ocrx_word' id='word_1_801' title='bbox 2269 5658 2407 5709; x_wconf 87' lang='lat' dir='ltr'><strong>savil.</strong></span> <span class='ocrx_word' id='word_1_802' title='bbox 2434 5667 2485 5710; x_wconf 90' lang='lat' dir='ltr'><strong>et</strong></span> <span class='ocrx_word' id='word_1_803' title='bbox 2500 5658 2682 5720; x_wconf 86' lang='lat' dir='ltr'><strong>aliquot</strong></span> <span class='ocrx_word' id='word_1_804' title='bbox 2696 5656 2857 5713; x_wconf 79' lang='lat' dir='ltr'><strong>Codd.,</strong></span> <span class='ocrx_word' id='word_1_805' title='bbox 2876 5655 2938 5720; x_wconf 87' lang='lat' dir='ltr'><strong>ob_</strong></span> <span class='ocrx_word' id='word_1_806' title='bbox 2953 5656 3168 5720; x_wconf 78' lang='lat' dir='ltr'><strong>corporis</strong></span> <span class='ocrx_word' id='word_1_807' title='bbox 3192 5654 3263 5720; x_wconf 80' lang='lat' dir='ltr'><strong>tui</strong></span> <span class='ocrx_word' id='word_1_808' title='bbox 3284 5663 3524 5707; x_wconf 84' lang='lat' dir='ltr'><strong>naturam.</strong></span> 
     </span>
    </p>
   </div>
   <div class='ocr_carea' id='block_1_114' title="bbox 2219 5716 3735 5784">
    <p class='ocr_par' dir='ltr' id='par_1_114' title="bbox 2219 5716 3735 5784">
     <span class='ocr_line' id='line_1_114' title="bbox 2219 5716 3735 5784; baseline 0.005 -17"><span class='ocrx_word' id='word_1_809' title='bbox 2219 5724 2239 5752; x_wconf 77' lang='grc'>¹</span> <span class='ocrx_word' id='word_1_810' title='bbox 2266 5721 2409 5784; x_wconf 57' lang='grc' dir='ltr'>δειοὶι.</span> <span class='ocrx_word' id='word_1_811' title='bbox 2436 5722 2484 5766; x_wconf 93' lang='lat' dir='ltr'><strong>in</strong></span> <span class='ocrx_word' id='word_1_812' title='bbox 2506 5716 2723 5781; x_wconf 79' lang='lat' dir='ltr'><strong>margine</strong></span> <span class='ocrx_word' id='word_1_813' title='bbox 2750 5734 2761 5767; x_wconf 88' lang='lat'><strong>:</strong></span> <span class='ocrx_word' id='word_1_814' title='bbox 2789 5727 2843 5768; x_wconf 79' lang='lat' dir='ltr'><strong>Et</strong></span> <span class='ocrx_word' id='word_1_815' title='bbox 2856 5716 3051 5784; x_wconf 76' lang='lat' dir='ltr'><strong>quidem</strong></span> <span class='ocrx_word' id='word_1_816' title='bbox 3072 5718 3121 5767; x_wconf 84' lang='lat' dir='ltr'><strong>in</strong></span> <span class='ocrx_word' id='word_1_817' title='bbox 3144 5718 3399 5784; x_wconf 71' lang='lat' dir='ltr'><strong>(uiuiterio,</strong></span> <span class='ocrx_word' id='word_1_818' title='bbox 3423 5734 3530 5784; x_wconf 82' lang='lat' dir='ltr'><strong>cum</strong></span> <span class='ocrx_word' id='word_1_819' title='bbox 3552 5720 3735 5784; x_wconf 55' lang='lat' dir='ltr'><strong>flagitio</strong></span> 
     </span>
    </p>
   </div>
   <div class='ocr_carea' id='block_1_115' title="bbox 2157 5779 3592 5847">
    <p class='ocr_par' dir='ltr' id='par_1_115' title="bbox 2157 5779 3592 5847">
     <span class='ocr_line' id='line_1_115' title="bbox 2157 5779 3592 5847; baseline 0 -15"><span class='ocrx_word' id='word_1_820' title='bbox 2157 5783 2481 5842; x_wconf 72' lang='lat' dir='ltr'><strong>expletumcst</strong></span> <span class='ocrx_word' id='word_1_821' title='bbox 2510 5779 2770 5842; x_wconf 64' lang='lat' dir='ltr'><strong>peccatum.</strong></span> <span class='ocrx_word' id='word_1_822' title='bbox 2799 5786 2848 5829; x_wconf 79' lang='lat' dir='ltr'><strong>Et</strong></span> <span class='ocrx_word' id='word_1_823' title='bbox 2872 5782 2941 5830; x_wconf 88' lang='lat' dir='ltr'><strong>sic</strong></span> <span class='ocrx_word' id='word_1_824' title='bbox 2963 5780 3151 5831; x_wconf 83' lang='lat' dir='ltr'><strong>videtur</strong></span> <span class='ocrx_word' id='word_1_825' title='bbox 3176 5779 3363 5847; x_wconf 77' lang='lat' dir='ltr'><strong>legisse</strong></span> <span class='ocrx_word' id='word_1_826' title='bbox 3386 5779 3592 5832; x_wconf 62' lang='lat' dir='ltr'><strong>saeuius</strong></span> 
     </span>
    </p>
   </div>
  </div>
