4452 6672
764 445 858 505 199

766 562 1058 633 postulabis
1089 562 1252 618 Deum
1284 560 1378 616 tibi
1398 570 1737 617 mansuetum
1766 571 1823 617 et
1847 562 2030 617 mitem
2054 559 2193 625 ﬁeri,
2224 575 2347 615 cum

766 664 825 709 tu
854 668 1117 710 conservo
1144 661 1235 707 tuo
1261 660 1368 707 tam
1390 652 1567 722 gravis
1601 651 1677 707 sis
1707 661 1764 708 et
1788 650 2170 709 inexorabilis?
2192 649 2346 719 Esto,

766 747 1090 802 contumelia
1124 753 1175 799 te
1205 743 1383 799 aﬂ'ecit
1418 758 1714 799 conservus
1742 761 1757 799 :
1785 758 1965 799 nonne
1991 751 2045 797 tu
2069 756 2215 811 saepe
2239 741 2350 795 Deo

763 837 1117 894 contumelias
1143 835 1449 905 facisiQuid
1461 836 1663 907 aequale
1683 836 1825 891 inter
1849 835 2125 891 dominum
2149 842 2206 887 ct
2230 846 2348 887 ser-

721 930 745 972 -'-'
764 930 916 985 vum?
933 928 1093 999 Atqui
1115 928 1202 983 hic
1223 927 1488 983 interdum
1514 929 1901 984 contumeliose
1926 927 2351 993 habitus,coutu-

766 1022 978 1077 rneliam
1011 1018 1152 1076 forte
1179 1018 1435 1090 reposuit,
1463 1027 1518 1074 et
1533 1029 1881 1090 exasperatus
1896 1033 1988 1082 es;
2016 1027 2071 1071 tu
2098 1017 2352 1071 adversus

770 1114 1053 1169 Dominum
1079 1111 1465 1169 contumeliose
1491 1112 1629 1182 agis,
1650 1113 1780 1167 nihil
1801 1111 2012 1181 quidem
2042 1111 2111 1165 ab
2140 1110 2232 1164 illo
2263 1110 2354 1163 ια»-

765 1222 859 1260 sus
881 1248 896 1270 ,
927 1206 1020 1260 sed
1050 1204 1316 1275 perpetuis
1336 1204 1580 1274 quotidie
1608 1203 1878 1260 beneficiis
1905 1202 2148 1257 affectus.
2170 1201 2356 1272 Cogita

766 1311 893 1364 ergo
907 1294 1046 1364 quod
1069 1295 1111 1348 si
1128 1294 1291 1349 vellet
1304 1294 1447 1349 Deus
1464 1294 1719 1350 adversus
1734 1308 1794 1348 se
1817 1294 2103 1347 commissa
2126 1292 2322 1362 diligen
2336 1323 2357 1337 -

770 1394 853 1438 ter
879 1385 1161 1454 exquirere
1186 1426 1202 1451 ,
1232 1400 1299 1438 ne
1326 1384 1392 1438 ad
1410 1401 1573 1439 unum
1603 1384 1814 1454 quidem
1841 1383 1984 1437 diem
2032 1386 2358 1440 viveremus.

770 1476 1005 1541 Peccata,
1035 1462 1202 1540 enim,
1225 1477 1410 1544 inquit,
1427 1477 1472 1529 si
1498 1473 2103 1541 observaveris,Domine,
2127 1476 2357 1539 Domine,

770 1570 884 1640 quis
933 1570 1194 1624 sustinebit
1239 1568 1257 1637 (
1298 1567 1441 1621 Psal.
1470 1566 1593 1623 129.
1623 1566 1739 1637 3)?
1780 1568 1849 1621 Et
1885 1580 1942 1621 ut
1988 1569 2229 1622 omittam
2259 1567 2358 1619 alia

771 1661 950 1715 omnia
999 1668 1249 1729 peccata,
1281 1674 1403 1728 qua:
1447 1659 1564 1713 sola
1605 1659 1867 1729 cujusque
1914 1658 2209 1729 peccatoris
2235 1674 2361 1712 con-

771 1751 991 1804 scientia
1021 1749 1235 1818 cognita
1269 1750 1463 1812 habet,
1494 1759 1545 1804 et
1576 1750 1664 1803 ubi
1712 1760 1910 1819 praeter
1955 1750 2120 1804 Deum
2157 1750 2357 1802 nullum

769 1851 961 1897 testem
990 1840 1331 1905 reformidat,
1356 1841 1401 1893 si
1428 1840 1495 1895 de
1520 1840 1782 1895 confessis
1826 1840 1942 1893 istis
1969 1849 2021 1892 et
2049 1839 2251 1908 apertis
2277 1853 2361 1891 ra-

774 1935 979 1989 tionem
1004 1946 1433 2002 reposceremur,
1455 1946 1612 2000 quam
1635 1930 1845 1984 veniam
1871 1970 1887 1994 ,
1910 1944 2113 1999 qumso,
2143 1944 2363 1998 sperare

772 2022 1123 2093 possemus,si
1143 2020 1444 2075 nostramin
1460 2020 1707 2089 precibus
1736 2020 1980 2074 inertiam
2007 2029 2062 2074 et
2088 2020 2357 2088 negligen-

774 2116 900 2170 tiam
928 2111 1282 2182 expenderet:
1300 2110 1442 2182 quod
1467 2126 1649 2166 coram
1679 2125 1745 2166 eo
1775 2110 2133 2165 consistentes
2158 2111 2364 2178 ipsum-

773 2222 878 2278 que
904 2208 1235 2271 invocantes,
1250 2218 1319 2258 ne
1342 2212 1547 2257 tantum
1566 2202 1780 2272 quidem
1796 2201 2014 2272 pudoris
2043 2210 2097 2255 et
2116 2215 2368 2255 reveren-

775 2298 862 2350 tiae
883 2295 1213 2359 exhibemus,
1238 2302 1491 2364 quantum
1507 2293 1645 2347 servi
1664 2292 1892 2346 dominis
1906 2293 2037 2358 suis,
2060 2301 2151 2345 aut
2170 2290 2367 2345 milites

775 2388 1019 2451 ducibus,
1034 2395 1127 2440 aut
1145 2385 1301 2439 amici
1318 2383 1540 2437 aulicis?
1555 2398 1675 2436 cum
1688 2383 1859 2436 amico
1872 2382 2014 2436 enim
2029 2381 2364 2449 colloquens,

776 2494 897 2532 cum
924 2476 1216 2531 attentione
1243 2473 1369 2528 illud
1393 2472 1545 2539 facis;
1566 2486 1686 2527 cum
1710 2472 1818 2527 Deo
1846 2480 2024 2526 autem
2042 2470 2110 2527 de
2129 2470 2368 2541 peccatis

778 2569 883 2621 tuis
894 2564 1596 2637 agens,etcondonationem
1610 2564 1884 2633 postulans
1898 2564 2171 2618 etveniam
2187 2577 2367 2629 orans,

782 2658 1011 2712 subinde
1040 2655 1669 2725 torpescis,genibusque
1695 2654 1842 2708 humi
1873 2654 2079 2724 positis,
2108 2669 2251 2723 saepe
2278 2669 2373 2723 per

789 2748 985 2812 forum,
1016 2760 1161 2815 saepe
1190 2761 1283 2815 per
1311 2745 1455 2799 aedes
1484 2752 1715 2799 mentem
1750 2753 1892 2798 tuam
1931 2743 2167 2813 divagari
2195 2743 2329 2797 sinis
2355 2783 2370 2807 ,

784 2856 879 2894 ore
908 2850 1000 2893 tuo
1028 2838 1240 2892 interim
1271 2847 1475 2892 temere
1504 2836 1839 2906 inanitcrque
1873 2837 2143 2906 garriente
2169 2854 2183 2890 :
2214 2835 2373 2905 idque

782 2949 888 2988 non
914 2932 1075 2987 semel
1100 2941 1190 2985 aut
1216 2932 1318 2995 bis,
1347 2930 1440 2985 sed
1469 2929 1774 3001 frequenter
1794 2930 1951 2985 nobis
1971 2931 2199 2987 accidit:
2220 2934 2367 3002 quod

784 3026 829 3079 si
873 3024 956 3080 vel
1009 3023 1136 3078 illud
1183 3023 1357 3076 solum
1391 3022 1689 3092 ponderare
1722 3022 1853 3077 velit
1877 3021 2047 3089 Deus,
2073 3038 2142 3078 an
2162 3023 2371 3077 veniam

784 3128 941 3187 putas
965 3114 1374 3171 obtinehimus?
1419 3130 1486 3168 an
1531 3116 1898 3185 purgationem
1941 3115 2172 3186 aliquam
2217 3116 2376 3170 ador-

787 3224 919 3264 nare
939 3210 1232 3278 poterimus
1250 3205 1411 3260 Mlihi
1433 3215 1579 3261 certe
1598 3205 1651 3260 id
1680 3205 1793 3260 fieri
1826 3221 1930 3261 non
1959 3222 2114 3274 posse
2141 3206 2372 3262 videtur.

864 3299 921 3352 9..
950 3298 1086 3366 Quid
1133 3298 1176 3351 si
1206 3297 1318 3367 jam
1348 3298 1586 3352 convicia
1631 3297 1822 3367 quibus
1857 3297 2090 3367 quotidie
2119 3296 2209 3352 alii
2242 3298 2376 3354 alios

787 3391 1123 3451 incessimus,
1158 3388 1211 3442 in
1241 3387 1477 3443 medium
1519 3386 1854 3457 produxerit,
1880 3386 2186 3458 judiciaquc
2216 3388 2376 3457 inop-

786 3488 1009 3551 portuna
1041 3520 1056 3543 ,
1113 3478 1305 3548 quibus
1362 3478 1669 3546 proximum
1713 3476 2175 3544 condemnamus,
2220 3477 2380 3548 idque

787 3572 935 3627 nulla
962 3569 1064 3623 alia
1086 3568 1155 3624 de
1178 3582 1361 3634 causa,
1382 3582 1541 3637 quam
1566 3567 1706 3637 quod
1736 3567 1982 3623 maledici
2007 3583 2228 3634 sumus;
2252 3568 2378 3638 quid

790 3662 1083 3733 poterimus
1109 3699 1128 3726 ,
1155 3674 1371 3729 quaeso,
1419 3674 1517 3727 pro
1560 3657 1875 3713 defensione
1919 3666 2099 3713 nostra
2143 3658 2380 3714 afferre?

790 3754 1021 3807 Rursum
1074 3750 1119 3803 si
1167 3750 1441 3804 examinet
1503 3748 1746 3803 curiosos
1796 3759 2008 3805 nostros
2059 3750 2280 3804 intuitus
2324 3757 2380 3805 et

787 3841 950 3897 animi
979 3854 1173 3911 pravas
1194 3839 1531 3909 cupiditates,
1555 3839 1779 3894 subinde
1807 3840 2048 3910 turpibus
2071 3851 2123 3896 et
2149 3840 2377 3895 immun-

788 3935 874 3991 dis
900 3933 1308 4004 cogitationibus
1335 3931 1564 3986 imbutas
1587 3974 1602 3998 ,
1629 3932 1754 3986 dum
1786 3932 1974 3987 oculos
1996 3932 2235 4002 quolibet
2260 3933 2378 3988 sine

790 4028 895 4083 ulla
942 4026 1318 4081 observatione
1370 4025 1623 4080 oberrare
1672 4026 1934 4093 sinimus,
1963 4042 2122 4097 quam
2168 4041 2380 4095 poenam

795 4118 1030 4174 luemus?
1048 4117 1199 4186 Quod
1220 4117 1265 4171 si
1296 4116 1507 4172 ineatur
1530 4117 1666 4171 ratio
1689 4127 1990 4172 nostrorum
2012 4118 2380 4172 conviciorum

792 4210 953 4281 (nam
987 4207 1088 4276 Qui
1113 4208 1260 4278 fratri
1278 4225 1371 4262 suo
1396 4208 1581 4263 dixerit
1604 4249 1622 4274 ,
1654 4207 1843 4271 Fatue,
1868 4224 1985 4263 reus
2008 4209 2107 4263 erit
2142 4208 2385 4279 gehennae

792 4302 924 4372 ignis
945 4298 1155 4373 [Μαιιιι.
1184 4301 1239 4356 5.
1269 4298 1411 4373 22]),
1437 4317 1563 4355 nunt
1591 4301 1675 4356 vel
1696 4315 1759 4356 os
1783 4300 2041 4357 diducere
2067 4301 2147 4356 vel
2176 4300 2383 4357 hiscere

796 4391 991 4457 licebit,
1020 4402 1113 4445 aut
1158 4406 1384 4460 parvum
1431 4401 1525 4446 aut
1568 4407 1818 4463 magnum
1868 4392 2379 4463 respondereilam

800 4483 986 4536 inanes
1004 4492 1213 4534 nostras
1236 4482 1580 4551 gloriationes
1600 4483 1669 4537 de
1695 4482 1939 4553 precibus
1957 4483 2038 4539 vel
2054 4483 2275 4554 jejuniis
2296 4485 2380 4539 vel

798 4572 1160 4641 eleemosynis
1188 4572 1408 4636 nostris,
1437 4572 1481 4625 si
1511 4573 1563 4626 in
1591 4572 2012 4643 disquisitionem
2041 4584 2378 4638 revocentur,

798 4679 907 4719 non
935 4678 964 4717 a
995 4663 1127 4728 Deo,
1159 4662 1251 4716 sed
1281 4678 1310 4715 a
1345 4664 1497 4717 nobis
1527 4664 1657 4734 ipsis
1680 4668 1767 4734 qui
1794 4668 2133 4732 peccavimus
2164 4684 2177 4721 :
2202 4684 2269 4722 an
2290 4684 2385 4721 au-

798 4754 1045 4810 debimus
1073 4754 1158 4808 vel
1183 4754 1372 4807 ca-lum
1403 4755 1707 4822 respicere?
1738 4756 1904 4810 Porro
1925 4757 1968 4811 si
1990 4756 2058 4813 de
2083 4757 2223 4812 dolis
2246 4757 2385 4826 judi-

798 4849 938 4903 cium
969 4846 1078 4913 fiat,
1110 4862 1245 4916 quos
1277 4846 1367 4901 alii
1420 4847 1471 4901 in
1502 4846 1638 4901 alios
1666 4847 2010 4912 censuimus,
2059 4864 2201 4903 nunc
2244 4865 2383 4918 pra:-

801 4954 1006 4995 sentem
1031 4939 1307 4995 laudantes
1322 4939 1562 5005 fratrem,
1578 4955 1776 4996 aecum
1800 4956 1865 4995 eo
1892 4942 2043 5012 quasi
2070 4957 2191 4997 cum
2212 4943 2386 4997 amico

801 5031 1066 5101 colloquia
1101 5032 1408 5097 miscentes,
1432 5049 1575 5089 nunc
1602 5034 1879 5089 absentem
1910 5035 2293 5090 criminantes:
2317 5050 2383 5088 an

802 5137 958 5192 pares
983 5121 1185 5177 erimus
1215 5122 1516 5178 istiusmodi
1550 5124 1759 5193 partae?
1783 5126 1919 5194 Quid
1948 5126 2121 5181 dicam
2146 5126 2215 5181 de
2236 5126 2384 5196 jura-

800 5212 1021 5279 ntcntis,
1054 5212 1368 5277 mendaciis,
1399 5214 1651 5284 perjuriis
1672 5260 1689 5285 ,
1718 5218 1917 5285 injusto
1942 5221 2143 5286 furore,
2176 5221 2344 5276 livore
2365 5261 2380 5281 ,

796 5326 905 5380 quo
937 5325 1080 5379 smpe
1120 5309 1432 5363 invidemus
1472 5308 1606 5363 viris
1643 5307 1959 5377 conspicuis
1994 5324 2099 5364 non
2144 5308 2393 5364 inimicis

798 5402 983 5468 modo,
1016 5403 1109 5457 sed
1134 5402 1363 5457 amicis?
1384 5401 1517 5471 quid
1534 5399 1680 5471 quod
1706 5398 2045 5455 oblectamur
2058 5402 2254 5457 alienis
2274 5418 2393 5456 ma-

799 5494 888 5560 lis,
912 5494 1357 5565 arhitramurque
1382 5495 1618 5550 alienam
1639 5492 2008 5550 infelicitatem
2030 5496 2200 5552 nostri
2222 5496 2393 5551 infor-

800 5586 940 5639 tunii
967 5586 1221 5642 solatium
1243 5588 1405 5643 esse?

869 5676 1342 5743 Confabulationes
1374 5680 1428 5733 in
1451 5680 1676 5735 ecclesia
1716 5680 2014 5751 prohibitor.
2049 5712 2118 5723 —
2141 5681 2299 5750 Quod
2340 5681 2386 5735 si

796 5769 1038 5839 torporis
1062 5771 1234 5825 nostri
1267 5771 1320 5826 in
1350 5789 1505 5829 sacra
1532 5774 1756 5829 collecta
1785 5774 1923 5829 ratio
1940 5776 2210 5847 exigatur,
2230 5776 2389 5847 quid-

793 5877 920 5916 nam
942 5859 1248 5932 paticntur?
1276 5862 1408 5918 illud
1433 5864 1634 5937 quippe
1658 5881 1765 5922 non
1786 5866 2069 5937 ignoratis,
2097 5867 2243 5939 quod
2268 5868 2386 5937 ipso

1506 443 1566 502 8.
1604 443 1884 503 JOANNIS
1921 444 2395 504 CHRYSOSTOMI
2435 443 2755 503 ARCHIEP.
2793 448 3329 509 CONSTANTINOP.

3944 464 4052 521 τοο

2459 561 2569 617 Deo
2593 576 2739 633 saepe
2762 577 2862 634 per
2890 567 3207 637 prophetam
3231 584 3351 624 cum
3392 566 3641 625 omnibus
3685 572 3842 633 nobls
3880 580 4053 636 collo.

2457 662 2671 723 quente,
2702 653 2899 710 multas
2924 671 3257 731 magnasque
3279 658 3631 716 fabulationes
3646 673 3767 715 cum
3791 669 4053 731 proximis

2459 742 2771 809 habeamus,
2813 742 2882 800 de
2920 747 3082 802 rebus
3124 750 3192 804 ad
3232 766 3332 805 nos
3377 750 3597 806 minime
3634 752 4050 820 pertinentibus.

2458 834 2612 900 Quod
2658 837 2705 891 si
2742 835 2923 906 igitur,
2967 838 3183 895 omissis
3222 842 3433 897 czeteris
3478 841 3763 907 omnibus,
3812 857 3911 912 par
3961 846 4054 902 isti

2457 924 2655 981 delicto
2701 926 3015 997 supplicium
3055 931 3361 998 postuletur
3394 974 3409 998 ,
3443 932 3570 1003 quid
3617 932 3882 1003 reliquum
3924 936 4053 1001 erit,

2459 1015 2601 1083 quod
2643 1016 2714 1071 de
2750 1017 2923 1073 salute
2969 1021 3248 1087 speretur?
3287 1021 3366 1077 Ne
3414 1024 3692 1079 existimes
3736 1021 3789 1078 id
3830 1037 4053 1092 parvum

2460 1106 2661 1159 crimen
2690 1121 2812 1163 esse
2840 1126 2852 1161 :
2881 1109 2995 1179 ejus
3031 1110 3173 1164 enim
3222 1115 3642 1182 magnitudinem
3668 1117 3713 1172 si
3744 1115 4054 1189 perspicere

2460 1198 2731 1265 cupias,in
2756 1199 2917 1255 rebus
2949 1200 3191 1255 humanis
3217 1204 3647 1272 perspiciendum
3672 1216 3774 1262 est.
3804 1206 3952 1261 Aude
3977 1207 4056 1260 sis

2464 1296 2690 1356 praetore
2711 1297 2884 1343 tecum
2908 1290 3066 1344 verba
3090 1290 3341 1356 habente,
3361 1292 3471 1349 imo
3490 1298 3574 1351 vel
3588 1299 3764 1353 amico
3781 1298 4055 1369 aliquanto

2466 1378 2791 1444 honestiore,
2838 1394 2905 1433 eo
2946 1380 3148 1436 omisso
3187 1396 3492 1438 sermonem
3539 1394 3687 1441 tuum
3734 1388 3801 1443 ad
3842 1403 4054 1443 servum

2466 1470 2773 1535 transferre,
2806 1485 2869 1525 ac
2906 1478 3019 1524 tum
3065 1470 3273 1526 videbis
3310 1483 3569 1542 quantum
3612 1479 3789 1533 scelus
3831 1478 4054 1542 audeas,

2465 1580 2585 1619 cum
2631 1565 2860 1636 idipsum
2889 1564 2941 1619 in
2968 1565 3135 1620 Deum
3178 1564 3329 1620 facis.
3378 1565 3531 1633 Quod
3561 1570 3605 1623 si
3636 1570 3913 1626 honestior
3957 1571 4058 1624 ali-

2464 1656 2585 1724 quis
2598 1654 2901 1725 hujusmodi
2916 1654 3291 1710 contumeliam
3310 1656 3649 1726 neglecturus
3674 1676 3781 1714 non
3797 1671 3900 1728 est,
3918 1662 4061 1716 Deus

2469 1754 2647 1799 tamen
2700 1744 2890 1801 iisdem
2943 1746 3336 1817 majoribusque
3384 1746 3592 1816 injuriis
3642 1749 3885 1818 pulsatus
3928 1766 4061 1820 quo.

2468 1836 2615 1899 tidie,
2645 1850 2745 1890 nec
2774 1837 2843 1890 ab
2871 1852 2980 1892 uno
3006 1846 3098 1892 aut
3124 1840 3292 1892 altero
3309 1837 3388 1892 vel
3408 1853 3439 1891 a
3468 1838 3639 1893 tribus
3675 1840 3872 1907 solum,
3903 1844 3997 1896 sed
4030 1858 4060 1894 a

2466 1924 2623 1978 nobis
2646 1924 2817 1979 ferme
2836 1926 3111 1994 omnibus,
3125 1928 3179 1981 in
3200 1928 3606 1983 mansuetudine
3630 1944 3725 1983 sua
3749 1939 3803 1983 et
3829 1930 4062 1985 toleran-

2470 2016 2539 2069 tia
2568 2024 2907 2086 perseverat,
2934 2032 3094 2086 quam
3126 2034 3234 2073 non
3261 2020 3435 2074 solum
3460 2020 3715 2075 adversus
3740 2022 4061 2088 istiusmodi,

2470 2110 2566 2164 sed
2596 2118 2651 2164 et
2676 2108 2777 2163 alia
2806 2109 2974 2163 multo
3005 2109 3253 2179 graviora
3283 2122 3586 2167 conservat.
3615 2111 3741 2167 ιιι-ο
3767 2114 3909 2168 enim
3934 2129 4067 2167 con-

2472 2202 2613 2257 fessa
2641 2210 2696 2257 et
2720 2202 3008 2257 manifesta
3034 2211 3161 2257 sunt
3186 2204 3382 2258 delicta
3426 2222 3545 2275 qua:
3584 2208 3969 2277 propemodum
3997 2209 4067 2263 ab

2472 2294 2722 2348 omnibus
2760 2293 3136 2363 designantur;
3165 2304 3291 2348 sunt
3332 2306 3512 2351 autem
3560 2306 3616 2351 et
3664 2298 3791 2364 alia,
3836 2314 4066 2367 quorum

2470 2386 2727 2456 cujusque
2751 2387 3049 2456 peccatoris
3074 2387 3284 2441 animus
3307 2396 3390 2442 est
3413 2389 3680 2442 conscius.
3704 2389 3856 2456 Quod
3882 2391 3927 2445 si
3950 2390 4069 2446 hmo

2470 2478 2648 2533 oinnia
2675 2488 2855 2533 mente
2876 2479 3285 2546 revolverimus,
3304 2479 3513 2534 etiamsi
3534 2481 3769 2535 omnium
3807 2481 4069 2537 crudelis-

2475 2571 2601 2625 simi
2626 2585 2690 2626 ac
2715 2571 3088 2626 immanissimi
3115 2573 3304 2639 simus,
3331 2571 3492 2627 modo
3521 2572 3913 2628 multitudinem
3945 2588 4069 2643 pee-

2474 2672 2714 2716 catorum
2735 2670 3043 2716 nostrorum
3063 2660 3482 2726 consideremus,
3516 2677 3625 2732 pra:
3644 2672 3788 2717 metu
3810 2670 3865 2717 et
3886 2663 4070 2717 anxie-

2479 2760 2589 2805 tate
2614 2764 2682 2805 ne
2705 2751 3016 2805 meminisse
3040 2750 3259 2820 quidem
3286 2750 3498 2805 vacabit
3536 2762 3879 2819 acceptarum
3923 2751 4037 2820 inju
4055 2782 4070 2792 -

2476 2842 2699 2895 riarum.
2720 2840 3027 2896 Recordare
3062 2841 3203 2911 ignei
3228 2840 3396 2907 fluvii,
3420 2842 3616 2896 vermis
3644 2842 3911 2905 venenati,
3944 2843 4071 2896 hor-

2476 2932 2629 2987 rendi
2672 2933 2880 3002 judicii,
2915 2932 2969 2986 in
3017 2947 3124 3002 quo
3162 2934 3339 2986 omnia
3367 2933 3505 2987 nuda
3555 2942 3609 2987 et
3636 2941 3816 3002 aperta
3862 2943 4021 2988 erunt
4054 2953 4069 2988 :

2478 3024 2653 3095 cogita
2678 3023 2822 3094 quod
2847 3039 2966 3092 qua!
2993 3039 3132 3078 nunc
3158 3025 3212 3077 in
3242 3024 3422 3077 abdito
3450 3025 3637 3090 latent,
3662 3033 3788 3078 tunc
3814 3026 3863 3078 in
3891 3025 4068 3080 lucent

2479 3114 2837 3186 proferentur.
2883 3114 3036 3181 Quod
3065 3114 3110 3169 si
3138 3116 3380 3184 proximo
3421 3116 3691 3170 remiseris
3737 3126 3973 3185 peccata,
4004 3131 4069 3171 ea

2477 3220 2597 3274 quae
2626 3213 2735 3259 tum
2765 3204 3053 3276 retegenda
3076 3214 3257 3268 erunt,
3284 3219 3427 3260 nunc
3457 3206 3509 3259 in
3541 3206 3643 3260 hoc
3671 3206 3867 3260 saeculo
3892 3206 4073 3260 abole-

2478 3294 2702 3359 buntur,
2731 3294 3013 3363 exibisque
3043 3294 3176 3348 nihil
3205 3304 3380 3348 tecum
3412 3294 3632 3349 trahens
3657 3310 3724 3350 ex
3757 3297 3861 3350 tuis
3886 3313 4073 3366 pecca-

2482 3387 2569 3451 tis,
2600 3385 2738 3441 adeo
2768 3392 2828 3439 ut
2855 3384 3023 3439 multo
3054 3385 3171 3455 plus
3200 3386 3450 3455 recipias,
3482 3402 3638 3456 quam
3665 3386 3877 3440 dedisti.
3906 3387 4068 3441 Multa

2483 3492 2627 3546 smpe
2653 3476 2954 3531 istiusmodi
2988 3475 3330 3547 deliquimus,
3363 3493 3587 3547 quorum
3631 3480 3897 3533 neminem
3937 3492 4073 3532 con-

2483 3568 2654 3623 scium
2700 3567 2964 3621 habemus
2995 3584 3009 3621 :
3039 3566 3234 3622 deinde
3258 3583 3377 3622 cum
3406 3570 3700 3639 cogitamus
3723 3570 3864 3639 quod
3893 3586 3959 3624 eo
3982 3570 4073 3625 die

2482 3666 2607 3712 ante
2647 3658 2834 3712 oculos
2886 3658 3125 3711 omnium
3166 3668 3387 3727 peccaui
3436 3670 3616 3714 nostra
3660 3670 3991 3728 exponentur
4016 3662 4071 3715 in

2483 3749 2691 3820 publico
2712 3749 2859 3804 orbis
2883 3757 3146 3805 terrarum
3171 3749 3401 3817 theatro,
3428 3752 3630 3805 tristius
3646 3751 3696 3805 id
3713 3768 3869 3821 quant
3897 3754 4071 3822 ipsum

2482 3842 3057 3911 supplicium,augente
3088 3857 3186 3896 nos
3211 3851 3268 3897 et
3291 3844 3525 3899 elidente
3551 3845 3902 3911 conscientia,
3922 3846 4072 3900 arbi-

2487 3932 2950 3987 tramur.Tantunt
2996 3933 3238 4002 pudoris,
3266 3944 3345 3987 tot
3375 3944 3614 4002 peccata,
3645 3943 3787 3987 tanta
3815 3936 4074 4003 supplicia

2488 4025 2675 4079 eluere
2704 4023 2831 4078 licet
2860 4039 2956 4093 per
3001 4023 3446 4078 condonationem
3488 4023 3704 4077 offensa:
3737 4040 3751 4075 :
3781 4023 3911 4077 nihil
3930 4024 4076 4079 enim

2486 4126 2569 4172 est
2596 4117 2719 4172 huic
2744 4116 2929 4171 virtuti
2956 4115 3181 4186 aequale.
3217 4115 3306 4168 Vis
3334 4128 3658 4184 cognoscere
3697 4116 3852 4184 hujus
3892 4116 4077 4172 vires?

2488 4209 2550 4265 Si
2578 4210 2765 4263 steterit
2795 4207 3018 4280 Moyses,
3045 4217 3094 4262 et
3114 4207 3326 4262 Samuel
3353 4216 3470 4260 ante
3488 4207 3671 4278 faciem
3692 4224 3870 4272 nteant,
3885 4207 4074 4277 inquit,

2486 4318 2588 4355 non
2608 4312 2679 4356 est
2698 4301 2870 4354 anima
2893 4316 3005 4353 mea
3028 4299 3097 4353 ad
3122 4316 3208 4353 eos
3233 4296 3447 4370 (Jerem.
3469 4296 3652 4369 15.1).
3668 4300 3914 4353 Attamen
3944 4315 4080 4368 quos

2487 4410 2592 4447 non
2622 4400 2907 4463 potuerunt
2931 4391 3141 4464 Moyses
3165 4402 3220 4447 et
3251 4389 3466 4447 Samuel
3506 4392 3719 4461 eripere
3742 4391 3810 4445 ab
3838 4390 3917 4445 ira
3946 4392 4075 4456 Dei,

2490 4487 2646 4556 hujus
2672 4485 2924 4557 praecepti
2949 4484 3254 4540 observatio
3282 4485 3491 4553 eripere
3530 4484 3699 4554 potuit
3727 4500 3743 4538 :
3768 4497 3833 4537 ac
3856 4484 4080 4552 proinde

2490 4578 2600 4631 illis
2644 4576 2837 4646 quibus
2882 4577 2981 4631 ista
3020 4575 3189 4641 dixit,
3231 4574 3449 4629 assidue
3493 4574 3748 4644 prmeepit
3789 4572 4030 4642 inquiens
4064 4593 4079 4629 :

2494 4667 2746 4738 Nequitia
2785 4668 2956 4737 fratris
2997 4668 3145 4721 vestri
3170 4665 3360 4736 singuli
3384 4680 3449 4718 ne
3469 4665 3800 4718 recordemini
3826 4666 3878 4719 in
3907 4668 4079 4719 cordi-

2491 4760 2583 4813 bus
2603 4760 2774 4813 vestris
2803 4759 2984 4833 (Zach.
3005 4760 3057 4814 7.
3088 4758 3212 4826 i0):
3240 4755 3319 4809 De
3346 4757 3629 4827 malefactis
3655 4759 3872 4828 proximi
3895 4760 4083 4831 singuli

2494 4866 2555 4903 ne
2595 4850 2925 4920 cogitaveritis
2955 4847 3066 4920 (Id.
3098 4847 3152 4902 8.
3179 4845 3290 4918 17).
3326 4845 3441 4901 Non
3462 4848 3594 4902 dixit
3614 4849 3807 4916 solum,
3828 4850 4080 4917 Remitte,

2493 4939 2606 5004 sed,
2638 4940 2714 4996 Ne
2738 4942 2819 4996 vel
2851 4942 2904 4995 in
2936 4947 3119 4995 mente
3152 4937 3373 5005 habeas,
3403 4954 3473 4994 ne
3492 4941 3711 5010 cogites,
3744 4943 3931 4997 omitte
3960 4944 4082 4997 uni-

2496 5048 2703 5088 versam
2730 5033 2889 5098 iram,
2912 5033 3069 5088 ulcus
3100 5032 3225 5087 tolle
3254 5050 3267 5087 :
3296 5032 3424 5089 dum
3450 5034 3590 5089 enim
3609 5036 3897 5091 vindictam
3925 5038 4083 5090 ador-

2495 5139 2611 5191 nas,
2640 5126 2871 5195 primum
2896 5124 3126 5194 teipsum
3175 5133 3440 5181 tormento
3480 5126 3671 5194 afficis,
3702 5128 3868 5183 veluti
3894 5127 3939 5181 si
3968 5142 4082 5181 car.

2494 5216 2702 5272 nilicem
2748 5218 2884 5273 iram
2933 5217 3026 5272 tibi
3074 5219 3441 5288 apposuisses,
3471 5220 3737 5277 dilanians
3779 5231 3869 5275 tua
3916 5221 4084 5289 ipsius

2493 5307 2717 5361 viscera.

2566 5397 2665 5462 Qui
2708 5400 2837 5453 iram
2882 5415 2987 5452 non
3030 5402 3274 5471 refrenat,
3300 5401 3352 5455 in
3397 5403 3624 5457 cruciatu
3666 5403 3805 5458 vivit.
3841 5430 3914 5442 —
3945 5400 4082 5469 Quid

2492 5490 2633 5543 enim
2662 5491 2912 5546 miserius
2938 5489 3153 5545 homine
3182 5492 3393 5548 assidue
3413 5493 3589 5548 irato?
3613 5490 4079 5562 Quemadmodum

2494 5579 2676 5636 furiosi
2704 5597 2992 5652 numquam
3038 5582 3283 5639 fruuntur
3322 5587 3703 5657 tranquillitate
3733 5603 3748 5638 :
3779 5584 3852 5638 ita
3884 5582 3977 5653 qui
4003 5584 4082 5638 si-

2492 5673 2769 5726 multatem
2795 5674 2952 5742 gerit,
2969 5683 3022 5727 et
3049 5673 3317 5731 inimicum
3343 5676 3523 5744 habet,
3552 5688 3843 5746 numquam
3883 5674 4074 5729 fruitur

2495 5765 2596 5817 ulla
2623 5777 2775 5833 pace,
2810 5772 3065 5832 perpetuo
3107 5775 3338 5824 mstuans
3363 5769 3403 5839 ⁸,
3439 5776 3915 5839 tempestatemque
3940 5767 4078 5837 cogi-

2562 5873 2581 5906 ⁸
2614 5872 2723 5935 Alii,
2744 5874 2983 5931 incensus.
