4414 6680
231 404 341 463 199

228 526 315 580 λει
362 528 455 584 τὸν
498 530 777 602 Δεσπότην
816 525 1025 598 ἥμερόν
1072 538 1155 575 σοι
1193 522 1445 590 γενέσθαι
1475 526 1571 579 καὶ
1597 526 1793 592 πρᾶον,
1834 520 1911 587 τῷ

230 616 512 691 συνδούλῳ
542 618 837 690 γενόμενος
879 610 1045 673 αὐτὸς
1078 609 1315 680 χαλεπὸς
1359 613 1454 666 καὶ
1487 612 1911 681 ἀσύγγνωστοςς

241 702 394 759 Ἀλλ’
423 707 613 779 ῦϐρισέ
651 724 708 759 σε
739 707 767 758 ὀ
796 698 1113 762 σύνδουλος;
1142 698 1236 751 καὶ
1273 702 1336 755 σὺ
1371 701 1462 754 τὸν
1511 701 1645 753 Θεὸν
1673 698 1914 768 ὑϐρίζεις

230 793 517 859 πολλάκις.
554 794 665 849 Ποῦ
690 792 745 844 δὲ
778 790 892 840 ἴσον
921 786 1202 851 σύνδουλος
1227 789 1317 842 καὶ
1350 789 1650 857 δεσπότης;
1679 787 1791 839 Καὶ
1815 787 1913 838 αῦ-

229 880 324 944 τὸς
382 884 483 952 μὲν
520 882 637 934 ἐνια
678 878 777 948 μέν
824 892 929 928 που
981 876 1351 947 ἠδικημένοςι
1389 878 1519 939 ῐσως
1568 874 1782 945 ῦϐρισε,
1820 873 1914 927 καὶ

229 970 601 1041 παρωξύνθης
622 984 635 996 ·
681 966 745 1017 σὺ
775 964 831 1016 δὲ
862 964 955 1016 τὸν
980 965 1253 1035 Δεσπότην
1294 964 1557 1036 ὑϐρίζεις,
1592 962 1692 1015 οὐκ
1716 962 1913 1031 ἠδικη-

232 1059 400 1125 μένος
442 1055 565 1109 οὐδὲ
608 1050 1071 1122 ἐπηρεαζόμενος,
1127 1052 1242 1105 ἀλλ’
1277 1051 1742 1123 εὐεργετούμενος
1790 1046 1912 1100 καθ’

227 1145 477 1213 ἑκάστην
507 1142 603 1193 ὑπ’
630 1138 797 1192 αὑτοῦ
845 1139 944 1209 τὴν
992 1140 1223 1211 ἡμέραν.
1270 1141 1558 1210 Ἐννόησον
1602 1137 1806 1198 τοίνυν,
1829 1137 1913 1188 ὅτι

228 1238 278 1285 εί
318 1228 611 1301 βουληθείη
649 1226 786 1296 μετὰ
816 1226 1103 1298 ἀκριϐείας
1146 1228 1214 1282 τὰ
1252 1230 1332 1292 εἰς
1384 1228 1547 1281 αὑτὸν
1593 1225 1855 1295 γινόμενα
1885 1223 1914 1275 ὀ

224 1321 366 1382 θεὸς
386 1315 684 1382 ἐξετάζειν,
712 1313 833 1367 ούδέ
854 1314 980 1384 μίαν
1002 1314 1312 1387 βιωσόμεθα
1336 1313 1685 1384 τὴνήμέραν.
1717 1311 1916 1378 Ἀμαρο

226 1408 364 1471 τίας
406 1404 538 1473 γὰρ,
568 1404 732 1473 φησὶν
757 1404 786 1454 ὀ
814 1403 1118 1474 προφήτης,
1154 1404 1265 1457 ἐὰν
1304 1400 1763 1471 παρατηρήσῃς,
1796 1398 1914 1450 Κύ-

218 1508 341 1560 ριε,
373 1493 467 1556 τίς
495 1488 937 1555 ὑποστήσεταις
966 1491 1076 1543 Καὶ
1114 1492 1200 1545 ἴνα
1232 1490 1393 1562 παρῶ
1427 1488 1496 1541 τὰ
1536 1487 1673 1541 ἄλλα
1708 1485 1910 1548 πάντα,

224 1580 263 1634 ἃ
290 1580 353 1632 τὸ
393 1577 636 1639 συνειδὸς
678 1578 908 1633 ἑκάστου
948 1578 1055 1631 τῶν
1094 1574 1570 1649 ἀμαρτανόντωνδ
1598 1572 1911 1638 ἐπίσταται,

226 1666 327 1720 καὶ
372 1659 451 1716 ὧν
481 1664 581 1717 οῦκ
613 1663 724 1736 ἐχει
763 1666 1045 1737 μάρτυρας
1086 1663 1432 1736 ἀνθρώπους,
1477 1660 1615 1714 ἀλλά
1644 1660 1737 1713 τὸν
1778 1660 1912 1713 Θεὸν

232 1754 421 1824 μόνον,
465 1753 577 1807 τῶν
628 1755 878 1826 φανερῶν
920 1754 1128 1808 τούτων
1190 1753 1285 1806 καὶ
1349 1749 1791 1820 ὡμολογημένων
1842 1748 1913 1802 ἂν

225 1841 635 1912 ἀπαιτηθῶμεν
661 1842 838 1910 λόγον,
876 1842 1034 1895 ποίαν
1066 1844 1123 1893 ἐν
1178 1839 1392 1900 τούτοις
1437 1835 1634 1907 ἕξομεν
1668 1833 1915 1903 συγγνώ-

224 1948 376 2001 μην;
415 1933 516 1982 Ἂν
548 1929 775 2001 ἐξετάσῃ
805 1931 903 2000 τὴν
934 1926 1206 2000 ρᾳθυμίαν
1251 1924 1409 1997 ἡμῶν
1440 1923 1540 1995 τὴν
1572 1924 1630 1976 ἐν
1674 1925 1795 1986 ταῖς
1825 1923 1916 1974 εύ-

220 2020 372 2087 χαῖς,
409 2018 503 2070 καὶ
531 2016 629 2087 τὴν
656 2017 969 2089 ὀλιγωρίαν,
997 2015 1093 2068 καὶ
1130 2015 1213 2067 ὅτι
1235 2010 1546 2083 ἔμπροσθεν
1571 2009 1707 2063 Θεοῦ
1741 2010 1913 2063 ἐστῶ-

218 2122 319 2169 τες
340 2105 436 2159 καὶ
466 2104 911 2175 παρακαλοῦντες
941 2104 1125 2166 αὑτὸν,
1151 2103 1271 2155 οὐδὲ
1293 2099 1563 2170 τοσαύτην
1588 2098 1738 2169 αὐτῷ
1768 2117 1911 2170 παρ-

220 2191 428 2261 έχομεν
475 2190 609 2245 αἰδῶ
635 2192 729 2244 καὶ
758 2191 925 2261 τιμὴν
943 2230 956 2255 ,
1002 2191 1134 2261 ὅσην
1169 2191 1281 2251 τοῖς
1308 2186 1599 2249 δεσπόταις
1627 2186 1677 2239 οί
1710 2184 1909 2249 δοῦλοι,

218 2282 362 2350 ὅσην
411 2281 526 2341 τοῖς
564 2281 823 2350 ἄρχουσιν
871 2280 920 2331 οί
977 2277 1331 2348 στρατιῶται,
1368 2276 1501 2345 ὅσην
1516 2276 1630 2336 τοῖς
1656 2272 1831 2342 φίλοις
1860 2274 1911 2325 οί

220 2368 408 2436 φίλοι;
435 2368 579 2437 Φίλῳ
609 2369 706 2438 μὲν
744 2368 853 2438 γὰρ
879 2366 1263 2436 διαλεγόμενος
1296 2362 1434 2431 μετά
1481 2362 1577 2414 τοῦ
1622 2360 1911 2433 προσέχειν

220 2455 385 2508 τοῦτο
417 2458 611 2519 ποιεῖς,
636 2455 755 2527 Θεῴ
795 2455 853 2507 δὲ
903 2454 1249 2522 ἐντυγχάνων
1285 2451 1424 2521 ὑπὲρ
1467 2448 1908 2521 ἁμαρτημάτων,

221 2543 368 2614 ὑπὲρ
395 2541 891 2614 πλημμελημάτων
910 2539 1183 2593 τοσούτων
1211 2536 1561 2608 συγχώρησιν
1585 2534 1779 2598 αἰτῶν,
1816 2535 1911 2587 καὶ

221 2629 561 2700 συγγνώμην
580 2629 746 2694 ἀξιῶν
780 2646 862 2681 σοι
887 2627 1165 2696 γενέσθαι,
1199 2625 1461 2697 ῥᾳθυμεῖς
1502 2624 1782 2687 πολλάκις,
1814 2623 1910 2675 καὶ

217 2716 334 2767 τῶν
359 2714 606 2782 γονάτων
636 2730 728 2766 σου
766 2714 942 2783 χαμαὶ
974 2710 1266 2781 κειμένων,
1294 2709 1559 2779 πολλαχοῦ
1585 2710 1684 2779 τῆς
1700 2710 1908 2777 ἀγορᾶς

217 2804 319 2855 καὶ
350 2802 448 2872 τῆς
484 2802 663 2864 οἰκίας
685 2798 990 2853 πλανᾶσθαί
1014 2815 1104 2851 σου
1134 2797 1234 2869 τὴν
1254 2796 1492 2849 διάνοιαν
1514 2797 1630 2858 ἐᾶς,
1658 2795 1750 2848 τοῦ
1787 2795 1909 2847 στό-

221 2890 400 2957 ματός
451 2906 545 2942 σου
578 2886 879 2960 ληροῦντος
930 2885 1054 2954 είκῆ
1100 2886 1195 2937 καὶ
1241 2884 1453 2954 μάτην⁶
1485 2883 1580 2936 καὶ
1609 2882 1764 2935 τοῦτο
1809 2883 1906 2951 οὑχ

218 2977 375 3041 ἅπαξ
396 2978 516 3030 οῦδέ
545 2976 648 3040 δίς,
677 2975 814 3029 ἀλλά
843 2976 939 3027 καὶ
962 2972 1223 3035 πολλάκις
1254 2971 1562 3041 πάσχομεν.
1608 2972 1705 3023 Ἂν
1726 2972 1906 3024 τοίνυν

216 3061 383 3113 τοῦτο
404 3061 565 3131 μόνον
582 3061 835 3127 ἐξετάσαι
856 3058 1058 3129 θελήσῃ
1086 3059 1115 3109 ὀ
1132 3055 1283 3121 Θεὸς,
1309 3051 1419 3127 ἄρα
1449 3055 1647 3123 ἕξομεν
1665 3054 1908 3123 συγγνώο

221 3165 358 3219 μην;
378 3144 410 3201 ἆ
420 3166 488 3218 9a
501 3149 593 3202 δυν
603 3148 845 3218 ησόμεθα
860 3145 1158 3213 ἀπολογίας
1172 3145 1375 3214 τυχεῖν;
1400 3142 1516 3195 Οὐκ
1537 3141 1715 3210 ἐγωγε
1730 3137 1780 3196 οἷ
1786 3160 1903 3213 μαι.

295 3236 364 3305 β’.
384 3236 452 3288 Τί
476 3236 554 3297 δὲ,
572 3235 638 3289 ἀν
663 3234 763 3298 τὰς
792 3232 1159 3304 κακηγορίας,
1177 3233 1245 3296 ἃς
1270 3232 1392 3286 καθ’
1426 3232 1667 3303 ἑκάστην
1692 3231 1907 3303 ἡμέραν

220 3323 490 3394 ἀλλήλους
534 3322 767 3393 λέγομεν
801 3321 1012 3386 κακῶς,
1041 3321 1123 3384 εἰς
1141 3320 1307 3391 μέσον
1336 3320 1661 3390 παραγάγῃ,
1696 3320 1908 3385 καὶτὰς

216 3412 439 3481 κρίσεις
486 3410 587 3474 τὰς
614 3410 900 3481 ἀκαίρους,
930 3410 988 3462 ἐν
1008 3402 1098 3472 αἷς
1124 3408 1532 3478 κατακρίνομεν
1554 3408 1648 3461 τὸν
1678 3403 1909 3478 πλησίον

215 3498 376 3551 οὐδὲν
407 3497 624 3568 ἔχοντες
654 3498 909 3566 πρᾶγμα,
939 3494 1078 3548 ἀλλά
1104 3494 1365 3562 φιλαίτιοί
1392 3494 1542 3567 [201]
1588 3512 1735 3559 τινες
1757 3494 1911 3559 ὀντες

215 3588 316 3637 καὶ
371 3585 753 3654 μεμψίμοιροι,
790 3582 841 3634 τί
912 3582 1258 3651 δυνησόμεθα
1308 3582 1759 3650 ἀπολογήσασθαι
1810 3584 1907 3635 κοιλ⁵

215 3676 431 3736 εἰπεῖν;
473 3674 571 3724 Ἂν
603 3672 657 3724 δὲ
684 3671 784 3733 τάς
813 3670 1141 3741 περιέργους
1170 3669 1329 3741 ήμῶν
1350 3669 1504 3738 ὄψεις
1529 3670 1783 3740 ἐξετάσῃ,
1808 3670 1909 3723 καὶ

214 3761 321 3824 τὰς
356 3760 605 3831 πονηρὰς
640 3758 958 3828 ἐπιθυμίας,
981 3757 1048 3820 ἀς
1075 3757 1273 3827 ἔχομεν
1307 3759 1363 3810 ἐν
1386 3757 1616 3829 διανοίᾳ,
1646 3758 1907 3822 πολλάκις

215 3848 483 3919 αἰσχροὺς
524 3849 619 3899 καὶ
656 3845 1003 3917 ἀκαθάρτους
1050 3844 1438 3915 ἀναδεχόμενοι
1469 3844 1768 3916 λογισμοὺς
1798 3845 1909 3899 ἀπὸ

213 3936 319 4005 τῆς
350 3934 710 4001 ἀνεξετάστου
731 3932 842 3985 τῶν
871 3932 1168 4003 ὀφθαλμῶν
1200 3933 1431 4003 πλάνης,
1464 3933 1641 4005 πόσην
1671 3933 1911 4004 ὑποστη-

220 4022 433 4093 σόμεθα
482 4022 676 4092 δίκην;
711 4021 822 4091 Τῆς
854 4021 911 4074 δέ
940 4019 1211 4091 λοιδορίας
1238 4021 1387 4091 ἡμᾶς
1415 4021 1481 4074 ἂν
1502 4022 1784 4092 ἀπαιτήσῃ
1815 4020 1906 4074 λό-

218 4128 319 4177 γον
350 4111 488 4180 (‘Oc
515 4109 714 4180 γὰρᾶν
733 4109 896 4177 εἴπῃ,
932 4109 1087 4179 φησὶ,
1105 4106 1183 4173 τῷ
1213 4108 1456 4176 ἀδελφῷ
1487 4108 1905 4177 αὐτοῦ,Μωρὲ,

215 4200 442 4267 ἔνοχος
470 4199 645 4253 ἔσται
668 4200 756 4264 εἰς
782 4196 896 4266 τὴν
921 4197 1177 4267 γέενναν
1202 4195 1307 4249 τοῦ
1340 4194 1574 4264 πυρὸς),
1610 4192 1717 4268 ἆρα
1746 4197 1907 4267 δυνη-

220 4286 437 4357 σόμεθα
473 4288 660 4358 διᾶραι
684 4286 747 4340 τὸ
781 4286 992 4356 στόμα;
1025 4286 1059 4357 ἢ
1091 4288 1253 4355 χᾶναι
1280 4285 1377 4356 μέν
1398 4285 1609 4356 ὅλως,ή
1647 4284 1842 4356 μικρὸν
1869 4284 1902 4356 ἦ

222 4373 370 4443 μέγα
391 4392 445 4426 τι
468 4374 607 4444 πρὸς
635 4374 795 4427 τοῦτο
823 4376 1001 4427 εἰπεῖν
1021 4392 1037 4440 ;
1059 4374 1171 4436 Τάς
1196 4374 1252 4427 δέ
1269 4373 1593 4440 κενοδοξίας,
1611 4374 1675 4438 ἀς
1697 4374 1904 4444 ὑπομέ-

216 4478 387 4532 νομεν
426 4460 521 4513 καὶ
578 4462 864 4531 εὐχόμενοι
898 4462 991 4515 καὶ
1024 4460 1377 4531 νηστεύοντες
1407 4462 1501 4515 καὶ
1534 4461 1902 4533 ἐλεημοσύνην

217 4549 533 4612 ποιοῦντες,
575 4550 642 4602 ἂν
668 4550 1036 4618 ἐξετάσωμεν,
1080 4548 1143 4600 οὐ
1185 4546 1205 4600 ἰ
1264 4565 1333 4601 ιω
1359 4550 1387 4601 ὀ
1416 4548 1568 4613 Θεὸς,
1599 4549 1714 4602 ἀλλ’
1739 4551 1903 4619 ἡμεῖς

216 4637 376 4692 αὐτοὶ
398 4636 448 4688 οἰ
478 4636 885 4706 ἡμαρτηκότες,
915 4632 1025 4706 ἆρα
1068 4633 1414 4706 δυνησόμεθα
1439 4636 1519 4698 εἰς
1547 4634 1639 4689 τὸν
1673 4635 1902 4705 οὐρανὸν

218 4723 558 4792 ἀναϐλέψαις
591 4723 733 4785 Τοὺς
756 4723 812 4775 δέ
828 4723 1036 4787 δόλους,
1060 4722 1155 4787 οῦς
1184 4724 1307 4775 κατ’
1333 4722 1578 4793 ἀλλήλων
1599 4723 1899 4793 ῥάπτομεν,

217 4812 316 4866 νῦν
347 4811 447 4882 μὲν
477 4810 721 4882 παρόντα
754 4810 1107 4875 ἐπαινοῦντες
1132 4811 1225 4864 τὸν
1257 4809 1506 4877 ἀδελφὸν.
1537 4810 1629 4862 καὶ
1663 4809 1738 4872 ὼς
1764 4808 1904 4880 φίλῳ

218 4898 621 4969 διαλεγόμενοι,
656 4897 864 4950 ἀπόντα
889 4897 947 4950 δέ
989 4896 1423 4970 κατηγοροῦντες
1437 4910 1481 4962 α,
1525 4892 1633 4967 ἆρα
1662 4897 1905 4967 ὑποστη-

222 4986 436 5059 σόμεθα
461 4985 563 5048 τὰς
595 4985 735 5053 ὑπὲρ
767 4983 974 5036 τούτων
1016 4984 1298 5051 κολάσεις;
1331 4985 1397 5038 Τί
1424 4984 1481 5038 δέ
1511 4984 1639 5047 τοὺς
1669 4984 1901 5055 ὄρκους;

220 5077 354 5131 τίδὲ
396 5075 457 5128 τὸ
494 5072 722 5144 ψεῦδος
771 5070 825 5122 τί
852 5071 907 5124 δέ
931 5069 1028 5134 τάς
1066 5072 1372 5142 ἐπιορκίας,
1403 5073 1529 5135 τοῦς
1558 5071 1777 5134 ἀδίκους
1806 5072 1903 5125 θυ-

225 5166 386 5237 μοὺς,
422 5163 521 5234 τὴν
562 5157 881 5232 βασκανίαν,
911 5156 977 5226 ἢν
1013 5155 1384 5229 βασκαίνομεν
1404 5158 1665 5223 πολλάκις
1691 5158 1902 5212 εὐδοκι-

225 5248 446 5319 μοῦσιν,
474 5247 575 5300 οὐκ
600 5243 809 5317 ἐχθροῖς
834 5242 1014 5312 μόνον,
1047 5239 1186 5294 ἀλλά
1212 5244 1309 5295 καὶ
1338 5243 1543 5312 φίλοιςς
1567 5245 1663 5297 καὶ
1686 5244 1766 5297 ὅτι
1785 5242 1907 5313 ήδό-

226 5336 370 5407 μεθα
396 5335 718 5404 πασχόντων
740 5332 940 5403 ἐτέρων
973 5329 1178 5395 κακῶς,
1205 5330 1298 5382 καὶ
1323 5332 1618 5402 νομίζομεν
1649 5349 1906 5405 παραμυ-

221 5425 348 5479 θίαν
373 5422 478 5490 τῆς
509 5422 718 5487 οἰκείας
759 5419 1038 5491 συμφορᾶς
1076 5416 1177 5480 τὰς
1204 5417 1492 5487 ἀλλοτρίας
1524 5420 1900 5493 δυσημερίας;

292 5512 412 5582 Τῆς
444 5510 501 5562 δὲ
537 5512 596 5562 ἐν
636 5513 759 5575 ταῖς
803 5505 1053 5573 συνάξεσι
1101 5505 1373 5577 ῥᾳθυμίας
1406 5505 1471 5559 ἂν
1498 5507 1781 5581 ἀπαιτήσῃ
1808 5511 1908 5574 τὰς

218 5602 481 5663 εὒθύνας,
501 5597 554 5650 τί
579 5598 646 5650 ἀν
670 5600 968 5671 πάθοιμεν;
989 5594 1133 5652 Ἱστε
1153 5594 1263 5666 γὰρ
1282 5594 1454 5664 δήπου
1470 5594 1649 5661 τοῦτο,
1672 5597 1754 5650 ὅτι
1779 5598 1909 5650 πολ-

218 5692 383 5754 λάκις
420 5686 585 5742 αὐτοῦ
622 5688 715 5740 τοῦ
756 5689 894 5743 Θεοῦ
928 5686 1314 5758 διαλεγομένου
1348 5685 1485 5755 πρὸς
1510 5686 1719 5747 πάντας
1756 5685 1905 5755 ἡμᾶς

284 5818 314 5851 ⁸
340 5814 495 5864 Savil.
519 5811 601 5861 καὶ
622 5809 759 5867 οὗτος
802 5828 885 5873 μεν
911 5812 1059 5861 ἐνίοτε
1082 5814 1162 5861 καὶ
1201 5815 1329 5872 ἡδικ.
1376 5809 1527 5861 Paulo
1564 5813 1674 5871 post
1704 5808 1789 5859 alii
1816 5809 1905 5859 οὐκ

222 5878 541 5941 ,ἀπίημι-θος,
552 5875 660 5941 οόδέ
678 5875 1105 5941 περιεργαζόμενος.

282 5946 311 5983 h
338 5936 492 6002 ειη-ιι.
525 5937 728 5985 ἑκάστου
744 5937 839 5982 τῶν
860 5936 1227 6002 ἀμαρτῃμάτων.

286 6009 313 6038 ε
334 6001 486 6054 sm“.
510 6003 559 6051 in
582 6011 732 6058 marg.
762 6001 1154 6057 κακηγορουντες.

1189 405 1279 460 AD
1318 404 1647 464 POPULUM
1689 402 2195 461 ANTIUCIIENUM
2262 404 2500 464 HOMIL.
2543 409 2665 467 XX.

3592 420 3702 479 200

2020 519 2108 607 διὰ
2130 519 2225 572 τοῦ
2255 524 2560 595 προφήτου,
2614 524 2844 590 πολλοὺς
2875 529 2966 582 καὶ
3001 532 3244 601 μακροὺς
3283 532 3410 604 πρὸς
3441 535 3533 589 τὸν
3558 538 3698 607 πλη-

2020 606 2134 660 σίον
2163 608 2464 679 ποιούμεθα
2492 611 2686 679 λόγους
2726 613 2853 684 περί
2885 614 2993 668 τῶν
3032 617 3187 671 οὐδὲν
3220 620 3354 688 ἡμῖν
3392 606 3699 692 προσηκόνο

2015 710 2146 783 των.
2303 697 2483 750 τοίνυν
2512 699 2691 752 πάντα
2712 703 2910 771 παρεὶς
2934 704 3000 756 τά
3018 704 3151 759 ἄλλα
3173 706 3380 777 ταύτης
3398 708 3499 776 τῆς
3518 711 3702 783 ἀμαρ-

2014 780 2137 843 τίας
2168 779 2370 854 θελήσῃ
2386 783 2541 855 δίκην
2563 787 2870 858 ἀπαιτῆσαι
2899 792 3065 859 ἡμᾶς,
3099 794 3227 848 ποία
3249 797 3525 866 σωτηρίας
3546 779 3699 853 ἔσται

2016 866 2152 936 ἡμῖν
2180 866 2362 932 ἐλπίς;
2400 870 2486 940 Μὴ
2518 873 2627 942 γὰρ
2655 874 2719 946 δὴ
2767 876 2965 946 μικρὸν
3000 873 3138 932 εἶναι
3166 882 3399 954 νομίσῃς
3424 883 3486 936 τὸ
3512 884 3699 955 πλημ-

2018 955 2274 1025 μέλημαο
2312 957 2429 1010 ἀλλ’
2457 962 2505 1012 εἰ
2543 961 2722 1030 βούλει
2753 964 2813 1016 τὸ
2857 964 3089 1035 μέγεθος
3123 968 3288 1022 αὑτοῦ
3322 971 3581 1037 κατιδεῖν,
3611 976 3699 1025 ἐπ’

2015 1041 2376 1113 ἀνθρώπων1
2411 1047 2544 1099 αὐτὸ
2575 1049 2732 1102 τοῦτο
2786 1050 3062 1117 ἐξέτασον,
3120 1054 3215 1106 καὶ
3268 1057 3389 1109 τότε
3439 1058 3562 1125 ὀψει
3598 1060 3698 1130 τῆς

2013 1130 2293 1201 ἁμαρτίας
2319 1130 2382 1182 τὸ
2413 1132 2661 1200 μέγεθος.
2692 1138 2975 1208 Τόλμησον
3000 1140 3265 1211 ἄρχοντος
3290 1142 3427 1213 πρὸς
3453 1143 3511 1196 σέ
3528 1144 3699 1212 φθεγ-

2014 1218 2269 1287 γομένου,
2305 1219 2510 1288 μᾶλλον
2540 1221 2597 1273 δέ
2632 1222 2785 1289 φίλου
2816 1226 2960 1289 τινὸς
2990 1228 3099 1281 τῶν
3127 1228 3293 1300 ὀλίγῳ
3325 1232 3689 1302 σεμνοτέρων.

2016 1305 2177 1372 ἀφεὶς
2206 1304 2375 1360 αὑτὸν
2416 1307 2554 1377 πρὸς
2592 1310 2683 1361 τὸν
2716 1312 2932 1380 οἰκέτην
2965 1314 3308 1382 διαλέγεσθαι
3350 1320 3441 1371 τὸν
3474 1319 3695 1384 σαυτοῦ,

2014 1391 2108 1443 καὶ
2139 1392 2260 1445 τότε
2284 1393 2404 1463 ὀψει
2438 1396 2629 1465 ἡλίκον
2656 1397 2865 1469 τολμᾷς
2896 1400 2990 1450 ἐπὶ
3017 1401 3112 1453 τοῦ
3149 1402 3283 1455 Θεοῦ
3313 1405 3473 1459 τοῦτο
3501 1406 3694 1460 ποιῶν.

2026 1476 2151 1530 Ἐὰν
2175 1478 2334 1555 γάρῇ
2360 1498 2446 1545 τις
2482 1483 2593 1537 τῶν
2626 1486 3113 1557 περιφανεστέρων
3151 1488 3377 1553 ἐκεῖνος,
3420 1492 3515 1544 καὶ
3540 1493 3698 1563 δίκην

2016 1578 2075 1614 σε
2127 1565 2405 1639 ἀπαιτήσῃ
2458 1570 2561 1640 τῆς
2614 1570 2862 1642 ὕϐρεως’
2909 1573 3027 1626 ἀλλ’
3077 1575 3107 1626 ὀ
3152 1574 3287 1638 Θεὸς
3333 1576 3571 1630 τοσαῦτα
3604 1580 3699 1632 καὶ

2016 1648 2240 1743 πλείονα
2260 1654 2469 1743 τούτων
2510 1658 2629 1710 καθ’
2653 1660 2897 1731 ἑκάστην
2937 1660 3298 1732 ὑϐριζόμενος
3326 1664 3426 1735 τὴν
3455 1667 3691 1743 ἡμέραν.

2014 1736 2085 1825 ού
2111 1739 2243 1809 παρ’
2282 1741 2420 1805 ἐνὸς,
2445 1744 2537 1795 καὶ
2557 1744 2671 1810 δύο,
2703 1748 2799 1801 καὶ
2820 1748 2989 1819 τριῶν
3019 1748 3347 1821 ἀνθρώπων,
3381 1753 3522 1806 ἀλλά
3542 1736 3696 1825 παρά

2015 1824 2237 1879 πάντων
2271 1829 2456 1897 σχεδὸν
2472 1831 2648 1901 ήμῶν,
2668 1829 2915 1902 ἀνέχεται
2940 1837 3036 1889 καὶ
3071 1837 3421 1909 μακροθυμεῖ
3472 1843 3568 1894 καὶ
3595 1824 3698 1895 οὒκ

2013 1912 2108 1965 ἐπὶ
2126 1911 2339 1977 τούτοις
2367 1914 2548 1984 μόνον,
2581 1917 2718 1971 ἀλλά
2738 1920 2833 1973 καὶ
2862 1922 2947 1990 ἐφ’
2975 1923 3187 1993 ἑτέροις
3234 1924 3417 1995 πολλῷ
3449 1926 3700 1996 χαλεπω-

2012 1998 2212 2068 τέροις.
2251 1999 2437 2053 Ταῦτα
2468 2000 2567 2071 μὲν
2590 2002 2701 2074 γάρ
2732 2005 2850 2058 ἐστι
2889 2007 2957 2059 τά
2985 2007 3387 2081 ὡμολογημένα
3432 2012 3529 2066 καὶ
3559 2015 3697 2067 πᾶσι

2010 2085 2169 2157 δῆλα,
2201 2087 2298 2140 καὶ
2328 2088 2435 2142 ὑπὸ
2468 2089 2689 2144 πάντων
2736 2091 2923 2161 σχεδὸν
2970 2093 3295 2166 τολμώμενα
3317 2115 3331 2130 ·
3355 2098 3472 2153 ἐστι
3509 2099 3567 2153 δὲ
3602 2103 3697 2155 καὶ

2010 2171 2198 2243 ἔτερα,
2228 2176 2373 2245 ἅπερ
2408 2175 2470 2229 τὸ
2497 2176 2607 2231 τῶν
2645 2178 3074 2250 ἁμαρτανόντων
3110 2185 3348 2248 συνειδὸς
3392 2181 3564 2240 οἶδενο
3596 2188 3694 2242 ἐὰν

2012 2259 2229 2315 ἅπαντα
2264 2262 2439 2315 ταῦτα
2467 2263 2813 2335 ἐννοήσωμεν
2835 2276 2859 2306 θ
2890 2267 2985 2320 καὶ
3020 2269 3159 2340 πρὸς
3189 2272 3417 2336 ἑαυτοὺς
3439 2273 3691 2342 ἀναλογι-

2014 2348 2256 2418 σώμεθα,
2288 2349 2391 2402 κᾶν
2418 2352 2679 2405 ἁπάντων
2705 2346 2858 2424 ὦμεν
2886 2354 3156 2427 ὠμότεροι
3185 2360 3279 2411 καὶ
3308 2361 3695 2432 ἀπηνέστεροι,

2010 2435 2071 2487 τὸ
2093 2433 2293 2503 πλῆθος
2306 2435 2412 2488 τῶν
2424 2436 2706 2509 ἁμαρτιῶν
2716 2444 2749 2513 ἡ
2758 2440 2871 2512 μῶν
2884 2442 3061 2514 σκοπή
3068 2459 3277 2507 σαντες,
3287 2444 3396 2498 ἀπὸ
3408 2444 3503 2498 τοῦ
3524 2448 3694 2515 φόϐου

2012 2523 2107 2575 καὶ
2151 2522 2250 2592 τῆς
2281 2524 2525 2591 ἀγωνίας
2560 2525 2679 2577 οῦδέ
2719 2526 3026 2598 μνησθῆναι
3069 2530 3170 2600 τῆς
3219 2533 3347 2602 παρ’
3378 2534 3583 2604 ἐτέρων
3614 2537 3695 2599 εἰς

2011 2610 2161 2679 ἡμᾶς
2202 2610 2581 2681 γεγενημένης
2632 2611 2845 2683 ὕϐρεως
2872 2616 3239 2686 δυνησόμεθα.
3290 2620 3698 2695 ’Δναμνήσθητι

2009 2695 2106 2748 τοῦ
2138 2695 2386 2765 ποταμοῦ
2408 2696 2501 2749 τοῦ
2536 2698 2731 2769 πυρὸς,
2769 2700 2862 2753 τοῦ
2890 2701 3175 2773 σκώληκος
3198 2704 3292 2758 τοῦ
3335 2707 3564 2770 ἰοϐόλον,
3592 2709 3695 2779 τῆς

2011 2782 2257 2853 φοϐερᾶς
2303 2783 2561 2853 κρίσεως,
2601 2785 2723 2838 καθ’
2751 2788 2819 2857 ἢν
2853 2788 3071 2843 ἅπαντα
3100 2792 3284 2860 γυμνά
3316 2795 3409 2847 καὶ
3440 2811 3698 2867 τετραχη-

2009 2871 2268 2939 λισμένα⁶
2303 2870 2576 2941 ἐννόησον,
2608 2873 2690 2925 ὅτι
2737 2874 2805 2927 τά
2846 2876 3200 2947 κρυπτόμενα
3224 2877 3322 2932 νῦν
3355 2881 3692 2935 ἐκκαλύπτεο

2007 2976 2095 3011 ται
2122 2958 2266 3012 τότε.
2299 2959 2397 3011 Ἂν
2423 2958 2604 3011 τοίνυν
2634 2962 2781 3032 ἀφῇς
2810 2962 2889 3033 τῷ
2914 2964 3141 3035 πλησίον
3170 2965 3239 3018 τά
3286 2968 3690 3041 ἁμαρτήματα,

2010 3044 2163 3118 [202]
2193 3047 2337 3118 άπερ
2366 3047 2812 3103 ἐκκαλύπτεσθαι
2846 3049 3034 3119 μέλλει
3079 3054 3221 3119 τότε,
3249 3053 3422 3107 ταῦτα
3455 3055 3695 3111 ἐνταῦθα

2008 3134 2341 3204 ἀφανίζεται
2376 3135 2578 3200 πάντα,
2632 3136 2727 3189 καὶ
2774 3137 3053 3210 ἀπελεύσῃ
3088 3140 3259 3211 μηδὲν
3302 3142 3697 3214 ἐπισυρόμενος

2008 3214 2083 3275 ὧν
2116 3222 2570 3294 ἐπλημμέλησας,
2614 3224 2756 3277 ὥστε
2817 3224 3043 3295 μείζονα
3095 3225 3420 3297 λαμϐάνεις,
3452 3232 3484 3301 ἢ
3516 3230 3695 3294 δίδως.

2012 3309 2118 3363 Καὶ
2156 3309 2265 3381 γὰρ
2294 3310 2469 3363 πολλὰ
2502 3310 2766 3375 πολλάκις
2799 3314 3206 3385 ἡμαρτήκαμεν
3238 3316 3483 3382 τοιαῦτα,
3518 3317 3555 3371 ἂ
3587 3336 3696 3390 μη-

2009 3399 2121 3463 δεὶς
2149 3399 2337 3470 ἕτερος
2367 3394 2543 3453 οἶδεν·
2581 3394 2701 3452 εἶτα
2734 3400 3042 3464 ἐννοοῦντες
3065 3404 3145 3456 ὅτι
3178 3405 3320 3459 κατὰ
3354 3406 3456 3476 τὴν
3481 3407 3697 3478 ἡμέραν

2010 3486 2229 3557 ἐκείνην
2260 3486 2367 3558 πρὸ
2410 3486 2519 3541 τῶν
2554 3486 2852 3558 ὀφθαλμῶν
2885 3489 3139 3543 ἁπάντων
3164 3496 3409 3546 κείσεται
3430 3495 3594 3565 ήμῶν
3622 3497 3695 3549 τὰ

2008 3577 2387 3648 ἁμαρτήματα
2428 3577 2487 3628 ἐν
2513 3576 2595 3646 τῷ
2632 3576 2797 3647 κοινῷ
2836 3578 2937 3647 τῆς
2972 3580 3305 3651 οἰκουμένης
3333 3583 3569 3655 θεάτρῳ,
3595 3585 3696 3655 τῆς

2008 3664 2283 3726 κολάσεως
2308 3663 2691 3735 χαλεπώτερον
2730 3664 3028 3735 ἀλγοῦμεν,
3061 3669 3381 3739 πνιγόμενοι
3407 3672 3501 3724 καὶ
3528 3674 3691 3743 ἀγχό-

2012 3770 2163 3824 μενοι
2197 3752 2276 3822 τῷ
2312 3752 2596 3806 συνειδότι.
2644 3752 2808 3806 Ἀλλά
2857 3752 2957 3825 τὴν
3012 3755 3285 3829 τοσαύτην
3312 3759 3599 3830 αἰσχύνην,
3626 3761 3698 3814 τά

2006 3841 2247 3895 τοσαῦτα
2277 3841 2674 3911 ἁμαρτήματα,
2697 3840 2798 3912 τὴν
2825 3842 3099 3913 τοσαύτην
3130 3844 3352 3897 κόλασιν
3382 3845 3532 3899 ἔστιν
3558 3849 3698 3902 ἀπο-

2008 3928 2270 3999 νίψασθαι
2324 3928 2414 3982 διὰ
2461 3928 2563 3999 τῆς
2608 3930 2690 3991 εἰς
2726 3928 2819 3982 τὸν
2847 3929 3076 3998 πλησίον
3118 3934 3550 4002 συγχωρήσεωςο
3598 3938 3696 3990 καὶ

2008 4018 2118 4089 γάρ
2147 4016 2301 4070 οὐδὲν
2332 4015 2539 4087 ταθτης
2574 4016 2688 4069 ἴσον
2736 4016 2853 4069 ἐστὶ
2900 4016 2999 4084 τῆς
3027 4017 3244 4089 ἀρετῆς.
3282 4019 3473 4073 Βούλει
3503 4023 3697 4091 μαθεῖν

2011 4105 2220 4173 ταύτης
2271 4104 2373 4173 τῆς
2421 4104 2626 4174 ἀρετῆς
2654 4103 2755 4174 τήν
2804 4102 3066 4173 δύναμιν;
3117 4106 3252 4158 Ἐὰν
3278 4106 3399 4176 στῇ
3430 4108 3695 4178 Μωῢσῆς

2005 4194 2105 4247 καὶ
2133 4192 2437 4261 Σαμουὴλ,
2473 4192 2628 4261 φησὶ,
2660 4192 2773 4258 πρὸ
2798 4190 3127 4259 προσώπου
3148 4212 3289 4263 μου.
3320 4197 3432 4249 οὐκ
3458 4198 3630 4250 ἐστιν
3655 4199 3693 4266 ἡ

2004 4279 2175 4349 ψυχτὶ
2225 4297 2345 4348 μου
2376 4279 2526 4345 πρὸς
2558 4279 2809 4344 αὐτούς.
2858 4278 3000 4331 Ἀλλ’
3030 4281 3183 4350 ὅμως
3211 4280 3301 4344 οὓς
3329 4283 3430 4335 οὐκ
3464 4283 3696 4351 ἠδύνατο

2010 4367 2255 4437 Μωῦσῆς
2285 4367 2383 4419 καί⁵
2420 4365 2677 4437 Σαμουὴλ
2706 4365 3019 4436 ἐξαρπάσαι
3060 4368 3158 4437 τῆς
3198 4368 3369 4439 ὀργῆς
3400 4371 3493 4423 τοῦ
3532 4372 3691 4437 Θεοῦ,

2004 4454 2146 4525 αῦτη
2181 4454 2416 4524 ἠδύνατο
2452 4453 2761 4522 ἐξαρπάσαι
2789 4454 2820 4524 ή
2852 4454 3035 4524 ἐντολή
3064 4472 3077 4483 ι
3122 4454 3209 4507 διά
3246 4454 3404 4508 τοῦτο
3439 4458 3689 4523 ἐκείνοις,

2005 4536 2089 4605 οἷς
2120 4540 2295 4596 ταῦτα
2328 4535 2470 4604 εἷπε,
2508 4540 2747 4609 συνεχῶς
2776 4540 3171 4610 παρεκελεύετο
3204 4541 3408 4609 λέγων·
3463 4546 3693 4599 Κακίαν

2003 4629 2264 4695 ἕκαστος
2288 4628 2368 4695 τῷ
2395 4628 2636 4695 ἀδελφῷ
2661 4627 2848 4680 αὑτοῦ
2864 4628 2951 4695 μὴ
2973 4631 3424 4696 μνησικακείτω
3456 4633 3527 4685 ἐν
3561 4634 3691 4701 ταῖς

2005 4717 2278 4786 καρδίαις
2304 4713 2471 4784 ὑμῶν
2488 4730 2502 4743 ·
2537 4714 2654 4776 καὶ,
2684 4712 2804 4781 Τὴν
2820 4715 3039 4767 κακίαν
3061 4714 3167 4768 τοῦ
3200 4717 3475 4785 πλησίον
3501 4720 3691 4773 αὐτοῦ

2005 4801 2359 4872 ἕκαστοςμὴ
2389 4799 2735 4871 λογιζέσθω.
2760 4801 2875 4855 Οῦκ
2900 4798 3076 4867 εἶπεν,
3096 4803 3287 4872 Ἄφες,
3316 4803 3497 4873 μόνον,
3530 4805 3686 4871 ἀλλὰ,

2006 4891 2155 4962 Μηδὲ
2185 4891 2274 4960 ἐχε
2295 4891 2351 4942 ἐν
2380 4888 2614 4959 διανοίᾳ,
2651 4887 2786 4959 μηδέ
2801 4888 3039 4958 λογίζου·
3075 4889 3210 4959 άφες
3232 4891 3329 4961 τὴν
3355 4891 3524 4963 ὀργὴν
3548 4894 3689 4947 ἀπα..

2008 4996 2128 5043 σαν,
2163 4978 2423 5046 ἀφάνισον
2452 4976 2514 5029 τὸ
2543 4976 2724 5041 ἐλκος.
2765 4979 2953 5040 Δοκεῖς
3003 4978 3107 5046 μέν
3149 4977 3254 5047 γὰρ
3296 4978 3504 5032 ἐκεῖνον
3547 4981 3692 5051 ἀμύ-

2005 5066 2213 5128 νεσθαι,
2245 5065 2515 5135 πρότερον
2556 5063 2615 5117 δὲ
2669 5065 2895 5118 σεαυτὸν
2940 5064 3277 5134 βασανίζεις,
3310 5064 3565 5137 καθάπερ
3594 5068 3689 5138 δή-

2008 5171 2130 5225 μιον
2156 5152 2368 5205 ἔνδοθεν
2394 5153 2733 5224 περιστήσας
2760 5168 2853 5203 σου
2885 5152 3219 5220 πανταχόθεν
3246 5150 3337 5204 τὸν
3362 5151 3557 5223 θυμὸν,
3593 5157 3688 5208 καὶ

2004 5240 2347 5308 καταξαίνων
2388 5238 2587 5292 σαυτοῦ
2614 5237 2681 5291 τά
2715 5237 3019 5308 σπλάγχνα.

2076 5330 2141 5382 Τί
2174 5328 2285 5399 γάρ
2333 5326 2528 5395 γένοιτ’
2577 5324 2643 5377 ἂν
2699 5323 3029 5396 ἀθλιώτερον
3078 5321 3365 5394 ἀνθρώπου
3422 5324 3685 5397 διηνεκῶς

2005 5416 2396 5490 ὀργιζομένους
2431 5412 2540 5466 Καὶ
2562 5410 2817 5483 καθάπερ
2842 5413 2889 5464 οἱ
2930 5411 3232 5483 μεμηνότες
3267 5412 3523 5466 οὐδέποτε
3545 5416 3655 5469 ἀπο
3675 5448 3692 5456 -

2008 5505 2232 5559 λαύουσι
2260 5504 2523 5573 γαλήνης,
2550 5498 2723 5562 οῦτως
2740 5502 2768 5553 ὀ
2803 5499 3156 5570 μνησικακῶν
3180 5499 3274 5553 καὶ
3292 5499 3487 5573 ἐχθρὸν
3523 5503 3687 5572 ἔχων,

2008 5594 2264 5648 οὐδέποτε
2289 5587 2655 5646 ἀπολαύσεται
2688 5604 2834 5651 τινος
2866 5588 3107 5659 εἰρήνης,
3125 5586 3389 5660 διηνεκῶς
3420 5589 3690 5659 φλεγμαί.

2008 5680 2179 5746 νωνί,
2214 5679 2307 5733 καὶ
2351 5676 2442 5731 τὸν
2499 5674 2749 5746 χειμῶνα
2797 5674 2907 5728 τῶν
2951 5674 3227 5745 λογισμῶν
3290 5676 3408 5730 καθ’
3447 5674 3687 5738 ἑκάστην

2074 5866 2100 5906 d
2124 5865 2273 5915 Savil.
2301 5866 2349 5913 in
2375 5875 2530 5925 marg.
2558 5869 2611 5912 et
2635 5876 2759 5912 unus
2782 5862 2934 5910 codex
2965 5861 3037 5909 ἐπ’
3064 5860 3311 5925 ἀνθρώπῳ.

2082 5935 2104 5959 ε
2130 5928 2276 5977 Suvil.
2303 5935 2348 5972 Pl
2376 5942 2401 5974 ιι
2427 5928 2456 5974 ii
2480 5927 2600 5974 rudd
2649 5927 2955 5986 ἑννοηθῶμεν.

2084 5990 2104 6031 ί
2129 5992 2223 6043 λιιι
2250 5993 2297 6053 φ)
2310 6005 2545 6051 εγομενος.
