4452 6730
473 513 568 567 Qui

475 638 728 682 tationum
777 628 826 681 in
874 626 989 682 dies
1034 629 1312 693 aggravat.
1369 620 1530 673 verba
1575 620 1813 689 factaque
1863 637 2042 677 secu-u

473 727 700 783 reputat.
732 719 899 784 ipsius
925 728 1134 784 quoque
1172 709 1370 762 nomini
1411 711 1650 776 infeStus,
1673 713 1758 780 qui
1804 712 2048 777 injuriam

475 810 638 862 dedit.
677 809 732 864 Si
759 808 938 863 audiat
961 809 1104 859 illum
1130 812 1328 856 tantum
1354 803 1635 867 nominari,
1653 803 1904 857 efferatur
1924 817 2050 854 con-

475 901 642 966 tinuo,
671 917 861 970 magno
902 913 1020 952 cum
1050 895 1208 947 animi
1240 893 1492 958 cruciatu,
1527 904 1579 948 et
1599 895 1665 947 ad
1692 893 1864 946 solum
1912 893 2048 947 illius

471 1004 813 1062 conspectum
847 988 1069 1056 trepidat
1088 995 1142 1040 et
1157 985 1354 1049 horret,
1385 998 1650 1054 tamquam
1677 984 1718 1037 si
1743 984 1924 1036 ultima
1963 1000 2050 1052 pa-

475 1086 652 1139 tiatur.
676 1084 826 1151 Quod
852 1082 896 1134 si
919 1078 1043 1147 quid
1073 1078 1229 1143 illius,
1252 1079 1332 1133 vel
1357 1088 1579 1137 vestem,
1606 1076 1687 1128 vel
1708 1075 1944 1136 domum,
1971 1077 2050 1128 vel

472 1177 806 1246 angiportum
839 1171 1033 1232 videat,
1066 1171 1300 1225 omnium
1347 1172 1568 1222 istorum
1609 1167 1801 1220 intuitu
1836 1177 2049 1235 torque-

472 1275 558 1318 tur
588 1284 600 1318 :
624 1280 687 1318 ac
714 1260 1158 1330 quemadmodum
1189 1262 1505 1316 dilectorum
1526 1273 1588 1312 ac
1607 1273 1848 1312 carorum
1872 1258 2047 1313 homi-

472 1371 600 1408 num
629 1364 823 1414 vestes,
853 1351 1045 1416 vultus,
1075 1353 1450 1412 calceamenta,
1483 1349 1688 1414 domus,
1722 1351 1844 1404 item
1875 1361 1927 1403 et
1956 1366 2050 1403 an-

468 1447 726 1513 giportus,
773 1457 894 1495 mox
927 1452 983 1495 ut
1011 1446 1120 1497 visa
1172 1442 1386 1504 fuerint,
1413 1441 1644 1495 excitare
1693 1455 1788 1494 nos
1834 1441 2045 1494 solent:

470 1537 540 1586 ita
561 1547 772 1601 quoque
793 1533 1126 1588 inimicorum
1149 1542 1198 1587 et
1222 1532 1523 1587 odiosorum
1547 1534 1818 1588 hominum
1837 1550 2044 1597 servus,

469 1627 690 1687 amicus,
720 1623 931 1688 domus,
961 1625 1268 1694 angiportus
1297 1626 1346 1677 in
1378 1635 1719 1694 conspectum
1759 1627 1930 1687 (latus,
1959 1636 2050 1679 aut

467 1717 839 1785 quodcumque
867 1717 1030 1780 aliud,
1055 1718 1260 1772 animos
1289 1717 1509 1778 arrodit,
1538 1725 1695 1783 atque
1722 1716 1854 1767 alias
1891 1730 2051 1783 super

466 1809 618 1869 alias,
639 1819 694 1861 ut
720 1808 964 1878 quodque
989 1809 1157 1862 visum
1187 1807 1362 1872 fuerit,
1393 1807 1573 1874 plagas
1594 1805 1746 1858 nobis
1773 1805 1975 1857 incutit.

541 1919 594 1971 .5.
619 1918 880 1984 Quorsum
906 1932 1040 1986 opus
1070 1919 1227 1987 igitur
1254 1924 1336 1969 est
1367 1913 1662 1968 istiusmodi
1709 1913 1871 1966 animi
1909 1915 2053 1968 obsi-

465 2007 643 2071 dione,
675 2009 832 2062 tantis
875 2009 1152 2062 tormentis
1177 2020 1240 2059 ac
1268 2004 1358 2057 tali
1388 2004 1684 2072 supplicio?
1708 2003 1857 2070 Quod
1883 2005 1926 2057 si
1954 2020 2050 2059 nec

465 2100 704 2168 gehenna
729 2100 1025 2153 immineret
1047 2098 1168 2150 odio
1192 2096 1572 2158 laborantibus,
1592 2096 1776 2148 saltem
1798 2096 1867 2149 ob
1889 2097 2051 2164 ipsius

465 2188 574 2241 odii
601 2189 892 2242 cruciatum
925 2197 1138 2256 peccata
1167 2186 1527 2254 proximorum
1572 2185 1919 2239 condonanda
1968 2203 2049 2240 es-

464 2289 616 2339 sent;
648 2293 768 2331 cum
790 2287 964 2331 autem
995 2286 1190 2331 arterna
1221 2277 1473 2345 supplicia
1511 2291 1607 2329 nos
1639 2285 1905 2342 maneant,
1926 2279 2050 2346 quid

465 2369 676 2421 stultius
692 2382 850 2436 quam
870 2376 921 2422 et
943 2367 1028 2421 hic
1049 2377 1102 2420 et
1135 2367 1242 2420 illic
1262 2367 1602 2436 semetipsum
1629 2368 1901 2431 muletare,
1926 2368 2049 2422 dum

465 2458 533 2512 de
558 2459 724 2511 altero
749 2473 809 2510 se
832 2457 1001 2511 credit
1030 2459 1282 2512 ulti0uem
1314 2457 1564 2512 sumere?
1591 2455 1646 2510 Si
1673 2458 1815 2512 enim
1847 2457 2049 2512 ﬂoren-

467 2561 573 2605 tem
619 2552 765 2606 illum
805 2551 1096 2611 videamus,
1116 2566 1345 2604 mmrore
1373 2549 1634 2618 perimus;
1664 2551 1743 2602 sin
1775 2549 2046 2615 afflictum,

467 2659 712 2697 veremur
734 2658 799 2696 ne
826 2641 1030 2694 fortuna
1056 2657 1114 2696 se
1136 2642 1187 2694 in
1217 2641 1401 2694 melius
1427 2648 1751 2694 commutet:
1777 2641 2049 2709 utriusque

466 2734 635 2801 culpm
681 2733 833 2785 nobis
879 2747 1034 2802 paena
1083 2730 1487 2799 indeprecabilis
1532 2729 1816 2782 constituta
1849 2741 1949 2782 est.
1981 2729 2047 2781 In

465 2822 876 2891 supplantatione
917 2822 1106 2874 inimici
1147 2838 1208 2874 ne
1227 2831 1272 2872 te
1297 2817 1477 2886 efferas
1499 2817 1681 2886 (Prov.
1705 2817 1795 2871 24.
1823 2819 1939 2887 17),
1972 2819 2046 2871 ἰη-

464 2914 582 2981 quit
607 2913 896 2982 Scriptura.
919 2912 995 2966 Ne
1017 2913 1143 2966 mihi
1161 2909 1680 2979 allegesinjuriarum
1706 2918 2046 2978 acceptarum

465 3005 633 3058 moles
665 3022 679 3057 :
711 3020 816 3057 non
845 3005 984 3058 enim
1008 3002 1133 3057 illud
1162 3003 1213 3054 in
1239 3011 1289 3053 te
1312 2998 1436 3053 facit
1460 2999 1803 3067 pertinaciam
1829 3000 2045 3061 irarum,

465 3095 559 3147 sed
588 3094 726 3163 quod
752 3109 934 3164 parum
969 3107 1173 3147 memor
1196 3107 1252 3144 es
1277 3101 1485 3144 tuorum
1511 3090 1847 3155 delictorum,
1878 3105 2047 3158 neque

464 3184 758 3252 gehennam
802 3192 926 3237 ante
967 3183 1150 3237 oculos
1197 3181 1360 3235 habes
1407 3189 1496 3234 aut
1546 3181 1637 3234 Dei
1687 3180 1948 3234 timorem.
1981 3180 2048 3235 Ut

465 3290 642 3335 autem
690 3282 965 3335 condiscas
1013 3279 1063 3333 id
1107 3294 1288 3333 verum
1332 3293 1486 3341 esse,
1534 3293 1597 3331 ex
1641 3277 1851 3331 casibus
1894 3277 2046 3330 istius

466 3375 612 3428 urbis
637 3373 953 3428 documenta
984 3387 1240 3440 promam.
1274 3371 1407 3423 Cum
1439 3370 1581 3423 enim
1609 3370 1683 3422 rei
1713 3371 1936 3424 istorum
1966 3367 2045 3421 fa-

464 3479 702 3517 cmorum
741 3463 806 3517 ad
848 3462 1104 3532 judicium
1147 3460 1523 3522 trahebantur,
1557 3475 1618 3512 ac
1648 3458 1860 3512 ﬂamma
1907 3459 2048 3513 intus

465 3554 868 3620 incendebatur,
914 3552 1380 3608 circumstantibus
1428 3551 1767 3605 carnificibus
1795 3566 1855 3604 ac
1879 3550 2046 3604 latera

464 3646 905 3714 discerpentibus,
939 3649 981 3698 sl
1011 3645 1130 3713 quis
1158 3644 1225 3696 ibi
1255 3644 1543 3706 assistens,
1568 3642 1638 3694 ita
1665 3655 1756 3695 eos
1781 3657 1843 3694 cx
1874 3651 2047 3694 trans-

464 3751 622 3790 verso
670 3737 967 3804 alloquutus
993 3735 1197 3798 fuisset,
1227 3733 1280 3787 Si
1312 3732 1517 3787 habetis
1561 3731 1823 3792 inimicos,
1858 3733 2049 3785 mittite

464 3827 807 3889 simultatem,
838 3835 891 3879 et
915 3842 978 3878 ex
1007 3825 1109 3878 isto
1139 3823 1398 3891 supplicio
1440 3837 1535 3875 vos
1579 3821 1808 3876 liberare
1845 3823 2044 3891 poteri-

465 3931 584 3970 mus
611 3932 625 3968 :
654 3932 718 3969 an
750 3931 854 3968 non
881 3931 1000 3968 cum
1030 3915 1223 3967 osculis
1253 3913 1318 3967 ad
1346 3913 1485 3966 illius
1511 3911 1672 3980 pedes
1696 3926 1753 3967 se
1782 3911 2044 3967 devolvis-

464 4008 616 4060 sent?
640 4007 748 4059 lmo
773 4007 896 4076 quid
923 4005 990 4060 de
1020 4006 1237 4074 pedibus
1266 4003 1487 4072 loquor?
1513 4003 1555 4056 si
1587 4003 1703 4071 quis
1741 4002 2047 4057 servitutem

467 4099 571 4150 illis
613 4098 1015 4165 proposuisset,
1064 4112 1170 4149 non
1213 4110 1330 4148 eam
1378 4093 1736 4148 conditionem
1783 4095 2049 4162 aspernati

466 4189 707 4242 fuissent.
740 4188 890 4253 Quod
920 4188 963 4241 si
995 4187 1221 4240 humana
1253 4200 1434 4256 poena,
1463 4200 1581 4254 quae
1624 4186 1906 4239 terminum
1952 4185 2048 4238 ha-

467 4279 576 4340 bet,
601 4277 865 4348 quaslibet
889 4278 995 4331 iras
1022 4285 1260 4346 superat,
1290 4276 1456 4329 multo
1483 4275 1649 4345 magis
1670 4274 1900 4329 futurum
1923 4291 2049 4344 sup-

467 4367 702 4435 plicium,
744 4369 788 4421 si
831 4367 1084 4421 memoria
1131 4367 1245 4434 ejus
1283 4374 1539 4434 perpetuo
1587 4374 1796 4418 nostras
1844 4376 2049 4420 mentes

469 4463 693 4521 teneret,
725 4471 829 4508 non
854 4457 1022 4510 solum
1053 4456 1394 4520 simultatem,
1427 4455 1518 4508 sed
1546 4465 1599 4508 et
1629 4470 1815 4510 omnes
1862 4473 2048 4524 pravas

465 4547 814 4614 cogitationes
841 4546 910 4599 ab
937 4546 1114 4599 animo
1137 4545 1461 4598 excluderet.
1488 4544 1623 4611 Quid
1654 4546 1794 4598 enim
1822 4545 2044 4606 facilius,

467 4638 574 4697 dic,
602 4650 802 4705 qumso,
833 4650 988 4705 quam
1021 4635 1240 4697 homini,
1271 4635 1360 4702 qui
1393 4644 1444 4688 te
1471 4634 1687 4699 lzeserit,
1708 4635 1838 4688 iram
1861 4636 2047 4688 remit-

469 4725 628 4779 tere‘.
661 4723 775 4778 Non
826 4725 966 4779 enim
1011 4723 1182 4791 longis
1205 4721 1271 4776 ad
1298 4722 1349 4775 id
1380 4723 1890 4792 peregrinationibus
1913 4736 2046 4790 Opus

469 4824 573 4877 est,
608 4829 712 4868 non
740 4814 1081 4884 pecuniarum
1120 4813 1410 4881 insumptu,
1439 4827 1546 4866 non
1591 4814 1814 4867 aliorum
1858 4827 2043 4865 exora-

471 4906 736 4969 tionibus;
766 4903 960 4957 suflicit
986 4910 1042 4954 ut
1070 4910 1272 4954 tantum
1322 4901 1484 4966 velis,
1511 4917 1573 4956 ac
1595 4902 1703 4970 jam
1750 4903 1917 4955 virtus
1959 4903 2046 4956 illa

470 5009 621 5047 suum
645 5007 778 5062 opus
809 4991 1055 5062 explevit.
1084 4991 1196 5056 Qua
1225 4990 1381 5058 igitur
1407 5006 1560 5060 penna
1588 4992 1728 5061 digni
1755 5006 1861 5046 non
1887 4991 2049 5048 fueri-

471 5101 610 5147 mus.
641 5087 686 5139 si
715 5085 1042 5140 saacularium
1084 5097 1260 5136 rerum
1301 5097 1456 5135 causa
1483 5093 1537 5136 et
1565 5084 1775 5138 servilia
1817 5085 2048 5139 sustine-

471 5192 590 5228 mus
616 5175 925 5237 ministeria,
953 5181 1008 5227 et
1035 5180 1224 5240 prater
1248 5170 1554 5238 dignitatem
1584 5173 1920 5238 inservimus,
1953 5190 2042 5241 pe-

470 5266 655 5318 cunias
674 5264 1039 5332 expendimus,
1073 5277 1191 5314 cum
1217 5260 1532 5328 janitoribus
1551 5262 1971 5326 confabulamur,
1992 5274 2048 5318 ut

471 5354 708 5406 scelestis
731 5354 1031 5407 hominibus
1047 5351 1344 5412 adulcmur,
1387 5350 1562 5403 omnia
1582 5350 1811 5420 denique
1837 5362 1892 5408 et
1920 5354 2046 5408 dici-

472 5455 592 5493 mus
615 5451 669 5494 et
694 5442 930 5505 facimus,
947 5453 1002 5496 ut
1021 5441 1286 5512 proposita
1309 5439 1626 5505 efficiamus;
1648 5458 1742 5510 pro
1766 5445 1940 5499 divina
1963 5463 2049 5501 au-

472 5539 578 5583 tem
598 5529 710 5597 lege
736 5529 949 5586 fratrem
974 5533 1062 5601 qui
1089 5532 1242 5596 laesit,
1259 5545 1361 5584 non
1387 5529 1559 5582 solum
1587 5545 1693 5583 non
1721 5536 2047 5593 sustinemus

471 5633 717 5685 exorare,
749 5619 842 5674 sed
887 5631 942 5674 et
987 5624 1126 5677 inter
1167 5621 1356 5692 probra
1385 5621 1630 5676 ducimus
1670 5637 1793 5677 eum
1843 5627 2048 5694 priores

540 5771 730 5846 {savii}
758 5773 806 5822 in
821 5785 986 5843 marg:
1007 5788 1235 5846 ‘sensutn
1263 5775 1762 5846 sequentemindicat
1788 5790 1800 5823 :
1829 5777 1952 5846 Quid
1977 5787 2048 5846 est

472 5834 684 5897 facilius.
704 5834 881 5883 homini
903 5834 986 5895 qui
1000 5842 1045 5885 te
1060 5836 1254 5897 (merit,
1272 5834 1400 5887 inim
1411 5835 1667 5896 remittere,
1682 5842 1763 5886 aut
1779 5834 2051 5890 multimodo

472 5895 640 5945 ulcisci
661 5900 797 5946 ?.\'on
819 5896 960 5944 enim.

787 5980 1053 6036 Γιτιιυι..
1100 5979 1212 6038 Gn.
1267 5980 1457 6040 XLIX
1473 6029 1485 6044 .

1361 507 1452 559 AD
1494 503 1811 559 POPULUM
1852 500 2344 556 ANTIOCHENUM
2410 501 2633 556 HOMIL.
2679 502 2794 556 XX.

3629 509 3734 563 illa).

2156 613 2337 667 adire?
2364 616 2443 666 An
2471 629 2595 667 vero
2629 615 2718 668 tibi
2747 616 2940 684 probro
2967 631 3086 670 esse
3113 626 3267 686 putas
3291 659 3304 678 ,
3337 618 3456 672 situ
3486 621 3628 688 prior
3656 625 3735 676 lu-

2155 718 2303 756 crum
2330 709 2607 772 reportes?
2636 705 2743 759 lmo
2791 722 2916 760 vero
2963 709 3293 764 verecundia:
3337 725 3454 765 esse
3478 711 3655 780 debet,
3687 718 3733 770 si

2157 794 2208 846 in
2233 808 2298 847 eo
2323 794 2510 848 allecto
2529 795 2804 864 persistas,
2827 808 3206 868 exspectesque
3227 800 3399 855 donec
3428 802 3632 870 injuria:
3651 821 3739 858 au-

2155 894 2269 939 ctor
2315 902 2410 953 pro
2459 887 2890 941 reconciliatione
2938 895 2989 940 te
3030 888 3224 943 adeat:
3258 891 3310 944 id
3357 892 3607 960 probrum
3636 933 3652 955 ,
3685 895 3736 947 id

2159 975 2363 1039 vitium,
2396 975 2446 1028 id
2474 976 2658 1044 ingens
2700 976 2973 1030 damnum.
2999 976 3098 1044 Qui
3127 979 3266 1032 enim
3313 982 3457 1048 prior
3499 981 3660 1046 venit,
3693 983 3739 1036 is

2159 1072 2322 1116 totum
2375 1064 2577 1118 lucrum
2623 1068 2894 1134 anticipat.
2923 1068 2978 1122 Si
3021 1067 3164 1122 enim
3205 1069 3272 1123 ab
3313 1071 3418 1124 alio
3463 1083 3734 1136 exoratus,

2158 1157 2288 1210 iram
2320 1157 2597 1224 relinquis,
2619 1157 2693 1209 illi
2721 1158 2915 1212 bonum
2944 1174 3080 1228 opus
3110 1161 3398 1228 imputatur
3427 1179 3441 1215 :
3469 1178 3571 1216 non
3593 1165 3736 1218 enim

2158 1247 2268 1301 Deo
2309 1247 2704 1316 obtemperans,
2735 1248 2826 1301 sed
2873 1249 2947 1302 illi
2994 1249 3316 1319 gratificans,
3347 1252 3518 1322 legem
3565 1254 3736 1307 adim-

2158 1339 2362 1406 plevisti
2383 1355 2398 1403 ;
2421 1338 2562 1406 quod
2591 1339 2633 1393 si
2665 1340 2878 1393 nemine
2904 1339 3282 1407 intercedente,
3325 1358 3501 1413 neque
3527 1343 3617 1398 illo
3645 1347 3733 1413 qui

2157 1429 2291 1482 ltesit
2310 1439 2359 1482 te
2379 1429 2604 1483 adeunte
2625 1441 2678 1485 et
2702 1445 2885 1498 preces
2908 1432 3211 1495 adliibcute,
3239 1435 3350 1501 ipse
3370 1435 3570 1504 rejecm
3591 1438 3734 1489 omni

2157 1517 2358 1585 pudore
2386 1517 2514 1570 nihil
2545 1529 2840 1585 cunctatus,
2868 1519 2934 1573 ad
2966 1519 3169 1588 injuria:
3197 1533 3464 1576 auctorem
3493 1539 3734 1578 accurre-

2156 1609 2248 1671 ris,
2271 1607 2426 1675 eique
2447 1607 2553 1661 iras
2581 1619 2695 1663 tuas
2731 1611 3031 1674 resolveris,
3073 1620 3220 1665 tuum
3263 1627 3328 1666 ex
3367 1622 3476 1667 toto
3514 1614 3568 1666 lit
3610 1614 3738 1667 illud

2157 1698 2410 1761 ol'lieium,
2429 1698 2837 1767 universamque
2855 1701 3156 1756 mercedem
3185 1702 3298 1770 ipse
3321 1701 3566 1770 recipies.
3589 1703 3643 1758 Si
3663 1703 3738 1757 di-

2161 1803 2306 1850 χοι-ο,
2325 1789 2534 1851 Jejuna,
2553 1791 2790 1857 corporis
2808 1792 3215 1846 imbecillitatem
3235 1794 3360 1847 mihi
3390 1795 3621 1848 subinde
3653 1799 3739 1848 ob-

2160 1879 2409 1932 tendiszsi
2423 1879 2626 1942 dixero,
2643 1881 2743 1934 Des
2762 1882 3200 1951 pauperi,allegas
3215 1894 3395 1937 contra
3415 1893 3556 1938 tuam
3576 1889 3741 1940 tenui-

2159 1977 2409 2030 tatem,et
2433 1985 2565 2025 onus
2581 1970 2977 2026 educandorum
2994 1973 3280 2027 liberorum
3311 1991 3324 2027 :
3353 1975 3396 2028 si
3412 1975 3615 2039 dixero,
3639 1978 3738 2031 lies

2156 2074 2370 2127 Operam
2400 2076 2566 2115 sacra:
2587 2064 2795 2132 synaxi,
2815 2065 3096 2118 saeculares
3131 2079 3287 2121 curas
3311 2083 3323 2120 :
3343 2066 3389 2121 si
3417 2067 3621 2132 dixero,
3641 2073 3707 2122 At
3723 2100 3736 2108 ο

2158 2152 2316 2205 tende
2344 2155 2687 2208 concionibus
2713 2170 2776 2209 ac
2800 2157 3053 2211 doctrinae
3080 2159 3184 2212 vim
3229 2159 3485 2231 intellige,
3520 2161 3734 2232 imperi-

2161 2245 2285 2297 tiam
2318 2261 2330 2297 :
2363 2245 2406 2297 si
2434 2245 2640 2310 dixero,
2671 2245 2776 2300 Fac
2821 2257 2879 2300 ut
2923 2249 3083 2302 alium
3127 2252 3400 2319 emendes,
3447 2257 3741 2322 respondes

2159 2336 2305 2391 illum
2324 2338 2426 2392 tuis
2443 2339 2656 2393 monitis
2687 2355 2792 2392 non
2823 2342 3346 2410 obtemperaturum;
3375 2359 3517 2414 saepe
3538 2360 3658 2400 eum
3684 2358 3735 2400 te

2156 2427 2295 2480 inter
2317 2427 2598 2482 dicendum
2641 2438 2980 2495 aspernatum
3031 2430 3213 2486 fuisse.
3252 2431 3480 2502 Frigida:
3524 2435 3736 2503 quidem

2155 2517 2270 2571 istae
2295 2526 2421 2573 sunt
2459 2519 2902 2583 causificationes,
2934 2521 3025 2574 sed
3067 2521 3488 2578 causiﬁcatioues
3537 2535 3735 2580 tamen.

2154 2608 2303 2672 Quod
2329 2610 2373 2661 si
2396 2609 2603 2673 dixero,
2634 2610 2769 2664 lram
2818 2610 3048 2675 dimitte,
3075 2613 3201 2680 quid
3249 2615 3468 2668 istorum
3512 2617 3740 2686 allegare

2157 2699 2355 2765 poteris
2374 2699 2396 2750 ?
2418 2698 2531 2752 Non
2560 2702 2800 2768 corporis
2831 2701 3268 2768 imbecillitatem,
3315 2720 3418 2758 non
3461 2717 3742 2775 pauperta-

2157 2797 2284 2852 tem,
2338 2803 2441 2841 non
2489 2790 2829 2858 imperitiam,
2880 2807 2983 2844 non
3032 2794 3425 2861 occupationes,
3474 2796 3546 2848 nil
3594 2807 3740 2852 certe

2157 2878 2376 2930 istorum
2403 2878 2616 2933 obtendi
2639 2888 2813 2948 potest
2850 2881 2889 2933 ίε
2919 2892 3240 2950 quapropter
3261 2884 3476 2939 minime
3501 2886 3736 2940 omnium

2157 2966 2257 3020 hoc
2278 2978 2550 3034 peccatum
2581 2970 2788 3022 veniam
2813 2980 3069 3025 meretur.

2233 3035 2368 3089 Deus
2414 3055 2516 3091 non
2541 3041 2748 3091 remittit
2774 3039 2935 3103 nobis,
2967 3041 3009 3094 si
3040 3058 3142 3094 non
3169 3044 3480 3096 remittamus
3507 3045 3640 3098 aliis.
3667 3076 3738 3086 —

2155 3126 2435 3194 Quomodo
2465 3131 2664 3196 poteris
2692 3143 2878 3182 manus
2896 3130 2947 3183 in
2969 3131 3155 3184 caelum
3173 3132 3492 3199 extendere,
3525 3143 3617 3189 aut
3636 3136 3737 3189 lin-

2150 3231 2307 3284 gnam
2331 3231 2571 3283 movere,
2599 3227 2691 3272 aut
2708 3220 2915 3272 veniam
2941 3219 3242 3288 postulare?
3266 3222 3318 3276 Si
3341 3224 3482 3276 enim
3513 3225 3739 3281 voluerit

2154 3307 2248 3360 tibi
2275 3307 2416 3362 Deus
2445 3317 2662 3376 peccata
2687 3309 3018 3376 condonare,
3069 3320 3123 3365 tu
3151 3313 3203 3367 id
3247 3327 3350 3366 non
3390 3317 3652 3382 permittis
3676 3319 3696 3348 ³
3717 3357 3733 3382 ,

2151 3410 2270 3448 cum
2297 3395 2554 3451 adversus
2575 3411 2890 3452 conservum
2913 3399 3176 3455 offensum
3206 3404 3439 3455 animum
3481 3407 3730 3460 retineas.

2154 3486 2259 3541 Sed
2279 3489 2508 3542 crudelis
2532 3497 2636 3553 est,
2662 3490 2856 3558 inquis,
2874 3500 2926 3543 et
2950 3490 3167 3554 efferus,
3191 3507 3364 3562 ptena:
3388 3495 3736 3565 vindicueque

2153 3578 2360 3633 avidus.
2403 3579 2539 3643 Quin
2565 3581 2635 3634 ob
2660 3579 2886 3648 idipsum
2911 3592 3124 3651 peccata
3157 3585 3388 3637 remitte.
3420 3585 3612 3641 Multas
3651 3589 3733 3642 in-

2151 3667 2321 3735 jurias
2354 3670 2539 3734 tulisti,
2571 3670 2754 3724 multis
2776 3672 3033 3739 spoliatus
3061 3688 3150 3740 es,
3182 3689 3325 3743 sa-pe
3357 3679 3592 3731 convicia
3638 3694 3733 3732 au-

2157 3757 2302 3820 disti,
2329 3758 2379 3810 in
2400 3761 2644 3813 maximis
2672 3763 2828 3814 rebus
2849 3761 3100 3815 damnum
3127 3779 3314 3830 passus
3329 3781 3406 3828 es,
3435 3783 3496 3820 ac
3515 3770 3735 3836 proinde

2151 3847 2423 3901 desideras
2451 3865 2659 3916 poenam
2680 3852 3064 3922 ininiici.Atqui
3087 3854 3137 3906 in
3165 3854 3266 3908 hoc
3285 3855 3454 3924 ipsum
3479 3859 3618 3911 utilis
3638 3860 3730 3912 tibi

2155 3937 2473 3990 condonatio
2499 3939 2843 3996 offensarum.
2878 3942 2931 3995 Si
2962 3945 3102 3996 enim
3133 3945 3245 4012 ipse
3272 3948 3514 4001 vindicta:
3536 3948 3734 4003 incum-

2153 4025 2248 4079 bas
2269 4027 2627 4097 ultionemque
2646 4044 2847 4095 sumas,
2870 4033 2981 4086 sive
2996 4049 3089 4102 per
3108 4037 3291 4101 verba,
3321 4039 3431 4092 sive
3452 4054 3546 4106 per
3571 4039 3725 4103 facta,

2153 4118 2264 4171 sive
2301 4133 2395 4186 per
2421 4119 2875 4188 imprecatiouem,
2894 4123 3034 4178 Deus
3057 4125 3170 4194 ipse
3193 4141 3223 4179 a
3250 4128 3506 4182 sumenda
3535 4130 3733 4184 ultione

2155 4209 2544 4275 supersedebit,
2582 4220 2760 4279 utpote
2790 4222 2839 4266 te
2869 4223 3143 4284 satagente
3163 4219 3300 4272 circa
3333 4219 3402 4272 tui
3426 4220 3590 4287 ipsius
3614 4223 3732 4274 vin-

2153 4295 2347 4349 dictam
2381 4314 2394 4350 :
2427 4298 2534 4351 imo
2564 4315 2667 4352 non
2691 4300 2861 4355 solum
2889 4317 2992 4356 non
3019 4317 3362 4374 persequetur
3387 4322 3570 4375 pcenas
3594 4309 3732 4378 inju-

2153 4384 2352 4437 riarum
2396 4386 2486 4440 tibi
2517 4387 2800 4456 illatarum,
2828 4391 2921 4445 sed
2943 4407 2972 4445 a
2995 4393 3162 4463 teipso
3181 4395 3431 4450 mulctam
3454 4399 3646 4467 exiget,
3676 4412 3732 4455 ut

2155 4473 2406 4542 injuriose
2454 4492 2482 4530 a
2516 4487 2566 4532 te
2584 4478 2811 4534 habitus.

2223 4564 2275 4616 4.
2319 4564 2468 4628 Quod
2495 4568 2538 4618 si
2570 4568 2620 4620 in
2654 4568 2956 4624 hominibus
2981 4574 3030 4626 id
3062 4573 3137 4638 fit,
3172 4585 3226 4628 ut
3256 4578 3535 4633 verberato
3571 4597 3601 4635 a
3631 4598 3728 4636 no-

2151 4651 2233 4705 bis
2261 4653 2436 4707 alieno
2464 4671 2639 4721 servo,
2663 4658 2907 4714 dominus
2936 4662 3077 4716 illius
3099 4665 3414 4733 indignetur,
3438 4678 3491 4722 et
3520 4668 3620 4724 boc
3645 4672 3726 4725 in-

2149 4741 2341 4811 juriam
2363 4759 2484 4799 esse
2511 4746 2684 4811 dicat;
2729 4749 2829 4818 ipsi
2856 4767 3068 4822 quoque
3100 4756 3144 4808 si
3182 4756 3389 4825 injuriis
3430 4761 3719 4818 afliciamur

2153 4834 2239 4887 vel
2267 4849 2294 4886 a
2325 4838 2516 4902 servis,
2545 4840 2624 4893 vel
2651 4855 2679 4893 a
2712 4840 2912 4907 liberis,
2944 4848 3200 4900 sententia
3222 4848 3457 4916 judicum
3483 4863 3537 4906 et
3563 4853 3721 4908 domi-

2155 4937 2346 4978 norum
2392 4930 2744 4996 exspectanda
2776 4942 2897 4984 est:
2927 4933 2972 4986 si
3011 4935 3171 5002 igitur
3196 4938 3246 4990 in
3295 4941 3452 4994 rebus
3483 4942 3727 4998 humanis

2154 5028 2312 5068 nemo
2331 5016 2429 5069 sibi
2458 5027 2569 5070 tuto
2591 5017 2841 5072 ultionem
2864 5024 3041 5086 sumit,
3067 5037 3262 5091 quanto
3283 5031 3451 5099 magis
3471 5033 3520 5085 id
3546 5034 3724 5088 obser-

2153 5106 2380 5158 vandum
2402 5109 2452 5159 in
2476 5107 2633 5160 rebus
2655 5109 2776 5170 illis,
2797 5110 2882 5163 ubi
2904 5110 3043 5164 Deus
3065 5112 3176 5181 ipse
3197 5116 3388 5172 vindex
3407 5123 3724 5178 constitutus

2153 5195 2258 5247 est?
2276 5195 2350 5248 Te
2364 5198 2692 5264 veroinjuria
2715 5200 2958 5255 affecitct
2978 5202 3132 5266 laesit,
3150 5220 3210 5259 ac
3228 5208 3500 5263 innumera
3531 5213 3622 5267 tibi
3642 5213 3725 5268 fe-

2144 5277 2217 5328 cit
2238 5278 2520 5343 proximus
2541 5281 2679 5331 mala
2703 5295 2714 5328 :
2746 5294 2878 5336 cave
2896 5297 3112 5349 prltalll
3133 5296 3279 5341 tuam
3303 5308 3728 5365 persequar-eme

2143 5368 2425 5422 dominum
2446 5381 2598 5423 tuum
2619 5375 3016 5434 contumeliose
3037 5384 3235 5434 tractes
3259 5400 3269 5441 :
3292 5385 3422 5439 cede
3444 5386 3585 5455 Deo;
3607 5396 3723 5462 ipse

2144 5462 2420 5530 negotium
2488 5465 2661 5521 multo
2707 5466 2903 5524 melius
2957 5471 3398 5541 administrabit,
3443 5496 3605 5550 quam
3660 5498 3716 5540 tu

2145 5560 2311 5614 cupis.

2216 5638 2287 5686 De
2302 5649 2404 5685 non
2423 5635 2675 5699 faciendis
2696 5645 2880 5685 contra
2897 5650 3135 5690 tntmtras
3154 5651 3716 5710 imprecationibus...

2217 5783 2243 5850 ί,
2267 5789 2369 5828 Sav.
2395 5780 2586 5859 quodsi
2597 5783 2811 5859 Ldtrer‘o.‘
2831 5800 2851 5826 ι
2879 5792 3005 5859 Iram
3029 5785 3231 5847 dimitte,
3249 5803 3270 5833 ι
3298 5801 3392 5839 non
3410 5790 3621 5857 allegare
3633 5809 3719 5859 ρο-

2151 5842 2267 5910 teris
2289 5843 2501 5910 rorport's
2522 5842 2907 5910 imbecillitatem,
2934 5855 3027 5895 etc.
3220 5842 3228 5847 '
3487 5842 3576 5857 νγ
3595 5842 3614 5849 ν
3633 5842 3650 5859 r
3670 5842 3681 5863 ε

2219 5906 2237 5934 ι
2271 5913 2396 5959 sax,
2423 5909 2472 5950 tu
2487 5915 2576 5951 nan
2599 5906 2846 5954 (ottseiut's.

3345 5978 3418 6040 l8
