4452 6678
814 371 924 427 2θὸ

812 480 934 536 Tibi
952 478 1298 535 solummodo
1310 478 1525 548 jttssum
1543 485 1645 536 est,
1670 482 1726 526 ttt
1749 490 1846 544 pro
1860 490 1924 529 eo
1939 475 2033 544 qui
2047 484 2096 528 te
2113 474 2398 542 laesit,pre-

817 587 912 628 ces
928 569 1282 639 fundas;quid
1299 576 1480 622 autem
1495 567 1564 620 de
1575 582 1639 620 eo
1651 567 2000 620 statuendum
2014 565 2217 630 sit,sibi
2233 580 2399 620 reser-

817 664 934 718 vari
963 663 1146 734 jussit.
1177 659 1490 728 Numquam
1520 657 1618 710 tibi
1645 658 1783 712 tales
1813 657 2050 711 ultiones
2081 669 2399 724 assequere,

817 757 1007 826 quales
1028 769 1124 824 pro
1143 762 1194 808 te
1211 752 1302 807 ille
1323 751 1622 816 instruxit;
1645 751 1809 806 modo
1829 751 1902 804 illi
1918 750 2010 819 jus
2032 757 2183 803 tuum
2201 764 2371 804 conce
2387 777 2402 790 ο

817 848 937 909 das,
951 860 1050 899 nec
1067 845 1490 914 imprecationes
1509 841 1680 898 facias
1697 843 1956 897 adversus
1974 839 2281 902 inimicum,
2304 838 2401 894 sed

816 938 892 992 illi
909 936 1190 1005 relinquas
1202 935 1491 990 arbitrium
1504 933 1787 1003 judicandi
1812 951 1825 986 :
1848 932 1961 987 sive
1980 931 2126 984 enim
2144 944 2242 983 nos
2258 929 2403 996 inju-

817 1031 928 1085 rias
944 1027 1461 1092 condonetnus,sive
1475 1023 2036 1087 reconeiliemur,sive
2054 1037 2151 1092 pro
2166 1021 2402 1076 inimicis

821 1117 1246 1190 precemur,nisi
1265 1117 1369 1185 ipsi
1387 1117 1637 1171 conversi
1660 1114 1858 1169 fuerint
1874 1121 2040 1183 atque
2058 1114 2113 1166 in
2132 1112 2324 1167 melius
2343 1127 2402 1166 se

827 1205 1166 1268 inritaverint,
1189 1202 1330 1258 Deus
1351 1202 1468 1273 ipse
1491 1217 1598 1256 non
1623 1202 1879 1263 dimittet;
1908 1214 2013 1252 non
2039 1197 2270 1252 dimittet
2296 1209 2396 1248 au-

825 1309 934 1350 tem
961 1310 1147 1351 eorum
1173 1295 1382 1350 utilitati
1410 1293 1651 1348 studens.
1682 1293 1758 1346 Te
1776 1289 1972 1360 quippe
1990 1288 2188 1353 laudat,
2220 1296 2396 1340 tuam—

822 1403 926 1457 qtte
953 1385 1342 1456 philosophiam
1373 1383 1730 1453 amplectitur,
1760 1382 1906 1435 illum
1935 1395 2067 1436 vero
2096 1379 2279 1449 punit,
2330 1393 2398 1430 ne

826 1491 910 1530 tttn
941 1475 1271 1545 philosOphia
1295 1475 1529 1530 deterior
1546 1473 1815 1528 reddatur.
1840 1471 2195 1538 Quamobrem
2225 1469 2398 1522 inanis

824 1579 905 1622 est
933 1568 1020 1621 illa
1050 1566 1188 1634 vulgi
1227 1565 1511 1620 sententia.
1559 1563 1704 1617 Multi
1733 1564 1876 1617 enim
1901 1578 1929 1614 a
1962 1561 2115 1614 nobis
2143 1557 2394 1612 admoniti

821 1671 982 1724 super
997 1655 1447 1718 reconciliatione,
1486 1653 1577 1706 tibi
1599 1652 1969 1721 obtemperare
1992 1665 2094 1703 non
2133 1648 2394 1716 placebat,

824 1746 961 1800 hanc
975 1744 1371 1800 excusationem
1390 1741 1800 1812 prmtenderunt,
1826 1755 1942 1809 quae
1963 1739 2088 1792 nihil
2113 1737 2250 1790 aliud
2279 1735 2394 1798 fuit,

823 1853 982 1903 quam
1011 1842 1284 1905 pretextus
1308 1835 1541 1902 ipsorum
1570 1831 1814 1885 malitia}:
1847 1830 1988 1884 nolle
2013 1829 2212 1883 scilicet
2235 1840 2293 1879 se
2315 1840 2399 1880 re-

824 1926 1270 1988 conciliationem,
1294 1938 1361 1976 ne
1387 1922 1710 1976 deteriorem
1755 1921 2024 1974 inimicum
2057 1917 2246 1972 l‘aciant
2269 1957 2284 1980 ,
2331 1930 2398 1970 ne

823 2015 1147 2068 acerbiorem
1179 2020 1360 2080 postea
1389 2020 1445 2066 et
1467 2011 1723 2079 majorem
1750 2009 1865 2078 ejus
1905 2015 2264 2074 contemptum
2301 2019 2396 2058 ex-

825 2106 1117 2174 periantur.
1145 2103 1226 2156 Ad
1252 2102 1368 2155 [nec
1408 2100 1536 2155 illud
1564 2115 1774 2168 quoque
1799 2097 2070 2166 adjiciunt,
2100 2095 2255 2164 vulgo
2283 2095 2397 2148 exi-

824 2197 1093 2249 stimatum
1124 2192 1222 2255 iri,
1252 2192 1395 2260 ipsos
1424 2200 1640 2260 propter
1663 2187 2072 2243 imbecillitatem
2103 2186 2305 2253 priores
2332 2185 2400 2238 ad

826 2283 1304 2338 reconciliationem
1334 2281 1786 2348 placationemque
1808 2278 2004 2332 inimici
2027 2277 2252 2330 venisse.
2278 2275 2404 2330 Haec

822 2377 999 2428 omnia
1026 2387 1155 2425 vana
1186 2380 1344 2425 sunt:
1377 2369 1564 2424 oculus
1586 2370 1732 2423 enim
1765 2369 1851 2423 ille
1884 2383 2168 2437 numquam
2197 2366 2402 2421 dormi-

827 2475 946 2518 tans
967 2463 1113 2516 novit
1137 2471 1370 2516 mentetn
1397 2469 1561 2527 tuam,
1583 2475 1646 2514 ac
1669 2459 1890 2528 proinde
1914 2474 2294 2513 conservorum
2316 2474 2404 2510 ru-

827 2552 1098 2607 musculos
1125 2565 1312 2605 curare
1342 2566 1446 2605 non
1469 2549 1726 2604 debemus
1750 2590 1765 2615 ,
1798 2549 1955 2603 modo
1989 2549 2152 2617 judici
2178 2563 2402 2618 persua-

826 2643 975 2707 deas,
1005 2642 1096 2713 qui
1121 2642 1187 2697 de
1209 2655 1368 2696 causa
1394 2650 1479 2694 tua
1501 2639 1828 2709 judicaturus
1857 2648 1956 2695 est.
1991 2641 2045 2694 Si
2075 2650 2250 2693 autem
2273 2636 2403 2692 illud

827 2733 922 2787 tibi
946 2747 1088 2787 cura:
1112 2740 1213 2796 est,
1242 2746 1310 2786 ne
1338 2746 1460 2785 eum
1486 2730 1806 2784 deteriorem
1831 2739 1917 2784 tua
1949 2729 2182 2784 bonitate
2209 2729 2398 2793 facias;

824 2823 964 2878 scias
987 2821 1168 2889 velim,
1196 2835 1318 2876 eum
1340 2820 1444 2875 hoc
1464 2829 1620 2890 pacto
1647 2819 1972 2875 deteriorem
2003 2835 2109 2874 non
2138 2818 2400 2886 futurum,

826 2914 921 2970 sed
950 2913 1269 2970 deteriorem
1303 2912 1481 2984 potius
1509 2911 1743 2968 futurum
1764 2953 1780 2980 ,
1810 2912 1855 2967 si
1885 2928 2006 2968 eum
2037 2928 2144 2968 non
2181 2913 2358 2982 places
2386 2929 2401 2966 :

826 3019 954 3060 nam
970 3004 1071 3059 etsi
1093 3003 1394 3058 mortalium
1436 3003 1676 3057 omnium
1712 3003 2122 3058 scelestissimus
2163 3004 2262 3069 sit,
2305 3003 2406 3058 etsi

828 3109 937 3149 non
965 3093 1109 3149 dicat
1130 3107 1302 3163 neque
1322 3092 1496 3162 palam
1526 3106 1635 3160 prae
1661 3106 1720 3147 se
1749 3090 1902 3158 ferat,
1934 3101 2165 3147 attamen
2217 3093 2406 3146 tacitus

830 3185 1146 3257 approbabit
1175 3193 1294 3239 tuos
1315 3183 1711 3253 philosophicas
1738 3197 1916 3238 mores
1934 3225 1950 3251 ,
1978 3183 2407 3252 conscientiaque

827 3289 922 3330 sua
954 3285 1094 3330 tuam
1121 3273 1455 3328 reverebitur
1473 3271 1952 3327 mansuetudinem.
1983 3271 2135 3340 Quod
2165 3273 2208 3326 si
2232 3273 2284 3326 in
2311 3287 2404 3326 ea-

828 3365 952 3421 dem
978 3350 1308 3434 malignitate
1328 3361 1646 3432 perstiterit,
1667 3377 1766 3417 nec
1785 3361 2055 3416 blanditiis
2083 3362 2404 3427 emolliatnr,

831 3455 1114 3510 maximam
1135 3467 1344 3523 pinnam
1374 3467 1404 3506 a
1435 3451 1544 3506 Deo
1563 3452 1861 3506 sustinebit.
1887 3451 1957 3506 Ut
1975 3459 2150 3505 autem
2167 3451 2404 3517 discatis,

836 3547 1043 3602 tametsi
1072 3561 1170 3600 nos
1193 3559 1406 3600 oremus
1437 3543 1775 3613 proinimicis
1808 3551 1864 3598 et
1889 3541 2159 3611 injuriosis
2178 3582 2192 3607 ,
2239 3543 2406 3596 Deum

833 3652 937 3693 non
966 3637 1232 3692 dimittere
1251 3635 1359 3690 illis
1385 3643 1620 3704 peccata,
1650 3635 1693 3689 si
1723 3647 1789 3688 ex
1815 3642 1994 3689 nostra
2018 3633 2294 3688 tolerantia
2317 3633 2410 3686 de-

833 3729 1052 3784 teriores
1074 3726 1218 3791 fiant,
1242 3734 1473 3781 veterem
1497 3723 1768 3779 historiam
1794 3724 1942 3778 vobis
1963 3723 2272 3778 recenseho.
2302 3723 2406 3778 Oho

832 3819 1258 3890 trectavitMoysi
1283 3818 1443 3872 Maria
1474 3835 1486 3871 :
1515 3817 1641 3886 quid
1663 3816 1750 3872 hic
1771 3815 1950 3871 Deus?
1971 3815 2258 3885 Leprosam
2287 3831 2406 3870 eam

833 3923 889 3967 et
909 3911 1232 3966 immundam
1251 3910 1398 3973 fecit,
1419 3909 1634 3978 probam
1672 3908 1871 3976 alioqui
1893 3917 1946 3962 et
1969 3917 2192 3971 castam;
2217 3908 2409 3962 deinde

835 4003 1017 4073 Moyse
1044 4001 1388 4070 deprecante,
1419 3999 1507 4069 qui
1535 4013 1652 4052 eam
1675 3997 1920 4067 injuriam
1953 4012 2139 4066 passus
2167 4007 2283 4052 erat
2305 4040 2320 4063 ,
2352 4008 2410 4052 ut

837 4093 1036 4146 crimen
1062 4090 1382 4154 remitteret,
1415 4089 1583 4144 noluit
1611 4089 1768 4153 Deus,
1797 4087 1890 4141 scd
1934 4088 2059 4157 quid
2104 4089 2310 4158 inquit?
2349 4088 2410 4145 Si

836 4189 1071 4252 inspiceris
1089 4185 1390 4251 insputasset
1409 4188 1550 4250 paler
1576 4179 1628 4233 in
1654 4179 1812 4248 ipsius
1834 4178 2036 4246 faciem,
2067 4195 2166 4232 non
2198 4179 2409 4248 confusa

839 4273 1048 4342 fuisset?
1073 4271 1296 4336 Maneat,
1314 4270 1502 4338 inquit,
1527 4278 1671 4323 extra
1691 4277 1855 4321 castra
1883 4278 2068 4337 septem
2089 4269 2194 4324 dies
2220 4267 2405 4339 (Nam.

843 4361 932 4418 12.
964 4361 1075 4432 ll).
1100 4359 1251 4429 Quod
1271 4368 1449 4414 autem
1477 4358 1604 4412 dicit
1629 4358 1732 4412 tale
1760 4367 1873 4413 est:
1901 4358 1955 4413 Si
1974 4366 2174 4427 patrem
2198 4359 2411 4412 habuis-

838 4461 940 4518 set,
969 4453 1120 4522 isque
1161 4465 1280 4506 eam
1305 4466 1336 4504 a
1363 4457 1647 4518 conspectu
1669 4463 1765 4504 suo
1791 4449 2122 4514 removisset,
2155 4449 2409 4518 numquid

841 4560 949 4600 non
982 4543 1230 4598 toleraret
1266 4555 1384 4595 eam
1412 4539 1864 4608 increpationem?
1891 4537 1967 4592 Te
1996 4539 2208 4607 quidem
2255 4538 2412 4591 laudo

840 4635 908 4690 de
928 4633 1158 4688 fraterna
1186 4630 1404 4700 pietate,
1449 4627 1852 4681 mansuetudine
1886 4633 1942 4680 et
1980 4625 2235 4691 bonitate,
2283 4626 2412 4679 mihi

838 4731 1019 4778 autem
1044 4732 1244 4786 notum,
1268 4718 1482 4790 quando
1512 4717 1658 4770 illam
1682 4724 1925 4785 oporteat
1944 4714 2010 4769 ab
2039 4715 2137 4769 hac
2164 4729 2316 4784 ptena
2348 4715 2413 4767 li-

841 4813 1035 4869 berari.
1049 4810 1401 4878 Quamobrem
1418 4816 1472 4862 et
1490 4815 1544 4862 tu
1569 4820 1778 4876 quoque
1797 4820 2009 4861 omnem
2030 4805 2411 4860 humanitatem

841 4901 1066 4957 ostende
1092 4914 1214 4969 erga
1245 4901 1481 4961 fratrem,
1513 4911 1684 4965 neque
1708 4895 1924 4964 majoris
1952 4896 2197 4950 vindictae
2211 4895 2414 4967 cupidi-

840 5002 951 5048 tate
979 4991 1172 5046 delicta
1201 4988 1457 5051 dimittas,
1485 4986 1577 5040 sed
1607 4985 1825 5040 caritate
1849 4993 1904 5039 et
1947 4984 2176 5054 benigno
2212 4985 2410 5040 animo.

844 5084 899 5139 Id
931 5082 1024 5138 tibi
1052 5088 1255 5136 certum
1308 5077 1444 5131 habe
1463 5117 1478 5141 ,
1509 5075 1649 5146 quod
1678 5083 1876 5145 quanto
1902 5075 2070 5145 magis
2096 5085 2412 5143 aspernatus

844 5173 1004 5227 fuerit
1031 5182 1133 5226 tua:
1160 5166 1474 5239 placationis
1497 5164 1833 5230 industriam,
1866 5171 2015 5218 tanto
2035 5165 2288 5233 majorem
2311 5165 2412 5221 sibi

845 5277 1056 5334 pinnam
1077 5267 1373 5313 coacervat.
1396 5255 1532 5325 Quid
1563 5255 1677 5310 ais'l
1703 5253 1937 5310 deterior
1962 5251 2023 5308 lit
2057 5254 2316 5310 colendo?
2355 5255 2413 5310 id

839 5355 1045 5411 crimen
1092 5351 1292 5421 ipsius,
1341 5358 1488 5402 tuum
1527 5355 1704 5403 autem
1749 5347 2070 5411 encomium,
2117 5347 2256 5417 quod
2291 5361 2413 5400 cum

841 5458 965 5499 eum
982 5443 1142 5498 talem
1170 5439 1382 5494 videres
1405 5437 1658 5499 futurum,
1693 5453 1796 5491 non
1830 5448 2003 5493 tamen
2029 5438 2096 5492 ab
2110 5453 2174 5494 eo
2189 5437 2415 5492 colendo

843 5533 1129 5599 abstiteris,
1154 5542 1212 5586 ut
1239 5530 1428 5585 divina:
1447 5529 1702 5584 voluntati
1737 5529 2067 5584 satisfaceres
2091 5547 2103 5582 :
2129 5529 2293 5599 ipsius
2311 5529 2415 5582 cri-

847 5639 990 5688 men,
1016 5625 1253 5694 quodtua
1285 5621 1520 5677 bonitate
1535 5620 1700 5676 nihilo
1720 5636 1876 5691 quam
1897 5629 2049 5676 antea
2077 5622 2265 5677 melior
2293 5621 2415 5675 red-

896 5746 912 5776 ί
937 5747 995 5798 In
1020 5751 1186 5813 εει-ῆι..
1212 5754 1358 5805 nullo
1378 5762 1536 5804 autem
1558 5751 1811 5816 optabilius
1845 5758 1934 5811 est,
1980 5754 2170 5803 omissis
2191 5752 2268 5801 his
2292 5754 2415 5802 voci-

1521 371 1579 428 S.
1617 369 1891 426 JOANNIS
1926 366 2396 426 CHRYSOSTOMI
2436 365 2754 423 ARCIIIEP.
2797 364 3326 424 CONSTANTI'NOP.

3968 367 4071 423 201

2503 474 2666 530 ditur.
2700 476 2896 532 Paulus
2918 494 3043 532 vero
3068 478 3174 544 ait,
3205 475 3370 532 multo
3407 475 3690 544 optabilius
3717 479 3732 508 ³
3760 478 3893 533 alios
3922 482 4072 534 incu-

2500 566 2606 622 sari
2632 575 2848 635 propter
2873 583 2992 634 nos,
3015 584 3172 638 quam
3206 582 3304 624 nos
3328 576 3541 637 propter
3563 565 3717 619 alios.
3739 565 3816 620 Ne
3841 569 3968 623 mihi
3988 571 4076 623 di-

2501 656 2644 712 xeris
2669 655 2856 725 frigida
2877 656 2978 710 ista
3004 660 3162 713 verba
3179 701 3195 727 ,
3224 657 3523 714 Verendum
3567 669 3636 710 ne
3659 655 3731 710 ob
3759 666 3959 711 metmn
3988 675 4078 714 me

2501 754 2650 818 putet
2677 744 2745 800 ad
2769 760 2830 800 se
2855 750 3172 816 accurrisse,
3202 763 3265 804 ac
3287 748 3506 819 proinde
3527 746 3756 816 majores
3783 746 3953 800 fastus
3980 764 4075 804 su-

2503 845 2648 892 mat:
2679 836 2898 906 puerilis
2923 836 3026 892 ista
3045 841 3207 895 animi
3235 849 3360 897 sunt
3382 850 3435 896 et
3453 839 3688 904 stulti,et
3713 838 3779 893 ad
3800 837 4074 894 hominum

2502 928 2947 983 existimationem
2973 930 3415 1000 obstupescentis.
3445 933 3602 988 Putet
3639 947 3768 987 sane
3813 932 3954 1001 quod
4006 934 4080 987 ob

2504 1029 2700 1074 metum
2727 1020 3034 1074 accessisti:
3059 1037 3180 1078 nam
3199 1033 3254 1078 et
3278 1025 3347 1079 ita
3378 1041 3582 1081 merces
3600 1035 3686 1081 tua
3710 1025 3880 1095 major
3900 1023 4078 1079 futura

2503 1119 2604 1171 est,
2631 1125 2750 1163 cum
2777 1118 2832 1164 et
2857 1109 2998 1164 istud
3021 1125 3442 1182 praecognoscas,
3461 1125 3516 1171 et
3540 1125 3717 1171 tamen
3737 1116 3806 1170 ob
3832 1116 4076 1169 timorem

2507 1199 2598 1254 Dei
2626 1200 2803 1254 omnia
2836 1198 3122 1254 sustineas.
3150 1200 3252 1268 Qui
3290 1204 3431 1259 enim
3463 1205 3654 1258 famam
3681 1207 3950 1260 hominum
3977 1221 4079 1257 att-

2504 1306 2724 1360 cupans,
2747 1291 3232 1348 reconciliationem
3257 1295 3487 1350 instituit
3517 1337 3532 1363 ,
3572 1297 3902 1352 abscinditur
3923 1312 3954 1351 a
3988 1313 4078 1351 re-

2505 1384 2818 1439 munerandi
2839 1384 2989 1439 lucro
3021 1401 3036 1439 :
3066 1385 3155 1453 qui
3184 1395 3362 1440 autem
3393 1388 3495 1442 hoc
3517 1390 3685 1457 ipsum
3707 1391 3862 1458 plane
3889 1389 4077 1458 cogni-

2504 1485 2614 1528 tum
2637 1475 2817 1542 habet,
2845 1474 2984 1546 quod
3014 1475 3164 1530 multi
3191 1485 3248 1530 et
3273 1477 3569 1531 irridehunt
3601 1489 3656 1534 et
3686 1481 4078 1550 vituperabunt,

2505 1580 2676 1634 neque
2702 1573 2879 1621 tamen
2898 1565 2983 1622 vel
3003 1568 3071 1620 ita
3087 1565 3296 1620 absistit
3311 1581 3340 1618 a
3367 1568 3815 1635 reconciliatione,
3837 1571 4082 1639 duplica-

2509 1663 2612 1707 tam
2642 1663 2699 1711 et
2728 1657 3046 1726 triplicatam
3072 1655 3289 1711 habebit
3313 1669 3586 1710 coronam.
3634 1657 3700 1710 Et
3747 1657 3833 1712 hic
3871 1661 4083 1727 potissi-

2506 1762 2650 1800 mum
2671 1747 2716 1801 is
2735 1755 2838 1813 est,
2861 1747 2948 1816 qui
2970 1754 3186 1817 propter
3214 1745 3376 1800 Deum
3399 1745 3451 1799 id
3472 1744 3614 1800 fecit.
3641 1745 3720 1800 Ne
3759 1747 3884 1800 mihi
3909 1748 4080 1810 dicas,

2507 1835 2602 1889 has
2631 1845 2685 1890 ct
2714 1837 2831 1891 illas
2860 1837 3078 1907 injurias
3107 1836 3285 1891 intulit
3313 1855 3327 1892 :
3359 1851 3480 1890 nam
3520 1835 3565 1889 si
3611 1835 3862 1904 quidquid
3910 1839 4080 1891 malo-

2507 1942 2624 1979 rum
2653 1936 2736 1981 est
2764 1925 2819 1980 in
2843 1926 3166 1992 hominibus,
3201 1926 3253 1980 id
3281 1926 3536 1980 adversus
3559 1935 3611 1980 te
3639 1925 4080 1995 deprompsisset,

2507 2016 2665 2070 etiam
2696 2015 2766 2069 ita
2787 2015 2948 2086 jussit
2974 2016 3112 2071 Deus
3132 2015 3363 2071 offensas
3393 2017 3684 2071 remittere.

2582 2108 2633 2161 5.
2650 2105 2676 2159 Ι
2685 2107 2950 2161 nimicitias
2969 2123 3202 2162 exercens
3225 2125 3288 2162 ne
3308 2107 3375 2160 ad
3393 2125 3592 2162 sacram
3609 2125 3831 2162 mensam
3855 2109 4080 2161 accedat.

2506 2199 2719 2253 —Ecce
2746 2199 2996 2267 praedico,
3025 2209 3081 2253 et
3107 2209 3400 2264 contestor,
3414 2207 3470 2253 et
3490 2200 3632 2254 clara
3655 2215 3785 2254 voce
3819 2199 4082 2262 exclamo,

2510 2305 2666 2344 nemo
2693 2291 2782 2358 qui
2801 2290 3072 2344 inimicum
3094 2289 3286 2344 habeat
3309 2331 3324 2355 ,
3347 2290 3415 2344 ad
3441 2305 3644 2344 sacram
3667 2307 3904 2345 mensam
3929 2291 4087 2346 adeat

2507 2390 2562 2435 et
2585 2396 2776 2449 corpus
2805 2379 3004 2434 Christi
3025 2380 3284 2450 accipiat'
3325 2398 3339 2444 ;
3368 2382 3629 2451 nemoqui
3650 2382 3784 2446 adit,
3814 2383 4082 2436 inimicum

2509 2470 2718 2524 habeat.
2753 2469 3030 2523 Inimicum
3060 2470 3260 2524 habes?
3288 2485 3356 2524 ne
3383 2471 3631 2526 accedas.
3676 2469 3768 2526 Vis
3795 2472 4087 2527 accedere?

2507 2559 2876 2625 reconciliare,
2898 2568 2954 2614 et
2982 2567 3093 2613 tum
3121 2575 3330 2614 sacrum
3348 2561 3565 2630 attinge.
3593 2561 3700 2615 lmo
3717 2577 3821 2615 non
3844 2577 3962 2631 ego.
3991 2563 4086 2616 sed

2509 2649 2684 2718 potius
2716 2648 2968 2702 Dominus
3018 2658 3234 2718 propter
3259 2663 3357 2702 nos
3401 2651 3685 2704 cruciﬁxus
3714 2651 3812 2704 ista
3843 2652 3999 2716 dicit;
4034 2663 4088 2704 nt

2509 2738 2880 2792 reconciliaret
2924 2748 2976 2793 te
3021 2738 3184 2803 Patri,
3213 2754 3280 2793 ne
3311 2739 3530 2794 mactari
3571 2739 3784 2808 quidem
3827 2745 4088 2794 recusavit

2509 2839 2602 2882 aut
2625 2830 2936 2898 sanguinem
2967 2829 3272 2895 effundere;
3317 2839 3374 2886 tu
3411 2839 3590 2886 autem
3634 2843 3691 2886 ut
3725 2834 4090 2888 reconcilieris

2510 2933 2790 2985 conservo,
2825 2933 2924 2973 nec
2955 2920 3174 2974 verbum
3198 2920 3279 2975 vis
3307 2920 3584 2987 emittere,
3611 2929 3704 2976 aut
3743 2923 3890 2991 prior
3932 2938 4090 2977 arce-

2510 3009 2640 3064 dere
2659 3009 2682 3063 ’ἶ
2698 3010 2858 3076 Audi,
2884 3010 3011 3079 quid
3033 3011 3100 3066 de
3123 3012 3314 3066 talibus
3339 3013 3574 3081 loquitur
3594 3013 3848 3068 Dominus
3881 3032 3895 3068 :
3922 3014 3984 3070 Si
4005 3016 4089 3082 of-

2511 3100 2612 3168 fers
2632 3114 2815 3152 munus
2839 3108 2978 3152 tuum
2995 3101 3062 3152 ad
3077 3102 3257 3167 altare,
3278 3113 3323 3154 et
3340 3102 3447 3154 illic
3467 3103 3758 3156 recordatus
3784 3105 3940 3174 fueris
3955 3106 4090 3174 quod

2507 3188 2667 3255 frater
2711 3197 2827 3242 tuus
2874 3189 3068 3260 aliquid
3097 3191 3242 3244 habet
3270 3193 3535 3246 adversum
3559 3203 3608 3246 te
3639 3192 3849 3264 (Matth.
3879 3195 3933 3248 5.
3959 3194 4088 3263 25);

2511 3291 2618 3330 non
2660 3276 2835 3345 dixit,
2881 3289 3163 3347 exspecta,
3191 3281 3362 3335 donec
3388 3282 3477 3335 ille
3500 3283 3680 3337 veniat
3707 3282 3775 3337 ad
3803 3292 3887 3350 te,
3916 3293 4006 3338 aut
4035 3296 4092 3338 nt

2511 3365 2691 3436 aliquo
2716 3367 2822 3420 alio
2848 3367 3206 3423 intercessore
3236 3370 3428 3434 utaris,
3463 3380 3555 3424 aut
3581 3371 3981 3442 deprecatorem
4012 3376 4092 3428 al-

2512 3456 2679 3526 leges,
2709 3456 2826 3522 sed,
2860 3467 2914 3511 tu
2945 3458 3077 3526 ipse,
3111 3459 3301 3528 inquit,
3330 3461 3395 3513 ad
3429 3460 3572 3514 illum
3598 3476 3838 3516 accurre.
3861 3463 3976 3528 Abi,
4007 3465 4091 3517 in-

2513 3545 2646 3614 quit,
2671 3545 2810 3614 prius
2827 3547 3160 3600 reconciliare
3177 3549 3327 3617 fratri
3359 3559 3444 3601 tuo
3472 3547 3685 3616 (Matth.
3708 3551 3761 3605 ὅ.
3789 3550 3899 3620 24).
3931 3551 3976 3605 0
4011 3553 4092 3606 fa-

2512 3645 2653 3688 ctum
2672 3634 3010 3690 incredibile!
3041 3636 3154 3707 ipse
3175 3651 3279 3692 non
3301 3637 3602 3708 accipitpro
3625 3639 3933 3710 ignominia,
3947 3641 4093 3710 quod

2511 3725 2710 3780 donum
2747 3727 2847 3780 sibi
2890 3727 3212 3782 destinatum
3251 3728 3600 3799 relinquatur,
3632 3741 3687 3785 et
3728 3740 3781 3785 tu
3811 3742 4093 3786 contume-

2513 3816 2637 3870 liam
2669 3827 2841 3887 putas,
2872 3818 2917 3871 si
2960 3819 3105 3887 prior
3127 3820 3288 3874 abeas
3329 3819 3395 3873 ad
3422 3821 3942 3876 reconciliationem?
3973 3823 4089 3889 Dic,

2513 3924 2715 3978 quaeso,
2743 3926 2860 3979 qua:
2877 3912 3030 3965 venia
3048 3911 3270 3966 debetur
3285 3913 3401 3966 Istis
3421 3912 3616 3966 rebus?
3631 3913 3687 3967 Si
3709 3913 3906 3967 videris
3924 3930 4093 3968 mem-

2515 3999 2668 4054 brum
2691 3999 3006 4066 abscissum,
3040 4016 3218 4055 annon
3260 4002 3440 4055 omnia
3465 4003 3592 4056 facis
3612 4042 3626 4064 ,
3655 4011 3712 4056 ut
3759 4004 4092 4072 conglutines

2513 4092 2756 4160 corpori?
2805 4091 2948 4146 Idem
2976 4093 3058 4147 lae
3084 4093 3136 4146 in
3165 4093 3416 4148 fratribus
3466 4093 3607 4148 tuis:
3639 4094 3851 4164 quando
3895 4095 4093 4148 videris

2513 4196 2606 4236 eos
2637 4181 2907 4236 abscissos
2953 4197 2983 4234 a
3047 4190 3135 4236 tua
3167 4182 3427 4250 amicitia,
3457 4198 3680 4254 propera
3730 4185 3982 4241 celeriter
4022 4187 4091 4239 ad

2515 4273 2811 4339 amplexus,
2841 4285 2908 4323 ne
2933 4280 3210 4338 exspectes
3256 4273 3427 4327 donec
3457 4275 3553 4343 ipsi
3582 4275 3791 4343 priores
3813 4274 3878 4329 ad
3920 4286 3971 4330 te
4001 4292 4094 4331 ve-

2515 4361 2683 4422 niant,
2712 4359 2804 4412 sed
2838 4360 2951 4427 ipse
2977 4362 3122 4428 prior
3146 4362 3382 4415 bravium
3410 4363 3593 4432 accipe
3622 4378 3654 4418 e
3681 4363 3894 4419 festina.

2591 4467 2734 4523 Unus
2775 4469 3005 4522 inimicus
3042 4480 3144 4524 esto
3169 4471 3307 4526 nobis
3331 4472 3582 4528 diabolus.
3607 4503 3679 4514 —
3703 4473 3878 4529 Unum
3907 4474 4084 4528 inimi-

2517 4576 2636 4615 eum
2659 4560 2792 4628 jussi
2818 4574 3000 4614 sumus
3020 4560 3214 4618 habere
3237 4563 3524 4628 diabolum,
3547 4580 3666 4618 eum
3687 4565 3776 4618 illo
3801 4581 4089 4634 numquam

2521 4651 2571 4705 in
2601 4650 2822 4720 gratiam
2863 4649 3078 4716 redeas;
3109 4652 3362 4708 adversus
3390 4653 3606 4708 fratrem
3639 4669 3764 4707 vero
3802 4669 4090 4723 numquam

2518 4742 2593 4794 sis
2616 4740 2830 4794 inimico
2855 4740 3063 4806 animo,
3089 4743 3180 4796 sed
3205 4745 3248 4797 si
3271 4754 3388 4797 nata
3419 4741 3578 4799 fuerit
3598 4744 3771 4812 aliqua
3795 4742 4089 4799 otl'eusiun-

2517 4831 2656 4893 cula.
2682 4831 2890 4900 longior
2917 4847 3022 4884 uno
3043 4832 3130 4887 die
3155 4849 3222 4888 ne
3241 4846 3378 4901 esto,
3402 4850 3572 4904 neque
3598 4835 3822 4903 spatium
3839 4833 4088 4890 diurnum

2519 4921 2782 4977 excedito.
2812 4920 2906 4977 Sol
2928 4961 2944 4988 ,
2976 4923 3174 4993 inquit,
3201 4943 3301 4981 non
3344 4929 3539 4981 occidat
3580 4942 3733 4996 super
3771 4926 4089 4982 iracundiam

2518 5021 2730 5066 uestram
2758 5011 2971 5084 (Ephes.
2999 5014 3054 5068 4.
3083 5014 3196 5086 26).
3225 5015 3280 5071 Si
3305 5025 3429 5071 ante
3458 5029 3732 5084 vesperam
3758 5018 4087 5072 stomachum

2519 5102 2696 5170 ponis,
2722 5099 2886 5155 habes
2911 5115 2941 5155 a
2972 5101 3082 5158 Deo
3105 5105 3332 5174 aliquam
3362 5105 3567 5159 veniam
3593 5104 3766 5171 :quod
3796 5105 3840 5158 si
3865 5107 4090 5164 ulterius

2521 5201 2606 5246 tua
2649 5191 2769 5247 bilis
2792 5191 3027 5259 durarit,
3057 5210 3160 5249 non
3189 5210 3255 5251 ex
3299 5195 3374 5248 ira
3415 5202 3470 5248 et
3507 5194 3864 5264 indignatione
3898 5200 4086 5267 raptim

2519 5327 2630 5382 bus,
2668 5325 2846 5376 Paulus
2873 5340 2985 5379 vero
3004 5327 3090 5379 ait.
3114 5329 3322 5378 Nannius
3358 5339 3387 5374 a
3421 5324 3565 5375 Paulo
3601 5327 3746 5375 etiam
3781 5331 4090 5380 memoranda

2521 5387 2732 5436 abstinet
2753 5388 2802 5436 in
2823 5391 2956 5450 edit.
2981 5389 3166 5448 ωσι-ειη
3191 5397 3245 5438 et
3280 5385 3452 5438 l’aulus
3465 5389 3572 5450 ipse
3591 5391 3881 5439 sententiam
3899 5391 3977 5440 hic
3997 5404 4088 5439 ex-

2521 5459 2734 5509 pressam
2757 5448 2923 5500 nullibi
2946 5449 3157 5509 protulit.

2565 5512 2585 5541 ³
2618 5510 2667 5560 In
2691 5513 2840 5564 Savil.
2867 5522 2920 5564 et
2946 5519 2992 5564 in
3031 5531 3127 5564 uno
3152 5515 3346 5576 Lodiee.
3389 5514 3513 5576 hac,
3545 5517 3610 5567 ad
3639 5532 3831 5571 sacram
3871 5536 4086 5573 mensam

2503 5579 2646 5644 adeat
2661 5581 2707 5644 et
2739 5589 2914 5640 corpus
2935 5575 3115 5644 Qhristi
3131 5573 3354 5644 accipiat,
3377 5573 3574 5644 desunt.
3599 5580 3698 5644 Sed
3725 5583 3808 5633 alii
3835 5592 3887 5633 et
3909 5585 4087 5633 Morel.

2502 5635 2576 5686 sic
2614 5635 2833 5697 habent,'
2861 5639 3159 5707 et_Savilius
3197 5635 3248 5686 in
3289 5637 3524 5707 margine
3543 5642 3719 5693 adfert.
3773 5645 3889 5694 Haec
3927 5658 4089 5707 porro

2504 5710 2738 5770 germana
2782 5713 2893 5770 esse
2921 5701 3025 5770 ipsa
3049 5697 3210 5770 series
3237 5697 3431 5764 arguit;
3475 5701 3554 5752 his
3589 5707 3722 5756 enim
3746 5697 3965 5770 demptis
3989 5705 4084 5754 im-

2507 5760 2729 5822 perfecta
2776 5761 2999 5812 clausula
3039 5767 3134 5810 est.
