4452 6688
342 614 453 673 ξεν.
490 614 597 684 Οὐχ
622 616 791 682 οὕτως
821 619 883 671 σὺ
916 617 1108 671 σαυτὸν
1137 612 1391 675 ἐκδικεῖς,
1422 611 1497 676 ὡς
1535 610 1743 671 ἐκεῖνός
1782 624 1839 659 σε
1865 607 2004 659 ἐκδι-

343 702 512 768 κῆσαι
562 707 1039 776 παρεσκεύασται,
1081 700 1147 753 ἂν
1188 698 1337 769 αὑτῷ
1365 701 1772 770 παραχωρήσῃς
1826 696 2004 767 μόνον,

340 788 437 839 καὶ
472 791 547 861 μὴ
577 794 812 863 κατεύξῃ
850 791 942 844 τοῦ
970 787 1360 855 λελυπηκότος,
1400 786 1514 837 ἀλλ’
1538 784 1698 838 αὑτὸν
1745 785 1887 855 ἀφῇς
1910 784 2007 837 κύ-

342 889 459 942 ριον
488 878 737 945 γενέσθαι
764 879 862 947 τῆς
893 875 1075 942 ψήφου
1098 887 1113 902 ⁸
1148 870 1252 924 κᾶν
1282 872 1392 941 γάρ
1424 874 1585 941 ἡμεῖς
1630 872 1853 942 ἀφῶμεν
1892 874 2006 933 τοῖς

336 960 647 1033 ἠδικηκόσι,
682 963 782 1017 κᾶν
813 958 1258 1027 καταλλαγῶμεν,
1285 959 1386 1011 κᾶν
1412 958 1555 1029 ὑπὲρ
1584 959 1760 1012 αὑτῶν
1801 957 2005 1027 δεηθῶ-

338 1064 474 1116 μεν,
506 1051 534 1103 6
567 1051 698 1111 Θεὸς
731 1049 830 1100 οὑκ
880 1045 1127 1112 ἀφίησιν,
1163 1046 1257 1097 ἐὰν
1293 1046 1367 1116 μὴ
1428 1046 1865 1115 μεταϐάλλωνται
1912 1045 2005 1095 καὶ

334 1136 513 1198 αὑτοὶ,
560 1137 655 1189 καὶ
692 1132 936 1203 βελτίους
966 1133 1260 1199 γένωνται·
1297 1134 1396 1187 οὑκ
1443 1136 1635 1204 ἀφίησι
1672 1134 1728 1188 δέ
1770 1133 1905 1203 πρὸς
1943 1130 2002 1182 τὸ

331 1223 607 1292 ,χρήσιμον
629 1219 851 1271 ἐκείνων
874 1217 1107 1286 βλέπων.
1136 1218 1202 1271 Σὲ
1226 1219 1325 1289 μὲν
1349 1220 1456 1292 γὰρ
1488 1224 1702 1275 ἐπαινεῖ
1730 1222 1821 1273 καὶ
1866 1220 2002 1270 ἀπο-

332 1308 548 1379 δέχεται
572 1308 671 1376 τῆς
709 1305 1044 1373 φιλοσοφίας,
1099 1308 1305 1361 ἐκεῖνον
1334 1320 1359 1349 ει
1393 1308 1450 1362 δὲ
1498 1310 1873 1378 ἐπεξέρχεται,
1914 1304 2000 1357 ἵνα

332 1400 414 1468 μὴ
442 1401 503 1467 τῇ
537 1399 601 1464 σῇ
626 1394 914 1465 φιλοσοφίᾳ
954 1396 1152 1463 χείρων
1190 1397 1433 1470 γένηται.
1482 1400 1644 1451 Ὥστε
1690 1394 1941 1464 περιττὸς
1971 1397 2000 1447 6

330 1486 443 1537 τῶν
481 1481 689 1534 πολλῶν
712 1481 887 1548 λόγος.
924 1482 1111 1536 Πολλοὶ
1155 1484 1263 1555 γὰρ
1306 1486 1564 1547 πολλάκις
1606 1480 1997 1552 ἐγκαλούμενοι

330 1568 465 1636 παρ’
495 1566 674 1635 ἡμῶν,
700 1567 887 1638 ἐπειδὴ
924 1570 1397 1641 παρακαλούμενοι
1434 1569 1842 1636 καταλλαγῆναι
1886 1571 1997 1631 τοῖς

328 1653 545 1721 ἐχθροῖς
587 1653 686 1705 οὑκ
732 1653 1037 1718 ἐπείθοντο,
1092 1658 1295 1728 ταύτην
1326 1658 1543 1709 ἐδόκουν
1570 1655 1671 1723 τὴν
1700 1654 1994 1722 ἀπολογίαν

328 1739 699 1807 προϐαλέσθαι
726 1742 1134 1813 παραπέτασμα
1151 1746 1249 1813 τῆς
1280 1742 1489 1796 ἑαυτῶν
1511 1738 1677 1795 οὖσαν
1706 1743 1988 1813 πονηρίας·

323 1824 404 1875 Οὐ
445 1821 704 1893 βούλομαι
733 1827 1158 1898 καταλλαγῆναι,
1193 1830 1387 1895 φησὶν,
1424 1828 1510 1880 ἵνα
1545 1828 1618 1897 μὴ
1653 1827 1869 1898 χείρονα
1894 1829 1990 1881 αὑ-

324 1909 416 1961 τὸν
442 1910 882 1980 ἐργάσωμαι,ἵνα
910 1915 982 1985 μὴ
1009 1915 1363 1985 τραχύτερον,
1395 1914 1479 1967 ἵνα
1504 1915 1578 1985 μὴ
1605 1916 1861 1985 μειζόνως
1889 1932 1989 1983 μου

318 1993 479 2065 {205]
512 1999 897 2071 καταφρονήσῃ
920 2002 1060 2068 μετὰ
1091 2000 1281 2053 ταῦτα.
1334 2001 1442 2053 Καὶ¹
1480 2001 1613 2071 πρὸς
1643 2001 1853 2063 τούτοις
1892 2001 1991 2051 κά-

323 2085 474 2135 κεῖνο
502 2084 765 2151 λέγουσιν,
798 2087 879 2139 ὃτι
910 2085 1102 2141 Πολλοὶ
1131 2088 1239 2142 τῶν
1269 2088 1571 2159 ἀνθρώπων
1610 2088 1671 2153 ἐξ
1706 2087 1989 2148 ἀσθενείας

322 2187 396 2239 με
441 2171 718 2239 νομίζουσι
762 2175 1026 2245 πρότερον
1077 2176 1171 2228 ἐπὶ
1218 2175 1317 2239 τὰς
1359 2176 1703 2244 καταλλαγὰς
1732 2173 1988 2244 ἔρχεσθαι

317 2259 417 2310 καὶ
457 2258 551 2310 τὸν
594 2260 785 2330 ἐχθρὸν
836 2264 1193 2333 παρακαλεῖν.
1244 2263 1429 2317 Ταῦτα
1468 2266 1645 2317 πάντα
1677 2262 1882 2331 μάταια
1908 2278 1921 2291 ·
1960 2263 1987 2313 6

318 2348 432 2419 γὰρ
469 2350 764 2421 ἀκοίμητος
812 2353 1087 2423 ὀφθαλμὸς
1122 2350 1228 2406 εἶδε
1281 2354 1424 2425 τὴνδ
1456 2354 1680 2423 γνώμην
1718 2352 1817 2422 τὴν
1851 2353 1948 2422 σήν
1969 2369 1983 2383 ⁶

312 2434 509 2505 διόπερ
543 2437 732 2490 οὐδένα
763 2440 868 2509 χρὴ
903 2440 1175 2493 ποιεῖσθαι
1204 2441 1314 2493 τῶν
1333 2440 1634 2493 συνδούλων
1658 2438 1835 2508 λόγον,
1858 2440 1984 2493 ὅταν

316 2520 411 2574 τὸν
441 2523 633 2594 κριτὴν
657 2525 850 2596 πείσῃς
871 2528 967 2579 καὶ
999 2528 1087 2579 τὸν
1121 2527 1387 2597 μέλλοντά
1416 2543 1500 2578 σοι
1538 2525 1803 2590 δικάζειν.
1837 2528 1899 2580 Εί
1926 2528 1982 2580 δέ

314 2612 414 2665 τοῦ
459 2616 532 2685 μὴ
550 2615 819 2682 -γενέσθαι
850 2633 930 2669 σοι
958 2618 1177 2686 χείρονα
1198 2617 1285 2669 διὰ
1314 2617 1414 2686 τῆς
1439 2618 1538 2686 σῆς
1568 2617 1863 2679 ἐπιεικείας
1891 2618 1981 2670 τὸν

313 2697 513 2768 ἐχθρὸν
547 2699 872 2769 φροντίζεις,
898 2704 1073 2753 ἐκεῖνο
1106 2700 1343 2770 μάνθανε
1364 2741 1377 2765 ,
1408 2702 1489 2754 ὅτι
1535 2702 1631 2771 οὑχ
1659 2701 1800 2754 οὑτω
1835 2704 1982 2770 γίνε-

313 2800 410 2835 ται
444 2786 674 2853 χείρων,
718 2788 834 2839 ἀλλ’
870 2787 935 2840 ἀν
970 2788 1042 2856 μὴ
1079 2788 1422 2858 καταλλαγῇς
1474 2789 1669 2858 μᾶλλον
1692 2806 1706 2821 ο
1742 2789 1842 2842 κᾶν
1872 2792 1980 2859 γάρ

313 2870 576 2923 ἁπάντων
604 2873 943 2943 μιαρώτερος
962 2869 1017 2945 ᾖ,
1047 2871 1148 2925 κᾶν
1178 2873 1251 2943 μὴ
1284 2873 1437 2944 λέγῃ,
1464 2874 1565 2927 κᾶν
1606 2874 1680 2945 μὴ
1712 2876 1977 2948 κηρύττῃ,

314 2958 413 3010 καὶ
443 2958 610 3026 σιγῶν
639 2961 855 3023 πάντως
884 2960 1202 3025 ἀποδέξεται
1244 2977 1336 3014 σου
1370 2963 1469 3033 τὴν
1508 2962 1820 3032 φιλοσοφίαν
1842 3002 1857 3027 ,
1895 2966 1973 3015 αί-

309 3043 636 3114 δεσθήσεταί
668 3064 761 3099 σου
781 3047 883 3117 τὴν
912 3048 1196 3117 πραότητα
1222 3048 1362 3101 κατὰ
1392 3050 1450 3103 τὸ
1499 3050 1737 3113 συνειδὸς
1758 3050 1820 3102 τὸ
1849 3052 1976 3101 ἐαυ-

311 3130 411 3183 τοῦ
429 3147 441 3157 ’
482 3132 577 3185 ἐὰν
606 3134 662 3186 δέ
693 3135 787 3187 ἐπὶ
812 3134 913 3203 τῆς
936 3136 1104 3204 αὑτῆς
1143 3136 1275 3208 μένῃ
1320 3136 1579 3206 πονηρίας
1608 3137 1976 3206 κολακευόμε-

311 3234 404 3278 νος
427 3220 520 3271 καὶ
541 3220 997 3291 θεραπευόμενος,
1029 3223 1139 3287 ἕξει
1166 3223 1404 3295 τιμωρὸν
1431 3225 1688 3292 μέγιστον
1708 3225 1800 3277 τὸν
1820 3224 1975 3277 Θεόν.

310 3303 423 3354 Καὶ
460 3304 545 3356 ἵνα
585 3307 821 3377 μάθητε,
867 3309 970 3373 ὅτι,
998 3310 1099 3362 κᾶν
1144 3312 1303 3379 ἡμεῖς
1334 3310 1806 3380 παρακαλέσωμεν
1837 3312 1976 3380 ὑπὲρ

308 3389 423 3440 τῶν
449 3391 655 3462 ἐχθρῶν
682 3396 775 3448 καὶ
806 3396 949 3466 ὑπὲρ
977 3397 1085 3450 τῶν
1118 3397 1471 3467 ἠδικηκότων,
1511 3400 1539 3451 6
1576 3397 1709 3461 Θεὸς
1736 3398 1836 3450 οὑκ
1874 3400 1977 3467 ἀφ-

311 3475 481 3545 ίησιν,
515 3479 583 3531 ἂν
614 3481 846 3550 μέλλωσι
891 3483 1136 3550 γίνεσθαι
1170 3484 1386 3554 χείρους
1422 3484 1512 3538 διὰ
1555 3485 1657 3554 τῆς
1700 3485 1976 3555 ἡμετέρας

306 3564 679 3630 ἀνεξικακίας,
730 3569 971 3637 ἱστορίαν
1003 3571 1131 3639 ὑμῖν
1165 3570 1276 3640 ἐρῶ
1306 3570 1562 3631 παλαιάν,
1624 3573 1974 3638 Κατελάλησέ

307 3665 442 3701 ποτε
490 3650 585 3701 τοῦ
629 3653 907 3716 Μωῦσέως
944 3656 976 3723 ἡ
1013 3656 1237 3726 Μαρίαο
1264 3656 1317 3709 τί
1347 3652 1440 3710 οὖν
1485 3660 1514 3710 6
1550 3658 1717 3722 Θεός;
1750 3659 1971 3729 Δέπραν

306 3736 596 3805 ἐπαφῆκεν
622 3740 760 3808 αὑτῇ
780 3778 795 3801 ,
849 3742 944 3793 καὶ
971 3743 1280 3813 ἀκάθαρτον
1303 3744 1473 3814 αὑτὴν
1517 3744 1761 3815 ἐποίησε,
1796 3746 1972 3799 καίτοι

305 3839 372 3889 γε
403 3823 472 3875 τὰ
498 3824 632 3877 ἄλλα
664 3822 829 3879 οὖσαν
864 3828 1078 3899 ἐπιεικῆ
1105 3831 1200 3882 καὶ
1228 3829 1508 3900 σώφρονα’
1532 3827 1651 3885 εἶτα
1683 3832 1776 3885 τοῦ
1806 3834 1973 3886 Μωῦο

307 3909 448 3971 σέω;
478 3910 641 3963 αὑτοῦ
672 3912 766 3963 τοῦ
797 3912 1124 3984 ὑϐρισμένου
1159 3916 1600 3986 παρακαλοῦντος
1635 3919 1853 3985 ἀφεῖναι
1875 3917 1971 3989 τὴν

302 3997 497 4067 ὀργὴν,
514 3997 612 4051 οὑκ
627 3998 887 4069 ἠνέσχετο
913 4003 941 4053 6
957 4000 1115 4063 Θεός·
1134 4002 1269 4055 ἀλλά
1296 4003 1350 4055 τί
1372 4019 1535 4071 φησιν
1557 4020 1571 4069 ;
1603 4006 1672 4056 El
1697 4005 1972 4072 ἐμπτύων

302 4082 643 4138 ἐνέπτυσεν
674 4088 707 4139 ὁ
740 4088 937 4155 πατὴρ
961 4087 1151 4155 αὐτῆς
1174 4091 1261 4155 εἰς
1290 4090 1356 4142 τὸ
1387 4093 1734 4158 πρόσωπον,
1762 4094 1874 4146 οὐκ
1896 4092 1972 4146 ἂν

301 4168 637 4238 ἐι·ετρὰπ-η;
694 4173 985 4235 Men-dtu,
1041 4176 1225 4243 φησὶν,
1256 4175 1373 4240 ἔξω
1432 4175 1544 4245 τῆς
1592 4176 1971 4247 παρεμϐολῆς

301 4254 457 4309 ἐπτὰ
481 4258 721 4326 ἡμέρας.
761 4262 826 4313 Ὀ
855 4261 912 4313 δέ
949 4261 1094 4330 λέγει
1136 4263 1374 4317 τοιοῦτόν
1418 4265 1597 4317 ἐστιν·
1636 4264 1701 4318 Ei
1735 4266 1967 4336 πατέρα,

304 4344 493 4413 φησὶν,
534 4341 645 4415 εἶχε
666 4349 760 4399 καὶ
786 4347 843 4413 ἐξ
869 4348 1043 4415 ὄψεως
1069 4350 1237 4419 αὑτὴν
1263 4351 1537 4418 ἐποίησεν,
1567 4353 1666 4405 οὑκ
1683 4351 1748 4405 ἂν
1771 4354 1967 4424 ῆνεγκε

303 4431 406 4500 τὴν
439 4433 789 4503 ἐπιτίμησιν;
838 4436 903 4486 Σὲ
955 4436 1055 4503 μὲν
1100 4438 1435 4508 ἀποδέχομαι
1478 4440 1580 4510 τῆς
1619 4441 1968 4510 φιλαδελφίας

304 4517 401 4568 καὶ
424 4517 523 4587 τῆς
549 4520 853 4591 πραότητος
880 4523 973 4573 καὶ
1000 4523 1098 4591 τῆς
1121 4525 1421 4588 ἐπιεικείας
1440 4542 1452 4554 ’
1487 4527 1599 4594 ἐγὼ
1628 4528 1684 4580 δέ
1704 4524 1820 4582 οἶδα
1840 4528 1965 4580 πότε

301 4602 477 4674 αὑτὴν
525 4606 742 4673 ἀφεῖναι
795 4606 876 4659 δεῖ
905 4609 1002 4675 τῆς
1032 4609 1323 4674 κολάσεως.
1366 4612 1437 4665 Σὺ
1477 4614 1575 4683 μὲν
1605 4616 1784 4668 πᾶσαν
1815 4615 1965 4683 φιλο-

304 4693 582 4762 φροσύνην
613 4693 881 4757 ἐπίδειξαι
912 4695 1039 4759 περὶ
1058 4696 1148 4748 τὸν
1177 4697 1425 4766 ἀδελφὸν,
1460 4701 1556 4755 καὶ
1591 4701 1664 4772 μὴ
1694 4703 1965 4765 κολάσεως

300 4776 571 4847 ἐπιθυμία
598 4779 844 4848 μείζονος
873 4781 1017 4851 ἀφῇς
1047 4782 1116 4834 τὰ
1144 4784 1612 4858 πλημμελήματα,
1637 4789 1774 4843 ἀλλά
1818 4791 1966 4858 φιλο-

300 4864 531 4935 στοργίᾳ
552 4869 646 4918 καὶ
683 4867 875 4938 γνώμῃ
898 4874 1126 4940 χρηστῇ.
1176 4872 1381 4927 Ἐκεῖνο
1412 4877 1510 4946 μὲν
1530 4877 1638 4946 γάρ
1663 4894 1743 4930 τοι
1778 4879 1964 4946 σαφῶς

301 4949 433 5015 ἴσθι,
463 4953 545 5004 ὅτι
572 4954 681 5024 ὅσῳ
709 4954 775 5007 ἂν
804 4955 1175 5025 θεραπεύοντα
1208 4960 1435 5035 ὑπερίδῃ
1468 4980 1549 5030 σε,
1583 4964 1822 5035 τοσούτῳ
1846 4967 1964 5035 μεί-

296 5037 430 5100 ζονα
462 5039 824 5093 ἐπισπάσεται
849 5042 968 5093 καθ’
1002 5044 1193 5096 ἑαυτοῦ
1228 5046 1328 5115 τὴν
1368 5050 1590 5104 κόλασιν
1632 5052 1854 5115 ἐκεῖνος.
1899 5053 1963 5105 Τί

296 5124 500 5193 λέγεις,
550 5128 672 5181 είπέ
703 5145 827 5198 μοι;
860 5130 1190 5201 Φαυλότερος
1240 5133 1447 5200 γίνεται
1488 5138 1959 5209 θεραπευόμενος;

296 5213 473 5267 Τοῦτο
498 5216 709 5270 ἐκείνου
744 5217 843 5285 μὲν
870 5218 1189 5289 κατηγορία,
1217 5220 1306 5272 σὺν
1323 5221 1380 5273 δὲ
1413 5224 1687 5295 ἐγκώμιον
1708 5241 1719 5254 ·
1749 5226 1839 5279 σὸν
1865 5228 1962 5297 μὲν

296 5301 575 5372 ἐγκώμιον
598 5344 615 5369 ,
648 5305 731 5357 ὃτι
773 5305 867 5357 καὶ
903 5304 1046 5377 όρῶν
1068 5304 1304 5358 τοιοῦτον
1348 5309 1654 5379 γινόμενον,
1680 5311 1769 5364 διὰ
1800 5312 1860 5365 τὸ
1884 5313 1962 5383 τῷ

295 5387 416 5457 Θεῷ
446 5388 635 5443 δοκοῦν
661 5393 763 5445 οὑκ
792 5393 1031 5465 ἀπέστης
1060 5404 1082 5432 ο
1121 5393 1435 5464 θεραπεύων
1456 5398 1647 5451 αὐτόν·
1683 5399 1876 5470 ἐκείνῳ
1903 5400 1960 5453 δὲ

295 5475 569 5546 ἔγκλημα,
600 5481 681 5531 ὅτι
703 5481 823 5534 οὑδέ
853 5482 959 5535 ἀπὸ
995 5482 1095 5552 τῆς
1138 5482 1238 5553 σῆς
1275 5484 1576 5549 ἐπιεικείας
1613 5486 1837 5556 βελτίων
1870 5488 1961 5556 γέ-

358 5615 386 5688 ξ
407 5615 557 5688 δεινῇ.
594 5624 648 5688 e‘t
669 5617 855 5688 δείξουσι
875 5623 1015 5688 co_dd.
1044 5624 1223 5688 ἐκείνῳ.

356 5670 384 5716 ι
410 5675 558 5741 ξιισίι.
588 5682 641 5726 οι
658 5670 863 5729 aurata;
881 5670 984 5741 τήν.

364 5742 397 5813 ξ
551 5746 889 5813 εειροῃριυτιξ
921 5738 1110 5813 Savilji,
1137 5760 1282 5813 quam
1311 5749 1418 5813 ipse
1442 5748 1661 5813 reddidi:
1687 5748 1954 5813 igterpres.

289 5798 578 5859 Legebalur
597 5801 681 5847 σὸν
703 5798 1023 5867 δὲ’έγκώμιον,
1044 5798 1117 5857 δτὶ
1140 5798 1187 5857 ιὶ.
1209 5811 1253 5860 ὁ.
1275 5798 1412 5875 τ.’γν.,
1432 5813 1528 5861 τῶν
1544 5812 1612 5876 τῷ
1634 5810 1743 5875 Θεῷ
1763 5798 1958 5861 δοκούνέ

289 5878 385 5910 των
406 5861 495 5911 οὐκ
526 5862 608 5910 ἀπ.
635 5861 760 5911 Enn.

284 5878 385 5910 των
406 5876 495 5913 ουκ
526 5876 608 5910 απ.
638 5876 760 5912 ιιυιτ.

1328 498 1418 552 AD
1455 493 1781 553 POPULlYM
1823 490 2317 549 ANTIOCHENUM
2383 494 2613 555 HOMIL.
2659 501 2773 557 XX.

3670 506 3777 565 205

2110 622 2255 675 γονε.
2292 608 2501 674 Παῦλος
2548 612 2604 665 δέ
2639 632 2822 685 φησιν,
2854 617 3211 691 αἱρετώτερον
3259 619 3477 691 ἐτέρους
3526 625 3776 691 ἐγκαλεῖ.

2110 693 2233 784 σθαι
2267 694 2335 747 δι’
2360 697 2590 784 ήμᾶς,ἢ
2623 702 2769 770 ἡμᾶς
2796 703 2861 755 δι’
2892 705 3130 777 ἐτέρους.
3158 708 3311 777 Μηδὲ
3335 707 3459 776 λέγε
3498 710 3565 763 τά
3593 713 3777 784 ψυχρά

2105 779 2281 831 ταῦτα
2308 783 2529 851 ῥήματα
2552 802 2565 816 °
2596 788 2687 857 Μὴ
2730 788 2946 861 νομίσῃ,
2978 794 3163 862 φησὶν,
3196 796 3277 848 ὅτι
3324 796 3584 867 φοϐηθεὶς
3610 779 3776 852 αὑτὸν

2108 867 2501 956 πρρσέδραμον,
2547 873 2633 925 ἵνα
2681 873 2882 943 μᾶλλόν
2930 895 3029 945 μου
3064 885 3485 956 καταφρονήσῃ’
3519 884 3775 954 παιδικῆς

2105 948 2277 1004 ταῦτα
2319 954 2497 1026 ψυχῆς
2545 961 2639 1012 καὶ
2671 961 2898 1029 ἀνοήτου
2937 964 3029 1016 καὶ
3057 967 3192 1035 πρὸς
3222 948 3395 1033 δόξαν
3424 948 3772 1042 ἐπτοημένης

2104 1039 2465 1113 ἀνθρωπίνην.
2501 1046 2810 1116 Νομιζέτω,
2855 1049 2937 1101 ὅτι
2981 1050 3237 1122 φοϐηθεὶς
3296 1039 3621 1127 προσῆλθες,
3676 1039 3772 1112 καὶ

2103 1124 2243 1179 οὕτω
2276 1128 2474 1197 μείζων
2496 1134 2524 1183 6
2556 1133 2746 1200 μισθὸς
2778 1135 2931 1189 ἔσται
2959 1154 3064 1198 σοι.
3090 1140 3215 1192 ὅταν
3246 1124 3351 1194 καὶ-
3376 1124 3547 1196 ταῦτα
3587 1124 3774 1216 προει-

2101 1212 2205 1276 δὼς
2226 1214 2314 1266 διὰ
2335 1215 2426 1265 τὸν
2454 1215 2548 1266 τοῦ
2571 1219 2704 1303 Θεοῦ
2738 1221 2899 1287 φόϐον
2923 1224 3197 1298 ὑπομένῃς
3226 1228 3422 1283 πάντα.
3461 1231 3518 1282 Ὀ
3544 1212 3769 1303 μὲνγὰρ

2099 1300 2198 1367 τὴν
2218 1300 2368 1383 παρά
2388 1300 2495 1353 τῶν
2524 1302 2622 1355 ἀνθ
2632 1303 2829 1371 ρώπων
2848 1306 3008 1370 δόξαν
3026 1310 3358 1383 θηρώμενος,
3377 1318 3469 1369 καὶ
3503 1317 3588 1369 διὰ
3610 1300 3770 1371 τοῦτο

2099 1381 2617 1455 καταλλαττόμενος,
2654 1389 3018 1460 ὑποτέμνεται
3058 1381 3156 1464 τῆς
3183 1381 3518 1464 ἀντιδόσεως
3543 1403 3605 1455 τὸ
3633 1404 3764 1475 κέρ-

2097 1467 2216 1531 δος·
2246 1472 2273 1522 6
2305 1470 2359 1523 δὲ
2386 1472 2626 1543 ἀκριϐῶς
2660 1476 3047 1547 ἐπιστάμενος,
3084 1480 3237 1554 [206]
3263 1485 3343 1537 ὅτι
3373 1486 3557 1539 πολλοὶ
3603 1467 3768 1544 κατα-

2097 1555 2392 1624 γνώσονται
2423 1560 2517 1612 καὶ
2551 1563 3034 1631 καταγελάσονται,
3064 1570 3158 1622 καὶ
3191 1571 3312 1624 οὑδέ
3333 1573 3507 1637 οὕτως
3530 1576 3765 1644 ἀφιστάο

2097 1661 2256 1713 μενος
2281 1645 2381 1715 τῆς
2421 1647 2766 1717 καταλλαγῆς
2802 1650 2853 1714 ἀ,
2894 1652 3213 1709 διπλασίονα
3266 1660 3360 1712 καὶ
3408 1663 3765 1731 τριπλασίονα

2092 1730 2201 1794 ἕξει
2229 1732 2319 1782 τὸν
2350 1731 2641 1799 στέφανον·
2671 1736 2766 1786 καὶ
2804 1732 2957 1800 οὗτος
2989 1741 3224 1808 μάλιστά
3262 1730 3489 1809 ἐστιν,ίὸ
3537 1750 3623 1802 διὰ
3671 1751 3765 1805 τὸν

2091 1817 2223 1869 Θεὸν
2253 1816 2410 1869 τοῦτο
2438 1820 2627 1872 ποιῶν.
2659 1823 2748 1892 Μή
2784 1840 2873 1892 μοι
2902 1825 3052 1893 λέγε,
3074 1829 3157 1881 ὃτι
3190 1831 3270 1883 Τὰ
3297 1833 3391 1885 καὶ
3425 1833 3492 1885 τὰ
3514 1835 3761 1906 ἠδίκησεο

2093 1904 2183 1954 καὶ
2207 1903 2314 1973 γὰρ
2342 1906 2389 1956 εἰ
2415 1907 2592 1959 πᾶσαν
2620 1910 2887 1980 πονηρίαν
2917 1913 3014 1983 τὴν
3032 1915 3090 1967 ἐν
3111 1916 3421 1987 ἀνθρώποις
3450 1903 3762 1987 ἐπεδείξατο

2093 1988 2221 2056 περὶ
2286 1990 2366 2051 σὲ,
2427 1994 2519 2044 καὶ
2584 1993 2727 2046 οὑτω
2787 2013 2867 2048 σοι
2920 2001 3095 2053 πάντα
3144 2003 3362 2071 ἀφεῖναι
3419 2008 3701 2064 ἐκέλευσεν
3732 2018 3762 2066 6

2092 2072 2243 2136 Θεὸς.

2161 2237 2220 2283 ε’.
2262 2231 2393 2284 Ἰδοὺ
2426 2234 2693 2303 προλέγω,
2712 2237 2802 2289 καὶ
2823 2236 3285 2314 διαμαρτύρομαι,
3302 2248 3393 2300 καὶ
3407 2248 3632 2322 λαμπρᾷ
3652 2251 3759 2321 βοῶ

2088 2319 2151 2386 τῇ
2191 2321 2361 2388 φωνῇ,
2403 2320 2591 2389 μηδεὶς
2622 2321 2731 2375 τῶν
2782 2324 3016 2394 ἐχόντων
3047 2328 3241 2400 ἐχθρὸν
3273 2319 3516 2402 προσίτω
3534 2319 3616 2408 τῇ⁷
3636 2319 3757 2409 ίερᾷ

2085 2404 2331 2477 τραπέζῃ
2373 2407 2465 2459 καὶ
2520 2408 2758 2477 δεχέσθω
2792 2411 2853 2463 τὸ
2884 2414 3046 2484 σῶμα
3087 2415 3181 2468 τοῦ
3233 2420 3439 2490 Κυρίου
3468 2434 3526 2462 ε·
3566 2404 3756 2496 μηδεὶς

2086 2492 2323 2561 προσιὼν
2358 2494 2551 2565 ἐχθρὸν
2585 2498 2774 2567 ἐχέτω.
2822 2501 3045 2572 Ἐχθρὸν
3074 2502 3247 2574 έχειςς
3293 2508 3367 2579 μὴ
3409 2492 3752 2584 προσέλθῃς·

2088 2578 2265 2646 βούλει
2298 2582 2651 2651 προσελθεῖν;
2694 2587 3086 2657 καταλλάγηθι,
3136 2594 3229 2643 καὶ
3264 2578 3384 2647 τότε
3440 2578 3755 2667 προσελθὼν

2085 2667 2218 2734 ἅψαι
2240 2667 2333 2719 τοῦ
2370 2669 2534 2738 ἱεροῦ.
2568 2671 2780 2724 Μᾶλλον
2818 2674 2874 2726 δέ
2906 2676 3006 2727 οὑκ
3045 2678 3154 2745 ἐγὼ
3182 2682 3354 2734 ταῦτα
3382 2683 3547 2752 λέγω,
3584 2686 3697 2739 ἀλλ’
3726 2691 3755 2740 ὁ

2082 2753 2148 2804 δι’
2174 2756 2320 2823 ἡμᾶς
2350 2758 2684 2827 σταυρωθεὶς
2710 2762 2985 2831 Δεσπότης
3009 2765 3170 2829 αὑτός
3189 2783 3202 2796 ·
3234 2765 3319 2821 ἵνα
3351 2787 3407 2822 σε
3441 2774 3753 2848 καταλλάξῃ

2082 2840 2159 2909 τῷ
2185 2842 2378 2913 Πατρὶ,
2413 2844 2534 2896 οὑδὲ
2565 2847 2835 2916 σφαγῆναι
2860 2852 3232 2922 παρῃτήσατο,
3257 2855 3377 2909 οὑδέ
3407 2857 3467 2911 τὸ
3492 2856 3631 2930 αἷμα
3656 2840 3749 2915 ὲκζ

2082 2928 2227 2996 χεῖν’
2262 2930 2355 2980 καὶ
2386 2930 2449 2982 σὺ
2498 2930 2582 2982 ἵνα
2627 2933 2975 3005 καταλλαγῇς
3003 2937 3084 3007 τῷ
3114 2939 3402 3012 συνδούλῳ,
3453 2928 3572 3000 οὑδέ
3601 2950 3751 3021 ῥῆμα

2082 3014 2341 3082 προέσθαι
2372 3014 2572 3084 βούλει,
2594 3018 2716 3070 οὑδέ
2750 3020 3015 3091 πρότερος
3038 3026 3443 3097 προσδραμεῖν;
3482 3014 3748 3091 ’Ἄκουσον

2080 3099 2132 3150 τί
2168 3116 2299 3169 φησι
2324 3101 2450 3169 περὶ
2475 3101 2585 3153 τῶν
2616 3102 2757 3157 οὑτω
2788 3106 3149 3177 διακειμένων
3176 3128 3190 3141 ο
3228 3114 3368 3168 Ἐὰν
3403 3122 3748 3191 προσφέρῃς

2082 3186 2147 3239 τὸ
2174 3186 2366 3254 δῶρόν
2395 3204 2512 3242 σου
2535 3189 2632 3242 ἐπὶ
2662 3191 2725 3243 τὸ
2752 3196 3205 3266 θυσιαστήριον,
3238 3200 3415 3257 κάκεῖ
3442 3186 3743 3279 pra—0'51};

2081 3273 2169 3326 ὅτι
2199 3276 2231 3325 ὀ
2256 3273 2516 3342 ἀδελφός
2534 3292 2651 3329 σου
2680 3276 2805 3346 ἔχει
2838 3296 2891 3332 τι
2918 3286 3068 3336 κατὰ
3099 3287 3217 3341 σοῦ
3244 3304 3258 3317 ·
3280 3289 3379 3343 οὑκ
3407 3273 3745 3353 εἷπενΩΑνάέ

2081 3375 2261 3428 μεινον
2289 3362 2494 3414 ἐκεῖνον
2532 3360 2705 3417 ἐλθεῖν
2740 3366 2875 3438 πρὸς
2906 3369 2985 3432 σὲ,
3029 3370 3169 3436 οὑδὲ,
3236 3375 3423 3449 Ετέρῳ
3451 3380 3555 3435 τινὶ
3590 3386 3743 3451 μεσί-

2076 3460 2145 3518 τῃ
2181 3447 2487 3517 διαλέχθητι
2508 3489 2523 3512 ,
2558 3451 2699 3515 οὑδὲ,
2752 3451 2946 3508 ’Δλλον
2971 3458 3092 3512 τινὰ
3139 3447 3521 3534 παρακάλεσον
3546 3509 3561 3533 ,
3592 3447 3740 3537 ἀλλ’,

2076 3533 2247 3595 Αὐτὸς
2283 3536 2346 3587 σὺ
2377 3535 2510 3605 πρὸς
2540 3538 2743 3591 ἐκεῖνον
2770 3539 2943 3611 δράμε
2963 3559 2975 3572 ’
3002 3533 3374 3621 ’Ύπαγενγάμ
3409 3556 3561 3624 φησὶ,
3588 3533 3742 3625 πρῶζ

2074 3636 2182 3672 τον
2210 3619 2568 3691 διαλλάγηθι
2597 3623 2675 3689 τῷ
2706 3626 2944 3694 ἀδελφῷ
2984 3645 3122 3687 σου.
3159 3635 3221 3687 Ὢ
3258 3619 3357 3709 τῆς
3394 3619 3695 3716 ὑπερϐολῆς
3722 3649 3735 3700 ι

2074 3706 2235 3769 αὑτὸς
2268 3707 2365 3775 οὑχ
2397 3710 2608 3777 ἡγεῖται
2627 3711 2849 3781 ἀτιμίαν
2879 3712 3035 3781 εῖναι,
3061 3719 3153 3773 τοῦ
3184 3706 3357 3793 δώρου
3389 3706 3739 3798 καταλιμπα-

2073 3793 2320 3862 νομένου,
2354 3795 2447 3846 καὶ
2469 3795 2533 3847 σὺ
2556 3797 2799 3866 νομίζεις
2816 3799 2974 3871 ὕϐριν
2996 3801 3133 3858 εἶναι
3155 3806 3215 3860 τὸ
3246 3811 3508 3883 πρότερος
3531 3810 3552 3852 ⁸
3584 3793 3742 3871 ἐπελ-

2072 3877 2186 3931 θεῖν
2216 3880 2310 3932 καὶ
2353 3881 2793 3953 καταλλαγῆναι;
2836 3888 2947 3940 Καὶ
2974 3890 3076 3942 ποῦ
3111 3877 3301 3948 ταῦτα*
3329 3877 3454 3962 ἀξια
3495 3904 3740 3970 συγγνώ-

2075 3980 2203 4054 μης,
2236 3966 2357 4018 εἰπέ
2394 3985 2520 4036 μοις
2563 3969 2688 4021 Ἐὰν
2721 3970 2835 4042 ἴδῃς
2865 3990 2958 4027 σου
2996 3976 3156 4045 μέλος
3196 3966 3633 4054 ἐκτετμημένον,
3675 3990 3737 4041 οὑ

2070 4051 2250 4105 πάντα
2286 4056 2478 4117 ποιεῖς,
2512 4054 2652 4107 ὥστε
2677 4057 2809 4111 αὐτὸ
2842 4059 3044 4114 ἐνῶσαι
3066 4063 3145 4134 τῷ
3174 4051 3414 4137 σώματις
3456 4071 3626 4127 Τοῦτο
3644 4078 3738 4129 καὶ

2069 4139 2161 4191 ἐπὶ
2190 4139 2298 4192 τῶν
2334 4140 2580 4209 ἀδελφῶν
2608 4143 2831 4213 ποίησον
2851 4162 2864 4176 ³
2898 4148 3026 4201 ὅταν
3056 4150 3169 4222 ἴδῃς
3202 4154 3400 4219 αὑτοὺς
3437 4158 3734 4232 ἐκτμηθέν-

2067 4243 2166 4290 τας
2196 4244 2290 4279 σου
2325 4227 2427 4297 τῆς
2473 4229 2673 4297 φιλίας,
2727 4235 3063 4303 περιστεῖλαι
3111 4239 3344 4295 σπεῦσον
3388 4227 3616 4313 ταχέως,
3658 4250 3734 4320 μὴ

2070 4314 2367 4387 προτέρους
2394 4317 2419 4356 8
2448 4318 2748 4389 ἀναμείνῃς
2779 4320 3021 4387 ἐκείνους
3049 4325 3242 4388 ἐλθεῖν,
3268 4328 3383 4381 ἀλλ’
3408 4331 3567 4395 αὐτὸς
3597 4314 3733 4403 πράέ

2066 4416 2222 4470 τερος
2248 4403 2530 4475 ἐπείχθητι
2560 4404 2743 4458 λαϐεῖν
2765 4408 2831 4460 τὰ
2858 4408 3103 4479 βραϐεῖα.

2139 4560 2274 4613 Ἕνα
2302 4564 2461 4631 μόνον
2487 4565 2676 4635 ἐχθρὸν
2700 4566 3096 4639 ἐκελεύσθημεν
3137 4572 3281 4642 ἔχειν
3344 4576 3433 4628 τὸν
3455 4578 3731 4633 διάϐολονο

2067 4648 2205 4717 πρὸς
2227 4650 2387 4703 αὑτὸν
2418 4652 2685 4721 μηδέποτε
2716 4654 3107 4723 καταλλάττου,
3139 4659 3275 4730 πρὸς
3301 4661 3357 4713 δέ
3385 4662 3475 4716 τὸν
3506 4665 3733 4734 ἀδελφὸν

2071 4733 2340 4803 μηδέποτε
2380 4736 2517 4787 κατὰ
2557 4737 2782 4823 καρδίας
2806 4740 2835 4779 h
2861 4740 3115 4811 ἀπεχθῶς
3148 4744 3260 4814 ἔχε,
3286 4745 3419 4800 ἀλλά
3442 4750 3545 4801 κᾶν
3571 4733 3732 4823 γένη-

2066 4820 2157 4872 ταί
2188 4838 2273 4883 τις
2301 4821 2654 4891 μικροψυχία,
2680 4824 2956 4897 ἐφήμερος
2982 4829 3119 4899 αὕτη
3149 4832 3307 4900 μόνον
3342 4833 3501 4897 ἔστω,
3538 4838 3630 4890 καὶ
3652 4820 3728 4911 μή

2065 4905 2439 4978 ὑπερϐαινέτω
2463 4907 2522 4959 τὸ
2555 4908 2831 4980 διάστημα
2860 4913 2959 4981 τῆς
2995 4916 3236 4984 ἡμέραςο
3284 4916 3346 4970 '0
3393 4918 3566 4987 ἣλιος
3596 4905 3725 4994 γάρ,

2066 4997 2223 5065 φησὶ,
2264 4996 2350 5065 μὴ
2382 4995 2668 5049 ἐπιδυέτω
2702 4998 2799 5051 ἐπὶ
2853 4998 2932 5063 τῷ
2989 5004 3374 5073 παροργισμῷ
3410 5007 3595 5076 ὑμῶν,
3632 5013 3729 5063 Ἂν

2068 5082 2167 5151 μὲν
2200 5084 2309 5154 γὰρ
2342 5083 2447 5152 πρὸ
2486 5083 2583 5152 τῆς
2612 5084 2852 5155 ἑσπέρας
2878 5087 3244 5159 καταλλαγῆς,
3293 5092 3434 5162 ἔχεις
3476 5095 3583 5148 ἀπὸ
3630 5095 3725 5151 τοῦ

2063 5169 2199 5222 Θεοῦ
2232 5188 2352 5224 τινα
2387 5168 2712 5240 συγγνώμην
2732 5186 2745 5199 ·
2770 5170 2837 5224 ἂν
2866 5172 2924 5225 δὲ
2970 5178 3284 5247 περαιτέρω
3328 5179 3494 5249 μένῃς
3534 5183 3726 5252 ἐχθρὸς

2063 5257 2160 5322 ὢν,
2179 5259 2359 5312 οὑκέτι
2384 5256 2554 5327 θυμοῦ
2579 5260 2670 5310 καὶ
2695 5259 2865 5329 ὀργῆς
2896 5265 3366 5334 συναρπαζούσης,
3398 5266 3535 5320 ἀλλά
3555 5285 3725 5341 πονη-

2067 5346 2185 5413 ρίας
2219 5347 2364 5399 ἐστὶν
2402 5346 2435 5415 ή
2485 5344 2748 5414 ἀπέχθεια
2780 5348 2874 5399 καὶ
2925 5347 3104 5417 ψυχῆς
3149 5353 3351 5420 μιαρᾶς
3384 5353 3477 5406 καὶ
3523 5355 3723 5409 κακίαν

2123 5503 2149 5541 ά
2174 5504 2307 5553 Unus
2325 5504 2481 5553 codex
2505 5505 2920 5574 καταγελάσονται,
2941 5506 3020 5553 καὶ
3041 5506 3150 5556 οὑδέ
3170 5509 3320 5574 οὕτως
3341 5513 3721 5574 καταγνώσονται

2064 5572 2143 5623 τῆς
2174 5568 2486 5637 κατριλλοιγῆς.
2514 5565 2622 5614 Sav.
2666 5566 3193 5637 κατμγελάσονταιηκαὶ
3217 5565 3325 5620 οὐδὲ
3350 5565 3498 5629 οὕτως
3519 5572 3719 5637 ἀφιστιὲ⁸

2064 5628 2404 5693 μενοςέγΜοτρι.
2432 5644 2604 5693 καταγι
2622 5627 2700 5672 καὶ
2724 5626 2829 5673 οὐδὲ
2853 5627 3003 5684 οὕτως
3024 5626 3292 5693 ἀφίσταται,

2122 5692 2146 5719 ε
2176 5690 2297 5736 Vide
2320 5696 2479 5735 nolam
2504 5687 2735 5735 Latinam.

2129 5750 2146 5787 f
2171 5751 2264 5798 Alii
2288 5750 2525 5811 τρὸτερον.

2125 5814 2149 5851 Β
2174 5810 2602 5877 8ωἰ1ιίεῡῐιίςὶηιιβ,
2634 5810 2945 5877 περίστειλον,
2980 5814 3176 5871 ἔνωσον,
3206 5816 3269 5876 μή
3290 5830 3381 5877 πρ.
3414 5816 3547 5866 Enr.

2125 5874 2153 5912 ι
2175 5873 2307 5923 Kurd
2329 5872 2520 5934 καρδίας
2542 5871 2685 5920 deest
2701 5871 2754 5919 in
2774 5872 2923 5923 Savil.
2948 5881 3001 5923 et
3020 5877 3069 5925 in
3092 5889 3189 5926 uno
3209 5871 3398 5927 bodic'o.
