4446 6700
826 408 933 469 235

834 520 1161 597 μελετώσης.
1199 518 1273 573 Ού
1302 514 1460 569 τοῦτο
1496 512 1553 566 δέ
1586 512 1743 581 μόνον
1772 511 1890 563 ἐστὶ
1920 508 1982 562 τὸ
2006 509 2200 597 δεινὸν,
2237 510 2319 597 ὅτι
2346 524 2497 597 Δσυγ-

830 594 1054 683 γνώμης
1083 605 1275 661 ἐαυτὸν
1302 601 1648 672 ἀποστερεῖς,
1678 597 1792 652 ἀλλ’
1820 598 1903 649 ὅτι
1930 596 2026 649 καὶ
2075 596 2137 648 τὸ
2168 594 2502 683 κατόρθωμα

829 681 1227 771 δυσκολώτερον
1259 694 1508 763 γίνεταιο
1553 691 1683 762 μιᾶς
1722 688 1833 759 γάρ
1867 685 2249 758 παρελθούσης
2286 681 2503 754 ἡμέρας

832 794 1033 849 πλείων
1059 791 1094 859 ἡ
1124 784 1376 856 αἰσχύνη,
1408 782 1505 837 καὶ
1533 779 1793 850 δευτέρας
1815 778 2251 850 προσγινομένης
2281 773 2502 841 αὑξεται

832 881 1020 938 πάλιν*
1041 877 1142 931 κᾶν
1165 873 1399 945 ἐπιλάϐῃ
1423 870 1613 943 τρίτην
1640 866 1737 921 καὶ
1764 866 2056 937 τετάρτην,
2086 862 2387 936 προσθήσει
2410 863 2505 914 καὶ

833 968 1126 1039 πέμπτην
1157 962 1329 1026 οὕτως
1362 961 1419 1014 αἱ
1452 958 1613 1012 πέντε
1645 955 1889 1023 γίνονται
1918 953 2068 1017 δέκα,
2105 953 2161 1039 αί
2199 949 2333 1003 δέκα
2362 947 2509 1039 εἴκο-

835 1036 939 1121 σιν,
967 1056 1024 1109 αἰ
1048 1055 1249 1108 εἴκοσιν
1275 1048 1490 1111 ἐκατὸν,
1536 1044 1633 1099 καὶ
1656 1044 1845 1097 λοιπὸν
1882 1042 2103 1095 ἀνίατον
2139 1038 2292 1090 ἔσται
2326 1036 2388 1089 τὸ
2414 1038 2505 1091 έλ-

834 1160 929 1205 κος
948 1160 961 1173 ·
994 1142 1104 1208 ὅσῳ
1127 1137 1235 1207 γὰρ
1259 1135 1506 1207 πρόεισιν
1529 1134 1558 1185 6
1582 1126 2048 1202 χρόνος,τοσούτῳ
2074 1124 2274 1194 μᾶλλον
2302 1124 2508 1178 διιστά-

839 1229 995 1299 μεθα.
1034 1223 1194 1278 Ἀλλά
1223 1222 1389 1294 μηδὲν
1420 1219 1625 1273 τούτων
1654 1216 1852 1286 πάθῃς,
1875 1208 1921 1266 ὦ
1952 1210 2227 1281 ἄνθρωπε,
2258 1210 2367 1263 τῶν
2400 1229 2506 1263 πα-

839 1318 1085 1392 ραλόγων
1109 1312 1318 1375 παθῶν,
1352 1310 1490 1382 μηδέ
1523 1305 1820 1392 αἰσχυνθῇς
1846 1303 1941 1355 καὶ
2359 1300 2507 1392 ’μηδὲ

837 1385 996 1476 εἴπῃς
1020 1404 1155 1473 πρὸς
1187 1398 1433 1459 σεαυτὸν,
1455 1396 1568 1466 Πρὸ
1595 1389 1792 1463 μικροῦ
1816 1387 2054 1441 τοσαῦτα
2072 1385 2223 1458 [207]
2245 1387 2507 1476 ἀλλήλους

836 1475 1275 1561 ἐλοιδορήσαμεν,
1320 1483 1491 1555 μυρία
1538 1478 1677 1551 ρητά
1707 1478 1801 1531 καὶ
1850 1476 2367 1561 ἀρρηταῖεῐπομεν,
2416 1475 2511 1526 καὶ

835 1577 933 1631 νῦν
951 1574 1265 1647 δραμοῦμαι
1282 1571 1376 1624 ἐπὶ¹
1394 1571 1490 1632 τὰς
1514 1564 1893 1633 καταλλαγάς,
1920 1563 2015 1615 καὶ
2037 1560 2121 1625 τίς
2143 1562 2203 1614 οὑ
2229 1561 2511 1628 καταγνώ-

839 1664 989 1718 σεταί
1023 1681 1123 1735 μου
1154 1662 1255 1730 τὴν
1294 1658 1494 1727 πολλὴν
1521 1654 1807 1717 εὑκολίαν;
1833 1651 2025 1713 Οὐδεὶς
2044 1648 2170 1703 νοῦν
2198 1648 2337 1718 ἔχων
2356 1649 2512 1701 εὐκο-

836 1752 955 1806 λίαν
988 1768 1080 1804 σου
1112 1745 1546 1815 καταγνώσεται,
1577 1742 1691 1794 ἀλλ’
1728 1740 1855 1792 ὅταν
1885 1737 2052 1808 μένῃς
2077 1735 2507 1795 ἀκατάλλακτος,

836 1839 955 1890 τότε
983 1853 1043 1889 σε
1073 1835 1271 1895 πάντες
1288 1831 1628 1899 γελάσονται,
1648 1827 1769 1880 τότε
1798 1825 1935 1879 πολὺ
1963 1823 2155 1886 δώσεις
2172 1823 2251 1893 τῷ
2281 1822 2510 1891 διαϐόλῳ

836 1924 899 1977 τὸ
933 1923 1228 1990 διάστημα.
1265 1917 1339 1971 υύ
1379 1916 1488 1985 γὰρ
1526 1914 1635 1967 ἀπὸ
1662 1911 1757 1965 τοῦ
1787 1912 1982 1984 χρόνου
2010 1911 2196 1963 λοιπὸν
2226 1909 2508 1962 δυσδιάλυ-

838 2029 928 2074 τος
952 2023 979 2052 ι
1006 2013 1041 2082 ἡ
1074 2010 1244 2079 ἔχθρα
1278 2006 1511 2074 γίνεται,
1541 2000 1680 2055 ἀλλά
1717 2002 1813 2054 καὶ
1841 2000 1951 2053 ἀπὸ
1981 1999 2090 2053 τῶν
2126 1997 2331 2069 μεταξὺ
2359 2013 2510 2064 γενο-

841 2097 1019 2170 μένων
1038 2095 1399 2168 πραγμάτων.
1434 2093 1605 2144 Ὢσπε
1613 2108 1645 2161 ρ
1666 2089 1776 2160 γὰρ
1804 2087 2018 2157 Ἀγὰπη
2042 2087 2331 2139 καλύπτει
2351 2084 2510 2150 πλῆ-

840 2188 944 2249 θος
968 2182 1286 2253 ἁμαρτιῶν,
1326 2180 1499 2242 οὔτως
1529 2177 1698 2247 έχθρα
1727 2176 1823 2228 καὶ
1851 2176 1920 2227 τά
1940 2175 2040 2228 οὐκ
2086 2173 2217 2226 ὅντα
2261 2173 2512 2243 ἁμαρτή-

843 2288 988 2340 ματα
1021 2269 1322 2338 συνίστησι,
1354 2268 1450 2319 καὶ
1471 2265 1672 2325 πάντες
1703 2261 2009 2327 ἀξιόπιστοι
2050 2261 2099 2312 οἱ
2138 2258 2511 2331 κατηγοροῦν-

840 2373 932 2419 τες
961 2355 1166 2417 λοιπὸν,
1190 2356 1238 2407 οἱ
1263 2354 1376 2415 τοῖς
1400 2349 1702 2419 ἀλλοτρίοις
1733 2346 2017 2417 χαίροντες
2049 2348 2260 2411 κακοῖς,
2297 2344 2391 2397 καὶ
2416 2344 2512 2406 τὰς

840 2443 1041 2514 ἐτέρων
1068 2438 1507 2510 ἐκπομπεύοντες
1538 2432 1945 2505 ἀσχημοσύνας.
1975 2432 2162 2485 Ταῦτα
2183 2427 2275 2485 οὖν
2298 2432 2516 2485 ἅπαντα

840 2530 1018 2595 εἰδὼς,
1046 2527 1285 2601 πρόλαϐε
1323 2525 1420 2579 καὶ
1447 2525 1689 2592 κάτασχε
1728 2522 1819 2573 τὸν
1849 2520 2079 2588 ἀδελφὸν
2100 2561 2114 2585 ,
2157 2520 2286 2591 πρὶν
2334 2521 2517 2572 τέλεον

841 2616 1188 2685 ἀποπηδήσῃ,
1219 2612 1320 2667 κᾶν
1352 2610 1446 2681 δέῃ
1475 2610 1654 2663 πᾶσαν
1686 2607 1782 2679 τὴν
1811 2605 1965 2660 πόλιν
1990 2605 2344 2676 περιδραμεῖν
2378 2603 2519 2657 κατά

841 2704 939 2774 τὴν
973 2703 1184 2773 ἡμέραν
1214 2700 1449 2768 ἐκείνην,
1483 2697 1587 2750 κᾶν
1620 2695 1726 2760 ἔξω
1756 2694 1864 2747 τῶν
1884 2692 2082 2763 τειχῶν
2109 2692 2382 2757 ἀπελθεῖν,
2416 2692 2518 2744 κᾶν

842 2789 959 2843 ὀδὸν
993 2788 1204 2858 βαδίσαι
1256 2784 1495 2855 μακρὰν,
1545 2782 1724 2835 πάντα
1748 2781 1815 2833 τά
1844 2780 1905 2831 ἐν
1945 2780 2132 2849 χερσὶν
2185 2778 2366 2848 ἀφεὶς,
2398 2778 2517 2841 ἑνὸς

843 2874 1038 2929 τούτου
1068 2873 1229 2944 μόνοι)
1264 2869 1421 2939 γενοῦ
1451 2867 1544 2921 τοῦ
1572 2866 1901 2933 καταλλάξαι
1924 2866 2015 2919 τὸν
2036 2864 2282 2934 ἀδελφόν.
2318 2866 2380 2917 Εί
2408 2866 2518 2933 γὰρ

847 2960 1083 3029 ἐργῶδες
1130 2959 1191 3011 τὸ
1238 2958 1493 3029 πρᾶγμα,
1530 2954 1783 3026 ἐννόησον
1817 2955 1901 3007 ὅτι
1929 2952 2018 3006 διά
2046 2952 2139 3005 τὸν
2166 2952 2299 3005 Θεὸν
2344 2950 2519 3005 ταῦτα

844 3047 1076 3117 ⁴πάσχεις
1100 3046 1336 3107 ἅπαντα,
1373 3042 1467 3097 καί⁸
1497 3040 1687 3112 ἱκανὴν
1718 3040 1863 3111 λήψῃ
1895 3038 2269 3110 παράκλησιν·
2299 3040 2393 3093 καὶ
2419 3038 2520 3110 τὴν

844 3133 1021 3204 ψυχὴν
1043 3129 1412 3201 ἀναδυομένην
1443 3129 1539 3182 καὶ
1561 3125 1842 3190 ὀκνοῦσαν,
1862 3127 1958 3179 καὶ
1995 3125 2339 3198 ἐρυθριῶσαν
2358 3167 2373 3190 ,
2424 3129 2520 3181 καὶ

846 3216 1244 3290 αἰσχυνομένην
1293 3215 1580 3287 διέγειρον,
1613 3213 1818 3277 ταύτας
1840 3213 1978 3283 αὐτῇ
2024 3213 2261 3284 συνεχῶς
2305 3215 2520 3287 ἐπᾴδων

846 3308 945 3371 τὰς
975 3305 1186 3378 ἐπῳδάς
1206 3322 1221 3337 ο
1257 3305 1322 3357 Τί
1356 3304 1590 3374 μέλλεις,
1622 3301 1675 3355 τί
1711 3300 1769 3355 δὲ
1797 3300 2002 3372 ἀναδύῃ
2033 3301 2125 3355 καὶ
2162 3301 2379 3368 ὀκνεῖς;
2423 3304 2522 3372 οὑχ

848 3394 992 3464 ὑπὲρ
1014 3392 1331 3464 χρημάτων,
1364 3391 1473 3444 οὐδ’
1507 3390 1649 3461 ὑπὲρ
1692 3388 1854 3444 άλλου
1884 3391 2031 3451 τινὸς
2065 3389 2176 3443 τῶν
2214 3392 2520 3462 ἐπικήρων,

848 3481 965 3535 ἀλλ’
995 3480 1135 3550 ὑπὲρ
1159 3478 1431 3550 σωτηρίας
1458 3480 1591 3549 ἡμῖν
1620 3480 1649 3531 ό
1673 3478 1848 3545 λόγος.
1893 3477 1951 3530 '0
1976 3477 2107 3542 Θεὸς
2138 3478 2312 3532 ταῦτα
2348 3480 2523 3532 ποιεῖν

849 3568 1123 3630 ἐκέλευσε,
1155 3567 1250 3621 καὶ
1278 3568 1457 3620 πάντα
1480 3567 1706 3637 δεύτερα
1728 3567 1869 3621 ἔστω
1893 3567 1999 3620 τῶν
2037 3567 2248 3620 ἐκείνου
2280 3584 2521 3638 προστα-

848 3655 1096 3726 γμάτων.
1139 3653 1410 3724 Ἐμπορία
1439 3654 1525 3717 τίς
1543 3654 1661 3705 ἐστι
1684 3654 2031 3725 πνευματικὴ
2061 3654 2123 3706 τὸ
2150 3656 2384 3724 πρᾶγμα
2405 3672 2417 3683 ·
2446 3654 2521 3724 μὴ

846 3743 1161 3813 ἀμελῶμεν,
1194 3744 1331 3814 μήτε
1364 3742 1696 3815 ῥᾳθυμῶμεν
1721 3759 1736 3775 ο
1782 3743 2099 3814 μανθανέτω
2131 3747 2159 3797 ὀ
2186 3744 2399 3815 ἐχθρὸς,
2439 3744 2519 3797 ὅτι

849 3830 1049 3900 πολλὴν
1079 3830 1457 3901 ἐποιησάμεθα
1515 3829 1770 3900 σπουδὴν,
1803 3830 1893 3884 διὰ
1927 3831 1989 3883 τὸ
2029 3831 2107 3900 τῷ
2139 3831 2259 3901 Θεῷ
2284 3831 2474 3885 δοκοῦν
2502 3849 2515 3862 ⁸

849 3916 952 3971 κάν
991 3916 1188 3987 ὑϐρίζῃ
1218 3916 1402 3983 πάλιν,
1436 3915 1538 3971 κᾶν
1564 3915 1764 3988 τύπτῃ,
1792 3915 1895 3970 κᾶν
1920 3917 2101 3971 ὁτιοῦν
2142 3919 2329 3990 ἕτερον
2368 3921 2521 3990 χαλε-

850 4001 1094 4072 πώτερον
1128 4004 1279 4072 ποιῇ,
1316 4002 1570 4072 φέρωμεν
1633 4001 1843 4054 ἅπαντα
1896 4003 2183 4071 γενναίως,
2243 4003 2320 4067 ώς
2368 4006 2520 4059 οὐδὲν

848 4091 1043 4158 ἐκείνῳ
1071 4090 1341 4154 τοσοῦτον,
1368 4092 1491 4144 ὅσον
1515 4091 1647 4161 ἡμῖν
1668 4090 1852 4153 αὑτοῖς
1891 4091 2230 4164 χαριζόμεθα
2248 4110 2263 4125 ο
2305 4094 2521 4147 πάντων

848 4178 957 4228 τῶν
987 4176 1427 4246 κατορθωμάτων
1454 4176 1609 4229 τοῦτο
1634 4175 1897 4246 μειζόνως
1925 4180 1959 4249 ἡ
1969 4178 2085 4249 μῶν
2126 4181 2248 4233 κατ’
2302 4180 2519 4250 ἐκείνην

851 4264 1219 4335 προστήσεται
1242 4263 1339 4333 τὴν
1372 4264 1605 4333 ἡμέραν.
1648 4266 1999 4337 Ἢμάρτομεν
2029 4267 2201 4321 πολλά
2230 4269 2324 4321 καὶ
2351 4271 2521 4338 μεγά-

851 4352 943 4413 λα,
972 4350 1068 4403 καὶ
1109 4350 1612 4421 προσεκρούσαμεν,
1644 4353 1737 4405 καὶ
1763 4352 1854 4405 τὸν
1883 4354 2160 4425 Δεσπότην
2195 4355 2353 4425 ἡμῶν
2378 4374 2520 4427 παρ-

852 4438 1136 4509 ωξύναμεν
1156 4454 1170 4468 ο
1220 4437 1386 4491 έδωκε
1420 4438 1509 4491 διά
1533 4438 1632 4507 τὴν
1672 4438 1837 4491 αὑτοῦ
1874 4440 2287 4511 φιλανθρωπίαν
2319 4443 2521 4515 ταύτην

851 4525 967 4579 ὁδὸν
994 4525 1337 4596 καταλλαγῆς
1360 4540 1374 4553 ο
1409 4524 1485 4596 μὴ
1505 4526 1683 4578 τοίνυν
1713 4524 2000 4595 προδῶμεν
2031 4526 2122 4580 τὸν
2142 4527 2305 4582 καλὸν
2333 4531 2520 4588 τοῦτον

853 4614 1147 4683 θησαυρόν.
1173 4612 1265 4683 Μὴ
1292 4612 1400 4685 γάρ
1427 4613 1528 4666 οὑκ
1551 4610 1619 4684 ἦν
1642 4612 1831 4684 κύριος
1855 4613 2108 4667 κελεῦσαι
2136 4616 2296 4684 μόνον
2322 4622 2518 4674 καταλ-

854 4699 1167 4763 λάττεσθαι,
1190 4701 1286 4752 καὶ
1321 4699 1525 4769 μηδένα
1564 4702 1695 4770 ἡμῖν
1728 4696 1869 4754 εἶναι
1899 4700 2125 4771 μισθόν;
2162 4703 2238 4773 μὴ
2279 4705 2387 4777 γὰρ
2408 4708 2521 4777 ἔχει

857 4788 978 4842 τινά
1002 4786 1093 4840 τὸν
1124 4786 1473 4855 ἀντιλέγοντα
1522 4788 1616 4840 καὶ
1644 4787 2022 4859 διορθούμενον
2053 4790 2218 4844 αὑτοῦ
2254 4794 2324 4847 τὰ
2350 4812 2522 4867 προσ-

856 4874 1141 4945 τάγματα;
1182 4873 1319 4927 Ἀλλ’
1351 4874 1501 4945 ὅμως
1534 4873 1623 4927 διά
1645 4876 1739 4945 τὴν
1780 4876 1977 4948 πολλὴν
2009 4878 2176 4933 αὑτοῦ
2213 4881 2524 4952 φιλανθρω-

859 4962 989 5017 πίαν
1016 4963 1112 5016 καὶ
1137 4962 1330 5033 μισθὸν
1354 4964 1489 5033 ἡμῖν
1523 4962 1790 5032 ὑπέσχετο
1827 4965 1997 5033 μέγαν
2023 4968 2118 5022 καὶ
2160 4969 2389 5038 ἄφατον,
2430 4973 2525 5025 καὶ

858 5042 920 5104 οῦ
952 5050 1183 5122 μάλιστα
1199 5049 1571 5120 ἐπιθυμοῦμεν
1592 5053 1791 5121 τυχεῖν,
1815 5053 1912 5123 τὴν
1932 5054 2039 5107 τῶν
2060 5057 2343 5128 ἁμαρτιῶν
2367 5062 2400 5130 η
2409 5058 2525 5129 μῶν

860 5139 1223 5210 συγχώρησιν,
1262 5140 1359 5219 καὶ
1400 5138 1653 5211 ταύτην1³
1685 5140 1786 5210 τὴν
1822 5141 2067 5212 ὑπακοὴν
2106 5146 2236 5213 ἡμῖν
2285 5147 2525 5199 εὑκολω-

857 5226 1019 5296 τέραν
1055 5226 1251 5280 ποιῶν.

927 5312 1060 5367 Τίνα
1092 5311 1185 5366 οῦν
1233 5313 1425 5384 ἕξομεν
1472 5314 1837 5388 συγγνώμην,
1896 5316 2024 5371 ὅταν
2046 5319 2141 5372 καὶ
2173 5319 2363 5389 μισθὸν
2403 5335 2528 5371 τοσ-

857 5402 1008 5457 οῦτον
1026 5401 1313 5472 μέλλοντες
1335 5401 1651 5471 λαμϐάνειν,
1682 5404 1819 5476 μηδέ
1848 5402 2021 5468 οὕτως
2052 5405 2421 5476 ὑπακούωμεν
2444 5406 2523 5476 τῷ

856 5489 1139 5562 νομοθέτῃ,
1190 5487 1327 5541 ἀλλά
1366 5488 1615 5559 μένωμεν
1664 5489 2166 5563 καταφρονοῦντες;
2228 5493 2354 5545 Ὅτι
2416 5493 2525 5564 γάρ

858 5578 1260 5649 καταφρόνησις
1296 5576 1454 5630 τοῦτό
1484 5578 1618 5641 ἐστι,
1654 5579 1814 5649 δῆλον
1846 5578 2088 5633 ἐκεῖθεν
2118 5580 2182 5634 El
2206 5581 2369 5653 νόμον
2393 5582 2522 5654 ἔθη-

858 5679 950 5715 κεν
969 5666 997 5716 ὁ
1022 5664 1274 5733 βασιλεὺς
1292 5707 1308 5732 ,
1335 5665 1465 5728 τοὺς
1493 5666 1718 5737 ἐχθροὺς
1765 5667 2012 5732 ἅπαντας
2034 5668 2284 5743 ἀλλήλοις
2323 5672 2522 5727 καταλ-

916 5784 944 5850 ξ
963 5785 1059 5850 (alii
1071 5786 1470 5850 δυσδιάλλακτος.
1533 5848 1538 5850 Α
1747 5848 1753 5850 Α
2175 5804 2251 5850 ἢν

916 5842 950 5886 δ
970 5843 1120 5894 Savil.
1142 5849 1339 5909 conﬁcit
1355 5850 1436 5895 καὶ
1457 5848 1622 5911 ταύτῃ,
1643 5854 1689 5899 ει
1712 5848 1797 5901 sic.
1826 5852 1959 5901 Enn.

1621 399 1678 452 S.
1718 394 2001 450 JOANNIS
2037 389 2521 449 CHRYSOSTOMI
2562 392 2880 450 ARCHIEP.
2923 389 3471 451 CONSTANTINOP.

4175 394 4279 450 ΞΜ

2600 508 2914 572 λάττεσθαι,
2952 509 2985 578 ἢ
3030 508 3130 573 τάς
3166 506 3408 578 κεφαλάς
3454 502 3882 574 ἀποτέμνεσθαι,
3914 504 4025 579 ἄρα
4083 504 4189 555 οὑκ
4217 501 4278 555 ἂν

2604 595 2805 659 πάντες
2832 594 3182 666 ἐσπεύσαμεν
3212 607 3236 636 ο
3261 596 3354 649 ἐπὶ
3382 594 3482 657 τάς
3503 592 3613 645 τῶν
3643 592 3871 663 πλησίον
3898 597 4283 665 καταλλαγαςς

2606 684 2823 752 Ἔγωγε
2855 676 3033 751 οἶμαι.
3069 683 3205 736 Τίνα
3249 678 3342 737 οῦν
3372 680 3567 753 ἕξομεν
3595 679 3929 751 συγγνώμην
3949 721 3967 747 ,
3993 684 4135 753 μηδὲ
4163 700 4286 737 cca.

2603 769 2773 841 αύτην
2800 769 3169 839 ἀπονέμοντες
3196 771 3276 840 τῷ
3308 771 3557 846 Δεσπότῃ
3586 768 3785 841 τιμὴν,
3829 769 3962 841 ὅσην
3986 773 4108 833 τοῖς
4157 773 4285 840 ὀμοο

2603 856 2811 921 δούλοις
2855 857 2969 919 τοῖς
3008 856 3338 929 ὴμετέροιςς
3370 858 3472 912 Διά
3505 859 3670 912 τοῦτο
3691 855 4099 925 ἐκελεύσθημεν
4134 855 4285 929 [208]

2604 946 2806 1014 λέγειν,
2828 944 3003 1012 Ἄφες
3022 941 3169 1011 ἡμῖν
3195 944 3267 998 τὰ
3293 944 3665 1015 ὀφειλήματα
3688 943 3877 1015 ἡμῶν,
3894 943 3975 1009 ὡς
3999 944 4105 998 καὶ
4124 944 4291 1013 ἡμεῖς

2607 1034 2862 1102 ἀφίεμεν
2893 1027 3017 1094 τοῖς
3043 1028 3384 1096 ὀφειλέταις
3410 1031 3599 1102 ἡμῶν.

2680 1118 2745 1172 Τί
2768 1118 2957 1171 τούτου
2993 1115 3330 1188 πραότερον;
3356 1119 3410 1171 τί
3445 1121 3503 1173 δὲ
3537 1122 3890 1194 ἡμερώτερον
3921 1120 4019 1174 τοῦ
4049 1119 4293 1189 προστά-

2609 1224 2847 1278 γματος;
2874 1205 2941 1258 Σὲ
2967 1203 3162 1274 κριτὴν
3196 1205 3424 1277 ἐποίησε
3463 1208 3567 1278 τῆς
3605 1211 4011 1281 συγχωρήσεως
4040 1207 4158 1260 τῶν
4188 1205 4293 1258 σῶν

2609 1294 3056 1366 ἁμαρτημάτων·
3083 1288 3159 1357 λᾶν
3187 1290 3345 1359 ὀλίγα
3359 1295 3524 1365 ἀφῇς,
3551 1295 3709 1364 ὀλίγα
3749 1296 3993 1365 ἀφίεται·
4032 1295 4104 1348 ειν
4127 1293 4296 1345 πολλά

2610 1383 2789 1451 ἀφῇς,
2825 1376 2996 1431 πολλά
3050 1374 3302 1445 ἀφίεται·
3347 1379 3413 1432 ἂν
3451 1381 3559 1433 ἀπὸ
3596 1382 3826 1452 καρδίας
3862 1385 4011 1453 ἀφῇς
4062 1381 4162 1434 καὶ
4201 1397 4295 1433 κα-

2610 1466 2812 1536 θαρῶς,
2838 1465 2982 1518 οὓτω
3013 1482 3097 1518 σοι
3126 1466 3221 1518 καὶ
3254 1466 3283 1517 6
3307 1465 3439 1529 Θεὸς
3465 1467 3692 1536 ἀφίησιν
3713 1483 3728 1497 ⁸
3760 1468 3828 1522 ἂν
3860 1470 4000 1537 μετά
4026 1468 4127 1521 τοῦ
4162 1484 4293 1536 συγ-

2610 1553 2857 1623 χωρῆσαι
2883 1552 2981 1605 καὶ
3009 1552 3164 1621 φίλον
3192 1552 3357 1606 αὑτὸν
3384 1552 3537 1624 ἔχῃς,
3566 1553 3711 1607 οὕτω
3736 1556 3830 1607 καὶ
3854 1557 3883 1607 6
3912 1557 4047 1619 Θεὸς
4072 1556 4214 1627 πρὸς
4234 1556 4292 1609 σὲ

2609 1639 3135 1693 διακείσεται.⁹Ὠστε
3166 1640 3277 1709 ὅσῳ
3303 1639 3525 1709 μείζονα
3553 1640 3791 1710 ἥμαρτε,
3812 1642 4055 1711 τοσούτῳ
4092 1642 4293 1712 μᾶλλον

2610 1727 2760 1796 ἡμᾶς
2787 1726 3039 1781 σπεύδειν
3059 1727 3153 1779 ἐπὶ
3178 1726 3278 1790 τάς
3304 1725 3651 1794 καταλλαγὰς
3676 1726 3803 1797 χρὴ,
3836 1729 4027 1798 ἐπειδὴ
4056 1730 4159 1781 καὶ
4183 1744 4295 1796 μει-

2612 1812 2781 1877 ζόνων
2812 1814 3229 1885 ἁμαρτημάτων
3257 1814 3659 1885 συγχωρήσεως
3688 1815 3819 1884 ⁴ἡμῖν
3850 1816 4027 1878 αἴτιος
4059 1815 4293 1882 γίνεται.

2614 1900 2801 1954 Βούλει
2857 1901 3072 1972 μαθεῖν,
3109 1900 3186 1965 ὡς
3227 1900 3454 1972 οὑδεμία
3500 1898 3799 1972 συγγνώμη
3861 1899 4296 1971 μνησικακοῦσιν

2623 1991 2775 2060 ἡμῖν,
2812 1988 2938 2043 οὑδέ
2985 1987 3101 2041 ἐστί
3149 2005 3234 2052 τις
3278 1989 3425 2058 ἡμᾶς
3453 1988 3483 2039 6
3512 1986 3919 2059 ἐξαιρούμενοςς
3960 1988 4088 2040 Ἐπὶ
4121 2003 4295 2056 παρα-

2611 2076 2924 2147 δείγματος,
2952 2075 2981 2129 δ
3011 2077 3174 2144 λέγω,
3220 2076 3434 2145 ποιήσω
3474 2075 3708 2144 φάνερόν
3730 2092 3744 2106 ·
3774 2076 3841 2129 Τί
3882 2092 3941 2127 σε
3970 2074 4237 2143 ἠδίκησεν
4270 2076 4298 2127 ό

2613 2162 2874 2234 πλησίονς
2904 2162 2972 2216 τά
2999 2164 3258 2233 χρήματα
3288 2162 3560 2230 ἣρπασεν,
3597 2160 3921 2229 ἐδήμευσεν,
3940 2161 4296 2229 ἐπλεονέκτη-

2618 2267 2737 2317 σεν;
2764 2251 2826 2303 οὑ
2862 2250 3004 2317 λέγω
3042 2247 3199 2301 τοῦτο
3240 2248 3422 2317 μόνον,
3460 2245 3597 2298 ἀλλά
3630 2248 3725 2298 καὶ
3761 2245 3923 2316 ἕτερα
3955 2248 4299 2317 προστίθημι

2617 2337 2837 2390 πλείονα
2875 2335 3100 2396 τούτων,
3134 2333 3227 2385 καὶ
3260 2334 3469 2401 ὅσαπερ
3512 2330 3578 2384 ἂν
3611 2329 3831 2401 ἐθέλῃς’
3862 2331 4078 2385 ἀνελεῖν
4108 2349 4169 2385 σε
4201 2335 4298 2385 ἐπ-

2617 2421 2879 2492 εθύμησε,
2916 2418 3143 2490 μυρίους
3186 2434 3268 2469 σοι
3307 2417 3623 2487 παρέστησε
3666 2416 3969 2482 κινδύνους,
4004 2422 4191 2474 πᾶσάν
4222 2438 4301 2473 σοι

2617 2507 2929 2571 ἐπεδείξατο
2958 2505 3207 2575 μιαρίαν,
3240 2502 3337 2558 καὶ
3382 2503 3535 2557 οὑδέν
3579 2504 3848 2557 ἀπέλιπεν
3889 2506 4031 2569 ὅλως
4073 2507 4181 2575 τῆς
4214 2509 4301 2560 ἀν-

2619 2592 2899 2665 θρωπίνης
2927 2586 3232 2661 πονηρίαςά
3258 2605 3271 2618 ·
3305 2590 3392 2642 ἵνα
3438 2588 3550 2661 γάρ
3594 2591 3669 2660 μὴ
3711 2590 3890 2646 πάντα
3920 2592 4045 2645 καθ’
4070 2594 4302 2647 ἕκαστον

2619 2678 2941 2748 ἐπεξίωμεν,
2977 2677 3067 2739 θές
3101 2675 3371 2746 τοσαύτην
3413 2674 3576 2730 αὑτὸν
3616 2676 3934 2748 ἠδικηκέναι
3966 2697 4028 2733 σε
4059 2681 4297 2744 ἀδικίαν,

2618 2767 2749 2836 ὅσην
2777 2766 2951 2828 οὐδεὶς
2970 2763 3228 2817 οὑδέποτέ
3248 2780 3374 2817 τινα
3397 2763 3657 2834 ἠδίκησεν
3672 2783 3685 2795 ·
3716 2766 3837 2819 οὑδέ
3860 2767 3970 2837 γάρ
3994 2768 4143 2821 οὕτω
4169 2788 4302 2840 μνη-

2620 2852 2863 2906 σικακῶν
2902 2851 3053 2918 ἄξιος
3084 2850 3185 2922 έσῃ
3214 2849 3568 2921 συγγνώμης.
3604 2849 3712 2905 Καὶ
3743 2851 3860 2915 πῶς
3892 2852 4007 2920 ἐγὼ
4034 2854 4204 2922 λέγω.
4241 2856 4305 2908 Et

2617 2956 2703 3005 τις
2726 2939 2946 3010 οἰκέτης
2976 2938 3069 3001 σὸς
3098 2935 3298 3007 ὤφειλέ
3340 2953 3423 2990 σοι
3451 2936 3740 3007 χρυσίνους
3764 2938 3980 3003 ἐκατὸν,
4010 2936 4135 2994 εἶτα
4166 2942 4306 2993 ἐκεί.

2619 3045 2694 3097 νῳ
2723 3026 2914 3097 ἕτερός
2945 3042 3030 3089 τις
3068 3024 3272 3093 ὤφειλε
3316 3023 3555 3093 ἀργύρια
3592 3022 3771 3091 ὀλίγα,
3802 3026 3899 3078 καὶ
3932 3026 4251 3098 προσελθών
4276 3029 4305 3081 ὀ

2617 3114 2713 3168 τοῦ
2743 3113 2933 3167 δούλου
2962 3111 3246 3183 χρεώστης
3271 3110 3617 3183 παρεκάλεσέ
3638 3128 3699 3164 σε
3722 3112 3816 3166 καὶ
3841 3113 4121 3167 ἰκέτευσεν
4140 3113 4304 3178 ἀξιῶν

2622 3198 2956 3270 συγγνώμης
2985 3202 3171 3269 τυχεῖν
3196 3209 3244 3263 ο,
3273 3198 3371 3251 καὶ
3419 3199 3483 3251 σὺ
3529 3198 3619 3252 τὸν
3662 3198 3885 3270 οἰκέτην
3930 3199 4173 3264 καλέσας
4216 3202 4305 3255 τὸν

2624 3286 2823 3339 σαυτοῦ
2864 3285 3211 3357 προσέταξας
3250 3284 3420 3338 εἰπὼν
3463 3286 3682 3353 ἀφεῖναι
3708 3286 3773 3339 τὸ
3804 3287 4083 3358 ὀφείλημα
4109 3290 4301 3358 τούτῳ,

2622 3374 2719 3427 καὶ
2761 3373 2894 3425 Ἀπὸ
2938 3372 3031 3425 τοῦ
3072 3371 3231 3439 λόγου
3259 3364 3322 3423 οῦ
3363 3371 3600 3440 ὀφείλεις
3644 3389 3759 3443 μοι,
3803 3373 4091 3444 λογίζομαι
4120 3392 4204 3428 σοι
4246 3378 4304 3429 τὸ

2622 3460 2925 3529 ὀφείλημαο
2966 3455 3083 3511 εἶτα
3110 3460 3315 3521 ἐκεῖνος
3344 3458 3718 3527 ἀναισχυντῶν
3747 3459 3841 3512 καὶ
3870 3463 4305 3531 πονηρευόμενος

2623 3547 2783 3601 πάλιν
2830 3543 2969 3616 ἦγχε
3017 3545 3109 3598 τὸν
3150 3544 3435 3612 ὀφείλοντα
3456 3562 3469 3576 ·
3520 3542 3628 3618 ἆρα
3658 3546 3725 3599 ἂν
3757 3546 3993 3611 ἐξείλετό
4028 3566 4113 3611 τις
4145 3550 4305 3603 αὑτὸν

2621 3633 2729 3687 τῶν
2774 3633 2883 3687 σῶν
2926 3632 3162 3703 χειρῶν;
3214 3628 3326 3703 ἆρα
3368 3633 3471 3686 οὑκ
3516 3632 3584 3685 ἂν
3624 3632 3774 3702 αύτῷ
3801 3633 4003 3703 μυρίας
4029 3636 4304 3705 ἐπέθηκας

2622 3722 2856 3792 πληγὰς,
2892 3720 2969 3785 ώς
2994 3719 3278 3792 ὑϐρισθεὶς
3305 3720 3407 3790 τὴν
3430 3720 3667 3791 ἐσχάτην
3696 3719 3888 3792 ὓϐρινς
3921 3722 4018 3773 καὶ
4052 3722 4200 3791 μάλα
4230 3728 4304 3777 εἰ·

2620 3826 2815 3872 κοτως.

2691 3895 2863 3950 Τοῦτο
2887 3895 2982 3949 καὶ
3007 3897 3037 3948 6
3068 3894 3204 3958 Θεὸς
3234 3895 3450 3964 ποιήσει
3472 3909 3489 3926 ο
3515 3892 3634 3964 ἐρεῖ
3660 3892 3769 3963 γάρ
3799 3910 3881 3946 σοι
3923 3896 4044 3947 κατ’
4079 3897 4298 3966 ἐκείνην

2618 3983 2719 4055 τὴν
2758 3977 3070 4053 ἡμέραν,το
3105 3981 3311 4051 πονηρέ
3337 3980 3491 4034 δοῦλε
3523 3980 3618 4034 καὶ
3646 3980 3957 4050 παμμίαρε,
3990 3982 4067 4053 μὴ
4097 3982 4208 4052 γάρ
4240 3987 4301 4035 ἐκ

2620 4071 2726 4123 τῶν
2762 4070 2871 4124 σῶν
2895 4068 3046 4138 αὐτῷ
3077 4066 3496 4137 συνεχώρησας;
3528 4065 3589 4132 ἐξ
3620 4060 3696 4121 ὧν
3726 4068 3851 4137 ἐμοὶ
3876 4067 4131 4137 ὥφειλες,
4174 4072 4297 4122 ἐκε-

2620 4157 2853 4229 λεύσθης
2880 4155 3031 4225 αὑτῷ
3054 4153 3376 4221 λογίσασθαι
3398 4170 3412 4185 ’
3466 4155 3638 4224 ’Δφες
3660 4153 3790 4227 γάρ,
3827 4155 3979 4225 φησί,
4014 4154 4111 4209 καὶ
4132 4156 4299 4225 ἀφίη-

2625 4246 2686 4315 μί
2715 4262 2821 4298 σοι.
2858 4245 2921 4297 Εἰ
2959 4241 3056 4295 καὶ
3086 4241 3157 4293 τὰ
3188 4240 3446 4311 μάλιστα,
3479 4241 3573 4295 καὶ
3597 4244 3647 4295 εί
3677 4243 3752 4313 μὴ
3777 4241 3938 4296 τοῦτο
3959 4244 4301 4313 προσέθηκα,

2622 4334 2716 4384 καὶ
2754 4329 2931 4393 οὕτως
2966 4326 3185 4396 ἀφιέναι
3221 4327 3391 4398 ἐχρῆν
3422 4327 3659 4401 δεσπότῃ
3702 4329 4026 4400 πειθόμενον
4047 4346 4060 4358 ·
4092 4331 4214 4381 νυνὶ
4248 4331 4302 4381 δὲ

2621 4420 2719 4487 οὐχ
2751 4417 2827 4479 ώς
2853 4413 3121 4481 δεσπότης
3163 4414 3420 4480 ἐπέταξα,
3451 4415 3567 4469 ἀλλ’
3588 4416 3666 4477 ὡς
3694 4416 3832 4486 φίλῳ
3856 4416 3876 4455 τ
3909 4417 4072 4487 χάριν
4098 4417 4300 4485 ᾔτησα.

2625 4507 2719 4557 καὶ
2743 4501 2950 4570 ταύτην
2974 4501 3037 4552 ἐκ
3062 4498 3169 4552 τῶν
3197 4500 3367 4569 ἐμῶν,
3400 4502 3493 4554 καὶ
3520 4501 3739 4573 μείζονα
3766 4501 3958 4555 δώσειν
3979 4499 4304 4570 ὑπεσχόμην

2626 4589 2828 4642 πάλιν⁹
2881 4586 2976 4640 καὶ
3020 4585 3141 4637 οὐδὲ
3188 4584 3331 4640 οὔτω
3376 4586 3599 4656 βελτίων
3627 4590 3837 4656 ἐγένου.
3871 4586 3981 4639 Καὶ
4020 4584 4301 4655 ἄνθρωποι

2629 4676 2726 4745 μὲν
2752 4674 2882 4726 ὅταν
2909 4671 3064 4725 τοῦτο
3098 4672 3311 4735 ποιῶσι,
3338 4673 3589 4727 τοσοῦτον
3624 4673 3925 4741 λογίζονται
3966 4672 4083 4733 τοῖς
4116 4672 4301 4724 αὐτῶν

2625 4761 2885 4823 οἰκέταις,
2919 4760 3042 4812 ὅσον
3092 4760 3210 4811 ἐστὶ
3252 4760 3314 4813 τὸ
3364 4761 3560 4831 μέτρον
3607 4761 3702 4814 τοῦ
3750 4758 4157 4827 ὀφειλήματοςθ
4187 4752 4299 4810 οἷον

2626 4847 2830 4916 ὀφείλει
2878 4845 2953 4915 τῷ
2993 4846 3227 4917 δεσπότῃ
3255 4848 3545 4919 χρυσίνους
3579 4847 3772 4901 ἑκατὸν
3804 4848 3834 4898 6
3857 4843 4097 4912 οἰκέτης,
4144 4844 4175 4895 6
4205 4846 4300 4896 τσῦ

2625 4934 2837 4989 οἰκέτου
2870 4933 3148 5006 χρεώστης
3176 4936 3465 5006 χρυσίνους
3492 4934 3623 4987 δέκα
3643 4950 3658 4964 ·
3691 4934 3757 4985 ἂν
3788 4929 3935 5000 αύτῷ
3964 4931 4299 4999 συγχωρήσῃ

2626 5023 2687 5075 τὸ
2729 5020 3021 5092 ὀφείλημα,
3050 5023 3170 5093 οὐχὶ
3203 5024 3329 5085 τοὺς
3359 5022 3552 5075 ἑκατὸν
3586 5020 3735 5088 αὐτῷ
3777 5017 4002 5085 ἀφίησιν
4043 5018 4074 5067 6
4114 5015 4300 5069 δεσπνρο

2626 5125 2746 5178 της,
2774 5108 2909 5163 ἀλλά
2938 5110 3065 5174 τοὺς
3090 5111 3222 5163 δέκα
3255 5109 3470 5179 μόνους,
3513 5108 3638 5167 τοὺς
3681 5104 3738 5155 δέ
3782 5102 4003 5170 ἑτέρους
4050 5101 4300 5165 ἅπαντας

2626 5198 2877 5249 ἀπαιτεῖ⁸
2924 5199 2953 5251 6
2996 5198 3052 5251 δέ
3083 5197 3216 5260 Θεὸς
3245 5197 3343 5264 οὑχ
3376 5192 3568 5252 οῦτως,
3605 5188 3718 5241 ἀλλ’
3748 5188 3813 5241 ἂν
3856 5188 3999 5258 ἀφῇς
4027 5188 4191 5257 ὀλίγα
4225 5192 4300 5257 τῷ

2630 5285 2916 5358 συνδούλῳ,
2940 5288 3119 5341 πάντα
3142 5302 3226 5338 σοι
3248 5283 3476 5350 ἀφίησιν
3509 5276 3693 5338 αὑτός.
3720 5274 3892 5328 Πόθεν
3916 5273 4077 5328 τοῦτο
4106 5276 4296 5345 δῆλον;

2640 5372 2757 5425 Ἀπ’
2789 5372 2961 5443 αὐτῆς
3000 5372 3099 5441 τῆς
3150 5369 3316 5437 εὑχῆς
3342 5382 3354 5393 ·
3398 5362 3542 5417 Ἐὰν
3579 5361 3686 5431 γὰρ
3732 5359 3943 5430 ἀφῆτε,
3974 5361 4133 5431 φησὶ,
4179 5364 4297 5427 τεές

2688 5609 2882 5680 cSavﬂ.
2986 5609 3130 5680 geli-Ill
3177 5609 3229 5650 et
3270 5615 3395 5651 unus
3424 5603 3581 5653 codex
3626 5604 4005 5662 ἐσπουδάσαμεν.
4052 5600 4207 5652 δενίι.
4248 5606 4291 5653 in

2622 5667 3345 5798 ωῗινὲεὲιξιὲιῗῖίιῗιὸῗιέῗόᾱ.
3366 5730 3449 5798 τῆς
3466 5725 3754 5797 ἀνθρωπίνης
3780 5723 4015 5788 βοηθείας.

2693 5797 2717 5821 ο
2743 5790 2897 5837 Savil.
2920 5789 2973 5834 in
2992 5799 3146 5850 marg.
3169 5787 3518 5848 σνγχωρήσεως
3538 5787 3714 5850 τυχεῖν.

2692 5852 2711 5890 ί
2745 5852 2915 5900 Morel.
2950 5849 3097 5912 φίλον.
