4414 6686
349 443 457 498 2θ5

349 550 636 608 invadente
676 553 777 609 ista
820 553 1063 610 simultas
1089 592 1104 615 ,
1134 548 1229 603 sed
1278 563 1343 602 ex
1385 548 1582 602 malitia
1608 593 1623 616 ,
1649 565 1711 604 ac
1760 560 1935 606 mente

348 644 630 710 scelerata,
658 654 713 701 et
736 646 994 701 scelerum
1022 638 1357 696 meditatrice
1386 640 1639 694 exoritur.
1666 640 1781 695 Non
1809 640 1936 694 illud

348 734 523 788 solum
550 750 709 805 grave
736 745 847 797 est,
879 733 1019 803 quod
1048 740 1099 783 te
1128 730 1279 783 \enia
1306 729 1521 796 Spolias,
1553 732 1647 786 sed
1672 732 1812 800 quod
1836 730 1939 785 dif-

352 826 626 881 ficiliorem
669 828 761 881 tibi
806 824 986 879 reddis
1024 835 1177 874 usuin
1227 819 1523 877 istiusmodi
1549 823 1758 876 virtutis
1783 838 1937 875 exer-

348 917 536 970 cenda:
561 938 572 971 :
598 933 719 971 nam
738 931 839 970 una
860 914 946 967 die
966 912 1142 980 elapsa
1169 911 1469 980 grandescit
1490 915 1693 979 vitium,
1717 923 1940 983 augetur

348 1021 420 1058 ex
465 1007 697 1061 secunda
746 1005 831 1058 die
861 1021 875 1056 :
901 1000 1042 1069 quod
1084 1000 1131 1054 si
1172 1001 1325 1055 tertia
1365 1012 1417 1057 et
1446 1011 1630 1073 quarta
1654 1001 1941 1055 accesserit

351 1099 439 1152 lux
469 1140 484 1164 ,
514 1098 739 1152 addetur
779 1093 981 1161 quinta.
1015 1091 1221 1147 Rursus
1266 1094 1498 1164 quinque
1540 1095 1673 1148 ﬁunt
1709 1091 1935 1153 decem,

346 1192 537 1247 decem
564 1196 737 1243 autem
770 1184 975 1253 viginti,
1006 1184 1188 1253 viginti
1216 1195 1429 1240 centum
1448 1228 1463 1252 ,
1490 1200 1553 1239 ac
1584 1186 1634 1237 in
1665 1192 1937 1253 posterum

352 1284 544 1336 vulnus
570 1276 788 1333 omnino
817 1274 1199 1331 immedicabile
1223 1287 1339 1332 est:
1363 1285 1419 1332 et
1441 1284 1639 1345 quanto
1669 1274 1786 1342 plus
1809 1282 1942 1327 tem-

356 1374 500 1437 poris
525 1367 848 1437 adjungitur,
883 1374 1028 1421 tanto
1056 1368 1219 1437 magis
1248 1365 1597 1435 disjungimur
1620 1362 1934 1417 intervallis.

348 1466 493 1515 (Zuve
536 1458 665 1522 tibi,
699 1454 896 1521 homo,
930 1455 997 1511 ab
1034 1456 1147 1511 istis
1186 1454 1581 1511 irrationalibus
1622 1451 1936 1515 affectibus,

351 1566 523 1619 neque
551 1548 819 1617 pudeﬁas,
850 1563 1025 1618 neque
1050 1549 1355 1614 erubescas,
1380 1562 1553 1615 neque
1579 1546 1649 1599 ita
1675 1546 1891 1615 loquare
1920 1563 1935 1598 :

350 1642 508 1696 Modo
548 1640 684 1692 inter
733 1652 829 1692 nos
870 1639 1023 1693 rixati
1066 1652 1291 1702 sumus,
1326 1636 1479 1691 fanda
1529 1645 1686 1705 atque
1724 1635 1936 1689 infanda

352 1732 591 1784 diximus
643 1731 919 1786 innumera
954 1745 1058 1785 :ac
1106 1730 1287 1785 statim
1335 1727 1403 1781 ad
1455 1726 1936 1782 reconciliationem

347 1822 664 1875 at'curram?
692 1823 811 1890 quis
855 1838 962 1878 non
1000 1820 1323 1891 vituperabit
1367 1835 1541 1875 meam
1592 1816 1936 1873 facilitatem?

350 1915 521 1967 Nemo
569 1913 818 1969 cordatus
867 1913 1137 1968 damnabit
1184 1920 1327 1966 tuam
1371 1910 1715 1971 facilitatem,
1750 1907 1842 1960 sed
1896 1908 1939 1959 si

350 2004 614 2057 manseris
637 2004 1002 2073 implacabilis,
1032 2013 1139 2057 tum
1169 2010 1220 2057 te
1246 2016 1432 2056 omnes
1461 1999 1757 2054 irridebunt
1778 2038 1793 2061 ,
1830 2005 1939 2049 tum

351 2110 603 2163 magnum
652 2095 804 2148 dabis
843 2094 1056 2149 diabolo
1094 2094 1322 2163 spatium
1354 2109 1368 2143 :
1398 2107 1502 2143 non
1535 2088 1677 2143 enim
1712 2102 1776 2141 ex
1806 2096 1941 2141 tem-

351 2203 485 2255 pure
513 2187 684 2239 solum
728 2183 993 2240 difﬁcilior
1022 2185 1110 2238 ﬁet
1140 2182 1505 2239 reconciliatio
1526 2222 1540 2245 ,
1566 2178 1661 2234 sed
1690 2195 1754 2234 ex
1784 2182 1943 2233 rebus

352 2284 554 2333 interea
604 2279 986 2333 oborientibus.
1021 2276 1089 2332 Ut
1114 2276 1311 2330 Caritas
1355 2274 1515 2341 aperit
1568 2271 1942 2325 multitudinem

354 2382 678 2438 peccatorum
708 2369 786 2440 (1.
820 2370 933 2424 Pet.
962 2370 1015 2423 4.
1049 2370 1138 2437 8),
1170 2368 1239 2421 ita
1270 2360 1543 2419 inimicitia
1571 2378 1632 2419 ea
1654 2406 1668 2430 ,
1698 2379 1815 2434 quae
1844 2364 1939 2418 de-

355 2466 466 2517 licti
499 2473 738 2517 naturam
766 2476 872 2515 non
900 2460 1133 2524 habent,
1164 2457 1359 2512 delicta
1391 2454 1551 2509 facit:
1576 2455 1710 2509 adeo
1738 2464 1798 2509 ut
1826 2470 1942 2510 om-

353 2572 453 2608 ttcs
480 2553 673 2608 deinde
700 2552 1092 2615 criminatores,
1122 2547 1211 2617 qui
1236 2546 1304 2601 de
1325 2545 1513 2602 alienis
1538 2546 1689 2600 malis
1711 2545 1942 2616 gaudent

351 2656 407 2698 ct
434 2646 659 2697 aliorum
686 2643 812 2696 vitia
839 2640 1152 2703 traducunt,
1185 2638 1341 2693 ﬁdem
1370 2636 1507 2707 apud
1536 2636 1833 2691 istiusmodi
1863 2637 1945 2689 in-

352 2736 589 2787 veniant.
617 2734 734 2787 Istis
756 2732 913 2802 igitur
927 2729 1171 2800 cognitis,
1196 2742 1506 2798 prmoccupa
1534 2726 1939 2789 fratrem,cum-

352 2840 461 2890 que
486 2823 665 2877 dctine
688 2861 704 2885 ,
733 2822 1039 2891 priusquam
1070 2820 1277 2889 penitus
1303 2817 1525 2883 resiliat,
1554 2817 1713 2871 etiam
1741 2816 1787 2870 si
1813 2830 1946 2883 opus

351 2926 447 2976 εει,
476 2925 533 2969 ιιι
555 2931 619 2969 eo
645 2915 731 2970 die
758 2915 1062 2969 universam
1090 2912 1355 2967 civitatem
1379 2924 1681 2981 percurras,
1712 2909 1871 2962 etiam
1899 2907 1945 2961 si

352 3016 505 3059 extra
538 3005 731 3059 muenia
756 3004 1101 3075 pergendum,
1124 3003 1284 3057 etiam
1304 3002 1348 3057 si
1365 3002 1580 3070 longum
1605 2999 1706 3053 iter
1723 3013 1947 3067 carpen-

353 3098 506 3159 dum;
537 3095 735 3148 relictis
758 3094 1007 3149 omnibus
1034 3108 1152 3161 qua:
1179 3092 1233 3146 in
1255 3091 1501 3145 manibus
1528 3099 1673 3154 sunt,
1704 3089 1754 3143 id
1785 3104 1945 3143 unum

354 3202 507 3249 cura,
537 3196 591 3239 ut
616 3202 735 3240 cum
764 3185 928 3239 fratre
954 3183 1336 3239 reconcilieris.
1369 3181 1523 3249 Quod
1552 3182 1596 3235 si
1625 3182 1849 3236 arduum
1880 3182 1949 3235 sit

355 3281 654 3347 negotium,
682 3279 855 3349 cogita
883 3278 1023 3349 quod
1048 3278 1118 3332 ob
1147 3279 1316 3333 Deum
1346 3277 1471 3331 talia
1498 3278 1719 3347 pateris,
1751 3285 1808 3331 et
1833 3277 1946 3346 ple-

358 3386 484 3424 nam
535 3371 797 3440 percipies
823 3370 1241 3424 consolationem
1268 3386 1280 3422 :
1310 3369 1649 3436 animamque
1676 3366 1946 3421 subterfu-

354 3464 615 3529 gientem,
649 3459 1107 3523 reformidantem,
1138 3459 1543 3514 erubescentem
1573 3459 1766 3523 excita,
1795 3459 1948 3527 eique

355 3554 611 3605 cuiitinuo
651 3553 748 3606 ista
777 3552 959 3606 accine
988 3569 1001 3605 :
1031 3550 1169 3616 Quid
1195 3550 1413 3605 cessas?
1439 3549 1564 3619 quid
1592 3547 1947 3617 subterfugis?

355 3645 483 3713 quid
503 3644 800 3698 detrectas?
818 3659 920 3697 non
939 3644 1006 3697 de
1022 3644 1375 3713 pecunia,non
1390 3641 1456 3697 de
1468 3642 1585 3695 aliis
1596 3641 1750 3695 ﬂuxis
1764 3641 1945 3706 rebus,

356 3738 453 3791 sed
470 3739 538 3791 de
560 3745 737 3790 nostra
762 3737 993 3806 ipsorum
1018 3736 1189 3791 salute
1214 3736 1406 3805 agitur.
1430 3734 1568 3789 Deus
1588 3734 1685 3790 ista
1710 3731 1948 3788 facienda

359 3831 621 3900 put-cipit,
635 3831 809 3885 omnia
826 3830 983 3900 igitur
1000 3829 1141 3885 illius
1155 3828 1417 3883 mandatis
1435 3834 1835 3897 postponantur.
1857 3826 1952 3881 Est

360 3926 450 3976 bic
480 3923 693 3993 quidam
718 3922 1009 3992 Spiritualis
1048 3932 1315 3977 mercatus
1346 3938 1358 3973 :
1391 3934 1459 3973 ne
1488 3925 1851 3983 cunctatores,
1885 3934 1952 3973 ne

359 4016 495 4069 lculi
523 4017 709 4081 simus;
727 4016 983 4085 intelligat
1008 4015 1252 4071 inimicus
1268 4026 1511 4082 magnam
1539 4026 1569 4064 a
1592 4011 1747 4065 nobis
1767 4024 1951 4065 curam

358 4125 389 4161 a
417 4109 680 4176 tbibitam,
711 4119 767 4163 ut
786 4109 979 4164 divinis
1006 4107 1211 4178 placitis
1236 4120 1332 4160 nos
1358 4113 1775 4174 attemperemus
1800 4121 1812 4157 :
1839 4104 1953 4158 sive

359 4203 541 4255 dmino
568 4202 919 4257 contumelias
947 4199 1139 4254 inferat
1162 4238 1177 4264 ,
1208 4197 1321 4252 sive
1349 4196 1638 4263 verberet,
1670 4196 1783 4250 sive
1828 4193 1954 4265 quid

362 4292 508 4345 aliud
532 4292 775 4346 acerbius
803 4290 980 4353 faciat,
1003 4290 1179 4344 omnia
1210 4288 1439 4342 feramus
1464 4301 1745 4357 generose,
1775 4294 1957 4355 utpote

363 4385 455 4452 qui
485 4398 590 4437 non
619 4392 823 4437 tantum
856 4384 953 4446 illi,
984 4393 1238 4451 quantum
1267 4380 1666 4451 nobismetipsis
1692 4380 1958 4451 gratiﬁce-

366 4492 525 4540 innr;
554 4490 664 4544 pra:
691 4476 939 4530 omnibus
964 4475 1246 4531 virtutibus
1276 4475 1327 4530 id
1358 4474 1424 4530 ad
1450 4475 1708 4545 majorem
1747 4489 1954 4529 merce-

365 4569 491 4623 dem
522 4568 675 4623 nobis
705 4566 1051 4638 imputabitur
1081 4568 1134 4622 in
1163 4566 1256 4621 illo
1281 4566 1387 4622 die.
1420 4566 1580 4622 Multa
1601 4566 1953 4636 deliquimus,

368 4660 424 4712 in
455 4659 661 4729 magnis
682 4657 1003 4713 offendimus
1023 4699 1038 4723 ,
1067 4667 1121 4712 et
1150 4657 1431 4712 Dominum
1458 4666 1701 4713 nostrum
1730 4654 1957 4710 irritavi-

368 4766 522 4813 tnus;
548 4749 695 4804 dedit
717 4766 784 4805 ex
812 4766 907 4805 sua
939 4749 1265 4805 humanitate
1306 4749 1442 4804 hanc
1472 4749 1613 4803 viam
1641 4746 1954 4803 reconcilia-

371 4842 537 4894 tionis
566 4859 577 4892 :
608 4856 675 4893 ne
706 4841 865 4910 igitur
890 4840 1199 4895 deseramus
1242 4840 1384 4896 hunc
1413 4840 1691 4911 pulchrqu
1738 4837 1956 4892 thesau-

372 4945 514 4984 rum.
547 4929 811 4998 Numquid
843 4945 947 4983 non
978 4931 1029 4983 in
1060 4932 1204 4987 illius
1231 4941 1495 5002 potestate
1521 4930 1635 4995 fuit,
1669 4927 1959 4998 praecipere

372 5021 866 5075 reconciliationem
903 5021 1019 5076 sine
1056 5024 1159 5076 ulla
1215 5024 1482 5093 proposita
1524 5019 1814 5077 mercede?
1843 5019 1958 5073 Non

371 5114 518 5165 enim
545 5119 629 5164 est
653 5110 742 5180 qui
768 5110 867 5179 ipsi
896 5112 1259 5177 contradicat,
1293 5122 1383 5167 aut
1419 5114 1509 5183 qui
1548 5112 1661 5183 ejus
1698 5119 1960 5183 princepta

372 5202 636 5271 corrigat;
661 5209 892 5256 attamen
913 5215 979 5256 ex
1006 5201 1169 5254 multa
1192 5216 1287 5255 sua
1313 5202 1634 5273 benignitate
1661 5203 1961 5259 mercedem

376 5296 534 5350 nobis
561 5294 845 5366 spopondit
883 5303 938 5349 et
961 5308 1204 5363 magnam
1234 5304 1287 5348 et
1313 5294 1636 5351 ineffabilem
1664 5337 1678 5362 ,
1703 5306 1758 5352 et
1806 5310 1961 5365 quam

377 5390 610 5443 maxime
624 5388 1009 5453 desideramus,
1026 5388 1269 5441 nimirum
1285 5387 1490 5441 veniam
1513 5399 1815 5443 nostrorum
1838 5402 1963 5457 pec-

376 5490 642 5544 talorum,
663 5491 716 5535 et
733 5479 870 5535 hanc
896 5479 1295 5549 obsequentium
1318 5478 1473 5534 nobis
1489 5477 1795 5534 facillimam
1817 5480 1961 5535 fecit.

452 5570 505 5624 6.
538 5570 707 5637 Quam
747 5574 906 5642 igitur
926 5572 1135 5628 veniam
1160 5570 1471 5627 habebimus
1494 5610 1508 5635 ,
1530 5586 1653 5626 cum
1682 5580 1738 5626 et
1762 5580 1965 5626 tantum

380 5660 586 5730 praemii
608 5664 874 5731 accepturi
900 5706 915 5730 ,
946 5679 1013 5719 ne
1036 5664 1112 5719 sic
1139 5663 1359 5735 quidem
1384 5662 1730 5733 obscquimur
1758 5663 1967 5732 legisla-

381 5752 484 5804 tot'i
510 5790 526 5813 ,
550 5750 642 5804 sed
673 5752 1020 5819 perduramus
1048 5756 1099 5810 in
1135 5771 1201 5811 eo
1228 5755 1578 5826 contemptu?
1608 5753 1758 5820 Quod
1789 5765 1966 5809 autem

385 5849 721 5910 eotitetnptus
748 5844 853 5908 sit,
885 5845 1003 5898 hinc
1046 5855 1204 5915 patet.
1238 5848 1291 5902 Si
1334 5848 1500 5918 legem
1543 5846 1833 5917 Imperator
1864 5856 1969 5901 sta-

1239 439 1330 493 AD
1369 435 1692 494 POPULUM
1732 437 2218 496 ANTIOCHENUM
2282 438 2513 496 llOMlL.
2554 442 2669 497 XX.

3520 444 3626 499 τοο

2050 550 2259 618 luisset,
2292 562 2350 607 ut
2373 568 2562 609 omnes
2590 554 2792 609 inimici
2820 554 2871 608 in
2892 553 3114 624 gratiam
3144 554 3396 620 redirent,
3426 566 3515 610 aut
3534 573 3625 611 ca-

2047 641 2156 709 pite
2184 641 2539 710 plecterentur
2569 662 2581 696 :
2614 658 2681 698 an
2710 660 2816 699 non
2842 659 3029 700 omnes
3062 644 3377 701 festinarent
3411 645 3477 698 ad
3507 661 3623 700 mu.

2051 742 2169 784 tuas
2195 734 2823 806 reconciliationes?Ego
2848 736 3060 806 quidem
3083 737 3159 790 sic
3183 734 3436 790 arbitror.
3458 734 3625 801 Quam

2045 823 2253 876 veniam
2306 824 2465 892 igitur
2504 824 2840 891 habebimus,
2867 840 2988 881 cum
3016 840 3083 881 ne
3113 823 3442 880 tantumdem
3473 839 3627 878 reve-

2046 912 2234 967 rentia:
2260 915 2553 970 tribuamus
2581 916 2824 981 Domino,
2852 924 3107 986 quantum
3133 915 3406 971 conservis
3428 915 3629 968 nostris

2047 1004 2359 1058 tribuimus?
2385 1004 2464 1061 Ob
2486 1006 2586 1062 hoc
2617 1009 2787 1075 ipsum
2812 1007 2946 1075 jussi
2972 1022 3155 1061 sumus
3180 1007 3358 1062 dicere
3382 1024 3395 1059 :
3419 1005 3629 1060 Dimitte

2046 1094 2184 1149 nobis
2221 1095 2382 1149 debita
2410 1107 2583 1150 nostra
2604 1138 2616 1160 ,
2649 1101 2777 1151 sicut
2806 1106 2851 1149 et
2884 1112 2977 1150 nos
3005 1097 3300 1151 dimittimus
3325 1097 3629 1152 debitoribus

2046 1186 2226 1238 nostris
2251 1186 2458 1256 (Matth.
2488 1187 2542 1240 6.
2576 1188 2686 1255 12).

2118 1276 2558 1330 Reconciliationis
2612 1280 2810 1332 modus.
2841 1308 2911 1318 -—
2939 1278 3074 1345 Quid
3134 1293 3200 1332 eo
3252 1278 3431 1332 mitius
3459 1319 3475 1343 ,
3502 1279 3625 1348 quid

2046 1371 2377 1424 mansuetius
2404 1372 2703 1440 prmeeptoft
2722 1370 3042 1439 Tejudicem
3071 1370 3195 1425 fecit
3211 1373 3263 1424 in
3287 1370 3628 1426 condonatio-

2046 1478 2112 1516 ne
2140 1471 2346 1518 tuorum
2369 1465 2673 1528 criminum;
2702 1464 2747 1518 si
2778 1478 2943 1533 pauca
2973 1462 3219 1530 dimittis,
3251 1478 3419 1535 pauca
3450 1462 3628 1517 dimit-

2045 1562 2227 1606 tuntur
2256 1571 2268 1605 :
2303 1554 2348 1607 si
2395 1554 2542 1623 plura
2594 1553 2851 1619 dimittis,
2879 1554 3030 1623 plura
3076 1552 3455 1608 dimittuntur:
3490 1554 3533 1607 si
3563 1567 3627 1608 ex

2043 1642 2205 1697 corde
2249 1642 2473 1695 dimittis
2521 1652 2577 1697 et
2621 1644 2829 1698 sincere
2854 1685 2869 1709 ,
2901 1644 3090 1699 eodem
3146 1653 3300 1712 pacto
3346 1642 3437 1698 tibi
3491 1641 3629 1697 Deus

2044 1732 2270 1784 remittit
2298 1749 2310 1784 :
2335 1733 2381 1785 si
2410 1740 2602 1798 praeter
2620 1734 2828 1786 veniam
2855 1733 3031 1787 datam
3054 1734 3214 1787 etiam
3235 1749 3355 1787 eum
3382 1749 3479 1803 pro
3497 1735 3631 1788 ami-

2045 1836 2110 1875 co
2135 1822 2353 1888 habeas,
2373 1823 2560 1878 eodem
2582 1824 2741 1879 modo
2769 1839 2894 1894 erga
2926 1834 2975 1879 te
3001 1825 3141 1879 Deus
3169 1824 3431 1879 afﬁcietur
3457 1843 3470 1876 :
3497 1824 3631 1879 adeo

2048 1920 2105 1965 ut
2144 1924 2345 1982 quanto
2392 1915 2560 1983 magis
2588 1914 2707 1983 quis
2734 1914 2990 1970 adversus
3021 1924 3072 1969 te
3119 1916 3450 1983 peccaverit,
3485 1923 3631 1969 tanto

2047 2004 2213 2073 magis
2232 2005 2323 2058 tibi
2345 2005 2412 2059 ad
2434 2006 2917 2060 reconciliationem
2945 2006 3334 2075 properandum
3358 2006 3445 2069 sit,
3463 2020 3632 2075 quan-

2048 2092 2334 2163 doquidem
2366 2096 2478 2164 ipse
2508 2096 2610 2150 hoc
2640 2104 2795 2164 pacto
2832 2096 2885 2149 in
2914 2111 3073 2151 causa
3099 2104 3221 2161 est,
3250 2106 3307 2149 ut
3338 2097 3491 2151 nobis
3516 2111 3630 2149 ma-

2042 2184 2160 2253 jora
2182 2186 2403 2240 crimina
2425 2187 2812 2241 condonentur.
2839 2187 2932 2242 Vis
2951 2201 3274 2256 cognoscere
3295 2186 3493 2240 nullam
3515 2199 3635 2240 esse

2048 2274 2255 2330 veniam
2282 2276 2455 2342 nobis,
2485 2277 2529 2331 si
2554 2291 2820 2332 memores
2849 2277 3016 2332 simus
3044 2278 3264 2340 irarum,
3289 2290 3464 2347 neque
3491 2289 3632 2342 esse,

2046 2370 2133 2439 qui
2158 2383 2272 2435 nos,
2302 2371 2345 2424 si
2375 2371 2507 2425 tales
2533 2371 2719 2436 simus,
2737 2370 3123 2440 eripiat?Quod
3149 2369 3269 2425 dico
3295 2367 3634 2423 manifestum

2048 2462 2255 2516 faciam.
2285 2462 2448 2517 Lresit
2474 2469 2525 2516 te
2548 2463 2826 2531 proximus
2853 2501 2867 2526 ,
2896 2462 3034 2517 bona
3065 2460 3279 2529 rapuit,
3307 2459 3633 2529 publicavit,

2048 2550 2342 2617 fraudavit;
2374 2566 2479 2605 non
2510 2550 2641 2607 illud
2671 2552 2843 2606 solum
2875 2550 3033 2616 dico,
3060 2549 3155 2604 sed
3180 2558 3234 2603 et
3258 2549 3358 2602 alia
3399 2548 3482 2602 his
3521 2562 3635 2602 ma-

2044 2642 2161 2710 jora
2192 2642 2451 2711 adjuugo,
2479 2651 2533 2696 et
2561 2649 2985 2712 quantacumque
3010 2641 3224 2695 tandem
3256 2640 3335 2693 vis
3358 2656 3371 2690 :
3392 2636 3639 2693 occidere

2052 2745 2103 2790 te
2133 2735 2338 2799 voluit,
2371 2744 2623 2790 sexcenta
2655 2735 2888 2805 pericula
2920 2734 3014 2790 tibi
3040 2734 3229 2789 obtulit
3254 2774 3267 2799 ,
3293 2733 3439 2788 omni
3476 2740 3528 2788 te
3553 2733 3635 2786 in-

2046 2828 2185 2897 juria
2212 2827 2368 2894 laesit,
2398 2837 2453 2883 et
2481 2827 2611 2882 nihil
2642 2827 2860 2882 omnino
2891 2826 3245 2896 improbitatis
3283 2826 3527 2879 humana:
3551 2824 3636 2878 in-

2053 2926 2310 2974 tentatum
2332 2918 2547 2988 reliquit
2575 2918 2613 2971 ¹.
2646 2917 2724 2972 Ne
2749 2920 2891 2972 enim
2921 2916 3099 2971 omnia
3126 2916 3391 2986 sigillatim
3423 2928 3639 2985 percur-

2051 3023 2252 3073 ramus,
2284 3022 2423 3078 pone
2450 3017 2596 3063 tanta
2621 3006 2793 3077 ipsum
2825 3016 2879 3062 te
2911 3005 3154 3061 aﬁ‘ecisse
3180 3006 3371 3075 injuria
3393 3046 3409 3070 ,
3440 3012 3637 3074 quanta

2052 3100 2229 3156 nullus
2258 3114 2508 3170 umquam
2535 3113 2855 3169 quemquam
2881 3097 3059 3153 affecit
3087 3114 3101 3150 :
3130 3112 3198 3152 ne
3228 3097 3300 3152 ita
3327 3096 3563 3167 quidem,
3592 3095 3639 3148 si

2052 3193 2186 3245 iram
2217 3190 2449 3246 retineas
2468 3231 2484 3255 ,
2512 3190 2667 3245 venia
2694 3190 2883 3260 dignus
2912 3190 3039 3245 eris.
3065 3188 3181 3258 Quo
3212 3197 3365 3258 pacto
3401 3188 3453 3243 id
3495 3187 3587 3242 ﬁat
3614 3229 3629 3253 ,

2052 3296 2152 3352 ego
2181 3281 2374 3338 dicam.
2419 3280 2474 3337 Si
2505 3294 2692 3337 servus
2720 3290 2841 3336 tuus
2862 3280 2956 3336 tibi
2975 3281 3042 3336 ad
3068 3289 3282 3334 centum
3308 3292 3499 3333 aureos
3531 3278 3631 3333 ob-

2051 3384 2249 3429 aeratus
2264 3382 2425 3441 esset,
2443 3375 2529 3429 cui
2549 3374 2684 3429 alius
2711 3388 2906 3444 paucos
2920 3380 3201 3442 argenteos
3228 3371 3467 3434 deberet,
3487 3370 3643 3440 isque

2052 3464 2215 3520 debiti
2241 3465 2683 3521 condonationem
2712 3465 3034 3536 flagitasset:
3057 3464 3101 3517 si
3124 3471 3180 3517 tu
3209 3462 3399 3517 deinde
3425 3477 3637 3516 servum

2046 3556 2300 3625 jussisses
2328 3556 2621 3611 debitorem
2647 3572 2805 3613 suum
2836 3555 3159 3626 obligatione
3188 3555 3452 3619 liberare,
3483 3562 3641 3623 teque

2054 3646 2129 3701 illi
2159 3647 2391 3702 vicissim
2423 3647 2587 3703 debiti
2625 3647 2707 3702 sui
2733 3688 2747 3711 ,
2776 3646 2918 3718 quod
2961 3655 3044 3702 est
3080 3654 3293 3701 centum
3320 3658 3602 3700 aureorum
3624 3685 3639 3708 ,

2054 3738 2277 3806 gratiam
2324 3735 2497 3791 facere
2521 3778 2537 3802 ,
2570 3737 2720 3807 isque
2762 3735 2959 3792 deinde
2984 3778 2999 3803 ,
3033 3745 3092 3791 ut
3132 3736 3410 3806 impudens
3446 3743 3501 3789 et
3543 3734 3641 3788 im-

2057 3824 2258 3895 probus
2282 3865 2299 3892 ,
2326 3823 2622 3880 debitorem
2664 3840 2819 3880 suum
2848 3826 3237 3895 strangularet,
3271 3840 3337 3878 an
3380 3822 3640 3894 quispiam

2058 3917 2206 3971 illum
2232 3932 2262 3971 e
2287 3917 2390 3971 tuis
2410 3918 2655 3973 manibus
2676 3918 2962 3973 eximeret?
2983 3932 3161 3971 annon
3188 3917 3445 3986 plurimas
3465 3917 3643 3985 plagas

2059 4008 2134 4064 illi
2160 4010 2452 4077 incuteres,
2472 4011 2620 4081 quasi
2649 4019 2894 4066 extrema
2918 4009 3110 4080 injuria
3128 4009 3194 4065 ab
3214 4024 3280 4064 eo
3300 4007 3560 4065 affectus?
3584 4022 3646 4062 ac

2060 4101 2252 4156 merito
2278 4101 2511 4171 quidem.

2136 4191 2339 4256 Quanta
2382 4207 2570 4246 merces
2610 4189 3303 4245 reconciliationis.——Deus
3352 4189 3514 4245 etiam
3569 4188 3647 4244 id-

2062 4286 2234 4355 ipsum
2257 4284 2413 4340 faciet
2436 4302 2449 4338 :
2473 4284 2613 4339 dicet
2632 4283 2774 4339 enim
2799 4283 2891 4339 tibi
2921 4284 2971 4337 in
2999 4284 3085 4337 illa
3102 4283 3212 4349 die,
3227 4283 3473 4353 Improbe
3495 4296 3649 4338 serve

2062 4388 2116 4431 et
2147 4391 2399 4445 perquam
2436 4377 2694 4431 scelerate
2715 4417 2729 4442 ,
2763 4390 2866 4429 non
2897 4375 2965 4431 de
2994 4384 3085 4429 tuo
3110 4374 3185 4429 illi
3214 4375 3532 4439 remisisses;
3556 4374 3649 4428 sed

2061 4466 2130 4522 de
2156 4481 2296 4531 meo,
2319 4466 2459 4536 quod
2491 4477 2546 4522 tu
2570 4465 2700 4520 mihi
2731 4466 2961 4521 debebas
2980 4506 2995 4530 ,
3022 4466 3205 4535 jussus
3228 4481 3286 4520 es
3315 4466 3390 4519 illi
3418 4480 3493 4519 ms
3516 4466 3649 4519 alie-

2062 4572 2187 4611 num
2221 4558 2460 4612 relaxare
2490 4576 2502 4611 :
2534 4556 2747 4613 Dimitte
2768 4557 2912 4612 enim
2931 4598 2946 4623 ,
2976 4557 3184 4626 inquit,
3208 4565 3265 4611 et
3294 4556 3505 4611 dimitto
3531 4555 3647 4610 tibi.

2063 4649 2222 4718 Atqui
2244 4647 2291 4703 si
2317 4663 2490 4719 neque
2512 4648 2642 4703 illud
2670 4648 3015 4714 addidissem,
3038 4647 3310 4705 dimittere
3330 4648 3610 4718 oportebat
3634 4689 3649 4714 ,

2064 4748 2122 4793 ut
2145 4739 2519 4809 obsequereris
2545 4739 2783 4806 domino;
2817 4754 2959 4795 nunc
2985 4748 3165 4795 autem
3195 4753 3301 4792 non
3325 4748 3382 4793 ut
3405 4736 3651 4792 dominus

2065 4830 2342 4901 imperavi,
2365 4830 2460 4886 sed
2487 4839 2547 4885 ut
2570 4832 2637 4886 ab
2656 4832 2829 4887 amico
2850 4832 3165 4887 beneﬁcium
3194 4828 3473 4901 postulavi,
3494 4827 3652 4895 idque

2066 4942 2131 4981 ex
2161 4942 2302 4993 meo,
2334 4937 2388 4983 et
2412 4926 2611 4997 majora
2641 4941 2727 4981 me
2756 4926 3135 4980 redonaturum
3164 4922 3423 4993 spopondi
3452 4940 3463 4973 :
3491 4931 3652 4975 ecete-

2067 5033 2184 5073 rum
2209 5034 2275 5073 ne
2304 5020 2374 5073 ita
2400 5018 2612 5088 quidem
2641 5016 2830 5072 melior
2851 5019 3017 5073 factus
3045 5028 3146 5072 est.
3193 5016 3448 5071 Homines
3472 5023 3650 5069 autem

2068 5126 2190 5165 cum
2225 5111 2351 5165 talia
2382 5110 2619 5177 faciunt,
2652 5117 2855 5164 tantum
2907 5112 3080 5165 servis
3118 5112 3232 5165 suis
3256 5118 3533 5178 acceptum
3582 5109 3652 5161 fc-

2070 5210 2196 5257 runt
2222 5245 2236 5270 ,
2263 5211 2518 5273 quantum
2547 5203 2717 5271 ipsum
2746 5199 2986 5255 debitum
3016 5200 3115 5256 fuit
3144 5220 3157 5256 :
3184 5200 3414 5269 exempli
3444 5211 3603 5252 causa
3638 5238 3651 5259 ,

2070 5292 2255 5348 debuit
2284 5294 2413 5347 hero
2440 5307 2629 5348 servus
2656 5299 2867 5347 centum
2897 5306 3084 5346 aureos
3104 5332 3118 5357 ,
3151 5291 3271 5344 huic
3296 5288 3529 5343 vicissim
3560 5286 3651 5341 de-

2072 5385 2213 5439 bitor
2238 5384 2426 5439 decem
2453 5398 2735 5438 aureorum
2759 5381 2858 5436 fuit
2888 5402 2900 5435 :
2935 5383 2977 5437 si
3008 5380 3105 5452 ipsi
3132 5381 3365 5436 debitum
3397 5378 3650 5443 remittat,

2074 5493 2177 5533 non
2200 5484 2412 5531 centum
2430 5489 2618 5530 aureos
2644 5474 2866 5530 remittit
2891 5474 3068 5539 herus,
3092 5474 3186 5528 sed
3210 5472 3393 5527 decem
3425 5480 3651 5535 tantum,

2074 5580 2403 5638 caeterosque
2439 5583 2625 5624 omnes
2667 5568 2881 5636 repetit.
2913 5567 3052 5622 Deus
3076 5580 3203 5621 vero
3233 5580 3338 5619 non
3361 5566 3528 5629 item;
3561 5565 3653 5620 sed

2076 5662 2119 5715 si
2173 5675 2334 5729 pauca
2379 5659 2650 5714 condones
2688 5668 2782 5713 tuo
2822 5674 3120 5724 conservo,
3153 5657 3332 5712 omnia
3372 5656 3462 5713 tibi
3502 5657 3553 5711 in
3585 5666 3656 5710 to-

2141 5796 2174 5857 ιγ
2191 5792 2332 5842 Savil.
2358 5802 2409 5844 et
2431 5794 2611 5856 aliquot
2632 5794 2798 5851 Codd.,
2815 5800 2859 5844 ct
2876 5794 2995 5845 nihil
3012 5793 3094 5857 tibi
3109 5793 3299 5857 reliquit
3314 5794 3502 5857 omnino
3532 5794 3652 5849 uixi

2084 5855 2133 5909 lii
2158 5856 2368 5915 humani,
2397 5870 2496 5923 pro,
2516 5855 2642 5907 nihil
2665 5859 2854 5908 omnino
2878 5855 3247 5924 napi-abitalia}.
3274 5855 3481 5919 reliquit.
