4452 6684
800 388 900 444 207

797 510 930 556 tum.
960 501 1112 562 Unde
1157 506 1207 561 id
1251 507 1447 578 liquet?
1472 507 1549 563 Ex
1590 511 1700 580 ipsa
1743 528 2065 581 precatione.
2117 516 2176 568 Si
2218 512 2368 577 enim,

799 591 990 663 inquit,
1014 596 1300 652 rentisers'tis
1343 599 1627 656 hominibus
1670 619 1764 656 sua
1809 602 1972 656 debita
1997 641 2012 668 ,
2044 606 2193 656 etiam
2223 602 2380 656 Pater

798 692 960 739 vester
978 685 1186 741 calcatis
1206 689 1420 743 remittet
1435 691 1573 745 vobis
1593 692 1756 746 debita
1772 702 1931 746 vestra
1959 691 2165 762 (Matth.
2189 692 2242 748 6.
2268 690 2377 762 M).

799 775 1064 845 Quantum
1086 789 1262 834 autem
1285 781 1625 839 intervallum
1657 785 1793 839 inter
1815 795 2029 840 centum
2053 785 2302 840 denarios
2330 791 2384 836 et

801 868 981 926 decies
1004 871 1150 926 mille
1179 872 1378 928 talenta
1404 915 1420 940 ,
1449 883 1650 930 tantum
1677 890 1888 946 quoque
1916 876 2054 931 inter
2087 876 2173 930 illa
2203 881 2257 928 et
2284 873 2381 927 ista

799 957 998 1014 debita.
1026 959 1139 1026 Qua
1167 963 1326 1032 igitur
1355 979 1506 1034 pinna
1532 964 1724 1035 dignus
1745 981 1850 1022 non
1882 965 2064 1028 fueris,
2088 965 2178 1035 qui
2206 964 2384 1019 decies

802 1048 948 1105 mille
973 1051 1170 1107 talenta
1211 1069 1308 1123 pro
1350 1065 1563 1110 centum
1601 1066 1940 1128 accepturus,
1966 1073 2033 1112 ne
2067 1058 2144 1110 sic
2167 1053 2380 1124 quidem

801 1137 901 1193 ista
930 1141 1185 1197 minutula
1215 1144 1442 1199 remittis
1464 1187 1481 1213 ,
1510 1147 1604 1201 sed
1631 1156 1776 1202 tuam
1820 1148 2176 1217 precationem
2209 1145 2262 1198 in
2307 1154 2384 1202 te—

801 1232 1084 1301 metipsum
1101 1237 1404 1290 convertis?
1423 1235 1558 1293 Cum
1580 1240 1722 1294 enim
1749 1239 1967 1304 dixeris,
1990 1235 2200 1290 Dimitte
2219 1235 2381 1300 nobis,

800 1323 926 1375 sicut
949 1333 996 1376 et
1021 1341 1112 1378 nos
1139 1325 1437 1382 dimittimus
1465 1327 1679 1397 (Matth.
1708 1329 1760 1383 6.
1791 1328 1902 1399 12),
1931 1328 1976 1382 si
2001 1337 2054 1381 tu
2078 1343 2184 1382 non
2205 1326 2384 1381 dimit-

805 1421 916 1481 tas,
939 1415 1068 1470 nihil
1097 1416 1240 1471 aliud
1271 1433 1300 1471 a
1330 1419 1440 1474 Deo
1466 1420 1701 1489 postulas
1722 1461 1738 1486 ,
1762 1435 1920 1489 quam
1949 1428 2006 1474 ut
2035 1428 2087 1474 te
2125 1419 2269 1474 omni
2293 1433 2385 1473 ex-

801 1509 1096 1575 cusatione,
1119 1511 1264 1564 omni
1290 1511 1440 1565 venia
1465 1510 1731 1565 excludat.
1754 1509 2042 1578 Caeterum,
2060 1511 2253 1581 inquis,
2278 1524 2382 1563 non

799 1596 970 1652 ausim
995 1597 1192 1663 dicere,
1218 1599 1431 1655 Dimitte
1451 1601 1607 1667 mihi,
1627 1602 1765 1656 sicut
1782 1602 1995 1656 dimitto
2013 1619 2026 1654 :
2046 1601 2138 1656 sed
2157 1609 2378 1663 tantum,

801 1686 1017 1742 Dimitte
1055 1689 1204 1743 mihi.
1233 1689 1369 1758 Quid
1417 1699 1528 1746 tum
1566 1692 1704 1747 hoc?
1733 1693 1892 1747 etiam
1932 1693 1978 1746 si
2006 1703 2060 1746 tu
2097 1692 2210 1760 ipse
2249 1689 2383 1745 illud

800 1792 906 1832 non
934 1779 1084 1834 dicas
1106 1821 1122 1843 ,
1155 1782 1296 1837 Deus
1326 1793 1504 1839 tamen
1549 1785 1619 1838 ita
1651 1784 1810 1850 facit,
1841 1793 1897 1839 et
1931 1783 2382 1852 quemadmodum

797 1869 1056 1938 dimittis,
1081 1873 1149 1926 ita
1191 1874 1427 1928 dimittit.
1472 1875 1600 1928 Nam
1643 1875 1769 1930 illud
1796 1891 1862 1930 ex
1889 1876 2236 1946 sequentibus
2264 1891 2386 1946 quae

800 1973 984 2031 postea
1030 1965 1262 2029 inducit,
1290 1966 1495 2019 clarum
1543 1965 1667 2021 facit
1697 1984 1709 2020 :
1742 1966 1803 2022 Si
1849 1969 1980 2022 enim
2002 2011 2018 2035 ,
2052 1970 2260 2038 inquit.
2283 1986 2384 2024 non

796 2056 1086 2109 remiseritis
1126 2057 1412 2112 hominibus
1436 2097 1451 2124 ,
1479 2075 1638 2128 neque
1667 2058 1827 2114 Pater
1863 2072 2022 2114 vester
2059 2061 2272 2116 cwlcstis
2306 2079 2386 2114 re-

797 2147 957 2200 mittet
981 2147 1116 2201 vobis
1147 2149 1165 2216 (
1194 2145 1334 2202 Ibid.
1365 2163 1414 2202 υ.
1450 2150 1517 2204 15
1539 2151 1581 2218 ).
1609 2149 1687 2205 Ne
1715 2151 1874 2220 igitur
1899 2153 2162 2206 cautelam
2194 2159 2380 2220 putes,

798 2237 842 2291 si
873 2251 980 2292 non
1008 2246 1172 2291 totam
1199 2239 1498 2294 orationem
1528 2239 1766 2308 proferas
1790 2280 1805 2304 ,
1837 2256 2008 2309 neque
2051 2240 2382 2294 dimidiatam

799 2329 1158 2397 precationem
1187 2329 1348 2384 facias
1368 2370 1383 2394 ,
1411 2331 1505 2385 sed
1542 2340 1699 2400 prout
1720 2330 1947 2386 instituit
1972 2371 1987 2397 ,
2019 2332 2091 2385 ita
2123 2345 2342 2400 precare
2362 2371 2378 2397 ,

798 2428 857 2473 ut
897 2421 1190 2475 necessitas
1234 2421 1484 2478 dictionis
1508 2422 1748 2492 quotidie
1771 2431 2049 2478 exterrens
2090 2422 2384 2492 compellat

797 2517 851 2564 te
879 2510 946 2564 ad
975 2511 1219 2580 proximo
1247 2513 1454 2567 veniam
1482 2512 1911 2568 condonandam.
1943 2513 2022 2568 Ne
2052 2513 2182 2567 mihi
2209 2513 2378 2580 dicas,

796 2598 1119 2670 Compellavi
1138 2643 1153 2667 ,
1181 2617 1325 2671 saepe
1353 2603 1558 2674 rogavi,
1586 2604 1877 2673 supplicavi
1897 2645 1912 2668 ,
1944 2603 2039 2658 sed
2066 2605 2382 2660 reconcilia-

799 2690 997 2746 tionem
1021 2691 1313 2760 impctrare
1347 2707 1453 2746 non
1480 2694 1654 2761 potui;
1683 2709 1750 2747 ne
1775 2695 1920 2763 prius
1943 2694 2191 2760 absistas,
2223 2709 2382 2765 quam

799 2781 1181 2838 reconcilieris.
1223 2781 1338 2836 Non
1370 2784 1510 2837 enim
1537 2783 1706 2848 dixit,
1739 2783 1955 2840 Dimitte
1997 2785 2100 2840 hoc
2141 2785 2340 2841 donum
2363 2825 2380 2852 ,

797 2883 856 2928 et
881 2873 967 2927 abi
997 2875 1350 2943 supplicatum
1381 2874 1526 2928 fratri
1556 2885 1646 2930 tuo
1669 2915 1684 2940 ,
1707 2874 1803 2930 sed
1824 2915 1839 2938 ,
1879 2874 2038 2942 Vade,
2060 2877 2385 2930 reconciliare

800 2962 1011 3030 (Matth.
1043 2964 1096 3019 5.
1123 2964 1215 3034 24)
1249 2981 1261 3018 :
1289 2965 1640 3034 quamobrem
1671 2965 1772 3021 etsi
1793 2967 2014 3022 multam
2044 2966 2384 3036 supplicatio-

800 3070 923 3109 nem
947 3055 1276 3120 adhibueris,
1301 3071 1368 3110 ne
1393 3056 1540 3126 prius
1562 3056 1800 3122 desinas,
1825 3072 1983 3126 quam
2015 3059 2369 3126 persuaseris.

799 3149 941 3203 Deus
965 3163 1061 3218 per
1083 3149 1320 3218 singulos
1345 3147 1460 3203 dies
1488 3163 1518 3202 a
1546 3149 1700 3204 nobis
1729 3148 1957 3219 ﬂagitat,
1985 3159 2040 3206 et
2085 3165 2192 3204 non
2231 3150 2382 3204 audi-

801 3255 939 3304 mus,
967 3254 1068 3296 nec
1091 3251 1264 3295 tamen
1291 3257 1320 3295 a
1341 3240 1668 3311 ﬂagitatione
1691 3242 1930 3308 desistit,
1952 3251 2006 3297 et
2027 3251 2080 3297 tu
2107 3258 2136 3296 a
2158 3256 2379 3297 conser-

795 3345 865 3386 vo
907 3331 1212 3402 dedignaris
1248 3330 1532 3402 ﬂagitare?
1559 3333 1656 3399 Qui
1681 3373 1697 3399 ,
1721 3347 1903 3402 qumso
1925 3373 1942 3400 ,
1965 3333 2170 3403 poteris
2198 3333 2379 3387 salvus

798 3421 958 3476 esse?
987 3422 1146 3491 Atqui
1173 3437 1314 3492 smpe
1351 3423 1588 3492 rogasti,
1617 3433 1671 3478 et
1703 3439 1846 3493 sape
1876 3423 2121 3493 repulsus
2155 3439 2212 3478 es
2237 3441 2252 3490 ;
2283 3423 2377 3478 sed

797 3521 947 3566 tanto
980 3512 1236 3581 majorem
1277 3513 1575 3568 mercedem
1602 3515 1852 3583 accipies.
1891 3513 2024 3568 Nam
2051 3525 2249 3584 quanto
2294 3515 2379 3570 ille

797 3603 1146 3670 pervicacior,
1170 3612 1223 3656 et
1249 3612 1303 3656 tu
1326 3591 1738 3660 in‘sollieitando
1759 3606 2203 3672 perseverantior,
2231 3613 2377 3659 tanto

798 3695 850 3746 iu
897 3693 1070 3762 majus
1114 3705 1200 3748 tua
1250 3694 1531 3748 retributio
1581 3696 1875 3762 accrescit;
1921 3710 2134 3751 rursum
2177 3707 2378 3766 quanto

795 3797 916 3838 cum
945 3784 1150 3853 majore
1175 3783 1488 3840 difficultate
1514 3787 1615 3839 hoc
1639 3800 1772 3854 opus
1792 3786 2002 3840 virtutis
2025 3787 2230 3856 exples,
2254 3802 2376 3856 gra-

799 3874 1020 3944 viusque
1046 3876 1410 3931 reconciliatio
1439 3876 1782 3942 instauratur,
1815 3885 1961 3932 tanto
1985 3887 2039 3932 et
2061 3878 2200 3930 illius
2237 3877 2379 3945 judi-

796 3965 937 4018 cium
975 3965 1146 4033 majus
1177 3967 1298 4028 erit,
1322 3976 1377 4020 et
1401 3966 1795 4036 splendidiores
1823 3979 1925 4021 tua:
1969 3969 2262 4022 tolerantia
2289 3984 2380 4022 co-

796 4071 966 4110 roum.
995 4054 1108 4109 Non
1143 4054 1401 4110 laudanda
1432 4057 1530 4112 ista
1573 4058 1746 4112 solum
1769 4100 1783 4123 ,
1808 4059 1903 4113 sed
1940 4059 2092 4113 factis
2121 4058 2380 4114 exhiben-

793 4148 860 4200 da
887 4186 900 4210 ,
929 4161 1026 4201 nec
1056 4147 1202 4215 prius
1228 4146 1580 4202 abscedamus
1599 4189 1615 4214 ,
1645 4165 1802 4218 quam
1836 4149 1903 4203 ad
1929 4161 2160 4205 veterem
2192 4151 2379 4204 amici-

797 4241 923 4294 tiam
962 4241 1166 4294 reversi
1209 4241 1482 4294 fuerimus.
1511 4241 1626 4295 Non
1653 4242 1792 4296 enim
1821 4242 2018 4297 sufficit
2042 4282 2058 4308 ,
2082 4243 2223 4313 quod
2270 4259 2374 4296 non

797 4331 963 4395 laedis,
987 4331 1128 4401 quod
1152 4331 1292 4385 nulla
1325 4333 1514 4401 injuria
1537 4332 1704 4387 afficis
1723 4334 2016 4401 inimicum,
2036 4335 2246 4404 etquod
2269 4351 2374 4390 non

795 4422 1082 4491 malignum
1131 4421 1366 4476 animum
1395 4422 1650 4478 adversus
1684 4437 1806 4478 eum
1836 4425 1980 4493 geris
2003 4464 2017 4487 ,
2047 4425 2141 4480 sed
2167 4425 2377 4480 eniten-

793 4513 917 4568 dum
945 4523 1028 4568 est
1057 4524 1112 4568 ut
1139 4515 1252 4583 ipse
1279 4529 1491 4585 quoque
1516 4530 1638 4584 erga
1667 4530 1766 4570 nos
1793 4515 2112 4572 benevolum
2137 4517 2373 4572 animum

795 4604 999 4662 induat.

865 4697 921 4755 7.
959 4695 1151 4750 Multos
1178 4696 1318 4750 enim
1345 4695 1502 4750 audio
1525 4695 1762 4750 dicentes
1787 4713 1801 4750 :
1837 4698 1947 4766 Ego
1976 4697 2106 4752 nihil
2139 4699 2374 4756 infensus

795 4805 932 4852 smn,
966 4787 1091 4842 nihil
1123 4788 1297 4852 doleo,
1333 4803 1503 4858 neque
1527 4789 1815 4859 quidquam
1839 4806 2121 4846 commune
2143 4809 2262 4846 cum
2287 4795 2374 4849 illo

794 4880 984 4937 habeo.
1011 4879 1206 4934 Verum
1239 4897 1343 4934 non
1386 4881 1436 4933 id
1478 4895 1507 4932 a
1554 4880 1662 4935 Deo
1694 4892 2012 4949 przeceptum
2041 4893 2120 4936 cst
2149 4893 2204 4934 ut
2247 4885 2372 4938 nihil

791 4986 910 5026 cum
951 4985 1019 5026 co
1060 4970 1254 5024 habeas
1282 4986 1583 5036 commune,
1607 4972 1699 5026 sed
1730 4982 1788 5028 ut
1813 4974 1975 5028 multa
2006 4973 2204 5028 habeas
2228 4990 2375 5028 com-

793 5064 988 5116 munia.
1024 5061 1133 5116 liae
1174 5064 1314 5114 enim
1343 5063 1408 5116 de
1437 5079 1593 5117 causa
1639 5064 1800 5119 frater
1825 5077 1906 5120 est
1936 5077 2054 5121 tuus
2099 5087 2111 5119 :
2166 5067 2266 5121 hac
2307 5070 2374 5124 de

794 5170 945 5208 causa
988 5170 1089 5206 non
1116 5153 1291 5206 dixit:
1339 5153 1567 5207 Remitte
1612 5157 1757 5210 fratri
1800 5169 1926 5221 tuo,
1975 5176 2094 5227 qum
2121 5161 2372 5214 adversus

792 5263 914 5300 cum
957 5247 1148 5308 habes;
1197 5245 1312 5316 sed,
1340 5246 1464 5310 Abi,
1512 5257 1560 5301 et
1605 5265 1718 5302 cum
1760 5265 1818 5302 co
1861 5253 2000 5318 prius
2041 5253 2375 5308 reconcilieris

793 5335 1002 5400 (Matth.
1033 5338 1084 5390 5.
1105 5338 1176 5392 26
1200 5339 1253 5408 );
1283 5350 1334 5392 et
1359 5341 1400 5394 si
1431 5342 1516 5394 ille
1547 5341 1744 5410 aliquid
1777 5340 1932 5394 habet
1958 5342 2238 5396 adversum
2281 5355 2330 5397 te
2356 5387 2369 5406 .

792 5444 860 5482 ne
907 5430 1052 5494 prius
1085 5427 1348 5496 inceptum
1403 5433 1638 5495 omittas,
1681 5449 1839 5501 quam
1889 5433 2186 5487 membrum
2246 5436 2372 5489 illud

789 5519 1070 5573 concordia
1109 5520 1352 5588 junctum
1382 5523 1662 5576 coalescat.
1695 5525 1771 5578 'l‘u
1800 5535 1977 5578 autem
2010 5536 2064 5576 ut
2093 5525 2224 5591 frugi
2256 5542 2376 5578 ser-

790 5627 912 5664 VIIIII
942 5626 1240 5680 compares,
1273 5621 1327 5666 Cl
1347 5627 1533 5667 aurum
1560 5628 1865 5678 enumeras,
1895 5626 1946 5670 Cf
1972 5632 2092 5670 cum
2116 5633 2376 5671 mercato-

793 5701 941 5758 ribus
964 5704 1140 5757 multis
1171 5705 1328 5758 verba
1360 5703 1508 5767 facis,
1531 5715 1584 5759 et
1607 5706 1817 5775 longam
1847 5709 2107 5762 interdum
2131 5721 2370 5780 peregri-

793 5793 1056 5850 nationem
1079 5796 1329 5868 suscipis;
1353 5804 1408 5852 ut
1436 5803 1610 5851 autem
1642 5796 1909 5856 inimicum
1938 5802 2163 5857 amicum
2186 5803 2363 5865 facias,

1501 400 1562 454 S.
1599 396 1874 454 JOANNIS
1911 395 2382 456 CllRYSOSTOMI
2424 396 2743 455 ARCHIEP.
2783 401 3320 463 CONSTANTINOP.

3960 405 4065 461 εδδ

2487 525 2593 565 non
2616 514 2792 568 omnia
2825 532 3007 572 moves
3031 529 3084 574 et
3106 520 3238 590 agis,
3270 514 3531 588 responde
3561 514 3730 570 mihi?
3758 516 3823 570 At
3850 533 4071 587 quomo-

2484 602 2554 656 do
2584 607 2780 671 poteris
2814 606 2980 662 Deum
3010 609 3061 664 in
3107 611 3352 682 precibus
3379 609 3658 670 invocare,
3699 621 3818 661 cum
3846 608 3961 677 ejus
3989 610 4070 665 lc-

2485 708 2602 761 gem
2635 702 2912 764 tantopere
2942 700 3212 770 negligas?
3231 700 3435 756 Servuli
3457 697 3722 768 possessio
3751 710 3856 750 non
3883 713 4072 766 magna

2486 785 2838 840 emolumenta
2876 787 3068 844 afferre
3106 801 3312 860 potest;
3354 791 3599 846 inimicus
3642 796 3824 842 contra
3870 787 4073 841 amicus

2489 872 2676 941 factus,
2708 883 2764 930 et
2788 875 2953 930 Deum
2988 879 3142 935 nobis
3175 882 3459 951 prepitium
3485 889 3541 936 et
3567 878 3970 936 benevolentem
3997 878 4073 929 fa-

2487 963 2614 1031 ciet,
2639 974 2692 1020 et
2721 964 2874 1021 facile
2900 977 3080 1023 nostra
3109 981 3325 1040 peccata
3354 974 3618 1039 resolvet,
3654 979 3709 1026 et
3735 970 3873 1024 inter
3899 966 4073 1020 homi-

2489 1069 2582 1107 nes
2603 1054 2836 1123 laudem,
2859 1067 2914 1112 et
2939 1061 3060 1113 vitae
3085 1071 3279 1116 nostra:
3305 1078 3548 1134 magnam
3583 1061 3919 1117 securitatem
3944 1071 4077 1110 con-

2487 1145 2719 1200 ciliabit‘
2744 1164 2758 1200 :
2788 1149 2918 1204 nihil
2947 1152 3088 1205 enim
3116 1153 3464 1222 periculosius
3491 1169 3649 1225 quam
3675 1151 3756 1206 vel
3780 1163 3942 1204 unum
3969 1146 4073 1200 ha-

2490 1234 2614 1289 bere
2637 1236 2929 1294 inimicum.
2951 1240 3083 1296 Nam
3104 1253 3157 1298 et
3182 1242 3320 1299 fama
3343 1245 3461 1298 vita:
3486 1251 3682 1298 nostra:
3700 1239 3926 1303 lmditur,
3950 1251 4074 1290 cum

2489 1324 2580 1378 ille
2609 1327 2803 1382 millies
2829 1344 2928 1384 nos
2963 1331 3102 1401 apud
3131 1348 3316 1388 omnes
3343 1333 3671 1391 criminatur.
3701 1338 3756 1383 et
3781 1341 3932 1381 mens
3972 1341 4074 1379 no-

2487 1425 2594 1468 stra
2614 1416 2854 1472 turbatur
2873 1431 2926 1474 et
2946 1423 3288 1484 conscientia,
3313 1432 3366 1476 et
3389 1429 3752 1489 tempestatem
3770 1417 4075 1472 continuam

2489 1503 2544 1558 in
2569 1506 2760 1562 animis
2785 1510 3124 1565 sustinemus.
3148 1513 3279 1576 Qua:
3298 1510 3472 1566 omnia
3495 1525 3617 1563 cum
3637 1509 3848 1579 cognita
3879 1505 4078 1562 haben-

2488 1612 2624 1664 mus,
2652 1599 2935 1656 liberemus
2965 1618 3060 1656 nos
3087 1603 3229 1670 ipsos
3253 1617 3281 1654 a
3306 1616 3460 1670 paena
3479 1613 3531 1656 et
3556 1601 3836 1671 supplicio,
3864 1612 3915 1656 et
3938 1616 4072 1670 prte-

2487 1703 2612 1744 sens
2643 1689 2832 1745 festum
2864 1693 2936 1759 (a)
2963 1707 3081 1745 cum
3111 1691 3356 1746 omnibus
3381 1693 3490 1761 jam
3529 1691 3683 1747 dictis
3707 1707 4073 1755 revereamur,

2487 1788 2540 1832 et
2569 1780 2710 1848 quod
2742 1782 2880 1834 illius
2907 1783 3072 1850 gratia
3102 1781 3170 1835 ab
3197 1782 3518 1851 lmperatore
3553 1791 3798 1852 optamus
3827 1781 4072 1850 adipisci,

2490 1870 2540 1923 id
2568 1870 2726 1925 etiam
2759 1870 2876 1924 aliis
2904 1871 3279 1926 concedamus.
3305 1872 3435 1926 Nam
3458 1888 3523 1928 ex
3554 1873 3732 1927 multis
3760 1872 3938 1937 audio,
3972 1871 4076 1924 lm-

2490 1970 2784 2030 peratoretn
2836 1960 3084 2029 paschale
3130 1961 3322 2016 festum
3367 1965 3656 2018 reveritum
3678 2005 3693 2030 ,
3722 1963 3989 2018 civitatem
4017 1965 4073 2016 in

2487 2053 2707 2121 gratiam
2736 2061 3096 2120 recepturum,
3127 2069 3420 2124 omnesque
3439 2055 3672 2108 oﬂ‘ensas
3701 2055 4072 2109 remissurum.

2486 2141 2604 2208 Qui,
2635 2156 2836 2212 quasso.
2882 2143 3041 2212 igitur
3070 2159 3174 2200 non
3217 2145 3484 2214 iniquum,
3525 2155 3584 2199 ut
3608 2146 3676 2200 ab
3701 2145 3819 2200 aliis
3845 2145 4073 2199 salutem

2485 2246 2814 2300 consequare
2836 2273 2852 2299 ,
2882 2235 3238 2290 reverentiam
3282 2237 3417 2290 velle
3455 2251 3574 2291 esse
3625 2235 3759 2290 festo
3787 2236 4020 2305 paschali
4056 2253 4069 2287 :

2487 2324 2572 2378 ubi
2602 2334 2778 2379 autem
2818 2327 2938 2381 aliis
2975 2326 3226 2396 jubemur
3267 2328 3631 2393 reconciliari,
3676 2327 3888 2382 easdem
3915 2327 4074 2382 ferias

2485 2415 2615 2471 nihil
2643 2432 2853 2481 curare,
2881 2428 2936 2472 et
2964 2419 3109 2474 nullo
3133 2420 3186 2473 in
3220 2419 3422 2473 honore
3463 2418 3694 2473 habere?
3722 2417 3903 2472 Nullus
3927 2418 4071 2473 enim

2486 2517 2762 2577 tanmpere
2799 2510 3126 2563 contaminat
3159 2523 3367 2563 sacrum
3399 2508 3555 2561 istum
3586 2507 3887 2575 paschalem
3943 2522 4072 2562 con-

2486 2609 2733 2660 ventum.
2761 2613 2917 2668 quam
2959 2598 3047 2653 ille
3085 2599 3172 2667 qui
3201 2612 3322 2653 eum
3348 2611 3468 2652 cum
3496 2597 3766 2652 simultate
3804 2597 4069 2658 celebrat.

2487 2689 2595 2742 imo
2623 2705 2689 2743 ne
2709 2689 2979 2744 celebrare
3002 2689 3211 2758 quidem
3239 2696 3434 2756 potest,
3464 2688 3705 2758 quamvis
3733 2688 3917 2742 decem
3943 2701 4073 2741 eon-

2489 2780 2665 2832 tinuos
2691 2779 2805 2834 dies
2833 2778 2902 2832 ab
2923 2778 3065 2832 omni
3089 2778 3207 2832 cibo
3231 2778 3511 2832 abstineat.
3550 2776 3682 2831 Nam
3730 2777 3814 2830 ubi
3847 2777 4071 2832 inimici-

2489 2871 2576 2925 tia:
2605 2880 2657 2925 et
2687 2871 2898 2934 odium,
2937 2870 3007 2924 ibi
3039 2885 3209 2939 neque
3242 2869 3501 2940 jejunium
3533 2885 3703 2937 neque
3729 2868 3921 2922 festum
3950 2883 4072 2924 esse

2486 2972 2680 3031 potest.
2709 2961 2821 3016 Non
2847 2961 3007 3016 audes
3034 2962 3192 3015 illotis
3213 2960 3455 3014 manibus
3474 2975 3679 3014 sacram
3705 2960 3970 3013 victimam
3992 2967 4072 3012 at-

2488 3063 2745 3119 trectare,
2784 3053 2943 3107 etiam
2983 3054 3025 3106 si
3055 3053 3200 3107 mille
3226 3051 3628 3106 necessitatibus
3668 3050 3923 3120 prcmaris
3955 3064 3970 3100 :
4003 3063 4070 3101 ne

2487 3143 2643 3212 igitur
2669 3143 2815 3197 illota
2835 3142 3059 3198 accedas
3086 3143 3262 3196 anima
3295 3157 3309 3194 :
3345 3141 3444 3194 hoc
3466 3140 3607 3194 enim
3631 3140 3795 3192 multo
3813 3153 3970 3208 quam
4000 3138 4067 3190 il—

2485 3233 2572 3287 Iud
2601 3241 2683 3286 est
2705 3231 2937 3302 gravius,
2984 3241 3038 3286 et
3079 3230 3322 3285 acerbius
3346 3230 3658 3297 supplicium
3691 3230 3953 3297 importat.
3979 3227 4070 3281 Ni.

2485 3322 2555 3375 liii
2583 3322 2724 3376 enim
2749 3321 2816 3374 ita
2846 3319 3028 3388 implet
3057 3328 3286 3373 mentem
3304 3317 3568 3381 sordibus,
3593 3328 3648 3371 ut
3675 3319 3748 3370 ira
3782 3319 3919 3370 intus
3943 3331 4069 3385 per-

2483 3421 2642 3479 petuo
2667 3411 2983 3464 consistens.
3015 3409 3113 3464 Ubi
3140 3410 3280 3463 enim
3312 3408 3456 3462 furor
3481 3419 3561 3462 est
3593 3416 3646 3462 et
3675 3409 3748 3460 ira
3771 3448 3787 3472 ,
3819 3423 3883 3461 eo
3912 3408 4068 3475 spiri~

2485 3512 2568 3555 tus
2599 3499 3018 3555 mansuetudinis
3046 3516 3149 3554 non
3176 3499 3402 3553 advolat.
3430 3499 3598 3552 llomo
3623 3508 3796 3552 autem
3827 3498 4066 3552 desertus

2483 3607 2511 3644 a
2540 3593 2736 3660 Spiritu
2763 3599 2969 3655 sancto,
3002 3605 3160 3659 quem
3192 3604 3338 3658 spem
3372 3590 3554 3642 salutis
3581 3587 3738 3642 habet
3766 3587 4066 3656 reliquam?

2481 3683 2696 3753 quando
2723 3691 2867 3736 recte
2897 3679 3141 3734 incedet?
3170 3677 3248 3733 Ne
3280 3678 3454 3748 igitur,
3487 3677 3694 3740 dilecte,
3729 3677 3852 3730 dum
3883 3676 4062 3728 ulcisci

2483 3773 2754 3827 inimicum
2795 3770 2874 3824 vis
2894 3811 2909 3836 ,
2942 3770 3168 3836 teipsum
3210 3768 3506 3837 prmcipites
3529 3807 3544 3832 ,
3578 3777 3669 3819 aut
3698 3767 3790 3820 Dei
3820 3765 4064 3834 prmsidio

2482 3865 2700 3933 Spolies.
2731 3861 2956 3915 Maxime
2985 3876 3110 3915 vero
3130 3862 3270 3930 quia,
3302 3860 3509 3915 etiamsi
3535 3857 3764 3912 difficilis
3791 3871 3875 3910 res
3899 3865 4059 3917 esset,

2483 3955 2749 4024 supplicii,
2775 3953 2917 4023 quod
2946 3969 3010 4008 ex
3036 3953 3431 4022 inobsequentia
3473 3952 3723 4012 nascitur,
3757 3947 4062 4017 magnitudo

2481 4049 2610 4100 satis
2636 4056 2736 4109 est,
2761 4055 2817 4098 ut
2839 4045 2914 4098 vel
2942 4044 3228 4099 admodum
3266 4044 3512 4109 supinum
3542 4049 3596 4093 et
3627 4041 3864 4108 ignavum
3895 4039 4062 4104 erigat

2482 4138 2780 4203 excitetque
2796 4135 2857 4188 ad
2881 4135 3120 4202 quemvis
3140 4131 3532 4201 suscipiendum
3557 4129 3823 4190 laborem;
3846 4137 3898 4180 at
3921 4141 4060 4178 nunc

2483 4227 2591 4296 ipsa
2623 4227 2790 4279 oratio
2816 4240 3056 4294 magnam
3081 4224 3236 4291 hujus
3257 4221 3449 4288 negotii
3475 4217 3706 4272 ostendit
3727 4215 4056 4280 facilitatem,

2481 4318 2524 4370 si
2565 4317 2719 4371 modo
2745 4316 2986 4371 velimus.
3019 4314 3096 4367 Ne
3125 4312 3282 4379 igitur
3308 4309 3631 4377 negligamus
3656 4314 3886 4361 nostram
3915 4308 4058 4375 ipsu-

2480 4425 2594 4463 rum
2622 4410 2864 4469 salutem,
2898 4405 2992 4459 sed
3019 4417 3235 4471 operam
3262 4400 3448 4453 demus
3475 4413 3536 4451 ac
3561 4397 3734 4450 omnia
3764 4394 4018 4450 faciamus
4039 4438 4056 4461 ,

2480 4508 2534 4552 ut
2566 4500 2679 4552 sine
2705 4497 2932 4550 inimicis
2959 4507 3125 4545 sacrm
3155 4503 3354 4542 mensa:
3397 4488 3720 4541 assistamus.
3750 4486 3890 4540 Nihil
3916 4487 4059 4540 enim

2481 4599 2860 4658 praecvptorum
2892 4584 2982 4636 Dei
3009 4582 3224 4634 difficile
3245 4581 3363 4641 erit,
3388 4580 3430 4632 si
3461 4589 3601 4632 recte
3627 4579 4057 4638 consideremus;

2479 4681 2636 4749 idque
2658 4687 2800 4747 patet
2826 4691 2890 4729 ex
2913 4674 2976 4727 iis
3001 4674 3088 4740 qui
3117 4672 3336 4724 feliciter
3354 4670 3534 4738 sejam
3563 4671 3613 4723 in
3637 4669 3738 4723 illis
3757 4677 4055 4738 gesserunt.

2477 4775 2614 4842 Quot
2651 4772 2792 4826 enim
2828 4764 3038 4835 jurandi
3077 4763 3453 4818 consuetudine
3479 4762 3891 4830 abripiebantur,
3923 4768 3978 4814 et
4001 4776 4058 4810 se

2480 4867 2528 4920 id
2561 4865 2670 4917 vitii
2701 4858 2986 4915 emendare
3025 4857 3107 4909 vix
3141 4871 3296 4924 posse
3332 4856 3652 4911 censebant?
3691 4855 3936 4908 Attamen
3966 4867 4058 4918 per

2480 4959 2570 5012 Dei
2595 4955 2838 5024 gratiam,
2875 4951 2958 5001 ubi
2983 4965 3142 5017 parva
3165 4965 3192 5001 a
3223 4949 3367 5002 vobis
3397 4949 3630 5001 adhibita
3661 4957 3741 5000 est
3761 4961 3908 5008 cura,
3941 4959 4057 4995 ma-

2475 5051 2644 5118 jorem
2691 5055 2888 5110 partem
2928 5041 3040 5108 ejus
3093 5041 3366 5108 pravitatis
3401 5040 3637 5093 abluistis
3671 5055 3683 5090 :
3713 5035 4056 5106 quamobrem

2479 5156 2572 5190 vos
2609 5135 2881 5197 adhortor,
2916 5142 2967 5184 ut
2995 5133 3240 5201 reliquias
3269 5146 3478 5199 quoque
3506 5129 3778 5196 deponati.‘~
3800 5171 3812 5189 ,
3837 5126 4057 5191 aliisque

2481 5231 2761 5298 magistros
2782 5241 2872 5279 vos
2903 5225 3214 5280 exhibeatis.
3246 5224 3311 5276 lis
3341 5238 3488 5285 vero,
3511 5222 3596 5290 qui
3626 5221 3857 5276 nondum
3891 5215 3937 5269 id
3967 5229 4052 5266 as-

2481 5319 2684 5387 sequuti
2729 5328 2882 5378 sunt,
2929 5317 3020 5368 sed
3061 5316 3272 5379 longum
3317 5311 3465 5364 nobis
3496 5321 3700 5380 tempus
3739 5314 4053 5378 prmtexunt,

2480 5428 2584 5481 quo
2612 5421 2762 5464 antea
2795 5411 2930 5462 soliti
2955 5417 3106 5460 erant
3131 5406 3423 5470 juramenta
3448 5418 3719 5470 usurpare,
3747 5400 4051 5461 dicuntque,

2483 5502 2804 5571 ίιιινοδςίιιίιρ
2825 5517 2944 5555 esse
2975 5501 3106 5551 intra
3133 5496 3290 5546 breve
3323 5505 3528 5562 tempus
3559 5494 3607 5546 id
3639 5491 3887 5550 avellere.
3913 5485 4052 5554 (1⁸³0ίῖ

2480 5597 2792 5668 permultos
2817 5607 2984 5647 annos
3013 5589 3219 5643 radices
3255 5589 3380 5656 egit.
3426 5583 3784 5656 reSpomlerim
3812 5594 3928 5647 ego.
3962 5578 4050 5632 ubi

2545 5755 2556 5781 ι
2596 5757 2700 5795 Fav.
2729 5748 2777 5792 in
2799 5757 2972 5804 marg.
2996 5753 3218 5804 magnam
3239 5739 3489 5804 utilitatem
3510 5730 3804 5804 [φιιςιέίηίνίετ

2546 5813 2615 5868 (a)
2652 5818 2758 5857 tta-6
2773 5797 2966 5855 homilia
2983 5797 3096 5855 aute
3123 5804 3294 5853 Pascha
3315 5804 3424 5852 anni
3445 5802 3535 5850 587
3560 5797 3720 5846 habita
3743 5800 3830 5842 est.
