4414 6684
178 458 282 516 Ξ),οἸ

175 573 513 637 ἀνθρώποις
543 570 611 624 τὰ
638 570 1006 641 ὀφειλήματα
1038 562 1257 626 αὐτῶν,
1286 562 1385 616 καὶ
1404 565 1436 618 ό
1456 562 1656 631 Πατὴρ
1678 560 1847 631 ὑμῶν

186 662 214 710 ό
247 655 531 725 οὐράνιος
562 658 786 726 ἀφήσει
810 654 955 723 ὑμῖν
986 650 1061 704 τὰ
1093 649 1462 719 ὀφειλήματα
1486 648 1635 721 [209]
1661 645 1847 716 ὑμῶν.

182 744 351 797 Ὅσον
384 743 443 797 δὲ
476 746 668 798 ἑκατὸν
700 739 968 811 δηναρίων
997 736 1092 789 καὶ
1125 736 1333 808 μυρίων
1359 736 1639 790 ταλάντων
1666 732 1728 785 τὸ
1756 730 1854 801 μέ-

183 845 298 889 σον,
344 828 596 882 τοσοῦτον
646 826 870 881 ἐκείνων
922 822 1014 875 καὶ
1053 822 1257 877 τούτων
1298 823 1407 876 τῶν
1453 817 1853 891 ὀφειλημάτων.

182 917 355 979 Ποίας
376 913 471 970 οὖν
498 917 598 969 οὑκ
642 914 708 968 ἂν
752 912 871 981 εῐης
902 910 1171 975 κολάσεως
1214 911 1362 976 ἄξιος
1402 912 1431 963 6
1456 908 1527 960 τά
1573 906 1741 976 μύρια
1764 906 1857 959 τά·

182 1003 355 1057 λαντα
401 1006 526 1058 ἀντὶ
575 1000 770 1055 ἑκατὸν
822 998 1091 1067 δηναρίων
1133 999 1434 1071 λαμϐάνειν
1476 994 1714 1065 μέλλων,
1766 994 1860 1047 καὶ

182 1091 308 1144 οὐδὲ
338 1092 483 1144 οὕτω
514 1090 582 1141 τὰ
612 1085 788 1156 μικρά
816 1085 987 1140 ταῦτα
1015 1087 1194 1157 ἀφεὶς,
1222 1085 1362 1140 ἀλλά
1399 1082 1520 1135 καθ’
1546 1081 1736 1134 ἑαυτοῦ
1760 1082 1859 1152 τὴν

183 1180 355 1248 εὐχὴν
407 1176 612 1242 ταύτην
672 1171 1027 1243 ποιούμενος;
1077 1176 1244 1228 Ὅταν
1294 1170 1404 1241 7&9
1452 1167 1652 1239 εἴπῃς,
1690 1171 1862 1238 Ἄφες

184 1266 355 1332 ἡμῖν,
386 1265 468 1328 ὡς
514 1261 611 1313 καὶ
646 1261 816 1329 ἡμεῖς
840 1262 1109 1332 ἀφίεμεν,
1143 1258 1263 1314 εἶτα
1298 1258 1363 1310 σὺ
1401 1256 1476 1327 μὴ
1506 1257 1670 1327 ἀφῇς,
1709 1255 1862 1309 οὐδὲν

184 1353 379 1420 ἕτερον
422 1349 515 1400 τὸν
567 1346 699 1400 Θεὸν
745 1350 1101 1420 παρακαλεῖς,
1132 1344 1313 1414 ἀλλ’ἢ
1344 1344 1525 1414 πάσης
1571 1343 1866 1411 ἀπολογίας

184 1438 513 1505 ἀποστερεῖν
554 1451 615 1487 σε
661 1436 756 1488 καὶ
795 1437 1145 1505 συγγνώμης.
1165 1432 1303 1486 Ἀλλ’
1334 1432 1395 1484 οὐ
1441 1431 1644 1501 τολμῶ,
1679 1431 1864 1502 φησὶν,

184 1523 570 1589 εἰπεῖν,”Αφες
601 1540 712 1592 μοι,
739 1523 920 1586 καθὼς
951 1522 1175 1591 ἀφίημι,
1200 1518 1519 1587 ἀλλ’,Ἀφες
1550 1536 1659 1588 μοι,
1684 1519 1862 1589 μόνον.

188 1610 303 1663 Καὶ
348 1609 402 1661 τί
445 1609 636 1676 τοῦτο;
671 1611 772 1662 κᾶν
802 1610 910 1681 7&9
952 1608 1115 1670 αὐτὸς
1166 1606 1242 1676 μὴ
1291 1606 1473 1677 εἴπῃς,
1504 1607 1532 1658 6
1565 1604 1694 1668 Θεὸς
1726 1604 1868 1657 οὕτω

190 1698 371 1749 ποιεῖ’
417 1696 601 1760 καθὼς
632 1698 824 1767 ἀφίης,
861 1696 1035 1757 οὕτως
1074 1694 1289 1763 ἀφίησι.
1340 1692 1452 1745 Καὶ
1483 1691 1640 1744 τοῦτο
1678 1693 1743 1745 ὲκ
1772 1692 1867 1761 τῆς

189 1784 493 1853 ἐπαγωγῆς
518 1783 737 1856 εὔδηλον
759 1783 1034 1852 ἐποίησεν.
1062 1780 1203 1834 Ἐὰν
1228 1779 1337 1851 γὰρ
1361 1779 1448 1849 μὴ
1478 1778 1687 1849 ἀφῆτε,
1716 1779 1867 1847 φησὶ,

189 1871 318 1936 τοῖς
360 1871 723 1939 ἀνθρώποις,
768 1869 911 1924 οὐδὲ
958 1871 991 1922 ὁ
1036 1866 1241 1936 Πατὴρ
1295 1866 1462 1937 ὑμῶν
1516 1871 1549 1923 ὁ
1594 1865 1873 1936 οὐράνιος

189 1961 455 2027 ἀφίησιν
480 1961 642 2029 ὑμῖν.
674 1959 766 2027 Μὴ
814 1955 1000 2008 τοίνυν
1041 1954 1328 2008 εὐλάϐειαν
1373 1953 1510 2008 εἶναι
1555 1956 1785 2025 νομίσῃς
1812 1952 1875 2003 τὸ

193 2050 271 2118 μὴ
308 2047 490 2114 λέγειν
518 2044 810 2114 ὁλόκληρον
838 2042 939 2112 τὴν
970 2044 1148 2113 ῥῆσιν,
1184 2043 1319 2113 μηδὲ
1346 2043 1404 2110 ἐξ
1434 2042 1689 2113 ἡμισείας
1716 2039 1874 2092 ποιοῦ

188 2138 294 2203 τὴν
325 2135 513 2206 εὐχὴν,
546 2132 661 2186 ἀλλ’
686 2131 763 2194 ὡς
812 2130 1000 2195 ἔταξεν
1019 2143 1068 2194 ⁸,
1113 2131 1285 2195 οὕτως
1332 2130 1517 2202 εὖχου,
1555 2131 1643 2183 ἵνα
1693 2127 1798 2181 κᾶν
1840 2129 1874 2196 ἡ

190 2225 416 2293 ἀνάγκη
450 2222 550 2290 τῆς
585 2219 785 2284 λέξεως
824 2218 1067 2287 φοϐοὗσα
1095 2218 1217 2273 καθ’
1248 2219 1463 2289 ἡμέραν
1499 2217 1790 2286 συνωθὴσῃ
1818 2231 1878 2266 σε

194 2311 337 2381 πρὸς
365 2310 464 2378 τὴν
494 2306 601 2359 τῶν
627 2306 854 2374 πλησίον
882 2305 1246 2377 συγχώρησιν.
1271 2308 1362 2375 Μή
1396 2322 1487 2377 μοι
1519 2305 1644 2370 λέγε
1665 2320 1679 2333 ·
1732 2303 1881 2371 Παρ-

194 2398 437 2450 εκάλεσα
482 2393 670 2457 πολλὰ,
709 2392 979 2456 ἱκέτευσα,
1011 2393 1259 2464 ἐδεήθην,
1288 2394 1383 2446 καὶ
1419 2392 1480 2444 οὐ
1521 2387 1837 2459 κατηλλάγη
1861 2405 1876 2420 ο

193 2484 468 2554 πρότερον
515 2482 589 2551 μὴ
634 2482 896 2551 ἀποστῇς,
928 2480 1029 2540 ἕως
1058 2479 1125 2533 ἂν
1157 2477 1519 2548 καταλλάξῃς.
1554 2478 1631 2532 Οὐ
1667 2476 1777 2549 7&9
1805 2466 1883 2530 εἴ·

196 2572 506 2636 πεν,’Δφες
537 2567 598 2619 τὸ
623 2566 792 2637 δῶρόν
828 2584 945 2632 σου,
969 2566 1063 2619 καὶ
1088 2566 1289 2633 ὕπαγε,
1316 2565 1591 2618 ἱκέτευσον
1624 2564 1716 2617 τὸν
1737 2563 1883 2617 ἀδελο

196 2658 301 2726 φόν
338 2673 454 2717 σου,
490 2653 628 2717 ἀλλ’,
664 2654 902 2722 Ὕπαγε,
950 2652 1301 2721 διαλλάγηθι
1322 2668 1336 2682 ο
1391 2650 1536 2704 ὥστε
1585 2652 1688 2705 κᾶν
1713 2651 1885 2706 πολλὰ

199 2743 515 2814 ίκετεύσῃς,
567 2742 641 2811 μὴ
696 2743 961 2812 πρότερον
1011 2742 1278 2810 ἀποστῇς,
1322 2738 1428 2802 ἓως
1474 2738 1541 2792 ἂν
1592 2739 1883 2810 πείσῃς.ὐ

196 2832 333 2894 Θεὸς
385 2830 509 2883 καθ’
538 2830 775 2899 ἑκάστην
826 2829 1040 2899 ἡμέραν
1084 2830 1235 2899 ἡμᾶς
1276 2828 1604 2897 παρακαλεῖ,
1636 2827 1730 2880 καὶ
1782 2827 1883 2879 οὑκ

197 2916 497 2986 ἀκούομεν,
529 2917 622 2969 καὶ
646 2916 795 2986 ὅμως
836 2915 899 2969 οὐ
943 2914 1177 2967 παύεται
1208 2914 1542 2985 παρακαλῶν
1564 2931 1577 2944 ·
1614 2914 1678 2967 σὺ
1706 2912 1763 2966 δέ
1789 2912 1883 2966 τὸν

202 3004 497 3056 σύνδουλόν
532 3020 626 3056 σου
654 3002 905 3067 ἀπαξιοῖς
934 3001 1344 3073 παρακαλέσαι;
1379 3002 1491 3055 Καὶ
1524 3001 1653 3054 πότε
1681 3000 1885 3073 δυνήσῃ

200 3091 482 3159 σωθῆναι;
522 3089 684 3144 Ἀλλά
727 3089 992 3153 πολλάκις
1031 3089 1435 3160 παρεκάλεσάς,
1484 3088 1580 3142 καὶ
1624 3086 1883 3150 πολλάκις

198 3178 624 3249 ἀπεκρούσθης·
674 3178 810 3231 ἀλλά
857 3177 1081 3231 πλείονα
1123 3176 1211 3229 διά
1257 3175 1417 3229 τοῦτο
1464 3176 1613 3249 λήψῃ
1668 3174 1880 3245 μισθόν.

201 3267 361 3335 Ὂσῳ
389 3266 500 3335 7&9
532 3265 597 3318 ἂν
628 3266 836 3328 ἐκεῖνος
881 3264 1180 3334 φιλοκεινῇ,
1208 3264 1302 3316 καὶ⁸
1329 3262 1394 3315 σὺ
1430 3262 1601 3335 μένῃς
1631 3278 1885 3333 παρακαο

200 3352 335 3415 λῶν,
366 3353 608 3422 τοσουτῳ
647 3369 730 3405 σοι
774 3353 844 3406 τὰ
880 3352 980 3422 τῆς
1016 3351 1249 3422 ἀμοιϐῆς
1295 3350 1549 3417 αῠξεται·
1601 3351 1711 3421 ὅσῳ
1752 3349 1889 3419 μετὰ

202 3440 457 3502 πλείονος
500 3439 786 3503 δυσκολίας
832 3440 892 3491 τὸ
937 3436 1267 3508 κατόρθωμα
1297 3436 1529 3505 γίνεται,
1566 3437 1658 3490 καὶ
1695 3434 1886 3488 πολλοῦ

199 3527 300 3581 τοῦ
332 3527 499 3579 πόνου
528 3528 561 3597 ἡ
590 3525 925 3595 καταλλαγὴ,
964 3524 1206 3594 τοσούτῳ
1240 3525 1479 3595 κάκείνῳ
1520 3524 1703 3593 μεῖζον
1734 3523 1887 3575 ἔσται

200 3615 267 3668 τὸ
297 3618 495 3685 κρῖμα,
528 3614 624 3667 καὶ
651 3612 733 3665 σοὶ
760 3611 1134 3682 λαμπρότεροι
1160 3611 1262 3681 τῆς
1288 3610 1583 3681 καρτερίας
1612 3610 1662 3662 οἱ
1691 3608 1890 3677 στέφα-

202 3719 308 3755 νοι.
345 3700 536 3754 Ταῦτα
572 3699 647 3769 μὴ
679 3699 838 3768 μόνον
870 3698 1203 3769 ἐπαινῶμεν,
1239 3697 1375 3751 ἀλλά
1414 3697 1509 3750 καὶ
1551 3696 1639 3749 διὰ
1666 3696 1775 3749 τῶν
1801 3695 1891 3766 ἕρ-

204 3806 325 3857 γων
378 3786 801 3857 ἐπιδειξώμεθα,
849 3786 945 3839 καὶ
998 3784 1075 3857 μὴ
1123 3786 1389 3857 πρότερον
1421 3784 1890 3855 ἀναχωρήσωμεν,

204 3878 315 3939 ἓως
364 3874 432 3928 ἂν
476 3876 554 3936 εἰς
587 3870 688 3944 τὴν
717 3875 990 3945 προτέραν
1020 3874 1405 3943 ἐπανέλθωμεν
1439 3872 1642 3942 φιλίαν.
1673 3872 1747 3925 Οὐ
1785 3871 1894 3941 7&9

206 3963 374 4031 ἀρκεῖ
394 3960 456 4012 τὸ
489 3959 564 4030 μὴ
587 3959 781 4012 λυπεῖν
810 3960 945 4031 μηδὲ
976 3960 1181 4013 ἀδικεῖν
1206 3959 1296 4012 τὸν
1320 3959 1533 4029 ἐχθρὸν,
1560 3957 1693 4029 μηδέ
1715 3957 1896 4029 ἀηδῶς

208 4051 359 4119 ἔχειν
395 4047 532 4117 πρὸς
562 4046 726 4100 αὐτὸν
754 4046 897 4100 κατὰ
928 4048 1190 4111 διάνοιαν,
1220 4046 1359 4100 ἀλλά
1379 4045 1484 4118 χρὴ
1511 4048 1763 4100 κάκεῖνον
1787 4062 1894 4098 πα-

212 4134 577 4207 ρασκευάζειν
602 4134 774 4205 ἡδέως
803 4134 939 4206 πρὸς
970 4136 1120 4205 ἡμᾶς
1144 4134 1310 4205 ἔχειν.

282 4257 351 4322 ζ’.
413 4259 527 4312 Καὶ
574 4258 681 4328 7&9
728 4257 912 4311 ἀκούω
966 4256 1175 4310 πολλῶν
1227 4256 1521 4324 λεγόντων·
1601 4252 1742 4320 Ἐγὼ
1794 4254 1894 4305 οὐκ

210 4347 511 4416 ἐχθραίνω,
530 4346 650 4397 οὐδὲ
669 4345 971 4415 λυποῦμαι,
995 4344 1113 4396 οὐδὲ
1145 4344 1253 4413 ἔχω
1280 4361 1330 4395 τι
1360 4341 1539 4395 κοινὸν
1555 4340 1691 4411 πρὸς
1707 4341 1891 4393 αὐτόν.

222 4433 368 4486 Ἀλλ’
394 4433 457 4485 οὗ
491 4432 651 4485 τοῦτο
685 4432 971 4484 ἐκέλευσεν
1000 4432 1028 4482 6
1048 4430 1201 4493 Θεὸς,
1238 4431 1325 4482 ἵνα
1365 4430 1531 4501 μηδὲν
1554 4428 1732 4483 κοινὸν
1764 4430 1897 4501 ἔχῃς

211 4523 353 4592 πρὸς
382 4521 566 4582 αὑτὸν,
599 4519 712 4573 ἀλλ’
737 4520 824 4572 ἵνα
854 4518 990 4589 πρὸς
1029 4519 1194 4570 αὑτὸν
1226 4518 1381 4571 κοινά
1420 4518 1550 4592 έχῃς
1584 4518 1772 4572 πολλά.
1799 4519 1899 4571 Διά

210 4611 373 4663 τοῦτο
398 4608 509 4679 γάρ
540 4605 633 4660 σού
662 4608 809 4659 ἐστιν
836 4605 1080 4673 ἀδελφὸς,
1107 4605 1193 4658 διά
1220 4605 1379 4658 τοῦτο
1400 4606 1501 4659 οὐκ
1522 4601 1695 4659 εἶπενο
1726 4606 1899 4675 Ἀφες

212 4698 293 4767 τῷ
333 4694 555 4765 ἀδελφῷ
578 4712 691 4756 σου,
715 4693 750 4748 ἃ.
780 4693 921 4763 ἔχεις
950 4695 1065 4745 κατ’
1098 4692 1261 4745 αὑτοῦ
1280 4710 1294 4724 °
1346 4692 1484 4747 ἀλλά
1527 4694 1582 4747 τί
1608 4711 1621 4759 ;
1657 4695 1897 4762 Ὕπαγε,

216 4783 457 4851 πρῶτον
503 4779 861 4849 διαλλάγηθι
905 4777 1083 4843 αὐτῷ,
1128 4778 1233 4831 κᾶν
1284 4780 1487 4843 ἐκεῖνος
1540 4782 1638 4852 ἔχῃ
1674 4798 1726 4833 τι
1761 4780 1901 4833 κατὰ

218 4869 336 4931 σσῦ,
367 4868 465 4920 καὶ
496 4867 573 4938 μὴ
595 4868 859 4939 πρότερον
894 4868 1160 4938 ἀποστῇς,
1187 4867 1292 4929 ἓως
1321 4867 1387 4919 ἂν
1414 4867 1624 4939 ἐνώσῃς
1651 4870 1711 4921 τὸ
1738 4869 1900 4939 μέλος

217 4960 297 5018 εἰς
324 4954 601 5025 ὁμόνοιαν.
640 4956 712 5009 Σὺ
741 4954 820 5018 δὲ,
869 4955 957 5009 ἴνα
1008 4955 1226 5024 οἰκέτην
1260 4954 1436 5025 κτήσῃ
1481 4956 1772 5027 χρήσιμον,
1808 4958 1903 5011 καὶ

218 5042 449 5113 χρυσίον
479 5042 864 5110 καταϐάλλεις,
887 5043 983 5097 καὶ
1016 5042 1276 5113 ἐμπόροις
1296 5042 1523 5114 διαλέγῃ
1549 5044 1787 5112 πολλοῖς,
1809 5046 1903 5099 καὶ

221 5129 537 5201 ἀποδημίαν
604 5130 864 5196 πολλάκις
914 5132 1214 5203 ἀποδημεῖς
1268 5132 1519 5201 μακράν·
1570 5134 1659 5188 ἵνα
1709 5135 1765 5187 δὲ
1811 5135 1901 5188 τὸν

222 5219 419 5291 ἐχθρὸν
454 5216 603 5290 [210]
633 5219 866 5289 ποιήσῃς
902 5220 1076 5288 φίλον,
1108 5220 1167 5273 οὔ
1199 5219 1375 5273 πάντα
1406 5222 1573 5283 κινεῖς
1598 5224 1693 5275 καὶ
1729 5224 1904 5295 πράτ-

221 5324 355 5373 τεις,
386 5306 511 5359 είπέ
549 5321 667 5375 μοι;
706 5306 816 5357 Καὶ
845 5306 962 5370 πῶς
996 5308 1200 5383 δυνήσῃ
1223 5308 1312 5362 τὸν
1337 5307 1468 5360 Θεὸν
1496 5311 1902 5379 παρακαλέσαι,

221 5396 329 5448 τῶν
359 5395 548 5465 νόμων
576 5390 738 5447 αὐτοῦ
776 5391 918 5445 οὕτω
952 5397 1315 5466 καταμελῶν;
1347 5396 1539 5449 Καίτοι
1569 5397 1779 5451 οἰκέτου
1806 5400 1904 5469 μὲν

225 5501 258 5553 η
284 5485 484 5556 κτῆσις
509 5484 663 5538 οὐδὲν
697 5483 840 5554 μέγα
867 5484 1013 5554 ἡμᾶς
1038 5486 1229 5556 ὀνῆσαι
1255 5488 1563 5559 δυνήσεται,
1582 5488 1610 5541 6
1629 5487 1687 5539 δέ
1710 5489 1904 5560 ἐχθρὸς

228 5574 511 5646 γ.νόμενος
539 5574 710 5642 φίλος,
741 5573 835 5627 καὶ
863 5572 953 5627 τὸν
987 5573 1117 5628 Θεὸν
1147 5575 1281 5648 ἡμῖν
1308 5578 1437 5632 ῖλεω
1463 5577 1677 5649 ποιήσει
1705 5578 1797 5632 καὶ
1818 5579 1906 5631 εὑ-

316 5886 335 5911 *
364 5878 499 5926 Snvil
532 5878 575 5919 in
608 5894 757 5943 marg.
783 5887 829 5930 et
862 5894 984 5931 unus
1008 5882 1157 5932 codex
1178 5882 1405 5938 ἐπέτκξήο.

1166 450 1259 504 AD
1297 447 1623 505 POPULUM
1662 441 2165 502 ANTEOCIIENUM
2228 441 2461 498 IIOMIL.
2500 444 2615 498 XX.

3527 444 3632 501 208

1963 558 2120 629 μενῆ.
2150 561 2245 613 καὶ
2290 559 2359 611 τὰ
2407 559 2781 630 ἁμαρτήματα
2828 559 2960 629 ἡμῖν
3005 555 3246 609 διαλύσει
3286 557 3499 627 ῥᾳδίως,
3546 563 3641 614 καὶ

1960 653 2110 724 παρὰ
2139 653 2449 725 ἀνθρώποις
2479 651 2701 705 ἔπαινον
2727 652 2823 705 καὶ
2852 650 3055 721 πολλὴν
3082 653 3214 722 ἡμῖν
3243 651 3386 705 κατά
3410 653 3498 706 τὸν
3523 655 3636 724 βίον

1960 746 2283 817 προξενήσει
2318 744 2419 814 τὴν
2453 744 2753 814 ἀσφάλειαν
2777 746 2826 784 δ’
2856 745 3010 798 οὐδὲν
3040 746 3147 817 7&9
3177 745 3638 817 ἐπισφαλέστερον

1960 835 2055 887 τοῦ
2089 835 2185 888 καὶ
2212 835 2309 887 ἕνα
2352 835 2511 906 μόνον
2540 834 2733 905 ἐχθρὸν
2764 836 3123 907 κεκτημένου.
3158 837 3268 890 Καὶ
3311 837 3420 909 γάρ
3451 841 3482 909 ἡ
3513 839 3638 904 δόξα

1962 927 2063 996 τῆς
2095 926 2241 996 ζωῆς
2277 926 2437 997 ἡμῶν
2466 927 2927 989 καταϐλάπτεται,
2981 929 3149 998 μυρία
3196 929 3383 993 κακῶς
3427 931 3639 984 ἐκείνου

1963 1019 2215 1087 λέγοντος
2243 1018 2382 1089 πρὸς
2409 1020 2617 1081 πάντας
2644 1019 2811 1088 ἡμᾶς,
2839 1017 2933 1070 καὶ
2967 1020 3000 1088 ἡ
3038 1018 3243 1072 διάνοια
3274 1022 3429 1091 ἡμῶν
3459 1021 3645 1075 θολοῦ-

1965 1126 2077 1174 ται,
2112 1110 2204 1162 καὶ
2253 1109 2314 1162 τὸ
2363 1110 2598 1173 συνειδὸς
2628 1108 2959 1181 θορυϐεῖται,
2994 1109 3087 1162 καὶ
3134 1111 3374 1180 χειμῶνα
3419 1113 3643 1183 διηνεκῆ

1968 1198 2243 1268 λογισμῶν
2264 1198 2814 1269 ὑφιστάμεθα.”Απερ
2841 1199 3057 1253 ἅπαντα
3084 1199 3379 1264 συνειδότες
3405 1202 3643 1256 ἀπαλλά-

1972 1286 2151 1357 ξωμεν
2181 1287 2407 1349 ἑαυτοὺς
2429 1286 2702 1349 κολάσεως
2727 1288 2819 1340 καὶ⁸
2844 1290 3133 1359 τιμωρίας,
3174 1292 3269 1343 καὶ
3299 1291 3398 1361 τὴν
3435 1292 3643 1363 παροῦ-

1974 1397 2071 1433 σαν
2126 1378 2319 1449 ἑορτὴν
2367 1378 2504 1448 μετὰ
2550 1378 2656 1431 τῶν
2699 1379 3008 1450 εἰρημένων
3037 1382 3376 1452 αἰδεσθῶμεν
3404 1385 3645 1447 πάντων,

1973 1473 2067 1525 καὶ
2095 1464 2168 1525 ὧν
2202 1471 2354 1543 παρὰ
2387 1470 2481 1524 τοῦ
2516 1470 2782 1541 βασιλέως
2809 1471 2877 1524 δι’
2906 1473 3122 1543 ὲκείνην
3149 1473 3405 1545 ἀξιοῦμεν
3443 1480 3646 1546 τυχεῖν,

1974 1563 2177 1617 τούτων
2232 1563 2326 1617 καὶ
2369 1566 2530 1633 ἡμεῖς
2574 1562 2882 1616 ἀπολαῦσαι
2925 1562 3103 1633 δῶμεν
3138 1564 3366 1633 ἑτέροις.
3402 1566 3511 1619 Καὶ
3539 1567 3648 1638 γὰρ

1978 1656 2186 1709 πολλῶν
2216 1656 2400 1707 ἀκούω
2432 1656 2720 1722 λεγόντων,
2748 1658 2830 1709 ὅτι
2862 1658 3077 1720 πάντως
3109 1659 3137 1710 6
3168 1656 3423 1727 βασιλεὺς
3449 1658 3509 1711 τὸ
3534 1661 3647 1714 Πάσ

1980 1764 2084 1816 σχα
2122 1746 2182 1797 τὸ
2211 1745 2356 1815 ἱερὸν
2385 1745 2651 1809 αἰδεσθεὶς
2678 1749 2744 1816 τῇ
2777 1748 2929 1801 πόλει
2961 1751 3437 1821 καταλλαγὴσεται
3471 1754 3562 1806 καὶ
3584 1755 3653 1808 τά

1981 1839 2355 1909 ἁμαρτήματα
2384 1839 2581 1908 ἀφήσει
2620 1842 2819 1894 πάντα.
2847 1842 2972 1905 Πῶς
3001 1838 3095 1896 οὖν
3128 1845 3228 1896 οὐκ
3252 1845 3473 1909 ἄτοπον,
3492 1847 3649 1915 ἡνίκα

1986 1929 2084 1999 μὲν
2111 1932 2241 1998 παρ’
2265 1931 2466 2001 ἐτέρων
2492 1930 2759 1996 σώζεσθαι
2788 1932 2903 2005 δέῃ,
2928 1932 3028 2005 τὴν
3059 1934 3251 2004 ἐορτῆν
3274 1936 3369 1987 καὶ
3397 1936 3494 2006 τὴν
3526 1935 3655 1990 ταύ.

1982 2033 2082 2086 της
2114 2016 2270 2082 ἀξίαν
2296 2017 2727 2088 προϐάλλεσθαι⁹
2759 2020 2923 2090 ἡνίκα
2947 2020 3003 2073 δὲ
3033 2021 3097 2073 ἂν
3122 2022 3331 2091 ἑτέροις
3355 2024 3653 2078 καταλλάτη

1983 2107 2171 2161 τεσθαι
2202 2107 2573 2179 κελευώμεθα,
2609 2110 2897 2180 ἀτιμάζειν
2929 2111 3134 2182 ταύτην
3181 2114 3276 2167 καὶ
3324 2115 3489 2185 μηδὲν
3518 2112 3657 2171 εἶναι

1986 2199 2268 2271 νομίζειν;
2311 2202 2498 2266 Οὐδεὶς
2532 2203 2640 2274 7&9
2678 2202 2874 2271 οὕτως,
2914 2206 3089 2271 οὐδεὶς
3134 2208 3232 2278 τὴν
3274 2210 3427 2280 ἱεράν
3455 2210 3660 2283 ταύτην

1987 2290 2337 2361 καταισχύνει
2370 2292 2695 2363 πανήγυριν,
2731 2293 2807 2357 ὡς
2836 2296 2865 2346 6
2889 2294 3028 2365 μετά
3054 2296 3148 2349 τοῦ
3177 2306 3536 2369 μνησικακεῖν
3562 2303 3661 2356 αὑ-

1987 2384 2085 2456 τὴν
2102 2394 2125 2423 ο
2161 2383 2425 2437 ἐπιτελῶν
2452 2399 2465 2411 ·
2496 2383 2698 2453 μᾶλλον
2720 2385 2777 2437 δὲ
2801 2385 2921 2437 οὐδὲ
2949 2386 3217 2440 ἐπιτελεῖν
3241 2390 3413 2460 αὐτὴν
3438 2391 3661 2446 δύναται

1987 2480 2017 2531 6
2046 2476 2304 2541 τοιοῦτος,
2334 2474 2434 2529 κᾶν
2453 2477 2586 2530 δέκα
2607 2478 2825 2549 ἡμέρας
2860 2478 3059 2548 ἐφεξῆς
3091 2481 3276 2545 άσιτος
3304 2483 3443 2556 μένῃ
3462 2499 3475 2512 °
3529 2486 3662 2539 ὅπου

1988 2568 2097 2639 γὰρ
2127 2567 2298 2637 ἔχθρα
2330 2566 2424 2620 καὶ
2458 2567 2743 2638 ἀπέχθεια,
2777 2569 2897 2622 οὺδέ
2932 2572 3155 2640 νηστεία
3200 2573 3324 2626 οὐδὲ
3366 2574 3525 2646 ἐορτὴ
3570 2577 3665 2644 γέ-

1988 2662 2119 2715 νοιτ’
2146 2661 2231 2714 ἀν.
2265 2660 2359 2729 Μὴ
2386 2660 2591 2729 τολμᾷς
2622 2660 2870 2724 ἀνίπτοις
2904 2664 3061 2731 χερσὶ
3094 2663 3194 2733 τῆς
3244 2666 3395 2735 ἱερᾶς
3426 2666 3665 2735 ἅψασθαι

1990 2751 2204 2815 θυσίας,
2228 2750 2332 2805 κᾶν
2354 2751 2520 2822 πολλὴ
2551 2751 2765 2823 ἀνάγκη
2789 2754 3079 2824 ἐπικέηται
3100 2774 3112 2821 ;
3142 2756 3233 2828 Μὴ
3254 2758 3435 2811 τοίνυν
3456 2758 3668 2833 ἀνίπτῳ

1990 2842 2298 2912 προσέρχου
2327 2840 2503 2913 ψυχῇ’
2538 2842 2717 2913 πολλῷ
2767 2844 2877 2916 7&9
2925 2845 3133 2900 ἐκείνου
3164 2848 3324 2902 τοῦτο
3353 2849 3670 2920 χαλεπώτε-

1992 2952 2107 3007 ρον,
2138 2935 2235 2988 καὶ
2269 2934 2491 3006 μείζονα
2528 2934 2687 3005 φέρει
2719 2936 2822 3008 τὴν
2864 2938 3106 2992 κόλασιν.
3140 2941 3306 2994 Οὐδὲν
3343 2942 3452 3012 γὰρ
3495 2941 3667 3005 οὕτως

1990 3027 2334 3098 ἀκαθαρσίας
2364 3026 2564 3098 πληροῖ
2592 3028 2690 3099 τὴν
2721 3028 2983 3095 διάνοιαν,
3010 3031 3086 3095 ὡς
3112 3034 3250 3105 ὀργὴ
3286 3034 3549 3106 διηνεκῶς
3586 3036 3672 3089 ἔν-

1991 3121 2081 3174 δον
2132 3121 2388 3191 μένουσα.
2407 3120 2577 3175 Ἔνθα
2619 3122 2727 3193 γάρ
2780 3124 2897 3176 ἐστι
2950 3124 3121 3195 θυμὸς
3167 3126 3199 3197 ἢ
3247 3126 3407 3198 ὀργὴ,
3454 3127 3668 3199 πνεῦμα

1996 3214 2301 3285 πραότητος
2330 3215 2429 3267 οὐκ
2457 3213 2778 3284 ἐφίπταται’
2822 3216 3142 3286 Πνεύματος
3178 3218 3234 3272 δέ
3264 3220 3420 3287 ἀγίου
3459 3220 3669 3293 ἀνθρωυ

1995 3327 2095 3372 πος
2123 3306 2328 3377 ἔρημος
2350 3304 2424 3359 ὢν
2451 3303 2608 3357 ποίαν
2630 3304 2742 3370 ἔξει
2771 3306 3045 3377 σωτηρίας
3069 3307 3290 3373 ἐλπίδα;
3313 3310 3440 3363 πότε
3463 3312 3518 3364 δὲ
3537 3313 3672 3383 ὀρθά

1997 3401 2284 3472 βαδιεῖταις
2323 3398 2413 3467 Μὴ
2460 3397 2661 3457 τοίνυν,
2694 3398 2967 3466 ἀγαπητὲ,
2998 3398 3090 3450 τὸν
3128 3398 3321 3470 ἐχθρὸν
3358 3401 3671 3471 ἀμύνασθαι

1997 3489 2340 3560 βουλόμενος,
2378 3486 2571 3539 σαυτὸν
2612 3486 3044 3557 κατακρήμνιζε,
3088 3488 3221 3559 μηδὲ
3276 3489 3480 3561 ἔρημον
3529 3494 3671 3546 ποίει

1994 3584 2095 3651 τῆς
2123 3580 2217 3634 τοῦ
2237 3580 2374 3633 Θεοῦ
2407 3577 2763 3650 προστασίας.
2782 3579 3033 3633 Μάλιστα
3067 3582 3166 3650 μέν
3198 3581 3328 3652 7&9,
3357 3584 3405 3635 εί
3433 3586 3526 3636 καὶ
3549 3584 3675 3639 δύσ-

1998 3674 2155 3727 κολον
2197 3667 2266 3743 ἦν
2298 3672 2358 3725 τὸ
2391 3673 2626 3743 πρᾶγμα
2644 3671 2695 3737 ἀ,
2742 3671 2926 3725 ίκανὸν
2961 3672 3063 3742 τῆς
3107 3674 3376 3744 τιμωρίας
3417 3676 3480 3729 τὸ
3510 3678 3674 3748 μέγε-

2000 3771 2113 3837 θος,
2146 3771 2281 3840 ὅπερ
2328 3771 2392 3822 ὲκ
2419 3768 2513 3822 τοῦ
2551 3768 2625 3840 μὴ
2656 3767 2939 3822 πείθεσθαι
2971 3769 3203 3837 γίνεται,
3238 3772 3442 3825 καὶτὸν
3472 3774 3677 3846 σφόδρα

2002 3867 2193 3921 ὕπτιον
2227 3867 2322 3919 καὶ
2347 3864 2686 3919 νωθέστατον
2713 3865 2858 3919 ἐστιν
2892 3865 3217 3936 ἀναστῆσαι,
3239 3867 3335 3920 καὶ
3360 3868 3536 3923 πάντα
3555 3873 3676 3923 πεῖ-

2004 3977 2094 4013 σαι
2123 3958 2283 4011 πόνον
2317 3957 2641 4025 ὑπενεγκεῖν
2669 3972 2681 3987 ⁸
2718 3956 2836 4010 νυνὶ
2861 3956 2918 4010 δὲ
2946 3957 3041 4010 καὶ⁵
3069 3956 3272 4026 πολλὴν
3306 3958 3505 4024 ἔδειξεν
3530 3962 3559 4012 6
3589 3961 3678 4015 λό-

2002 4068 2100 4120 γος
2130 4050 2230 4121 τὴν
2260 4048 2511 4102 εὐκολίαν
2544 4043 2732 4111 οὖσαν,
2765 4047 2832 4102 ἂν
2858 4048 3152 4119 ἐθέλωμεν.
3188 4049 3279 4120 Μὴ
3308 4050 3490 4105 τοίνυν
3519 4070 3678 4107 κατα-

2006 4142 2331 4211 μελήσωμεν
2360 4138 2464 4208 τῆς
2506 4138 2716 4191 ἑαυτῶν
2761 4136 2929 4208 ζωῆς,
2974 4138 3114 4193 ἀλλά
3144 4141 3537 4213 σπουδάσωμεν
3585 4146 3679 4199 καὶ

2004 4232 2185 4284 πάντα
2206 4229 2471 4300 ποιῶμεν,
2495 4228 2637 4283 ὥστε
2664 4231 2833 4301 χωρὶς
2863 4230 3075 4300 ἐχθρῶν
3096 4234 3444 4304 παραστῆναι
3467 4238 3534 4306 τῇ
3563 4237 3681 4308 ἱερᾷ

2002 4322 2272 4395 τραπέζῃ.
2309 4322 2473 4376 Οὐδὲν
2517 4322 2649 4395 7&9,
2680 4323 2832 4376 οὐδὲν
2873 4323 2981 4377 τῶν
3012 4324 3109 4377 τοῦ
3152 4324 3288 4378 Θεοῦ
3327 4331 3684 4399 προσταγμά-

2004 4433 2113 4469 των
2146 4414 2298 4468 ἕσται
2324 4413 2600 4480 δύσκολον,
2631 4412 2727 4465 ἐὰν
2756 4414 3140 4484 προσέχωμεψ
3176 4417 3267 4468 καὶ
3297 4418 3455 4470 τοῦτο
3483 4420 3547 4471 ἐκ
3573 4419 3683 4473 τῶν

2007 4508 2107 4579 ἡδη
2139 4505 2583 4576 κατωρθωκότων
2610 4503 2788 4574 δῆλον,
2836 4503 2999 4556 Πόσοι
3038 4505 3142 4558 ὑπὸ
3193 4507 3289 4576 τῆς
3342 4506 3450 4561 τῶν
3503 4508 3683 4579 ὅρκων

2007 4599 2335 4651 ἐκλέπτοντο
2381 4596 2690 4666 συνηθείας,
2727 4596 2823 4649 καί⁵
2854 4596 2917 4649 τὸ
2956 4598 3190 4668 πρᾶγμα
3237 4598 3684 4671 δυσκατόρθωτον

2008 4688 2147 4746 εἶναι
2194 4689 2475 4760 ἐνόμιζονί
2524 4689 2641 4742 ἀλλ’
2685 4689 2835 4760 ὅμως
2879 4689 2965 4743 διά
3015 4691 3115 4762 τὴν
3162 4692 3257 4746 τοῦ
3309 4692 3445 4746 Θεοῦ
3502 4695 3681 4765 χάριν,

2008 4782 2195 4853 ἐπειδὴ
2232 4780 2435 4853 μικρὰν
2466 4780 2815 4846 ἐπεδείξασθε
2848 4783 3101 4854 σπουδὴν,
3132 4786 3193 4837 τὸ
3221 4786 3382 4840 πλέον
3415 4788 3681 4857 ἀπενίψα-

2012 4872 2130 4927 σθε.
2157 4875 2256 4927 Διά
2284 4874 2445 4928 τοῦτο
2474 4874 2537 4944 δὴ
2568 4874 2873 4945 παρακαλῶ
2904 4877 2997 4928 καὶ
3045 4875 3105 4928 τὸ
3140 4875 3289 4950 [2η]
3333 4879 3519 4933 λεῖπον
3550 4883 3683 4936 ἀπο-

2010 4968 2221 5033 θέσθαι,
2244 4968 2339 5022 καὶ
2364 4967 2569 5039 ἑτέροις
2592 4967 2844 5035 γενέσθαι
2866 4967 3239 5034 διδασκάλους.
3268 4971 3407 5035 Τοὺς
3428 4973 3485 5026 δέ
3517 4976 3684 5045 μήπω

2010 5061 2481 5133 κατορθώσαντας,
2512 5059 2649 5113 ἀλλὰ
2690 5060 2780 5113 τὸν
2823 5060 3032 5132 μακρὸν
3066 5062 3258 5132 χρόνον
3288 5065 3419 5133 ἡμῖν
3449 5068 3685 5135 προϐαλ-

2010 5152 2290 5223 λομένους,
2326 5151 2449 5205 καθ’
2483 5149 2542 5203 ὃν
2572 5149 2786 5220 ῶμνυον
2817 5150 3147 5221 ἔμπροσθεν,
3184 5154 3276 5205 καὶ
3305 5152 3581 5221 λέγοντας,
3607 5158 3685 5219 ὡς

2012 5246 2271 5300 ἀδύνατον
2286 5246 2343 5297 ἐν
2371 5243 2563 5315 βραχεῖ
2593 5241 2769 5313 καιρῷ
2794 5243 2854 5295 τὸ
2894 5243 3106 5307 πολλοῖς
3136 5244 3275 5297 ἔτεσι
3303 5245 3529 5315 ῥιζωθὲν
3551 5247 3687 5303 ἀνα-κ

2014 5340 2241 5405 σπάσαι,
2287 5340 2462 5393 ἐκεῖνο
2489 5337 2555 5390 ἂν
2584 5335 2816 5404 εἴποιμι,
2850 5337 2975 5389 εἴτι
3004 5336 3130 5390 ἔνθα
3157 5337 3222 5390 ἂν
3254 5336 3362 5391 δέοι
3405 5338 3683 5410 κατορθῶ-

2015 5455 2105 5492 σαι
2134 5435 2244 5490 τῶν
2279 5434 2384 5488 ὑπὸ
2414 5433 2550 5488 Θεοῦ
2593 5431 2987 5503 κελευομένων,
3019 5434 3080 5488 οὐ
3113 5434 3305 5504 χρόνου
3357 5433 3534 5505 χρεία,
3567 5433 3689 5487 οὐδὲ

2075 5757 2103 5795 b
2128 5759 2277 5823 Sam.
2301 5761 2352 5808 in
2377 5773 2525 5818 marg.
2548 5761 2632 5823 τήν
2655 5760 2900 5823 ὠτέλιιαν.

2082 5829 2091 5845 ⁸
2130 5822 2278 5868 Sui".
2305 5827 2359 5868 θι
2380 5834 2507 5869 unus
2526 5822 2717 5877 ταύτην,

2076 5881 2102 5923 ’1
2140 5882 2286 5933 SMU.
2316 5883 2370 5930 τὸ
2392 5884 2637 5940 ἐπίταγμα.
