4446 6690
770 435 876 494 εος)

769 555 1005 626 πλήθους
1039 556 1279 627 ἡμερῶν,
1313 555 1431 609 οὐδὲ
1465 556 1832 628 διαστήματος
1865 557 2148 624 ἐνιαυτῶν,
2176 557 2308 610 ἀλλά
2337 558 2437 625 φό-

769 644 865 695 ϐου
905 645 1064 713 μόνον
1111 643 1205 696 καὶ
1237 641 1416 713 ψυχῆς
1458 642 1747 697 εὐλάϐειαν
1789 643 2040 716 ἐχούσης,
2077 646 2172 698 καὶ
2218 643 2438 708 πάντως

769 730 1157 803 περιεσόμεθα,
1188 731 1283 784 καὶ
1313 733 1371 783 ἐν
1403 731 1595 801 βραχεῖ
1619 729 1813 800 καιρῷ.

837 819 910 888 η’.
932 819 1042 872 Καὶ
1059 819 1145 872 ἵνα
1163 817 1238 889 μὴ
1253 819 1537 889 νομίσητε,
1565 819 1646 871 ὅτι
1669 817 1854 880 ἁπλῶς
1880 817 2056 870 ταῦτα
2071 818 2232 886 λέγω.
2262 816 2321 869 ὃν
2348 833 2436 870 νο-

771 906 953 977 μίζετε
979 903 1118 959 εἶναι
1150 905 1450 978 πολύορκον
1474 906 1756 976 ἄνθρωπον
1791 907 1886 959 καὶ
1916 906 2140 960 πλείονα
2171 905 2438 975 ὀμνύοντα

772 994 969 1064 μᾶλλον
1003 994 1036 1065 ἦ
1065 994 1456 1064 φθεγγόμενον,
1491 994 1676 1046 τοῦτον
1702 994 1826 1063 ἐμοὶ
1870 993 2137 1062 παράδοτε
2171 991 2299 1044 δέκα
2341 991 2436 1060 μό-

769 1099 859 1134 νον
889 1081 1124 1152 ἡμέρας,
1157 1081 1261 1135 κᾶν
1301 1081 1375 1151 μὴ
1403 1082 1580 1133 πᾶσαν
1608 1079 1774 1144 ἐξέλω
1797 1081 1895 1150 τὴν
1917 1079 2205 1149 συνήθειαν
2239 1079 2296 1128 ἐν
2319 1080 2438 1140 ταῖς

768 1169 977 1236 ὀλίγαις
1013 1170 1237 1231 ταύταις
1282 1168 1538 1238 ἡμέραις,
1571 1167 1884 1236 κατάγνωτέ
1933 1181 2033 1236 μου
2069 1166 2168 1234 τὴν
2201 1165 2437 1234 ἐσχάτην

767 1255 1012 1326 ταύτηνι
1062 1257 1406 1323 κατάγνωσιν
1433 1270 1444 1283 ·
1502 1255 1596 1308 καὶ
1622 1256 1702 1307 ὅτι
1756 1254 1816 1306 οὐ
1866 1253 2076 1322 κόμπος
2108 1253 2176 1305 τά
2216 1254 2438 1322 ῥήματα

767 1343 960 1406 ταῦτα,
983 1343 1091 1396 ἀπὸ
1106 1342 1212 1395 τῶν
1231 1342 1331 1412 ήδη
1348 1343 1730 1411 γεγενημένων
1752 1341 1908 1394 τοῦτο
1931 1340 2081 1392 ἔσται
2104 1340 2263 1409 δῆλον
2286 1342 2436 1408 ύμῖν.

769 1431 833 1483 Τί
865 1431 974 1482 ττιν
1002 1430 1297 1484 Νινευῖτῶν
1325 1429 1662 1498 ἀλογώτερον
1692 1445 1705 1492 ;
1737 1428 1787 1479 τί
1812 1427 1868 1479 δὲ
1899 1427 2250 1496 ἀνοητότερον
2276 1445 2290 1492 ;
2322 1428 2437 1480 ἀλλ’

767 1517 918 1586 ὅμως
943 1513 1087 1573 οῦτοι
1113 1521 1162 1571 οί
1201 1518 1460 1588 βάρϐαροι
1514 1517 1608 1568 καὶ
1656 1515 1898 1585 ἀνόητοι,
1933 1517 1981 1568 οί
2012 1515 2239 1586 μηδενὸς
2275 1515 2439 1586 μηδέ-

768 1625 899 1663 ποτε
934 1607 1266 1669 ἀκούσαντες
1285 1603 1725 1674 φιλοσοφοῦντος,
1748 1604 1798 1657 οἰ
1831 1604 2100 1675 μηδέποτε
2127 1607 2436 1676 παραγγέλο

771 1713 914 1766 ματα
954 1693 1182 1747 τοιαῦτα
1227 1691 1502 1756 λαϐόντες,
1551 1692 1884 1755 ἀκούσαντες
1910 1693 2005 1745 τοῦ
2039 1695 2319 1764 προφήτου
2350 1694 2438 1747 λέ-

765 1799 974 1851 γοντος,
1027 1783 1158 1836 Ἔτι
1183 1782 1339 1850 τρεῖς
1371 1781 1606 1848 ἡμέραι,
1647 1779 1744 1833 καί
1788 1779 1990 1834 (Versu?
2019 1780 2438 1849 καταστραφή-

765 1884 956 1934 σεται,
985 1871 1042 1922 ἐν
1075 1870 1252 1940 τρισὶν
1284 1868 1519 1938 ἡμέραις
1551 1868 1732 1918 πᾶσαν
1757 1865 2020 1918 ἀπέθεντο
2048 1866 2292 1938 πονηράν
2316 1885 2438 1921 συν-

765 1956 982 2027 ἡθειαν·
1017 1958 1047 2008 6
1076 1956 1271 2026 πόρνος
1305 1953 1538 2023 σώφρων
1584 1952 1823 2020 ἐγένετο,
1857 1953 1886 2004 6
1916 1951 2122 2021 θρασὺς
2168 1953 2437 2025 ἐπιεικὴς,

765 2047 793 2095 ὁ
818 2041 1145 2110 πλεονέκτης
1173 2041 1268 2094 καὶ
1297 2037 1480 2110 ἀρπαξ
1512 2039 1732 2110 μέτριος
1760 2039 1856 2092 καὶ
1894 2039 2194 2111 φιλόφρων,
2215 2042 2243 2093 6
2271 2043 2438 2112 ῥᾴθυ-

768 2147 867 2201 μος
909 2129 1218 2192 σπουδαῖος.
1251 2129 1326 2181 Οὐ
1367 2127 1477 2198 γάρ
1511 2128 1574 2197 δὴ
1605 2127 1684 2192 ἓν,
1714 2127 1833 2180 οῦδέ
1878 2126 1991 2189 δύο,
2022 2128 2116 2180 καί¹
2165 2129 2310 2197 τρία,
2347 2129 2440 2181 καὶ

766 2218 1010 2289 τέσσαρα
1041 2216 1150 2269 τῶν
1178 2215 1366 2269 παθῶν
1393 2211 1536 2285 ἦσαν
1563 2214 1632 2267 τὰ
1675 2216 1877 2284 ἰάματα
1896 2215 1944 2277 b,
1977 2215 2112 2267 ἀλλὰ
2140 2217 2318 2267 πᾶσαν
2342 2217 2439 2267 a6-

765 2305 875 2358 τῶν
903 2303 1218 2376 διώρθωσαν
1254 2303 1354 2374 τὴν
1401 2303 1684 2373 πονηρίαν.
1719 2303 1828 2354 Καὶ
1860 2301 2022 2354 πόθεν
2067 2300 2225 2354 τοῦτο
2253 2303 2434 2372 δῆλον,

764 2393 964 2463 (Mdv;
1014 2391 1146 2444 Ἀπὸ
1173 2391 1281 2445 τῶν
1309 2390 1405 2444 τοῦ
1433 2393 1713 2462 προφήτου
1763 2389 2050 2461 ρημάτων’
2081 2390 2243 2452 αὐτὸς
2270 2389 2380 2461 γάρ
2409 2392 2437 2443 6

765 2481 1148 2551 κατηγορήσας
1179 2477 1384 2544 αὐτῶν,
1431 2478 1528 2531 καὶ
1579 2475 1770 2539 εἰπὼν,
1798 2477 1878 2530 ὅτι
1914 2476 2105 2545 Ἀνέϐη
2147 2479 2181 2546 ἡ
2221 2476 2436 2548 κραυγὴ

764 2568 861 2638 τὴς
905 2568 1101 2632 κακίας
1147 2565 1328 2621 αὐτῶν
1369 2567 1474 2629 ἓως
1524 2565 1632 2617 τῶν
1673 2563 1942 2634 οὐρανῶν,
1975 2563 2132 2626 αὐτὸς
2168 2563 2350 2626 αὐτοῖς
2376 2563 2438 2616 τὸ

764 2654 1007 2708 ἐναντίον
1051 2652 1401 2724 ἐμαρτύρησε
1444 2651 1608 2705 πάλιν
1649 2650 1840 2713 εἰπὼν,
1878 2650 1962 2703 ὅτι
1990 2649 2170 2703 Εἶδεν
2205 2652 2239 2702 ὀ
2270 2649 2434 2715 Θεὸς,

765 2742 855 2795 ὅτι
885 2740 1245 2808 ἀπέστησαν
1284 2740 1544 2803 ἕκαστος
1588 2737 1706 2791 ἀπὸ
1745 2736 1865 2790 τῶν
1895 2735 2052 2790 ὁδῶν
2087 2734 2286 2789 αὐτῶν
2322 2733 2440 2788 τῶν

765 2829 1064 2898 πονηρῶν,
1099 2828 1201 2882 οὐκ
1230 2824 1405 2891 εἶπεν,
1439 2827 1519 2879 ὅτι
1563 2823 1694 2877 Ἀπὸ
1743 2825 1999 2894 πορνείας
2046 2824 2080 2894 ἡ
2131 2821 2378 2892 μοιχείας
2401 2822 2436 2894 ἢ

765 2915 992 2984 κλοπῆς.
1012 2914 1150 2976 ἀλλ’,
1173 2915 1255 2967 ὅτι
1271 2912 1405 2967 Ἀπὸ
1438 2910 1557 2965 τῶν
1582 2910 1739 2964 ὁδῶν
1759 2908 1960 2964 αὐτῶν
1986 2907 2106 2963 τῶν
2132 2908 2433 2978 πονηρῶν.

762 3001 875 3054 Καὶ
907 3001 1024 3063 πῶς
1053 3001 1402 3069 ἀπέστησαν;
1445 2999 1532 3060 Ὦς
1564 2999 1593 3050 6
1615 2997 1747 3061 Θεὸς
1785 2995 1942 3062 οἶδεν,
1973 2998 2072 3052 οὐκ
2107 2997 2186 3061 ὡς
2222 2998 2435 3070 ἄνθρω-

763 3105 866 3150 πος
891 3088 1228 3156 ἐδοκίμασεν.
1259 3083 1388 3139 Εἶτα
1408 3087 1508 3138 οὐκ
1528 3085 1898 3155 αἰσχυνόμεθα
1925 3085 2049 3138 οὐδὲ
2071 3085 2434 3157 ἐρυθριῶμεν,

762 3176 814 3229 εἰ
843 3175 1136 3245 βαρϐάρων
1169 3173 1474 3242 ἀνθρώπων
1503 3173 1562 3224 ἐν
1583 3171 1762 3240 τρισὶν
1792 3171 2027 3243 ἡμέραις
2062 3171 2222 3242 μόνον
2253 3173 2436 3226 πᾶσαν

760 3258 1119 3328 ἀποθεμένων
1166 3259 1385 3320 κακίαν,
1417 3258 1579 3329 ἡμεῖς
1625 3259 1684 3309 ἐν
1723 3257 2014 3320 τοσαύταις
2057 3257 2291 3327 ἡμέραις
2343 3259 2433 3312 ἐν-

759 3345 1071 3416 ηχούμενοι,
1100 3345 1495 3413 διδασκόμενοι,
1532 3345 1661 3412 μιᾶς
1697 3341 1772 3414 μὴ
1802 3343 2225 3413 περιγενοίμεθα
2265 3363 2433 3416 πονη-

761 3434 864 3504 ρᾶς
909 3431 1233 3504 συνηθείας;
1265 3432 1459 3484 Καίτοι
1504 3447 1569 3498 γε
1610 3432 1688 3493 είς
1733 3430 1959 3499 ἔσχατον
2003 3427 2144 3501 ἦσαν
2190 3431 2434 3485 κάκεῖνοι

761 3521 1025 3592 πρότερον
1069 3520 1268 3581 κακίας
1312 3517 1668 3588 ἐληλακότες·
1740 3517 1869 3570 ὅταν
1913 3517 2019 3589 γάρ
2061 3517 2322 3589 ἀκούσῃς,
2353 3520 2434 3571 ὅτι

773 3605 972 3673 Ἀνέϐη
1007 3607 1045 3673 ἡ
1080 3605 1311 3673 κραυγὴ
1342 3603 1461 3672 τῆς
1488 3605 1702 3669 κακίας
1725 3602 1926 3656 αὐτῶν
1960 3605 2111 3670 πρὸς
2133 3605 2232 3673 μὲ,
2267 3605 2434 3674 μηδὲν

761 3692 889 3748 ἄλλο
913 3692 1121 3762 νόμιζε,
1145 3690 1178 3762 ἢ
1210 3690 1306 3762 τὴν
1340 3689 1648 3761 ὑπερϐολὴν
1668 3689 1768 3759 τῆς
1796 3690 2060 3760 πονηρίας
2081 3691 2261 3744 αὐτῶν
2279 3708 2291 3722 ’
2316 3692 2431 3744 ἀλλ’

760 3781 909 3850 ὅμως
947 3779 1171 3849 ἴσχυσαν
1203 3779 1260 3829 ἐν
1287 3775 1467 3848 τρισὶν
1490 3775 1726 3846 ἡμέραις
1749 3777 1886 3846 πρὸς
1912 3775 2202 3848 ὀλόκληρον
2230 3779 2429 3848 ἀρετὴν

763 3864 1367 3936 μετατάξασθαι.”οπου
1396 3862 1505 3931 γὰρ
1533 3861 1696 3929 φόϐος
1726 3861 1885 3922 Θεοῦ,
1930 3863 1990 3914 06
2025 3863 2182 3933 χρεία
2211 3864 2431 3934 ἡμερῶν

758 3958 881 4011 οὐδὲ
923 3955 1288 4024 διαστήματος
1337 3951 1553 4021 χρόνου,
1601 3950 1791 4021 ῶσπερ
1844 3951 1979 4004 ὃπου
2029 3951 2248 4019 ἀφοϐία,
2279 3953 2432 4006 οὐδὲν

757 4042 948 4111 ὕφελος
981 4039 1224 4110 ἡμερῶν.
1255 4037 1525 4108 Καθάπερ
1553 4037 1662 4108 γάρ
1698 4037 1768 4089 τά
1809 4035 2032 4090 ίωθέντα
2067 4038 2175 4090 τῶν
2223 4039 2430 4093 σκευῶν

757 4131 786 4182 6
812 4127 911 4199 μὲν
943 4127 1095 4181 ὕδατι
1123 4127 1281 4197 μόνον
1312 4124 1647 4196 ἀποτρίϐων,
1683 4123 1788 4179 κᾶν
1816 4124 1982 4178 πολὺν
2008 4125 2260 4197 ἀναλώσῃ
2303 4127 2429 4199 χρό-

756 4233 869 4279 νον,
897 4214 1080 4284 πάσης
1118 4213 1219 4265 οὑκ
1251 4211 1549 4274 ἀπαλλάξει
1578 4211 1676 4280 τῆς
1704 4211 1898 4275 κακίας
1932 4211 2164 4282 ἐκείνης.
2193 4216 2221 4266 ό
2251 4214 2307 4266 δὲ
2348 4217 2428 4279 εἰς

760 4301 1122 4371 χωνευτήριον
1151 4295 1428 4368 ἐμϐαλὼν,
1459 4298 1516 4348 ἐν
1551 4295 1777 4367 βραχείᾳ
1808 4296 1999 4368 καιροῦ
2033 4301 2172 4368 ῥοπῇ
2208 4300 2421 4372 φαιδρό-

757 4407 895 4460 τερα
936 4388 1045 4440 τῶν
1088 4385 1423 4442 νεοτεύκτων
1476 4385 1678 4447 εὐθέως
1713 4384 2038 4454 ἐργάσεταιο
2067 4385 2211 4439 οὓτω
2241 4388 2303 4458 δὴ
2334 4393 2427 4442 καὶ

757 4477 925 4546 ψυχὴ,
950 4473 1028 4545 τῷ
1065 4474 1164 4543 τῆς
1197 4472 1472 4544 ἁμαρτίας
1503 4471 1567 4542 ίῷ
1601 4471 1855 4541 βαφεῖσα,
1890 4472 1957 4524 ἂν
1995 4473 2093 4543 μὲν
2124 4474 2310 4538 ἁπλῶς
2334 4479 2426 4529 καὶ

756 4561 832 4626 ὡς
869 4562 1058 4630 ἔτυχεν
1091 4560 1288 4631 ἑαυτὴν
1325 4559 1640 4631 άΜσμὴξῃ,
1671 4559 1764 4612 καὶ
1797 4558 1917 4610 καθ’
1947 4561 2185 4630 ἐκάστην
2215 4562 2424 4633 ἡμέραν

761 4650 1018 4718 μετανοῇ,
1059 4646 1210 4718 [τη]
1240 4646 1390 4698 οὐδὲν
1419 4647 1580 4699 πλέον
1623 4647 1873 4716 κερδανεί
1896 4663 1908 4675 ⁸
1945 4647 2011 4700 ἂν
2043 4648 2098 4700 δὲ
2129 4649 2317 4720 ῶσπερ
2345 4655 2426 4716 εἰς

757 4736 1119 4806 χωνευτὴριον
1165 4733 1260 4786 τοῦ
1302 4733 1436 4787 Θεοῦ
1461 4745 1483 4772 ο
1520 4734 1611 4786 τὶν
1645 4733 1807 4802 φόϐον
1859 4735 2058 4806 ἑαυτὴν
2107 4737 2339 4810 ἐμϐάλῃ,
2367 4741 2424 4794 ἐν

759 4821 992 4893 βραχείᾳ
1018 4820 1206 4892 καιροῦ
1240 4824 1379 4893 ῥοπῇ
1408 4821 1468 4874 16
1497 4822 1605 4874 πᾶν
1634 4821 1976 4890 ἀπονίψεται.
2011 4825 2102 4894 Μὴ
2127 4827 2304 4880 τοίνυν
2345 4831 2425 4892 εἰς

756 4909 853 4979 τὴν
883 4907 1069 4980 αὔριον
1094 4908 1524 4978 ἀναϐαλλώμεθα
1541 4925 1553 4937 °
1593 4911 1674 4963 Οὐ
1697 4908 1807 4978 γὰρ
1830 4910 2077 4980 οἴδαμεν
2104 4913 2162 4964 τί
2193 4913 2422 4979 τέξεται

757 4997 796 5063 ἠ
817 4996 1103 5050 ἐπιοῦσαο
1140 4997 1274 5066 μηδέ
1304 4996 1583 5066 λέγωμεν·
1618 4997 1992 5068 Περιεσόμεθα
2014 5000 2110 5068 τῆς
2137 5001 2422 5071 συνηθείας

757 5083 898 5136 κατά
923 5083 1116 5154 μικρόν
1134 5101 1147 5113 ’
1179 5083 1334 5136 τοῦτο
1359 5084 1468 5154 γάρ
1495 5083 1575 5146 τὸ,
1606 5085 1746 5138 κατὰ
1770 5086 1984 5156 μικρὸν,
2015 5086 2267 5140 οὐδέποτε
2302 5090 2420 5142 ἐπι-

755 5171 947 5239 λείψει.
976 5173 1192 5243 Διόπερ,
1221 5171 1379 5223 τοῦτο
1407 5172 1654 5239 ἀφέντες,
1681 5174 1855 5225 ἐκεῖνο
1882 5174 2148 5245 λέγωμεν,
2173 5177 2256 5229 ὅτι
2297 5177 2420 5231 Ἐὰν

760 5257 834 5327 μὴ
883 5260 1120 5330 σήμερον
1167 5259 1606 5328 κατορθώσωμεν
1639 5261 1729 5312 τὸν
1757 5260 1939 5330 ὅρκον,
1971 5263 2070 5314 οὐκ
2117 5264 2420 5336 ἀποστησό-

760 5346 900 5412 μεθα
925 5348 1204 5418 πρότερον,
1241 5347 1341 5401 κᾶν
1373 5348 1540 5417 μυρία
1571 5347 1713 5419 ἀγχῃ
1744 5348 2068 5419 πράγματα.
2095 5351 2196 5404 κᾶν
2220 5353 2420 5408 ἀποθα-

755 5436 866 5486 νιῖν
898 5434 1010 5505 δέῃ,
1047 5436 1146 5489 κᾶν
1177 5435 1529 5499 κολασθῆναι,
1557 5436 1659 5489 κᾶν
1689 5437 1865 5489 πάντα
1891 5437 2193 5491 ἀπολέσαι·
2225 5441 2284 5493 06
2315 5442 2416 5494 δώ-

817 5643 844 5672 ⁸
868 5643 1054 5698 Ταύτην
1072 5642 1214 5690 deest
1234 5644 1281 5691 in
1307 5643 1456 5692 Savil.
1495 5650 1548 5691 et
1572 5646 1620 5691 in
1647 5656 1744 5691 uno
1762 5646 1947 5693 codice.

813 5703 844 5743 υ
873 5705 982 5767 Harp
1007 5705 1106 5767 16w
1123 5705 1283 5767 παθῶν
1303 5704 1426 5761 ἦσαν
1459 5705 1517 5752 τά
1545 5706 1738 5767 ἰάματα,
1777 5709 1956 5756 desunt
1994 5710 2042 5757 in
2069 5708 2220 5760 Savil.
2247 5711 2410 5764 Codex

754 5778 879 5814 unus
897 5765 1045 5814 habet
1063 5765 1122 5811 τά
1141 5765 1400 5825 τραύματα.

814 5827 842 5859 θ
864 5827 1010 5878 Sui].
1039 5827 1102 5880 εἰς
1123 5823 1434 5888 χωνευτήριον
1459 5825 1520 5882 εἰς
1539 5823 1622 5875 τοῦ
1644 5828 1697 5879 Θ.

1557 441 1614 498 S.
1655 439 1944 498 JOANNIS
1983 441 2479 500 CHRYSOSTOMI
2518 444 2831 502 ARCIIIEP.
2874 447 3420 507 CONSTANTINOP.

4107 460 4216 516 210

2546 577 2710 630 σομεν
2757 560 2835 631 τῷ
2879 562 3111 635 διαϐόλῳ
3159 565 3430 637 ῥᾳθυμίας
3477 563 3739 628 ἐξουσίαν,
3775 571 3892 622 ούδέ
3945 573 4213 646 ἀναϐολῆς

2544 647 2942 718 πρόφασιν.Ἃν
2967 650 2995 702 6
3019 649 3150 714 Θεὸς
3181 653 3267 725 ἴδῃ
3315 669 3408 706 σου
3445 651 3544 722 τὴν
3578 655 3980 727 πεπυρωμένην
4009 659 4211 732 ψυχὴν,

2541 737 2643 806 τὴν
2685 735 3116 807 διεγηγερμένην
3145 739 3474 809 προθυμίαν,
3502 739 3596 792 καὶ
3641 740 3801 802 αὐτὸς
3846 747 4214 814 συνεφάψεται

2545 839 2640 874 σου
2669 823 2769 893 τῆς
2796 821 3150 893 διορθώσεως.
3203 824 3329 889 Ναὶ,
3363 826 3557 897 δέομαι
3601 827 3695 881 καὶ
3723 827 4009 891 ἀντιϐολῶ,
4042 849 4213 886 σπου-

2539 913 2812 982 δάσωμεν,
2839 913 2926 966 ἶνα
2955 911 3028 982 μὴ
3058 913 3152 964 καὶ
3178 913 3339 982 ἡμεῖς
3365 916 3705 988 ἀκούσωμεν,
3724 918 3803 970 ότι
3832 917 4081 985 ’Ἄνδρες
4109 923 4215 973 Νι-

2540 1001 2768 1054 νευῗτίιι
2797 998 3267 1066 ἀναστήσονται,
3292 1001 3388 1052 καὶ
3411 1005 3837 1072 κατακρινοῦσι
3863 1004 3977 1072 τὴν
3999 1008 4219 1073 γενεὰν

2542 1091 2787 1156 ταύτην,
2824 1092 2906 1143 ὅτι
2936 1090 3131 1142 ἐκεῖνοι
3165 1088 3262 1158 μὲν
3288 1087 3432 1154 ἅπαξ
3455 1091 3785 1157 ἀκούσαντες
3815 1092 4212 1165 κατώρθωσαν,

2542 1177 2700 1246 ἡμεῖς
2723 1176 2779 1229 δέ
2805 1177 2926 1230 οὐδέ
2956 1177 3212 1238 πολλάκις
3233 1173 3563 1238 ἀκούσαντες
3584 1178 4038 1250 ἐπεστράφημενο
4065 1182 4184 1234 ἐκεῖ
4200 1211 4216 1221 -

2541 1281 2621 1317 νοι
2655 1263 2946 1334 ὀλόκληρον
2968 1265 3190 1335 ἀρετὴν,
3213 1264 3374 1332 ἡμεῖς
3396 1261 3453 1313 δὲ
3477 1262 3597 1314 οὐδὲ
3623 1265 3787 1334 μέρος
3809 1267 4009 1337 ἀρετῆς
4028 1286 4041 1297 ο
4068 1271 4217 1322 ἐκεῖ..

2542 1367 2620 1402 νοι
2672 1350 3089 1419 κατασκαφῆναι
3136 1349 3467 1410 ἀκούσαντες
3515 1348 3878 1419 ἐφοϐήθησαν,
3940 1356 4102 1423 ἡμεῖς
4160 1356 4221 1408 δὲ

2541 1437 2662 1490 οῦδέ
2692 1437 2915 1505 γέενναν
2944 1438 3232 1500 ἀκούοντες
3255 1435 3568 1505 φοϐούμεθα
3589 1450 3603 1462 ⁸
3641 1439 3835 1490 ἐκεῖνοι
3865 1441 4222 1510 προφητειιόν

2541 1525 2602 1578 06
2642 1526 3018 1596 μετασχόντες,
3053 1528 3216 1594 ἡμεῖς
3257 1524 3313 1577 δὲ
3351 1521 3606 1592 συνεχοῦς
3651 1524 4013 1590 ἀπολαύοντες
4062 1529 4216 1582 διδα-

2544 1611 2773 1674 σκαλίας
2813 1613 2908 1664 καὶ
2952 1612 3150 1682 πολλῆς
3189 1611 3290 1678 τῆς
3333 1610 3572 1680 χάριτος.
3608 1610 3791 1662 Ταῦτα
3819 1611 3962 1678 λέγω
3987 1613 4083 1665 νῦν
4116 1616 4219 1685 οὐχ

2542 1697 2681 1768 ὑπὲρ
2718 1698 2826 1751 τῶν
2851 1699 3084 1761 οἰκείων,
3110 1697 3223 1750 ἀλλ’
3251 1697 3391 1766 ὑπὲρ
3419 1696 3528 1749 τῶν
3559 1695 3856 1766 ἀλλοτρίων
3885 1699 4015 1768 ὑμῖν
4046 1703 4220 1767 ἐγκα-

2542 1783 2650 1836 λῶν
2675 1785 3106 1855 ἀμαρτημάτων.
3124 1783 3284 1852 Ὑμῖν
3320 1783 3418 1851 μὲν
3455 1782 3586 1854 γάρ,
3611 1779 3671 1835 εὖ
3697 1778 3794 1836 οἶδ’
3822 1784 3926 1848 ὅτι,
3965 1786 4220 1856 καθάπερ

2544 1872 2712 1941 ἔφθην
2744 1871 2931 1933 εἰπὼν,
2964 1871 2994 1921 6
3023 1870 3184 1939 νόμος
3209 1862 3366 1932 οὗτος
3393 1871 3422 1922 6
3451 1871 3579 1940 περὶ
3607 1870 3700 1923 τοῦ
3734 1871 3955 1941 ὀμνύειν
3993 1873 4220 1944 κατώρα

2544 1958 2712 2011 θωται
2731 1975 2746 1990 υ
2778 1958 2892 2010 ἀλλ’
2922 1958 3020 2010 ούκ
3049 1959 3211 2028 ἀρκεῖ
3238 1957 3396 2010 τοῦτο
3423 1960 3504 2021 εἰς
3533 1959 3808 2029 σωτηρίαν
3833 1961 3986 2030 ἡμῖν,
4040 1963 4088 2012 εἰ
4143 1960 4222 2032 μὴ

2543 2045 2636 2095 καὶ
2679 2044 2897 2114 ἐτέρους
2925 2044 3236 2108 διδάξαντες
3269 2043 3661 2115 διορθώσομεν,
3693 2047 3815 2098 ἐπεὶ
3847 2047 3938 2098 καὶ
3961 2049 3988 2099 6
4016 2048 4076 2098 16
4120 2049 4223 2101 τά-

2541 2129 2730 2180 λαντον
2776 2130 2953 2182 ἐκεῖνο
2999 2130 3405 2200 προσενεγκὼν,
3436 2131 3536 2201 τὴν
3578 2132 4056 2202 παρακαταθήκην
4093 2134 4220 2186 όλό⁴

2542 2215 2740 2285 κληρον
2773 2216 3025 2279 ἀποδοὺς,
3058 2218 3242 2286 ἐπειδὴ
3271 2217 3331 2270 τὸ
3355 2217 3504 2270 δοθὲν
3533 2217 3633 2268 ούκ
3655 2217 3997 2281 ἐπλεόνασεν,
4023 2220 4220 2272 ἐκολά-

2542 2303 2682 2366 ζετο.
2720 2303 2812 2373 Μὴ
2845 2304 3023 2356 τοίνυν
3056 2304 3189 2373 μηδέ
3227 2306 3389 2373 ἡμεῖς
3423 2306 3581 2358 τοῦτο
3613 2308 3996 2374 σκοπὴσωμεν,
4033 2308 4080 2357 εἰ
4111 2307 4218 2357 αύ-

2539 2391 2622 2442 τοὶ
2672 2389 2770 2459 τῆς
2819 2391 3095 2460 ἁμαρτίας
3138 2390 3552 2460 ἀπηλλάγημεν,
3584 2390 3698 2442 ἀλλ’
3728 2389 3834 2452 ἕως
3884 2391 3951 2443 ἂν
3993 2390 4218 2462 ἐτέρους

2539 2476 2960 2546 ἀπαλλάξωμεν,
2999 2475 3074 2547 μὴ
3106 2475 3458 2545 ἀποστῶμεν·
3492 2478 3584 2529 καὶ
3611 2477 3840 2539 ἕκαστος
3864 2477 3996 2529 δέκα
4027 2479 4219 2544 φίλους

2543 2566 2809 2635 ρυθμίσας
2838 2566 2918 2635 τῷ
2953 2566 3071 2635 Θεῷ
3101 2565 3514 2636 προσαγαγέτω,
3545 2565 3647 2619 κάν
3676 2566 3892 2629 οἰκέτας
3923 2568 4074 2639 ἔχῃ-ς,
4111 2567 4218 2620 κᾶν

2545 2651 2810 2722 μαθητάς.
2831 2651 2969 2704 Ἀλλ’
3002 2652 3120 2704 ούδέ
3155 2650 3420 2721 μαθητάς,
3452 2652 3573 2705 οὐδὲ
3615 2653 3832 2716 οἰκέτας
3862 2654 4042 2722 ἐχεις;
4075 2653 4218 2706 ἀλλά

2542 2737 2728 2804 φίλους
2753 2737 2898 2806 ἔχεις
2918 2753 2931 2765 '
2961 2737 3180 2800 τούτους
3203 2737 3567 2807 κατόρθωσον.
3595 2740 3701 2791 Καὶ
3731 2741 3804 2809 μή
3832 2757 3922 2810 μοι
3951 2740 4099 2807 λέγε.
4131 2743 4216 2792 ὅτι

2542 2825 2680 2887 Τοὺς
2709 2825 2960 2886 πλείονας
2987 2823 3094 2876 τῶν
3119 2825 3296 2892 ὅρκων
3322 2825 3701 2896 ἀπηλάσαμεν,
3736 2826 3982 2894 ὀλιγάκις
4007 2827 4065 2879 δὲ
4096 2827 4217 2880 ἁλι-ν

2543 2912 2822 2982 σκόμεθαο
2855 2912 2989 2965 ἀλλὰ
3017 2911 3110 2964 καὶ
3142 2910 3201 2964 τὸ
3231 2911 3480 2978 ὀλιγάκις
3525 2912 3682 2965 τοῦτο
3721 2913 3896 2966 ἄνελε.
3931 2915 3992 2965 Εἰ
4021 2913 4213 2983 χρύοί⁶

2540 3017 2628 3051 νον
2655 3000 2750 3051 ἕνα
2773 2998 3079 3060 ἀπολέσεις,
3109 2998 3208 3050 οὐκ
3255 2998 3321 3052 ἂν
3367 2999 3612 3062 ἅπαντας
3639 3000 3930 3070 περιῆλθες
3973 3001 4216 3072 ἐρευνῶν

2541 3088 2635 3138 καὶ
2663 3085 2861 3155 ζητῶν,
2896 3086 3039 3139 ὥστε
3069 3086 3233 3138 αὑτὸν
3263 3087 3475 3155 εὑρεῖν;
3506 3085 3676 3140 Τοῦτο
3710 3088 3805 3140 καὶ
3850 3089 3942 3140 ἐπὶ
3983 3088 4091 3140 τῶν
4117 3089 4212 3155 ὅρα

2539 3189 2648 3224 κων
2682 3171 2924 3242 ποίησον.
2946 3171 3070 3223 Ἐὰν
3097 3172 3231 3244 ῐδῃς,
3275 3172 3357 3224 ὅτι
3382 3172 3478 3224 ἕνα
3507 3173 3668 3242 ὅρκον
3699 3173 3965 3244 ἐκλάπης,
4003 3173 4212 3244 θρὴνη-

2539 3274 2650 3321 σον,
2684 3258 2958 3321 στέναξον,
2998 3257 3075 3319 ὡς
3124 3258 3224 3326 τῆς
3259 3257 3448 3320 οὐσίας
3477 3274 3572 3310 σου
3621 3260 3803 3329 πάσης
3840 3259 4209 3323 ἀπολωλυίας.

2537 3346 2705 3398 Πάλιν
2736 3345 2899 3411 λέγω,
2925 3344 2953 3396 6
2976 3343 3071 3397 καὶ
3095 3344 3359 3414 πρότερον
3378 3360 3392 3373 ·
3428 3343 3748 3412 σύγκλεισον
3773 3345 3967 3398 σαυτὸν
3988 3347 4082 3398 ἐπὶ
4109 3347 4212 3417 τῆς

2536 3433 2734 3494 οἰκίας,
2770 3431 3000 3500 μελέτην
3039 3431 3261 3500 ποίησον
3289 3432 3382 3483 καὶ
3407 3432 3708 3500 γυμνάσιον
3735 3432 3874 3501 μετά
3895 3433 3995 3502 τῆς
4019 3449 4212 3500 γυναι-

2537 3521 2649 3583 κὸς,
2698 3519 2834 3587 μετά
2884 3519 2990 3571 τῶν
3036 3519 3260 3571 παιδίων
3294 3519 3388 3571 καὶ
3423 3518 3849 3572 συνοικούντων
3892 3521 4014 3573 εἰπέ
4070 3521 4211 3590 πρὸς

2538 3605 2730 3659 ἑαυτὸν
2760 3606 2824 3658 σὺ
2857 3604 3122 3678 πρότερον
3143 3621 3156 3635 ο
3189 3605 3302 3658 Οὐκ
3335 3605 3639 3669 ἰδιωτικῶν,
3673 3606 3734 3658 06
3765 3605 4040 3675 δημοσίων
4074 3607 4210 3676 ἀψο-

2539 3710 2635 3763 μαι
2677 3692 3040 3762 πραγμάτων,
3076 3691 3181 3756 ἕως
3211 3691 3278 3746 ἂν
3311 3692 3414 3762 τὴν
3456 3691 3636 3762 ψυχὴν
3675 3692 4058 3763 διορθώσωμαι
4108 3694 4210 3765 τὴν

2534 3779 2897 3850 ἐμαυτοῦ.Ἀν
2928 3780 3085 3850 ὑμεῖς
3119 3780 3244 3842 τοὺς
3269 3779 3417 3842 υἱοὺς
3443 3779 3573 3842 τοὺς
3601 3779 3812 3832 ἐαυτῶν
3848 3780 4203 3850 παιδεύσητε,

2534 3869 2774 3921 κάκεῖνοι
2822 3869 2950 3930 τοὺς
2993 3867 3201 3920 ἑαυτῶν
3247 3866 3537 3933 διδάξουσι,
3572 3867 3668 3919 καὶ
3713 3866 3856 3920 οὕτω
3899 3867 4061 3937 μέχρι
4103 3867 4207 3937 τῆς

2536 3954 2842 4016 συντελείας
2888 3954 2979 4007 καὶ
3028 3954 3332 4024 παρουσίας
3373 3954 3466 4006 τοῦ
3513 3953 3752 4022 Χριστοῦ
3787 3953 3851 4004 τὸ
3875 3953 4205 4022 πρόσταγμα

2535 4041 2736 4111 βαῖνον,
2764 4043 2876 4104 τοῖς
2915 4040 3014 4110 τὴν
3058 4039 3216 4110 ῥίζαν
3249 4039 3623 4110 παρασχοῦσιν
3660 4038 3876 4091 ἅπαντα
3909 4038 4045 4092 οἴσει
4077 4039 4204 4092 τοῦ·

2532 4145 2621 4180 τον
2650 4127 2739 4180 τὸν
2771 4127 3087 4198 μισθόν.’¹Αν
3114 4126 3263 4196 μάθῃ
3291 4125 3474 4192 λέγειν
3492 4125 3521 4178 6
3546 4124 3662 4187 υίός
3692 4141 3806 4187 σου,
3837 4125 4200 4190 Πίστευσον,

2530 4216 2590 4267 06
2628 4214 2915 4284 δυνήσεται
2940 4215 3017 4276 εἰς
3047 4213 3272 4282 θέατρον
3311 4211 3600 4282 ἀναϐῆναι,
3637 4211 3758 4264 οὐδὲ
3803 4210 3950 4283 [213]
3985 4213 4065 4275 εἰς
4102 4229 4204 4266 xa-

2531 4303 2753 4372 πηλεῖον
2784 4300 3065 4361 εἰσελθεῖν,
3088 4299 3208 4352 ούδέ
3233 4300 3290 4350 ἐν
3317 4299 3504 4362 κύϐοις
3533 4298 3811 4369 διατρίψαι
3829 4315 3843 4329 ⁸
3878 4300 3940 4352 16
3966 4300 4075 4370 γὰρ
4100 4302 4201 4372 ρἧ

2533 4403 2610 4453 μα
2652 4385 2811 4438 τοῦτο
2858 4386 2978 4436 ἀντὶ
3026 4382 3242 4453 χαλινοῦ
3291 4383 3354 4436 τὸ
3404 4383 3626 4454 στόμα(1
3663 4386 4064 4456 περικείμενον,
4104 4391 4201 4440 καὶ

2531 4473 2732 4525 ἄκοντα
2751 4469 3010 4542 ἐρυθριᾷν
3033 4470 3437 4538 παρασκευάσει
3463 4471 3556 4523 καὶ
3577 4471 3926 4542 αἰσχύνεσθαι
3947 4490 3961 4504 ·
3994 4473 4199 4526 εἴποτε

2530 4561 2588 4611 ἐν
2635 4557 2863 4620 ἐκείνοις
2910 4556 3126 4627 φανείη,
3172 4558 3266 4612 καί
3312 4559 3594 4629 ἀποπηδᾷν
3623 4561 3924 4626 ἀναγκάσει
3963 4562 4194 4630 ταχέως.

2543 4643 2703 4696 Ἀλλά
2736 4641 3106 4710 καταγελῶσιν
3138 4644 3360 4697 ἐκεῖνον
3414 4645 3548 4698 ἀλλά
3599 4647 3662 4698 σὺ
3700 4645 3968 4717 δάκρυσον
4017 4645 4197 4698 αὐτῶν

2529 4731 2627 4799 τὴν
2665 4729 3029 4800 παρανομίαν.
3072 4729 3260 4783 Πολλοὶ
3291 4733 3384 4784 καὶ
3413 4732 3507 4785 τοῦ
3541 4733 3662 4786 Νῶε
3699 4732 4070 4800 κατεγέλασάν
4099 4749 4196 4785 πο-

2531 4835 2607 4883 τε,
2637 4819 2725 4871 ὅτε
2747 4816 2843 4888 τὴν
2867 4815 3097 4870 κιϐωτὸν
3127 4820 3524 4885 κατεσκεύαζεν
3547 4841 3560 4854 ·
3593 4822 3707 4877 ἀλλ’
3733 4823 3822 4875 ὅτε
3849 4817 4012 4891 ἦλθεν
4043 4821 4072 4874 ὀ
4098 4839 4197 4875 κα-

2526 4905 2856 4976 τακλυσμὸς,
2893 4907 3096 4968 ἐκεῖνος
3127 4907 3304 4960 αὐτῶν
3333 4910 3667 4979 κατεγέλασε
3693 4925 3708 4938 ο
3741 4910 3942 4980 μᾶλλον
3967 4909 4024 4964 δέ
4051 4909 4196 4962 οὐδέ-

2527 5011 2656 5047 ποτε
2707 4992 2887 5046 αὐτῶν
2919 4992 3278 5060 κατεγέλασεν
3301 4997 3329 5049 ὀ
3354 4996 3583 5059 δίκαιος,
3618 4995 3731 5049 ἀλλ’
3757 4997 4023 5068 ἐθρὴνησε
4053 4996 4148 5049 καὶ
4168 5008 4190 5034 ο

2525 5077 3003 5143 ἐστέναξεν.⁶⁷οταν
3023 5073 3112 5131 οῦν
3149 5079 3260 5151 ἴδῃς
3286 5081 3580 5147 γελῶντας,
3610 5081 3880 5152 ἐννόησον,
3906 5083 3986 5134 ὅτι
4013 5081 4064 5132 οἱ
4096 5097 4190 5147 γε-

2525 5164 2721 5228 λῶντες
2750 5164 2844 5214 νῦν
2873 5163 3079 5229 ὀδόντες
3109 5168 3228 5218 τότε
3261 5167 3534 5236 κλαυθμὸν
3561 5169 3654 5220 καὶ
3675 5167 3917 5240 βρυγμὸν
3948 5167 4188 5234 ύποστὴο

2527 5267 2709 5303 σονται
2743 5249 3140 5318 χαλεπώτατον,
3182 5255 3276 5305 καὶ
3320 5252 3413 5305 τοῦ
3459 5253 3690 5321 γέλωτος
3715 5255 3906 5306 τούτου
3941 5249 4190 5322 μνησθὴ-

2525 5355 2705 5390 σονται
2731 5337 3003 5409 τρίζοντες
3047 5343 3166 5393 κατ’
3198 5341 3413 5411 ἐκείνην
3438 5342 3534 5412 τὴν
3560 5343 3770 5414 ἡμέραν
3792 5341 3883 5395 καὶ
3918 5339 4178 5409 βρυχόμε-

2523 5443 2620 5478 νοι’
2640 5424 2758 5478 τότε
2787 5427 3173 5499 ἀναμνησθήσῃ
3210 5426 3305 5480 τοῦ
3336 5428 3572 5495 γέλωτος
3602 5430 3812 5482 τούτου.
3875 5425 4020 5479 Πόσα
4049 5444 4185 5481 κατ-

2521 5514 2744 5582 εγέλασε
2794 5515 2889 5568 τοῦ
2951 5515 3202 5584 Λαζάρου
3252 5517 3281 5568 ὀ
3335 5517 3613 5583 πλούσιοςί
3646 5515 4008 5585 ἀλλ’ὕστερον
4060 5518 4187 5571 ἰδὼν

2581 5766 2607 5808 δ
2623 5776 2772 5839 aavil.
2794 5780 2861 5838 τῷ
2887 5793 3100 5839 στόματι.

2581 5843 2607 5871 ⁸
2629 5838 2780 5889 Savil.
2806 5846 2857 5888 el
2881 5838 3006 5889 unus
3029 5839 3275 5902 s'ﬁprgumav
3299 5841 3471 5904 αὐισῖη,
3509 5846 3602 5891 καί.
