4414 6670
407 420 514 475 τοο

406 528 533 597 quid
563 537 707 585 recte
726 528 1067 587 efficiendum
1094 538 1197 593 est,
1224 529 1366 601 quod
1388 547 1417 585 a
1440 532 1549 588 Deo
1578 532 1901 603 praecipitur,
1925 532 1998 585 ibi

406 633 513 673 non
541 633 673 690 opus
714 637 835 677 esse
862 624 948 677 vel
978 622 1233 691 temporis
1261 624 1345 677 vel
1389 624 1593 679 dierum
1634 638 1879 688 numero,
1909 632 1999 677 aut

405 712 594 777 spatiis
622 727 905 775 annorum,
935 711 1031 766 scd
1062 713 1252 768 timore
1277 714 1394 768 solo
1418 726 1472 769 et
1494 714 1770 784 religione,
1804 722 1859 767 et
1885 728 2002 766 om-

406 805 551 856 nium
580 815 859 873 compotes
887 802 1205 869 efliciemur,
1234 806 1390 877 idque
1418 806 1555 860 intra
1579 808 1832 876 exiguum
1866 814 1992 860 tem-

407 910 525 962 pus.

476 985 529 1039 8.
574 983 762 1045 Contra
790 982 976 1037 malam
994 986 1211 1054 jurandi
1244 987 1673 1041 consuetudinem.
1703 1017 1778 1027 —
1803 986 1995 1041 Verum

406 1091 475 1129 ne
502 1074 820 1129 existimetis
849 1088 933 1129 me
964 1074 1015 1128 id
1045 1084 1243 1133 temere
1269 1078 1469 1141 dicere,
1492 1076 1759 1132 hominem
1787 1076 1853 1132 ad
1878 1078 1996 1146 jus-

400 1166 685 1235 jurandum
733 1167 1186 1235 promptissimum
1232 1179 1287 1225 et
1330 1185 1490 1241 quem
1536 1186 1631 1223 vos
1667 1171 1997 1226 arbitramini

405 1258 574 1311 multo
599 1257 747 1325 plura
778 1256 1073 1323 iuramenta
1096 1262 1333 1329 proferre
1356 1276 1515 1332 quam
1539 1262 1721 1328 verba,
1742 1278 1864 1317 eum
1892 1263 1995 1315 mi-

407 1346 463 1399 hi
486 1348 611 1401 date
639 1351 706 1401 ad
736 1348 921 1402 decem
950 1348 1095 1416 dies,
1140 1361 1193 1405 et
1220 1354 1320 1408 nisi
1366 1354 1440 1406 illi
1472 1354 1607 1408 intra
1636 1368 1833 1423 paucos
1866 1355 1998 1407 istos

406 1437 524 1490 dies
551 1438 991 1495 consuetudinem
1017 1440 1227 1509 iurandi
1252 1444 1562 1508 abstulero,
1591 1454 1829 1501 extremo
1865 1459 1998 1512 sup-

408 1529 568 1598 plicio
590 1546 677 1586 me
704 1532 1053 1589 condemnate
1082 1553 1095 1588 :
1124 1546 1177 1591 et
1199 1537 1341 1607 quod
1370 1537 1468 1591 ista
1498 1536 1656 1591 verba
1680 1553 1785 1592 non
1806 1552 1996 1591 vanam

404 1621 749 1687 jactationem
781 1624 1042 1690 habeant,
1090 1643 1151 1680 ex
1186 1629 1346 1682 rebus
1374 1637 1498 1682 ante
1525 1628 1656 1681 actis
1684 1630 1885 1682 clarum
1916 1627 1998 1681 fa-

405 1712 567 1765 ciam.
597 1711 731 1778 Quid
757 1714 1005 1769 Ninivitis
1028 1716 1462 1782 irrationabilius,
1495 1717 1617 1785 quid
1640 1718 1888 1772 stultius?
1913 1727 1997 1772 at-

406 1810 581 1857 tamen
613 1802 823 1858 barbari
874 1806 962 1859 isti
1010 1815 1063 1859 et
1102 1805 1270 1869 stulti,
1320 1807 1409 1877 qui
1456 1808 1717 1862 neminem
1746 1822 1995 1877 umquam

409 1894 783 1964 philosophum
826 1898 1123 1959 audierant,
1152 1899 1343 1966 quibus
1373 1915 1659 1970 numquam
1691 1902 1812 1955 talia
1854 1917 1996 1969 pne-

404 1986 778 2052 ccpta.tradita
806 1996 976 2050 erant,
1016 1987 1213 2041 auditis
1242 1990 1322 2043 his
1349 1990 1620 2058 propheta:
1658 1990 1854 2053 verbis,
1888 1991 1998 2044 Ad-

405 2074 503 2125 huc
534 2084 632 2127 tres
657 2076 783 2139 dies,
815 2085 859 2129 et
880 2075 1070 2131 Ninive
1095 2078 1407 2132 subvertetur
1444 2080 1605 2151 (Jan.
1634 2082 1684 2135 5.
1714 2082 1748 2135 4
1770 2083 1789 2151 )
1815 2095 1829 2134 :
1862 2082 1999 2135 intra

405 2172 515 2216 tres
542 2163 656 2215 dies
684 2164 1041 2231 deposuerunt
1070 2169 1262 2221 malam
1285 2171 1725 2226 consuetudinem
1753 2189 1765 2224 :
1794 2184 1999 2226 scorta-

405 2264 489 2305 tor
516 2266 726 2317 castus,
778 2255 924 2310 ferox
958 2273 1299 2325 mansuetus,
1341 2261 1685 2317 defraudator
1725 2273 1781 2319 et
1818 2276 2000 2334 raptor

402 2344 679 2400 modestus
704 2355 758 2401 et
785 2346 1042 2417 benignus
1061 2390 1078 2416 ,
1108 2351 1328 2420 ignavus
1369 2353 1657 2409 industrius
1685 2354 1854 2408 factus
1892 2364 1993 2408 est.

402 2438 583 2507 Neque
612 2455 794 2505 unum,
818 2448 908 2493 aut
931 2441 1175 2506 alterum,
1199 2453 1291 2497 aut
1334 2444 1566 2507 tertium,
1596 2456 1687 2499 aut
1707 2454 1953 2515 quartum
1974 2486 1993 2513 ,

400 2534 494 2585 sed
526 2533 705 2585 omnia
738 2532 859 2586 vitia
889 2533 1047 2587 simul
1074 2546 1441 2590 correxerunt.
1468 2535 1523 2589 ld
1547 2537 1685 2591 unde
1709 2538 1889 2607 patet?
1917 2537 1994 2591 Ex

399 2624 576 2677 verbis
627 2624 923 2695 prophetae,
975 2627 1088 2694 ipse
1141 2627 1281 2679 cnim
1335 2638 1613 2682 accusator
1658 2643 1865 2696 eorum,
1906 2629 1995 2698 qui

396 2714 607 2767 dixerat
635 2714 942 2770 ascendisse
967 2718 1031 2770 ad
1055 2719 1214 2771 czclos
1241 2720 1530 2774 clamorem
1564 2721 1778 2774 malitia:
1808 2737 1993 2776 eorum

399 2804 547 2873 (Jan.
581 2806 631 2859 1.
661 2805 697 2859 2
720 2808 761 2875 ),
795 2808 907 2876 ipse
931 2849 945 2873 ,
981 2807 1217 2877 inquam,
1251 2810 1301 2863 in
1330 2814 1657 2865 contrarium
1686 2812 1753 2867 de
1783 2813 1885 2866 illis
1915 2823 1991 2867 te-

395 2906 567 2949 status
588 2906 689 2963 est,
714 2897 921 2963 dicens,
954 2897 1093 2951 Vidit
1111 2898 1248 2952 Deus
1272 2900 1535 2968 quemlibet
1556 2901 1804 2955 obstitisse
1821 2919 1852 2954 α
1872 2920 1993 2972 pra-

392 2986 470 3039 vis
494 2987 583 3039 viis
601 2988 706 3039 suis
733 2985 845 3045 (Id.
878 2989 931 3041 3.
969 2988 1117 3057 10.),
1150 3005 1254 3041 non
1295 2989 1599 3059 singulatim
1630 2991 1759 3044 dixit
1785 3006 1813 3043 a
1839 3006 1990 3045 scor-

396 3076 618 3140 tatione,
648 3076 910 3131 adulterio
938 3087 1030 3131 aut
1056 3077 1215 3141 furto,
1244 3077 1357 3142 sed,
1393 3080 1435 3131 Α
1466 3080 1556 3133 viis
1572 3080 1677 3133 suis
1703 3082 1889 3149 pravis.
1923 3083 1992 3135 At

394 3167 664 3234 quomodo
693 3168 1044 3222 abstiterunt?
1078 3168 1143 3223 Ut
1192 3170 1331 3223 Deus
1375 3170 1552 3235 novit,
1594 3185 1699 3224 non
1730 3181 1786 3224 ut
1829 3170 1989 3226 homo

393 3260 621 3312 censuit.
669 3259 836 3312 Porro
878 3275 1054 3314 annon
1097 3260 1397 3329 pudendum
1438 3262 1692 3317 barbaros
1722 3264 1858 3316 intra
1893 3265 1989 3317 tri-

395 3349 561 3401 duum
584 3365 677 3403 sua
704 3352 827 3403 vitia
849 3367 1043 3406 exuere
1063 3394 1077 3417 ,
1116 3367 1213 3405 nos
1240 3368 1306 3406 ne
1334 3369 1490 3407 unam
1517 3354 1727 3421 quidem
1755 3370 1981 3411 conSuc-

393 3439 630 3493 tudinem
652 3441 844 3494 malam
874 3457 1125 3511 superare.
1154 3458 1329 3512 posse,
1357 3444 1445 3513 qui
1472 3461 1564 3513 per
1593 3455 1668 3499 tot
1693 3446 1806 3499 dies
1829 3446 1984 3500 insti-

395 3530 593 3581 tuimur
612 3539 768 3598 atque
794 3532 1082 3586 docemur?
1103 3534 1261 3603 Atqui
1281 3534 1352 3587 illi
1373 3533 1440 3587 ad
1461 3544 1697 3589 extrema
1721 3537 1843 3590 vitia
1862 3551 1985 3591 eve-

393 3620 466 3673 cti
502 3627 658 3673 erant
690 3638 703 3673 :
734 3636 857 3674 cum
898 3623 1043 3674 enim
1087 3622 1264 3687 audis,
1298 3623 1511 3679 Clamor
1542 3628 1763 3681 malitia:
1791 3645 1970 3681 eorum

393 3711 626 3763 ascendit
656 3711 727 3762 ad
763 3727 844 3763 me
873 3712 909 3773 ',
941 3726 1011 3765 ne
1040 3712 1173 3765 mihi
1200 3714 1345 3767 aliud
1377 3715 1643 3787 intelligas
1672 3734 1834 3787 quam
1868 3719 1973 3773 im-

396 3817 639 3853 mensam
667 3800 955 3865 malitiam;
981 3811 1217 3858 attamen
1239 3813 1535 3875 potucrunt
1562 3808 1703 3861 intra
1728 3808 1970 3864 triduum

392 3888 457 3937 ad
484 3888 743 3959 integram
765 3892 1015 3949 virtutem
1032 3912 1150 3952 sese
1168 3899 1481 3953 transferre.
1507 3900 1607 3955 Ubi
1625 3904 1768 3957 enim
1790 3905 1957 3960 timor

393 3974 618 4039 l)ei,non
637 3994 772 4048 opus
787 3992 871 4037 est
886 3984 1079 4040 diebus
1096 3990 1377 4057 autspatio
1396 3993 1671 4060 temporis;
1690 4003 1953 4051 utcontra

387 4067 477 4121 ubi
509 4078 681 4124 metus
713 4086 817 4124 non
846 4080 949 4137 est,
983 4073 1111 4127 nihil
1137 4076 1401 4129 commodi
1446 4092 1509 4131 ex
1538 4076 1726 4132 diebus
1767 4093 1976 4134 enasci-

387 4171 492 4214 tur.
526 4159 592 4216 Ut
623 4162 761 4215 enim
795 4177 917 4216 vasa
944 4165 1241 4233 :eruginosa
1261 4207 1278 4233 ,
1305 4169 1347 4221 si
1370 4184 1503 4237 aqua
1530 4169 1699 4224 solum
1721 4170 1972 4238 ablueris,

383 4251 485 4304 ctsi
515 4253 735 4305 multum
766 4254 1019 4322 temporis
1041 4256 1295 4323 insumas,
1326 4273 1656 4330 nequaquam
1684 4261 1829 4315 omni
1850 4263 1975 4317 vitio

381 4344 733 4413 expurgabis;
777 4346 863 4415 qui
893 4359 1068 4400 autem
1100 4363 1161 4401 ea
1203 4350 1253 4402 in
1300 4351 1668 4406 conflatorium
1703 4356 1971 4422 immittit,

382 4434 531 4488 brevi
554 4440 809 4505 temporis
837 4452 1106 4493 momento
1138 4442 1496 4511 splendidiora
1526 4446 1610 4499 illa
1639 4446 1781 4512 facit,
1813 4464 1972 4517 quant

378 4541 502 4595 qua:
529 4542 662 4580 nova
690 4540 813 4584 sunt
841 4550 854 4583 :
885 4533 954 4585 ita
985 4534 1141 4588 etiam
1170 4534 1345 4590 anima
1378 4539 1572 4605 peccati
1601 4555 1804 4593 veneno
1834 4541 1969 4596 infe-

377 4628 488 4681 cta,
517 4618 559 4671 si
604 4618 791 4675 leviter
816 4632 871 4677 et
900 4633 1182 4695 utcumque
1216 4628 1445 4696 seipsam
1470 4632 1770 4695 exterscrit,
1794 4642 1847 4686 et
1878 4648 1970 4701 per

376 4709 615 4778 singulos
647 4710 762 4765 dies
789 4716 1152 4781 pmoitcntiam
1183 4721 1550 4791 assumpserit,
1580 4722 1713 4776 nihil
1742 4723 1970 4793 amplius

377 4804 900 4873 nanciscetur:qnod
928 4808 972 4859 si
1000 4810 1159 4863 veluti
1193 4811 1244 4865 in
1269 4809 1535 4868 fornacem
1574 4814 1671 4869 Dei
1716 4814 1964 4869 timorem

373 4905 434 4945 se
456 4894 717 4961 injecerit,
735 4895 878 4950 brevi
907 4899 1161 4966 temporis
1184 4911 1453 4956 momento
1479 4902 1727 4972 quidquid
1749 4905 1856 4957 vitii
1887 4916 1961 4958 est

372 4985 577 5038 abluet.
624 4986 701 5041 Ne
733 4987 888 5057 igitur
915 4988 966 5040 in
998 4988 1296 5055 proximum
1318 4991 1458 5046 dicm
1482 4994 1962 5060 procrastinemur:

374 5074 645 5130 Nescimus
674 5080 805 5132 enim
830 5079 948 5148 quid
972 5094 1180 5148 sequens
1206 5082 1314 5134 dies
1342 5085 1502 5149 pariet
1544 5083 1724 5151 (Prov.
1759 5085 1847 5138 27.
1887 5088 1961 5155 l);

367 5180 545 5236 neque
588 5167 847 5232 dicamus,
897 5170 1224 5225 Pedetcntim
1275 5174 1471 5228 malam
1524 5177 1963 5232 consuetudinem

365 5258 679 5311 evinccmus
711 5278 724 5312 :
768 5262 895 5317 illud
933 5262 1073 5317 enim
1102 5262 1420 5331 pedetentim
1458 5282 1741 5338 numquam
1768 5268 1959 5324 decrit.

365 5346 726 5415 Quamobrem
761 5350 878 5405 istis
903 5354 1117 5408 omissis
1153 5354 1278 5408 illud
1312 5354 1552 5412 dicamus
1598 5376 1613 5411 :
1653 5359 1759 5414 Nisi
1806 5360 1964 5417 hodie

361 5438 982 5507 correxerimusjurandi
1002 5460 1224 5510 morem,
1241 5460 1526 5514 numquam
1545 5447 1797 5515 futurum,
1821 5461 1879 5507 ut
1895 5452 1962 5509 ab

360 5551 427 5588 eo
455 5532 796 5594 absistamus,
820 5533 1029 5589 etiamsi
1057 5537 1202 5593 mille
1232 5549 1471 5608 premant
1500 5544 1734 5609 negetia,
1764 5546 1959 5601 etiarn-

359 5627 403 5677 si
436 5624 767 5679 moriendum
794 5623 882 5686 sit.
911 5628 1166 5695 supplicia
1193 5631 1459 5687 subeunda
1484 5633 1607 5698 sint,
1635 5636 1811 5688 omnia
1838 5653 1961 5705 per-

438 5724 450 5749 ’
491 5721 605 5768 ":eo
629 5726 744 5789 sunt
764 5718 945 5789 lienes.
973 5735 1107 5779 xvm,
1130 5725 1208 5789 20,
1230 5742 1341 5789 qum
1362 5727 1952 5789 protulitChrysostomus

370 5794 461 5841 pro
503 5796 564 5829 eo
607 5783 738 5843 quoi
780 5787 857 5829 est
900 5784 1035 5831 luna:
1063 5797 1091 5842 ι,
1137 5787 1181 5839 2,
1210 5783 1332 5845 Quin
1363 5783 1593 5840 'usccudit
1624 5783 1808 5900 mutua
1848 5790 1954 5853 ejus

370 5856 538 5891 torum
582 5857 673 5894 me.
1714 5864 1829 5900 amr.

370 5865 381 5889 t
398 5856 538 5891 0mm
582 5857 673 5894 me.
1699 5856 1829 5900 Eutr.

1400 420 1491 475 AD
1531 418 1848 478 POPULUM
1889 414 2377 478 ANTIOCHENUM
2440 416 2671 472 HOMIL.
2715 412 2831 473 XX.

3587 413 3695 469 2H)

2106 526 2279 584 denda
2310 528 2414 582 sint
2447 545 2461 581 :
2494 542 2599 583 non
2620 526 2867 583 dabimus
2886 526 3099 584 diabolo
3128 525 3355 599 ignavia:
3380 536 3696 596 potestatem

2107 632 2281 687 neque
2311 617 2889 687 comperendinationis
2914 618 3270 674 occasionem.
3301 618 3354 673 Si
3386 619 3527 674 Deus
3547 621 3699 674 vide-

2105 710 2173 763 rit
2194 720 2334 763 tuam
2363 710 2596 764 animam
2626 708 2845 780 ignitam
2877 720 2932 764 et
2960 710 3245 765 excitatum
3282 709 3552 771 studium.
3585 712 3701 781 ipso

2104 813 2313 867 quoque
2339 799 2597 868 profectui
2635 809 2723 853 tuo
2749 815 2965 870 operam
2992 802 3222 855 navabit.
3249 799 3488 858 Obsecro
3516 809 3570 856 et
3596 802 3697 856 ob-

2107 900 2292 955 testor,
2319 892 2601 963 diligentes
2628 892 2814 959 simus,
2839 908 2907 948 ne
2927 901 2981 947 et
3004 907 3100 947 nos
3118 893 3415 958 audiamus,
3451 893 3699 948 Homines

2106 980 2349 1035 Ninivitte
2371 992 2594 1052 surgent,
2634 991 2681 1035 et
2710 982 3112 1036 condemnabunt
3144 986 3514 1053 generationem
3544 985 3697 1037 istam

2104 1072 2255 1145 (Luc.
2286 1074 2370 1128 ll.
2396 1074 2500 1140 32)
2524 1116 2539 1140 ,
2575 1090 2640 1130 eo
2670 1074 2813 1145 quod
2851 1076 2925 1129 illi
2956 1074 3123 1130 semel
3149 1075 3405 1129 admoniti
3430 1091 3549 1131 sese
3573 1091 3697 1131 cor-

2104 1164 2358 1231 rexerint,
2388 1181 2483 1220 nos
2511 1181 2654 1236 sarpe
2675 1165 2933 1220 admoniti
2962 1182 3067 1222 non
3092 1178 3505 1222 convertamur:
3540 1168 3612 1221 illi
3644 1169 3695 1221 in

2102 1255 2245 1308 omni
2279 1255 2469 1309 virtute
2494 1256 2853 1324 profecerunt,
2894 1270 3079 1311 nosne
3104 1266 3307 1325 partem
3346 1256 3559 1324 quidem
3589 1258 3697 1310 \‘ir-

2104 1345 2229 1397 tntis
2252 1344 2401 1397 nobis
2428 1360 2713 1415 paramus:
2742 1346 2816 1399 illi
2835 1345 2994 1400 minis
3019 1348 3315 1401 eversionis
3348 1358 3697 1415 expaverunt,

2104 1449 2202 1488 nos
2230 1434 2631 1489 denuntiatione
2657 1435 2921 1505 gehennae
2949 1450 3054 1489 non
3077 1444 3441 1490 exterreamur
3473 1453 3486 1488 :
3521 1436 3595 1490 illi
3622 1446 3702 1491 et-

2101 1524 2144 1578 si
2169 1523 2546 1593 prophetarum
2574 1526 2856 1595 participes
2892 1542 3000 1581 non
3026 1525 3257 1592 fuerint,
3282 1540 3406 1580 cum
3435 1541 3532 1581 nos
3571 1542 3701 1596 pcr-

2103 1625 2258 1683 petua
2286 1616 2526 1669 doctrina
2555 1624 2609 1671 et
2632 1617 2794 1670 multa
2821 1618 2985 1685 gratia
3017 1619 3368 1687 perfruamur.
3402 1618 3529 1672 Haec
3556 1632 3697 1672 nunc

2104 1705 2312 1774 loquor,
2347 1722 2453 1760 non
2484 1721 2578 1760 vos
2602 1707 2670 1761 de
2718 1707 2930 1765 vestris.
2959 1708 3052 1761 sed
3081 1707 3149 1762 de
3177 1708 3365 1762 alienis
3385 1708 3701 1764 criminibus

2103 1795 2374 1851 incusans.
2406 1798 2514 1866 Ego
2540 1797 2701 1861 enim,
2732 1798 2865 1864 scio,
2893 1796 3033 1867 quod
3056 1804 3111 1850 et
3135 1806 3258 1851 ante
3276 1797 3406 1861 dixi,
3437 1798 3607 1868 legem
3631 1799 3700 1853 de

2097 1885 2444 1953 jurejurando
2475 1887 2695 1955 pulchre
2738 1898 2793 1942 et
2829 1887 3120 1943 efficaciter
3168 1903 3197 1941 a
3241 1887 3391 1941 vobis
3437 1891 3697 1956 praestari.

2105 1972 2299 2027 Verum
2345 1975 2396 2028 id
2436 1993 2541 2029 non
2580 1978 2710 2031 satis
2753 1986 2836 2030 est
2877 1977 2942 2031 ad
2973 1986 3208 2031 nostram
3239 1979 3487 2044 salutem,
3516 1979 3618 2032 nisi
3647 1988 3702 2033 et

2103 2062 2237 2117 alios
2277 2064 2518 2118 ducendo
2555 2068 2948 2119 correxerimus
2976 2084 2989 2118 :
3022 2066 3453 2136 quandoquidem
3495 2083 3563 2122 ne
3609 2068 3699 2123 ille

2103 2154 2316 2222 quidem
2339 2156 2656 2227 supplicium
2679 2158 2867 2222 evasit,
2895 2158 2981 2226 qui
3001 2158 3253 2211 talentum
3282 2160 3519 2227 protulit,
3541 2172 3595 2214 et
3618 2172 3699 2214 to-

2104 2256 2212 2299 tum
2255 2247 2555 2315 depositum
2587 2249 2817 2303 reddidit
2850 2248 3057 2318 (Matth.
3092 2249 3163 2303 25
3190 2250 3207 2317 )
3243 2265 3349 2304 :eo
3373 2251 3512 2321 quod
3544 2267 3697 2309 acce-

2102 2348 2244 2405 ptam
2273 2341 2548 2408 pecuniam
2588 2342 2733 2394 nullo
2761 2344 2998 2395 auctario
3037 2344 3431 2413 multiplicant.
3485 2345 3687 2413 Quatu-

2101 2428 2287 2482 obrem
2317 2445 2424 2483 non
2460 2431 2587 2485 illud
2617 2448 2647 2485 a
2676 2432 2829 2486 nobis
2849 2434 3196 2501 spectandum
3218 2476 3232 2496 ,
3276 2450 3346 2489 an
3373 2436 3470 2505 ipsi
3499 2438 3567 2490 ab
3593 2437 3696 2493 hoc

2101 2522 2488 2588 pcccatoliberi
2505 2524 2707 2588 simus;
2740 2538 2923 2577 verum
2951 2534 3235 2593 antequam
3262 2535 3316 2580 et
3335 2526 3469 2581 alios
3499 2528 3693 2583 liberos

2102 2611 2407 2674 reddamus,
2439 2628 2507 2667 nc
2526 2614 2865 2667 absis-tamus.
2892 2616 3126 2684 Quisque
3145 2614 3331 2670 decem
3360 2618 3559 2670 amicos
3584 2633 3612 2670 a
3635 2634 3694 2672 se

2098 2714 2371 2756 correctos
2403 2704 2512 2757 Deo
2549 2705 2808 2771 adducat,
2841 2707 2953 2761 sive
2986 2707 3092 2762 sint
3118 2706 3336 2774 famuli,
3382 2710 3496 2763 sive
3534 2709 3697 2764 disei-

2100 2796 2240 2861 puli;
2278 2796 2417 2863 quod
2446 2796 2490 2849 si
2524 2812 2621 2850 nec
2647 2796 2937 2867 discipulos
2965 2813 3064 2853 nec
3106 2798 3331 2853 famulos
3370 2799 3555 2863 habes.
3585 2802 3693 2855 sal-

2096 2894 2200 2939 tem
2228 2901 2429 2941 anncos
2462 2887 2652 2951 habes;
2700 2888 2798 2943 hos
2832 2888 3084 2947 emenda.
3120 2889 3303 2959 Neque
3349 2889 3478 2944 tnihi
3505 2891 3653 2946 dicas
3674 2934 3689 2958 ,

2092 2980 2345 3033 Crebram
2378 2980 2523 3035 illam
2549 2982 2761 3051 jurandi
2787 2983 3154 3039 assiduitatem
3185 2984 3502 3053 abiecimus,
3533 3001 3689 3040 raro-

2094 3086 2196 3137 que
2222 3070 2487 3137 labimur;
2517 3088 2700 3127 verum
2725 3084 2778 3127 et
2806 3072 2943 3126 hanc
2964 3089 3177 3144 quoque
3200 3076 3470 3130 raritatem
3498 3076 3687 3146 depel-

2096 3161 2192 3214 las.
2218 3161 2270 3215 Si
2299 3177 2459 3215 unum
2482 3177 2700 3217 aureum
2720 3165 3059 3232 perdidisses,
3082 3165 3170 3221 dic
3189 3166 3338 3231 mihi,
3362 3182 3540 3222 nonne
3564 3184 3687 3223 om-

2094 3264 2185 3305 nes
2213 3251 2389 3306 obires
2417 3254 2707 3322 quaerendo
2730 3262 2785 3308 et
2810 3255 3119 3325 vestigando
3142 3297 3157 3319 ,
3198 3265 3255 3310 ut
3286 3256 3588 3312 invenires?
3627 3257 3684 3313 ld

2091 3357 2298 3410 quoque
2342 3342 2392 3394 in
2431 3344 2746 3411 juramentis
2775 3344 2949 3400 facito.
2992 3347 3049 3402 Si
3092 3348 3291 3403 videris
3319 3358 3372 3404 te
3411 3350 3685 3420 inopinato

2086 3430 2154 3484 ad
2182 3448 2340 3486 unum
2365 3433 2737 3503 jusjurandum
2764 3436 2992 3507 lapsum,
3024 3438 3333 3508 ingemisce,
3367 3441 3505 3509 luge,
3530 3444 3681 3510 quasi

2084 3520 2176 3588 qui
2200 3524 2379 3576 omnia
2420 3532 2507 3578 tua
2537 3523 2673 3579 bona
2701 3526 3019 3594 perdideris.
3050 3528 3244 3583 lterum
3272 3529 3391 3584 dico
3410 3571 3425 3594 ,
3452 3531 3593 3600 quod
3626 3541 3686 3587 et

2084 3620 2239 3667 antea
2269 3613 2377 3669 dixi
2408 3632 2422 3668 :
2461 3614 2678 3671 lncludc
2707 3627 2759 3671 te
2787 3621 2920 3673 intra
2952 3630 3066 3673 tuas
3089 3620 3251 3689 :edes,
3283 3622 3683 3680 meditationem

2088 3699 2225 3757 hanc
2251 3712 2305 3756 et
2332 3707 2644 3759 exercitium
2674 3708 2919 3762 inStituas
2938 3724 3058 3763 cum
3088 3726 3274 3775 uxore,
3303 3727 3427 3767 cum
3460 3714 3642 3769 liberis
3662 3756 3680 3782 ,

2086 3806 2202 3845 cum
2223 3792 2574 3851 familiaribus
2598 3814 2612 3850 :
2640 3799 2719 3851 sic
2746 3808 2919 3855 tecum
2955 3801 3100 3868 prius
3127 3801 3365 3871 loquere,
3391 3803 3506 3859 Non
3533 3805 3679 3874 prius

2083 3893 2173 3938 aut
2199 3887 2423 3955 privata,
2444 3898 2534 3942 aut
2552 3890 2761 3960 publica
2778 3892 3055 3961 attingam,
3075 3909 3233 3963 quam
3255 3896 3482 3950 animam
3504 3912 3681 3953 meam

2082 3978 2432 4046 castigavero.
2461 3980 2517 4035 Si
2547 3996 2645 4036 vos
2666 3983 2731 4036 ad
2760 3998 2879 4037 eum
2908 3984 3122 4037 modum
3153 3985 3287 4039 filios
3318 3996 3525 4041 vestros
3552 4004 3680 4043 eru-

2079 4066 2304 4134 dieritis,
2337 4070 2542 4142 ipsique
2564 4064 2747 4128 rursus
2777 4090 2922 4136 suos,
2965 4086 3125 4145 atque
3154 4078 3220 4131 ita
3251 4093 3418 4146 uSque
3451 4079 3519 4134 ad
3545 4096 3676 4136 con-

2077 4160 2485 4215 summationcm
2514 4171 2568 4218 et
2595 4164 2880 4219 adventum
2904 4165 3101 4220 Christi
3125 4167 3402 4237 disciplina
3426 4172 3523 4224 ista
3550 4186 3675 4239 pro-

2080 4260 2319 4319 pagetur,
2374 4252 2476 4305 illis
2525 4256 2612 4322 qui
2644 4256 2842 4323 primas
2894 4256 3102 4311 radices
3152 4258 3399 4324 fixerunt,
3445 4261 3672 4315 solidum

2082 4342 2353 4408 pra-mium
2401 4343 2623 4399 adferet.
2677 4346 2731 4401 Si
2780 4346 3021 4415 proferre
3070 4349 3311 4403 didicerit
3363 4352 3499 4405 filius
3528 4360 3671 4419 tuus,

2077 4432 2256 4499 Crede,
2289 4452 2391 4487 non
2425 4436 2619 4505 poterit
2640 4437 2690 4489 in
2720 4438 2995 4492 theatrum
3019 4440 3329 4499 ascendere.
3360 4449 3454 4494 aut
3482 4458 3675 4513 caupo-

2078 4539 2199 4576 nam
2232 4526 2445 4587 subire.
2483 4536 2575 4581 aut
2615 4528 2745 4583 alere
2783 4528 3074 4583 immorari.
3107 4528 3337 4583 Verbum
3368 4532 3511 4585 enim
3544 4534 3673 4590 illud

2074 4614 2189 4681 ejus
2212 4618 2289 4667 ori
2322 4631 2415 4683 pro
2443 4616 2592 4671 freno
2627 4619 2956 4681 incumbens,
2991 4619 3210 4673 invitum
3241 4636 3453 4691 quoque
3478 4624 3543 4677 ad
3572 4641 3671 4693 pu-

2073 4702 2255 4755 dorem
2288 4714 2340 4757 υι
2368 4706 2734 4759 verecundiam
2774 4709 3035 4777 perpellet
3067 4727 3081 4763 :
3113 4710 3256 4780 quod
3286 4712 3331 4764 si
3380 4712 3672 4782 aliquando

2074 4792 2141 4845 ibi
2183 4796 2581 4864 conspiciatur,
2611 4798 2814 4853 resiliet
2858 4800 2985 4855 inde
3019 4803 3410 4872 quamprimum
3448 4802 3670 4872 poterit.

2071 4884 2175 4938 Sed
2198 4887 2287 4939 alii
2314 4896 2367 4941 te
2391 4888 2615 4944 irrident
2648 4908 2661 4945 :
2694 4901 2749 4944 tn
2773 4892 3009 4947 vicissim
3035 4895 3153 4948 illos
3170 4894 3411 4963 deplora.
3440 4894 3587 4949 Multi
3610 4902 3667 4950 et

2069 4975 2181 5030 Noe
2208 4977 2436 5033 ludibrio
2465 4979 2785 5046 habuerunt,
2826 4999 2945 5038 cum
2974 5000 3148 5037 arcam
3179 4984 3475 5051 conderet;
3503 4992 3667 5041 etet.-

2072 5084 2187 5121 rum
2219 5083 2339 5123 cum
2370 5072 2511 5125 venit
2549 5072 2802 5127 diluvium
2823 5115 2839 5138 ,
2872 5073 2985 5141 ipse
3022 5088 3117 5129 eos
3157 5076 3391 5130 vicissim
3438 5076 3603 5131 irrisit
3635 5092 3655 5131 :

2071 5160 2152 5211 vel
2184 5161 2357 5226 potius
2382 5176 2476 5217 eos
2507 5178 2793 5232 numquam
2830 5164 2992 5217 irrisit
3021 5164 3101 5217 vir
3126 5164 3331 5235 justus,
3364 5166 3455 5219 sed
3487 5167 3665 5237 lact-y-

2073 5251 2173 5305 mis
2206 5260 2261 5305 et
2292 5255 2574 5320 gemitibus
2615 5264 2973 5325 prosequulus
2998 5267 3098 5311 est.
3132 5258 3262 5313 Cum
3294 5258 3453 5327 igitur
3471 5275 3567 5315 eos
3591 5262 3668 5316 ri-

2069 5343 2256 5397 dentes
2289 5344 2516 5409 vidcris,
2549 5346 2755 5415 cogita,
2796 5348 2939 5416 quod
2979 5350 3066 5418 qui
3110 5364 3247 5401 nunc
3276 5348 3666 5407 cachinnantur

2070 5436 2259 5491 dentes
2300 5446 2424 5491 tunc
2452 5439 2714 5507 ploratum
2742 5449 2797 5494 et
2827 5440 3108 5493 stridorem
3139 5441 3513 5509 gravissimum
3537 5456 3656 5496 sus-

2068 5529 2340 5594 tinebunt,
2371 5540 2422 5583 et
2454 5529 2805 5585 lamentantes
2833 5531 2883 5583 in
2913 5531 3002 5584 illo
3026 5530 3113 5585 die
3138 5546 3202 5587 ac
3230 5533 3505 5587 collisione
3530 5534 3658 5587 stri-

2065 5621 2274 5685 dentes,
2304 5622 2444 5676 risus
2488 5623 2938 5686 recordabuntur;
2981 5630 3108 5678 tunc
3151 5632 3205 5678 et
3239 5633 3295 5679 tu
3326 5625 3464 5677 risus
3505 5624 3668 5680 istius

2064 5712 2451 5767 recordaberis.
2492 5713 2831 5783 Quantopere
2862 5713 3029 5769 irrisit
3059 5714 3310 5769 Lazarum
3352 5713 3441 5769 ille
3470 5714 3669 5771 dives?

2062 5806 2152 5859 sed
2186 5811 2524 5874 postmodum
2568 5822 2635 5862 eo
2672 5808 2723 5865 in
2750 5807 2873 5865 sinu
2898 5807 3129 5864 Abraha
3170 5815 3497 5879 conspecto,
3547 5808 3663 5877 ipse
