4452 6694
746 420 837 474 ΞΗ
1449 420 1512 479 S.
1548 418 1827 479 JOANNfS
1863 417 2338 479 CHRYSOSTOMI
2379 419 2694 476 ARCHIEP.
2734 421 3266 482 CONSTAN’I‘INOP.

745 533 977 596 seipsum
1005 531 1383 588 miserabiliter
1409 531 1648 587 deflevit.

809 620 863 675 9.
887 621 1087 677 Horum
1123 624 1280 694 igitur
1311 626 1546 679 omnium
1577 641 1801 689 memor,
1831 624 2096 694 compelle
2133 640 2325 693 qnam-

742 712 972 777 primum
1023 729 1209 769 omnes
1254 714 1321 769 ad
1363 715 1521 784 hujus
1571 719 1821 786 pra'eepti
1871 716 2324 784 adimpletionem.

746 799 929 872 Neque
953 805 1081 859 mihi
1110 804 1276 871 dicas,
1301 805 1562 862 Paulatim
1591 809 1640 864 id
1684 809 1890 872 faciam,
1920 817 2012 862 aut
2053 809 2105 862 in
2135 807 2327 863 crasti-

751 908 866 946 nam
892 895 1060 949 lucem
1090 895 1304 952 differas
1336 915 1349 951 :
1379 914 1500 955 cras
1520 901 1662 956 enim
1693 899 1817 954 illud
1849 914 2137 969 numquam
2169 898 2326 952 t’incm

749 983 988 1051 accipiet.
1017 985 1377 1058 Quadraginta
1420 989 1536 1044 dies
1569 991 1678 1060 jam
1717 988 2122 1058 prmterierunt:
2154 990 2196 1043 si
2227 989 2328 1042 Pa-

747 1073 874 1127 scha
901 1091 1114 1145 quoque
1139 1094 1350 1134 sacrum
1374 1080 1704 1148 pneterierit,
1730 1079 1859 1132 nulli
1883 1079 1994 1148 jam
2021 1079 2214 1134 deinde
2235 1094 2324 1131 ve‘

743 1165 885 1219 niam
913 1166 1070 1233 dabo,
1129 1183 1233 1223 non
1259 1171 1696 1236 admonitionem,
1747 1171 1840 1226 sed
1889 1172 1993 1224 vim
2039 1170 2243 1237 imperii
2275 1177 2330 1222 et

746 1259 1083 1312 severitatem
1113 1274 1218 1312 non
1257 1262 1699 1316 contemnendam
1729 1262 2008 1316 adhibebo.
2043 1260 2157 1314 Non
2184 1261 2326 1314 enim

741 1345 912 1398 valida
935 1355 1018 1401 est
1045 1349 1160 1401 inec
1181 1349 1583 1406 consuetudinis
1611 1351 1898 1406 excusatio.
1927 1349 2035 1404 Cur
2065 1365 2168 1404 non
2195 1367 2329 1418 prte-

745 1435 914 1491 tendit
934 1435 1018 1492 fur
1045 1440 1503 1502 consuetudinem,
1549 1449 1602 1494 et
1644 1455 1672 1492 a
1721 1439 1983 1509 supplicio
2032 1441 2333 1494 liberatur?

741 1542 838 1580 cur
867 1543 970 1581 non
1015 1529 1153 1583 idem
1183 1530 1303 1583 facit
1332 1530 1593 1584 homicida
1629 1539 1683 1584 et
1723 1531 1978 1586 adulter?
2009 1533 2128 1587 Jam
2171 1533 2332 1602 igitur

740 1615 996 1670 denuntio
1045 1629 1098 1672 et
1129 1628 1413 1682 protestor,
1441 1621 1483 1674 si
1516 1623 1829 1676 conveniam
1874 1623 2130 1692 singulos,
2162 1632 2213 1674 et
2239 1638 2331 1674 ex-

742 1726 1070 1741 mg

3911 430 4018 486 ΞΙΞ

2437 532 2790 600 perimentum
2817 547 3025 588 sumam
3051 537 3196 606 (nam
3225 534 3362 589 haud
3392 533 3552 590 dubie
3578 540 3846 608 sumam);
3879 545 4018 610 quod

2437 626 2481 678 si
2510 624 2902 695 deprehendam
2928 627 3136 696 aliquos
3184 629 3300 684 haec
3343 628 3468 682 vitia
3519 642 3627 682 non
3667 631 3969 687 correxisse
3997 674 4014 699 ,

2433 731 2645 784 pinnam
2682 716 2944 786 irrogabo,
2983 717 3214 783 edicam,
3243 729 3301 774 ut
3321 720 3450 775 foris
3471 727 3615 774 extra
3641 731 3797 772 sacra
3815 729 4019 788 myste-

2433 807 2510 858 ria
2535 809 2849 871 consistant,
2876 805 3035 875 idque
3058 813 3262 862 non'eo
3285 809 3465 863 animo
3493 817 3551 862 ut
3582 806 3710 862 foris
3746 817 4019 876 maneant,

2433 895 2525 948 sed
2555 906 2611 950 ut
2632 907 2913 966 postquam
2953 910 3013 950 se
3039 895 3458 959 emendaverint,
3491 899 3632 952 intus
3672 895 3872 965 recepti
3896 913 4019 950 cum

2433 999 2566 1053 pura
2593 989 2920 1042 conscientia
2965 1001 3115 1040 sacra
3140 1001 3327 1040 mensa
3376 987 3656 1044 fruantur:
3684 987 3736 1043 id
3762 988 3904 1043 enim
3936 999 4020 1042 est

2433 1079 2825 1134 communionis
2845 1081 3156 1150 participem
3184 1078 3319 1134 fieri.
3368 1079 3566 1136 Precor
3589 1094 3789 1149 autem,
3820 1092 3878 1136 ut
3926 1098 4022 1151 per

2441 1181 2630 1237 preces
2659 1178 2767 1222 tum
2795 1170 3104 1238 prmsidum,
3159 1179 3268 1224 tum
3296 1179 3600 1225 sanctorum
3636 1175 3871 1228 omnium
3906 1173 4022 1226 ha:c

2434 1268 2490 1311 et
2509 1257 2610 1310 alia
2635 1257 2759 1312 vitia
2784 1259 2963 1312 omnia
2991 1260 3353 1323 emendantes,
3389 1274 3611 1327 regnum
3634 1264 3886 1318 caelorum
3906 1264 4021 1317 adi-

2439 1348 2724 1415 piscamur,
2774 1350 2946 1418 gratia
2991 1360 3045 1403 et
3073 1351 3398 1420 benignitate
3448 1349 3656 1404 Domini
3698 1356 3864 1409 nostri
3890 1355 4018 1410 Jesu

2437 1437 2654 1502 Christi,
2701 1455 2822 1492 etim
2858 1453 2966 1508 quo
3005 1439 3150 1493 Patri
3197 1457 3318 1494 cum
3358 1449 3542 1493 sancto
3569 1437 3768 1508 Spiritu
3807 1445 3972 1512 gloria
4000 1485 4016 1507 ,

2440 1529 2612 1582 honor
2637 1538 2694 1583 et
2716 1529 2979 1594 adoratio,
3004 1543 3145 1583 nunc
3172 1537 3226 1582 et
3253 1544 3488 1599 semper,
3513 1540 3568 1584 et
3610 1528 3662 1582 in
3689 1533 3884 1585 saecula
3914 1548 4019 1587 sa:-

2439 1620 2704 1674 cnlorum.
2741 1621 2928 1675 Amen.

742 1797 801 1845 ΙΝ
849 1799 1128 1844 EPISCOPI
1181 1804 1482 1847 FLAVIANI
1529 1805 1851 1856 REDITUM,
1898 1804 1978 1844 ΕΤ
2022 1803 2085 1844 ΙΝ
2130 1801 2496 1843 IMPERATOR

2262 1801 2556 1843 ERATORIS
2602 1803 2732 1843 CUM
2776 1801 3075 1844 ClVlTATE
3121 1803 3763 1857 RECONCILIATIONEM,
3810 1805 3891 1846 ΕΤ
3935 1807 4020 1847 ΔΙ)

1547 1900 2032 1945 Ριιιενλιιιϐλτοε
2077 1900 2138 1941 IN
2184 1899 2566 1941 STATUARUM
2611 1897 3094 1944 SUBVERSIONEM
3142 1897 3184 1942 ί.

2350 2001 2418 2079 Q

1340 2144 1555 2182 HOIIIJA
1597 2143 1707 2181 ιχι.

809 2240 863 2294 Ι.
897 2240 1126 2294 Averbo
1176 2256 1206 2294 a
1263 2256 1367 2308 quo
1411 2255 1624 2309 semper
1681 2239 2032 2306 periculorum
2084 2244 2326 2304 tempore

740 2330 882 2397 apud
927 2330 1204 2384 caritatem
1253 2339 1482 2383 vestram
1515 2328 1748 2382 exordiri
1800 2341 2203 2389 consueverant,
2258 2325 2328 2378 ab

742 2418 954 2482 eodem,
988 2417 1223 2486 inquam,
1258 2426 1310 2471 et
1338 2415 1499 2470 hodie
1536 2415 1672 2484 apud
1704 2429 1800 2468 vos
1843 2428 2146 2467 sermonem
2191 2412 2325 2466 inci—

742 2509 903 2577 piam,
949 2515 1004 2562 et
1055 2507 1228 2561 dicam
1277 2506 1600 2560 vobiscum:
1650 2503 1968 2558 Benedictus
2022 2503 2183 2568 Deus,
2233 2504 2323 2572 qui

742 2598 878 2652 hanc
905 2613 1002 2652 nos
1033 2597 1308 2652 vobiscum
1337 2611 1544 2651 sacram
1570 2595 1959 2650 solemnitatem
1987 2609 2107 2648 cum
2129 2593 2325 2664 gaudio

740 2698 792 2743 et
821 2689 1002 2742 ltetitia
1030 2688 1193 2742 multa
1223 2687 1382 2742 hodie
1421 2687 1693 2742 celebrare
1731 2685 1978 2754 dignatus
2002 2693 2108 2751 est,
2149 2693 2205 2738 et
2236 2685 2326 2752 qui

741 2789 899 2849 caput
951 2781 1162 2848 corpori
1199 2779 1446 2841 reddidit,
1483 2787 1533 2830 et
1573 2786 1841 2847 pastorem
1880 2775 2089 2838 ovibus,
2125 2790 2325 2844 prmce-

746 2880 954 2940 plorem
980 2869 1277 2939 discipulis,
1302 2869 1555 2922 militibus
1570 2867 1780 2930 ducem,
1799 2865 2166 2920 sacerdotibus
2197 2880 2330 2934 pon-

743 2962 959 3016 tifieem.
991 2960 1308 3016 Benedictus
1343 2960 1482 3014 Deus
1506 2958 1595 3029 qui
1621 2973 1689 3013 ex
1723 2955 2171 3026 superabondanti
2211 2957 2329 3024 plus

743 3053 886 3116 facit,
935 3068 1094 3122 quam
1139 3052 1367 3120 petimus
1389 3057 1481 3104 aut
1508 3049 1804 3119 cogitamus
1849 3046 2070 3117 (Ephes.
2117 3047 2171 3101 ὅ.
2207 3046 2325 3115 20).

743 3141 910 3195 Nobis
935 3142 1076 3195 enim
1115 3141 1363 3195 sufficere
1387 3138 1666 3194 videbatur
1706 3137 1776 3191 ab
1819 3136 2136 3192 instantibus
2175 3135 2330 3190 malis

744 3233 954 3287 interim
1003 3233 1252 3296 liberari,
1306 3241 1361 3286 et
1403 3246 1499 3302 pro
1543 3230 1646 3284 hoc
1695 3243 1908 3283 omnem
1954 3227 2330 3282 cmittebamus

747 3323 1188 3393 supplicationem
1240 3325 1313 3390 ’;
1371 3322 1817 3380 clementissimus
1859 3328 2034 3373 autem
2088 3319 2229 3373 Deus
2275 3326 2330 3372 et

743 3417 900 3471 donis
945 3417 1228 3482 petitiones
1257 3424 1470 3470 nostras
1515 3429 1730 3482 semper
1758 3412 1924 3466 multo
1961 3423 2190 3465 excessu
2238 3423 2330 3462 su-

745 3523 961 3577 perans,
993 3509 1154 3562 etiam
1186 3517 1389 3576 patrem
1421 3505 1574 3559 nobis
1613 3503 1758 3558 omni
1805 3517 1902 3572 spe
1927 3501 2159 3556 celerius
2203 3498 2328 3553 red-

744 3598 898 3651 didit.
929 3596 1058 3664 Quis
1086 3598 1228 3650 enim
1269 3603 1632 3665 exspectasset
1674 3602 1782 3647 tam
1817 3591 2002 3660 paucis
2044 3589 2235 3645 diebus
2277 3597 2332 3644 et

745 3685 1134 3758 profecturum,
1161 3694 1216 3739 et
1254 3683 1631 3752 Imperatorem
1669 3681 2060 3750 alloquuturum
2087 3689 2140 3733 et
2185 3678 2330 3732 solu-

746 3787 922 3829 turum
953 3775 1196 3837 adversa,
1237 3781 1291 3828 et
1306 3787 1512 3826 rursum
1542 3772 1608 3825 ad
1637 3785 1734 3824 nos
1757 3779 1865 3824 tam
1896 3768 2042 3823 brevi
2077 3782 2329 3822 reversu-

744 3881 862 3920 rum
891 3879 1031 3928 esse,
1060 3874 1118 3918 ut
1143 3879 1352 3918 sacrum
1379 3861 1580 3916 Pascha
1612 3869 1792 3930 posset
1821 3858 2116 3927 pnevcnire
2153 3866 2209 3911 et
2231 3872 2328 3911 no-

743 3959 950 4012 biscum
976 3957 1288 4012 celebrare?
1314 3956 1419 4010 Sed
1447 3970 1535 4017 en,
1563 3955 1981 4021 inexspectatum
2002 3949 2106 4004 hoc
2133 3949 2329 4004 factum

743 4057 845 4111 est,
893 4059 943 4102 et
971 4057 1175 4116 patrem
1215 4046 1546 4114 recepimus,
1579 4052 1632 4098 et
1672 4042 1875 4112 majore
1915 4041 2144 4096 fruimur
2174 4041 2328 4094 volu-

746 4148 913 4208 ptate,
945 4139 1116 4207 ipsum
1143 4151 1285 4192 nunc
1315 4145 1507 4206 praeter
1531 4150 1681 4204 spem
1705 4133 2062 4202 suscipiendo.
2095 4132 2202 4187 Pro
2225 4132 2327 4198 his,

746 4231 981 4297 inquam,
1015 4229 1260 4283 omnibus
1285 4227 1706 4282 clementissimo
1723 4225 1833 4280 Deo
1856 4224 2056 4295 gratias
2084 4237 2324 4294 agamus,

747 4328 802 4373 et
828 4319 994 4388 ipsius
1046 4319 1334 4387 potentiam
1382 4317 1726 4380 admiremur,
1758 4323 1812 4370 et
1852 4316 2232 4384 benignitatem
2274 4323 2331 4369 et

745 4409 1065 4476 sapientiam
1095 4417 1149 4462 et
1173 4423 1376 4471 curam,
1432 4421 1589 4476 quam
1617 4421 1712 4475 pro
1737 4405 1951 4459 civitate
1989 4405 2174 4474 gessit.
2206 4403 2330 4456 Dia-

745 4498 904 4553 bolus
949 4514 1144 4568 nempe
1203 4513 1418 4552 onmem
1474 4497 1640 4565 ipsam
1695 4510 1792 4566 per
1842 4494 2077 4550 facinora
2125 4503 2330 4564 patrata

748 4590 977 4644 obruere
1001 4589 1242 4651 tentavit,
1274 4587 1416 4642 Deus
1447 4601 1578 4641 vero
1593 4586 1865 4640 civitatem
1901 4592 1956 4638 et
2001 4584 2331 4639 sacerdotem

743 4689 797 4734 et
823 4680 1201 4749 Imperatorem
1225 4695 1320 4748 per
1345 4678 1482 4732 hanc
1507 4675 1717 4731 ornavit
1739 4675 2117 4738 calamitatem,
2144 4682 2196 4728 et
2217 4689 2334 4728 om-

746 4787 844 4829 nes
889 4771 1122 4827 reddidit
1166 4771 1440 4825 clariores.
1498 4769 1699 4824 Civitas
1745 4783 1939 4837 nempe
1988 4765 2329 4836 splendorem

745 4871 1028 4932 assequuta
1065 4869 1167 4926 est,
1194 4861 1316 4932 quia
1359 4859 1596 4929 periculo
1624 4859 1712 4913 tali
1762 4859 2146 4922 circumventa,
2199 4872 2332 4926 prse-

749 4954 1014 5010 lermissis
1040 4953 1288 5008 omnibus
1329 4951 1462 5005 viris
1497 4949 1816 5018 potentibus,
1845 4950 2094 5004 omnibus
2135 4947 2332 5002 divitiis

749 5043 1166 5108 abundantibus,
1214 5042 1461 5097 omnibus
1495 5055 1739 5109 magnam
1775 5040 1913 5108 apud
1952 5041 2330 5109 Imperatorem

751 5135 1042 5203 potentiam
1072 5133 1407 5194 habentibus,
1439 5132 1502 5186 ad
1529 5131 1823 5186 Ecclesiam
1851 5139 1906 5184 et
1940 5131 2029 5184 Dei
2075 5129 2330 5185 sacerdo-

753 5233 860 5285 tem
890 5223 1148 5294 confugit,
1180 5233 1374 5278 etcum
1407 5223 1569 5277 multa
1598 5220 1700 5276 fide
1729 5221 1928 5276 caelesti
1958 5236 2015 5274 se
2039 5222 2151 5290 spei
2181 5236 2332 5276 com-

754 5316 923 5373 tnisit.
951 5315 1125 5371 Multis
1164 5329 1394 5385 namque
1424 5322 1544 5384 post
1569 5312 1868 5368 communis
1899 5313 2063 5380 patris
2096 5311 2330 5382 peregri.

751 5408 1023 5471 nationem
1052 5408 1104 5462 in
1125 5422 1339 5463 carcere
1359 5406 1660 5461 habitantes
1683 5405 2003 5460 terrentibus
2029 5413 2080 5458 et
2112 5403 2337 5457 dicenti-

808 5603 825 5632 ⁸
859 5601 1001 5652 Savil.
1030 5607 1082 5650 et
1101 5599 1292 5662 quidam
1314 5598 1392 5647 alii
1415 5600 1494 5662 sic
1509 5598 1700 5650 titulum
1723 5597 1907 5662 habent
1931 5611 1944 5646 :
1979 5607 2033 5662 I_n
2057 5595 2338 5646 reroncilia-

741 5661 921 5712 tionem
940 5657 1263 5730 imperatoris
1279 5673 1388 5730 cum
1408 5661 1615 5730 cipitate,
1655 5668 1702 5730 e_t
1724 5659 1774 5710 in
1791 5657 2135 5730 pra’varicatos
2157 5665 2337 5708 statua-

742 5735 852 5790 runt
875 5721 1190 5790 succersionc,
1206 5728 1264 5790 _et
1288 5721 1338 5770 in
1357 5722 1565 5790 reditum
1587 5721 1825 5790 Episcopi.
1885 5780 1894 5790 _

807 5786 831 5848 1
844 5785 999 5848 Asavil.
1028 5794 1078 5834 et
1101 5785 1300 5848 quidam
1326 5781 1410 5848 alii
1438 5797 1450 5830 :
1491 5781 1725 5835 lustrauit:
1749 5781 1972 5846 etfuqissc
1994 5782 2228 5845 pericula,
2248 5794 2337 5843 pro

748 5845 923 5906 quibus
942 5845 1133 5896 onnwm'
1156 5845 1500 5903 emittebamm,
1527 5853 1620 5895 etc.

2436 2119 2554 2184 bus,
2581 2118 2696 2172 Non
2716 2118 2909 2174 lenitur
2935 2119 3249 2189 Imperator,
3280 2121 3372 2174 sed
3401 2122 3568 2192 magis
3596 2122 3848 2184 irritatur,
3879 2133 3932 2177 et
3953 2123 4021 2178 de

2437 2212 2596 2264 totius
2623 2213 2850 2266 civitatis
2890 2214 3238 2267 subversione
3264 2213 3481 2280 cogitat,
3527 2223 3583 2268 et
3609 2215 3710 2268 alia
3741 2216 3901 2268 multa
3933 2216 4016 2270 his

2435 2303 2582 2371 plura
2607 2303 3018 2374 divulgantibus,
3050 2303 3212 2356 vincti
3246 2302 3412 2355 nihilo
3463 2313 3588 2358 tunc
3628 2320 3690 2358 ex
3733 2304 3833 2359 hac
3878 2305 4016 2358 fama

2436 2396 2726 2449 timidiores
2757 2395 2944 2449 redditi
2977 2405 3128 2459 sunt;
3184 2394 3280 2448 sed
3324 2394 3479 2448 nobis
3530 2395 3851 2461 dicentibus,
3896 2398 4020 2452 "me

2434 2485 2560 2538 falsa
2601 2495 2654 2540 et
2683 2485 2878 2540 diaboli
2926 2485 3124 2539 fraudis
3169 2499 3332 2554 Opera
3361 2493 3505 2549 sunt,
3558 2485 3765 2538 animos
3811 2496 4021 2542 vestros

2433 2585 2783 2630 COItSlel'llal'e
2812 2575 3057 2640 volentis,
3088 2575 3228 2628 Nihil
3255 2589 3494 2644 egemus,
3543 2573 3770 2637 aiebant,
3816 2575 4009 2628 verbo-

2433 2678 2550 2716 rum
2578 2665 2946 2719 consolatione
2976 2682 2990 2720 :
3016 2664 3214 2719 scimus
3252 2665 3394 2717 enim
3447 2661 3510 2716 ad
3546 2678 3704 2732 quem
3759 2663 3828 2717 ab
3867 2663 4020 2718 initio

2431 2753 2790 2824 confugimus,
2818 2765 2870 2808 et
2900 2756 3043 2824 quali
3067 2756 3178 2824 spei
3209 2754 3528 2808 adhresimus
3557 2771 3571 2807 :
3602 2769 3765 2808 saera:
3791 2755 4016 2809 salutem

2434 2855 2666 2898 nostram
2698 2861 2908 2900 ancora:
2961 2845 3248 2912 affixiznus,
3300 2861 3399 2901 nec
3443 2845 3642 2900 homini
3694 2847 4017 2901 credidimus

2435 2935 2595 3002 hanc,
2628 2935 2721 2990 sed
2747 2936 3094 3004 omnipotenti
3121 2936 3249 2990 Deo.
3285 2936 3567 3005 Propterea
3586 2936 3779 2991 bonum
3806 2953 4018 3008 quaque

2434 3026 2593 3081 finem
2636 3028 2867 3082 futurum
2899 3029 3116 3082 omnino
3154 3027 3474 3082 confidimus
3515 3046 3528 3083 :
3575 3044 3679 3083 non
3725 3041 3806 3084 est
3853 3031 4014 3096 enim,

2434 3133 2538 3171 non
2566 3127 2644 3172 est
2672 3119 2805 3172 hanc
2831 3133 2978 3188 spem
3016 3135 3262 3188 umquam
3305 3118 3555 3172 confundi
3591 3135 3749 3188 posse
3792 3122 4018 3176 creden-

2431 3207 2579 3263 dum.
2611 3209 2721 3264 lloc
2743 3220 2872 3279 quot
2897 3225 3144 3274 coronas,
3176 3221 3304 3279 quot
3352 3210 3534 3264 laudes
3579 3211 3779 3265 civitati
3822 3225 4018 3266 nostra

2431 3302 2794 3370 comparabit9
2820 3314 3070 3372 quantam
3103 3303 3190 3355 Dei
3220 3303 3512 3355 lucrabitur
3548 3301 3971 3358 benevolentiam
4000 3346 4015 3366 ,

2432 3390 2591 3443 etiam
2622 3390 2674 3444 in
2699 3391 2919 3459 reliquis
2951 3393 3211 3456 negotiis?
3242 3392 3352 3445 Non
3384 3401 3465 3446 cst
3489 3395 3649 3455 enim,
3689 3410 3793 3447 non
3817 3405 3899 3449 est
3924 3412 4016 3449 cu-

2428 3477 2647 3546 juslibet
2670 3481 2864 3533 animm
2897 3481 2946 3532 in
2977 3481 3320 3534 tentationnm
3347 3482 3558 3536 incursu
3588 3483 3821 3551 vigilare,
3869 3495 3922 3538 et
3949 3485 4016 3537 ad

2432 3569 2600 3622 Deum
2656 3570 2948 3636 respicere,
3001 3581 3056 3623 et
3099 3572 3274 3624 omnia
3323 3571 3616 3626 deridendo
3650 3573 3898 3638 humana,
3948 3573 4016 3626 ad

2431 3657 2557 3711 illud
2584 3659 2834 3711 auxilium
2867 3661 3168 3713 anlielasse.

2509 3746 2746 3800 Flaviani
2763 3749 2832 3800 ad
2859 3747 3227 3817 Imperatorem
3255 3754 3526 3818 profectus.
3546 3781 3615 3790 —
3639 3751 3797 3820 Igitur
3827 3752 4015 3805 civitas

2435 3839 2647 3908 quidem
2676 3840 2746 3892 ita
2769 3840 3106 3908 splendorem
3147 3851 3426 3908 assequuta
3463 3852 3571 3905 est;
3604 3843 3854 3896 sacerdos
3893 3860 4014 3896 rur-

2433 3943 2549 3982 sum
2579 3944 2681 3981 non
2714 3929 2888 3982 minus
2933 3944 3091 3998 quam
3141 3929 3366 3983 civitas:
3397 3929 3630 3982 animam
3657 3931 3798 3984 enim
3858 3945 4016 3982 suam

2433 4033 2531 4087 pro
2586 4018 2831 4072 omnibus
2879 4019 3144 4088 exposuit,
3191 4027 3246 4072 et
3317 4018 3498 4074 multis
3567 4018 4012 4087 impedientibus,

2434 4108 2647 4178 hyeme,
2681 4117 2858 4173 a‘tate,
2889 4109 3204 4174 festivitate,
3237 4125 3338 4164 nec
3384 4109 3562 4163 minus
3591 4122 3776 4162 sorore
3819 4107 3884 4161 ad
3919 4124 4017 4161 ex-

2435 4209 2634 4254 tremos
2663 4199 2889 4254 deducta
2933 4201 3170 4269 spiritus,
3211 4201 3462 4255 omnibus
3507 4200 3753 4270 superior
3799 4200 4018 4254 emicuit

2432 4290 2848 4359 impedimentis,
2874 4305 2973 4345 nec
3001 4292 3137 4345 intra
3161 4292 3394 4361 seipsum
3417 4291 3552 4346 dixit
3577 4311 3588 4346 :
3614 4291 3752 4360 Quid
3780 4293 3881 4345 hoc
3907 4291 4020 4346 est?

2432 4381 2544 4434 sola
2577 4380 2732 4435 nobis
2761 4380 3020 4435 derelicta
3067 4395 3240 4446 soror,
3269 4390 3325 4436 et
3368 4396 3574 4436 mecum
3606 4380 3803 4436 Christi
3831 4381 4016 4451 jugum

2432 4468 2670 4535 trahens,
2701 4477 2756 4524 et
2780 4478 3020 4539 tempore
3042 4477 3191 4524 tanto
3233 4485 3442 4526 mecum
3485 4480 3838 4530 commorata,
3870 4485 4017 4524 nunc

2434 4559 2490 4612 in
2513 4558 2769 4614 extremis
2791 4568 2907 4625 est;
2935 4575 3034 4614 nos
3054 4575 3184 4614 vero
3208 4561 3377 4630 ipsam
3400 4559 3709 4615 deserentes
3727 4559 4016 4623 abibimus,

2435 4663 2536 4705 nec
2562 4648 2928 4718 exspirantem
2958 4649 3279 4714 videbimus,
3305 4658 3360 4703 et
3402 4650 3617 4703 ultimas
3654 4663 3817 4702 voces
3857 4650 4020 4702 emit-

2435 4740 2682 4797 tentem?
2707 4739 2776 4795 Et
2802 4741 2916 4811 ipsa
2941 4739 3156 4811 quidem
3179 4739 3417 4811 quotidie
3443 4739 3652 4805 orabat,
3684 4747 3744 4794 ut
3771 4739 3873 4794 sibi
3901 4755 4024 4793 ocu-

2435 4832 2517 4886 los
2545 4830 2918 4886 clauderemus
2937 4871 2951 4896 ,
2983 4839 3039 4885 et
3078 4845 3138 4885 os
3168 4829 3614 4900 conjungeremus
3643 4839 3700 4885 et
3728 4844 4024 4898 compone-

2435 4935 2653 4986 remus,
2686 4935 2749 4974 ac
2795 4921 2998 4989 reliqua
3040 4920 3105 4973 ad
3153 4921 3478 4990 sepulturam
3507 4928 3763 4976 consueta
3805 4934 4022 4974 curare-

2437 5025 2556 5064 nms
2583 5027 2596 5076 ;
2631 5026 2771 5064 nunc
2801 5025 2930 5063 vero
2978 5019 3245 5079 tamquam
3275 5011 3505 5078 deserta,
3532 5021 3585 5064 et
3607 5018 3781 5064 tutore
3808 5024 4017 5077 carens,

2439 5101 2570 5154 nihil
2621 5101 2811 5155 horum
2869 5111 3182 5170 assequetur
3219 5116 3246 5154 a
3291 5115 3584 5171 germano,
3617 5115 3646 5152 a
3676 5114 3782 5169 quo
3809 5103 4021 5171 assequi

2438 5193 2667 5247 maxime
2690 5191 3002 5261 pemptahat
3024 5234 3038 5257 ,
3069 5193 3161 5246 sed
3191 5193 3422 5245 animam
3453 5189 3723 5255 emittens,
3754 5205 3856 5245 non
3884 5192 4026 5246 vide-

2443 5283 2518 5338 bit
2544 5283 2782 5338 omnium
2813 5283 2914 5337 sibi
2941 5281 3498 5339 desideratissimam?
3525 5291 3576 5336 et
3614 5280 3714 5336 hoc
3755 5281 4024 5350 quomodo

2440 5390 2545 5429 non
2573 5375 2679 5430 erit
2707 5375 2904 5443 smpius
2946 5375 3168 5444 repetita
3213 5380 3386 5427 morte
3420 5373 3672 5442 gravius"
3699 5372 3947 5440 Quinimo
3976 5375 4024 5425 si

2441 5466 2598 5536 longe
2622 5465 2905 5532 abfuisset,
2935 5482 3114 5521 nonne
3164 5466 3445 5535 oportebat
3483 5481 3732 5528 currere,
3759 5476 3814 5520 et
3841 5463 4020 5517 omnia

2441 5556 2618 5613 facere
2669 5566 2724 5612 et
2771 5559 2914 5627 pati,
2971 5568 3031 5612 ut
3089 5557 3224 5611 hanc
3267 5556 3364 5625 ipsi
3407 5557 3632 5627 gratiam
3680 5553 4022 5626 prteberem‘t

2440 5663 2580 5702 nunc
2608 5662 2736 5702 vero
2764 5663 2928 5717 prope
2959 5662 3077 5700 cum
3107 5648 3230 5705 sim.
3261 5646 3576 5702 deseramne
3598 5689 3612 5709 ,
3647 5654 3703 5699 et
3744 5643 4021 5698 dimittens

2438 5737 2636 5792 abibo?
2658 5748 2711 5793 et
2737 5740 3010 5807 quomodo
3036 5747 3320 5806 sequentes
3342 5737 3577 5809 perferet
3599 5734 3751 5790 dies?
3774 5733 3868 5788 Ille
3891 5749 4018 5789 vero

2442 5847 2545 5885 non
2575 5839 2779 5884 tantum
2814 5829 2943 5885 nihil
2985 5829 3172 5884 horum
3201 5828 3368 5897 dixit,
3397 5827 3492 5884 sed
3525 5840 3696 5896 neque
3734 5823 4013 5895 cogitavit;
