4452 6690
279 411 386 468 Ωιι

283 531 452 584 αὐτὸν
475 529 534 582 ἐν
560 529 672 594 τοῖς
700 527 918 592 κόλποις
943 529 1038 582 τοῦ
1073 523 1344 597 Ἀϐραὰμ,
1374 527 1563 579 ἐαυτὸν
1591 528 1806 599 ἐθρήνει
1843 526 1951 579 λοι-

295 620 425 676 πόν.

356 702 424 758 θ’.
457 704 640 759 Ταῦτα
668 699 762 760 οὖν
799 703 1017 757 ἅπαντα
1048 699 1242 754 ἐννοῶν
1268 697 1496 752 συνώθει
1518 701 1723 763 πάντας
1745 699 1953 768 ταχέως

280 789 365 853 είς
399 790 498 861 τὴν
521 793 625 862 τῆς
652 790 870 856 ἐντολῆς
900 787 1264 859 ἐκπλήρωσιν.
1302 788 1412 840 Καὶ
1442 788 1514 858 μή
1549 806 1639 858 μοι
1678 786 1827 855 λέγε,
1871 787 1953 839 ὃτι

284 877 444 931 Κατά
482 878 696 950 μικρὸν,
745 875 880 946 μηδέ
925 875 1004 938 είς
1036 875 1136 946 τὴν
1168 873 1360 946 αὔριον
1407 875 1738 928 ἀναϐάλλουο
1784 875 1818 943 ἡ
1843 873 1952 944 γὰρ

281 963 472 1034 αὔριον
509 965 766 1017 οὐδέποτε
799 961 1060 1032 λαμϐάνει
1092 961 1267 1023 τέλος.
1314 960 1735 1032 Τεσσαράκοντα
1765 959 1953 1013 λοιπὸν

278 1051 490 1121 ἡμέραι
529 1047 834 1119 παρῆλθον·
891 1047 958 1102 ἂν
1005 1049 1184 1102 τοίνυν
1238 1047 1300 1099 τὸ
1347 1047 1538 1118 Πάσχα
1589 1048 1840 1120 παρέλθῃ
1896 1047 1955 1100 τὸ

283 1138 468 1208 ἱερὸν,
535 1135 711 1190 οὐδενὶ
764 1135 1150 1206 συγγνώσομαι
1202 1135 1409 1199 λοιπὸν,
1458 1136 1577 1189 οὐδὲ
1629 1135 1953 1205 παραίνεσιν

281 1223 560 1293 προσάξω,
585 1223 700 1275 ἀλλ’
727 1223 996 1294 ἐπιταγὴν
1029 1224 1125 1275 καὶ
1147 1222 1452 1291 ἀποτομίαν
1477 1224 1950 1292 ἀκαταφρόνητον·

278 1311 406 1364 οὐδὲ
437 1311 547 1378 γάρ
585 1312 778 1380 ἰσχυρά
808 1313 946 1381 αῦτη
970 1315 1002 1382 ἡ
1026 1311 1294 1378 ἀπολογία
1324 1313 1356 1381 ή
1390 1313 1476 1364 διὰ
1507 1312 1608 1382 τῆς
1638 1311 1953 1380 συνηθείας.

278 1396 382 1449 Διά
411 1397 464 1448 τί
488 1399 516 1449 6
553 1397 797 1451 κλέπτων
830 1401 889 1452 οὐ
928 1397 1294 1470 προϐάλλεται
1320 1399 1628 1470 συνήθειαν,
1659 1401 1755 1452 καὶ
1783 1399 1957 1450 ἀπαλ-

278 1482 536 1534 λάττεται
579 1485 884 1549 κολάσεως;
930 1486 1020 1538 διά
1071 1483 1124 1536 τί
1169 1487 1195 1537 6
1231 1484 1469 1552 φονεύων
1516 1487 1609 1538 καὶ
1647 1485 1954 1555 μοιχεύωνς

280 1569 428 1622 Πᾶσι
467 1571 646 1624 τοίνυν
682 1573 931 1646 προλέγω
969 1572 1067 1624 καὶ
1097 1571 1566 1643 διαμαρτύρομαι,
1602 1573 1682 1626 ὅτι
1718 1573 1784 1625 ἂν
1828 1588 1960 1640 συγ-

1279 411 1364 466 Μ)
1398 409 1733 469 POPULUM
1774 406 2283 466 ANTIOCHENUM
2348 406 2583 463 IIOMIL.
2627 407 2769 459 XXI.

3633 414 3742 470 2ίέ

2061 522 2356 593 γενόμενος
2373 521 2502 592 ὐμῖν
2527 521 2647 574 κατ’
2670 519 2804 572 ἰδίαν
2833 519 2927 571 καὶ¹
2947 517 3129 572 λαϐὼν
3145 519 3452 592 ἀπόπειραν
3478 536 3492 591 ε
3498 524 3739 598 λήψομαι

2059 612 2116 664 δὲ
2147 609 2406 678 πάντως),
2443 609 2590 682 εὕρω
2607 607 2761 670 τινὰς
2789 606 2864 678 μὴ
2899 605 3302 678 διορθώσαντας
3334 609 3396 662 τὸ
3426 610 3731 684 ἐλάττωμα,

2060 698 2351 766 ἀπαιτήσω
2391 696 2568 766 δίκην,
2606 693 2873 758 κελεύσας
2906 694 3009 760 ἔξω
3045 697 3231 764 μένειν
3264 695 3374 749 τῶν
3422 701 3740 770 μυστηρίων

2059 785 2169 836 τῶν
2195 787 2236 836 ίε
2248 785 2376 854 ρῶν,
2395 786 2490 854 οὐχ
2525 785 2613 836 ἵνα
2651 783 2886 853 μένωσιν
2911 783 3034 847 ἐξω,
3065 784 3200 838 ἀλλά
3231 785 3318 838 ἵνα
3344 785 3737 856 διορθώσαντες

2060 874 2289 934 ἑαυτοὺς
2322 871 2493 935 οὕτως
2527 873 2834 930 εἰσέλθωσι,
2873 872 2966 924 καὶ
3003 875 3139 942 μετὰ
3173 874 3415 945 καθαροῦ
3441 877 3741 942 συνειδότος

2061 957 2416 1011 ἀπολαύσωσι
2437 963 2535 1030 τῆς
2570 961 2721 1030 ἱερᾶς
2755 959 3070 1030 τραπέζης’
3104 961 3265 1014 τοῦτο
3286 963 3396 1032 γάρ
3418 965 3535 1016 ἐστι
3567 981 3739 1034 μετα-

2066 1048 2217 1115 σχεῖν
2267 1047 2576 1108 κοινωνίας,
2611 1048 2831 1099 Γένοιτο
2882 1047 2937 1099 δὲ
2965 1047 3153 1115 εὐχαῖς
3191 1049 3300 1099 τῶν
3330 1051 3611 1122 προέδρων
3647 1055 3742 1105 καὶ

2064 1133 2172 1185 τῶν
2206 1132 2376 1199 ἁγίων
2427 1134 2641 1185 πάντων
2670 1134 2960 1187 καὶταῦτα
2997 1134 3088 1185 καὶ
3116 1133 3183 1185 τά
3228 1135 3363 1187 ἄλλα
3389 1137 3567 1190 πάντα
3597 1138 3744 1210 διορ-

2063 1219 2343 1282 θώσαντας
2358 1219 2734 1288 ἐλαττώματα,
2750 1225 2929 1288 τυχεῖν
2946 1221 3044 1290 τῆς
3060 1221 3341 1290 βασιλείας
3356 1222 3463 1275 τῶν
3477 1225 3740 1294 οὐρανῶν,

2063 1308 2245 1376 χάριτι
2300 1307 2394 1361 καὶ
2444 1306 2826 1378 φιλανθρωπίᾳ
2854 1308 2944 1360 τοῦ
2979 1310 3182 1378 Κυρίου
3211 1309 3368 1380 ἡμῶν
3401 1311 3575 1381 Ἰησοῦ
3602 1315 3741 1384 Χρι-

2064 1393 2213 1453 στοῦ,
2253 1395 2371 1464 μεθ’
2399 1390 2458 1448 οῦ
2483 1394 2560 1464 τῷ
2599 1395 2778 1465 Πατρὶ
2814 1395 2913 1446 σὺν
2944 1394 3022 1463 τῷ
3078 1395 3216 1464 ἁγίῳ
3262 1397 3543 1467 Πνεύματι
3592 1400 3742 1467 δόξα,

2062 1481 2196 1553 τιμὴ
2229 1485 2323 1536 καὶ
2352 1483 2747 1553 προσκύνησις,
2777 1484 2872 1537 νῦν
2894 1485 2986 1537 καὶ
3012 1484 3123 1547 ἀεὶ,
3153 1485 3250 1536 καὶ
3283 1487 3364 1547 εἰς
3397 1486 3524 1549 τοὺς
3541 1487 3746 1553 αἰῶνας

2065 1570 2172 1622 τῶν
2208 1571 2442 1625 αἰώνων.
2485 1573 2678 1642 Ἀμήν.

398 1719 3658 1741 W

279 1799 389 1865 Εἰς
412 1811 437 1840 ⁸
476 1801 590 1872 τὴν
616 1800 920 1856 ἐπάνοδον
947 1801 1054 1854 τοῦ
1077 1801 1423 1854 ἐπισκόπου
1455 1799 1814 1866 Φλαϐιανοῦ,
1858 1799 1959 1852 καὶ
2037 1801 2125 1864 εἰς
2156 1801 2271 1865 τὴν
2299 1801 2406 1855 τοῦ
2462 1801 2775 1868 βασιλέως
2793 1801 3140 1871 διαλλαγὴν
3165 1803 3318 1870 πρὸς
3372 1803 3488 1872 τὴν
3528 1807 3711 1860 πόλιν
3729 1822 3748 1840 ·

843 1893 942 1946 καὶ
978 1891 1131 1960 πρὸς
1160 1891 1303 1959 τοὺς
1328 1891 1889 1962 πλημμελήσαντας
1926 1893 2016 1956 εὶς
2055 1889 2171 1957 τὴν
2199 1890 2319 1944 τῶν
2347 1893 2718 1961 ἀνδριάντων
2741 1893 3191 1963 καταστροφήν.

933 2075 1167 2141 Ὀμιλία
1197 2073 1304 2128 καῖ

351 2170 424 2216 α’.
468 2162 599 2214 Ἀπὸ
630 2162 731 2230 τῆς
757 2161 988 2232 ρήσεως,
1013 2162 1106 2227 ἀφ’
1136 2155 1201 2232 ἦς
1226 2163 1311 2215 ἀεὶ
1332 2161 1482 2232 παρά
1513 2162 1605 2215 τὸν
1635 2163 1823 2232 καιρὸν
1856 2163 1963 2215 τῶν

280 2250 550 2304 κινδύνων
575 2249 711 2318 πρὸς
731 2250 830 2318 τὴν
861 2249 1133 2318 ὑμετέραν
1178 2248 1388 2301 εἰώθειν
1415 2251 1636 2319 ἀγάπην
1670 2252 1961 2320 προοιμιάη

279 2337 497 2400 ζεσθαι,
528 2338 636 2390 ἀπὸ
662 2336 762 2405 τῆς
789 2336 961 2406 αὐτῆς
993 2337 1197 2405 ταύτης
1223 2337 1316 2388 καὶ
1345 2340 1583 2407 σήμερον
1608 2337 1847 2409 ἄρξομαι
1869 2339 1963 2391 τοῦ

281 2425 423 2494 πρὸς
466 2426 609 2493 ὑμᾶς
659 2424 842 2491 λόγου,
885 2423 981 2476 καὶ
1027 2423 1138 2494 ἐρῶ
1185 2423 1305 2493 μεθ’
1351 2425 1537 2493 ὑμῶν·
1587 2426 1892 2496 Εὐλογητὸς
1937 2427 1964 2477 6

278 2512 436 2576 θεὸς,
465 2514 493 2565 6
520 2512 617 2582 τὴν
651 2513 801 2582 ἱεράν
831 2513 1034 2581 ταύτην
1065 2513 1258 2582 ἑορτὴν
1283 2512 1422 2582 μετά
1447 2515 1622 2582 χαρᾶς
1651 2515 1745 2566 καὶ
1766 2515 1965 2581 εὐφροο

278 2601 452 2670 σύν-ης
485 2600 688 2670 πολλῆς
719 2599 1068 2663 καταξιώσας
1100 2601 1248 2670 ἡμᾶς
1279 2599 1426 2672 [2M]
1461 2600 1769 2654 ἐπιτελέσαι
1793 2603 1958 2670 σήμε-

282 2705 400 2759 ρον,
442 2688 536 2741 κα)⁵
571 2688 668 2757 τὴν
712 2687 957 2757 κεφαλήν
1005 2686 1239 2749 ἀποδοὺς
1290 2687 1368 2757 τῷ
1423 2687 1672 2758 σώματι,
1727 2687 1823 2740 καὶ
1875 2687 1967 2739 τὸν

283 2775 526 2843 ποιμένα
557 2779 671 2838 τοῖς
696 2774 1015 2846 προϐάτοις,
1053 2775 1148 2828 καὶ
1174 2774 1265 2826 τὸν
1289 2774 1611 2827 διδάσκαλον
1629 2777 1742 2836 τοῖς
1785 2775 1965 2845 μαθη-

278 2864 424 2925 ταῖς,
445 2862 533 2914 τὸν
561 2863 866 2932 στρατηγὸν
893 2865 1006 2924 τοῖς
1034 2860 1416 2932 στρατιώταις,
1439 2863 1531 2915 τὸν
1561 2861 1824 2932 ἀρχιερέα
1852 2867 1966 2924 τοῖς

283 2947 524 3018 ἱερεῦσιν
548 2966 562 2979 ο
598 2949 890 3018 εὐλογητὸς
913 2949 941 2998 ὁ
979 2948 1113 3012 Θεὸς
1139 2951 1168 3001 6
1192 2949 1361 3001 ποιῶν
1386 2949 1862 3020 ὑπερεκπερισσοῦ
1888 2945 1964 3001 ὧν

279 3035 631 3105 αἰτούμεθαῆ
655 3036 904 3106 νοοῦμεν.
936 3037 1101 3106 Ἡμῖν
1129 3035 1229 3105 μὲν
1261 3036 1370 3106 γὰρ
1397 3035 1601 3105 ἀρκοῦν
1625 3031 1765 3089 εῖναι
1789 3036 1964 3088 ἐδόκει

279 3122 347 3175 τὸ
368 3123 476 3174 τῶν
507 3123 868 3192 ἐπικειμένων
899 3123 1038 3185 τέως
1071 3121 1456 3191 ἀπαλλαγῆναι
1477 3121 1685 3184 κακῶν,
1703 3122 1799 3174 καὶ
1827 3122 1966 3193 ὑπὲρ

279 3208 479 3264 τούτου
519 3211 698 3262 πᾶσαν
731 3208 1064 3278 ἐποιούμεθα
1089 3207 1190 3277 τὴν
1217 3209 1244 3248 b
1277 3209 1561 3279 ἱκετηρίαν
1582 3225 1596 3239 ·
1627 3212 1656 3261 6
1693 3210 1749 3262 δὲ
1781 3210 1968 3278 φιλάν-

281 3297 508 3365 θρωπος
535 3296 687 3358 Θεὸς,
709 3299 800 3349 καὶ
827 3298 891 3365 τῇ
923 3297 1067 3348 δόσει
1102 3295 1201 3359 τὰς
1224 3296 1469 3365 αἰτήσεις
1497 3297 1654 3366 ήμῶν
1686 3298 1772 3349 ἀεὶ
1800 3298 1968 3350 νικῶν

285 3384 431 3452 μετὰ
457 3382 655 3452 πολλῆς
674 3385 770 3451 τῆς
794 3384 894 3434 ὐπε
904 3381 1122 3452 ρϐολῆς,
1144 3381 1348 3434 καὶτὸν
1372 3382 1585 3452 πατέρα
1615 3384 1746 3451 ἡμῖν
1777 3383 1970 3436 θᾶττον

281 3470 504 3532 ἐλπίδος
527 3470 744 3537 ἀπάσης
771 3469 1044 3522 ἀπέδωκε.
1064 3468 1160 3532 Τίς
1201 3470 1309 3538 γὰρ
1333 3468 1397 3521 ἀν
1425 3469 1854 3538 προσεδόκησεν,
1885 3471 1969 3522 ὃτι

281 3560 345 3608 ἐν
393 3557 568 3619 οὕτως
614 3557 822 3624 ὀλίγαις
869 3556 1110 3627 ἡμέραις
1145 3558 1237 3609 καὶ
1284 3557 1666 3617 ἀπελεύσεται,
1703 3558 1798 3609 καὶ
1849 3557 1968 3609 δια-

281 3642 502 3706 λέξεται
550 3643 627 3712 τῷ
682 3643 916 3712 βασιλεῖ,
968 3645 1062 3696 καὶ
1112 3643 1265 3696 λύσει
1305 3645 1371 3697 τὰ
1419 3644 1586 3703 δεινὰ,
1641 3645 1736 3695 καὶ
1805 3645 1968 3698 πάλιν

285 3731 550 3797 ἐπανήξει
585 3731 723 3800 πρὸς
757 3733 907 3800 ἡμᾶς
931 3732 1076 3783 οὕτω
1101 3733 1312 3800 ταχέως
1331 3774 1343 3793 ,
1371 3733 1447 3795 ώς
1476 3733 1568 3784 καὶ
1590 3733 1650 3784 τὸ
1688 3733 1879 3801 Πάσχα
1908 3733 1969 3784 τὸ

285 3816 435 3887 ἱερὸν
462 3817 759 3887 δυνηθῆναι
782 3818 985 3884 φθάσαι
1005 3819 1099 3870 καὶ
1130 3819 1250 3888 μεθ’
1272 3821 1303 3888 ἠ
1313 3821 1428 3889 μῶν
1452 3820 1792 3884 ἐπιτελέσαις
1829 3821 1967 3874 Ἀλλ’

288 3905 423 3967 ίδοὺ,
448 3904 637 3971 γέγονε
669 3903 729 3955 τὸ
755 3905 1163 3973 ἀπροσδόκητον
1191 3906 1369 3968 τοῦτο,
1404 3908 1606 3959 καὶτὸν
1638 3907 1850 3979 πατέρα
1865 3910 1971 3962 ἀπ-

286 3991 618 4060 ειλήφαμεν,
649 3991 742 4041 καὶ
763 3991 985 4059 μείζονα
1009 3992 1224 4061 καρπού
1235 3993 1374 4061 μεθα
1392 3995 1490 4062 τὴν
1507 3994 1722 4062 ἡδονὴν,
1744 3995 1822 4065 τῷ
1841 3997 1970 4064 παρ’

286 4077 483 4130 ἐλπίδα
509 4078 672 4129 αὐτὸν
705 4077 998 4129 ἀπολαϐεῖν
1022 4078 1138 4131 νῦν.
1177 4078 1344 4147 ’Υπὲρ
1380 4080 1444 4148 δὴ
1478 4080 1686 4132 τούτων
1715 4083 1972 4135 ἁπάντων

287 4166 707 4234 εύχαριστῶμεν
749 4164 825 4233 τῷ
867 4165 1237 4236 φιλανθρώπῳ
1270 4166 1424 4234 Θεῷ,
1465 4167 1558 4219 καὶ
1599 4168 1970 4237 θαυμάζωμεν

290 4253 464 4305 αὐτοῦ
515 4254 616 4322 τὴν
657 4253 885 4322 δύναμιν
939 4253 1033 4304 καὶ
1093 4253 1191 4322 τὴν
1241 4252 1674 4322 φιλανθρωπίαν,
1731 4257 1826 4308 καὶ
1870 4257 1968 4324 τὴν

291 4339 490 4406 σοφίαν
523 4340 616 4391 καὶ
645 4340 744 4408 τὴν
796 4338 1117 4408 κηδεμονίαν
1146 4339 1246 4408 τὴν
1279 4340 1417 4408 ὑπὲρ
1442 4339 1542 4408 τῆς
1577 4342 1783 4404 πόλεως
1810 4360 1969 4409 γεγε-

289 4425 559 4494 νημένην.
609 4427 668 4479 ὐ
694 4427 792 4496 μὲν
831 4427 938 4497 γὰρ
965 4425 1228 4488 διάϐολος,
1252 4425 1552 4478 καταδῦσαι
1583 4430 1762 4480 πᾶσαν
1801 4429 1970 4500 αὐτὴν

289 4510 625 4580 ἐπεχείρησε
665 4514 758 4567 διὰ
791 4515 900 4566 τῶν
939 4513 1340 4583 τολμηθέντωψ
1377 4515 1405 4564 ὀ
1459 4513 1516 4564 δὲ
1558 4515 1691 4576 Θεὸς
1740 4519 1833 4569 καὶ
1873 4519 1970 4588 τὴν

292 4596 452 4648 πόλιν
479 4599 680 4650 καὶτὸν
701 4602 851 4671 ἱερέα
873 4603 967 4654 καὶ
995 4602 1086 4653 τὸν
1105 4599 1429 4670 βασιλέαδιά
1451 4601 1657 4669 ταύτης
1687 4603 1968 4672 ἐκόσμησε

287 4683 393 4751 τῆς
429 4688 737 4752 συμφορᾶς,
771 4691 866 4740 καὶ
889 4689 1302 4760 λαμπροτέρους
1343 4688 1548 4751 πάντας
1575 4690 1875 4759 ἀπέφηνεν.
1905 4693 1969 4743 ἸΙ

289 4771 447 4832 πόλις
503 4772 601 4838 μὲν
654 4772 761 4840 γάρ
815 4775 1220 4844 ηὐδοκίμησεν,
1279 4778 1362 4827 ὅτι
1424 4777 1668 4829 κινδύνου
1725 4780 1968 4830 τοιούτου

289 4859 712 4920 καταλαϐόντος,
777 4862 1215 4930 παραδραμούσα
1265 4866 1473 4926 πάντας
1523 4866 1650 4927 τοὺς
1694 4869 1749 4919 ἐν
1806 4867 1969 4918 δυνα-

293 4945 519 5006 στείαις,
579 4945 704 5006 τοὺς
764 4945 991 4996 πλοῦτον
1053 4949 1220 5001 πολὺν
1269 4952 1788 5021 περιϐεϐλημένους,
1843 4956 1968 5014 τοὺς

298 5029 540 5101 μεγάλην
574 5031 725 5099 παρά
756 5030 966 5098 βασιλεῖ
1013 5031 1241 5101 δύναμιν
1295 5039 1538 5104 ἔχοντας,
1589 5040 1680 5090 ἐπὶ
1714 5039 1806 5108 τὴν
1848 5039 1970 5090 Ἐκ·-

295 5117 522 5186 κλησίαν
558 5117 651 5167 καὶ
701 5118 792 5168 τὸν
827 5118 976 5188 ἱερέα
1009 5117 1102 5170 τοῦ
1151 5122 1286 5171 Θεοῦ
1338 5127 1634 5192 κατέφυγε.
1680 5129 1773 5179 καὶ
1831 5126 1970 5196 μετὰ

299 5206 499 5273 πολλῆς
531 5205 627 5271 τῆς
669 5205 906 5269 πίστεως
948 5205 1051 5274 τῆς
1100 5206 1308 5259 ἀνωθεν
1358 5212 1558 5280 ἑαυτὴν
1601 5213 1970 5284 ἐξεκρέμασεν

299 5293 532 5352 ἐλπίδος.
564 5289 781 5340 Πολλῶν
816 5292 947 5357 γοῦν
986 5293 1125 5362 μετά
1180 5293 1276 5364 τὴν
1321 5295 1635 5365 ἀποδημίαν
1663 5301 1756 5351 τοῦ
1792 5300 1970 5352 κοινοῦ

301 5381 537 5450 πατέρος
568 5378 692 5438 τοὺς
717 5378 778 5429 τδ
815 5379 1194 5450 δεσμωτήριον
1227 5381 1511 5443 οἰκοῦντας
1553 5385 1931 5452 θορυϐούντων
1960 5435 1970 5449 ,

302 5471 398 5524 καὶ
431 5466 715 5533 λεγόντων,
738 5465 905 5531 ὡς,οὐ
939 5468 1237 5538 καθυφίησι
1261 5481 1282 5506 ε
1315 5470 1413 5538 τῆς
1435 5470 1606 5540 ὀργῆς
1637 5474 1664 5522 ὁ
1698 5473 1973 5540 βασιλεῖ-’ς’

363 5620 391 5648 ⁸
416 5617 565 5685 εανίι.
593 5623 643 5685 (εἰ
665 5614 858 5685 Quidam
884 5615 968 5685 τιιιξ
994 5617 1299 5685 sis-Hlilulum
1323 5619 1506 5668 lxabo‘nl.
1530 5641 1538 5664 -.
1569 5621 1645 5673 lii;
1671 5623 1755 5676 τήν
1780 5623 1974 5669 διαλλα-

295 5688 384 5740 γήν
404 5679 490 5726 τοῦ
515 5679 742 5741 βασύεῳς
759 5679 876 5741 πρὸς
898 5679 982 5732 τήν
1013 5682 1167 5732 πολιν,
1194 5685 1274 5727 καὶ
1305 5684 1368 5738 εἰς
1405 5684 1514 5737 τοὺς
1545 5685 1976 5741 πλημμελήσαντας

295 5737 364 5800 εἰς
390 5743 474 5796 τήν
497 5737 592 5786 τῶν
615 5737 894 5799 ἀνδριάντων
916 5744 1269 5802 καταστροφὴν,
1290 5737 1371 5791 καί
1415 5746 1478 5798 εἰς
1519 5746 1602 5800 τήν
1627 5737 1852 5791 ἐπάνοδον
1887 5737 1976 5791 τοῦ

297 5805 587 5852 ἐπισκόπου.
633 5803 781 5865 ιἰιιιιι)
812 5806 928 5865 pos;
951 5802 1062 5865 i_nil.
1085 5802 1237 5865 Smil.
1268 5818 1321 5852 eL
1341 5809 1539 5864 quidam
1571 5821 1668 5852 mss
1705 5808 1788 5865 ὐμ.
1812 5809 1969 5853 εἴωθα.

364 5865 391 5902 b
413 5865 562 5930 Suyll.
580 5862 840 5930 (³1..ιιιιὶ(];1ῐη
853 5862 932 5907 xiii
955 5863 1258 5921 ἐπικειμένων
1279 5862 1505 5914 κινδύνων
1527 5862 1754 5928 ἐκφυγεῖν,
1775 5869 1890 5930 ὑπὲρ
1911 5871 1948 5914 (ζ)
1963 5889 1974 5908 η

305 5931 461 5976 ςτ-ἴταν
487 5926 762 5974 ἐποιούμεθα
786 5926 884 5978 τήν.

371 5994 374 5997 ’
434 5987 582 6036 Ξάιιι.
607 5995 654 6034 (ιι
679 5987 871 6038 μοιριδία
898 6000 990 6034 ms"
1042 6001 1082 6032 ⁸).
1128 5989 1564 6053 ίι.ΐιλ.-,·ιῖηηι.31-)ιὀἰ
1735 5997 1894 6038 ηδςδγιττ

2069 2066 2206 2123 ἀλλά
2252 2059 2618 2133 παροξύνεται
2679 2061 2979 2130 μειζόνως,
3035 2061 3127 2113 καὶ
3194 2065 3322 2133 περὶ
3381 2068 3752 2134 κατασκαφῆς

2065 2153 2362 2222 ὁλοκλήρου
2399 2149 2499 2216 τῆς
2548 2147 2758 2209 πόλεως
2806 2146 3157 2215 βουλεύεται,
3206 2150 3302 2201 καί⁵
3355 2151 3520 2220 ’έτερα
3568 2152 3752 2220 πολλῷ

2069 2242 2293 2295 πλείονα
2334 2235 2543 2289 τούτων
2593 2232 2988 2304 θρυλλούντων,
3029 2235 3078 2285 οί
3115 2234 3388 2304 δεδεμένοι
3432 2239 3553 2289 τότε
3598 2239 3752 2291 οὐδὲν

2067 2330 2307 2399 ἐγίνοντο
2357 2327 2422 2377 ἐκ
2469 2323 2569 2392 τῆς
2605 2322 2794 2392 φήμης
2841 2321 3048 2391 ταύτης
3082 2322 3396 2392 δειλότεροι,
3436 2323 3551 2376 ἀλλ’
3596 2325 3753 2395 ἡμῶν

2073 2416 2365 2485 λεγόντων,
2419 2411 2495 2473 ὼς
2543 2409 2728 2479 Ψευδῆ
2780 2407 2954 2460 ταῦτα
3001 2409 3100 2460 καὶ
3139 2409 3387 2462 διαϐόλου
3418 2413 3753 2480 μαγγανείας

2067 2504 2214 2556 ἐστὶν
2241 2501 2399 2570 ἔργα,
2431 2495 2758 2566 βουλομένου
2777 2494 3102 2546 καταϐαλεῖν
3127 2495 3280 2565 ὐμῶν
3301 2495 3369 2548 τὰ
3401 2498 3751 2567 ‹,ορυνήμ,ατα⁹

2067 2589 2231 2641 Οὐδὲν
2273 2581 2510 2652 δεόμεθα
2558 2583 2660 2651 τῆς
2713 2580 2803 2632 διὰ
2852 2579 3076 2647 λόγωνά
3138 2582 3568 2652 παρακλήσεως,
3617 2585 3754 2654 πρὸς

2069 2675 2218 2745 ἡμᾶς
2267 2672 2484 2740 ἐλεγονο
2542 2670 2700 2739 ἴσμεν
2745 2667 2856 2738 γάρ
2905 2659 2966 2720 οὗ
3005 2667 3103 2739 τὴν
3138 2671 3314 2739 ἀρχὴν
3345 2671 3752 2742 κατεφύγομεν,

2069 2763 2165 2816 καὶ
2193 2760 2352 2823 ποίας
2387 2757 2601 2819 ἐλπίδος
2645 2758 2876 2818 ἐαυτοὺς
2930 2753 3416 2827 ἐξεκρεμάσαμεν’
3453 2757 3552 2826 τῆς
3601 2759 3754 2829 ἱερᾶς

2068 2849 2319 2919 ἀγκύρας
2340 2846 2442 2916 τὴν
2460 2843 2733 2913 σωτηρίαν
2757 2842 2914 2913 ἡμῶν
2938 2842 3030 2914 ἐξη
3042 2845 3138 2914 ρτή
3149 2861 3344 2912 σαμεν·
3363 2845 3464 2897 οὐκ
3480 2845 3576 2898 ἀνθ
3586 2845 3753 2916 ρώπῳ

2065 2937 2268 3006 ταύτην
2318 2930 2819 3001 ἐνεπιστεύσαμεν,
2869 2929 3004 2983 ἀλλὰ
3047 2930 3128 3000 τῷ
3173 2932 3570 3003 παντοδυνάμῳ
3611 2935 3749 3004 Θεῷ,

2067 3025 2158 3077 Διὸ
2202 3023 2268 3093 δὴ
2311 3022 2406 3075 καὶ
2444 3019 2758 3090 θαρροῦμεν
2793 3019 3030 3088 χρηστὸν
3068 3019 3290 3072 ἔσεσθαι
3329 3020 3392 3072 τὸ
3423 3022 3576 3085 τέλος
3619 3026 3753 3076 πάν-

2067 3128 2177 3173 τως
2199 3127 2213 3141 .
2267 3109 2327 3161 οὺ
2369 3108 2478 3177 γὰρ
2523 3107 2699 3168 ἐστιν,
2746 3106 2847 3156 οὐκ
2881 3105 2998 3157 ἐστι
3024 3104 3122 3174 τὴν
3156 3106 3346 3160 ἐλπίδα
3383 3109 3588 3177 ταύτην
3618 3128 3751 3164 κατ-

2069 3197 2422 3268 αισχυνθῆναί
2461 3212 2612 3248 ποτε.
2671 3193 2842 3246 Τοῦτο
2888 3195 3011 3246 ἀντὶ
3047 3195 3228 3247 πόσων
3277 3197 3590 3264 στεφάνων,
3630 3201 3754 3254 ἀντὶ

2075 3285 2254 3338 πόσων
2286 3283 2576 3352 ἐγκωμίων
2601 3282 2828 3351 ἀρκέσει
2861 3283 2926 3350 τῇ
2960 3281 3148 3346 πόλει;
3182 3282 3358 3352 πόσην
3387 3286 3754 3340 ἐπισπάσεται

2071 3370 2167 3424 τοῦ
2213 3371 2348 3424 Θεοῦ
2392 3371 2493 3440 τὴν
2522 3369 2761 3430 εὐνοιαν,
2791 3369 2888 3420 καὶ
2916 3371 2974 3420 ἐν
3005 3372 3118 3432 τοῖς
3151 3369 3362 3434 λοιποῖς
3387 3374 3711 3444 πράγμασιν
3737 3393 3752 3440 ;

2074 3459 2149 3510 Οὐ
2171 3457 2282 3526 γὰρ
2313 3457 2479 3518 ἐστιν,
2515 3457 2616 3508 οὐκ
2642 3454 2758 3506 ἐστι
2797 3455 2898 3524 τῆς
2931 3455 3206 3525 τυχούσης
3233 3457 3430 3526 ψυχῆς,
3460 3460 3517 3510 ἐν
3543 3463 3606 3529 τῇ
3640 3463 3751 3513 τῶν

2073 3541 2402 3612 πειρασμῶν
2437 3543 2702 3610 ἐπαγωγῇ
2730 3541 2943 3610 νήφειν,
2969 3542 3064 3593 καὶ
3092 3542 3232 3611 πρὸς
3251 3543 3342 3594 τὸν
3359 3542 3490 3595 Θεὸν
3510 3545 3752 3613 βλέπειν,

2073 3629 2167 3682 καὶ
2226 3630 2444 3682 πάντων
2501 3628 2956 3695 καταγελάσασαν
3005 3629 3115 3682 τῶν
3167 3629 3565 3699 ἀνθρωπίνων,
3617 3633 3756 3704 πρὸς

2071 3717 2287 3786 ἐκείνην
2327 3716 2617 3785 κεχηνέναι
2637 3717 2736 3784 τὴν
2761 3716 3102 3784 συμμαχίαν.

2154 3807 2218 3860 Ἠ
2278 3807 2376 3876 μέν
2427 3803 2520 3858 οὖν
2565 3805 2719 3866 πόλις
2747 3815 2769 3842 ε
2801 3804 2975 3867 οὕτως
3014 3806 3401 3875 εὐδοκίμησενο
3433 3810 3461 3860 6
3490 3809 3547 3861 δὲ
3579 3813 3755 3880 ίερεύς

2074 3899 2237 3951 πάλιν
2264 3899 2362 3966 οὐχ
2396 3894 2558 3968 ἦττον
2587 3898 2734 3966 ἢπερ
2768 3898 2801 3965 ἡ
2842 3898 3025 3960 πόλις·
3058 3899 3159 3966 τὴν
3189 3900 3296 3968 γὰρ
3341 3902 3537 3954 ἐαυτοῦ
3577 3906 3755 3973 ψυχὴν

2076 3985 2216 4054 ὑπὲρ
2254 3985 2469 4037 πάντων
2518 3986 2709 4046 ἔδωκε,
2745 3986 2894 4057 [215]
2919 3987 3011 4038 καὶ
3039 3987 3248 4040 πολλῶν
3287 3988 3456 4041 ὄντων
3497 3991 3608 4043 τῶν
3648 4010 3757 4045 κω-

2075 4073 2330 4136 λυόντων,
2373 4071 2465 4123 τοῦ
2524 4074 2812 4140 χειμῶνος,
2853 4073 2952 4140 τῆς
2994 4072 3231 4142 ἡλικίας,
3268 4075 3367 4143 τῆς
3408 4077 3624 4147 ἑορτῆς,
3662 4086 3756 4132 καὶ

2070 4159 2170 4210 οὐκ
2205 4158 2424 4210 ἔλαττον
2440 4159 2536 4226 τῆς
2557 4159 2791 4227 ἀδελφῆς
2827 4161 2962 4229 πρὸς
2992 4161 3231 4229 ἐσχάτας
3259 4162 3425 4232 οὔσης
3449 4166 3755 4235 ἀναπνοὰς,

2070 4244 2329 4298 ἁπάντων
2369 4243 2703 4313 ὑψηλότερος
2737 4246 2955 4311 ἐγένετο
2981 4247 3092 4299 τῶν
3127 4247 3493 4320 κωλυμάτων,
3528 4255 3620 4305 καὶ
3655 4257 3756 4308 οὐκ

2072 4327 2191 4382 εἰπε
2218 4330 2355 4400 πρὸς
2382 4332 2602 4384 ἑαυτόν·
2637 4333 2702 4384 Τί
2735 4333 2928 4398 τοῦτο;
2957 4335 2990 4402 ἡ
3017 4335 3155 4403 μόνη
3183 4337 3593 4406 περιλειφθεῖσα
3625 4345 3757 4411 ἡμῖν

2073 4417 2301 4487 ἀδελφὴ,
2332 4419 2426 4470 καὶ
2467 4422 2584 4489 μετ’
2616 4420 2750 4490 ἐμοῦ
2777 4421 2868 4473 τὸν
2896 4422 3058 4488 ζυγὸν
3089 4423 3322 4476 ἕλκουσα
3365 4427 3460 4478 τοῦ
3495 4430 3754 4500 Χριστοῦ,

2076 4507 2171 4559 καὶ
2191 4507 2446 4559 τοσοῦτόν
2473 4525 2561 4577 μοι
2593 4511 2956 4576 συνοικήσασα
2988 4511 3200 4578 χρόνον,
3223 4513 3357 4580 πρὸς
3387 4516 3620 4583 ἐσχάτας
3643 4520 3756 4570 ἐστὶ

2077 4593 2172 4644 νῦν
2202 4594 2474 4654 ἀναπνοάς
2499 4611 2512 4622 ·
2545 4596 2704 4663 ἡμεῖς
2728 4595 2784 4644 δὲ
2803 4596 2974 4664 αὐτὴν
3004 4597 3436 4666 καταλείψαντες
3456 4603 3755 4657 ἀπελευσό-

2081 4679 2242 4749 μεοα,
2280 4682 2373 4734 καὶ
2411 4683 2508 4733 οὐκ
2554 4682 2797 4749 ὀψόμεθα
2829 4683 3164 4736 ἐκπνέουσαν
3192 4688 3285 4737 καὶ
3315 4688 3413 4750 τάς
3439 4690 3757 4754 τελευταίας

2075 4768 2305 4834 ἀφεῖσαν
2324 4769 2533 4834 qur/6;;
2579 4767 2714 4818 Ἀλλ’
2741 4768 2880 4838 αὐτὴ
2907 4769 3004 4838 μὲν
3027 4772 3146 4822 καθ’
3179 4774 3415 4843 ἑκάστην
3440 4774 3637 4844 ηῦχετο
3659 4777 3755 4848 τὴν

2074 4855 2290 4924 ἡμέραν
2314 4855 2463 4922 ἡμᾶς
2480 4855 2574 4906 καὶ
2603 4855 2918 4923 ὀφθαλμοὺς
2945 4857 3192 4910 καθελεῖν
3215 4864 3309 4912 καὶ
3329 4863 3501 4931 στόμα
3517 4866 3756 4919 συνελεῖν

2076 4945 2168 4995 καὶ
2203 4944 2561 5011 περιστεῖλαι,
2596 4946 2691 4997 καὶ
2719 4945 2790 4996 τά
2823 4945 2956 4998 ἀλλα
2987 4947 3162 4999 πάντα
3200 4949 3266 5000 τά
3306 4951 3443 5019 πρὸς
3469 4952 3560 5003 τὸν
3586 4955 3755 5022 τάφον

2077 5029 2536 5100 ἐπιμελήσασθαι’
2570 5033 2685 5086 νυνὶ
2702 5032 2756 5084 δὲ
2777 5033 3027 5102 καθάπερ
3044 5036 3245 5105 ἔρημός
3262 5053 3344 5094 τις
3362 5039 3456 5089 καὶ
3479 5039 3752 5109 ἀπροστά-

2076 5135 2265 5180 τευτος
2306 5118 2525 5182 οὐδενὸς
2562 5121 2904 5183 ἐπιτεύξεται
2941 5121 3145 5173 τούτων
3177 5124 3328 5191 παρά
3368 5123 3464 5176 τοῦ
3496 5127 3753 5196 ἀδελφοῦ,

2077 5209 2210 5277 παρ’
2241 5201 2304 5261 οὗ
2358 5210 2597 5278 μάλιστα
2642 5209 2903 5277 ἐπεθύμει
2950 5213 3154 5279 τυχεῖν,
3213 5212 3328 5263 ἀλλ’
3377 5215 3602 5280 ἀφιεῖσα
3657 5218 3754 5286 τὴν

2077 5295 2278 5365 ψυχὴν,
2312 5299 2413 5352 οὐκ
2447 5300 2634 5367 ὄψεται
2666 5299 2756 5351 τὸν
2793 5299 3012 5350 πάντων
3045 5300 3183 5369 αὐτῇ
3228 5301 3637 5372 ποθεινότερονς
3662 5311 3755 5356 καὶ

2079 5385 2265 5438 πόσων
2289 5389 2387 5440 οὐκ
2422 5388 2570 5440 ἔσται
2598 5387 2843 5438 θανάτων
2871 5388 3007 5457 αὐτῇ
3032 5388 3188 5440 τοῦτο
3219 5388 3622 5458 βαρύτερονςεί
3649 5395 3756 5465 γὰρ

2081 5474 2175 5526 καὶ
2206 5475 2492 5546 πόρρωθεν
2537 5477 2860 5541 ἀφεστήκει,
2893 5477 2993 5528 οὐκ
3040 5477 3146 5528 ἔδει
3187 5477 3418 5545 δραμεῖν
3456 5479 3552 5532 καὶ
3581 5482 3755 5533 πάντα

2082 5562 2306 5631 ποιῆσαι
2350 5563 2444 5615 καὶ
2493 5561 2707 5626 παθεῖν,
2740 5563 2882 5615 ὥστε
2917 5563 3119 5631 ταύτην
3154 5563 3290 5633 αὐτῇ
3324 5570 3636 5636 παρασχεῖν
3661 5572 3759 5639 τὴν

2083 5652 2272 5720 χάρινς
2326 5652 2419 5703 νῦν
2468 5651 2525 5702 δέ
2567 5652 2798 5721 πλησίον
2837 5653 2913 5705 ὢν
2967 5653 3387 5723 ἐγκαταλείψω,
3452 5659 3548 5709 καὶ
3601 5659 3762 5725 ἀφεὶς

2081 5738 2492 5806 ἀπελεύσομαις
2530 5742 2625 5792 καὶ
2677 5743 2792 5803 πῶς
2821 5743 2955 5792 οῖσει
2984 5741 3081 5804 τὰς
3119 5741 3260 5810 μετά
3292 5742 3469 5797 ταῦτα
3513 5745 3759 5816 ήμέραςς

2098 5824 2237 5877 Ἀλλ’
2265 5826 2418 5878 οὐδὲν
2446 5827 2654 5880 τούτων
2709 5829 2771 5881 οὐ
2831 5831 2990 5898 μόνον
3017 5831 3116 5883 οὐκ
3158 5826 3342 5894 εἶπεν,
3370 5829 3485 5883 ἀλλ’
3515 5831 3635 5884 οὐδὲ
3670 5834 3760 5887 ἐν·

2155 5933 2180 5970 ἀ
2206 5933 2300 5981 λιιι
2432 5936 2603 5993 λόγων,
2629 5936 2712 5981 ιιιιί
2739 5936 2810 5982 διο
2837 5938 3000 5997 λόγον.

2162 5997 2182 6023 θ
2209 5997 2304 6044 Alli
2343 5994 2482 6056 Ἠίιῖν
2508 5998 2588 6045 τίν
2615 6002 2635 6052 ἡ
2663 5999 2795 6046 πώς.
