4446 6684
729 442 835 496 215

733 557 972 626 ἐνόησεν,
1006 555 1144 608 ἀλλά
1170 555 1266 610 καὶ
1299 557 1480 626 πάσης
1508 556 1830 624 συγγενείας
1851 557 1942 610 τὸν
1968 557 2063 612 τοῦ
2094 557 2226 611 Θεοῦ
2258 576 2392 628 προ-

727 644 964 712 τιμήσας
1001 642 1187 712 φόϐον,
1239 642 1379 710 ἔγνω
1418 641 1574 695 τοῦτο
1613 642 1795 707 καλῶς
1821 653 1864 708 ⁸,
1903 644 1986 696 ὅτι
2031 644 2281 714 καθάπερ
2307 645 2396 696 τὸν

727 729 1072 801 κυϐερνήτην
1098 732 1147 783 οί
1176 729 1463 800 χειμῶνες,
1481 729 1579 782 καὶ
1603 730 1697 784 τὸν
1727 731 2034 802 στρατηγὸν
2060 734 2109 784 οί
2138 731 2394 794 κίνδυνοι,

723 816 867 870 οὕτω
896 819 995 871 καὶ⁵
1027 818 1120 872 τὸν
1154 817 1303 888 ίερέα
1330 817 1359 868 6
1385 817 1695 887 πειρασμὸς
1721 819 1866 870 ποιεί
1911 818 2222 886 φαίνεσθαι.
2256 818 2397 870 Πάν-

725 921 852 967 τες,
912 905 1082 973 φησὶ,
1141 904 1276 974 πρὸς
1322 905 1473 974 ήμᾶς
1531 907 1791 975 κεχήνασι
1836 904 1930 956 καὶ
1999 905 2238 959 Ἰουδαῖοι
2308 904 2398 958 καὶ

729 993 1024 1063 Ἕλληνες·
1061 992 1138 1062 μὴ
1179 991 1633 1062 καταισχύνωμεν
1680 991 1858 1045 αὐτῶν
1903 991 2001 1054 τὰς
2057 994 2188 1064 περὶ
2237 991 2396 1062 ήμῶν

729 1080 970 1142 ἐλπίδας,
1006 1078 1144 1149 μηδὲ
1178 1078 1435 1132 τοσοῦτον
1467 1077 1798 1148 περιίδωμεν
1831 1080 2112 1146 ναυάγιον,
2157 1079 2295 1132 ἀλλά
2330 1079 2399 1131 τά

729 1166 851 1219 καθ’
877 1167 1028 1236 ἡμᾶς
1056 1165 1451 1236 ἐπιτρέψαντες
1478 1165 1555 1234 τῷ
1580 1164 1699 1234 Θεῴ
1731 1165 1930 1230 πάντα,
1963 1167 2060 1219 καὶ
2095 1165 2193 1236 τὴν
2218 1165 2396 1234 ψυχὴν

726 1255 898 1324 αὐτὴν
935 1253 1200 1324 ἐκδῶμεν.
1232 1253 1344 1305 Καὶ
1382 1253 1574 1304 σκόπει
1605 1253 1798 1324 ἱερέως
1828 1253 2263 1322 μεγαλοψυχίαν.
2299 1252 2396 1304 καὶ

727 1341 864 1394 Θεοῦ
902 1338 1346 1411 φιλανθρωπίαν’
1389 1332 1464 1392 ὧν
1502 1340 1786 1410 ὑπερεῖδεν
1834 1340 2091 1393 ἀπάντων
2117 1379 2133 1403 ,
2188 1337 2396 1390 τούτων

725 1427 1041 1497 ἀπήλαυσεν
1073 1426 1355 1487 ἀπάντων,
1388 1426 1476 1479 ’ίνα
1508 1427 1726 1496 καὶτῆς
1751 1425 2054 1494 προθυμίας
2072 1424 2162 1476 τὸν
2208 1423 2395 1493 μισθὸν

725 1514 890 1587 λάϐῃ,
945 1515 1043 1569 καὶ
1095 1514 1185 1568 διὰ
1222 1515 1325 1584 τῆς
1353 1513 1707 1574 ἀπολαύσεως
1741 1511 1840 1580 τῆς
1873 1512 2025 1582 παρά
2062 1511 2397 1583 προσδοκίαν

730 1604 979 1672 μείζονος
996 1599 1228 1670 ἐπιτύχῃ
1263 1601 1362 1668 τῆς
1386 1599 1598 1670 ἡδονῆς.
1626 1598 1814 1651 Εἵλετο
1836 1599 1934 1666 τὴν
1967 1598 2160 1670 ἑορτὴν
2181 1599 2275 1650 ἐπὶ
2300 1599 2399 1666 τῆς

725 1689 1012 1759 ἀλλοτρίας
1057 1689 1150 1741 καὶ
1202 1687 1391 1757 πόρρω
1418 1686 1525 1739 τῶν
1553 1687 1769 1739 οἰκείων
1807 1687 2123 1739 ἐπιτελέσαι
2167 1686 2254 1738 διὰ
2301 1685 2398 1755 τὴν

725 1779 824 1847 τῆς
871 1776 1080 1839 πόλεως
1134 1776 1440 1844 σωτηρίαν·
1471 1775 1499 1825 6
1521 1774 1577 1827 δέ
1603 1774 1737 1837 Θεὸς
1781 1776 1889 1845 πρὸ
1925 1774 2020 1827 τοῦ
2048 1774 2240 1842 Πάσχα
2267 1775 2398 1842 ἡμῖν

725 1866 888 1918 αὐτὸν
921 1865 1230 1925 ἀπέδωκεν,
1267 1863 1410 1916 ῶστε
1445 1863 1630 1932 κοινὴν
1668 1863 1787 1932 μεθ’
1823 1861 1975 1931 ὑμῶν
2004 1863 2031 1900 δ
2069 1863 2168 1930 τὴν
2206 1861 2399 1929 ἑορτὴν

725 1955 975 2021 ἀγαγεῖν,
1016 1951 1105 2004 ἵνα
1133 1951 1226 2002 καὶ
1253 1951 1353 2019 τῆς
1393 1950 1769 2019 προαιρέσεως
1799 1947 1898 2017 ἔχῃ
1934 1947 2026 1998 τὸν
2067 1945 2279 2014 μισθὸν,
2304 1945 2399 1998 καὶ

723 2043 824 2109 τῆς
873 2037 1212 2106 εὐφροσύνης
1257 2035 1538 2104 ἀπολαύσῃ
1597 2034 1865 2104 μείζονος.
1924 2033 2038 2085 Οὑκ
2093 2032 2266 2084 ἔδεισε
2298 2033 2398 2103 τὴν

725 2128 872 2196 ῶραν
897 2125 990 2178 τοῦ
1023 2123 1194 2185 ἔτους,
1221 2123 1315 2174 καὶ
1344 2120 1500 2190 Θέρος
1533 2120 1682 2190 παρά
1713 2121 1891 2173 πάντα
1915 2119 2107 2187 γέγονε
2140 2119 2241 2189 τῆς
2262 2120 2399 2172 ἀπο-

724 2214 924 2282 δημίας
949 2213 1042 2265 τὸν
1074 2211 1297 2282 καιρόνο
1359 2209 1459 2278 οὑχ
1507 2207 1872 2274 ὑπελογίσατο
1901 2207 1998 2277 τὴν
2029 2206 2270 2277 ήλικίαν,
2306 2208 2400 2260 καὶ

727 2301 982 2370 καθάπερ
1005 2299 1122 2360 νέος
1143 2298 1238 2350 καὶ
1255 2295 1526 2367 σφριγῶν,
1556 2294 1699 2347 οῦτω
1722 2297 1840 2364 μετ’
1861 2293 2113 2355 εὐκολίας
2141 2294 2398 2363 διέδραμε

727 2389 826 2457 τὴν
857 2386 1076 2458 μακρὰν
1103 2385 1307 2454 ταύτην
1328 2383 1444 2436 ὁδόν
1461 2399 1475 2412 ·
1501 2382 1601 2434 οὐκ
1634 2381 1884 2451 ἐνενόησε
1906 2381 2007 2450 τὴν
2027 2381 2280 2450 τελευτὴν
2301 2382 2399 2449 τῆς

732 2479 985 2548 ἀδελφῆς,
1037 2475 1158 2528 οὑδέ
1210 2471 1636 2543 κατεμαλάχθηο
1694 2472 1789 2524 καὶ
1843 2469 2161 2524 ἐπανελθὼν
2212 2469 2396 2532 ζῶσαν

727 2565 896 2634 αὐτὴν
939 2561 1256 2632 κατείληφε,
1297 2559 1392 2612 καὶ
1440 2558 1681 2624 πάντων,
1725 2551 1799 2610 ὧν
1846 2556 2132 2628 ὑπερεῖδε,
2178 2555 2398 2608 πάντων

728 2656 752 2702 ἐ
764 2650 981 2703 πέτυγε.

802 2668 1014 2806 βῖυἷέἀὶ
1038 2734 1067 2786 6
1101 2730 1202 2802 μὲν
1253 2729 1433 2802 ἱερεὺς
1467 2727 1641 2792 οῦτως
1687 2727 1974 2798 εὐδόκιμος
2011 2728 2207 2797 γέγονε
2248 2728 2402 2799 παρὰ

728 2823 848 2892 θεῷ
867 2823 960 2875 καὶ
990 2819 1323 2891 ἀνθρώποις·
1344 2820 1437 2872 τὸν
1464 2817 1689 2889 βασιλέα
1716 2818 1773 2870 δὲ
1788 2817 1881 2869 τοῦ
1901 2817 2232 2887 διαδήματος
2257 2817 2398 2887 λαμ-

729 2911 992 2981 πρότερον
1017 2906 1174 2961 τοῦτο
1203 2905 1264 2958 τὸ
1307 2906 1544 2975 πρᾶγμα
1589 2904 1885 2973 ἐκόσμησε.
1922 2903 2145 2974 Πρῶτον
2193 2904 2294 2973 μὲν
2318 2905 2399 2955 ὄτι

727 2997 887 3065 δῆλον
932 2996 1148 3063 ἐγένετο
1175 2993 1322 3056 τότε,
1350 2993 1432 3045 ὅτι
1468 2991 1614 3061 άπερ
1654 2991 1830 3043 ούδενῖ¹
1860 2990 2053 3062 ἑτέρῳ,
2091 2989 2267 3044 ταῦτα
2297 3007 2398 3059 χα-

732 3089 929 3156 ριεῖται
961 3087 1072 3146 τοῖς
1109 3081 1345 3151 ἱερεῦσιν
1365 3097 1380 3111 ·
1406 3081 1618 3142 ἔπειτα,
1659 3080 1742 3132 ὅτι
1770 3080 1867 3131 καὶ
1897 3079 2036 3147 μετὰ
2075 3077 2273 3132 πολλοῦ
2305 3077 2399 3131 τοῦ

731 3175 926 3242 τάχους
956 3172 1054 3239 τὴν
1098 3169 1259 3239 χάριν
1289 3168 1478 3228 ἔδωκε,
1524 3168 1619 3220 καὶ
1664 3167 1765 3235 τὴν
1795 3166 1967 3236 ὀργὴν
2005 3165 2218 3218 ἔλυσεν.
2260 3164 2402 3217 Ἀλλ’

731 3261 818 3312 ῖ.να
844 3258 1176 3327 σαφέστερον
1199 3255 1294 3308 καὶ
1321 3253 1416 3307 τοῦ
1441 3252 1705 3323 βασιλέως
1733 3251 1830 3322 τὴν
1853 3251 2279 3320 μεγαλοψυχίαν,
2311 3252 2406 3303 καί⁵

730 3344 823 3397 τοῦ
856 3344 1045 3414 ἱερέως
1075 3341 1174 3410 τὴν
1205 3339 1420 3409 σοφίαν,
1456 3339 1552 3392 καὶ
1581 3337 1688 3407 πρὸ
1717 3337 1923 3389 τούτων
1953 3337 2280 3407 ἀμφοτέρων
2309 3335 2404 3388 τοῦ

730 3429 868 3482 Θεοῦ
892 3427 1101 3498 μάθητε
1116 3426 1216 3497 τὴν
1236 3424 1664 3495 φιλανθρωπίαν.
1693 3423 1811 3476 δότε
1841 3439 1928 3492 μοι
1947 3421 2096 3493 [216]
2116 3424 2286 3493 μικρά
2305 3423 2406 3492 τῆς

733 3517 848 3570 ἐκεῖ
878 3511 1253 3583 γεγενημένης
1296 3509 1638 3581 δημηγορίας
1675 3509 2036 3578 διηγήσασθαι
2068 3508 2206 3578 πρὸς
2237 3510 2403 3578 ὑμᾶς.

816 3601 956 3673 Ἐρῶ
975 3601 1032 3654 δέ
1056 3599 1092 3653 ἀ
1120 3598 1276 3670 παρά
1305 3615 1452 3660 τινος
1484 3597 1594 3650 τῶν
1626 3596 1774 3649 ἔνδον
1804 3594 2058 3649 ἑστώτων
2089 3595 2295 3666 ἔμαθον
2317 3613 2328 3626 ’
2377 3599 2406 3649 6

741 3691 840 3759 μὲν
866 3689 976 3756 γὰρ
1007 3687 1192 3756 πατὴρ
1220 3684 1342 3737 οὔτε
1381 3684 1574 3754 μικρὸν
1598 3681 1722 3736 οὔτε
1754 3681 1898 3753 μέγα
1920 3677 2041 3734 εἶπε
2068 3683 2203 3752 πρὸς
2232 3685 2401 3752 ἡμᾶς,

732 3775 868 3829 ἀλλά
909 3773 1006 3844 τὴν
1053 3771 1268 3825 Παύλου
1311 3769 1718 3842 μεγαλοψυχίαν
1769 3767 2108 3839 μιμούμενος
2132 3809 2148 3833 ,
2192 3770 2281 3823 ἀεὶ⁸
2336 3769 2402 3821 τά

729 3866 907 3915 οἰκεῖα
943 3861 1174 3932 κρύπτει
1201 3858 1626 3930 κατορθώματα,
1658 3857 1904 3928 καὶπρὸς
1931 3859 2059 3920 τοὺς
2081 3857 2403 3927 ἐρωτῶντας

733 3947 1030 4017 πανταχοῦ,
1073 3947 1126 3998 τί
1158 3946 1294 4016 πρὸς
1327 3945 1418 3998 τὸν
1450 3943 1676 4013 βασιλέα
1719 3941 1862 4007 εἷπε,
1909 3945 2004 3996 καὶ
2047 3943 2164 4004 πῶς
2194 3943 2404 4004 ἔπεισε,

733 4037 830 4091 καὶ
856 4036 972 4097 πῶς
991 4032 1157 4086 αὑτοῦ
1187 4033 1285 4101 τὴν
1309 4030 1479 4100 ὀργὴν
1509 4029 1762 4093 ἐξέϐαλεν
1795 4030 2035 4093 ἃπασαν,
2051 4030 2222 4083 ταῦτα
2252 4030 2406 4098 ἔλεγε

731 4127 803 4178 τά
838 4125 1088 4194 ῥήματα·
1131 4119 1301 4174 Οὐδὲν
1332 4121 1492 4189 ήμεῖς
1525 4120 1604 4180 είς
1633 4118 1694 4170 τὸ
1719 4119 1950 4188 πρᾶγμα
1983 4118 2404 4187 εἰσηνέγκαμεν,

734 4211 849 4266 ἀλλ’
873 4209 1034 4272 αὐτὸς
1072 4210 1100 4260 6
1129 4206 1404 4277 βασιλεὺς,
1433 4204 1526 4258 τοῦ
1563 4203 1700 4258 Θεοῦ
1739 4202 2077 4274 μαλάξαντος
2114 4203 2279 4257 αὑτοῦ
2309 4205 2406 4274 τὴν

734 4298 983 4368 καρδίαν,
1015 4295 1110 4347 καὶ
1134 4294 1239 4363 πρὸ
1266 4293 1374 4345 τῶν
1397 4291 1681 4362 ἡμετέρων
1722 4291 1986 4361 ῥημάτων
2017 4293 2198 4346 πᾶσαν
2222 4293 2402 4362 ἀφῆκε

733 4388 831 4457 τὴν
865 4383 1056 4454 ὀργὴν,
1084 4381 1180 4433 καὶ
1207 4379 1298 4432 τὸν
1327 4379 1498 4447 θυμὸν
1527 4378 1707 4439 ἔλυσε,
1737 4380 1831 4430 καὶ
1860 4378 1990 4448 περὶ
2022 4379 2130 4431 τῶν
2167 4397 2401 4451 γεγενη-

738 4472 916 4544 μένων
937 4465 1343 4533 διαλεγόμενος,
1365 4463 1442 4526 ὡς
1475 4463 1662 4532 ἐτέρου
1691 4463 1836 4525 τινὸς
1867 4463 2233 4534 ὑϐρισθέντος,
2261 4466 2404 4520 οὕτω

732 4559 804 4611 τά
835 4555 1119 4626 συμϐάντα
1154 4553 1368 4606 ἅπαντα
1401 4550 1572 4621 χωρὶς
1597 4550 1766 4619 ὀργῆς
1797 4548 2055 4619 διηγεῖτο.
2092 4551 2230 4603 Ἀλλ’
2262 4552 2406 4626 άπερ

738 4642 895 4709 οὗτος
923 4641 1239 4714 ἀπέκρυψεν
1270 4639 1378 4693 ἀπὸ
1408 4639 1931 4710 ταπεινοφροσύνης,
1983 4639 2157 4693 ταῦτα
2202 4645 2231 4694 6
2276 4643 2406 4706 Θεὸς

735 4737 814 4797 εἰς
879 4733 1042 4803 μέσον
1091 4731 1376 4799 ἐξήνεγκε.
1431 4727 1565 4780 Τίνα
1627 4728 1685 4780 δέ
1747 4729 1865 4780 ἐστι
1923 4725 2134 4795 ταῦτα;
2197 4730 2408 4800 Μικρὸν

735 4822 995 4889 ἀνωτέρω
1037 4819 1127 4870 τὸν
1173 4816 1332 4883 λόγον
1366 4814 1588 4882 ἀγαγὼν
1629 4814 1757 4884 ὑμῖν
1787 4814 2144 4886 διηγήσομαι.
2190 4815 2408 4888 Ἐπειδὴ

735 4910 844 4979 γὰρ
872 4905 1062 4977 ἐξῆλθε
1091 4905 1188 4974 τῆς
1232 4902 1440 4964 πόλεως
1471 4902 1677 4963 πάντας
1721 4903 1778 4955 ἐν
1820 4901 2058 4973 τοσαύτῃ
2093 4903 2411 4957 καταλιπὼν

735 4996 964 5066 ἀθυμίᾳ,
1017 4991 1199 5061 πολλῷ
1223 4991 1499 5060 δεινότερα
1546 4987 1703 5058 ήμῶν
1744 4986 1946 5058 ἔπασχε
1990 4990 2100 5043 τῶν
2123 4991 2181 5044 ἐν
2227 4991 2410 5054 αὐτοῖς

737 5085 906 5138 όντων
932 5085 1043 5144 τοῖς
1064 5081 1280 5143 δεινοῖς.
1311 5076 1536 5148 Πρῶτον
1579 5075 1677 5146 μὲν
1708 5074 1818 5144 γάρ
1849 5078 2244 5147 συγγενόμενος
2268 5080 2409 5132 κατὰ

741 5172 913 5242 μέσην
941 5169 1037 5239 τὴν
1069 5170 1187 5222 ὁδὸν
1222 5170 1333 5230 τοῖς
1360 5167 1456 5218 ἐπὶ
1485 5165 1584 5236 τὴν
1610 5162 1856 5228 ἐξέτασιν
1886 5163 1992 5217 τῶν
2025 5168 2408 5237 γεγενημένων

739 5259 892 5327 παρά
925 5257 1020 5310 τοῦ
1075 5255 1334 5325 βασιλέως
1372 5251 1692 5322 πεμφθεῖσι,
1728 5250 1822 5302 καὶ
1875 5249 2062 5313 μαθὼν
2093 5257 2220 5324 παρ’
2255 5256 2404 5308 ἐκεί-

739 5361 866 5406 νων,
907 5344 993 5414 ἐφ’
1016 5338 1097 5406 οἷς
1123 5338 1262 5412 ἦσαν
1315 5340 1738 5408 ἀπεσταλμένοι,
1769 5338 1863 5392 καὶ
1889 5338 1956 5390 τὰ
1986 5339 2405 5411 καταληψόμενα

739 5434 838 5504 τὴν
881 5433 1033 5486 πόλιν
1079 5429 1531 5499 ἀναλογιζόμενος
1563 5426 1734 5489 δεινὰ,
1787 5429 1914 5491 τοὺς
1968 5426 2252 5498 θορύϐους,
2309 5433 2408 5495 τὰς

741 5522 1004 5592 ταραχάς,
1054 5518 1154 5590 τὴν
1205 5516 1404 5586 φυγὴν,
1460 5516 1552 5568 τὸν
1601 5513 1786 5582 φόϐον,
1833 5515 1931 5585 τὴν
1966 5516 2225 5584 ἀγωνίαν,
2278 5523 2406 5583 τοὺς

740 5607 1038 5670 κινδύνους,
1066 5604 1250 5676 πηγὰς
1283 5603 1430 5671 ήφίει
1453 5601 1726 5672 δακρύων,
1748 5599 1854 5654 τῶν
1891 5601 2218 5673 σπλάγχνων
2257 5605 2406 5676 αὐτῷ

737 5691 1174 5762 διακοπτομένων
1200 5702 1221 5729 ο
1247 5706 1262 5720 ·
1285 5692 1396 5751 τοῖς
1422 5689 1528 5758 γὰρ
1561 5687 1836 5758 πατράσιν
1859 5687 1977 5752 ἔθος
2009 5688 2190 5761 πολλῴ
2219 5692 2405 5762 μεῖζον

799 5782 825 5810 ⁸
855 5780 948 5827 Alii
974 5779 1133 5840 φόϐον.
1159 5779 1272 5830 Εῐδε
1293 5774 1436 5825 τοῦτο
1457 5777 1630 5831 καλῶς.

799 5843 827 5882 b
853 5844 1002 5888 δύνει.
1032 5847 1084 5888 οὶ
1120 5841 1304 5901 aliquot
1331 5851 1445 5887 mss.
1473 5840 1598 5886 ῶστε
1630 5844 1762 5899 κοινῇ
1807 5840 1903 5900 μεθ’
1930 5842 2081 5899 ἡμῶν.
2113 5840 2264 5892 [idem
2292 5859 2396 5893 mox

737 5907 812 5954 ινα
835 5904 914 5950 καὶ
942 5907 1024 5959 τῆς
1037 5902 1318 5964 προθέσεως.

807 5970 829 5998 ί
854 5964 1002 6014 Savil.
1029 5963 1085 6012 el’
1114 5969 1214 6011 tres
1235 5978 1349 6012 mss.
1375 5963 1500 6023 αὐτῷ
1523 5963 1881 6022 διασπωμενων.

1506 441 1562 496 S.
1587 439 1872 497 JOANNES
1907 440 2398 499 CHRYSOSTOMI
2437 443 2758 500 ARCHIEP.
2798 444 3355 506 CONSTANTINOP.

4061 454 4171 510 2M

2503 561 2708 628 ἀλγεῖν,
2740 560 2869 612 ὅταν
2911 561 3046 630 μηδέ
3080 567 3338 632 παρεῖναι
3367 562 3629 617 δύνωνται
3659 563 4021 632 κακουμένοις
4057 572 4170 633 τοῖς

2499 647 2706 698 ἑαυτῶν
2759 645 2968 698 παισίν.
3034 648 3100 698 Ὀ
3147 647 3212 717 δὴ
3268 651 3363 702 καὶ
3405 651 3434 703 6
3482 646 3966 717 φιλοστοργότατος
4015 649 4171 717 οὗτος

2498 732 2758 802 ἔπασχεν,
2781 734 2839 785 ού
2857 732 2927 786 τά
2957 732 3386 804 καταληψόμενα
3408 737 3556 806 ἡμᾶς
3579 734 3728 788 δεινά
3745 733 3958 804 θρηνῶν
3983 738 4169 804 μόνον.

2497 815 2634 869 ἀλλὰ
2667 820 2761 871 καὶ
2789 819 2848 871 τὸ
2871 819 3058 889 πόρρω
3089 817 3262 871 ταῦτα
3289 821 3609 889 πασχόντων
3644 819 3799 889 ήμῶν
3820 816 3961 871 εἶναι
3980 838 3993 849 ·
4030 822 4172 892 πλὴν

2497 900 2638 954 ἀλλά
2680 905 2776 956 καὶ
2819 904 2979 957 τοῦτο
3017 904 3155 975 ὑπὲρ
3180 904 3280 971 τῆς
3301 905 3583 975 ἡμετέρας
3624 907 3832 974 ἐγίνετο
3871 908 4168 975 σωτηρίας.
4231 911 4250 922 ’

2512 986 2728 1056 Ἐπειδὴ
2758 987 2868 1058 γάρ
2919 989 3088 1058 ἔμαθε
3122 987 3296 1040 ταῦτα
3335 989 3466 1057 παρ’
3518 991 3778 1056 ἐκείνων,
3831 990 4173 1059 θερμοτέρας

2495 1073 2644 1141 ἠφίει
2689 1073 2874 1139 πηγὰς
2905 1075 3176 1145 δακρύων,
3204 1075 3298 1126 καὶ
3331 1073 3470 1144 μετά
3499 1075 3748 1141 πλείονος
3774 1078 4009 1148 δεήσεως
4036 1077 4173 1145 πρὸς

2497 1158 2625 1211 Θεὸν
2658 1158 2990 1226 κατέφευγε,
3023 1161 3120 1214 καὶ
3173 1160 3270 1226 τὰς
3315 1159 3518 1223 νύκτας
3561 1161 3768 1227 ἄϋπνος
3797 1166 3949 1235 διῆγε
3990 1181 4171 1233 παρα-

2498 1243 2698 1306 καλῶν,
2740 1245 2834 1296 καὶ
2866 1249 2932 1314 τῇ
2971 1246 3126 1299 πόλει
3179 1246 3583 1317 παραγενέσθαι
3635 1248 3810 1301 ταῦτα
3858 1249 4169 1318 πασχούσῃ,

2496 1335 2591 1384 καὶ
2622 1331 2715 1383 τοῦ
2751 1331 3016 1401 βασιλέως
3057 1336 3369 1404 πραοτέραν
3411 1334 3632 1403 ποιῆσαι
3655 1333 3753 1402 τὴν
3785 1336 4044 1390 διάνοιαν.
4084 1337 4172 1397 Ὠς

2495 1415 2551 1468 δέ
2589 1413 2759 1484 ἐπέϐη
2804 1415 2901 1484 τῆς
2935 1414 3181 1484 μεγάλης
3221 1417 3432 1479 πόλεως
3487 1414 3739 1482 ἐκείνης,
3781 1419 3875 1469 καὶ
3929 1422 4010 1481 εἰς
4069 1417 4171 1480 τὰς

2500 1496 2782 1567 βασιλικὰς
2818 1496 3065 1567 εἰσῆλθεν
3113 1497 3301 1560 αύλάς,
3338 1500 3581 1569 εἱστήκει
3626 1497 3718 1550 τοῦ
3759 1498 4024 1566 βασιλέως
4047 1503 4175 1572 πόῤ-

2502 1582 2709 1653 ρωθεν,
2748 1581 2992 1649 ἄφωνος,
3040 1581 3327 1651 δακρύων,
3376 1583 3526 1635 κάτω
3569 1581 3811 1643 κύπτων,
3839 1583 4175 1653 ἐγκαλυπτό-

2503 1681 2683 1732 μενος,
2717 1664 2905 1733 ῶσπερ
2939 1665 3103 1726 αὑτὸς
3156 1663 3230 1717 ῶν
3271 1665 3300 1716 6
3343 1664 3522 1716 πάντα
3558 1665 3934 1734 ἐργασάμενος
3963 1647 4172 1722 ἐκεῖνα.

2516 1743 2722 1797 Ἐποίει
2744 1746 2802 1799 δὲ
2827 1746 3006 1812 τοῦτο,
3045 1745 3122 1817 τῷ
3159 1747 3417 1817 σχήματι,
3458 1745 3534 1815 τῷ
3570 1745 3862 1816 βλέμματι,
3899 1751 4012 1810 τοῖς
4040 1750 4176 1820 θρήσ-

2497 1843 2609 1889 νοις
2637 1829 2904 1900 πρότερον
2930 1829 3335 1883 ἐπισπάσασθαι
3369 1828 3683 1899 βουλόμενος
3705 1829 3864 1880 αὑτὸν
3891 1831 3970 1891 είς
4001 1830 4173 1896 ἔλεον,

2497 1915 2592 1966 καὶ
2624 1915 2747 1967 τότε
2779 1917 3047 1986 ἄρξασθαι
3067 1917 3168 1986 τῆς
3206 1917 3347 1988 ὑπὲρ
3381 1915 3536 1986 ἡμῶν
3563 1915 3855 1983 ἀπολογίας
3876 1930 3890 1943 ·
3927 1915 4026 1984 μία
4063 1917 4176 1986 γὰρ

2495 2001 2609 2060 τοῖς
2636 1999 3048 2069 ἁμαρτάνουσιν
3077 2002 3434 2054 ἀπολείπεται
3470 1999 3789 2069 συγγνώμη,
3813 2000 3874 2050 τὸ
3898 2001 4056 2068 σιγᾷν
4079 2001 4176 2052 καὶ

2502 2085 2668 2156 μηδὲν
2705 2087 2845 2157 ὑπὲρ
2901 2087 3011 2138 τῶν
3042 2089 3430 2157 γεγενημένων
3481 2087 3831 2156 φθέγγεσθαι.
3890 2087 4177 2139 Ἐϐούλετο

2498 2167 2606 2236 γὰρ
2645 2166 2709 2237 δὴ
2753 2167 2923 2229 πάθος
2962 2168 3020 2218 τὸ
3048 2169 3145 2236 μὲν
3181 2170 3508 2236 ἐξενεγκεῖν,
3561 2171 3623 2222 τὸ
3661 2170 3718 2222 δέ
3767 2172 4097 2237 εἰσενεγκεῖν
4121 2166 4173 2229 δ,

2499 2249 2750 2302 ἐκϐαλεῖν
2796 2249 2893 2319 μὲν
2938 2250 3029 2302 τὸν
3071 2249 3264 2318 θυμὸν,
3313 2253 3629 2318 εἰσαγαγεῖν
3678 2252 3737 2304 δέ
3772 2250 4033 2320 ἀθυμίαν,
4089 2250 4178 2302 ἵνα

2498 2336 2642 2390 οὕτω
2670 2338 3072 2410 προοδοποιήσῃ
3106 2341 3221 2400 τοῖς
3266 2339 3366 2407 τῆς
3399 2338 3700 2406 ἀπολογίας
3725 2340 3965 2409 ῥήμασιν
3991 2355 4004 2368 ⁸
4038 2340 4175 2409 ὅπερ

2496 2421 2588 2476 οὖν
2641 2427 2735 2477 καὶ
2781 2425 3017 2492 ἐγένετο.
3058 2426 3165 2477 Καὶ
3200 2425 3452 2496 καθάπερ
3512 2426 3760 2495 Μωῦσῆς
3814 2427 3896 2487 είς
3943 2425 4005 2477 τὸ
4051 2426 4178 2494 ὅρος

2497 2512 2732 2578 ἀναϐὰς,
2775 2512 2869 2567 τοῦ
2903 2513 3033 2565 λαοῦ
3089 2512 3624 2584 προσκεκρουκότος,
3665 2513 3881 2580 ἄφωνος
3934 2513 4177 2582 εἱστήκει

2499 2599 2695 2662 αὐτὸς,
2752 2598 2856 2663 ἔως
2906 2601 2934 2652 6
2979 2599 3112 2663 Θεὸς
3161 2599 3324 2653 αὑτὸν
3373 2598 3732 2664 ἐξεκαλέσατο
3764 2597 3955 2662 εἰπὼν,
4004 2601 4180 2665 Ἄφες

2494 2704 2592 2756 με,
2617 2687 2716 2740 καὶ
2761 2687 3066 2755 ἐξαλείψω
3113 2688 3222 2741 τὸν
3248 2687 3405 2741 λαὸν
3432 2686 3656 2741 τοῦτον
3675 2703 3690 2718 ·
3722 2685 3866 2738 οῦτω
3895 2687 3992 2738 καὶ
4025 2682 4179 2747 οὗτος

2501 2775 2773 2844 ἐποίησεν.

2584 2862 2730 2915 Ἰδὼν
2771 2861 2954 2915 τοίνυν
3002 2861 3166 2915 αὑτὸν
3201 2864 3229 2915 6
3265 2861 3516 2931 βασιλεὺς
3545 2862 3850 2933 δακρύοντα
3886 2863 3984 2916 καὶ
4031 2864 4182 2916 κάτω

2500 2946 2800 3012 κύπτοντα,
2853 2945 3158 3016 προσῆλθεν
3190 2947 3375 3011 αὐτὸς,
3419 2952 3514 3001 καὶ⁸
3562 2949 3697 3018 ὅπερ
3733 2948 3902 3001 ἔπαθε
3947 2949 4037 3002 διὰ
4071 2948 4181 3001 τῶν

2498 3032 2754 3102 δακρύων
2795 3032 2891 3086 τοῦ
2938 3035 3150 3104 ἱερέως,
3186 3034 3348 3088 τοῦτο
3380 3036 3589 3090 ἐδείκνυ
3620 3036 3709 3088 διὰ
3756 3035 3864 3089 τῶν
3915 3037 4180 3107 ῥημάτων

2499 3119 2607 3172 τῶν
2632 3119 2768 3190 πρὸς
2789 3120 2952 3172 αὐτόν
2968 3137 2983 3151 ο
3016 3121 3078 3172 ού
3105 3122 3214 3190 γάρ
3235 3122 3580 3192 θυμουμένου
3604 3123 3722 3176 ούδέ
3744 3123 4181 3190 ἀγανακτοῦντος

2501 3203 2642 3276 ἦσαν
2685 3209 2735 3259 οί
2768 3207 2938 3275 λόγοι,
2967 3208 3082 3260 ἀλλ’
3111 3208 3409 3275 ἀλγοῦντος
3435 3225 3450 3238 ⁸
3494 3211 3595 3262 οὐκ
3637 3209 4020 3280 ὀργιζομένου,
4063 3209 4181 3262 ἀλλ’

2505 3293 2841 3362 ἀθυμοῦντος
2873 3293 3024 3365 [217]
3057 3296 3152 3346 καὶ
3181 3295 3496 3366 περιοδυνίᾳ
3530 3296 3897 3366 κατεχομένου
3931 3296 4138 3364 μᾶλλον
4164 3312 4178 3325 ⁶

2505 3381 2597 3432 καὶ
2621 3382 2701 3432 ὅτι
2723 3380 2878 3434 τοῦτό
2907 3383 3053 3433 ἐστιν
3082 3382 3301 3451 ἀληθὲς,
3330 3383 3470 3435 αὑτά
3500 3383 3568 3436 τὰ
3598 3385 3820 3452 ῥήματα
3848 3383 4183 3446 ἀκούσαντες

2506 3467 2740 3521 εἴσεσθε.
2766 3469 2839 3520 Οὐ
2870 3469 2976 3538 γὰρ
3001 3465 3142 3521 εἷπε·
3168 3469 3233 3521 Τί
3265 3487 3394 3522 ποτε
3418 3469 3577 3521 τοῦτό
3602 3472 3778 3532 ἐστιν;
3805 3470 3946 3539 ὑπὲρ
3971 3469 4184 3538 ἀνθρὼ-

2507 3573 2623 3608 πων
2663 3555 2877 3625 μιαρῶν
2913 3557 3006 3608 καὶ
3053 3557 3412 3626 παμμιάρων,
3450 3559 3544 3610 καὶ
3593 3556 3688 3619 οὒς
3735 3557 3860 3609 οὔτε
3899 3557 3999 3626 ζῇν
4049 3557 4180 3620 ἔδει,

2505 3643 2804 3714 πρεσϐείαν
2836 3643 2991 3712 ἥκεις
3018 3642 3280 3712 κομίζων,
3317 3643 3426 3696 τῶν
3451 3645 3752 3714 τυράννων,
3791 3644 3899 3696 τῶν
3922 3660 4182 3712 νεωτεροο

2504 3730 2674 3782 ποιῶν
2702 3729 2812 3782 τῶν
2845 3730 3026 3800 πάσης
3052 3730 3221 3797 ἀξίων
3262 3730 3566 3795 κολάσεως;
3610 3731 3770 3784 Ἀλλά
3800 3731 3979 3784 πάντα
4008 3730 4185 3784 ταῦτα

2505 3824 2662 3891 ἀφεὶς
2685 3823 2752 3875 τὰ
2775 3825 3014 3893 ῥήματα.
3042 3824 3339 3893 ἀπολογίαν
3361 3824 3660 3895 συνέθηκεν
3689 3827 3958 3898 ἐντροπῆς
3984 3829 4184 3894 γέμου-

2508 3927 2604 3961 σαν
2635 3911 2728 3962 καὶ
2751 3909 3076 3981 βαρύτητος,
3116 3911 3210 3963 κα)⁸
3237 3910 3338 3974 τάς
3387 3913 3582 3965 ἑαυτοῦ
3633 3913 3928 3980 κατέλεγεν
3955 3914 4182 3983 εὐεργεο

2509 3993 2663 4055 σίας,
2715 3995 2844 4056 ὅσας
2881 3993 3035 4062 παρὰ
3075 3994 3252 4046 πάντα
3282 3994 3375 4046 τὸν
3414 3995 3604 4065 καιρὸν
3641 3995 3744 4063 τῆς
3776 3995 4054 4064 βασιλείας
4082 3996 4181 4063 τὴν

2507 4079 2659 4132 πόλιν
2688 4080 2844 4149 ἡμῶν
2873 4078 3231 4150 εὐηργέτησε,
3262 4079 3357 4132 καὶ
3382 4080 3466 4147 ἐφ’
3485 4079 3699 4147 ἑκάστῳ
3725 4081 3907 4147 ἔλεγεν
3929 4091 3975 4118 ε·
3994 4079 4185 4133 Ταῦτά

2510 4183 2576 4236 με
2610 4167 2725 4219 ἀντ’
2771 4165 2994 4218 ἐκείνων
3050 4166 3246 4218 παθεῖν
3299 4165 3442 4231 ἔδει;
3493 4168 3664 4220 ποίων
3714 4167 4071 4237 ἀδικημάτων
4114 4183 4182 4236 με

2503 4253 2710 4324 ταύτην
2756 4253 3067 4322 ἐπράξαντο
3107 4253 3298 4324 δίκην;
3335 4253 3402 4305 Τί
3452 4253 3648 4324 μικρὸν
3686 4254 3718 4324 ἢ
3753 4253 3898 4322 μέγα
3927 4253 4180 4320 ἐγκαλεῖν

2506 4342 2741 4410 ἔχοντες,
2766 4341 2868 4394 οὑκ
2900 4343 2980 4404 είς
3005 4340 3106 4410 ἐμὲ
3133 4341 3318 4411 μόνον,
3361 4341 3496 4395 ἀλλὰ
3528 4341 3622 4395 καὶ
3656 4342 3736 4404 είς
3765 4343 3891 4405 τοὺς
3921 4340 4182 4394 ἀπελθόν-

2508 4446 2606 4492 τας
2640 4428 2966 4500 ἐνύϐρισαν;
2996 4430 3094 4481 οὐκ
3124 4430 3281 4500 ήρκει
3323 4428 3414 4482 τὸν
3445 4428 3616 4500 θυμὸν
3656 4428 3846 4498 στῆναι
3879 4429 4044 4500 μέχρι
4074 4427 4184 4482 τῶν

2508 4515 2764 4579 ζὼντωνς
2799 4515 2912 4568 ἀλλ’
2941 4517 2989 4567 εί
3025 4515 3098 4584 μὴ
3146 4515 3241 4567 καὶ
3287 4515 3414 4579 τοὺς
3447 4516 3718 4584 ταφέντας
3767 4515 4180 4586 καθυϐρίσαιεν,

2510 4603 2660 4654 οὐδὲν
2687 4603 2946 4670 ἐνόμισαν
2967 4601 3213 4655 νεανικὸν
3240 4605 3434 4657 ποιεῖν.
3480 4603 3847 4673 Ἥδικήκαμεν
3879 4603 4073 4671 ήμεῖς,
4106 4601 4181 4663 ὡς

2511 4690 2664 4742 αὐτοὶ
2700 4686 2982 4756 νομίζουσι
3001 4704 3014 4719 ⁸
3044 4687 3240 4740 οὐκοῦν
3260 4687 3370 4740 τῶν
3391 4689 3600 4758 νεκρῶν
3629 4687 3919 4755 φείσασθαι
3945 4687 4051 4738 ἔδει
4074 4686 4182 4737 τῶν

2510 4772 2664 4824 οὐδὲν
2690 4770 3056 4840 ἠδικηκότων·
3081 4769 3143 4821 οὑ
3175 4769 3285 4840 γάρ
3315 4771 3378 4840 δὴ
3423 4772 3692 4833 κάκείνοις
3728 4769 3899 4821 ταῦτα
3927 4769 4182 4835 ἐγκαλεῖν

2512 4856 2677 4928 εῐχον.
2711 4857 2847 4926 Οὐχὶ
2877 4856 3080 4926 ταύτην
3131 4857 3352 4909 πάντων
3404 4857 3693 4931 προύθηκα
3737 4857 3838 4926 τὴν
3883 4856 4040 4907 πόλιν
4071 4858 4177 4920 ἀεὶ,

2512 4949 2604 4999 καὶ
2650 4945 2749 5014 τῆς
2799 4944 3127 5014 ἐνεγκούσης
3159 4945 3545 5016 ποθεινοτέραν
3587 4941 3727 4997 εἶναι
3781 4943 4050 5014 ἐνόμιζον,
4085 4946 4180 4998 καὶ

2512 5033 2678 5102 εὐχῆς
2703 5049 2792 5100 μοι
2833 5031 3115 5100 διηνεκοῦς
3152 5033 3312 5104 ἔργον
3345 5029 3436 5103 ἦν,
3471 5033 3571 5101 τὴν
3605 5031 3762 5082 πόλιν
3789 5031 4004 5102 ἐκείνην
4028 5033 4176 5099 ίδεῖν,

2512 5120 2605 5172 καὶ
2635 5119 2825 5171 τοῦτον
2855 5119 3153 5190 ἐποιούμην
3182 5121 3344 5190 ὅρκον
3372 5120 3508 5189 πρὸς
3543 5118 3787 5182 πάντας;

2581 5211 2650 5272 γ’.
2669 5203 2933 5256 Ἐνταῦθα
2949 5204 3142 5276 πικρὸν
3166 5205 3475 5274 ἀνοιμώξας
3493 5205 3521 5255 ό
3542 5203 3739 5272 ἱερεὺς,
3764 5205 3856 5257 καὶ
3873 5205 4178 5276 θερμότερα

2511 5291 2670 5358 ἀφεὶς
2703 5289 2932 5360 δάκρυα,
2963 5291 3146 5344 οὐκέτι
3186 5291 3373 5342 λοιπὸν
3412 5291 3601 5356 ἐσίγα·
3635 5290 3780 5361 ἐώρα
3811 5293 3921 5362 γάρ
3949 5292 4048 5362 τὴν
4082 5293 4177 5343 τοῦ

2513 5375 2778 5446 βασιλέως
2809 5377 3107 5444 ἀπολογίαν
3162 5377 3388 5446 μείζονα
3421 5374 3679 5429 ποιοῦσαν
3706 5378 3804 5449 τὴν
3845 5378 4178 5447 κατηγορίαν

2509 5463 2694 5532 ήμῶν·
2719 5463 2854 5516 ἀλλά
2879 5464 3136 5528 στενάξας
3168 5463 3415 5516 κάτωθεν
3445 5463 3582 5535 βαρὺ
3615 5467 3709 5519 καὶ
3755 5468 3973 5536 πικρὸν,
4021 5466 4177 5534 Ὁμο-

2510 5547 2794 5616 λογοῦμεν,
2831 5549 3014 5618 φησὶν,
3048 5543 3092 5600 ὦ
3121 5546 3366 5616 βασιλεῦ,
3407 5551 3501 5602 καὶ
3545 5551 3644 5604 οὐκ
3694 5551 3760 5604 ἂν
3809 5548 4177 5621 ἀρνηθείημεν

2511 5632 2601 5685 τὸν
2650 5631 2825 5702 ἔρωτα
2872 5633 3078 5691 τοῦτον,
3127 5631 3185 5684 ὂν
3217 5632 3344 5702 περὶ⁵
3389 5633 3487 5703 τὴν
3523 5636 3757 5707 πατρίδα
3791 5631 4054 5696 ἐπεδείξω
4081 5634 4176 5704 τὴν

2512 5722 2804 5792 ήμετέραν,
2835 5723 2927 5774 καὶ
2966 5720 3054 5772 διά
3094 5720 3252 5772 τοῦτο
3301 5722 3532 5790 μάλιστα
3567 5724 3896 5795 θρηνοῦμεν,
3941 5722 4024 5774 ὅτι
4080 5723 4176 5793 τὴν

2513 5808 2656 5863 οῦτω
2691 5808 3019 5878 φιλουμένην
3073 5808 3378 5880 ἐϐάσκηναν
3430 5812 3715 5883 δαίμονες,
3770 5811 3862 5862 καὶ
3913 5812 4037 5882 περὶ
4086 5813 4177 5865 τὸν

2573 5910 2598 5947 «Ι
2622 5908 2765 5971 SaviL
2793 5912 2847 5954 Cl
2866 5906 3059 5971 quidam
3083 5906 3165 5957 alii
3188 5911 3241 5956 τὸ
3260 5911 3316 5971 Δδὲ
3337 5911 3616 5971 εἰσαγαγεῖν.

2577 5974 2599 6001 ε
2622 5969 2771 6018 δωνίι.
2800 5976 2851 6018 el
2869 5965 3054 6030 dliquol
3073 5982 3181 6020 mss‘.
3204 5968 3270 6031 ἐφ’
3294 5965 3482 6035 ἑκάστῲ
3505 5965 3651 6019 ταῦτα
3672 5965 3874 6028 ἐπέλεγε.
