4408 6688
405 415 505 467 ὶιῦ

404 540 591 578 verum
621 527 766 580 omni
793 523 1236 594 consanguinitati
1268 522 1361 576 Dei
1393 525 1634 578 timorem
1682 524 1990 593 praeferens,

405 617 544 672 bene
570 633 629 673 se
659 631 818 672 nosse
857 614 1211 678 monstravit,
1245 613 1386 682 quod
1419 614 1557 670 sicut
1579 614 1993 684 gubernatorem

403 720 782 780 tempestates,
812 719 868 764 et
910 708 1105 762 ducem
1154 707 1407 774 pericula,
1435 708 1514 762 sic
1565 717 1621 762 et
1663 713 1995 760 sacerdotem

401 805 634 858 tentatio
687 799 1020 869 comprobet.
1063 797 1286 862 Omnes,
1321 798 1519 868 inquit,
1550 796 1617 852 ad
1673 812 1774 850 nos
1823 799 1996 862 rosm-

401 894 553 947 ciunt
583 901 638 948 et
664 890 834 946 Judazi
862 898 915 943 et
945 887 1116 942 Crarci
1152 906 1165 940 :
1197 904 1263 942 ne
1295 892 1454 958 igitur
1482 890 1722 958 ipsorum
1753 887 1820 942 de
1848 889 1998 944 nobis

400 984 839 1055 exspectationes
876 979 1225 1044 frustretnus,
1253 996 1353 1035 nec
1387 989 1595 1034 tantum
1626 980 1774 1048 parvi
1798 979 1998 1048 penda-

401 1093 523 1132 mus
561 1073 933 1142 naufragium,
964 1072 1056 1127 sed
1091 1082 1272 1128 nostra
1303 1073 1413 1127 Deo
1440 1069 1758 1125 mandantes
1785 1073 1995 1135 omnia,

403 1171 579 1236 ipsam
631 1166 863 1220 animam
914 1164 1202 1219 tradamus.
1261 1165 1327 1218 Et
1381 1162 1664 1218 considera
1735 1162 1999 1230 pontificis

403 1257 928 1330 magnanimitatem,
961 1267 1016 1310 et
1046 1257 1138 1311 Dei
1179 1256 1562 1326 benignitatem
1593 1270 1608 1319 ;
1639 1252 1888 1306 omnibus
1919 1254 1998 1306 his

404 1369 529 1420 qua:
559 1351 806 1420 despexit
828 1349 1030 1417 potitus
1057 1357 1140 1402 est
1165 1389 1180 1413 ,
1213 1358 1269 1401 ut
1298 1358 1352 1402 et
1394 1347 1690 1402 alacritatis
1722 1346 1997 1414 praemium

406 1451 656 1510 caperet,
685 1452 740 1495 et
765 1438 1016 1510 potiendo
1039 1447 1231 1507 printer
1255 1440 1710 1508 exspectationem
1742 1438 1998 1504 majorem

407 1545 790 1604 asscqueretur
838 1535 1186 1601 voluptatem.
1261 1532 1435 1601 Elegit
1487 1533 1884 1586 solemnitatem
1949 1530 2001 1582 in

410 1624 583 1678 aliena
608 1637 745 1679 terra
768 1668 782 1689 ,
822 1634 877 1680 et
907 1624 1098 1693 procul
1127 1639 1155 1674 a
1188 1625 1299 1678 suis
1338 1633 1558 1694 propter
1582 1625 1821 1678 civitatis
1857 1622 2001 1674 salu-

412 1723 522 1768 tem
554 1717 826 1769 celebrare
850 1733 864 1779 ;
896 1716 1036 1768 Deus
1065 1722 1243 1766 autem
1271 1725 1394 1766 ante
1417 1714 1617 1768 Pascha
1646 1717 1818 1783 ipsum
1849 1710 2002 1764 nobis

412 1804 660 1863 reddidit,
691 1813 746 1857 ut
772 1820 1112 1858 communem
1143 1803 1417 1857 nobiscum
1455 1804 1849 1857 solemnitatem
1878 1817 2004 1868 age-

413 1906 534 1957 ret,
573 1909 629 1947 ut
673 1905 727 1947 et
775 1897 1028 1964 prepositi
1078 1895 1386 1950 mercedem
1439 1895 1688 1959 haberet;
1715 1903 1770 1948 et
1812 1892 2001 1962 majori

414 1985 606 2038 laetitia
654 1983 937 2037 frueretur.
971 1984 1087 2038 Non
1137 1984 1312 2037 timuit
1362 1984 1488 2036 anni
1539 1993 1783 2051 tempus,
1817 1992 1870 2036 et
1911 1997 2005 2050 per

414 2086 584 2128 totum
611 2075 1053 2142 peregrinationis
1075 2085 1286 2144 tempus
1310 2083 1472 2128 testas
1501 2073 1632 2127 fuit:
1665 2089 1767 2127 non
1791 2075 1998 2127 curavit

415 2174 652 2228 :rtatem,
693 2172 747 2216 ct
791 2173 1063 2233 tamquam
1104 2166 1320 2234 juvenis
1367 2173 1423 2218 et
1463 2165 1668 2234 vigens,
1713 2165 1790 2218 sic
1839 2173 2001 2218 totam

414 2257 554 2310 hanc
581 2259 718 2309 viam
742 2256 894 2310 facile
922 2259 1182 2325 percurrit
1205 2275 1218 2310 :
1250 2259 1454 2314 sororis
1481 2265 1708 2312 mortem
1731 2271 1837 2309 non
1861 2256 2005 2325 cogi-

414 2352 568 2414 tavit,
603 2365 701 2404 nec
723 2350 903 2403 carnis
931 2350 1210 2404 affectione
1249 2352 1422 2404 victus
1457 2360 1538 2405 est
1575 2368 1589 2402 :
1623 2359 1678 2405 et
1725 2363 2004 2419 regressus

413 2443 684 2495 viventem
709 2442 882 2509 ipsam
912 2441 1287 2511 deprehendit,
1310 2453 1362 2497 et
1386 2444 1566 2498 omnia
1590 2459 1708 2514 qua:
1731 2444 2000 2513 despexit,

412 2544 732 2601 assequutus
756 2544 857 2586 est.

482 2625 537 2676 2.
581 2625 644 2676 Et
673 2624 902 2692 pontifex
931 2623 1148 2693 quidem
1199 2624 1269 2677 ita
1319 2625 1658 2692 splendorem
1687 2635 1741 2680 et
1768 2626 1995 2680 celebri-

420 2722 580 2766 tatem
627 2729 744 2766 cum
791 2714 928 2782 apud
975 2714 1164 2781 Deum,
1199 2723 1309 2768 tum
1342 2715 1480 2784 apud
1526 2717 1766 2770 homines
1807 2733 1998 2771 conse-

411 2817 613 2875 quotus
641 2816 760 2870 est;
793 2806 1174 2875 Imperatorem
1223 2823 1354 2862 vero
1393 2809 1663 2878 negotium
1711 2807 1812 2862 hoc
1857 2808 2000 2862 omni

409 2898 712 2952 diademate
735 2899 1060 2966 splendidius
1078 2901 1307 2953 ornavit.
1344 2900 1578 2954 Primum
1600 2901 1833 2970 quidem,
1857 2901 2001 2971 quod

412 2998 524 3042 tum
557 2989 729 3056 palam
775 2988 966 3043 factum
996 2999 1100 3055 est,
1128 3005 1248 3044 eum
1277 3006 1396 3060 qua:
1437 2992 1568 3045 nulli
1610 2992 1760 3045 alteri
1805 3007 2000 3047 conce-

408 3080 558 3134 deret
582 3121 598 3146 ,
634 3080 749 3134 haec
779 3082 1140 3137 sacerdotibus
1162 3083 1586 3138 condonaturum
1609 3100 1762 3139 esse:
1787 3085 1998 3148 deinde,

409 3187 530 3224 cum
559 3172 722 3224 multa
775 3172 1048 3226 celeritate
1097 3175 1318 3242 gratiam
1368 3174 1601 3238 dedisse,
1629 3184 1683 3228 et
1719 3174 1875 3229 irasci
1906 3176 2000 3231 de-

408 3265 586 3318 siisse.
617 3264 722 3318 Sed
753 3275 807 3318 ut
836 3265 1166 3320 manifestius
1195 3276 1247 3321 et
1267 3265 1610 3334 Imperatoris
1641 3270 1997 3338 magnanimi-

409 3365 594 3416 tatem,
620 3364 674 3408 et
700 3355 994 3410 sacerdotis
1021 3357 1332 3425 sapientiam
1355 3400 1368 3421 ,
1399 3366 1453 3411 et
1482 3367 1604 3412 ante
1630 3358 1746 3413 haec
1777 3371 2002 3430 utraque

409 3445 502 3497 Dei
526 3444 744 3498 discatis
776 3445 1178 3514 benignitatem,
1203 3448 1324 3500 date
1349 3447 1476 3501 mihi
1500 3457 1555 3501 ut
1581 3463 1744 3516 pauca
1773 3465 1836 3503 ex
1868 3464 1998 3504 con-

407 3540 564 3591 cione
590 3538 695 3591 illic
723 3537 898 3590 habita
929 3539 1081 3592 vobis
1105 3554 1390 3608 exponam.

483 3629 715 3684 Flaviani
737 3629 998 3682 modestia.
1028 3658 1103 3670 —
1139 3631 1315 3684 Dicam
1343 3640 1517 3685 autem
1561 3646 1680 3701 qua:
1707 3646 1736 3686 a
1766 3631 1996 3702 quodam

407 3739 619 3787 eorum,
645 3721 733 3792 qui
782 3721 923 3774 intus
965 3720 1325 3783 adstiterant.
1372 3722 1530 3776 didici
1566 3740 1578 3777 :
1612 3731 1761 3792 pater
1807 3739 1998 3794 nempe

411 3814 568 3875 nihil,
597 3826 766 3881 neque
795 3825 1012 3879 parvmn
1047 3825 1218 3879 neque
1250 3827 1519 3880 magnum,
1552 3814 1703 3868 nobis
1725 3813 1879 3880 dixit,
1902 3813 1998 3868 sed

410 3904 563 3958 Pauli
594 3917 804 3970 semper
828 3900 1316 3970 magnanimitatem
1349 3903 1588 3967 imitans,
1623 3904 1834 3972 propria
1863 3904 2002 3958 celat

409 3997 626 4060 merita,
659 4003 713 4048 et
749 3993 979 4062 undique
1030 3992 1481 4062 interrogantibus
1509 3995 1634 4064 quid
1683 3995 1999 4064 Imperatori

407 4087 629 4148 dixerit.
657 4095 711 4140 et
747 4085 1012 4155 quomodo
1041 4084 1388 4153 persuaserit,
1434 4094 1487 4138 et
1514 4087 1789 4154 quomodo
1834 4086 2000 4154 ipsius

405 4191 628 4229 omnem
671 4177 958 4230 excluserit
986 4175 1136 4238 iram,
1168 4174 1282 4228 hmc
1315 4175 1475 4228 verba
1507 4175 1775 4229 referebat
1809 4195 1819 4228 :
1853 4177 1996 4231 Nihil

409 4281 508 4318 nos
534 4268 599 4319 ad
634 4283 746 4320 rem
778 4267 1115 4330 contulimus,
1149 4264 1241 4318 sed
1272 4265 1384 4334 ipse
1410 4263 1725 4332 Imperator,
1767 4265 1996 4320 leniente

407 4356 520 4408 Deo
547 4372 643 4408 cor
672 4358 857 4423 ipsius,
891 4366 941 4411 et
968 4366 1090 4409 ante
1115 4355 1271 4408 verba
1321 4363 1499 4407 nostra
1544 4369 1758 4407 omnem
1789 4355 1995 4407 remisit

405 4446 538 4498 iram
565 4445 825 4513 solvitque
849 4445 1080 4500 furorem
1121 4454 1210 4499 :et
1238 4444 1304 4498 de
1333 4444 1499 4513 gestis
1535 4444 1826 4505 (ilSs‘Cl'CIlS.
1861 4453 1994 4496 lam-

403 4549 564 4602 quam
590 4535 694 4586 alio
720 4537 1040 4590 contumelia
1065 4535 1273 4599 aﬂ‘ecto,
1303 4535 1370 4588 ita
1397 4545 1586 4588 cuneta
1619 4551 1738 4604 quze
1778 4535 1989 4588 accide-

401 4633 530 4679 runt
555 4626 671 4678 sine
698 4625 775 4677 ira
803 4627 1280 4681 commemorabat.
1319 4625 1419 4679 Sed
1448 4641 1567 4694 qua:
1594 4627 1790 4680 celavit
1813 4626 1899 4680 hic
1927 4642 1992 4680 ex

403 4713 726 4775 humilitate,
757 4713 873 4767 hare
907 4716 1048 4771 Deus
1087 4719 1138 4771 in
1171 4717 1399 4772 mcdittm
1432 4716 1670 4786 protulit.
1700 4716 1831 4783 Qua:
1862 4732 1990 4770 vero

326 4818 345 4838 ί
399 4815 526 4857 sunt
549 4802 700 4856 haec?
733 4802 899 4855 Paulo
941 4809 1190 4872 superius
1220 4822 1517 4864 sermonem
1559 4815 1803 4874 repetens
1841 4806 1992 4860 vobis

400 4892 652 4947 referam.
675 4892 960 4960 Postquam
986 4895 1128 4947 enim
1158 4913 1220 4950 ex
1247 4899 1377 4953 urbe
1402 4911 1641 4968 egressus
1670 4905 1770 4962 est,
1801 4910 1989 4950 omnes

398 4985 451 5037 in
467 4992 611 5036 tanta
637 4981 939 5050 relinquens
955 4983 1188 5051 tristitia,
1209 4990 1375 5042 multo
1398 4990 1638 5059 graviora
1671 4987 1984 5057 patiebatur,

396 5090 556 5146 quam
585 5073 671 5142 qui
703 5075 754 5126 in
786 5074 912 5142 ipsis
949 5083 1102 5127 erant
1133 5078 1415 5135 molestiis.
1450 5082 1684 5135 Primum
1715 5095 1904 5148 nempe
1935 5080 1986 5134 in

399 5171 481 5222 via
515 5165 686 5220 media
714 5167 1039 5222 conveniens
1079 5182 1193 5232 eos,
1225 5172 1314 5237 qui
1350 5174 1414 5224 ad
1455 5185 1725 5242 gesturum
1764 5189 1985 5228 examen

398 5262 471 5314 ab
497 5258 817 5326 Imperatore
839 5258 985 5311 missi
1009 5267 1178 5321 erant,
1203 5267 1255 5312 et
1280 5259 1346 5313 ab
1375 5262 1477 5314 illis
1505 5265 1710 5328 doctus,
1735 5281 1986 5335 quorsum

396 5359 580 5407 essent
609 5346 779 5411 missi,
830 5358 884 5400 et
913 5349 1050 5402 mala
1082 5351 1348 5404 civitatem
1392 5351 1662 5419 invasuri,
1710 5358 1985 5422 tunnmus,

395 5442 748 5504 turbationes,
786 5437 983 5506 fugam,
1033 5443 1300 5506 timorem,
1353 5444 1697 5509 anxietatem,
1751 5450 1986 5517 pericula

393 5537 658 5606 cogitans,
692 5532 1046 5601 lacrymarum
1090 5537 1264 5590 fontes
1295 5536 1589 5600 emittebat,
1623 5554 1744 5591 cum
1780 5540 1986 5594 viscera

398 5632 499 5700 ipsi
533 5631 962 5683 disseCarentur:
993 5627 1230 5693 patribus
1254 5644 1396 5683 enim
1431 5645 1545 5684 tuos
1569 5639 1649 5684 est
1676 5631 1841 5683 multo
1873 5649 1986 5684 ma-

390 5723 475 5791 gis
504 5721 709 5785 dolere,
739 5731 856 5772 cum
880 5715 998 5769 filiis
1025 5716 1135 5771 suis
1162 5719 1299 5774 male
1319 5720 1639 5777 habentibus
1667 5736 1766 5776 nec
1793 5723 1983 5776 adesse

393 5814 602 5885 possint
630 5831 639 5865 :
673 5809 812 5884 quod
854 5817 908 5864 et
935 5807 1202 5876 piissimus
1233 5811 1319 5865 hic
1350 5829 1539 5882 passus
1580 5825 1680 5882 ρετ,
1713 5830 1816 5869 non
1844 5815 1978 5869 mala

1398 412 1486 463 AD
1529 411 1845 468 I‘OPULUM
1885 409 2375 466 ANTIOCHI-3ND.“
2441 409 2669 465 IIOMIL.
2717 409 2852 462 XXI.

3587 409 3694 464 2M

2106 536 2309 580 tantum
2337 542 2432 581 nos
2481 527 2726 580 invasura
2762 525 3070 594 deplorans,
3109 525 3202 580 scd
3242 534 3296 580 ct
3343 528 3482 593 quod
3544 533 3695 583 ttuLiS

2106 616 2223 670 bzec
2249 618 2570 684 patientibus
2610 617 2794 686 procul
2823 619 3071 684 abesset;
3105 635 3291 672 verum
3345 628 3399 672 et
3446 618 3548 673 huc
3601 638 3696 690 pro

2109 719 2292 762 nostra
2322 709 2496 763 salute
2521 709 2716 762 factum
2745 719 2847 762 est.
2880 708 2947 764 Ut
2993 710 3106 763 h:rc
3150 712 3294 765 enim
3326 711 3393 764 ab
3421 709 3526 763 illis
3565 711 3701 764 didi-

2104 802 2200 866 cit,
2232 801 2510 855 calidiores
2557 802 2909 873 lacrymarum
2957 802 3130 858 fontes
3160 803 3458 865 emittebat,
3496 811 3693 856 etcum

2107 892 2298 956 majori
2331 893 2720 961 supplicatione
2748 892 2814 946 ad
2837 893 3000 947 Deum
3023 893 3379 964 confugiebat,
3415 904 3470 947 et
3513 902 3699 946 noctes

2106 986 2379 1039 insomnes
2407 985 2635 1040 ducebat
2664 985 2988 1056 supplicans,
3013 996 3070 1039 ut
3097 985 3209 1039 lucc
3232 987 3449 1055 patienti
3484 1000 3706 1038 succut-

2105 1087 2248 1130 reret
2269 1077 2490 1141 civitati,
2521 1089 2573 1131 et
2600 1087 2657 1132 ιιι
2680 1078 3026 1148 Imperatoris
3059 1087 3289 1132 mentem
3322 1079 3571 1132 redderet
3599 1077 3700 1130 mi-

2109 1171 2320 1222 tiorem.
2357 1167 2426 1222 Ut
2459 1183 2586 1222 vero
2616 1185 2862 1239 magnam
2887 1169 3154 1223 civitatem
3203 1169 3346 1222 illam
3374 1167 3615 1222 ascendit
3653 1174 3704 1220 et

2107 1260 2278 1327 regias
2307 1259 2580 1327 ingressus
2605 1261 2867 1324 estaulas,
2908 1261 3089 1328 procul
3119 1259 3445 1328 Imperatore
3469 1259 3702 1312 constitit

2107 1362 2306 1414 mutus,
2338 1351 2660 1420 lacrymaus,
2686 1352 2934 1405 deorsum
2963 1353 3267 1414 inclinatus,
3299 1352 3535 1415 latitans,
3563 1361 3699 1402 tani-

2106 1457 2264 1510 quam
2289 1442 2401 1507 ipse
2423 1451 2563 1494 esset
2594 1443 2682 1510 qui
2712 1443 2890 1495 omnia
2924 1442 3012 1492 illa
3039 1451 3320 1507 pztlt'aSscI.
3366 1442 3476 1494 lloc
3522 1451 3700 1492 autent

2108 1531 2354 1594 faciebat,
2380 1529 2581 1592 habitu,
2611 1540 2846 1599 aspectu.
2878 1531 3105 1584 luctibus
3157 1531 3302 1599 prius
3355 1544 3573 1583 movere
3613 1545 3705 1579 vn-

2108 1620 2224 1675 lens
2252 1621 2424 1689 ipsum
2457 1619 2522 1672 ad
2565 1620 3010 1686 misericordiam,
3068 1632 3121 1674 et
3171 1630 3280 1674 tum
3335 1620 3705 1673 defensionem

2108 1728 2203 1780 pro
2225 1713 2378 1766 nobis
2403 1713 2658 1781 incipere.
2700 1712 2822 1766 Sola
2869 1727 3096 1779 namque
3145 1711 3491 1781 peccantibus
3538 1710 3707 1763 relin-

2109 1804 2286 1869 quitur
2312 1804 2482 1866 venia,
2517 1811 2694 1857 tacere
2717 1813 2770 1856 et
2804 1802 2932 1854 nihil
2960 1818 3054 1869 pro
3093 1802 3257 1870 gestis
3283 1802 3448 1870 loqui.
3480 1799 3707 1854 Volebat

2110 1895 2252 1948 enim
2285 1894 2526 1948 affectum
2577 1895 2717 1949 hunc
2762 1894 2978 1963 quidem
3010 1893 3225 1961 ejicere.
3259 1893 3412 1946 illum
3439 1907 3568 1945 vero
3618 1893 3701 1944 in-

2110 1984 2392 2038 troducere
2421 2003 2433 2037 :
2468 1985 2661 2053 ejicere
2682 1987 2879 2055 quippe
2909 1986 3066 2049 iram,
3104 1984 3372 2038 tristitiam
3419 1994 3596 2037 autem
3629 1987 3708 2034 iu-

2110 2075 2412 2140 troducere,
2443 2084 2499 2128 ut
2527 2076 2594 2128 ita
2614 2078 2749 2129 viam
2777 2087 3102 2145 pra-pararet
3125 2074 3457 2129 defensionis
3487 2075 3662 2128 verbis
3693 2091 3705 2125 :

2106 2167 2248 2235 quod
2276 2166 2489 2235 quidem
2516 2176 2568 2221 et
2597 2167 2788 2220 factum
2818 2177 2919 2221 cst.
2951 2169 3017 2221 Et
3066 2169 3204 2220 sicut
3236 2167 3412 2220 Moses
3456 2167 3506 2219 in
3549 2181 3706 2218 mon-

2109 2266 2215 2311 tem
2245 2256 2563 2320 ascendens,
2597 2257 2793 2325 popqu
2841 2257 3011 2326 lapso,
3067 2266 3245 2310 mutus
3286 2257 3400 2325 ipse
3445 2257 3706 2316 constitit.

2108 2350 2279 2404 donec
2303 2351 2473 2416 ipsum
2523 2349 2662 2401 Deus
2691 2349 2999 2416 provocavit
3028 2349 3252 2401 dicens:
3287 2347 3492 2400 Dimitte
3525 2363 3622 2408 me,
3661 2358 3708 2399 et

2111 2440 2282 2493 delebo
2313 2443 2555 2510 populum
2587 2438 2935 2511 Itunc(Exod.
2961 2439 3048 2494 52.
3089 2440 3179 2506 l0)
3215 2459 3228 2492 :
3263 2440 3329 2492 ita
3360 2450 3412 2492 et
3443 2440 3526 2491 hic
3563 2437 3705 2490 fecit.

2181 2529 2451 2583 Theodosii
2500 2531 2568 2582 ad
2615 2530 2919 2583 Flavianum
2969 2532 3137 2584 verba.
3189 2561 3258 2570 -—
3305 2531 3478 2598 Ipsum
3531 2531 3708 2598 itaque

2111 2620 2407 2688 Imperator
2435 2624 2771 2690 conspicatus
2811 2624 3080 2691 lugentem
3125 2632 3178 2677 et
3207 2622 3458 2676 deorsum
3487 2621 3706 2674 inclina-

2109 2723 2244 2777 tum,
2273 2715 2500 2768 accessit
2531 2715 2664 2783 ipse,
2699 2716 2907 2784 etquod
2934 2717 3233 2784 patiebatur
3260 2725 3478 2784 propter
3525 2727 3708 2768 sacer-

2107 2805 2249 2860 dotis
2278 2806 2555 2876 lacrymas,
2585 2806 2686 2861 hoc
2715 2807 2892 2862 verbis
2917 2807 2983 2860 ad
3006 2808 3176 2877 ipsum
3208 2806 3425 2861 directis
3451 2805 3706 2860 ostendit.

2106 2898 2222 2952 Non
2251 2899 2394 2952 enim
2422 2898 2743 2969 indignantis
2769 2915 2868 2952 nec
2896 2899 3191 2962 irascentis,
3221 2896 3312 2951 sed
3343 2895 3622 2952 mmrentis
3649 2906 3704 2948 et

2106 2988 2292 3043 dolore
2317 2989 2484 3056 magis
2510 2988 2712 3044 detenti
2749 3006 2762 3041 :
2794 2999 2848 3044 et
2872 2989 3014 3058 quod
3048 2989 3150 3044 hoc
3204 2990 3275 3044 sit
3321 3004 3532 3050 verum,
3588 2989 3699 3055 ipsa

2107 3079 2382 3134 audientes
2407 3079 2568 3134 verba
2597 3082 2793 3134 scietis.
2850 3081 2965 3134 Non
3009 3081 3151 3134 enim
3202 3079 3373 3134 dixit:
3423 3079 3560 3147 Quid
3586 3090 3703 3132 tan-

2107 3169 2228 3224 dem
2263 3170 2362 3223 hoc
2392 3171 2521 3224 est?
2551 3187 2648 3240 pro
2675 3172 2978 3225 hominibus
3005 3171 3244 3226 scelestis
3293 3181 3346 3224 et
3395 3171 3702 3224 sceleratis-

2107 3263 2273 3327 simis,
2300 3276 2350 3318 et
2378 3279 2513 3333 quos
2560 3279 2658 3318 nec
2703 3266 2937 3335 oportuit
2969 3265 3170 3330 vivere,
3200 3265 3348 3318 venis
3380 3263 3702 3333 legationem

2107 3355 2314 3421 obiens,
2346 3356 2607 3427 tyrannis,
2641 3358 3007 3421 novatorihus,
3038 3355 3184 3410 omni
3211 3354 3475 3424 supplicio
3500 3354 3702 3423 dignis?

2105 3445 2211 3501 Sed
2243 3446 2356 3499 hmc
2379 3447 2555 3498 omnia
2586 3445 2859 3500 dimittens
2885 3445 3047 3500 verba
3067 3487 3080 3508 ,
3138 3444 3507 3499 defensionem
3556 3460 3704 3498 com-

2107 3539 2284 3606 posuit
2305 3535 2602 3590 reverentia
2635 3537 2841 3604 plenam
2869 3548 2922 3590 et
2944 3538 3224 3606 gravitate,
3252 3543 3306 3589 et
3334 3551 3362 3589 a
3405 3549 3465 3589 se
3512 3534 3703 3590 collata

2104 3629 2562 3682 commemorabat
2611 3629 2890 3694 beneficia,
2939 3630 3131 3698 quibus
3174 3643 3272 3698 per
3330 3643 3491 3682 omne
3555 3627 3703 3696 regni

2106 3728 2314 3787 tempus
2338 3720 2608 3776 civitatem
2638 3730 2874 3774 nostram
2905 3729 3258 3788 prosequutus
3285 3727 3387 3783 est,
3424 3728 3479 3773 et
3505 3718 3569 3772 ad
3597 3719 3706 3772 siu-

2104 3810 2222 3878 gula
2256 3811 2368 3864 haec
2392 3811 2704 3880 repetebat:
2748 3811 2994 3864 Ilazcciue
3018 3825 3102 3864 me
3131 3825 3228 3878 pro
3252 3810 3354 3862 illis
3398 3808 3502 3877 pati
3545 3823 3704 3877 Opor-

2106 3902 2204 3953 tuit
2223 3901 2247 3954 ’ἰ
2268 3917 2490 3970 quarum
2521 3917 2548 3954 a
2577 3917 2662 3956 me
2691 3901 3005 3968 injuriarutn
3039 3904 3134 3954 has
3159 3915 3345 3969 poenas
3367 3899 3704 3968 exegerunt?

2107 3991 2231 4059 quid
2260 4008 2496 4060 parvum,
2529 3992 2722 4061 quidve
2745 4007 2993 4061 maguum
3024 3989 3387 4044 accusandum
3417 3989 3697 4053 habentes,

2107 4097 2212 4136 non
2233 4099 2318 4135 me
2348 4084 2542 4149 solum,
2570 4099 2755 4137 verum
2777 4093 2832 4138 et
2856 4081 3141 4138 defunctos
3185 4081 3526 4135 contumeliis
3562 4080 3697 4133 affe-

2105 4172 2338 4225 cerunt?
2364 4187 2539 4226 annon
2564 4173 2694 4227 satis
2724 4182 2841 4226 erat
2879 4173 2931 4226 in
2981 4171 3120 4226 vivis
3174 4171 3410 4225 furorem
3457 4171 3650 4224 satiare
3676 4169 3702 4222 ?

2103 4261 2200 4315 sed
2253 4263 2353 4316 nisi
2407 4265 2646 4333 sepultos
2684 4279 2897 4334 quoque
2939 4263 3327 4318 contumeliose
3377 4270 3697 4327 tractarent,

2102 4351 2178 4402 nil
2209 4367 2458 4421 magnum
2503 4355 2680 4408 facere
2725 4362 2994 4422 putarunt.
3051 4352 3218 4421 Iniqui
3273 4350 3532 4406 fuerimus
3577 4366 3695 4409 nos.

2101 4449 2156 4490 ut
2183 4440 2280 4508 ipsi
2310 4442 2720 4510 putantzigitur
2765 4443 2988 4494 mortuis
3040 4455 3280 4510 parcere,
3338 4441 3426 4509 qui
3489 4440 3688 4493 nullam

2100 4529 2395 4584 intulerunt
2423 4531 2694 4598 injuriam.
2720 4533 2999 4602 oportebat
3033 4549 3045 4584 :
3077 4546 3180 4584 non
3205 4529 3347 4585 enim
3370 4539 3425 4586 et
3455 4530 3558 4586 illis
3581 4530 3696 4582 ha-e

2102 4622 2363 4691 imputare
2405 4623 2678 4678 valebant.
2751 4623 2942 4679 Nonne
2989 4638 3203 4693 semper
3253 4621 3393 4676 hanc
3447 4621 3694 4676 omnibus

2101 4714 2686 4783 prmposuicivitatcm,
2717 4728 2770 4770 et
2810 4715 2979 4784 patria
3029 4713 3524 4770 desiderabiliorem
3575 4727 3694 4767 esse

2102 4806 2352 4874 putabam
2381 4825 2392 4860 :
2417 4816 2470 4860 et
2493 4817 2672 4860 votum
2705 4808 2833 4861 mihi
2861 4808 3171 4861 continuum
3197 4815 3310 4861 erat
3333 4808 3518 4859 urbem
3547 4804 3693 4860 illam

2097 4907 2361 4965 spectare,
2396 4909 2447 4952 et
2481 4900 2583 4953 hoc
2611 4899 2753 4968 apud
2785 4914 2972 4952 omnes
2999 4899 3256 4952 faciebam
3283 4898 3645 4965 juramentum
3668 4897 3694 4949 ?

2176 4990 2227 5042 5.
2263 4990 2499 5046 Flaviani
2543 4991 2611 5044 ad
2638 4990 2999 5059 Imperatorem
3021 4990 3180 5042 oratio
3211 5006 3301 5058 pro
3343 4988 3686 5041 Antiochenis.

2093 5117 2164 5126 —
2182 5087 2277 5139 llic
2298 5098 2478 5137 amare
2501 5083 2776 5152 ingemens
2795 5079 3055 5150 pontifex,
3076 5089 3130 5135 et
3154 5079 3503 5135 ferventiores
3529 5080 3690 5134 emit-

2096 5189 2213 5232 tens
2263 5177 2550 5246 lacrymas,
2602 5191 2711 5230 non
2755 5175 2982 5243 amplius
3030 5176 3236 5230 tacuit:
3287 5174 3500 5228 videbat
3547 5173 3692 5227 cnim

2093 5269 2439 5340 Imperatoris
2485 5268 2850 5324 defensionem
2879 5269 3088 5336 culpam
3139 5269 3398 5336 majorem
3451 5278 3690 5321 nostram

2095 5363 2269 5415 facere
2295 5379 2307 5426 ;
2334 5361 2427 5416 sed
2466 5362 2698 5431 graviter
2725 5368 2777 5413 ct
2804 5373 2984 5412 amare
3028 5358 3096 5412 de
3128 5357 3394 5427 profundo
3441 5372 3686 5427 gemens,

2096 5453 2449 5519 Confitentur,
2478 5453 2667 5523 inquit,
2700 5452 3012 5519 Imperator,
3039 5465 3139 5504 nec
3166 5463 3364 5519 negare
3395 5463 3684 5518 possumus

2094 5560 2329 5599 amorem
2361 5545 2519 5600 istum
2568 5559 2724 5614 quem
2752 5557 2875 5610 erga
2909 5543 3134 5611 patriam
3183 5551 3426 5596 nostram
3453 5540 3682 5596 demon-

2091 5635 2293 5700 strasti,
2321 5643 2375 5688 et
2395 5633 2516 5688 ideo
2536 5635 2764 5687 maxime
2807 5631 3069 5703 lugemus,
3109 5633 3359 5704 quoniam
3389 5633 3465 5686 sic
3492 5640 3683 5684 amat-.3

2089 5725 2362 5778 diemones
2384 5724 2709 5788 inviderunt,
2735 5732 2788 5778 et
2813 5739 2937 5794 erga
2962 5724 3355 5780 benefactorem
3379 5723 3565 5794 ingrati
3590 5737 3679 5774 su-
3726 5763 3743 5781 κ

2095 5831 2213 5870 mus
2245 5816 2362 5883 visi,
2405 5831 2466 5872 ac
2495 5831 2839 5887 summopere
2877 5832 2976 5872 nos
3017 5825 3284 5872 amantem
3330 5812 3673 5872 exacerbavi-
