4408 6690
865 463 964 518 916

866 591 1003 630 mus.
1037 576 1161 632 Sive
1187 579 1385 645 diritas,
1411 583 1529 638 sive
1581 586 1852 653 ineendas,
1883 591 1994 646 sive
2048 593 2282 659 occidas,
2334 608 2445 648 Sive

868 665 1240 739 quodcumque
1275 673 1414 726 aliud
1444 674 1868 745 facias,nondnm
1921 681 2130 753 dignam
2173 685 2240 740 de
2295 686 2448 740 nobis

867 770 1079 824 pinnam
1108 763 1387 832 exegeris:
1419 781 1541 821 nam
1571 782 1668 821 nos
1701 770 1845 838 ipsos
1867 775 2255 841 prtevenientes
2284 777 2440 830 innu-

868 851 1032 903 meris
1057 852 1314 906 mortibus
1343 855 1590 910 miserius
1620 859 1916 918 affecimus.
1947 863 2083 931 Quid
2115 867 2260 920 enim
2295 883 2446 921 ama-

870 938 979 991 rius
995 953 1114 993 esse
1143 943 1328 1008 possit,
1360 960 1517 1012 quam
1547 962 1668 1000 cum
1698 950 2088 1007 benefactorem
2119 965 2171 1010 et
2195 959 2273 1010 sic
2324 959 2447 1011 dili-

868 1036 1079 1094 gentem
1129 1031 1322 1100 injuste
1360 1039 1740 1096 exacerbantes
1771 1057 2142 1111 appareamus,
2181 1058 2236 1100 et
2275 1051 2449 1104 nnmis

862 1115 966 1170 hoc
983 1121 1212 1176 mundus
1235 1124 1424 1189 discat,
1454 1138 1506 1182 et
1535 1146 1632 1183 nos
1660 1141 1714 1183 ut
1739 1131 2024 1188 admodum
2057 1136 2289 1206 ingratos
2311 1155 2443 1192 con-

859 1201 1120 1262 demnet?
1149 1212 1202 1265 Si
1234 1212 1439 1269 barbari
1483 1219 1748 1272 civitatem
1794 1232 2028 1276 nostram
2081 1227 2444 1292 incursantes,

863 1297 1062 1350 matula
1092 1299 1395 1368 diruisscnt,
1427 1314 1482 1357 et
1508 1305 1866 1363 Incendissent
1894 1311 2100 1373 domos.
2129 1325 2181 1368 et
2205 1315 2446 1370 abductis

864 1387 1086 1452 captivis
1112 1390 1394 1456 abiissent,
1427 1396 1599 1449 minus
1622 1410 1734 1452 erat
1767 1402 1985 1457 malum.
2015 1404 2188 1471 Quare
2233 1409 2444 1463 tandem

866 1473 974 1526 ita?
1002 1474 1261 1543 Quoniam
1300 1491 1351 1536 te
1376 1485 1582 1540 vivente
1611 1500 1664 1542 et
1703 1499 1897 1544 tantam
1928 1493 1978 1546 in
2009 1510 2105 1548 nos
2127 1495 2446 1551 benevolen-

867 1561 991 1616 tiam
1019 1568 1303 1624 exltibente
1325 1613 1340 1635 ,
1371 1589 1495 1641 spes
1527 1589 1642 1630 erat
1669 1578 1752 1631 illa
1783 1593 1972 1636 cuncta
2007 1586 2186 1654 gravia
2215 1589 2446 1641 solutum

865 1651 926 1703 iri
948 1693 962 1714 ,
989 1665 1042 1706 et
1066 1671 1163 1709 nos
1203 1660 1395 1714 iterum
1425 1664 1492 1716 ad
1530 1668 1760 1731 priorettt
1802 1669 2024 1726 formam
2061 1675 2325 1731 redituros
2348 1717 2363 1742 ,
2395 1687 2450 1732 et

861 1739 1138 1796 clariorem
1181 1760 1487 1817 recepturos
1516 1754 1846 1818 libertatem;
1872 1776 2012 1815 nunc
2032 1775 2242 1830 autem,
2274 1767 2445 1820 ablata

865 1829 1229 1888 benevolentia
1273 1848 1391 1906 tua,
1439 1853 1493 1897 et
1541 1847 1739 1898 amoris
1778 1849 1986 1903 vinculo
2032 1853 2264 1919 violato,
2305 1858 2445 1923 quod

863 1919 1012 1974 omni
1042 1938 1195 1979 muro
1222 1929 1373 1982 nobis
1398 1942 1512 1986 erat
1540 1936 1700 1988 tutius
1719 1977 1733 1999 ,
1762 1937 1828 1991 ad
1856 1956 2010 2006 quem
2031 1941 2141 2008 jam
2169 1944 2441 2014 confugie.

863 2013 1015 2066 mus?
1035 2030 1140 2084 quo
1165 2022 1454 2086 poterimus
1477 2026 1579 2079 alio
1609 2029 1892 2096 respicere,
1928 2042 2033 2087 tam
2059 2033 2200 2088 dulci
2229 2036 2446 2092 domino

863 2111 916 2154 et
940 2103 1075 2157 facili
1098 2110 1412 2165 exacerbato
1441 2117 1623 2182 patre?
1653 2118 1833 2188 Itaque
1865 2123 2109 2178 videntur
2129 2127 2345 2195 quidem
2370 2129 2448 2181 itt-

865 2193 1158 2250 tolerabilia
1189 2199 1398 2266 fecisse,
1421 2207 1512 2258 sed
1539 2212 1679 2275 passi
1710 2221 1834 2265 sunt
1852 2216 2087 2268 omnium
2112 2220 2444 2288 gravissima,

861 2284 929 2337 ad
961 2288 1165 2342 ttullum
1211 2291 1478 2348 hominem
1511 2298 1767 2354 audentes
1808 2305 2102 2372 respicere,
2137 2323 2233 2361 nec
2275 2310 2445 2378 ipsum

866 2387 1108 2443 spectare
1150 2380 1315 2433 solem
1349 2383 1529 2438 liberis
1557 2388 1792 2443 valentes
1813 2393 2008 2457 oculis,
2041 2397 2240 2463 pudore
2284 2401 2443 2453 undi-

863 2481 967 2533 que
1009 2471 1286 2538 palpebras
1319 2481 1666 2532 contrahente
1706 2490 1761 2534 et
1784 2485 2034 2538 occultari
2073 2499 2297 2557 cogente
2329 2509 2342 2545 :
2377 2492 2442 2545 li-

864 2557 1067 2614 bet'tate
1099 2561 1226 2631 ipsis
1246 2565 1448 2633 ablata,
1484 2573 1702 2638 captivis
1736 2578 1981 2631 onmihus
2024 2597 2165 2636 nunc
2199 2585 2444 2640 miserius

862 2646 1036 2703 aï¬‚'ecli
1065 2662 1218 2719 sunt,
1252 2666 1304 2709 et
1345 2668 1634 2714 extremam
1678 2667 1946 2722 sustinent
1980 2670 2320 2740 ignominiam
2353 2687 2446 2732 :ct

865 2739 1126 2795 titulorum
1174 2748 1588 2814 magnitudinem
1632 2756 1953 2822 cogitantes,
1998 2739 2052 2814 et
2092 2765 2142 2814 itt
2189 2777 2444 2832 quantum

863 2833 1200 2888 contumelia:
1229 2839 1556 2904 resiliernnt,
1601 2859 1698 2898 nec
1743 2849 2004 2915 respirare
2040 2865 2292 2919 possunt,
2322 2871 2442 2910 cum

865 2933 1053 2975 omnes
1084 2932 1278 2979 terram
1310 2927 1607 2986 habitantes
1633 2934 1683 2988 in
1709 2937 1789 2990 sui
1817 2939 2266 2997 vehementiorem
2293 2959 2444 2998 accn-

862 3011 1120 3068 sationem
1149 3016 1218 3070 ob
1237 3032 1356 3072 eum
1396 3021 1485 3088 qui
1518 3021 1706 3091 injuria
1736 3025 1955 3083 allectus
1983 3040 2065 3084 est
2106 3035 2438 3089 attraxerint.

862 3099 968 3155 Sed
995 3103 1038 3156 si
1067 3106 1229 3171 velis,
1258 3108 1569 3177 Imperator,
1597 3124 1678 3166 est
1707 3117 1910 3171 vulneri
1949 3121 2208 3175 medicina
2249 3132 2304 3177 et
2329 3134 2445 3178 tan-

863 3193 932 3246 tis
960 3194 1114 3248 malis
1149 3198 1462 3254 remedium.
1508 3201 1714 3272 Saepius
1755 3216 1806 3259 et
1836 3207 1972 3275 apud
2015 3211 2244 3277 privatos
2275 3212 2447 3267 homi-

861 3297 957 3336 nes
981 3284 1082 3338 hoc
1109 3285 1302 3341 factum
1333 3299 1449 3354 est;
1480 3308 1682 3362 magna:
1722 3305 1774 3349 et
1798 3297 2159 3354 intolerabiles
2187 3302 2442 3357 olfensio-

862 3387 958 3426 nes
1000 3389 1201 3445 magnze
1227 3381 1462 3435 caritatis
1505 3385 1721 3438 materia
1771 3385 1923 3441 facta:
1968 3400 2092 3444 sunt
2120 3408 2132 3442 :
2163 3392 2241 3445 sic
2299 3402 2352 3447 et
2391 3395 2444 3448 in

861 3473 1045 3518 natura
1071 3478 1246 3521 nostra
1285 3473 1480 3526 evertit.
1505 3475 1633 3528 Cum
1661 3478 1800 3530 enim
1831 3477 2100 3535 hominem
2133 3482 2274 3537 Deus
2295 3482 2440 3550 fecit,

858 3565 914 3609 et
956 3557 1007 3610 in
1035 3561 1333 3626 paradisum
1382 3564 1621 3632 induxit,
1654 3576 1708 3621 et
1729 3569 1894 3622 multo
1923 3571 2138 3641 dignum
2181 3574 2306 3629 fecit
2345 3577 2441 3632 lto-

863 3661 1028 3712 nore,
1083 3657 1278 3702 tantam
1327 3651 1572 3708 diabolus
1620 3661 2022 3727 prosperitatettt
2073 3680 2179 3718 non
2228 3665 2437 3734 ferens,

862 3736 1046 3789 invidit
1073 3753 1086 3789 :
1119 3748 1174 3792 et
1201 3740 1344 3793 illum
1375 3757 1404 3794 a
1443 3743 1560 3797 data
1590 3748 1790 3816 expulit
1827 3750 2099 3821 dignitate.
2142 3754 2248 3810 Sed
2298 3757 2438 3812 Deus

859 3841 962 3880 non
991 3836 1190 3882 tantum
1235 3831 1406 3899 ipsum
1445 3849 1550 3888 non
1577 3838 1821 3908 reliquit,
1848 3857 2029 3896 verum
2058 3853 2113 3898 et
2151 3861 2248 3914 pro
2279 3862 2438 3916 para-

859 3915 978 3970 diso
1000 3919 1186 3973 ca'lum
1208 3925 1436 3991 aperuit,
1470 3927 1569 3982 hoc
1597 3931 1711 3999 ipso
1737 3932 1893 3987 simul
1920 3938 2186 4005 propriam
2211 3939 2436 3994 demon-

858 4015 1033 4063 strans
1059 4009 1455 4081 benignitatem,
1483 4028 1537 4071 et
1559 4019 1828 4075 diabolum
1854 4027 2020 4094 magis
2048 4029 2293 4095 puniens.
2328 4031 2437 4085 lloc

855 4107 910 4153 et
941 4108 993 4153 tu
1039 4102 1199 4156 facias
1243 4122 1258 4158 :
1300 4122 1439 4161 nunc
1487 4112 1664 4164 omnia
1709 4127 1990 4171 moverunt
2029 4118 2340 4190 daemones,
2383 4135 2438 4179 ut

854 4191 1090 4245 omnium
1135 4194 1227 4248 tibi
1272 4198 1627 4266 gratissimam
1675 4204 1942 4260 civitatem
1993 4223 2024 4262 a
2073 4210 2435 4268 benevolentia

857 4291 942 4335 tua
994 4296 1337 4355 separarent;
1381 4289 1484 4345 ltoc
1525 4308 1653 4347 vero
1707 4306 1760 4350 tu
1805 4314 1944 4353 nunc
1991 4303 2188 4367 Sriens,
2229 4320 2436 4372 pmnam

855 4375 1096 4440 quamvis
1120 4378 1322 4446 exigas,
1355 4381 1514 4447 priori
1543 4385 1772 4439 amicitia
1799 4403 1867 4443 ne
1893 4405 1991 4445 nos
2022 4395 2294 4448 extrudas.
2324 4396 2430 4451 Sed

857 4470 911 4514 et
939 4462 983 4515 si
1006 4473 1198 4532 praeter
1239 4469 1540 4537 opinionem
1577 4474 1776 4544 aliquid
1819 4495 1957 4535 nunc
2002 4483 2182 4538 dicere
2211 4485 2289 4540 fas
2318 4497 2433 4556 est,

854 4551 1014 4606 etiam
1035 4570 1175 4610 nunc
1201 4557 1339 4613 inter
1377 4561 1685 4619 dilectarum
1729 4569 1926 4636 primas
1956 4571 2121 4640 ipsam
2150 4579 2323 4633 scribe
2343 4620 2356 4641 ,
2389 4580 2433 4634 si

851 4643 1013 4696 modo
1037 4645 1307 4702 daemonas
1333 4651 1446 4704 haec
1482 4666 1732 4721 operatos
1777 4660 1854 4712 vis
1899 4663 2099 4716 ulcisci.
2141 4665 2196 4719 Si
2244 4684 2434 4739 nempe

849 4732 1096 4788 destruas
1116 4747 1168 4790 et
1183 4738 1406 4793 subruas
1432 4751 1486 4794 et
1507 4743 1706 4810 deleas,
1727 4763 1843 4815 quae
1871 4751 2014 4816 prius
2039 4753 2108 4806 illi
2133 4756 2430 4827 voluerunt,

850 4821 966 4878 haec
994 4825 1216 4891 efficies;
1245 4830 1288 4882 si
1320 4845 1444 4884 vero
1475 4833 1604 4886 iram
1633 4834 1867 4894 dimittes
1891 4851 1944 4894 et
1971 4851 2021 4897 te
2050 4859 2231 4900 rursus
2265 4849 2429 4918 ipsam

848 4931 1051 4984 amare,
1076 4919 1214 4974 sicut
1237 4922 1382 4990 prius
1397 4925 1633 4992 amabas,
1664 4931 1997 4998 confitearis,
2032 4935 2279 4992 lethalem
2309 4942 2434 5008 ipsis

850 5006 1055 5074 plagam
1106 5008 1378 5076 intuleris,
1409 5023 1463 5068 et
1493 5016 1727 5072 ultimam
1773 5021 1841 5075 ab
1881 5025 2006 5092 ipsis
2038 5026 2294 5082 ultionem
2336 5046 2435 5085 ex-

852 5101 1060 5165 egeris,
1089 5099 1460 5157 demonstrans
1485 5121 1587 5158 non
1619 5117 1820 5165 tantutn
1850 5115 1979 5168 nilnl
2019 5119 2244 5184 amplius
2291 5119 2433 5189 ipsos

847 5203 942 5257 per
963 5188 1180 5244 insidias
1207 5189 1490 5260 perfecisse
1513 5234 1529 5261 ,
1561 5211 1743 5252 verum
1773 5213 1826 5255 et
1854 5216 2036 5258 cuncta
2077 5207 2204 5276 ipsis
2220 5218 2433 5264 contra-

847 5281 954 5348 ria,
986 5297 1143 5351 quam
1172 5284 1452 5352 volebant,
1475 5288 1754 5344 accidisse.
1783 5290 2016 5361 Equum
2044 5308 2218 5352 autem
2247 5299 2426 5368 fuerit,

845 5383 901 5426 ttt
933 5372 1047 5429 hate
1072 5376 1234 5432 facias
1261 5387 1314 5432 et
1341 5380 1572 5436 civitatis
1595 5383 1915 5451 miserearis,
1941 5389 2024 5442 cui
2054 5404 2268 5460 prapter
2295 5396 2430 5450 ami-

843 5463 1024 5516 citiam
1073 5473 1217 5519 tuam
1263 5465 1536 5524 daemones
1582 5471 1909 5542 inviderunt;
1944 5480 2041 5534 nisi
2085 5483 2225 5536 enim
2259 5485 2425 5553 ipsam

843 5563 948 5608 tam
981 5556 1326 5614 vehementer
1347 5575 1582 5617 amasses
1601 5605 1617 5631 ,
1657 5582 1755 5620 nec
1786 5569 1952 5637 ipsam
1980 5571 2053 5625 illi
2083 5582 2226 5629 tanta
2280 5575 2420 5631 inse-

842 5649 969 5701 etati
998 5648 1220 5707 fuissent
1248 5653 1462 5707 invidia.
1491 5654 1670 5727 Itaque
1708 5660 1805 5714 etsi
1837 5663 2134 5718 mirandum
2171 5676 2252 5721 est
2285 5669 2424 5737 quod

841 5735 1056 5805 dicitur,
1087 5750 1168 5794 est
1191 5749 1364 5796 tamen
1391 5759 1572 5800 verum
1595 5787 1608 5810 ,
1642 5749 1781 5817 quod
1832 5767 2046 5824 propter
2079 5766 2128 5812 te
2157 5767 2210 5813 et
2237 5735 2424 5816 amici-

841 5829 966 5884 tiam
997 5840 1140 5886 tuam
1171 5831 1283 5888 luce
1313 5849 1464 5904 passa
1495 5839 1584 5894 sit.
1617 5841 1710 5911 ÏÎ¹Î½
1735 5854 1754 5900 t
1782 5847 2057 5918 incendiis,
2084 5862 2276 5921 quanta
2297 5857 2422 5912 sub-

1571 473 1629 528 S.
1668 471 1948 532 JOANNIS
1985 473 2468 535 CHRYSOSTOMI
2498 479 2825 542 ARClllEPa
2847 490 3379 560 CONSTANTINOP.

4031 527 4136 584 816

2559 604 2804 657 versione
2827 616 2952 660 sunt
2980 611 3094 666 hare
3115 616 3277 672 verba
3323 621 3591 676 acerbiora
3615 664 3631 689 ,
3658 639 3777 694 qum
3803 639 4135 700 respondens

2552 687 2807 749 dicebas?
2830 695 2980 752 Nunc
3010 709 3062 755 te
3085 711 3408 765 contumelia
3431 687 3848 783 affectum-dicis,
3872 687 3927 776 et

2553 779 2680 837 lisse
2706 800 2824 853 quae
2854 789 3029 844 nullus
3067 807 3318 864 umquam
3347 806 3676 872 superiorum
3700 806 4086 877 lmperawrum
4118 839 4132 874 :

2552 871 2644 924 sed
2672 873 2716 926 si
2746 877 2876 931 velis
2895 919 2913 944 ,
2939 895 2972 934 Î¿
2992 879 3376 945 humanissime
3401 871 3456 948 et
3476 897 3859 964 sapientissime
3883 911 3938 956 et
3966 908 4134 964 multa

2553 1142 2797 1202 diadema
2825 1161 2908 1206 est
2936 1164 2988 1207 et
3014 1163 3116 1211 tuae
3141 1158 3347 1214 virtutis
3377 1161 3583 1235 insigne
3601 1210 3617 1236 ,
3651 1183 3705 1227 et
3729 1175 3842 1244 ejus
3871 1177 3963 1247 qui
3987 1142 4135 1234 dedit

2552 1237 2882 1297 liberalitatis
2909 1247 3194 1313 indicium:
3223 1257 3314 1310 sed
3346 1271 3541 1315 corona
3580 1281 3648 1320 ex
3678 1237 3778 1326 hac
3811 1237 4135 1332 humanitate

2552 1339 2799 1384 contexta
2843 1342 2993 1391 tuum
3038 1341 3206 1397 solius
3231 1347 3332 1401 erit
3368 1357 3423 1403 et
3461 1351 3809 1428 philosOphim
3833 1375 3936 1421 ture
3973 1373 4135 1423 meri.

2553 1423 2704 1472 tum:
2737 1436 2834 1476 nec
2881 1432 2933 1478 te
2979 1435 3178 1484 tantum
3229 1449 3414 1492 omnes
3461 1441 3862 1507 admiralmntur
3921 1470 4137 1528 propter

2554 1507 2684 1562 istos
2739 1513 2940 1581 lapides
2983 1521 3553 1596 pretiosos,quantnm
3599 1548 3816 1606 propter
3857 1507 4133 1603 Î½á½¶á¼‘Î¹Î¿á½³á½·Ï‚Î·Î·

2554 1595 2622 1651 de
2661 1598 3019 1671 indignatione
3067 1595 3656 1686 superataireportata-m
3697 1595 4010 1690 laudabunt.
4041 1640 4139 1693 De-
4187 1670 4206 1689 Î¹

2549 1685 2794 1755 iecerunt
2831 1703 3034 1752 statuas
3077 1704 3226 1758 tuas?
3264 1707 3357 1761 sed
3400 1708 3505 1764 illis
3552 1713 3804 1772 clariores
3850 1727 4138 1782 restituere

2557 1777 2646 1831 tibi
2689 1780 2830 1838 licet.
2864 1786 2920 1840 Si
2950 1791 3092 1845 enim
3125 1795 3330 1864 injuria:
3367 1805 3668 1860 auctoribus
3699 1810 3924 1868 crimina
3952 1821 4138 1874 remit-

2553 1875 2632 1922 tas
2655 1909 2670 1934 ,
2700 1884 2752 1926 et
2774 1876 2975 1933 nullam
3006 1882 3134 1951 ipsis
3173 1887 3370 1945 inferas
3405 1908 3612 1961 poenam
3637 1898 3678 1963 á½·,
3707 1915 3810 1954 non
3853 1919 4054 1962 aeream
4083 1913 4136 1965 in

2551 1959 2665 2014 foro
2717 1964 2809 2019 tibi
2839 1977 3068 2026 statuam
3115 1978 3357 2047 erigent,
3395 1998 3492 2038 nec
3535 2001 3747 2042 auream
3769 2032 3783 2054 ,
3813 2007 3914 2048 nec
3940 1996 4139 2066 lapillis

2550 2065 3130 2122 coagmentatammed
3163 2071 3309 2122 omni
3355 2077 3572 2129 materia
3620 2082 3918 2147 pretiosiori
3971 2065 4131 2143 indu-

2554 2150 2691 2210 tam,
2735 2145 3059 2206 humanitate
3102 2155 3307 2211 scilicet
3329 2169 3383 2213 et
3430 2145 3814 2226 misericordia.
3865 2173 4048 2230 Talem
4079 2179 4134 2233 i

2554 2246 2730 2290 mente
2759 2239 2982 2308 quisque
3006 2257 3101 2297 sua
3132 2254 3185 2301 te
3209 2249 3438 2319 erigent,
3470 2265 3524 2308 et
3556 2265 3630 2311 tot
3659 2259 3878 2318 habebis
3907 2275 4132 2334 statuas,

2551 2334 2682 2392 quot
2725 2329 2911 2386 orbem
2955 2333 3192 2392 habitant
3243 2339 3487 2398 homines
3524 2357 3578 2401 et
3631 2350 3962 2410 habitabunt.
4020 2329 4134 2415 Non

2550 2415 2693 2468 enim
2733 2432 2832 2473 nos
2859 2429 3060 2478 tantum
3083 2467 3099 2493 ,
3135 2443 3318 2484 verum
3345 2441 3404 2488 et
3433 2445 3554 2503 post
3578 2453 3675 2493 nos
3701 2441 3897 2507 futuri,
3930 2457 3984 2501 et
4016 2463 4132 2518 post

2549 2503 2671 2559 illos
2691 2522 2878 2565 omnes
2924 2514 3039 2570 haec
3064 2518 3313 2586 audient,
3335 2531 3392 2576 et
3417 2533 3682 2595 tamquam
3729 2531 3828 2599 ipsi
3854 2503 4136 2590 bene

2555 2595 2661 2650 rint
2687 2597 2849 2654 habiti
2875 2643 2890 2667 ,
2923 2604 3000 2658 sic
3027 2615 3080 2661 te
3098 2608 3501 2668 admirabuntur
3527 2626 3581 2670 et
3607 2595 3879 2676 amabunt.
3908 2625 3971 2678 Et
3989 2630 4132 2695 quod

2554 2682 2666 2740 hare
2692 2703 2797 2742 non
2821 2704 3099 2750 assentans
3118 2697 3289 2753 dicam
3306 2740 3321 2766 ,
3364 2705 3457 2758 sed
3495 2707 3574 2760 sic
3600 2705 3832 2765 futurum
3859 2713 3930 2768 sit
3956 2682 4132 2771 omni-

2552 2789 2650 2840 no,
2688 2779 2965 2848 antiquum
2994 2783 3085 2838 tibi
3129 2787 3355 2844 referam
3402 2807 3700 2852 sermonem
3726 2803 4012 2867 quemdam
4032 2845 4049 2871 ,
4074 2818 4132 2860 ut

2551 2865 2726 2921 discas
2754 2884 2860 2924 non
2892 2881 3093 2929 tantum
3123 2881 3419 2949 exercitus,
3448 2898 3624 2953 arma,
3654 2865 3921 2959 pecunias,
3945 2896 4131 2950 subdi-

2551 2965 2724 3010 torum
2749 2961 3145 3022 multitudinem
3171 2977 3226 3022 et
3256 2970 3358 3024 alia
3395 2972 3694 3042 bujusmodi
3717 2981 4028 3048 splendidos
4055 2986 4132 3037 fa-

2545 3059 2669 3100 cere
2696 3063 2847 3118 reges
2873 3056 3238 3123 consuevisse,
3272 3071 3525 3128 quantum
3559 3067 3719 3120 animi
3742 3068 4129 3142 philosophiam

2547 3143 2601 3190 et
2631 3142 3108 3198 mansuetudinem.

2621 3225 2898 3282 Pulchrum
2918 3230 3232 3290 Constantini
3253 3238 3464 3295 dictum.
3481 3273 3553 3283 â€”
3572 3245 3759 3300 Fertur
3775 3248 3960 3303 beatus
3983 3253 4092 3306 Con

2554 3320 2838 3384 stantinus,
2861 3321 3034 3391 effigie
3056 3339 3146 3378 sua
3169 3327 3454 3397 aliquando
3480 3332 3726 3402 lapidata,
3747 3339 3928 3392 multis
3955 3342 4130 3410 ipsum

2551 3405 2924 3476 instigantibus
2945 3413 3011 3468 ad
3040 3416 3354 3484 supplicium
3375 3420 3441 3474 de
3462 3426 3766 3481 auctoribus
3789 3405 4132 3488 contumelia:

2549 3500 2864 3555 sumendum
2887 3543 2901 3567 ,
2943 3514 2996 3559 et
3037 3507 3336 3565 dicentibus
3373 3528 3466 3568 eos
3502 3530 3714 3572 omnem
3747 3520 3910 3588 ipsius
3941 3525 4130 3580 faciem

2551 3588 2695 3642 saxis
2720 3591 3030 3649 vulnerasse
3050 3636 3066 3660 ,
3109 3613 3267 3652 manu
3302 3599 3485 3657 faciem
3517 3605 3733 3673 palpans
3761 3620 3814 3663 et
3838 3609 4029 3667 leniter
4058 3617 4132 3668 ri-

2545 3677 2678 3733 dens
2723 3681 2965 3738 dixisse:
2996 3686 3108 3756 Ego
3152 3703 3280 3744 vero
3323 3708 3580 3763 nusquam
3622 3698 3812 3754 vulnus
3855 3702 3908 3756 in
3953 3702 4129 3758 fmnte

2545 3768 2741 3825 factum
2769 3774 2951 3837 video,
2981 3779 3074 3832 sed
3102 3793 3288 3835 sanum
3319 3785 3529 3852 quidem
3557 3799 3737 3858 caput,
3759 3805 3887 3846 sana
3915 3809 4044 3850 vero
4070 3807 4130 3852 et

2545 3858 2707 3916 facies
2733 3869 2862 3916 tota.
2900 3863 2976 3919 llli
3020 3882 3146 3922 vero
3172 3873 3383 3926 reveriti
3416 3882 3470 3928 et
3491 3875 3695 3932 confusi
3719 3879 3788 3933 ab
3816 3879 3916 3937 hoc
3944 3884 4126 3954 iniquo

2543 3950 2797 4008 destitere
2833 3958 3055 4010 consilio
3083 3975 3096 4011 :
3129 3969 3180 4013 et
3223 3961 3326 4016 hoc
3362 3965 3580 4020 verbum
3630 3968 3883 4026 hactenus
3926 3950 4128 4030 canunt

2543 4055 2772 4096 omnes:
2803 4059 2904 4099 nec
2949 4054 3156 4102 tantum
3203 4054 3459 4121 temporis
3504 4056 3782 4124 labefecit,
3831 4072 3923 4116 aut
3966 4065 4126 4132 hujus

2546 4131 2898 4202 philosophiae
2941 4139 3252 4194 memoriam
3295 4141 3567 4198 exstinxit.
3605 4146 3746 4214 Quot
3779 4165 3884 4204 non
3923 4153 3992 4207 sit
4022 4131 4125 4210 hoc

2544 4223 2756 4291 tropmis
2801 4225 3164 4293 splendidius?
3207 4230 3397 4286 Multas
3435 4240 3796 4307 magnasqueâ€™
3841 4241 4001 4296 urbes
4037 4246 4125 4300 ille

2543 4314 2858 4371 condiditet
2882 4318 3078 4373 multos
3114 4321 3369 4376 barbaros
3413 4327 3714 4394 superavit,
3755 4329 3846 4384 sed
3875 4335 4124 4387 memini-

2545 4419 2664 4460 mus
2692 4407 2902 4463 illorum
2933 4411 3093 4476 nihil;
3125 4411 3229 4467 hoc
3252 4421 3430 4469 autem
3462 4416 3682 4472 verbum
3712 4435 3876 4490 usque
3904 4424 3956 4477 itt
3987 4440 4126 4494 prte-

2544 4505 2754 4552 senlem
2799 4499 2939 4554 diem
2984 4503 3213 4568 canitur,
3257 4515 3312 4560 et
3357 4510 3554 4576 posteri
3603 4512 3770 4566 nostri
3818 4522 3872 4566 et
3921 4517 4123 4583 posteri

2543 4586 2762 4642 illorum
2786 4605 2974 4646 omnes
3002 4592 3227 4662 idipsum
3253 4595 3488 4652 audient.
3521 4598 3629 4654 Nec
3650 4601 3821 4656 solum
3847 4613 3929 4657 est
3955 4605 4124 4658 admi-

2541 4679 2790 4745 randum,
2815 4681 2956 4751 quod
2983 4683 3217 4747 audient,
3257 4690 3599 4744 verumetiam
3631 4692 3772 4760 quod
3800 4693 4047 4748 laudibus
4069 4705 4126 4750 et

2540 4769 2728 4825 faustis
2751 4771 2933 4828 verbis
2958 4786 3374 4843 prosequentur,
3417 4777 3758 4850 diccntesque
3791 4781 4081 4838 laudabunt
4103 4824 4120 4849 .

2540 4870 2595 4916 et
2621 4863 2900 4919 audientes
2928 4874 3076 4933 grate
3103 4866 3395 4936 suscipient
3416 4885 3432 4922 :
3457 4885 3555 4924 nec
3599 4872 3738 4926 ullus
3775 4882 3861 4929 est
3887 4875 3978 4943 qui
4009 4875 4123 4931 bare

2538 4952 2786 5019 audiens,
2830 4955 2992 5010 silere
3023 4954 3225 5024 possit,
3258 4957 3382 5026 quin
3415 4961 3609 5027 pariter
3633 4963 3894 5020 exclamet
3917 4976 3972 5020 et
3999 4969 4120 5022 talia

2540 5045 2803 5100 dicentem
2832 5047 3009 5102 laudet
3029 5088 3042 5109 .
3076 5059 3130 5103 et
3163 5048 3438 5104 innumera
3467 5052 3563 5121 ipsi
3588 5055 3671 5110 vel
3695 5055 3951 5116 defuncto
3984 5059 4117 5113 bona

2541 5147 2804 5205 precetur.
2833 5139 2985 5205 Quod
3012 5140 3056 5194 si
3083 5149 3301 5208 propter
3323 5141 3451 5196 illud
3472 5146 3686 5199 verbum
3712 5147 3849 5216 apud
3874 5149 4120 5204 homines

2541 5233 2682 5280 tanta
2722 5228 2918 5297 potitus
2943 5239 3025 5285 est
3052 5231 3256 5300 gloria,
3301 5241 3430 5302 quot
3457 5234 3593 5303 apud
3640 5235 3921 5308 benignum
3951 5239 4116 5294 Deum

2540 5333 2765 5372 coronas
2793 5323 3151 5390 assequetur?

2608 5410 2878 5467 Theodosii
2909 5415 3216 5468 humanitas.
3245 5414 3468 5482 â€”Quid
3497 5427 3672 5472 autent
3701 5434 3836 5488 opus
3863 5427 3948 5474 est
3972 5417 4112 5472 Con-

2535 5504 2822 5557 stantinum
2850 5514 2904 5560 et
2930 5505 3104 5560 aliena
3132 5505 3373 5573 exempla
3415 5521 3831 5563 commemorare
3854 5548 3870 5571 ,
3913 5523 4036 5562 cum
4067 5516 4113 5560 te

2534 5595 2602 5650 de
2629 5597 2857 5666 propriis
2884 5597 3088 5653 meritis
3116 5596 3218 5650 tuis
3242 5610 3375 5664 opus
3393 5598 3462 5650 sit
3480 5598 3790 5652 exhortari?
3809 5596 4110 5652 Recordare

2533 5689 2767 5758 priorum
2793 5727 2810 5755 ,
2839 5687 3054 5759 quando
3079 5687 3413 5743 solemnitate
3450 5688 3546 5744 hac
3571 5686 3984 5758 superveniente
4023 5703 4108 5756 per

2595 5804 2615 5872 Î¾
2647 5799 2788 5852 savil.
2813 5814 2826 5850 :
2855 5805 2909 5849 Et
2935 5796 3044 5848 illos
3067 5794 3601 5872 nullmnyarepagnam
3622 5799 3770 5850 sinas.

2595 5865 2616 5896 Â³
2649 5871 2844 5919 vocem,
2863 5873 3076 5925 nutgnas,
3103 5871 3132 5909 e
3149 5859 3317 5911 savilio
3341 5859 3620 5924 adiecimus.
