  <div class='ocr_page' id='page_1' title='image "/cluster/home/n/w/nwhite01/storage/ocr_20150623/49/hvd.32044025239823/216.png"; bbox 0 0 4408 6676; ppageno 0'>
   <div class='ocr_carea' id='block_1_1' title="bbox 237 394 350 448">
    <p class='ocr_par' dir='ltr' id='par_1_1' title="bbox 237 394 350 448">
     <span class='ocr_line' id='line_1_1' title="bbox 237 394 350 448; baseline -0.009 -1"><span class='ocrx_word' id='word_1_1' title='bbox 237 394 350 448; x_wconf 72' lang='grc'>215</span> 
     </span>
    </p>
   </div>
   <div class='ocr_carea' id='block_1_2' title="bbox 235 502 1912 580">
    <p class='ocr_par' dir='ltr' id='par_1_2' title="bbox 235 502 1912 580">
     <span class='ocr_line' id='line_1_2' title="bbox 235 502 1912 580; baseline -0.001 -17"><span class='ocrx_word' id='word_1_2' title='bbox 235 507 539 580; x_wconf 72' lang='grc' dir='ltr'>εὐεργέτην</span> <span class='ocrx_word' id='word_1_3' title='bbox 563 506 876 578; x_wconf 82' lang='grc' dir='ltr'>ἀγνώμονες</span> <span class='ocrx_word' id='word_1_4' title='bbox 914 504 1216 573; x_wconf 78' lang='grc' dir='ltr'>ἐφάνημεν,</span> <span class='ocrx_word' id='word_1_5' title='bbox 1245 502 1339 555; x_wconf 78' lang='grc' dir='ltr'>καὶ</span> <span class='ocrx_word' id='word_1_6' title='bbox 1364 504 1455 557; x_wconf 86' lang='grc' dir='ltr'>τὸν</span> <span class='ocrx_word' id='word_1_7' title='bbox 1489 508 1713 578; x_wconf 85' lang='grc' dir='ltr'>σφοδρὸν</span> <span class='ocrx_word' id='word_1_8' title='bbox 1754 508 1912 578; x_wconf 82' lang='grc' dir='ltr'>ἡμῶν</span> 
     </span>
    </p>
   </div>
   <div class='ocr_carea' id='block_1_3' title="bbox 236 589 1912 667">
    <p class='ocr_par' dir='ltr' id='par_1_3' title="bbox 236 589 1912 667">
     <span class='ocr_line' id='line_1_3' title="bbox 236 589 1912 667; baseline 0.002 -26"><span class='ocrx_word' id='word_1_9' title='bbox 236 594 642 667; x_wconf 77' lang='grc' dir='ltr'>παρωξύναμεν</span> <span class='ocrx_word' id='word_1_10' title='bbox 661 593 919 666; x_wconf 75' lang='grc' dir='ltr'>ἐραστήν.</span> <span class='ocrx_word' id='word_1_11' title='bbox 935 589 1057 643; x_wconf 77' lang='grc' dir='ltr'>Κάν</span> <span class='ocrx_word' id='word_1_12' title='bbox 1073 589 1451 663; x_wconf 79' lang='grc' dir='ltr'>κατασκάψῃς,</span> <span class='ocrx_word' id='word_1_13' title='bbox 1468 592 1570 646; x_wconf 83' lang='grc' dir='ltr'>κᾶν</span> <span class='ocrx_word' id='word_1_14' title='bbox 1594 595 1780 664; x_wconf 87' lang='grc' dir='ltr'>ἐμπρή</span> <span class='ocrx_word' id='word_1_15' title='bbox 1791 610 1912 666; x_wconf 85' lang='grc' dir='ltr'>σῃς,</span> 
     </span>
    </p>
   </div>
   <div class='ocr_carea' id='block_1_4' title="bbox 234 676 1914 755">
    <p class='ocr_par' dir='ltr' id='par_1_4' title="bbox 234 676 1914 755">
     <span class='ocr_line' id='line_1_4' title="bbox 234 676 1914 755; baseline -0.001 -19"><span class='ocrx_word' id='word_1_16' title='bbox 234 684 345 737; x_wconf 78' lang='grc' dir='ltr'>κᾶν</span> <span class='ocrx_word' id='word_1_17' title='bbox 380 684 734 755; x_wconf 72' lang='grc' dir='ltr'>ἀποκτείνῃς,</span> <span class='ocrx_word' id='word_1_18' title='bbox 769 679 872 733; x_wconf 83' lang='grc' dir='ltr'>κάν</span> <span class='ocrx_word' id='word_1_19' title='bbox 900 676 1081 729; x_wconf 81' lang='grc' dir='ltr'>ὁτιοῦν</span> <span class='ocrx_word' id='word_1_20' title='bbox 1102 677 1287 747; x_wconf 74' lang='grc' dir='ltr'>⁶εἷτερον</span> <span class='ocrx_word' id='word_1_21' title='bbox 1310 680 1546 752; x_wconf 79' lang='grc' dir='ltr'>πράξῃς,</span> <span class='ocrx_word' id='word_1_22' title='bbox 1580 679 1794 732; x_wconf 81' lang='grc' dir='ltr'>οὐδέπω</span> <span class='ocrx_word' id='word_1_23' title='bbox 1816 679 1914 751; x_wconf 81' lang='grc' dir='ltr'>τὴν</span> 
     </span>
    </p>
   </div>
   <div class='ocr_carea' id='block_1_5' title="bbox 232 763 1915 843">
    <p class='ocr_par' dir='ltr' id='par_1_5' title="bbox 232 763 1915 843">
     <span class='ocr_line' id='line_1_5' title="bbox 232 763 1915 843; baseline -0.002 -21"><span class='ocrx_word' id='word_1_24' title='bbox 232 770 395 837; x_wconf 76' lang='grc' dir='ltr'>ἀξίαν</span> <span class='ocrx_word' id='word_1_25' title='bbox 415 774 565 843; x_wconf 80' lang='grc' dir='ltr'>ἡμᾶς</span> <span class='ocrx_word' id='word_1_26' title='bbox 597 769 884 840; x_wconf 78' lang='grc' dir='ltr'>ἀπῄτησας</span> <span class='ocrx_word' id='word_1_27' title='bbox 908 763 1062 834; x_wconf 89' lang='grc' dir='ltr'>δίκην</span> <span class='ocrx_word' id='word_1_28' title='bbox 1080 777 1093 792; x_wconf 81' lang='grc'><strong><em>⁸</em></strong></span> <span class='ocrx_word' id='word_1_29' title='bbox 1127 764 1433 834; x_wconf 82' lang='grc' dir='ltr'>φθάσαντες</span> <span class='ocrx_word' id='word_1_30' title='bbox 1460 765 1572 835; x_wconf 87' lang='grc' dir='ltr'>γάρ</span> <span class='ocrx_word' id='word_1_31' title='bbox 1601 767 1761 836; x_wconf 67' lang='grc' dir='ltr'>⁴ἡμεῖς</span> <span class='ocrx_word' id='word_1_32' title='bbox 1790 766 1915 818; x_wconf 85' lang='grc' dir='ltr'>ἐαυ-</span> 
     </span>
    </p>
   </div>
   <div class='ocr_carea' id='block_1_6' title="bbox 234 852 1916 931">
    <p class='ocr_par' dir='ltr' id='par_1_6' title="bbox 234 852 1916 931">
     <span class='ocr_line' id='line_1_6' title="bbox 234 852 1916 931; baseline -0.002 -20"><span class='ocrx_word' id='word_1_33' title='bbox 234 862 365 923; x_wconf 78' lang='grc' dir='ltr'>τοὺς</span> <span class='ocrx_word' id='word_1_34' title='bbox 401 860 614 931; x_wconf 93' lang='grc' dir='ltr'>μυρίων</span> <span class='ocrx_word' id='word_1_35' title='bbox 648 855 897 909; x_wconf 84' lang='grc' dir='ltr'>θανάτων</span> <span class='ocrx_word' id='word_1_36' title='bbox 919 852 1274 926; x_wconf 88' lang='grc' dir='ltr'>χαλεπώτερα</span> <span class='ocrx_word' id='word_1_37' title='bbox 1301 854 1659 924; x_wconf 86' lang='grc' dir='ltr'>διεθήκαμεν.</span> <span class='ocrx_word' id='word_1_38' title='bbox 1703 853 1769 906; x_wconf 88' lang='grc' dir='ltr'>Τί</span> <span class='ocrx_word' id='word_1_39' title='bbox 1804 853 1916 925; x_wconf 87' lang='grc' dir='ltr'>γάρ</span> 
     </span>
    </p>
   </div>
   <div class='ocr_carea' id='block_1_7' title="bbox 232 939 1913 1014">
    <p class='ocr_par' dir='ltr' id='par_1_7' title="bbox 232 939 1913 1014">
     <span class='ocr_line' id='line_1_7' title="bbox 232 939 1913 1014; baseline -0.002 -16"><span class='ocrx_word' id='word_1_40' title='bbox 232 946 299 998; x_wconf 83' lang='grc' dir='ltr'>ἂν</span> <span class='ocrx_word' id='word_1_41' title='bbox 324 948 539 1014; x_wconf 87' lang='grc' dir='ltr'>γένοιτο</span> <span class='ocrx_word' id='word_1_42' title='bbox 578 940 921 1011; x_wconf 87' lang='grc' dir='ltr'>πικρότερον,</span> <span class='ocrx_word' id='word_1_43' title='bbox 972 940 1090 995; x_wconf 82' lang='grc' dir='ltr'>ἀλλ’</span> <span class='ocrx_word' id='word_1_44' title='bbox 1122 940 1156 1011; x_wconf 82' lang='grc' dir='ltr'>ἢ</span> <span class='ocrx_word' id='word_1_45' title='bbox 1195 942 1325 995; x_wconf 85' lang='grc' dir='ltr'>ὅταν</span> <span class='ocrx_word' id='word_1_46' title='bbox 1356 939 1450 993; x_wconf 92' lang='grc' dir='ltr'>τὸν</span> <span class='ocrx_word' id='word_1_47' title='bbox 1493 940 1789 1012; x_wconf 82' lang='grc' dir='ltr'>εὐεργέτην</span> <span class='ocrx_word' id='word_1_48' title='bbox 1817 942 1913 995; x_wconf 75' lang='grc' dir='ltr'>καὶ</span> 
     </span>
    </p>
   </div>
   <div class='ocr_carea' id='block_1_8' title="bbox 232 1026 1914 1099">
    <p class='ocr_par' dir='ltr' id='par_1_8' title="bbox 232 1026 1914 1099">
     <span class='ocr_line' id='line_1_8' title="bbox 232 1026 1914 1099; baseline -0.001 -17"><span class='ocrx_word' id='word_1_49' title='bbox 232 1031 381 1083; x_wconf 76' lang='grc' dir='ltr'>οῦτω</span> <span class='ocrx_word' id='word_1_50' title='bbox 399 1030 661 1099; x_wconf 74' lang='grc' dir='ltr'>φιλοῦντα</span> <span class='ocrx_word' id='word_1_51' title='bbox 684 1026 944 1098; x_wconf 78' lang='grc' dir='ltr'>φανῶμεν</span> <span class='ocrx_word' id='word_1_52' title='bbox 967 1027 1170 1092; x_wconf 82' lang='grc' dir='ltr'>ἀδίκως</span> <span class='ocrx_word' id='word_1_53' title='bbox 1190 1027 1620 1099; x_wconf 82' lang='grc' dir='ltr'>παροξύναντες,</span> <span class='ocrx_word' id='word_1_54' title='bbox 1637 1027 1914 1081; x_wconf 78' lang='grc' dir='ltr'>καὶτοῦτο</span> 
     </span>
    </p>
   </div>
   <div class='ocr_carea' id='block_1_9' title="bbox 234 1115 1912 1188">
    <p class='ocr_par' dir='ltr' id='par_1_9' title="bbox 234 1115 1912 1188">
     <span class='ocr_line' id='line_1_9' title="bbox 234 1115 1912 1188; baseline -0.002 -17"><span class='ocrx_word' id='word_1_55' title='bbox 234 1122 391 1171; x_wconf 73' lang='grc' dir='ltr'>πᾶσα</span> <span class='ocrx_word' id='word_1_56' title='bbox 423 1120 457 1186; x_wconf 87' lang='grc' dir='ltr'>ή</span> <span class='ocrx_word' id='word_1_57' title='bbox 507 1115 798 1186; x_wconf 75' lang='grc' dir='ltr'>οἰκουμένη</span> <span class='ocrx_word' id='word_1_58' title='bbox 852 1116 1123 1188; x_wconf 81' lang='grc' dir='ltr'>μανθάνῃ,</span> <span class='ocrx_word' id='word_1_59' title='bbox 1176 1116 1272 1168; x_wconf 74' lang='grc' dir='ltr'>καὶ</span> <span class='ocrx_word' id='word_1_60' title='bbox 1324 1116 1428 1185; x_wconf 81' lang='grc' dir='ltr'>τὴν</span> <span class='ocrx_word' id='word_1_61' title='bbox 1478 1116 1715 1187; x_wconf 82' lang='grc' dir='ltr'>ἐσχάτην</span> <span class='ocrx_word' id='word_1_62' title='bbox 1753 1115 1912 1187; x_wconf 87' lang='grc' dir='ltr'>ήμῶν</span> 
     </span>
    </p>
   </div>
   <div class='ocr_carea' id='block_1_10' title="bbox 231 1202 1915 1275">
    <p class='ocr_par' dir='ltr' id='par_1_10' title="bbox 231 1202 1915 1275">
     <span class='ocr_line' id='line_1_10' title="bbox 231 1202 1915 1275; baseline 0.001 -19"><span class='ocrx_word' id='word_1_63' title='bbox 231 1204 637 1275; x_wconf 81' lang='grc' dir='ltr'>ἀγνωμοσύνην</span> <span class='ocrx_word' id='word_1_64' title='bbox 697 1205 1117 1275; x_wconf 86' lang='grc' dir='ltr'>καταγινώσκῃ;</span> <span class='ocrx_word' id='word_1_65' title='bbox 1181 1204 1247 1255; x_wconf 84' lang='grc' dir='ltr'>Εἰ</span> <span class='ocrx_word' id='word_1_66' title='bbox 1303 1202 1569 1274; x_wconf 90' lang='grc' dir='ltr'>βάρϐαροι</span> <span class='ocrx_word' id='word_1_67' title='bbox 1614 1203 1712 1275; x_wconf 80' lang='grc' dir='ltr'>τὴν</span> <span class='ocrx_word' id='word_1_68' title='bbox 1757 1204 1915 1257; x_wconf 88' lang='grc' dir='ltr'>πόλιν</span> 
     </span>
    </p>
   </div>
   <div class='ocr_carea' id='block_1_11' title="bbox 230 1290 1915 1362">
    <p class='ocr_par' dir='ltr' id='par_1_11' title="bbox 230 1290 1915 1362">
     <span class='ocr_line' id='line_1_11' title="bbox 230 1290 1915 1362; baseline 0.002 -22"><span class='ocrx_word' id='word_1_69' title='bbox 230 1293 398 1360; x_wconf 71' lang='grc' dir='ltr'>ἡμῶν</span> <span class='ocrx_word' id='word_1_70' title='bbox 453 1290 897 1361; x_wconf 81' lang='grc' dir='ltr'>καταδραμόντες</span> <span class='ocrx_word' id='word_1_71' title='bbox 940 1291 1294 1359; x_wconf 77' lang='grc' dir='ltr'>κατέσκαψαν</span> <span class='ocrx_word' id='word_1_72' title='bbox 1334 1292 1402 1345; x_wconf 83' lang='grc' dir='ltr'>τά</span> <span class='ocrx_word' id='word_1_73' title='bbox 1434 1292 1626 1362; x_wconf 82' lang='grc' dir='ltr'>τείχη,</span> <span class='ocrx_word' id='word_1_74' title='bbox 1685 1292 1782 1344; x_wconf 80' lang='grc' dir='ltr'>καί</span> <span class='ocrx_word' id='word_1_75' title='bbox 1814 1291 1915 1354; x_wconf 86' lang='grc' dir='ltr'>τὰς</span> 
     </span>
    </p>
   </div>
   <div class='ocr_carea' id='block_1_12' title="bbox 231 1377 1912 1450">
    <p class='ocr_par' dir='ltr' id='par_1_12' title="bbox 231 1377 1912 1450">
     <span class='ocr_line' id='line_1_12' title="bbox 231 1377 1912 1450; baseline 0.001 -21"><span class='ocrx_word' id='word_1_76' title='bbox 231 1379 418 1439; x_wconf 87' lang='grc' dir='ltr'>οἰκίας</span> <span class='ocrx_word' id='word_1_77' title='bbox 450 1377 780 1449; x_wconf 79' lang='grc' dir='ltr'>ἐνέπρησαν,</span> <span class='ocrx_word' id='word_1_78' title='bbox 819 1379 915 1431; x_wconf 73' lang='grc' dir='ltr'>καὶ</span> <span class='ocrx_word' id='word_1_79' title='bbox 945 1377 1201 1441; x_wconf 86' lang='grc' dir='ltr'>λαϐόντες</span> <span class='ocrx_word' id='word_1_80' title='bbox 1233 1379 1617 1449; x_wconf 73' lang='grc' dir='ltr'>αἰχμαλώτους</span> <span class='ocrx_word' id='word_1_81' title='bbox 1648 1378 1912 1450; x_wconf 87' lang='grc' dir='ltr'>ἀπῆλθον,</span> 
     </span>
    </p>
   </div>
   <div class='ocr_carea' id='block_1_13' title="bbox 231 1459 1915 1536">
    <p class='ocr_par' dir='ltr' id='par_1_13' title="bbox 231 1459 1915 1536">
     <span class='ocr_line' id='line_1_13' title="bbox 231 1459 1915 1536; baseline 0.001 -20"><span class='ocrx_word' id='word_1_82' title='bbox 231 1464 463 1517; x_wconf 81' lang='grc' dir='ltr'>ἔλαττον</span> <span class='ocrx_word' id='word_1_83' title='bbox 483 1459 552 1535; x_wconf 79' lang='grc' dir='ltr'>ἦν</span> <span class='ocrx_word' id='word_1_84' title='bbox 582 1477 608 1505; x_wconf 81' lang='grc' dir='ltr'>ι</span> <span class='ocrx_word' id='word_1_85' title='bbox 640 1466 703 1520; x_wconf 90' lang='grc' dir='ltr'>τὸ</span> <span class='ocrx_word' id='word_1_86' title='bbox 728 1466 919 1520; x_wconf 86' lang='grc' dir='ltr'>δεινόν.</span> <span class='ocrx_word' id='word_1_87' title='bbox 943 1465 1008 1517; x_wconf 90' lang='grc' dir='ltr'>Τί</span> <span class='ocrx_word' id='word_1_88' title='bbox 1038 1464 1236 1536; x_wconf 89' lang='grc' dir='ltr'>δήποτε</span> <span class='ocrx_word' id='word_1_89' title='bbox 1257 1482 1271 1532; x_wconf 90' lang='lat'>;</span> <span class='ocrx_word' id='word_1_90' title='bbox 1292 1467 1415 1520; x_wconf 80' lang='grc' dir='ltr'>Ὀτι</span> <span class='ocrx_word' id='word_1_91' title='bbox 1442 1466 1536 1520; x_wconf 90' lang='grc' dir='ltr'>σοῦ</span> <span class='ocrx_word' id='word_1_92' title='bbox 1571 1466 1794 1532; x_wconf 78' lang='grc' dir='ltr'>ζῶντος,</span> <span class='ocrx_word' id='word_1_93' title='bbox 1820 1467 1915 1519; x_wconf 76' lang='grc' dir='ltr'>καὶ</span> 
     </span>
    </p>
   </div>
   <div class='ocr_carea' id='block_1_14' title="bbox 229 1549 1913 1624">
    <p class='ocr_par' dir='ltr' id='par_1_14' title="bbox 229 1549 1913 1624">
     <span class='ocr_line' id='line_1_14' title="bbox 229 1549 1913 1624; baseline 0.002 -22"><span class='ocrx_word' id='word_1_94' title='bbox 229 1551 511 1622; x_wconf 82' lang='grc' dir='ltr'>τοσαύτην</span> <span class='ocrx_word' id='word_1_95' title='bbox 552 1552 996 1624; x_wconf 82' lang='grc' dir='ltr'>ἐπιδεικνυμένου</span> <span class='ocrx_word' id='word_1_96' title='bbox 1031 1554 1157 1624; x_wconf 79' lang='grc' dir='ltr'>περὶ</span> <span class='ocrx_word' id='word_1_97' title='bbox 1204 1554 1352 1623; x_wconf 79' lang='grc' dir='ltr'>ήμάς</span> <span class='ocrx_word' id='word_1_98' title='bbox 1383 1553 1617 1620; x_wconf 78' lang='grc' dir='ltr'>εὔνοιαν,</span> <span class='ocrx_word' id='word_1_99' title='bbox 1650 1553 1804 1617; x_wconf 72' lang='grc' dir='ltr'>ἐλπὶς</span> <span class='ocrx_word' id='word_1_100' title='bbox 1843 1549 1913 1623; x_wconf 80' lang='grc' dir='ltr'>ἦν</span> 
     </span>
    </p>
   </div>
   <div class='ocr_carea' id='block_1_15' title="bbox 230 1638 1912 1712">
    <p class='ocr_par' dir='ltr' id='par_1_15' title="bbox 230 1638 1912 1712">
     <span class='ocr_line' id='line_1_15' title="bbox 230 1638 1912 1712; baseline 0.004 -24"><span class='ocrx_word' id='word_1_101' title='bbox 230 1638 423 1690; x_wconf 85' lang='grc' dir='ltr'>ἐκεῖνα</span> <span class='ocrx_word' id='word_1_102' title='bbox 459 1639 634 1693; x_wconf 86' lang='grc' dir='ltr'>πάντα</span> <span class='ocrx_word' id='word_1_103' title='bbox 664 1639 991 1710; x_wconf 82' lang='grc' dir='ltr'>λυθήσεσθαι</span> <span class='ocrx_word' id='word_1_104' title='bbox 1021 1638 1089 1693; x_wconf 83' lang='grc' dir='ltr'>τά</span> <span class='ocrx_word' id='word_1_105' title='bbox 1112 1639 1283 1701; x_wconf 78' lang='grc' dir='ltr'>δεινὰ,</span> <span class='ocrx_word' id='word_1_106' title='bbox 1324 1640 1419 1692; x_wconf 77' lang='grc' dir='ltr'>καὶ</span> <span class='ocrx_word' id='word_1_107' title='bbox 1449 1640 1610 1694; x_wconf 90' lang='grc' dir='ltr'>πάλιν</span> <span class='ocrx_word' id='word_1_108' title='bbox 1640 1644 1789 1712; x_wconf 80' lang='grc' dir='ltr'>ήμᾶς</span> <span class='ocrx_word' id='word_1_109' title='bbox 1818 1641 1912 1694; x_wconf 73' lang='grc' dir='ltr'>ἐπὶ</span> 
     </span>
    </p>
   </div>
   <div class='ocr_carea' id='block_1_16' title="bbox 228 1724 1911 1799">
    <p class='ocr_par' dir='ltr' id='par_1_16' title="bbox 228 1724 1911 1799">
     <span class='ocr_line' id='line_1_16' title="bbox 228 1724 1911 1799; baseline 0.002 -22"><span class='ocrx_word' id='word_1_110' title='bbox 228 1724 296 1777; x_wconf 88' lang='grc' dir='ltr'>τὸ</span> <span class='ocrx_word' id='word_1_111' title='bbox 344 1725 609 1797; x_wconf 84' lang='grc' dir='ltr'>πρότερον</span> <span class='ocrx_word' id='word_1_112' title='bbox 638 1727 930 1799; x_wconf 80' lang='grc' dir='ltr'>ἐπανήξειν</span> <span class='ocrx_word' id='word_1_113' title='bbox 966 1728 1170 1797; x_wconf 84' lang='grc' dir='ltr'>σχῆμα,</span> <span class='ocrx_word' id='word_1_114' title='bbox 1223 1726 1318 1780; x_wconf 76' lang='grc' dir='ltr'>καί</span> <span class='ocrx_word' id='word_1_115' title='bbox 1346 1725 1728 1797; x_wconf 76' lang='grc' dir='ltr'>λαμπροτέραν</span> <span class='ocrx_word' id='word_1_116' title='bbox 1774 1730 1911 1781; x_wconf 84' lang='grc' dir='ltr'>ἁπο-</span> 
     </span>
    </p>
   </div>
   <div class='ocr_carea' id='block_1_17' title="bbox 229 1810 1913 1884">
    <p class='ocr_par' dir='ltr' id='par_1_17' title="bbox 229 1810 1913 1884">
     <span class='ocr_line' id='line_1_17' title="bbox 229 1810 1913 1884; baseline 0.002 -21"><span class='ocrx_word' id='word_1_117' title='bbox 229 1811 505 1882; x_wconf 72' lang='grc' dir='ltr'>λήψεσθαι</span> <span class='ocrx_word' id='word_1_118' title='bbox 555 1811 653 1884; x_wconf 85' lang='grc' dir='ltr'>τὴν</span> <span class='ocrx_word' id='word_1_119' title='bbox 704 1814 1051 1883; x_wconf 59' lang='grc' dir='ltr'>ἐλευθερίαν</span> <span class='ocrx_word' id='word_1_120' title='bbox 1106 1811 1201 1866; x_wconf 90' lang='grc' dir='ltr'>νῦν</span> <span class='ocrx_word' id='word_1_121' title='bbox 1251 1812 1339 1875; x_wconf 89' lang='grc' dir='ltr'>δέ,</span> <span class='ocrx_word' id='word_1_122' title='bbox 1404 1813 1499 1881; x_wconf 81' lang='grc' dir='ltr'>τῆς</span> <span class='ocrx_word' id='word_1_123' title='bbox 1551 1810 1650 1881; x_wconf 87' lang='grc' dir='ltr'>σῆς</span> <span class='ocrx_word' id='word_1_124' title='bbox 1702 1814 1913 1878; x_wconf 90' lang='grc' dir='ltr'>εὐνοίας</span> 
     </span>
    </p>
   </div>
   <div class='ocr_carea' id='block_1_18' title="bbox 228 1899 1914 1972">
    <p class='ocr_par' dir='ltr' id='par_1_18' title="bbox 228 1899 1914 1972">
     <span class='ocr_line' id='line_1_18' title="bbox 228 1899 1914 1972; baseline 0 -19"><span class='ocrx_word' id='word_1_125' title='bbox 228 1900 605 1972; x_wconf 73' lang='grc' dir='ltr'>ἀφῃρημένης</span> <span class='ocrx_word' id='word_1_126' title='bbox 657 1900 885 1953; x_wconf 76' lang='grc' dir='ltr'>καὶτοῦ</span> <span class='ocrx_word' id='word_1_127' title='bbox 943 1900 1171 1969; x_wconf 89' lang='grc' dir='ltr'>φίλτρου</span> <span class='ocrx_word' id='word_1_128' title='bbox 1235 1899 1592 1962; x_wconf 89' lang='grc' dir='ltr'>σϐεσθέντος,</span> <span class='ocrx_word' id='word_1_129' title='bbox 1646 1899 1674 1952; x_wconf 86' lang='lat'>6</span> <span class='ocrx_word' id='word_1_130' title='bbox 1712 1902 1914 1965; x_wconf 88' lang='grc' dir='ltr'>παντὸς</span> 
     </span>
    </p>
   </div>
   <div class='ocr_carea' id='block_1_19' title="bbox 227 1983 1917 2056">
    <p class='ocr_par' dir='ltr' id='par_1_19' title="bbox 227 1983 1917 2056">
     <span class='ocr_line' id='line_1_19' title="bbox 227 1983 1917 2056; baseline 0.001 -19"><span class='ocrx_word' id='word_1_131' title='bbox 227 1986 450 2054; x_wconf 83' lang='grc' dir='ltr'>τείχους</span> <span class='ocrx_word' id='word_1_132' title='bbox 492 1983 561 2055; x_wconf 82' lang='grc' dir='ltr'>ἦν</span> <span class='ocrx_word' id='word_1_133' title='bbox 600 1988 736 2055; x_wconf 79' lang='grc' dir='ltr'>ἡμῖν</span> <span class='ocrx_word' id='word_1_134' title='bbox 765 1985 1203 2056; x_wconf 86' lang='grc' dir='ltr'>ἀσφαλέστερον,</span> <span class='ocrx_word' id='word_1_135' title='bbox 1255 1984 1392 2056; x_wconf 87' lang='grc' dir='ltr'>πρὸς</span> <span class='ocrx_word' id='word_1_136' title='bbox 1428 1986 1550 2038; x_wconf 89' lang='grc' dir='ltr'>τίνα</span> <span class='ocrx_word' id='word_1_137' title='bbox 1596 1985 1781 2039; x_wconf 88' lang='grc' dir='ltr'>λοιπὸν</span> <span class='ocrx_word' id='word_1_138' title='bbox 1816 2003 1917 2039; x_wconf 83' lang='grc' dir='ltr'>κα-</span> 
     </span>
    </p>
   </div>
   <div class='ocr_carea' id='block_1_20' title="bbox 228 2072 1916 2144">
    <p class='ocr_par' dir='ltr' id='par_1_20' title="bbox 228 2072 1916 2144">
     <span class='ocr_line' id='line_1_20' title="bbox 228 2072 1916 2144; baseline 0.004 -22"><span class='ocrx_word' id='word_1_139' title='bbox 228 2073 622 2142; x_wconf 83' lang='grc' dir='ltr'>ταφευξόμεθα</span> <span class='ocrx_word' id='word_1_140' title='bbox 643 2091 657 2138; x_wconf 87' lang='grc'>;</span> <span class='ocrx_word' id='word_1_141' title='bbox 678 2072 781 2124; x_wconf 91' lang='grc' dir='ltr'>ποῦ</span> <span class='ocrx_word' id='word_1_142' title='bbox 802 2072 1146 2143; x_wconf 85' lang='grc' dir='ltr'>δυνησόμεθα</span> <span class='ocrx_word' id='word_1_143' title='bbox 1163 2073 1293 2126; x_wconf 89' lang='grc' dir='ltr'>ἰδεῖν</span> <span class='ocrx_word' id='word_1_144' title='bbox 1319 2074 1574 2144; x_wconf 83' lang='grc' dir='ltr'>ἑτέρωσε,</span> <span class='ocrx_word' id='word_1_145' title='bbox 1602 2073 1694 2127; x_wconf 91' lang='grc' dir='ltr'>τὸν</span> <span class='ocrx_word' id='word_1_146' title='bbox 1710 2074 1916 2144; x_wconf 74' lang='grc' dir='ltr'>γλυκὺν</span> 
     </span>
    </p>
   </div>
   <div class='ocr_carea' id='block_1_21' title="bbox 226 2158 1912 2233">
    <p class='ocr_par' dir='ltr' id='par_1_21' title="bbox 226 2158 1912 2233">
     <span class='ocr_line' id='line_1_21' title="bbox 226 2158 1912 2233; baseline 0.002 -22"><span class='ocrx_word' id='word_1_147' title='bbox 226 2158 379 2211; x_wconf 88' lang='grc' dir='ltr'>οῦτω</span> <span class='ocrx_word' id='word_1_148' title='bbox 406 2160 674 2230; x_wconf 84' lang='grc' dir='ltr'>δεσπότην</span> <span class='ocrx_word' id='word_1_149' title='bbox 713 2159 806 2213; x_wconf 84' lang='grc' dir='ltr'>καί</span> <span class='ocrx_word' id='word_1_150' title='bbox 862 2160 1076 2231; x_wconf 85' lang='grc' dir='ltr'>πατέρα</span> <span class='ocrx_word' id='word_1_151' title='bbox 1129 2160 1376 2233; x_wconf 85' lang='grc' dir='ltr'>προσηνῆ</span> <span class='ocrx_word' id='word_1_152' title='bbox 1428 2160 1912 2232; x_wconf 87' lang='grc' dir='ltr'>παροργίσαντες;</span> 
     </span>
    </p>
   </div>
   <div class='ocr_carea' id='block_1_22' title="bbox 230 2245 1914 2318">
    <p class='ocr_par' dir='ltr' id='par_1_22' title="bbox 230 2245 1914 2318">
     <span class='ocr_line' id='line_1_22' title="bbox 230 2245 1914 2318; baseline 0.004 -21"><span class='ocrx_word' id='word_1_153' title='bbox 230 2245 404 2297; x_wconf 84' lang='grc' dir='ltr'>Ὥστε</span> <span class='ocrx_word' id='word_1_154' title='bbox 463 2246 682 2299; x_wconf 88' lang='grc' dir='ltr'>δοκοῦσι</span> <span class='ocrx_word' id='word_1_155' title='bbox 735 2246 834 2318; x_wconf 85' lang='grc' dir='ltr'>μὲν</span> <span class='ocrx_word' id='word_1_156' title='bbox 873 2248 1126 2318; x_wconf 87' lang='grc' dir='ltr'>ἀφόρητα</span> <span class='ocrx_word' id='word_1_157' title='bbox 1182 2249 1586 2317; x_wconf 80' lang='grc' dir='ltr'>πεποιηκέναι’</span> <span class='ocrx_word' id='word_1_158' title='bbox 1621 2248 1820 2302; x_wconf 81' lang='grc' dir='ltr'>ἔπαθον</span> <span class='ocrx_word' id='word_1_159' title='bbox 1857 2249 1914 2303; x_wconf 86' lang='grc' dir='ltr'>δέ</span> 
     </span>
    </p>
   </div>
   <div class='ocr_carea' id='block_1_23' title="bbox 227 2332 1913 2407">
    <p class='ocr_par' dir='ltr' id='par_1_23' title="bbox 227 2332 1913 2407">
     <span class='ocr_line' id='line_1_23' title="bbox 227 2332 1913 2407; baseline 0.004 -24"><span class='ocrx_word' id='word_1_160' title='bbox 227 2334 457 2385; x_wconf 82' lang='grc' dir='ltr'>πάντων</span> <span class='ocrx_word' id='word_1_161' title='bbox 499 2332 794 2405; x_wconf 87' lang='grc' dir='ltr'>δεινότερα,</span> <span class='ocrx_word' id='word_1_162' title='bbox 840 2334 979 2406; x_wconf 87' lang='grc' dir='ltr'>πρὸς</span> <span class='ocrx_word' id='word_1_163' title='bbox 1005 2334 1195 2388; x_wconf 89' lang='grc' dir='ltr'>οὐδένα</span> <span class='ocrx_word' id='word_1_164' title='bbox 1240 2334 1545 2407; x_wconf 84' lang='grc' dir='ltr'>ἀνθρώπων</span> <span class='ocrx_word' id='word_1_165' title='bbox 1591 2336 1913 2407; x_wconf 80' lang='grc' dir='ltr'>ἀντιϐλέψαι</span> 
     </span>
    </p>
   </div>
   <div class='ocr_carea' id='block_1_24' title="bbox 226 2421 1915 2493">
    <p class='ocr_par' dir='ltr' id='par_1_24' title="bbox 226 2421 1915 2493">
     <span class='ocr_line' id='line_1_24' title="bbox 226 2421 1915 2493; baseline 0.004 -22"><span class='ocrx_word' id='word_1_166' title='bbox 226 2421 541 2489; x_wconf 86' lang='grc' dir='ltr'>τολμῶντες</span> <span class='ocrx_word' id='word_1_167' title='bbox 564 2459 580 2485; x_wconf 93' lang='grc'>,</span> <span class='ocrx_word' id='word_1_168' title='bbox 632 2421 754 2475; x_wconf 86' lang='grc' dir='ltr'>οὐδὲ</span> <span class='ocrx_word' id='word_1_169' title='bbox 783 2421 949 2475; x_wconf 83' lang='grc' dir='ltr'>αὐτὸν</span> <span class='ocrx_word' id='word_1_170' title='bbox 982 2422 1108 2474; x_wconf 88' lang='grc' dir='ltr'>ἰδεῖν</span> <span class='ocrx_word' id='word_1_171' title='bbox 1139 2422 1427 2493; x_wconf 86' lang='grc' dir='ltr'>δυνάμενοι</span> <span class='ocrx_word' id='word_1_172' title='bbox 1457 2423 1549 2476; x_wconf 88' lang='grc' dir='ltr'>τὸν</span> <span class='ocrx_word' id='word_1_173' title='bbox 1583 2423 1734 2493; x_wconf 81' lang='grc' dir='ltr'>ἥλιον</span> <span class='ocrx_word' id='word_1_174' title='bbox 1762 2424 1915 2477; x_wconf 84' lang='grc' dir='ltr'>ἐλευ-</span> 
     </span>
    </p>
   </div>
   <div class='ocr_carea' id='block_1_25' title="bbox 227 2507 1915 2581">
    <p class='ocr_par' dir='ltr' id='par_1_25' title="bbox 227 2507 1915 2581">
     <span class='ocr_line' id='line_1_25' title="bbox 227 2507 1915 2581; baseline 0.005 -22"><span class='ocrx_word' id='word_1_175' title='bbox 227 2508 419 2578; x_wconf 83' lang='grc' dir='ltr'>θέροις</span> <span class='ocrx_word' id='word_1_176' title='bbox 473 2507 793 2580; x_wconf 82' lang='grc' dir='ltr'>ὀφθαλμοῖς,</span> <span class='ocrx_word' id='word_1_177' title='bbox 840 2509 940 2580; x_wconf 90' lang='grc' dir='ltr'>τῆς</span> <span class='ocrx_word' id='word_1_178' title='bbox 989 2507 1141 2580; x_wconf 73' lang='lat'>[218]</span> <span class='ocrx_word' id='word_1_179' title='bbox 1189 2510 1451 2581; x_wconf 80' lang='grc' dir='ltr'>αἰσχύνης</span> <span class='ocrx_word' id='word_1_180' title='bbox 1488 2513 1764 2581; x_wconf 82' lang='grc' dir='ltr'>πανταχοῦ</span> <span class='ocrx_word' id='word_1_181' title='bbox 1812 2530 1915 2567; x_wconf 80' lang='grc' dir='ltr'>κα-</span> 
     </span>
    </p>
   </div>
   <div class='ocr_carea' id='block_1_26' title="bbox 226 2595 1916 2666">
    <p class='ocr_par' dir='ltr' id='par_1_26' title="bbox 226 2595 1916 2666">
     <span class='ocr_line' id='line_1_26' title="bbox 226 2595 1916 2666; baseline 0.004 -20"><span class='ocrx_word' id='word_1_182' title='bbox 226 2595 636 2665; x_wconf 88' lang='grc' dir='ltr'>ταστελλούσης</span> <span class='ocrx_word' id='word_1_183' title='bbox 697 2595 764 2649; x_wconf 84' lang='grc' dir='ltr'>τά</span> <span class='ocrx_word' id='word_1_184' title='bbox 813 2595 1060 2666; x_wconf 81' lang='grc' dir='ltr'>βλέφαρα</span> <span class='ocrx_word' id='word_1_185' title='bbox 1126 2598 1219 2649; x_wconf 66' lang='grc' dir='ltr'>καὶ⁸</span> <span class='ocrx_word' id='word_1_186' title='bbox 1282 2597 1723 2665; x_wconf 89' lang='grc' dir='ltr'>ἐγκαλύπτεσθαι</span> <span class='ocrx_word' id='word_1_187' title='bbox 1783 2616 1916 2652; x_wconf 85' lang='grc' dir='ltr'>κατ-</span> 
     </span>
    </p>
   </div>
   <div class='ocr_carea' id='block_1_27' title="bbox 226 2679 1915 2756">
    <p class='ocr_par' dir='ltr' id='par_1_27' title="bbox 226 2679 1915 2756">
     <span class='ocr_line' id='line_1_27' title="bbox 226 2679 1915 2756; baseline 0.004 -23"><span class='ocrx_word' id='word_1_188' title='bbox 226 2681 658 2750; x_wconf 78' lang='grc' dir='ltr'>αναγκαζούσης</span> <span class='ocrx_word' id='word_1_189' title='bbox 677 2697 692 2711; x_wconf 77' lang='grc' dir='ltr'><strong><em>ο</em></strong></span> <span class='ocrx_word' id='word_1_190' title='bbox 730 2682 827 2748; x_wconf 86' lang='grc' dir='ltr'>τῆς</span> <span class='ocrx_word' id='word_1_191' title='bbox 858 2682 1168 2755; x_wconf 74' lang='grc' dir='ltr'>παρρησίας</span> <span class='ocrx_word' id='word_1_192' title='bbox 1202 2679 1295 2735; x_wconf 75' lang='grc' dir='ltr'>οὖν</span> <span class='ocrx_word' id='word_1_193' title='bbox 1319 2684 1503 2747; x_wconf 84' lang='grc' dir='ltr'>αὐτοῖς</span> <span class='ocrx_word' id='word_1_194' title='bbox 1533 2685 1915 2756; x_wconf 86' lang='grc' dir='ltr'>ἀνῃρημένης,</span> 
     </span>
    </p>
   </div>
   <div class='ocr_carea' id='block_1_28' title="bbox 227 2768 1916 2845">
    <p class='ocr_par' dir='ltr' id='par_1_28' title="bbox 227 2768 1916 2845">
     <span class='ocr_line' id='line_1_28' title="bbox 227 2768 1916 2845; baseline 0.004 -24"><span class='ocrx_word' id='word_1_195' title='bbox 227 2768 458 2821; x_wconf 81' lang='grc' dir='ltr'>πάντων</span> <span class='ocrx_word' id='word_1_196' title='bbox 485 2768 846 2837; x_wconf 84' lang='grc' dir='ltr'>αἰχμαλώτων</span> <span class='ocrx_word' id='word_1_197' title='bbox 875 2769 1200 2841; x_wconf 88' lang='grc' dir='ltr'>ἀθλιώτερον</span> <span class='ocrx_word' id='word_1_198' title='bbox 1219 2770 1522 2824; x_wconf 80' lang='grc' dir='ltr'>διάκεινται</span> <span class='ocrx_word' id='word_1_199' title='bbox 1547 2772 1663 2836; x_wconf 90' lang='grc' dir='ltr'>νῦν,</span> <span class='ocrx_word' id='word_1_200' title='bbox 1697 2773 1793 2826; x_wconf 83' lang='grc' dir='ltr'>καὶ</span> <span class='ocrx_word' id='word_1_201' title='bbox 1816 2773 1916 2845; x_wconf 81' lang='grc' dir='ltr'>τὴν</span> 
     </span>
    </p>
   </div>
   <div class='ocr_carea' id='block_1_29' title="bbox 225 2854 1916 2929">
    <p class='ocr_par' dir='ltr' id='par_1_29' title="bbox 225 2854 1916 2929">
     <span class='ocr_line' id='line_1_29' title="bbox 225 2854 1916 2929; baseline 0.005 -22"><span class='ocrx_word' id='word_1_202' title='bbox 225 2856 475 2924; x_wconf 80' lang='grc' dir='ltr'>ἐσχάτην</span> <span class='ocrx_word' id='word_1_203' title='bbox 528 2854 893 2925; x_wconf 88' lang='grc' dir='ltr'>ὑπομένουσιν</span> <span class='ocrx_word' id='word_1_204' title='bbox 946 2857 1202 2926; x_wconf 81' lang='grc' dir='ltr'>ἀτιμίαν,</span> <span class='ocrx_word' id='word_1_205' title='bbox 1262 2859 1359 2911; x_wconf 75' lang='grc' dir='ltr'>καὶ</span> <span class='ocrx_word' id='word_1_206' title='bbox 1414 2858 1478 2910; x_wconf 90' lang='grc' dir='ltr'>τὸ</span> <span class='ocrx_word' id='word_1_207' title='bbox 1539 2858 1769 2929; x_wconf 87' lang='grc' dir='ltr'>μέγεθος</span> <span class='ocrx_word' id='word_1_208' title='bbox 1806 2862 1916 2915; x_wconf 88' lang='grc' dir='ltr'>τῶν</span> 
     </span>
    </p>
   </div>
   <div class='ocr_carea' id='block_1_30' title="bbox 227 2940 1913 3019">
    <p class='ocr_par' dir='ltr' id='par_1_30' title="bbox 227 2940 1913 3019">
     <span class='ocr_line' id='line_1_30' title="bbox 227 2940 1913 3019; baseline 0.005 -27"><span class='ocrx_word' id='word_1_209' title='bbox 227 2940 426 2993; x_wconf 85' lang='grc' dir='ltr'>κακῶν</span> <span class='ocrx_word' id='word_1_210' title='bbox 458 2940 787 3004; x_wconf 81' lang='grc' dir='ltr'>ἐννοοῦντες.</span> <span class='ocrx_word' id='word_1_211' title='bbox 822 2942 915 2995; x_wconf 75' lang='grc' dir='ltr'>καὶ</span> <span class='ocrx_word' id='word_1_212' title='bbox 942 2944 1021 3005; x_wconf 85' lang='grc' dir='ltr'>εἰς</span> <span class='ocrx_word' id='word_1_213' title='bbox 1070 2944 1195 2995; x_wconf 86' lang='grc' dir='ltr'>ὅσον</span> <span class='ocrx_word' id='word_1_214' title='bbox 1229 2945 1645 3017; x_wconf 88' lang='grc' dir='ltr'>ἀπεσκίρτησαν</span> <span class='ocrx_word' id='word_1_215' title='bbox 1679 2946 1913 3019; x_wconf 83' lang='grc' dir='ltr'>ὕϐρεως,</span> 
     </span>
    </p>
   </div>
   <div class='ocr_carea' id='block_1_31' title="bbox 225 3027 1916 3107">
    <p class='ocr_par' dir='ltr' id='par_1_31' title="bbox 225 3027 1916 3107">
     <span class='ocr_line' id='line_1_31' title="bbox 225 3027 1916 3107; baseline 0.005 -27"><span class='ocrx_word' id='word_1_216' title='bbox 225 3027 357 3080; x_wconf 78' lang='grc' dir='ltr'>οὐδέ</span> <span class='ocrx_word' id='word_1_217' title='bbox 392 3029 653 3080; x_wconf 79' lang='grc' dir='ltr'>ἀναπνεῖν</span> <span class='ocrx_word' id='word_1_218' title='bbox 678 3027 933 3082; x_wconf 86' lang='grc' dir='ltr'>δύνανται</span> <span class='ocrx_word' id='word_1_219' title='bbox 965 3028 1059 3081; x_wconf 86' lang='grc' dir='ltr'>τοῦ</span> <span class='ocrx_word' id='word_1_220' title='bbox 1085 3029 1371 3095; x_wconf 79' lang='grc' dir='ltr'>δοκοῦντος</span> <span class='ocrx_word' id='word_1_221' title='bbox 1397 3032 1654 3104; x_wconf 89' lang='grc' dir='ltr'>ὑϐρίσθαι</span> <span class='ocrx_word' id='word_1_222' title='bbox 1688 3035 1916 3107; x_wconf 90' lang='grc' dir='ltr'>σφοδρο-</span> 
     </span>
    </p>
   </div>
   <div class='ocr_carea' id='block_1_32' title="bbox 227 3115 1917 3195">
    <p class='ocr_par' dir='ltr' id='par_1_32' title="bbox 227 3115 1917 3195">
     <span class='ocr_line' id='line_1_32' title="bbox 227 3115 1917 3195; baseline 0.007 -29"><span class='ocrx_word' id='word_1_223' title='bbox 227 3116 289 3167; x_wconf 83' lang='grc' dir='ltr'><em>τέ</em></span> <span class='ocrx_word' id='word_1_224' title='bbox 301 3132 430 3184; x_wconf 87' lang='grc' dir='ltr'>ρους</span> <span class='ocrx_word' id='word_1_225' title='bbox 458 3116 586 3178; x_wconf 78' lang='grc' dir='ltr'>τοὺς</span> <span class='ocrx_word' id='word_1_226' title='bbox 610 3115 713 3185; x_wconf 78' lang='grc' dir='ltr'>τὴν</span> <span class='ocrx_word' id='word_1_227' title='bbox 742 3116 1070 3188; x_wconf 78' lang='grc' dir='ltr'>οἰκουμένην</span> <span class='ocrx_word' id='word_1_228' title='bbox 1115 3117 1401 3183; x_wconf 81' lang='grc' dir='ltr'>οἰκοῦντας</span> <span class='ocrx_word' id='word_1_229' title='bbox 1431 3121 1676 3186; x_wconf 76' lang='grc' dir='ltr'>ἅπαντας</span> <span class='ocrx_word' id='word_1_230' title='bbox 1705 3124 1917 3195; x_wconf 85' lang='grc' dir='ltr'>ἀνθρώ-</span> 
     </span>
    </p>
   </div>
   <div class='ocr_carea' id='block_1_33' title="bbox 229 3205 1916 3284">
    <p class='ocr_par' dir='ltr' id='par_1_33' title="bbox 229 3205 1916 3284">
     <span class='ocr_line' id='line_1_33' title="bbox 229 3205 1916 3284; baseline 0.007 -30"><span class='ocrx_word' id='word_1_231' title='bbox 229 3221 372 3267; x_wconf 76' lang='grc' dir='ltr'>πους</span> <span class='ocrx_word' id='word_1_232' title='bbox 404 3205 842 3274; x_wconf 79' lang='grc' dir='ltr'>ἐπισπασάμενοι</span> <span class='ocrx_word' id='word_1_233' title='bbox 894 3206 1256 3277; x_wconf 88' lang='grc' dir='ltr'>κατηγόρους.</span> <span class='ocrx_word' id='word_1_234' title='bbox 1294 3207 1434 3260; x_wconf 83' lang='grc' dir='ltr'>Ἀλλ’</span> <span class='ocrx_word' id='word_1_235' title='bbox 1491 3210 1585 3263; x_wconf 84' lang='grc' dir='ltr'>ἐὰν</span> <span class='ocrx_word' id='word_1_236' title='bbox 1640 3210 1821 3284; x_wconf 85' lang='grc' dir='ltr'>θέλῃς,</span> <span class='ocrx_word' id='word_1_237' title='bbox 1868 3206 1916 3267; x_wconf 80' lang='grc' dir='ltr'>ὦ</span> 
     </span>
    </p>
   </div>
   <div class='ocr_carea' id='block_1_34' title="bbox 231 3289 1916 3368">
    <p class='ocr_par' dir='ltr' id='par_1_34' title="bbox 231 3289 1916 3368">
     <span class='ocr_line' id='line_1_34' title="bbox 231 3289 1916 3368; baseline 0.006 -26"><span class='ocrx_word' id='word_1_238' title='bbox 231 3289 486 3357; x_wconf 78' lang='grc' dir='ltr'>βασιλεῦ,</span> <span class='ocrx_word' id='word_1_239' title='bbox 524 3291 672 3343; x_wconf 75' lang='grc' dir='ltr'>ἐστιν</span> <span class='ocrx_word' id='word_1_240' title='bbox 727 3292 869 3356; x_wconf 82' lang='grc' dir='ltr'>ἴασις</span> <span class='ocrx_word' id='word_1_241' title='bbox 897 3292 975 3362; x_wconf 79' lang='grc' dir='ltr'>τῷ</span> <span class='ocrx_word' id='word_1_242' title='bbox 1002 3293 1302 3364; x_wconf 81' lang='grc' dir='ltr'>τραύματι,</span> <span class='ocrx_word' id='word_1_243' title='bbox 1336 3295 1431 3348; x_wconf 78' lang='grc' dir='ltr'>καὶ</span> <span class='ocrx_word' id='word_1_244' title='bbox 1483 3296 1775 3368; x_wconf 89' lang='grc' dir='ltr'>φάρμακον</span> <span class='ocrx_word' id='word_1_245' title='bbox 1802 3303 1916 3363; x_wconf 77' lang='grc' dir='ltr'>τοῖς</span> 
     </span>
    </p>
   </div>
   <div class='ocr_carea' id='block_1_35' title="bbox 228 3378 1917 3454">
    <p class='ocr_par' dir='ltr' id='par_1_35' title="bbox 228 3378 1917 3454">
     <span class='ocr_line' id='line_1_35' title="bbox 228 3378 1917 3454; baseline 0.007 -26"><span class='ocrx_word' id='word_1_246' title='bbox 228 3379 517 3441; x_wconf 82' lang='grc' dir='ltr'>τοσούτοις</span> <span class='ocrx_word' id='word_1_247' title='bbox 540 3380 753 3442; x_wconf 87' lang='grc' dir='ltr'>κακοῖς.</span> <span class='ocrx_word' id='word_1_248' title='bbox 783 3378 1052 3443; x_wconf 84' lang='grc' dir='ltr'>Πολλάκις</span> <span class='ocrx_word' id='word_1_249' title='bbox 1082 3381 1177 3435; x_wconf 76' lang='grc' dir='ltr'>καὶ</span> <span class='ocrx_word' id='word_1_250' title='bbox 1228 3382 1323 3435; x_wconf 77' lang='grc' dir='ltr'>ἐπὶ</span> <span class='ocrx_word' id='word_1_251' title='bbox 1355 3383 1583 3437; x_wconf 85' lang='grc' dir='ltr'>ἰδιωτῶν</span> <span class='ocrx_word' id='word_1_252' title='bbox 1630 3384 1789 3439; x_wconf 87' lang='grc' dir='ltr'>τοῦτο</span> <span class='ocrx_word' id='word_1_253' title='bbox 1818 3386 1917 3454; x_wconf 82' lang='grc' dir='ltr'>γέ-</span> 
     </span>
    </p>
   </div>
   <div class='ocr_carea' id='block_1_36' title="bbox 229 3464 1921 3546">
    <p class='ocr_par' dir='ltr' id='par_1_36' title="bbox 229 3464 1921 3546">
     <span class='ocr_line' id='line_1_36' title="bbox 229 3464 1921 3546; baseline 0.008 -31"><span class='ocrx_word' id='word_1_254' title='bbox 229 3480 391 3531; x_wconf 78' lang='grc' dir='ltr'>γονε’</span> <span class='ocrx_word' id='word_1_255' title='bbox 420 3464 490 3517; x_wconf 85' lang='grc' dir='ltr'>τά</span> <span class='ocrx_word' id='word_1_256' title='bbox 532 3464 745 3534; x_wconf 88' lang='grc' dir='ltr'>μεγάλα</span> <span class='ocrx_word' id='word_1_257' title='bbox 774 3467 867 3519; x_wconf 78' lang='grc' dir='ltr'>καὶ</span> <span class='ocrx_word' id='word_1_258' title='bbox 900 3466 1147 3538; x_wconf 80' lang='grc' dir='ltr'>ἀφόρητα</span> <span class='ocrx_word' id='word_1_259' title='bbox 1181 3471 1651 3541; x_wconf 83' lang='grc' dir='ltr'>προσκρούσματα</span> <span class='ocrx_word' id='word_1_260' title='bbox 1672 3475 1921 3546; x_wconf 83' lang='grc' dir='ltr'>μεγάλης</span> 
     </span>
    </p>
   </div>
   <div class='ocr_carea' id='block_1_37' title="bbox 226 3552 1917 3632">
    <p class='ocr_par' dir='ltr' id='par_1_37' title="bbox 226 3552 1917 3632">
     <span class='ocr_line' id='line_1_37' title="bbox 226 3552 1917 3632; baseline 0.008 -29"><span class='ocrx_word' id='word_1_261' title='bbox 226 3552 533 3614; x_wconf 82' lang='grc' dir='ltr'>διαθέσεως</span> <span class='ocrx_word' id='word_1_262' title='bbox 560 3553 785 3619; x_wconf 78' lang='grc' dir='ltr'>γέγονεν</span> <span class='ocrx_word' id='word_1_263' title='bbox 815 3552 1102 3616; x_wconf 77' lang='grc' dir='ltr'>ὑπόθεσιςο</span> <span class='ocrx_word' id='word_1_264' title='bbox 1135 3554 1281 3609; x_wconf 78' lang='grc' dir='ltr'>οὕτω</span> <span class='ocrx_word' id='word_1_265' title='bbox 1319 3557 1413 3610; x_wconf 81' lang='grc' dir='ltr'>καί</span> <span class='ocrx_word' id='word_1_266' title='bbox 1443 3559 1538 3610; x_wconf 73' lang='grc' dir='ltr'>ἐπὶ</span> <span class='ocrx_word' id='word_1_267' title='bbox 1575 3562 1673 3632; x_wconf 84' lang='grc' dir='ltr'>τῆς</span> <span class='ocrx_word' id='word_1_268' title='bbox 1701 3561 1917 3628; x_wconf 86' lang='grc' dir='ltr'>φύσεως</span> 
     </span>
    </p>
   </div>
   <div class='ocr_carea' id='block_1_38' title="bbox 231 3638 1916 3720">
    <p class='ocr_par' dir='ltr' id='par_1_38' title="bbox 231 3638 1916 3720">
     <span class='ocr_line' id='line_1_38' title="bbox 231 3638 1916 3720; baseline 0.008 -32"><span class='ocrx_word' id='word_1_269' title='bbox 231 3638 441 3707; x_wconf 87' lang='grc' dir='ltr'>συνέϐη</span> <span class='ocrx_word' id='word_1_270' title='bbox 468 3639 568 3707; x_wconf 90' lang='grc' dir='ltr'>τῆς</span> <span class='ocrx_word' id='word_1_271' title='bbox 589 3639 885 3709; x_wconf 77' lang='grc' dir='ltr'>ἡμετέρας.</span> <span class='ocrx_word' id='word_1_272' title='bbox 923 3640 1054 3693; x_wconf 87' lang='grc' dir='ltr'>Ὅτε</span> <span class='ocrx_word' id='word_1_273' title='bbox 1077 3641 1184 3712; x_wconf 85' lang='grc' dir='ltr'>γὰρ</span> <span class='ocrx_word' id='word_1_274' title='bbox 1234 3643 1324 3696; x_wconf 87' lang='grc' dir='ltr'>τὸν</span> <span class='ocrx_word' id='word_1_275' title='bbox 1345 3644 1635 3715; x_wconf 77' lang='grc' dir='ltr'>ἄνθρωπον</span> <span class='ocrx_word' id='word_1_276' title='bbox 1658 3649 1916 3720; x_wconf 84' lang='grc' dir='ltr'>ἐποίησεν</span> 
     </span>
    </p>
   </div>
   <div class='ocr_carea' id='block_1_39' title="bbox 228 3724 1917 3807">
    <p class='ocr_par' dir='ltr' id='par_1_39' title="bbox 228 3724 1917 3807">
     <span class='ocr_line' id='line_1_39' title="bbox 228 3724 1917 3807; baseline 0.011 -35"><span class='ocrx_word' id='word_1_277' title='bbox 228 3724 261 3775; x_wconf 86' lang='lat'>6</span> <span class='ocrx_word' id='word_1_278' title='bbox 294 3724 435 3785; x_wconf 84' lang='grc' dir='ltr'>Θεὸς</span> <span class='ocrx_word' id='word_1_279' title='bbox 472 3725 568 3776; x_wconf 74' lang='grc' dir='ltr'>καὶ</span> <span class='ocrx_word' id='word_1_280' title='bbox 618 3727 699 3787; x_wconf 85' lang='grc' dir='ltr'>εἰς</span> <span class='ocrx_word' id='word_1_281' title='bbox 750 3725 843 3778; x_wconf 86' lang='grc' dir='ltr'>τὸν</span> <span class='ocrx_word' id='word_1_282' title='bbox 888 3727 1221 3798; x_wconf 86' lang='grc' dir='ltr'>παράδεισον</span> <span class='ocrx_word' id='word_1_283' title='bbox 1272 3731 1535 3801; x_wconf 85' lang='grc' dir='ltr'>εἰσήγαγε</span> <span class='ocrx_word' id='word_1_284' title='bbox 1579 3734 1675 3787; x_wconf 77' lang='grc' dir='ltr'>καὶ</span> <span class='ocrx_word' id='word_1_285' title='bbox 1713 3736 1917 3807; x_wconf 81' lang='grc' dir='ltr'>πολλῆς</span> 
     </span>
    </p>
   </div>
   <div class='ocr_carea' id='block_1_40' title="bbox 228 3809 1919 3895">
    <p class='ocr_par' dir='ltr' id='par_1_40' title="bbox 228 3809 1919 3895">
     <span class='ocr_line' id='line_1_40' title="bbox 228 3809 1919 3895; baseline 0.011 -36"><span class='ocrx_word' id='word_1_286' title='bbox 228 3809 438 3879; x_wconf 71' lang='grc' dir='ltr'>ἠξίωσε</span> <span class='ocrx_word' id='word_1_287' title='bbox 480 3811 670 3881; x_wconf 88' lang='grc' dir='ltr'>τιμῆς,</span> <span class='ocrx_word' id='word_1_288' title='bbox 728 3811 789 3864; x_wconf 85' lang='grc' dir='ltr'>οὐ</span> <span class='ocrx_word' id='word_1_289' title='bbox 850 3814 1032 3885; x_wconf 86' lang='grc' dir='ltr'>φέρων</span> <span class='ocrx_word' id='word_1_290' title='bbox 1078 3816 1178 3888; x_wconf 81' lang='grc' dir='ltr'>τήν</span> <span class='ocrx_word' id='word_1_291' title='bbox 1226 3820 1497 3891; x_wconf 85' lang='grc' dir='ltr'>τοσαύτην</span> <span class='ocrx_word' id='word_1_292' title='bbox 1549 3822 1849 3895; x_wconf 77' lang='grc' dir='ltr'>εὐημερίαν</span> <span class='ocrx_word' id='word_1_293' title='bbox 1890 3827 1919 3879; x_wconf 97' lang='lat'>6</span> 
     </span>
    </p>
   </div>
   <div class='ocr_carea' id='block_1_41' title="bbox 230 3897 1921 3981">
    <p class='ocr_par' dir='ltr' id='par_1_41' title="bbox 230 3897 1921 3981">
     <span class='ocr_line' id='line_1_41' title="bbox 230 3897 1921 3981; baseline 0.009 -32"><span class='ocrx_word' id='word_1_294' title='bbox 230 3897 487 3961; x_wconf 86' lang='grc' dir='ltr'>διάϐολος</span> <span class='ocrx_word' id='word_1_295' title='bbox 541 3899 845 3970; x_wconf 82' lang='grc' dir='ltr'>ἐϐάσκηνέν</span> <span class='ocrx_word' id='word_1_296' title='bbox 891 3919 949 3953; x_wconf 88' lang='grc' dir='ltr'>τε</span> <span class='ocrx_word' id='word_1_297' title='bbox 1006 3904 1156 3974; x_wconf 87' lang='grc' dir='ltr'>αὐτῴ</span> <span class='ocrx_word' id='word_1_298' title='bbox 1214 3907 1308 3959; x_wconf 79' lang='grc' dir='ltr'>καὶ</span> <span class='ocrx_word' id='word_1_299' title='bbox 1362 3908 1463 3977; x_wconf 85' lang='grc' dir='ltr'>τῆς</span> <span class='ocrx_word' id='word_1_300' title='bbox 1527 3908 1773 3981; x_wconf 89' lang='grc' dir='ltr'>δοθείσης</span> <span class='ocrx_word' id='word_1_301' title='bbox 1836 3913 1921 3977; x_wconf 79' lang='grc' dir='ltr'>ἐξ-</span> 
     </span>
    </p>
   </div>
   <div class='ocr_carea' id='block_1_42' title="bbox 230 3986 1922 4063">
    <p class='ocr_par' dir='ltr' id='par_1_42' title="bbox 230 3986 1922 4063">
     <span class='ocr_line' id='line_1_42' title="bbox 230 3986 1922 4063; baseline 0.011 -27"><span class='ocrx_word' id='word_1_302' title='bbox 230 3986 403 4041; x_wconf 75' lang='grc' dir='ltr'>έϐαλε</span> <span class='ocrx_word' id='word_1_303' title='bbox 436 3986 746 4057; x_wconf 52' lang='grc' dir='ltr'>προεδρίας.</span> <span class='ocrx_word' id='word_1_304' title='bbox 783 3988 922 4041; x_wconf 80' lang='grc' dir='ltr'>Ἀλλ’</span> <span class='ocrx_word' id='word_1_305' title='bbox 952 3990 979 4041; x_wconf 93' lang='lat'>6</span> <span class='ocrx_word' id='word_1_306' title='bbox 1008 3989 1138 4053; x_wconf 83' lang='grc' dir='ltr'>Θεὸς</span> <span class='ocrx_word' id='word_1_307' title='bbox 1163 3994 1225 4044; x_wconf 89' lang='grc' dir='ltr'>οὐ</span> <span class='ocrx_word' id='word_1_308' title='bbox 1251 3996 1409 4063; x_wconf 84' lang='grc' dir='ltr'>μόνον</span> <span class='ocrx_word' id='word_1_309' title='bbox 1432 3996 1594 4050; x_wconf 87' lang='grc' dir='ltr'>αὐτὸν</span> <span class='ocrx_word' id='word_1_310' title='bbox 1619 3998 1679 4051; x_wconf 86' lang='grc' dir='ltr'>οὐ</span> <span class='ocrx_word' id='word_1_311' title='bbox 1708 4001 1922 4053; x_wconf 84' lang='grc' dir='ltr'>κατέλι-</span> 
     </span>
    </p>
   </div>
   <div class='ocr_carea' id='block_1_43' title="bbox 233 4072 1917 4158">
    <p class='ocr_par' dir='ltr' id='par_1_43' title="bbox 233 4072 1917 4158">
     <span class='ocr_line' id='line_1_43' title="bbox 233 4072 1917 4158; baseline 0.011 -33"><span class='ocrx_word' id='word_1_312' title='bbox 233 4090 362 4134; x_wconf 85' lang='grc' dir='ltr'>πεν,</span> <span class='ocrx_word' id='word_1_313' title='bbox 393 4072 532 4126; x_wconf 83' lang='grc' dir='ltr'>ἀλλά</span> <span class='ocrx_word' id='word_1_314' title='bbox 556 4074 646 4126; x_wconf 84' lang='grc' dir='ltr'>καί</span> <span class='ocrx_word' id='word_1_315' title='bbox 673 4075 791 4127; x_wconf 68' lang='grc' dir='ltr'>ἀντὶ</span> <span class='ocrx_word' id='word_1_316' title='bbox 809 4078 1135 4148; x_wconf 80' lang='grc' dir='ltr'>παραδείσου</span> <span class='ocrx_word' id='word_1_317' title='bbox 1159 4079 1250 4132; x_wconf 87' lang='grc' dir='ltr'>τὸν</span> <span class='ocrx_word' id='word_1_318' title='bbox 1279 4082 1505 4151; x_wconf 86' lang='grc' dir='ltr'>οὐρανὸν</span> <span class='ocrx_word' id='word_1_319' title='bbox 1535 4087 1665 4156; x_wconf 83' lang='grc' dir='ltr'>ἡμῖν</span> <span class='ocrx_word' id='word_1_320' title='bbox 1694 4088 1917 4158; x_wconf 80' lang='grc' dir='ltr'>ἀνέῳξε,</span> 
     </span>
    </p>
   </div>
   <div class='ocr_carea' id='block_1_44' title="bbox 231 4160 1916 4240">
    <p class='ocr_par' dir='ltr' id='par_1_44' title="bbox 231 4160 1916 4240">
     <span class='ocr_line' id='line_1_44' title="bbox 231 4160 1916 4240; baseline 0.011 -27"><span class='ocrx_word' id='word_1_321' title='bbox 231 4160 417 4231; x_wconf 82' lang='grc' dir='ltr'>τούτῳ</span> <span class='ocrx_word' id='word_1_322' title='bbox 448 4178 506 4213; x_wconf 91' lang='grc' dir='ltr'>τε</span> <span class='ocrx_word' id='word_1_323' title='bbox 539 4161 688 4233; x_wconf 78' lang='grc' dir='ltr'>αὐτῷ</span> <span class='ocrx_word' id='word_1_324' title='bbox 714 4164 812 4232; x_wconf 82' lang='grc' dir='ltr'>τήν</span> <span class='ocrx_word' id='word_1_325' title='bbox 839 4182 897 4217; x_wconf 89' lang='grc' dir='ltr'>τε</span> <span class='ocrx_word' id='word_1_326' title='bbox 941 4167 1145 4220; x_wconf 85' lang='grc' dir='ltr'>οἰκείαν</span> <span class='ocrx_word' id='word_1_327' title='bbox 1178 4168 1583 4240; x_wconf 82' lang='grc' dir='ltr'>φιλανθρωπίαν</span> <span class='ocrx_word' id='word_1_328' title='bbox 1610 4176 1916 4231; x_wconf 77' lang='grc' dir='ltr'>ἐπιδεικνύο</span> 
     </span>
    </p>
   </div>
   <div class='ocr_carea' id='block_1_45' title="bbox 235 4250 1917 4322">
    <p class='ocr_par' dir='ltr' id='par_1_45' title="bbox 235 4250 1917 4322">
     <span class='ocr_line' id='line_1_45' title="bbox 235 4250 1917 4322; baseline 0.012 -23"><span class='ocrx_word' id='word_1_329' title='bbox 235 4266 427 4318; x_wconf 86' lang='grc' dir='ltr'>μενος,</span> <span class='ocrx_word' id='word_1_330' title='bbox 459 4250 553 4302; x_wconf 76' lang='grc' dir='ltr'>καὶ</span> <span class='ocrx_word' id='word_1_331' title='bbox 586 4250 677 4303; x_wconf 84' lang='grc' dir='ltr'>τὸν</span> <span class='ocrx_word' id='word_1_332' title='bbox 709 4252 952 4306; x_wconf 86' lang='grc' dir='ltr'>διάϐολον</span> <span class='ocrx_word' id='word_1_333' title='bbox 981 4254 1238 4322; x_wconf 79' lang='grc' dir='ltr'>μειζόνως</span> <span class='ocrx_word' id='word_1_334' title='bbox 1258 4256 1515 4322; x_wconf 72' lang='grc' dir='ltr'>κολάζων.</span> <span class='ocrx_word' id='word_1_335' title='bbox 1537 4261 1707 4316; x_wconf 87' lang='grc' dir='ltr'>Τοῦτο</span> <span class='ocrx_word' id='word_1_336' title='bbox 1732 4265 1825 4317; x_wconf 76' lang='grc' dir='ltr'>καὶ</span> <span class='ocrx_word' id='word_1_337' title='bbox 1852 4267 1917 4320; x_wconf 84' lang='grc' dir='ltr'>σὺ</span> 
     </span>
    </p>
   </div>
   <div class='ocr_carea' id='block_1_46' title="bbox 233 4337 1916 4423">
    <p class='ocr_par' dir='ltr' id='par_1_46' title="bbox 233 4337 1916 4423">
     <span class='ocr_line' id='line_1_46' title="bbox 233 4337 1916 4423; baseline 0.012 -37"><span class='ocrx_word' id='word_1_338' title='bbox 233 4337 492 4405; x_wconf 84' lang='grc' dir='ltr'>ποίησον·</span> <span class='ocrx_word' id='word_1_339' title='bbox 525 4339 703 4392; x_wconf 88' lang='grc' dir='ltr'>πάντα</span> <span class='ocrx_word' id='word_1_340' title='bbox 731 4339 990 4409; x_wconf 88' lang='grc' dir='ltr'>ἐκίνησαν</span> <span class='ocrx_word' id='word_1_341' title='bbox 1035 4343 1083 4394; x_wconf 86' lang='grc' dir='ltr'>οί</span> <span class='ocrx_word' id='word_1_342' title='bbox 1108 4342 1360 4414; x_wconf 90' lang='grc' dir='ltr'>δαίμονες</span> <span class='ocrx_word' id='word_1_343' title='bbox 1387 4346 1501 4411; x_wconf 89' lang='grc' dir='ltr'>νῦν,</span> <span class='ocrx_word' id='word_1_344' title='bbox 1529 4347 1670 4402; x_wconf 81' lang='grc' dir='ltr'>ὥστε</span> <span class='ocrx_word' id='word_1_345' title='bbox 1688 4353 1787 4423; x_wconf 80' lang='grc' dir='ltr'>τὴν</span> <span class='ocrx_word' id='word_1_346' title='bbox 1809 4371 1916 4408; x_wconf 85' lang='grc' dir='ltr'>πα-</span> 
     </span>
    </p>
   </div>
   <div class='ocr_carea' id='block_1_47' title="bbox 232 4422 1919 4504">
    <p class='ocr_par' dir='ltr' id='par_1_47' title="bbox 232 4422 1919 4504">
     <span class='ocr_line' id='line_1_47' title="bbox 232 4422 1919 4504; baseline 0.011 -29"><span class='ocrx_word' id='word_1_347' title='bbox 232 4423 349 4475; x_wconf 89' lang='grc' dir='ltr'>σῶν</span> <span class='ocrx_word' id='word_1_348' title='bbox 368 4440 452 4475; x_wconf 92' lang='grc' dir='ltr'>σοι</span> <span class='ocrx_word' id='word_1_349' title='bbox 486 4422 747 4494; x_wconf 84' lang='grc' dir='ltr'>φιλτάτην</span> <span class='ocrx_word' id='word_1_350' title='bbox 776 4426 932 4479; x_wconf 81' lang='grc' dir='ltr'>πόλιν</span> <span class='ocrx_word' id='word_1_351' title='bbox 968 4430 1275 4500; x_wconf 73' lang='grc' dir='ltr'>ἀπορρῆξαί</span> <span class='ocrx_word' id='word_1_352' title='bbox 1305 4450 1397 4486; x_wconf 88' lang='grc' dir='ltr'>σου</span> <span class='ocrx_word' id='word_1_353' title='bbox 1422 4434 1517 4504; x_wconf 87' lang='grc' dir='ltr'>τῆς</span> <span class='ocrx_word' id='word_1_354' title='bbox 1545 4422 1773 4501; x_wconf 82' lang='grc' dir='ltr'>εὐνοίας·</span> <span class='ocrx_word' id='word_1_355' title='bbox 1797 4441 1919 4494; x_wconf 78' lang='grc' dir='ltr'>τοῦ·</span> 
     </span>
    </p>
   </div>
   <div class='ocr_carea' id='block_1_48' title="bbox 230 4510 1917 4597">
    <p class='ocr_par' dir='ltr' id='par_1_48' title="bbox 230 4510 1917 4597">
     <span class='ocr_line' id='line_1_48' title="bbox 230 4510 1917 4597; baseline 0.01 -33"><span class='ocrx_word' id='word_1_356' title='bbox 230 4516 296 4564; x_wconf 77' lang='grc' dir='ltr'>το</span> <span class='ocrx_word' id='word_1_357' title='bbox 335 4513 518 4565; x_wconf 87' lang='grc' dir='ltr'>τοίνυν</span> <span class='ocrx_word' id='word_1_358' title='bbox 549 4510 729 4574; x_wconf 86' lang='grc' dir='ltr'>εἰδὼς,</span> <span class='ocrx_word' id='word_1_359' title='bbox 751 4513 908 4585; x_wconf 80' lang='grc' dir='ltr'>δίκην</span> <span class='ocrx_word' id='word_1_360' title='bbox 939 4516 1037 4585; x_wconf 83' lang='grc' dir='ltr'>μὲν</span> <span class='ocrx_word' id='word_1_361' title='bbox 1081 4517 1148 4587; x_wconf 78' lang='grc' dir='ltr'>ἢν</span> <span class='ocrx_word' id='word_1_362' title='bbox 1174 4518 1347 4583; x_wconf 85' lang='grc' dir='ltr'>θέλεις</span> <span class='ocrx_word' id='word_1_363' title='bbox 1387 4523 1706 4593; x_wconf 87' lang='grc' dir='ltr'>άπαίτησον,</span> <span class='ocrx_word' id='word_1_364' title='bbox 1740 4527 1839 4597; x_wconf 89' lang='grc' dir='ltr'>τῆς</span> <span class='ocrx_word' id='word_1_365' title='bbox 1861 4528 1917 4583; x_wconf 84' lang='grc' dir='ltr'>δὲ</span> 
     </span>
    </p>
   </div>
   <div class='ocr_carea' id='block_1_49' title="bbox 232 4600 1916 4679">
    <p class='ocr_par' dir='ltr' id='par_1_49' title="bbox 232 4600 1916 4679">
     <span class='ocr_line' id='line_1_49' title="bbox 232 4600 1916 4679; baseline 0.011 -27"><span class='ocrx_word' id='word_1_366' title='bbox 232 4601 426 4668; x_wconf 73' lang='grc' dir='ltr'>φιλίας</span> <span class='ocrx_word' id='word_1_367' title='bbox 462 4602 536 4670; x_wconf 80' lang='grc' dir='ltr'>μὴ</span> <span class='ocrx_word' id='word_1_368' title='bbox 577 4600 812 4671; x_wconf 86' lang='grc' dir='ltr'>ἐκϐάλῃς</span> <span class='ocrx_word' id='word_1_369' title='bbox 843 4605 993 4671; x_wconf 79' lang='grc' dir='ltr'>ἡμᾶς</span> <span class='ocrx_word' id='word_1_370' title='bbox 1026 4604 1127 4673; x_wconf 76' lang='grc' dir='ltr'>τῆς</span> <span class='ocrx_word' id='word_1_371' title='bbox 1162 4608 1452 4679; x_wconf 85' lang='grc' dir='ltr'>προτέρας.</span> <span class='ocrx_word' id='word_1_372' title='bbox 1503 4612 1641 4666; x_wconf 83' lang='grc' dir='ltr'>Ἀλλ’</span> <span class='ocrx_word' id='word_1_373' title='bbox 1674 4615 1722 4667; x_wconf 89' lang='grc' dir='ltr'>εί</span> <span class='ocrx_word' id='word_1_374' title='bbox 1753 4615 1833 4668; x_wconf 83' lang='grc' dir='ltr'>δεῖ</span> <span class='ocrx_word' id='word_1_375' title='bbox 1863 4635 1916 4671; x_wconf 92' lang='grc' dir='ltr'>τι</span> 
     </span>
    </p>
   </div>
   <div class='ocr_carea' id='block_1_50' title="bbox 232 4687 1917 4775">
    <p class='ocr_par' dir='ltr' id='par_1_50' title="bbox 232 4687 1917 4775">
     <span class='ocr_line' id='line_1_50' title="bbox 232 4687 1917 4775; baseline 0.011 -35"><span class='ocrx_word' id='word_1_376' title='bbox 232 4690 332 4741; x_wconf 83' lang='grc' dir='ltr'>καὶ</span> <span class='ocrx_word' id='word_1_377' title='bbox 362 4687 679 4757; x_wconf 89' lang='grc' dir='ltr'>θαυμαστὸν</span> <span class='ocrx_word' id='word_1_378' title='bbox 734 4690 928 4753; x_wconf 81' lang='grc' dir='ltr'>εἰπεῖν,</span> <span class='ocrx_word' id='word_1_379' title='bbox 964 4692 1184 4761; x_wconf 79' lang='grc' dir='ltr'>μείζονα</span> <span class='ocrx_word' id='word_1_380' title='bbox 1233 4698 1364 4767; x_wconf 88' lang='grc' dir='ltr'>ήμῖν</span> <span class='ocrx_word' id='word_1_381' title='bbox 1408 4699 1671 4767; x_wconf 82' lang='grc' dir='ltr'>ἐπίδειξαι</span> <span class='ocrx_word' id='word_1_382' title='bbox 1702 4703 1797 4775; x_wconf 84' lang='grc' dir='ltr'>τὴν</span> <span class='ocrx_word' id='word_1_383' title='bbox 1827 4705 1917 4758; x_wconf 81' lang='grc' dir='ltr'>εὐ-</span> 
     </span>
    </p>
   </div>
   <div class='ocr_carea' id='block_1_51' title="bbox 232 4775 1916 4861">
    <p class='ocr_par' dir='ltr' id='par_1_51' title="bbox 232 4775 1916 4861">
     <span class='ocr_line' id='line_1_51' title="bbox 232 4775 1916 4861; baseline 0.011 -33"><span class='ocrx_word' id='word_1_384' title='bbox 232 4793 388 4829; x_wconf 86' lang='grc' dir='ltr'>νοιαν</span> <span class='ocrx_word' id='word_1_385' title='bbox 414 4776 531 4836; x_wconf 90' lang='grc' dir='ltr'>νῦν,</span> <span class='ocrx_word' id='word_1_386' title='bbox 556 4776 647 4827; x_wconf 76' lang='grc' dir='ltr'>καὶ</span> <span class='ocrx_word' id='word_1_387' title='bbox 679 4775 837 4829; x_wconf 88' lang='grc' dir='ltr'>πάλιν</span> <span class='ocrx_word' id='word_1_388' title='bbox 864 4779 943 4840; x_wconf 85' lang='grc' dir='ltr'>είς</span> <span class='ocrx_word' id='word_1_389' title='bbox 968 4779 1068 4843; x_wconf 87' lang='grc' dir='ltr'>τάς</span> <span class='ocrx_word' id='word_1_390' title='bbox 1090 4784 1310 4851; x_wconf 88' lang='grc' dir='ltr'>πρώτας</span> <span class='ocrx_word' id='word_1_391' title='bbox 1341 4786 1447 4839; x_wconf 90' lang='grc' dir='ltr'>τῶν</span> <span class='ocrx_word' id='word_1_392' title='bbox 1463 4788 1798 4861; x_wconf 87' lang='grc' dir='ltr'>φιλουμένων</span> <span class='ocrx_word' id='word_1_393' title='bbox 1818 4797 1916 4846; x_wconf 84' lang='grc' dir='ltr'>αὐ-</span> 
     </span>
    </p>
   </div>
   <div class='ocr_carea' id='block_1_52' title="bbox 229 4862 1917 4946">
    <p class='ocr_par' dir='ltr' id='par_1_52' title="bbox 229 4862 1917 4946">
     <span class='ocr_line' id='line_1_52' title="bbox 229 4862 1917 4946; baseline 0.013 -33"><span class='ocrx_word' id='word_1_394' title='bbox 229 4864 335 4933; x_wconf 78' lang='grc' dir='ltr'>τὴν</span> <span class='ocrx_word' id='word_1_395' title='bbox 364 4862 662 4933; x_wconf 59' lang='grc' dir='ltr'>ἔγγραψον,</span> <span class='ocrx_word' id='word_1_396' title='bbox 692 4864 743 4915; x_wconf 82' lang='grc' dir='ltr'>εί</span> <span class='ocrx_word' id='word_1_397' title='bbox 766 4879 827 4932; x_wconf 91' lang='grc' dir='ltr'>γε</span> <span class='ocrx_word' id='word_1_398' title='bbox 857 4864 1036 4933; x_wconf 86' lang='grc' dir='ltr'>βούλει</span> <span class='ocrx_word' id='word_1_399' title='bbox 1067 4871 1193 4934; x_wconf 79' lang='grc' dir='ltr'>τούς</span> <span class='ocrx_word' id='word_1_400' title='bbox 1210 4872 1383 4926; x_wconf 87' lang='grc' dir='ltr'>ταῦτα</span> <span class='ocrx_word' id='word_1_401' title='bbox 1401 4880 1917 4946; x_wconf 88' lang='grc' dir='ltr'>κατασκευάσαντας</span> 
     </span>
    </p>
   </div>
   <div class='ocr_carea' id='block_1_53' title="bbox 230 4949 1917 5032">
    <p class='ocr_par' dir='ltr' id='par_1_53' title="bbox 230 4949 1917 5032">
     <span class='ocr_line' id='line_1_53' title="bbox 230 4949 1917 5032; baseline 0.006 -32"><span class='ocrx_word' id='word_1_402' title='bbox 230 4949 552 5019; x_wconf 85' lang='grc' dir='ltr'>ἀμύνασθαι</span> <span class='ocrx_word' id='word_1_403' title='bbox 580 4949 857 5019; x_wconf 88' lang='grc' dir='ltr'>δαίμονας.</span> <span class='ocrx_word' id='word_1_404' title='bbox 881 4954 978 5005; x_wconf 80' lang='grc' dir='ltr'>Ἂν</span> <span class='ocrx_word' id='word_1_405' title='bbox 1012 4955 1111 5024; x_wconf 81' lang='grc' dir='ltr'>μὲν</span> <span class='ocrx_word' id='word_1_406' title='bbox 1132 4957 1242 5029; x_wconf 79' lang='grc' dir='ltr'>γάρ</span> <span class='ocrx_word' id='word_1_407' title='bbox 1262 4959 1494 5032; x_wconf 85' lang='grc' dir='ltr'>καθέλῃς</span> <span class='ocrx_word' id='word_1_408' title='bbox 1524 4965 1616 5015; x_wconf 78' lang='grc' dir='ltr'>καὶ</span> <span class='ocrx_word' id='word_1_409' title='bbox 1642 4970 1917 5023; x_wconf 81' lang='grc' dir='ltr'>κατασκά-</span> 
     </span>
    </p>
   </div>
   <div class='ocr_carea' id='block_1_54' title="bbox 231 5038 1917 5116">
    <p class='ocr_par' dir='ltr' id='par_1_54' title="bbox 231 5038 1917 5116">
     <span class='ocr_line' id='line_1_54' title="bbox 231 5038 1917 5116; baseline 0.014 -28"><span class='ocrx_word' id='word_1_410' title='bbox 231 5039 346 5110; x_wconf 68' lang='grc' dir='ltr'>ψῃς</span> <span class='ocrx_word' id='word_1_411' title='bbox 377 5038 475 5091; x_wconf 76' lang='grc' dir='ltr'>καὶ</span> <span class='ocrx_word' id='word_1_412' title='bbox 509 5039 799 5112; x_wconf 77' lang='grc' dir='ltr'>ἀφανίσῃς,</span> <span class='ocrx_word' id='word_1_413' title='bbox 834 5041 978 5111; x_wconf 81' lang='grc' dir='ltr'>άπερ</span> <span class='ocrx_word' id='word_1_414' title='bbox 1004 5045 1202 5098; x_wconf 84' lang='grc' dir='ltr'>ἐκεῖνοι</span> <span class='ocrx_word' id='word_1_415' title='bbox 1227 5048 1393 5102; x_wconf 89' lang='grc' dir='ltr'>πάλαι</span> <span class='ocrx_word' id='word_1_416' title='bbox 1421 5050 1718 5116; x_wconf 83' lang='grc' dir='ltr'>ἐϐούλοντο,</span> <span class='ocrx_word' id='word_1_417' title='bbox 1743 5056 1917 5111; x_wconf 90' lang='grc' dir='ltr'>ταῦτα</span> 
     </span>
    </p>
   </div>
   <div class='ocr_carea' id='block_1_55' title="bbox 232 5126 1916 5215">
    <p class='ocr_par' dir='ltr' id='par_1_55' title="bbox 232 5126 1916 5215">
     <span class='ocr_line' id='line_1_55' title="bbox 232 5126 1916 5215; baseline 0.01 -36"><span class='ocrx_word' id='word_1_418' title='bbox 232 5127 473 5199; x_wconf 78' lang='grc' dir='ltr'>ἐργάσῃ·</span> <span class='ocrx_word' id='word_1_419' title='bbox 497 5126 562 5180; x_wconf 79' lang='grc' dir='ltr'>ἂν</span> <span class='ocrx_word' id='word_1_420' title='bbox 587 5126 643 5179; x_wconf 85' lang='grc' dir='ltr'>δὲ</span> <span class='ocrx_word' id='word_1_421' title='bbox 671 5128 815 5199; x_wconf 79' lang='grc' dir='ltr'>ἀφῇς</span> <span class='ocrx_word' id='word_1_422' title='bbox 841 5129 939 5197; x_wconf 83' lang='grc' dir='ltr'>τὴν</span> <span class='ocrx_word' id='word_1_423' title='bbox 960 5131 1129 5201; x_wconf 83' lang='grc' dir='ltr'>ὀργὴν</span> <span class='ocrx_word' id='word_1_424' title='bbox 1149 5135 1244 5187; x_wconf 79' lang='grc' dir='ltr'>καὶ</span> <span class='ocrx_word' id='word_1_425' title='bbox 1266 5136 1429 5190; x_wconf 86' lang='grc' dir='ltr'>πάλιν</span> <span class='ocrx_word' id='word_1_426' title='bbox 1456 5140 1795 5214; x_wconf 80' lang='grc' dir='ltr'>ὁμολογήσῃς</span> <span class='ocrx_word' id='word_1_427' title='bbox 1824 5164 1916 5215; x_wconf 80' lang='grc' dir='ltr'>φι-</span> 
     </span>
    </p>
   </div>
   <div class='ocr_carea' id='block_1_56' title="bbox 230 5215 1916 5297">
    <p class='ocr_par' dir='ltr' id='par_1_56' title="bbox 230 5215 1916 5297">
     <span class='ocr_line' id='line_1_56' title="bbox 230 5215 1916 5297; baseline 0.011 -29"><span class='ocrx_word' id='word_1_428' title='bbox 230 5216 351 5271; x_wconf 87' lang='grc' dir='ltr'>λεῖν</span> <span class='ocrx_word' id='word_1_429' title='bbox 378 5215 551 5286; x_wconf 81' lang='grc' dir='ltr'>αὐτὴν</span> <span class='ocrx_word' id='word_1_430' title='bbox 581 5215 770 5286; x_wconf 83' lang='grc' dir='ltr'>ὥσπερ</span> <span class='ocrx_word' id='word_1_431' title='bbox 796 5218 1061 5288; x_wconf 85' lang='grc' dir='ltr'>πρότερον</span> <span class='ocrx_word' id='word_1_432' title='bbox 1088 5220 1310 5288; x_wconf 81' lang='grc' dir='ltr'>ἐφίλεις,</span> <span class='ocrx_word' id='word_1_433' title='bbox 1338 5228 1552 5297; x_wconf 88' lang='grc' dir='ltr'>καιρίαν</span> <span class='ocrx_word' id='word_1_434' title='bbox 1577 5230 1756 5294; x_wconf 87' lang='grc' dir='ltr'>αὐτοῖς</span> <span class='ocrx_word' id='word_1_435' title='bbox 1786 5233 1916 5287; x_wconf 66' lang='lat' dir='ltr'>eam-</span> 
     </span>
    </p>
   </div>
   <div class='ocr_carea' id='block_1_57' title="bbox 230 5305 1907 5389">
    <p class='ocr_par' dir='ltr' id='par_1_57' title="bbox 230 5305 1907 5389">
     <span class='ocr_line' id='line_1_57' title="bbox 230 5305 1907 5389; baseline 0.004 -32"><span class='ocrx_word' id='word_1_436' title='bbox 230 5322 342 5368; x_wconf 87' lang='grc' dir='ltr'>κας</span> <span class='ocrx_word' id='word_1_437' title='bbox 372 5305 473 5375; x_wconf 81' lang='grc' dir='ltr'>τὴν</span> <span class='ocrx_word' id='word_1_438' title='bbox 492 5305 724 5376; x_wconf 83' lang='grc' dir='ltr'>πληγὴν,</span> <span class='ocrx_word' id='word_1_439' title='bbox 755 5305 851 5358; x_wconf 70' lang='grc' dir='ltr'>καὶ</span> <span class='ocrx_word' id='word_1_440' title='bbox 887 5305 986 5376; x_wconf 82' lang='grc' dir='ltr'>τὴν</span> <span class='ocrx_word' id='word_1_441' title='bbox 1014 5308 1248 5378; x_wconf 85' lang='grc' dir='ltr'>ἐσχάτην</span> <span class='ocrx_word' id='word_1_442' title='bbox 1275 5313 1472 5372; x_wconf 84' lang='grc' dir='ltr'>αὐτοὺς</span> <span class='ocrx_word' id='word_1_443' title='bbox 1502 5316 1787 5389; x_wconf 79' lang='grc' dir='ltr'>ἀπῄτησας</span> <span class='ocrx_word' id='word_1_444' title='bbox 1833 5321 1907 5373; x_wconf 83' lang='grc' dir='ltr'>δί.</span> 
     </span>
    </p>
   </div>
   <div class='ocr_carea' id='block_1_58' title="bbox 232 5390 1916 5473">
    <p class='ocr_par' dir='ltr' id='par_1_58' title="bbox 232 5390 1916 5473">
     <span class='ocr_line' id='line_1_58' title="bbox 232 5390 1916 5473; baseline 0.01 -28"><span class='ocrx_word' id='word_1_445' title='bbox 232 5410 366 5463; x_wconf 86' lang='grc' dir='ltr'>κην,</span> <span class='ocrx_word' id='word_1_446' title='bbox 401 5390 585 5457; x_wconf 78' lang='grc' dir='ltr'>δείξας</span> <span class='ocrx_word' id='word_1_447' title='bbox 611 5394 686 5457; x_wconf 82' lang='grc' dir='ltr'>ὡς</span> <span class='ocrx_word' id='word_1_448' title='bbox 723 5393 783 5446; x_wconf 90' lang='grc' dir='ltr'>οὐ</span> <span class='ocrx_word' id='word_1_449' title='bbox 807 5393 965 5462; x_wconf 92' lang='grc' dir='ltr'>μόνον</span> <span class='ocrx_word' id='word_1_450' title='bbox 991 5394 1173 5458; x_wconf 88' lang='grc' dir='ltr'>αὐτοῖς</span> <span class='ocrx_word' id='word_1_451' title='bbox 1189 5397 1341 5449; x_wconf 82' lang='grc' dir='ltr'>οὐδὲν</span> <span class='ocrx_word' id='word_1_452' title='bbox 1370 5401 1530 5455; x_wconf 86' lang='grc' dir='ltr'>πλέον</span> <span class='ocrx_word' id='word_1_453' title='bbox 1558 5404 1777 5473; x_wconf 89' lang='grc' dir='ltr'>γέγονεν</span> <span class='ocrx_word' id='word_1_454' title='bbox 1808 5409 1916 5462; x_wconf 86' lang='grc' dir='ltr'>ἀπὸ</span> 
     </span>
    </p>
   </div>
   <div class='ocr_carea' id='block_1_59' title="bbox 228 5478 1918 5555">
    <p class='ocr_par' dir='ltr' id='par_1_59' title="bbox 228 5478 1918 5555">
     <span class='ocr_line' id='line_1_59' title="bbox 228 5478 1918 5555; baseline 0.011 -26"><span class='ocrx_word' id='word_1_455' title='bbox 228 5478 339 5547; x_wconf 82' lang='grc' dir='ltr'>τῆς</span> <span class='ocrx_word' id='word_1_456' title='bbox 400 5479 713 5551; x_wconf 79' lang='grc' dir='ltr'>ἐπιϐουλῆς,</span> <span class='ocrx_word' id='word_1_457' title='bbox 771 5478 905 5534; x_wconf 85' lang='grc' dir='ltr'>ἀλλά</span> <span class='ocrx_word' id='word_1_458' title='bbox 957 5482 1051 5533; x_wconf 76' lang='grc' dir='ltr'>καὶ</span> <span class='ocrx_word' id='word_1_459' title='bbox 1101 5482 1167 5536; x_wconf 83' lang='grc' dir='ltr'>τὰ</span> <span class='ocrx_word' id='word_1_460' title='bbox 1217 5485 1435 5537; x_wconf 87' lang='grc' dir='ltr'>ἐναντία</span> <span class='ocrx_word' id='word_1_461' title='bbox 1476 5491 1663 5555; x_wconf 86' lang='grc' dir='ltr'>αὐτοῖς</span> <span class='ocrx_word' id='word_1_462' title='bbox 1703 5493 1918 5548; x_wconf 78' lang='grc' dir='ltr'>ἅπαντα</span> 
     </span>
    </p>
   </div>
   <div class='ocr_carea' id='block_1_60' title="bbox 228 5568 1918 5655">
    <p class='ocr_par' dir='ltr' id='par_1_60' title="bbox 228 5568 1918 5655">
     <span class='ocr_line' id='line_1_60' title="bbox 228 5568 1918 5655; baseline 0.009 -33"><span class='ocrx_word' id='word_1_463' title='bbox 228 5568 448 5655; x_wconf 64' lang='grc' dir='ltr'>ἀπέϐη,</span> <span class='ocrx_word' id='word_1_464' title='bbox 477 5569 622 5655; x_wconf 80' lang='grc' dir='ltr'>ήπερ</span> <span class='ocrx_word' id='word_1_465' title='bbox 654 5570 953 5625; x_wconf 88' lang='grc' dir='ltr'>ἐϐούλοντο.</span> <span class='ocrx_word' id='word_1_466' title='bbox 962 5571 1196 5655; x_wconf 53' lang='grc' dir='ltr'>ρίκαιος</span> <span class='ocrx_word' id='word_1_467' title='bbox 1218 5574 1263 5627; x_wconf 90' lang='grc' dir='ltr'>δ’</span> <span class='ocrx_word' id='word_1_468' title='bbox 1293 5575 1359 5627; x_wconf 82' lang='grc' dir='ltr'>ἂν</span> <span class='ocrx_word' id='word_1_469' title='bbox 1399 5578 1520 5648; x_wconf 71' lang='grc' dir='ltr'>εἴης</span> <span class='ocrx_word' id='word_1_470' title='bbox 1550 5582 1719 5635; x_wconf 90' lang='grc' dir='ltr'>ταῦτα</span> <span class='ocrx_word' id='word_1_471' title='bbox 1763 5586 1918 5655; x_wconf 86' lang='grc' dir='ltr'>ποιῆ-</span> 
     </span>
    </p>
   </div>
   <div class='ocr_carea' id='block_1_61' title="bbox 233 5648 1918 5736">
    <p class='ocr_par' dir='ltr' id='par_1_61' title="bbox 233 5648 1918 5736">
     <span class='ocr_line' id='line_1_61' title="bbox 233 5648 1918 5736; baseline 0.011 -33"><span class='ocrx_word' id='word_1_472' title='bbox 233 5668 332 5705; x_wconf 85' lang='grc' dir='ltr'>σαι</span> <span class='ocrx_word' id='word_1_473' title='bbox 362 5652 461 5704; x_wconf 73' lang='lat' dir='ltr'><strong><em>xal</em></strong></span> <span class='ocrx_word' id='word_1_474' title='bbox 498 5652 717 5723; x_wconf 84' lang='grc' dir='ltr'>ἐλεῆσαι</span> <span class='ocrx_word' id='word_1_475' title='bbox 756 5648 990 5729; x_wconf 85' lang='grc' dir='ltr'>πόλιν,</span> <span class='ocrx_word' id='word_1_476' title='bbox 1017 5655 1105 5709; x_wconf 90' lang='grc' dir='ltr'>διά</span> <span class='ocrx_word' id='word_1_477' title='bbox 1126 5655 1227 5727; x_wconf 82' lang='grc' dir='ltr'>τὴν</span> <span class='ocrx_word' id='word_1_478' title='bbox 1258 5657 1357 5729; x_wconf 79' lang='grc' dir='ltr'>σήν</span> <span class='ocrx_word' id='word_1_479' title='bbox 1394 5660 1698 5733; x_wconf 89' lang='grc' dir='ltr'>ἐφθόνησαν</span> <span class='ocrx_word' id='word_1_480' title='bbox 1736 5648 1918 5736; x_wconf 75' lang='grc' dir='ltr'>φιλίαν</span> 
     </span>
    </p>
   </div>
   <div class='ocr_carea' id='block_1_62' title="bbox 230 5737 1913 5826">
    <p class='ocr_par' dir='ltr' id='par_1_62' title="bbox 230 5737 1913 5826">
     <span class='ocr_line' id='line_1_62' title="bbox 230 5737 1913 5826; baseline 0.002 -32"><span class='ocrx_word' id='word_1_481' title='bbox 230 5740 284 5794; x_wconf 83' lang='grc' dir='ltr'>οἰ</span> <span class='ocrx_word' id='word_1_482' title='bbox 330 5737 607 5809; x_wconf 86' lang='grc' dir='ltr'>δαίμονες·</span> <span class='ocrx_word' id='word_1_483' title='bbox 639 5742 687 5794; x_wconf 87' lang='grc' dir='ltr'>εί</span> <span class='ocrx_word' id='word_1_484' title='bbox 712 5742 821 5813; x_wconf 87' lang='grc' dir='ltr'>γάρ</span> <span class='ocrx_word' id='word_1_485' title='bbox 854 5743 929 5813; x_wconf 84' lang='grc' dir='ltr'>μὴ</span> <span class='ocrx_word' id='word_1_486' title='bbox 974 5743 1176 5815; x_wconf 89' lang='grc' dir='ltr'>σφόδρα</span> <span class='ocrx_word' id='word_1_487' title='bbox 1211 5743 1377 5814; x_wconf 82' lang='grc' dir='ltr'>αὐτὴν</span> <span class='ocrx_word' id='word_1_488' title='bbox 1400 5745 1573 5811; x_wconf 80' lang='grc' dir='ltr'>οὕτως</span> <span class='ocrx_word' id='word_1_489' title='bbox 1599 5753 1913 5826; x_wconf 66' lang='grc' dir='ltr'>ἠγάπησας,</span> 
     </span>
    </p>
   </div>
   <div class='ocr_carea' id='block_1_63' title="bbox 230 5829 1913 5905">
    <p class='ocr_par' dir='ltr' id='par_1_63' title="bbox 230 5829 1913 5905">
     <span class='ocr_line' id='line_1_63' title="bbox 230 5829 1913 5905; baseline 0.008 -20"><span class='ocrx_word' id='word_1_490' title='bbox 230 5833 339 5886; x_wconf 85' lang='grc' dir='ltr'>οὐκ</span> <span class='ocrx_word' id='word_1_491' title='bbox 365 5830 433 5883; x_wconf 86' lang='grc' dir='ltr'>ἂν</span> <span class='ocrx_word' id='word_1_492' title='bbox 456 5829 628 5901; x_wconf 82' lang='grc' dir='ltr'>αὐτὴν</span> <span class='ocrx_word' id='word_1_493' title='bbox 646 5830 765 5884; x_wconf 82' lang='grc' dir='ltr'>οὐδέ</span> <span class='ocrx_word' id='word_1_494' title='bbox 794 5832 993 5886; x_wconf 86' lang='grc' dir='ltr'>ἐκεῖνοι</span> <span class='ocrx_word' id='word_1_495' title='bbox 1009 5832 1261 5887; x_wconf 88' lang='grc' dir='ltr'>τοσοῦτον</span> <span class='ocrx_word' id='word_1_496' title='bbox 1293 5832 1603 5905; x_wconf 84' lang='grc' dir='ltr'>ὲϐάσκηναν</span> <span class='ocrx_word' id='word_1_497' title='bbox 1634 5840 1718 5895; x_wconf 78' lang='grc' dir='ltr'>ἄν.</span> <span class='ocrx_word' id='word_1_498' title='bbox 1752 5843 1913 5898; x_wconf 80' lang='grc' dir='ltr'>Ὥστε</span> 
     </span>
    </p>
   </div>
   <div class='ocr_carea' id='block_1_64' title="bbox 299 5976 1545 6047">
    <p class='ocr_par' dir='ltr' id='par_1_64' title="bbox 299 5976 1545 6047">
     <span class='ocr_line' id='line_1_64' title="bbox 299 5976 1545 6047; baseline 0.006 -22"><span class='ocrx_word' id='word_1_499' title='bbox 299 5982 329 6013; x_wconf 76' lang='grc' dir='ltr'>ο</span> <span class='ocrx_word' id='word_1_500' title='bbox 348 5976 497 6030; x_wconf 71' lang='lat' dir='ltr'>Sam.</span> <span class='ocrx_word' id='word_1_501' title='bbox 534 5981 586 6031; x_wconf 75' lang='lat' dir='ltr'>In</span> <span class='ocrx_word' id='word_1_502' title='bbox 609 5994 765 6045; x_wconf 80' lang='lat' dir='ltr'>marg.</span> <span class='ocrx_word' id='word_1_503' title='bbox 790 5987 841 6032; x_wconf 77' lang='lat' dir='ltr'>et</span> <span class='ocrx_word' id='word_1_504' title='bbox 865 5982 946 6033; x_wconf 81' lang='lat' dir='ltr'><strong><em>alii</em></strong></span> <span class='ocrx_word' id='word_1_505' title='bbox 968 5983 1236 6045; x_wconf 68' lang='grc' dir='ltr'>ἀπήλασαν,</span> <span class='ocrx_word' id='word_1_506' title='bbox 1257 5983 1450 6035; x_wconf 73' lang='grc' dir='ltr'>ἔλαττον</span> <span class='ocrx_word' id='word_1_507' title='bbox 1474 5985 1545 6047; x_wconf 75' lang='grc' dir='ltr'>ἦν.</span> 
     </span>
    </p>
   </div>
   <div class='ocr_carea' id='block_1_65' title="bbox 1246 386 2697 450">
    <p class='ocr_par' dir='ltr' id='par_1_65' title="bbox 1246 386 2697 450">
     <span class='ocr_line' id='line_1_65' title="bbox 1246 386 2697 450; baseline 0.004 -11"><span class='ocrx_word' id='word_1_508' title='bbox 1246 388 1334 440; x_wconf 80' lang='lat' dir='ltr'>AD</span> <span class='ocrx_word' id='word_1_509' title='bbox 1374 386 1698 446; x_wconf 80' lang='lat' dir='ltr'>POPULUM</span> <span class='ocrx_word' id='word_1_510' title='bbox 1742 389 2234 450; x_wconf 72' lang='lat' dir='ltr'>ANTIOCHENUM</span> <span class='ocrx_word' id='word_1_511' title='bbox 2294 390 2525 447; x_wconf 82' lang='lat' dir='ltr'>llOMIL.</span> <span class='ocrx_word' id='word_1_512' title='bbox 2560 392 2697 448; x_wconf 76' lang='lat' dir='ltr'>XXI.</span> 
     </span>
    </p>
   </div>
   <div class='ocr_carea' id='block_1_66' title="bbox 3564 400 3667 456">
    <p class='ocr_par' dir='ltr' id='par_1_66' title="bbox 3564 400 3667 456">
     <span class='ocr_line' id='line_1_66' title="bbox 3564 400 3667 456; baseline -0.019 -1"><span class='ocrx_word' id='word_1_513' title='bbox 3564 400 3667 456; x_wconf 70' lang='lat'>9.16</span> 
     </span>
    </p>
   </div>
   <div class='ocr_carea' id='block_1_67' title="bbox 2020 507 3684 583">
    <p class='ocr_par' dir='ltr' id='par_1_67' title="bbox 2020 507 3684 583">
     <span class='ocr_line' id='line_1_67' title="bbox 2020 507 3684 583; baseline 0.001 -22"><span class='ocrx_word' id='word_1_514' title='bbox 2020 511 2067 563; x_wconf 89' lang='grc' dir='ltr'>εἰ</span> <span class='ocrx_word' id='word_1_515' title='bbox 2106 509 2201 563; x_wconf 78' lang='grc' dir='ltr'>καὶ</span> <span class='ocrx_word' id='word_1_516' title='bbox 2230 507 2539 579; x_wconf 86' lang='grc' dir='ltr'>θαυμαστὸν</span> <span class='ocrx_word' id='word_1_517' title='bbox 2559 507 2945 580; x_wconf 82' lang='grc' dir='ltr'>τὸλεγόμενον,</span> <span class='ocrx_word' id='word_1_518' title='bbox 2977 509 3090 562; x_wconf 84' lang='grc' dir='ltr'>ἀλλ’</span> <span class='ocrx_word' id='word_1_519' title='bbox 3121 510 3269 581; x_wconf 83' lang='grc' dir='ltr'>ὅμως</span> <span class='ocrx_word' id='word_1_520' title='bbox 3291 513 3436 567; x_wconf 80' lang='grc' dir='ltr'>ἐστὶν</span> <span class='ocrx_word' id='word_1_521' title='bbox 3466 514 3684 583; x_wconf 72' lang='grc' dir='ltr'>ἀληθὲς,</span> 
     </span>
    </p>
   </div>
   <div class='ocr_carea' id='block_1_68' title="bbox 2015 594 3687 671">
    <p class='ocr_par' dir='ltr' id='par_1_68' title="bbox 2015 594 3687 671">
     <span class='ocr_line' id='line_1_68' title="bbox 2015 594 3687 671; baseline 0.003 -22"><span class='ocrx_word' id='word_1_522' title='bbox 2015 597 2095 649; x_wconf 87' lang='grc' dir='ltr'>δτι</span> <span class='ocrx_word' id='word_1_523' title='bbox 2128 595 2216 649; x_wconf 77' lang='grc' dir='ltr'>διά</span> <span class='ocrx_word' id='word_1_524' title='bbox 2261 594 2322 647; x_wconf 88' lang='grc' dir='ltr'>σέ</span> <span class='ocrx_word' id='word_1_525' title='bbox 2354 596 2445 648; x_wconf 83' lang='grc' dir='ltr'>καὶ</span> <span class='ocrx_word' id='word_1_526' title='bbox 2472 595 2572 667; x_wconf 84' lang='grc' dir='ltr'>τὴν</span> <span class='ocrx_word' id='word_1_527' title='bbox 2601 595 2699 667; x_wconf 79' lang='grc' dir='ltr'>σὴν</span> <span class='ocrx_word' id='word_1_528' title='bbox 2740 595 2920 665; x_wconf 87' lang='grc' dir='ltr'>φιλίαν</span> <span class='ocrx_word' id='word_1_529' title='bbox 2942 595 3113 650; x_wconf 90' lang='grc' dir='ltr'>ταῦτα</span> <span class='ocrx_word' id='word_1_530' title='bbox 3145 596 3333 654; x_wconf 75' lang='grc' dir='ltr'>ἔπαθε.</span> <span class='ocrx_word' id='word_1_531' title='bbox 3366 600 3553 654; x_wconf 85' lang='grc' dir='ltr'>Πόσων</span> <span class='ocrx_word' id='word_1_532' title='bbox 3585 602 3687 671; x_wconf 77' lang='grc' dir='ltr'>ἐμ⁶</span> 
     </span>
    </p>
   </div>
   <div class='ocr_carea' id='block_1_69' title="bbox 2016 683 3689 758">
    <p class='ocr_par' dir='ltr' id='par_1_69' title="bbox 2016 683 3689 758">
     <span class='ocr_line' id='line_1_69' title="bbox 2016 683 3689 758; baseline 0.003 -22"><span class='ocrx_word' id='word_1_533' title='bbox 2016 683 2307 756; x_wconf 87' lang='grc' dir='ltr'>πρησμῶν,</span> <span class='ocrx_word' id='word_1_534' title='bbox 2341 684 2513 754; x_wconf 83' lang='grc' dir='ltr'>πόσης</span> <span class='ocrx_word' id='word_1_535' title='bbox 2554 686 2934 757; x_wconf 78' lang='grc' dir='ltr'>καταστροφῆς</span> <span class='ocrx_word' id='word_1_536' title='bbox 2964 686 2993 726; x_wconf 66' lang='grc' dir='ltr'><strong>Β</strong></span> <span class='ocrx_word' id='word_1_537' title='bbox 3018 684 3088 739; x_wconf 89' lang='grc' dir='ltr'>τά</span> <span class='ocrx_word' id='word_1_538' title='bbox 3128 687 3349 758; x_wconf 78' lang='grc' dir='ltr'>ῥήματα</span> <span class='ocrx_word' id='word_1_539' title='bbox 3374 687 3543 741; x_wconf 85' lang='grc' dir='ltr'>ταῦτα</span> <span class='ocrx_word' id='word_1_540' title='bbox 3593 699 3689 741; x_wconf 64' lang='lat' dir='ltr'>mo</span> 
     </span>
    </p>
   </div>
   <div class='ocr_carea' id='block_1_70' title="bbox 2013 770 3688 846">
    <p class='ocr_par' dir='ltr' id='par_1_70' title="bbox 2013 770 3688 846">
     <span class='ocr_line' id='line_1_70' title="bbox 2013 770 3688 846; baseline 0.003 -21"><span class='ocrx_word' id='word_1_541' title='bbox 2013 772 2271 844; x_wconf 86' lang='grc' dir='ltr'>κρότερα,</span> <span class='ocrx_word' id='word_1_542' title='bbox 2290 770 2433 842; x_wconf 78' lang='grc' dir='ltr'>άπερ</span> <span class='ocrx_word' id='word_1_543' title='bbox 2455 770 2888 843; x_wconf 88' lang='grc' dir='ltr'>ἀπολογούμενος</span> <span class='ocrx_word' id='word_1_544' title='bbox 2907 773 3121 843; x_wconf 79' lang='grc' dir='ltr'>έλεγες;</span> <span class='ocrx_word' id='word_1_545' title='bbox 3143 774 3257 829; x_wconf 88' lang='grc' dir='ltr'>Νῦν</span> <span class='ocrx_word' id='word_1_546' title='bbox 3289 772 3537 846; x_wconf 88' lang='grc' dir='ltr'>ὑϐρίσθαι</span> <span class='ocrx_word' id='word_1_547' title='bbox 3562 775 3688 846; x_wconf 84' lang='grc' dir='ltr'>φὴς,</span> 
     </span>
    </p>
   </div>
   <div class='ocr_carea' id='block_1_71' title="bbox 2011 852 3691 933">
    <p class='ocr_par' dir='ltr' id='par_1_71' title="bbox 2011 852 3691 933">
     <span class='ocr_line' id='line_1_71' title="bbox 2011 852 3691 933; baseline 0.001 -21"><span class='ocrx_word' id='word_1_548' title='bbox 2011 859 2105 912; x_wconf 79' lang='grc' dir='ltr'>καὶ</span> <span class='ocrx_word' id='word_1_549' title='bbox 2130 856 2457 912; x_wconf 86' lang='grc' dir='ltr'>πεπονθέναι</span> <span class='ocrx_word' id='word_1_550' title='bbox 2479 852 2568 911; x_wconf 79' lang='grc' dir='ltr'>σία</span> <span class='ocrx_word' id='word_1_551' title='bbox 2598 857 2786 928; x_wconf 71' lang='grc' dir='ltr'>μηδεὶς</span> <span class='ocrx_word' id='word_1_552' title='bbox 2818 858 3039 912; x_wconf 89' lang='grc' dir='ltr'>πώποτε</span> <span class='ocrx_word' id='word_1_553' title='bbox 3079 862 3186 915; x_wconf 89' lang='grc' dir='ltr'>τῶν</span> <span class='ocrx_word' id='word_1_554' title='bbox 3226 860 3508 933; x_wconf 86' lang='grc' dir='ltr'>προτέρων</span> <span class='ocrx_word' id='word_1_555' title='bbox 3539 861 3691 926; x_wconf 85' lang='grc' dir='ltr'>βασι-</span> 
     </span>
    </p>
   </div>
   <div class='ocr_carea' id='block_1_72' title="bbox 2011 940 3693 1018">
    <p class='ocr_par' dir='ltr' id='par_1_72' title="bbox 2011 940 3693 1018">
     <span class='ocr_line' id='line_1_72' title="bbox 2011 940 3693 1018; baseline 0.001 -20"><span class='ocrx_word' id='word_1_556' title='bbox 2011 944 2171 998; x_wconf 76' lang='grc' dir='ltr'>λέωνο</span> <span class='ocrx_word' id='word_1_557' title='bbox 2206 943 2323 999; x_wconf 87' lang='grc' dir='ltr'>ἀλλ’</span> <span class='ocrx_word' id='word_1_558' title='bbox 2346 944 2442 997; x_wconf 87' lang='grc' dir='ltr'>ἐὰν</span> <span class='ocrx_word' id='word_1_559' title='bbox 2467 944 2648 1017; x_wconf 85' lang='grc' dir='ltr'>θέλῃς,</span> <span class='ocrx_word' id='word_1_560' title='bbox 2681 940 2726 999; x_wconf 82' lang='grc' dir='ltr'><strong>ὧ</strong></span> <span class='ocrx_word' id='word_1_561' title='bbox 2756 945 3235 1018; x_wconf 86' lang='grc' dir='ltr'>φιλανθρωπότατε</span> <span class='ocrx_word' id='word_1_562' title='bbox 3269 948 3364 1001; x_wconf 79' lang='grc' dir='ltr'>καί</span> <span class='ocrx_word' id='word_1_563' title='bbox 3399 947 3693 1016; x_wconf 78' lang='grc' dir='ltr'>φιλοσοφώ-</span> 
     </span>
    </p>
   </div>
   <div class='ocr_carea' id='block_1_73' title="bbox 2010 1029 3689 1104">
    <p class='ocr_par' dir='ltr' id='par_1_73' title="bbox 2010 1029 3689 1104">
     <span class='ocr_line' id='line_1_73' title="bbox 2010 1029 3689 1104; baseline 0 -20"><span class='ocrx_word' id='word_1_564' title='bbox 2010 1049 2140 1085; x_wconf 90' lang='grc' dir='ltr'>τατε</span> <span class='ocrx_word' id='word_1_565' title='bbox 2165 1032 2260 1086; x_wconf 74' lang='grc' dir='ltr'>καὶ</span> <span class='ocrx_word' id='word_1_566' title='bbox 2282 1029 2482 1101; x_wconf 84' lang='grc' dir='ltr'>πολλῆς</span> <span class='ocrx_word' id='word_1_567' title='bbox 2501 1032 2777 1095; x_wconf 87' lang='grc' dir='ltr'>εὐσεϐείας</span> <span class='ocrx_word' id='word_1_568' title='bbox 2796 1032 3005 1103; x_wconf 89' lang='grc' dir='ltr'>γέμων,</span> <span class='ocrx_word' id='word_1_569' title='bbox 3027 1031 3121 1085; x_wconf 92' lang='grc' dir='ltr'>τοῦ</span> <span class='ocrx_word' id='word_1_570' title='bbox 3147 1032 3477 1104; x_wconf 89' lang='grc' dir='ltr'>διαδήματος</span> <span class='ocrx_word' id='word_1_571' title='bbox 3497 1032 3689 1086; x_wconf 88' lang='grc' dir='ltr'>τούτου</span> 
     </span>
    </p>
   </div>
   <div class='ocr_carea' id='block_1_74' title="bbox 2014 1116 3690 1190">
    <p class='ocr_par' dir='ltr' id='par_1_74' title="bbox 2014 1116 3690 1190">
     <span class='ocr_line' id='line_1_74' title="bbox 2014 1116 3690 1190; baseline 0.001 -21"><span class='ocrx_word' id='word_1_572' title='bbox 2014 1118 2236 1184; x_wconf 77' lang='grc' dir='ltr'>μείζονά</span> <span class='ocrx_word' id='word_1_573' title='bbox 2285 1134 2368 1170; x_wconf 90' lang='grc' dir='ltr'>σοι</span> <span class='ocrx_word' id='word_1_574' title='bbox 2404 1117 2500 1171; x_wconf 75' lang='grc' dir='ltr'>καὶ</span> <span class='ocrx_word' id='word_1_575' title='bbox 2547 1117 2987 1190; x_wconf 83' lang='grc' dir='ltr'>λαμπρότερονή</span> <span class='ocrx_word' id='word_1_576' title='bbox 3027 1116 3184 1189; x_wconf 73' lang='grc' dir='ltr'>ὑϐρις</span> <span class='ocrx_word' id='word_1_577' title='bbox 3222 1118 3363 1189; x_wconf 86' lang='grc' dir='ltr'>αὐτη</span> <span class='ocrx_word' id='word_1_578' title='bbox 3403 1118 3690 1190; x_wconf 74' lang='grc' dir='ltr'>περιθήσει</span> 
     </span>
    </p>
   </div>
   <div class='ocr_carea' id='block_1_75' title="bbox 2014 1204 3692 1278">
    <p class='ocr_par' dir='ltr' id='par_1_75' title="bbox 2014 1204 3692 1278">
     <span class='ocr_line' id='line_1_75' title="bbox 2014 1204 3692 1278; baseline 0.002 -20"><span class='ocrx_word' id='word_1_579' title='bbox 2014 1205 2298 1273; x_wconf 87' lang='grc' dir='ltr'>στέφανον.</span> <span class='ocrx_word' id='word_1_580' title='bbox 2330 1204 2502 1258; x_wconf 88' lang='grc' dir='ltr'>Τοῦτο</span> <span class='ocrx_word' id='word_1_581' title='bbox 2538 1204 2637 1275; x_wconf 84' lang='grc' dir='ltr'>μὲν</span> <span class='ocrx_word' id='word_1_582' title='bbox 2681 1204 2789 1277; x_wconf 83' lang='grc' dir='ltr'>γὰρ</span> <span class='ocrx_word' id='word_1_583' title='bbox 2815 1207 2875 1258; x_wconf 86' lang='grc' dir='ltr'>τὸ</span> <span class='ocrx_word' id='word_1_584' title='bbox 2898 1207 3137 1278; x_wconf 87' lang='grc' dir='ltr'>διάδημά</span> <span class='ocrx_word' id='word_1_585' title='bbox 3179 1209 3297 1261; x_wconf 88' lang='grc' dir='ltr'>ἐστι</span> <span class='ocrx_word' id='word_1_586' title='bbox 3333 1207 3429 1260; x_wconf 83' lang='grc' dir='ltr'>καί</span> <span class='ocrx_word' id='word_1_587' title='bbox 3462 1207 3559 1278; x_wconf 83' lang='grc' dir='ltr'>μὲν</span> <span class='ocrx_word' id='word_1_588' title='bbox 3593 1208 3692 1276; x_wconf 81' lang='grc' dir='ltr'>τῆς</span> 
     </span>
    </p>
   </div>
   <div class='ocr_carea' id='block_1_76' title="bbox 2016 1291 3694 1365">
    <p class='ocr_par' dir='ltr' id='par_1_76' title="bbox 2016 1291 3694 1365">
     <span class='ocr_line' id='line_1_76' title="bbox 2016 1291 3694 1365; baseline -0.001 -18"><span class='ocrx_word' id='word_1_589' title='bbox 2016 1292 2116 1362; x_wconf 82' lang='grc' dir='ltr'>σῆς</span> <span class='ocrx_word' id='word_1_590' title='bbox 2139 1293 2342 1365; x_wconf 79' lang='grc' dir='ltr'>ἀρετῆς</span> <span class='ocrx_word' id='word_1_591' title='bbox 2365 1291 2660 1356; x_wconf 75' lang='grc' dir='ltr'>ἀπόδειξιςο</span> <span class='ocrx_word' id='word_1_592' title='bbox 2685 1291 2799 1344; x_wconf 78' lang='grc' dir='ltr'>ἔστι</span> <span class='ocrx_word' id='word_1_593' title='bbox 2827 1294 2883 1346; x_wconf 77' lang='grc' dir='ltr'>δὲ</span> <span class='ocrx_word' id='word_1_594' title='bbox 2918 1294 3010 1346; x_wconf 77' lang='grc' dir='ltr'>καί</span> <span class='ocrx_word' id='word_1_595' title='bbox 3032 1294 3130 1364; x_wconf 84' lang='grc' dir='ltr'>τῆς</span> <span class='ocrx_word' id='word_1_596' title='bbox 3168 1293 3263 1347; x_wconf 84' lang='grc' dir='ltr'>τοῦ</span> <span class='ocrx_word' id='word_1_597' title='bbox 3285 1294 3576 1357; x_wconf 85' lang='grc' dir='ltr'>δεδωκότος</span> <span class='ocrx_word' id='word_1_598' title='bbox 3607 1312 3694 1363; x_wconf 79' lang='grc' dir='ltr'>φι-</span> 
     </span>
    </p>
   </div>
   <div class='ocr_carea' id='block_1_77' title="bbox 2013 1377 3696 1452">
    <p class='ocr_par' dir='ltr' id='par_1_77' title="bbox 2013 1377 3696 1452">
     <span class='ocr_line' id='line_1_77' title="bbox 2013 1377 3696 1452; baseline 0.001 -22"><span class='ocrx_word' id='word_1_599' title='bbox 2013 1377 2259 1448; x_wconf 86' lang='grc' dir='ltr'>λοτιμίας</span> <span class='ocrx_word' id='word_1_600' title='bbox 2277 1380 2596 1452; x_wconf 78' lang='grc' dir='ltr'>τεκμήριονο</span> <span class='ocrx_word' id='word_1_601' title='bbox 2627 1380 2656 1430; x_wconf 89' lang='grc' dir='ltr'>ὁ</span> <span class='ocrx_word' id='word_1_602' title='bbox 2683 1378 2740 1432; x_wconf 81' lang='grc' dir='ltr'>δὲ</span> <span class='ocrx_word' id='word_1_603' title='bbox 2775 1378 2884 1432; x_wconf 89' lang='grc' dir='ltr'>ἀπὸ</span> <span class='ocrx_word' id='word_1_604' title='bbox 2897 1379 2995 1448; x_wconf 90' lang='grc' dir='ltr'>τῆς</span> <span class='ocrx_word' id='word_1_605' title='bbox 3019 1379 3427 1450; x_wconf 85' lang='grc' dir='ltr'>φιλανθρωπίας</span> <span class='ocrx_word' id='word_1_606' title='bbox 3457 1398 3538 1433; x_wconf 88' lang='grc' dir='ltr'>σοι</span> <span class='ocrx_word' id='word_1_607' title='bbox 3570 1381 3696 1434; x_wconf 86' lang='grc' dir='ltr'>ταύ-</span> 
     </span>
    </p>
   </div>
   <div class='ocr_carea' id='block_1_78' title="bbox 2013 1467 3696 1539">
    <p class='ocr_par' dir='ltr' id='par_1_78' title="bbox 2013 1467 3696 1539">
     <span class='ocr_line' id='line_1_78' title="bbox 2013 1467 3696 1539; baseline 0.003 -21"><span class='ocrx_word' id='word_1_608' title='bbox 2013 1482 2114 1535; x_wconf 86' lang='grc' dir='ltr'>της</span> <span class='ocrx_word' id='word_1_609' title='bbox 2152 1467 2480 1536; x_wconf 85' lang='grc' dir='ltr'>πλεκόμενος</span> <span class='ocrx_word' id='word_1_610' title='bbox 2520 1468 2784 1536; x_wconf 88' lang='grc' dir='ltr'>στέφανος</span> <span class='ocrx_word' id='word_1_611' title='bbox 2831 1467 2923 1521; x_wconf 90' lang='grc' dir='ltr'>σὸν</span> <span class='ocrx_word' id='word_1_612' title='bbox 2970 1467 3128 1538; x_wconf 91' lang='grc' dir='ltr'>μόνον</span> <span class='ocrx_word' id='word_1_613' title='bbox 3178 1468 3330 1521; x_wconf 80' lang='grc' dir='ltr'>ἔσται</span> <span class='ocrx_word' id='word_1_614' title='bbox 3366 1469 3696 1539; x_wconf 88' lang='grc' dir='ltr'>κατόρθωμα</span> 
     </span>
    </p>
   </div>
   <div class='ocr_carea' id='block_1_79' title="bbox 2015 1552 3693 1625">
    <p class='ocr_par' dir='ltr' id='par_1_79' title="bbox 2015 1552 3693 1625">
     <span class='ocr_line' id='line_1_79' title="bbox 2015 1552 3693 1625; baseline 0.002 -21"><span class='ocrx_word' id='word_1_615' title='bbox 2015 1554 2110 1605; x_wconf 77' lang='grc' dir='ltr'>καὶ</span> <span class='ocrx_word' id='word_1_616' title='bbox 2142 1552 2239 1622; x_wconf 85' lang='grc' dir='ltr'>τῆς</span> <span class='ocrx_word' id='word_1_617' title='bbox 2266 1553 2579 1621; x_wconf 86' lang='grc' dir='ltr'>φιλοσοφίας</span> <span class='ocrx_word' id='word_1_618' title='bbox 2609 1555 2706 1623; x_wconf 86' lang='grc' dir='ltr'>τῆς</span> <span class='ocrx_word' id='word_1_619' title='bbox 2736 1554 2855 1624; x_wconf 80' lang='grc' dir='ltr'>σῆς·</span> <span class='ocrx_word' id='word_1_620' title='bbox 2889 1555 2979 1607; x_wconf 76' lang='grc' dir='ltr'>καί</span> <span class='ocrx_word' id='word_1_621' title='bbox 3005 1555 3103 1624; x_wconf 92' lang='grc' dir='ltr'>οὐχ</span> <span class='ocrx_word' id='word_1_622' title='bbox 3132 1553 3276 1607; x_wconf 85' lang='grc' dir='ltr'>οῦτω</span> <span class='ocrx_word' id='word_1_623' title='bbox 3299 1572 3356 1606; x_wconf 84' lang='grc' dir='ltr'>σε</span> <span class='ocrx_word' id='word_1_624' title='bbox 3387 1554 3693 1625; x_wconf 85' lang='grc' dir='ltr'>θαυμάσον-</span> 
     </span>
    </p>
   </div>
   <div class='ocr_carea' id='block_1_80' title="bbox 2012 1639 3696 1712">
    <p class='ocr_par' dir='ltr' id='par_1_80' title="bbox 2012 1639 3696 1712">
     <span class='ocr_line' id='line_1_80' title="bbox 2012 1639 3696 1712; baseline 0.002 -21"><span class='ocrx_word' id='word_1_625' title='bbox 2012 1656 2103 1691; x_wconf 90' lang='grc' dir='ltr'>ται</span> <span class='ocrx_word' id='word_1_626' title='bbox 2151 1640 2352 1702; x_wconf 87' lang='grc' dir='ltr'>πάντες</span> <span class='ocrx_word' id='word_1_627' title='bbox 2393 1639 2480 1692; x_wconf 77' lang='grc' dir='ltr'>διά</span> <span class='ocrx_word' id='word_1_628' title='bbox 2516 1642 2639 1702; x_wconf 67' lang='grc' dir='ltr'>τοὺς</span> <span class='ocrx_word' id='word_1_629' title='bbox 2683 1641 2861 1704; x_wconf 86' lang='grc' dir='ltr'>λίθους</span> <span class='ocrx_word' id='word_1_630' title='bbox 2905 1643 3035 1705; x_wconf 83' lang='grc' dir='ltr'>τούς</span> <span class='ocrx_word' id='word_1_631' title='bbox 3076 1641 3295 1712; x_wconf 88' lang='grc' dir='ltr'>τιμίους</span> <span class='ocrx_word' id='word_1_632' title='bbox 3328 1640 3572 1705; x_wconf 90' lang='grc' dir='ltr'>τούτους,</span> <span class='ocrx_word' id='word_1_633' title='bbox 3620 1642 3696 1705; x_wconf 83' lang='grc' dir='ltr'>ὡς</span> 
     </span>
    </p>
   </div>
   <div class='ocr_carea' id='block_1_81' title="bbox 2012 1724 3694 1797">
    <p class='ocr_par' dir='ltr' id='par_1_81' title="bbox 2012 1724 3694 1797">
     <span class='ocr_line' id='line_1_81' title="bbox 2012 1724 3694 1797; baseline 0.003 -21"><span class='ocrx_word' id='word_1_634' title='bbox 2012 1724 2391 1778; x_wconf 84' lang='grc' dir='ltr'>ἐπαινέσονται</span> <span class='ocrx_word' id='word_1_635' title='bbox 2419 1724 2510 1777; x_wconf 86' lang='grc' dir='ltr'>διά</span> <span class='ocrx_word' id='word_1_636' title='bbox 2548 1724 2646 1795; x_wconf 79' lang='grc' dir='ltr'>τὴν</span> <span class='ocrx_word' id='word_1_637' title='bbox 2692 1725 2992 1797; x_wconf 72' lang='grc' dir='ltr'>ὑπεροψίαν</span> <span class='ocrx_word' id='word_1_638' title='bbox 3031 1728 3130 1797; x_wconf 76' lang='grc' dir='ltr'>τὴν</span> <span class='ocrx_word' id='word_1_639' title='bbox 3178 1728 3317 1781; x_wconf 84' lang='grc' dir='ltr'>κατά</span> <span class='ocrx_word' id='word_1_640' title='bbox 3361 1726 3461 1797; x_wconf 84' lang='grc' dir='ltr'>τῆς</span> <span class='ocrx_word' id='word_1_641' title='bbox 3504 1728 3694 1797; x_wconf 73' lang='grc' dir='ltr'>ὀργῆς.</span> 
     </span>
    </p>
   </div>
   <div class='ocr_carea' id='block_1_82' title="bbox 2011 1810 3698 1884">
    <p class='ocr_par' dir='ltr' id='par_1_82' title="bbox 2011 1810 3698 1884">
     <span class='ocr_line' id='line_1_82' title="bbox 2011 1810 3698 1884; baseline 0.002 -21"><span class='ocrx_word' id='word_1_642' title='bbox 2011 1810 2280 1864; x_wconf 80' lang='grc' dir='ltr'>Καθεῖλόν</span> <span class='ocrx_word' id='word_1_643' title='bbox 2305 1828 2399 1864; x_wconf 87' lang='grc' dir='ltr'>σου</span> <span class='ocrx_word' id='word_1_644' title='bbox 2444 1812 2575 1875; x_wconf 89' lang='grc' dir='ltr'>τοὺς</span> <span class='ocrx_word' id='word_1_645' title='bbox 2601 1810 2956 1881; x_wconf 85' lang='grc' dir='ltr'>ἀνδριάντας;</span> <span class='ocrx_word' id='word_1_646' title='bbox 2997 1813 3109 1866; x_wconf 79' lang='grc' dir='ltr'>ἀλλ’</span> <span class='ocrx_word' id='word_1_647' title='bbox 3132 1812 3310 1877; x_wconf 78' lang='grc' dir='ltr'>ἔξεστί</span> <span class='ocrx_word' id='word_1_648' title='bbox 3339 1831 3422 1867; x_wconf 92' lang='grc' dir='ltr'>σοι</span> <span class='ocrx_word' id='word_1_649' title='bbox 3450 1814 3698 1884; x_wconf 84' lang='grc' dir='ltr'>λαμπρο-</span> 
     </span>
    </p>
   </div>
   <div class='ocr_carea' id='block_1_83' title="bbox 2011 1896 3698 1970">
    <p class='ocr_par' dir='ltr' id='par_1_83' title="bbox 2011 1896 3698 1970">
     <span class='ocr_line' id='line_1_83' title="bbox 2011 1896 3698 1970; baseline 0.002 -21"><span class='ocrx_word' id='word_1_650' title='bbox 2011 1897 2205 1966; x_wconf 87' lang='grc' dir='ltr'>τέρους</span> <span class='ocrx_word' id='word_1_651' title='bbox 2246 1898 2550 1967; x_wconf 84' lang='grc' dir='ltr'>ἀναστῆσαι</span> <span class='ocrx_word' id='word_1_652' title='bbox 2604 1897 2853 1951; x_wconf 88' lang='grc' dir='ltr'>ἐκείνων.</span> <span class='ocrx_word' id='word_1_653' title='bbox 2899 1896 3050 1969; x_wconf 72' lang='grc'>[219]</span> <span class='ocrx_word' id='word_1_654' title='bbox 3103 1899 3203 1953; x_wconf 78' lang='grc' dir='ltr'>Ἂν</span> <span class='ocrx_word' id='word_1_655' title='bbox 3258 1899 3367 1969; x_wconf 87' lang='grc' dir='ltr'>γὰρ</span> <span class='ocrx_word' id='word_1_656' title='bbox 3397 1900 3542 1970; x_wconf 77' lang='grc' dir='ltr'>ἀφῇς</span> <span class='ocrx_word' id='word_1_657' title='bbox 3585 1905 3698 1964; x_wconf 87' lang='grc' dir='ltr'>τοῖς</span> 
     </span>
    </p>
   </div>
   <div class='ocr_carea' id='block_1_84' title="bbox 2013 1982 3696 2057">
    <p class='ocr_par' dir='ltr' id='par_1_84' title="bbox 2013 1982 3696 2057">
     <span class='ocr_line' id='line_1_84' title="bbox 2013 1982 3696 2057; baseline 0.004 -23"><span class='ocrx_word' id='word_1_658' title='bbox 2013 1982 2299 2052; x_wconf 71' lang='grc' dir='ltr'>ἠδικηκόσι</span> <span class='ocrx_word' id='word_1_659' title='bbox 2340 1984 2409 2037; x_wconf 75' lang='grc' dir='ltr'>τὰ</span> <span class='ocrx_word' id='word_1_660' title='bbox 2442 1983 2784 2055; x_wconf 87' lang='grc' dir='ltr'>ἐγκλήματα,</span> <span class='ocrx_word' id='word_1_661' title='bbox 2843 1986 2938 2038; x_wconf 74' lang='grc' dir='ltr'>καὶ</span> <span class='ocrx_word' id='word_1_662' title='bbox 2973 1986 3246 2057; x_wconf 81' lang='grc' dir='ltr'>μηδεμίαν</span> <span class='ocrx_word' id='word_1_663' title='bbox 3278 1986 3590 2057; x_wconf 86' lang='grc' dir='ltr'>άπαιτήσῃς</span> <span class='ocrx_word' id='word_1_664' title='bbox 3615 1987 3696 2040; x_wconf 83' lang='grc' dir='ltr'>δί-</span> 
     </span>
    </p>
   </div>
   <div class='ocr_carea' id='block_1_85' title="bbox 2014 2069 3701 2144">
    <p class='ocr_par' dir='ltr' id='par_1_85' title="bbox 2014 2069 3701 2144">
     <span class='ocr_line' id='line_1_85' title="bbox 2014 2069 3701 2144; baseline 0.003 -23"><span class='ocrx_word' id='word_1_665' title='bbox 2014 2085 2118 2137; x_wconf 88' lang='grc' dir='ltr'>κην</span> <span class='ocrx_word' id='word_1_666' title='bbox 2143 2080 2165 2108; x_wconf 73' lang='grc' dir='ltr'>ε</span> <span class='ocrx_word' id='word_1_667' title='bbox 2198 2069 2418 2132; x_wconf 83' lang='grc' dir='ltr'>αὐτοὺς,</span> <span class='ocrx_word' id='word_1_668' title='bbox 2446 2071 2508 2123; x_wconf 89' lang='grc' dir='ltr'>οὐ</span> <span class='ocrx_word' id='word_1_669' title='bbox 2543 2071 2776 2140; x_wconf 87' lang='grc' dir='ltr'>χαλκοῦν</span> <span class='ocrx_word' id='word_1_670' title='bbox 2807 2090 2867 2124; x_wconf 90' lang='grc' dir='ltr'>σε</span> <span class='ocrx_word' id='word_1_671' title='bbox 2889 2074 2981 2125; x_wconf 80' lang='grc' dir='ltr'>ἐπὶ</span> <span class='ocrx_word' id='word_1_672' title='bbox 3013 2073 3112 2143; x_wconf 89' lang='grc' dir='ltr'>τῆς</span> <span class='ocrx_word' id='word_1_673' title='bbox 3134 2073 3343 2143; x_wconf 78' lang='grc' dir='ltr'>ἀγορᾶς</span> <span class='ocrx_word' id='word_1_674' title='bbox 3376 2074 3701 2144; x_wconf 78' lang='grc' dir='ltr'>ἀναστήσου⁴</span> 
     </span>
    </p>
   </div>
   <div class='ocr_carea' id='block_1_86' title="bbox 2017 2155 3701 2229">
    <p class='ocr_par' dir='ltr' id='par_1_86' title="bbox 2017 2155 3701 2229">
     <span class='ocr_line' id='line_1_86' title="bbox 2017 2155 3701 2229; baseline 0.004 -22"><span class='ocrx_word' id='word_1_675' title='bbox 2017 2171 2123 2214; x_wconf 86' lang='grc' dir='ltr'>σιν.</span> <span class='ocrx_word' id='word_1_676' title='bbox 2160 2155 2282 2209; x_wconf 83' lang='grc' dir='ltr'>οὐδὲ</span> <span class='ocrx_word' id='word_1_677' title='bbox 2328 2156 2587 2227; x_wconf 91' lang='grc' dir='ltr'>χρυσοῦν,</span> <span class='ocrx_word' id='word_1_678' title='bbox 2621 2158 2744 2210; x_wconf 82' lang='grc' dir='ltr'>οὐδὲ</span> <span class='ocrx_word' id='word_1_679' title='bbox 2777 2158 3181 2229; x_wconf 88' lang='grc' dir='ltr'>λιθοκόλλητον,</span> <span class='ocrx_word' id='word_1_680' title='bbox 3224 2160 3364 2213; x_wconf 86' lang='grc' dir='ltr'>ἀλλά</span> <span class='ocrx_word' id='word_1_681' title='bbox 3390 2160 3489 2228; x_wconf 75' lang='grc' dir='ltr'>τὴν</span> <span class='ocrx_word' id='word_1_682' title='bbox 3519 2159 3701 2229; x_wconf 81' lang='grc' dir='ltr'>πάσης</span> 
     </span>
    </p>
   </div>
   <div class='ocr_carea' id='block_1_87' title="bbox 2015 2239 3700 2316">
    <p class='ocr_par' dir='ltr' id='par_1_87' title="bbox 2015 2239 3700 2316">
     <span class='ocr_line' id='line_1_87' title="bbox 2015 2239 3700 2316; baseline 0.001 -22"><span class='ocrx_word' id='word_1_683' title='bbox 2015 2239 2149 2313; x_wconf 85' lang='grc' dir='ltr'>ὐλης</span> <span class='ocrx_word' id='word_1_684' title='bbox 2172 2242 2504 2313; x_wconf 90' lang='grc' dir='ltr'>τιμιωτέραν</span> <span class='ocrx_word' id='word_1_685' title='bbox 2531 2244 2751 2314; x_wconf 81' lang='grc' dir='ltr'>στήλην,</span> <span class='ocrx_word' id='word_1_686' title='bbox 2778 2243 3188 2315; x_wconf 87' lang='grc' dir='ltr'>φιλανθρωπίαν</span> <span class='ocrx_word' id='word_1_687' title='bbox 3218 2245 3311 2299; x_wconf 72' lang='grc' dir='ltr'>καὶ</span> <span class='ocrx_word' id='word_1_688' title='bbox 3332 2245 3700 2316; x_wconf 86' lang='grc' dir='ltr'>ἐλεημοσύνην</span> 
     </span>
    </p>
   </div>
   <div class='ocr_carea' id='block_1_88' title="bbox 2012 2329 3701 2402">
    <p class='ocr_par' dir='ltr' id='par_1_88' title="bbox 2012 2329 3701 2402">
     <span class='ocr_line' id='line_1_88' title="bbox 2012 2329 3701 2402; baseline 0.003 -20"><span class='ocrx_word' id='word_1_689' title='bbox 2012 2329 2469 2400; x_wconf 88' lang='grc' dir='ltr'>ἀναϐεϐλημένον.</span> <span class='ocrx_word' id='word_1_690' title='bbox 2525 2330 2712 2393; x_wconf 80' lang='grc' dir='ltr'>Οὕτως</span> <span class='ocrx_word' id='word_1_691' title='bbox 2753 2332 2844 2385; x_wconf 77' lang='grc' dir='ltr'>ἐπὶ</span> <span class='ocrx_word' id='word_1_692' title='bbox 2878 2331 2979 2402; x_wconf 88' lang='grc' dir='ltr'>τῆς</span> <span class='ocrx_word' id='word_1_693' title='bbox 3020 2332 3263 2396; x_wconf 90' lang='grc' dir='ltr'>διανοίας</span> <span class='ocrx_word' id='word_1_694' title='bbox 3309 2333 3542 2395; x_wconf 76' lang='grc' dir='ltr'>ἕκαστος</span> <span class='ocrx_word' id='word_1_695' title='bbox 3572 2334 3701 2387; x_wconf 84' lang='grc' dir='ltr'>ἀνα-</span> 
     </span>
    </p>
   </div>
   <div class='ocr_carea' id='block_1_89' title="bbox 2014 2417 3700 2491">
    <p class='ocr_par' dir='ltr' id='par_1_89' title="bbox 2014 2417 3700 2491">
     <span class='ocr_line' id='line_1_89' title="bbox 2014 2417 3700 2491; baseline 0.002 -22"><span class='ocrx_word' id='word_1_696' title='bbox 2014 2417 2274 2490; x_wconf 87' lang='grc' dir='ltr'>στήσουσί</span> <span class='ocrx_word' id='word_1_697' title='bbox 2305 2434 2365 2470; x_wconf 90' lang='grc' dir='ltr'>σε</span> <span class='ocrx_word' id='word_1_698' title='bbox 2386 2418 2488 2488; x_wconf 87' lang='grc' dir='ltr'>τῆς</span> <span class='ocrx_word' id='word_1_699' title='bbox 2514 2419 2744 2483; x_wconf 82' lang='grc' dir='ltr'>ἑαυτῶν,</span> <span class='ocrx_word' id='word_1_700' title='bbox 2765 2420 2860 2473; x_wconf 76' lang='lat' dir='ltr'><strong><em>xal</em></strong></span> <span class='ocrx_word' id='word_1_701' title='bbox 2891 2419 3179 2484; x_wconf 87' lang='grc' dir='ltr'>τοσούτους</span> <span class='ocrx_word' id='word_1_702' title='bbox 3198 2420 3340 2487; x_wconf 75' lang='grc' dir='ltr'>ἕξεις</span> <span class='ocrx_word' id='word_1_703' title='bbox 3357 2420 3700 2491; x_wconf 85' lang='grc' dir='ltr'>ἀνδριάντας,</span> 
     </span>
    </p>
   </div>
   <div class='ocr_carea' id='block_1_90' title="bbox 2010 2502 3697 2577">
    <p class='ocr_par' dir='ltr' id='par_1_90' title="bbox 2010 2502 3697 2577">
     <span class='ocr_line' id='line_1_90' title="bbox 2010 2502 3697 2577; baseline 0.003 -20"><span class='ocrx_word' id='word_1_704' title='bbox 2010 2505 2126 2558; x_wconf 81' lang='grc' dir='ltr'>ὅσοι</span> <span class='ocrx_word' id='word_1_705' title='bbox 2162 2504 2257 2575; x_wconf 77' lang='grc' dir='ltr'>τὴν</span> <span class='ocrx_word' id='word_1_706' title='bbox 2291 2502 2616 2575; x_wconf 82' lang='grc' dir='ltr'>οἰκουμένην</span> <span class='ocrx_word' id='word_1_707' title='bbox 2641 2505 2884 2558; x_wconf 86' lang='grc' dir='ltr'>οἰκοῦσιν</span> <span class='ocrx_word' id='word_1_708' title='bbox 2915 2505 3213 2576; x_wconf 80' lang='grc' dir='ltr'>ἄνθρωποι,</span> <span class='ocrx_word' id='word_1_709' title='bbox 3242 2508 3337 2560; x_wconf 78' lang='grc' dir='ltr'>καὶ</span> <span class='ocrx_word' id='word_1_710' title='bbox 3362 2509 3697 2577; x_wconf 83' lang='grc' dir='ltr'>οἰκήσουσιν.</span> 
     </span>
    </p>
   </div>
   <div class='ocr_carea' id='block_1_91' title="bbox 2014 2591 3699 2665">
    <p class='ocr_par' dir='ltr' id='par_1_91' title="bbox 2014 2591 3699 2665">
     <span class='ocr_line' id='line_1_91' title="bbox 2014 2591 3699 2665; baseline 0.002 -20"><span class='ocrx_word' id='word_1_711' title='bbox 2014 2593 2089 2645; x_wconf 84' lang='grc' dir='ltr'>Οὐ</span> <span class='ocrx_word' id='word_1_712' title='bbox 2106 2591 2214 2661; x_wconf 80' lang='grc' dir='ltr'>γὰρ</span> <span class='ocrx_word' id='word_1_713' title='bbox 2228 2592 2390 2661; x_wconf 85' lang='grc' dir='ltr'>ήμεῖς</span> <span class='ocrx_word' id='word_1_714' title='bbox 2403 2592 2584 2662; x_wconf 91' lang='grc' dir='ltr'>μόνον,</span> <span class='ocrx_word' id='word_1_715' title='bbox 2601 2591 2738 2646; x_wconf 88' lang='grc' dir='ltr'>ἀλλά</span> <span class='ocrx_word' id='word_1_716' title='bbox 2754 2593 2848 2645; x_wconf 80' lang='grc' dir='ltr'>καὶ</span> <span class='ocrx_word' id='word_1_717' title='bbox 2867 2594 2915 2645; x_wconf 87' lang='grc' dir='ltr'>οί</span> <span class='ocrx_word' id='word_1_718' title='bbox 2934 2593 3051 2663; x_wconf 87' lang='grc' dir='ltr'>μεθ’</span> <span class='ocrx_word' id='word_1_719' title='bbox 3069 2596 3242 2664; x_wconf 78' lang='grc' dir='ltr'>ἡμᾶς,</span> <span class='ocrx_word' id='word_1_720' title='bbox 3263 2596 3355 2647; x_wconf 77' lang='grc' dir='ltr'>καὶ</span> <span class='ocrx_word' id='word_1_721' title='bbox 3365 2596 3414 2648; x_wconf 86' lang='grc' dir='ltr'>οί</span> <span class='ocrx_word' id='word_1_722' title='bbox 3431 2595 3548 2665; x_wconf 89' lang='grc' dir='ltr'>μετ’</span> <span class='ocrx_word' id='word_1_723' title='bbox 3563 2597 3699 2649; x_wconf 75' lang='grc' dir='ltr'>ἐκείο</span> 
     </span>
    </p>
   </div>
   <div class='ocr_carea' id='block_1_92' title="bbox 2014 2677 3700 2752">
    <p class='ocr_par' dir='ltr' id='par_1_92' title="bbox 2014 2677 3700 2752">
     <span class='ocr_line' id='line_1_92' title="bbox 2014 2677 3700 2752; baseline 0.004 -21"><span class='ocrx_word' id='word_1_724' title='bbox 2014 2694 2139 2741; x_wconf 90' lang='grc' dir='ltr'>νους</span> <span class='ocrx_word' id='word_1_725' title='bbox 2173 2677 2411 2741; x_wconf 72' lang='grc' dir='ltr'>ἅπαντες</span> <span class='ocrx_word' id='word_1_726' title='bbox 2426 2678 2603 2732; x_wconf 89' lang='grc' dir='ltr'>ταῦτα</span> <span class='ocrx_word' id='word_1_727' title='bbox 2635 2679 2980 2732; x_wconf 77' lang='grc' dir='ltr'>ἀκούσονται’</span> <span class='ocrx_word' id='word_1_728' title='bbox 3007 2680 3102 2734; x_wconf 87' lang='grc' dir='ltr'>καί</span> <span class='ocrx_word' id='word_1_729' title='bbox 3141 2680 3393 2752; x_wconf 88' lang='grc' dir='ltr'>καθάπερ</span> <span class='ocrx_word' id='word_1_730' title='bbox 3413 2679 3470 2737; x_wconf 81' lang='grc' dir='ltr'>εὖ</span> <span class='ocrx_word' id='word_1_731' title='bbox 3504 2683 3700 2737; x_wconf 82' lang='grc' dir='ltr'>παθόν-</span> 
     </span>
    </p>
   </div>
   <div class='ocr_carea' id='block_1_93' title="bbox 2013 2764 3699 2841">
    <p class='ocr_par' dir='ltr' id='par_1_93' title="bbox 2013 2764 3699 2841">
     <span class='ocr_line' id='line_1_93' title="bbox 2013 2764 3699 2841; baseline 0.004 -24"><span class='ocrx_word' id='word_1_732' title='bbox 2013 2783 2107 2829; x_wconf 86' lang='grc' dir='ltr'>τες</span> <span class='ocrx_word' id='word_1_733' title='bbox 2131 2766 2307 2830; x_wconf 73' lang='grc' dir='ltr'>αὐτοὶ,</span> <span class='ocrx_word' id='word_1_734' title='bbox 2350 2764 2493 2819; x_wconf 75' lang='grc' dir='ltr'>οὑτω</span> <span class='ocrx_word' id='word_1_735' title='bbox 2522 2783 2581 2819; x_wconf 90' lang='grc' dir='ltr'>σε</span> <span class='ocrx_word' id='word_1_736' title='bbox 2615 2766 2987 2837; x_wconf 87' lang='grc' dir='ltr'>θαυμάσονται</span> <span class='ocrx_word' id='word_1_737' title='bbox 3037 2769 3132 2822; x_wconf 76' lang='grc' dir='ltr'>καὶ</span> <span class='ocrx_word' id='word_1_738' title='bbox 3157 2769 3465 2841; x_wconf 85' lang='grc' dir='ltr'>φιλήσουσι.</span> <span class='ocrx_word' id='word_1_739' title='bbox 3490 2772 3599 2824; x_wconf 98' lang='lat' dir='ltr'>Kal</span> <span class='ocrx_word' id='word_1_740' title='bbox 3617 2772 3699 2825; x_wconf 75' lang='grc' dir='ltr'>ὅτι</span> 
     </span>
    </p>
   </div>
   <div class='ocr_carea' id='block_1_94' title="bbox 2013 2852 3700 2930">
    <p class='ocr_par' dir='ltr' id='par_1_94' title="bbox 2013 2852 3700 2930">
     <span class='ocr_line' id='line_1_94' title="bbox 2013 2852 3700 2930; baseline 0.002 -24"><span class='ocrx_word' id='word_1_741' title='bbox 2013 2852 2189 2906; x_wconf 86' lang='grc' dir='ltr'>ταῦτα</span> <span class='ocrx_word' id='word_1_742' title='bbox 2215 2852 2276 2905; x_wconf 92' lang='grc' dir='ltr'>οὐ</span> <span class='ocrx_word' id='word_1_743' title='bbox 2308 2852 2621 2907; x_wconf 88' lang='grc' dir='ltr'>κολακεύων</span> <span class='ocrx_word' id='word_1_744' title='bbox 2644 2853 2805 2921; x_wconf 88' lang='grc' dir='ltr'>λέγω,</span> <span class='ocrx_word' id='word_1_745' title='bbox 2829 2854 2945 2907; x_wconf 83' lang='grc' dir='ltr'>ἀλλ’</span> <span class='ocrx_word' id='word_1_746' title='bbox 2960 2852 3134 2918; x_wconf 79' lang='grc' dir='ltr'>οὕτως</span> <span class='ocrx_word' id='word_1_747' title='bbox 3150 2856 3303 2909; x_wconf 81' lang='grc' dir='ltr'>ἔσται</span> <span class='ocrx_word' id='word_1_748' title='bbox 3332 2856 3567 2920; x_wconf 84' lang='grc' dir='ltr'>πάντως,</span> <span class='ocrx_word' id='word_1_749' title='bbox 3587 2858 3700 2930; x_wconf 87' lang='grc' dir='ltr'>ἐρῶ</span> 
     </span>
    </p>
   </div>
   <div class='ocr_carea' id='block_1_95' title="bbox 2016 2937 3699 3013">
    <p class='ocr_par' dir='ltr' id='par_1_95' title="bbox 2016 2937 3699 3013">
     <span class='ocr_line' id='line_1_95' title="bbox 2016 2937 3699 3013; baseline 0.005 -25"><span class='ocrx_word' id='word_1_750' title='bbox 2016 2953 2099 2989; x_wconf 92' lang='grc' dir='ltr'>σοι</span> <span class='ocrx_word' id='word_1_751' title='bbox 2134 2937 2362 2990; x_wconf 85' lang='grc' dir='ltr'>παλαιόν</span> <span class='ocrx_word' id='word_1_752' title='bbox 2384 2954 2506 2991; x_wconf 90' lang='grc' dir='ltr'>τινα</span> <span class='ocrx_word' id='word_1_753' title='bbox 2549 2937 2728 3007; x_wconf 90' lang='grc' dir='ltr'>λόγον,</span> <span class='ocrx_word' id='word_1_754' title='bbox 2760 2939 2848 2993; x_wconf 81' lang='grc' dir='ltr'>ἵνα</span> <span class='ocrx_word' id='word_1_755' title='bbox 2883 2940 3083 3013; x_wconf 88' lang='grc' dir='ltr'>μάθῃς,</span> <span class='ocrx_word' id='word_1_756' title='bbox 3119 2940 3204 2994; x_wconf 85' lang='grc' dir='ltr'>ὅτι</span> <span class='ocrx_word' id='word_1_757' title='bbox 3236 2941 3336 3011; x_wconf 85' lang='grc' dir='ltr'>οὐχ</span> <span class='ocrx_word' id='word_1_758' title='bbox 3359 2940 3505 2994; x_wconf 75' lang='grc' dir='ltr'>οὕτω</span> <span class='ocrx_word' id='word_1_759' title='bbox 3537 2959 3699 3013; x_wconf 82' lang='grc' dir='ltr'>στρα-</span> 
     </span>
    </p>
   </div>
   <div class='ocr_carea' id='block_1_96' title="bbox 2012 3024 3699 3100">
    <p class='ocr_par' dir='ltr' id='par_1_96' title="bbox 2012 3024 3699 3100">
     <span class='ocr_line' id='line_1_96' title="bbox 2012 3024 3699 3100; baseline 0.003 -22"><span class='ocrx_word' id='word_1_760' title='bbox 2012 3024 2219 3078; x_wconf 87' lang='grc' dir='ltr'>τόπεδα</span> <span class='ocrx_word' id='word_1_761' title='bbox 2245 3025 2340 3077; x_wconf 75' lang='grc' dir='ltr'>καὶ</span> <span class='ocrx_word' id='word_1_762' title='bbox 2365 3025 2506 3079; x_wconf 88' lang='grc' dir='ltr'>ὅπλα</span> <span class='ocrx_word' id='word_1_763' title='bbox 2530 3026 2626 3078; x_wconf 80' lang='grc' dir='ltr'>καὶ</span> <span class='ocrx_word' id='word_1_764' title='bbox 2664 3027 2924 3097; x_wconf 90' lang='grc' dir='ltr'>χρήματα</span> <span class='ocrx_word' id='word_1_765' title='bbox 2959 3028 3054 3081; x_wconf 72' lang='grc' dir='ltr'>καὶ</span> <span class='ocrx_word' id='word_1_766' title='bbox 3077 3028 3334 3097; x_wconf 89' lang='grc' dir='ltr'>ὑπηκόων</span> <span class='ocrx_word' id='word_1_767' title='bbox 3364 3027 3568 3100; x_wconf 87' lang='grc' dir='ltr'>πλῆθος</span> <span class='ocrx_word' id='word_1_768' title='bbox 3605 3030 3699 3084; x_wconf 73' lang='grc' dir='ltr'>καὶ</span> 
     </span>
    </p>
   </div>
   <div class='ocr_carea' id='block_1_97' title="bbox 2012 3111 3698 3187">
    <p class='ocr_par' dir='ltr' id='par_1_97' title="bbox 2012 3111 3698 3187">
     <span class='ocr_line' id='line_1_97' title="bbox 2012 3111 3698 3187; baseline 0.002 -22"><span class='ocrx_word' id='word_1_769' title='bbox 2012 3112 2083 3165; x_wconf 82' lang='grc' dir='ltr'>τὰ</span> <span class='ocrx_word' id='word_1_770' title='bbox 2106 3111 2241 3166; x_wconf 77' lang='grc' dir='ltr'>ἄλλα</span> <span class='ocrx_word' id='word_1_771' title='bbox 2277 3111 2342 3180; x_wconf 83' lang='grc' dir='ltr'>δὴ</span> <span class='ocrx_word' id='word_1_772' title='bbox 2375 3112 2445 3166; x_wconf 85' lang='grc' dir='ltr'>τά</span> <span class='ocrx_word' id='word_1_773' title='bbox 2475 3113 2702 3166; x_wconf 88' lang='grc' dir='ltr'>τοιαῦτα</span> <span class='ocrx_word' id='word_1_774' title='bbox 2733 3113 3021 3185; x_wconf 84' lang='grc' dir='ltr'>λαμπροὺς</span> <span class='ocrx_word' id='word_1_775' title='bbox 3062 3117 3235 3167; x_wconf 88' lang='grc' dir='ltr'>ποιεῖν</span> <span class='ocrx_word' id='word_1_776' title='bbox 3278 3115 3407 3179; x_wconf 83' lang='grc' dir='ltr'>τοὺς</span> <span class='ocrx_word' id='word_1_777' title='bbox 3460 3115 3698 3187; x_wconf 84' lang='grc' dir='ltr'>βασιλεῖς</span> 
     </span>
    </p>
   </div>
   <div class='ocr_carea' id='block_1_98' title="bbox 2014 3198 3292 3274">
    <p class='ocr_par' dir='ltr' id='par_1_98' title="bbox 2014 3198 3292 3274">
     <span class='ocr_line' id='line_1_98' title="bbox 2014 3198 3292 3274; baseline 0.003 -22"><span class='ocrx_word' id='word_1_778' title='bbox 2014 3199 2224 3263; x_wconf 72' lang='grc' dir='ltr'>εἴωθεν,</span> <span class='ocrx_word' id='word_1_779' title='bbox 2251 3198 2328 3263; x_wconf 86' lang='grc' dir='ltr'>ὡς</span> <span class='ocrx_word' id='word_1_780' title='bbox 2353 3200 2644 3271; x_wconf 89' lang='grc' dir='ltr'>φιλοσοφία</span> <span class='ocrx_word' id='word_1_781' title='bbox 2670 3200 2852 3271; x_wconf 79' lang='grc' dir='ltr'>ψυχῆς</span> <span class='ocrx_word' id='word_1_782' title='bbox 2885 3203 2979 3255; x_wconf 78' lang='grc' dir='ltr'>καὶ</span> <span class='ocrx_word' id='word_1_783' title='bbox 2998 3203 3292 3274; x_wconf 78' lang='grc' dir='ltr'>ἡμερότης.</span> 
     </span>
    </p>
   </div>
   <div class='ocr_carea' id='block_1_99' title="bbox 2096 3284 3697 3359">
    <p class='ocr_par' dir='ltr' id='par_1_99' title="bbox 2096 3284 3697 3359">
     <span class='ocr_line' id='line_1_99' title="bbox 2096 3284 3697 3359; baseline 0.004 -22"><span class='ocrx_word' id='word_1_784' title='bbox 2096 3284 2154 3337; x_wconf 87' lang='lat'><strong>&#39;0</strong></span> <span class='ocrx_word' id='word_1_785' title='bbox 2180 3284 2450 3356; x_wconf 87' lang='grc' dir='ltr'>μακάριος</span> <span class='ocrx_word' id='word_1_786' title='bbox 2480 3285 2699 3354; x_wconf 88' lang='grc' dir='ltr'>λέγεται</span> <span class='ocrx_word' id='word_1_787' title='bbox 2720 3288 3147 3351; x_wconf 84' lang='grc' dir='ltr'>Κωνσταντῖνος,</span> <span class='ocrx_word' id='word_1_788' title='bbox 3174 3289 3273 3359; x_wconf 88' lang='grc' dir='ltr'>τῆς</span> <span class='ocrx_word' id='word_1_789' title='bbox 3308 3290 3515 3353; x_wconf 87' lang='grc' dir='ltr'>εἰκόνος</span> <span class='ocrx_word' id='word_1_790' title='bbox 3531 3287 3697 3343; x_wconf 85' lang='grc' dir='ltr'>αὐτοῦ</span> 
     </span>
    </p>
   </div>
   <div class='ocr_carea' id='block_1_100' title="bbox 2018 3369 3698 3445">
    <p class='ocr_par' dir='ltr' id='par_1_100' title="bbox 2018 3369 3698 3445">
     <span class='ocr_line' id='line_1_100' title="bbox 2018 3369 3698 3445; baseline 0.004 -23"><span class='ocrx_word' id='word_1_791' title='bbox 2018 3369 2484 3441; x_wconf 87' lang='grc' dir='ltr'>καταλευσθείσης</span> <span class='ocrx_word' id='word_1_792' title='bbox 2512 3372 2666 3439; x_wconf 87' lang='grc' dir='ltr'>ποτέ,</span> <span class='ocrx_word' id='word_1_793' title='bbox 2715 3371 3128 3445; x_wconf 80' lang='grc' dir='ltr'>παροξυνόντων</span> <span class='ocrx_word' id='word_1_794' title='bbox 3174 3374 3336 3428; x_wconf 90' lang='grc' dir='ltr'>αὐτὸν</span> <span class='ocrx_word' id='word_1_795' title='bbox 3372 3375 3582 3429; x_wconf 86' lang='grc' dir='ltr'>πολλῶν</span> <span class='ocrx_word' id='word_1_796' title='bbox 3605 3378 3698 3430; x_wconf 83' lang='grc' dir='ltr'>ἐπ-</span> 
     </span>
    </p>
   </div>
   <div class='ocr_carea' id='block_1_101' title="bbox 2016 3455 3697 3533">
    <p class='ocr_par' dir='ltr' id='par_1_101' title="bbox 2016 3455 3697 3533">
     <span class='ocr_line' id='line_1_101' title="bbox 2016 3455 3697 3533; baseline 0.005 -25"><span class='ocrx_word' id='word_1_797' title='bbox 2016 3455 2252 3524; x_wconf 80' lang='grc' dir='ltr'>εξελθείν</span> <span class='ocrx_word' id='word_1_798' title='bbox 2276 3460 2389 3521; x_wconf 88' lang='grc' dir='ltr'>τοῖς</span> <span class='ocrx_word' id='word_1_799' title='bbox 2417 3458 2670 3530; x_wconf 89' lang='grc' dir='ltr'>ὑϐρικόσι</span> <span class='ocrx_word' id='word_1_800' title='bbox 2699 3461 2795 3513; x_wconf 68' lang='grc' dir='ltr'>καὶ</span> <span class='ocrx_word' id='word_1_801' title='bbox 2839 3460 2996 3532; x_wconf 84' lang='grc' dir='ltr'>δίκην</span> <span class='ocrx_word' id='word_1_802' title='bbox 3026 3462 3350 3532; x_wconf 82' lang='grc' dir='ltr'>ἀπαιτῆσαι,</span> <span class='ocrx_word' id='word_1_803' title='bbox 3387 3465 3483 3516; x_wconf 72' lang='grc' dir='ltr'>καὶ</span> <span class='ocrx_word' id='word_1_804' title='bbox 3512 3464 3697 3533; x_wconf 74' lang='grc' dir='ltr'>λεγόνο</span> 
     </span>
    </p>
   </div>
   <div class='ocr_carea' id='block_1_102' title="bbox 2014 3544 3697 3620">
    <p class='ocr_par' dir='ltr' id='par_1_102' title="bbox 2014 3544 3697 3620">
     <span class='ocr_line' id='line_1_102' title="bbox 2014 3544 3697 3620; baseline 0.007 -24"><span class='ocrx_word' id='word_1_805' title='bbox 2014 3561 2144 3603; x_wconf 81' lang='grc' dir='ltr'>των.</span> <span class='ocrx_word' id='word_1_806' title='bbox 2173 3544 2255 3597; x_wconf 88' lang='grc' dir='ltr'>ὃτι</span> <span class='ocrx_word' id='word_1_807' title='bbox 2285 3546 2467 3599; x_wconf 83' lang='grc' dir='ltr'>πᾶσαν</span> <span class='ocrx_word' id='word_1_808' title='bbox 2497 3546 2663 3600; x_wconf 90' lang='grc' dir='ltr'>αὐτοῦ</span> <span class='ocrx_word' id='word_1_809' title='bbox 2685 3546 2785 3619; x_wconf 81' lang='grc' dir='ltr'>τὴν</span> <span class='ocrx_word' id='word_1_810' title='bbox 2808 3548 2929 3618; x_wconf 72' lang='grc' dir='ltr'>ὄψιν</span> <span class='ocrx_word' id='word_1_811' title='bbox 2957 3549 3201 3620; x_wconf 76' lang='grc' dir='ltr'>ἔτρωσαν</span> <span class='ocrx_word' id='word_1_812' title='bbox 3233 3555 3359 3614; x_wconf 70' lang='grc' dir='ltr'>τοὺς</span> <span class='ocrx_word' id='word_1_813' title='bbox 3397 3552 3577 3617; x_wconf 91' lang='grc' dir='ltr'>λίθους</span> <span class='ocrx_word' id='word_1_814' title='bbox 3611 3553 3697 3619; x_wconf 80' lang='grc' dir='ltr'>ἐξ-</span> 
     </span>
    </p>
   </div>
   <div class='ocr_carea' id='block_1_103' title="bbox 2016 3630 3697 3707">
    <p class='ocr_par' dir='ltr' id='par_1_103' title="bbox 2016 3630 3697 3707">
     <span class='ocr_line' id='line_1_103' title="bbox 2016 3630 3697 3707; baseline 0.005 -23"><span class='ocrx_word' id='word_1_815' title='bbox 2016 3630 2411 3695; x_wconf 78' lang='grc' dir='ltr'>ακοντίζοντες,</span> <span class='ocrx_word' id='word_1_816' title='bbox 2469 3632 2798 3704; x_wconf 52' lang='grc' dir='ltr'>ψηλαφήσας</span> <span class='ocrx_word' id='word_1_817' title='bbox 2848 3636 2911 3703; x_wconf 80' lang='grc' dir='ltr'>τῇ</span> <span class='ocrx_word' id='word_1_818' title='bbox 2963 3635 3110 3705; x_wconf 81' lang='grc' dir='ltr'>χειρί</span> <span class='ocrx_word' id='word_1_819' title='bbox 3158 3635 3219 3688; x_wconf 88' lang='grc' dir='ltr'>τὸ</span> <span class='ocrx_word' id='word_1_820' title='bbox 3252 3638 3568 3707; x_wconf 87' lang='grc' dir='ltr'>πρόσωπον,</span> <span class='ocrx_word' id='word_1_821' title='bbox 3604 3642 3697 3693; x_wconf 71' lang='grc' dir='ltr'>καὶ</span> 
     </span>
    </p>
   </div>
   <div class='ocr_carea' id='block_1_104' title="bbox 2015 3718 3693 3800">
    <p class='ocr_par' dir='ltr' id='par_1_104' title="bbox 2015 3718 3693 3800">
     <span class='ocr_line' id='line_1_104' title="bbox 2015 3718 3693 3800; baseline 0.008 -31"><span class='ocrx_word' id='word_1_822' title='bbox 2015 3718 2203 3789; x_wconf 79' lang='grc' dir='ltr'>ἡρέμα</span> <span class='ocrx_word' id='word_1_823' title='bbox 2250 3719 2561 3790; x_wconf 88' lang='grc' dir='ltr'>μειδιάσας,</span> <span class='ocrx_word' id='word_1_824' title='bbox 2596 3718 2769 3787; x_wconf 78' lang='grc' dir='ltr'>εἶπεν,</span> <span class='ocrx_word' id='word_1_825' title='bbox 2807 3724 2889 3776; x_wconf 85' lang='grc' dir='ltr'>ὅτι</span> <span class='ocrx_word' id='word_1_826' title='bbox 2934 3724 3189 3795; x_wconf 87' lang='grc' dir='ltr'>Οὐδαμοῦ</span> <span class='ocrx_word' id='word_1_827' title='bbox 3220 3725 3435 3800; x_wconf 79' lang='grc' dir='ltr'>πληγὴν</span> <span class='ocrx_word' id='word_1_828' title='bbox 3462 3729 3555 3781; x_wconf 77' lang='grc' dir='ltr'>ἐπὶ</span> <span class='ocrx_word' id='word_1_829' title='bbox 3600 3731 3693 3783; x_wconf 90' lang='grc' dir='ltr'>τοῦ</span> 
     </span>
    </p>
   </div>
   <div class='ocr_carea' id='block_1_105' title="bbox 2020 3804 3695 3886">
    <p class='ocr_par' dir='ltr' id='par_1_105' title="bbox 2020 3804 3695 3886">
     <span class='ocr_line' id='line_1_105' title="bbox 2020 3804 3695 3886; baseline 0.008 -31"><span class='ocrx_word' id='word_1_830' title='bbox 2020 3804 2272 3875; x_wconf 81' lang='grc' dir='ltr'>μετώπου</span> <span class='ocrx_word' id='word_1_831' title='bbox 2304 3806 2682 3878; x_wconf 86' lang='grc' dir='ltr'>γεγενημένην</span> <span class='ocrx_word' id='word_1_832' title='bbox 2721 3809 2856 3881; x_wconf 85' lang='grc' dir='ltr'>ὁρῶ,</span> <span class='ocrx_word' id='word_1_833' title='bbox 2893 3810 3008 3863; x_wconf 88' lang='grc' dir='ltr'>ἀλλ’</span> <span class='ocrx_word' id='word_1_834' title='bbox 3067 3810 3224 3883; x_wconf 75' lang='grc' dir='ltr'>ὑγιὴς</span> <span class='ocrx_word' id='word_1_835' title='bbox 3259 3813 3358 3883; x_wconf 90' lang='grc' dir='ltr'>μὲν</span> <span class='ocrx_word' id='word_1_836' title='bbox 3389 3815 3423 3884; x_wconf 84' lang='grc' dir='ltr'>ή</span> <span class='ocrx_word' id='word_1_837' title='bbox 3460 3816 3695 3886; x_wconf 80' lang='grc' dir='ltr'>κεφαλὴ,</span> 
     </span>
    </p>
   </div>
   <div class='ocr_carea' id='block_1_106' title="bbox 2018 3893 3697 3970">
    <p class='ocr_par' dir='ltr' id='par_1_106' title="bbox 2018 3893 3697 3970">
     <span class='ocr_line' id='line_1_106' title="bbox 2018 3893 3697 3970; baseline 0.008 -26"><span class='ocrx_word' id='word_1_838' title='bbox 2018 3893 2176 3963; x_wconf 78' lang='grc' dir='ltr'>ὑγιὴς</span> <span class='ocrx_word' id='word_1_839' title='bbox 2197 3894 2255 3947; x_wconf 80' lang='grc' dir='ltr'>δέ</span> <span class='ocrx_word' id='word_1_840' title='bbox 2278 3898 2311 3966; x_wconf 85' lang='grc' dir='ltr'>ή</span> <span class='ocrx_word' id='word_1_841' title='bbox 2335 3894 2457 3964; x_wconf 71' lang='grc' dir='ltr'>δψις</span> <span class='ocrx_word' id='word_1_842' title='bbox 2488 3896 2696 3962; x_wconf 77' lang='grc' dir='ltr'>ἅπασα,</span> <span class='ocrx_word' id='word_1_843' title='bbox 2716 3899 3004 3962; x_wconf 88' lang='grc' dir='ltr'>κάκείνους</span> <span class='ocrx_word' id='word_1_844' title='bbox 3033 3898 3464 3970; x_wconf 87' lang='grc' dir='ltr'>ἐρυθριάσαντας</span> <span class='ocrx_word' id='word_1_845' title='bbox 3488 3903 3583 3955; x_wconf 82' lang='grc' dir='ltr'>καὶ</span> <span class='ocrx_word' id='word_1_846' title='bbox 3612 3906 3697 3956; x_wconf 74' lang='lat' dir='ltr'><strong><em>al-</em></strong></span> 
     </span>
    </p>
   </div>
   <div class='ocr_carea' id='block_1_107' title="bbox 2021 3980 3692 4060">
    <p class='ocr_par' dir='ltr' id='par_1_107' title="bbox 2021 3980 3692 4060">
     <span class='ocr_line' id='line_1_107' title="bbox 2021 3980 3692 4060; baseline 0.008 -29"><span class='ocrx_word' id='word_1_847' title='bbox 2021 3980 2353 4051; x_wconf 82' lang='grc' dir='ltr'>σχυνθέντας</span> <span class='ocrx_word' id='word_1_848' title='bbox 2386 3982 2690 4055; x_wconf 89' lang='grc' dir='ltr'>ἀποστῆναι</span> <span class='ocrx_word' id='word_1_849' title='bbox 2744 3984 2847 4055; x_wconf 88' lang='grc' dir='ltr'>τῆς</span> <span class='ocrx_word' id='word_1_850' title='bbox 2890 3986 3074 4039; x_wconf 84' lang='grc' dir='ltr'>ἀδίκου</span> <span class='ocrx_word' id='word_1_851' title='bbox 3120 3986 3326 4057; x_wconf 85' lang='grc' dir='ltr'>ταύτης</span> <span class='ocrx_word' id='word_1_852' title='bbox 3360 3990 3692 4060; x_wconf 79' lang='grc' dir='ltr'>συμϐουλῆς.</span> 
     </span>
    </p>
   </div>
   <div class='ocr_carea' id='block_1_108' title="bbox 2020 4066 3697 4143">
    <p class='ocr_par' dir='ltr' id='par_1_108' title="bbox 2020 4066 3697 4143">
     <span class='ocr_line' id='line_1_108' title="bbox 2020 4066 3697 4143; baseline 0.007 -24"><span class='ocrx_word' id='word_1_853' title='bbox 2020 4068 2130 4119; x_wconf 90' lang='lat' dir='ltr'>Kal</span> <span class='ocrx_word' id='word_1_854' title='bbox 2164 4066 2225 4120; x_wconf 83' lang='lat'><strong>16</strong></span> <span class='ocrx_word' id='word_1_855' title='bbox 2254 4070 2405 4137; x_wconf 80' lang='grc' dir='ltr'>ῥῆμα</span> <span class='ocrx_word' id='word_1_856' title='bbox 2434 4070 2593 4123; x_wconf 86' lang='grc' dir='ltr'>τοῦτο</span> <span class='ocrx_word' id='word_1_857' title='bbox 2628 4070 2790 4142; x_wconf 85' lang='grc' dir='ltr'>μέχρι</span> <span class='ocrx_word' id='word_1_858' title='bbox 2825 4071 2919 4124; x_wconf 91' lang='grc' dir='ltr'>νῦν</span> <span class='ocrx_word' id='word_1_859' title='bbox 2947 4072 3164 4143; x_wconf 75' lang='grc' dir='ltr'>ᾅδουσιν</span> <span class='ocrx_word' id='word_1_860' title='bbox 3196 4074 3454 4139; x_wconf 71' lang='grc' dir='ltr'>ἅπαντες,</span> <span class='ocrx_word' id='word_1_861' title='bbox 3476 4077 3569 4129; x_wconf 87' lang='grc' dir='ltr'>καί</span> <span class='ocrx_word' id='word_1_862' title='bbox 3607 4095 3697 4130; x_wconf 86' lang='grc' dir='ltr'>το-</span> 
     </span>
    </p>
   </div>
   <div class='ocr_carea' id='block_1_109' title="bbox 2020 4152 3695 4233">
    <p class='ocr_par' dir='ltr' id='par_1_109' title="bbox 2020 4152 3695 4233">
     <span class='ocr_line' id='line_1_109' title="bbox 2020 4152 3695 4233; baseline 0.008 -29"><span class='ocrx_word' id='word_1_863' title='bbox 2020 4153 2207 4217; x_wconf 88' lang='grc' dir='ltr'>σοῦτος</span> <span class='ocrx_word' id='word_1_864' title='bbox 2230 4152 2421 4224; x_wconf 88' lang='grc' dir='ltr'>χρόνος</span> <span class='ocrx_word' id='word_1_865' title='bbox 2445 4156 2546 4208; x_wconf 91' lang='grc' dir='ltr'>οὐκ</span> <span class='ocrx_word' id='word_1_866' title='bbox 2568 4157 2864 4226; x_wconf 83' lang='grc' dir='ltr'>ἐμάρανεν,</span> <span class='ocrx_word' id='word_1_867' title='bbox 2894 4159 2993 4211; x_wconf 91' lang='grc' dir='ltr'>οὐκ</span> <span class='ocrx_word' id='word_1_868' title='bbox 3025 4158 3216 4214; x_wconf 79' lang='grc' dir='ltr'>ἔσϐεσε</span> <span class='ocrx_word' id='word_1_869' title='bbox 3248 4161 3349 4231; x_wconf 88' lang='grc' dir='ltr'>τῆς</span> <span class='ocrx_word' id='word_1_870' title='bbox 3375 4163 3695 4233; x_wconf 87' lang='grc' dir='ltr'>φιλοσοφίας</span> 
     </span>
    </p>
   </div>
   <div class='ocr_carea' id='block_1_110' title="bbox 2016 4240 3695 4320">
    <p class='ocr_par' dir='ltr' id='par_1_110' title="bbox 2016 4240 3695 4320">
     <span class='ocr_line' id='line_1_110' title="bbox 2016 4240 3695 4320; baseline 0.007 -28"><span class='ocrx_word' id='word_1_871' title='bbox 2016 4241 2221 4311; x_wconf 85' lang='grc' dir='ltr'>ταύτης</span> <span class='ocrx_word' id='word_1_872' title='bbox 2251 4240 2351 4312; x_wconf 73' lang='grc' dir='ltr'>τὴν</span> <span class='ocrx_word' id='word_1_873' title='bbox 2380 4243 2622 4314; x_wconf 90' lang='grc' dir='ltr'>μνήμην.</span> <span class='ocrx_word' id='word_1_874' title='bbox 2656 4244 2846 4298; x_wconf 89' lang='grc' dir='ltr'>Πόσων</span> <span class='ocrx_word' id='word_1_875' title='bbox 2868 4245 2968 4299; x_wconf 91' lang='grc' dir='ltr'>οὐκ</span> <span class='ocrx_word' id='word_1_876' title='bbox 3004 4246 3070 4300; x_wconf 86' lang='grc' dir='ltr'>ἂν</span> <span class='ocrx_word' id='word_1_877' title='bbox 3101 4248 3184 4318; x_wconf 90' lang='grc' dir='ltr'>εῖη</span> <span class='ocrx_word' id='word_1_878' title='bbox 3224 4248 3383 4302; x_wconf 90' lang='grc' dir='ltr'>τοῦτο</span> <span class='ocrx_word' id='word_1_879' title='bbox 3418 4252 3695 4320; x_wconf 89' lang='grc' dir='ltr'>τροπαίων</span> 
     </span>
    </p>
   </div>
   <div class='ocr_carea' id='block_1_111' title="bbox 2017 4327 3692 4402">
    <p class='ocr_par' dir='ltr' id='par_1_111' title="bbox 2017 4327 3692 4402">
     <span class='ocr_line' id='line_1_111' title="bbox 2017 4327 3692 4402; baseline 0.008 -24"><span class='ocrx_word' id='word_1_880' title='bbox 2017 4327 2423 4399; x_wconf 88' lang='grc' dir='ltr'>λαμπρότερον;</span> <span class='ocrx_word' id='word_1_881' title='bbox 2452 4329 2662 4393; x_wconf 83' lang='grc' dir='ltr'>Πολλὰς</span> <span class='ocrx_word' id='word_1_882' title='bbox 2696 4332 2791 4385; x_wconf 65' lang='grc' dir='ltr'>καλ⁸</span> <span class='ocrx_word' id='word_1_883' title='bbox 2820 4332 3061 4402; x_wconf 86' lang='grc' dir='ltr'>μεγάλας</span> <span class='ocrx_word' id='word_1_884' title='bbox 3088 4333 3117 4373; x_wconf 73' lang='grc' dir='ltr'>δ</span> <span class='ocrx_word' id='word_1_885' title='bbox 3156 4334 3340 4399; x_wconf 89' lang='grc' dir='ltr'>πόλεις</span> <span class='ocrx_word' id='word_1_886' title='bbox 3368 4337 3575 4401; x_wconf 89' lang='grc' dir='ltr'>ἐκεῖνος</span> <span class='ocrx_word' id='word_1_887' title='bbox 3596 4341 3692 4393; x_wconf 87' lang='grc' dir='ltr'>άν-</span> 
     </span>
    </p>
   </div>
   <div class='ocr_carea' id='block_1_112' title="bbox 2018 4413 3693 4491">
    <p class='ocr_par' dir='ltr' id='par_1_112' title="bbox 2018 4413 3693 4491">
     <span class='ocr_line' id='line_1_112' title="bbox 2018 4413 3693 4491; baseline 0.007 -26"><span class='ocrx_word' id='word_1_888' title='bbox 2018 4413 2235 4484; x_wconf 88' lang='grc' dir='ltr'>έστησε,</span> <span class='ocrx_word' id='word_1_889' title='bbox 2268 4416 2363 4467; x_wconf 77' lang='grc' dir='ltr'>καὶ</span> <span class='ocrx_word' id='word_1_890' title='bbox 2388 4415 2617 4481; x_wconf 83' lang='grc' dir='ltr'>πολλοὺς</span> <span class='ocrx_word' id='word_1_891' title='bbox 2664 4416 2974 4489; x_wconf 89' lang='grc' dir='ltr'>βαρϐάρους</span> <span class='ocrx_word' id='word_1_892' title='bbox 3006 4421 3278 4491; x_wconf 87' lang='grc' dir='ltr'>ἐνίκησεν,</span> <span class='ocrx_word' id='word_1_893' title='bbox 3322 4422 3438 4475; x_wconf 84' lang='grc' dir='ltr'>ἀλλ’</span> <span class='ocrx_word' id='word_1_894' title='bbox 3478 4424 3693 4489; x_wconf 89' lang='grc' dir='ltr'>οὐδενὸς</span> 
     </span>
    </p>
   </div>
   <div class='ocr_carea' id='block_1_113' title="bbox 2017 4499 3693 4581">
    <p class='ocr_par' dir='ltr' id='par_1_113' title="bbox 2017 4499 3693 4581">
     <span class='ocr_line' id='line_1_113' title="bbox 2017 4499 3693 4581; baseline 0.008 -30"><span class='ocrx_word' id='word_1_895' title='bbox 2017 4499 2242 4553; x_wconf 90' lang='grc' dir='ltr'>ἐκείνων</span> <span class='ocrx_word' id='word_1_896' title='bbox 2273 4502 2618 4572; x_wconf 76' lang='grc' dir='ltr'>μεμνήμεθαο</span> <span class='ocrx_word' id='word_1_897' title='bbox 2650 4503 2710 4556; x_wconf 88' lang='grc' dir='ltr'>τὸ</span> <span class='ocrx_word' id='word_1_898' title='bbox 2735 4504 2792 4557; x_wconf 86' lang='grc' dir='ltr'>δέ</span> <span class='ocrx_word' id='word_1_899' title='bbox 2821 4506 2972 4575; x_wconf 80' lang='grc' dir='ltr'>ῥῆμα</span> <span class='ocrx_word' id='word_1_900' title='bbox 2999 4506 3159 4559; x_wconf 90' lang='grc' dir='ltr'>τοῦτο</span> <span class='ocrx_word' id='word_1_901' title='bbox 3198 4506 3360 4577; x_wconf 88' lang='grc' dir='ltr'>μέχρι</span> <span class='ocrx_word' id='word_1_902' title='bbox 3392 4509 3495 4578; x_wconf 88' lang='grc' dir='ltr'>τῆς</span> <span class='ocrx_word' id='word_1_903' title='bbox 3525 4512 3693 4581; x_wconf 92' lang='grc' dir='ltr'>σήμε-</span> 
     </span>
    </p>
   </div>
   <div class='ocr_carea' id='block_1_114' title="bbox 2022 4586 3693 4665">
    <p class='ocr_par' dir='ltr' id='par_1_114' title="bbox 2022 4586 3693 4665">
     <span class='ocr_line' id='line_1_114' title="bbox 2022 4586 3693 4665; baseline 0.007 -27"><span class='ocrx_word' id='word_1_904' title='bbox 2022 4603 2113 4654; x_wconf 89' lang='grc' dir='ltr'>ρον</span> <span class='ocrx_word' id='word_1_905' title='bbox 2139 4586 2347 4657; x_wconf 80' lang='grc' dir='ltr'>ᾀδεται,</span> <span class='ocrx_word' id='word_1_906' title='bbox 2384 4590 2477 4642; x_wconf 83' lang='grc' dir='ltr'>καὶ</span> <span class='ocrx_word' id='word_1_907' title='bbox 2508 4592 2555 4642; x_wconf 89' lang='grc' dir='ltr'>οἰ</span> <span class='ocrx_word' id='word_1_908' title='bbox 2586 4590 2701 4660; x_wconf 88' lang='grc' dir='ltr'>μεθ’</span> <span class='ocrx_word' id='word_1_909' title='bbox 2743 4592 2775 4661; x_wconf 91' lang='grc' dir='ltr'>ή</span> <span class='ocrx_word' id='word_1_910' title='bbox 2787 4592 2894 4660; x_wconf 83' lang='grc' dir='ltr'>μᾶς</span> <span class='ocrx_word' id='word_1_911' title='bbox 2939 4592 3071 4645; x_wconf 89' lang='grc' dir='ltr'>αὐτὸ</span> <span class='ocrx_word' id='word_1_912' title='bbox 3100 4594 3195 4646; x_wconf 82' lang='grc' dir='ltr'>καί</span> <span class='ocrx_word' id='word_1_913' title='bbox 3213 4595 3263 4646; x_wconf 90' lang='grc' dir='ltr'>οί</span> <span class='ocrx_word' id='word_1_914' title='bbox 3301 4596 3420 4665; x_wconf 88' lang='grc' dir='ltr'>μετ’</span> <span class='ocrx_word' id='word_1_915' title='bbox 3450 4598 3693 4661; x_wconf 84' lang='grc' dir='ltr'>ἐκείνους</span> 
     </span>
    </p>
   </div>
   <div class='ocr_carea' id='block_1_115' title="bbox 2016 4674 3690 4756">
    <p class='ocr_par' dir='ltr' id='par_1_115' title="bbox 2016 4674 3690 4756">
     <span class='ocr_line' id='line_1_115' title="bbox 2016 4674 3690 4756; baseline 0.007 -29"><span class='ocrx_word' id='word_1_916' title='bbox 2016 4674 2345 4731; x_wconf 87' lang='grc' dir='ltr'>ἀκούσονται</span> <span class='ocrx_word' id='word_1_917' title='bbox 2374 4677 2592 4740; x_wconf 88' lang='grc' dir='ltr'>πάντες.</span> <span class='ocrx_word' id='word_1_918' title='bbox 2628 4678 2735 4730; x_wconf 80' lang='grc' dir='ltr'>Καὶ</span> <span class='ocrx_word' id='word_1_919' title='bbox 2759 4679 2817 4731; x_wconf 92' lang='grc' dir='ltr'>οὐ</span> <span class='ocrx_word' id='word_1_920' title='bbox 2842 4677 3002 4732; x_wconf 90' lang='grc' dir='ltr'>τοῦτο</span> <span class='ocrx_word' id='word_1_921' title='bbox 3038 4680 3200 4750; x_wconf 88' lang='grc' dir='ltr'>μόνον</span> <span class='ocrx_word' id='word_1_922' title='bbox 3231 4683 3349 4736; x_wconf 75' lang='grc' dir='ltr'>ἐστὶ</span> <span class='ocrx_word' id='word_1_923' title='bbox 3374 4684 3438 4737; x_wconf 88' lang='grc' dir='ltr'>τὸ</span> <span class='ocrx_word' id='word_1_924' title='bbox 3476 4684 3690 4756; x_wconf 85' lang='grc' dir='ltr'>θαυμα-</span> 
     </span>
    </p>
   </div>
   <div class='ocr_carea' id='block_1_116' title="bbox 2019 4761 3692 4837">
    <p class='ocr_par' dir='ltr' id='par_1_116' title="bbox 2019 4761 3692 4837">
     <span class='ocr_line' id='line_1_116' title="bbox 2019 4761 3692 4837; baseline 0.008 -23"><span class='ocrx_word' id='word_1_925' title='bbox 2019 4761 2164 4827; x_wconf 82' lang='grc' dir='ltr'>στὸν,</span> <span class='ocrx_word' id='word_1_926' title='bbox 2193 4763 2278 4816; x_wconf 83' lang='grc' dir='ltr'>ὃτι</span> <span class='ocrx_word' id='word_1_927' title='bbox 2304 4764 2644 4829; x_wconf 84' lang='grc' dir='ltr'>ἀκούσονται,</span> <span class='ocrx_word' id='word_1_928' title='bbox 2676 4764 2790 4817; x_wconf 82' lang='grc' dir='ltr'>ἀλλ’</span> <span class='ocrx_word' id='word_1_929' title='bbox 2825 4767 2904 4819; x_wconf 84' lang='grc' dir='ltr'>ὅτι</span> <span class='ocrx_word' id='word_1_930' title='bbox 2944 4767 3040 4819; x_wconf 73' lang='grc' dir='ltr'>καὶ</span> <span class='ocrx_word' id='word_1_931' title='bbox 3075 4769 3189 4837; x_wconf 90' lang='grc' dir='ltr'>μετ’</span> <span class='ocrx_word' id='word_1_932' title='bbox 3220 4770 3458 4824; x_wconf 89' lang='grc' dir='ltr'>ἐπαίνων</span> <span class='ocrx_word' id='word_1_933' title='bbox 3482 4773 3575 4825; x_wconf 78' lang='grc' dir='ltr'>καὶ</span> <span class='ocrx_word' id='word_1_934' title='bbox 3600 4776 3692 4828; x_wconf 87' lang='grc' dir='ltr'>εὐ-</span> 
     </span>
    </p>
   </div>
   <div class='ocr_carea' id='block_1_117' title="bbox 2016 4850 3687 4929">
    <p class='ocr_par' dir='ltr' id='par_1_117' title="bbox 2016 4850 3687 4929">
     <span class='ocr_line' id='line_1_117' title="bbox 2016 4850 3687 4929; baseline 0.007 -28"><span class='ocrx_word' id='word_1_935' title='bbox 2016 4850 2231 4921; x_wconf 87' lang='grc' dir='ltr'>φημίας</span> <span class='ocrx_word' id='word_1_936' title='bbox 2258 4850 2315 4903; x_wconf 83' lang='grc' dir='ltr'>οῖ</span> <span class='ocrx_word' id='word_1_937' title='bbox 2341 4867 2400 4903; x_wconf 89' lang='grc' dir='ltr'>τε</span> <span class='ocrx_word' id='word_1_938' title='bbox 2429 4850 2675 4918; x_wconf 84' lang='grc' dir='ltr'>λέγοντες</span> <span class='ocrx_word' id='word_1_939' title='bbox 2711 4851 2983 4921; x_wconf 88' lang='grc' dir='ltr'>λέγουσιν,</span> <span class='ocrx_word' id='word_1_940' title='bbox 3017 4856 3071 4907; x_wconf 87' lang='grc' dir='ltr'>οἴ</span> <span class='ocrx_word' id='word_1_941' title='bbox 3095 4872 3154 4908; x_wconf 89' lang='grc' dir='ltr'>τε</span> <span class='ocrx_word' id='word_1_942' title='bbox 3178 4857 3470 4922; x_wconf 84' lang='grc' dir='ltr'>ἀκούοντες</span> <span class='ocrx_word' id='word_1_943' title='bbox 3503 4859 3687 4929; x_wconf 87' lang='grc' dir='ltr'>δέχον-</span> 
     </span>
    </p>
   </div>
   <div class='ocr_carea' id='block_1_118' title="bbox 2014 4936 3691 5013">
    <p class='ocr_par' dir='ltr' id='par_1_118' title="bbox 2014 4936 3691 5013">
     <span class='ocr_line' id='line_1_118' title="bbox 2014 4936 3691 5013; baseline 0.007 -24"><span class='ocrx_word' id='word_1_944' title='bbox 2014 4937 2249 4991; x_wconf 79' lang='grc' dir='ltr'>ταιοκαί</span> <span class='ocrx_word' id='word_1_945' title='bbox 2297 4936 2396 4989; x_wconf 91' lang='grc' dir='ltr'>οὐκ</span> <span class='ocrx_word' id='word_1_946' title='bbox 2442 4936 2589 4991; x_wconf 85' lang='grc' dir='ltr'>ἐστιν</span> <span class='ocrx_word' id='word_1_947' title='bbox 2614 4938 2811 5002; x_wconf 76' lang='grc' dir='ltr'>οὐδεὶς,</span> <span class='ocrx_word' id='word_1_948' title='bbox 2850 4939 2910 5003; x_wconf 85' lang='lat'><strong>6;</strong></span> <span class='ocrx_word' id='word_1_949' title='bbox 2957 4940 3203 5007; x_wconf 78' lang='grc' dir='ltr'>ἀνέξεται</span> <span class='ocrx_word' id='word_1_950' title='bbox 3260 4943 3481 5013; x_wconf 83' lang='grc' dir='ltr'>σιγῆσαι</span> <span class='ocrx_word' id='word_1_951' title='bbox 3530 4946 3691 5001; x_wconf 86' lang='grc' dir='ltr'>τοῦτο</span> 
     </span>
    </p>
   </div>
   <div class='ocr_carea' id='block_1_119' title="bbox 2019 5023 3685 5101">
    <p class='ocr_par' dir='ltr' id='par_1_119' title="bbox 2019 5023 3685 5101">
     <span class='ocr_line' id='line_1_119' title="bbox 2019 5023 3685 5101; baseline 0.006 -25"><span class='ocrx_word' id='word_1_952' title='bbox 2019 5023 2274 5086; x_wconf 86' lang='grc' dir='ltr'>ἀκούσας.</span> <span class='ocrx_word' id='word_1_953' title='bbox 2300 5023 2412 5076; x_wconf 86' lang='grc' dir='ltr'>ἀλλ’</span> <span class='ocrx_word' id='word_1_954' title='bbox 2440 5024 2578 5095; x_wconf 85' lang='grc' dir='ltr'>ὁμοῦ</span> <span class='ocrx_word' id='word_1_955' title='bbox 2622 5042 2684 5078; x_wconf 89' lang='grc' dir='ltr'>τε</span> <span class='ocrx_word' id='word_1_956' title='bbox 2718 5026 3005 5100; x_wconf 79' lang='grc' dir='ltr'>ἀνέκραξε,</span> <span class='ocrx_word' id='word_1_957' title='bbox 3042 5029 3135 5081; x_wconf 80' lang='grc' dir='ltr'>καὶ</span> <span class='ocrx_word' id='word_1_958' title='bbox 3163 5029 3253 5082; x_wconf 89' lang='grc' dir='ltr'>τὸν</span> <span class='ocrx_word' id='word_1_959' title='bbox 3298 5031 3555 5101; x_wconf 84' lang='grc' dir='ltr'>εἰρηκότα</span> <span class='ocrx_word' id='word_1_960' title='bbox 3586 5034 3685 5086; x_wconf 90' lang='grc' dir='ltr'>ἐπ-</span> 
     </span>
    </p>
   </div>
   <div class='ocr_carea' id='block_1_120' title="bbox 2016 5110 3692 5191">
    <p class='ocr_par' dir='ltr' id='par_1_120' title="bbox 2016 5110 3692 5191">
     <span class='ocr_line' id='line_1_120' title="bbox 2016 5110 3692 5191; baseline 0.008 -30"><span class='ocrx_word' id='word_1_961' title='bbox 2016 5110 2195 5181; x_wconf 74' lang='grc' dir='ltr'>ῄνεσε,</span> <span class='ocrx_word' id='word_1_962' title='bbox 2226 5111 2321 5164; x_wconf 84' lang='grc' dir='ltr'>καί</span> <span class='ocrx_word' id='word_1_963' title='bbox 2377 5112 2549 5185; x_wconf 88' lang='grc' dir='ltr'>μυρία</span> <span class='ocrx_word' id='word_1_964' title='bbox 2581 5114 2727 5184; x_wconf 81' lang='grc' dir='ltr'>αὐτῷ</span> <span class='ocrx_word' id='word_1_965' title='bbox 2760 5115 2854 5168; x_wconf 79' lang='grc' dir='ltr'>καὶ</span> <span class='ocrx_word' id='word_1_966' title='bbox 2898 5115 3179 5168; x_wconf 88' lang='grc' dir='ltr'>ἀπελθόντι</span> <span class='ocrx_word' id='word_1_967' title='bbox 3211 5117 3458 5183; x_wconf 87' lang='grc' dir='ltr'>γίνεσθαι</span> <span class='ocrx_word' id='word_1_968' title='bbox 3486 5118 3692 5191; x_wconf 76' lang='grc' dir='ltr'>ηὔξατο</span> 
     </span>
    </p>
   </div>
   <div class='ocr_carea' id='block_1_121' title="bbox 2014 5194 3687 5274">
    <p class='ocr_par' dir='ltr' id='par_1_121' title="bbox 2014 5194 3687 5274">
     <span class='ocr_line' id='line_1_121' title="bbox 2014 5194 3687 5274; baseline 0.008 -28"><span class='ocrx_word' id='word_1_969' title='bbox 2014 5194 2214 5263; x_wconf 85' lang='grc' dir='ltr'>ἀγαθά.</span> <span class='ocrx_word' id='word_1_970' title='bbox 2244 5196 2307 5249; x_wconf 87' lang='grc' dir='ltr'>Εἰ</span> <span class='ocrx_word' id='word_1_971' title='bbox 2336 5195 2391 5250; x_wconf 84' lang='grc' dir='ltr'>δὲ</span> <span class='ocrx_word' id='word_1_972' title='bbox 2423 5198 2573 5268; x_wconf 82' lang='grc' dir='ltr'>παρὰ</span> <span class='ocrx_word' id='word_1_973' title='bbox 2599 5198 2904 5272; x_wconf 87' lang='grc' dir='ltr'>ἀνθρώποις</span> <span class='ocrx_word' id='word_1_974' title='bbox 2923 5199 3190 5271; x_wconf 85' lang='grc' dir='ltr'>τοσαύτης</span> <span class='ocrx_word' id='word_1_975' title='bbox 3214 5200 3497 5271; x_wconf 84' lang='grc' dir='ltr'>ἀπήλαυσε</span> <span class='ocrx_word' id='word_1_976' title='bbox 3528 5205 3687 5274; x_wconf 77' lang='grc' dir='ltr'>δόξης</span> 
     </span>
    </p>
   </div>
   <div class='ocr_carea' id='block_1_122' title="bbox 2013 5281 3686 5363">
    <p class='ocr_par' dir='ltr' id='par_1_122' title="bbox 2013 5281 3686 5363">
     <span class='ocr_line' id='line_1_122' title="bbox 2013 5281 3686 5363; baseline 0.008 -29"><span class='ocrx_word' id='word_1_977' title='bbox 2013 5281 2080 5334; x_wconf 87' lang='grc' dir='ltr'>δι’</span> <span class='ocrx_word' id='word_1_978' title='bbox 2112 5283 2289 5338; x_wconf 87' lang='grc' dir='ltr'>ἐκεῖνο</span> <span class='ocrx_word' id='word_1_979' title='bbox 2311 5284 2369 5337; x_wconf 91' lang='grc' dir='ltr'>τὸ</span> <span class='ocrx_word' id='word_1_980' title='bbox 2394 5287 2568 5357; x_wconf 79' lang='grc' dir='ltr'>ῥῆμα,</span> <span class='ocrx_word' id='word_1_981' title='bbox 2597 5286 2778 5339; x_wconf 90' lang='grc' dir='ltr'>πόσων</span> <span class='ocrx_word' id='word_1_982' title='bbox 2811 5286 3179 5341; x_wconf 87' lang='grc' dir='ltr'>ἀπολαύσεται</span> <span class='ocrx_word' id='word_1_983' title='bbox 3218 5289 3373 5361; x_wconf 83' lang='grc' dir='ltr'>παρὰ</span> <span class='ocrx_word' id='word_1_984' title='bbox 3398 5290 3476 5363; x_wconf 82' lang='grc' dir='ltr'>τῷ</span> <span class='ocrx_word' id='word_1_985' title='bbox 3500 5292 3686 5362; x_wconf 83' lang='grc' dir='ltr'>φιλαν-</span> 
     </span>
    </p>
   </div>
   <div class='ocr_carea' id='block_1_123' title="bbox 2017 5367 2716 5441">
    <p class='ocr_par' dir='ltr' id='par_1_123' title="bbox 2017 5367 2716 5441">
     <span class='ocr_line' id='line_1_123' title="bbox 2017 5367 2716 5441; baseline 0.009 -20"><span class='ocrx_word' id='word_1_986' title='bbox 2017 5367 2045 5421; x_wconf 94' lang='grc' dir='ltr'>θ</span> <span class='ocrx_word' id='word_1_987' title='bbox 2052 5368 2221 5441; x_wconf 82' lang='grc' dir='ltr'>ρώπῳ</span> <span class='ocrx_word' id='word_1_988' title='bbox 2253 5370 2370 5441; x_wconf 87' lang='grc' dir='ltr'>Θεῷ</span> <span class='ocrx_word' id='word_1_989' title='bbox 2406 5372 2681 5440; x_wconf 88' lang='grc' dir='ltr'>στεφάνων</span> <span class='ocrx_word' id='word_1_990' title='bbox 2701 5389 2716 5438; x_wconf 90' lang='grc'>;</span> 
     </span>
    </p>
   </div>
   <div class='ocr_carea' id='block_1_124' title="bbox 2089 5456 3688 5534">
    <p class='ocr_par' dir='ltr' id='par_1_124' title="bbox 2089 5456 3688 5534">
     <span class='ocr_line' id='line_1_124' title="bbox 2089 5456 3688 5534; baseline 0.006 -27"><span class='ocrx_word' id='word_1_991' title='bbox 2089 5456 2200 5508; x_wconf 80' lang='grc' dir='ltr'>Καὶ</span> <span class='ocrx_word' id='word_1_992' title='bbox 2258 5457 2312 5509; x_wconf 93' lang='grc' dir='ltr'>τί</span> <span class='ocrx_word' id='word_1_993' title='bbox 2365 5457 2472 5529; x_wconf 78' lang='grc' dir='ltr'>χρὴ</span> <span class='ocrx_word' id='word_1_994' title='bbox 2501 5458 2676 5526; x_wconf 87' lang='grc' dir='ltr'>λέγειν</span> <span class='ocrx_word' id='word_1_995' title='bbox 2716 5460 3125 5516; x_wconf 86' lang='grc' dir='ltr'>Κωνσταντῖνον</span> <span class='ocrx_word' id='word_1_996' title='bbox 3160 5463 3256 5515; x_wconf 76' lang='lat' dir='ltr'><strong><em>xal</em></strong></span> <span class='ocrx_word' id='word_1_997' title='bbox 3308 5460 3378 5515; x_wconf 85' lang='grc' dir='ltr'>τὰ</span> <span class='ocrx_word' id='word_1_998' title='bbox 3429 5461 3688 5534; x_wconf 78' lang='grc' dir='ltr'>ἀλλότρια</span> 
     </span>
    </p>
   </div>
   <div class='ocr_carea' id='block_1_125' title="bbox 2020 5544 3691 5621">
    <p class='ocr_par' dir='ltr' id='par_1_125' title="bbox 2020 5544 3691 5621">
     <span class='ocr_line' id='line_1_125' title="bbox 2020 5544 3691 5621; baseline 0.007 -27"><span class='ocrx_word' id='word_1_999' title='bbox 2020 5544 2457 5615; x_wconf 86' lang='grc' dir='ltr'>παραδείγματα,</span> <span class='ocrx_word' id='word_1_1000' title='bbox 2479 5546 2595 5599; x_wconf 91' lang='grc' dir='ltr'>δέον</span> <span class='ocrx_word' id='word_1_1001' title='bbox 2625 5546 2835 5602; x_wconf 75' lang='grc' dir='ltr'>οἴκοθέν</span> <span class='ocrx_word' id='word_1_1002' title='bbox 2865 5565 2923 5600; x_wconf 90' lang='grc' dir='ltr'>σε</span> <span class='ocrx_word' id='word_1_1003' title='bbox 2954 5550 3046 5602; x_wconf 78' lang='grc' dir='ltr'>καὶ</span> <span class='ocrx_word' id='word_1_1004' title='bbox 3070 5550 3133 5601; x_wconf 84' lang='grc' dir='ltr'>ἐκ</span> <span class='ocrx_word' id='word_1_1005' title='bbox 3164 5549 3271 5602; x_wconf 89' lang='grc' dir='ltr'>τῶν</span> <span class='ocrx_word' id='word_1_1006' title='bbox 3302 5547 3411 5603; x_wconf 85' lang='grc' dir='ltr'>σῶν</span> <span class='ocrx_word' id='word_1_1007' title='bbox 3436 5567 3691 5621; x_wconf 73' lang='grc' dir='ltr'>πειριιικα,⁴</span> 
     </span>
    </p>
   </div>
   <div class='ocr_carea' id='block_1_126' title="bbox 2080 5628 3686 5699">
    <p class='ocr_par' dir='ltr' id='par_1_126' title="bbox 2080 5628 3686 5699">
     <span class='ocr_line' id='line_1_126' title="bbox 2080 5628 3686 5699; baseline 0.004 -23"><span class='ocrx_word' id='word_1_1008' title='bbox 2080 5628 2107 5667; x_wconf 70' lang='grc' dir='ltr'>ιι</span> <span class='ocrx_word' id='word_1_1009' title='bbox 2130 5630 2279 5679; x_wconf 63' lang='lat' dir='ltr'>Smil.</span> <span class='ocrx_word' id='word_1_1010' title='bbox 2306 5638 2358 5699; x_wconf 57' lang='lat' dir='ltr'><strong><em>el</em></strong></span> <span class='ocrx_word' id='word_1_1011' title='bbox 2396 5630 2478 5681; x_wconf 80' lang='lat' dir='ltr'><strong><em>alii</em></strong></span> <span class='ocrx_word' id='word_1_1012' title='bbox 2516 5633 2669 5699; x_wconf 81' lang='grc' dir='ltr'>πόσης</span> <span class='ocrx_word' id='word_1_1013' title='bbox 2700 5642 3024 5699; x_wconf 82' lang='grc' dir='ltr'>κατασκαφῆς.</span> <span class='ocrx_word' id='word_1_1014' title='bbox 3049 5635 3174 5684; x_wconf 77' lang='lat' dir='ltr'><strong>Infra</strong></span> <span class='ocrx_word' id='word_1_1015' title='bbox 3197 5633 3347 5685; x_wconf 79' lang='lat' dir='ltr'><strong>iidem</strong></span> <span class='ocrx_word' id='word_1_1016' title='bbox 3374 5636 3467 5685; x_wconf 83' lang='grc' dir='ltr'>ὅσα</span> <span class='ocrx_word' id='word_1_1017' title='bbox 3507 5639 3686 5698; x_wconf 71' lang='grc' dir='ltr'>μηδείς,</span> 
     </span>
    </p>
   </div>
   <div class='ocr_carea' id='block_1_127' title="bbox 2019 5693 2971 5769">
    <p class='ocr_par' dir='ltr' id='par_1_127' title="bbox 2019 5693 2971 5769">
     <span class='ocr_line' id='line_1_127' title="bbox 2019 5693 2971 5769; baseline 0.011 -32"><span class='ocrx_word' id='word_1_1018' title='bbox 2019 5697 2073 5737; x_wconf 78' lang='grc' dir='ltr'>ει</span> <span class='ocrx_word' id='word_1_1019' title='bbox 2082 5693 2467 5769; x_wconf 53' lang='grc' dir='ltr'>ρεξσορώτσιτε</span> <span class='ocrx_word' id='word_1_1020' title='bbox 2489 5706 2577 5769; x_wconf 74' lang='lat' dir='ltr'>pro</span> <span class='ocrx_word' id='word_1_1021' title='bbox 2598 5693 2971 5769; x_wconf 57' lang='grc' dir='ltr'>φιλοσοφώτατίε.</span> 
     </span>
    </p>
   </div>
   <div class='ocr_carea' id='block_1_128' title="bbox 2077 5751 3691 5821">
    <p class='ocr_par' dir='ltr' id='par_1_128' title="bbox 2077 5751 3691 5821">
     <span class='ocr_line' id='line_1_128' title="bbox 2077 5751 3691 5821; baseline 0.01 -24"><span class='ocrx_word' id='word_1_1022' title='bbox 2077 5752 2104 5819; x_wconf 67' lang='grc' dir='ltr'><strong>ξ</strong></span> <span class='ocrx_word' id='word_1_1023' title='bbox 2134 5751 2306 5821; x_wconf 51' lang='grc' dir='ltr'>Μοίρι.</span> <span class='ocrx_word' id='word_1_1024' title='bbox 2334 5751 2564 5821; x_wconf 77' lang='grc' dir='ltr'>μηδεμίαν</span> <span class='ocrx_word' id='word_1_1025' title='bbox 2608 5751 2875 5820; x_wconf 73' lang='grc' dir='ltr'>ἀπαιτήσῃς</span> <span class='ocrx_word' id='word_1_1026' title='bbox 2910 5757 3065 5821; x_wconf 73' lang='grc' dir='ltr'>δίκην,</span> <span class='ocrx_word' id='word_1_1027' title='bbox 3108 5756 3267 5821; x_wconf 47' lang='lat' dir='ltr'>Savil;</span> <span class='ocrx_word' id='word_1_1028' title='bbox 3290 5758 3519 5821; x_wconf 82' lang='grc' dir='ltr'>μηδεμίαν</span> <span class='ocrx_word' id='word_1_1029' title='bbox 3541 5760 3691 5821; x_wconf 56' lang='grc' dir='ltr'>ἐάσῃς</span> 
     </span>
    </p>
   </div>
   <div class='ocr_carea' id='block_1_129' title="bbox 2020 5810 3692 5891">
    <p class='ocr_par' dir='ltr' id='par_1_129' title="bbox 2020 5810 3692 5891">
     <span class='ocr_line' id='line_1_129' title="bbox 2020 5810 3692 5891; baseline 0.008 -33"><span class='ocrx_word' id='word_1_1030' title='bbox 2020 5810 2361 5891; x_wconf 44' lang='grc' dir='ltr'>δρῦναὲδίκην,</span> <span class='ocrx_word' id='word_1_1031' title='bbox 2388 5810 2577 5891; x_wconf 48' lang='lat' dir='ltr'>iligna!</span> <span class='ocrx_word' id='word_1_1032' title='bbox 2620 5832 2735 5891; x_wconf 46' lang='lat' dir='ltr'>msg.</span> <span class='ocrx_word' id='word_1_1033' title='bbox 2775 5810 3017 5891; x_wconf 64' lang='grc' dir='ltr'>μηδεμίαν</span> <span class='ocrx_word' id='word_1_1034' title='bbox 3036 5810 3159 5882; x_wconf 73' lang='grc' dir='ltr'>ἀφῇς</span> <span class='ocrx_word' id='word_1_1035' title='bbox 3187 5810 3692 5891; x_wconf 43' lang='grc' dir='ltr'>δοῇαιδίὶιηνη-Ιιιῆξά</span> 
     </span>
    </p>
   </div>
   <div class='ocr_carea' id='block_1_130' title="bbox 2023 5876 3688 5945">
    <p class='ocr_par' dir='ltr' id='par_1_130' title="bbox 2023 5876 3688 5945">
     <span class='ocr_line' id='line_1_130' title="bbox 2023 5876 3688 5945; baseline 0.007 -26"><span class='ocrx_word' id='word_1_1036' title='bbox 2023 5876 2265 5945; x_wconf 59' lang='lat' dir='ltr'>trqs_m_ss.</span> <span class='ocrx_word' id='word_1_1037' title='bbox 2288 5876 2571 5945; x_wconf 68' lang='grc' dir='ltr'>τιμιωτέραν</span> <span class='ocrx_word' id='word_1_1038' title='bbox 2611 5876 2806 5940; x_wconf 74' lang='grc' dir='ltr'>στήλην,</span> <span class='ocrx_word' id='word_1_1039' title='bbox 2833 5876 3028 5930; x_wconf 26' lang='lat' dir='ltr'>‘m&#39;elius</span> <span class='ocrx_word' id='word_1_1040' title='bbox 3069 5876 3215 5945; x_wconf 56' lang='lat' dir='ltr'>66am</span> <span class='ocrx_word' id='word_1_1041' title='bbox 3245 5881 3415 5931; x_wconf 78' lang='lat' dir='ltr'>Morel.</span> <span class='ocrx_word' id='word_1_1042' title='bbox 3456 5876 3510 5931; x_wconf 74' lang='grc' dir='ltr'>ει</span> <span class='ocrx_word' id='word_1_1043' title='bbox 3533 5880 3688 5931; x_wconf 68' lang='grc' dir='ltr'>δίει-ὀί.</span> 
     </span>
    </p>
   </div>
   <div class='ocr_carea' id='block_1_131' title="bbox 2019 5933 2521 5995">
    <p class='ocr_par' dir='ltr' id='par_1_131' title="bbox 2019 5933 2521 5995">
     <span class='ocr_line' id='line_1_131' title="bbox 2019 5933 2521 5995; baseline 0.016 -16"><span class='ocrx_word' id='word_1_1044' title='bbox 2019 5933 2103 5995; x_wconf 90' lang='lat' dir='ltr'>qui</span> <span class='ocrx_word' id='word_1_1045' title='bbox 2128 5933 2307 5982; x_wconf 75' lang='lat' dir='ltr'>habent</span> <span class='ocrx_word' id='word_1_1046' title='bbox 2331 5933 2521 5995; x_wconf 70' lang='grc' dir='ltr'>στολήν.</span> 
     </span>
    </p>
   </div>
   <div class='ocr_carea' id='block_1_132' title="bbox 2078 5994 3384 6065">
    <p class='ocr_par' dir='ltr' id='par_1_132' title="bbox 2078 5994 3384 6065">
     <span class='ocr_line' id='line_1_132' title="bbox 2078 5994 3384 6065; baseline 0.003 -21"><span class='ocrx_word' id='word_1_1047' title='bbox 2078 5994 2106 6035; x_wconf 77' lang='lat' dir='ltr'><strong>d</strong></span> <span class='ocrx_word' id='word_1_1048' title='bbox 2132 5998 2309 6045; x_wconf 58' lang='grc' dir='ltr'>,δίηται</span> <span class='ocrx_word' id='word_1_1049' title='bbox 2340 6001 2559 6061; x_wconf 57' lang='grc' dir='ltr'>μεγέὶας,</span> <span class='ocrx_word' id='word_1_1050' title='bbox 2579 6014 2665 6048; x_wconf 79' lang='lat' dir='ltr'>nos</span> <span class='ocrx_word' id='word_1_1051' title='bbox 2685 6014 2712 6050; x_wconf 70' lang='grc' dir='ltr'><strong>(ν</strong></span> <span class='ocrx_word' id='word_1_1052' title='bbox 2738 6003 2918 6051; x_wconf 68' lang='lat' dir='ltr'>Saviiio</span> <span class='ocrx_word' id='word_1_1053' title='bbox 2934 6006 3223 6065; x_wconf 71' lang='lat' dir='ltr'>recepimus.</span> <span class='ocrx_word' id='word_1_1054' title='bbox 3256 6004 3384 6053; x_wconf 77' lang='lat' dir='ltr'>l-Imr.</span> 
     </span>
    </p>
   </div>
  </div>
