4446 6708
355 508 460 561 2n
1172 506 1265 560 AD
1308 502 1628 559 POPULUM

352 611 525 654 totum
574 603 755 658 orbem
803 612 1061 659 terrarum
1107 599 1385 668 epistolam
1432 599 1619 655 misiin
1661 603 1933 671 jubentem

351 708 571 752 carcere
599 697 844 751 detentos
870 690 1087 753 dimitti,
1118 690 1248 757 ipsis
1274 690 1472 759 ignosci
1499 693 1717 748 crimina
1744 711 1757 745 :
1780 703 1938 762 atque

354 787 459 840 illis
495 787 875 842 humanitatem
919 794 1061 837 tuam
1090 778 1454 837 demonstrare
1493 797 1597 836 non
1627 781 1939 836 sufficienti-

356 882 475 944 bus,
508 894 601 948 per
624 880 828 933 litteras
859 871 1075 927 dicebas
1096 886 1111 925 :
1136 869 1347 925 Utinam
1391 872 1519 926 mihi
1550 873 1738 927 liceret
1769 880 1823 923 et
1848 870 1941 924 de-

360 967 570 1022 functos
598 978 847 1022 revocare
886 969 938 1014 et
963 962 1284 1016 resuscitare
1304 1003 1317 1026 ,
1346 972 1401 1017 et
1428 961 1494 1015 ad
1518 961 1751 1029 priorem
1781 959 1938 1012 vitam

357 1061 612 1112 reducere
644 1059 657 1110 ε
700 1056 898 1107 Horum
922 1065 1060 1105 nunc
1099 1054 1444 1107 reminiscere
1470 1050 1752 1105 verborum
1778 1068 1790 1103 :
1814 1066 1941 1106 ecce

362 1160 571 1217 tempus
613 1143 982 1197 defunctorum
1025 1141 1443 1195 revocandorum
1468 1148 1521 1195 et
1548 1140 1939 1195 resuscitandm

360 1256 478 1293 rum
522 1246 575 1291 et
618 1232 682 1286 ad
732 1232 893 1284 vitam
947 1231 1367 1285 reducendorum
1413 1230 1708 1299 pristinam.
1767 1232 1834 1285 Et
1884 1231 1939 1286 hi

360 1341 588 1396 namque
610 1325 718 1392 jam
747 1322 939 1375 mortui
966 1330 1109 1385 sunt,
1137 1330 1190 1376 et
1215 1322 1518 1392 priusquam
1536 1322 1791 1392 judicium
1815 1338 1939 1392 pro-

359 1421 579 1481 feratur,
612 1414 677 1467 ad
718 1415 859 1484 ipsas
886 1413 1063 1467 tartari
1097 1413 1236 1468 fores
1262 1414 1370 1484 jam
1402 1431 1542 1471 nunc
1566 1416 1753 1469 civitas
1775 1416 1940 1469 collo-

358 1521 475 1562 cata
506 1515 607 1559 est.
640 1504 809 1573 Ipsam
859 1504 1016 1574 igitur
1049 1504 1170 1561 inde
1214 1507 1465 1561 resuscita
1505 1507 1620 1560 sine
1663 1506 1901 1575 pecuniis
1924 1545 1939 1571 ,

361 1601 478 1651 sine
528 1595 816 1666 impendio,
868 1598 983 1651 sine
1031 1605 1268 1666 tempore
1321 1607 1376 1652 et
1433 1599 1539 1651 ullo
1582 1598 1782 1652 labore.
1825 1596 1942 1651 Tibi

362 1703 593 1754 namque
620 1687 750 1741 satis
775 1697 856 1741 est
890 1696 1092 1740 tantum
1124 1688 1289 1756 loqui,
1318 1698 1372 1742 et
1398 1703 1647 1742 revocare
1676 1688 1940 1741 civitatem

362 1778 413 1829 itt
446 1777 678 1831 tenebris
704 1779 1025 1845 jaceutem‘.
1067 1777 1219 1831 Nunc
1246 1779 1410 1846 ipsam
1438 1778 1564 1847 jube
1592 1783 1659 1831 ah
1694 1778 1942 1831 humani-

359 1876 473 1921 tate
503 1879 587 1922 tua
619 1870 838 1937 posthac
865 1867 1120 1936 appellari
1145 1884 1157 1919 :
1184 1882 1280 1919 nec
1310 1868 1449 1919 enim
1489 1877 1687 1920 tantam
1731 1869 1943 1921 habebit

363 1959 584 2025 gratiam
613 1958 685 2011 illi
711 1999 725 2019 ,
757 1957 845 2025 qui
877 1957 945 2009 ab
976 1956 1126 2008 initio
1151 1969 1209 2007 se
1236 1955 1504 2020 condidit,
1543 1966 1789 2023 quantam
1817 1971 1942 2009 scn-

363 2050 543 2101 tentice
575 2057 677 2100 tuae
705 2065 718 2097 :
750 2062 847 2108 pec
887 2044 1170 2099 immerito.
1218 2044 1310 2098 Ille
1357 2045 1498 2098 enim
1546 2046 1806 2113 principio
1846 2047 1944 2114 ipsi

363 2136 489 2191 dato
514 2138 766 2200 recessit;
803 2148 856 2188 ιιι
888 2152 1013 2190 vero
1040 2144 1248 2189 auctam
1290 2145 1343 2189 et
1384 2151 1627 2206 magnam
1672 2137 1942 2202 effectam,

362 2239 413 2280 et
450 2236 565 2294 post
604 2226 821 2277 multam
853 2225 991 2278 hanc
1028 2226 1458 2294 tranquillitatem
1502 2226 1824 2280 destructam
1857 2243 1946 2282 re-

363 2316 662 2369 suscitabis.
711 2315 825 2369 Non
871 2315 1055 2370 fuisset
1100 2316 1234 2369 adeo
1277 2315 1572 2371 mirandum
1619 2317 1661 2371 si
1706 2316 1946 2371 hostibus

364 2410 533 2474 ipsam
550 2408 900 2475 capientibus,
921 2417 975 2461 et
991 2407 1228 2461 barbaris
1247 2408 1637 2476 populantibus,
1660 2424 1687 2461 a
1708 2408 1946 2477 periculo

367 2499 682 2559 liberasscs,
735 2513 891 2566 quam
934 2507 1016 2551 est
1065 2497 1374 2552 admirabile
1420 2513 1560 2551 nunc
1610 2498 1942 2567 pepercisse;

366 2588 493 2641 illud
534 2589 672 2641 enim
718 2604 859 2657 smpe
906 2589 1055 2641 multi
1099 2588 1268 2642 fecere
1317 2603 1503 2657 reges,
1542 2588 1643 2642 hoc
1683 2597 1859 2643 autem
1891 2596 1947 2641 tu

366 2680 514 2733 solus
539 2680 845 2749 operaberis
880 2690 934 2733 et
963 2681 1165 2749 primus
1196 2691 1391 2748 praeter
1415 2696 1628 2733 omnem
1667 2688 1946 2749 exspecta-

369 2770 587 2822 tionem.
614 2771 677 2824 Et
702 2771 829 2825 illud
855 2771 1067 2840 quidem
1092 2771 1309 2824 minime
1332 2771 1653 2837 mirandum,
1688 2784 1784 2823 nec
1815 2786 1950 2838 prte-

371 2873 453 2913 ter
482 2862 784 2930 opinionem
812 2902 825 2921 .
868 2862 962 2917 sed
1005 2872 1088 2917 est
1116 2861 1480 2931 quotidianum
1514 2877 1648 2930 opus
1670 2903 1685 2927 ,
1726 2862 1949 2915 subditis

368 2966 625 3017 pneessc;
658 2952 797 3021 quod
823 2963 997 3006 autem
1031 2962 1106 3006 tot
1121 2963 1173 3006 et
1196 2952 1313 3005 talia
1340 2967 1528 3022 passus
1545 2954 1673 3006 iram
1691 2952 1945 3021 deponas,

368 3042 469 3095 hoc
494 3058 703 3096 onmem
736 3053 975 3097 naturam
1004 3043 1220 3098 excedit
1261 3045 1567 3097 humanam.
1594 3042 1777 3113 Cogita
1808 3059 1949 3098 nunc

368 3150 472 3185 non
504 3133 570 3187 de
600 3134 812 3188 civitate
853 3143 1052 3188 tantum
1096 3134 1182 3187 illa
1234 3134 1327 3186 tibi
1370 3133 1771 3187 consultandum
1799 3147 1945 3195 esse,

368 3238 550 3274 verum
595 3232 648 3276 ct
685 3223 749 3276 de
786 3223 952 3291 gloria
982 3232 1065 3276 tua
1090 3263 1106 3287 ,
1152 3224 1259 3275 imo
1298 3238 1423 3277 vero
1451 3222 1517 3276 dc
1548 3222 1950 3277 Christianismo

369 3324 499 3364 tum.
528 3312 676 3366 Nune
704 3322 755 3366 et
783 3312 950 3366 .luda-i
979 3322 1031 3367 et
1060 3313 1249 3376 Graeci,
1281 3322 1335 3365 et
1357 3323 1494 3366 totus
1520 3321 1780 3366 terrarum
1804 3311 1948 3365 orbis

366 3413 420 3454 et
451 3403 657 3456 barbari
686 3404 903 3471 (clcnim
926 3412 980 3457 et
1020 3403 1094 3456 illi
1123 3404 1237 3457 htec
1265 3402 1565 3472 audierunt)
1596 3403 1663 3456 ad
1705 3412 1754 3457 te
1786 3403 1951 3471 respi-

367 3494 535 3555 ciunt,
567 3504 939 3562 exspectantes
965 3502 1022 3547 ut
1048 3493 1280 3557 videant,
1306 3494 1513 3562 qualem
1542 3494 1609 3548 de
1636 3493 1797 3562 gestis
1825 3510 1949 3548 sen-

369 3584 588 3635 tentiam
612 3582 778 3637 feras:
798 3598 987 3652 nempe
1004 3583 1047 3637 si
1067 3583 1345 3637 humanam
1368 3583 1650 3652 protuleris
1670 3591 1725 3636 et
1746 3584 1947 3649 mitem,

367 3689 558 3725 oiuues
586 3673 855 3728 decretmn
897 3674 1214 3737 laudabunt,
1262 3683 1315 3726 et
1353 3673 1517 3727 Deum
1548 3673 1947 3742 glorificabunt,

367 3778 423 3819 et
454 3769 589 3818 inter
616 3781 673 3820 se
712 3766 927 3821 dicent:
954 3768 1110 3836 Papa:
1134 3808 1146 3829 ,
1196 3775 1389 3834 quanta
1429 3764 1816 3820 Christianismi
1853 3782 1950 3834 po-

370 3857 569 3910 tentia?
618 3857 883 3911 hominem
929 3873 1088 3927 super
1134 3866 1326 3912 terram
1373 3857 1653 3912 habentem
1693 3859 1950 3927 :rqualem

371 3950 657 4011 inmunem,
688 3949 865 4002 omnia
892 3948 1101 4004 delendi
1129 3959 1181 4003 et
1207 3947 1457 4016 perdendi
1480 3948 1773 4014 dominum,
1798 3949 1950 4004 cohi-

372 4040 485 4093 buit
514 4050 566 4093 et
592 4038 897 4102 refrenavit,
927 4049 980 4093 et
1008 4039 1185 4093 docuit
1213 4037 1632 4107 philosophiam,
1665 4054 1821 4108 quam
1855 4055 1953 4095 nec

371 4130 531 4182 homo
555 4131 785 4198 privatus
807 4130 1102 4183 exhiberet.
1127 4127 1264 4183 Vere
1286 4143 1507 4197 magnus
1527 4128 1952 4182 Christianorum

373 4223 533 4289 Ileus,
565 4224 653 4291 qui
683 4239 747 4277 ex
775 4222 1079 4275 hominibus
1104 4222 1317 4291 angelos
1344 4220 1499 4286 facit,
1529 4230 1582 4275 et
1604 4222 1744 4276 omni
1769 4237 1955 4277 neces-

370 4314 528 4365 sitate
557 4312 781 4365 naturali
823 4313 1130 4381 superiores
1172 4308 1464 4364 constituit.
1508 4310 1583 4365 Ne
1609 4326 1837 4381 namque
1861 4327 1951 4365 su-

373 4404 633 4470 perﬂuum
665 4405 907 4457 timorem
938 4404 1084 4456 illum
1114 4404 1318 4466 timeas,
1351 4417 1448 4455 nec
1479 4403 1675 4458 toleres
1701 4405 1954 4473 quosdam

369 4495 628 4551 dicentes.
654 4493 883 4560 reliquas
904 4493 1143 4545 civitates
1165 4492 1371 4561 pejores
1393 4492 1594 4547 futuras
1616 4510 1755 4561 esse,
1779 4505 1834 4551 et
1858 4495 1956 4549 hac

372 4598 476 4634 non
507 4582 688 4651 punita
713 4624 727 4645 ,
768 4581 1048 4651 imperium
1080 4591 1223 4634 tuum
1256 4583 1421 4653 magis
1450 4596 1868 4655 contetnpturas.
1900 4586 1954 4641 Si

372 4674 514 4726 enim
543 4672 608 4726 ad
645 4672 900 4727 ultionem
929 4671 1170 4726 infirmus
1196 4671 1417 4739 fuisses,
1452 4684 1507 4729 et
1532 4674 1647 4730 hinc
1675 4676 1873 4745 operati
1905 4684 1957 4730 te

372 4778 421 4815 vr
466 4772 842 4831 superassent,
892 4777 946 4817 et
992 4777 1086 4831 par
1128 4771 1269 4816 esset
1302 4766 1556 4832 potentia,
1607 4778 1958 4837 congruenter

372 4854 490 4908 hzec
536 4855 794 4927 suspicari
839 4852 1154 4923 oportebat:
1182 4852 1228 4905 si
1270 4869 1397 4908 vero
1443 4857 1700 4925 pavefacti
1747 4872 1958 4927 praeque

376 4946 566 4999 timore
594 4947 902 5015 praemortui
937 4953 1091 5009 sunt,
1120 4952 1177 4998 et
1200 4945 1266 4999 ad
1299 4955 1415 5001 tuos
1444 4964 1538 5018 per
1564 4965 1649 5004 me
1678 4965 1958 5004 cucurrere

373 5034 559 5105 pedes,
581 5052 680 5091 nec
696 5036 841 5091 aliud
862 5034 1095 5106 quotidie
1115 5047 1429 5104 exSpectant
1448 5055 1603 5108 quiam
1628 5040 1953 5106 barathrum,

371 5134 426 5181 ct
450 5126 862 5195 supplicationes
886 5125 1081 5181 faciunt
1103 5130 1450 5180 communes"
1486 5130 1536 5183 in
1569 5131 1757 5183 ca‘lum
1788 5131 1956 5198 l‘cspl-

372 5220 612 5284 cientes,
647 5228 702 5275 et
730 5220 895 5275 Deum
925 5218 1107 5273 venire
1147 5217 1478 5287 supplicant,
1520 5232 1571 5276 et
1600 5223 1754 5276 simul
1781 5221 1959 5275 nobis-

371 5330 496 5369 cum
530 5315 847 5385 legationem
878 5312 1047 5379 obire,
1074 5319 1128 5367 et
1151 5311 1288 5365 sicut
1318 5313 1372 5366 in
1394 5315 1647 5369 extremis
1668 5315 1955 5379 constituti,

372 5405 441 5459 de
468 5406 626 5459 rebus
655 5405 767 5460 suis
788 5405 978 5474 singuli
1006 5402 1291 5457 consulunt
1316 5418 1330 5455 :
1353 5405 1624 5470 quomodo
1644 5420 1750 5460 non
1774 5420 1961 5473 super-

373 5498 510 5551 ﬂuus
535 5497 622 5552 hic
652 5499 847 5552 timor?
874 5499 929 5553 Si
956 5495 1180 5567 jugulari
1209 5494 1433 5549 fuissent
1458 5496 1615 5566 jussi,
1650 5507 1791 5553 tanta
1821 5497 1959 5566 passi

375 5608 480 5646 non
510 5590 769 5655 fuissent,
810 5602 1006 5661 quanta
1050 5590 1318 5660 patiuntur
1348 5603 1487 5643 nunc
1510 5631 1525 5653 ,
1578 5599 1655 5645 tot
1692 5590 1880 5645 diebus
1905 5587 1959 5643 in

375 5685 569 5738 timore
590 5690 642 5737 ct
667 5691 900 5737 tremore
925 5684 1184 5748 viventes,
1213 5690 1263 5733 et
1286 5684 1694 5749 superveniente
1716 5697 1957 5753 vespere,

439 5824 453 5853 ³
493 5820 628 5869 savii.
658 5827 708 5869 et
733 5818 913 5873 Μητρὶ..
934 5819 1020 5869 sub
1042 5816 1190 5868 oculis
1203 5823 1459 5877 Jaremem.

438 5885 457 5915 ¹
491 5883 629 5932 δέη-ξι.
658 5891 706 5932 et
726 5882 822 5929 duo
845 5889 952 5930 ms.
977 5896 988 5929 :
1016 5879 1385 5939 Suppurationes
1410 5878 1590 5935 faciunt
1610 5882 1893 5945 frequentes.

697 5968 965 6027 Parnm.
1015 5969 1129 6027 (in.
1177 5966 1402 6028 XLIX.

1696 507 2183 564 ANTIOCIIENUSI
2247 511 2477 567 IIUMIL.
2520 513 2657 570 XXI.

3514 525 3621 582 ΞΙΒ

2047 621 2294 661 auroram
2341 609 2521 664 videre
2568 625 2672 664 non
2722 622 3097 684 exspectantes
3130 622 3227 668 :et
3267 613 3354 668 die
3397 624 3513 667 orto
3557 617 3623 670 ad

2048 710 2323 766 vesperam
2364 703 2644 770 pervenire
2684 718 2787 757 non
2831 715 3066 774 sperant.
3108 704 3258 759 Multi
3299 714 3353 758 et
3390 707 3444 759 itt
3489 706 3627 762 feras

2049 786 2367 854 inciderunt,
2401 792 2525 845 dum
2551 802 2823 847 sectantur
2850 795 3082 859 deserta,
3114 796 3167 850 in
3198 797 3339 849 invia
3366 795 3625 859 translati,

2048 892 2148 931 nec
2175 880 2270 931 viri
2299 888 2499 933 tantum
2524 920 2541 945 ,
2573 896 2755 935 verum
2782 893 2834 936 et
2857 883 3060 950 pueruli
3087 885 3264 950 parvi,
3296 895 3347 938 et
3377 885 3630 939 mulieres

2048 966 2230 1019 libera:
2272 979 2327 1021 et
2368 969 2577 1025 decorae
2616 986 2714 1040 per
2749 972 2943 1026 multas
2980 982 3163 1026 noctes
3192 981 3247 1027 et
3274 974 3387 1027 dies
3416 975 3466 1027 in
3507 988 3631 1042 spe-

2048 1056 2220 1110 luncis
2253 1066 2307 1113 et
2347 1063 2673 1117 convallibus
2700 1072 2755 1117 et
2782 1063 2979 1118 deserti
3006 1062 3352 1117 foraminibus
3381 1065 3625 1118 latentes.

2048 1146 2115 1200 Et
2140 1162 2310 1203 novus
2337 1151 2654 1215 captivitatis
2682 1153 2868 1207 modus
2896 1152 3165 1207 civitatem
3193 1151 3397 1206 detinet
3420 1171 3435 1207 :
3458 1154 3629 1207 a'diii-

2046 1240 2143 1293 ciis
2169 1249 2224 1293 et
2251 1242 2418 1295 muris
2446 1241 2743 1306 stantibus,
2789 1243 3017 1297 incensis
3055 1242 3358 1299 civitatibus
3386 1244 3629 1311 graviora

2048 1332 2354 1399 patiuntur;
2397 1332 2543 1386 nullo
2570 1332 2912 1387 incumbente
2937 1333 3192 1399 barbaro,
3227 1346 3327 1387 nec
3352 1332 3506 1385 hoste
3535 1348 3630 1400 ap-

2049 1431 2286 1488 parente,
2316 1423 2484 1492 captis
2512 1423 2761 1477 miserius
2788 1421 2962 1477 affecti
2992 1433 3152 1488 sunt,
3183 1434 3235 1477 ct
3262 1424 3350 1478 vel
3378 1423 3560 1478 folium
3590 1426 3634 1475 si

2050 1523 2347 1579 moveatur,
2378 1529 2565 1570 omnes
2594 1517 2738 1585 ipsos
2771 1532 2864 1586 per
2889 1515 3129 1584 singulos
3156 1525 3318 1570 terret
3345 1516 3477 1570 dies.
3508 1515 3634 1569 llaec

2049 1617 2239 1658 omnes
2273 1604 2481 1658 sciunt:
2504 1615 2557 1659 et
2591 1606 2636 1661 si
2666 1606 2973 1660 subversam
3002 1609 3173 1678 ipsam
3200 1606 3489 1671 vidissent,
3526 1620 3635 1659 non

2049 1696 2129 1749 sic
2167 1703 2348 1749 essent
2384 1694 2662 1765 castigati,
2690 1704 2747 1749 ut
2775 1711 2913 1749 nunc
2941 1712 3061 1750 cum
3102 1698 3197 1751 has
3224 1696 3391 1765 ipsius
3416 1695 3637 1749 audiere

2050 1785 2312 1839 miserias.
2339 1785 2419 1839 Ne
2446 1786 2604 1855 igitur
2630 1785 2732 1840 hoc
2757 1786 2962 1854 cogites
2983 1826 2997 1849 ,
3038 1787 3249 1854 pejores
3275 1786 3478 1841 futuras
3516 1800 3637 1840 esse

2049 1878 2293 1933 civitates
2328 1879 2580 1948 reliquas.
2632 1879 2747 1933 Non
2790 1878 2935 1933 enim
2976 1879 3020 1932 si
3059 1879 3298 1933 civitates
3325 1879 3457 1931 alias
3480 1892 3637 1931 ever-

2052 1971 2209 2024 tisses
2229 2012 2243 2033 ,
2276 1971 2353 2023 sic
2381 1986 2475 2025 eas
2502 1972 2818 2039 castigasses
2837 2013 2852 2035 ,
2883 1981 2941 2025 ut
2970 1985 3112 2025 nunc
3142 1984 3236 2039 per
3268 1970 3521 2024 incertam
3552 1968 3638 2021 fu-

2054 2068 2292 2113 turorum
2322 2060 2775 2128 exspectationem
2804 2061 2947 2113 omni
2978 2061 3239 2129 supplicio
3268 2057 3639 2114 vehementius

2055 2149 2197 2218 ipsos
2228 2149 2402 2218 punis.
2440 2148 2517 2203 Ne
2555 2149 2714 2218 igitur
2742 2149 2873 2219 ipsis
2902 2150 3121 2203 ulterius
3160 2149 3488 2203 calamitates
3516 2161 3641 2216 pro-

2053 2238 2216 2293 ducas
2235 2280 2250 2302 ,
2290 2238 2388 2293 sed
2423 2238 2534 2307 jam
2562 2240 2825 2307 respirare
2854 2238 3137 2293 concedas.
3166 2238 3419 2292 Subditos
3449 2251 3641 2305 nempe

2052 2330 2312 2398 castigare
2352 2337 2406 2383 et
2431 2339 2701 2399 gestorum
2730 2330 2942 2398 exigere
2967 2342 3181 2397 poenas,
3228 2326 3381 2381 facile
3430 2326 3642 2395 penitus

2052 2428 2106 2474 et
2131 2428 2472 2490 promptum;
2503 2421 2566 2474 iis
2602 2434 2730 2474 vero
2772 2420 2865 2489 qui
2912 2420 3261 2475 contumelias
3315 2418 3636 2482 intulerunt,

2053 2527 2293 2581 parcere,
2322 2520 2377 2566 et
2406 2513 2472 2566 iis
2492 2513 2583 2581 qui
2612 2512 2766 2566 venia
2792 2512 3009 2580 indigna
3038 2520 3399 2579 patraverunt,
3426 2511 3639 2565 veniam

2053 2601 2206 2667 dare,
2238 2603 2397 2656 unius
2425 2610 2481 2655 et
2507 2602 2590 2654 vix
2619 2602 2838 2656 alterius
2862 2610 2965 2668 est,
2994 2610 3045 2655 et
3068 2601 3299 2655 maxime
3324 2615 3446 2654 cum
3472 2600 3642 2668 Impe-

2053 2702 2203 2746 rator
2226 2693 2296 2746 sit
2323 2692 2701 2747 contumeliam
2747 2706 2953 2761 passus.
3000 2692 3069 2746 Et
3113 2692 3379 2746 civitatem
3425 2690 3641 2760 quidem

2055 2794 2200 2839 metu
2231 2784 2463 2839 subdere
2493 2784 2676 2849 facile;
2706 2799 2895 2839 omnes
2926 2793 3102 2837 autem
3132 2784 3212 2837 sui
3242 2792 3484 2837 amantes
3512 2798 3642 2838 con-

2054 2876 2308 2939 stituere,
2356 2876 2526 2944 iisque
2566 2875 2889 2944 persuadere
2937 2883 2996 2927 ut
3039 2875 3090 2927 in
3135 2888 3355 2943 regnum
3397 2882 3542 2927 tuum
3582 2887 3641 2927 se

2054 2965 2310 3019 benevole
2335 2964 2599 3029 habeant,
2643 2975 2694 3019 et
2722 2979 2826 3017 non
2859 2974 3057 3018 tantum
3083 2977 3393 3018 communes
3414 3005 3427 3025 ,
3453 2978 3639 3016 verum

2055 3063 2110 3107 et
2139 3056 2368 3123 privatas
2401 3069 2497 3122 pro
2528 3065 2617 3107 tuo
2645 3069 2834 3125 preces
2864 3054 3088 3122 imperio
3115 3054 3358 3119 fundant,
3386 3052 3636 3107 difficile:

2056 3144 2181 3198 licet
2206 3145 2436 3198 inlinitas
2465 3149 2581 3215 quis
2611 3144 2879 3215 expendat
2914 3144 3164 3213 pecunias
3185 3185 3198 3207 ,
3241 3153 3296 3198 et
3332 3144 3639 3197 innumeros

2056 3235 2323 3288 exercitus
2363 3244 2609 3298 moveat,
2656 3242 2713 3288 et
2749 3233 3003 3303 quidquid
3031 3243 3281 3301 operetur
3304 3273 3319 3297 ,
3355 3247 3457 3285 non
3488 3232 3641 3286 facile

2057 3334 2134 3380 tot
2162 3325 2434 3379 hominum
2467 3324 2715 3378 ail‘ectum
2746 3324 2812 3377 ad
2847 3326 3079 3393 seipsum
3110 3323 3379 3377 attrahere
3408 3322 3636 3391 poterit,

2056 3415 2195 3485 quod
2227 3429 2368 3469 nunc
2407 3415 2497 3467 tibi
2529 3414 2684 3467 facile
2729 3414 2832 3467 erit
2868 3421 2923 3467 ct
2966 3413 3160 3466 nullius
3186 3412 3403 3481 negotii.
3434 3411 3561 3465 Nam
3587 3420 3642 3465 et

2058 3506 2333 3563 beneficiis
2367 3504 2539 3560 allecti
2566 3546 2580 3569 ,
2624 3515 2677 3560 et
2723 3505 2813 3574 qui
2861 3504 3125 3557 audierint
3162 3505 3359 3573 pariter
3387 3519 3505 3556 cum
3536 3503 3597 3556 iis
3620 3543 3638 3569 ,

2057 3599 2146 3667 qui
2176 3597 2431 3651 beneficia
2456 3595 2780 3664 acceperint,
2809 3609 2935 3663 erga
2960 3604 3011 3648 te
3040 3592 3295 3647 benevole
3316 3592 3637 3646 afﬁcientur.

2059 3688 2198 3756 Quot
2226 3688 2464 3756 pecuniis
2492 3688 2736 3751 emisses,
2767 3694 2898 3755 quot
2924 3684 3147 3738 emisses
3171 3681 3463 3747 laboribus,
3494 3681 3641 3737 brevi

2060 3779 2316 3847 temporis
2347 3786 2615 3830 momento
2648 3784 2815 3830 totum
2846 3774 3031 3828 orbem
3058 3772 3355 3841 acquirere.
3385 3780 3440 3825 et
3465 3771 3642 3824 omni-

2058 3870 2157 3924 bus
2184 3869 2273 3939 qui
2300 3883 2439 3922 nunc
2476 3876 2599 3921 sunt
2629 3866 2924 3934 futurisque
2963 3864 3303 3933 persuadere,
3362 3871 3418 3915 ut
3445 3869 3642 3931 quanta

2058 3960 2181 4013 filiis
2209 3959 2320 4012 suis
2348 3965 2554 4027 Optant,
2579 3967 2723 4011 tanta
2744 3966 2798 4011 et
2813 3956 2970 4024 capiti
2994 3965 3083 4010 tuo
3103 3962 3366 4023 optarent.
3388 3951 3444 4008 Si
3465 3961 3640 4006 autem

2059 4052 2126 4105 ab
2153 4051 2456 4105 hominibus
2480 4051 2612 4115 lizec,
2637 4051 2807 4118 cogita
2830 4057 3076 4117 quantam
3102 4062 3131 4099 a
3160 4046 3269 4100 Deo
3297 4046 3476 4113 capies
3501 4060 3644 4098 mer-

2059 4139 2269 4205 cedem,
2318 4155 2423 4193 non
2464 4148 2666 4192 tantum
2694 4153 2879 4192 eorum
2904 4179 2920 4203 ,
2952 4152 3070 4206 qua:
3102 4150 3242 4189 nunc
3272 4136 3421 4198 fiunt,
3462 4148 3642 4186 verum

2060 4239 2113 4283 et
2153 4244 2271 4298 qua:
2319 4237 2439 4297 post
2483 4230 2596 4282 ha‘c
2629 4227 2695 4281 ab
2736 4227 2855 4280 aliis
2901 4235 3241 4294 peragentur.
3289 4224 3345 4278 Si
3396 4239 3643 4292 umquam

2061 4324 2202 4377 enim
2230 4324 2502 4391 matingat
2529 4319 2643 4375 ﬁeri
2668 4320 2773 4374 tale
2798 4318 2941 4388 quid,
2975 4318 3129 4386 quale
3159 4330 3299 4371 nunc
3325 4316 3519 4369 factum
3540 4325 3644 4378 est,

2062 4412 2201 4482 qnod
2253 4412 2389 4465 Deus
2420 4418 2656 4472 avertat,
2703 4420 2756 4464 et
2802 4409 3047 4477 injuriam
3084 4420 3359 4475 passorum
3404 4402 3565 4473 aliqui
3594 4404 3646 4456 in

2064 4506 2440 4560 contumeliam
2471 4512 2720 4572 operatos
2746 4503 3023 4570 insurgere
3055 4499 3241 4563 velint,
3274 4496 3571 4568 benignitas
3594 4505 3650 4549 et

2063 4594 2400 4665 philosophia
2446 4602 2533 4646 tua
2575 4607 2672 4662 pro
2706 4591 2849 4645 omni
2897 4591 3026 4659 ipsis
3052 4589 3153 4642 erit
3180 4587 3453 4656 disciplina
3479 4586 3650 4640 etad-

2062 4686 2357 4740 monitione
2382 4702 2395 4737 :
2419 4684 2616 4738 rubore
2645 4681 2949 4752 pudoreque
2987 4679 3317 4745 afficientur,
3352 4678 3459 4731 tale
3485 4676 3647 4730 disci-

2065 4776 2221 4846 plina:
2242 4775 2547 4847 exemplum
2569 4774 2846 4839 habentes,
2871 4772 3150 4826 inferiores
3170 4784 3444 4839 apparere.
3469 4769 3650 4835 Itaque

2064 4866 2302 4920 omnium
2335 4873 2670 4935 posterorum
2699 4865 2806 4919 eris
2832 4873 3148 4932 prreceptor,
3195 4871 3249 4916 et
3274 4861 3499 4930 palmam
3522 4865 3649 4929 ipsis

2065 4957 2339 5027 prmripies
2359 4999 2375 5023 ,
2421 4958 2540 5010 licet
2570 4956 2635 5010 ad
2667 4956 2838 5025 ipsum
2868 4952 3220 5023 philosophiae
3249 4952 3499 5005 verticem
3533 4964 3652 5018 per-

2065 5048 2299 5104 veniant.
2325 5048 2439 5102 Non
2463 5048 2603 5101 enim
2628 5061 2721 5115 par
2742 5054 2843 5108 est,
2869 5044 3168 5113 quempiam
3196 5050 3393 5096 tantam
3415 5042 3652 5113 incipere

2067 5140 2445 5210 benignitatem
2479 5140 2728 5208 primum,
2755 5147 2809 5192 et
2829 5136 2893 5189 ad
2918 5136 3052 5190 alios
3074 5134 3445 5204 respicientem
3467 5147 3649 5187 eorum

2066 5243 2181 5286 acta
2220 5233 2434 5287 imitari.
2468 5232 2725 5299 Quocirca
2751 5230 3069 5298 quicumque
3096 5237 3213 5295 post
3260 5236 3311 5280 te
3355 5224 3653 5278 humanita-

2070 5336 2176 5379 tem
2206 5335 2260 5378 et
2290 5324 2747 5378 mansuetudinem
2779 5330 3261 5389 quantamcumque
3287 5316 3643 5380 exhibuerint,

2069 5427 2123 5469 tu
2164 5432 2282 5470 cum
2327 5416 2429 5469 illis
2477 5413 2776 5467 mercedem
2805 5412 3063 5483 accipies;
3104 5411 3193 5481 qui
3232 5409 3373 5463 enim
3420 5409 3653 5461 radicem

2070 5508 2314 5578 prathuit,
2346 5506 2428 5558 hic
2455 5504 2635 5571 utique
2666 5510 2720 5556 et
2746 5502 3007 5557 fructuum
3031 5510 3215 5554 auctor
3234 5509 3337 5554 est.
3366 5498 3655 5567 Propterea

2070 5615 2208 5652 nunc
2257 5596 2468 5665 quidem
2521 5610 2676 5649 nemo
2732 5606 2905 5649 tecum
2960 5592 3303 5646 humanitatis
3354 5587 3658 5644 mercedem

2070 5691 2249 5760 partiri
2275 5697 2480 5757 potest:
2506 5698 2650 5740 tuum
2669 5688 2811 5741 enim
2843 5685 3008 5741 solius
3033 5684 3281 5739 meritum
3314 5690 3428 5735 cst:
3453 5691 3508 5733 ιιι
3532 5693 3657 5732 vero

2067 5798 2186 5835 cum
2230 5778 2477 5832 omnibus
2517 5777 2744 5847 posteris
2769 5817 2783 5841 ,
2825 5777 2869 5830 si
2919 5776 3006 5845 qui
3038 5774 3172 5829 tales
3204 5787 3451 5842 umquam
3496 5786 3656 5838 appa-

2070 5882 2255 5938 reant,
2286 5885 2350 5925 ex
2382 5885 2535 5939 aequo
2566 5869 2813 5925 meritum
2842 5868 3080 5923 dividere
3113 5868 3312 5938 puteris
3335 5906 3349 5927 .
3378 5874 3429 5918 et
3459 5873 3658 5917 tantam

3222 5955 3294 6017 15
