4446 6710
805 391 909 446 219

804 513 1079 572 reportare
1107 517 1328 575 partem,
1354 518 1604 578 quautam
1628 510 1678 562 in
1699 509 1971 580 discipulis
1995 523 2375 585 prmeeptores:

807 606 861 649 et
889 597 933 650 si
964 613 1119 651 nemo
1155 599 1272 651 talis
1299 599 1491 664 fuerit,
1525 616 1732 654 rursum
1771 603 1863 656 tibi
1893 608 2382 662 commendationes

808 695 864 738 et
891 686 1068 740 laudes
1097 702 1191 755 per
1216 691 1450 758 singulas
1475 693 1793 759 proveniunt
1815 697 2208 764 generationes.
2241 699 2382 753 Cou-

811 772 984 827 sidera
1011 791 1236 845 namque
1263 778 1419 845 quale
1443 781 1514 834 sit
1537 791 1776 850 posteros
1803 797 1990 838 omnes
2017 787 2224 855 audire,
2247 787 2385 856 quod

809 870 914 914 tam
953 877 1138 933 magna
1178 865 1393 923 civitate
1421 883 1594 937 pretia:
1621 879 1677 924 et
1704 870 1892 924 ultioni
1919 872 2148 928 obnoxia
2169 917 2184 941 ,
2231 891 2386 945 pave-

811 951 961 1005 factis
987 955 1234 1010 omnibus
1253 998 1269 1020 ,
1311 967 1366 1012 et
1405 958 1716 1014 horrefactis
1761 960 1984 1016 ducibus
2004 1004 2018 1029 ,
2047 965 2309 1033 prmfectis
2337 975 2391 1021 ct

807 1038 1111 1107 judicihus,
1164 1059 1228 1100 ac
1273 1061 1343 1102 ne
1395 1062 1576 1102 vocem
1623 1049 1835 1117 quidem
1880 1066 1978 1120 pro
2029 1054 2236 1109 miseris
2289 1057 2391 1110 illis

811 1131 1058 1187 emittere
1085 1135 1424 1201 audentibus,
1453 1153 1590 1192 unus
1617 1141 1877 1195 accedens
1905 1157 2068 1197 senex
2095 1145 2185 1198 Dei
2211 1160 2392 1200 sacer-

815 1220 1019 1274 dotium
1047 1236 1236 1290 gerens
1255 1265 1270 1288 ,
1313 1240 1378 1279 ex
1405 1226 1519 1296 ipso
1547 1238 1763 1297 aspectu
1793 1231 1910 1284 solo
1951 1241 2005 1284 et
2032 1233 2297 1300 colloquio
2325 1235 2390 1288 ad

815 1313 1161 1364 reverentiam
1228 1313 1606 1383 Imperatorem
1679 1321 1887 1372 movit:
1921 1323 2140 1389 etquod
2195 1325 2390 1378 nemini

813 1412 1028 1453 suorum
1053 1402 1385 1458 subditorum
1413 1408 1696 1472 concessit,
1727 1409 1813 1460 uni
1841 1409 1941 1462 hoc
1965 1411 2078 1463 seni
2105 1415 2390 1480 concessit,

815 1487 912 1543 Dei
960 1489 1104 1559 leges
1143 1496 1418 1548 reveritus.
1453 1496 1658 1550 Etenim
1704 1498 1804 1551 hoc
1828 1514 2040 1568 quoque
2067 1501 2183 1569 ipso
2210 1518 2314 1556 non
2343 1515 2396 1558 te

817 1596 1024 1648 parum,
1054 1583 1362 1652 Imperator,
1406 1587 1592 1642 civitas
1625 1588 1939 1656 honoravit,
1970 1593 2109 1662 quod
2140 1609 2224 1648 me
2248 1597 2313 1648 ad
2343 1603 2396 1649 te

815 1670 1044 1739 legatum
1081 1675 1323 1742 miserit;
1369 1681 1687 1733 sententiam
1727 1682 1868 1734 enim
1895 1683 1963 1736 de
1985 1692 2036 1736 te
2064 1685 2312 1751 optimam
2341 1694 2396 1738 et

815 1760 1231 1826 pulcherrimam
1280 1769 1656 1834 protulerunt,
1704 1771 1846 1839 quod
1897 1773 2041 1826 omni
2083 1774 2393 1844 principatui

817 1849 912 1902 tibi
939 1851 1181 1921 subjecto
1211 1855 1302 1909 Dei
1329 1857 1632 1912 sacerdotes
1651 1870 1966 1928 anteponas,
1991 1863 2095 1916 etsi
2123 1865 2254 1918 viles
2277 1880 2398 1920 esse

817 1941 1105 2010 contingat.
1146 1943 1263 1998 Non
1312 1946 1380 1998 ab
1427 1946 1534 2000 illis
1586 1963 1715 2002 vero
1763 1957 1965 2004 tantum
2017 1969 2158 2008 nunc
2204 1955 2394 2018 venio,

819 2043 1000 2083 verum
1035 2041 1087 2084 et
1127 2042 1251 2087 ante
1293 2034 1414 2089 illos
1442 2051 1470 2088 a
1501 2039 1769 2093 communi
1817 2041 2127 2110 angelorum
2175 2043 2400 2100 Domino

819 2117 1014 2171 missus
1036 2134 1177 2184 sum,
1199 2132 1258 2175 ut
1280 2123 1394 2178 hare
1413 2125 1582 2178 dicam
1608 2128 1901 2183 mitissima:
1922 2144 1986 2184 ac
2007 2130 2400 2201 benignissimze

820 2209 1014 2263 anima:
1037 2220 1139 2265 tua:
1157 2230 1171 2263 :
1191 2213 1340 2279 Quod
1361 2216 1406 2268 si
1436 2215 1736 2272 hominibus
1758 2219 1993 2288 ipSorum
2024 2221 2196 2276 debita
2215 2225 2396 2278 dimit-

825 2300 947 2352 tatis
966 2340 982 2364 ,
1029 2311 1080 2354 et
1112 2301 1270 2357 Pater
1298 2306 1523 2359 celestis
1545 2306 1720 2376 lapsus
1746 2308 1897 2363 vobis
1925 2309 2152 2366 dimittet
2183 2312 2393 2383 (Matth.

819 2388 871 2442 6.
921 2390 1032 2455 14).
1077 2391 1377 2448 Recordare
1408 2397 1566 2464 igitur
1612 2398 1751 2451 illius
1792 2399 1929 2464 diei,
1973 2413 2078 2470 quo
2115 2417 2302 2458 omnes
2330 2403 2398 2458 de

821 2480 954 2533 actis
977 2482 1236 2536 rationem
1270 2485 1555 2541 reddemus
1580 2504 1593 2541 :
1615 2489 1784 2557 cogita
1824 2491 1964 2558 quod
2009 2492 2168 2546 etiam
2199 2495 2243 2546 si
2272 2495 2396 2563 quid

823 2565 876 2619 in
909 2577 962 2622 te
991 2581 1264 2637 peccatum
1284 2582 1375 2626 est
1398 2613 1414 2638 ,
1470 2590 1658 2630 omnes
1688 2577 1908 2632 abluere
1934 2581 2399 2647 prmvaricationes

821 2671 918 2723 per
957 2658 1216 2726 judicium
1268 2672 1322 2716 ct
1368 2667 1688 2721 sententiam
1737 2668 1894 2723 istam
1947 2672 2149 2738 poteris
2199 2673 2402 2743 absque

824 2745 1118 2814 laboribus,
1143 2751 1343 2821 absque
1363 2753 1666 2810 sudoribus.
1689 2757 1788 2810 Alii
1812 2773 2008 2828 nempe
2027 2761 2186 2830 legati
2209 2778 2398 2818 aurum

821 2847 876 2889 et
901 2850 1173 2906 argentum
1199 2850 1252 2894 et
1277 2843 1379 2896 alia
1405 2842 1705 2912 hujusmodi
1735 2847 1872 2901 dona
1899 2847 2080 2904 ferunt
2103 2868 2118 2916 ;
2151 2867 2250 2921 ego
2274 2869 2402 2909 vero

823 2941 942 2979 cum
983 2930 1152 2982 sacris
1175 2930 1240 2984 ad
1273 2931 1550 3000 imperium
1595 2943 1743 2989 tuum
1787 2937 1990 3007 legibus
2025 2941 2176 3006 veni,
2210 2952 2263 2996 et
2303 2958 2401 3012 pro

821 3015 977 3070 donis
1002 3019 1248 3074 omnibus
1279 3020 1374 3074 has
1399 3024 1676 3090 przeteudo
1701 3065 1716 3089 ,
1765 3036 1819 3081 et
1860 3037 1910 3081 te
1939 3028 2219 3084 Dominum
2252 3040 2399 3086 tuum

822 3107 1015 3160 imitari
1045 3099 1285 3178 supplico
1311 3152 1325 3172 .
1371 3113 1459 3182 qui
1500 3116 1740 3183 quotidie
1779 3133 1808 3172 a
1843 3119 1998 3172 nobis
2022 3123 2397 3176 contumeliam

823 3199 1030 3263 patiens
1057 3214 1160 3252 non
1185 3209 1359 3254 cessat
1392 3203 1527 3256 bona
1554 3217 1649 3258 sua
1691 3206 1936 3261 omnibus
1979 3209 2298 3264 ministrare.
2332 3210 2398 3264 Et

823 3303 890 3341 ne
914 3290 1207 3344 confundas
1227 3308 1376 3361 spem
1403 3306 1662 3361 nostram,
1685 3313 1784 3353 nec
1809 3301 2192 3368 promissiones
2220 3302 2400 3356 irritas

825 3379 1228 3436 facias:etcnim
1260 3393 1314 3438 et
1340 3385 1440 3439 hoc
1467 3401 1586 3440 cum
1617 3389 1736 3442 aliis
1761 3397 1814 3444 te
1840 3392 1980 3445 scire
2001 3393 2150 3455 volo,
2185 3393 2325 3461 quod
2354 3396 2398 3447 si

826 3472 1156 3524 reconciliari
1186 3473 1318 3527 vt-lis
1347 3484 1398 3528 et
1423 3477 1701 3545 pristinam
1742 3479 1942 3533 civitati
1975 3480 2397 3536 benevolentiam

819 3562 1247 3627 communicare,
1280 3575 1334 3618 et
1363 3565 1502 3620 hanc
1541 3569 1811 3622 remittere
1843 3569 2041 3638 justam
2084 3570 2399 3640 indignatio-

823 3663 965 3711 nem,
998 3666 1115 3704 cum
1150 3654 1313 3706 multa
1340 3665 1578 3711 revertar
1603 3658 1824 3725 fiducia;
1855 3661 1900 3714 si
1929 3676 2056 3716 vero
2097 3672 2279 3718 mente
2309 3672 2396 3717 tua

822 3739 1086 3794 civitatem
1115 3746 1440 3812 aSperneris,
1461 3762 1566 3804 non
1591 3757 1795 3804 tantum
1817 3751 1984 3819 ipsam
2009 3767 2113 3806 non
2134 3762 2395 3822 repetam,

821 3846 918 3885 nec
949 3832 1113 3900 ipsius
1139 3836 1311 3890 solum
1344 3837 1556 3905 videbo,
1585 3856 1768 3895 verum
1800 3852 1854 3896 et
1881 3843 1934 3896 in
1961 3843 2220 3912 reliquum
2248 3859 2398 3913 pror-

817 3936 910 3976 sus
951 3925 1188 3992 negabo,
1235 3935 1290 3980 et
1330 3927 1382 3979 in
1425 3928 1584 3982 aliam
1615 3945 1700 3983 me
1743 3931 2009 3986 civitatem
2039 3934 2392 3988 conscribam.

817 4009 896 4063 Ne
924 4012 1050 4064 mihi
1092 4028 1318 4082 namque
1356 4017 1560 4071 accidat
1605 4019 1656 4072 in
1697 4020 1838 4073 illam
1879 4036 2128 4092 umquam
2164 4023 2392 4079 adscribi

819 4101 1075 4166 patriam,
1106 4118 1228 4171 erga
1261 4120 1417 4170 quam
1465 4105 1878 4164 humanissimus
1917 4121 1970 4164 tu
1990 4153 2004 4176 ,
2036 4123 2090 4167 et
2120 4116 2392 4169 hominum

815 4197 1126 4244 cunctorum
1147 4193 1456 4248 mitissimus
1469 4199 1643 4262 pacari
1663 4201 2100 4270 reconciliarique
2118 4219 2220 4256 nou
2238 4205 2390 4258 velis.

887 4280 939 4332 4.
984 4279 1122 4333 Mitis
1151 4285 1406 4350 responsio
1427 4284 1778 4354 Imperatoris,
1806 4291 1891 4356 qui
1930 4293 2090 4357 parcit
2121 4293 2393 4346 Antioche-

816 4367 915 4419 nis.
1046 4368 1169 4423 Hrec
1195 4382 1248 4426 et
1289 4373 1370 4425 his
1400 4373 1545 4441 plura
1579 4375 1848 4442 loquutus,
1898 4379 1976 4432 sic
2014 4379 2392 4448 Imperatorem

816 4457 1099 4523 pudefecit,
1122 4469 1180 4512 nt
1197 4461 1334 4515 idem
1365 4461 1535 4529 fieret,
1565 4467 1703 4533 quod
1729 4477 1782 4520 et
1810 4469 1861 4522 in
1887 4467 2085 4539 Joseph
2109 4470 2235 4524 olim
2261 4487 2390 4524 con-

818 4549 952 4615 tigit.
1003 4547 1147 4603 Sicut
1177 4554 1318 4604 enim
1342 4553 1430 4607 ille
1459 4562 1583 4608 tunc
1615 4555 1804 4610 fratres
1829 4560 2184 4628 conspicatus,
2216 4564 2394 4630 lugere

811 4638 1024 4705 quidem
1046 4640 1277 4706 volebat,
1298 4643 1392 4696 sed
1409 4644 1649 4698 dolorem
1671 4648 1900 4713 tegebat,
1918 4664 1984 4702 ue
1998 4651 2391 4708 simulationem

813 4729 1062 4796 proderet
1089 4749 1102 4782 :
1137 4731 1212 4784 sic
1226 4733 2154 4809 etlmperatorlacrymahatquidem
2187 4751 2388 4808 mente,

812 4833 918 4870 non
943 4818 1343 4876 demonstrabat
1385 4834 1585 4890 autem,
1619 4829 1855 4881 omnium
1895 4831 1984 4898 qui
2013 4839 2137 4886 tunc
2170 4833 2393 4887 aderant

809 4921 988 4962 musa.
1018 4908 1317 4965 Nectamen
1335 4927 1503 4982 usque
1522 4916 1572 4967 in
1603 4916 1761 4969 linem
1785 4926 1972 4972 aestum
1999 4921 2174 4975 celare
2192 4923 2386 4990 potuit,

812 5012 995 5050 verum
1026 5009 1079 5051 et
1098 5001 1290 5054 invitus
1315 5003 1686 5070 superabatur.
1711 5005 1838 5059 Post
1864 5007 2001 5060 hanc
2017 5011 2158 5063 enim
2175 5014 2389 5065 concio-

813 5103 934 5139 nem
956 5089 1204 5142 secundis
1227 5106 1330 5143 non
1349 5106 1482 5160 opus
1511 5093 1689 5146 habuit
1706 5096 1906 5161 verbis,
1925 5097 2016 5149 sed
2042 5115 2198 5152 unmn
2217 5103 2388 5156 solum

811 5180 1060 5249 loquutus
1105 5191 1188 5235 est
1227 5183 1447 5238 verbum
1471 5226 1486 5247 ,
1515 5186 1655 5255 quod
1698 5187 1868 5255 ipsum
1899 5188 2195 5244 diademate
2226 5194 2392 5246 multo

808 5274 977 5340 magis
1002 5274 1230 5328 ornavit.
1258 5275 1395 5342 Quid
1424 5287 1601 5331 autem
1630 5277 1730 5332 hoc
1759 5279 1883 5331 est?
1915 5279 1974 5332 Et
2006 5282 2129 5348 quid
2159 5282 2386 5337 admira-

808 5363 912 5418 bile
937 5373 991 5418 et
1010 5381 1255 5434 magnum
1292 5377 1396 5434 est,
1428 5369 1616 5438 inquit,
1640 5369 1685 5424 si
1710 5371 1793 5436 iis,
1823 5372 1910 5440 qui
1935 5387 2030 5425 nos
2056 5374 2390 5428 contumeliis

807 5455 1135 5519 affecerunt,
1167 5457 1296 5510 iram
1326 5458 1659 5512 remittamus
1690 5461 1990 5515 hominibus
2016 5464 2387 5526 existentibus,

810 5562 934 5601 cum
952 5558 1004 5602 et
1021 5550 1116 5619 ipsi
1134 5549 1374 5603 homines
1392 5551 1576 5614 simus;
1597 5567 1716 5604 cum
1736 5554 1915 5606 mundi
1937 5555 2186 5609 Dominus
2201 5557 2251 5609 in
2285 5566 2392 5610 ter-

815 5655 928 5692 rain
955 5641 1302 5708 descendens,
1333 5651 1388 5697 ct
1418 5651 1631 5712 promer
1659 5657 1757 5698 nos
1793 5659 1981 5698 servus
2012 5648 2202 5710 factus,
2253 5658 2306 5702 et
2358 5663 2387 5700 a

811 5729 1074 5788 benecio
1103 5735 1304 5790 allectis
1343 5734 1653 5800 crucixus,
1706 5751 1802 5806 pro
1831 5736 2234 5793 crucifixorihus
2275 5739 2386 5796 suis

1535 395 1588 449 S.
1631 395 1907 455 JOANNIS
1945 399 2417 457 CIIIlYSOSTOMI
2459 409 2773 468 ARCIIIEI.
2816 419 3342 482 CONSTANTINOP.

3952 442 4062 499 220

2490 527 2699 584 Patrem
2755 537 3008 600 oraverit,
3061 539 3288 596 dicens:
3337 539 3550 612 Ignosce
3593 544 3716 610 illis,
3771 565 3872 605 non
3932 561 4064 611 enim

2491 621 2661 674 sciunt
2689 626 2816 694 quid
2838 628 3028 698 faciunt
3053 631 3073 702 (
3093 631 3220 689 Luc.
3246 633 3336 689 9.3.
3367 635 3436 688 54
3465 634 3522 704 )?
3547 637 3669 704 quid
3711 638 3868 708 igitur
3892 646 4065 702 adnuis

2489 709 2683 778 rabile,
2715 717 2884 774 sinos
2907 724 3180 779 conservis
3226 726 3600 796 ignoscamus?
3646 728 3711 782 Et
3761 735 3904 802 quod
3952 738 4067 793 hac

2493 803 2657 857 verba
2685 821 2789 861 non
2817 809 2924 864 sint
2949 814 3235 883 simulatio,
3282 818 3713 875 demonstrarunt
3753 823 3967 892 quidem
4014 839 4070 883 et

2493 893 2695 962 reliqua
2723 911 2907 965 opera,
2936 918 3035 958 nec
3059 906 3124 959 iis
3151 907 3323 964 minus
3351 910 3476 965 illud
3502 912 3642 982 quod
3668 929 3808 969 nunc
3834 929 3951 969 sum
3975 933 4068 972 re-

2494 979 2715 1038 laturus.
2761 986 2938 1055 Ipsum
2975 995 3116 1048 enim
3163 997 3303 1053 hunc
3351 979 3682 1058 sacerdotem
3707 1019 3886 1060 secum
3933 1005 4072 1064 hanc

2495 1070 2888 1131 solemnitatem
2919 1082 3194 1142 celebrare
3215 1089 3502 1156 volentem,
3542 1095 3761 1150 invitum
3783 1112 4071 1166 properare

2496 1171 2550 1216 et
2579 1164 2830 1220 festinare
2849 1173 3025 1240 coegit
3044 1187 3098 1229 et
3116 1181 3389 1236 secivihns
3403 1184 3676 1241 exhibere.
3699 1164 3856 1256 Novi,
3877 1164 4070 1262 inquit,

2498 1268 2637 1308 nunc
2663 1255 2895 1322 ipsorum
2917 1261 3123 1318 animos
3142 1272 3506 1337 conturbatos,
3545 1285 3600 1330 et
3645 1278 3839 1333 multas
3885 1255 4074 1348 super-

2498 1358 2617 1399 esse
2633 1347 2952 1403 calamitatis
2982 1354 3270 1424 reliquias;
3301 1361 3407 1428 alii,
3434 1367 3730 1422 consolare.
3775 1368 3832 1426 Si
3876 1347 4075 1442 guber-

2499 1445 2739 1489 natorem
2759 1437 3006 1508 viderint,
3028 1459 3123 1498 nec
3141 1451 3423 1514 prieteritze
3441 1455 3850 1513 reminiscentur
3866 1437 4074 1530 tempe-

2497 1528 2670 1592 statis,
2704 1544 2887 1585 verum
2917 1543 2971 1586 et
3005 1535 3173 1603 ipsam
3220 1540 3447 1594 tristiutn
3508 1547 3815 1602 memoriam
3861 1528 4074 1606 omnem

2498 1614 2772 1674 delebunt.
2801 1619 2873 1675 Ut
2894 1633 3068 1678 autem
3094 1625 3283 1680 institit
3309 1630 3549 1698 pontifex
3575 1645 3782 1702 petens,
3817 1648 3874 1692 ut
3905 1639 4075 1694 lilium

2499 1719 2652 1759 suum
2678 1707 2937 1773 mitteret.
2969 1716 3154 1770 volens
3183 1716 3272 1771 ille
3295 1720 3573 1777 manifeste
3603 1723 3990 1794 demonstrare,
4014 1745 4078 1785 se

2500 1801 2710 1867 penitus
2741 1803 2871 1856 iram
2902 1815 3080 1860 mente
3123 1807 3426 1865 delevisse:
3458 1811 3618 1866 Orate
3644 1855 3658 1879 ,
3706 1817 3914 1887 inquit,
3961 1823 4079 1875 lucc

2502 1887 2698 1944 auferri
2730 1893 3020 1960 obstacula,
3054 1895 3170 1950 haec
3213 1897 3348 1954 bella
3377 1901 3632 1971 extingui,
3659 1915 3712 1958 et
3738 1921 3837 1974 ego
3863 1909 4076 1963 veniam

2507 1980 2746 2033 omnino.
2770 1981 2906 2048 Quid
2927 1985 3104 2038 anima
3135 1987 3315 2042 mitius
3339 1988 3424 2042 illa
3453 2005 3573 2046 esse
3601 1995 3806 2062 possit?
3834 1995 4077 2050 Confun-

2502 2067 2696 2123 dantur
2719 2071 2947 2140 gentiles
2971 2074 3038 2130 de
3059 2076 3284 2147 reliquo,
3307 2080 3545 2148 quinimo
3572 2098 3638 2137 ne
3662 2085 4076 2150 confundantur,

2502 2159 2594 2212 sed
2621 2161 2963 2230 erudiantur,
3011 2174 3067 2220 et
3109 2169 3378 2236 proprium
3409 2171 3712 2226 omittentes
3740 2190 3978 2230 errorem
4008 2177 4078 2230 ad

2500 2247 2890 2304 Christianismi
2907 2253 3153 2308 virtutem
3173 2256 3411 2320 redeant,
3437 2269 3671 2313 nostram
3700 2263 3769 2315 ab
3797 2263 4081 2334 Imperato-

2501 2351 2560 2390 re
2579 2345 2630 2391 et
2650 2339 2899 2408 pontifice
2917 2340 3058 2396 docti
3077 2342 3487 2414 philosophiam.
3517 2348 3634 2404 Non
3655 2353 3795 2404 enim
3820 2352 4079 2408 hactenus

2504 2435 2628 2482 tunc
2646 2430 2878 2485 substitit
2904 2433 3173 2500 piissimus
3202 2434 3518 2504 Imperator,
3543 2439 3639 2492 sed
3691 2449 3744 2494 et
3795 2451 4078 2512 postquam

2501 2532 2567 2571 ex
2597 2519 2729 2575 urbe
2747 2523 2998 2577 sacerdos
3019 2525 3182 2579 exivit
3201 2536 3254 2580 ct
3284 2529 3592 2596 pertransiit
3621 2545 3787 2596 mare,
3837 2534 3982 2587 misit
4005 2533 4077 2589 ad

2502 2623 2622 2664 emn
2635 2613 2913 2682 quosdam,
2936 2616 3210 2671 sciscitans
3238 2626 3294 2672 et
3323 2631 3587 2690 satagens,
3618 2636 3684 2674 ne
3712 2622 3848 2677 forte
3870 2632 4076 2693 tempus

2505 2713 2767 2760 tereretur
2820 2716 2874 2760 et
2917 2708 3118 2764 civitati
3165 2711 3490 2780 voluptatem
3540 2713 3880 2777 diminuerct,
3925 2725 4077 2768 extra

2505 2799 2688 2854 urbem
2709 2801 3103 2857 solemnitatem
3134 2818 3412 2874 peragens.
3444 2805 3572 2873 Quis
3606 2814 3754 2874 pater
3780 2807 3921 2859 ruitis
3957 2818 4077 2861 tau-

2506 2897 2610 2941 tam
2637 2888 2705 2944 de
2730 2892 3105 2946 contumeliam
3137 2893 3488 2948 inferentibus
3515 2910 3694 2950 curam
3723 2896 3864 2965 egit?
3895 2897 4076 2951 Dicam

2502 2988 2557 3033 et
2582 2979 2736 3033 aliam
2757 2982 2884 3050 justi
2912 2983 3144 3038 laudem.
3176 2985 3268 3038 llis
3292 2986 3434 3040 enim
3463 2987 3724 3056 expeditis
3770 3004 3873 3043 non
3922 2990 4077 3044 festi-

2503 3070 2668 3138 navit,
2694 3083 2751 3126 ut
2770 3073 2906 3127 alius
2927 3075 3109 3144 glorire
3128 3075 3370 3145 cupidus,
3394 3078 3507 3146 ipse
3532 3078 3712 3131 literas
3734 3079 3877 3132 illam
3905 3082 4076 3134 tristi-

2504 3164 2628 3217 tiam
2657 3166 2930 3220 solventes
2956 3165 3200 3232 defcrre;
3245 3167 3340 3222 sed
3384 3170 3629 3238 quoniam
3677 3171 3869 3225 lentius
3922 3172 4072 3236 ibat,

2504 3255 2666 3308 alinrn
2691 3257 2974 3324 quemdam
3008 3258 3261 3314 velociter
3291 3260 3529 3329 equitare
3567 3260 3780 3316 doctum
3828 3276 3886 3316 se
3933 3277 4075 3331 prze-

2502 3353 2714 3399 vertcre
2735 3347 2958 3415 rogavit,
2991 3356 3045 3400 et
3065 3348 3200 3402 bona
3221 3349 3421 3403 civitati
3450 3351 3634 3403 nuntia
3656 3349 3870 3418 afferre,
3917 3365 3983 3404 ne
4009 3367 4078 3406 ex

2503 3439 2706 3493 reditus
2725 3441 2804 3494 sui
2849 3440 3142 3495 tardatione
3197 3442 3407 3495 tristitia
3458 3444 3877 3512 prolongaretur.
3925 3445 4078 3510 Quod

2503 3531 2646 3584 enim
2691 3531 2805 3598 ipse
2829 3531 3116 3600 quaerebat,
3143 3533 3314 3586 solum
3344 3543 3477 3598 erat,
3501 3549 3608 3589 non
3648 3543 3705 3588 ut
3733 3536 3844 3603 ipse
3874 3536 4079 3588 veniret

2501 3623 2638 3678 bona
2664 3622 2777 3677 lucc
2800 3623 3046 3678 deferens
3092 3625 3375 3693 voluptatis
3420 3626 3600 3680 multa:
3647 3625 3823 3695 plena,
3871 3625 3965 3680 sed
4017 3635 4075 3678 ut

2501 3729 2664 3786 ocyus
2687 3715 2838 3770 nobis
2861 3716 3028 3785 patria
3058 3718 3366 3785 respiraret.

2569 3807 2896 3861 Lectisternia
2920 3809 2973 3861 in
2997 3809 3142 3862 rebus
3181 3808 3329 3864 (retis.
3448 3809 3598 3875 Quod
3639 3809 3797 3879 igitur
3827 3817 3951 3863 tunc
4000 3808 4080 3861 fe-

2498 3900 2667 3965 cistis,
2697 3899 2870 3953 forum
2894 3910 3231 3966 coronantes,
3261 3911 3314 3956 et
3342 3903 3585 3955 lucernas
3612 3902 3988 3966 accendentes,
4023 3910 4079 3954 et

2499 3990 2669 4044 lectos
2689 4001 2813 4043 ante
2839 3989 3079 4045 officinas
3104 4001 3508 4060 componentes,
3540 4001 3594 4045 et
3622 4001 3885 4060 tamquam
3907 4006 4078 4058 nuper

2498 4082 2715 4134 civitate
2746 4090 2864 4135 nata
2888 4123 2904 4148 ,
2933 4083 3122 4138 festum
3148 4093 3368 4152 agentes
3389 4125 3404 4149 ,
3453 4083 3554 4136 hoc
3599 4083 3754 4137 aliter
3799 4099 3892 4150 per
3917 4097 4078 4135 omne

2501 4171 2659 4224 facite
2688 4180 2918 4240 tempus,
2952 4190 3056 4228 non
3089 4174 3334 4229 floribus.
3362 4173 3455 4227 sed
3479 4173 3672 4227 virtute
3693 4188 3786 4226 vos
3813 4187 4078 4226 coronau-

2501 4269 2603 4326 tes,
2633 4262 2807 4317 lumen
2837 4280 2930 4333 per
2969 4281 3129 4334 opera
3160 4267 3211 4318 in
3242 4265 3415 4317 anima
3461 4275 3636 4317 vestra
3685 4265 4037 4319 accendentes
4058 4305 4073 4323 ,

2504 4353 2762 4421 spirituali
2789 4356 3079 4424 gaudentes
3108 4355 3311 4415 latitia,
3356 4366 3410 4408 et
3438 4356 3545 4408 Deo
3595 4355 3812 4410 assidue
3857 4371 3950 4424 pro
3993 4356 4078 4409 his

2499 4445 2744 4498 omnibus
2773 4447 2970 4514 gratias
2997 4458 3154 4513 agere
3182 4459 3290 4498 non
3309 4443 3615 4499 desinamus
3661 4464 3675 4498 :
3730 4462 3833 4498 non
3865 4457 4072 4499 tantum

2499 4537 2747 4603 quoniam
2775 4538 2954 4607 gravia
2984 4537 3162 4601 solvit,
3196 4551 3376 4589 verum
3407 4537 3656 4606 quoniam
3699 4544 3754 4590 et
3797 4537 3907 4604 ipsa
3961 4535 4077 4589 fieri

2501 4629 2756 4696 permisit,
2782 4631 2831 4686 ei
2863 4629 3087 4683 multum
3117 4627 3216 4696 ipsi
3247 4643 3344 4681 nos
3368 4628 3565 4684 debere
3587 4628 3959 4690 confiteantur;
3982 4641 4079 4694 per

2499 4735 2720 4794 utraque
2749 4725 2892 4777 enim
2936 4721 3088 4774 nobis
3133 4720 3396 4774 civitatem
3451 4722 3682 4774 ornavit.
3734 4721 3857 4773 ll:ec
3896 4727 4071 4770 autem

2499 4819 2698 4880 omnia,
2727 4813 3020 4869 secundum
3043 4809 3413 4878 propheticum
3439 4808 3870 4880 eloquium,filiis
3887 4809 4079 4860 vestris

2500 4908 2834 4969 aununtiate,
2864 4911 2918 4958 et
2941 4901 3030 4954 lilii
3062 4901 3222 4954 vestri
3250 4901 3372 4955 filiis
3391 4903 3522 4965 suis,
3554 4909 3609 4954 et
3631 4899 3706 4954 illi
3741 4911 3952 4952 rursum
3981 4911 4072 4964 ge-

2497 4997 2757 5052 nerationi
2791 4991 3176 5063 postemerl
3222 4995 3272 5048 I.
3303 4993 3393 5065 5),
3425 5001 3483 5047 ut
3532 5004 3718 5044 omnes
3771 4989 3861 5058 qui
3910 5003 4077 5056 usque

2496 5091 2562 5146 ad
2584 5087 3098 5144 consummationem
3136 5085 3298 5141 futuri
3350 5091 3494 5150 sunt,
3548 5081 3648 5135 Dei
3691 5079 4077 5132 humanitatem

2495 5182 2693 5236 civitati
2721 5180 3006 5232 cxhibitam
3033 5179 3319 5241 discentes,
3372 5190 3468 5230 nos
3512 5171 3724 5242 quidem
3767 5169 4078 5223 beatiticent

2499 5282 2700 5327 tantam
2733 5281 2916 5326 nactos
2943 5271 3369 5326 benevolentiam
3396 5284 3411 5330 ;
3440 5265 3769 5319 admirentur
3796 5272 3972 5316 autem
4018 5270 4076 5315 ct

2497 5366 2769 5421 dominum
2796 5375 3053 5429 nostrum,
3076 5366 3165 5434 qui
3185 5365 3262 5417 sic
3284 5363 3481 5426 lapsam
3501 5355 3764 5410 civitatem
3784 5355 4074 5416 relevavit;

2500 5458 2769 5512 lucrentur
2797 5467 2848 5511 et
2871 5457 2990 5525 ipsi,
3025 5467 3222 5525 perque
3245 5450 3426 5504 taliqu
3448 5457 3714 5516 gestorum
3736 5447 3975 5512 exempla
4007 5445 4074 5497 ad

2497 5552 2744 5620 pietatem
2778 5549 3155 5618 impellantur:
3189 5556 3293 5594 non
3321 5539 3462 5592 enim
3485 5552 3582 5591 nos
3614 5547 3842 5601 tantum,
3873 5538 3916 5588 si
3942 5535 4078 5602 ipso-

2495 5661 2611 5698 rum
2635 5658 2847 5712 semper
2880 5638 3245 5697 recordcmur,
3269 5645 3452 5686 verum
3887 5641 4075 5730 ww.

2498 5753 2614 5807 qua:
2638 5735 2788 5789 nobis
2813 5737 3100 5787 evenerunt
3122 5725 3372 5790 narratio,
3396 5726 3632 5779 maxime
3649 5723 3839 5790 juvare
3862 5723 4072 5788 poterit.
