4446 6702
181 495 299 552 ΞΗ)

181 628 302 666 τος.
345 611 510 666 πάλιν
550 631 629 668 σοι
657 615 725 668 τά
752 614 860 668 τῶν
901 611 1194 681 ἐγκωμίων
1226 610 1318 662 καὶ
1339 608 1448 662 τῶν
1470 609 1708 662 ἐπαίνων
1747 609 1866 664 καθ’

181 697 438 770 ἑκάστην
487 702 760 755 ἐπιδίδωσι
816 703 914 771 τὴν
944 697 1161 768 γενεάν.
1206 696 1492 766 Ἐννόησον
1543 695 1651 768 γὰρ
1687 696 1870 768 ἡλίκον

181 786 310 836 ἐστὶ
339 789 468 852 τούς
508 791 646 860 μετά
673 790 845 844 ταῦτα
881 787 1090 846 πάντας
1118 782 1359 846 ἀκούειν,
1389 783 1470 836 δτι
1498 784 1703 848 πόλεως
1729 785 1870 838 οὕτω

187 874 444 945 μεγάλης
462 880 558 931 καὶ
589 877 891 931 ύπευθύνου
918 871 1135 924 κολάσει
1164 871 1256 922 καὶ
1283 870 1521 941 τιμωρίᾳ
1549 873 1866 941 γενομένης,

183 967 546 1032 πεφρικότων
604 966 884 1021 ἁπάντων,
919 957 1014 1010 καὶ
1053 957 1369 1010 δεδοικότων
1405 959 1725 1030 στρατηγῶν
1773 959 1869 1012 καὶ

183 1047 459 1119 ὑπάρχων
490 1053 584 1104 καὶ
615 1045 905 1108 δικαστῶν,
950 1045 1044 1097 καὶ
1075 1044 1196 1097 οὐδέ
1230 1044 1411 1115 φωνὴν
1443 1048 1600 1117 ῥῆξαι
1627 1045 1865 1115 τολμῶν-

182 1149 300 1186 των
332 1137 473 1208 ὑπὲρ
502 1137 610 1189 τῶν
632 1134 832 1188 ἀθλίων
858 1131 1104 1194 ἐκείνων,
1123 1125 1204 1194 εἷς
1237 1132 1520 1202 παρελθὼν
1551 1131 1866 1203 πρεσϐύτης

181 1220 284 1276 τοῦ
306 1221 446 1274 θεοῦ
476 1223 575 1290 τὴν
607 1215 908 1288 ἱερωσύνην
933 1216 1409 1287 ἐγκεχειρισμένος
1430 1218 1537 1272 ἀπὸ
1563 1219 1660 1287 τῆς
1691 1215 1868 1283 ὅψεως

185 1309 368 1380 μόνης
389 1311 580 1377 αὐτῆς,
601 1306 694 1358 καὶ
723 1305 887 1376 ψιλῆς
904 1304 1004 1373 τῆς
1036 1305 1323 1374 συντυχίας
1343 1304 1595 1376 ἐνέτρεψε
1618 1304 1710 1355 τὸν
1730 1317 1868 1370 κρα-

182 1397 393 1449 τοῦντσ.
413 1413 425 1424 ·
457 1396 550 1447 καὶ
571 1393 599 1444 ὃ
631 1391 823 1462 μηδενὶ
848 1392 957 1444 τῶν
997 1391 1087 1444 ὑπ’
1116 1393 1278 1446 αὐτὸν
1319 1393 1634 1463 ἐχαρίσατο,
1661 1389 1744 1441 ἐνί
1776 1387 1866 1454 γέ-

183 1502 342 1554 ροντι
371 1482 530 1534 τοῦτο
559 1480 724 1534 ἔδωκε
758 1482 884 1542 τούς
912 1477 1007 1532 τοῦ
1037 1479 1171 1533 Θεοῦ
1202 1481 1397 1552 νόμους
1434 1478 1717 1538 αἰδεσθείς.
1757 1475 1861 1532 Καὶ¹

180 1571 299 1640 γάρ
330 1569 426 1620 καὶ
452 1566 626 1634 τούτῳ
643 1565 789 1636 αὐτῷ
810 1567 867 1619 οὐ
897 1567 1106 1639 μικρῶς
1129 1587 1208 1632 σε,
1229 1562 1274 1622 ὦ
1300 1565 1542 1638 βασιλεῦ,
1567 1565 1859 1633 τετίμηκεν

181 1660 218 1725 ἡ
252 1658 427 1716 πόλις,
460 1654 559 1723 ἐμὲ
593 1655 726 1724 πρὸς
755 1655 854 1724 τὴν
892 1655 1187 1726 πρεσϐείαν
1214 1655 1421 1724 ταύτην
1461 1651 1854 1706 ἀποστείλασα·

181 1745 370 1811 Ψῆφον
393 1741 502 1810 γὰρ
529 1741 754 1811 ἀρίστην
788 1741 1086 1812 ἐξήνεγκαν
1113 1744 1241 1814 περὶ
1279 1741 1370 1795 σοῦ
1399 1741 1494 1794 καὶ
1532 1739 1821 1808 καλλίστην
1840 1777 1855 1796 ,

180 1830 269 1880 ὅτι
334 1829 436 1895 τῆς
482 1826 656 1896 ἀρχῆς
716 1827 934 1898 ἀπάσης
986 1828 1087 1896 τῆς
1147 1827 1253 1881 ὐπὸ
1301 1828 1359 1879 σὲ
1393 1838 1420 1866 ιι
1453 1826 1730 1894 κειμένης,
1765 1823 1859 1876 τοῦ

180 1913 324 1967 Θεοῦ
349 1914 479 1974 τοὺς
504 1915 684 1982 ἱερέας
720 1917 1010 1985 προτιμᾷς,
1028 1915 1132 1968 κᾶν
1155 1914 1391 1976 εὐτελεῖς
1421 1914 1571 1974 ὅντες
1603 1912 1858 1980 τύχωσιν.

179 2003 262 2053 Οὐ
295 2000 430 2070 παρ’
461 2002 684 2054 ἐκείνων
716 2003 771 2056 δέ
796 2004 916 2072 ἦκω
948 2003 1043 2057 νῦν
1071 2003 1250 2074 μόνον,
1293 2001 1429 2056 άλλά
1459 2001 1552 2053 καὶ
1585 2000 1691 2069 πρὸ
1714 1998 1862 2050 ἐκεί-

176 2103 292 2138 νων
325 2085 482 2155 παρά
502 2085 598 2138 τοῦ
626 2087 805 2140 κοινοῦ
832 2088 941 2142 τῶν
969 2089 1216 2158 ἀγγέλων
1257 2086 1604 2155 ἀπέσταλμαι
1654 2080 1860 2134 Δεσπό-

176 2189 301 2230 του,
336 2171 515 2226 ταῦτα
543 2175 715 2226 εἰπεῖν
742 2177 876 2246 πρὸς
909 2177 1007 2245 τὴν
1031 2176 1392 2246 ἡμερωτάτην
1440 2189 1534 2224 σου
1565 2170 1659 2222 καὶ
1694 2184 1864 2237 πραοο

175 2256 356 2324 τάτην
376 2259 575 2328 ψυχὴν,
590 2259 669 2312 ὅτι
685 2261 780 2314 “Av
794 2262 968 2330 ἀφῆτε
983 2265 1096 2323 τοῖς
1105 2259 1416 2330 ἀνθρώποις
1427 2256 1496 2310 τά
1517 2253 1862 2323 ὀφειλήματα

174 2342 384 2404 αὐτων,
405 2342 501 2393 καὶ
528 2343 556 2393 ό
581 2342 770 2412 Πατὴρ
788 2344 940 2413 ὐμῶν
961 2346 988 2395 δ
1007 2345 1257 2413 οὐράνιος
1278 2344 1480 2412 ἀφήσει
1509 2341 1638 2410 ὑμῖν
1661 2340 1730 2391 τά
1757 2356 1862 2390 ἰτα⁸

177 2427 533 2496 ραπτὼματα
561 2429 734 2498 ὑμῶν.
789 2432 1196 2503 Ἀναμνήσθητι
1254 2431 1433 2484 τοίνυν
1495 2427 1592 2497 τῆς
1646 2427 1861 2496 ἡμέρας

170 2513 418 2582 ἐκείνης,
450 2515 571 2568 καθ’
605 2517 670 2587 ἢν
688 2519 925 2580 ἅπαντες
943 2518 1098 2588 δίκην
1116 2516 1360 2587 δώσομεν
1383 2514 1632 2583 περὶτῶν
1649 2532 1860 2584 πεπρα·

170 2598 398 2666 γμένων
421 2620 432 2630 ·
476 2603 727 2672 ἐννόησον
750 2643 764 2667 ,
794 2605 876 2657 δτι
901 2606 950 2657 εἰ
992 2605 1085 2657 καί
1115 2605 1165 2656 τί
1203 2621 1286 2656 σοι
1324 2603 1656 2673 ἡμάρτηται,
1683 2603 1856 2656 πάντα

169 2685 546 2753 ἀπονίψασθαι
571 2691 818 2763 δδυνήσῃ
836 2693 904 2744 τά
944 2690 1390 2760 πλημμελήματα
1424 2690 1510 2742 διὰ
1547 2689 1644 2759 τῆς
1674 2689 1855 2758 ψήφου

170 2775 268 2824 καὶ
301 2775 408 2841 τῆς
442 2775 664 2849 γνώμης
692 2779 914 2849 ταύτης,
950 2779 1119 2850 χωρὶς
1150 2779 1348 2840 πόνων,
1389 2777 1559 2847 χωρὶς
1593 2777 1853 2847 ἱδρώτων.

173 2863 366 2916 Ἀλλοι
399 2866 494 2934 μὲν
515 2864 608 2920 οὖν
640 2869 1066 2939 πρεσϐευόμενοι
1098 2868 1316 2938 χρυσίον
1349 2869 1442 2920 καὶ
1468 2867 1728 2938 ἀργύριον
1763 2867 1855 2918 καὶ

168 2950 342 3020 ἕτερα
370 2953 592 3006 τοιαῦτα
625 2955 774 3025 δῶρα
803 2955 1140 3025 κομίζουσιν·
1173 2955 1283 3023 ἐγὼ
1305 2955 1362 3007 δέ
1390 2955 1528 3025 μετὰ
1562 2954 1670 3006 τῶν
1695 2953 1855 3024 ἱερῶν

169 3039 316 3106 πρὸς
352 3041 453 3112 τὴν
482 3042 580 3111 σὴν
605 3041 885 3112 βασιλείαν
918 3044 1157 3112 ἀφῖγμαι
1185 3043 1386 3112 νόμων,
1416 3043 1509 3094 καὶ
1525 3041 1648 3094 ἀντὶ
1667 3039 1856 3112 δώρων

166 3131 438 3184 ἁπάντων
465 3133 690 3198 τούτους
708 3135 978 3205 προτείνω
999 3151 1014 3166 ο
1046 3135 1141 3188 καὶ
1175 3133 1478 3203 παρακαλῶ
1513 3148 1574 3184 σε
1611 3133 1859 3202 μιμήσα-

169 3219 301 3271 σθαί
335 3237 430 3272 σου
457 3221 547 3273 τὸν
575 3222 946 3293 Δεσπότην,ὃ;
973 3221 1095 3275 καθ’
1123 3220 1332 3292 ἡμέραν
1361 3219 1492 3291 παρ’
1523 3219 1680 3289 ἡμῶν
1703 3219 1855 3286 ὐϐρι-

167 3305 427 3376 ζὸμενος,
445 3309 505 3360 οὐ
523 3309 868 3380 διαλιμπάνει
896 3310 963 3362 τὰ
992 3310 1121 3378 παρ’
1146 3306 1340 3360 ἐαυτοῦ
1371 3307 1624 3378 χορηγῶν
1657 3305 1850 3360 ἅπασι·

167 3394 265 3446 καὶ
301 3395 377 3463 μὴ
408 3397 774 3466 καταισχύνῃς
791 3397 949 3467 ἡμῶν
966 3396 1060 3457 τάς
1087 3395 1326 3458 ἐλπίδας.
1350 3394 1485 3465 μηδέ
1511 3393 1740 3464 ἐλέγξῃς
1754 3394 1852 3456 τάς

168 3481 520 3549 ὑποσχέσεις.
551 3485 659 3535 Καὶ
686 3485 793 3552 γὰρ
823 3483 916 3536 καὶ
943 3482 1100 3534 τοῦτό
1129 3499 1188 3534 σε
1223 3482 1362 3551 μετά
1379 3481 1490 3535 τῶν
1516 3481 1690 3536 ἄλλων
1719 3481 1853 3533 εἰδέ-

166 3586 258 3620 ναι
296 3569 582 3639 βούλομαι,
622 3571 704 3622 ὅτι
733 3573 782 3622 εί
814 3570 912 3638 μὲν
946 3569 1267 3639 βουληθείης
1308 3569 1715 3638 καταλλαγῆναι
1757 3569 1852 3620 καὶ

165 3654 267 3723 τῆς
303 3657 578 3726 προτέρας
607 3656 818 3717 εὐνοίας
862 3655 1184 3726 μεταδοῦναι
1205 3659 1272 3724 τῇ
1301 3655 1473 3718 πόλει,
1507 3656 1600 3709 καὶ
1628 3654 1725 3726 τὴν
1755 3655 1851 3722 όρ-

164 3742 272 3809 γὴν
316 3743 536 3808 ἀφεῖναι
563 3741 660 3810 τὴν
683 3741 896 3793 δικαίαν
928 3741 1155 3811 ταύτην,
1191 3741 1328 3811 μετά
1363 3742 1566 3811 πολλῆς
1611 3741 1847 3794 ἀπελεύ-

164 3844 338 3896 σομαι
363 3828 464 3896 τῆς
483 3827 796 3899 παρρησίας
816 3846 829 3858 ·
866 3831 914 3881 εἰ
938 3829 995 3881 δὲ
1029 3829 1280 3891 ἐκϐάλοις
1310 3829 1409 3897 τὴν
1433 3829 1589 3881 πόλιν
1610 3830 1708 3899 τῆς
1734 3828 1849 3881 διας

165 3915 322 3975 νοίας
349 3913 450 3982 τῆς
495 3918 614 3984 σῆς,
647 3915 706 3966 οὐ
741 3916 902 3984 μόνον
939 3917 1038 3968 οὐκ
1072 3916 1447 3985 ἐπιϐήσομαι,
1497 3915 1618 3968 οὐδέ
1645 3915 1846 3985 ὂψομαι

165 4003 342 4070 σύτῆς
370 4003 430 4054 τὸ
460 4002 672 4070 ἔδαφος.
701 4002 836 4055 ἀλλά
869 4003 961 4056 καὶ
1007 4006 1317 4072 ἀρνήσομαι
1369 4003 1541 4072 αὐτὴν
1593 4003 1849 4068 καθάπαξ

164 4090 382 4151 λοιπὸν,
415 4091 509 4143 καὶ
537 4092 616 4153 εἰς
648 4091 842 4160 ἐτέραν
863 4091 1103 4160 ἐμαυτὸν
1127 4091 1390 4162 ἐγγράφω
1421 4092 1597 4144 πόλιν.
1617 4091 1711 4161 Μὴ
1740 4091 1848 4160 γάρ

168 4197 261 4246 μοι
284 4180 502 4247 γένοιτο
547 4181 780 4251 πατρίδα
815 4178 1226 4248 ἐπιγράψασθαί
1277 4195 1408 4231 ποτε
1443 4179 1680 4249 ἐκείνην,
1713 4179 1849 4249 πρὸς

164 4273 232 4335 ἣν
275 4272 304 4320 ὁ
344 4269 858 4339 φιλανθρωπότατος
887 4270 950 4321 σύ
987 4269 1081 4320 καὶ
1119 4269 1338 4320 πάντων
1371 4268 1676 4338 ἀνθρώπων
1707 4271 1848 4339 ἡμε-

166 4357 415 4422 ρώτατος
453 4358 552 4410 οὐκ
577 4357 645 4410 ἂν
675 4357 817 4409 ἕλοιο
853 4355 1181 4410 σπείσασθαι
1203 4358 1297 4408 καὶ
1319 4356 1750 4423 καταλλαγῆναι.

233 4445 300 4496 δ’.
329 4445 514 4498 Ταῦτα
537 4447 627 4498 καὶ
655 4445 875 4497 πλείονα
905 4445 1108 4497 τούτων
1133 4443 1323 4505 εἰπὼν,
1344 4443 1487 4496 οὕτω
1519 4443 1846 4512 τὸνβασιλέα

165 4533 445 4602 συνέχεεν,
470 4533 545 4597 ὡς
571 4534 767 4586 ταυτὸν
799 4533 1070 4602 γενέσθαι,
1091 4535 1226 4600 ὅπερ
1258 4533 1351 4583 ἐπὶ
1373 4530 1466 4582 τοῦ
1509 4532 1704 4600 Ἰωσὴφ
1725 4549 1845 4584 συν-

163 4619 268 4688 έϐη
333 4620 592 4688 γενέσθαι
646 4622 798 4674 ποτέ.
849 4621 1115 4689 Καθάπερ
1165 4619 1274 4687 γὰρ
1327 4619 1532 4679 ἐκεῖνος
1569 4618 1689 4670 τότε
1719 4622 1843 4682 τοὺς

163 4707 433 4774 ἀδελφοὺς
467 4707 588 4760 ἰδὼν
613 4708 864 4761 ἐϐούλετο
891 4709 989 4777 μὲν
1017 4705 1274 4774 δακρύειν
1293 4746 1307 4768 ,
1336 4705 1523 4771 ἕστεγε
1558 4704 1614 4757 δέ
1644 4705 1704 4756 τὸ
1738 4705 1844 4758 πά-

160 4794 278 4858 θος,
310 4795 452 4847 ὥστε
482 4795 554 4865 μὴ
584 4796 894 4863 διαφθεῖραι
923 4793 1023 4860 τὴν
1049 4792 1368 4860 ὐπόκρισιψ
1399 4791 1543 4843 οὕτω
1586 4792 1650 4862 δὴ
1699 4795 1791 4847 καὶ
1817 4797 1846 4847 ό

164 4880 427 4949 βασιλεὺς
457 4883 684 4950 ἐδάκρυε
706 4882 805 4950 μὲν
828 4879 970 4931 κατά
987 4879 1247 4939 διάνοιαν,
1267 4878 1419 4950 [2‘23]
1442 4879 1543 4931 οὐκ
1571 4879 1846 4934 ἐδείκνυτο

159 4969 215 5020 δὲ
242 4969 336 5022 διὰ
369 4971 496 5029 τούς
526 4968 801 5036 παρόντας
838 4966 1080 5028 ἅπαντας
1110 4983 1120 4994 ’
1152 4966 1212 5017 οὗ
1254 4967 1361 5036 μὴν
1400 4970 1618 5035 ἴσχυσεν
1642 4969 1721 5030 εἰς
1755 4971 1844 5022 τέ’

158 5055 252 5115 λος
278 5052 485 5124 κρύψαι
511 5053 572 5105 τὸ
600 5053 789 5115 πάθος,
812 5052 946 5104 ἀλλά
972 5053 1064 5105 καὶ
1085 5053 1232 5106 ἄκων
1255 5054 1534 5123 ἠλέγχετο.
1561 5055 1713 5108 Μετά
1739 5057 1844 5127 γὰρ

157 5143 258 5212 τὴν
283 5141 633 5212 δημηγορίαν
664 5139 869 5210 ταύτην
897 5141 996 5192 οὐκ
1037 5141 1230 5210 ἐδεήθη
1261 5142 1522 5211 ῥημάτιον
1551 5141 1842 5214 δευτέρων,

157 5229 279 5281 ἀλλ’
306 5229 367 5281 ἓν
398 5229 558 5298 μόνον
585 5225 888 5296 ἐφθέγξατο
919 5229 1088 5298 ῥῆμα,
1122 5227 1150 5280 δ
1177 5228 1271 5281 τοῦ
1305 5229 1634 5299 διαδήματος
1677 5231 1845 5284 αὐτόν

155 5318 349 5390 πολλῷ
385 5317 649 5387 μειζόνως
681 5315 980 5388 ἐκόσμησε.
1022 5317 1086 5369 Τί
1117 5317 1173 5370 δὲ
1221 5316 1381 5372 τοῦτό
1409 5319 1594 5383 ἐστιν;
1648 5321 1758 5372 Καὶ
1794 5323 1845 5373 τί

158 5406 480 5477 θαυμαστὸν
500 5407 594 5458 καὶ
615 5406 776 5476 μέγα,
801 5405 986 5475 φησὶν,
1017 5406 1066 5457 εί
1094 5408 1205 5469 τοῖς
1233 5405 1514 5477 ὐϐρικὸσιν
1553 5407 1844 5478 ἀφήσομεν

155 5497 259 5565 τὴν
289 5495 464 5564 ὀργὴν
499 5493 809 5564 ἀνθρώποις
839 5490 992 5548 οὖσιν
1011 5494 1289 5565 ἄνθρωποι
1325 5494 1418 5547 καὶ
1450 5495 1606 5547 αὐτοὶ
1637 5500 1843 5567 τυγχά-

156 5601 364 5646 νοντες,
396 5586 533 5637 ὅπου
561 5601 624 5652 γε
649 5587 677 5636 ὀ
709 5585 812 5654 τῆς
842 5583 1170 5654 οἰκουμένης
1203 5585 1478 5655 Δεσπότης
1504 5585 1594 5637 ἐπὶ
1623 5585 1726 5655 γῆς
1758 5589 1845 5640 ἐλ-

156 5672 268 5724 θὼν
289 5673 384 5724 καὶ
412 5672 479 5724 δι’
504 5675 653 5742 ἡμᾶς
677 5673 969 5742 γενόμενος
1004 5672 1210 5736 δοῦλος,
1252 5675 1345 5726 καὶ
1369 5672 1520 5742 παρά
1547 5673 1654 5724 τῶν
1687 5675 1844 5746 εὐερο

154 5760 503 5830 γετηθέντων
536 5761 872 5832 σταυρωθεὶς
901 5760 1041 5830 ὐπέρ
1065 5761 1174 5813 τῶν
1208 5761 1638 5830 σταυρωσάντων
1686 5763 1844 5815 αὐτὸν

157 5848 461 5919 παρεκάλει
499 5851 592 5901 τὸν
640 5851 880 5920 Πατέρα,
906 5849 1104 5917 λέγων,
1147 5852 1322 5917 ’Ἄρες
1355 5847 1592 5913 αὐτοῖς·
1625 5851 1695 5902 οὐ
1737 5851 1845 5920 γὰρ

215 6007 245 6071 ξ
272 6005 511 6071 ςιριιιςηνιίξ
536 6002 682 6071 εει-11.
721 6021 810 6066 pru
843 6022 904 6057 eo
930 6008 1056 6071 quod
1096 6007 1356 6070 legebatur
1380 6007 1472 6057 ὑπὸ
1496 6005 1601 6058 σοῦ.
1643 6006 1774 6057 Enn.

218 6067 245 6106 ξι
270 6066 369 6117 λιιι
396 6066 756 6122 ἀπαλείψασθαι.

1202 495 1292 548 AD
1328 493 1657 550 POPULUM
1697 491 2195 553 ANTIOCIIENL’M
2264 499 2495 555 HOMIL.
2544 501 2678 556 XXI.

3536 501 3643 556 920

1970 612 2167 666 οἴδασι
2215 616 2270 666 τί
2307 614 2577 680 ποιοῦσα
2609 618 2658 668 τί
2707 617 2882 669 τοίνυν
2915 616 3254 687 θαυμαστὸν,
3294 618 3340 668 εί
3369 619 3480 679 τοῖς
3513 619 3639 687 ὁμο-ν

1967 700 2175 762 δούλοις
2204 702 2299 752 καὶ
2328 705 2488 771 ἡμεῖς
2512 705 2829 774 ἀφήσομεν;
2862 706 2972 756 Καλ⁵
3001 706 3085 758 δτι
3111 703 3284 757 ταῦτα
3323 701 3390 755 τά
3423 702 3637 772 ῥήματα

1967 788 2065 855 οὐχ
2093 787 2382 856 ὐπόκρισις
2421 784 2508 859 ἦν,
2534 791 2702 854 ἔδειξε
2741 791 2839 860 μέν
2868 793 2962 844 καὶ
2997 791 3065 844 τὰ
3101 789 3447 860 γεγενημένα
3475 788 3635 842 άπανι

1965 891 2056 932 τα,
2087 874 2189 926 οὐκ
2217 874 2438 927 έλαττον
2455 877 2510 929 δέ
2535 878 2742 930 τούτων
2768 877 2862 929 καὶ
2889 878 3063 938 τοῦτο,
3090 879 3117 930 ὃ
3136 878 3315 947 μέλλω
3344 874 3439 927 νῦν
3470 877 3632 945 ἐρεῖν·

1966 961 2128 1012 αὐτὸν
2151 961 2258 1030 γὰρ
2277 963 2369 1014 τὸν
2397 965 2545 1034 ἱερέα
2579 964 2770 1016 τοῦτον
2806 964 3127 1032 βουλόμενον
3152 966 3268 1016 ἐκεῖ
3313 963 3465 1033 κοινῆ
3519 963 3639 1032 μετ’

1969 1045 2130 1097 αὐτοῦ
2163 1046 2258 1115 τὴν
2284 1048 2476 1118 ἐορτὴν
2511 1049 2822 1101 ἐπιτελέσαι
2854 1047 3081 1116 ταύτην,
3128 1047 3326 1100 ἄκοντα
3365 1049 3637 1117 κατηνάγο

1967 1149 2100 1185 κασε
2135 1136 2559 1204 κατεπειχθῆναι
2585 1136 2680 1187 καὶ
2708 1134 2963 1197 σπεῦσαι,
2987 1134 3083 1186 καὶ
3111 1135 3227 1195 τοῖς
3263 1133 3506 1196 πολίταις
3536 1151 3636 1199 φα-

1966 1221 2140 1289 νῆναι.
2171 1219 2320 1282 Οἶδα,
2347 1223 2528 1290 φησιν,
2563 1224 2643 1276 δτι
2682 1223 2776 1275 νῦν
2804 1222 2983 1274 αὐτῶν
3015 1223 3152 1274 εἰσιν
3191 1222 3246 1273 αἱ
3289 1220 3458 1290 ψυχαὶ
3491 1219 3636 1272 δεδο-

1965 1307 2214 1374 νημέναι,
2251 1310 2344 1359 καὶ
2375 1308 2542 1360 πολλά
2579 1309 2677 1378 τῆς
2704 1310 2988 1378 συμφορᾶς
3013 1309 3086 1360 τὰ.
3110 1308 3371 1377 λείψανα*
3409 1305 3633 1371 ἄπελθε,

1965 1393 2348 1463 παρακάλεσον
2373 1407 2385 1418 ·
2421 1394 2486 1447 ἂν
2517 1395 2664 1447 ἴδωσι
2696 1394 2788 1447 τὸν
2817 1395 3182 1465 κυϐερνήτην,
3217 1395 3338 1446 οὐδέ
3365 1393 3461 1445 τοῦ
3497 1409 3634 1463 παρ-

1963 1480 2211 1544 ἐλθόντος
2244 1481 2612 1552 μεμνήσονται
2664 1481 2956 1553 χειμῶνος,
2985 1482 3121 1534 ἀλλά
3149 1483 3244 1534 καὶ
3282 1481 3382 1550 τὴν
3419 1482 3634 1550 μνήμην

1961 1569 2128 1639 αὐτὴν
2161 1569 2502 1639 ἐξαλείφουσι
2546 1570 2655 1622 τῶν
2693 1570 2954 1642 λυπηρῶν
2994 1569 3231 1624 ἃπασαν.
3306 1570 3394 1631 Ὠς
3434 1569 3491 1621 δέ
3539 1570 3636 1620 ἐπ-

1961 1657 2136 1710 έκειτο
2160 1661 2188 1711 ό
2216 1658 2412 1728 ἱερεὺς,
2433 1657 2598 1721 ἀξιῶν
2619 1659 2708 1710 τὸν
2727 1657 2840 1711 υἱὸν
2863 1657 3074 1727 πέμψαι
3108 1659 3198 1709 τὸν
3219 1655 3433 1718 ἐαυτοῦ,
3454 1655 3635 1724 βουλό-

1963 1761 2124 1813 μενος
2151 1746 2358 1806 ἐκεῖνος
2387 1743 2554 1806 δεῖξαι
2582 1744 2789 1810 σαφῶς,
2812 1744 2888 1806 ὼς
2913 1745 3096 1796 πᾶσαν
3124 1742 3354 1795 καθόλου
3383 1742 3482 1812 τῆς
3519 1741 3634 1792 δια-

1961 1831 2107 1890 νοίας
2139 1828 2390 1898 ἐξήλειψε
2421 1828 2517 1900 τὴν
2546 1829 2739 1898 ὀργὴν,
2779 1829 3047 1892 Εὐξασθε,
3087 1829 3240 1899 φησὶ,
3277 1828 3451 1882 ταῦτα
3479 1828 3632 1880 ἀναιο

1963 1913 2188 1982 ρεθῆναι
2204 1914 2271 1965 τά
2287 1914 2610 1984 κωλύματα,
2635 1915 2929 1986 σϐεσθῆναι
2950 1916 3078 1977 τοὺς
3099 1915 3368 1984 πολέμους
3386 1912 3630 1974 τούτους,

1962 1999 2056 2052 καὶ
2081 2000 2242 2063 αὐτὸς
2271 2000 2533 2072 ἀφίξομαι
2568 2003 2804 2066 πάντως.
2841 2003 2904 2054 Τί
2928 2002 3028 2071 τῆς
3053 2002 3230 2071 ψυχῆς
3251 2001 3464 2069 ἐκείνης
3495 2001 3634 2070 ἡμε-

1965 2086 2198 2157 ρώτερον
2227 2088 2422 2155 γένοιτ’
2457 2089 2559 2150 άν;
2600 2090 3051 2160 Αἰσχυνέσθωσαν
3101 2089 3363 2158 Ἕλληνες
3409 2086 3594 2140 λοιπόν
3616 2101 3629 2114 ·

1966 2173 2164 2240 μᾶλλον
2187 2174 2242 2226 δὲ
2281 2175 2356 2244 μὴ
2382 2177 2842 2244 αἰσχυνέσοωσαν,
2875 2176 3011 2228 ἀλλά
3041 2175 3510 2234 παιδευέσθωσαν,
3538 2175 3633 2226 καὶ

1959 2260 2062 2331 τὴν
2089 2259 2300 2314 οἰκείαν
2327 2260 2556 2328 ἀφέντες
2587 2261 2798 2328 πλάνην
2836 2263 3179 2315 ἐπανίτωσαν
3213 2263 3304 2314 ἐπὶ
3342 2263 3440 2331 τὴν
3480 2260 3572 2314 τοῦ
3607 2271 3629 2299 ο

1962 2344 2396 2416 Χριστιανισμοῦ
2429 2345 2678 2415 δύναμιν,
2732 2347 2964 2400 ἀπὸτοῦ
3012 2347 3276 2418 βασιλέως
3305 2386 3319 2408 ,
3375 2346 3482 2398 ἀπὸ
3538 2345 3632 2398 τοῦ

1963 2431 2152 2501 ἱερέως
2177 2431 2442 2501 μαθόντες
2489 2433 2586 2503 τὴν
2622 2435 2750 2504 παρ’
2798 2437 2930 2504 ἡμῖν
2956 2433 3296 2503 φιλοσοφίαν.
3347 2433 3483 2488 Οὐδὲ
3521 2435 3631 2504 γὰρ

1964 2518 2124 2589 μέχρι
2154 2519 2360 2572 τούτων
2388 2519 2518 2590 ἔστη
2548 2521 2668 2573 τότε
2695 2523 2723 2573 ὁ
2757 2521 3169 2590 θεοφιλέστατος
3201 2521 3474 2591 βασιλεὺς,
3514 2521 3632 2574 ἀλλ’

1958 2605 2145 2676 ἐπειδὴ
2179 2607 2274 2659 καὶ
2296 2607 2393 2676 τῆς
2422 2606 2627 2669 πόλεως
2650 2607 2912 2677 ἐξήλασεν
2948 2609 2976 2659 ό
3010 2609 3189 2676 ἱερεὺς
3233 2610 3327 2660 καὶ
3352 2608 3503 2678 διέϐη
3529 2609 3632 2677 τὴν

1957 2692 2254 2758 θάλασσαν,
2283 2693 2496 2763 ἔπεμψε
2538 2694 2631 2746 καλ⁵
2675 2695 2792 2746 ἐκεῖ
2815 2711 2968 2756 τινας
3006 2693 3504 2765 περιεργαζόμενος
3540 2695 3632 2746 καὶ

1958 2779 2454 2850 πολυπραγμονῶν,
2490 2784 2563 2851 μή
2603 2799 2732 2834 ποτε
2763 2781 2929 2854 τρίϐῃ
2958 2783 3050 2834 τὸν
3078 2783 3291 2853 χρόνον,
3310 2784 3404 2834 καὶ
3434 2785 3501 2852 τῇ
3534 2781 3631 2832 πό-

1955 2866 2036 2918 λει
2064 2867 2161 2936 τὴν
2186 2867 2379 2938 ἡδονὴν
2408 2867 2466 2933 ἐξ
2493 2869 2753 2938 ἡμισείας
2785 2872 2933 2938 ποιῇ,
2970 2869 3074 2933 ἔξω
3106 2868 3204 2940 τὴν
3231 2869 3423 2940 ἑορτὴν
3449 2870 3628 2920 ἐπιτε-

1956 2949 2084 3004 λῶν.
2119 2952 2276 3013 Ποῖος
2300 2952 2482 3022 πατὴρ
2515 2954 2723 3023 ἥμερος
2759 2952 3028 3023 τοσαύτην
3068 2951 3135 3006 ἂν
3176 2953 3317 3021 ὑπὲρ
3346 2951 3454 3004 τῶν
3484 2951 3628 3021 ὐϐρι·

1956 3037 2132 3090 κότων
2164 3040 2461 3109 ἐποιήσατο
2497 3041 2769 3109 σπουδήν;
2807 3041 2959 3094 Εἴπω
2989 3057 3040 3092 τι
3083 3042 3178 3093 καὶ
3200 3040 3388 3110 ἕτερον
3415 3038 3511 3092 τοῦ
3560 3039 3630 3090 δι’

1957 3125 2110 3176 καίού
2142 3126 2435 3196 ἐγκώμιον.
2468 3128 2650 3179 Ίάῦτα
2692 3128 2799 3198 γὰρ
2844 3127 3072 3188 ἀνύσας.
3107 3128 3206 3179 οὐκ
3241 3126 3522 3187 ἔσπευσεν,
3553 3125 3629 3187 ὡς

1955 3211 2022 3264 ἂν
2053 3213 2105 3264 εί
2146 3230 2228 3274 τις
2277 3212 2466 3283 ’ἑτερος
2505 3213 2665 3282 δόξης
2699 3215 2840 3284 ἐρῶν
2868 3254 2882 3276 ,
2931 3213 3094 3276 αὐτὸς
3131 3214 3199 3267 τά
3230 3213 3535 3284 γράμματα
3561 3215 3630 3264 τά

1953 3297 2146 3352 λύοντα
2170 3301 2270 3371 τὴν
2297 3302 2602 3371 κατήφειαν
2626 3303 2760 3371 ἡμῖν
2791 3302 3008 3369 ἐκείνην
3032 3302 3284 3372 κομίσαιο
3308 3301 3425 3355 ἀλλ’
3441 3299 3628 3370 ἐπειδὴ

1955 3387 2333 3458 σχολαιότερον
2362 3387 2628 3452 ἐϐάδιζεν,
2664 3389 2852 3458 ἕτερόν
2879 3405 2999 3441 τινα
3021 3389 3130 3441 τῶν
3161 3389 3361 3452 ἵππους
3381 3387 3627 3440 ἐλαύνειν

1952 3474 2168 3528 εἰδότων
2226 3475 2426 3544 ἠξίωσε
2487 3475 2802 3545 προλαϐεῖν,
2844 3477 2938 3529 καὶ
2984 3476 3213 3546 κομίσαι
3255 3479 3321 3546 τῇ
3372 3475 3526 3528 πόλει
3559 3479 3627 3529 τά

1952 3561 2266 3630 εὐαγγέλια.
2295 3562 2436 3615 ὥστε
2471 3562 2546 3632 μὴ
2587 3566 2652 3633 τῇ
2684 3563 2942 3633 μελλήσει
2971 3565 3069 3631 τῆς
3102 3563 3362 3616 ἐπανόδου
3384 3561 3483 3631 τῆς
3508 3565 3626 3616 ἐαυ·

1950 3649 2047 3701 τοῦ
2074 3651 2174 3719 τήν
2225 3649 2464 3720 ἀθυμίαν
2511 3653 2863 3721 ἐπιταθῆναι.
2916 3653 2990 3705 Τὸ
3029 3653 3138 3722 γὰρ
3193 3652 3628 3723 σπουδαζόμενον

1951 3736 2098 3803 αὐτῷ
2135 3738 2297 3807 μόνον
2322 3734 2410 3807 ἦν,
2442 3739 2541 3808 οὐχ
2569 3740 2718 3802 ὅπως
2750 3741 2911 3803 αὐτὸς
2940 3740 3082 3793 ἔλθοι
3114 3741 3295 3810 φέρων
3327 3742 3394 3793 τά
3417 3743 3627 3812 χρηστά

1950 3823 2120 3876 ταῦτα
2155 3827 2250 3877 καὶ
2279 3825 2480 3895 πολλῆς
2505 3827 2699 3895 ἡδονῆς
2726 3828 2985 3896 γέμοντα,
3017 3827 3132 3878 ἀλλ’
3167 3827 3316 3889 ὅπως
3342 3828 3554 3898 ταχέως
3593 3831 3624 3898 ἡ

1951 3912 2150 3982 πατρὶς
2180 3913 2310 3981 ήμῖν
2335 3911 2742 3966 ἀναπνεύσειε-ι.

2023 3998 2200 4068 Ὅπερ
2226 3994 2318 4050 οὖν
2338 3997 2460 4050 τότε
2489 4000 2784 4068 ἐποιήσατε
2810 4002 3254 4068 στεφανώσαντες
3279 4002 3374 4071 τήν
3397 4003 3625 4072 ἀγορὰν,

1951 4084 2044 4135 καὶ
2074 4083 2298 4152 λύχνους
2336 4083 2605 4152 ἅψαντες,
2649 4087 2744 4137 καὶ
2779 4087 3034 4150 στιϐάδας
3085 4089 3189 4157 πρὸ
3215 4090 3322 4140 τῶν
3357 4091 3626 4159 ἐργαστη-

1953 4170 2085 4241 ρίων
2124 4171 2426 4233 συνθέντες,
2463 4172 2556 4224 καὶ
2583 4171 2770 4243 ῶσπερ
2807 4175 2928 4244 άρτι
2961 4176 3058 4243 τῆς
3088 4175 3295 4238 πόλεως
3320 4176 3625 4245 τεχθείσης,

1949 4252 2091 4305 οὕτω
2118 4255 2583 4324 πανηγυρίσαντες
2613 4273 2625 4284 ·
2658 4257 2815 4308 τοῦτο
2846 4259 3047 4326 ἑτέρως
3071 4257 3156 4309 διὰ
3197 4259 3391 4320 παντὸς
3420 4263 3625 4314 ποιεῖτε

1948 4338 2042 4390 τοῦ
2069 4338 2283 4407 χρόνον,
2313 4339 2386 4409 μὴ
2413 4343 2522 4402 τοῖς
2555 4340 2796 4404 ἄνθεσιν,
2833 4341 2946 4394 ἀλλ’
2979 4345 3148 4414 ἀρετῇ
3175 4346 3624 4416 στεφανούμενοι,

1947 4425 2009 4476 τὸ
2034 4425 2148 4493 φῶς
2180 4427 2242 4478 τὸ
2267 4427 2375 4479 ἀπὸ
2411 4428 2510 4480 τῶν
2542 4428 2718 4498 ἔργων
2744 4431 3005 4494 ἀπτοντες
3027 4431 3167 4485 κατά
3197 4431 3295 4503 τὴν
3327 4433 3503 4505 ψυχὴν
3526 4436 3624 4506 τὴν

1947 4512 2242 4583 ὑμετέραν,
2275 4517 2615 4587 εὐφροσύνην
2643 4518 3059 4589 εὐφραινόμενοι
3101 4524 3501 4594 πνευματικὴν,
3530 4525 3624 4578 καὶ

1948 4597 2026 4668 τῷ
2059 4599 2180 4670 Θεῷ
2208 4602 2472 4672 διηνεκῶς
2499 4603 2648 4675 [224]
2689 4605 2829 4675 ὐπέρ
2855 4606 3061 4658 τούτων
3107 4608 3360 4660 ἁπάντων
3403 4609 3622 4681 εὐχαρι-

1950 4685 2200 4751 στοῦντες
2242 4690 2316 4760 μὴ
2338 4690 2722 4761 διαλείπωμεν,
2749 4693 2870 4762 μηδ’
2891 4694 2973 4746 ὅτι
2999 4693 3157 4762 μόνον
3177 4695 3332 4746 ἔλυσε
3357 4697 3424 4748 τὰ
3448 4696 3618 4758 δεινά,

1947 4769 2062 4822 ἀλλ’
2084 4773 2165 4826 ὅτι
2188 4775 2280 4826 καὶ
2302 4776 2680 4847 συνεχώρησεν
2707 4776 2844 4829 αὐτά
2864 4776 3136 4845 γενέσθαι,
3169 4778 3263 4830 καὶ
3291 4778 3490 4850 πολλὴν
3521 4782 3622 4833 αὐ-

1949 4860 2025 4929 τῷ
2056 4861 2214 4932 χάριν
2247 4861 2628 4932 ὁμολογῶμεν
2671 4864 2739 4916 δι’
2759 4864 3082 4934 ἀμφοτέρων
3106 4863 3214 4935 γὰρ
3237 4865 3370 4934 ἡμῖν
3401 4867 3499 4937 τὴν
3525 4868 3622 4921 πό-

1948 4946 2031 4998 λιν
2065 4949 2356 5019 ἐκόσμησε.
2390 4948 2574 5001 Ταῦτα
2607 4948 2664 5001 δέ
2697 4951 2870 5002 πάντα
2906 4949 3046 5002 κατά
3081 4950 3141 5002 τὸ
3171 4954 3508 5023 προφητικὸν
3535 4955 3621 5007 λό-

1948 5048 2068 5097 γιον
2095 5033 2453 5100 ἀναγγείλατε
2483 5035 2595 5093 τοῖς
2621 5032 3031 5103 τέκνοις¹ὐμῶν,
3060 5036 3152 5086 καὶ
3178 5035 3244 5087 τὰ
3273 5035 3438 5088 τέκνα
3467 5036 3621 5104 ὐμῶν

1947 5123 2058 5182 τοῖς
2101 5120 2307 5181 τέκνοις
2359 5119 2563 5182 αὐτῶν,
2614 5122 2854 5173 κάκεῖνοι
2885 5121 3046 5173 πάλιν
3074 5123 3154 5182 εἰς
3182 5121 3375 5188 γενεὰν
3405 5123 3618 5194 ἑτέραν.

1947 5207 2034 5261 ἴνα
2056 5208 2290 5270 ἅπαντες
2315 5210 2363 5259 οἱ
2403 5207 2564 5278 μέχρι
2594 5212 2692 5280 τῆς
2726 5209 3032 5270 συντελείας
3081 5209 3354 5279 γινόμενοι
3383 5212 3484 5282 τὴν
3526 5212 3621 5264 τοῦ

1946 5295 2082 5348 Θεοῦ
2110 5294 2519 5367 φιλανθρωπίαν
2564 5297 2662 5366 τὴν
2689 5297 2782 5349 ἐπὶ
2806 5299 2870 5364 τῇ
2915 5295 3066 5348 πόλει
3103 5297 3480 5370 γεγενημένην
3518 5318 3621 5371 μα-

1947 5383 2150 5447 θόντες,
2185 5385 2531 5456 μακαρίζωσι
2581 5386 2677 5455 μὲν
2709 5385 2856 5453 ἡμᾶς
2894 5386 3023 5449 τοὺς
3073 5385 3344 5457 τοσαύτης
3380 5387 3620 5442 ἀπολαύ-

1948 5490 2150 5534 σαντας
2177 5473 2408 5536 εὐνοίας,
2439 5473 2758 5541 θαυμάζωσι
2789 5471 2846 5524 δέ
2880 5474 3038 5543 ήμῶν
3090 5474 3180 5526 τὸν
3229 5474 3498 5547 δεσπότην
3526 5478 3618 5529 τὸν

1945 5561 2089 5615 οὕτω
2116 5563 2563 5614 καταπίπτουσαν
2583 5560 2680 5629 τὴν
2704 5561 2862 5614 πόλιν
2883 5563 3286 5633 ἀναστήσαντα,
3317 5564 3616 5633 κερδάνωσι

1944 5649 2001 5700 δέ
2038 5650 2130 5701 καὶ
2166 5645 2339 5711 αὐτοὶ,
2363 5643 2450 5698 διὰ
2477 5646 2692 5700 πάντων
2725 5649 2834 5702 τῶν
2863 5649 3245 5718 γεγενημένων
3290 5651 3426 5720 πρὸς
3459 5652 3615 5706 εὐλά-

1946 5735 2096 5788 ϐειαν
2126 5734 2543 5804 συνωθούμενοι.
2567 5736 2642 5788 υύ
2671 5736 2781 5807 γὰρ
2809 5737 2877 5810 δὴ
2911 5737 3071 5807 μόνον
3092 5738 3259 5808 ἡμᾶς,
3304 5740 3353 5791 εί
3406 5757 3618 5810 μνημο-

1945 5824 2192 5892 νεύοιμεν
2217 5821 2396 5874 αὐτῶν
2425 5822 2710 5892 διηνεκῶς,
2737 5825 2873 5878 ἀλλά
2904 5827 2996 5878 καὶ
3025 5827 3151 5889 τοὺς
3193 5827 3312 5897 μεθ’
3339 5829 3488 5898 ἡμᾶς
3530 5847 3617 5898 γι.

1948 5909 2225 5979 νομένους,
2261 5911 2326 5962 τά
2378 5909 2608 5977 μέγιστα
2655 5913 2763 5964 τῶν
2812 5913 3132 5983 συμϐάντων
3155 5915 3284 5983 ἡμῖν
3335 5917 3367 5985 ἡ
3406 5917 3619 5986 ἱστορία

2015 6019 2036 6046 ο
2061 6015 2207 6062 Ξιιγὶι.
2249 6019 2301 6063 ρὶ
2319 6015 2512 6080 quidam
2539 6030 2653 6066 mss.
2695 6021 2809 6080 πρὸς
2828 6020 2911 6075 τήν
2934 6019 3033 6066 τοῦ.
3083 6018 3207 6066 Infra
3233 6017 3380 6068 iidmn
3410 6023 3433 6070 ὁ
3452 6024 3613 6070 θεοσε-

1954 6078 2178 6132 ϐέστατος
2200 6079 2450 6139 βασιλεύς..
2503 6083 2578 6127 καὶ
2616 6087 2693 6137 τῆς
2719 6078 2897 6136 ποὶεως
2921 6083 3011 6138 $5.];
3030 6084 3098 6128 ηὲιί
3126 6084 3150 6128 ὁ
3178 6082 3334 6143 ἱερεύς.
