4408 6676
775 386 865 437 ἓὲί
1554 381 1607 432 5.
1650 380 1934 434 JUANNIS
1975 379 2453 435 CllllYSOSTOMl
2495 381 2812 436 AlitlillEl’.
2853 380 3397 438 CONSTANTINOP.
4100 381 4197 435 23':

767 497 1044 569 ὠφελῆσαι
1074 499 1379 566 δυνήσεται.
1413 495 1594 564 "Amp
1613 490 1704 546 οὖν
1731 495 1943 546 ἅπαντα
1971 494 2330 563 λογιζόμενοι,
2367 495 2438 564 μὴ

2541 500 2670 568 ἡμῖν
2688 502 2960 570 οἰκονομεῖ
2985 500 3120 570 μετὰ
3142 497 3239 565 τῆς
3262 493 3410 563 αὑτοῇ
3431 491 3742 561 xpeto-337;;
3770 494 4197 559 minitantia:

773 589 932 656 μόνον
965 585 1022 637 ἐν
1045 587 1111 654 τῇ
1142 583 1292 636 λύσει
1326 581 1434 634 τῶν
1455 582 1663 638 δεινῶν,
1690 581 1824 633 ἀλλὰ
1846 584 1939 633 7.1".
1975 585 2030 634 ὲν
2059 584 2124 649 τῇ
2153 585 2437 650 συγχωρή-
2540 582 2607 656 ἧς
2644 586 2852 650 γένοιτο
2878 586 3141 656 διηνεκῶς
3175 586 3320 655 ἡμᾶς
3351 578 3748 638 ἀπολαύοντας.
3785 583 3878 630 καὶ
3921 584 4022 647 τῆς
4057 582 4204 649 βαδι-

772 691 854 725 σει
889 672 999 724 τῶν
1029 670 1219 724 δεινῶν
1243 669 1653 738 εὐχαριςτῶμεν
1683 667 1769 718 ἀεὶ
1801 667 1879 734 τῷ
1912 665 2278 735 φιλανθρώπῳ
2299 665 2440 734 θεῷ.
2542 674 2687 734 λεῑας
2716 673 2824 725 τῶν
2855 673 3099 742 οὐρανῶν
3126 673 3423 739 ἐπιτυχεῖν,
3450 669 3507 721 ὲν
3537 663 3755 734 Χριστῴ
3783 663 3959 731 Ἰησθῦ
3990 668 4067 733 τῷ
4100 670 4207 720 κυο

773 760 878 812 ἀπό
905 776 963 812 τε
992 757 1098 810 τῶν
1123 757 1282 808 Θείων
1303 755 1557 826 Γραφῶν,
1592 753 1699 805 ἀπό
1721 769 1779 804 τε
1817 752 1924 804 τῶν
1957 755 2084 820 ἡμῖν
2120 751 2441 818 συμϐάντων
2547 763 2644 832 ρίῳ
2668 760 2846 830 ἡμῶν,
2950 763 2984 830 ἡ
3014 762 3138 828 δόξει
3167 762 3261 813 καὶ
3282 760 3343 812 τὸ
3376 757 3573 828 κράτος
3607 755 3687 814 εἰς
3717 752 3842 814 τοὺς
3873 751 4075 816 αἰῶνας
4111 751 4212 802 τῶν

776 847 905 898 αὐτὸ
935 845 998 915 δὴ
1032 843 1190 897 τοῦτο
1223 855 1248 882 α
1281 842 1560 913 μαθόντες,
1596 840 1670 902 ὡς
1711 839 1926 892 ἅπαντα
1951 839 2037 891 ἀεὶ
2080 837 2213 906 πρὸς
2238 837 2298 888 τὸ
2326 837 2444 889 δέον
2551 847 2775 901 αἰώνων,
2817 846 3011 916 Ἀμήν,

842 936 865 959 ⁸⁸
887 932 966 1042 Slic
987 933 1135 981 Sat'il.
1163 936 1216 979 et
1235 931 1331 978 duo
1373 929 1474 985 alii,
1498 924 1683 976 rectius
1703 939 1848 987 quam
1883 923 2048 975 Montt'.
2071 923 2226 972 αὐτῶν
2251 923 2310 980 δὴ
2331 922 2444 971 τού-

842 1012 889 1040 ιν.
937 1009 1050 1041 φιτ.

777 1010 889 1042 των.
919 1009 1050 1042 κοιτ.

1283 1885 1363 1944 IN
1409 1883 1920 1946 CATECBESES
1957 1882 2273 1944 PRIMAM
2326 1881 2429 1941 ET
2475 1882 2904 1946 SECUNDAM
2937 1883 3044 1944 AD
3084 1885 3693 1950 ILLUMINANDOS

938 2313 1088 2369 llanc
1125 2311 1437 2368 catcehesin
1468 2325 1535 2365 ex
1579 2310 1742 2363 unico
1776 2308 2018 2363 Federici
2056 2306 2262 2361 Morelli
2286 2310 2473 2364 codice
2507 2323 2566 2364 se
2593 2316 2897 2362 mutuatum
2928 2325 3050 2365 esse
3081 2311 3403 2366 testiﬁcatur
3428 2311 3483 2365 in
3524 2309 3672 2366 notis
3709 2311 3848 2368 infra
3885 2312 3977 2369 Fr.
4009 2314 4128 2370 Du-

865 2441 1031 2491 cteus,
1068 2438 1229 2493 quem
1269 2421 1514 2476 codicem
1550 2418 1814 2474 hactenus
1842 2417 2084 2473 nancisci
2119 2432 2228 2471 non
2262 2417 2563 2487 potuimus.
2618 2418 2937 2473 lnsuribitur
2983 2429 3163 2474 autem
3219 2422 3536 2493 Κατήχησις
3575 2424 3790 2495 πρώτη,
3826 2424 4128 2480 Catecltesia

865 2545 1066 2612 prima,
1101 2541 1195 2611 qui
1229 2537 1424 2594 titulus
1456 2533 1622 2589 aliam
1659 2532 1744 2586 vel
1778 2530 1916 2585 alias
1941 2529 2259 2584 catecheses
2296 2529 2436 2583 hanc
2467 2529 2862 2598 subsequentes
2899 2527 3119 2584 indicat.
3148 2527 3363 2585 Nullam
3395 2547 3560 2601 porro
3603 2533 3764 2587 aliam
3813 2537 4129 2591 catechesiu

869 2665 924 2718 in
955 2657 1334 2731 Chrysostomi
1369 2653 1630 2724 Operibus
1669 2647 1911 2713 invenio,
1942 2661 2065 2717 qua:
2091 2646 2233 2700 hanc
2262 2647 2418 2715 sequi
2471 2647 2726 2714 potuerit.
2765 2647 2867 2700 nisi
2904 2647 3182 2700 honiitiam
3217 2647 3536 2701 vicesimam
3582 2645 3810 2716 primam
3851 2645 3912 2699 ad
3943 2660 4130 2714 popu-

867 2776 979 2831 lum
1017 2770 1419 2827 Antiochenam
1454 2809 1469 2833 ,
1503 2782 1625 2836 qua:
1663 2767 1788 2819 item
1822 2763 2161 2821 inscribitur.
2195 2763 2519 2832 Κατήχησις
2543 2779 2608 2833 πε

2396 2779 2519 2832 ησις
2543 2761 2680 2833 πρὸς
2693 2763 2819 2824 τοὺς
2850 2762 3141 2832 μέλλοντας
3187 2764 3537 2834 φωτίζεσθαι,
3571 2763 3862 2818 Cateclmis
3893 2764 3961 2819 ad
3996 2763 4133 2815 illu-

875 2891 1188 2952 minandos;
1227 2885 1415 2942 habita
1441 2895 1575 2939 vero
1603 2880 1706 2934 fuit
1737 2880 1885 2934 circa
1914 2877 2075 2934 linem
2110 2875 2555 2945 Quadragesimae
2593 2875 2744 2940 anni,
2780 2886 2838 2931 ut
2873 2886 3068 2948 putant
3095 2880 3284 2949 aliqui,
3317 2878 3441 2934 588.
3472 2877 3590 2945 Qua
3621 2879 3688 2934 de
3716 2895 3775 2934 re
3803 2879 3960 2934 infra.
3995 2879 4134 2934 llrec

872 3015 1068 3074 porro,
1107 2997 1176 3053 de
1211 3010 1321 3066 qua
1352 3007 1500 3048 nunc
1533 2994 1734 3062 agitur,
1769 2993 1956 3048 habita
1990 3007 2212 3064 quoque
2245 2992 2346 3047 fuit
2373 2992 2427 3045 in
2462 2991 2907 3064 Quadragesima,
2937 2996 3160 3066 triginta
3190 3011 3384 3067 nempe
3411 2997 3604 3052 diebus
3637 3007 3762 3052 ante
3790 2997 4027 3064 Pascha,
4067 3010 4137 3054 ut

868 3121 1142 3176 indicatur
1170 3133 1323 3173 num.
1354 3118 1408 3174 ι.
1441 3118 1499 3171 In
1531 3119 1688 3188 cujus
1722 3132 1851 3170 vero
1881 3115 2011 3172 anni
2054 3115 2481 3187 Quadragesima
2513 3120 2862 3186 pronuntiata
2894 3118 3059 3174 fuerit
3091 3118 3203 3188 jam
3235 3119 3608 3188 quaerendum.
3635 3121 3793 3176 Certe
3823 3122 3869 3176 si
3898 3122 4135 3191 longum

870 3249 1060 3294 contra
1093 3237 1309 3306 iurandi
1351 3239 1804 3294 consuetudinem
1849 3239 2146 3312 epilogum,
2177 3253 2288 3309 quo
2321 3237 2599 3293 clauditur
2647 3239 2850 3303 oratio,
2909 3237 3276 3300 attendamus,
3309 3237 3360 3290 in
3391 3235 3820 3308 Quadragesima
3853 3239 3977 3292 anni
4015 3239 4142 3293 387

869 3349 1180 3405 catcchesin
1215 3349 1356 3404 hanc
1385 3350 1827 3404 constituemus:
1865 3362 1960 3418 per
1987 3357 2155 3402 totam
2188 3346 2334 3400 enim
2358 3345 2506 3401 illam
2533 3346 3020 3416 Quadragesimam
3055 3347 3310 3401 homilias
3348 3345 3458 3402 fere
3483 3361 3696 3409 omnes.
3736 3362 3871 3416 quas
3897 3363 4144 3401 numero

869 3467 936 3520 21
974 3466 1268 3528 habemus,
1305 3467 1626 3534 hujusmodi
1657 3476 1849 3520 contra
1873 3466 2184 3536 juramenta
2213 3466 2690 3522 adhortationibus
2715 3466 2894 3520 claudi
2926 3466 3222 3529 cernimus,
3247 3467 3320 3520 ita
3358 3475 3418 3520 ut
3451 3467 3505 3520 in
3560 3466 3741 3535 aliqua
3769 3481 3950 3519 earum
3977 3465 4148 3520 circa

875 3577 1538 3647 linemQuadragcsimze,
1567 3593 1631 3632 ex
1665 3578 1894 3633 curandi
1931 3576 2253 3632 assiduitate
2299 3593 2436 3647 pene
2469 3576 2756 3646 depulsum
2817 3578 3064 3631 morbum
3129 3592 3250 3631 esse
3315 3577 3638 3630 testiﬁcetur
3689 3577 4144 3647 Chrysostomus.

875 3691 1064 3762 Itaque
1096 3700 1157 3746 ut
1179 3706 1303 3746 eam
1336 3690 1390 3745 in
1421 3706 1630 3746 annum
1663 3691 1768 3746 387
1799 3691 2168 3758 conferamus,
2205 3702 2320 3747 tum
2357 3693 2472 3747 haec
2503 3691 2644 3746 ratio
2680 3692 2903 3755 suadet,
2935 3703 3048 3747 tum
3083 3693 3245 3748 etiam
3295 3694 3400 3748 alia
3433 3710 3498 3749 ex
3549 3695 3706 3749 titulo
3761 3694 3918 3764 petita
3947 3713 3960 3746 :
4001 3709 4151 3747 nam

873 3810 1170 3866 Catechesis
1201 3811 1377 3881 prima
1412 3822 1778 3882 congruenter
1807 3813 2149 3882 inscribitur,
2195 3815 2244 3870 si
2284 3815 2449 3870 aliam
2478 3815 2634 3885 sequi
2689 3815 2998 3871 catechesin
3064 3816 3580 3886 deprehendamus;
3637 3829 3760 3870 cum
3809 3823 3985 3868 autem
4042 3813 4155 3868 illa

873 3926 1042 3981 altera
1075 3927 1382 3984 catechcsis
1416 3931 1500 3984 vel
1534 3931 1588 3985 in
1619 3931 2052 4002 Quadragcsima
2084 3931 2214 3986 anni
2245 3931 2351 3986 587
2374 3973 2390 3997 ,
2427 3941 2485 3988 ut
2525 3949 2623 3989 nos
2663 3935 3005 4005 probabilius
3056 3935 3461 3995 existimamus,
3491 3931 3574 3984 vel
3615 3929 3668 3983 in
3723 3929 3964 3997 sequenti
3999 3929 4154 3983 anni

873 4041 1006 4104 588,
1037 4051 1096 4096 ut
1125 4039 1511 4098 Tillemontius
1570 4042 1849 4114 opinatur,
1891 4044 2206 4113 reponenda
2243 4043 2336 4110 sit,
2373 4044 2548 4116 prima
2603 4045 2656 4100 in
2690 4043 3178 4114 Quadragesimam
3229 4043 3358 4097 anni
3395 4041 3495 4095 587
3532 4037 3769 4094 conferri
3827 4051 3985 4106 posse
4045 4040 4148 4093 vi-

873 4157 1050 4214 detur.

949 4309 1056 4365 Sed
1094 4311 1148 4365 in
1176 4312 1318 4368 hanc
1346 4315 1608 4384 temporis
1643 4326 1827 4370 notam
1858 4333 1967 4373 non
2003 4320 2310 4390 spernenda
2340 4319 2588 4388 qumdam
2628 4321 2821 4390 objicit
2851 4319 3268 4383 Tillemontius,
3309 4319 3399 4388 qui
3451 4321 3657 4375 mavult
3709 4320 3853 4375 illam
3895 4317 3951 4371 in
3983 4317 4158 4382 Qua-

875 4425 1244 4496 dragesimam
1275 4426 1404 4478 anni
1439 4426 1546 4482 588
1579 4428 1872 4498 conjicere.
1905 4427 2086 4497 llujus
2114 4432 2466 4486 catecheseos
2502 4432 2700 4485 habita:
2727 4431 2866 4491 dies,
2903 4429 3100 4498 inquit,
3137 4431 3182 4485 si
3212 4432 3434 4501 triginta
3475 4430 3593 4487 dies
3615 4447 3647 4486 a
3673 4431 3934 4488 Paschatc
3985 4442 4160 4488 retro

876 4553 1151 4604 numeres,
1182 4537 1238 4592 in
1272 4537 1672 4595 hebdomadem
1703 4540 1917 4596 tertiam
1967 4550 2090 4609 post
2110 4538 2320 4596 Pascha
2353 4544 2584 4609 incidit;
2616 4541 2764 4611 atqui
2801 4556 2948 4595 anno
2987 4541 3093 4596 587
3131 4559 3226 4614 per
3253 4555 3422 4599 totam
3458 4544 3606 4598 illam
3653 4543 4046 4600 hebdomadem
4088 4561 4160 4600 se

875 4651 1093 4709 siluisse
1119 4661 1174 4706 et
1209 4665 1240 4705 a
1271 4651 1631 4707 coneionibus
1665 4648 1998 4703 abstinuisse
2047 4647 2375 4703 testiﬁcatur
2405 4650 2838 4719 Chrysostomus
2867 4645 3024 4702 llom.
3061 4649 3129 4703 XI
3162 4653 3228 4704 ad
3261 4655 3526 4723 populum
3554 4655 3974 4719 Antiochenum,
4007 4659 4160 4724 quia

881 4775 992 4823 tota
1032 4764 1249 4830 civitas,
1285 4764 1355 4817 ob
1404 4763 1707 4834 proximam
1748 4777 1868 4832 quae
1924 4771 2146 4833 propter
2198 4777 2416 4816 eversas
2467 4768 2677 4815 statuas
2710 4761 3124 4829 exspectabatur
3181 4763 3467 4832 ultionem,
3510 4775 3744 4822 tremore
3803 4767 4164 4841 horroreque

875 4879 1028 4956 [Q25]
1075 4881 1230 4952 plena
1261 4891 1398 4944 erat,
1434 4896 1497 4935 ac
1530 4880 1731 4950 singuli
1763 4880 1885 4949 plus
1918 4881 1985 4937 de
2019 4880 2146 4952 fuga
2181 4878 2543 4949 capessenda,
2588 4893 2752 4948 quam
2785 4877 2853 4932 de
2886 4879 3154 4936 adeundis
3185 4881 3546 4939 concionibus
3571 4880 3896 4950 cogitabant.
3930 4881 4160 4943 Deinde

875 5000 922 5055 si
951 4999 1005 5051 in
1045 5003 1194 5050 tanta
1227 4992 1385 5048 urbis
1413 4991 1728 5047 calamitate
1753 4993 2180 5050 catechumenos
2207 4993 2483 5048 allocutus
2511 4999 2678 5054 esset,
2705 5006 2885 5047 annon
2919 4995 3198 5066 quidpiam
3225 4996 3293 5052 de
3323 4997 3414 5051 illa
3444 4993 3690 5050 omnium
3731 4993 3940 5050 animos
3971 5010 4164 5056 occu-

885 5114 1049 5177 paute
1081 5104 1374 5160 formidine
1411 5104 1646 5174 carptim
1673 5106 1868 5162 saltem
1900 5109 2119 5166 locutus
2151 5109 2340 5166 esset?
2370 5107 2443 5164 Ut
2471 5124 2602 5164 vero
2634 5123 2950 5179 argumenta
2981 5114 3071 5170 illa
3098 5115 3354 5170 subtilius
3383 5113 3723 5169 excutiamus
3753 5131 3767 5169 :
3807 5119 3948 5186 quod
3984 5119 4161 5188 prius

883 5220 1099 5290 ohjicit,
1141 5221 1596 5290 Chrysostomum
1633 5236 1830 5292 nempe
1861 5235 1956 5292 per
1981 5230 2149 5277 totam
2193 5221 2588 5278 hebdomadem
2622 5223 2830 5278 tertiam
2865 5223 3307 5298 Quadragcsimze
3353 5224 3612 5292 tacuisse,
3643 5235 3701 5280 ut
3732 5227 3845 5298 ipse
3879 5232 4160 5290 testiﬁca-

880 5341 967 5384 tur
1000 5330 1156 5386 initio
1187 5329 1427 5387 hoxnilize
1467 5333 1769 5392 undecimzc
1797 5335 1863 5389 ad
1899 5333 2163 5405 populum
2192 5333 2616 5397 Antiochenam,
2649 5343 2814 5407 atque
2851 5337 2989 5392 adeo
3027 5351 3135 5392 non
3167 5337 3415 5406 potuisse
3464 5339 3553 5395 illa
3591 5341 3924 5399 hebdomade
3993 5345 4160 5402 hanc

880 5454 1185 5508 eatechcsin
1221 5454 1465 5521 habere;
1505 5454 1580 5520 id,
1621 5455 1864 5523 inquam,
1902 5454 1988 5508 vel
2023 5451 2192 5522 ipsius
2224 5450 2558 5506 Tillemontii
2587 5452 2798 5522 judicio
2833 5455 3041 5510 nullum
3070 5461 3156 5508 est
3193 5469 3207 5505 :
3257 5466 3383 5506 nam
3425 5453 3502 5507 ait
3541 5454 3757 5523 quidem
3807 5455 4160 5524 Chrysostn-

881 5584 1024 5631 mus,
1055 5572 1149 5624 Διὰ
1191 5572 1348 5627 τοῦτο
1396 5576 1492 5629 καὶ
1537 5573 1699 5644 ἡμεῖς
1744 5569 1840 5632 τὰς
1889 5570 2198 5640 ἔμπροσθεν
2238 5569 2443 5634 ταύτας
2477 5572 2622 5640 ὲσιγῦ

2416 5588 2443 5634 ς
2477 5572 2816 5642 ὲσιγήσαμεν
2859 5571 3095 5642 ἡμέρας,
3149 5566 3276 5622 Ideo
3308 5583 3401 5622 nos
3449 5569 3528 5623 his
3555 5571 3907 5640 superioribus
3955 5568 4157 5622 diebus

883 5682 1188 5748 tacuimus;
1224 5689 1316 5741 sed
1347 5705 1453 5743 non
1490 5689 1625 5744 dicit
1650 5703 1708 5744 se
1737 5702 1834 5757 per
1873 5687 2264 5744 hebdomadem
2299 5691 2569 5760 integram
2617 5691 2835 5746 siluisse
2863 5729 2876 5753 ,
2911 5699 3073 5758 atque
3125 5690 3246 5759 ipso
3297 5685 3497 5746 fatente
3550 5687 3892 5745 Tillemontio
3943 5703 3996 5756 ρ.
4040 5685 4151 5750 7t,

881 5799 1058 5864 potuit
1091 5798 1228 5854 hanc
1254 5803 1571 5858 concionem
1605 5805 1673 5860 XI
1704 5806 1902 5862 habere
1935 5807 2038 5863 sub
2073 5807 2234 5863 {linem
2298 5808 2660 5865 hebdomadis
2703 5809 2896 5874 tertia),
2938 5807 3020 5863 vel
3085 5808 3241 5864 initio
3275 5823 3500 5880 quanta.
3556 5809 3824 5866 Ponamus
3875 5805 4150 5860 liab'2isse
