4408 6676
374 455 469 507 221
1203 446 1289 499 an
1325 434 1833 497 lLLUMlNANDOS
1858 438 2283 495 CATECImsts
2310 442 2351 493 ι.
2387 470 2457 479 --
2490 441 2817 495 Μυκη-ωε.
3554 463 3656 507 ω

375 567 701 632 Quatotllttia
730 572 1130 634 ratiocinantes,
1162 582 1267 621 uou
1295 570 1569 620 tantumiu
1592 568 1831 637 gravium
1870 582 1958 620 so-
2073 568 2401 635 benignitate
2436 568 2535 621 sibi
2562 582 2771 636 semper
2799 569 3138 624 convcuicuti
3172 586 3183 622 :
3218 584 3317 638 qua
3338 583 3435 623 nos
3451 584 3652 640 SCII-pt‘l

375 660 595 725 luticric,
630 677 813 717 verum
840 674 893 719 et
920 664 971 717 in
998 662 1191 715 horum
1224 660 1581 727 permissioue
1611 676 1824 730 semper
1849 660 1961 713 cle-
2074 658 2330 723 fruentes,
2360 658 2613 712 cmlorum
2640 675 2849 730 quoque
2868 676 3093 731 regnum
3122 662 3335 731 assequi
3359 661 3649 728 conlingat,

374 752 709 807 mentissinto
738 755 847 809 Deo
876 753 1075 824 gratias
1104 765 1343 818 agamus,
1378 759 1488 805 tum
1511 769 1579 806 ex
1606 752 1802 806 divinis
1823 751 1967 803 Scri-
2074 752 2123 804 iu
2144 750 2356 805 Christo
2373 750 2497 805 Jesu
2527 751 2753 805 Domino
2774 763 2980 817 nostro,
3011 752 3278 826 cuigloria
3300 763 3351 808 et
3377 752 3657 822 imperium

374 844 563 909 pturis,
588 855 698 898 tum
720 860 786 898 ex
814 846 898 909 iis,
925 857 1044 911 qua:
1066 841 1219 896 nobis
1251 844 1576 907 acciderunt,
1618 842 1795 896 educti
1845 856 1966 895 cum
2074 845 2130 899 in
2160 844 2348 899 szccula
2381 843 2723 899 sa'culorum.
2743 845 2933 899 Amen.

380 936 562 990 omnia
588 951 811 1007 semper
836 932 903 988 ad
926 932 1207 988 utilitatem
1250 944 1486 990 nostram
1518 935 1831 1002 dispensare
1848 946 1965 986 cum

1800 1946 2197 2009 MONITUM.

385 2380 526 2435 feria
557 2386 705 2430 sexta
738 2372 910 2426 tertia:
940 2369 1334 2437 hebdomadis;
1366 2386 1491 2425 cum
1520 2372 1573 2425 in
1603 2370 1891 2425 sabbatum
1923 2384 2161 2440 sequens
2195 2368 2439 2440 ejusdem
2472 2365 2829 2423 hebdomadis
2857 2363 3017 2422 cadat
3042 2364 3318 2435 trigesima
3356 2370 3472 2423 dies
3510 2385 3634 2427 ante

382 2491 613 2552 Pascha,
644 2487 747 2540 hac
774 2485 862 2539 die
890 2482 1199 2538 eatechesin
1239 2481 1511 2547 habuerit,
1543 2482 1791 2550 nihilque
1822 2488 1938 2536 tum
1973 2481 2210 2538 oliicient
2242 2482 2407 2538 verba
2440 2481 2530 2537 illa
2555 2481 2796 2535 homilia:
2827 2480 2895 2534 Kl
2926 2480 3013 2536 die
3050 2481 3373 2550 praecedenti
3416 2484 3630 2549 habiLe,

386 2606 488 2657 liis
524 2598 881 2669 superioribus
914 2596 1098 2651 diebus
1128 2598 1407 2652 tacuimus.
1444 2596 1671 2651 Etiamsi
1706 2610 1833 2650 vero
1872 2611 2140 2664 ponamus
2164 2596 2413 2652 habitam
2448 2595 2615 2651 fuisse
2662 2595 2938 2648 homiliam
2973 2595 3313 2649 undecimam
3348 2597 3431 2651 die
3474 2597 3639 2650 Luna:

384 2714 471 2766 γει
508 2711 639 2765 feria
667 2708 906 2765 secunda
937 2707 1293 2762 hebdomadis
1323 2715 1567 2777 quartae:
1602 2722 1727 2761 cum
1773 2707 1915 2761 hanc
1948 2708 2261 2761 catechesin
2317 2706 2385 2759 ad
2440 2706 2586 2760 solos
2615 2704 2843 2773 juvenes
2906 2706 3351 2773 catechumenos,
3410 2711 3636 2764 serius-is

387 2825 647 2878 omnibus
674 2824 815 2884 aliis,
852 2819 1125 2883 habuerit,
1156 2816 1301 2886 quod
1336 2817 1520 2885 utique
1551 2816 1892 2885 exploratum
1923 2824 2029 2881 est,
2062 2824 2208 2871 recte
2237 2815 2419 2870 dicere
2450 2816 2644 2884 potuit,
2677 2814 2810 2870 feria
2836 2816 3074 2871 secunda
3115 2818 3452 2887 insequenti,
3506 2821 3633 2875 dum

381 2956 563 3001 totum
591 2941 779 3012 populi
807 2949 1008 2995 emtum
1042 2936 1437 3007 alloquerctur,
1477 2954 1535 2993 se
1564 2938 1801 3003 siluisse,
1836 2936 1931 3006 qui
1955 2938 2273 2992 concionem
2304 2938 2369 2992 ad
2402 2953 2498 2994 eos
2535 2938 2739 2993 nullam
2776 2938 3153 3007 superioribus
3184 2939 3375 2993 diebus
3427 2940 3637 2993 habue-

383 3071 470 3113 rat
496 3078 510 3113 :
540 3074 665 3113 nam
695 3056 972 3113 silentium
1009 3050 1140 3109 illud
1167 3062 1261 3103 eos
1286 3048 1433 3103 solos
1466 3048 1705 3118 respicit,
1738 3062 1879 3117 quos
1913 3056 2024 3101 tum
2058 3046 2374 3116 alloquitur.

463 3245 573 3299 Sed
612 3243 709 3312 qui
743 3240 857 3296 ﬁeri
887 3248 1088 3310 potest,
1119 3242 1295 3312 pergit
1321 3238 1728 3303 Tillemontius,
1768 3247 1827 3293 ut
1856 3247 2002 3294 tanta
2034 3239 2272 3295 instante
2301 3240 2611 3305 formidine,
2644 3256 2767 3295 cum
2804 3242 2993 3313 ingens
3025 3245 3311 3300 calamitas
3349 3258 3631 3315 exspecta

377 3365 552 3418 retur,
586 3369 651 3409 ne
695 3355 919 3408 verbum
953 3351 1177 3422 quidem
1206 3351 1274 3406 de
1301 3352 1392 3404 illa
1431 3351 1482 3404 iu
1512 3350 1615 3404 hac
1645 3350 1917 3405 eatechesi
1954 3349 2163 3405 faciat?
2194 3350 2392 3406 Fateor
2430 3352 2555 3407 hinc
2583 3353 2714 3407 mihi
2741 3354 3023 3424 quidpiam
3047 3358 3291 3425 scrupuli
3327 3358 3481 3426 oriri,
3526 3375 3630 3414 nou

380 3475 514 3530 tanti
559 3483 767 3537 tamen,
804 3481 863 3527 ut
887 3485 975 3525 me
1011 3485 1042 3524 a
1072 3465 1338 3524 sententia
1366 3464 1659 3519 dimoveat.
1695 3461 1830 3516 Nam
1869 3478 1991 3533 quae
2022 3463 2088 3516 ad
2121 3461 2488 3518 calamitatem
2524 3462 2672 3516 illam
2710 3463 2790 3517 vel
2822 3464 3220 3532 imminentem,
3250 3468 3334 3522 vel
3366 3470 3603 3541 aliquatc

388 3601 495 3639 nus
527 3585 770 3640 sedatam
812 3582 1155 3653 spectabant,
1187 3580 1243 3633 in
1278 3586 1423 3633 coetu
1451 3576 1673 3648 quidem
1707 3586 1759 3632 et
1783 3577 1838 3631 in
1867 3577 2224 3632 concionibus
2258 3577 2524 3647 publicis,
2552 3578 2868 3651 παθητικῶς
2925 3580 3231 3638 describere
3285 3588 3490 3643 solebat
3531 3607 3543 3643 ε
3580 3595 3631 3643 ιη

379 3698 655 3755 cateehesi
681 3710 811 3752 vero
837 3696 907 3751 ad
933 3696 1082 3751 solos
1106 3694 1361 3766 juvenes,
1391 3694 1486 3765 qui
1528 3695 1583 3749 in
1610 3694 1873 3750 Paschate
1900 3692 2248 3748 illuminandt
2283 3703 2461 3758 erant,
2499 3693 2702 3759 habita,
2768 3710 2895 3749 cum
2947 3694 3012 3750 de
3046 3697 3154 3752 illis
3186 3700 3253 3753 ad
3304 3701 3632 3770 baptismum

378 3813 758 3881 accipiendum
794 3811 1140 3870 instituendis
1176 3822 1388 3870 tantum
1434 3823 1705 3885 ageretur,
1733 3814 1911 3883 potuit
1940 3813 2366 3883 Chrysostomus
2397 3828 2428 3867 a
2478 3812 2829 3882 deplorandis
2866 3813 3184 3885 huiusmodi
3233 3819 3631 3877 calamitatibus

382 3927 677 3995 abstinere,
713 3942 917 3999 easque
944 3930 1013 3985 ad
1036 3933 1328 4003 p0pulares
1362 3932 1613 3988 homilias
1642 3946 1942 3988 reservare.

446 4130 623 4185 Aliam
658 4128 787 4184 huic
817 4128 1205 4200 subjungimus
1238 4130 1568 4193 catechesin,
1596 4143 1717 4199 qua:
1749 4131 2014 4185 hactenus
2049 4132 2189 4184 inter
2220 4128 2476 4185 homilias
2510 4130 2579 4185 ad
2613 4131 2875 4202 populum
2908 4133 3308 4191 Antiocheuum
3342 4146 3393 4193 et
3425 4139 3491 4193 dc
3523 4151 3631 4193 sta-

385 4248 494 4302 tuis
529 4246 782 4301 vieesima
808 4245 987 4315 prima
1018 4246 1279 4301 collocata
1309 4247 1508 4301 fuerat.
1535 4243 1893 4300 Pronuntiata
1918 4252 2099 4297 autem
2135 4240 2260 4306 fuit,
2294 4251 2353 4297 ut
2386 4242 2465 4298 ait
2498 4243 2655 4298 initio
2704 4243 3154 4313 Chrysostomus,
3215 4246 3404 4300 decem
3439 4247 3632 4303 diebus

390 4376 509 4437 post
540 4365 701 4419 aliam
735 4361 1067 4425 catechesin,
1100 4376 1264 4429 quam
1294 4361 1347 4415 in
1376 4361 1565 4415 eadem
1601 4361 1718 4430 ipsa
1746 4356 2171 4428 Quadragesima
2206 4357 2494 4413 habuerat.
2528 4354 2644 4413 Etsi
2690 4373 2819 4413 vero
2856 4376 2964 4416 non
3009 4364 3183 4418 ausim
3225 4367 3495 4424 alﬁrmare
3538 4386 3632 4425 ca-

373 4474 627 4531 tcchesin
658 4471 827 4535 illam,
863 4485 986 4539 qua:
1020 4468 1077 4522 in
1108 4469 1209 4524 hac
1236 4472 1393 4540 quasi
1426 4472 1613 4527 decem
1651 4480 1777 4526 ante
1800 4470 1993 4525 diebus
2024 4470 2209 4525 habita
2241 4478 2598 4537 memoratur,
2631 4486 2752 4527 eam
2792 4488 2937 4541 esse,
2986 4494 3150 4538 quam
3195 4483 3427 4551 primam
3478 4488 3633 4555 ροηί.

379 4611 527 4661 mus,
558 4592 691 4648 nihil
729 4600 906 4645 tamen
942 4594 1206 4657 repugnat
1234 4586 1480 4640 eamdem
1509 4586 1681 4657 ipsam
1710 4603 1868 4644 esse:
1918 4585 2191 4655 siquidem
2224 4587 2343 4642 haec
2399 4588 2624 4657 perinde
2675 4598 2837 4659 atque
2889 4592 2979 4646 illa
3020 4596 3182 4663 paulo
3227 4607 3351 4667 post
3408 4615 3630 4658 eversas

372 4721 589 4769 statuas
615 4708 798 4763 habita
830 4705 1001 4762 fuisse
1028 4703 1261 4768 videtur,
1301 4714 1359 4759 ut
1398 4719 1467 4759 ex
1512 4704 1581 4761 iis
1610 4721 1732 4776 qua:
1780 4707 1847 4761 de
1887 4706 1978 4760 illa
2010 4706 2128 4777 ipsa
2185 4717 2491 4765 statuarum
2554 4712 2839 4767 eversione
2893 4714 3173 4784 dicuntur,
3225 4722 3380 4791 argui
3431 4733 3628 4791 potest,

365 4831 528 4897 Quod
556 4839 737 4883 autem
790 4828 857 4881 de
891 4824 1221 4895 juramentis
1258 4823 1394 4877 nihil
1435 4825 1651 4891 habeat,
1696 4834 1889 4880 contra
1935 4841 2100 4897 quam
2149 4828 2203 4882 in
2236 4830 2493 4885 omnibus
2533 4846 2630 4901 per
2677 4832 2828 4887 illaut
2884 4834 3373 4911 Quadragesimam
3428 4845 3628 4898 habilis

371 4948 739 5003 concionibus
767 4947 1107 5009 observatur,
1140 4946 1230 4999 ubi
1264 4962 1479 5015 semper
1519 4948 1585 5002 de
1630 4947 1948 5015 juramcnto
1982 4948 2207 5002 vitando
2261 4950 2407 5005 circa
2463 4950 2626 5007 liuent
2679 4954 2897 5022 agitur;
2955 4959 3027 5019 id,
3086 4956 3328 5027 inquam,
3380 4961 3626 5014 nonnihil

368 5060 624 5129 scrupuli
659 5075 877 5114 movere
908 5062 1076 5129 possit
1105 5080 1119 5128 ;
1151 5066 1265 5131 sed,
1311 5078 1369 5122 ut
1394 5085 1553 5122 nemo
1585 5082 1691 5121 non
1720 5067 1887 5133 videt,
1920 5084 2031 5123 non
2064 5070 2186 5124 talis
2218 5070 2509 5139 scrupulus
2538 5082 2640 5135 est,
2702 5072 2795 5141 qui
2839 5073 2988 5128 solus
3018 5072 3071 5127 in
3131 5074 3416 5129 adversam
3448 5078 3629 5131 trahat

362 5175 718 5230 sententiam.
751 5174 885 5230 Utut
913 5195 1039 5234 vero
1066 5182 1156 5247 sit,
1192 5184 1331 5240 haue
1358 5186 1666 5241 catcchesin
1710 5187 2008 5242 secundam
2045 5190 2424 5256 inscribimus,
2451 5190 2577 5261 quia
2616 5201 2739 5260 post
2766 5191 2936 5255 illam,
2980 5207 3145 5262 quam
3194 5196 3433 5265 priorem
3466 5197 3625 5263 poma

362 5309 514 5357 "HIS.
552 5293 752 5346 dictam
781 5292 951 5349 fuisse
980 5298 1331 5360 arbitramur.
1364 5304 1515 5361 llane
1568 5320 1729 5374 porro
1756 5308 2051 5363 secundam
2100 5309 2406 5366 catechesin
2473 5325 2581 5365 non
2632 5326 2755 5367 esse
2810 5310 2957 5366 illam
3009 5326 3129 5381 qua:
3178 5319 3513 5365 memoratur
3568 5311 3623 5365 in

362 5412 606 5466 ilomilia
648 5409 727 5466 De
750 5412 962 5467 diabolo
997 5423 1279 5488 tentatore,
1308 5425 1361 5477 in
1390 5423 1637 5494 sequenti
1672 5423 1877 5479 Mouito
1908 5428 2227 5496 probamus.

439 5607 639 5665 Primae
673 5613 1026 5669 catechcseos
1061 5613 1562 5685 interpretationem
1594 5621 1841 5677 Latinam
1885 5627 2179 5696 auonymi,
2214 5641 2336 5696 quae
2368 5628 2420 5681 in
2455 5624 2615 5681 editis
2648 5624 3148 5695 fcrebatur,utpote
3183 5624 3491 5680 intricatam
3520 5626 3626 5678 mi-

365 5742 582 5791 nusque
616 5738 872 5785 accurate
904 5728 1309 5801 concinnatam,
1346 5737 1657 5807 rejecimus,
1701 5755 2007 5811 novamque
2031 5742 2365 5811 paravimus.
2400 5738 2914 5811 lnterpretationem
2948 5758 3077 5801 vero
3098 5742 3349 5803 secundae
3378 5741 3626 5799 cateche-

363 5856 490 5895 sees
526 5844 785 5899 Ueruardi
822 5844 1090 5912 llrixiaui,
1124 5845 1332 5916 aliquot
1363 5847 1416 5903 iu
1452 5850 1587 5909 locis
1625 5852 1991 5920 emendatam,
2025 5872 2053 5910 ρ
2082 5854 2304 5924 regione
2338 5854 2647 5911 Graecorum
2687 5858 2966 5927 ponimus.
