4408 6700
1510 407 1564 461 5.
1595 408 1875 465 JOANNIS
1904 409 2372 467 CIIRYSOSTOMI
2404 410 2719 469 ARCIIIEP.
2752 415 3282 477 CONSTANTINOP.

800 702 4084 743 _________________________________________________

1609 1023 1811 1131 ΟΑ
1824 1023 2031 1131 ΤΕ
2044 1025 2507 1137 CHESI
2514 1027 2595 1135 S
2660 1026 3207 1133 PRIMA

816 1344 893 1388 an
936 1343 1431 1401 ILLUMINANDOS,
1465 1348 1543 1389 ET
1586 1350 1706 1391 ουκ
1752 1350 2089 1393 ιΑνΑοιιυω
2149 1354 2557 1396 ΒΕΟΕΝΕΠΔΤΙι

2351 1353 2719 1402 ἘΠΔΤΙΟΝ15,
2767 1352 2887 1391 NON
2940 1351 3154 1395 AUTEM
3229 1352 3620 1397 REMISSIONIS
3673 1352 4092 1394 PECCATUIIUI

884 1443 1163 1485 DICATUR
1211 1448 1225 1485 ζ

885 1544 1089 1589 RECTE
1131 1545 1435 1589 JUREMUS.

872 1984 923 2037 l.
964 1982 1131 2049 Quam
1161 1981 1528 2037 desiderabilis
1559 1980 1909 2050 amabilisque
1943 1980 2096 2035 nobis
2120 1990 2203 2035 est
2232 1980 2385 2051 juve—

797 2088 924 2128 num
952 2072 1173 2127 fratrum
1200 2072 1430 2128 chorus!
1460 2088 1554 2128 vos
1582 2074 1723 2128 enim
1765 2072 1956 2127 fratres
1986 2074 2066 2127 vel
2115 2082 2237 2129 ante
2268 2089 2389 2143 par-

798 2172 909 2217 tum
937 2178 1093 2228 voco,
1124 2178 1417 2233 eorumque
1442 2164 1530 2233 qui
1563 2163 1799 2217 nondum
1833 2164 1940 2216 nati
1967 2172 2089 2217 sunt
2114 2164 2389 2232 cognatio-

796 2271 919 2310 nem
945 2256 1257 2324 amplcctor.
1280 2254 1411 2311 Novi
1438 2256 1655 2325 quippe,
1687 2256 1937 2325 clareque
1963 2256 2105 2319 novi,
2136 2255 2187 2309 in
2210 2270 2380 2324 quan-

796 2358 907 2401 tum
966 2347 1261 2415 honorem,
1317 2348 1368 2401 in
1418 2357 1673 2417 quantum
1719 2347 2071 2416 principatum
2124 2345 2386 2402 evehendt

795 2439 931 2492 sitis.
956 2438 1063 2493 Eos
1093 2448 1293 2505 autem,
1316 2438 1405 2509 qui
1448 2438 1799 2508 principatum
1826 2439 2094 2507 accepturi
2123 2446 2268 2503 sunt,
2301 2438 2387 2493 vel

794 2537 1077 2598 antequam
1106 2529 1387 2599 accipiant,
1437 2529 1611 2584 solent
1648 2543 1836 2584 omnes
1878 2529 2165 2596 honorare,
2194 2540 2252 2584 ut
2283 2529 2385 2583 hu-

792 2618 1021 2689 iusmodi
1046 2619 1302 2689 obsequio
1333 2634 1519 2675 eorum
1552 2619 1653 2674 sibi
1680 2618 2104 2677 benevolentiam
2146 2620 2211 2675 ad
2242 2619 2385 2675 futu-

794 2724 913 2764 rum
966 2710 1305 2765 commodum
1355 2718 1590 2779 captent.
1647 2710 1759 2765 Hoc
1804 2721 1857 2765 et
1903 2726 2003 2781 ego
2054 2712 2227 2777 facio;
2277 2727 2384 2766 non

793 2799 967 2855 solum
997 2800 1139 2855 enim
1167 2799 1234 2854 ad
1280 2800 1655 2870 principatum,
1704 2800 1799 2856 sed
1840 2801 1907 2855 ad
1947 2802 2117 2871 ipsum
2162 2817 2382 2872 regnum

796 2890 1143 2958 promovendi
1178 2890 1343 2955 estis;
1377 2894 1487 2945 imo
1524 2904 1628 2945 non
1670 2889 1737 2944 ad
1781 2906 2003 2961 regnum
2048 2891 2379 2961 simpliciter,

794 2983 890 3038 sed
914 2982 979 3038 ad
1012 2998 1231 3053 regnum
1261 2984 1533 3038 caelorum.
1562 2984 1916 3049 Quamobrem
1952 2998 2048 3037 oro
2072 2992 2234 3053 atque
2258 2999 2384 3054 sup-

795 3076 958 3145 plico,
1013 3085 1071 3131 ut
1123 3091 1244 3130 cum
1295 3076 1361 3130 ad
1418 3091 1640 3146 regnum
1686 3077 1813 3131 illud
1867 3078 2236 3144 perveneritis,
2278 3081 2382 3133 mei

794 3167 1234 3222 reminiscamini.
1259 3167 1518 3237 Quodque
1540 3167 1737 3237 Joscph
1762 3168 2134 3236 pincernarum
2158 3170 2381 3239 principi

792 3256 1020 3321 diccbat,
1066 3256 1318 3310 Memento
1350 3257 1446 3310 mei
1484 3272 1599 3309 cum
1646 3256 1767 3309 bene
1804 3255 1893 3309 tibi
1922 3257 2073 3324 fuerit
2104 3256 2255 3329 (Gen.
2287 3258 2377 3323 40,

792 3349 907 3420 Η),
940 3348 991 3402 id
1034 3357 1088 3403 et
1130 3363 1271 3403 nunc
1298 3348 1420 3404 dico
1446 3348 1598 3404 vobis
1626 3366 1641 3403 :
1668 3347 1935 3403 Memento
1963 3349 2068 3403 mei
2090 3364 2211 3403 cum
2244 3350 2381 3405 bene

792 3439 941 3494 vobis
970 3438 1142 3494 fuerit.
1170 3438 1287 3493 Non
1318 3439 1455 3493 hanc
1490 3447 1551 3493 ut
1585 3439 1675 3493 ille
1697 3439 2027 3493 somniorum
2057 3438 2381 3509 interpreta-

790 3530 946 3585 tionis
969 3531 1271 3586 mercedem
1304 3530 1514 3600 postulo
1538 3547 1553 3584 :
1584 3544 1689 3585 non
1711 3532 1853 3585 enim
1880 3531 2031 3586 vobis
2050 3532 2377 3586 somniorum

793 3622 1058 3691 interpres
1087 3621 1311 3685 accessi,
1344 3620 1439 3675 sed
1468 3620 1699 3675 caelestia
1731 3632 2062 3685 narraturus,
2093 3624 2375 3676 annuntia-

790 3723 1049 3781 turusque
1087 3712 1223 3766 bona
1265 3711 1376 3776 illa,
1410 3710 1539 3778 Qua:
1580 3727 1670 3764 nec
1708 3713 1885 3765 oculus
1926 3712 2068 3779 vidit,
2115 3729 2206 3766 nec
2239 3714 2377 3767 auris

789 3803 1000 3869 audivit,
1032 3818 1122 3856 nec
1142 3803 1196 3855 in
1222 3817 1310 3855 cor
1334 3802 1551 3856 hominis
1571 3802 1905 3855 mandarunt
1942 3803 2018 3873 (1.
2050 3800 2169 3858 Cor.
2197 3802 2252 3857 2.
2276 3802 2330 3872 9)
2360 3822 2374 3857 :

790 3893 915 3947 talia
956 3902 1081 3947 sunt
1128 3908 1211 3958 ea,
1247 3892 1376 3958 Qua:
1417 3894 1723 3963 praeparavit
1762 3891 1900 3947 Deus
1942 3894 2263 3964 diligentibus
2302 3910 2372 3947 se.

790 3984 991 4055 Joscph
1018 3984 1230 4053 quidem
1261 3986 1531 4052 pinceruze
1560 3983 1638 4038 illi
1664 3983 1895 4047 dicebat,
1926 3984 2104 4037 Adhuc
2130 3984 2372 4050 triduum,

789 4085 836 4128 et
861 4076 1083 4128 restituet
1146 4084 1196 4128 te
1248 4073 1457 4127 Pharao
1513 4074 1565 4127 in
1624 4074 1963 4143 principatum
2027 4075 2377 4144 pincernarum

787 4162 940 4235 (Gen.
982 4165 1072 4221 40.
1106 4165 1188 4221 12.
1222 4166 1314 4237 15)
1349 4182 1363 4220 :
1397 4181 1498 4237 ego
1538 4180 1666 4221 vero
1714 4182 1819 4220 non
1861 4167 1999 4229 dico,
2047 4166 2232 4221 Adhuc
2276 4168 2374 4219 tri-

786 4256 972 4321 duum,
1020 4265 1074 4311 ct
1101 4256 1369 4327 pincernzc
1398 4258 1605 4328 tyranni
1636 4258 2031 4312 constitucmini
2058 4275 2073 4323 ;
2119 4258 2235 4325 sed,
2263 4258 2374 4312 Ad-

785 4346 891 4399 huc
917 4346 1128 4415 triginta
1157 4345 1297 4408 dies,
1330 4354 1384 4398 et
1428 4346 1672 4400 restituet
1710 4360 1824 4411 vos,
1867 4361 1972 4401 non
2002 4348 2229 4415 Pharao,
2278 4348 2374 4401 sed

784 4436 1038 4491 catlorum
1082 4436 1198 4491 Rex
1244 4436 1297 4491 in
1345 4452 1633 4506 supernam
1686 4439 1933 4507 patriam,
1978 4441 2031 4493 in
2077 4440 2374 4495 Jerusalem

787 4527 933 4583 illam
978 4528 1219 4589 liberam,
1266 4528 1318 4582 in
1360 4528 1629 4583 civitatem
1670 4528 1960 4583 crclestem.
2008 4528 2099 4583 Ille
2142 4530 2372 4597 dicebat,

789 4614 949 4670 Dabis
994 4618 1201 4671 calicem
1238 4618 1291 4669 in
1339 4634 1519 4670 manus
1551 4616 1838 4671 Pharaonis
1863 4616 2081 4689 (Ibid.);
2109 4634 2208 4689 ego
2248 4636 2376 4676 vero

787 4722 893 4762 non
923 4706 1043 4761 dico
1072 4725 1086 4761 :
1119 4707 1317 4761 Dabitis
1344 4708 1565 4762 calicem
1592 4709 1645 4763 in
1691 4725 1879 4763 manus
1910 4710 2081 4780 regis;
2112 4710 2228 4776 sed,
2260 4712 2376 4783 Ipse

785 4796 902 4852 Rex
934 4797 985 4850 in
1008 4811 1221 4851 manum
1244 4796 1395 4851 vobis
1420 4798 1592 4852 tradet
1612 4800 1827 4853 calicem
1854 4801 2001 4856 illum
2026 4802 2373 4869 horrendum,

786 4889 950 4943 multa
978 4888 1193 4959 plenum
1223 4889 1419 4947 virtute
1462 4898 1623 4959 atque
1654 4900 1873 4959 utraque
1902 4902 2141 4947 creatura
2173 4897 2373 4963 pretio-

786 4983 1004 5037 siorem.
1046 4982 1233 5038 Sciunt
1260 4982 1451 5037 initiati
1478 4982 1662 5037 calicis
1690 4982 1846 5050 hujus
1879 4984 2145 5049 virtutem,
2175 5003 2374 5056 vosque

789 5074 949 5143 paulo
1002 5082 1122 5141 post
1170 5073 1349 5127 scietis
1372 5073 1467 5143 (α).
1516 5073 1838 5127 Mementote
1878 5073 2035 5142 igitur
2078 5077 2205 5141 mei,
2250 5092 2370 5132 cum

786 5162 1042 5217 veneritis
1086 5162 1139 5217 in
1184 5178 1405 5233 regnum
1456 5163 1585 5217 illud
1630 5180 1748 5217 cum
1791 5164 1967 5234 regale
1998 5167 2371 5222 vestimentum

786 5256 1122 5327 acceperitis,
1167 5272 1289 5311 cum
1321 5271 1553 5325 purpura
1596 5257 1868 5311 Dominico
1913 5260 2170 5329 sanguine
2212 5261 2371 5315 tincta

787 5347 1103 5413 indueniini,
1152 5363 1271 5403 cum
1300 5347 1600 5403 diademate
1640 5347 1732 5401 illo
1757 5350 1987 5403 redimiti
2017 5353 2183 5417 eritis,
2222 5353 2372 5421 cujus

786 5440 956 5512 fulgor
983 5442 1218 5512 undique
1260 5442 1495 5497 emicans
1545 5441 1811 5495 solaribus
1855 5442 2016 5497 radiis
2048 5445 2373 5511 splendidior

786 5543 889 5588 est.
919 5534 1065 5589 Talia
1088 5536 1280 5604 quippe
1305 5542 1429 5591 sunt
1456 5534 1637 5602 sponsi
1661 5547 1901 5594 munera,
1936 5533 2132 5601 majora
2161 5534 2371 5603 quidem

788 5625 1039 5696 dignitate
1064 5636 1263 5695 vestra,
1293 5626 1385 5682 sed
1412 5626 1528 5696 ejus
1558 5626 1889 5696 benignitate
1917 5624 2095 5695 digna.

851 5761 925 5825 te)
957 5759 1293 5812 Catechumeni
1316 5770 1411 5810 non
1434 5756 1653 5809 sciebant
1676 5760 1953 5822 mysterium
1976 5756 2152 5811 calicis.

1274 1445 1571 1498 QUODQUE
1616 1448 2051 1493 PHRICULOSUM
2094 1451 2212 1504 SIT,
2261 1452 2383 1495 NON
2428 1450 2604 1497 MODO
2649 1450 2995 1503 PEJERARE,

2351 1453 2383 1495 Ν
2428 1450 2604 1497 ΜΟΒΟ
2649 1450 2995 1503 PEJERARE,
3065 1452 3182 1495 εει)
3239 1453 3436 1497 ΕΤΙΔΜ
3492 1451 3762 1503 δυιιΔιιε,
3834 1450 4092 1493 ΕΤΙΔΜῚΙ

2573 1981 2648 2034 De
2681 1982 2742 2035 iis
2770 1984 2856 2048 qui
2884 1982 3180 2049 baptismum
3218 1984 3286 2034 ad
3332 1998 3485 2053 usque
3528 1994 3735 2038 mortem
3764 1986 4088 2053 dilfercbant.

2497 2100 2567 2111 —
2593 2072 2715 2126 Ideo
2735 2073 2842 2141 jam
2860 2088 2976 2135 vos,
3000 2081 3284 2142 antequam
3312 2073 3364 2126 in
3387 2088 3598 2129 sacrum
3621 2075 3765 2129 illum
3787 2080 4086 2131 thalamum

2499 2163 2885 2232 ingrediamini,
2913 2164 3099 2219 beatos
3121 2165 3387 2233 praedico:
3416 2182 3515 2223 nec
3538 2167 3722 2223 beatos
3748 2170 3919 2223 solum
3944 2187 4090 2240 pra:-

2497 2254 2637 2318 dico,
2668 2253 2759 2307 sed
2786 2254 2945 2308 etiam
2974 2254 3131 2308 laudo
3154 2266 3361 2325 gratum
3389 2267 3621 2311 vestrum
3647 2260 3907 2324 animum,
3939 2262 4086 2328 qund

2497 2362 2602 2400 non
2650 2346 2786 2401 sicut
2814 2347 3245 2417 negligentiorcs,
3281 2348 3347 2401 ad
3393 2349 3710 2417 baptismum
3742 2350 3794 2402 in
3835 2360 4086 2406 extremo

2498 2435 2662 2490 halitu
2692 2436 2959 2491 accedatis
2986 2454 2999 2501 ;
3028 2438 3125 2493 sed
3145 2438 3256 2507 jam
3285 2438 3408 2493 inde
3433 2440 3581 2507 quasi
3608 2440 3757 2507 probi
3780 2440 4087 2507 domestici,

2495 2523 2564 2579 ad
2593 2525 2997 2596 obsequendum
3029 2543 3218 2596 magna
3240 2528 3606 2583 benevolentia
3639 2529 3864 2583 Domino
3886 2537 4084 2604 parati,

2494 2616 2685 2670 anima:
2713 2616 2908 2671 collum
2950 2618 3114 2673 multa
3151 2633 3269 2673 cum
3303 2618 3563 2687 probitate
3592 2630 3645 2674 et
3670 2621 3942 2678 alacritate
3980 2627 4087 2680 sub

2490 2705 2676 2776 jugum
2706 2707 2906 2762 Christi
2948 2709 3284 2775 induxeritis,
3326 2710 3620 2780 jugumque
3649 2712 3777 2765 illud
3820 2729 3987 2769 suave
4020 2728 4084 2771 et

2493 2812 2630 2853 onus
2659 2800 2775 2855 leve
2802 2802 3165 2870 susceperitis.
3203 2800 3351 2855 Licet
3380 2802 3522 2854 cnim
3555 2811 3659 2856 tam
3683 2818 3796 2868 vos,
3828 2821 3987 2872 quam
4018 2808 4080 2872 ii,

2493 2888 2584 2957 qui
2602 2888 2654 2942 in
2678 2889 2802 2943 vita:
2826 2890 2970 2944 exitu
2999 2890 3288 2955 initiantur,
3313 2904 3493 2959 parem
3521 2892 3744 2961 gratiam
3773 2896 4079 2963 accipiatis,

2492 2990 2549 3035 at
2585 2978 2874 3034 voluntatis
2926 2982 3272 3050 propositum,
3314 2991 3702 3050 apparatusque
3750 2998 3925 3037 rerum
3970 3002 4083 3040 non

2494 3071 2610 3141 pari
2634 3070 2795 3125 modo
2824 3086 2883 3125 se
2906 3070 3121 3125 habent.
3154 3070 3236 3124 Illi
3268 3087 3499 3140 namque
3541 3073 3591 3125 in
3622 3073 3763 3127 lecto
3785 3076 4079 3143 accipiunt,

2492 3179 2589 3220 vos
2624 3174 2801 3219 autem
2844 3164 2896 3219 in
2930 3164 3178 3218 Ecclesia:
3219 3166 3518 3221 communis
3556 3166 3791 3221 omnium
3832 3178 4079 3221 nostrum

2491 3257 2676 3313 matris
2714 3257 2865 3320 sinu;
2895 3256 2970 3309 illi
2997 3254 3185 3311 flentes
3212 3262 3268 3311 et
3297 3255 3673 3326 lacrymautes,
3709 3270 3805 3309 vos
3832 3258 4079 3326 gauden-

2492 3358 2573 3405 tes
2594 3359 2751 3420 atque
2777 3350 3049 3412 lattanles;
3082 3349 3153 3402 illi
3173 3356 3568 3418 gementes,vos
3586 3347 3781 3416 gratias
3801 3359 4019 3417 agentes
4040 3367 4059 3412 ;

2490 3440 2564 3495 illi
2596 3440 2726 3495 febri
2756 3440 3042 3495 admodum
3073 3439 3397 3504 laborantes,
3435 3452 3528 3491 vos
3554 3439 3714 3491 multa
3746 3438 3885 3507 pleni
3912 3441 4078 3507 spiri-

2490 3532 2613 3585 tuali
2647 3530 2935 3599 voluptate.
2965 3531 3302 3599 QuaprOpter
3344 3528 3430 3583 hic
3476 3529 3653 3582 omnia
3701 3529 3821 3583 huic
3860 3532 4076 3584 muaeri

2487 3624 2833 3689 conveniunt,
2861 3624 2969 3677 illic
2995 3622 3173 3676 omnia
3202 3629 3325 3676 sunt
3361 3623 3561 3675 muneri
3585 3625 3849 3676 contraria
3876 3640 3888 3675 :
3913 3624 4078 3677 fletus

2487 3729 2682 3784 nempe
2735 3729 2797 3768 ac
2841 3714 3070 3784 gemitus
3115 3726 3322 3776 eorum,
3373 3712 3459 3781 qui
3506 3711 3811 3775 initiantur;
3856 3712 4077 3767 adstant

2487 3805 2637 3875 pueri
2678 3805 2939 3875 lugentes,
2989 3818 3123 3857 uxor
3149 3817 3313 3872 genas
3358 3802 3617 3870 lacerans,
3665 3805 3819 3859 amici
3862 3806 4067 3867 tristes,

2486 3896 2767 3954 domestici
2796 3897 3174 3966 lacrymantes,
3204 3903 3310 3949 tota
3337 3894 3528 3950 domus
3550 3898 3755 3965 species
3786 3896 4071 3950 hibernum

2485 3998 2539 4044 et
2576 3988 2923 4057 caliginosum
2949 3986 3092 4040 dicm
3143 3985 3395 4039 imitatur.
3443 3985 3595 4052 Quod
3639 3988 3683 4041 si
3710 3987 3930 4055 jacentis
3968 4000 4072 4038 cor

2485 4080 2761 4142 scruteris,
2803 4078 2867 4131 iis
2915 4077 3160 4131 omnibus
3188 4078 3387 4132 tristius
3429 4079 3688 4149 reperies.
3718 4077 4072 4144 Quemadmo-

2484 4170 2611 4224 dum
2644 4170 2787 4225 enim
2836 4169 2976 4223 venti
3007 4183 3197 4238 magno
3226 4170 3424 4237 impetu
3471 4168 3559 4222 alii
3590 4168 3707 4220 aliis
3734 4181 3798 4219 ex
3837 4166 4069 4221 adverso

2484 4260 2675 4315 ﬂantes
2694 4260 2887 4313 multas
2915 4258 2966 4313 iu
3004 4270 3180 4328 partes
3207 4260 3424 4329 pelagus
3454 4258 3693 4311 dividunt
3724 4256 3835 4308 :sic
3861 4258 4073 4325 cogita-

2485 4351 2659 4404 tiones
2686 4358 2812 4403 tunc
2851 4350 3206 4419 ingruentium
3238 4349 3527 4412 malorum,
3560 4345 3686 4413 :egri
3717 4344 3948 4397 animum
3986 4346 4073 4399 in-

2485 4443 2758 4501 vadentes.
2791 4441 2843 4495 in
2873 4442 3063 4495 multas
3090 4440 3475 4495 sollicitudines
3519 4437 3658 4488 illius
3697 4446 3921 4488 mentem
3956 4437 4065 4489 dis-

2486 4534 2725 4587 trahunt.
2758 4534 2812 4590 Si
2845 4534 2979 4589 ﬁlios
3005 4534 3274 4602 reSpiciat,
3300 4532 3509 4584 illorum
3532 4526 3815 4579 orbitatem
3832 4527 4066 4594 cogitat;

2486 4624 2530 4679 si
2558 4639 2795 4689 uxorem,
2818 4624 2930 4695 ejus
2952 4624 3259 4684 viduitatem
3283 4617 3619 4679 considerat;
3649 4616 3692 4669 si
3715 4616 4066 4681 domesticos,

2485 4714 2675 4769 domus
2710 4715 3044 4770 solitudinem
3093 4726 3275 4767 secum
3326 4717 3564 4775 reputat;
3618 4706 3660 4759 si
3714 4705 3779 4759 ad
3829 4707 4066 4773 seipsum

2485 4817 2838 4873 convertatur,
2868 4816 3183 4876 praesentem
3215 4801 3374 4854 vitam
3403 4802 3453 4851 in
3482 4797 3790 4852 memoriam
3823 4810 4066 4865 revocat,

2485 4909 2643 4968 atque
2672 4900 2899 4953 instante
2926 4894 3281 4966 separatione,
3322 4906 3565 4961 magnam
3596 4892 3860 4947 mmstitia:
3889 4892 4066 4945 nebu-

2483 4993 2589 5046 latn
2629 4992 2841 5061 excipit.
2889 4988 3037 5044 Talis
3083 4999 3206 5040 mox
3252 4983 3491 5037 initiaudi
3535 4986 3743 5039 animus
3789 4994 3886 5040 cst.
3925 4983 4065 5036 lliuc

2483 5083 2621 5138 inter
2649 5084 2929 5137 tumultum
2952 5074 3507 5146 perturbationemque
3538 5075 3855 5145 lmjusmodi,
3888 5076 4063 5141 ingre-

2481 5179 2622 5233 ditur
2650 5173 2900 5231 sacerdos
2941 5170 3051 5238 ipsa
3078 5168 3211 5224 febri
3241 5168 3641 5231 formidabilior,
3676 5176 3833 5236 atque
3871 5165 4059 5231 a-grnti

2483 5265 2791 5337 prepinquis
2814 5262 2924 5330 ipsa
2947 5270 3119 5315 morte
3146 5261 3445 5315 immanior.
3470 5260 3599 5313 Nam
3623 5258 3702 5310 vel
3732 5258 3839 5322 ipsa
3861 5254 4057 5305 medici

2483 5360 2813 5427 deploratam
2851 5352 2965 5422 ejus
2994 5352 3350 5407 valetudinem
3380 5348 3701 5405 declarantis
3730 5359 3859 5397 voce
3888 5345 4057 5409 major

2483 5445 2797 5516 dcspcrandi
2834 5460 2992 5500 causa
3040 5459 3160 5500 csse
3190 5451 3399 5513 putatur
3432 5436 3724 5509 presbyteri
3767 5436 4053 5501 ingressus,

2485 5549 2642 5607 atque
2674 5538 2745 5604 id,
2776 5539 2915 5609 quod
2949 5548 3167 5593 aeternae
3197 5537 3315 5589 vitm
3342 5536 3708 5601 argumentum
3737 5534 3837 5587 est,
3872 5524 4053 5575 murti!

2484 5631 2779 5701 symbolum
2811 5645 2929 5684 esse
2958 5636 3190 5697 putatur.
3218 5627 3284 5679 At
3314 5622 3545 5677 nondum
3571 5614 3915 5684 colophoucm
3944 5628 4051 5666 nta-

2482 5724 2547 5779 lis
2576 5722 2752 5778 addidi
2780 5740 2790 5773 :
2822 5720 3033 5774 interim
3066 5720 3259 5789 quippe
3284 5706 3722 5769 tumultuantibus
3748 5718 3797 5759 ct
3829 5720 3942 5761 sese
3965 5719 4052 5775 ap-
