4446 6736
227 493 341 548 225

1363 502 1454 557 AD
1493 501 1598 556 lLL
1611 502 1872 559 UMINAN
1884 503 1939 555 1)(

2051 498 2484 556 (ZATECIIESIS
2512 499 2550 556 1.
3577 484 3682 536 ιδῑῑὶ

1417 1118 2063 1207 ΚΑΤΗΧΗΣΙΣ
2134 1121 2543 1208 ΠΡΩΤΗ.

241 1414 405 1484 Πρὸς
425 1408 566 1473 τοὺς
583 1407 921 1476 μέλλοντας
936 1409 1306 1478 φωτίζεσθαι,
1328 1412 1424 1465 καὶ
1452 1411 1550 1464 διὰ
1580 1413 1635 1464 τί
1663 1410 1919 1479 λουτρὸν
1954 1415 2424 1482 παλιγγενεσίας
2451 1412 2550 1467 καὶ
2578 1415 2692 1468 οὐκ
2733 1413 3006 1482 ἀφέσεως
3045 1413 3477 1482 άμιῳτημιίτωι·
3536 1415 3703 1481 λὲγεο

508 1515 622 1564 ται,
661 1499 759 1554 καὶ
792 1500 883 1555 ὅτι
933 1501 1325 1557 ἐπικίνδυνον
1370 1504 1444 1558 οὺ
1497 1502 1564 1557 τὸ
1611 1502 1917 1568 ἐπιορκεῖν
1963 1507 2179 1572 μόνον,
2212 1505 2376 1560 ἀλλὰ
2407 1504 2506 1560 καί
2529 1505 2595 1558 τὸ
2620 1505 2890 1574 ὀμνύειν,
2919 1504 3035 1558 κᾶν
3059 1503 3416 1574 εὐορκῶμειο.

315 2082 388 2131 α’.
404 2076 491 2139 Ὠς
518 2077 762 2138 ποθεινὸς
785 2077 881 2128 καὶ
909 2076 1210 2144 ἐπέραστος
1233 2074 1341 2126 τῶν
1367 2075 1506 2126 νέων
1529 2075 1663 2141 ἡμῖν
1678 2071 1924 2137 ἀδελφῶν

243 2159 274 2210 ὁ
303 2162 486 2230 χορός·
515 2161 778 2228 ἀδελφοὺς
800 2160 910 2228 γάρ
937 2161 966 2213 ὑ
974 2162 1082 2230 μᾶς
1107 2159 1216 2227 ἐγὼ
1237 2160 1330 2212 καὶ
1348 2161 1454 2227 πρὸ
1472 2159 1581 2210 τῶν
1603 2157 1808 2210 ὠδίνων
1825 2157 1925 2225 ἠδη

246 2247 419 2307 καλῶ,
452 2249 546 2300 καλ⁸
567 2249 672 2318 πρὸ
692 2247 785 2300 τοῦ
819 2248 981 2300 τόκου
1010 2247 1108 2318 τὴν
1151 2247 1474 2315 συγγένειαν
1497 2246 1596 2316 τὴν
1629 2245 1766 2314 πρὸς
1782 2245 1928 2313 ὑμᾶς

243 2333 587 2403 ἀσπάζομαι.
615 2333 745 2388 Οἶδα
769 2334 901 2405 γὰρ,
927 2331 1044 2388 οἶδα
1066 2335 1253 2403 σαφῶς
1285 2337 1365 2398 εἰς
1394 2335 1526 2404 ὅσην
1557 2334 1656 2404 μὲν
1695 2333 1927 2400 ἄγεσθαι

250 2419 475 2490 μέλλετε
498 2422 683 2491 τιμὴν,
708 2423 788 2485 εἰς
817 2423 950 2492 ὅσην
977 2423 1033 2476 δὲ
1078 2423 1253 2493 ἀρχὴν
1276 2439 1290 2454 ⁸
1331 2423 1457 2486 τοὺς
1485 2422 1542 2474 δὲ
1586 2421 1763 2490 ἀρχὴν
1800 2419 1928 2490 μέλ-

245 2506 440 2570 λοντας
488 2507 806 2578 λαμϐάνειν,
858 2507 1010 2580 [Ξέϐ]
1053 2509 1148 2563 καὶ
1195 2507 1300 2579 πρδ
1343 2509 1444 2577 τῆς
1485 2508 1660 2578 ἀρχῆς
1697 2506 1926 2560 εἰώθασι

247 2596 416 2665 τιμᾷν
440 2596 699 2659 ἅπαντες,
724 2596 812 2650 διὰ
841 2597 941 2664 τῆς
973 2595 1269 2666 θεραπείας
1299 2593 1517 2649 εὔνοιαν
1549 2596 1763 2657 ἑαυτοῖς
1798 2610 1928 2664 προ-

248 2683 639 2752 αποτιθέμενοι
667 2685 804 2755 πρὸς
840 2685 900 2737 τὸ
932 2683 1148 2753 μέλλον.
1184 2683 1357 2736 Τοῦτο
1388 2684 1445 2736 δὲ
1472 2685 1566 2737 καὶ
1598 2683 1764 2745 αὐτὸς
1794 2681 1933 2734 ποιῶ

248 2769 346 2822 νῦν
368 2786 383 2800 ο
419 2771 481 2821 οὐ
508 2771 616 2841 γάρ
647 2773 727 2834 εἰς
753 2771 928 2842 ἀρχὴν
957 2769 1188 2839 ἄγεσθαι
1223 2770 1445 2840 μέλλετε
1470 2769 1635 2840 ψιλὴν
1659 2808 1674 2833 ,
1708 2767 1823 2822 ἀλλ’
1850 2769 1932 2831 εἰς

250 2855 530 2924 βασιλείαν
559 2856 764 2927 αὐτήν·
795 2857 997 2926 μᾶλλον
1036 2857 1093 2909 δὲ
1131 2857 1232 2910 οὐκ
1276 2858 1356 2920 εἰς
1399 2855 1678 2926 βασιλείαν
1721 2854 1930 2919 ἁπλῶς,

257 2944 374 2996 ἀλλ’
400 2944 478 3005 εἰς
508 2943 676 3014 αὐτὴν
715 2943 824 2996 τῶν
875 2943 1123 3014 οὐρανῶν
1148 2945 1248 3015 τὴν
1296 2943 1596 3013 βασιλείαν.
1641 2943 1742 2995 Διά
1772 2941 1934 2995 τοῦτο

255 3031 407 3099 ὑμῶν
440 3031 630 3100 δέομαι
661 3031 756 3083 καὶ
778 3029 1066 3093 ἀντιϐολῶ,
1093 3031 1179 3082 ἵνα
1207 3030 1486 3101 μνησθῆτέ
1519 3047 1644 3100 μου,
1681 3029 1808 3082 ὅταν
1845 3027 1932 3081 ἕλ-

251 3116 385 3184 θητε
417 3117 498 3178 εἰς
542 3115 818 3185 βασιλείαν
873 3117 1108 3186 ἐκείνην,
1144 3117 1238 3168 καὶ
1267 3117 1405 3187 ὅπερ
1461 3117 1490 3168 ὁ
1527 3115 1729 3186 Ἰωσὴφ
1780 3114 1933 3182 ἔλεγε

252 3203 394 3273 πρὸς
437 3203 529 3254 τὸν
564 3203 930 3272 ἀρχιοινοχόον
951 3220 962 3232 ·
1001 3202 1325 3271 Μνήσθητί
1347 3221 1466 3271 μου
1493 3243 1507 3262 .
1550 3202 1697 3256 ὅταν
1731 3197 1802 3256 εὖ
1835 3217 1937 3255 σοι

253 3289 498 3358 γένηται
520 3301 533 3312 ·
565 3289 722 3342 τοῦτο
754 3288 909 3358 κάγὼ
936 3289 1079 3358 λέγω
1111 3289 1246 3361 πρὸς
1276 3291 1420 3359 ὑμᾶς
1455 3289 1579 3360 ἄρτι
1604 3306 1617 3320 ·
1639 3287 1935 3359 Μνήσθητέ

258 3396 363 3447 μου
397 3380 530 3430 ὅταν
561 3373 618 3430 εὖ
643 3378 768 3447 ὑμῖν
785 3377 1029 3448 γένηται.
1063 3378 1179 3429 Οὐκ
1203 3376 1470 3429 ἐνυπνίων
1493 3375 1697 3447 ταύτην
1718 3375 1936 3430 ἀπαιτῶ

255 3468 358 3535 τὴν
391 3466 628 3535 ἀμοιϐὴν
673 3465 922 3536 καθάπερ
973 3466 1211 3527 ἐκεῖνος·
1244 3466 1306 3518 οὐ
1337 3465 1447 3537 γάρ
1473 3465 1729 3536 ὀνείρατα
1774 3461 1936 3536 ἦλθον

253 3553 509 3607 διαλῦσαι
540 3553 666 3622 ὑμῖν
692 3593 706 3615 ,
743 3552 878 3605 ἀλλά
922 3551 991 3605 τὰ
1023 3554 1082 3604 ἐν
1109 3555 1222 3614 τοῖς
1254 3553 1506 3622 οὐρανοῖς
1541 3553 1940 3624 διηγησόμενος

257 3642 586 3710 πράγματα,
619 3639 712 3692 καὶ
744 3639 1041 3707 εὐαγγέλια
1087 3639 1332 3710 κομίζων
1379 3640 1601 3709 ἀγαθῶν
1658 3640 1938 3702 τοιούτων,

260 3724 372 3780 Οἷα
400 3728 539 3780 οὗτε
573 3727 880 3796 ὀφθαλμὸς
929 3724 1112 3790 εἶδεν,
1149 3728 1287 3781 οὔτε
1320 3725 1430 3793 οὖς
1458 3729 1749 3797 ἤκουσεν,
1802 3730 1940 3782 οὔτε

257 3817 361 3869 ἐπὶ
394 3814 648 3883 καρδίαν
668 3815 985 3883 ἀνθρώπου
1010 3815 1190 3883 ἀνέϐη
1216 3829 1228 3842 ·
1259 3816 1654 3869 τοιαῦτάθὲστιν
1681 3817 1738 3866 Ἀ
1771 3814 1938 3880 ἡτοίο

253 3921 459 3976 μησεν
486 3908 519 3957 ό
542 3905 685 3969 Θεὸς
711 3904 836 3969 τοῖς
862 3903 1182 3974 ἀγαπῶσιν
1205 3903 1415 3956 αὐτόν.
1450 3902 1508 3954 ὐ
1544 3902 1643 3970 μὲν
1693 3896 1787 3954 οὖν
1830 3903 1943 3954 Ίω-

261 3994 373 4064 σὴφ
400 3993 554 4060 ἔλεγε
582 3991 716 4062 πρὸς
759 3992 851 4043 τὸν
888 3991 1128 4061 οἰνοχόον
1157 3993 1400 4043 ἐκεῖνον’
1434 3989 1557 4041 Ἔτι
1601 3988 1758 4056 τρεῖς
1803 3988 1946 4058 ἠμέ-

255 4097 378 4150 pm.
408 4079 508 4132 καὶ
539 4078 1029 4147 ἀποκαταστήσει
1061 4094 1135 4132 σε
1159 4077 1366 4145 Φαραὼ
1393 4079 1481 4141 εἰς
1509 4075 1626 4143 τὴν
1647 4077 1945 4145 ἀρχιοινοο

261 4168 444 4236 χοΐαν
475 4182 612 4219 σου·
641 4165 751 4233 ἐγὼ
783 4165 842 4219 δὲ
880 4166 940 4218 οὐ
969 4165 1132 4233 λέγω,
1164 4165 1286 4216 Ἔτι
1315 4165 1466 4234 τρεῖς
1488 4163 1714 4234 ἡμέραι,
1747 4163 1842 4215 καὶ
1863 4164 1944 4226 εἰς

259 4254 533 4322 οἰνοχοῖαν
581 4251 945 4322 ἐνεχθήσεσθε
1000 4251 1300 4321 τυράννου·
1360 4249 1478 4302 ἀλλ’
1518 4249 1600 4303 ἐτι
1647 4250 1944 4321 τριάκοντα

261 4341 494 4412 ἡμέραι,
532 4339 627 4392 καὶ
653 4339 1096 4406 ἀποκαταστήσει
1129 4337 1274 4406 ὑμᾶς
1308 4337 1431 4407 οὐχὶ
1473 4335 1696 4407 Φαραὼ,
1757 4336 1873 4390 ἀλλ’
1916 4338 1946 4390 ὁ

260 4428 375 4481 τῶν
409 4425 655 4497 οὐρανῶν
688 4425 942 4494 βασιλεὺς
990 4425 1072 4486 εἰς
1120 4424 1220 4494 τὴν
1268 4425 1381 4478 ἀνω
1437 4425 1693 4495 πατρίδα,
1735 4426 1816 4488 είς
1846 4425 1946 4496 τὴν

261 4515 556 4584 ἐλευθέραν
600 4511 977 4583 Ἰερουσαλὴμ,
1001 4514 1081 4576 εἰς
1118 4511 1215 4583 τὴν
1247 4513 1399 4567 πόλιν
1420 4514 1518 4584 τήν
1541 4514 1602 4566 ἐν
1639 4515 1752 4576 τοῖς
1776 4514 1945 4584 οὐρα-

261 4605 398 4664 νοῖς.
430 4601 694 4662 Κάκεῖνος
720 4599 820 4670 μὲν
853 4599 1059 4665 ἔλεγεν,
1084 4599 1167 4652 ὃτι
1203 4599 1424 4665 Δώσεις
1445 4601 1510 4654 τὸ
1539 4602 1829 4669 ποτήριον
1855 4603 1944 4666 εἰς

263 4690 473 4760 χεῖρας
496 4688 604 4742 τοῦ
627 4686 838 4756 Φαραώ
857 4702 871 4717 ·
911 4686 1024 4756 ἐγὼ
1047 4686 1102 4739 δὲ
1137 4688 1197 4740 οὐ
1237 4687 1403 4758 λέγω,
1425 4692 1507 4744 ὅτι
1541 4689 1743 4742 δώσετε
1768 4689 1828 4741 τὸ
1853 4707 1946 4742 πο-

262 4779 458 4848 τήριον
490 4777 568 4835 εἰς
619 4775 717 4838 τὰς
745 4777 935 4845 χεῖρας
973 4773 1067 4826 τοῦ
1105 4773 1391 4844 βασιλέως,
1443 4776 1561 4830 ἀλλ’
1607 4777 1689 4829 ὅτι
1723 4777 1886 4840 αὐτὸς
1915 4781 1944 4831 ό

268 4865 528 4935 βασιλεὺς
553 4864 632 4926 είς
654 4865 814 4932 χεῖρα
845 4861 943 4932 τὴν
984 4862 1258 4934 ὑμετέραν
1290 4864 1453 4917 δώσει
1489 4864 1550 4917 τὸ
1581 4865 1841 4934 ποτήριον
1883 4866 1946 4919 τὸ

266 4949 499 5020 φρικτὸν
523 4950 616 5000 καὶ
665 4948 868 5015 πολλῆς
893 4947 1062 5017 γέμον
1091 4947 1392 5018 δυνάμεως,
1422 4952 1516 5004 καὶ⁸
1559 4952 1654 5022 τῆς
1712 4953 1944 5018 κτίσεως

265 5037 598 5108 τιμιώτερον
626 5035 914 5105 ἑκατέραις.
951 5038 1160 5091 ’Ίσασιν
1195 5041 1245 5092 οἱ
1270 5041 1612 5111 μεμυημένοι
1653 5041 1749 5094 τοῦ
1778 5060 1946 5115 ποτη-

270 5127 390 5198 ρίου
416 5123 604 5176 τούτου
655 5124 756 5194 τὴν
809 5122 991 5193 ίσχύ-ν·
1047 5125 1264 5180 εἴσεσθε
1313 5128 1369 5182 δὲ
1408 5127 1501 5182 καὶ
1535 5129 1694 5198 ὑμεῖς
1748 5135 1944 5204 μικρὸν

268 5214 519 5284 ὕστερον.
554 5211 845 5280 Μνήσθητε
897 5207 1010 5277 οὖν,
1046 5215 1176 5267 ὅταν
1205 5214 1397 5286 ἔλθητε
1427 5217 1504 5276 εἰς
1531 5216 1629 5286 τὴν
1665 5216 1946 5286 βασιλείαν

268 5303 510 5371 ἐκείνην,
545 5299 672 5351 ὃταν
699 5298 760 5350 τὸ
797 5301 1011 5369 ἱμάτιον
1041 5303 1102 5355 τὸ
1128 5303 1406 5373 βασιλικὸν
1428 5302 1740 5373 ἀπολάϐητε
1763 5348 1776 5368 ,
1817 5308 1946 5363 ὅταν

278 5392 381 5461 τὴν
405 5387 694 5460 πορφύραν
718 5391 1084 5462 περιϐάλησθε
1114 5393 1213 5460 τὴν
1240 5392 1433 5461 αἵματι
1461 5389 1724 5460 βαφεῖσαν
1741 5399 1947 5451 Δεσπο-

266 5477 432 5548 τικῷ,
465 5478 596 5530 ὅταν
615 5475 853 5547 διάδημα
886 5478 1226 5550 ἀναδήσησθε
1277 5479 1384 5533 τῶν
1420 5480 1662 5550 ἡλιακῶν
1709 5484 1948 5542 ἀκτίνων

267 5565 634 5636 φαιδροτέρας
661 5562 782 5633 ἔχον
820 5567 1162 5636 πανταχόθεν
1200 5565 1525 5638 ἐκπηδώσας
1572 5567 1947 5640 λαμπηδόνας.

269 5652 514 5705 Τοιαῦτα
535 5651 646 5721 γὰρ
673 5647 768 5702 τοῦ
786 5651 1021 5719 νυμφίου
1052 5655 1120 5708 τὰ
1148 5655 1292 5720 ἕδνα,
1318 5652 1543 5725 μείζονα
1571 5655 1671 5724 μὲν
1695 5657 1793 5728 τῆς
1819 5660 1950 5731 ἡμε-

269 5739 440 5810 τέρας
462 5740 640 5804 ἀξίας,
669 5737 794 5805 ἀξια
827 5738 884 5791 δὲ
923 5739 1020 5810 τῆς
1052 5742 1220 5796 αὐτοῦ
1251 5741 1683 5814 φιλανθρωπίας.

345 5827 447 5880 Διά
471 5827 648 5881 ταῦτα
674 5828 817 5898 ὑμᾶς
836 5826 1087 5882 ἐντεῦθεν
1111 5829 1208 5901 ἤδη
1236 5831 1331 5883 καὶ
1361 5830 1468 5902 πρὸ
1490 5829 1598 5884 τῶν
1623 5831 1784 5902 ίερῶν
1806 5833 1944 5888 ἐκεί-

275 5928 383 5967 νων
413 5914 706 5987 μακαρίζω
736 5915 1021 5972 παστάδων
1042 5932 1054 5946 ο
1084 5917 1144 5972 οὐ
1181 5917 1472 5993 μακαρίζω
1500 5919 1555 5975 δὲ
1596 5919 1776 5992 μόνον,
1799 5921 1937 5976 ἀλλά

2030 2073 2124 2124 καὶ
2160 2073 2372 2126 ἐπαινῶ
2394 2073 2494 2143 τὴν
2524 2075 2973 2144 εὐγνωμοσύνην,
2997 2077 3079 2129 ὅτι
3109 2076 3183 2148 μὴ
3207 2077 3455 2148 καθάπερ
3475 2079 3523 2129 οἱ
3554 2078 3710 2148 ρᾳθυο

2032 2158 2252 2226 μότεροι
2275 2160 2383 2211 τῶν
2409 2161 2736 2230 ἀνθρώπων,
2774 2164 2832 2214 ὲν
2871 2164 3132 2232 ἐσχάταις
3161 2165 3459 2227 ἀναπνοαῖς
3485 2165 3564 2234 τῷ
3599 2183 3711 2231 φω-

2026 2243 2255 2313 τίσματι
2282 2245 2642 2316 προσήλθετε,
2665 2246 2779 2298 ἀλλ’
2809 2247 3061 2300 ἐντεῦθεν
3090 2249 3192 2318 ἤδη
3217 2251 3474 2319 καθάπερ
3501 2250 3710 2301 οἰκέται

2028 2326 2393 2397 εὐγνώμονες,
2438 2329 2577 2398 μετά
2612 2329 2816 2399 πολλῆς
2853 2331 3070 2394 εὐνοίας
3108 2332 3420 2386 ὑπακοῦσαι
3462 2331 3710 2400 Δεσπότῃ

2028 2414 2558 2484 παρεσκευασμένοι,
2592 2415 2686 2468 τὸν
2727 2417 2934 2486 αὐχένα
2961 2417 3062 2487 τῆς
3093 2417 3278 2488 ψυχῆς
3331 2418 3470 2489 μετά
3508 2416 3712 2485 πολλῆς

2028 2500 2333 2564 ἐπιεικείας
2359 2519 2420 2554 τε
2449 2503 2544 2554 καὶ
2584 2502 2893 2574 προθυμίας
2927 2505 3033 2556 ὑπὸ
3062 2505 3163 2574 τὴν
3194 2505 3428 2575 ζεύγλην
3472 2504 3711 2573 ἠγάγετε

2027 2589 2123 2642 τοῦ
2155 2589 2418 2659 Χριστοῦ,
2454 2595 2550 2643 καὶ
2591 2591 2683 2643 τὸν
2723 2591 2888 2658 ζυγὸν
2912 2591 3168 2656 ἐδέξασθε
3207 2593 3298 2644 τὸν
3335 2593 3594 2663 χρηστὸν,
3619 2591 3714 2643 καὶ

2030 2676 2091 2728 τὸ
2114 2677 2337 2746 φορτίον
2367 2678 2591 2729 ἐλάϐετε
2618 2677 2681 2729 τὸ
2703 2677 2958 2748 ἐλαφρόν.
2989 2679 3052 2731 Et
3097 2678 3208 2748 γὰρ
3246 2679 3340 2731 καὶ⁸
3371 2679 3441 2731 τὰ
3476 2678 3572 2747 τῆς
3612 2679 3712 2746 χά-

2031 2779 2178 2832 ριτος
2202 2763 2292 2816 ῖσα
2322 2765 2451 2835 ὑμῖν
2485 2765 2581 2817 καὶ
2611 2767 2722 2826 τοῖς
2750 2767 2808 2816 ἐν
2844 2767 2913 2834 τῇ
2957 2764 3188 2835 τελευτῇ
3242 2763 3714 2834 μυσταγωγουμέ-

2033 2867 2166 2914 νοις,
2206 2851 2344 2904 ἀλλά
2369 2851 2438 2904 τὰ
2466 2851 2568 2922 τῆς
2619 2853 2993 2922 προαιρέσεως
3039 2853 3143 2905 οὐκ
3197 2853 3308 2916 ῖσα,
3362 2851 3484 2905 οὐδέ
3523 2853 3592 2904 τὰ
3615 2851 3715 2919 τῆς

2032 2941 2388 3011 παρασκευῆς
2422 2942 2532 2994 τῶν
2575 2942 2942 3011 πραγμάτων.
2981 2942 3212 2995 Ἐκεῖνοι
3243 2942 3344 3010 μὲν
3395 2938 3502 3010 γάρ
3532 2941 3590 2990 ἐν
3645 2941 3712 3008 τῇ

2032 3028 2190 3100 κλίνῃ
2214 3029 2600 3098 λαμϐάνουσιν,
2621 3031 2778 3100 ὑμεῖς
2795 3030 2850 3083 δὲ
2881 3031 2938 3082 ἐν
2964 3033 3078 3093 τοῖς
3101 3028 3322 3092 κόλποις
3353 3028 3454 3096 τῆς
3488 3028 3717 3097 Ἐκκλη-

2037 3117 2157 3178 σίας
2183 3117 2282 3186 τῆς
2321 3119 2504 3188 κοινῆς
2548 3119 2803 3171 ἁπάντων
2848 3117 3006 3188 ἡμῶν
3055 3117 3296 3187 μητρός·
3343 3118 3586 3169 κάκεῖνοι
3617 3115 3717 3185 μὲν

2033 3203 2352 3275 ὀδυρόμενοι
2381 3208 2476 3258 καὶ
2510 3205 2862 3276 δακρύοντες,
2887 3205 3047 3274 ὑμεῖς
3072 3204 3130 3257 δέ
3176 3204 3457 3274 χαίροντες
3487 3205 3581 3255 καὶ
3624 3205 3717 3255 εὐ·

2038 3293 2395 3362 φραινόμενοι
2415 3309 2428 3321 ·
2457 3294 2654 3345 ἐκεῖνοι
2690 3292 3005 3354 στένοντες,
3039 3292 3197 3361 ὑμεῖς
3239 3291 3294 3344 δὲ
3326 3288 3718 3360 εὐχαριστοῦνο

2036 3396 2127 3442 τες
2147 3396 2160 3410 ·
2193 3380 2438 3432 κάκεῖνοι
2460 3380 2560 3450 μὲν
2592 3379 2774 3450 πολλῷ
2793 3379 3173 3450 κεκαρωμένοι
3189 3378 3267 3448 τῷ
3300 3378 3542 3448 πυρετῷ,
3564 3379 3718 3446 ὑμεῖς

2037 3466 2094 3519 δὲ
2144 3466 2347 3537 πολλῆς
2400 3467 2853 3537 ἐμπεπλησμένοι
2913 3469 3013 3536 τῆς
3065 3465 3450 3536 πνευματικῆς
3501 3465 3713 3534 ἡδονῆς.

2041 3555 2206 3609 Ὅθεν
2232 3555 2467 3609 ἐνταῦθα
2506 3557 2602 3626 μὲν
2628 3556 2846 3610 ἅπαντα
2884 3555 3154 3624 σύμφωνα
3193 3557 3260 3624 τῇ
3289 3553 3487 3624 δωρεᾷ,
3523 3555 3638 3604 ἐκεῖ
3663 3552 3720 3604 δὲ

2042 3646 2222 3697 πάντα
2266 3644 2485 3698 ἐναντία
2517 3644 2673 3715 [227]
2709 3647 2776 3714 τῇ
2833 3643 3046 3712 δωρεᾷο
3083 3642 3178 3694 καὶ
3221 3641 3330 3711 γάρ
3377 3641 3573 3710 θρῆνος
3627 3641 3722 3691 καὶ

2041 3731 2280 3802 ὀδυρμὸς
2310 3732 2477 3794 πολὺς
2500 3747 2865 3802 μυσταγωγου
2875 3731 3074 3800 μένων,
3107 3730 3204 3781 καί¹
3231 3727 3417 3780 παιδία
3445 3727 3724 3796 περιίστα-

2043 3837 2132 3872 ται
2155 3819 2431 3876 κλαίοντα,
2470 3818 2564 3871 καὶ
2591 3818 2731 3889 γυνὴ
2757 3818 2856 3880 τὰς
2885 3816 3120 3888 παρειὰς
3160 3814 3583 3878 καταξαίνουσα,
3630 3815 3723 3865 καὶ

2045 3907 2190 3975 φίλοι
2217 3909 2503 3977 κατηφεῖς,
2539 3907 2632 3959 καὶ
2655 3905 2866 3958 οἰκέται
2891 3903 3144 3974 δακρύων
3174 3903 3442 3972 γέμοντες
3467 3941 3482 3964 ,
3513 3901 3726 3955 ὅλον-τὸ

2043 3995 2143 4065 τῆς
2165 3994 2348 4056 οἰκίας
2375 3993 2560 4062 σχῆμα
2593 3993 2916 4063 χειμερινήν
2942 4009 3062 4044 τινα
3099 3991 3192 4042 καὶ
3229 3990 3442 4060 ζοφώδη
3477 3992 3724 4060 μιμεῖται

2045 4081 2260 4152 ἡμέραν
2283 4095 2297 4109 ·
2344 4079 2438 4132 ἐὰν
2467 4080 2525 4132 δὲ
2560 4080 2729 4150 αὐτὴν
2768 4077 2863 4130 τοῦ
2908 4077 3312 4147 κατακειμένου
3344 4077 3442 4145 τὴν
3493 4076 3723 4143 καρδίαν

2047 4165 2381 4240 ἀναπτύξῃς,
2420 4165 2884 4237 σκυθρωποτέραν
2915 4165 3122 4217 τούτων
3151 4164 3430 4234 εὑρήσεις.
3458 4161 3724 4231 Καθάπερ

2047 4258 2155 4328 γάρ
2181 4257 2372 4327 ἄνεμοι
2404 4254 2542 4326 μετά
2569 4254 2772 4323 πολλῆς
2791 4255 2889 4324 τῆς
2920 4253 3098 4322 ῥύμης
3133 4251 3444 4315 ἐξεναντίας
3477 4250 3728 4320 ἀλλήλοις

2049 4342 2411 4413 ἐμϐάλλοντες
2443 4344 2525 4404 εἰς
2556 4339 2730 4393 πολλά
2755 4339 2819 4393 τὸ
2855 4339 3095 4407 πέλαγος
3138 4338 3485 4406 διατέμνουσι
3539 4338 3682 4407 μέρη
3709 4353 3723 4366 ·

2045 4430 2191 4484 οὕτω
2221 4431 2315 4484 καὶ
2359 4431 2411 4483 οἱ
2445 4429 2699 4499 λογισμοὶ
2726 4429 2836 4481 τῶν
2863 4428 2985 4480 τότε
3040 4426 3380 4495 κατεχόντων
3410 4424 3600 4478 δεινῶν
3648 4427 3731 4489 εἰς

2044 4523 2144 4588 την
2164 4519 2258 4570 τοῦ
2291 4519 2591 4587 κάμνοντος
2637 4517 3011 4586 ἐμπίπτοντες
3057 4513 3258 4583 ψυχὴν,
3291 4515 3370 4576 εἰς
3399 4511 3606 4574 πολλὰς
3628 4513 3726 4583 τὴν

2043 4605 2253 4659 ἐκείνου
2285 4605 2524 4658 διάνοιαν
2555 4604 2800 4672 σχίζουσι
2833 4601 3145 4672 φροντίδας.
3183 4601 3356 4654 Ὅταν
3392 4602 3471 4663 εἰς
3501 4599 3570 4651 τά
3604 4617 3726 4653 παι-

2041 4692 2128 4746 δία
2157 4692 2348 4762 ἀπίδῃ,
2378 4692 2478 4761 τὴν
2507 4691 2778 4762 ὀρφανίαν
2824 4689 3006 4743 αὐτῶν
3047 4691 3249 4741 ἐννοεί’
3279 4689 3413 4744 ὅταν
3460 4690 3595 4760 πρὸς
3629 4690 3726 4760 τὴν

2042 4784 2278 4849 γυναῖκα
2300 4779 2606 4850 ἀποϐλέψῃ,
2627 4779 2726 4849 τὴν
2747 4779 2976 4848 χηρείαν
3003 4777 3278 4842 λογίζεται
3299 4792 3314 4808 ο
3336 4777 3466 4828 ὅταν
3496 4777 3581 4849 ίδῃ
3600 4778 3729 4839 τοὺς

2043 4868 2281 4931 οἰκέτας,
2323 4867 2421 4939 τὴν
2451 4866 2690 4936 ἐρημίαν
2721 4865 2938 4934 ἀπάσης
2965 4866 3160 4916 σκοπεῖ
3199 4863 3297 4933 τῆς
3325 4863 3506 4926 οἰκίας
3529 4879 3541 4892 ⁸
3598 4864 3730 4916 ὅταν

2046 4957 2183 5029 πρὸς
2213 4957 2402 5013 ἐαυτὸν
2428 4955 2720 5024 ἐπανέλθῃ,
2744 4954 2843 5023 τῆς
2873 4953 3164 5022 παρούσης
3192 4952 3384 5005 ἐαυτὸν
3413 4952 3728 5020 ἀναμιμνή-

2047 5062 2166 5097 σκει
2219 5045 2387 5113 ζωῆς,
2443 5043 2537 5098 καὶ
2569 5039 3019 5111 ἀπορῤήγνυσθαι
3072 5039 3304 5110 μέλλων,
3337 5037 3471 5092 πολὺ
3508 5039 3725 5106 δέχεται

2045 5133 2144 5202 τῆς
2174 5132 2410 5201 ἀθυμίας
2436 5130 2496 5182 τὸ
2525 5130 2705 5198 νέφος.
2741 5127 2980 5197 Τοιαύτη
3013 5129 3044 5197 ὴ
3075 5126 3168 5178 τοῦ
3217 5125 3505 5194 μέλλοντος
3557 5141 3725 5194 μυστ-

2045 5217 2381 5288 αγωγεῖσθαι
2407 5217 2577 5288 ψυχή.
2602 5212 2734 5270 Εἶτα
2761 5215 2963 5285 μεταξὺ
2998 5212 3106 5265 τῶν
3133 5211 3380 5283 θορύϐων
3405 5212 3496 5265 καὶ
3518 5211 3616 5281 τῆς
3640 5229 3728 5263 τα-

2051 5307 2222 5378 ραχῆς
2260 5304 2454 5375 αὐτῆς,
2491 5305 2874 5374 ἐπεισέρχεται
2903 5303 2931 5352 ὁ
2969 5302 3149 5371 ἱερεὺς
3163 5299 3340 5359 ,αὐτοῦ
3372 5302 3466 5352 τοῦ
3491 5299 3725 5368 πυρετοῦ

2047 5393 2427 5465 φοϐερώτερος
2456 5392 2552 5455 ὢν,
2589 5391 2684 5445 καὶ
2728 5388 2822 5442 τοῦ
2854 5389 3088 5443 θανάτου
3117 5391 3232 5451 τοῖς
3281 5387 3376 5442 τοῦ
3426 5388 3728 5455 κάμνοντος

2048 5484 2420 5553 προσήκουσιν
2461 5479 2862 5549 ἀπηνέστερος·
2906 5476 3006 5546 τῆς
3042 5477 3150 5548 γὰρ
3179 5477 3273 5528 τοῦ
3307 5474 3492 5545 ἰατροῦ
3541 5473 3726 5542 φωνῆς

2046 5571 2146 5641 τῆς
2171 5567 2659 5637 ἀπογινωσκούσης
2687 5564 2782 5636 τὴν
2811 5564 2958 5636 ζωὴν
2986 5564 3083 5634 τὴν
3119 5563 3330 5614 ἐκείνου
3363 5559 3565 5629 μείζων
3593 5559 3727 5610 ἀπό-

2048 5677 2249 5728 γνωσις
2282 5655 2422 5711 εἶναι
2451 5655 2730 5726 νομίζεται
2767 5655 2799 5724 ὴ
2834 5653 2929 5707 τοῦ
2965 5651 3341 5722 πρεσϐυτέρου
3371 5648 3597 5709 εἴσοδος,
3629 5646 3725 5698 καὶ

2051 5749 2282 5802 θανάτου
2317 5745 2582 5815 σύμϐολον
2612 5739 2753 5795 εἶναι
2789 5743 2935 5796 δοκεῖ
2963 5742 3063 5812 τῆς
3093 5741 3314 5793 αἰωνίου
3353 5737 3499 5808 ζωῆς
3527 5739 3562 5808 ἡ
3597 5734 3728 5787 ὑπό-

2054 5838 2222 5896 θεσις.
2268 5833 2405 5885 Ἀλλ’
2434 5831 2588 5884 οὔπω
2623 5830 2713 5883 τὸν
2743 5830 3028 5900 κολοφῶνα
3062 5829 3313 5898 ἐπέθηκα
3355 5827 3464 5879 τῶν
3499 5823 3681 5877 κακῶν
3707 5838 3720 5852 ⁸

2057 5922 2257 5992 μεταξὺ
2277 5920 2383 5991 γὰρ
2405 5917 2776 5990 θορυϐούντων
2798 5919 2907 5974 τῶν
2930 5916 3250 5988 ἐπιτηδείων
3269 5916 3364 5969 καὶ
3384 5932 3493 5983 παρ
3506 5928 3727 5966 muccu-
