4408 6700
422 422 524 476 £325

424 530 731 599 parantibus
753 528 1083 603 propinquis,
1125 537 1268 591 saepe
1312 521 1484 575 anima
1527 533 1722 587 corpus
1745 516 1996 569 deserens

422 626 679 680 abscessit
724 643 737 677 :
780 625 887 679 imo
932 616 1174 691 plurimis
1210 615 1291 668 vel
1330 628 1565 683 prtcsens
1607 610 1734 665 nihil
1782 606 1993 673 profuit.

422 717 556 771 Cum
597 718 736 771 enim
784 729 955 782 neque
984 715 1272 779 prmsentes
1317 705 1575 774 agnoscit,
1605 714 1781 768 neque
1815 713 1995 752 vocem

425 809 587 870 audit,
637 821 807 873 neque
854 805 942 857 illa
990 797 1316 866 respondere
1370 796 1527 849 verba
1574 797 1770 861 potest,
1808 789 1997 856 quibus

426 900 635 953 beatam
688 912 810 951 cum
858 891 1093 946 omnium
1143 896 1378 941 nostrum
1427 884 1649 940 Domino
1702 880 1994 949 pactionem

420 991 672 1059 deponat,
731 985 822 1041 sed
873 992 955 1037 est
989 979 1139 1049 quasi
1183 979 1380 1047 lignum
1431 976 1615 1031 inutile
1657 973 1738 1026 vel
1770 972 1921 1039 lapis,
1966 986 1997 1025 a

424 1089 746 1147 mortuoque
774 1074 901 1129 nihil
930 1072 1104 1127 differt
1132 1070 1177 1124 is
1206 1069 1293 1137 qui
1320 1083 1438 1121 mox
1470 1064 1843 1120 illuminandns
1871 1072 1949 1115 est
1982 1080 1995 1116 :

422 1184 542 1236 quae
572 1165 881 1220 initiationis
904 1161 1103 1215 utilitas
1126 1158 1176 1210 in
1211 1164 1351 1209 tanta
1380 1171 1566 1210 sensus
1594 1153 1770 1205 omnis
1793 1150 1999 1216 inOpia?

494 1258 551 1311 2.
594 1258 727 1310 Eum
774 1256 937 1317 enim,
966 1251 1053 1321 qui
1094 1249 1157 1303 ad
1191 1262 1339 1300 sacra
1386 1247 1471 1297 illa
1502 1256 1553 1299 et
1584 1240 1849 1296 horrenda
1881 1254 2002 1308 my-

426 1350 588 1402 steria
620 1360 928 1399 accessurus
956 1354 1053 1407 cst,
1094 1340 1311 1410 vigilare
1340 1337 1599 1399 convenit,
1633 1331 1777 1387 omni
1830 1344 2002 1383 sazcu-

426 1436 591 1490 culari
638 1449 763 1488 cura
802 1448 989 1503 purum
1040 1445 1180 1493 esse,
1239 1426 1580 1494 temperantia
1629 1434 1681 1476 et
1732 1420 2004 1474 alacritate

429 1526 591 1578 multa
618 1525 827 1593 plenum
856 1538 994 1586 esse,
1018 1533 1230 1575 omnem
1254 1532 1282 1569 a
1313 1517 1574 1584 mysteriis
1600 1516 1824 1567 alienam
1856 1508 2004 1578 Cogi-

431 1615 683 1667 tationem
729 1623 907 1667 mente
935 1610 1224 1678 depellere,
1272 1614 1325 1659 et
1366 1603 1708 1671 undeqnaque
1752 1597 2003 1653 mundam

428 1705 644 1757 domum
674 1716 948 1771 apparare,
981 1698 1129 1769 quasi
1158 1699 1328 1765 ipsum
1367 1708 1546 1761 regem
1570 1699 1886 1759 excepturus
1914 1688 2002 1739 sit.

428 1794 573 1848 Talis
600 1796 791 1847 mentis
827 1800 1016 1846 vestra;
1047 1787 1384 1856 prmparatio,
1417 1783 1549 1837 tales
1589 1782 1725 1851 apud
1756 1796 1852 1835 vos
1882 1786 2006 1832 sunt

427 1885 796 1952 cogitationes,
836 1880 941 1934 tale
970 1879 1132 1931 animi
1180 1876 1522 1945 propositum.
1568 1875 1787 1943 Dignam
1830 1874 2006 1937 itaque

426 1975 613 2042 Optimi
642 1973 797 2039 hujus
815 1970 1022 2024 consilii
1052 1968 1448 2021 retributionem
1480 1981 1511 2019 a
1538 1966 1644 2019 Deo
1672 1971 2003 2031 exspectate,

425 2066 515 2133 qui
562 2063 791 2131 praemiis
844 2060 1243 2129 obsequentium
1283 2058 1383 2112 sibi
1430 2058 1719 2127 prmstitam
1770 2060 2005 2122 supcrat.

427 2155 688 2221 Quoniam
719 2168 846 2207 vero
892 2161 1099 2220 oportet
1132 2168 1249 2220 qua:
1286 2166 1378 2205 sua
1410 2160 1534 2203 sunt
1576 2149 1849 2203 conservis
1876 2162 2007 2200 con-

427 2246 588 2305 ferre,
621 2252 675 2298 ct
703 2251 885 2296 nostra
908 2242 1273 2303 conferamus;
1304 2243 1408 2294 imo
1438 2239 1611 2308 potius
1639 2238 1752 2291 hate
1776 2253 1881 2291 non
1908 2252 2001 2289 n0—

427 2346 555 2399 stra,
587 2335 680 2388 sed
726 2332 999 2387 Dominica
1047 2339 1210 2383 sunt:
1246 2330 1377 2395 Quid
1406 2330 1567 2390 enim,
1611 2329 1795 2397 inquit,
1831 2328 2002 2391 habes,

426 2427 561 2491 quod
590 2439 689 2475 non
731 2421 1003 2489 accepisti?
1042 2420 1087 2472 si
1114 2427 1277 2471 autem
1306 2418 1555 2486 accepisti,
1601 2418 1723 2485 quid
1748 2416 2001 2487 gloriaris,

427 2514 569 2577 quasi
595 2529 693 2565 non
721 2511 970 2580 acceperis
998 2510 1075 2577 (1.
1103 2506 1223 2563 Cor.
1251 2508 1302 2560 4.
1335 2507 1430 2575 7)?
1479 2506 1728 2560 Volebam
1771 2506 1872 2559 hoc
1898 2505 2006 2576 pri-

431 2618 577 2655 mum
613 2602 848 2655 omnium
886 2600 1100 2654 dicere:
1127 2613 1226 2652 cur
1264 2605 1440 2665 patres
1471 2597 1654 2657 nostri,
1685 2596 1860 2650 missis
1889 2596 2005 2649 aliis

428 2692 553 2744 anni
584 2692 836 2758 partibus,
879 2691 979 2744 hoc
1005 2700 1245 2757 tempore
1288 2687 1571 2740 initiandos
1601 2700 1718 2739 esse
1759 2687 2004 2739 Ecclesia:

432 2781 570 2835 filios
597 2780 709 2848 lege
738 2789 1050 2843 statuerunt,
1093 2790 1147 2834 et
1187 2793 1283 2832 cur
1308 2785 1427 2846 post
1454 2776 1772 2840 doctrinam,
1804 2775 2002 2830 discal-

429 2880 614 2927 ccatos
640 2884 732 2923 vos
758 2878 810 2923 et
834 2880 1045 2933 exutos,
1070 2869 1223 2922 nudis
1250 2867 1491 2937 pedibus.
1518 2882 1619 2919 una
1650 2867 1826 2920 tunica
1853 2880 2008 2934 cper-

430 2971 516 3017 tos
560 2961 627 3014 ad
668 2960 1075 3014 exorcizantium
1122 2974 1277 3013 voces
1328 2972 1421 3011 vos
1466 2959 1853 3010 transmittunt.
1891 2955 2005 3010 Non

430 3053 572 3106 enim
601 3051 793 3104 frustra
818 3051 895 3103 vel
926 3060 1121 3103 temere
1152 3049 1289 3102 hunc
1314 3047 1551 3101 habitum
1591 3056 1645 3100 et
1674 3047 1774 3099 hoc
1800 3056 2007 3115 tempus

431 3144 585 3195 nobis
610 3142 997 3196 constituerunt
1021 3158 1035 3201 ;
1063 3142 1156 3194 sed
1187 3140 1385 3194 habent
1406 3141 1519 3193 haec
1546 3139 1703 3192 ambo
1727 3138 2005 3208 mysticam

430 3233 713 3303 quamdam
741 3242 795 3286 et
822 3247 1068 3285 arcanam
1097 3232 1351 3284 rationem
1381 3247 1394 3283 :
1417 3241 1471 3283 et
1498 3230 1597 3282 hoc
1618 3244 1827 3297 quoque
1856 3229 2009 3283 vobis

430 3326 638 3391 aperire
668 3323 930 3377 volebam.
960 3325 1029 3376 At
1058 3322 1211 3375 video
1254 3321 1317 3374 ad
1346 3321 1499 3372 aliam
1548 3335 1660 3373 rem
1710 3321 1878 3388 magis
1910 3334 2006 3373 nc-

430 3415 716 3469 cessariam
763 3430 858 3467 nos
903 3416 1129 3469 evocari.
1183 3412 1410 3466 Necesse
1464 3413 1654 3480 quippe
1704 3419 1785 3465 est
1827 3410 2008 3464 dicere

431 3505 554 3574 quid
599 3503 666 3556 sit
706 3503 985 3571 baptisma,
1020 3518 1115 3556 cur
1160 3502 1209 3554 in
1252 3502 1412 3553 vitam
1456 3510 1686 3554 nostram
1733 3498 2005 3552 inductum

431 3597 521 3655 sit,
553 3606 605 3648 et
634 3603 824 3663 quanta
858 3594 1009 3647 nobis
1039 3593 1279 3647 conferat
1308 3593 1464 3646 bona.

516 3686 665 3739 Varia
708 3686 940 3754 baptismi
968 3687 1190 3738 nomina.
1220 3714 1291 3724 —
1316 3683 1418 3738 Sed
1462 3685 1505 3737 si
1552 3683 1728 3750 vultis,
1757 3681 1824 3737 de
1850 3681 2008 3752 hujus

433 3780 669 3850 mystica:
706 3778 1029 3846 purgationis
1056 3777 1312 3831 vocabulo
1340 3776 1484 3845 prius
1518 3775 1870 3839 disseramus;
1902 3790 2007 3829 non

436 3871 576 3924 enim
618 3869 729 3938 ejus
769 3884 961 3923 nomen
1009 3885 1168 3922 unum
1206 3877 1305 3931 est,
1351 3867 1444 3921 sed
1484 3867 1707 3936 plurima
1736 3867 2006 3935 variaque.

435 3962 566 4016 Nam
589 3961 697 4013 haec
724 3969 962 4030 purgatio
994 3972 1234 4022 vocatur,
1266 3961 1529 4014 lavacrum
1559 3959 2010 4029 regenerationis:

438 4052 665 4107 Salvarit
693 4052 821 4105 enim
850 4067 959 4113 nos,
990 4050 1180 4118 inquit,
1213 4068 1301 4118 per
1327 4050 1583 4103 lavacrum
1622 4051 2012 4120 regenerationis

436 4152 481 4195 et
522 4141 854 4195 renovatiouis
899 4140 1119 4208 Spiritus
1153 4142 1315 4193 sancti
1347 4141 1472 4211 (Tit.
1501 4142 1553 4197 5.
1704 4142 1931 4195 Vocatur
1959 4151 2013 4196 ct

435 4234 748 4287 illuminatio
783 4252 796 4287 :
830 4233 896 4285 ita
924 4231 1047 4285 illud
1072 4232 1264 4285 Paulus
1293 4233 1614 4301 nuncupavit
1639 4250 1651 4285 :
1682 4232 2008 4287 Rementora-

433 4326 558 4377 mini
588 4327 823 4392 pristinos
849 4325 969 4389 dies,
992 4326 1041 4375 in
1072 4323 1247 4390 quibus
1272 4323 1545 4375 illuminati
1584 4340 1821 4391 magnum
1843 4335 2008 4377 certa-

433 4431 545 4466 men
572 4416 878 4469 sustinuistis
899 4415 1182 4482 passionum
1204 4412 1388 4483 (Ilebr.
1421 4412 1505 4465 10.
1540 4411 1659 4479 52);
1691 4421 1746 4464 ct
1772 4427 2004 4479 rursum,

433 4506 755 4575 Impossibile
788 4518 858 4562 est
889 4509 1015 4561 enim
1053 4522 1153 4568 eos,
1200 4505 1285 4573 qui
1311 4505 1460 4557 semel
1498 4512 1613 4556 sunt
1639 4501 1930 4564 illuminati,
1962 4512 2006 4555 et

433 4605 754 4666 gustaverunt
780 4600 926 4650 etiam
945 4598 1129 4649 donum
1158 4595 1368 4655 ca'leste,
1394 4603 1439 4643 et
1463 4593 1688 4661 prolapsi
1716 4605 1851 4655 sunt,
1885 4609 2003 4643 rur-

432 4704 519 4741 sus
557 4702 796 4739 renovare
831 4688 897 4739 ad
946 4686 1281 4756 paenitentiam
1326 4682 1432 4752 (Ib.
1464 4684 1515 4736 6.
1550 4683 1583 4736 4
1606 4685 1647 4750 ).
1687 4682 1913 4737 Vocatur
1954 4691 2008 4737 et

432 4777 688 4844 baptisma
721 4792 733 4827 :
768 4777 1080 4842 Quicumque
1122 4777 1250 4829 enim
1290 4777 1341 4826 in
1371 4772 1566 4825 Christo
1598 4773 1841 4841 baptizati
1868 4774 2004 4838 estis,

429 4868 683 4923 Christum
713 4864 947 4918 induistis
974 4866 1167 4933 (Galat.
1200 4868 1251 4921 5.
1282 4865 1393 4934 ‘27).
1424 4864 1730 4931 Appellatur
1748 4873 1801 4916 et
1826 4865 2008 4932 sepul-

430 4968 547 5011 tura
576 4973 589 5007 :
618 4953 906 5021 Consepulti
945 4958 1096 5020 enim,
1133 4958 1321 5024 inquit,
1365 4957 1476 5009 estis
1506 4956 1555 5008 in
1586 4955 1693 5023 ipso
1724 4970 1810 5023 per
1840 4956 2004 5022 bapti-

430 5064 593 5103 unum
629 5046 681 5097 in
710 5056 913 5096 mortem
942 5044 1114 5113 (Rom.
1149 5048 1200 5099 6.
1249 5046 1338 5116 4);
1375 5048 1607 5114 itemque
1634 5047 2004 5100 circumcisio:

434 5140 496 5194 In
524 5153 619 5209 quo
657 5145 704 5189 ct
742 5136 1022 5187 circumcisi
1062 5136 1179 5186 estis
1220 5136 1272 5187 in
1299 5138 1676 5191 circumcisione
1718 5154 1814 5188 non
1853 5154 2007 5189 manu

430 5236 586 5301 facta,
620 5231 667 5283 in
692 5228 1102 5294 exspoliationem
1138 5237 1449 5293 peccatorum
1472 5232 1637 5283 curuis
1668 5229 1797 5300 (Col.
1827 5230 1911 5282 ΞΑ
1932 5231 2004 5298 l).

432 5326 660 5377 Vocatur
683 5334 808 5373 crux
840 5335 853 5370 :
888 5315 1041 5369 Vetus
1071 5317 1201 5369 enim
1241 5318 1388 5367 homo
1418 5329 1584 5371 uoster
1609 5321 1880 5389 cruciﬁxus
1910 5330 2002 5383 est,

429 5423 483 5466 ut
528 5415 812 5466 destruatur
854 5423 1037 5477 corpus
1092 5408 1281 5477 peccati
1322 5407 1498 5472 (Rom.
1551 5410 1603 5461 6.
1654 5412 1730 5479 6).
1784 5412 2007 5466 Possem

428 5507 583 5575 plura
609 5503 710 5557 dici
736 5499 945 5555 nomina
967 5515 981 5563 ;
1006 5500 1100 5553 sed
1133 5516 1198 5555 ne
1228 5510 1433 5567 tempus
1459 5514 1617 5552 omne
1646 5502 1695 5554 in
1720 5503 2009 5557 charisma-

431 5599 500 5651 tis
520 5590 957 5667 appellationibus
984 5589 1330 5655 insumamus,
1352 5606 1447 5659 age
1466 5590 1527 5642 ad
1554 5591 1783 5657 primum
1812 5609 2005 5649 nomen

431 5688 654 5753 reversi,
687 5686 904 5756 ejusque
942 5681 1203 5749 explicata
1247 5682 1652 5753 significatione,
1700 5697 2005 5739 sermonem

438 5780 684 5833 finiamus
709 5795 721 5832 :
755 5772 962 5831 interim
991 5787 1118 5825 vero
1146 5772 1300 5840 paulo
1326 5773 1567 5845 superius
1591 5772 1881 5827 doctrinam
1911 5788 1997 5828 re-

1486 409 1575 462 ΑΒ
1615 400 2120 461 ιιιυιιιθξλθςυυδ
2158 398 2576 453 CATECllESlS
2615 398 2653 452 l.

3579 402 3683 456 ΞΞϐ

2104 519 2367 577 petamus.
2393 509 2487 563 Est
2526 526 2808 565 commune
2837 512 3068 565 omnium
3112 510 3386 568 hominum
3416 518 3680 576 lavacrum

2103 598 2230 650 illud
2262 598 2583 663 balneorum,
2618 599 2757 666 quod
2798 603 3038 668 corporis
3057 603 3244 658 sordes
3270 605 3405 659 solet
3425 607 3679 664 abluere:

2101 697 2183 741 est
2210 696 2264 741 et
2292 688 2557 742 lavacrum
2574 690 2899 755 Judmornm,
2924 692 3012 743 illo
3031 694 3241 762 quidem
3266 694 3559 760 honestius,
3589 702 3683 754 sed

2099 781 2283 848 gratia:
2310 780 2517 835 lavacro
2542 783 2696 851 longe
2722 782 2943 835 inferius
2974 799 2987 835 :
3015 794 3070 837 et
3100 784 3197 840 hoc
3226 788 3369 841 enim
3397 803 3684 857 corporeus

2101 868 2291 923 sordes
2324 870 2508 936 abluit,
2540 888 2638 927 nec
2678 874 2838 926 modo
2879 888 3165 943 corporcas
3188 877 3368 939 abluit,
3398 880 3491 933 sed
3522 882 3683 935 etiam

2100 961 2169 1015 ad
2194 963 2531 1017 conscientia:
2563 963 2922 1019 infirmitatem
2965 966 3196 1034 attingit.
3229 966 3359 1021 Nam
3390 970 3568 1023 multae
3600 988 3685 1027 res

2104 1062 2250 1115 sunt,
2306 1060 2494 1105 natura
2554 1054 2764 1121 quidem
2804 1070 2909 1108 non
2951 1056 3260 1122 immundae,
3303 1059 3398 1113 sed
3451 1078 3567 1129 qua:
3600 1065 3683 1117 in-

2104 1144 2352 1195 firmitate
2380 1142 2720 1196 conscicntite
2757 1144 3058 1201 efficiuntur
3084 1147 3393 1203 immuudte.
3435 1151 3513 1203 Ac
3549 1153 3685 1206 sicut

2110 1235 2158 1286 in
2190 1235 2367 1300 pueris
2405 1234 2568 1288 larva:
2614 1244 2916 1305 ca-teraque
2947 1239 3193 1293 terricula
3240 1251 3428 1295 natura
3471 1243 3684 1311 quidem

2107 1320 2453 1377 formidabilia
2500 1342 2603 1380 non
2648 1337 2793 1391 sunt,
2845 1328 2937 1382 sed
2970 1330 3093 1383 talia
3140 1334 3315 1399 pueris
3356 1334 3429 1391 ob
3482 1346 3685 1391 naturae

2108 1412 2521 1471 imbecillitatem
2564 1433 2684 1473 esse
2718 1419 2967 1474 videntur
2996 1438 3009 1474 :
3039 1422 3117 1475 sic
3141 1433 3194 1477 et
3224 1424 3274 1477 in
3307 1426 3371 1479 iis
3392 1444 3507 1495 qua:
3537 1429 3643 1482 dixi
3668 1447 3683 1494 ;

2108 1506 2337 1575 exempli
2390 1523 2547 1562 causa
2595 1522 2801 1566 mortua
2848 1528 3073 1583 corpora
3113 1516 3444 1585 contingere,
3504 1531 3688 1575 natura

2107 1598 2318 1665 quidem
2347 1613 2453 1651 non
2481 1610 2561 1653 est
2582 1601 2929 1669 immundum,
2953 1621 3136 1660 verum
3166 1606 3208 1660 si
3235 1607 3285 1661 id
3314 1608 3534 1663 infirmce
3560 1626 3690 1665 con-

2108 1688 2343 1741 scientia:
2372 1688 2659 1758 coutingat,
2691 1691 3016 1747 immundum
3049 1694 3175 1749 facit
3211 1712 3332 1751 eum
3362 1700 3451 1768 qui
3498 1702 3683 1770 tetigit.

2108 1774 2257 1839 Quod
2286 1777 2428 1830 enim
2462 1778 2590 1832 illud
2629 1788 2814 1832 natura
2844 1795 2947 1834 non
2982 1784 3050 1836 sit
3078 1785 3432 1853 immundum,
3458 1789 3571 1857 ipse
3599 1792 3689 1859 qui

2113 1866 2280 1934 legem
2326 1869 2444 1923 tulit
2487 1869 2698 1940 Moyses
2741 1870 3046 1939 declaravit,
3095 1876 3184 1943 qui
3233 1888 3499 1933 mortuum
3539 1882 3686 1936 Jose-

2114 1958 2274 2026 phum
2324 1976 2504 2015 secum
2545 1962 2756 2027 detulit,
2808 1973 2861 2019 et
2910 1972 3085 2019 tamen
3139 1970 3366 2023 munitus
3414 1977 3683 2027 remansit.

2113 2045 2338 2117 ideoque
2378 2050 2571 2105 Paulus
2611 2053 2679 2107 de
2726 2054 3061 2109 immunditia
3101 2055 3404 2125 hujusmodi
3445 2061 3689 2132 loquens,

2112 2154 2230 2207 qua:
2256 2155 2358 2193 non
2393 2149 2600 2205 natura,
2631 2144 2722 2197 sed
2752 2145 3053 2201 infirmitate
3093 2151 3437 2205 conscientia:
3477 2155 3688 2221 accidit,

2114 2230 2183 2282 ita
2210 2229 2442 2297 loquitur
2472 2248 2485 2285 :
2520 2230 2670 2284 Nihil
2694 2249 2953 2288 commune
2993 2254 3083 2305 per
3121 2238 3343 2305 seipsum
3369 2241 3468 2292 nisi
3502 2243 3566 2306 ei,
3607 2245 3693 2313 qui

2109 2322 2361 2375 existimat
2408 2323 2532 2392 quid
2574 2340 2838 2378 commune
2876 2343 2980 2380 esse
3011 2327 3182 2398 (Rom.
3233 2332 3319 2384 Η.
3358 2332 3467 2402 14).
3507 2333 3694 2388 Videu'

2111 2412 2497 2467 immunditiam
2544 2428 2649 2468 non
2681 2431 2741 2469 ex
2776 2415 2853 2469 rei
2882 2426 3091 2485 natura,
3125 2420 3217 2474 sed
3244 2437 3310 2474 ex
3359 2424 3694 2493 cogitationis

2112 2501 2471 2557 imbecillitate
2516 2506 2793 2559 contrahi?
2850 2508 2926 2561 Ac
2979 2524 3213 2577 rursum,
3265 2513 3448 2567 Omnia
3493 2516 3694 2585 quidem

2112 2604 2227 2647 sunt
2256 2597 2443 2647 mundo
2469 2612 2487 2648 :
2507 2597 2595 2649 sed
2623 2598 2811 2650 malum
2838 2609 2909 2650 est
2935 2600 3142 2666 homini,
3184 2604 3272 2672 qui
3298 2622 3388 2672 per
3413 2605 3695 2672 offendicu-

2111 2683 2216 2735 lum
2244 2686 2516 2737 manducet
2545 2684 2706 2754 (Ibid.
2740 2703 2789 2741 υ.
2821 2688 2931 2757 ΞΟ).
2972 2689 3183 2760 [Viden’
3206 2693 3346 2761 quod
3378 2711 3479 2748 non
3509 2697 3691 2763 edere,

2109 2772 2203 2827 sed
2227 2788 2321 2841 per
2334 2774 2705 2829 offendiculum
2729 2777 3008 2850 ederej(a)j
3029 2794 3185 2833 causa
3215 2782 3284 2835 sit
3310 2781 3695 2840 immunditim?

2181 2865 2234 2920 5.
2264 2863 2547 2919 Discrimen
2567 2868 2697 2920 inter
2714 2866 2965 2922 lavacrum
2983 2869 3280 2925 Iudaeorum
3299 2884 3345 2926 et
3370 2874 3690 2944 baptismum.

2108 2983 2181 2995 —
2200 2955 2382 3008 Talem
2415 2958 2675 3010 maculam
2704 2957 3009 3013 Judxeorum
3040 2961 3307 3016 lavacrum
3336 2964 3690 3031 emundabat;

2111 3055 2166 3098 at
2192 3047 2375 3116 gratia:
2406 3048 2677 3103 lavacrum
2720 3064 2827 3103 non
2860 3050 3054 3118 talem,
3088 3052 3181 3106 sed
3226 3070 3341 3107 eam
3368 3095 3383 3120 ,
3422 3072 3539 3125 quae
3569 3074 3693 3112 vera

2113 3137 2442 3191 immunditia
2482 3149 2537 3192 et
2575 3139 2809 3194 animam
2848 3150 2901 3195 ct
2939 3156 3133 3211 corpus
3175 3144 3371 3207 inficit;
3415 3162 3517 3201 non
3552 3149 3694 3204 enim

2114 3244 2225 3294 eos,
2257 3230 2343 3299 qui
2374 3239 2581 3284 mortua
2612 3244 2857 3300 corpora,
2891 3232 2983 3286 sed
3014 3234 3101 3302 qui
3137 3244 3343 3289 mortua
3374 3252 3534 3305 Opera
3563 3254 3694 3293 con-

2118 3324 2340 3392 tingunt,
2366 3322 2591 3376 mundos
2621 3322 2765 3376 facit.
2792 3324 2901 3376 Etsi
2924 3324 3118 3385 mollis,
3147 3326 3248 3380 etsi
3273 3326 3560 3384 fornicator
3578 3332 3696 3399 quis

2115 3412 2305 3479 fuerit,
2337 3415 2435 3467 etsi
2476 3413 2753 3467 idololatra
2774 3453 2789 3476 ,
2821 3414 2920 3467 etsi
2946 3414 3154 3482 quidvis
3182 3416 3304 3468 mali
3346 3416 3564 3486 fecerit,
3595 3421 3695 3475 etsi

2114 3502 2343 3557 humana
2374 3504 2516 3557 omni
2541 3502 2773 3572 nequitia
2800 3503 2985 3573 plenus
3002 3505 3091 3569 sit,
3110 3506 3153 3559 si
3179 3506 3231 3559 in
3255 3507 3506 3575 piscinam
3534 3525 3695 3579 aqua-

2110 3608 2230 3647 rum
2265 3593 2480 3657 incidat,
2512 3593 2776 3647 solaribus
2802 3593 2964 3647 radiis
2991 3596 3172 3663 purior
3197 3612 3263 3649 ex
3297 3597 3489 3652 divinis
3522 3600 3695 3655 fluen-

2113 3684 2180 3738 tis
2206 3684 2468 3737 ascendit.
2494 3684 2569 3737 Ne
2610 3699 2737 3737 vero
2779 3693 2931 3751 putes
2973 3685 3110 3739 fastu
3146 3688 3393 3757 quopiam
3422 3690 3536 3746 h;cc
3568 3708 3696 3761 pro-

2113 3773 2261 3836 ferri,
2291 3774 2415 3828 audi
2444 3775 2665 3828 Paulum
2694 3774 2760 3829 dc
2782 3776 2975 3829 lavacri
2999 3777 3193 3831 virtute
3213 3779 3327 3832 hanc
3355 3781 3693 3850 loquentem:

2116 3863 2292 3917 Nolite
2326 3880 2496 3916 errare
2523 3880 2539 3919 :
2570 3881 2727 3933 neque
2766 3865 3051 3919 idololatra:
3070 3908 3083 3930 ,
3130 3884 3284 3937 neque
3331 3873 3657 3938 fornicatores
3676 3917 3692 3939 ,

2116 3970 2272 4023 neque
2295 3955 2533 4021 adulteri,
2563 3972 2718 4024 neque
2745 3957 2940 4019 molles,
2971 3974 3126 4026 neque
3149 3963 3489 4017 masculorum
3510 3981 3695 4019 concu-

2118 4046 2316 4110 bitores,
2343 4063 2497 4115 neque
2520 4048 2691 4112 avari,
2721 4065 2876 4117 neque
2899 4049 3081 4101 ebriosi
3099 4091 3113 4112 ,
3145 4068 3301 4120 neque
3326 4054 3553 4108 malrdici
3574 4098 3586 4123 ,
3612 4075 3696 4110 ne-

2116 4154 2210 4206 que
2233 4154 2439 4206 rapaces
2487 4155 2693 4208 regnum
2722 4138 2811 4191 Dei
2830 4142 3149 4209 possidebunt
3175 4142 3246 4212 (ί.
3268 4144 3384 4198 Cor.
3418 4146 3471 4201 6.
3496 4147 3547 4201 9.
3580 4150 3691 4219 10).

2117 4229 2315 4297 Ecquid
2350 4230 2460 4283 hac
2488 4230 2551 4282 ad
2589 4232 2916 4299 propOsitum
2943 4274 2956 4296 ,
2989 4234 3231 4302 inquies?
3264 4236 3399 4305 quod
3438 4240 3695 4307 qua'ritur

2115 4321 2355 4383 ostende,
2389 4336 2453 4374 an
2483 4322 2686 4375 scilicet
2716 4322 2909 4376 lavacri
2941 4323 3107 4378 virtus
3138 4324 3252 4378 hzcc
3286 4328 3461 4380 omnia
3503 4344 3691 4384 emun~

2114 4410 2222 4463 det.
2254 4412 2388 4463 Audi
2424 4413 2597 4479 itaque
2626 4428 2708 4478 ea,
2740 4428 2857 4481 qua:
2886 4424 3181 4481 sequuntur
3208 4432 3221 4467 :
3256 4415 3323 4468 Et
3351 4418 3459 4470 ha'c
3490 4420 3694 4488 quidam

2110 4502 2274 4571 fuistis
2302 4518 2321 4554 .'
2349 4502 2439 4554 scd
2465 4504 2625 4555 abluti
2650 4504 2782 4565 estis,
2815 4504 2903 4555 sed
2924 4506 3229 4571 sanctiﬁcati
3253 4510 3391 4571 estis,
3420 4510 3510 4563 sed
3530 4513 3690 4579 justi-

2113 4596 2247 4663 ﬁcati
2272 4596 2387 4649 estis
2414 4596 2465 4647 in
2496 4596 2694 4648 nomine
2730 4594 2937 4647 Domini
2981 4598 3138 4649 nostri
3176 4596 3300 4651 Iesu
3342 4597 3529 4655 Christi
3566 4605 3694 4658 etin

2114 4687 2315 4754 Spiritu
2345 4684 2437 4739 Dei
2466 4686 2621 4739 nostri
2649 4684 2753 4754 (Ib.
2789 4702 2838 4740 υ.
2873 4686 2985 4756 Η).
3012 4685 3118 4740 Nos
3140 4687 3351 4757 quidem
3383 4692 3695 4760 pollicemur

2115 4778 2267 4832 vobis
2295 4778 2574 4833 ostendere
2598 4820 2611 4843 ,
2642 4778 2784 4832 omni
2816 4777 3163 4835 fornicatione
3186 4781 3201 4812 ¹
3233 4798 3392 4849 puros
3417 4800 3534 4839 esse
3559 4801 3651 4840 cos
3675 4829 3690 4850 ,

2113 4873 2200 4939 qui
2232 4870 2296 4922 ad
2329 4871 2593 4923 lavacrum
2621 4868 2906 4931 accedunt;
2939 4885 3118 4921 verum
3146 4872 3315 4923 oratio
3347 4881 3528 4927 nostra
3569 4876 3688 4941 plus

2113 4960 2525 5021 demonstravit,
2577 4959 2778 5011 scilicet
2825 4974 2928 5010 non
2976 4958 3131 5011 modo
3177 4975 3365 5028 puros,
3395 4962 3487 5015 sed
3520 4966 3682 5019 etiam

2113 5051 2617 5119 sanctosjustosque
2640 5048 2805 5101 factos
2831 5064 2968 5102 esse.
2994 5049 3106 5102 Non
3134 5060 3335 5104 tantum
3359 5054 3498 5106 enim
3526 5057 3686 5109 uixit:

2112 5142 2283 5196 Abluti
2323 5141 2467 5203 estis,
2516 5139 2607 5192 sed
2649 5138 2832 5202 etiam,
2880 5138 3196 5206 Sanctiﬁcati
3241 5144 3376 5204 estis,
3418 5144 3689 5210 justiﬁcati

2113 5235 2247 5287 estis.
2278 5231 2410 5295 Quid
2444 5229 2543 5284 hac
2574 5244 2632 5282 re
2664 5229 2951 5281 mirabilius
2974 5270 2987 5292 ,
3018 5229 3156 5297 quod
3196 5229 3310 5281 sine
3347 5231 3525 5283 labore
3550 5273 3563 5292 ,
3593 5249 3687 5285 su-

2114 5326 2242 5378 dore
2289 5322 2545 5390 bonisque
2593 5319 2841 5387 operibus
2885 5318 3086 5385 justitia
3134 5318 3405 5384 pariatur?
3437 5319 3579 5371 Tilll~t
3608 5332 3687 5374 est

2113 5417 2252 5470 enim
2283 5413 2443 5467 divini
2472 5410 2596 5465 doni
2623 5410 2916 5478 benignitas
2938 5450 2950 5471 ,
2984 5420 3036 5461 ut
3067 5409 3179 5460 sine
3208 5408 3489 5463 sudoribus
3512 5411 3685 5479 jusms

2177 5573 2193 5603 ι
2230 5577 2475 5629 tnterpres
2506 5575 2647 5616 vetus
2682 5562 2821 5627 legit,
2864 5560 2990 5613 omni
3020 5560 3286 5625 iniquitate,
3320 5569 3373 5613 et
3404 5566 3594 5623 melius,
3634 5573 3690 5615 ut

2115 5635 2320 5685 videtur.

2176 5718 2247 5775 (α)
2282 5721 2390 5762 tunc
2411 5724 2520 5774 quas
2542 5710 2727 5759 uncinis
2748 5708 3033 5775 clauduntur
3059 5709 3271 5775 intexta
3286 5707 3505 5767 deerant,
3531 5706 3617 5756 sui
3643 5708 3689 5761 in

2116 5770 2329 5828 editione
2354 5770 2584 5825 Scriliaua
2604 5787 2664 5821 ex
2686 5772 2960 5833 conjectura
2983 5770 3284 5833 supplentur.
