4446 6698
770 446 875 499 2‘27

769 558 985 614 efficiat.
1017 559 1150 614 Nam
1176 561 1220 614 si
1249 560 1587 629 imperatoris
1626 561 1854 629 epistola
1891 565 2077 634 paucis
2120 566 2364 620 conseri-

772 658 859 715 pta
889 649 1088 717 literis,
1118 649 1410 705 innumeris
1439 663 1564 704 reos
1592 651 1910 707 criminibus
1951 654 2148 709 liberos
2175 654 2362 709 dimit-

768 739 854 805 tit,
884 740 1017 794 alios
1046 749 1223 795 autem
1247 739 1315 793 ad
1343 739 1603 795 honorem
1631 742 1792 797 etiam
1819 744 1997 798 evehit
2034 745 2361 811 maximum;

768 831 936 885 multo
964 831 1133 901 magis
1160 841 1380 886 sanctus
1408 832 1502 885 Dei
1531 833 1785 902 Spiritus,
1816 835 1905 904 qui
1939 836 2119 892 omnia
2150 847 2360 907 potest,

764 921 911 975 omni
940 935 1037 975 nos
1065 922 1301 991 nequitia
1327 922 1599 990 liberabit,
1630 926 1850 979 multam
1876 925 2139 995 justitiam
2168 928 2362 998 largie-

766 1019 870 1074 tur,
904 1010 1067 1064 multa
1098 1010 1345 1080 implebit
1377 1012 1591 1069 ﬁducia.
1622 1017 1701 1070 Ac
1729 1017 2181 1084 quemadmodum
2219 1019 2361 1073 scin-

764 1099 874 1152 tilla
923 1099 1157 1155 mediam
1205 1101 1260 1156 in
1310 1103 1480 1172 pelagi
1513 1105 1818 1173 voraginem
1863 1105 2139 1172 incidens,
2178 1108 2356 1161 statim

760 1190 1120 1259 exstinguitur
1148 1201 1203 1247 et
1231 1194 1534 1258 evanescit,
1574 1206 1836 1263 aquarum
1867 1196 1919 1250 vi
1959 1196 2203 1251 demersa
2236 1213 2249 1249 :
2280 1197 2359 1251 sic

760 1290 815 1335 et
841 1283 1015 1337 omnis
1043 1283 1271 1336 humana
1300 1283 1535 1352 nequitia
1556 1323 1571 1349 ,
1602 1298 1726 1339 cum
1767 1286 1821 1339 in
1859 1287 2115 1356 piscinam
2142 1286 2351 1342 divino-

760 1383 880 1425 rum
924 1370 1243 1427 ﬂuentorum
1292 1372 1579 1439 inciderit,
1629 1375 1788 1430 citius
1835 1375 2151 1448 faciliusque
2196 1392 2354 1448 quam

760 1463 988 1518 scintilla
1027 1461 1357 1534 demergitur
1396 1475 1450 1520 et
1484 1466 1714 1521 deletur.
1743 1469 1813 1521 At
1855 1482 1973 1534 cur,
2023 1469 2265 1538 inquies,
2308 1469 2355 1523 si

762 1563 980 1621 peccata
1004 1554 1160 1610 nobis
1181 1556 1360 1609 omnia
1382 1555 1650 1609 lavacrum
1679 1557 1926 1623 remittit,
1952 1573 2058 1612 non
2083 1559 2352 1614 lavacrum

760 1644 1093 1699 remissionis
1123 1654 1455 1713 peccatorum
1477 1686 1491 1709 ,
1535 1660 1641 1700 non
1689 1646 1957 1701 lavacrum
1988 1649 2347 1718 purgationis,

757 1734 850 1787 sed
874 1734 1135 1787 lavacrum
1160 1734 1581 1803 regenerationis
1602 1737 1863 1792 vocatur?
1883 1738 2015 1805 Quia
2045 1754 2152 1794 non
2172 1738 2350 1794 solum

758 1823 911 1877 nobis
937 1832 1151 1891 peccata
1191 1826 1451 1892 remittit,
1484 1841 1660 1896 neque
1703 1828 1878 1883 solum
1904 1828 2098 1885 delicta
2139 1839 2347 1901 purgat,

755 1914 846 1969 sed
879 1914 949 1969 ita
980 1915 1033 1969 id
1062 1927 1277 1985 praestat
1309 1934 1371 1973 ac
1406 1920 1452 1972 si
1491 1919 1671 1975 denuo
1698 1923 1935 1992 generati
1967 1938 2227 1980 essemus.
2253 1926 2350 1980 Et-

756 2007 903 2060 enim
937 2020 1034 2060 nns
1059 2008 1240 2061 denuo
1268 2018 1452 2075 creat,
1483 2020 1536 2064 et
1566 2009 1795 2077 format,
1830 2028 1936 2067 non
1964 2029 2030 2068 ex
2062 2024 2201 2069 terra
2226 2031 2347 2070 rur-

754 2114 872 2153 sum
897 2097 1175 2168 effingens,
1207 2100 1302 2154 sed
1323 2116 1391 2156 ex
1414 2102 1521 2155 alio
1543 2104 1829 2165 elemento,
1853 2119 2110 2174 aquarum
2140 2106 2349 2163 scilicet

754 2197 970 2254 natura,
1004 2204 1224 2252 creans;
1259 2205 1365 2243 non
1398 2192 1539 2245 enim
1572 2207 1666 2245 vas
1696 2193 2014 2262 simpliciter
2052 2196 2343 2267 abstergit,

750 2276 845 2331 sed
891 2286 1058 2331 totum
1101 2277 1299 2332 conﬂat
1345 2278 1541 2333 denuo.
1586 2279 1719 2334 Nam
1770 2297 1890 2350 quin
1929 2283 2341 2352 absterguntur,

750 2369 957 2423 etiamsi
984 2378 1233 2424 accurate
1257 2370 1585 2424 mundentur
1604 2372 1873 2440 qualitatis
1897 2374 2114 2443 vestigia
2140 2382 2195 2429 et
2220 2389 2342 2428 sor-

752 2459 901 2512 dium
929 2459 1183 2529 reliquias
1216 2462 1481 2526 retinent;
1533 2478 1652 2531 qure
1699 2478 1825 2516 vero
1869 2465 1922 2518 in
1966 2464 2339 2521 conﬂatorium

750 2548 1109 2603 immittuntur
1138 2591 1153 2614 ,
1183 2559 1280 2605 cta
1309 2549 1519 2605 ﬂamma
1540 2564 1883 2618 renovantur,
1916 2569 2132 2610 onmem
2175 2556 2342 2626 depo-

749 2639 928 2693 nentia
957 2643 1217 2695 maculam
1238 2680 1255 2706 ,
1288 2656 1357 2696 ex
1386 2642 1599 2697 camino
1624 2643 1813 2698 educta
1834 2685 1850 2711 ,
1880 2646 2150 2714 eumdem,
2180 2662 2340 2717 quem

748 2746 970 2800 prorsus
1000 2747 1171 2798 nova,
1203 2733 1546 2801 Splendorem
1577 2736 1847 2790 emittunt.
1876 2737 2337 2805 Quemadmodum

746 2822 792 2875 si
817 2821 938 2891 quis
966 2838 1182 2877 auream
1224 2831 1454 2878 statuam
1480 2866 1496 2890 ,
1538 2836 1807 2895 tempore,
1853 2827 2026 2894 fumo,
2080 2830 2335 2898 pulvere,

747 2916 993 2983 rubigine
1023 2915 1271 2970 fcedatam
1291 2957 1307 2981 ,
1335 2914 1513 2971 denuo
1540 2918 1883 2984 conﬂaverit,
1913 2935 2031 2974 eam
2056 2921 2210 2976 nobis
2237 2936 2336 2989 pu-

745 3006 1009 3060 rissimam
1037 3015 1196 3076 atque
1238 3006 1523 3076 fulgentem
1570 3009 1797 3063 restituit
1825 3010 1944 3065 :sic
1985 3020 2040 3065 et
2084 3021 2327 3066 naturam

696 3154 705 3163 ,
743 3107 986 3152 nostram
1046 3098 1219 3163 Deus,
1256 3100 1459 3166 peccati
1496 3098 1739 3168 rubigine
1781 3099 2030 3156 fmdatam
2061 3101 2336 3170 multoque

744 3186 987 3241 affectam
1014 3185 1328 3240 delictorum
1359 3187 1526 3253 fumo,
1558 3189 1644 3241 illa
1672 3188 2067 3257 pulchritudine
2103 3190 2335 3246 destitu-

745 3287 852 3330 tam
878 3317 892 3341 ,
920 3292 1080 3346 quam
1112 3277 1207 3345 ipsi
1236 3278 1303 3331 ab
1333 3278 1484 3331 initio
1514 3279 1808 3344 indiderat,
1838 3280 2013 3335 denuo
2041 3282 2330 3347 conﬂavit,

745 3376 801 3420 et
829 3366 880 3421 in
903 3381 1065 3435 aquas
1090 3381 1190 3422 ceu
1220 3366 1273 3421 in
1299 3368 1669 3423 eonﬂatorium
1698 3370 1940 3440 injiciens
1961 3412 1978 3438 ,
2007 3382 2062 3428 et
2086 3388 2185 3442 pro
2211 3374 2332 3443 igne

740 3456 965 3524 Spiritus
984 3456 1206 3525 gratiam
1227 3457 1540 3524 immittens,
1565 3458 1690 3514 hinc
1712 3469 2016 3527 renovatus,
2038 3478 2161 3517 cum
2185 3464 2330 3517 sola-

739 3544 887 3599 ribus
932 3545 1097 3599 radiis
1140 3545 1425 3614 splendore
1470 3547 1808 3603 decertantes
1856 3550 2056 3615 educit,
2100 3553 2333 3608 contrito

738 3636 904 3690 veteri
929 3635 1165 3701 homine,
1196 3651 1339 3691 novo
1361 3643 1539 3692 autem
1564 3638 1928 3707 splendidiore
1948 3681 1963 3705 ,
1992 3656 2151 3711 quam
2179 3652 2335 3698 vetus

738 3736 874 3794 erat,
907 3727 1144 3781 condito.

812 3820 868 3873 4.
913 3818 1063 3873 Hanc
1111 3834 1272 3888 porro
1320 3818 1473 3873 nobis
1516 3821 1891 3877 eontritionem
1943 3824 2329 3895 mysticamque

736 3911 1104 3980 purgationem
1166 3910 1511 3964 subindicans
1556 3913 1815 3981 prepheta
1842 3953 1856 3974 ,
1903 3912 2115 3969 dicebat
2157 3914 2324 3982 olim,

740 4000 1020 4070 Tamquam
1067 4017 1155 4054 vas
1198 4001 1340 4069 ﬁguli
1394 4010 1620 4055 conteres
1654 4019 1738 4056 eos
1777 4004 1961 4071 (Psal.
1988 4005 2043 4058 2.
2074 4005 2165 4076 9).
2192 4005 2327 4061 Nam

731 4092 873 4160 quod
912 4091 980 4145 de
1022 4091 1267 4146 ﬁdelibus
1312 4092 1559 4160 loquatur
1602 4094 1746 4149 clare
1793 4095 2027 4150 indicant
2068 4113 2166 4163 ea,
2210 4114 2330 4167 quae

733 4180 1039 4249 praecedunt
1068 4198 1081 4231 :
1113 4182 1309 4236 etenim
1338 4182 1449 4235 ait:
1480 4180 1649 4237 Filius
1677 4200 1819 4239 meus
1843 4201 1897 4238 es
1927 4194 1980 4239 tu
2011 4201 2029 4239 :
2060 4204 2149 4257 ego
2179 4189 2330 4242 hodie

729 4272 880 4342 genui
909 4281 978 4325 te.
1011 4270 1225 4323 Postulo
1261 4288 1293 4322 a
1316 4288 1423 4335 me,
1449 4281 1492 4324 et
1514 4272 1643 4327 dabo
1668 4275 1756 4328 tibi
1778 4284 1951 4345 gentes
1979 4276 2325 4332 [nereditatem

735 4374 895 4429 tuam,
923 4371 967 4415 et
1004 4361 1364 4431 possessionem
1390 4373 1527 4415 tuam
1553 4365 1787 4417 terminos
1816 4374 1961 4419 terrm
1986 4367 2004 4436 (
2026 4364 2161 4419 Ibid.
2195 4382 2242 4420 υ.
2269 4370 2320 4422 7.

731 4454 811 4523 8).
842 4452 1084 4507 Vidistin'
1110 4452 1379 4522 quomodo
1402 4452 1691 4506 Ecclesiam
1722 4456 1956 4524 gentium
1990 4471 2322 4512 commemo-

729 4545 895 4611 ravit,
939 4553 994 4598 et
1038 4544 1237 4613 ubique
1274 4542 1620 4597 constitutum
1660 4542 1858 4597 Christi
1901 4561 2123 4615 regnum
2153 4548 2322 4603 dixit?

730 4634 927 4690 Deinde
942 4649 1154 4689 rursum
1173 4634 1265 4698 ait,
1289 4633 1473 4687 Pasces
1498 4650 1582 4687 eos
1607 4635 1661 4688 in
1678 4635 1819 4705 virga
1846 4638 2009 4705 ferrea
2029 4654 2047 4703 ;
2072 4653 2179 4691 non
2202 4654 2322 4707 gra-

728 4728 796 4791 vi,
818 4725 912 4780 scd
945 4724 1069 4778 forti
1095 4742 1108 4777 :
1131 4734 1385 4795 tamquam
1414 4740 1502 4777 vas
1528 4726 1673 4795 ﬁguli
1692 4734 1918 4779 conteres
1939 4742 2023 4779 eos
2046 4725 2150 4795 (Ib.
2175 4741 2221 4779 υ.
2241 4728 2319 4796 9).

730 4819 869 4874 Ecce
916 4818 1184 4871 lavacrum
1228 4815 1398 4885 magis
1444 4818 1669 4885 mystico
1718 4832 1869 4871 more
1911 4819 2182 4872 sumitur:
2215 4835 2319 4875 non

724 4911 866 4964 enim
904 4908 1227 4979 simpliciter
1261 4907 1397 4962 dixit
1420 4922 1543 4961 vasa
1580 4918 1805 4964 testacea
1827 4951 1842 4976 ,
1873 4910 1967 4965 sed
1995 4925 2119 4964 vasa
2151 4911 2319 4981 figuli.

730 5001 925 5056 Verum
949 5000 1226 5056 attendite.
1251 5000 1508 5055 Testacca
1529 5000 1722 5069 quippe
1751 5016 1873 5055 vasa
1899 5002 2149 5069 contrita,
2174 5004 2320 5059 refici

728 5109 836 5147 non
864 5101 1119 5162 possunt,
1152 5092 1222 5146 ob
1248 5092 1500 5147 duritiem
1538 5106 1731 5161 nempe
1757 5093 1823 5145 ab
1853 5095 1972 5163 igne
1998 5104 2273 5163 acceptam
2302 5112 2314 5147 :

728 5197 849 5236 vasa
878 5191 1057 5237 autem
1086 5181 1227 5251 figuli
1253 5197 1357 5235 non
1387 5190 1513 5235 sunt
1541 5189 1791 5245 testacea,
1824 5182 1915 5235 sed
1945 5198 2008 5237 ex
2042 5183 2153 5237 luto
2180 5197 2322 5236 com-

726 5277 932 5344 posita;
978 5286 1145 5341 quare
1192 5272 1236 5326 si
1286 5270 1545 5327 labefacta
1590 5271 1817 5333 fuerint.
1852 5273 2066 5327 artificis
2096 5274 2317 5328 solertia

726 5364 929 5419 facilius
969 5363 1037 5416 ad
1074 5361 1363 5416 secundam
1408 5363 1631 5416 formam
1673 5361 1855 5416 reduci
1896 5375 2136 5432 possunt.
2180 5365 2315 5420 Cum

725 5457 901 5524 itaque
930 5454 1286 5509 calamitatem
1330 5454 1675 5509 insanabilem
1718 5466 2010 5521 memorat,
2052 5475 2156 5513 non
2189 5474 2314 5514 vasa

726 5546 869 5614 figuli
898 5546 1045 5611 dicit,
1074 5545 1170 5601 sed
1198 5559 1292 5599 vas
1330 5554 1643 5600 testaceum.
1674 5546 1806 5601 Nam
1847 5562 1967 5602 cum
2001 5550 2314 5619 prophetam

721 5648 776 5692 et
803 5636 1016 5691 Judzeos
1043 5637 1239 5692 docere
1264 5636 1465 5705 vellet,
1494 5651 1553 5692 se
1579 5638 1865 5693 calamitati
1912 5637 2194 5695 insanabili
2224 5656 2314 5695 ur-

722 5730 843 5783 bem
873 5726 1173 5793 tradidisse,
1197 5727 1353 5797 jussit
1376 5743 1497 5782 eum
1528 5728 1770 5797 accipere
1793 5742 1888 5782 vas
1919 5736 2230 5797 testaceum,
2259 5740 2313 5786 et

722 5836 903 5879 coram
933 5821 1181 5877 universo
1204 5821 1397 5892 populo
1414 5821 1767 5893 confringere,
1789 5821 2071 5893 dicereque
2094 5822 2305 5896 (Jcrem.

1516 447 1572 502 S.
1614 446 1891 504 JOANNIS
1927 447 2399 508 CIIRYSOSTOMI
2441 453 2757 511 ARClllEP.
2789 457 3320 521 CONSTANTINOP.

3966 483 4067 537 228

2478 566 2592 637 i9),
2620 571 2709 624 Sic
2732 572 2910 642 peribit
2939 575 3058 629 urbs
3082 594 3144 630 ac
3172 591 3454 635 conteretur
3470 579 3681 653 (Jcrem.
3701 589 3785 643 19.
3808 594 3826 647 l
3848 596 3923 662 l):
3944 614 4058 652 cum

2474 667 2654 757 autem
2698 663 2889 717 bonam
2932 665 3062 735 ipsis
3100 681 3249 736 spem
3293 672 3445 728 offert
3472 716 3486 739 ,
3522 676 3573 730 in
3605 677 3873 738 officinam
3920 688 4060 757 figuli

2470 750 2782 819 prophetam
2812 754 3057 822 deducit,
3088 774 3188 814 nec
3212 761 3313 830 ipsi
3346 780 3439 819 vas
3470 775 3757 823 testaceum
3792 750 4057 845 ostendit,

2466 839 2563 893 sed
2590 855 2685 896 vas
2720 843 2920 900 luteum
2960 861 2991 900 e
3030 863 3195 904 manu
3226 851 3369 922 figuli
3396 855 3683 919 decidens.
3710 875 3773 914 ac
3799 839 4061 923 subinfert

2469 926 2550 981 his
2578 932 2756 988 verbis
2781 951 2794 987 :
2820 934 2882 989 Si
2908 936 3097 1006 ﬁgulus
3132 941 3214 995 hic
3249 957 3335 996 vas
3375 947 3511 1013 quod
3540 948 3764 1014 decidit,
3797 966 4061 1023 acceptum

2464 1019 2629 1075 denuo
2668 1028 2991 1094 reformavit,
3027 1047 3198 1087 annon
3238 1035 3397 1091 multo
3430 1040 3591 1109 magis
3634 1058 3727 1109 ego
3764 1055 3937 1111 potero
3972 1065 4060 1104 vos

2463 1109 2703 1203 delapsos
2733 1118 3002 1172 emendare
3028 1121 3260 1189 (Jerem.
3291 1127 3378 1182 18.
3407 1126 3498 1200 6)?
3527 1131 3707 1186 Potest
3733 1109 3893 1203 igitur
3918 1137 4059 1192 Deus

2462 1215 2562 1254 nos
2591 1201 2765 1257 luteos
2810 1222 2919 1261 non
2968 1211 3130 1266 modo
3176 1230 3273 1283 per
3317 1220 3589 1275 lavacrum
3638 1227 4055 1289 regenerationis

2461 1291 2783 1360 emendare,
2826 1297 2921 1350 sed
2958 1299 3188 1367 Spiritus
3231 1317 3450 1376 accepta
3493 1311 3723 1377 virtute,
3756 1315 4056 1383 iterumque

2465 1381 2645 1452 lapsos
2675 1400 2771 1455 per
2796 1386 3061 1443 sinceram
3089 1395 3456 1460 pmnitentiam
3480 1401 3532 1454 in
3550 1404 3829 1472 pristinum
3856 1381 4051 1461 statum

2460 1486 2731 1562 revocare.
2757 1473 2864 1531 Sed
2894 1492 3001 1533 non
3023 1488 3235 1551 tempus
3261 1495 3345 1541 est
3375 1504 3471 1543 vos
3494 1490 3563 1546 de
3581 1494 3891 1562 pmnitentia
3922 1498 4053 1553 alio.

2457 1561 2567 1629 qui,
2600 1563 2708 1654 imo
2738 1567 2912 1633 potius
2956 1570 3157 1626 utinam
3204 1576 3351 1631 nullo
3393 1594 3642 1649 umquam
3690 1592 3930 1654 tempore
3967 1589 4053 1645 his

2457 1650 2711 1707 remediis
2737 1669 2872 1724 opus
2896 1657 3174 1728 habeatis,
3218 1666 3313 1719 sed
3350 1682 3567 1739 semper
3590 1687 3651 1726 ea
3682 1650 3892 1731 servata
3930 1681 4039 1748 pul-

2459 1738 2763 1797 chritudine
2790 1759 2991 1815 eosque
3015 1749 3298 1819 splendore
3314 1738 3757 1830 maneatis,quem
3789 1738 4045 1821 nunc-ac-

2455 1832 2666 1899 cepturi
2694 1835 2845 1890 estis.
2877 1836 2948 1893 Ut
2974 1839 3150 1909 itaque
3175 1843 3227 1897 in
3254 1859 3320 1899 eo
3349 1850 3610 1904 maneatis
3628 1892 3642 1914 ,
3672 1868 3803 1921 age,
3830 1855 3899 1910 de
3928 1858 4046 1912 vitae

2454 1921 2696 1980 instituto
2723 1942 2892 1996 pauca
2920 1932 3072 1987 vobis
3100 1934 3430 1993 disseramus
3455 1958 3468 1994 :
3497 1956 3619 1996 nam
3660 1944 3713 1997 in
3744 1944 3844 1999 hac
3881 1948 4046 2015 palm-

2454 2021 2566 2068 stra
2594 2015 2914 2073 athletarum
2946 2021 3125 2091 lapsus
3166 2028 3403 2095 periculo
3438 2040 3629 2086 vacant
3656 2050 3669 2086 :
3702 2049 3824 2088 eum
3854 2035 4045 2091 dome-

2452 2104 2602 2159 sticis
2631 2107 2773 2161 enim
2803 2109 3114 2180 decertant,
3140 2125 3194 2169 et
3224 2117 3273 2169 in
3302 2128 3689 2189 prmceptorum
3731 2125 4046 2193 corporibus

2451 2196 2628 2249 omnia
2655 2198 2997 2255 meditantur.
3020 2204 3154 2258 Cum
3182 2221 3310 2261 vero
3332 2210 3683 2265 certaminum
3717 2223 3928 2283 tempus
3947 2215 4038 2268 ad-

2449 2285 2676 2350 venerit,
2706 2301 2829 2341 cum
2858 2291 3094 2345 stadium
3122 2305 3368 2362 apertum
3398 2297 3579 2363 fuerit,
3607 2316 3728 2355 eum
3759 2318 3947 2358 omnes
3973 2305 4041 2359 ad

2445 2373 2808 2438 spectaculum
2847 2381 3189 2448 congregati,
3236 2384 3393 2439 sedes
3438 2401 3651 2442 sursum
3694 2394 4040 2461 occuparint,

2445 2470 2710 2528 prmsente
2753 2467 3117 2534 agonotheta:
3155 2480 3281 2526 tunc
3326 2489 3549 2531 necesse
3593 2489 3676 2532 est
3720 2490 3813 2535 aut
3854 2482 4042 2551 ignave

2443 2561 2660 2620 agentes
2689 2552 2865 2623 dejici,
2895 2571 2959 2611 ac
2986 2572 3106 2613 cum
3133 2561 3418 2631 ignominia
3447 2566 3723 2624 discedere
3741 2612 3755 2634 ,
3784 2584 3877 2628 aut
3898 2589 4038 2631 Stre-

2444 2657 2551 2697 nue
2577 2653 2819 2714 agentes,
2850 2661 3079 2704 coronas
3102 2660 3156 2705 et
3181 2652 3364 2708 bravia
3391 2660 3684 2728 consequi;
3729 2663 3806 2717 sic
3841 2664 3895 2718 hi
3944 2668 4043 2721 tri-

2445 2733 2591 2802 ginta
2617 2733 2733 2791 dies
2758 2736 2909 2791 vobis
2937 2740 3199 2808 palmstrze
3217 2784 3232 2808 ,
3262 2748 3660 2814 gymnasiorum
3700 2761 3753 2805 et
3780 2755 4040 2811 exercita-

2446 2824 2605 2877 tionis
2631 2824 2751 2880 loco
2790 2837 2931 2881 sunt.
2956 2828 3073 2883 Jam
3115 2830 3241 2886 hinc
3274 2834 3545 2892 discamus
3570 2841 3855 2909 malignum
3886 2845 4038 2900 illum

2442 2913 2739 2967 daemonem
2771 2917 2982 2973 vincere
3015 2936 3029 2971 :
3059 2935 3183 2974 nam
3214 2934 3399 2978 contra
3427 2927 3575 2981 illum
3618 2940 3737 2998 post
3773 2933 4035 3000 baptisma

2440 3000 2493 3055 in
2519 3018 2738 3058 arenam
2770 3005 3095 3063 descendere
3119 3010 3396 3077 debemus,
3420 3025 3607 3071 contra
3630 3020 3775 3073 illum
3799 3037 4035 3091 pugnare

2442 3102 2495 3147 ct
2522 3093 2819 3151 decertare.
2848 3097 2964 3153 lam
2995 3099 3118 3155 hinc
3144 3117 3271 3173 ergo
3302 3105 3521 3162 insidias
3553 3108 3669 3178 ejus
3697 3112 4030 3182 ediscamus,

2442 3185 2708 3240 undenam
2739 3190 3005 3259 malignus
3034 3193 3141 3260 sit,
3183 3196 3449 3251 undenam
3494 3198 3651 3257 facile
3693 3220 3792 3259 nos
3836 3206 4033 3263 laedere

2438 3279 2653 3347 poterit,
2685 3288 2740 3333 ut
2768 3284 3077 3337 certaminis
3120 3294 3361 3355 tempore
3404 3305 3510 3344 non
3553 3293 3847 3362 inexperti,
3879 3301 4032 3352 novis

2434 3370 2738 3437 conspectis
2784 3374 3165 3430 certaminibus
3211 3387 3530 3443 terreamur,
3573 3383 3667 3437 sed
3708 3385 3818 3453 jam
3862 3391 4028 3455 parati

2436 3460 2817 3530 meditatiqne,
2848 3463 3069 3532 ejusque
3099 3466 3322 3521 insidias
3349 3483 3537 3526 omnes
3564 3472 3737 3528 edocti
3758 3516 3772 3540 ,
3804 3476 4033 3532 fidenter

2436 3551 2724 3605 certamina
2750 3568 2873 3607 cum
2904 3555 2995 3607 illo
3022 3556 3297 3612 adeamus.

2510 3638 2722 3710 Lingute
2746 3651 2868 3712 quot
2896 3653 2943 3696 et
2971 3650 3145 3713 quanti
3176 3648 3372 3718 lapsus.
3403 3680 3473 3692 —
3499 3653 3741 3725 Undique
3769 3674 3897 3712 vero
3927 3676 4029 3715 no-

2434 3731 2518 3786 bis
2546 3749 2743 3788 nocere
2771 3736 2929 3802 solet,
2960 3737 3055 3791 sed
3083 3738 3136 3791 in
3164 3754 3215 3808 pi
3228 3741 3348 3796 imis
3377 3743 3553 3814 lingua
3593 3756 3647 3802 et
3673 3763 3787 3803 ore.
3811 3750 4025 3806 Nullum

2433 3821 2576 3877 enim
2609 3824 2687 3877 illi
2729 3826 2799 3879 ita
2829 3836 3191 3897 opportunum
3221 3845 3478 3902 organum
3523 3837 3588 3889 ad
3634 3839 3874 3893 fraudem
3907 3857 4029 3910 per-

2432 3912 2735 3985 niciemque
2765 3925 3025 3983 nostram,
3057 3928 3116 3972 ut
3150 3920 3514 3990 intemperans
3542 3925 3717 3994 lingua
3744 3939 3795 3981 et
3823 3944 3885 3982 os
3914 3945 4024 3983 non

2433 4004 2759 4059 obturatum.
2781 4007 2916 4062 liinc
2939 4010 3094 4063 nobis
3122 4009 3301 4080 lapsus
3322 4012 3556 4081 plurimi,
3582 4014 3705 4069 hinc
3731 4019 3884 4071 nobis
3907 4035 4027 4087 gra-

2432 4094 2517 4147 via
2544 4095 2790 4149 crimina.
2818 4096 2987 4161 Quam
3014 4098 3172 4154 facile
3201 4101 3270 4154 sit
3298 4116 3394 4155 ore
3422 4102 3547 4169 labi,
3578 4104 3655 4158 sic
3688 4107 3902 4174 quidam
3930 4109 4024 4162 de-

2431 4186 2689 4240 claravit:
2723 4185 2875 4241 Multi
2899 4190 3119 4244 cecidere
3142 4192 3335 4261 gladio,
3366 4196 3457 4249 sed
3482 4212 3582 4248 non
3610 4206 3682 4249 tot
3710 4208 3827 4267 quot
3852 4200 4025 4269 lingua

2435 4275 2622 4346 (Eccli.
2654 4277 2742 4334 28.
2773 4278 2866 4349 2‘2)
2899 4297 2913 4333 :
2946 4280 3165 4353 ipseque
3190 4300 3400 4339 rursum
3429 4303 3588 4356 quam
3615 4291 3794 4358 gravis
3820 4292 3890 4344 sit
3919 4292 4023 4344 hn-

2423 4367 2662 4438 jnsmodi
2692 4372 2877 4441 lapsus
2907 4373 3157 4430 indicavit
3196 4376 3280 4433 his
3307 4380 3515 4443 verbis,
3544 4381 3743 4450 Lapsus
3779 4384 3843 4437 de
3875 4386 4021 4453 pari-

2427 4471 2596 4516 mento
2619 4462 2785 4533 potius
2805 4479 2956 4530 quam
2979 4464 3148 4535 lapsus
3171 4468 3233 4522 de
3254 4469 3427 4539 lingua
3454 4472 3472 4540 (
3496 4470 3656 4527 Eccli.
3682 4473 3770 4529 20.
3794 4474 3900 4544 20)
3925 4493 3937 4528 :
3969 4476 4022 4531 id

2426 4561 2512 4606 est
2531 4594 2545 4616 ,
2575 4553 2768 4607 melius
2809 4564 2893 4608 est
2924 4555 3025 4609 labi
3053 4559 3365 4629 conterique
3392 4576 3610 4631 corpus,
3645 4580 3803 4633 quam
3834 4567 4019 4635 hujus-

2427 4642 2570 4697 modi
2604 4644 2826 4698 verbum
2856 4646 3113 4713 proferre,
3144 4650 3286 4718 quod
3314 4653 3482 4720 possit
3508 4654 3740 4706 animam
3782 4665 4018 4711 nostram

2426 4734 2668 4803 perdere.
2694 4733 2878 4803 Neque
2908 4736 3085 4805 lapsus
3111 4747 3315 4792 tantum
3348 4749 3632 4807 memorat,
3657 4741 3750 4796 sed
3782 4742 4021 4800 hortatur

2427 4835 2484 4879 ut
2504 4841 2749 4896 magnam
2767 4826 3175 4883 sollicitudinem
3199 4847 3469 4902 geramus,
3497 4850 3563 4889 ne
3586 4835 4015 4905 supplantemnr,

2426 4914 2508 4969 his
2529 4916 2725 4979 verbis,
2756 4914 2865 4968 Fac
2886 4917 2963 4969 ori
2991 4927 3074 4971 tuo
3090 4920 3307 4989 januam
3322 4932 3367 4975 et
3390 4934 3547 4978 vectes
3567 4924 3751 4995 (Eccli.
3775 4927 3866 4983 28.
3889 4929 4014 4999 28);

2425 5020 2533 5059 non
2560 5016 2617 5059 nt
2640 5020 2769 5060 vere
2793 5005 2988 5074 januas
3025 5016 3079 5060 et
3106 5019 3284 5065 vectes
3326 5026 3613 5080 paremus,
3660 5016 3754 5071 sed
3798 5028 3855 5072 ut
3894 5033 4015 5072 cum

2425 5112 2615 5166 magna
2663 5097 2875 5152 cautela
2925 5097 3169 5153 absurdis
3199 5103 3375 5158 verbis
3421 5104 3652 5174 linguam
3682 5110 4011 5164 claudamns.

2422 5188 2759 5260 Rursumque
2787 5189 2915 5243 alibi
2944 5191 3231 5247 ostendens
3260 5210 3358 5248 nos
3386 5204 3439 5249 et
3466 5211 3586 5252 cum
3616 5201 3795 5255 studio
3830 5210 4014 5253 nostra

2425 5289 2479 5333 ct
2523 5290 2647 5335 ante
2690 5280 2926 5336 studium
2968 5289 3209 5335 nostrum
3237 5299 3470 5353 superno
3502 5304 3661 5359 egere
3689 5291 3922 5354 auxilio,
3957 5302 4012 5344 ut

2423 5369 2560 5425 hanc
2586 5372 2749 5426 feram
2778 5373 2923 5426 intus
2946 5372 3350 5440 contineamus,
3378 5378 3445 5432 ad
3476 5380 3640 5436 Deum
3673 5398 3862 5435 manus
3893 5392 4009 5435 ten-

2421 5460 2556 5517 dens
2585 5464 2841 5533 propheta
2872 5463 3121 5519 dicebat:
3152 5462 3382 5522 Elevatio
3409 5485 3648 5526 manuum
3674 5490 3901 5527 mearum
3928 5491 4008 5527 sa-

2427 5547 2681 5615 criﬁcium
2706 5551 3078 5617 vespertinum.
3107 5547 3267 5616 Pone,
3308 5551 3547 5619 Domine,
3589 5554 3883 5606 custodiam
3920 5555 4001 5606 ori

2424 5656 2556 5705 meo,
2588 5651 2638 5695 et
2664 5643 2854 5695 ostium
2884 5642 3295 5697 circumstantia:
3320 5645 3471 5699 labiis
3510 5646 3637 5699 meis
3670 5644 3838 5710 (Psal.
3874 5646 3995 5700 MO.

2421 5729 2474 5781 2.
2498 5731 2572 5797 3).
2605 5730 2670 5783 Et
2691 5731 2782 5800 qui
2810 5731 2961 5799 prius
2990 5732 3217 5797 monuit,
3242 5749 3455 5789 rursum
3482 5734 3587 5788 ait:
3613 5732 3737 5797 Quis
3756 5735 3900 5787 dabit
3917 5737 3997 5789 ori

2418 5837 2529 5875 meo
2557 5822 2866 5887 custodiam,
2901 5832 2950 5875 et
2976 5822 3127 5879 labiis
3150 5827 3275 5881 meis
3298 5826 3525 5896 sigillum
3550 5832 3781 5879 astutum
3805 5827 3987 5897 (Ecet'i.
