  <div class='ocr_page' id='page_1' title='image "/cluster/home/n/w/nwhite01/storage/ocr_20150623/49/hvd.32044025239823/230.png"; bbox 0 0 4446 6716; ppageno 0'>
   <div class='ocr_carea' id='block_1_1' title="bbox 437 410 2635 476">
    <p class='ocr_par' dir='ltr' id='par_1_1' title="bbox 437 410 2635 476">
     <span class='ocr_line' id='line_1_1' title="bbox 437 410 2635 476; baseline -0.006 0"><span class='ocrx_word' id='word_1_1' title='bbox 437 428 542 476; x_wconf 64' lang='lat'><strong>‘22:)</strong></span> <span class='ocrx_word' id='word_1_2' title='bbox 1456 421 1543 474; x_wconf 71' lang='lat' dir='ltr'><strong>Al)</strong></span> <span class='ocrx_word' id='word_1_3' title='bbox 1584 415 2089 476; x_wconf 68' lang='lat' dir='ltr'><strong>ll.l.U.\llN.\NDOS</strong></span> <span class='ocrx_word' id='word_1_4' title='bbox 2129 410 2558 470; x_wconf 67' lang='lat' dir='ltr'><strong>CATECIIESIS</strong></span> <span class='ocrx_word' id='word_1_5' title='bbox 2597 410 2635 464; x_wconf 90' lang='grc' dir='ltr'><strong>Ι.</strong></span> 
     </span>
    </p>
   </div>
   <div class='ocr_carea' id='block_1_2' title="bbox 443 431 542 478">
    <p class='ocr_par' dir='ltr' id='par_1_2' title="bbox 443 431 542 478">
     <span class='ocr_line' id='line_1_2' title="bbox 443 431 542 478; baseline -0.04 0"><span class='ocrx_word' id='word_1_6' title='bbox 443 431 542 478; x_wconf 55' lang='lat' dir='ltr'><strong>ego</strong></span> 
     </span>
    </p>
   </div>
   <div class='ocr_carea' id='block_1_3' title="bbox 431 530 2001 607">
    <p class='ocr_par' dir='ltr' id='par_1_3' title="bbox 431 530 2001 607">
     <span class='ocr_line' id='line_1_3' title="bbox 431 530 2001 607; baseline -0.006 -15"><span class='ocrx_word' id='word_1_7' title='bbox 431 539 522 592; x_wconf 71' lang='lat'><strong>2:2.</strong></span> <span class='ocrx_word' id='word_1_8' title='bbox 551 539 679 604; x_wconf 56' lang='grc' dir='ltr'><strong>περ</strong></span> <span class='ocrx_word' id='word_1_9' title='bbox 705 538 886 594; x_wconf 66' lang='lat' dir='ltr'><strong>\‘iilen&#39;</strong></span> <span class='ocrx_word' id='word_1_10' title='bbox 914 535 1154 607; x_wconf 88' lang='lat' dir='ltr'><strong>singulos</strong></span> <span class='ocrx_word' id='word_1_11' title='bbox 1186 531 1494 602; x_wconf 83' lang='lat' dir='ltr'><strong>liujnsmodi</strong></span> <span class='ocrx_word' id='word_1_12' title='bbox 1524 531 1706 600; x_wconf 89' lang='lat' dir='ltr'><strong>lapsus</strong></span> <span class='ocrx_word' id='word_1_13' title='bbox 1733 530 2001 593; x_wconf 88' lang='lat' dir='ltr'><strong>timentes,</strong></span> 
     </span>
    </p>
   </div>
   <div class='ocr_carea' id='block_1_4' title="bbox 437 618 2006 697">
    <p class='ocr_par' dir='ltr' id='par_1_4' title="bbox 437 618 2006 697">
     <span class='ocr_line' id='line_1_4' title="bbox 437 618 2006 697; baseline -0.005 -19"><span class='ocrx_word' id='word_1_14' title='bbox 437 627 696 697; x_wconf 80' lang='lat' dir='ltr'><strong>lugentes,</strong></span> <span class='ocrx_word' id='word_1_15' title='bbox 724 627 943 683; x_wconf 87' lang='lat' dir='ltr'><strong>consilia</strong></span> <span class='ocrx_word' id='word_1_16' title='bbox 969 624 1179 687; x_wconf 88' lang='lat' dir='ltr'><strong>dantes,</strong></span> <span class='ocrx_word' id='word_1_17' title='bbox 1209 628 1509 688; x_wconf 74' lang='lat' dir='ltr'><strong>precantes,</strong></span> <span class='ocrx_word' id='word_1_18' title='bbox 1534 629 1591 673; x_wconf 88' lang='lat' dir='ltr'><strong>iit</strong></span> <span class='ocrx_word' id='word_1_19' title='bbox 1611 619 1750 673; x_wconf 87' lang='lat' dir='ltr'><strong>circa</strong></span> <span class='ocrx_word' id='word_1_20' title='bbox 1780 618 2006 687; x_wconf 81' lang='lat' dir='ltr'><strong>linguam</strong></span> 
     </span>
    </p>
   </div>
   <div class='ocr_carea' id='block_1_5' title="bbox 434 709 2010 788">
    <p class='ocr_par' dir='ltr' id='par_1_5' title="bbox 434 709 2010 788">
     <span class='ocr_line' id='line_1_5' title="bbox 434 709 2010 788; baseline -0.004 -18"><span class='ocrx_word' id='word_1_21' title='bbox 434 731 621 788; x_wconf 85' lang='lat' dir='ltr'><strong>magna</strong></span> <span class='ocrx_word' id='word_1_22' title='bbox 650 718 855 773; x_wconf 78' lang='lat' dir='ltr'><strong>cautela</strong></span> <span class='ocrx_word' id='word_1_23' title='bbox 881 711 1235 768; x_wconf 87' lang='lat' dir='ltr'><strong>adhibeatur?</strong></span> <span class='ocrx_word' id='word_1_24' title='bbox 1263 711 1333 764; x_wconf 81' lang='lat' dir='ltr'><strong>At</strong></span> <span class='ocrx_word' id='word_1_25' title='bbox 1356 726 1470 776; x_wconf 92' lang='lat' dir='ltr'><strong>cur,</strong></span> <span class='ocrx_word' id='word_1_26' title='bbox 1495 711 1720 780; x_wconf 82' lang='lat' dir='ltr'><strong>inquies,</strong></span> <span class='ocrx_word' id='word_1_27' title='bbox 1747 709 1792 762; x_wconf 90' lang='lat' dir='ltr'><strong>si</strong></span> <span class='ocrx_word' id='word_1_28' title='bbox 1811 717 2010 764; x_wconf 77' lang='lat' dir='ltr'><strong>tantam</strong></span> 
     </span>
    </p>
   </div>
   <div class='ocr_carea' id='block_1_6' title="bbox 437 801 2014 880">
    <p class='ocr_par' dir='ltr' id='par_1_6' title="bbox 437 801 2014 880">
     <span class='ocr_line' id='line_1_6' title="bbox 437 801 2014 880; baseline -0.005 -18"><span class='ocrx_word' id='word_1_29' title='bbox 437 810 590 865; x_wconf 90' lang='lat' dir='ltr'><strong>nobis</strong></span> <span class='ocrx_word' id='word_1_30' title='bbox 615 808 902 880; x_wconf 91' lang='lat' dir='ltr'><strong>perniciem</strong></span> <span class='ocrx_word' id='word_1_31' title='bbox 931 804 1032 856; x_wconf 91' lang='lat' dir='ltr'><strong>hoc</strong></span> <span class='ocrx_word' id='word_1_32' title='bbox 1052 802 1460 856; x_wconf 85' lang='lat' dir='ltr'><strong>instrumentum</strong></span> <span class='ocrx_word' id='word_1_33' title='bbox 1484 801 1691 862; x_wconf 84' lang='lat' dir='ltr'><strong>ail‘erat,</strong></span> <span class='ocrx_word' id='word_1_34' title='bbox 1717 803 1889 868; x_wconf 87' lang='lat' dir='ltr'><strong>ipsum</strong></span> <span class='ocrx_word' id='word_1_35' title='bbox 1917 815 2014 854; x_wconf 86' lang='lat' dir='ltr'><strong>no-</strong></span> 
     </span>
    </p>
   </div>
   <div class='ocr_carea' id='block_1_7' title="bbox 436 891 2014 968">
    <p class='ocr_par' dir='ltr' id='par_1_7' title="bbox 436 891 2014 968">
     <span class='ocr_line' id='line_1_7' title="bbox 436 891 2014 968; baseline -0.008 -14"><span class='ocrx_word' id='word_1_36' title='bbox 436 899 516 954; x_wconf 90' lang='lat' dir='ltr'><strong>bis</strong></span> <span class='ocrx_word' id='word_1_37' title='bbox 559 915 588 953; x_wconf 88' lang='lat' dir='ltr'><strong>a</strong></span> <span class='ocrx_word' id='word_1_38' title='bbox 635 897 892 968; x_wconf 89' lang='lat' dir='ltr'><strong>principio</strong></span> <span class='ocrx_word' id='word_1_39' title='bbox 938 892 1128 946; x_wconf 84' lang='lat' dir='ltr'><strong>indidit</strong></span> <span class='ocrx_word' id='word_1_40' title='bbox 1180 891 1351 944; x_wconf 87' lang='lat' dir='ltr'><strong>Deus?</strong></span> <span class='ocrx_word' id='word_1_41' title='bbox 1393 893 1523 958; x_wconf 86' lang='lat' dir='ltr'><strong>Quia</strong></span> <span class='ocrx_word' id='word_1_42' title='bbox 1563 905 1809 960; x_wconf 87' lang='lat' dir='ltr'><strong>magnam</strong></span> <span class='ocrx_word' id='word_1_43' title='bbox 1856 891 2014 945; x_wconf 89' lang='lat' dir='ltr'><strong>etiam</strong></span> 
     </span>
    </p>
   </div>
   <div class='ocr_carea' id='block_1_8' title="bbox 436 983 2012 1051">
    <p class='ocr_par' dir='ltr' id='par_1_8' title="bbox 436 983 2012 1051">
     <span class='ocr_line' id='line_1_8' title="bbox 436 983 2012 1051; baseline -0.006 -9"><span class='ocrx_word' id='word_1_44' title='bbox 436 991 589 1044; x_wconf 85' lang='lat' dir='ltr'><strong>afl‘ert</strong></span> <span class='ocrx_word' id='word_1_45' title='bbox 615 989 920 1051; x_wconf 84' lang='lat' dir='ltr'><strong>utilitatem,</strong></span> <span class='ocrx_word' id='word_1_46' title='bbox 949 995 1004 1039; x_wconf 88' lang='lat' dir='ltr'><strong>et</strong></span> <span class='ocrx_word' id='word_1_47' title='bbox 1033 983 1078 1035; x_wconf 89' lang='lat' dir='ltr'><strong>si</strong></span> <span class='ocrx_word' id='word_1_48' title='bbox 1101 995 1382 1036; x_wconf 85' lang='lat' dir='ltr'><strong>caveamus</strong></span> <span class='ocrx_word' id='word_1_49' title='bbox 1401 1024 1416 1047; x_wconf 91' lang='lat'><strong>,</strong></span> <span class='ocrx_word' id='word_1_50' title='bbox 1453 983 1732 1036; x_wconf 87' lang='lat' dir='ltr'><strong>utilitatem</strong></span> <span class='ocrx_word' id='word_1_51' title='bbox 1776 989 1976 1036; x_wconf 90' lang='lat' dir='ltr'><strong>tantum</strong></span> <span class='ocrx_word' id='word_1_52' title='bbox 1999 1019 2012 1044; x_wconf 95' lang='lat'><strong>,</strong></span> 
     </span>
    </p>
   </div>
   <div class='ocr_carea' id='block_1_9' title="bbox 435 1070 2019 1147">
    <p class='ocr_par' dir='ltr' id='par_1_9' title="bbox 435 1070 2019 1147">
     <span class='ocr_line' id='line_1_9' title="bbox 435 1070 2019 1147; baseline -0.004 -14"><span class='ocrx_word' id='word_1_53' title='bbox 435 1080 724 1147; x_wconf 83' lang='lat' dir='ltr'><strong>perniciem</strong></span> <span class='ocrx_word' id='word_1_54' title='bbox 757 1091 888 1131; x_wconf 90' lang='lat' dir='ltr'><strong>vero</strong></span> <span class='ocrx_word' id='word_1_55' title='bbox 919 1074 1121 1129; x_wconf 90' lang='lat' dir='ltr'><strong>nullam</strong></span> <span class='ocrx_word' id='word_1_56' title='bbox 1150 1071 1324 1126; x_wconf 82' lang='lat' dir='ltr'><strong>aﬂ‘ert.</strong></span> <span class='ocrx_word' id='word_1_57' title='bbox 1353 1073 1488 1127; x_wconf 85' lang='lat' dir='ltr'><strong>Audi</strong></span> <span class='ocrx_word' id='word_1_58' title='bbox 1526 1072 1669 1127; x_wconf 90' lang='lat' dir='ltr'><strong>enim</strong></span> <span class='ocrx_word' id='word_1_59' title='bbox 1709 1070 1835 1140; x_wconf 91' lang='lat' dir='ltr'><strong>quid</strong></span> <span class='ocrx_word' id='word_1_60' title='bbox 1878 1073 2019 1126; x_wconf 88' lang='lat' dir='ltr'><strong>dicat</strong></span> 
     </span>
    </p>
   </div>
   <div class='ocr_carea' id='block_1_10' title="bbox 437 1161 2020 1237">
    <p class='ocr_par' dir='ltr' id='par_1_10' title="bbox 437 1161 2020 1237">
     <span class='ocr_line' id='line_1_10' title="bbox 437 1161 2020 1237; baseline -0.004 -15"><span class='ocrx_word' id='word_1_61' title='bbox 437 1185 504 1230; x_wconf 89' lang='lat' dir='ltr'><strong>is,</strong></span> <span class='ocrx_word' id='word_1_62' title='bbox 535 1172 622 1237; x_wconf 85' lang='lat' dir='ltr'><strong>qui</strong></span> <span class='ocrx_word' id='word_1_63' title='bbox 654 1172 797 1237; x_wconf 86' lang='lat' dir='ltr'><strong>prius</strong></span> <span class='ocrx_word' id='word_1_64' title='bbox 827 1169 916 1222; x_wconf 89' lang='lat' dir='ltr'><strong>illa</strong></span> <span class='ocrx_word' id='word_1_65' title='bbox 942 1166 1185 1221; x_wconf 82' lang='lat' dir='ltr'><strong>dixerat:</strong></span> <span class='ocrx_word' id='word_1_66' title='bbox 1212 1161 1276 1215; x_wconf 87' lang='lat' dir='ltr'><strong>In</strong></span> <span class='ocrx_word' id='word_1_67' title='bbox 1298 1180 1449 1217; x_wconf 84' lang='lat' dir='ltr'><strong>manu</strong></span> <span class='ocrx_word' id='word_1_68' title='bbox 1475 1165 1662 1234; x_wconf 69' lang='lat' dir='ltr'><strong>lingua:</strong></span> <span class='ocrx_word' id='word_1_69' title='bbox 1689 1163 1790 1215; x_wconf 80' lang='lat' dir='ltr'><strong>vita</strong></span> <span class='ocrx_word' id='word_1_70' title='bbox 1812 1169 1857 1214; x_wconf 87' lang='lat' dir='ltr'><strong>et</strong></span> <span class='ocrx_word' id='word_1_71' title='bbox 1885 1178 2020 1216; x_wconf 83' lang='lat' dir='ltr'><strong>mors</strong></span> 
     </span>
    </p>
   </div>
   <div class='ocr_carea' id='block_1_11' title="bbox 443 1251 2023 1328">
    <p class='ocr_par' dir='ltr' id='par_1_11' title="bbox 443 1251 2023 1328">
     <span class='ocr_line' id='line_1_11' title="bbox 443 1251 2023 1328; baseline -0.002 -19"><span class='ocrx_word' id='word_1_72' title='bbox 443 1257 620 1328; x_wconf 85' lang='lat' dir='ltr'><strong>(Prov.</strong></span> <span class='ocrx_word' id='word_1_73' title='bbox 652 1258 738 1312; x_wconf 81' lang='lat' dir='ltr'><strong>l8.</strong></span> <span class='ocrx_word' id='word_1_74' title='bbox 759 1258 874 1328; x_wconf 71' lang='grc'><strong>21).</strong></span> <span class='ocrx_word' id='word_1_75' title='bbox 911 1257 1216 1323; x_wconf 81' lang='lat' dir='ltr'><strong>Eademque</strong></span> <span class='ocrx_word' id='word_1_76' title='bbox 1255 1253 1368 1322; x_wconf 90' lang='lat' dir='ltr'><strong>ipsa</strong></span> <span class='ocrx_word' id='word_1_77' title='bbox 1400 1254 1645 1308; x_wconf 81' lang='lat' dir='ltr'><strong>Christus</strong></span> <span class='ocrx_word' id='word_1_78' title='bbox 1669 1251 1903 1306; x_wconf 83' lang='lat' dir='ltr'><strong>declarat</strong></span> <span class='ocrx_word' id='word_1_79' title='bbox 1940 1251 2023 1307; x_wconf 91' lang='lat' dir='ltr'><strong>his</strong></span> 
     </span>
    </p>
   </div>
   <div class='ocr_carea' id='block_1_12' title="bbox 445 1343 2025 1414">
    <p class='ocr_par' dir='ltr' id='par_1_12' title="bbox 445 1343 2025 1414">
     <span class='ocr_line' id='line_1_12' title="bbox 445 1343 2025 1414; baseline -0.001 -17"><span class='ocrx_word' id='word_1_80' title='bbox 445 1348 643 1414; x_wconf 81' lang='lat' dir='ltr'><strong>verbis,</strong></span> <span class='ocrx_word' id='word_1_81' title='bbox 663 1347 734 1402; x_wconf 87' lang='lat' dir='ltr'><strong>De</strong></span> <span class='ocrx_word' id='word_1_82' title='bbox 745 1348 1051 1402; x_wconf 80' lang='lat' dir='ltr'><strong>sermonibus</strong></span> <span class='ocrx_word' id='word_1_83' title='bbox 1065 1346 1163 1398; x_wconf 84' lang='lat' dir='ltr'><strong>tuis</strong></span> <span class='ocrx_word' id='word_1_84' title='bbox 1179 1346 1599 1411; x_wconf 83' lang='lat' dir='ltr'><strong>condemnaberis,</strong></span> <span class='ocrx_word' id='word_1_85' title='bbox 1615 1356 1762 1414; x_wconf 79' lang='lat' dir='ltr'><strong>atque</strong></span> <span class='ocrx_word' id='word_1_86' title='bbox 1775 1343 1837 1396; x_wconf 88' lang='lat' dir='ltr'><strong>de</strong></span> <span class='ocrx_word' id='word_1_87' title='bbox 1847 1359 2025 1397; x_wconf 84' lang='lat' dir='ltr'><strong>sermo-</strong></span> 
     </span>
    </p>
   </div>
   <div class='ocr_carea' id='block_1_13' title="bbox 441 1431 2027 1508">
    <p class='ocr_par' dir='ltr' id='par_1_13' title="bbox 441 1431 2027 1508">
     <span class='ocr_line' id='line_1_13' title="bbox 441 1431 2027 1508; baseline -0.001 -20"><span class='ocrx_word' id='word_1_88' title='bbox 441 1436 588 1490; x_wconf 85' lang='lat' dir='ltr'><strong>nibus</strong></span> <span class='ocrx_word' id='word_1_89' title='bbox 615 1439 711 1491; x_wconf 83' lang='lat' dir='ltr'><strong>tuis</strong></span> <span class='ocrx_word' id='word_1_90' title='bbox 731 1437 1093 1508; x_wconf 80' lang='lat' dir='ltr'><strong>justiﬁcaberis</strong></span> <span class='ocrx_word' id='word_1_91' title='bbox 1121 1433 1338 1502; x_wconf 81' lang='lat' dir='ltr'><strong>(Matth.</strong></span> <span class='ocrx_word' id='word_1_92' title='bbox 1373 1435 1460 1486; x_wconf 74' lang='grc'><strong>12.</strong></span> <span class='ocrx_word' id='word_1_93' title='bbox 1487 1435 1614 1504; x_wconf 82' lang='grc'>57).</span> <span class='ocrx_word' id='word_1_94' title='bbox 1641 1434 1810 1488; x_wconf 80' lang='lat' dir='ltr'><strong>Media</strong></span> <span class='ocrx_word' id='word_1_95' title='bbox 1833 1431 2027 1502; x_wconf 79' lang='lat' dir='ltr'><strong>quippe</strong></span> 
     </span>
    </p>
   </div>
   <div class='ocr_carea' id='block_1_14' title="bbox 444 1525 2029 1598">
    <p class='ocr_par' dir='ltr' id='par_1_14' title="bbox 444 1525 2029 1598">
     <span class='ocr_line' id='line_1_14' title="bbox 444 1525 2029 1598; baseline 0 -18"><span class='ocrx_word' id='word_1_96' title='bbox 444 1537 546 1581; x_wconf 83' lang='lat' dir='ltr'><strong>stat</strong></span> <span class='ocrx_word' id='word_1_97' title='bbox 573 1528 749 1598; x_wconf 81' lang='lat' dir='ltr'><strong>lingua</strong></span> <span class='ocrx_word' id='word_1_98' title='bbox 775 1531 914 1584; x_wconf 91' lang='lat' dir='ltr'><strong>inter</strong></span> <span class='ocrx_word' id='word_1_99' title='bbox 945 1538 1229 1596; x_wconf 90' lang='lat' dir='ltr'><strong>utrumque</strong></span> <span class='ocrx_word' id='word_1_100' title='bbox 1253 1541 1438 1589; x_wconf 85' lang='lat' dir='ltr'><strong>usum;</strong></span> <span class='ocrx_word' id='word_1_101' title='bbox 1468 1536 1522 1580; x_wconf 93' lang='lat' dir='ltr'><strong>tu</strong></span> <span class='ocrx_word' id='word_1_102' title='bbox 1559 1527 1806 1582; x_wconf 90' lang='lat' dir='ltr'><strong>dominus</strong></span> <span class='ocrx_word' id='word_1_103' title='bbox 1840 1539 1920 1582; x_wconf 89' lang='lat' dir='ltr'><strong>es.</strong></span> <span class='ocrx_word' id='word_1_104' title='bbox 1953 1525 2029 1580; x_wconf 89' lang='lat' dir='ltr'><strong>Ita</strong></span> 
     </span>
    </p>
   </div>
   <div class='ocr_carea' id='block_1_15' title="bbox 446 1616 2026 1690">
    <p class='ocr_par' dir='ltr' id='par_1_15' title="bbox 446 1616 2026 1690">
     <span class='ocr_line' id='line_1_15' title="bbox 446 1616 2026 1690; baseline -0.003 -18"><span class='ocrx_word' id='word_1_105' title='bbox 446 1627 501 1672; x_wconf 86' lang='lat' dir='ltr'><strong>et</strong></span> <span class='ocrx_word' id='word_1_106' title='bbox 525 1619 726 1688; x_wconf 85' lang='lat' dir='ltr'><strong>gladius</strong></span> <span class='ocrx_word' id='word_1_107' title='bbox 745 1620 889 1690; x_wconf 87' lang='lat' dir='ltr'><strong>jacet</strong></span> <span class='ocrx_word' id='word_1_108' title='bbox 913 1618 1154 1682; x_wconf 84' lang='lat' dir='ltr'><strong>medius;</strong></span> <span class='ocrx_word' id='word_1_109' title='bbox 1179 1620 1224 1672; x_wconf 90' lang='lat' dir='ltr'><strong>si</strong></span> <span class='ocrx_word' id='word_1_110' title='bbox 1254 1617 1344 1670; x_wconf 93' lang='lat' dir='ltr'><strong>illo</strong></span> <span class='ocrx_word' id='word_1_111' title='bbox 1366 1626 1547 1670; x_wconf 89' lang='lat' dir='ltr'><strong>contra</strong></span> <span class='ocrx_word' id='word_1_112' title='bbox 1571 1618 1816 1672; x_wconf 90' lang='lat' dir='ltr'><strong>inimicos</strong></span> <span class='ocrx_word' id='word_1_113' title='bbox 1841 1616 2026 1681; x_wconf 84' lang='lat' dir='ltr'><strong>utaris,</strong></span> 
     </span>
    </p>
   </div>
   <div class='ocr_carea' id='block_1_16' title="bbox 448 1705 2035 1776">
    <p class='ocr_par' dir='ltr' id='par_1_16' title="bbox 448 1705 2035 1776">
     <span class='ocr_line' id='line_1_16' title="bbox 448 1705 2035 1776; baseline -0.002 -13"><span class='ocrx_word' id='word_1_114' title='bbox 448 1709 680 1764; x_wconf 88' lang='lat' dir='ltr'><strong>salutare</strong></span> <span class='ocrx_word' id='word_1_115' title='bbox 707 1711 800 1763; x_wconf 92' lang='lat' dir='ltr'><strong>tibi</strong></span> <span class='ocrx_word' id='word_1_116' title='bbox 832 1712 1247 1764; x_wconf 87' lang='lat' dir='ltr'><strong>instrumentum</strong></span> <span class='ocrx_word' id='word_1_117' title='bbox 1275 1705 1501 1760; x_wconf 78' lang='lat' dir='ltr'><strong>efﬁcitur</strong></span> <span class='ocrx_word' id='word_1_118' title='bbox 1523 1723 1536 1772; x_wconf 91' lang='lat'><strong>;</strong></span> <span class='ocrx_word' id='word_1_119' title='bbox 1559 1708 1640 1762; x_wconf 89' lang='lat' dir='ltr'><strong>sin</strong></span> <span class='ocrx_word' id='word_1_120' title='bbox 1669 1708 1761 1764; x_wconf 90' lang='lat' dir='ltr'><strong>tibi</strong></span> <span class='ocrx_word' id='word_1_121' title='bbox 1787 1707 1890 1776; x_wconf 87' lang='lat' dir='ltr'><strong>ipsi</strong></span> <span class='ocrx_word' id='word_1_122' title='bbox 1917 1705 2035 1760; x_wconf 89' lang='lat' dir='ltr'><strong>vul-</strong></span> 
     </span>
    </p>
   </div>
   <div class='ocr_carea' id='block_1_17' title="bbox 448 1796 2037 1870">
    <p class='ocr_par' dir='ltr' id='par_1_17' title="bbox 448 1796 2037 1870">
     <span class='ocr_line' id='line_1_17' title="bbox 448 1796 2037 1870; baseline -0.003 -16"><span class='ocrx_word' id='word_1_123' title='bbox 448 1817 549 1854; x_wconf 90' lang='lat' dir='ltr'><strong>nus</strong></span> <span class='ocrx_word' id='word_1_124' title='bbox 575 1801 803 1870; x_wconf 82' lang='lat' dir='ltr'><strong>inlligas,</strong></span> <span class='ocrx_word' id='word_1_125' title='bbox 837 1815 944 1854; x_wconf 90' lang='lat' dir='ltr'><strong>non</strong></span> <span class='ocrx_word' id='word_1_126' title='bbox 975 1799 1103 1853; x_wconf 89' lang='lat' dir='ltr'><strong>ferri</strong></span> <span class='ocrx_word' id='word_1_127' title='bbox 1127 1806 1334 1862; x_wconf 89' lang='lat' dir='ltr'><strong>natura,</strong></span> <span class='ocrx_word' id='word_1_128' title='bbox 1362 1796 1457 1852; x_wconf 88' lang='lat' dir='ltr'><strong>scd</strong></span> <span class='ocrx_word' id='word_1_129' title='bbox 1487 1797 1736 1868; x_wconf 86' lang='lat' dir='ltr'><strong>iniquitas</strong></span> <span class='ocrx_word' id='word_1_130' title='bbox 1757 1806 1846 1852; x_wconf 89' lang='lat' dir='ltr'><strong>tua</strong></span> <span class='ocrx_word' id='word_1_131' title='bbox 1872 1796 2037 1853; x_wconf 67' lang='lat' dir='ltr'><strong>caedis</strong></span> 
     </span>
    </p>
   </div>
   <div class='ocr_carea' id='block_1_18' title="bbox 447 1888 2034 1958">
    <p class='ocr_par' dir='ltr' id='par_1_18' title="bbox 447 1888 2034 1958">
     <span class='ocr_line' id='line_1_18' title="bbox 447 1888 2034 1958; baseline -0.003 -11"><span class='ocrx_word' id='word_1_132' title='bbox 447 1908 607 1948; x_wconf 87' lang='lat' dir='ltr'><strong>causa</strong></span> <span class='ocrx_word' id='word_1_133' title='bbox 631 1903 733 1946; x_wconf 91' lang='lat' dir='ltr'><strong>est.</strong></span> <span class='ocrx_word' id='word_1_134' title='bbox 758 1891 832 1945; x_wconf 78' lang='grc' dir='ltr'>ιω</span> <span class='ocrx_word' id='word_1_135' title='bbox 859 1899 914 1946; x_wconf 90' lang='lat' dir='ltr'><strong>et</strong></span> <span class='ocrx_word' id='word_1_136' title='bbox 939 1890 1005 1944; x_wconf 89' lang='lat' dir='ltr'><strong>de</strong></span> <span class='ocrx_word' id='word_1_137' title='bbox 1032 1889 1211 1958; x_wconf 89' lang='lat' dir='ltr'><strong>lingua</strong></span> <span class='ocrx_word' id='word_1_138' title='bbox 1236 1888 1532 1958; x_wconf 89' lang='lat' dir='ltr'><strong>cogitemus</strong></span> <span class='ocrx_word' id='word_1_139' title='bbox 1568 1905 1583 1944; x_wconf 89' lang='lat'><strong>:</strong></span> <span class='ocrx_word' id='word_1_140' title='bbox 1619 1889 1827 1958; x_wconf 85' lang='lat' dir='ltr'><strong>gladius</strong></span> <span class='ocrx_word' id='word_1_141' title='bbox 1860 1897 1944 1944; x_wconf 92' lang='lat' dir='ltr'><strong>est</strong></span> <span class='ocrx_word' id='word_1_142' title='bbox 1982 1888 2034 1942; x_wconf 93' lang='lat' dir='ltr'><strong>in</strong></span> 
     </span>
    </p>
   </div>
   <div class='ocr_carea' id='block_1_19' title="bbox 447 1979 2036 2051">
    <p class='ocr_par' dir='ltr' id='par_1_19' title="bbox 447 1979 2036 2051">
     <span class='ocr_line' id='line_1_19' title="bbox 447 1979 2036 2051; baseline -0.004 -13"><span class='ocrx_word' id='word_1_143' title='bbox 447 1983 624 2038; x_wconf 87' lang='lat' dir='ltr'><strong>medio</strong></span> <span class='ocrx_word' id='word_1_144' title='bbox 647 1985 854 2051; x_wconf 88' lang='lat' dir='ltr'><strong>jacens,</strong></span> <span class='ocrx_word' id='word_1_145' title='bbox 877 1995 1011 2034; x_wconf 88' lang='lat' dir='ltr'><strong>acue</strong></span> <span class='ocrx_word' id='word_1_146' title='bbox 1039 1979 1184 2033; x_wconf 89' lang='lat' dir='ltr'><strong>illam</strong></span> <span class='ocrx_word' id='word_1_147' title='bbox 1210 1979 1276 2033; x_wconf 89' lang='lat' dir='ltr'><strong>ad</strong></span> <span class='ocrx_word' id='word_1_148' title='bbox 1308 1988 1360 2034; x_wconf 92' lang='lat' dir='ltr'><strong>te</strong></span> <span class='ocrx_word' id='word_1_149' title='bbox 1380 1979 1447 2034; x_wconf 90' lang='lat' dir='ltr'><strong>de</strong></span> <span class='ocrx_word' id='word_1_150' title='bbox 1475 1981 1707 2050; x_wconf 86' lang='lat' dir='ltr'><strong>peccatis</strong></span> <span class='ocrx_word' id='word_1_151' title='bbox 1737 1979 1840 2034; x_wconf 89' lang='lat' dir='ltr'><strong>tuis</strong></span> <span class='ocrx_word' id='word_1_152' title='bbox 1874 1993 2036 2032; x_wconf 85' lang='lat' dir='ltr'><strong>aecu-</strong></span> 
     </span>
    </p>
   </div>
   <div class='ocr_carea' id='block_1_20' title="bbox 448 2069 2037 2139">
    <p class='ocr_par' dir='ltr' id='par_1_20' title="bbox 448 2069 2037 2139">
     <span class='ocr_line' id='line_1_20' title="bbox 448 2069 2037 2139; baseline -0.003 -12"><span class='ocrx_word' id='word_1_153' title='bbox 448 2073 694 2136; x_wconf 87' lang='lat' dir='ltr'><strong>sandum,</strong></span> <span class='ocrx_word' id='word_1_154' title='bbox 726 2086 794 2126; x_wconf 93' lang='lat' dir='ltr'><strong>ne</strong></span> <span class='ocrx_word' id='word_1_155' title='bbox 817 2070 968 2124; x_wconf 89' lang='lat' dir='ltr'><strong>fratri</strong></span> <span class='ocrx_word' id='word_1_156' title='bbox 995 2070 1186 2124; x_wconf 85' lang='lat' dir='ltr'><strong>vulnus</strong></span> <span class='ocrx_word' id='word_1_157' title='bbox 1214 2069 1437 2139; x_wconf 85' lang='lat' dir='ltr'><strong>infligas.</strong></span> <span class='ocrx_word' id='word_1_158' title='bbox 1483 2070 1607 2125; x_wconf 90' lang='lat' dir='ltr'><strong>ldeo</strong></span> <span class='ocrx_word' id='word_1_159' title='bbox 1647 2070 1793 2124; x_wconf 91' lang='lat' dir='ltr'><strong>illam</strong></span> <span class='ocrx_word' id='word_1_160' title='bbox 1835 2069 2037 2138; x_wconf 78' lang='lat' dir='ltr'><strong>duplici</strong></span> 
     </span>
    </p>
   </div>
   <div class='ocr_carea' id='block_1_21' title="bbox 451 2161 2042 2230">
    <p class='ocr_par' dir='ltr' id='par_1_21' title="bbox 451 2161 2042 2230">
     <span class='ocr_line' id='line_1_21' title="bbox 451 2161 2042 2230; baseline -0.003 -12"><span class='ocrx_word' id='word_1_161' title='bbox 451 2179 608 2218; x_wconf 89' lang='lat' dir='ltr'><strong>muro</strong></span> <span class='ocrx_word' id='word_1_162' title='bbox 636 2162 776 2216; x_wconf 90' lang='lat' dir='ltr'><strong>Deus</strong></span> <span class='ocrx_word' id='word_1_163' title='bbox 800 2162 1258 2228; x_wconf 91' lang='lat' dir='ltr'><strong>circumvallavit,</strong></span> <span class='ocrx_word' id='word_1_164' title='bbox 1287 2161 1525 2216; x_wconf 88' lang='lat' dir='ltr'><strong>dentium</strong></span> <span class='ocrx_word' id='word_1_165' title='bbox 1572 2175 1765 2230; x_wconf 92' lang='lat' dir='ltr'><strong>nempe</strong></span> <span class='ocrx_word' id='word_1_166' title='bbox 1809 2170 1961 2229; x_wconf 89' lang='lat' dir='ltr'><strong>septo</strong></span> <span class='ocrx_word' id='word_1_167' title='bbox 1988 2169 2042 2214; x_wconf 94' lang='lat' dir='ltr'><strong>ct</strong></span> 
     </span>
    </p>
   </div>
   <div class='ocr_carea' id='block_1_22' title="bbox 455 2251 2040 2318">
    <p class='ocr_par' dir='ltr' id='par_1_22' title="bbox 455 2251 2040 2318">
     <span class='ocr_line' id='line_1_22' title="bbox 455 2251 2040 2318; baseline 0 -12"><span class='ocrx_word' id='word_1_168' title='bbox 455 2253 716 2308; x_wconf 85' lang='lat' dir='ltr'><strong>lahiorum</strong></span> <span class='ocrx_word' id='word_1_169' title='bbox 759 2252 998 2318; x_wconf 87' lang='lat' dir='ltr'><strong>ambitu,</strong></span> <span class='ocrx_word' id='word_1_170' title='bbox 1044 2267 1112 2306; x_wconf 91' lang='lat' dir='ltr'><strong>ne</strong></span> <span class='ocrx_word' id='word_1_171' title='bbox 1151 2251 1299 2306; x_wconf 78' lang='lat' dir='ltr'><strong>facile</strong></span> <span class='ocrx_word' id='word_1_172' title='bbox 1325 2260 1380 2306; x_wconf 89' lang='lat' dir='ltr'><strong>et</strong></span> <span class='ocrx_word' id='word_1_173' title='bbox 1407 2253 1703 2306; x_wconf 88' lang='lat' dir='ltr'><strong>inconsulte</strong></span> <span class='ocrx_word' id='word_1_174' title='bbox 1741 2251 1902 2306; x_wconf 87' lang='lat' dir='ltr'><strong>verba</strong></span> <span class='ocrx_word' id='word_1_175' title='bbox 1933 2267 2040 2306; x_wconf 92' lang='lat' dir='ltr'><strong>non</strong></span> 
     </span>
    </p>
   </div>
   <div class='ocr_carea' id='block_1_23' title="bbox 453 2339 2040 2411">
    <p class='ocr_par' dir='ltr' id='par_1_23' title="bbox 453 2339 2040 2411">
     <span class='ocr_line' id='line_1_23' title="bbox 453 2339 2040 2411; baseline -0.003 -14"><span class='ocrx_word' id='word_1_176' title='bbox 453 2343 800 2411; x_wconf 88' lang='lat' dir='ltr'><strong>congruentia</strong></span> <span class='ocrx_word' id='word_1_177' title='bbox 831 2340 1083 2408; x_wconf 86' lang='lat' dir='ltr'><strong>proferat.</strong></span> <span class='ocrx_word' id='word_1_178' title='bbox 1117 2339 1348 2394; x_wconf 80' lang='lat' dir='ltr'><strong>Refrena</strong></span> <span class='ocrx_word' id='word_1_179' title='bbox 1377 2340 1519 2395; x_wconf 88' lang='lat' dir='ltr'><strong>illam</strong></span> <span class='ocrx_word' id='word_1_180' title='bbox 1547 2342 1707 2395; x_wconf 90' lang='lat' dir='ltr'><strong>intus.</strong></span> <span class='ocrx_word' id='word_1_181' title='bbox 1733 2339 1930 2394; x_wconf 86' lang='lat' dir='ltr'><strong>Verum</strong></span> <span class='ocrx_word' id='word_1_182' title='bbox 1955 2341 2040 2394; x_wconf 89' lang='lat' dir='ltr'><strong>illa</strong></span> 
     </span>
    </p>
   </div>
   <div class='ocr_carea' id='block_1_24' title="bbox 455 2431 2043 2502">
    <p class='ocr_par' dir='ltr' id='par_1_24' title="bbox 455 2431 2043 2502">
     <span class='ocr_line' id='line_1_24' title="bbox 455 2431 2043 2502; baseline -0.001 -16"><span class='ocrx_word' id='word_1_183' title='bbox 455 2448 560 2487; x_wconf 93' lang='lat' dir='ltr'><strong>non</strong></span> <span class='ocrx_word' id='word_1_184' title='bbox 591 2433 644 2487; x_wconf 89' lang='lat' dir='ltr'><strong>id</strong></span> <span class='ocrx_word' id='word_1_185' title='bbox 675 2431 1175 2501; x_wconf 87' lang='lat' dir='ltr'><strong>patitur?dentibus</strong></span> <span class='ocrx_word' id='word_1_186' title='bbox 1213 2431 1357 2485; x_wconf 89' lang='lat' dir='ltr'><strong>illam</strong></span> <span class='ocrx_word' id='word_1_187' title='bbox 1401 2435 1617 2502; x_wconf 86' lang='lat' dir='ltr'><strong>castiga,</strong></span> <span class='ocrx_word' id='word_1_188' title='bbox 1667 2433 1902 2502; x_wconf 85' lang='lat' dir='ltr'><strong>ipseium</strong></span> <span class='ocrx_word' id='word_1_189' title='bbox 1945 2446 2043 2486; x_wconf 91' lang='lat' dir='ltr'><strong>ceu</strong></span> 
     </span>
    </p>
   </div>
   <div class='ocr_carea' id='block_1_25' title="bbox 456 2521 2047 2592">
    <p class='ocr_par' dir='ltr' id='par_1_25' title="bbox 456 2521 2047 2592">
     <span class='ocr_line' id='line_1_25' title="bbox 456 2521 2047 2592; baseline -0.001 -14"><span class='ocrx_word' id='word_1_190' title='bbox 456 2524 764 2578; x_wconf 81' lang='lat' dir='ltr'><strong>carnificum</strong></span> <span class='ocrx_word' id='word_1_191' title='bbox 801 2525 1004 2578; x_wconf 89' lang='lat' dir='ltr'><strong>morsui</strong></span> <span class='ocrx_word' id='word_1_192' title='bbox 1033 2524 1176 2577; x_wconf 87' lang='lat' dir='ltr'><strong>illam</strong></span> <span class='ocrx_word' id='word_1_193' title='bbox 1211 2521 1428 2576; x_wconf 89' lang='lat' dir='ltr'><strong>tradens</strong></span> <span class='ocrx_word' id='word_1_194' title='bbox 1460 2540 1474 2576; x_wconf 90' lang='lat'><strong>:</strong></span> <span class='ocrx_word' id='word_1_195' title='bbox 1507 2523 1696 2577; x_wconf 88' lang='lat' dir='ltr'><strong>melius</strong></span> <span class='ocrx_word' id='word_1_196' title='bbox 1735 2523 1931 2592; x_wconf 86' lang='lat' dir='ltr'><strong>quippe</strong></span> <span class='ocrx_word' id='word_1_197' title='bbox 1963 2529 2047 2576; x_wconf 88' lang='lat' dir='ltr'><strong>est</strong></span> 
     </span>
    </p>
   </div>
   <div class='ocr_carea' id='block_1_26' title="bbox 460 2613 2048 2683">
    <p class='ocr_par' dir='ltr' id='par_1_26' title="bbox 460 2613 2048 2683">
     <span class='ocr_line' id='line_1_26' title="bbox 460 2613 2048 2683; baseline 0.002 -17"><span class='ocrx_word' id='word_1_198' title='bbox 460 2614 602 2666; x_wconf 84' lang='lat' dir='ltr'><strong>illam</strong></span> <span class='ocrx_word' id='word_1_199' title='bbox 631 2628 770 2668; x_wconf 92' lang='lat' dir='ltr'><strong>nunc</strong></span> <span class='ocrx_word' id='word_1_200' title='bbox 804 2624 1112 2682; x_wconf 86' lang='lat' dir='ltr'><strong>peccantem</strong></span> <span class='ocrx_word' id='word_1_201' title='bbox 1142 2613 1394 2668; x_wconf 89' lang='lat' dir='ltr'><strong>dentibus</strong></span> <span class='ocrx_word' id='word_1_202' title='bbox 1428 2613 1659 2667; x_wconf 88' lang='lat' dir='ltr'><strong>morderi</strong></span> <span class='ocrx_word' id='word_1_203' title='bbox 1684 2655 1700 2680; x_wconf 94' lang='lat'><strong>,</strong></span> <span class='ocrx_word' id='word_1_204' title='bbox 1731 2627 1888 2683; x_wconf 88' lang='lat' dir='ltr'><strong>quam</strong></span> <span class='ocrx_word' id='word_1_205' title='bbox 1920 2622 2048 2669; x_wconf 92' lang='lat' dir='ltr'><strong>tunc</strong></span> 
     </span>
    </p>
   </div>
   <div class='ocr_carea' id='block_1_27' title="bbox 461 2701 2048 2773">
    <p class='ocr_par' dir='ltr' id='par_1_27' title="bbox 461 2701 2048 2773">
     <span class='ocr_line' id='line_1_27' title="bbox 461 2701 2048 2773; baseline 0.003 -17"><span class='ocrx_word' id='word_1_206' title='bbox 461 2701 664 2756; x_wconf 85' lang='lat' dir='ltr'><strong>aridam</strong></span> <span class='ocrx_word' id='word_1_207' title='bbox 692 2711 745 2756; x_wconf 90' lang='lat' dir='ltr'><strong>et</strong></span> <span class='ocrx_word' id='word_1_208' title='bbox 771 2717 922 2772; x_wconf 77' lang='lat' dir='ltr'><strong>aqua:</strong></span> <span class='ocrx_word' id='word_1_209' title='bbox 947 2704 1143 2758; x_wconf 81' lang='lat' dir='ltr'><strong>stillam</strong></span> <span class='ocrx_word' id='word_1_210' title='bbox 1183 2714 1516 2773; x_wconf 82' lang='lat' dir='ltr'><strong>quaerentem</strong></span> <span class='ocrx_word' id='word_1_211' title='bbox 1565 2704 1651 2757; x_wconf 91' lang='lat' dir='ltr'><strong>illa</strong></span> <span class='ocrx_word' id='word_1_212' title='bbox 1681 2705 2048 2760; x_wconf 87' lang='lat' dir='ltr'><strong>ecusolatione</strong></span> 
     </span>
    </p>
   </div>
   <div class='ocr_carea' id='block_1_28' title="bbox 465 2791 2047 2862">
    <p class='ocr_par' dir='ltr' id='par_1_28' title="bbox 465 2791 2047 2862">
     <span class='ocr_line' id='line_1_28' title="bbox 465 2791 2047 2862; baseline 0.004 -18"><span class='ocrx_word' id='word_1_213' title='bbox 465 2791 682 2860; x_wconf 91' lang='lat' dir='ltr'><strong>privari.</strong></span> <span class='ocrx_word' id='word_1_214' title='bbox 714 2791 770 2845; x_wconf 89' lang='lat' dir='ltr'><strong>In</strong></span> <span class='ocrx_word' id='word_1_215' title='bbox 801 2792 980 2846; x_wconf 86' lang='lat' dir='ltr'><strong>multis</strong></span> <span class='ocrx_word' id='word_1_216' title='bbox 1006 2807 1136 2848; x_wconf 90' lang='lat' dir='ltr'><strong>sane</strong></span> <span class='ocrx_word' id='word_1_217' title='bbox 1165 2794 1284 2848; x_wconf 86' lang='lat' dir='ltr'><strong>aliis</strong></span> <span class='ocrx_word' id='word_1_218' title='bbox 1312 2808 1542 2862; x_wconf 87' lang='lat' dir='ltr'><strong>peccare</strong></span> <span class='ocrx_word' id='word_1_219' title='bbox 1569 2795 1657 2848; x_wconf 88' lang='lat' dir='ltr'><strong>illa</strong></span> <span class='ocrx_word' id='word_1_220' title='bbox 1681 2795 1837 2862; x_wconf 90' lang='lat' dir='ltr'><strong>solet,</strong></span> <span class='ocrx_word' id='word_1_221' title='bbox 1863 2799 2047 2850; x_wconf 87' lang='lat' dir='ltr'><strong>eonvi-</strong></span> 
     </span>
    </p>
   </div>
   <div class='ocr_carea' id='block_1_29' title="bbox 462 2883 2048 2959">
    <p class='ocr_par' dir='ltr' id='par_1_29' title="bbox 462 2883 2048 2959">
     <span class='ocr_line' id='line_1_29' title="bbox 462 2883 2048 2959; baseline 0.003 -21"><span class='ocrx_word' id='word_1_222' title='bbox 462 2884 560 2938; x_wconf 87' lang='lat' dir='ltr'><strong>ciis</strong></span> <span class='ocrx_word' id='word_1_223' title='bbox 587 2899 797 2952; x_wconf 90' lang='lat' dir='ltr'><strong>nempe,</strong></span> <span class='ocrx_word' id='word_1_224' title='bbox 829 2883 1190 2953; x_wconf 84' lang='lat' dir='ltr'><strong>blasphemiis,</strong></span> <span class='ocrx_word' id='word_1_225' title='bbox 1218 2886 1396 2940; x_wconf 82' lang='lat' dir='ltr'><strong>verbis</strong></span> <span class='ocrx_word' id='word_1_226' title='bbox 1423 2887 1713 2952; x_wconf 64' lang='lat' dir='ltr'><strong>obscaenis,</strong></span> <span class='ocrx_word' id='word_1_227' title='bbox 1747 2889 2048 2959; x_wconf 82' lang='lat' dir='ltr'><strong>sycophan-</strong></span> 
     </span>
    </p>
   </div>
   <div class='ocr_carea' id='block_1_30' title="bbox 465 2975 1232 3046">
    <p class='ocr_par' dir='ltr' id='par_1_30' title="bbox 465 2975 1232 3046">
     <span class='ocr_line' id='line_1_30' title="bbox 465 2975 1232 3046; baseline 0.001 -17"><span class='ocrx_word' id='word_1_228' title='bbox 465 2975 572 3036; x_wconf 80' lang='lat' dir='ltr'><strong>tiis,</strong></span> <span class='ocrx_word' id='word_1_229' title='bbox 601 2975 938 3044; x_wconf 89' lang='lat' dir='ltr'><strong>juramentis,</strong></span> <span class='ocrx_word' id='word_1_230' title='bbox 971 2976 1232 3046; x_wconf 77' lang='lat' dir='ltr'><strong>perjuriis.</strong></span> 
     </span>
    </p>
   </div>
   <div class='ocr_carea' id='block_1_31' title="bbox 535 3067 2052 3135">
    <p class='ocr_par' dir='ltr' id='par_1_31' title="bbox 535 3067 2052 3135">
     <span class='ocr_line' id='line_1_31' title="bbox 535 3067 2052 3135; baseline 0.005 -15"><span class='ocrx_word' id='word_1_231' title='bbox 535 3067 589 3120; x_wconf 91' lang='lat'><strong>5.</strong></span> <span class='ocrx_word' id='word_1_232' title='bbox 635 3067 885 3121; x_wconf 79' lang='lat' dir='ltr'><strong>Adversus</strong></span> <span class='ocrx_word' id='word_1_233' title='bbox 901 3067 1117 3135; x_wconf 84' lang='lat' dir='ltr'><strong>jurandi</strong></span> <span class='ocrx_word' id='word_1_234' title='bbox 1143 3070 1566 3124; x_wconf 77' lang='lat' dir='ltr'><strong>consuetudinem.</strong></span> <span class='ocrx_word' id='word_1_235' title='bbox 1595 3101 1667 3110; x_wconf 95' lang='lat'><strong><em>—</em></strong></span> <span class='ocrx_word' id='word_1_236' title='bbox 1693 3071 1797 3126; x_wconf 88' lang='lat' dir='ltr'><strong>Sed</strong></span> <span class='ocrx_word' id='word_1_237' title='bbox 1826 3088 1895 3127; x_wconf 89' lang='lat' dir='ltr'><strong>ne</strong></span> <span class='ocrx_word' id='word_1_238' title='bbox 1925 3087 2052 3127; x_wconf 87' lang='lat' dir='ltr'><strong>cott-</strong></span> 
     </span>
    </p>
   </div>
   <div class='ocr_carea' id='block_1_32' title="bbox 463 3155 2054 3217">
    <p class='ocr_par' dir='ltr' id='par_1_32' title="bbox 463 3155 2054 3217">
     <span class='ocr_line' id='line_1_32' title="bbox 463 3155 2054 3217; baseline 0.005 -8"><span class='ocrx_word' id='word_1_239' title='bbox 463 3155 641 3210; x_wconf 84' lang='lat' dir='ltr'><strong>fertim</strong></span> <span class='ocrx_word' id='word_1_240' title='bbox 694 3159 871 3210; x_wconf 87' lang='lat' dir='ltr'><strong>omnia</strong></span> <span class='ocrx_word' id='word_1_241' title='bbox 922 3157 1160 3212; x_wconf 87' lang='lat' dir='ltr'><strong>dicentes</strong></span> <span class='ocrx_word' id='word_1_242' title='bbox 1221 3169 1452 3213; x_wconf 88' lang='lat' dir='ltr'><strong>mentem</strong></span> <span class='ocrx_word' id='word_1_243' title='bbox 1514 3160 1904 3216; x_wconf 83' lang='lat' dir='ltr'><strong>confundamus</strong></span> <span class='ocrx_word' id='word_1_244' title='bbox 1956 3177 2054 3217; x_wconf 83' lang='lat' dir='ltr'><strong>ve-</strong></span> 
     </span>
    </p>
   </div>
   <div class='ocr_carea' id='block_1_33' title="bbox 465 3246 2053 3321">
    <p class='ocr_par' dir='ltr' id='par_1_33' title="bbox 465 3246 2053 3321">
     <span class='ocr_line' id='line_1_33' title="bbox 465 3246 2053 3321; baseline 0.004 -22"><span class='ocrx_word' id='word_1_245' title='bbox 465 3254 650 3310; x_wconf 87' lang='lat' dir='ltr'><strong>stram,</strong></span> <span class='ocrx_word' id='word_1_246' title='bbox 697 3262 852 3299; x_wconf 90' lang='lat' dir='ltr'><strong>unam</strong></span> <span class='ocrx_word' id='word_1_247' title='bbox 885 3246 1034 3301; x_wconf 73' lang='lat' dir='ltr'><strong>vobis</strong></span> <span class='ocrx_word' id='word_1_248' title='bbox 1062 3247 1230 3316; x_wconf 80' lang='lat' dir='ltr'><strong>legem</strong></span> <span class='ocrx_word' id='word_1_249' title='bbox 1275 3249 1515 3316; x_wconf 89' lang='lat' dir='ltr'><strong>ponimus</strong></span> <span class='ocrx_word' id='word_1_250' title='bbox 1541 3249 1608 3304; x_wconf 90' lang='lat' dir='ltr'><strong>de</strong></span> <span class='ocrx_word' id='word_1_251' title='bbox 1650 3251 1882 3305; x_wconf 80' lang='lat' dir='ltr'><strong>vitandis</strong></span> <span class='ocrx_word' id='word_1_252' title='bbox 1904 3251 2053 3321; x_wconf 87' lang='lat' dir='ltr'><strong>jura-</strong></span> 
     </span>
    </p>
   </div>
   <div class='ocr_carea' id='block_1_34' title="bbox 468 3337 2050 3408">
    <p class='ocr_par' dir='ltr' id='par_1_34' title="bbox 468 3337 2050 3408">
     <span class='ocr_line' id='line_1_34' title="bbox 468 3337 2050 3408; baseline 0.003 -16"><span class='ocrx_word' id='word_1_253' title='bbox 468 3338 686 3402; x_wconf 87' lang='lat' dir='ltr'><strong>mentis,</strong></span> <span class='ocrx_word' id='word_1_254' title='bbox 719 3337 822 3391; x_wconf 90' lang='lat' dir='ltr'><strong>hoe</strong></span> <span class='ocrx_word' id='word_1_255' title='bbox 853 3338 1002 3392; x_wconf 89' lang='lat' dir='ltr'><strong>vobis</strong></span> <span class='ocrx_word' id='word_1_256' title='bbox 1031 3340 1451 3408; x_wconf 83' lang='lat' dir='ltr'><strong>praenuntiantes</strong></span> <span class='ocrx_word' id='word_1_257' title='bbox 1475 3350 1527 3394; x_wconf 89' lang='lat' dir='ltr'><strong>et</strong></span> <span class='ocrx_word' id='word_1_258' title='bbox 1552 3342 1842 3405; x_wconf 88' lang='lat' dir='ltr'><strong>edicentes,</strong></span> <span class='ocrx_word' id='word_1_259' title='bbox 1872 3344 1918 3397; x_wconf 91' lang='lat' dir='ltr'><strong>si</strong></span> <span class='ocrx_word' id='word_1_260' title='bbox 1947 3358 2050 3396; x_wconf 94' lang='lat' dir='ltr'><strong>non</strong></span> 
     </span>
    </p>
   </div>
   <div class='ocr_carea' id='block_1_35' title="bbox 472 3427 2054 3500">
    <p class='ocr_par' dir='ltr' id='par_1_35' title="bbox 472 3427 2054 3500">
     <span class='ocr_line' id='line_1_35' title="bbox 472 3427 2054 3500; baseline 0.003 -18"><span class='ocrx_word' id='word_1_261' title='bbox 472 3427 630 3482; x_wconf 90' lang='lat' dir='ltr'><strong>modo</strong></span> <span class='ocrx_word' id='word_1_262' title='bbox 677 3428 928 3497; x_wconf 84' lang='lat' dir='ltr'><strong>perjuria,</strong></span> <span class='ocrx_word' id='word_1_263' title='bbox 961 3429 1054 3482; x_wconf 92' lang='lat' dir='ltr'><strong>sed</strong></span> <span class='ocrx_word' id='word_1_264' title='bbox 1082 3430 1240 3483; x_wconf 89' lang='lat' dir='ltr'><strong>etiam</strong></span> <span class='ocrx_word' id='word_1_265' title='bbox 1264 3430 1567 3499; x_wconf 75' lang='lat' dir='ltr'><strong>juramento</strong></span> <span class='ocrx_word' id='word_1_266' title='bbox 1595 3431 1664 3485; x_wconf 92' lang='lat' dir='ltr'><strong>ob</strong></span> <span class='ocrx_word' id='word_1_267' title='bbox 1702 3432 1896 3500; x_wconf 83' lang='lat' dir='ltr'><strong>justam</strong></span> <span class='ocrx_word' id='word_1_268' title='bbox 1925 3448 2054 3487; x_wconf 84' lang='lat' dir='ltr'><strong>cau-</strong></span> 
     </span>
    </p>
   </div>
   <div class='ocr_carea' id='block_1_36' title="bbox 469 3518 2054 3592">
    <p class='ocr_par' dir='ltr' id='par_1_36' title="bbox 469 3518 2054 3592">
     <span class='ocr_line' id='line_1_36' title="bbox 469 3518 2054 3592; baseline 0.003 -20"><span class='ocrx_word' id='word_1_269' title='bbox 469 3534 583 3572; x_wconf 65' lang='lat' dir='ltr'><strong>iam</strong></span> <span class='ocrx_word' id='word_1_270' title='bbox 616 3518 836 3586; x_wconf 90' lang='lat' dir='ltr'><strong>prolata,</strong></span> <span class='ocrx_word' id='word_1_271' title='bbox 871 3533 976 3572; x_wconf 91' lang='lat' dir='ltr'><strong>non</strong></span> <span class='ocrx_word' id='word_1_272' title='bbox 1008 3520 1240 3587; x_wconf 82' lang='lat' dir='ltr'><strong>fugiatis,</strong></span> <span class='ocrx_word' id='word_1_273' title='bbox 1272 3537 1359 3575; x_wconf 91' lang='lat' dir='ltr'><strong>me</strong></span> <span class='ocrx_word' id='word_1_274' title='bbox 1387 3535 1492 3574; x_wconf 92' lang='lat' dir='ltr'><strong>non</strong></span> <span class='ocrx_word' id='word_1_275' title='bbox 1518 3522 1660 3576; x_wconf 85' lang='lat' dir='ltr'><strong>aliud</strong></span> <span class='ocrx_word' id='word_1_276' title='bbox 1686 3532 2054 3592; x_wconf 85' lang='lat' dir='ltr'><strong>argumentum</strong></span> 
     </span>
    </p>
   </div>
   <div class='ocr_carea' id='block_1_37' title="bbox 473 3609 2056 3677">
    <p class='ocr_par' dir='ltr' id='par_1_37' title="bbox 473 3609 2056 3677">
     <span class='ocr_line' id='line_1_37' title="bbox 473 3609 2056 3677; baseline 0.003 -14"><span class='ocrx_word' id='word_1_277' title='bbox 473 3618 840 3664; x_wconf 87' lang='lat' dir='ltr'><strong>tractaturum.</strong></span> <span class='ocrx_word' id='word_1_278' title='bbox 869 3609 999 3663; x_wconf 81' lang='lat' dir='ltr'><strong>Nam</strong></span> <span class='ocrx_word' id='word_1_279' title='bbox 1031 3610 1319 3664; x_wconf 88' lang='lat' dir='ltr'><strong>absurdum</strong></span> <span class='ocrx_word' id='word_1_280' title='bbox 1363 3621 1527 3677; x_wconf 92' lang='lat' dir='ltr'><strong>esset,</strong></span> <span class='ocrx_word' id='word_1_281' title='bbox 1557 3613 1622 3676; x_wconf 90' lang='lat' dir='ltr'><strong>si,</strong></span> <span class='ocrx_word' id='word_1_282' title='bbox 1654 3613 1781 3667; x_wconf 90' lang='lat' dir='ltr'><strong>dum</strong></span> <span class='ocrx_word' id='word_1_283' title='bbox 1831 3615 2056 3668; x_wconf 87' lang='lat' dir='ltr'><strong>ludiuia-</strong></span> 
     </span>
    </p>
   </div>
   <div class='ocr_carea' id='block_1_38' title="bbox 471 3702 2058 3772">
    <p class='ocr_par' dir='ltr' id='par_1_38' title="bbox 471 3702 2058 3772">
     <span class='ocr_line' id='line_1_38' title="bbox 471 3702 2058 3772; baseline 0.003 -19"><span class='ocrx_word' id='word_1_284' title='bbox 471 3702 618 3770; x_wconf 86' lang='lat' dir='ltr'><strong>gistri</strong></span> <span class='ocrx_word' id='word_1_285' title='bbox 668 3715 772 3754; x_wconf 89' lang='lat' dir='ltr'><strong>non</strong></span> <span class='ocrx_word' id='word_1_286' title='bbox 824 3702 954 3754; x_wconf 88' lang='lat' dir='ltr'><strong>alias</strong></span> <span class='ocrx_word' id='word_1_287' title='bbox 1011 3703 1188 3769; x_wconf 89' lang='lat' dir='ltr'><strong>pueris</strong></span> <span class='ocrx_word' id='word_1_288' title='bbox 1244 3702 1463 3756; x_wconf 83' lang='lat' dir='ltr'><strong>tradunt</strong></span> <span class='ocrx_word' id='word_1_289' title='bbox 1512 3704 1842 3772; x_wconf 77' lang='lat' dir='ltr'><strong>disciplinas,</strong></span> <span class='ocrx_word' id='word_1_290' title='bbox 1889 3705 2058 3759; x_wconf 83' lang='lat' dir='ltr'><strong>donec</strong></span> 
     </span>
    </p>
   </div>
   <div class='ocr_carea' id='block_1_39' title="bbox 471 3794 2060 3866">
    <p class='ocr_par' dir='ltr' id='par_1_39' title="bbox 471 3794 2060 3866">
     <span class='ocr_line' id='line_1_39' title="bbox 471 3794 2060 3866; baseline 0.004 -22"><span class='ocrx_word' id='word_1_291' title='bbox 471 3795 684 3846; x_wconf 76' lang='lat' dir='ltr'><strong>viileant</strong></span> <span class='ocrx_word' id='word_1_292' title='bbox 731 3794 960 3862; x_wconf 88' lang='lat' dir='ltr'><strong>priorem</strong></span> <span class='ocrx_word' id='word_1_293' title='bbox 1003 3794 1056 3847; x_wconf 92' lang='lat' dir='ltr'><strong>in</strong></span> <span class='ocrx_word' id='word_1_294' title='bbox 1109 3794 1344 3862; x_wconf 81' lang='lat' dir='ltr'><strong>ipsorum</strong></span> <span class='ocrx_word' id='word_1_295' title='bbox 1393 3796 1652 3850; x_wconf 83' lang='lat' dir='ltr'><strong>memoria</strong></span> <span class='ocrx_word' id='word_1_296' title='bbox 1702 3797 1925 3866; x_wconf 85' lang='lat' dir='ltr'><strong>pulchre</strong></span> <span class='ocrx_word' id='word_1_297' title='bbox 1953 3797 2060 3850; x_wconf 75' lang='lat' dir='ltr'><strong>hie-</strong></span> 
     </span>
    </p>
   </div>
   <div class='ocr_carea' id='block_1_40' title="bbox 475 3883 2062 3952">
    <p class='ocr_par' dir='ltr' id='par_1_40' title="bbox 475 3883 2062 3952">
     <span class='ocr_line' id='line_1_40' title="bbox 475 3883 2062 3952; baseline 0.004 -16"><span class='ocrx_word' id='word_1_298' title='bbox 475 3897 618 3948; x_wconf 91' lang='lat' dir='ltr'><strong>rere,</strong></span> <span class='ocrx_word' id='word_1_299' title='bbox 647 3897 744 3937; x_wconf 91' lang='lat' dir='ltr'><strong>nos</strong></span> <span class='ocrx_word' id='word_1_300' title='bbox 789 3899 908 3937; x_wconf 88' lang='lat' dir='ltr'><strong>eum</strong></span> <span class='ocrx_word' id='word_1_301' title='bbox 941 3883 1145 3951; x_wconf 86' lang='lat' dir='ltr'><strong>priores</strong></span> <span class='ocrx_word' id='word_1_302' title='bbox 1192 3883 1502 3952; x_wconf 87' lang='lat' dir='ltr'><strong>disciplinas</strong></span> <span class='ocrx_word' id='word_1_303' title='bbox 1529 3885 1764 3940; x_wconf 92' lang='lat' dir='ltr'><strong>nondum</strong></span> <span class='ocrx_word' id='word_1_304' title='bbox 1795 3888 2062 3942; x_wconf 87' lang='lat' dir='ltr'><strong>inculcare</strong></span> 
     </span>
    </p>
   </div>
   <div class='ocr_carea' id='block_1_41' title="bbox 479 3972 2061 4043">
    <p class='ocr_par' dir='ltr' id='par_1_41' title="bbox 479 3972 2061 4043">
     <span class='ocr_line' id='line_1_41' title="bbox 479 3972 2061 4043; baseline 0.003 -17"><span class='ocrx_word' id='word_1_305' title='bbox 479 3972 822 4041; x_wconf 69' lang='lat' dir='ltr'><strong>potuerimus,</strong></span> <span class='ocrx_word' id='word_1_306' title='bbox 853 3975 1050 4028; x_wconf 88' lang='lat' dir='ltr'><strong>alteras</strong></span> <span class='ocrx_word' id='word_1_307' title='bbox 1089 3973 1266 4028; x_wconf 89' lang='lat' dir='ltr'><strong>denuo</strong></span> <span class='ocrx_word' id='word_1_308' title='bbox 1295 3975 1596 4043; x_wconf 86' lang='lat' dir='ltr'><strong>ingeramus</strong></span> <span class='ocrx_word' id='word_1_309' title='bbox 1629 3991 1641 4026; x_wconf 93' lang='lat'><strong>:</strong></span> <span class='ocrx_word' id='word_1_310' title='bbox 1673 3975 1724 4029; x_wconf 93' lang='lat' dir='ltr'><strong>id</strong></span> <span class='ocrx_word' id='word_1_311' title='bbox 1755 3976 1897 4030; x_wconf 91' lang='lat' dir='ltr'><strong>enim</strong></span> <span class='ocrx_word' id='word_1_312' title='bbox 1929 3977 2061 4032; x_wconf 88' lang='lat' dir='ltr'><strong>nihil</strong></span> 
     </span>
    </p>
   </div>
   <div class='ocr_carea' id='block_1_42' title="bbox 476 4061 2063 4134">
    <p class='ocr_par' dir='ltr' id='par_1_42' title="bbox 476 4061 2063 4134">
     <span class='ocr_line' id='line_1_42' title="bbox 476 4061 2063 4134; baseline 0.003 -18"><span class='ocrx_word' id='word_1_313' title='bbox 476 4061 615 4116; x_wconf 89' lang='lat' dir='ltr'><strong>aliud</strong></span> <span class='ocrx_word' id='word_1_314' title='bbox 643 4071 781 4117; x_wconf 89' lang='lat' dir='ltr'><strong>esset</strong></span> <span class='ocrx_word' id='word_1_315' title='bbox 807 4078 965 4132; x_wconf 92' lang='lat' dir='ltr'><strong>quam</strong></span> <span class='ocrx_word' id='word_1_316' title='bbox 998 4065 1051 4118; x_wconf 91' lang='lat' dir='ltr'><strong>in</strong></span> <span class='ocrx_word' id='word_1_317' title='bbox 1095 4074 1311 4133; x_wconf 87' lang='lat' dir='ltr'><strong>pertuso</strong></span> <span class='ocrx_word' id='word_1_318' title='bbox 1340 4064 1482 4119; x_wconf 93' lang='lat' dir='ltr'><strong>dolio</strong></span> <span class='ocrx_word' id='word_1_319' title='bbox 1529 4064 1758 4118; x_wconf 90' lang='lat' dir='ltr'><strong>haurire.</strong></span> <span class='ocrx_word' id='word_1_320' title='bbox 1788 4065 1864 4120; x_wconf 87' lang='lat' dir='ltr'><strong>Ne</strong></span> <span class='ocrx_word' id='word_1_321' title='bbox 1904 4067 2063 4134; x_wconf 89' lang='lat' dir='ltr'><strong>igitur</strong></span> 
     </span>
    </p>
   </div>
   <div class='ocr_carea' id='block_1_43' title="bbox 479 4153 2058 4223">
    <p class='ocr_par' dir='ltr' id='par_1_43' title="bbox 479 4153 2058 4223">
     <span class='ocr_line' id='line_1_43' title="bbox 479 4153 2058 4223; baseline 0.001 -17"><span class='ocrx_word' id='word_1_322' title='bbox 479 4171 538 4207; x_wconf 86' lang='lat' dir='ltr'><strong>os</strong></span> <span class='ocrx_word' id='word_1_323' title='bbox 563 4154 713 4208; x_wconf 89' lang='lat' dir='ltr'><strong>nobis</strong></span> <span class='ocrx_word' id='word_1_324' title='bbox 750 4153 1028 4219; x_wconf 88' lang='lat' dir='ltr'><strong>claudatis,</strong></span> <span class='ocrx_word' id='word_1_325' title='bbox 1062 4169 1308 4223; x_wconf 85' lang='lat' dir='ltr'><strong>magnam</strong></span> <span class='ocrx_word' id='word_1_326' title='bbox 1359 4154 1433 4208; x_wconf 93' lang='lat' dir='ltr'><strong>rei</strong></span> <span class='ocrx_word' id='word_1_327' title='bbox 1463 4168 1646 4208; x_wconf 88' lang='lat' dir='ltr'><strong>curam</strong></span> <span class='ocrx_word' id='word_1_328' title='bbox 1688 4154 1896 4209; x_wconf 85' lang='lat' dir='ltr'><strong>habete.</strong></span> <span class='ocrx_word' id='word_1_329' title='bbox 1928 4155 2058 4208; x_wconf 83' lang='lat' dir='ltr'><strong>Nam</strong></span> 
     </span>
    </p>
   </div>
   <div class='ocr_carea' id='block_1_44' title="bbox 479 4243 2062 4314">
    <p class='ocr_par' dir='ltr' id='par_1_44' title="bbox 479 4243 2062 4314">
     <span class='ocr_line' id='line_1_44' title="bbox 479 4243 2062 4314; baseline 0.002 -18"><span class='ocrx_word' id='word_1_330' title='bbox 479 4258 638 4312; x_wconf 85' lang='lat' dir='ltr'><strong>grave</strong></span> <span class='ocrx_word' id='word_1_331' title='bbox 684 4251 951 4312; x_wconf 88' lang='lat' dir='ltr'><strong>peccatum</strong></span> <span class='ocrx_word' id='word_1_332' title='bbox 1001 4250 1120 4308; x_wconf 88' lang='lat' dir='ltr'><strong>est,</strong></span> <span class='ocrx_word' id='word_1_333' title='bbox 1161 4243 1555 4314; x_wconf 90' lang='lat' dir='ltr'><strong>admodumque</strong></span> <span class='ocrx_word' id='word_1_334' title='bbox 1603 4259 1804 4314; x_wconf 86' lang='lat' dir='ltr'><strong>grave:</strong></span> <span class='ocrx_word' id='word_1_335' title='bbox 1838 4245 2062 4313; x_wconf 88' lang='lat' dir='ltr'><strong>ideoque</strong></span> 
     </span>
    </p>
   </div>
   <div class='ocr_carea' id='block_1_45' title="bbox 480 4336 2062 4405">
    <p class='ocr_par' dir='ltr' id='par_1_45' title="bbox 480 4336 2062 4405">
     <span class='ocr_line' id='line_1_45' title="bbox 480 4336 2062 4405; baseline 0.001 -16"><span class='ocrx_word' id='word_1_336' title='bbox 480 4336 764 4390; x_wconf 90' lang='lat' dir='ltr'><strong>admodum</strong></span> <span class='ocrx_word' id='word_1_337' title='bbox 793 4350 973 4405; x_wconf 85' lang='lat' dir='ltr'><strong>grave,</strong></span> <span class='ocrx_word' id='word_1_338' title='bbox 1005 4336 1126 4404; x_wconf 88' lang='lat' dir='ltr'><strong>quia</strong></span> <span class='ocrx_word' id='word_1_339' title='bbox 1157 4350 1260 4390; x_wconf 91' lang='lat' dir='ltr'><strong>non</strong></span> <span class='ocrx_word' id='word_1_340' title='bbox 1309 4337 1518 4390; x_wconf 86' lang='lat' dir='ltr'><strong>videtur</strong></span> <span class='ocrx_word' id='word_1_341' title='bbox 1539 4352 1700 4405; x_wconf 87' lang='lat' dir='ltr'><strong>grave</strong></span> <span class='ocrx_word' id='word_1_342' title='bbox 1725 4351 1843 4392; x_wconf 91' lang='lat' dir='ltr'><strong>esse</strong></span> <span class='ocrx_word' id='word_1_343' title='bbox 1875 4353 1890 4391; x_wconf 88' lang='lat'>:</span> <span class='ocrx_word' id='word_1_344' title='bbox 1918 4337 2062 4390; x_wconf 89' lang='lat' dir='ltr'><strong>ideo-</strong></span> 
     </span>
    </p>
   </div>
   <div class='ocr_carea' id='block_1_46' title="bbox 483 4425 2062 4495">
    <p class='ocr_par' dir='ltr' id='par_1_46' title="bbox 483 4425 2062 4495">
     <span class='ocr_line' id='line_1_46' title="bbox 483 4425 2062 4495; baseline 0.002 -18"><span class='ocrx_word' id='word_1_345' title='bbox 483 4442 588 4495; x_wconf 87' lang='lat' dir='ltr'><strong>que</strong></span> <span class='ocrx_word' id='word_1_346' title='bbox 616 4428 785 4494; x_wconf 92' lang='lat' dir='ltr'><strong>ipsum</strong></span> <span class='ocrx_word' id='word_1_347' title='bbox 811 4425 1056 4490; x_wconf 87' lang='lat' dir='ltr'><strong>formido,</strong></span> <span class='ocrx_word' id='word_1_348' title='bbox 1088 4425 1210 4494; x_wconf 91' lang='lat' dir='ltr'><strong>quia</strong></span> <span class='ocrx_word' id='word_1_349' title='bbox 1240 4440 1399 4480; x_wconf 89' lang='lat' dir='ltr'><strong>nemo</strong></span> <span class='ocrx_word' id='word_1_350' title='bbox 1439 4425 1688 4481; x_wconf 78' lang='lat' dir='ltr'><strong>formidat</strong></span> <span class='ocrx_word' id='word_1_351' title='bbox 1721 4445 1734 4481; x_wconf 93' lang='lat'><strong>:</strong></span> <span class='ocrx_word' id='word_1_352' title='bbox 1766 4427 1885 4481; x_wconf 89' lang='lat' dir='ltr'><strong>ideo</strong></span> <span class='ocrx_word' id='word_1_353' title='bbox 1913 4428 2062 4481; x_wconf 86' lang='lat' dir='ltr'><strong>inen-</strong></span> 
     </span>
    </p>
   </div>
   <div class='ocr_carea' id='block_1_47' title="bbox 480 4518 2065 4587">
    <p class='ocr_par' dir='ltr' id='par_1_47' title="bbox 480 4518 2065 4587">
     <span class='ocr_line' id='line_1_47' title="bbox 480 4518 2065 4587; baseline 0.003 -17"><span class='ocrx_word' id='word_1_354' title='bbox 480 4518 662 4572; x_wconf 83' lang='lat' dir='ltr'><strong>rabilis</strong></span> <span class='ocrx_word' id='word_1_355' title='bbox 711 4519 947 4586; x_wconf 87' lang='lat' dir='ltr'><strong>morbus,</strong></span> <span class='ocrx_word' id='word_1_356' title='bbox 987 4520 1106 4587; x_wconf 90' lang='lat' dir='ltr'><strong>quia</strong></span> <span class='ocrx_word' id='word_1_357' title='bbox 1150 4519 1366 4572; x_wconf 86' lang='lat' dir='ltr'><strong>morbus</strong></span> <span class='ocrx_word' id='word_1_358' title='bbox 1411 4533 1516 4572; x_wconf 91' lang='lat' dir='ltr'><strong>non</strong></span> <span class='ocrx_word' id='word_1_359' title='bbox 1544 4533 1662 4574; x_wconf 82' lang='lat' dir='ltr'><strong>esse</strong></span> <span class='ocrx_word' id='word_1_360' title='bbox 1693 4519 1938 4584; x_wconf 88' lang='lat' dir='ltr'><strong>videtur;</strong></span> <span class='ocrx_word' id='word_1_361' title='bbox 1971 4519 2065 4575; x_wconf 91' lang='lat' dir='ltr'><strong>sed</strong></span> 
     </span>
    </p>
   </div>
   <div class='ocr_carea' id='block_1_48' title="bbox 478 4609 2068 4678">
    <p class='ocr_par' dir='ltr' id='par_1_48' title="bbox 478 4609 2068 4678">
     <span class='ocr_line' id='line_1_48' title="bbox 478 4609 2068 4678; baseline 0.004 -19"><span class='ocrx_word' id='word_1_362' title='bbox 478 4610 925 4675; x_wconf 86' lang='lat' dir='ltr'><strong>quemadmodum</strong></span> <span class='ocrx_word' id='word_1_363' title='bbox 955 4625 1131 4665; x_wconf 90' lang='lat' dir='ltr'><strong>sermo</strong></span> <span class='ocrx_word' id='word_1_364' title='bbox 1159 4609 1384 4678; x_wconf 81' lang='lat' dir='ltr'><strong>simplex</strong></span> <span class='ocrx_word' id='word_1_365' title='bbox 1420 4609 1622 4663; x_wconf 84' lang='lat' dir='ltr'><strong>crimen</strong></span> <span class='ocrx_word' id='word_1_366' title='bbox 1650 4623 1756 4663; x_wconf 92' lang='lat' dir='ltr'><strong>non</strong></span> <span class='ocrx_word' id='word_1_367' title='bbox 1783 4619 1881 4674; x_wconf 87' lang='lat' dir='ltr'><strong>est,</strong></span> <span class='ocrx_word' id='word_1_368' title='bbox 1918 4611 1984 4664; x_wconf 90' lang='lat' dir='ltr'><strong>ita</strong></span> <span class='ocrx_word' id='word_1_369' title='bbox 2013 4619 2068 4665; x_wconf 91' lang='lat' dir='ltr'><strong>et</strong></span> 
     </span>
    </p>
   </div>
   <div class='ocr_carea' id='block_1_49' title="bbox 481 4697 2066 4764">
    <p class='ocr_par' dir='ltr' id='par_1_49' title="bbox 481 4697 2066 4764">
     <span class='ocr_line' id='line_1_49' title="bbox 481 4697 2066 4764; baseline 0.006 -16"><span class='ocrx_word' id='word_1_370' title='bbox 481 4697 586 4751; x_wconf 94' lang='lat' dir='ltr'><strong>hoc</strong></span> <span class='ocrx_word' id='word_1_371' title='bbox 629 4701 832 4755; x_wconf 89' lang='lat' dir='ltr'><strong>crimen</strong></span> <span class='ocrx_word' id='word_1_372' title='bbox 875 4717 996 4757; x_wconf 90' lang='lat' dir='ltr'><strong>esse</strong></span> <span class='ocrx_word' id='word_1_373' title='bbox 1043 4716 1148 4756; x_wconf 90' lang='lat' dir='ltr'><strong>non</strong></span> <span class='ocrx_word' id='word_1_374' title='bbox 1199 4699 1429 4764; x_wconf 86' lang='lat' dir='ltr'><strong>videtur,</strong></span> <span class='ocrx_word' id='word_1_375' title='bbox 1456 4699 1548 4756; x_wconf 88' lang='lat' dir='ltr'><strong>sed</strong></span> <span class='ocrx_word' id='word_1_376' title='bbox 1597 4701 1928 4756; x_wconf 81' lang='lat' dir='ltr'><strong>confidenter</strong></span> <span class='ocrx_word' id='word_1_377' title='bbox 1967 4705 2066 4758; x_wconf 91' lang='lat' dir='ltr'><strong>hoc</strong></span> 
     </span>
    </p>
   </div>
   <div class='ocr_carea' id='block_1_50' title="bbox 482 4785 2064 4863">
    <p class='ocr_par' dir='ltr' id='par_1_50' title="bbox 482 4785 2064 4863">
     <span class='ocr_line' id='line_1_50' title="bbox 482 4785 2064 4863; baseline 0.006 -24"><span class='ocrx_word' id='word_1_378' title='bbox 482 4785 686 4842; x_wconf 73' lang='lat' dir='ltr'><strong>facinus</strong></span> <span class='ocrx_word' id='word_1_379' title='bbox 732 4789 1072 4856; x_wconf 87' lang='lat' dir='ltr'><strong>admittitur;</strong></span> <span class='ocrx_word' id='word_1_380' title='bbox 1105 4793 1149 4846; x_wconf 90' lang='lat' dir='ltr'><strong>si</strong></span> <span class='ocrx_word' id='word_1_381' title='bbox 1197 4792 1316 4863; x_wconf 91' lang='lat' dir='ltr'><strong>quis</strong></span> <span class='ocrx_word' id='word_1_382' title='bbox 1362 4807 1491 4847; x_wconf 87' lang='lat' dir='ltr'><strong>vero</strong></span> <span class='ocrx_word' id='word_1_383' title='bbox 1533 4791 1834 4861; x_wconf 85' lang='lat' dir='ltr'><strong>redarguat,</strong></span> <span class='ocrx_word' id='word_1_384' title='bbox 1885 4795 2064 4848; x_wconf 78' lang='lat' dir='ltr'><strong>statim</strong></span> 
     </span>
    </p>
   </div>
   <div class='ocr_carea' id='block_1_51' title="bbox 481 4878 2068 4954">
    <p class='ocr_par' dir='ltr' id='par_1_51' title="bbox 481 4878 2068 4954">
     <span class='ocr_line' id='line_1_51' title="bbox 481 4878 2068 4954; baseline 0.005 -24"><span class='ocrx_word' id='word_1_385' title='bbox 481 4878 622 4930; x_wconf 80' lang='lat' dir='ltr'><strong>risus</strong></span> <span class='ocrx_word' id='word_1_386' title='bbox 649 4888 702 4932; x_wconf 89' lang='lat' dir='ltr'><strong>et</strong></span> <span class='ocrx_word' id='word_1_387' title='bbox 728 4879 972 4933; x_wconf 88' lang='lat' dir='ltr'><strong>cachinni</strong></span> <span class='ocrx_word' id='word_1_388' title='bbox 1004 4883 1232 4949; x_wconf 77' lang='lat' dir='ltr'><strong>profusi,</strong></span> <span class='ocrx_word' id='word_1_389' title='bbox 1277 4899 1382 4938; x_wconf 91' lang='lat' dir='ltr'><strong>non</strong></span> <span class='ocrx_word' id='word_1_390' title='bbox 1423 4885 1674 4938; x_wconf 86' lang='lat' dir='ltr'><strong>adversus</strong></span> <span class='ocrx_word' id='word_1_391' title='bbox 1717 4897 1830 4948; x_wconf 90' lang='lat' dir='ltr'><strong>eos,</strong></span> <span class='ocrx_word' id='word_1_392' title='bbox 1861 4885 1950 4954; x_wconf 92' lang='lat' dir='ltr'><strong>qui</strong></span> <span class='ocrx_word' id='word_1_393' title='bbox 1979 4885 2068 4954; x_wconf 87' lang='lat' dir='ltr'><strong>jn-</strong></span> 
     </span>
    </p>
   </div>
   <div class='ocr_carea' id='block_1_52' title="bbox 487 4971 2064 5046">
    <p class='ocr_par' dir='ltr' id='par_1_52' title="bbox 487 4971 2064 5046">
     <span class='ocr_line' id='line_1_52' title="bbox 487 4971 2064 5046; baseline 0.007 -25"><span class='ocrx_word' id='word_1_394' title='bbox 487 4980 720 5024; x_wconf 85' lang='lat' dir='ltr'><strong>rainenta</strong></span> <span class='ocrx_word' id='word_1_395' title='bbox 748 4971 1090 5041; x_wconf 88' lang='lat' dir='ltr'><strong>redarguunt,</strong></span> <span class='ocrx_word' id='word_1_396' title='bbox 1122 4975 1215 5027; x_wconf 81' lang='lat' dir='ltr'><strong>scil</strong></span> <span class='ocrx_word' id='word_1_397' title='bbox 1258 4977 1516 5031; x_wconf 90' lang='lat' dir='ltr'><strong>adversus</strong></span> <span class='ocrx_word' id='word_1_398' title='bbox 1543 4992 1655 5043; x_wconf 92' lang='lat' dir='ltr'><strong>eos,</strong></span> <span class='ocrx_word' id='word_1_399' title='bbox 1700 4977 1787 5046; x_wconf 91' lang='lat' dir='ltr'><strong>qui</strong></span> <span class='ocrx_word' id='word_1_400' title='bbox 1820 4978 2064 5032; x_wconf 86' lang='lat' dir='ltr'><strong>morbum</strong></span> 
     </span>
    </p>
   </div>
   <div class='ocr_carea' id='block_1_53' title="bbox 483 5061 2064 5134">
    <p class='ocr_par' dir='ltr' id='par_1_53' title="bbox 483 5061 2064 5134">
     <span class='ocr_line' id='line_1_53' title="bbox 483 5061 2064 5134; baseline 0.003 -16"><span class='ocrx_word' id='word_1_401' title='bbox 483 5077 674 5118; x_wconf 89' lang='lat' dir='ltr'><strong>curare</strong></span> <span class='ocrx_word' id='word_1_402' title='bbox 714 5062 918 5118; x_wconf 87' lang='lat' dir='ltr'><strong>volunt.</strong></span> <span class='ocrx_word' id='word_1_403' title='bbox 973 5061 1098 5118; x_wconf 88' lang='lat' dir='ltr'><strong>Ideo</strong></span> <span class='ocrx_word' id='word_1_404' title='bbox 1146 5065 1361 5134; x_wconf 89' lang='lat' dir='ltr'><strong>longum</strong></span> <span class='ocrx_word' id='word_1_405' title='bbox 1408 5068 1506 5122; x_wconf 89' lang='lat' dir='ltr'><strong>hac</strong></span> <span class='ocrx_word' id='word_1_406' title='bbox 1547 5075 1614 5124; x_wconf 89' lang='lat' dir='ltr'><strong>de</strong></span> <span class='ocrx_word' id='word_1_407' title='bbox 1655 5083 1712 5123; x_wconf 90' lang='lat' dir='ltr'><strong>re</strong></span> <span class='ocrx_word' id='word_1_408' title='bbox 1763 5082 2064 5123; x_wconf 88' lang='lat' dir='ltr'><strong>sermonem</strong></span> 
     </span>
    </p>
   </div>
   <div class='ocr_carea' id='block_1_54' title="bbox 488 5152 2067 5229">
    <p class='ocr_par' dir='ltr' id='par_1_54' title="bbox 488 5152 2067 5229">
     <span class='ocr_line' id='line_1_54' title="bbox 488 5152 2067 5229; baseline 0.004 -23"><span class='ocrx_word' id='word_1_409' title='bbox 488 5153 658 5207; x_wconf 90' lang='lat' dir='ltr'><strong>habeo</strong></span> <span class='ocrx_word' id='word_1_410' title='bbox 692 5152 892 5207; x_wconf 90' lang='lat' dir='ltr'><strong>:altam</strong></span> <span class='ocrx_word' id='word_1_411' title='bbox 919 5154 1060 5208; x_wconf 91' lang='lat' dir='ltr'><strong>enini</strong></span> <span class='ocrx_word' id='word_1_412' title='bbox 1104 5153 1336 5209; x_wconf 85' lang='lat' dir='ltr'><strong>radicem</strong></span> <span class='ocrx_word' id='word_1_413' title='bbox 1386 5159 1617 5213; x_wconf 75' lang='lat' dir='ltr'><strong>evellere</strong></span> <span class='ocrx_word' id='word_1_414' title='bbox 1662 5159 1836 5229; x_wconf 91' lang='lat' dir='ltr'><strong>cupio,</strong></span> <span class='ocrx_word' id='word_1_415' title='bbox 1867 5167 1920 5212; x_wconf 89' lang='lat' dir='ltr'><strong>et</strong></span> <span class='ocrx_word' id='word_1_416' title='bbox 1947 5159 2067 5212; x_wconf 90' lang='lat' dir='ltr'><strong>diu-</strong></span> 
     </span>
    </p>
   </div>
   <div class='ocr_carea' id='block_1_55' title="bbox 489 5241 2066 5315">
    <p class='ocr_par' dir='ltr' id='par_1_55' title="bbox 489 5241 2066 5315">
     <span class='ocr_line' id='line_1_55' title="bbox 489 5241 2066 5315; baseline 0.004 -17"><span class='ocrx_word' id='word_1_417' title='bbox 489 5255 697 5298; x_wconf 90' lang='lat' dir='ltr'><strong>turnum</strong></span> <span class='ocrx_word' id='word_1_418' title='bbox 727 5241 909 5299; x_wconf 91' lang='lat' dir='ltr'><strong>delere</strong></span> <span class='ocrx_word' id='word_1_419' title='bbox 953 5244 1185 5311; x_wconf 89' lang='lat' dir='ltr'><strong>malum;</strong></span> <span class='ocrx_word' id='word_1_420' title='bbox 1215 5261 1318 5299; x_wconf 91' lang='lat' dir='ltr'><strong>non</strong></span> <span class='ocrx_word' id='word_1_421' title='bbox 1350 5247 1581 5315; x_wconf 89' lang='lat' dir='ltr'><strong>perjuria</strong></span> <span class='ocrx_word' id='word_1_422' title='bbox 1611 5250 1781 5305; x_wconf 90' lang='lat' dir='ltr'><strong>solum</strong></span> <span class='ocrx_word' id='word_1_423' title='bbox 1805 5250 1944 5315; x_wconf 89' lang='lat' dir='ltr'><strong>dico,</strong></span> <span class='ocrx_word' id='word_1_424' title='bbox 1973 5248 2066 5304; x_wconf 90' lang='lat' dir='ltr'><strong>sed</strong></span> 
     </span>
    </p>
   </div>
   <div class='ocr_carea' id='block_1_56' title="bbox 486 5333 2070 5406">
    <p class='ocr_par' dir='ltr' id='par_1_56' title="bbox 486 5333 2070 5406">
     <span class='ocr_line' id='line_1_56' title="bbox 486 5333 2070 5406; baseline 0 -14"><span class='ocrx_word' id='word_1_425' title='bbox 486 5344 541 5392; x_wconf 87' lang='lat' dir='ltr'><strong>et</strong></span> <span class='ocrx_word' id='word_1_426' title='bbox 589 5335 884 5404; x_wconf 71' lang='lat' dir='ltr'><strong>iuramenta</strong></span> <span class='ocrx_word' id='word_1_427' title='bbox 931 5333 1075 5403; x_wconf 89' lang='lat' dir='ltr'><strong>juste</strong></span> <span class='ocrx_word' id='word_1_428' title='bbox 1121 5337 1346 5406; x_wconf 88' lang='lat' dir='ltr'><strong>prolata.</strong></span> <span class='ocrx_word' id='word_1_429' title='bbox 1400 5339 1489 5400; x_wconf 82' lang='lat' dir='ltr'><strong>At,</strong></span> <span class='ocrx_word' id='word_1_430' title='bbox 1520 5336 1746 5406; x_wconf 90' lang='lat' dir='ltr'><strong>inquies,</strong></span> <span class='ocrx_word' id='word_1_431' title='bbox 1798 5340 1884 5394; x_wconf 89' lang='lat' dir='ltr'><strong>ille</strong></span> <span class='ocrx_word' id='word_1_432' title='bbox 1910 5338 2070 5393; x_wconf 93' lang='lat' dir='ltr'><strong>homo</strong></span> 
     </span>
    </p>
   </div>
   <div class='ocr_carea' id='block_1_57' title="bbox 492 5427 2071 5503">
    <p class='ocr_par' dir='ltr' id='par_1_57' title="bbox 492 5427 2071 5503">
     <span class='ocr_line' id='line_1_57' title="bbox 492 5427 2071 5503; baseline 0.003 -19"><span class='ocrx_word' id='word_1_433' title='bbox 492 5427 780 5489; x_wconf 89' lang='lat' dir='ltr'><strong>modestus,</strong></span> <span class='ocrx_word' id='word_1_434' title='bbox 825 5427 1178 5483; x_wconf 84' lang='lat' dir='ltr'><strong>sacerdOtium</strong></span> <span class='ocrx_word' id='word_1_435' title='bbox 1223 5443 1436 5499; x_wconf 92' lang='lat' dir='ltr'><strong>gerens,</strong></span> <span class='ocrx_word' id='word_1_436' title='bbox 1485 5429 1568 5498; x_wconf 88' lang='lat' dir='ltr'><strong>pie</strong></span> <span class='ocrx_word' id='word_1_437' title='bbox 1609 5441 2071 5503; x_wconf 80' lang='lat' dir='ltr'><strong>temperanterque</strong></span> 
     </span>
    </p>
   </div>
   <div class='ocr_carea' id='block_1_58' title="bbox 495 5518 2074 5588">
    <p class='ocr_par' dir='ltr' id='par_1_58' title="bbox 495 5518 2074 5588">
     <span class='ocr_line' id='line_1_58' title="bbox 495 5518 2074 5588; baseline 0.001 -12"><span class='ocrx_word' id='word_1_438' title='bbox 495 5522 698 5582; x_wconf 72' lang='lat' dir='ltr'><strong>vivens,</strong></span> <span class='ocrx_word' id='word_1_439' title='bbox 734 5518 881 5588; x_wconf 82' lang='lat' dir='ltr'><strong>&#39;jurat</strong></span> <span class='ocrx_word' id='word_1_440' title='bbox 923 5526 1118 5573; x_wconf 88' lang='lat' dir='ltr'><strong>tamen.</strong></span> <span class='ocrx_word' id='word_1_441' title='bbox 1163 5519 1241 5575; x_wconf 85' lang='lat' dir='ltr'><strong>Ne</strong></span> <span class='ocrx_word' id='word_1_442' title='bbox 1268 5520 1395 5574; x_wconf 91' lang='lat' dir='ltr'><strong>mihi</strong></span> <span class='ocrx_word' id='word_1_443' title='bbox 1425 5519 1720 5574; x_wconf 89' lang='lat' dir='ltr'><strong>modestum</strong></span> <span class='ocrx_word' id='word_1_444' title='bbox 1752 5523 1898 5578; x_wconf 91' lang='lat' dir='ltr'><strong>illum</strong></span> <span class='ocrx_word' id='word_1_445' title='bbox 1943 5524 2074 5579; x_wconf 80' lang='lat' dir='ltr'><strong>alle-</strong></span> 
     </span>
    </p>
   </div>
   <div class='ocr_carea' id='block_1_59' title="bbox 492 5612 2068 5684">
    <p class='ocr_par' dir='ltr' id='par_1_59' title="bbox 492 5612 2068 5684">
     <span class='ocr_line' id='line_1_59' title="bbox 492 5612 2068 5684; baseline 0.003 -18"><span class='ocrx_word' id='word_1_446' title='bbox 492 5628 607 5682; x_wconf 88' lang='lat' dir='ltr'><strong>ges,</strong></span> <span class='ocrx_word' id='word_1_447' title='bbox 655 5619 1056 5680; x_wconf 88' lang='lat' dir='ltr'><strong>temperantem,</strong></span> <span class='ocrx_word' id='word_1_448' title='bbox 1092 5612 1258 5680; x_wconf 89' lang='lat' dir='ltr'><strong>pium,</strong></span> <span class='ocrx_word' id='word_1_449' title='bbox 1309 5615 1362 5668; x_wconf 94' lang='lat' dir='ltr'><strong>in</strong></span> <span class='ocrx_word' id='word_1_450' title='bbox 1406 5614 1703 5668; x_wconf 87' lang='lat' dir='ltr'><strong>sacerdotio</strong></span> <span class='ocrx_word' id='word_1_451' title='bbox 1751 5614 2068 5684; x_wconf 81' lang='lat' dir='ltr'><strong>degentem:</strong></span> 
     </span>
    </p>
   </div>
   <div class='ocr_carea' id='block_1_60' title="bbox 490 5701 2076 5774">
    <p class='ocr_par' dir='ltr' id='par_1_60' title="bbox 490 5701 2076 5774">
     <span class='ocr_line' id='line_1_60' title="bbox 490 5701 2076 5774; baseline 0.003 -16"><span class='ocrx_word' id='word_1_452' title='bbox 490 5703 588 5760; x_wconf 81' lang='lat' dir='ltr'><strong>sed</strong></span> <span class='ocrx_word' id='word_1_453' title='bbox 628 5703 674 5757; x_wconf 89' lang='lat' dir='ltr'><strong>si</strong></span> <span class='ocrx_word' id='word_1_454' title='bbox 700 5702 778 5756; x_wconf 89' lang='lat' dir='ltr'><strong>vis</strong></span> <span class='ocrx_word' id='word_1_455' title='bbox 823 5715 957 5772; x_wconf 88' lang='lat' dir='ltr'><strong>pone</strong></span> <span class='ocrx_word' id='word_1_456' title='bbox 1009 5701 1221 5757; x_wconf 81' lang='lat' dir='ltr'><strong>Petrum</strong></span> <span class='ocrx_word' id='word_1_457' title='bbox 1249 5719 1370 5760; x_wconf 89' lang='lat' dir='ltr'><strong>esse</strong></span> <span class='ocrx_word' id='word_1_458' title='bbox 1417 5706 1499 5761; x_wconf 88' lang='lat' dir='ltr'><strong>vel</strong></span> <span class='ocrx_word' id='word_1_459' title='bbox 1528 5705 1768 5769; x_wconf 85' lang='lat' dir='ltr'><strong>Paulum,</strong></span> <span class='ocrx_word' id='word_1_460' title='bbox 1801 5706 1882 5759; x_wconf 90' lang='lat' dir='ltr'><strong>vel</strong></span> <span class='ocrx_word' id='word_1_461' title='bbox 1912 5721 2076 5774; x_wconf 71' lang='lat' dir='ltr'><strong>ange-</strong></span> 
     </span>
    </p>
   </div>
   <div class='ocr_carea' id='block_1_61' title="bbox 493 5793 2066 5870">
    <p class='ocr_par' dir='ltr' id='par_1_61' title="bbox 493 5793 2066 5870">
     <span class='ocr_line' id='line_1_61' title="bbox 493 5793 2066 5870; baseline 0.003 -18"><span class='ocrx_word' id='word_1_462' title='bbox 493 5799 622 5860; x_wconf 77' lang='lat' dir='ltr'><strong>lum,</strong></span> <span class='ocrx_word' id='word_1_463' title='bbox 653 5797 740 5866; x_wconf 88' lang='lat' dir='ltr'><strong>qui</strong></span> <span class='ocrx_word' id='word_1_464' title='bbox 768 5795 835 5852; x_wconf 88' lang='lat' dir='ltr'><strong>de</strong></span> <span class='ocrx_word' id='word_1_465' title='bbox 863 5794 994 5851; x_wconf 76' lang='lat' dir='ltr'><strong>cailo</strong></span> <span class='ocrx_word' id='word_1_466' title='bbox 1028 5793 1363 5852; x_wconf 79' lang='lat' dir='ltr'><strong>descenderit</strong></span> <span class='ocrx_word' id='word_1_467' title='bbox 1393 5813 1406 5850; x_wconf 91' lang='lat'>:</span> <span class='ocrx_word' id='word_1_468' title='bbox 1443 5814 1508 5855; x_wconf 90' lang='lat' dir='ltr'><strong>ne</strong></span> <span class='ocrx_word' id='word_1_469' title='bbox 1537 5799 1614 5854; x_wconf 79' lang='lat' dir='ltr'><strong>sic</strong></span> <span class='ocrx_word' id='word_1_470' title='bbox 1642 5799 1851 5870; x_wconf 80' lang='lat' dir='ltr'><strong>quidem</strong></span> <span class='ocrx_word' id='word_1_471' title='bbox 1879 5813 2066 5869; x_wconf 85' lang='lat' dir='ltr'><strong>perso-</strong></span> 
     </span>
    </p>
   </div>
   <div class='ocr_carea' id='block_1_62' title="bbox 3594 405 3701 459">
    <p class='ocr_par' dir='ltr' id='par_1_62' title="bbox 3594 405 3701 459">
     <span class='ocr_line' id='line_1_62' title="bbox 3594 405 3701 459; baseline -0.056 0"><span class='ocrx_word' id='word_1_472' title='bbox 3594 405 3701 459; x_wconf 54' lang='grc' dir='ltr'><strong>εδδ</strong></span> 
     </span>
    </p>
   </div>
   <div class='ocr_carea' id='block_1_63' title="bbox 2120 519 3697 592">
    <p class='ocr_par' dir='ltr' id='par_1_63' title="bbox 2120 519 3697 592">
     <span class='ocr_line' id='line_1_63' title="bbox 2120 519 3697 592; baseline -0.002 -15"><span class='ocrx_word' id='word_1_473' title='bbox 2120 537 2307 578; x_wconf 84' lang='lat' dir='ltr'><strong>narum</strong></span> <span class='ocrx_word' id='word_1_474' title='bbox 2339 522 2643 592; x_wconf 86' lang='lat' dir='ltr'><strong>dignitatem</strong></span> <span class='ocrx_word' id='word_1_475' title='bbox 2690 520 2986 590; x_wconf 82' lang='lat' dir='ltr'><strong>respiciam.</strong></span> <span class='ocrx_word' id='word_1_476' title='bbox 3019 519 3150 574; x_wconf 73' lang='lat' dir='ltr'><strong>Nam</strong></span> <span class='ocrx_word' id='word_1_477' title='bbox 3181 520 3350 589; x_wconf 78' lang='lat' dir='ltr'><strong>legem</strong></span> <span class='ocrx_word' id='word_1_478' title='bbox 3372 534 3484 579; x_wconf 88' lang='lat' dir='ltr'><strong>non</strong></span> <span class='ocrx_word' id='word_1_479' title='bbox 3530 524 3697 574; x_wconf 76' lang='lat' dir='ltr'><strong>servi-</strong></span> 
     </span>
    </p>
   </div>
   <div class='ocr_carea' id='block_1_64' title="bbox 2120 610 3702 681">
    <p class='ocr_par' dir='ltr' id='par_1_64' title="bbox 2120 610 3702 681">
     <span class='ocr_line' id='line_1_64' title="bbox 2120 610 3702 681; baseline -0.001 -14"><span class='ocrx_word' id='word_1_480' title='bbox 2120 614 2252 679; x_wconf 90' lang='lat' dir='ltr'><strong>lem,</strong></span> <span class='ocrx_word' id='word_1_481' title='bbox 2285 613 2376 667; x_wconf 89' lang='lat' dir='ltr'><strong>scd</strong></span> <span class='ocrx_word' id='word_1_482' title='bbox 2406 611 2727 667; x_wconf 86' lang='lat' dir='ltr'><strong>dominicam</strong></span> <span class='ocrx_word' id='word_1_483' title='bbox 2758 612 2825 665; x_wconf 89' lang='lat' dir='ltr'><strong>de</strong></span> <span class='ocrx_word' id='word_1_484' title='bbox 2856 610 3160 681; x_wconf 84' lang='lat' dir='ltr'><strong>juramento</strong></span> <span class='ocrx_word' id='word_1_485' title='bbox 3189 611 3307 681; x_wconf 81' lang='lat' dir='ltr'><strong>lego</strong></span> <span class='ocrx_word' id='word_1_486' title='bbox 3338 628 3351 664; x_wconf 90' lang='lat'><strong>:</strong></span> <span class='ocrx_word' id='word_1_487' title='bbox 3380 627 3499 664; x_wconf 89' lang='lat' dir='ltr'><strong>cum</strong></span> <span class='ocrx_word' id='word_1_488' title='bbox 3529 622 3702 666; x_wconf 90' lang='lat' dir='ltr'><strong>autem</strong></span> 
     </span>
    </p>
   </div>
   <div class='ocr_carea' id='block_1_65' title="bbox 2120 701 3698 771">
    <p class='ocr_par' dir='ltr' id='par_1_65' title="bbox 2120 701 3698 771">
     <span class='ocr_line' id='line_1_65' title="bbox 2120 701 3698 771; baseline 0.001 -15"><span class='ocrx_word' id='word_1_489' title='bbox 2120 703 2459 771; x_wconf 88' lang='lat' dir='ltr'><strong>imperatoria</strong></span> <span class='ocrx_word' id='word_1_490' title='bbox 2478 702 2678 770; x_wconf 90' lang='lat' dir='ltr'><strong>scripta</strong></span> <span class='ocrx_word' id='word_1_491' title='bbox 2699 701 2964 771; x_wconf 87' lang='lat' dir='ltr'><strong>leguntur.</strong></span> <span class='ocrx_word' id='word_1_492' title='bbox 2987 702 3158 756; x_wconf 92' lang='lat' dir='ltr'><strong>omnis</strong></span> <span class='ocrx_word' id='word_1_493' title='bbox 3179 717 3453 757; x_wconf 81' lang='lat' dir='ltr'><strong>serVorum</strong></span> <span class='ocrx_word' id='word_1_494' title='bbox 3479 701 3698 770; x_wconf 75' lang='lat' dir='ltr'><strong>dignitas</strong></span> 
     </span>
    </p>
   </div>
   <div class='ocr_carea' id='block_1_66' title="bbox 2121 793 3704 864">
    <p class='ocr_par' dir='ltr' id='par_1_66' title="bbox 2121 793 3704 864">
     <span class='ocr_line' id='line_1_66' title="bbox 2121 793 3704 864; baseline 0.001 -16"><span class='ocrx_word' id='word_1_495' title='bbox 2121 795 2385 864; x_wconf 90' lang='lat' dir='ltr'><strong>quiescat.</strong></span> <span class='ocrx_word' id='word_1_496' title='bbox 2417 794 2548 849; x_wconf 88' lang='lat' dir='ltr'><strong>Nam</strong></span> <span class='ocrx_word' id='word_1_497' title='bbox 2595 793 2641 846; x_wconf 90' lang='lat' dir='ltr'><strong>si</strong></span> <span class='ocrx_word' id='word_1_498' title='bbox 2669 793 2849 848; x_wconf 88' lang='lat' dir='ltr'><strong>dicere</strong></span> <span class='ocrx_word' id='word_1_499' title='bbox 2897 802 3052 862; x_wconf 85' lang='lat' dir='ltr'><strong>potes</strong></span> <span class='ocrx_word' id='word_1_500' title='bbox 3100 793 3367 848; x_wconf 87' lang='lat' dir='ltr'><strong>Christum</strong></span> <span class='ocrx_word' id='word_1_501' title='bbox 3409 793 3704 862; x_wconf 82' lang='lat' dir='ltr'><strong>juramenta</strong></span> 
     </span>
    </p>
   </div>
   <div class='ocr_carea' id='block_1_67' title="bbox 2124 885 3705 957">
    <p class='ocr_par' dir='ltr' id='par_1_67' title="bbox 2124 885 3705 957">
     <span class='ocr_line' id='line_1_67' title="bbox 2124 885 3705 957; baseline 0 -17"><span class='ocrx_word' id='word_1_502' title='bbox 2124 887 2460 957; x_wconf 67' lang='lat' dir='ltr'><strong>praicepisse,</strong></span> <span class='ocrx_word' id='word_1_503' title='bbox 2489 897 2580 940; x_wconf 91' lang='lat' dir='ltr'><strong>aut</strong></span> <span class='ocrx_word' id='word_1_504' title='bbox 2602 885 2870 940; x_wconf 89' lang='lat' dir='ltr'><strong>Christum</strong></span> <span class='ocrx_word' id='word_1_505' title='bbox 2919 887 3033 956; x_wconf 89' lang='lat' dir='ltr'><strong>ipsa</strong></span> <span class='ocrx_word' id='word_1_506' title='bbox 3073 885 3302 940; x_wconf 90' lang='lat' dir='ltr'><strong>admissa</strong></span> <span class='ocrx_word' id='word_1_507' title='bbox 3351 902 3456 941; x_wconf 93' lang='lat' dir='ltr'><strong>non</strong></span> <span class='ocrx_word' id='word_1_508' title='bbox 3485 889 3705 952; x_wconf 88' lang='lat' dir='ltr'><strong>ulcisci,</strong></span> 
     </span>
    </p>
   </div>
   <div class='ocr_carea' id='block_1_68' title="bbox 2123 974 3707 1043">
    <p class='ocr_par' dir='ltr' id='par_1_68' title="bbox 2123 974 3707 1043">
     <span class='ocr_line' id='line_1_68' title="bbox 2123 974 3707 1043; baseline -0.001 -11"><span class='ocrx_word' id='word_1_509' title='bbox 2123 975 2349 1032; x_wconf 89' lang='lat' dir='ltr'><strong>ostende</strong></span> <span class='ocrx_word' id='word_1_510' title='bbox 2396 976 2543 1042; x_wconf 90' lang='lat' dir='ltr'><strong>mihi,</strong></span> <span class='ocrx_word' id='word_1_511' title='bbox 2588 985 2644 1030; x_wconf 90' lang='lat' dir='ltr'><strong>et</strong></span> <span class='ocrx_word' id='word_1_512' title='bbox 2673 989 2875 1028; x_wconf 89' lang='lat' dir='ltr'><strong>morem</strong></span> <span class='ocrx_word' id='word_1_513' title='bbox 2918 989 3120 1043; x_wconf 81' lang='lat' dir='ltr'><strong>geram.</strong></span> <span class='ocrx_word' id='word_1_514' title='bbox 3154 974 3305 1041; x_wconf 86' lang='lat' dir='ltr'><strong>Quod</strong></span> <span class='ocrx_word' id='word_1_515' title='bbox 3333 977 3377 1029; x_wconf 90' lang='lat' dir='ltr'><strong>si</strong></span> <span class='ocrx_word' id='word_1_516' title='bbox 3405 985 3549 1029; x_wconf 89' lang='lat' dir='ltr'><strong>tanta</strong></span> <span class='ocrx_word' id='word_1_517' title='bbox 3579 990 3707 1031; x_wconf 88' lang='lat' dir='ltr'><strong>cura</strong></span> 
     </span>
    </p>
   </div>
   <div class='ocr_carea' id='block_1_69' title="bbox 2129 1065 3708 1140">
    <p class='ocr_par' dir='ltr' id='par_1_69' title="bbox 2129 1065 3708 1140">
     <span class='ocr_line' id='line_1_69' title="bbox 2129 1065 3708 1140; baseline -0.003 -16"><span class='ocrx_word' id='word_1_518' title='bbox 2129 1071 2302 1140; x_wconf 91' lang='lat' dir='ltr'><strong>ipsum</strong></span> <span class='ocrx_word' id='word_1_519' title='bbox 2331 1077 2489 1130; x_wconf 89' lang='lat' dir='ltr'><strong>vetat,</strong></span> <span class='ocrx_word' id='word_1_520' title='bbox 2521 1077 2574 1122; x_wconf 90' lang='lat' dir='ltr'><strong>et</strong></span> <span class='ocrx_word' id='word_1_521' title='bbox 2600 1076 2805 1122; x_wconf 88' lang='lat' dir='ltr'><strong>tantam</strong></span> <span class='ocrx_word' id='word_1_522' title='bbox 2832 1065 2986 1134; x_wconf 87' lang='lat' dir='ltr'><strong>hujus</strong></span> <span class='ocrx_word' id='word_1_523' title='bbox 3016 1066 3093 1121; x_wconf 91' lang='lat' dir='ltr'><strong>rei</strong></span> <span class='ocrx_word' id='word_1_524' title='bbox 3125 1065 3507 1136; x_wconf 84' lang='lat' dir='ltr'><strong>providentiam</strong></span> <span class='ocrx_word' id='word_1_525' title='bbox 3549 1068 3708 1135; x_wconf 89' lang='lat' dir='ltr'><strong>gerit,</strong></span> 
     </span>
    </p>
   </div>
   <div class='ocr_carea' id='block_1_70' title="bbox 2130 1156 3719 1228">
    <p class='ocr_par' dir='ltr' id='par_1_70' title="bbox 2130 1156 3719 1228">
     <span class='ocr_line' id='line_1_70' title="bbox 2130 1156 3719 1228; baseline -0.002 -15"><span class='ocrx_word' id='word_1_526' title='bbox 2130 1169 2191 1214; x_wconf 92' lang='lat' dir='ltr'><strong>ut</strong></span> <span class='ocrx_word' id='word_1_527' title='bbox 2219 1173 2341 1213; x_wconf 93' lang='lat' dir='ltr'><strong>cum</strong></span> <span class='ocrx_word' id='word_1_528' title='bbox 2371 1158 2598 1228; x_wconf 88' lang='lat' dir='ltr'><strong>maligno</strong></span> <span class='ocrx_word' id='word_1_529' title='bbox 2621 1158 2891 1228; x_wconf 71' lang='lat' dir='ltr'><strong>juraiitein</strong></span> <span class='ocrx_word' id='word_1_530' title='bbox 2916 1158 3203 1210; x_wconf 89' lang='lat' dir='ltr'><strong>constituat</strong></span> <span class='ocrx_word' id='word_1_531' title='bbox 3228 1157 3245 1225; x_wconf 99' lang='lat'>(</span> <span class='ocrx_word' id='word_1_532' title='bbox 3268 1156 3416 1224; x_wconf 83' lang='lat' dir='ltr'><strong>Quod</strong></span> <span class='ocrx_word' id='word_1_533' title='bbox 3445 1165 3613 1209; x_wconf 86' lang='lat' dir='ltr'><strong>autem</strong></span> <span class='ocrx_word' id='word_1_534' title='bbox 3641 1157 3719 1210; x_wconf 85' lang='lat' dir='ltr'><strong>his</strong></span> 
     </span>
    </p>
   </div>
   <div class='ocr_carea' id='block_1_71' title="bbox 2129 1245 3713 1316">
    <p class='ocr_par' dir='ltr' id='par_1_71' title="bbox 2129 1245 3713 1316">
     <span class='ocr_line' id='line_1_71' title="bbox 2129 1245 3713 1316; baseline -0.003 -16"><span class='ocrx_word' id='word_1_535' title='bbox 2129 1247 2470 1302; x_wconf 80' lang='lat' dir='ltr'><strong>abundantius</strong></span> <span class='ocrx_word' id='word_1_536' title='bbox 2506 1257 2598 1314; x_wconf 81' lang='lat' dir='ltr'><strong>est,</strong></span> <span class='ocrx_word' id='word_1_537' title='bbox 2625 1249 2718 1312; x_wconf 91' lang='lat' dir='ltr'><strong>ait,</strong></span> <span class='ocrx_word' id='word_1_538' title='bbox 2748 1259 2959 1316; x_wconf 87' lang='lat' dir='ltr'><strong>nempe,</strong></span> <span class='ocrx_word' id='word_1_539' title='bbox 2989 1255 3061 1298; x_wconf 86' lang='lat' dir='ltr'><strong>est</strong></span> <span class='ocrx_word' id='word_1_540' title='bbox 3109 1255 3162 1300; x_wconf 91' lang='lat' dir='ltr'><strong>et</strong></span> <span class='ocrx_word' id='word_1_541' title='bbox 3187 1263 3308 1312; x_wconf 88' lang='lat' dir='ltr'><strong>non,</strong></span> <span class='ocrx_word' id='word_1_542' title='bbox 3335 1263 3366 1298; x_wconf 92' lang='lat' dir='ltr'><strong>a</strong></span> <span class='ocrx_word' id='word_1_543' title='bbox 3392 1245 3595 1300; x_wconf 88' lang='lat' dir='ltr'><strong>diabolo</strong></span> <span class='ocrx_word' id='word_1_544' title='bbox 3638 1255 3713 1297; x_wconf 89' lang='lat' dir='ltr'><strong>est</strong></span> 
     </span>
    </p>
   </div>
   <div class='ocr_carea' id='block_1_72' title="bbox 2134 1334 3718 1414">
    <p class='ocr_par' dir='ltr' id='par_1_72' title="bbox 2134 1334 3718 1414">
     <span class='ocr_line' id='line_1_72' title="bbox 2134 1334 3718 1414; baseline -0.003 -20"><span class='ocrx_word' id='word_1_545' title='bbox 2134 1334 2464 1414; x_wconf 71' lang='lat' dir='ltr'><strong>[illatth.5]),</strong></span> <span class='ocrx_word' id='word_1_546' title='bbox 2488 1339 2612 1408; x_wconf 92' lang='lat' dir='ltr'><strong>quid</strong></span> <span class='ocrx_word' id='word_1_547' title='bbox 2634 1340 2762 1393; x_wconf 88' lang='lat' dir='ltr'><strong>mihi</strong></span> <span class='ocrx_word' id='word_1_548' title='bbox 2793 1339 2935 1392; x_wconf 90' lang='lat' dir='ltr'><strong>hunc</strong></span> <span class='ocrx_word' id='word_1_549' title='bbox 2963 1347 3017 1392; x_wconf 89' lang='lat' dir='ltr'><strong>et</strong></span> <span class='ocrx_word' id='word_1_550' title='bbox 3047 1337 3193 1392; x_wconf 89' lang='lat' dir='ltr'><strong>illum</strong></span> <span class='ocrx_word' id='word_1_551' title='bbox 3225 1339 3277 1391; x_wconf 93' lang='lat' dir='ltr'><strong>in</strong></span> <span class='ocrx_word' id='word_1_552' title='bbox 3326 1338 3560 1392; x_wconf 87' lang='lat' dir='ltr'><strong>medium</strong></span> <span class='ocrx_word' id='word_1_553' title='bbox 3590 1353 3718 1407; x_wconf 87' lang='lat' dir='ltr'><strong>pro-</strong></span> 
     </span>
    </p>
   </div>
   <div class='ocr_carea' id='block_1_73' title="bbox 2134 1427 3722 1498">
    <p class='ocr_par' dir='ltr' id='par_1_73' title="bbox 2134 1427 3722 1498">
     <span class='ocr_line' id='line_1_73' title="bbox 2134 1427 3722 1498; baseline -0.003 -12"><span class='ocrx_word' id='word_1_554' title='bbox 2134 1433 2286 1486; x_wconf 90' lang='lat' dir='ltr'><strong>ducis</strong></span> <span class='ocrx_word' id='word_1_555' title='bbox 2305 1432 2328 1485; x_wconf 85' lang='lat'><strong>?</strong></span> <span class='ocrx_word' id='word_1_556' title='bbox 2349 1430 2466 1485; x_wconf 83' lang='lat' dir='ltr'><strong>Non</strong></span> <span class='ocrx_word' id='word_1_557' title='bbox 2496 1429 2640 1484; x_wconf 90' lang='lat' dir='ltr'><strong>enim</strong></span> <span class='ocrx_word' id='word_1_558' title='bbox 2665 1444 2729 1484; x_wconf 80' lang='lat' dir='ltr'><strong>ex</strong></span> <span class='ocrx_word' id='word_1_559' title='bbox 2758 1442 3137 1484; x_wconf 87' lang='lat' dir='ltr'><strong>conservorum</strong></span> <span class='ocrx_word' id='word_1_560' title='bbox 3164 1427 3503 1498; x_wconf 85' lang='lat' dir='ltr'><strong>negligentia,</strong></span> <span class='ocrx_word' id='word_1_561' title='bbox 3533 1429 3626 1482; x_wconf 89' lang='lat' dir='ltr'><strong>sed</strong></span> <span class='ocrx_word' id='word_1_562' title='bbox 3657 1442 3722 1483; x_wconf 79' lang='lat' dir='ltr'><strong>ex</strong></span> 
     </span>
    </p>
   </div>
   <div class='ocr_carea' id='block_1_74' title="bbox 2135 1516 3722 1591">
    <p class='ocr_par' dir='ltr' id='par_1_74' title="bbox 2135 1516 3722 1591">
     <span class='ocr_line' id='line_1_74' title="bbox 2135 1516 3722 1591; baseline -0.003 -16"><span class='ocrx_word' id='word_1_563' title='bbox 2135 1520 2309 1591; x_wconf 87' lang='lat' dir='ltr'><strong>legum</strong></span> <span class='ocrx_word' id='word_1_564' title='bbox 2338 1533 2558 1575; x_wconf 89' lang='lat' dir='ltr'><strong>suarum</strong></span> <span class='ocrx_word' id='word_1_565' title='bbox 2601 1527 2890 1589; x_wconf 74' lang='lat' dir='ltr'><strong>praecepto,</strong></span> <span class='ocrx_word' id='word_1_566' title='bbox 2936 1517 3077 1572; x_wconf 89' lang='lat' dir='ltr'><strong>hunc</strong></span> <span class='ocrx_word' id='word_1_567' title='bbox 3108 1517 3250 1573; x_wconf 89' lang='lat' dir='ltr'><strong>Deus</strong></span> <span class='ocrx_word' id='word_1_568' title='bbox 3280 1516 3414 1572; x_wconf 89' lang='lat' dir='ltr'><strong>feret</strong></span> <span class='ocrx_word' id='word_1_569' title='bbox 3441 1517 3722 1571; x_wconf 88' lang='lat' dir='ltr'><strong>calculum.</strong></span> 
     </span>
    </p>
   </div>
   <div class='ocr_carea' id='block_1_75' title="bbox 2137 1607 3731 1680">
    <p class='ocr_par' dir='ltr' id='par_1_75' title="bbox 2137 1607 3731 1680">
     <span class='ocr_line' id='line_1_75' title="bbox 2137 1607 3731 1680; baseline -0.003 -15"><span class='ocrx_word' id='word_1_570' title='bbox 2137 1609 2300 1676; x_wconf 84' lang='lat' dir='ltr'><strong>Jussi,</strong></span> <span class='ocrx_word' id='word_1_571' title='bbox 2348 1610 2520 1680; x_wconf 88' lang='lat' dir='ltr'><strong>inquit</strong></span> <span class='ocrx_word' id='word_1_572' title='bbox 2555 1627 2568 1662; x_wconf 87' lang='lat'><strong>:</strong></span> <span class='ocrx_word' id='word_1_573' title='bbox 2601 1608 2970 1678; x_wconf 89' lang='lat' dir='ltr'><strong>obtemperare</strong></span> <span class='ocrx_word' id='word_1_574' title='bbox 3015 1608 3319 1678; x_wconf 88' lang='lat' dir='ltr'><strong>oportebat,</strong></span> <span class='ocrx_word' id='word_1_575' title='bbox 3367 1621 3474 1662; x_wconf 92' lang='lat' dir='ltr'><strong>non</strong></span> <span class='ocrx_word' id='word_1_576' title='bbox 3507 1607 3648 1661; x_wconf 92' lang='lat' dir='ltr'><strong>hunc</strong></span> <span class='ocrx_word' id='word_1_577' title='bbox 3676 1614 3731 1661; x_wconf 88' lang='lat' dir='ltr'><strong>ct</strong></span> 
     </span>
    </p>
   </div>
   <div class='ocr_carea' id='block_1_76' title="bbox 2140 1700 3731 1773">
    <p class='ocr_par' dir='ltr' id='par_1_76' title="bbox 2140 1700 3731 1773">
     <span class='ocr_line' id='line_1_76' title="bbox 2140 1700 3731 1773; baseline -0.002 -16"><span class='ocrx_word' id='word_1_578' title='bbox 2140 1703 2286 1759; x_wconf 91' lang='lat' dir='ltr'><strong>illum</strong></span> <span class='ocrx_word' id='word_1_579' title='bbox 2313 1702 2668 1773; x_wconf 64' lang='lat' dir='ltr'><strong>praetendere,</strong></span> <span class='ocrx_word' id='word_1_580' title='bbox 2699 1716 2873 1771; x_wconf 91' lang='lat' dir='ltr'><strong>neque</strong></span> <span class='ocrx_word' id='word_1_581' title='bbox 2909 1701 3080 1754; x_wconf 87' lang='lat' dir='ltr'><strong>aliena</strong></span> <span class='ocrx_word' id='word_1_582' title='bbox 3108 1701 3248 1755; x_wconf 89' lang='lat' dir='ltr'><strong>mala</strong></span> <span class='ocrx_word' id='word_1_583' title='bbox 3292 1700 3555 1754; x_wconf 90' lang='lat' dir='ltr'><strong>curiosius</strong></span> <span class='ocrx_word' id='word_1_584' title='bbox 3581 1700 3731 1754; x_wconf 85' lang='lat' dir='ltr'><strong>inve-</strong></span> 
     </span>
    </p>
   </div>
   <div class='ocr_carea' id='block_1_77' title="bbox 2142 1790 3734 1864">
    <p class='ocr_par' dir='ltr' id='par_1_77' title="bbox 2142 1790 3734 1864">
     <span class='ocr_line' id='line_1_77' title="bbox 2142 1790 3734 1864; baseline -0.002 -17"><span class='ocrx_word' id='word_1_585' title='bbox 2142 1793 2355 1864; x_wconf 78' lang='lat' dir='ltr'><strong>Stigare.</strong></span> <span class='ocrx_word' id='word_1_586' title='bbox 2387 1791 2828 1863; x_wconf 85' lang='lat' dir='ltr'><strong>Quandoquidem</strong></span> <span class='ocrx_word' id='word_1_587' title='bbox 2876 1806 3098 1861; x_wconf 88' lang='lat' dir='ltr'><strong>magnus</strong></span> <span class='ocrx_word' id='word_1_588' title='bbox 3145 1791 3233 1844; x_wconf 92' lang='lat' dir='ltr'><strong>ille</strong></span> <span class='ocrx_word' id='word_1_589' title='bbox 3280 1790 3445 1845; x_wconf 85' lang='lat' dir='ltr'><strong>David</strong></span> <span class='ocrx_word' id='word_1_590' title='bbox 3490 1791 3542 1844; x_wconf 91' lang='lat' dir='ltr'><strong>in</strong></span> <span class='ocrx_word' id='word_1_591' title='bbox 3573 1804 3734 1859; x_wconf 83' lang='lat' dir='ltr'><strong>grave</strong></span> 
     </span>
    </p>
   </div>
   <div class='ocr_carea' id='block_1_78' title="bbox 2146 1880 3736 1952">
    <p class='ocr_par' dir='ltr' id='par_1_78' title="bbox 2146 1880 3736 1952">
     <span class='ocr_line' id='line_1_78' title="bbox 2146 1880 3736 1952; baseline -0.003 -15"><span class='ocrx_word' id='word_1_592' title='bbox 2146 1892 2418 1952; x_wconf 85' lang='lat' dir='ltr'><strong>peccatum</strong></span> <span class='ocrx_word' id='word_1_593' title='bbox 2463 1883 2643 1952; x_wconf 91' lang='lat' dir='ltr'><strong>lapsus</strong></span> <span class='ocrx_word' id='word_1_594' title='bbox 2689 1891 2772 1936; x_wconf 90' lang='lat' dir='ltr'><strong>est</strong></span> <span class='ocrx_word' id='word_1_595' title='bbox 2800 1898 2815 1936; x_wconf 91' lang='lat'><strong>:</strong></span> <span class='ocrx_word' id='word_1_596' title='bbox 2843 1881 3070 1947; x_wconf 89' lang='lat' dir='ltr'><strong>ideone,</strong></span> <span class='ocrx_word' id='word_1_597' title='bbox 3104 1893 3307 1949; x_wconf 70' lang='lat' dir='ltr'><strong>quaiso,</strong></span> <span class='ocrx_word' id='word_1_598' title='bbox 3353 1880 3468 1934; x_wconf 89' lang='lat' dir='ltr'><strong>sine</strong></span> <span class='ocrx_word' id='word_1_599' title='bbox 3497 1880 3736 1949; x_wconf 89' lang='lat' dir='ltr'><strong>periculo</strong></span> 
     </span>
    </p>
   </div>
   <div class='ocr_carea' id='block_1_79' title="bbox 2147 1970 3734 2043">
    <p class='ocr_par' dir='ltr' id='par_1_79' title="bbox 2147 1970 3734 2043">
     <span class='ocr_line' id='line_1_79' title="bbox 2147 1970 3734 2043; baseline -0.003 -16"><span class='ocrx_word' id='word_1_600' title='bbox 2147 1989 2369 2043; x_wconf 86' lang='lat' dir='ltr'><strong>peccare</strong></span> <span class='ocrx_word' id='word_1_601' title='bbox 2395 1973 2726 2043; x_wconf 86' lang='lat' dir='ltr'><strong>poterimus?</strong></span> <span class='ocrx_word' id='word_1_602' title='bbox 2755 1973 3096 2042; x_wconf 88' lang='lat' dir='ltr'><strong>Quapropter</strong></span> <span class='ocrx_word' id='word_1_603' title='bbox 3121 1970 3224 2026; x_wconf 88' lang='lat' dir='ltr'><strong>hoc</strong></span> <span class='ocrx_word' id='word_1_604' title='bbox 3265 1984 3456 2025; x_wconf 86' lang='lat' dir='ltr'><strong>cavere</strong></span> <span class='ocrx_word' id='word_1_605' title='bbox 3483 1977 3692 2040; x_wconf 85' lang='lat' dir='ltr'><strong>Oportet</strong></span> <span class='ocrx_word' id='word_1_606' title='bbox 3717 2011 3734 2033; x_wconf 91' lang='lat'><strong>,</strong></span> 
     </span>
    </p>
   </div>
   <div class='ocr_carea' id='block_1_80' title="bbox 2147 2062 3739 2135">
    <p class='ocr_par' dir='ltr' id='par_1_80' title="bbox 2147 2062 3739 2135">
     <span class='ocr_line' id='line_1_80' title="bbox 2147 2062 3739 2135; baseline -0.001 -17"><span class='ocrx_word' id='word_1_607' title='bbox 2147 2073 2311 2135; x_wconf 90' lang='lat' dir='ltr'><strong>atque</strong></span> <span class='ocrx_word' id='word_1_608' title='bbox 2341 2073 2484 2118; x_wconf 89' lang='lat' dir='ltr'><strong>recta</strong></span> <span class='ocrx_word' id='word_1_609' title='bbox 2533 2073 2737 2118; x_wconf 92' lang='lat' dir='ltr'><strong>tantum</strong></span> <span class='ocrx_word' id='word_1_610' title='bbox 2767 2074 3070 2118; x_wconf 88' lang='lat' dir='ltr'><strong>sanctorum</strong></span> <span class='ocrx_word' id='word_1_611' title='bbox 3114 2072 3261 2133; x_wconf 87' lang='lat' dir='ltr'><strong>gesta</strong></span> <span class='ocrx_word' id='word_1_612' title='bbox 3293 2063 3511 2118; x_wconf 86' lang='lat' dir='ltr'><strong>imitari.</strong></span> <span class='ocrx_word' id='word_1_613' title='bbox 3557 2062 3739 2118; x_wconf 89' lang='lat' dir='ltr'><strong>Sicubi</strong></span> 
     </span>
    </p>
   </div>
   <div class='ocr_carea' id='block_1_81' title="bbox 2152 2155 3740 2228">
    <p class='ocr_par' dir='ltr' id='par_1_81' title="bbox 2152 2155 3740 2228">
     <span class='ocr_line' id='line_1_81' title="bbox 2152 2155 3740 2228; baseline -0.001 -17"><span class='ocrx_word' id='word_1_614' title='bbox 2152 2175 2282 2214; x_wconf 91' lang='lat' dir='ltr'><strong>vero</strong></span> <span class='ocrx_word' id='word_1_615' title='bbox 2329 2157 2647 2228; x_wconf 70' lang='lat' dir='ltr'><strong>negligentia</strong></span> <span class='ocrx_word' id='word_1_616' title='bbox 2692 2159 2774 2211; x_wconf 93' lang='lat' dir='ltr'><strong>vel</strong></span> <span class='ocrx_word' id='word_1_617' title='bbox 2822 2157 3172 2226; x_wconf 88' lang='lat' dir='ltr'><strong>transgressio</strong></span> <span class='ocrx_word' id='word_1_618' title='bbox 3215 2157 3347 2226; x_wconf 86' lang='lat' dir='ltr'><strong>legis</strong></span> <span class='ocrx_word' id='word_1_619' title='bbox 3393 2165 3656 2221; x_wconf 86' lang='lat' dir='ltr'><strong>occurrat,</strong></span> <span class='ocrx_word' id='word_1_620' title='bbox 3689 2155 3740 2210; x_wconf 91' lang='lat' dir='ltr'><strong>id</strong></span> 
     </span>
    </p>
   </div>
   <div class='ocr_carea' id='block_1_82' title="bbox 2151 2245 3740 2316">
    <p class='ocr_par' dir='ltr' id='par_1_82' title="bbox 2151 2245 3740 2316">
     <span class='ocr_line' id='line_1_82' title="bbox 2151 2245 3740 2316; baseline -0.003 -12"><span class='ocrx_word' id='word_1_621' title='bbox 2151 2264 2362 2304; x_wconf 87' lang='lat' dir='ltr'><strong>summa</strong></span> <span class='ocrx_word' id='word_1_622' title='bbox 2414 2246 2771 2303; x_wconf 77' lang='lat' dir='ltr'><strong>sollicitudine</strong></span> <span class='ocrx_word' id='word_1_623' title='bbox 2799 2245 3108 2316; x_wconf 77' lang='lat' dir='ltr'><strong>fugiendum</strong></span> <span class='ocrx_word' id='word_1_624' title='bbox 3139 2254 3238 2301; x_wconf 89' lang='lat' dir='ltr'><strong>est.</strong></span> <span class='ocrx_word' id='word_1_625' title='bbox 3287 2245 3402 2300; x_wconf 82' lang='lat' dir='ltr'><strong>Non</strong></span> <span class='ocrx_word' id='word_1_626' title='bbox 3433 2247 3575 2300; x_wconf 89' lang='lat' dir='ltr'><strong>enim</strong></span> <span class='ocrx_word' id='word_1_627' title='bbox 3619 2261 3740 2299; x_wconf 92' lang='lat' dir='ltr'><strong>cuin</strong></span> 
     </span>
    </p>
   </div>
   <div class='ocr_carea' id='block_1_83' title="bbox 2147 2339 3744 2410">
    <p class='ocr_par' dir='ltr' id='par_1_83' title="bbox 2147 2339 3744 2410">
     <span class='ocr_line' id='line_1_83' title="bbox 2147 2339 3744 2410; baseline -0.001 -15"><span class='ocrx_word' id='word_1_628' title='bbox 2147 2341 2443 2405; x_wconf 87' lang='lat' dir='ltr'><strong>conservis,</strong></span> <span class='ocrx_word' id='word_1_629' title='bbox 2467 2339 2558 2394; x_wconf 92' lang='lat' dir='ltr'><strong>sed</strong></span> <span class='ocrx_word' id='word_1_630' title='bbox 2586 2355 2706 2394; x_wconf 91' lang='lat' dir='ltr'><strong>cum</strong></span> <span class='ocrx_word' id='word_1_631' title='bbox 2736 2339 2963 2393; x_wconf 90' lang='lat' dir='ltr'><strong>Domino</strong></span> <span class='ocrx_word' id='word_1_632' title='bbox 2988 2340 3124 2394; x_wconf 89' lang='lat' dir='ltr'><strong>ratio</strong></span> <span class='ocrx_word' id='word_1_633' title='bbox 3152 2340 3303 2393; x_wconf 90' lang='lat' dir='ltr'><strong>nobis</strong></span> <span class='ocrx_word' id='word_1_634' title='bbox 3332 2347 3434 2404; x_wconf 91' lang='lat' dir='ltr'><strong>est,</strong></span> <span class='ocrx_word' id='word_1_635' title='bbox 3461 2355 3744 2410; x_wconf 90' lang='lat' dir='ltr'><strong>rerumque</strong></span> 
     </span>
    </p>
   </div>
   <div class='ocr_carea' id='block_1_84' title="bbox 2151 2429 3745 2499">
    <p class='ocr_par' dir='ltr' id='par_1_84' title="bbox 2151 2429 3745 2499">
     <span class='ocr_line' id='line_1_84' title="bbox 2151 2429 3745 2499; baseline 0 -15"><span class='ocrx_word' id='word_1_636' title='bbox 2151 2431 2203 2484; x_wconf 93' lang='lat' dir='ltr'><strong>in</strong></span> <span class='ocrx_word' id='word_1_637' title='bbox 2229 2431 2333 2484; x_wconf 89' lang='lat' dir='ltr'><strong>vita</strong></span> <span class='ocrx_word' id='word_1_638' title='bbox 2363 2441 2632 2499; x_wconf 86' lang='lat' dir='ltr'><strong>gestarum</strong></span> <span class='ocrx_word' id='word_1_639' title='bbox 2659 2431 2894 2484; x_wconf 90' lang='lat' dir='ltr'><strong>omnium</strong></span> <span class='ocrx_word' id='word_1_640' title='bbox 2926 2429 3185 2485; x_wconf 88' lang='lat' dir='ltr'><strong>rationem</strong></span> <span class='ocrx_word' id='word_1_641' title='bbox 3209 2429 3305 2499; x_wconf 91' lang='lat' dir='ltr'><strong>ipsi</strong></span> <span class='ocrx_word' id='word_1_642' title='bbox 3334 2429 3635 2485; x_wconf 89' lang='lat' dir='ltr'><strong>reddemus.</strong></span> <span class='ocrx_word' id='word_1_643' title='bbox 3665 2431 3745 2484; x_wconf 86' lang='lat' dir='ltr'><strong>Ad</strong></span> 
     </span>
    </p>
   </div>
   <div class='ocr_carea' id='block_1_85' title="bbox 2154 2521 3746 2590">
    <p class='ocr_par' dir='ltr' id='par_1_85' title="bbox 2154 2521 3746 2590">
     <span class='ocr_line' id='line_1_85' title="bbox 2154 2521 3746 2590; baseline -0.001 -16"><span class='ocrx_word' id='word_1_644' title='bbox 2154 2521 2283 2576; x_wconf 90' lang='lat' dir='ltr'><strong>illud</strong></span> <span class='ocrx_word' id='word_1_645' title='bbox 2311 2523 2487 2589; x_wconf 91' lang='lat' dir='ltr'><strong>itaque</strong></span> <span class='ocrx_word' id='word_1_646' title='bbox 2519 2521 2750 2576; x_wconf 88' lang='lat' dir='ltr'><strong>tribunal</strong></span> <span class='ocrx_word' id='word_1_647' title='bbox 2779 2534 2878 2574; x_wconf 92' lang='lat' dir='ltr'><strong>nos</strong></span> <span class='ocrx_word' id='word_1_648' title='bbox 2906 2535 3264 2589; x_wconf 51' lang='lat' dir='ltr'><strong>praeparemus</strong></span> <span class='ocrx_word' id='word_1_649' title='bbox 3288 2537 3300 2573; x_wconf 93' lang='lat'><strong>:</strong></span> <span class='ocrx_word' id='word_1_650' title='bbox 3327 2535 3447 2574; x_wconf 93' lang='lat' dir='ltr'><strong>nam</strong></span> <span class='ocrx_word' id='word_1_651' title='bbox 3473 2531 3746 2590; x_wconf 84' lang='lat' dir='ltr'><strong>quantuni-</strong></span> 
     </span>
    </p>
   </div>
   <div class='ocr_carea' id='block_1_86' title="bbox 2155 2610 3747 2680">
    <p class='ocr_par' dir='ltr' id='par_1_86' title="bbox 2155 2610 3747 2680">
     <span class='ocr_line' id='line_1_86' title="bbox 2155 2610 3747 2680; baseline -0.001 -16"><span class='ocrx_word' id='word_1_652' title='bbox 2155 2610 2238 2666; x_wconf 90' lang='lat' dir='ltr'><strong>vis</strong></span> <span class='ocrx_word' id='word_1_653' title='bbox 2266 2610 2612 2665; x_wconf 89' lang='lat' dir='ltr'><strong>admirandus</strong></span> <span class='ocrx_word' id='word_1_654' title='bbox 2639 2619 2693 2665; x_wconf 91' lang='lat' dir='ltr'><strong>et</strong></span> <span class='ocrx_word' id='word_1_655' title='bbox 2721 2625 2944 2680; x_wconf 89' lang='lat' dir='ltr'><strong>magnus</strong></span> <span class='ocrx_word' id='word_1_656' title='bbox 2973 2611 3042 2663; x_wconf 90' lang='lat' dir='ltr'><strong>sit</strong></span> <span class='ocrx_word' id='word_1_657' title='bbox 3072 2610 3117 2665; x_wconf 92' lang='lat' dir='ltr'><strong>is</strong></span> <span class='ocrx_word' id='word_1_658' title='bbox 3144 2610 3232 2680; x_wconf 91' lang='lat' dir='ltr'><strong>qni</strong></span> <span class='ocrx_word' id='word_1_659' title='bbox 3265 2611 3403 2665; x_wconf 90' lang='lat' dir='ltr'><strong>hanc</strong></span> <span class='ocrx_word' id='word_1_660' title='bbox 3430 2610 3600 2680; x_wconf 84' lang='lat' dir='ltr'><strong>legem</strong></span> <span class='ocrx_word' id='word_1_661' title='bbox 3630 2611 3747 2664; x_wconf 92' lang='lat' dir='ltr'><strong>vio-</strong></span> 
     </span>
    </p>
   </div>
   <div class='ocr_carea' id='block_1_87' title="bbox 2153 2702 3748 2772">
    <p class='ocr_par' dir='ltr' id='par_1_87' title="bbox 2153 2702 3748 2772">
     <span class='ocr_line' id='line_1_87' title="bbox 2153 2702 3748 2772; baseline 0.002 -16"><span class='ocrx_word' id='word_1_662' title='bbox 2153 2703 2248 2769; x_wconf 90' lang='lat' dir='ltr'><strong>lat,</strong></span> <span class='ocrx_word' id='word_1_663' title='bbox 2275 2705 2511 2772; x_wconf 79' lang='lat' dir='ltr'><strong>reposito</strong></span> <span class='ocrx_word' id='word_1_664' title='bbox 2543 2702 2663 2756; x_wconf 91' lang='lat' dir='ltr'><strong>huic</strong></span> <span class='ocrx_word' id='word_1_665' title='bbox 2691 2702 3111 2772; x_wconf 69' lang='lat' dir='ltr'><strong>prazvaricationi</strong></span> <span class='ocrx_word' id='word_1_666' title='bbox 3136 2703 3396 2772; x_wconf 90' lang='lat' dir='ltr'><strong>supplicio</strong></span> <span class='ocrx_word' id='word_1_667' title='bbox 3421 2703 3559 2758; x_wconf 90' lang='lat' dir='ltr'><strong>haud</strong></span> <span class='ocrx_word' id='word_1_668' title='bbox 3585 2703 3748 2759; x_wconf 87' lang='lat' dir='ltr'><strong>dubie</strong></span> 
     </span>
    </p>
   </div>
   <div class='ocr_carea' id='block_1_88' title="bbox 2154 2793 3750 2864">
    <p class='ocr_par' dir='ltr' id='par_1_88' title="bbox 2154 2793 3750 2864">
     <span class='ocr_line' id='line_1_88' title="bbox 2154 2793 3750 2864; baseline 0.001 -16"><span class='ocrx_word' id='word_1_669' title='bbox 2154 2795 2448 2864; x_wconf 87' lang='lat' dir='ltr'><strong>plectetur:</strong></span> <span class='ocrx_word' id='word_1_670' title='bbox 2471 2808 2575 2848; x_wconf 91' lang='lat' dir='ltr'><strong>non</strong></span> <span class='ocrx_word' id='word_1_671' title='bbox 2607 2794 2750 2848; x_wconf 93' lang='lat' dir='ltr'><strong>enim</strong></span> <span class='ocrx_word' id='word_1_672' title='bbox 2778 2808 3034 2863; x_wconf 84' lang='lat' dir='ltr'><strong>personas</strong></span> <span class='ocrx_word' id='word_1_673' title='bbox 3057 2794 3249 2862; x_wconf 89' lang='lat' dir='ltr'><strong>accipit</strong></span> <span class='ocrx_word' id='word_1_674' title='bbox 3275 2794 3436 2848; x_wconf 91' lang='lat' dir='ltr'><strong>Deus.</strong></span> <span class='ocrx_word' id='word_1_675' title='bbox 3468 2793 3750 2862; x_wconf 87' lang='lat' dir='ltr'><strong>Quomodo</strong></span> 
     </span>
    </p>
   </div>
   <div class='ocr_carea' id='block_1_89' title="bbox 2155 2884 3750 2954">
    <p class='ocr_par' dir='ltr' id='par_1_89' title="bbox 2155 2884 3750 2954">
     <span class='ocr_line' id='line_1_89' title="bbox 2155 2884 3750 2954; baseline 0 -16"><span class='ocrx_word' id='word_1_676' title='bbox 2155 2895 2332 2939; x_wconf 86' lang='lat' dir='ltr'><strong>autem</strong></span> <span class='ocrx_word' id='word_1_677' title='bbox 2361 2899 2530 2953; x_wconf 86' lang='lat' dir='ltr'><strong>quave</strong></span> <span class='ocrx_word' id='word_1_678' title='bbox 2557 2886 2763 2939; x_wconf 89' lang='lat' dir='ltr'><strong>ratione</strong></span> <span class='ocrx_word' id='word_1_679' title='bbox 2789 2892 2963 2954; x_wconf 91' lang='lat' dir='ltr'><strong>potest</strong></span> <span class='ocrx_word' id='word_1_680' title='bbox 2989 2884 3090 2938; x_wconf 91' lang='lat' dir='ltr'><strong>hoc</strong></span> <span class='ocrx_word' id='word_1_681' title='bbox 3123 2894 3394 2954; x_wconf 87' lang='lat' dir='ltr'><strong>peccatum</strong></span> <span class='ocrx_word' id='word_1_682' title='bbox 3418 2885 3618 2939; x_wconf 75' lang='lat' dir='ltr'><strong>vitari?</strong></span> <span class='ocrx_word' id='word_1_683' title='bbox 3644 2900 3750 2938; x_wconf 91' lang='lat' dir='ltr'><strong>non</strong></span> 
     </span>
    </p>
   </div>
   <div class='ocr_carea' id='block_1_90' title="bbox 2158 2974 3754 3044">
    <p class='ocr_par' dir='ltr' id='par_1_90' title="bbox 2158 2974 3754 3044">
     <span class='ocr_line' id='line_1_90' title="bbox 2158 2974 3754 3044; baseline 0 -14"><span class='ocrx_word' id='word_1_684' title='bbox 2158 2979 2301 3030; x_wconf 91' lang='lat' dir='ltr'><strong>enim</strong></span> <span class='ocrx_word' id='word_1_685' title='bbox 2350 2990 2447 3044; x_wconf 90' lang='lat' dir='ltr'><strong>par</strong></span> <span class='ocrx_word' id='word_1_686' title='bbox 2495 2983 2576 3029; x_wconf 93' lang='lat' dir='ltr'><strong>cst</strong></span> <span class='ocrx_word' id='word_1_687' title='bbox 2622 2989 2780 3043; x_wconf 89' lang='lat' dir='ltr'><strong>quam</strong></span> <span class='ocrx_word' id='word_1_688' title='bbox 2827 2989 2989 3043; x_wconf 89' lang='lat' dir='ltr'><strong>grave</strong></span> <span class='ocrx_word' id='word_1_689' title='bbox 3045 2975 3113 3028; x_wconf 91' lang='lat' dir='ltr'><strong>sit</strong></span> <span class='ocrx_word' id='word_1_690' title='bbox 3163 2981 3436 3042; x_wconf 82' lang='lat' dir='ltr'><strong>peccatum</strong></span> <span class='ocrx_word' id='word_1_691' title='bbox 3480 2974 3754 3030; x_wconf 79' lang='lat' dir='ltr'><strong>dumtaxat</strong></span> 
     </span>
    </p>
   </div>
   <div class='ocr_carea' id='block_1_91' title="bbox 2158 3065 3756 3136">
    <p class='ocr_par' dir='ltr' id='par_1_91' title="bbox 2158 3065 3756 3136">
     <span class='ocr_line' id='line_1_91' title="bbox 2158 3065 3756 3136; baseline -0.001 -14"><span class='ocrx_word' id='word_1_692' title='bbox 2158 3067 2461 3129; x_wconf 87' lang='lat' dir='ltr'><strong>ostendere,</strong></span> <span class='ocrx_word' id='word_1_693' title='bbox 2514 3065 2606 3119; x_wconf 91' lang='lat' dir='ltr'><strong>sed</strong></span> <span class='ocrx_word' id='word_1_694' title='bbox 2653 3066 2954 3130; x_wconf 89' lang='lat' dir='ltr'><strong>consilium,</strong></span> <span class='ocrx_word' id='word_1_695' title='bbox 3003 3080 3109 3135; x_wconf 93' lang='lat' dir='ltr'><strong>quo</strong></span> <span class='ocrx_word' id='word_1_696' title='bbox 3149 3065 3218 3119; x_wconf 89' lang='lat' dir='ltr'><strong>ab</strong></span> <span class='ocrx_word' id='word_1_697' title='bbox 3248 3081 3312 3119; x_wconf 92' lang='lat' dir='ltr'><strong>co</strong></span> <span class='ocrx_word' id='word_1_698' title='bbox 3342 3065 3553 3120; x_wconf 86' lang='lat' dir='ltr'><strong>liberari</strong></span> <span class='ocrx_word' id='word_1_699' title='bbox 3583 3065 3756 3136; x_wconf 85' lang='lat' dir='ltr'><strong>possi-</strong></span> 
     </span>
    </p>
   </div>
   <div class='ocr_carea' id='block_1_92' title="bbox 2161 3156 3750 3226">
    <p class='ocr_par' dir='ltr' id='par_1_92' title="bbox 2161 3156 3750 3226">
     <span class='ocr_line' id='line_1_92' title="bbox 2161 3156 3750 3226; baseline 0.001 -14"><span class='ocrx_word' id='word_1_700' title='bbox 2161 3173 2282 3212; x_wconf 90' lang='lat' dir='ltr'><strong>mus</strong></span> <span class='ocrx_word' id='word_1_701' title='bbox 2300 3157 2528 3226; x_wconf 88' lang='lat' dir='ltr'><strong>aperire.</strong></span> <span class='ocrx_word' id='word_1_702' title='bbox 2552 3157 2646 3210; x_wconf 83' lang='lat' dir='ltr'><strong>Est</strong></span> <span class='ocrx_word' id='word_1_703' title='bbox 2664 3156 2755 3211; x_wconf 89' lang='lat' dir='ltr'><strong>tibi</strong></span> <span class='ocrx_word' id='word_1_704' title='bbox 2791 3157 3006 3226; x_wconf 83' lang='lat' dir='ltr'><strong>conjux.</strong></span> <span class='ocrx_word' id='word_1_705' title='bbox 3031 3166 3153 3210; x_wconf 90' lang='lat' dir='ltr'><strong>sunt</strong></span> <span class='ocrx_word' id='word_1_706' title='bbox 3176 3157 3268 3211; x_wconf 92' lang='lat' dir='ltr'><strong>tibi</strong></span> <span class='ocrx_word' id='word_1_707' title='bbox 3291 3157 3401 3222; x_wconf 86' lang='lat' dir='ltr'><strong>lilii,</strong></span> <span class='ocrx_word' id='word_1_708' title='bbox 3425 3167 3507 3212; x_wconf 90' lang='lat' dir='ltr'><strong>est</strong></span> <span class='ocrx_word' id='word_1_709' title='bbox 3527 3159 3750 3225; x_wconf 85' lang='lat' dir='ltr'><strong>amicus,</strong></span> 
     </span>
    </p>
   </div>
   <div class='ocr_carea' id='block_1_93' title="bbox 2159 3248 3758 3319">
    <p class='ocr_par' dir='ltr' id='par_1_93' title="bbox 2159 3248 3758 3319">
     <span class='ocr_line' id='line_1_93' title="bbox 2159 3248 3758 3319; baseline -0.001 -15"><span class='ocrx_word' id='word_1_710' title='bbox 2159 3259 2438 3319; x_wconf 91' lang='lat' dir='ltr'><strong>cognatus,</strong></span> <span class='ocrx_word' id='word_1_711' title='bbox 2464 3249 2668 3304; x_wconf 91' lang='lat' dir='ltr'><strong>vicinus</strong></span> <span class='ocrx_word' id='word_1_712' title='bbox 2699 3265 2713 3301; x_wconf 89' lang='lat'><strong>:</strong></span> <span class='ocrx_word' id='word_1_713' title='bbox 2748 3248 2830 3302; x_wconf 92' lang='lat' dir='ltr'><strong>his</strong></span> <span class='ocrx_word' id='word_1_714' title='bbox 2855 3249 3102 3302; x_wconf 91' lang='lat' dir='ltr'><strong>omnibus</strong></span> <span class='ocrx_word' id='word_1_715' title='bbox 3127 3249 3261 3302; x_wconf 91' lang='lat' dir='ltr'><strong>hanc</strong></span> <span class='ocrx_word' id='word_1_716' title='bbox 3287 3264 3449 3318; x_wconf 88' lang='lat' dir='ltr'><strong>super</strong></span> <span class='ocrx_word' id='word_1_717' title='bbox 3474 3249 3556 3303; x_wconf 92' lang='lat' dir='ltr'><strong>his</strong></span> <span class='ocrx_word' id='word_1_718' title='bbox 3577 3260 3758 3303; x_wconf 87' lang='lat' dir='ltr'><strong>custo-</strong></span> 
     </span>
    </p>
   </div>
   <div class='ocr_carea' id='block_1_94' title="bbox 2157 3339 3755 3406">
    <p class='ocr_par' dir='ltr' id='par_1_94' title="bbox 2157 3339 3755 3406">
     <span class='ocr_line' id='line_1_94' title="bbox 2157 3339 3755 3406; baseline 0.001 -13"><span class='ocrx_word' id='word_1_719' title='bbox 2157 3339 2301 3393; x_wconf 91' lang='lat' dir='ltr'><strong>diam</strong></span> <span class='ocrx_word' id='word_1_720' title='bbox 2347 3341 2629 3394; x_wconf 90' lang='lat' dir='ltr'><strong>demanda.</strong></span> <span class='ocrx_word' id='word_1_721' title='bbox 2663 3339 2849 3394; x_wconf 84' lang='lat' dir='ltr'><strong>Gravis</strong></span> <span class='ocrx_word' id='word_1_722' title='bbox 2895 3353 2981 3393; x_wconf 89' lang='lat' dir='ltr'><strong>res</strong></span> <span class='ocrx_word' id='word_1_723' title='bbox 3027 3347 3111 3392; x_wconf 91' lang='lat' dir='ltr'><strong>est</strong></span> <span class='ocrx_word' id='word_1_724' title='bbox 3158 3340 3509 3406; x_wconf 89' lang='lat' dir='ltr'><strong>consuetudo,</strong></span> <span class='ocrx_word' id='word_1_725' title='bbox 3541 3339 3755 3395; x_wconf 83' lang='lat' dir='ltr'><strong>difﬁcile</strong></span> 
     </span>
    </p>
   </div>
   <div class='ocr_carea' id='block_1_95' title="bbox 2161 3428 3755 3498">
    <p class='ocr_par' dir='ltr' id='par_1_95' title="bbox 2161 3428 3755 3498">
     <span class='ocr_line' id='line_1_95' title="bbox 2161 3428 3755 3498; baseline 0.001 -14"><span class='ocrx_word' id='word_1_726' title='bbox 2161 3438 2244 3485; x_wconf 89' lang='lat' dir='ltr'><strong>est</strong></span> <span class='ocrx_word' id='word_1_727' title='bbox 2272 3445 2390 3484; x_wconf 92' lang='lat' dir='ltr'><strong>eam</strong></span> <span class='ocrx_word' id='word_1_728' title='bbox 2417 3431 2484 3485; x_wconf 90' lang='lat' dir='ltr'><strong>de</strong></span> <span class='ocrx_word' id='word_1_729' title='bbox 2509 3429 2687 3485; x_wconf 89' lang='lat' dir='ltr'><strong>medio</strong></span> <span class='ocrx_word' id='word_1_730' title='bbox 2716 3429 2923 3492; x_wconf 91' lang='lat' dir='ltr'><strong>tollere,</strong></span> <span class='ocrx_word' id='word_1_731' title='bbox 2954 3428 3176 3483; x_wconf 90' lang='lat' dir='ltr'><strong>arduum</strong></span> <span class='ocrx_word' id='word_1_732' title='bbox 3206 3439 3287 3483; x_wconf 89' lang='lat' dir='ltr'><strong>est</strong></span> <span class='ocrx_word' id='word_1_733' title='bbox 3315 3431 3380 3484; x_wconf 90' lang='lat' dir='ltr'><strong>ab</strong></span> <span class='ocrx_word' id='word_1_734' title='bbox 3411 3431 3493 3485; x_wconf 91' lang='lat' dir='ltr'><strong>illa</strong></span> <span class='ocrx_word' id='word_1_735' title='bbox 3525 3446 3713 3485; x_wconf 83' lang='lat' dir='ltr'><strong>cavere</strong></span> <span class='ocrx_word' id='word_1_736' title='bbox 3735 3470 3755 3498; x_wconf 87' lang='lat'><strong>,</strong></span> 
     </span>
    </p>
   </div>
   <div class='ocr_carea' id='block_1_96' title="bbox 2163 3521 3759 3593">
    <p class='ocr_par' dir='ltr' id='par_1_96' title="bbox 2163 3521 3759 3593">
     <span class='ocr_line' id='line_1_96' title="bbox 2163 3521 3759 3593; baseline 0 -17"><span class='ocrx_word' id='word_1_737' title='bbox 2163 3523 2358 3577; x_wconf 89' lang='lat' dir='ltr'><strong>invitos</strong></span> <span class='ocrx_word' id='word_1_738' title='bbox 2387 3537 2528 3593; x_wconf 73' lang='lat' dir='ltr'><strong>strpe</strong></span> <span class='ocrx_word' id='word_1_739' title='bbox 2575 3531 2628 3576; x_wconf 88' lang='lat' dir='ltr'><strong>et</strong></span> <span class='ocrx_word' id='word_1_740' title='bbox 2675 3521 3040 3590; x_wconf 88' lang='lat' dir='ltr'><strong>imprudentes</strong></span> <span class='ocrx_word' id='word_1_741' title='bbox 3088 3521 3306 3575; x_wconf 85' lang='lat' dir='ltr'><strong>invadit.</strong></span> <span class='ocrx_word' id='word_1_742' title='bbox 3356 3521 3516 3591; x_wconf 87' lang='lat' dir='ltr'><strong>Igitur</strong></span> <span class='ocrx_word' id='word_1_743' title='bbox 3559 3533 3759 3593; x_wconf 89' lang='lat' dir='ltr'><strong>quanto</strong></span> 
     </span>
    </p>
   </div>
   <div class='ocr_carea' id='block_1_97' title="bbox 2164 3611 3750 3683">
    <p class='ocr_par' dir='ltr' id='par_1_97' title="bbox 2164 3611 3750 3683">
     <span class='ocr_line' id='line_1_97' title="bbox 2164 3611 3750 3683; baseline -0.001 -15"><span class='ocrx_word' id='word_1_744' title='bbox 2164 3615 2419 3683; x_wconf 89' lang='lat' dir='ltr'><strong>majorem</strong></span> <span class='ocrx_word' id='word_1_745' title='bbox 2445 3615 2582 3667; x_wconf 89' lang='lat' dir='ltr'><strong>nosti</strong></span> <span class='ocrx_word' id='word_1_746' title='bbox 2607 3617 2713 3666; x_wconf 88' lang='lat' dir='ltr'><strong>vim</strong></span> <span class='ocrx_word' id='word_1_747' title='bbox 2736 3611 3156 3676; x_wconf 89' lang='lat' dir='ltr'><strong>consuetudinis,</strong></span> <span class='ocrx_word' id='word_1_748' title='bbox 3183 3621 3329 3666; x_wconf 90' lang='lat' dir='ltr'><strong>tanto</strong></span> <span class='ocrx_word' id='word_1_749' title='bbox 3352 3614 3517 3682; x_wconf 82' lang='lat' dir='ltr'><strong>magis</strong></span> <span class='ocrx_word' id='word_1_750' title='bbox 3539 3630 3564 3664; x_wconf 90' lang='lat' dir='ltr'><strong>a</strong></span> <span class='ocrx_word' id='word_1_751' title='bbox 3589 3629 3750 3681; x_wconf 87' lang='lat' dir='ltr'><strong>prava</strong></span> 
     </span>
    </p>
   </div>
   <div class='ocr_carea' id='block_1_98' title="bbox 2163 3705 3760 3774">
    <p class='ocr_par' dir='ltr' id='par_1_98' title="bbox 2163 3705 3760 3774">
     <span class='ocr_line' id='line_1_98' title="bbox 2163 3705 3760 3774; baseline 0 -15"><span class='ocrx_word' id='word_1_752' title='bbox 2163 3705 2550 3760; x_wconf 87' lang='lat' dir='ltr'><strong>consuetudine</strong></span> <span class='ocrx_word' id='word_1_753' title='bbox 2601 3706 2810 3758; x_wconf 84' lang='lat' dir='ltr'><strong>liberari</strong></span> <span class='ocrx_word' id='word_1_754' title='bbox 2842 3713 3021 3774; x_wconf 88' lang='lat' dir='ltr'><strong>satage</strong></span> <span class='ocrx_word' id='word_1_755' title='bbox 3047 3713 3102 3758; x_wconf 91' lang='lat' dir='ltr'><strong>et</strong></span> <span class='ocrx_word' id='word_1_756' title='bbox 3147 3705 3213 3757; x_wconf 84' lang='lat' dir='ltr'><strong>ail</strong></span> <span class='ocrx_word' id='word_1_757' title='bbox 3243 3705 3397 3757; x_wconf 88' lang='lat' dir='ltr'><strong>aliam</strong></span> <span class='ocrx_word' id='word_1_758' title='bbox 3430 3706 3760 3759; x_wconf 81' lang='lat' dir='ltr'><strong>utilissimam</strong></span> 
     </span>
    </p>
   </div>
   <div class='ocr_carea' id='block_1_99' title="bbox 2166 3795 3762 3862">
    <p class='ocr_par' dir='ltr' id='par_1_99' title="bbox 2166 3795 3762 3862">
     <span class='ocr_line' id='line_1_99' title="bbox 2166 3795 3762 3862; baseline -0.002 -11"><span class='ocrx_word' id='word_1_759' title='bbox 2166 3806 2217 3851; x_wconf 92' lang='lat' dir='ltr'><strong>te</strong></span> <span class='ocrx_word' id='word_1_760' title='bbox 2244 3797 2490 3850; x_wconf 76' lang='lat' dir='ltr'><strong>transfer.</strong></span> <span class='ocrx_word' id='word_1_761' title='bbox 2525 3795 2983 3862; x_wconf 90' lang='lat' dir='ltr'><strong>Quemadmodum</strong></span> <span class='ocrx_word' id='word_1_762' title='bbox 3030 3795 3171 3848; x_wconf 88' lang='lat' dir='ltr'><strong>enim</strong></span> <span class='ocrx_word' id='word_1_763' title='bbox 3207 3805 3257 3848; x_wconf 88' lang='lat' dir='ltr'><strong>te</strong></span> <span class='ocrx_word' id='word_1_764' title='bbox 3303 3796 3444 3847; x_wconf 89' lang='lat' dir='ltr'><strong>illam</strong></span> <span class='ocrx_word' id='word_1_765' title='bbox 3487 3805 3762 3856; x_wconf 81' lang='lat' dir='ltr'><strong>curantem</strong></span> 
     </span>
    </p>
   </div>
   <div class='ocr_carea' id='block_1_100' title="bbox 2168 3885 3758 3958">
    <p class='ocr_par' dir='ltr' id='par_1_100' title="bbox 2168 3885 3758 3958">
     <span class='ocr_line' id='line_1_100' title="bbox 2168 3885 3758 3958; baseline -0.004 -14"><span class='ocrx_word' id='word_1_766' title='bbox 2168 3904 2333 3958; x_wconf 69' lang='lat' dir='ltr'><strong>smpe,</strong></span> <span class='ocrx_word' id='word_1_767' title='bbox 2365 3887 2432 3941; x_wconf 85' lang='lat' dir='ltr'><strong>ab</strong></span> <span class='ocrx_word' id='word_1_768' title='bbox 2459 3887 2543 3940; x_wconf 89' lang='lat' dir='ltr'><strong>illa</strong></span> <span class='ocrx_word' id='word_1_769' title='bbox 2572 3895 2851 3940; x_wconf 90' lang='lat' dir='ltr'><strong>caventem</strong></span> <span class='ocrx_word' id='word_1_770' title='bbox 2890 3894 3047 3955; x_wconf 91' lang='lat' dir='ltr'><strong>teque</strong></span> <span class='ocrx_word' id='word_1_771' title='bbox 3075 3885 3299 3939; x_wconf 83' lang='lat' dir='ltr'><strong>sollicite</strong></span> <span class='ocrx_word' id='word_1_772' title='bbox 3326 3886 3713 3939; x_wconf 89' lang='lat' dir='ltr'><strong>custodientem</strong></span> <span class='ocrx_word' id='word_1_773' title='bbox 3744 3929 3758 3950; x_wconf 87' lang='lat'><strong>,</strong></span> 
     </span>
    </p>
   </div>
   <div class='ocr_carea' id='block_1_101' title="bbox 2171 3975 3762 4050">
    <p class='ocr_par' dir='ltr' id='par_1_101' title="bbox 2171 3975 3762 4050">
     <span class='ocr_line' id='line_1_101' title="bbox 2171 3975 3762 4050; baseline -0.001 -18"><span class='ocrx_word' id='word_1_774' title='bbox 2171 3980 2340 4050; x_wconf 89' lang='lat' dir='ltr'><strong>potuit</strong></span> <span class='ocrx_word' id='word_1_775' title='bbox 2384 3979 2745 4047; x_wconf 89' lang='lat' dir='ltr'><strong>supplantare,</strong></span> <span class='ocrx_word' id='word_1_776' title='bbox 2777 3977 2846 4030; x_wconf 89' lang='lat' dir='ltr'><strong>ita</strong></span> <span class='ocrx_word' id='word_1_777' title='bbox 2886 3977 2929 4029; x_wconf 90' lang='lat' dir='ltr'><strong>si</strong></span> <span class='ocrx_word' id='word_1_778' title='bbox 2973 3984 3026 4030; x_wconf 90' lang='lat' dir='ltr'><strong>te</strong></span> <span class='ocrx_word' id='word_1_779' title='bbox 3078 3979 3128 4028; x_wconf 86' lang='lat' dir='ltr'><strong>in</strong></span> <span class='ocrx_word' id='word_1_780' title='bbox 3174 3975 3365 4029; x_wconf 87' lang='lat' dir='ltr'><strong>bonam</strong></span> <span class='ocrx_word' id='word_1_781' title='bbox 3398 3990 3504 4029; x_wconf 91' lang='lat' dir='ltr'><strong>non</strong></span> <span class='ocrx_word' id='word_1_782' title='bbox 3549 3977 3762 4044; x_wconf 91' lang='lat' dir='ltr'><strong>jnrandi</strong></span> 
     </span>
    </p>
   </div>
   <div class='ocr_carea' id='block_1_102' title="bbox 2167 4065 3764 4136">
    <p class='ocr_par' dir='ltr' id='par_1_102' title="bbox 2167 4065 3764 4136">
     <span class='ocr_line' id='line_1_102' title="bbox 2167 4065 3764 4136; baseline -0.001 -14"><span class='ocrx_word' id='word_1_783' title='bbox 2167 4069 2606 4122; x_wconf 71' lang='lat' dir='ltr'><strong>consuetudinem</strong></span> <span class='ocrx_word' id='word_1_784' title='bbox 2659 4066 2965 4131; x_wconf 81' lang='lat' dir='ltr'><strong>transferas,</strong></span> <span class='ocrx_word' id='word_1_785' title='bbox 3011 4081 3108 4120; x_wconf 92' lang='lat' dir='ltr'><strong>nec</strong></span> <span class='ocrx_word' id='word_1_786' title='bbox 3155 4065 3348 4119; x_wconf 90' lang='lat' dir='ltr'><strong>invitus</strong></span> <span class='ocrx_word' id='word_1_787' title='bbox 3377 4083 3622 4136; x_wconf 88' lang='lat' dir='ltr'><strong>umquam</strong></span> <span class='ocrx_word' id='word_1_788' title='bbox 3667 4083 3764 4122; x_wconf 91' lang='lat' dir='ltr'><strong>nec</strong></span> 
     </span>
    </p>
   </div>
   <div class='ocr_carea' id='block_1_103' title="bbox 2169 4155 3762 4227">
    <p class='ocr_par' dir='ltr' id='par_1_103' title="bbox 2169 4155 3762 4227">
     <span class='ocr_line' id='line_1_103' title="bbox 2169 4155 3762 4227; baseline 0.001 -17"><span class='ocrx_word' id='word_1_789' title='bbox 2169 4173 2356 4212; x_wconf 87' lang='lat' dir='ltr'><strong>socors</strong></span> <span class='ocrx_word' id='word_1_790' title='bbox 2412 4159 2611 4227; x_wconf 86' lang='lat' dir='ltr'><strong>poteris</strong></span> <span class='ocrx_word' id='word_1_791' title='bbox 2654 4158 2704 4210; x_wconf 92' lang='lat' dir='ltr'><strong>in</strong></span> <span class='ocrx_word' id='word_1_792' title='bbox 2729 4156 3021 4225; x_wconf 89' lang='lat' dir='ltr'><strong>juramenti</strong></span> <span class='ocrx_word' id='word_1_793' title='bbox 3069 4156 3272 4224; x_wconf 89' lang='lat' dir='ltr'><strong>lapsum</strong></span> <span class='ocrx_word' id='word_1_794' title='bbox 3323 4155 3536 4211; x_wconf 83' lang='lat' dir='ltr'><strong>deferri.</strong></span> <span class='ocrx_word' id='word_1_795' title='bbox 3577 4157 3762 4226; x_wconf 83' lang='lat' dir='ltr'><strong>Magna</strong></span> 
     </span>
    </p>
   </div>
   <div class='ocr_carea' id='block_1_104' title="bbox 2167 4247 3764 4317">
    <p class='ocr_par' dir='ltr' id='par_1_104' title="bbox 2167 4247 3764 4317">
     <span class='ocr_line' id='line_1_104' title="bbox 2167 4247 3764 4317; baseline 0.001 -15"><span class='ocrx_word' id='word_1_796' title='bbox 2167 4249 2347 4317; x_wconf 88' lang='lat' dir='ltr'><strong>utique</strong></span> <span class='ocrx_word' id='word_1_797' title='bbox 2387 4262 2473 4302; x_wconf 89' lang='lat' dir='ltr'><strong>res</strong></span> <span class='ocrx_word' id='word_1_798' title='bbox 2509 4250 2860 4310; x_wconf 89' lang='lat' dir='ltr'><strong>consuetudo,</strong></span> <span class='ocrx_word' id='word_1_799' title='bbox 2909 4263 3026 4316; x_wconf 77' lang='lat' dir='ltr'><strong>quin</strong></span> <span class='ocrx_word' id='word_1_800' title='bbox 3074 4257 3276 4301; x_wconf 74' lang='lat' dir='ltr'><strong>naturze</strong></span> <span class='ocrx_word' id='word_1_801' title='bbox 3323 4247 3426 4301; x_wconf 84' lang='lat' dir='ltr'><strong>vim</strong></span> <span class='ocrx_word' id='word_1_802' title='bbox 3479 4248 3654 4304; x_wconf 89' lang='lat' dir='ltr'><strong>habet.</strong></span> <span class='ocrx_word' id='word_1_803' title='bbox 3684 4248 3764 4304; x_wconf 84' lang='lat' dir='ltr'><strong>Ne</strong></span> 
     </span>
    </p>
   </div>
   <div class='ocr_carea' id='block_1_105' title="bbox 2170 4337 3759 4408">
    <p class='ocr_par' dir='ltr' id='par_1_105' title="bbox 2170 4337 3759 4408">
     <span class='ocr_line' id='line_1_105' title="bbox 2170 4337 3759 4408; baseline 0.001 -16"><span class='ocrx_word' id='word_1_804' title='bbox 2170 4339 2328 4408; x_wconf 87' lang='lat' dir='ltr'><strong>igitur</strong></span> <span class='ocrx_word' id='word_1_805' title='bbox 2355 4337 2406 4392; x_wconf 91' lang='lat' dir='ltr'><strong>id</strong></span> <span class='ocrx_word' id='word_1_806' title='bbox 2447 4337 2753 4408; x_wconf 84' lang='lat' dir='ltr'><strong>frequenter</strong></span> <span class='ocrx_word' id='word_1_807' title='bbox 2794 4353 3032 4406; x_wconf 87' lang='lat' dir='ltr'><strong>agamus,</strong></span> <span class='ocrx_word' id='word_1_808' title='bbox 3068 4339 3118 4392; x_wconf 93' lang='lat' dir='ltr'><strong>in</strong></span> <span class='ocrx_word' id='word_1_809' title='bbox 3164 4339 3321 4392; x_wconf 83' lang='lat' dir='ltr'><strong>aliam</strong></span> <span class='ocrx_word' id='word_1_810' title='bbox 3353 4355 3449 4393; x_wconf 82' lang='lat' dir='ltr'><strong>nes</strong></span> <span class='ocrx_word' id='word_1_811' title='bbox 3475 4351 3759 4395; x_wconf 88' lang='lat' dir='ltr'><strong>consuetu-</strong></span> 
     </span>
    </p>
   </div>
   <div class='ocr_carea' id='block_1_106' title="bbox 2171 4428 3766 4497">
    <p class='ocr_par' dir='ltr' id='par_1_106' title="bbox 2171 4428 3766 4497">
     <span class='ocr_line' id='line_1_106' title="bbox 2171 4428 3766 4497; baseline 0.004 -14"><span class='ocrx_word' id='word_1_812' title='bbox 2171 4429 2348 4484; x_wconf 87' lang='lat' dir='ltr'><strong>dinem</strong></span> <span class='ocrx_word' id='word_1_813' title='bbox 2382 4429 2760 4483; x_wconf 79' lang='lat' dir='ltr'><strong>transl‘eramus</strong></span> <span class='ocrx_word' id='word_1_814' title='bbox 2793 4443 2859 4482; x_wconf 88' lang='lat' dir='ltr'><strong>:a</strong></span> <span class='ocrx_word' id='word_1_815' title='bbox 2888 4428 3110 4497; x_wconf 87' lang='lat' dir='ltr'><strong>singulis</strong></span> <span class='ocrx_word' id='word_1_816' title='bbox 3141 4437 3316 4483; x_wconf 91' lang='lat' dir='ltr'><strong>tecum</strong></span> <span class='ocrx_word' id='word_1_817' title='bbox 3367 4432 3664 4488; x_wconf 86' lang='lat' dir='ltr'><strong>viventibus</strong></span> <span class='ocrx_word' id='word_1_818' title='bbox 3711 4444 3766 4488; x_wconf 89' lang='lat' dir='ltr'><strong>et</strong></span> 
     </span>
    </p>
   </div>
   <div class='ocr_carea' id='block_1_107' title="bbox 2172 4521 3762 4590">
    <p class='ocr_par' dir='ltr' id='par_1_107' title="bbox 2172 4521 3762 4590">
     <span class='ocr_line' id='line_1_107' title="bbox 2172 4521 3762 4590; baseline 0.003 -14"><span class='ocrx_word' id='word_1_819' title='bbox 2172 4522 2504 4577; x_wconf 87' lang='lat' dir='ltr'><strong>versantibus</strong></span> <span class='ocrx_word' id='word_1_820' title='bbox 2559 4522 2694 4576; x_wconf 90' lang='lat' dir='ltr'><strong>hanc</strong></span> <span class='ocrx_word' id='word_1_821' title='bbox 2740 4521 2960 4590; x_wconf 87' lang='lat' dir='ltr'><strong>gratiam</strong></span> <span class='ocrx_word' id='word_1_822' title='bbox 3009 4521 3236 4588; x_wconf 88' lang='lat' dir='ltr'><strong>postula,</strong></span> <span class='ocrx_word' id='word_1_823' title='bbox 3282 4529 3339 4575; x_wconf 91' lang='lat' dir='ltr'><strong>ut</strong></span> <span class='ocrx_word' id='word_1_824' title='bbox 3383 4531 3434 4578; x_wconf 91' lang='lat' dir='ltr'><strong>te</strong></span> <span class='ocrx_word' id='word_1_825' title='bbox 3483 4524 3762 4580; x_wconf 82' lang='lat' dir='ltr'><strong>hortentur</strong></span> 
     </span>
    </p>
   </div>
   <div class='ocr_carea' id='block_1_108' title="bbox 2172 4610 3762 4685">
    <p class='ocr_par' dir='ltr' id='par_1_108' title="bbox 2172 4610 3762 4685">
     <span class='ocr_line' id='line_1_108' title="bbox 2172 4610 3762 4685; baseline 0.003 -19"><span class='ocrx_word' id='word_1_826' title='bbox 2172 4622 2331 4681; x_wconf 89' lang='lat' dir='ltr'><strong>atque</strong></span> <span class='ocrx_word' id='word_1_827' title='bbox 2361 4613 2613 4667; x_wconf 89' lang='lat' dir='ltr'><strong>inducant</strong></span> <span class='ocrx_word' id='word_1_828' title='bbox 2639 4610 2704 4666; x_wconf 86' lang='lat' dir='ltr'><strong>ad</strong></span> <span class='ocrx_word' id='word_1_829' title='bbox 2755 4611 3022 4665; x_wconf 86' lang='lat' dir='ltr'><strong>vitandum</strong></span> <span class='ocrx_word' id='word_1_830' title='bbox 3046 4611 3427 4681; x_wconf 90' lang='lat' dir='ltr'><strong>jnramcntum,</strong></span> <span class='ocrx_word' id='word_1_831' title='bbox 3460 4614 3762 4685; x_wconf 88' lang='lat' dir='ltr'><strong>deprehen-</strong></span> 
     </span>
    </p>
   </div>
   <div class='ocr_carea' id='block_1_109' title="bbox 2174 4703 3759 4777">
    <p class='ocr_par' dir='ltr' id='par_1_109' title="bbox 2174 4703 3759 4777">
     <span class='ocr_line' id='line_1_109' title="bbox 2174 4703 3759 4777; baseline 0.003 -18"><span class='ocrx_word' id='word_1_832' title='bbox 2174 4719 2289 4759; x_wconf 90' lang='lat' dir='ltr'><strong>suin</strong></span> <span class='ocrx_word' id='word_1_833' title='bbox 2316 4715 2557 4774; x_wconf 87' lang='lat' dir='ltr'><strong>arguant.</strong></span> <span class='ocrx_word' id='word_1_834' title='bbox 2596 4703 2727 4758; x_wconf 83' lang='lat' dir='ltr'><strong>Nam</strong></span> <span class='ocrx_word' id='word_1_835' title='bbox 2755 4719 2937 4758; x_wconf 89' lang='lat' dir='ltr'><strong>eorum</strong></span> <span class='ocrx_word' id='word_1_836' title='bbox 2983 4704 3124 4758; x_wconf 90' lang='lat' dir='ltr'><strong>circa</strong></span> <span class='ocrx_word' id='word_1_837' title='bbox 3157 4713 3210 4758; x_wconf 94' lang='lat' dir='ltr'><strong>te</strong></span> <span class='ocrx_word' id='word_1_838' title='bbox 3239 4707 3479 4760; x_wconf 90' lang='lat' dir='ltr'><strong>custodia</strong></span> <span class='ocrx_word' id='word_1_839' title='bbox 3515 4709 3597 4762; x_wconf 92' lang='lat' dir='ltr'><strong>vel</strong></span> <span class='ocrx_word' id='word_1_840' title='bbox 3633 4709 3759 4777; x_wconf 81' lang='lat' dir='ltr'><strong>ipsis</strong></span> 
     </span>
    </p>
   </div>
   <div class='ocr_carea' id='block_1_110' title="bbox 2173 4793 3758 4868">
    <p class='ocr_par' dir='ltr' id='par_1_110' title="bbox 2173 4793 3758 4868">
     <span class='ocr_line' id='line_1_110' title="bbox 2173 4793 3758 4868; baseline 0.003 -19"><span class='ocrx_word' id='word_1_841' title='bbox 2173 4795 2452 4849; x_wconf 91' lang='lat' dir='ltr'><strong>consilium</strong></span> <span class='ocrx_word' id='word_1_842' title='bbox 2482 4804 2535 4848; x_wconf 91' lang='lat' dir='ltr'><strong>et</strong></span> <span class='ocrx_word' id='word_1_843' title='bbox 2563 4793 2864 4848; x_wconf 86' lang='lat' dir='ltr'><strong>adhortatio</strong></span> <span class='ocrx_word' id='word_1_844' title='bbox 2907 4795 3082 4849; x_wconf 92' lang='lat' dir='ltr'><strong>estad</strong></span> <span class='ocrx_word' id='word_1_845' title='bbox 3127 4807 3273 4852; x_wconf 90' lang='lat' dir='ltr'><strong>recte</strong></span> <span class='ocrx_word' id='word_1_846' title='bbox 3302 4799 3582 4868; x_wconf 90' lang='lat' dir='ltr'><strong>agendum.</strong></span> <span class='ocrx_word' id='word_1_847' title='bbox 3627 4799 3758 4854; x_wconf 82' lang='lat' dir='ltr'><strong>Nam</strong></span> 
     </span>
    </p>
   </div>
   <div class='ocr_carea' id='block_1_111' title="bbox 2172 4883 3762 4959">
    <p class='ocr_par' dir='ltr' id='par_1_111' title="bbox 2172 4883 3762 4959">
     <span class='ocr_line' id='line_1_111' title="bbox 2172 4883 3762 4959; baseline 0.005 -22"><span class='ocrx_word' id='word_1_848' title='bbox 2172 4885 2258 4953; x_wconf 91' lang='lat' dir='ltr'><strong>qui</strong></span> <span class='ocrx_word' id='word_1_849' title='bbox 2281 4883 2508 4938; x_wconf 92' lang='lat' dir='ltr'><strong>alterum</strong></span> <span class='ocrx_word' id='word_1_850' title='bbox 2531 4883 2596 4937; x_wconf 90' lang='lat' dir='ltr'><strong>de</strong></span> <span class='ocrx_word' id='word_1_851' title='bbox 2618 4883 2923 4953; x_wconf 88' lang='lat' dir='ltr'><strong>juramento</strong></span> <span class='ocrx_word' id='word_1_852' title='bbox 2959 4896 3194 4953; x_wconf 83' lang='lat' dir='ltr'><strong>accusat,</strong></span> <span class='ocrx_word' id='word_1_853' title='bbox 3238 4903 3343 4942; x_wconf 92' lang='lat' dir='ltr'><strong>non</strong></span> <span class='ocrx_word' id='word_1_854' title='bbox 3374 4887 3523 4943; x_wconf 83' lang='lat' dir='ltr'><strong>facile</strong></span> <span class='ocrx_word' id='word_1_855' title='bbox 3567 4891 3679 4959; x_wconf 91' lang='lat' dir='ltr'><strong>ipse</strong></span> <span class='ocrx_word' id='word_1_856' title='bbox 3711 4893 3762 4945; x_wconf 91' lang='lat' dir='ltr'><strong>in</strong></span> 
     </span>
    </p>
   </div>
   <div class='ocr_carea' id='block_1_112' title="bbox 2170 4975 3762 5048">
    <p class='ocr_par' dir='ltr' id='par_1_112' title="bbox 2170 4975 3762 5048">
     <span class='ocr_line' id='line_1_112' title="bbox 2170 4975 3762 5048; baseline 0.004 -20"><span class='ocrx_word' id='word_1_857' title='bbox 2170 4975 2273 5028; x_wconf 91' lang='lat' dir='ltr'><strong>hoc</strong></span> <span class='ocrx_word' id='word_1_858' title='bbox 2296 4975 2603 5029; x_wconf 90' lang='lat' dir='ltr'><strong>barathrum</strong></span> <span class='ocrx_word' id='word_1_859' title='bbox 2646 4976 2863 5031; x_wconf 91' lang='lat' dir='ltr'><strong>incidet.</strong></span> <span class='ocrx_word' id='word_1_860' title='bbox 2897 4976 3212 5031; x_wconf 86' lang='lat' dir='ltr'><strong>Darathrum</strong></span> <span class='ocrx_word' id='word_1_861' title='bbox 3235 4978 3374 5032; x_wconf 90' lang='lat' dir='ltr'><strong>enim</strong></span> <span class='ocrx_word' id='word_1_862' title='bbox 3406 4993 3510 5032; x_wconf 93' lang='lat' dir='ltr'><strong>non</strong></span> <span class='ocrx_word' id='word_1_863' title='bbox 3543 4995 3762 5048; x_wconf 90' lang='lat' dir='ltr'><strong>parvum</strong></span> 
     </span>
    </p>
   </div>
   <div class='ocr_carea' id='block_1_113' title="bbox 2174 5067 3766 5136">
    <p class='ocr_par' dir='ltr' id='par_1_113' title="bbox 2174 5067 3766 5136">
     <span class='ocr_line' id='line_1_113' title="bbox 2174 5067 3766 5136; baseline 0.005 -16"><span class='ocrx_word' id='word_1_864' title='bbox 2174 5075 2256 5120; x_wconf 92' lang='lat' dir='ltr'><strong>est</strong></span> <span class='ocrx_word' id='word_1_865' title='bbox 2301 5067 2516 5135; x_wconf 87' lang='lat' dir='ltr'><strong>jnrandi</strong></span> <span class='ocrx_word' id='word_1_866' title='bbox 2573 5067 2889 5136; x_wconf 88' lang='lat' dir='ltr'><strong>frequentia,</strong></span> <span class='ocrx_word' id='word_1_867' title='bbox 2921 5081 3024 5119; x_wconf 91' lang='lat' dir='ltr'><strong>non</strong></span> <span class='ocrx_word' id='word_1_868' title='bbox 3073 5067 3232 5120; x_wconf 91' lang='lat' dir='ltr'><strong>modo</strong></span> <span class='ocrx_word' id='word_1_869' title='bbox 3261 5082 3382 5122; x_wconf 90' lang='lat' dir='ltr'><strong>eum</strong></span> <span class='ocrx_word' id='word_1_870' title='bbox 3421 5068 3489 5124; x_wconf 87' lang='lat' dir='ltr'><strong>de</strong></span> <span class='ocrx_word' id='word_1_871' title='bbox 3531 5073 3766 5128; x_wconf 90' lang='lat' dir='ltr'><strong>minimis</strong></span> 
     </span>
    </p>
   </div>
   <div class='ocr_carea' id='block_1_114' title="bbox 2175 5158 3768 5228">
    <p class='ocr_par' dir='ltr' id='par_1_114' title="bbox 2175 5158 3768 5228">
     <span class='ocr_line' id='line_1_114' title="bbox 2175 5158 3768 5228; baseline 0.006 -17"><span class='ocrx_word' id='word_1_872' title='bbox 2175 5158 2355 5226; x_wconf 89' lang='lat' dir='ltr'><strong>rebus,</strong></span> <span class='ocrx_word' id='word_1_873' title='bbox 2376 5160 2470 5214; x_wconf 87' lang='lat' dir='ltr'><strong>sed</strong></span> <span class='ocrx_word' id='word_1_874' title='bbox 2499 5175 2619 5214; x_wconf 90' lang='lat' dir='ltr'><strong>cum</strong></span> <span class='ocrx_word' id='word_1_875' title='bbox 2641 5159 2705 5213; x_wconf 91' lang='lat' dir='ltr'><strong>de</strong></span> <span class='ocrx_word' id='word_1_876' title='bbox 2727 5158 2970 5212; x_wconf 79' lang='lat' dir='ltr'><strong>maximis</strong></span> <span class='ocrx_word' id='word_1_877' title='bbox 2984 5158 3175 5228; x_wconf 91' lang='lat' dir='ltr'><strong>agitur.</strong></span> <span class='ocrx_word' id='word_1_878' title='bbox 3193 5158 3300 5214; x_wconf 83' lang='lat' dir='ltr'><strong>Nos</strong></span> <span class='ocrx_word' id='word_1_879' title='bbox 3321 5171 3496 5216; x_wconf 91' lang='lat' dir='ltr'><strong>autem</strong></span> <span class='ocrx_word' id='word_1_880' title='bbox 3516 5164 3594 5217; x_wconf 69' lang='lat' dir='ltr'><strong>rel</strong></span> <span class='ocrx_word' id='word_1_881' title='bbox 3622 5164 3768 5220; x_wconf 84' lang='lat' dir='ltr'><strong>olera</strong></span> 
     </span>
    </p>
   </div>
   <div class='ocr_carea' id='block_1_115' title="bbox 2175 5249 3770 5320">
    <p class='ocr_par' dir='ltr' id='par_1_115' title="bbox 2175 5249 3770 5320">
     <span class='ocr_line' id='line_1_115' title="bbox 2175 5249 3770 5320; baseline 0.004 -16"><span class='ocrx_word' id='word_1_882' title='bbox 2175 5261 2437 5316; x_wconf 90' lang='lat' dir='ltr'><strong>ementes,</strong></span> <span class='ocrx_word' id='word_1_883' title='bbox 2461 5250 2611 5304; x_wconf 88' lang='lat' dir='ltr'><strong>valde</strong></span> <span class='ocrx_word' id='word_1_884' title='bbox 2631 5250 2698 5304; x_wconf 91' lang='lat' dir='ltr'><strong>de</strong></span> <span class='ocrx_word' id='word_1_885' title='bbox 2713 5249 2917 5304; x_wconf 88' lang='lat' dir='ltr'><strong>duobus</strong></span> <span class='ocrx_word' id='word_1_886' title='bbox 2939 5249 3108 5304; x_wconf 84' lang='lat' dir='ltr'><strong>obolis</strong></span> <span class='ocrx_word' id='word_1_887' title='bbox 3125 5249 3501 5320; x_wconf 89' lang='lat' dir='ltr'><strong>disceptantes,</strong></span> <span class='ocrx_word' id='word_1_888' title='bbox 3521 5254 3572 5307; x_wconf 92' lang='lat' dir='ltr'><strong>in</strong></span> <span class='ocrx_word' id='word_1_889' title='bbox 3599 5254 3770 5310; x_wconf 89' lang='lat' dir='ltr'><strong>famu-</strong></span> 
     </span>
    </p>
   </div>
   <div class='ocr_carea' id='block_1_116' title="bbox 2177 5343 3762 5416">
    <p class='ocr_par' dir='ltr' id='par_1_116' title="bbox 2177 5343 3762 5416">
     <span class='ocr_line' id='line_1_116' title="bbox 2177 5343 3762 5416; baseline 0.004 -18"><span class='ocrx_word' id='word_1_890' title='bbox 2177 5343 2259 5399; x_wconf 92' lang='lat' dir='ltr'><strong>los</strong></span> <span class='ocrx_word' id='word_1_891' title='bbox 2281 5344 2356 5399; x_wconf 89' lang='lat' dir='ltr'><strong>ira</strong></span> <span class='ocrx_word' id='word_1_892' title='bbox 2379 5343 2628 5400; x_wconf 90' lang='lat' dir='ltr'><strong>commoti</strong></span> <span class='ocrx_word' id='word_1_893' title='bbox 2655 5352 2706 5397; x_wconf 92' lang='lat' dir='ltr'><strong>et</strong></span> <span class='ocrx_word' id='word_1_894' title='bbox 2731 5345 3146 5412; x_wconf 85' lang='lat' dir='ltr'><strong>comminantes,</strong></span> <span class='ocrx_word' id='word_1_895' title='bbox 3168 5346 3330 5400; x_wconf 89' lang='lat' dir='ltr'><strong>Deum</strong></span> <span class='ocrx_word' id='word_1_896' title='bbox 3359 5363 3572 5416; x_wconf 90' lang='lat' dir='ltr'><strong>semper</strong></span> <span class='ocrx_word' id='word_1_897' title='bbox 3601 5350 3762 5405; x_wconf 84' lang='lat' dir='ltr'><strong>advo-</strong></span> 
     </span>
    </p>
   </div>
   <div class='ocr_carea' id='block_1_117' title="bbox 2177 5433 3765 5507">
    <p class='ocr_par' dir='ltr' id='par_1_117' title="bbox 2177 5433 3765 5507">
     <span class='ocr_line' id='line_1_117' title="bbox 2177 5433 3765 5507; baseline 0.005 -18"><span class='ocrx_word' id='word_1_898' title='bbox 2177 5450 2361 5489; x_wconf 90' lang='lat' dir='ltr'><strong>eamus</strong></span> <span class='ocrx_word' id='word_1_899' title='bbox 2392 5445 2598 5490; x_wconf 87' lang='lat' dir='ltr'><strong>testem.</strong></span> <span class='ocrx_word' id='word_1_900' title='bbox 2630 5433 2909 5490; x_wconf 89' lang='lat' dir='ltr'><strong>llomincm</strong></span> <span class='ocrx_word' id='word_1_901' title='bbox 2940 5437 3154 5505; x_wconf 91' lang='lat' dir='ltr'><strong>quidem</strong></span> <span class='ocrx_word' id='word_1_902' title='bbox 3204 5437 3490 5507; x_wconf 87' lang='lat' dir='ltr'><strong>ingenuum</strong></span> <span class='ocrx_word' id='word_1_903' title='bbox 3541 5443 3623 5498; x_wconf 87' lang='lat' dir='ltr'><strong>vel</strong></span> <span class='ocrx_word' id='word_1_904' title='bbox 3664 5442 3765 5498; x_wconf 85' lang='lat' dir='ltr'><strong>levi</strong></span> 
     </span>
    </p>
   </div>
   <div class='ocr_carea' id='block_1_118' title="bbox 2180 5525 3766 5596">
    <p class='ocr_par' dir='ltr' id='par_1_118' title="bbox 2180 5525 3766 5596">
     <span class='ocr_line' id='line_1_118' title="bbox 2180 5525 3766 5596; baseline 0.005 -17"><span class='ocrx_word' id='word_1_905' title='bbox 2180 5526 2434 5596; x_wconf 84' lang='lat' dir='ltr'><strong>dignitate</strong></span> <span class='ocrx_word' id='word_1_906' title='bbox 2472 5525 2772 5593; x_wconf 71' lang='lat' dir='ltr'><strong>praeditum,</strong></span> <span class='ocrx_word' id='word_1_907' title='bbox 2802 5527 2867 5579; x_wconf 88' lang='lat' dir='ltr'><strong>ad</strong></span> <span class='ocrx_word' id='word_1_908' title='bbox 2895 5525 3190 5595; x_wconf 76' lang='lat' dir='ltr'><strong>huiusmodi</strong></span> <span class='ocrx_word' id='word_1_909' title='bbox 3235 5543 3323 5582; x_wconf 88' lang='lat' dir='ltr'><strong>res</strong></span> <span class='ocrx_word' id='word_1_910' title='bbox 3354 5529 3403 5584; x_wconf 91' lang='lat' dir='ltr'><strong>in</strong></span> <span class='ocrx_word' id='word_1_911' title='bbox 3434 5530 3548 5585; x_wconf 83' lang='lat' dir='ltr'><strong>foro</strong></span> <span class='ocrx_word' id='word_1_912' title='bbox 3579 5542 3766 5588; x_wconf 72' lang='lat' dir='ltr'><strong>testem</strong></span> 
     </span>
    </p>
   </div>
   <div class='ocr_carea' id='block_1_119' title="bbox 2180 5617 3767 5694">
    <p class='ocr_par' dir='ltr' id='par_1_119' title="bbox 2180 5617 3767 5694">
     <span class='ocr_line' id='line_1_119' title="bbox 2180 5617 3767 5694; baseline 0.006 -23"><span class='ocrx_word' id='word_1_913' title='bbox 2180 5618 2439 5672; x_wconf 89' lang='lat' dir='ltr'><strong>advocare</strong></span> <span class='ocrx_word' id='word_1_914' title='bbox 2461 5631 2563 5670; x_wconf 89' lang='lat' dir='ltr'><strong>non</strong></span> <span class='ocrx_word' id='word_1_915' title='bbox 2587 5617 2772 5684; x_wconf 88' lang='lat' dir='ltr'><strong>audes,</strong></span> <span class='ocrx_word' id='word_1_916' title='bbox 2806 5618 2884 5674; x_wconf 87' lang='lat' dir='ltr'><strong>vel</strong></span> <span class='ocrx_word' id='word_1_917' title='bbox 2917 5619 2959 5673; x_wconf 91' lang='lat' dir='ltr'><strong>si</strong></span> <span class='ocrx_word' id='word_1_918' title='bbox 2985 5619 3202 5684; x_wconf 89' lang='lat' dir='ltr'><strong>audeas,</strong></span> <span class='ocrx_word' id='word_1_919' title='bbox 3227 5625 3561 5679; x_wconf 74' lang='lat' dir='ltr'><strong>contumeliie</strong></span> <span class='ocrx_word' id='word_1_920' title='bbox 3585 5640 3767 5694; x_wconf 64' lang='lat' dir='ltr'><strong>pmnas</strong></span> 
     </span>
    </p>
   </div>
   <div class='ocr_carea' id='block_1_120' title="bbox 2178 5707 3767 5784">
    <p class='ocr_par' dir='ltr' id='par_1_120' title="bbox 2178 5707 3767 5784">
     <span class='ocr_line' id='line_1_120' title="bbox 2178 5707 3767 5784; baseline 0.004 -23"><span class='ocrx_word' id='word_1_921' title='bbox 2178 5707 2368 5770; x_wconf 86' lang='lat' dir='ltr'><strong>dahis;</strong></span> <span class='ocrx_word' id='word_1_922' title='bbox 2414 5709 2665 5762; x_wconf 68' lang='lat' dir='ltr'><strong>eti-lorum</strong></span> <span class='ocrx_word' id='word_1_923' title='bbox 2714 5718 2888 5763; x_wconf 90' lang='lat' dir='ltr'><strong>autem</strong></span> <span class='ocrx_word' id='word_1_924' title='bbox 2929 5709 3125 5782; x_wconf 80' lang='lat' dir='ltr'><strong>Regem</strong></span> <span class='ocrx_word' id='word_1_925' title='bbox 3156 5721 3210 5766; x_wconf 90' lang='lat' dir='ltr'><strong>et</strong></span> <span class='ocrx_word' id='word_1_926' title='bbox 3237 5715 3543 5784; x_wconf 87' lang='lat' dir='ltr'><strong>angelorum</strong></span> <span class='ocrx_word' id='word_1_927' title='bbox 3593 5715 3767 5768; x_wconf 87' lang='lat' dir='ltr'><strong>Domi-</strong></span> 
     </span>
    </p>
   </div>
   <div class='ocr_carea' id='block_1_121' title="bbox 2182 5801 3771 5878">
    <p class='ocr_par' dir='ltr' id='par_1_121' title="bbox 2182 5801 3771 5878">
     <span class='ocr_line' id='line_1_121' title="bbox 2182 5801 3771 5878; baseline 0.002 -21"><span class='ocrx_word' id='word_1_928' title='bbox 2182 5818 2331 5870; x_wconf 89' lang='lat' dir='ltr'><strong>num,</strong></span> <span class='ocrx_word' id='word_1_929' title='bbox 2380 5802 2491 5857; x_wconf 87' lang='lat' dir='ltr'><strong>sive</strong></span> <span class='ocrx_word' id='word_1_930' title='bbox 2537 5801 2606 5860; x_wconf 91' lang='lat' dir='ltr'><strong>de</strong></span> <span class='ocrx_word' id='word_1_931' title='bbox 2652 5803 2946 5871; x_wconf 88' lang='lat' dir='ltr'><strong>venalibus,</strong></span> <span class='ocrx_word' id='word_1_932' title='bbox 2997 5805 3108 5861; x_wconf 90' lang='lat' dir='ltr'><strong>sive</strong></span> <span class='ocrx_word' id='word_1_933' title='bbox 3149 5805 3216 5862; x_wconf 86' lang='lat' dir='ltr'><strong>de</strong></span> <span class='ocrx_word' id='word_1_934' title='bbox 3261 5808 3517 5878; x_wconf 87' lang='lat' dir='ltr'><strong>pecuniis,</strong></span> <span class='ocrx_word' id='word_1_935' title='bbox 3547 5807 3659 5865; x_wconf 79' lang='lat' dir='ltr'><strong>sive</strong></span> <span class='ocrx_word' id='word_1_936' title='bbox 3702 5804 3771 5860; x_wconf 85' lang='lat' dir='ltr'><strong>de</strong></span> 
     </span>
    </p>
   </div>
  </div>
