4446 6682
762 468 854 523 251
1470 473 1526 528 S.
1566 474 1843 531 JOANNIS
1880 476 2358 534 CllRYSOSTOMl
2396 478 2715 536 ARClllEP.
2744 484 3274 548 CONSTANTINOP.

764 580 992 635 minimis
1044 580 1206 635 rebus
1252 596 1552 635 sermonem
1604 582 1832 647 trabeas,
1883 587 1932 640 in
1982 588 2344 642 testiinonium

761 670 965 735 trahis;
998 672 1231 727 hmcciue
1279 671 1536 725 ferenda?
1565 671 1844 738 Quomodo
1899 677 2188 745 poterimus
2217 693 2344 749 ergo

757 764 823 812 ah
861 759 963 814 hac
988 763 1121 816 mala
1148 762 1535 818 consuetudine
1565 765 1817 819 liberari?
1842 768 1895 819 Si
1921 768 2190 832 custodes,
2214 785 2347 838 quos

755 851 886 913 dixi,
931 852 1069 903 circa
1115 866 1211 905 nos
1251 867 1532 921 ponamus,
1570 862 1883 926 tempusque
1925 857 2079 911 nobis
2125 860 2253 928 ipsis
2278 861 2343 916 ad

757 940 1148 1008 correptionem
1180 942 1585 1007 cousnituatnus,
1619 959 1934 1014 pmnantque
1960 947 2113 1003 nobis
2140 950 2343 1003 iudiea-

754 1044 892 1094 mus,
921 1031 965 1083 si
986 1030 1171 1103 elapso
1193 1040 1429 1101 tempore
1446 1047 1550 1087 non
1572 1036 1839 1090 emendati
1859 1036 2137 1094 fuerimus.
2162 1040 2345 1107 Quod-

753 1134 872 1173 nam
906 1129 1115 1191 tempus
1141 1121 1207 1174 ad
1258 1120 1359 1175 hoc
1400 1123 1531 1176 satis
1574 1126 1720 1179 erit?
1762 1126 1874 1179 Non
1915 1136 2041 1195 puto
2089 1144 2204 1195 eos,
2256 1132 2343 1200 qui

750 1209 1039 1266 admodum
1101 1213 1321 1282 vigilant
1372 1230 1588 1285 suaeque
1641 1218 1887 1272 curanda:
1938 1220 2094 1273 saluti
2152 1222 2343 1277 intenti

750 1312 895 1365 sunt,
932 1303 1047 1371 plus
1074 1302 1258 1357 decem
1306 1304 1493 1359 diebus
1521 1294 1655 1375 opus
1688 1307 1903 1374 habere,
1934 1319 1987 1362 ut
2017 1324 2046 1361 a
2090 1311 2226 1364 mala
2252 1312 2340 1380 ju-

749 1402 1111 1447 ratnentorum
1139 1396 1524 1450 consuetudine
1572 1414 1788 1466 prorsus
1834 1399 2138 1454 liberentur.
2186 1402 2339 1469 Quod

750 1483 794 1536 si
830 1493 949 1552 post
996 1484 1114 1538 illos
1162 1485 1348 1540 decem
1405 1487 1518 1541 dies
1558 1488 1798 1555 jurantes
1828 1489 2294 1558 deprehendamur
2320 1535 2336 1559 ,

748 1587 961 1640 ptenam
1007 1574 1160 1627 nobis
1189 1577 1594 1640 constituamus,
1629 1577 2021 1633 damnationem
2050 1590 2105 1634 et
2134 1582 2335 1652 suppli-

1858 1712 2050 1726 n

3939 515 4047 569 252

2450 589 2591 643 cium
2641 606 2739 660 pro
2768 601 3207 661 prmvaricatioue
3253 608 3559 663 maximum.
3590 613 3759 678 Quam
3786 634 3911 677 vero
3944 627 4035 679 da-

2454 681 2823 737 mnationem?
2854 684 2909 739 ld
2937 704 3043 742 non
3080 706 3180 762 ego
3205 693 3476 767 deﬁniam,
3524 701 3617 756 sed
3645 719 3739 758 vos
3764 720 4046 771 sententia:

2450 767 2698 826 dominos
2721 776 3012 830 constituo.
3039 779 3131 836 Sic
3159 799 3243 850 ea,
3270 802 3389 857 qua:
3411 807 3509 846 nos
3534 804 3795 864 spectant,
3824 767 4045 869 dispcn:

2448 874 2651 923 scmus,
2700 881 2803 919 non
2856 867 3016 922 modo
3064 872 3204 927 circa
3250 877 3573 950 juramenta,
3621 888 3713 942 sed
3751 867 4043 950 circa—alia

2447 952 2700 1018 qumlibet
2744 955 2977 1022 delicta;
3027 975 3091 1015 ac
3155 971 3365 1034 tempus
3411 975 3566 1031 nobis
3618 980 4041 1051 constituentes,

2446 1045 2777 1113 gravissimis
2805 1050 3071 1121 deputatis
3102 1058 3295 1123 pmnis,
3328 1062 3373 1114 si
3404 1066 3691 1135 aliquando
3718 1073 3768 1126 iu
3808 1088 3869 1128 ea
3898 1045 4040 1129 inci;

2447 1135 2653 1200 damus,
2702 1140 2817 1206 puri
2844 1142 2910 1195 ad
2958 1144 3240 1200 Dominum
3288 1164 3532 1209 llOSll‘um
3564 1164 3901 1231 accedemus,
3931 1176 3985 1221 et
4010 1182 4041 1219 a

2446 1226 2687 1295 gehcuna
2715 1229 2851 1298 ignis
2878 1232 3238 1303 liherabimur,
3273 1240 3603 1315 lidenterque
3630 1226 3898 1311 stab'mus
3917 1268 4042 1311 ante

2450 1318 2676 1371 tribunal
2721 1321 2914 1375 Christi
2951 1340 2963 1374 :
2996 1326 3135 1393 quod
3179 1344 3277 1382 nos
3306 1336 3520 1402 assequi
3553 1346 3846 1415 contingat,
3875 1350 4040 1418 gratia

2446 1418 2501 1462 et
2546 1409 2864 1479 benignitate
2909 1413 3119 1469 Domini
3176 1421 3341 1474 nostri
3392 1422 3517 1478 Jesu
3562 1409 3779 1500 Christi,
3826 1409 4040 1507 quicum

2448 1498 2588 1552 Patri
2619 1502 2789 1571 gloria
2820 1519 2922 1558 una
2954 1520 3071 1559 cum
3103 1508 3303 1576 Spiritu
3331 1524 3535 1579 sancto,
3572 1518 3621 1571 in
3649 1498 4041 1584 Saeculasxcu-

2443 1586 2640 1645 lorum.
2670 1594 2861 1649 Amen.

2540 1724 4030 1770 ________________

1804 1715 2995 1911 ὶνῖῖὲἓῆςῖὗῖ

745 1997 827 2039 ΑΙ)
868 1998 1360 2056 ιιιῠΜιΝΔΝΒοε,
1406 2000 1488 2042 ΕΤ
1530 2002 1611 2042 DE
1655 2003 2040 2047 MULIEBIBUS
2084 2006 2157 2048 SE
2200 2006 2424 2053 TOBTIS
2468 2013 2759 2061 CRINIBUS

818 2098 1126 2142 TANTIBUS
1166 2098 1513 2154 νΑΤιωΝιΔ,
1559 2100 1680 2143 VEL
1722 2101 2094 2161 LIGATURAS,
2141 2106 2262 2149 νει.
2313 2108 2813 2163 INCANTATIONES

817 2198 977 2241 SUNT
1018 2198 1271 2241 ALIENA.

2802 2020 2885 2064 ΕΤ
2951 2027 3125 2073 Αυιιο
3166 2033 3587 2096 OBNANTIBUS,
3634 2043 3715 2087 ΕΤ
3756 2047 3839 2090 DE
3881 2049 4039 2094 SEC-

2860 2124 3066 2177 τρυε
3136 2131 3383 2180 CUNCTA
3436 2142 3475 2183 Δ
3546 2142 4038 2196 CHRISTIANISIIO

2164 2329 2608 2372 mm

812 2464 861 2517 1.
891 2462 1070 2532 Nuper
1093 2462 1353 2517 dictorum
1384 2462 1524 2531 apud
1567 2462 1840 2517 caritatem
1869 2475 2098 2520 vestram
2124 2465 2334 2525 fructus

736 2571 765 2609 a
796 2556 946 2610 vobis
976 2556 1300 2624 repetiturus
1343 2553 1533 2610 adveni
1569 2572 1582 2609 :
1616 2570 1726 2610 non
1756 2558 1897 2611 enim
1938 2569 2219 2629 propterea
2252 2562 2330 2616 lo-

736 2651 968 2719 quimur,
1017 2658 1070 2702 ut
1106 2657 1310 2701 tantum
1354 2646 1604 2712 audiatis,
1636 2663 1823 2703 verum
1870 2657 1927 2702 ut
1968 2660 2023 2704 et
2069 2650 2336 2706 dictorum

742 2741 1054 2795 memoriam
1106 2738 1350 2801 servetis,
1397 2748 1451 2792 et
1482 2754 1576 2807 per
1622 2753 1782 2808 opera
1828 2740 1980 2795 nobis
2024 2742 2338 2797 memoriam

736 2831 1152 2894 demonstretis;
1184 2830 1292 2883 imo
1336 2844 1463 2883 vero
1505 2844 1611 2883 non
1647 2829 1820 2894 nobis,
1852 2831 1946 2885 sed
1979 2832 2090 2887 Deo
2132 2834 2329 2887 mentis

736 2939 929 2978 arcana
965 2922 1173 2977 scienti.
1224 2922 1511 2991 Propterea
1556 2931 1610 2976 et
1638 2923 1953 2988 eatecbesis,
1989 2925 2038 2978 id
2068 2935 2149 2979 est
2183 2926 2337 2980 insti-

742 3017 895 3081 tutio,
943 3016 1156 3080 dicitur,
1189 3022 1250 3068 ut
1291 3024 1346 3069 et
1387 3014 1695 3069 absentibus
1724 3015 1880 3069 nobis
1925 3031 2105 3071 sermo
2157 3028 2338 3073 noster

735 3116 942 3162 mentes
985 3117 1192 3161 vestras
1240 3107 1496 3160 instituat.
1528 3107 1593 3160 Et
1636 3122 1702 3161 ne
1731 3108 2021 3175 miremini,
2052 3111 2095 3163 si
2148 3111 2335 3165 decem

733 3200 926 3256 diebus
958 3209 1167 3255 tantum
1200 3199 1482 3253 transactis
1507 3200 1772 3254 seminum
1819 3199 2018 3256 fruetus
2061 3202 2337 3272 repetituri

734 3292 979 3347 venimus
1016 3308 1030 3344 :
1062 3291 1259 3347 etenim
1308 3291 1395 3346 die
1447 3307 1551 3346 una
1605 3291 1730 3347 licet
1781 3292 1981 3362 pariter
2027 3302 2082 3350 et
2130 3295 2336 3350 semina

731 3398 986 3454 spargere
1014 3392 1065 3437 et
1097 3398 1326 3438 messem
1373 3383 1546 3438 facere
1580 3400 1594 3437 :
1626 3397 1732 3438 non
1762 3385 1903 3438 enim
1952 3386 2165 3455 prepria
2212 3394 2331 3440 tan-

733 3485 844 3529 tum
875 3476 1085 3537 virtute,
1119 3490 1304 3528 verum
1336 3484 1392 3529 et
1436 3475 1619 3529 divino
1644 3476 1843 3530 auxilio
1872 3476 2130 3543 roborati,
2160 3477 2238 3532 sic
2263 3479 2330 3533 ad

735 3568 1027 3621 certamina
1057 3581 1331 3619 vocamur.
1361 3565 1694 3636 Quicumque
1725 3567 1885 3637 igitur
1907 3567 2050 3623 dicta
2080 3584 2332 3638 suscepe-

737 3669 863 3713 rt.nt
890 3668 944 3713 ct
975 3674 1069 3727 per
1093 3673 1255 3727 Opera
1284 3658 1659 3727 impleverunt,
1689 3669 1941 3713 maneant
1967 3675 2026 3714 se
2046 3661 2333 3715 extenden-

733 3761 814 3804 tes
835 3751 887 3803 iu
918 3750 1209 3804 anteriora.
1237 3749 1571 3819 Quicumque
1598 3764 1724 3803 vero
1753 3748 1945 3803 bonam
1971 3750 2106 3806 hanc
2136 3766 2331 3822 opera-

734 3842 931 3895 tiOnem
990 3841 1223 3894 nondum
1277 3840 1598 3910 attigerunt,
1649 3840 1760 3909 jam
1812 3842 2103 3912 attingant,
2158 3852 2215 3897 ut
2264 3859 2330 3897 ex

733 3943 950 3999 torpore
981 3940 1158 3984 natam
1189 3931 1584 3985 damnationem
1618 3930 1794 3986 futuro
1819 3932 1996 3987 studio
2037 3934 2324 4002 repellant.

736 4023 883 4077 Licet
907 4024 1073 4087 enim,
1102 4023 1248 4086 licet,
1282 4024 1519 4092 inquam,
1553 4038 1674 4078 eum
1701 4025 1791 4094 qui
1836 4025 2056 4079 multum
2089 4027 2283 4095 torpuit
2311 4066 2325 4091 ,

738 4126 857 4183 post
882 4113 997 4167 base
1022 4113 1291 4184 diligentia
1316 4112 1536 4177 utendo,
1561 4114 1816 4182 praeteriti
1839 4117 2092 4184 temporis
2116 4131 2328 4171 omnem

733 4209 932 4263 sarcire
952 4205 1236 4275 iacturam.
1268 4204 1472 4260 Idcirco
1500 4205 1695 4259 dicitur
1728 4225 1741 4260 :
1777 4205 1943 4260 Hodie
1962 4208 2006 4261 si
2034 4224 2200 4263 vocem
2221 4211 2330 4279 ejus

728 4302 1008 4365 audieritis,
1027 4300 1182 4353 nolite
1193 4299 1444 4353 obdurare
1464 4298 1620 4352 corda
1648 4308 1810 4353 vestra
1836 4300 1966 4353 sicut
1986 4300 2037 4353 in
2067 4301 2333 4354 exacerba-

730 4397 863 4448 tione
908 4392 1077 4465 (Psat.
1132 4391 1221 4445 91.
1254 4392 1333 4459 8).
1367 4392 1479 4446 lloc
1525 4403 1703 4447 autem
1754 4392 1904 4457 dicit,
1954 4393 2252 4448 admonens
2278 4405 2333 4449 et

734 4486 1023 4540 consulens
1055 4498 1342 4553 numquam
1390 4484 1694 4552 desperare,
1743 4486 1839 4541 sed
1884 4486 2058 4542 donec
2104 4488 2189 4542 hic
2236 4504 2329 4545 su-

736 4591 875 4641 mus,
901 4577 1092 4630 bonam
1117 4574 1318 4629 habere
1342 4589 1492 4643 spem
1516 4584 1573 4630 et
1596 4577 1862 4631 anteriora
1892 4578 2327 4647 apprehendendi

734 4680 787 4724 et
819 4668 1057 4723 bravium
1082 4682 1327 4736 superna:
1354 4667 1445 4719 Dei
1475 4667 1767 4721 vocationis
1797 4671 2148 4740 persequendi
2177 4672 2330 4739 (Plii-

733 4760 862 4829 lipp.
912 4759 966 4814 3.
1002 4757 1111 4827 M).
1152 4756 1265 4811 1100
1311 4757 1468 4827 igitur
1508 4755 1787 4825 faciamus,
1837 4768 1892 4814 et
1922 4776 2126 4830 magna:
2171 4762 2330 4829 hujus

736 4851 1038 4906 donationis
1064 4850 1278 4903 nomina
1299 4850 1659 4919 exquiramus.
1691 4850 1838 4905 Sicut
1862 4851 2005 4907 enim
2026 4852 2153 4906 dum
2184 4854 2333 4922 igno-

739 4951 885 4996 ratur
907 4940 1181 5010 dignitatis
1212 4940 1535 5009 magnitudo,
1576 4942 1854 5010 segniores
1879 4952 2002 4997 sunt
2031 4943 2065 4997 ii
2110 4944 2199 5013 qui
2228 4943 2329 4998 ho-

740 5030 1140 5087 noranturzita
1170 5030 1216 5084 si
1271 5041 1541 5094 noscatur,
1593 5041 1774 5102 gratos
1826 5034 2002 5090 reddit
2055 5045 2111 5089 et
2159 5035 2330 5105 magis

736 5125 1007 5179 studiosos
1033 5121 1219 5176 efﬁcit.
1250 5120 1500 5190 Alioquin
1539 5131 1592 5175 et
1621 5131 1771 5191 turpe
1800 5135 1941 5179 esset
1963 5134 2018 5179 et
2047 5125 2329 5179 ridiculum

732 5225 881 5270 tanto
927 5215 1191 5283 potientes
1228 5211 1367 5281 apud
1415 5212 1581 5266 Deum
1631 5212 1857 5278 honore,
1905 5232 2003 5271 nec
2033 5217 2173 5272 scire
2201 5216 2327 5286 quid

733 5308 897 5377 ipsius
928 5303 1140 5359 tandem
1174 5304 1387 5357 nomina
1430 5304 1733 5374 signiﬁcare
1762 5306 1944 5361 velint.
1994 5309 2059 5363 Et
2102 5307 2229 5378 quid
2261 5308 2328 5362 de

738 5397 839 5452 hoc
868 5409 1090 5451 munere
1129 5394 1289 5448 dico?
1313 5394 1357 5448 si
1397 5396 1537 5449 enim
1584 5410 1869 5451 commune
1917 5399 2128 5467 generis
2158 5399 2326 5453 nostri

735 5502 929 5541 nomen
955 5484 1291 5556 cogitaveris,
1322 5486 1605 5541 maximam
1647 5487 1714 5542 ad
1742 5487 1992 5543 virtutem
2034 5490 2215 5560 capies
2242 5490 2328 5545 111-

733 5579 1009 5648 sciplinam
1041 5586 1095 5631 et
1120 5576 1565 5631 exhortationem.
1598 5577 1709 5632 Hoc
1734 5578 1877 5634 enim
1906 5594 2119 5647 nomen,
2151 5583 2321 5646 homo,

733 5686 833 5725 nos
862 5687 966 5725 non
996 5671 1287 5727 secundum
1315 5681 1567 5727 externos
1590 5672 1898 5740 deﬁnimus,
1929 5675 2021 5729 sed
2062 5685 2116 5729 ut
2146 5675 2324 5730 divina

728 5764 891 5834 jussit
922 5763 1215 5832 Scriptura.
1244 5762 1379 5819 Nam
1424 5763 1585 5818 homo
1608 5780 1714 5819 non
1744 5774 1825 5820 est
1851 5766 2167 5836 quicumque
2190 5768 2325 5821 sim-

734 5855 945 5929 plicitcr
972 5870 1160 5911 manus
1189 5857 1347 5913 habet
1371 5865 1424 5913 et
1450 5856 1614 5927 pedes
1648 5856 1928 5924 humanos,
1960 5874 2057 5916 nec
2084 5860 2326 5931 quicum-

2443 2489 2549 2544 que
2576 2486 2780 2535 tantum
2809 2485 3083 2543 rationalis
3104 2499 3222 2556 est;
3249 2493 3341 2548 sed
3363 2497 3686 2570 quicumque
3714 2505 3961 2573 pietatem
3986 2520 4040 2566 et

2444 2568 2693 2625 virtutem
2722 2588 2844 2629 cum
2875 2577 3065 2634 ﬁducia
3114 2594 3355 2638 exercet.
3389 2587 3527 2641 Audi
3560 2568 3789 2662 namq-ue
3814 2598 3939 2666 quid
3970 2600 4040 2654 de

2441 2657 2542 2713 Job
2567 2660 2713 2717 dicit.
2742 2665 2878 2719 Cum
2909 2670 3052 2723 enim
3082 2671 3312 2727 dixisset
3356 2677 3497 2745 quod
3541 2677 3608 2732 In
3638 2657 3773 2735 terra
3804 2657 4036 2740 dusitidc

2449 2752 2598 2805 homo
2624 2763 2752 2821 erat,
2782 2771 2888 2811 non
2914 2772 2981 2813 ex
3010 2761 3076 2815 iis
3104 2777 3225 2817 eum
3253 2763 3508 2822 describit
3554 2773 3816 2837 terminis,
3845 2777 4039 2844 quibus

2446 2840 2669 2908 ethnici,
2721 2860 2822 2901 nec
2850 2847 2953 2904 hoc
2998 2849 3149 2916 dicit,
3197 2856 3337 2922 quod
3385 2856 3521 2913 duos
3548 2861 3710 2929 pedes
3740 2840 4039 2921 haberetet

2446 2948 2649 3002 ungues
2679 2936 2816 2992 latos
2847 2957 2861 3005 ;
2891 2942 2985 2996 sed
3033 2944 3225 2999 indicia
3271 2948 3484 3017 pietatis
3514 2952 3655 3007 illius
3685 2956 3929 3023 prmbens
3957 2958 4039 3011 di-

2442 3026 2615 3092 ccbat,
2644 3027 2849 3096 Justus,
2881 3040 3052 3101 verax,
3079 3038 3248 3093 colens
3285 3040 3471 3109 Deum,
3517 3045 3765 3101 abstinens
3808 3049 3870 3101 ab
3900 3052 4039 3103 omni

2447 3117 2583 3170 mala
2620 3136 2675 3173 re
2707 3119 2826 3189 (Job
2860 3123 2909 3177 l.
2942 3126 3019 3195 1),
3048 3126 3425 3187 demonstrans
3451 3135 3590 3201 quod
3626 3136 3724 3191 hoc
3749 3149 3826 3192 est
3856 3138 4035 3206 homo,

2443 3210 2583 3264 sicut
2634 3213 2838 3269 scilicet
2867 3227 2923 3270 et
2975 3219 3114 3273 alius
3154 3222 3348 3288 inquit,
3396 3224 3560 3278 Deum
3603 3227 3751 3293 time,
3796 3239 3842 3282 et
3882 3231 4040 3299 ipsius

2442 3304 2679 3356 mandata
2709 3308 2924 3371 custodi,
2970 3311 3208 3377 quoniam
3237 3313 3333 3365 hoc
3358 3323 3433 3367 est
3474 3318 3635 3370 omnis
3666 3318 3813 3372 homo
3844 3319 4036 3388 (Eccle.

2442 3392 2530 3445 12.
2564 3392 2674 3465 15).
2707 3395 2763 3449 Si
2789 3409 2967 3452 autem
2997 3401 3098 3454 hoc
3128 3417 3320 3456 nomen
3353 3404 3514 3459 homo
3542 3417 3740 3462 tantam
3768 3410 3833 3463 ad
3864 3412 4035 3465 virtu-

2442 3494 2549 3540 tem
2581 3487 2783 3555 prmbet
2811 3490 3260 3561 exhortationem,
3293 3497 3461 3550 multo
3490 3500 3657 3567 magis
3680 3500 3826 3565 illud,
3850 3502 4034 3567 ﬁdelis.

2436 3574 2635 3630 Fidelis
2660 3577 2802 3631 enim
2835 3579 2956 3634 ideo
2984 3583 3193 3636 vocaris
3214 3626 3226 3649 ,
3261 3586 3512 3655 quoniam
3545 3598 3596 3643 et
3626 3591 3802 3645 credis
3831 3592 3960 3659 Deo,
3984 3604 4039 3648 et

2436 3666 2504 3721 ab
2549 3682 2615 3721 eo
2664 3669 2922 3725 creditam
2972 3673 3084 3742 ipse
3125 3676 3386 3743 justitiam
3427 3679 3614 3746 habes,
3660 3684 4035 3750 sanctitatem,

2437 3757 2750 3813 munditiam
2800 3762 3012 3827 animm,
3069 3765 3120 3817 iu
3170 3766 3334 3821 ﬁlium
3389 3770 3754 3839 adoptionem,
3807 3790 4029 3846 regnum

2436 3846 2712 3913 cmlorum,
2740 3860 2793 3904 et
2820 3850 2936 3906 haec
2964 3854 3058 3908 tibi
3105 3858 3521 3914 commendavit.
3552 3862 3630 3915 Tu
3657 3864 3889 3918 vicissim
3937 3867 4037 3934 ipsi

2435 3936 2537 3989 alia
2562 3938 2836 3994 credidisti
2858 3950 2911 3995 et
2931 3946 3341 4013 commendaui,
3371 3950 3793 4021 cleemosynam,
3824 3970 4031 4023 preces,

2441 4026 2759 4082 modestiam
2806 4039 2862 4084 ct
2888 4046 3101 4087 omnem
3149 4037 3307 4090 aliam
3336 4039 3604 4097 virtutem.
3649 4042 3718 4096 Et
3761 4046 3885 4113 quid
3915 4047 4036 4101 dico

2434 4116 2829 4190 clcemosynam
2854 4124 2875 4171 ἵν
2905 4123 2949 4176 si
2983 4124 3063 4177 vel
3114 4126 3359 4196 frigidum
3388 4129 3485 4195 ipsi
3524 4130 3736 4186 dederis
3762 4136 4033 4203 poculum,

2437 4224 2536 4263 nee
2565 4209 2665 4264 hoc
2699 4213 2911 4267 amittes
2962 4214 3173 4283 (Matth.
3225 4217 3313 4272 10.
3346 4219 3459 4291 42),
3506 4236 3690 4275 verum
3740 4232 3796 4276 et
3844 4223 3945 4278 hoc
3982 4226 4034 4279 in

2437 4299 2584 4353 illum
2630 4314 2871 4358 reservat
2918 4307 3106 4360 sedulo
3156 4308 3318 4373 diem,
3360 4321 3416 4365 et
3463 4326 3586 4366 cum
3630 4315 3794 4367 multa
3847 4316 4036 4371 reddet

2440 4391 2974 4457 saperabnndantia:
3015 4398 3119 4453 hoc
3161 4401 3358 4469 quippe
3401 4402 3714 4460 admirabile
3757 4416 3861 4471 est,
3893 4408 4033 4475 quod

2437 4501 2546 4541 non
2600 4493 2804 4538 tantum
2855 4486 3098 4556 deposita
3149 4502 3346 4557 servet,
3401 4509 3584 4549 verum
3616 4506 3670 4551 ct
3718 4498 4033 4568 multiplicet

2436 4574 2899 4630 retributionihus.

2504 4666 2814 4734 Illuminati,
2842 4683 2931 4721 seu
2959 4668 3202 4739 baptizati
3228 4673 3463 4742 oﬂicium.
3495 4704 3569 4716 —
3598 4676 3709 4731 1100
3746 4688 3799 4732 et
3844 4686 3898 4733 te
3939 4693 4029 4732 se-

2432 4759 2664 4814 cundum
2697 4759 2991 4827 potentiam
3020 4768 3162 4814 tuam
3190 4762 3365 4816 facere
3386 4764 3545 4832 jussit
3580 4766 3630 4819 in
3661 4768 3744 4833 iis,
3772 4783 3890 4838 qua:
3936 4768 4031 4823 tibi

2433 4851 2634 4904 credita
2683 4858 2807 4904 sunt
2841 4867 2855 4903 :
2891 4864 3084 4919 nempe
3132 4853 3490 4918 sanctitatem,
3521 4872 3679 4923 quam
3736 4859 3985 4929 accepisti
4011 4901 4027 4926 ,

2435 4942 2730 5007 intendere,
2758 4951 2813 4997 et
2836 4956 2903 4997 ex
2933 4942 3146 4997 lavacro
3166 4943 3424 5012 justitiam
3453 4947 3676 5003 reddere
3721 4951 4025 5014 clariorem,

2434 5042 2488 5087 et
2506 5033 2729 5103 gratiam
2756 5032 3105 5087 illustriorem
3139 5033 3313 5090 facere
3344 5054 3358 5091 :
3384 5038 3520 5093 sicut
3549 5042 3730 5109 utique
3758 5052 3808 5095 et
3832 5043 4029 5097 Paulus

2433 5123 2578 5191 fecit,
2609 5124 2961 5193 sequentibus
3014 5124 3283 5181 laboribus
3331 5138 3386 5183 et
3430 5131 3609 5186 studio
3648 5132 4029 5201 diligentiaque

2431 5230 2631 5285 augens
2675 5216 2854 5270 omnia
2884 5232 3002 5285 qua:
3046 5219 3251 5287 accepit
3298 5220 3457 5276 bona.
3484 5222 3552 5275 Et
3600 5234 3724 5275 nota
3768 5224 3857 5276 Dei
3904 5240 4027 5292 pro-

2434 5306 2724 5361 videntiam
2760 5325 2772 5360 :
2806 5322 2905 5361 nec
2961 5306 3052 5362 tibi
3089 5316 3256 5363 totum
3306 5310 3409 5365 hoc
3456 5310 3649 5375 dedit,
3702 5326 3873 5382 neque
3916 5324 4027 5368 toto

2432 5400 2691 5469 privavit;
2732 5399 2827 5452 sed
2870 5400 2984 5454 haec
3028 5401 3217 5467 dedit,
3273 5403 3360 5456 illa
3416 5402 3678 5471 promisit.
3738 5405 3805 5457 Et
3860 5421 4026 5475 quare

2432 5506 2539 5544 non
2570 5489 2657 5544 hic
2680 5497 2848 5543 totum
2880 5490 3061 5545 dedit?
3087 5491 3158 5548 Ut
3195 5501 3251 5546 tu
3293 5491 3453 5545 ﬁdem
3497 5492 3549 5546 in
3588 5494 3757 5562 ipsum
3798 5497 4022 5553 demon-

2430 5592 2589 5647 stres,
2615 5581 2852 5636 nondum
2883 5582 3021 5638 datis
3061 5600 3127 5639 ex
3168 5585 3335 5653 ipsius
3388 5586 3739 5654 promissione
3768 5592 3877 5646 sola
3908 5609 4022 5648 cre~

2430 5675 2583 5731 dens.
2616 5676 2794 5741 Quare
2824 5692 2950 5731 vero
2994 5694 3204 5732 rursum
3250 5692 3355 5731 non
3398 5679 3575 5733 omnia
3622 5682 3725 5738 illic
3756 5689 4019 5751 servavit,

2430 5770 2522 5824 sed
2551 5770 2695 5824 dedit
2717 5778 2771 5824 et
2792 5770 3025 5840 Spiritus
3060 5771 3283 5841 gratiam
3306 5779 3360 5826 et
3390 5771 3651 5841 justitiam
3691 5790 3745 5833 et
3782 5780 4022 5832 sanctiti~

2430 5862 2695 5917 cationem
2718 5861 2826 5919 iUt
2853 5863 2948 5918 tibi
2971 5863 3182 5917 labores
3210 5863 3353 5919 leves
3377 5864 3553 5935 faciat,
3579 5879 3633 5924 et
3661 5886 3723 5925 ex
3747 5870 3853 5939 jam
3886 5871 4021 5925 datis
