4446 6702
334 515 443 569 255

338 626 498 679 etiam
537 624 604 680 de
633 623 821 679 futuris
851 631 901 676 te
928 621 1079 674 bona:
1113 614 1226 684 spei
1263 611 1916 684 constituat.‘Propterea-

333 734 441 787 que
469 726 712 773 recenter
735 714 1058 768 illuminatus
1080 706 1260 760 vocari
1286 705 1448 759 debes
1471 722 1485 758 :
1513 707 1760 774 quoniam
1784 719 1919 760 nova

338 808 426 860 lnx
470 823 681 879 semper
725 807 839 868 tibi,
870 801 913 855 si
957 798 1113 861 velis,
1143 804 1197 850 et
1227 809 1515 864 numquam
1544 798 1916 866 exstinguitur.

333 896 483 952 llanc
513 911 702 966 nempe
728 896 900 947 lucem
932 897 986 940 et
1011 886 1316 940 volentibus
1340 886 1493 941 nobis
1519 897 1573 942 et
1608 887 1918 942 nolentibus

331 1005 436 1042 ηοχ
471 987 846 1056 subsequitur;
872 980 1018 1033 illum
1053 992 1180 1032 vero
1203 977 1408 1032 radium
1437 980 1668 1035 tenebras
1696 995 1799 1033 non
1821 993 1919 1032 no-

331 1089 460 1134 runt
495 1097 508 1132 :
544 1079 660 1130 Lua:
685 1073 829 1128 enim
860 1071 911 1123 in
944 1067 1154 1122 tenebris
1183 1076 1310 1122 lucet
1332 1111 1345 1133 ,
1374 1081 1418 1124 et
1443 1073 1656 1126 tenebrat
1680 1087 1789 1123 eam
1814 1085 1916 1122 non

327 1165 808 1238 comprehenderunt
843 1159 1018 1232 (Joan.
1052 1163 1102 1213 1.
1130 1161 1203 1229 5).
1237 1161 1351 1216 Non
1382 1165 1458 1218 sic
1496 1165 1637 1218 enim
1686 1161 1916 1216 mundus

330 1270 409 1314 est
439 1259 613 1312 clarus
638 1253 846 1307 oriente
876 1252 1044 1315 radio,
1066 1262 1123 1305 ut
1144 1253 1314 1307 anima
1340 1256 1632 1310 illustratur
1659 1262 1715 1309 et
1737 1253 1915 1322 splen-

325 1348 508 1401 didior
536 1345 588 1395 iit
618 1357 647 1396 a
678 1341 880 1409 Spiritu
918 1341 1142 1410 gratiam
1187 1345 1500 1413 suscipiens.
1533 1345 1601 1397 Et
1635 1343 1913 1398 considera

325 1433 636 1503 diligentius
662 1447 841 1485 rerum
871 1442 1131 1485 naturam.
1154 1432 1318 1488 Nocte
1344 1435 1485 1489 enim
1509 1444 1678 1488 terras
1698 1441 1912 1488 tenente

322 1535 376 1578 et
403 1523 636 1577 tenebris
653 1523 1020 1591 caligantibus,
1037 1537 1176 1592 szepe
1199 1524 1490 1579 funiculum
1516 1525 1632 1593 quis
1655 1540 1903 1591 cernens,

322 1624 629 1684 serpentem
660 1629 779 1670 esse
809 1616 1028 1683 putavit,
1061 1625 1112 1669 et
1138 1617 1365 1669 amicum
1391 1618 1735 1670 accedentem
1768 1626 1908 1669 tam-

321 1724 486 1776 quam
517 1708 784 1762 inimicum
811 1707 1028 1777 fugit,et
1056 1709 1332 1776 strepitum
1357 1709 1657 1775 quempiam
1675 1708 1908 1762 sentiens

322 1797 564 1866 trepidus
590 1798 755 1852 factus
780 1808 894 1861 est;
928 1799 1136 1851 lucente
1162 1811 1290 1850 vero
1328 1797 1414 1849 die
1461 1796 1592 1848 nihil
1630 1797 1732 1850 tale
1772 1798 1911 1851 acci-

323 1888 488 1954 derit,
518 1888 611 1942 sed
660 1890 838 1942 omnia
875 1890 1046 1957 qualia
1083 1896 1205 1940 sunt
1235 1896 1492 1956 apparent
1526 1904 1539 1940 :
1579 1888 1718 1957 quod
1760 1897 1814 1942 et
1854 1889 1908 1944 in

319 1978 497 2031 anima
517 1988 698 2031 nostra
728 1979 1004 2045 contingit.
1028 1977 1312 2044 Postquam
1336 1977 1478 2030 enim
1493 1980 1658 2047 gratia
1689 1979 1907 2033 veniens

319 2078 501 2120 mente
528 2067 775 2120 tenebras
816 2065 1100 2134 expulerit,
1121 2081 1298 2118 rerum
1321 2065 1598 2120 veritatem
1628 2067 1902 2134 discimus,

319 2165 376 2210 et
398 2157 554 2211 nobis
582 2157 712 2210 ﬁunt
738 2157 1091 2224 despicabiles
1133 2172 1218 2210 res
1256 2158 1402 2226 prius
1445 2160 1734 2213 tremenda:
1766 2177 1777 2212 :
1808 2174 1906 2214 nec

317 2249 462 2301 cutim
499 2249 725 2317 amplius
777 2259 1002 2302 mortem
1061 2249 1326 2316 timemus,
1374 2249 1657 2320 diligenter
1698 2267 1760 2305 ex
1806 2251 1906 2305 hac

318 2354 470 2393 sacra
523 2341 822 2394 initiatione
869 2340 1162 2407 discentes,
1193 2349 1416 2395 mortem
1468 2358 1570 2394 non
1605 2357 1726 2397 esse
1763 2358 1904 2397 mor-

319 2441 449 2496 tem,
495 2431 586 2485 sed
637 2446 883 2485 somnum
936 2442 988 2485 et
1042 2432 1416 2486 domuitionem
1483 2436 1900 2500 temporariam:

318 2536 427 2573 non
459 2523 786 2590 pauperiem,
819 2539 922 2576 non
956 2524 1222 2588 morbum,
1257 2538 1362 2577 non
1394 2525 1538 2577 aliud
1569 2525 1692 2592 quid
1724 2524 1905 2591 hujus—

320 2612 464 2664 modi
497 2613 905 2667 reformidamus
927 2655 940 2679 ,
970 2616 1200 2668 sciente<
1231 2630 1330 2668 nos
1359 2614 1424 2666 ad
1469 2616 1743 2670 meliorem
1788 2626 1904 2669 ten-

317 2702 447 2755 dere
475 2706 632 2756 vitam
657 2745 670 2768 ,
698 2705 1049 2758 immortalem
1078 2714 1130 2759 et
1161 2706 1520 2774 incorruptam
1549 2748 1562 2770 ,
1592 2716 1645 2761 et
1669 2708 1735 2762 ab
1761 2710 1904 2762 omni

322 2794 412 2844 tali
445 2794 660 2846 liberam
693 2795 1071 2864 inaequalitate.

389 2883 442 2935 ἢ.
484 2885 560 2938 Ne
593 2885 749 2953 igitur
784 2886 1010 2954 amplius
1039 2886 1103 2938 ad
1147 2885 1387 2939 mortalia
1411 2902 1722 2942 maneamus
1749 2887 1903 2941 hian-

319 2983 421 3038 tes,
457 2990 555 3028 nec
585 2975 725 3029 circa
770 2991 970 3030 mensa:
1009 2975 1248 3042 delicias,
1281 2992 1378 3031 ncc
1427 2979 1571 3033 circa
1616 2982 1906 3036 vestimen-

318 3073 495 3116 torum
528 3074 772 3118 ornatum
803 3082 816 3116 :
845 3065 1007 3119 habes
1031 3067 1171 3119 enim
1199 3069 1481 3121 maximum
1509 3069 1898 3136 indumentum,

317 3154 484 3208 habes
515 3170 752 3208 mensam
783 3157 1112 3224 spiritualem
1138 3200 1152 3219 ,
1185 3158 1349 3212 habes
1376 3160 1602 3229 gloriam
1642 3177 1895 3230 superne,

321 3253 375 3296 ct
401 3245 580 3297 omnia
615 3245 707 3297 tibi
737 3245 983 3299 Christus
1004 3245 1173 3300 factus
1197 3255 1300 3310 est,
1335 3259 1385 3301 et
1414 3265 1595 3303 mensa
1617 3293 1631 3316 ,
1659 3261 1712 3306 et
1740 3254 1904 3306 vcsti-

317 3343 578 3396 mcntum,
606 3343 659 3387 ct
703 3335 914 3400 domus,
953 3345 1008 3390 et
1056 3347 1228 3405 caput,
1259 3348 1310 3391 et
1353 3339 1522 3392 radix.
1556 3339 1808 3408 Quotquot
1850 3343 1901 3395 in

316 3421 516 3476 Christo
537 3425 676 3477 enim
707 3425 950 3492 baptizati
978 3427 1092 3479 estis
1111 3467 1126 3490 ,
1161 3425 1415 3480 Christum
1443 3429 1676 3483 induistis
1700 3431 1896 3501 (Colat.

317 3516 350 3568 5
406 3515 521 3577 27).
579 3516 713 3570 Ecce
766 3517 1037 3585 quomodo
1091 3518 1468 3572 veStimentum
1522 3521 1613 3575 tibi
1659 3531 1760 3576 est.
1812 3525 1903 3578 Vis

316 3608 526 3661 discere
550 3609 816 3676 quomodo
845 3617 898 3661 ct
928 3624 1109 3661 mensa
1141 3609 1232 3663 tibi
1265 3610 1375 3664 sit?
1407 3611 1506 3678 Qui
1546 3629 1623 3666 me
1647 3616 1897 3681 comedit,

320 3695 529 3762 inquit,
561 3697 687 3748 sicut
738 3713 827 3766 ego
871 3698 978 3749 vivo
1028 3709 1232 3766 propter
1285 3697 1530 3766 Patrem,
1563 3702 1687 3754 vivet
1734 3713 1778 3755 et
1817 3704 1903 3757 ille

317 3796 522 3853 propter
542 3801 617 3836 me
630 3783 804 3854 (Joan.
837 3785 888 3840 6.
922 3786 1033 3857 58).
1065 3788 1216 3853 Quod
1244 3797 1423 3842 autem
1453 3789 1643 3844 domtts
1668 3792 1737 3844 sit
1766 3792 1896 3846 tibi:

318 3876 420 3940 Qui
444 3877 657 3929 comedit
697 3894 901 3930 carnem
952 3897 1150 3945 meam,
1183 3881 1234 3932 in
1274 3898 1353 3934 me
1387 3892 1553 3935 manet
1578 3893 1624 3935 et
1647 3901 1736 3954 ego
1763 3885 1816 3938 in
1844 3903 1900 3940 eo

315 3967 424 4034 (Ib.
456 3983 504 4019 υ.
533 3968 645 4035 57).
679 3968 744 4021 Et
770 3970 913 4038 quod
944 3971 1115 4035 radix,
1139 3987 1350 4026 rursum
1381 3973 1552 4042 inquit
1577 3992 1594 4050 V:
1630 3973 1740 4046 Ego
1767 3979 1898 4042 vitis,

313 4076 401 4113 ros
447 4061 695 4129 palmites.
753 4062 819 4114 Et
847 4062 987 4131 quod
1042 4061 1226 4124 frater.
1261 4073 1316 4119 et
1351 4066 1552 4118 amicus
1579 4108 1591 4128 ,
1624 4082 1852 4136 Sponsus
1885 4087 1896 4121 :

317 4150 437 4204 Non
460 4152 676 4219 amplius
702 4170 786 4206 vos
819 4154 982 4207 dicam
1003 4172 1187 4210 servos.
1220 4155 1317 4211 Vos
1345 4159 1474 4211 enim
1499 4160 1647 4212 amici
1663 4160 1756 4214 mei
1787 4163 1902 4215 estis

315 4242 493 4311 (Joan.
521 4244 606 4298 15.
632 4245 684 4300 5.
715 4255 761 4297 et
797 4247 884 4313 15)
915 4264 927 4298 :
959 4255 1013 4300 et
1041 4248 1264 4301 Paulus:
1295 4248 1547 4318 Despondi
1570 4267 1654 4303 vos
1684 4254 1771 4305 uni
1798 4255 1900 4306 viro

313 4335 554 4403 uirginem
583 4347 772 4388 castam
788 4337 1018 4390 exhibere
1036 4338 1231 4391 Christo
1250 4340 1328 4407 (2.
1345 4341 1463 4392 Cor.
1483 4343 1642 4406 11,2)
1669 4361 1682 4407 ;
1709 4353 1762 4398 et
1780 4362 1897 4398 rur-

313 4438 461 4476 sum:
493 4424 557 4478 Ut
585 4427 646 4478 sit
675 4427 782 4495 ipse
803 4429 1160 4496 primogenitus
1183 4431 1233 4481 in
1265 4432 1435 4484 multis
1464 4435 1704 4500 fratribus
1722 4435 1894 4505 (Rom.

312 4520 365 4570 8.
391 4517 504 4581 29).
536 4517 645 4571 Nec
690 4518 878 4572 fratres
910 4529 1113 4572 tantum
1155 4521 1338 4589 ipsius,
1374 4539 1558 4577 verum
1595 4535 1648 4578 et
1693 4527 1896 4594 pueruli

309 4622 527 4660 sumus:
559 4607 684 4659 Ecce
703 4609 854 4672 enim,
890 4608 1077 4676 inquit,
1107 4626 1196 4678 ego
1217 4620 1261 4664 et
1290 4614 1505 4681 pueruli,
1535 4631 1658 4682 quos
1682 4615 1891 4667 tradidit

315 4699 434 4750 mihi
463 4697 597 4751 Deus
627 4697 774 4768 (Isai.
805 4699 860 4753 8.
896 4699 1004 4770 18).
1033 4699 1147 4754 Non
1207 4703 1306 4756 hoc
1359 4715 1536 4758 autem
1582 4707 1776 4770 solum,
1806 4722 1895 4760 vc-

312 4806 429 4843 rum
457 4800 510 4844 et
535 4791 767 4845 membra
793 4792 955 4861 ipsius
981 4802 1033 4846 et
1057 4808 1250 4862 corpus
1275 4796 1388 4864 ejus
1415 4799 1501 4865 (1.
1527 4797 1641 4851 Cor.
1672 4798 1758 4852 12.
1779 4799 1890 4868 27).

310 4883 605 4950 Tamquam
638 4883 779 4935 enim
813 4897 917 4935 non
956 4883 1267 4940 sufﬁcerent
1292 4902 1375 4953 ea,
1403 4903 1522 4957 quae
1554 4889 1764 4943 dixerat
1785 4930 1802 4956 ,
1828 4890 1895 4944 ad

310 4972 778 5027 demonstrandam
833 4973 1276 5042 benevolentiam,
1315 4987 1370 5033 et
1411 4980 1688 5034 caritatem
1735 4998 1891 5050 quam

308 5079 435 5133 erga
468 5078 567 5117 nos
593 5063 831 5128 exhibet,
860 5072 914 5116 et
937 5064 1077 5117 aliud
1102 5066 1183 5119 bis
1223 5069 1394 5137 majus
1438 5079 1493 5124 et
1540 5073 1756 5141 prepius
1793 5088 1888 5141 po-

307 5159 447 5222 suit,
505 5170 562 5210 se
609 5164 766 5225 caput
816 5167 1055 5210 nostrum
1096 5159 1368 5226 appellans
1417 5161 1641 5232 (Ep/tes.
1693 5165 1743 5218 1.
1775 5165 1888 5237 9.2).

308 5248 435 5302 llzec
463 5248 640 5302 omnia
670 5256 818 5302 certo
847 5247 1040 5310 sciens,
1062 5247 1282 5311 dilecte,
1315 5251 1389 5304 sis
1422 5262 1603 5321 gratus
1629 5271 1757 5322 erga
1800 5257 1891 5311 bc-

302 5337 637 5394 nefactorem
666 5347 811 5392 tuum
837 5340 1034 5408 Optima
1078 5341 1508 5404 conversatione,
1544 5352 1597 5396 et
1644 5347 1890 5402 sacrilicii

301 5429 725 5500 magnitudinem
760 5428 1020 5499 cogitans,
1051 5443 1178 5482 orna
1223 5432 1463 5498 corporis
1501 5435 1572 5484 tui
1613 5437 1886 5490 membra:

301 5521 482 5590 cogita
508 5519 634 5589 quid
665 5535 822 5574 manu
852 5519 1051 5590 capias,
1077 5533 1175 5574 nec
1203 5534 1451 5589 umquam
1491 5521 1658 5575 ullum
1698 5527 1890 5580 verbe-

305 5625 426 5662 rare
479 5611 713 5676 audeas,
760 5626 858 5665 nec
908 5619 1054 5664 tanto
1093 5609 1395 5664 decoratam
1441 5626 1692 5677 munere,
1722 5615 1892 5684 plagae

305 5699 535 5753 crimine
586 5701 926 5756 dedecores:
972 5701 1144 5772 cogita
1186 5701 1312 5772 quid
1356 5717 1516 5758 manu
1566 5705 1743 5773 capias
1769 5747 1785 5773 ,
1837 5717 1892 5762 et

309 5791 479 5858 ipsam
512 5791 580 5845 ab
608 5795 753 5846 omni
797 5793 1015 5847 avaritia
1043 5805 1096 5848 ct
1126 5797 1308 5864 rapina
1348 5797 1568 5854 liberam
1608 5815 1884 5857 conserva.

310 5879 518 5947 Repnta
550 5882 688 5951 quod
718 5899 821 5935 non
851 5892 1052 5937 tantum
1086 5901 1241 5938 manu
1275 5889 1452 5957 capias
1473 5933 1485 5956 ,
1517 5907 1698 5946 verum
1732 5904 1776 5946 et
1809 5898 1886 5950 ori

629 5978 899 6041 Parum.
948 5985 1063 6043 Gn.
1110 5988 1158 6044 Χ
1179 5987 1241 6043 l.l
1257 5991 1330 6048 Χ.

1292 502 1383 556 AD
1423 499 1921 559 ILLUMINANDOS
1948 502 2368 562 CATECIIESIS
2392 507 2455 563 ll.

3503 533 3602 592 23l-

2028 612 2337 681 admoveas,
2365 627 2418 672 et
2446 617 2675 690 linguam
2701 627 2907 682 custodi
2951 643 2978 683 a
3011 636 3411 693 contumeliosis
3455 657 3608 697 mun-

2025 701 2224 796 damet
2255 707 2496 774 turpibus
2521 713 2716 779 verbis,
2749 715 3095 790 blasphemia,
3119 727 3378 796 perjurio,
3408 741 3461 785 et
3491 733 3606 789 aliis

2024 795 2271 850 omnibus
2324 797 2646 868 lmjusmodi.
2676 805 2884 862 Etenim
2933 795 3288 880 perniciosum
3335 831 3452 887 est,
3499 833 3606 878 tam

2025 885 2315 940 tremendis
2351 889 2740 948 ministrantem
2793 903 3063 969 mysteriis
3104 906 3337 976 linguam
3383 885 3445 964 eti
3483 927 3607 967 san-

2021 973 2180 1041 guine
2208 976 2296 1068 tali
2326 991 2688 1048 purpuratam,
2718 996 2772 1039 et
2798 986 2988 1045 factam
3015 973 3254 1063 auream,
3277 1000 3510 1068 gladium
3533 1005 3598 1060 ad

2021 1065 2258 1121 convicia
2305 1077 2362 1123 et
2403 1075 2753 1130 contumelias
2803 1087 2859 1132 et
2898 1085 3245 1142 scurrilitates
3282 1065 3603 1150 transferre.

2021 1155 2288 1215 Reverere
2316 1161 2574 1218 honorem
2598 1182 2704 1234 quo
2725 1169 2865 1224 Deus
2891 1172 3058 1242 ipsam
3087 1177 3382 1250 honoravit,
3415 1203 3513 1240 nec
3536 1189 3602 1242 ad

2019 1251 2224 1317 peccati
2255 1266 2406 1306 usum
2430 1254 2598 1325 ipsam
2616 1256 2851 1313 deducas
2875 1278 2890 1326 ;
2916 1265 3006 1318 sed
3037 1283 3245 1326 rursum
3277 1276 3604 1333 animadver-

2022 1347 2158 1405 tens,
2192 1344 2328 1410 quod
2349 1356 2467 1412 post
2493 1364 2708 1404 manum
2732 1362 2785 1407 et
2808 1353 3036 1424 linguam
3073 1375 3168 1415 cor
3196 1367 3451 1436 suscipiat
3488 1380 3597 1425 tre-

2019 1430 2269 1486 mendum
2300 1435 2425 1490 illud
2457 1443 2765 1508 mysterium
2794 1486 2808 1509 ,
2835 1461 2901 1499 ne
2932 1463 3181 1520 umquam
3217 1455 3270 1508 in
3299 1461 3598 1525 proximum

2014 1535 2244 1576 consuas
2273 1523 2472 1592 dolum,
2501 1530 2595 1584 sed
2635 1543 2868 1590 mentem
2911 1545 3052 1594 tuam
3097 1542 3166 1598 ab
3209 1523 3353 1602 omni
3402 1552 3599 1606 malitia

2015 1615 2270 1668 mundam
2310 1631 2604 1686 conserva;
2634 1625 2710 1678 sic
2755 1636 2809 1681 et
2853 1632 3149 1700 oculos,et
3191 1651 3348 1694 aures
3391 1646 3600 1701 munire

2017 1703 2238 1804 poteris.
2269 1704 2551 1805 Quomodo
2586 1713 2730 1766 enim
2773 1731 2880 1770 non
2912 1729 2995 1773 est
3017 1722 3306 1781 absurdum
3337 1742 3456 1798 post
3485 1750 3601 1805 my-

2012 1794 2198 1848 sticam
2249 1795 2391 1850 illam
2447 1815 2630 1856 vocem
2681 1820 2712 1859 e
2767 1807 2911 1863 caelis
2941 1810 3193 1879 delatam,
3235 1832 3265 1870 a
3309 1794 3596 1880 Cherubiin

2011 1884 2155 1951 dico,
2182 1889 2501 1945 meretriciis
2541 1894 2784 1950 cantibus
2829 1909 2883 1953 et
2922 1900 3102 1958 fractis
3147 1908 3394 1967 melodiis
3437 1928 3594 1971 aures

2011 1975 2332 2044 inquinare?
2359 1985 2624 2050 quomodo
2650 2003 2778 2042 vero
2804 2005 2910 2045 non
2933 2003 3168 2052 extrema
3199 2016 3354 2068 paena
3379 2004 3596 2076 dignum

2011 2073 2094 2117 est
2116 2105 2132 2127 ,
2165 2067 2334 2122 oculis
2375 2071 2567 2138 quibus
2607 2089 2802 2130 arcana
2828 2080 2976 2136 vides
3005 2094 3059 2137 et
3089 2067 3363 2146 tremenda
3406 2067 3598 2166 myste-

2011 2154 2110 2220 ria,
2143 2155 2226 2210 his
2281 2162 2592 2217 meretrices
2644 2176 2908 2235 spectare,
2958 2183 3011 2226 et
3046 2187 3224 2233 mente
3277 2154 3593 2242 adulterium

2010 2250 2306 2303 exercere?
2335 2252 2415 2305 Ad
2447 2256 2659 2323 nuptias
2687 2270 2908 2316 vocatus
2938 2279 2997 2318 es
3021 2305 3035 2329 ,
3067 2267 3294 2326 dilecte:
3325 2285 3392 2330 ne
3430 2279 3595 2336 intres

2009 2338 2241 2392 sordidis
2275 2341 2495 2398 indutus
2535 2348 2887 2417 vesdmentis,
2931 2356 3025 2410 sed
3075 2363 3273 2430 nuptiis
3308 2380 3592 2438 congruam

2008 2442 2140 2495 cape
2159 2441 2391 2485 vestem.
2432 2436 2488 2489 Si
2531 2440 2672 2493 enim
2701 2443 2768 2496 ad
2797 2447 3012 2514 nuptias
3040 2454 3320 2510 scnsibiles
3350 2436 3593 2518 homines

2011 2518 2232 2585 invitati,
2272 2524 2371 2577 etsi
2420 2530 2657 2584 omnium
2706 2540 3029 2605 pauperrimi
3073 2546 3212 2612 sint,
3267 2559 3452 2606 mutuo
3497 2571 3590 2610 su-

2011 2619 2216 2666 mentes
2243 2628 2383 2684 smpe
2404 2618 2488 2672 vel
2515 2633 2754 2680 ementes
2785 2629 3158 2688 vestimentum
3196 2641 3447 2697 mundum
3469 2686 3483 2710 ,
3515 2647 3593 2703 sic

2014 2714 2071 2754 se
2101 2706 2414 2803 vocantibus
2437 2724 2725 2769 occurrunt
2756 2736 2767 2770 :
2799 2728 2849 2773 et
2882 2731 2934 2774 tu
2965 2724 3030 2777 ad
3054 2731 3265 2796 nuptias
3293 2706 3593 2803 spirituales

2009 2802 2061 2893 et
2086 2795 2306 2862 prandia
2330 2811 2548 2856 vocatus
2579 2808 2800 2875 regalia,
2825 2795 3139 2872 consideres,
3172 2795 3337 2890 quale-
3374 2795 3592 2898 dignum

2008 2883 2075 2935 sit
2103 2896 2153 2939 te
2175 2889 2410 2956 nuptiale
2438 2895 2814 2953 vestimentum
2840 2883 3398 2974 comparare-Verum
3429 2883 3590 2976 venim

2009 2988 2136 3028 vero
2159 2991 2256 3031 nec
2281 2993 2416 3047 opus
2441 2991 2524 3037 est
2552 2999 2885 3057 comparare,
2917 2996 3011 3049 sed
3042 2997 3156 3066 ipse
3184 3005 3270 3069 qui
3299 3016 3455 3062 vocat
3498 3012 3591 3065 tibi

2007 3066 2098 3159 dat
2144 3071 2344 3137 gratis,
2385 3090 2453 3129 ne
2476 3079 2557 3131 vel
2603 3092 2969 3150 paupertatem
3014 3066 3346 3159 przetendere
3390 3104 3588 3158 valeas.

2008 3157 2201 3214 Serves
2230 3161 2581 3255 itaquequod
2621 3177 2873 3243 accepisti
2915 3157 3291 3243 vestimentum
3318 3208 3331 3255 ;
3357 3195 3400 3246 si
3437 3157 3591 3252 nam;

2005 3262 2108 3317 que
2165 3252 2490 3322 perdideris,
2529 3261 2758 3329 amplius
2799 3273 3132 3328 commodato
3182 3252 3425 3348 accipere
3483 3303 3586 3341 non

2008 3341 2247 3408 poteris,
2292 3354 2386 3398 aut
2439 3362 2664 3404 emere:
2710 3370 2969 3425 nusquam
3011 3363 3152 3418 enim
3196 3370 3442 3425 venditur
3487 3377 3590 3433 tale

2007 3521 2328 3590 introducti,
2370 3537 2424 3582 et
2477 3542 2656 3598 pectus
2691 3551 3094 3610 percusserunt,
3142 3563 3235 3602 eos
3285 3553 3590 3613 stimulante

2005 3615 2331 3671 conscientia
2357 3621 2371 3650 ¹
2391 3621 2413 3672 ?
2432 3621 2718 3680 Considera
2747 3629 2902 3698 igitur
2929 3643 2983 3687 et
3011 3645 3086 3700 tu,
3114 3638 3336 3708 dilecte,
3370 3663 3438 3703 ne
3467 3666 3588 3704 um-

2005 3720 2162 3772 quam
2191 3707 2292 3762 hoe
2321 3711 2557 3778 patiaris.
2583 3715 2860 3782 Quomodo
2884 3734 3060 3780 autem
3086 3745 3189 3784 non
3217 3735 3452 3804 patieris,
3484 3756 3590 3796 non

2005 3798 2220 3865 expulsa
2261 3815 2419 3869 prava
2471 3806 2730 3862 malorum
2772 3817 3195 3874 consuetudine?
3221 3798 3507 3894 Propterea
3537 3843 3591 3887 ct

2006 3889 2152 3956 prius
2182 3891 2288 3945 dixi
2331 3901 2386 3947 et
2433 3911 2574 3950 nunc
2619 3898 2758 3965 dico,
2787 3910 2841 3956 et
2865 3903 3041 3961 dicere
3089 3925 3194 3964 non
3233 3889 3516 3986 desistam,
3545 3925 3589 3977 si

2006 3979 2125 4047 quis
2151 3996 2356 4035 morum
2378 3984 2502 4038 vitia
2528 4002 2632 4041 non
2663 3995 2893 4048 correxit
2917 4011 3016 4051 nec
3053 3997 3152 4053 sibi
3190 4001 3395 4060 facilem
3433 3979 3588 4077 para-

2007 4073 2080 4125 vit
2118 4074 2364 4129 virtutem
2389 4118 2402 4140 ,
2436 4093 2502 4132 ne
2551 4081 2866 4150 baptizetur.
2899 4087 3082 4145 Priora
3129 4110 3318 4167 nempe
3368 4073 3587 4159 crimina

2006 4164 2274 4220 lavacrum
2304 4168 2518 4224 abluere
2545 4183 2750 4240 potest;
2778 4177 2936 4233 timor
2968 4192 3143 4238 autem
3172 4164 3275 4242 non
3311 4208 3500 4260 parvus
3537 4209 3590 4251 et

2005 4258 2294 4324 periculum
2318 4274 2420 4312 non
2449 4262 2735 4332 mediocre,
2761 4283 2829 4323 ne
2847 4285 3058 4327 rursum
3089 4278 3155 4330 ad
3182 4258 3370 4336 eadem
3397 4288 3586 4342 redea-

2005 4361 2154 4411 mus,
2186 4360 2239 4401 et
2280 4348 2332 4402 in
2372 4351 2562 4406 vulnus
2605 4355 2758 4410 nobis
2797 4361 3061 4418 medicina
3094 4376 3349 4425 vertatur.
3379 4373 3587 4441 Quanto

2003 4453 2227 4508 namque
2265 4441 2434 4510 major
2464 4443 2601 4499 facta
2633 4457 2714 4503 est
2739 4452 2904 4520 gratia
2925 4495 2939 4518 ,
2975 4464 3120 4513 tanto
3144 4463 3368 4532 amplior
3401 4479 3584 4535 postea

2001 4531 2340 4598 peccantibus
2368 4549 2545 4602 pceua.

2072 4620 2125 4672 3.
2168 4620 2243 4675 Ne
2268 4622 2426 4693 igitur
2451 4626 2516 4679 ad
2546 4628 2824 4696 pristinum
2860 4634 3138 4692 redeamus
3163 4644 3415 4701 vomitum
3436 4688 3448 4709 ,
3473 4650 3581 4718 jam

2002 4725 2100 4765 nos
2126 4712 2268 4780 ipsos
2291 4716 2613 4772 erudiamus.
2639 4721 2789 4787 Quod
2821 4726 2963 4780 enim
3006 4741 3249 4797 oporteat
3291 4736 3436 4803 prius
3463 4712 3583 4810 pa;-

2001 4802 2224 4858 nituisse
2253 4814 2306 4858 et
2331 4820 2358 4857 a
2383 4807 2648 4874 prioribus
2677 4811 2944 4870 destitisse
2975 4820 3147 4886 malis,
3173 4833 3226 4877 et
3265 4802 3342 4879 sic
3376 4829 3442 4883 ad
3463 4802 3586 4900 gra-

2000 4893 2126 4947 tiam
2171 4897 2458 4961 accedere,
2485 4900 2605 4953 audi
2652 4903 2778 4970 quid
2816 4904 3047 4962 Joannes
3095 4911 3254 4979 dicat,
3286 4918 3411 4986 quid
3455 4893 3583 4977 vero

2000 4983 2250 5081 princeps
2267 4988 2628 5053 apostolorum
2652 4991 2907 5062 baptizari
2927 4999 3258 5058 debentibus.
3277 4983 3366 5062 ille
3387 5026 3583 5081 nempe

1998 5072 2126 5128 dicit
2157 5091 2169 5126 :
2201 5072 2376 5129 Facite
2405 5079 2626 5147 fructum
2658 5083 2865 5154 dignum
2895 5090 3196 5156 paenitentiw
3221 5109 3240 5146 :
3268 5105 3315 5148 et
3352 5115 3414 5152 ne
3453 5072 3583 5155 inci—

1999 5165 2146 5237 piatis
2171 5166 2332 5220 dicere
2355 5169 2488 5222 intra
2511 5187 2617 5237 vos,
2650 5173 2854 5229 Patrem
2888 5179 3123 5234 habemus
3146 5183 3402 5240 Abraham
3425 5190 3574 5261 (Luc.

1999 5255 2050 5308 3.
2070 5254 2147 5326 8).
2180 5256 2274 5310 llic
2303 5267 2477 5314 autem
2497 5262 2944 5334 interrogantibus
2987 5286 3171 5327 rursus
3211 5276 3386 5332 aiebat
3411 5254 3577 5336 :‘Pae-

1998 5345 2251 5398 nitentium
2277 5349 2428 5418 agite,
2459 5362 2506 5404 et
2548 5353 2824 5423 baptizetur
2870 5359 3076 5430 quisque
3117 5375 3332 5421 vestrum
3377 5372 3430 5424 in
3479 5390 3574 5428 no-

1998 5435 2130 5487 mine
2172 5434 2381 5492 Domini
2429 5444 2587 5496 nostri
2613 5444 2739 5498 Jesu
2766 5445 2952 5501 Christi
2979 5450 3114 5523 (Act.
3139 5455 3193 5508 2.
3213 5457 3330 5531 58).
3355 5461 3452 5528 Qui
3481 5478 3546 5518 au
3565 5496 3578 5509 ο

1999 5535 2103 5580 tem
2142 5529 2248 5596 agit
2294 5531 2678 5601 ptenitentiam,
2711 5552 2812 5592 non
2856 5543 3082 5611 amplius
3136 5529 3321 5604 eadem
3368 5556 3576 5626 attingit

1998 5618 2204 5685 negotia
2223 5659 2235 5681 ,
2267 5635 2492 5688 quorum
2521 5627 2765 5693 paenituit
2794 5646 2808 5682 :
2840 5631 3064 5705 ideoque
3082 5637 3333 5706 jubemur
3353 5618 3533 5702 dicere
3559 5667 3570 5701 :

1998 5707 2326 5763 Abrenuntio
2353 5714 2465 5780 tibi,
2496 5724 2711 5784 satana,
2740 5735 2807 5775 ne
2835 5725 3062 5794 amplius
3091 5729 3158 5783 ad
3196 5731 3366 5801 ipsum
3396 5753 3572 5792 rever-

2059 5843 2450 5927 Loiriidam‘
2486 5853 2649 5910 pectus
2684 5863 3036 5917 percusserunt,
3085 5860 3446 5927 conscientiam,
3480 5881 3574 5918 rac-

1996 5907 2380 5969 pergefacieiues.
