4408 6680
821 417 927 474 235

825 545 1018 589 tamur.
1063 532 1209 589 Sicut
1264 530 1421 599 igitur
1463 528 1515 584 in
1566 527 1855 598 pictoribus
1920 526 2156 591 accidit,
2214 525 2291 579 sic
2340 533 2393 578 et

824 640 967 680 nunc
1000 625 1125 687 ﬁat;
1155 622 1353 678 etenim
1393 620 1469 674 illi
1498 620 1702 676 tabulas
1731 626 2090 687 proponentes
2110 658 2127 684 ,
2156 629 2210 671 et
2251 615 2396 669 albas

823 713 1280 768 circumducentes
1330 710 1530 770 lineas.
1554 717 1608 765 et
1649 710 1821 776 regias
1846 706 2191 775 depingentes
2218 704 2399 774 imagi-

823 821 951 868 nes,
979 805 1285 873 priusquam
1335 802 1578 856 colorum
1626 800 1901 853 veritatem
1952 797 2393 865 superinducant,

820 910 940 949 cum
968 893 1111 948 omni
1137 893 1379 947 libertate
1407 891 1522 945 hiec
1548 887 1756 957 quidem
1788 886 2003 953 delent,
2034 885 2120 939 illa
2149 899 2276 939 vero
2313 899 2398 938 re-

820 987 1072 1054 pingunt,
1099 991 1155 1037 et
1188 991 1363 1038 errata
1412 981 1739 1048 corrigentes
1760 987 1813 1031 et
1855 977 1994 1031 male
2041 991 2100 1031 se
2150 975 2397 1029 habentia

821 1084 1229 1144 transponentes
1260 1092 1273 1127 :
1305 1083 1580 1143 postquam
1611 1084 1739 1124 vero
1771 1070 1881 1139 jam
1919 1070 2150 1123 colorem
2179 1068 2399 1120 induxe-

821 1168 946 1230 rint,
974 1183 1079 1220 non
1114 1164 1342 1233 amplius
1367 1164 1665 1216 libertatem
1698 1161 1893 1217 habent
1938 1174 2147 1215 rursum
2187 1158 2396 1213 delendi

819 1266 872 1310 et
893 1253 1233 1323 depingendi,
1264 1253 1515 1322 quoniam
1559 1252 1805 1321 imaginis
1833 1250 2207 1320 pulchritudini
2238 1262 2398 1303 noce-

822 1357 963 1413 rent,
992 1356 1047 1401 et
1072 1347 1186 1400 sine
1215 1346 1372 1414 culpa
1404 1344 1519 1398 ﬁeri
1559 1359 1665 1397 non
1693 1352 1874 1412 posset
1904 1360 1917 1395 :
1950 1344 2050 1395 hoc
2088 1350 2146 1395 tu
2183 1355 2396 1410 quoque

820 1436 901 1491 fac
930 1453 943 1489 :
971 1447 1093 1505 puta
1139 1437 1368 1488 animam
1418 1448 1537 1487 esse
1580 1432 1673 1485 tibi
1726 1431 2033 1500 imaginem.
2079 1430 2392 1499 Priusquam

819 1529 976 1596 igitur
1003 1527 1343 1595 superveniat
1370 1539 1493 1578 vera
1521 1522 1749 1593 Spiritus
1772 1524 2016 1587 tinctura,
2042 1522 2177 1577 male
2207 1522 2394 1576 insitas

818 1618 912 1671 tibi
944 1614 1357 1670 consuetudines
1405 1614 1523 1668 dele
1553 1632 1567 1667 :
1602 1613 1715 1668 sive
1741 1610 1923 1681 jurare
1943 1654 1958 1679 ,
1989 1613 2103 1667 sive
2150 1612 2387 1675 mentiri,

815 1708 925 1760 sive
950 1706 1299 1761 contumelias
1325 1704 1524 1760 inferre
1543 1745 1558 1769 ,
1583 1705 1693 1758 sive
1718 1704 1890 1772 turpia
1916 1702 2093 1771 loqui,
2123 1702 2234 1755 sive
2260 1700 2390 1754 ridi-

816 1798 938 1852 cula
967 1799 1140 1853 facere
1162 1798 1352 1852 solitus
1377 1813 1455 1863 es,
1490 1798 1601 1850 sive
1626 1795 1750 1865 quid
1780 1794 1918 1848 aliud
1950 1793 2249 1863 hujnsmodi
2283 1807 2391 1847 non

817 1891 1017 1946 licitum
1048 1889 1275 1945 faciendi
1297 1886 1735 1942 consuetudinem
1758 1884 1920 1939 habes
1942 1926 1956 1951 ,
1998 1899 2127 1939 erue
2160 1898 2392 1939 consue-

814 1980 1050 2033 tudinem
1074 1981 1113 2043 ³,
1138 1993 1205 2032 ne
1226 1985 1347 2048 post
1389 1976 1649 2044 baptisma
1676 1990 1887 2029 rursum
1915 1974 1980 2029 ad
2013 1975 2178 2044 ipsam
2210 1988 2394 2042 regre-

813 2069 995 2122 diaris.
1047 2068 1271 2123 Peccata
1326 2066 1465 2121 delet
1508 2066 1777 2119 lavacrum
1810 2082 1824 2122 :
1855 2075 1909 2119 tu
1953 2063 2392 2118 consuetudinem

813 2161 1020 2229 corrige
1044 2201 1059 2225 ,
1086 2175 1155 2213 ne
1178 2159 1289 2228 jam
1325 2157 1552 2211 inductis
1580 2157 1848 2210 coloribus
1888 2166 1940 2209 et
1965 2156 2223 2209 illustrata
2261 2156 2393 2208 ima-

811 2254 933 2321 gine
962 2253 1123 2321 regia,
1151 2251 1377 2320 amplius
1410 2249 1612 2313 deleas,
1645 2255 1700 2302 et
1744 2248 1961 2300 vulnera
2012 2256 2065 2301 et
2116 2246 2390 2299 cicatrices

813 2341 1010 2396 inferas
1046 2356 1076 2394 a
1105 2341 1215 2396 Deo
1260 2340 1352 2395 tibi
1380 2340 1503 2393 dato
1540 2337 1740 2392 decori.
1767 2336 1987 2404 Corripe
2029 2334 2190 2405 igitur
2230 2335 2385 2398 iram,

813 2433 1086 2499 exstingue
1112 2431 1366 2495 furorem,
1393 2428 1507 2483 sive
1532 2428 1652 2497 quis
1682 2426 1876 2479 alliciat
1900 2424 2093 2494 injuria
2119 2424 2231 2479 sive
2256 2438 2388 2477 con-

814 2523 1030 2577 tumelia
1052 2563 1066 2588 ,
1098 2521 1345 2592 lacrymis
1389 2520 1541 2574 illum
1586 2530 1911 2588 prosequere
1943 2532 1959 2571 :
1990 2529 2057 2569 ne
2101 2514 2391 2584 indigneris

815 2622 870 2665 tn
889 2654 902 2676 ,
933 2611 1178 2675 condole,
1206 2625 1273 2664 ne
1301 2608 1637 2665 exacerberis
1666 2625 1679 2661 :
1712 2622 1781 2663 ne
1807 2606 1974 2673 dicas,
2008 2605 2061 2659 in
2089 2606 2262 2659 anima
2292 2618 2390 2673 pa-

816 2708 919 2760 tior
946 2704 1211 2774 injuriam.
1252 2703 1421 2758 Nemo
1454 2711 1538 2757 est
1572 2701 1624 2755 in
1658 2702 1834 2754 anima
1863 2699 2109 2769 injuriam
2151 2698 2387 2767 patiens,

816 2798 916 2850 nisi
963 2811 1058 2850 nos
1086 2796 1228 2864 ipsos
1266 2794 1319 2847 in
1362 2794 1539 2846 anima
1577 2791 1771 2860 injuria
1808 2789 2137 2852 afﬁciamus;
2162 2796 2219 2842 et
2255 2802 2391 2857 quo-

817 2887 977 2943 modo
1004 2886 1054 2941 id
1084 2886 1154 2939 ita
1192 2885 1290 2948 sit,
1310 2886 1421 2951 jam
1446 2880 1848 2941 dicam.Ahlata
1878 2888 1961 2933 est
2000 2892 2087 2932 res
2133 2886 2254 2941 tua;
2283 2891 2389 2929 non

818 2993 1007 3048 passus
1039 2992 1097 3033 es
1124 2978 1176 3031 in
1205 2976 1399 3039 anima,
1430 2972 1524 3029 sed
1552 2973 1604 3026 in
1631 2972 1868 3042 pecuniis
1898 2988 1910 3023 :
1939 2970 1983 3024 si
2010 2978 2065 3024 tn
2099 2984 2226 3024 vero
2266 2968 2391 3022 mali

819 3069 1133 3125 memoriam
1176 3080 1377 3134 serves,
1401 3066 1452 3118 in
1496 3063 1675 3117 anima
1704 3071 1760 3117 tu
1791 3063 2019 3130 teipsum
2045 3060 2229 3114 ltesisti
2259 3073 2393 3129 :pe-

819 3160 987 3214 cuniae
1012 3158 1151 3213 enim
1194 3158 1382 3212 ablatae
1406 3155 1539 3210 nihil
1567 3154 1801 3208 animam
1827 3153 2102 3217 lmserunt,
2130 3166 2313 3206 verum
2341 3162 2396 3207 et

820 3251 1169 3319 adjuverunt;
1217 3256 1272 3301 tu
1298 3261 1425 3301 vero
1447 3261 1555 3300 non
1589 3244 1721 3298 iram
1752 3241 2046 3307 dimittens,
2076 3256 2262 3310 pinnas
2288 3241 2396 3296 illic

820 3340 974 3410 hujus
1002 3348 1230 3393 servata:
1258 3337 1518 3391 malorum
1543 3332 1814 3390 memoria:
1836 3332 2007 3387 dabis.
2034 3331 2301 3387 Conviciis
2344 3341 2397 3387 te

819 3431 1077 3500 quispiam
1104 3437 1159 3483 et
1181 3428 1518 3483 contumeliis
1543 3425 1750 3481 all‘ecit?
1776 3434 1826 3480 te
1852 3425 1926 3479 nil
1951 3424 2004 3478 in
2032 3424 2207 3477 anima
2236 3424 2395 3489 laesit,

818 3521 910 3576 sed
948 3535 1045 3574 nec
1074 3520 1125 3573 in
1155 3533 1397 3587 corpore.
1429 3518 1505 3571 Tu
1532 3518 1765 3572 vicissim
1801 3514 2152 3570 contumelias
2180 3522 2235 3569 et
2262 3529 2396 3570 con-

820 3614 951 3667 vicia
983 3610 1245 3665 intulisti?
1272 3610 1497 3679 teipsum
1534 3609 1588 3663 in
1615 3610 1790 3663 anima
1838 3607 2042 3673 laesisti,
2062 3622 2247 3662 eorum
2276 3621 2397 3675 qua:

822 3704 1021 3765 dixisti,
1041 3701 1145 3753 illic
1166 3714 1350 3767 poenas
1376 3698 1663 3752 subiturus.
1689 3698 1757 3753 Et
1782 3698 1882 3753 hoc
1903 3697 2141 3752 omnium
2162 3697 2396 3750 maxime

821 3807 914 3845 vos
956 3800 1161 3845 certum
1205 3790 1348 3842 scire
1391 3789 1511 3841 volo
1536 3829 1550 3853 ,
1580 3788 1938 3842 Christianum
1982 3796 2037 3842 et
2081 3786 2293 3841 fidelem
2339 3786 2394 3840 in

820 3884 994 3936 anima
1034 3895 1191 3951 posse
1230 3879 1424 3933 laedere
1468 3879 1861 3947 neminem,nec
1889 3880 2060 3947 ipsum
2104 3878 2394 3933 diabolum.

821 3973 927 4027 Nec
950 3972 1050 4026 hoc
1079 3978 1281 4025 tantum
1305 3978 1388 4024 est
1403 3968 1738 4034 admirabile,
1764 3968 1905 4037 quod
1938 3984 2034 4023 nos
2064 3968 2204 4022 Deus
2226 3968 2396 4021 omni-

821 4066 922 4118 bus
949 4062 1151 4116 insidiis
1175 4060 1611 4131 inexpugnabiles
1640 4059 1845 4126 fecerit,
1866 4076 2052 4115 verum
2082 4068 2136 4115 et
2162 4060 2303 4130 quod
2331 4060 2399 4114 ad

823 4170 1036 4208 omnem
1063 4153 1272 4207 virtutis
1301 4152 1661 4221 operationem
1689 4167 1786 4207 nos
1814 4161 1968 4221 aptos
2005 4153 2270 4221 paraverit
2301 4169 2314 4205 :
2346 4159 2400 4205 et

824 4245 1256 4315 impedimentum
1282 4246 1479 4298 nullum
1500 4256 1601 4312 est,
1620 4247 1663 4299 si
1695 4247 1935 4311 velimus,
1959 4246 2086 4300 licet
2113 4261 2396 4316 pauperes,

823 4338 934 4391 sive
961 4351 1187 4407 corpore
1216 4335 1509 4391 imbecilles
1527 4377 1541 4401 ,
1573 4338 1682 4391 sive
1703 4338 1894 4406 abjecti
1914 4379 1929 4403 ,
1961 4339 2071 4392 sive
2102 4338 2360 4408 ignobiles
2380 4380 2396 4404 ,

824 4431 935 4483 sive
959 4429 1117 4482 servi.
1147 4427 1257 4481 Nec
1282 4427 1423 4481 enim
1453 4437 1755 4497 paupertas,
1781 4442 1879 4482 nec
1909 4428 2270 4495 imbecillitas,
2299 4444 2398 4483 nec

825 4520 1066 4587 corporis
1125 4517 1408 4585 mutilatio,
1438 4532 1542 4572 non
1586 4518 1837 4584 servitus,
1870 4532 1975 4571 non
2021 4518 2165 4572 aliud
2213 4519 2396 4573 talium

825 4608 1091 4678 quidpiam
1120 4606 1185 4661 ad
1227 4608 1475 4663 virtutem
1504 4608 1937 4677 impedimentum
1967 4623 2088 4663 esse
2112 4616 2289 4677 queat.
2337 4610 2400 4663 Et

822 4697 948 4767 quid
977 4696 1096 4752 dico
1121 4712 1405 4767 pauperem
1436 4709 1490 4753 et
1508 4715 1719 4754 servum
1752 4707 1807 4753 et
1828 4699 2149 4768 ignobilem?
2174 4700 2329 4753 etiam
2355 4700 2399 4753 si

822 4789 1064 4858 captivus
1094 4789 1188 4854 sis,
1219 4804 1315 4843 nec
1337 4788 1437 4844 hoc
1468 4790 1558 4845 tibi
1585 4790 1650 4844 ad
1675 4791 1922 4845 virtutem
1954 4790 2393 4859 impedimentum

819 4883 917 4945 ﬁt;
947 4888 1001 4934 et
1022 4895 1129 4951 quo
1155 4879 1205 4934 id
1226 4880 1386 4935 modo
1413 4882 1499 4945 sit,
1528 4882 1960 4949 dicam.Quidam
1988 4882 2398 4937 domesticorum

826 4983 878 5030 te
915 4972 1249 5026 contristavit
1278 4980 1332 5026 et
1369 4972 1634 5024 irritavit?
1661 4973 1759 5040 ipsi
1807 4973 1937 5025 iram
1972 4974 2199 5027 remitte.
2232 4972 2395 5026 Num-

822 5060 949 5128 quid
980 5062 1072 5116 tibi
1108 5062 1174 5117 ad
1203 5062 1306 5118 hoc
1349 5060 1554 5117 vincula
1596 5071 1650 5118 et
1680 5072 1961 5133 paupertas
1999 5071 2053 5117 et
2101 5064 2399 5131 ignobilitas

829 5151 1271 5220 impedimentum
1291 5153 1429 5211 facta
1458 5155 1626 5209 sunt?
1655 5153 1719 5209 Et
1742 5154 1867 5224 quid
1894 5154 2015 5209 dico
2042 5154 2396 5222 impedimen-

826 5260 935 5303 tum
959 5244 983 5296 ?
1012 5254 1066 5297 et
1096 5248 1267 5313 potius
1293 5247 1507 5315 quidem
1533 5248 1785 5316 adjuvant
1813 5264 1828 5301 :
1856 5262 2086 5316 namque
2120 5255 2173 5301 et
2200 5261 2394 5314 c00pe-

826 5345 1011 5391 rantur
1039 5336 1106 5389 ad
1162 5339 1459 5404 superbiam
1500 5340 1974 5408 comprimendam.
2005 5340 2195 5395 Vidisti
2237 5340 2397 5394 alium

824 5427 1051 5484 feliciter
1088 5427 1372 5496 agentem?
1401 5445 1465 5482 ne
1492 5430 1769 5495 invideas;
1793 5447 1912 5485 nam
1940 5447 2038 5487 nec
2062 5431 2148 5485 hic
2181 5445 2404 5499 pauper-

828 5528 907 5574 tas
933 5519 1365 5589 impcdimentum
1393 5529 1491 5574 cst.
1518 5521 1746 5577 Rursum
1790 5538 1907 5577 cum
1944 5538 2100 5579 orare
2127 5523 2400 5587 convenit,

827 5611 1003 5665 sobria
1027 5618 1080 5665 et
1107 5610 1247 5678 vigili
1277 5619 1454 5667 mente
1482 5611 1583 5667 hoc
1616 5622 1805 5682 praesta
1830 5654 1847 5679 ,
1877 5623 1931 5670 et
1962 5629 2059 5671 nec
2098 5613 2184 5669 hic
2234 5613 2398 5668 ullum

889 5783 907 5812 ³
946 5782 1027 5831 Alit
1046 5795 1153 5832 cum
1184 5785 1339 5844 Savil.,
1364 5788 1471 5838 dele
1490 5789 1889 5841 consuetudinem.

1555 415 1611 472 S.
1651 412 1930 470 JOANNIS
1967 408 2437 470 CllRYSOSTOMI
2477 411 2790 474 ARCHIEP.
2836 420 3370 484 CONSTANTINOI’.

2505 527 2608 580 erit
2674 530 3031 593 obstaculum.
3122 540 3545 612 Benignitatem,
3614 554 4073 613 mansuetudinem

2502 631 2714 674 omnem
2763 626 2955 683 exhibe
2975 672 2989 693 ,
3019 632 3334 690 modestiam
3353 676 3367 699 ,
3398 635 3729 692 honestatem
3759 657 3773 692 :
3806 658 3905 697 nec
3928 650 4074 703 enim

2500 706 2599 760 ista
2629 715 2952 771 exteriorum
2982 721 3218 793 indigent
3241 727 3577 783 auxiliorum.
3620 729 3684 783 Et
3714 731 3815 785 hoc
3850 744 3935 788 est
3979 737 4076 790 im-

2502 800 2689 867 primis
2719 808 3010 865 maximum
3039 814 3089 877 ',
3121 816 3265 883 quod
3293 834 3399 872 non
3426 819 3643 885 divitiis,
3670 836 3774 874 non
3804 825 4073 891 potentia,

2501 906 2607 981 non
2632 893 2820 961 gloria,
2846 914 2949 954 non
2990 904 3089 957 alia
3140 909 3386 975 quapiam
3414 911 3595 965 talium
3624 927 3798 966 rerum
3819 927 3956 981 opus
3984 915 4076 967 ha-

2500 980 2643 1046 beat,
2667 985 2761 1038 sed
2788 990 2965 1043 anima
3012 1002 3213 1048 tantum
3256 1000 3616 1067 sanctiﬁcata,
3645 1013 3697 1057 et
3733 1002 3805 1056 nil
3845 980 4075 1069 amplius

2502 1071 2751 1141 inquirat.
2784 1075 3011 1146 Respice
3037 1098 3165 1139 vero
3207 1096 3261 1140 et
3302 1088 3354 1141 in
3389 1092 3555 1158 gratia
3584 1092 3683 1146 hoc
3709 1092 3881 1161 ipsum
3911 1093 4026 1147 ﬁeri
4056 1111 4072 1146 :

2501 1162 2612 1216 sive
2638 1164 2755 1231 quis
2784 1168 2924 1220 enim
2946 1170 3231 1241 claudicet,
3259 1186 3315 1231 et
3339 1180 3536 1234 evulsis
3560 1181 3629 1235 sit
3652 1183 3818 1236 oculis
3840 1225 3856 1249 ,
3884 1192 3937 1238 et
3956 1198 4077 1238 cor-

2499 1267 2631 1322 pore
2686 1255 2922 1323 mutilus,
2964 1260 3075 1314 sive
3115 1262 3167 1316 in
3216 1276 3507 1322 extremam
3556 1270 3800 1341 delapsus
3848 1273 4074 1327 inﬁrmi-

2502 1352 2686 1407 tatem,
2718 1345 2787 1399 ab
2813 1346 3003 1401 horum
3031 1353 3177 1405 nullo
3196 1359 3365 1423 gratia
3386 1361 3569 1415 venire
3594 1364 3923 1430 prohibetur.
3944 1366 4075 1420 Ani-

2497 1447 2639 1486 mam
2666 1436 2808 1489 enim
2836 1440 3067 1507 exquirit
3104 1442 3273 1497 solam
3322 1460 3381 1500 se
3423 1462 3545 1502 cum
3580 1452 3857 1508 alacritate
3896 1455 4073 1510 susci-

2499 1523 2776 1590 pientem,
2824 1537 2879 1583 et
2937 1530 3051 1585 haec
3123 1535 3304 1588 omnia
3364 1539 3628 1594 exteriora
3692 1547 4071 1611 pmteneurrit.

2496 1613 2852 1671 Externorum
2881 1620 3094 1689 quidem
3126 1623 3350 1678 militum
3378 1636 3429 1681 et
3458 1631 3701 1697 corporis
3727 1641 3984 1688 staturam
4019 1644 4076 1689 et

2495 1703 2690 1759 bonam
2718 1710 2896 1762 carnis
2937 1710 3301 1768 habitudinem
3332 1718 3614 1785 exquirunt
3642 1723 3731 1789 qui
3762 1723 3905 1791 ipsos
3931 1725 4075 1779 mili-

2497 1794 2584 1847 tiae
2628 1796 2974 1866 adscribunt;
3008 1817 3113 1856 non
3179 1803 3295 1859 inec
3339 1815 3514 1862 autem
3557 1811 3670 1864 sola
3722 1814 4074 1871 militaturum

2496 1895 2709 1955 oportet
2740 1888 2957 1955 habere,
2992 1907 3177 1947 verum
3219 1903 3275 1949 et
3313 1896 3610 1953 libertatem
3632 1916 3647 1965 ;
3672 1901 3717 1955 si
3764 1904 3883 1971 quis
3922 1906 4072 1960 enim

2498 1977 2571 2031 sit
2616 1992 2803 2034 servus
2833 2022 2849 2047 ,
2897 1982 3137 2051 rejicitur
3176 2003 3188 2038 :
3220 1986 3469 2042 caelorum
3521 2000 3697 2045 autem
3744 1992 3857 2047 Rex
3885 1995 3906 2026 ²
3938 1996 4072 2049 nihil

2498 2071 2601 2123 tale
2622 2073 2865 2139 requirit,
2893 2073 2987 2127 sed
3014 2082 3067 2128 et
3094 2091 3278 2131 servos
3305 2078 3357 2131 in
3390 2084 3683 2135 exercitum
3713 2100 3867 2138 suum
3894 2088 4072 2140 susci-

2496 2163 2596 2230 pit,
2629 2172 2685 2216 et
2715 2177 2894 2229 senes,
2920 2173 2975 2217 et
3022 2165 3279 2221 invalidos
3324 2172 3579 2225 membris
3600 2213 3616 2238 ,
3645 2190 3816 2241 neque
3836 2189 3961 2229 eum
3994 2185 4074 2229 ta-

2497 2255 2623 2309 lium
2659 2257 2819 2324 pudet
2852 2274 2865 2309 :
2896 2273 3002 2327 quo
3030 2260 3155 2328 quid
3191 2262 3471 2318 humanius
3501 2275 3593 2318 aut
3618 2265 3896 2335 benignius
3920 2269 4072 2337 cogi-

2495 2346 2592 2399 tari
2623 2348 2835 2414 potest?
2860 2348 2956 2403 Hic
2980 2351 3122 2405 enim
3149 2366 3211 2407 ea
3241 2354 3593 2419 solummodo,
3624 2370 3743 2425 quae
3787 2358 3842 2411 in
3887 2369 4073 2413 nostra

2494 2445 2759 2504 potestate
2806 2439 2908 2493 sita
2955 2448 3096 2506 sunt,
3126 2442 3355 2510 quierit;
3385 2443 3459 2498 illi
3496 2459 3628 2499 vero
3673 2461 3790 2515 quae
3827 2447 3927 2501 sita
3965 2464 4074 2502 non

2493 2536 2640 2581 sunt.
2669 2528 2910 2584 Servitus
2949 2531 3092 2585 enim
3126 2532 3213 2587 vel
3248 2533 3470 2589 libertas
3498 2534 3552 2588 in
3584 2544 3846 2604 potestate
3886 2547 4073 2591 nostra

2495 2618 2594 2672 sita
2622 2634 2727 2673 non
2758 2628 2919 2687 sunt,
2951 2623 3395 2689 quemadmodum
3427 2640 3602 2695 neque
3642 2627 3937 2695 proceritas
3958 2637 4072 2680 sta-

2498 2721 2629 2762 tura:
2682 2719 2775 2764 aut
2809 2710 3081 2777 brevitas,
3116 2729 3288 2782 neque
3336 2716 3565 2781 senium,
3618 2725 3672 2769 et
3722 2732 4074 2786 quwcumque

2499 2802 2619 2855 talia
2646 2819 2659 2866 ;
2694 2813 3023 2858 mansuetum
3056 2814 3233 2860 autem
3260 2816 3314 2861 et
3346 2807 3529 2861 mitem
3560 2822 3698 2871 esse,
3730 2819 3783 2862 et
3811 2807 3894 2862 his
3924 2809 4077 2862 simi-

2497 2891 2565 2944 lia
2591 2932 2605 2956 ,
2637 2894 2926 2947 voluntatis
2970 2905 3167 2950 nostra:
3219 2906 3362 2950 sunt.
3398 2898 3466 2952 Et
3519 2898 3633 2952 haec
3674 2899 3785 2953 sola
3837 2915 3867 2953 a
3917 2902 4077 2953 nobis

2498 2982 2639 3037 Dens
2681 2984 2880 3053 exigit,
2911 3000 3138 3053 quorum
3186 3000 3284 3040 nos
3326 2988 3532 3041 domini
3577 3003 3793 3053 sumus,
3825 2998 3880 3041 et
3919 2988 4075 3042 valde

2497 3081 2859 3139 congruenter
2888 3092 2901 3127 :
2933 3088 3039 3127 non
3070 3076 3211 3128 enim
3234 3085 3450 3145 propter
3468 3077 3734 3147 propriam
3762 3078 4072 3142 utilitatem,

2500 3167 2591 3219 sed
2623 3176 2840 3235 pr0pter
2868 3164 3272 3220 beneficentiam
3302 3181 3399 3221 nos
3426 3167 3495 3221 ad
3539 3182 3687 3221 suam
3714 3167 3941 3236 gratiam
3976 3183 4072 3221 vo.

2500 3266 2601 3318 cat,
2633 3271 2789 3325 reges
2819 3271 2947 3311 vero
2973 3256 3040 3311 ad
3067 3257 3418 3312 ministerium
3441 3272 3595 3311 suum
3628 3275 3644 3310 :
3674 3267 3728 3311 et
3757 3257 3833 3310 illi
3860 3258 4074 3325 quidem

2501 3345 2567 3398 ad
2616 3345 2809 3399 bellum
2843 3344 3057 3400 trahunt
3096 3346 3348 3401 sensibile
3372 3387 3388 3411 ,
3428 3346 3515 3399 hic
3552 3354 3726 3399 autem
3741 3345 3805 3399 ad
3843 3360 4075 3414 pugnam

2501 3437 2849 3505 spiritualem.
2878 3436 2987 3491 Nec
3013 3437 3065 3489 in
3094 3436 3246 3490 bellis
3273 3443 3472 3489 tantum
3499 3436 3735 3490 externis
3760 3475 3776 3500 ,
3804 3450 3990 3489 verum
4019 3444 4075 3489 et

2502 3526 2553 3579 in
2575 3526 2953 3580 certaminibus
2975 3525 3214 3579 eamdem
3237 3525 3355 3595 quis
3383 3526 3643 3579 rationem
3677 3526 3858 3580 videre
3886 3527 4073 3594 possit.

2500 3617 2556 3672 ln
2586 3617 2712 3672 illud
2743 3619 2884 3673 enim
2910 3618 3173 3672 theatrum
3210 3618 3299 3687 qui
3333 3617 3579 3672 trahendi
3600 3627 3743 3681 sunt,
3776 3632 3883 3672 non
3926 3619 4077 3686 prius

2500 3708 2827 3763 descendunt
2873 3710 2924 3762 in
2969 3710 3255 3763 certamina
3285 3749 3299 3772 ,
3350 3709 3521 3763 donec
3581 3710 3726 3777 ipsos
3794 3722 4078 3761 assumens

2503 3814 2677 3870 praeco
2707 3800 2805 3853 sub
2831 3799 3069 3853 omnium
3108 3799 3276 3854 oculis
3311 3798 3676 3853 circumducat
3705 3798 3972 3861 clamans,
3999 3807 4078 3851 at-

2502 3905 2605 3959 que
2632 3890 2816 3944 dicens
2845 3908 2858 3942 :
2889 3890 3025 3943 Num
3064 3891 3181 3960 quis
3220 3890 3361 3945 hunc
3388 3890 3646 3944 accusat?
3674 3891 3773 3943 etsi
3820 3890 3927 3944 illic
3970 3906 4076 3943 non

2504 3982 2716 4047 animte,
2746 3979 2841 4033 sed
2866 3982 3106 4047 corporis
3136 3996 3324 4049 pugnte
3352 3981 3491 4033 sint:
3512 3995 3675 4049 quare
3704 3980 3864 4048 igitur
3889 3981 4079 4034 nobili-

2506 4075 2626 4127 tatis
2648 4074 2881 4128 rationes
2911 4072 3174 4141 requiris?
3200 4072 3296 4125 Hic
3319 4084 3447 4125 vero
3473 4070 3603 4123 nihil
3629 4071 3754 4132 tale,
3783 4070 3875 4124 sed
3908 4081 4076 4124 totum

2505 4167 2825 4221 contrarium
2881 4180 2895 4217 :
2939 4179 3059 4217 cum
3119 4177 3224 4216 non
3280 4163 3334 4215 in
3404 4176 3653 4215 manuum
3708 4161 4077 4215 collationibus

2506 4259 2610 4310 sint
2663 4256 2816 4309 nobis
2858 4252 3169 4315 certamina,
3201 4251 3298 4306 sed
3345 4251 3396 4305 in
3445 4251 3605 4304 animi
3643 4250 3977 4320 philosOphia
4022 4261 4077 4305 et

2505 4347 2699 4402 mentis
2728 4346 2943 4410 virtute,
2973 4342 3297 4398 contrarium
3323 4340 3640 4410 agonotheta
3679 4350 3862 4395 noster
3905 4342 4028 4395 facit
4057 4359 4072 4393 :

2506 4455 2609 4493 non
2644 4439 2814 4508 ipsum
2845 4448 3123 4490 assumens
3150 4432 3515 4498 circumducit,
3546 4440 3601 4487 et
3623 4431 3775 4488 dicit:
3798 4432 3930 4485 Num
3959 4433 4077 4502 quis

2508 4530 2647 4583 hunc
2698 4526 2955 4581 accusat?
2993 4525 3086 4579 sed
3114 4525 3350 4577 clamat:
3384 4522 3532 4578 Licet
3576 4537 3763 4578 omnes
3809 4522 4077 4586 homines.

2506 4622 2626 4675 licet
2654 4620 2925 4673 daemones
2949 4632 3067 4671 cum
3096 4616 3308 4671 diabolo
3328 4618 3597 4671 constituti
3625 4618 3794 4687 ipsum
3824 4623 4079 4670 accusent

2504 4712 2573 4766 de
2599 4710 2917 4781 turpissimis
2943 4717 2996 4763 et
3025 4707 3246 4762 occultis
3279 4708 3606 4771 criminibus,
3635 4724 3739 4761 non
3769 4706 3952 4775 rejicio
3978 4720 4077 4760 nec

2506 4804 2805 4866 abominor,
2831 4798 2925 4854 sed
2951 4798 3017 4852 ab
3044 4799 3441 4853 accusatoribus
3470 4800 3641 4868 ipsum
3668 4800 3899 4853 liberans
3921 4807 3975 4851 et
4009 4796 4079 4849 ab

2508 4895 2785 4963 iniquitate
2830 4890 3146 4956 absolvens,
3195 4890 3273 4944 sic
3317 4890 3383 4944 ad
3430 4890 3717 4945 certamina
3765 4889 3904 4943 duco
3934 4907 3948 4941 :
3981 4901 4079 4941 nec

2510 4985 2793 5038 immerito.
2828 4982 2938 5035 Illic
2968 4981 3108 5034 enim
3135 4982 3452 5050 agonotheta
3487 4982 3558 5035 nil
3587 4981 3914 5034 certantibus
3944 4992 4074 5032 con-

2511 5078 2607 5129 fert
2629 5075 2694 5128 ad
2720 5073 2991 5127 victoriam
3013 5114 3026 5138 ,
3050 5073 3141 5127 scd
3164 5074 3368 5128 medius
3402 5073 3717 5128 constitutus
3738 5082 3846 5135 est;
3875 5072 3960 5125 hic
3985 5084 4077 5120 au-

2511 5178 2614 5223 tem
2664 5166 2981 5236 agonothcta
3019 5166 3225 5234 pietatis
3264 5168 3742 5237 propugnatoribus
3786 5162 4076 5218 commilito

2510 5261 2567 5312 lit
2597 5268 2650 5314 et
2678 5258 2978 5323 auxiliator,
3007 5274 3127 5312 cum
3171 5259 3297 5328 ipsis
3328 5268 3510 5313 contra
3540 5258 3808 5312 diabolum
3854 5266 4075 5323 pugnam

2509 5354 2865 5409 committens.

2581 5448 2632 5500 4.
2661 5444 2767 5500 Nec
2794 5445 2892 5500 hoc
2917 5455 3116 5501 tantum
3144 5456 3225 5501 est
3247 5446 3575 5513 admirabile,
3607 5444 3744 5515 quod
3776 5440 3928 5495 nobis
3954 5451 4075 5509 pd:-

2575 5670 2587 5689 '
2634 5675 2729 5725 tm,
2754 5670 2840 5719 hoc
2862 5676 2930 5717 est
2964 5668 3198 5727 imprimis
3222 5666 3406 5717 virtutis
3436 5664 3732 5719 maximum;
3761 5657 3863 5716 alii,
3888 5657 3987 5707 hac
4006 5658 4077 5705 est

2510 5740 2743 5789 imprimis
2769 5731 2953 5779 virtutis
2976 5730 3270 5789 nwgm'tudo.

2579 5795 2597 5823 ³
2621 5788 2738 5845 Alii.
2761 5788 3081 5843 murenarum
3101 5798 3255 5840 autem
3282 5798 3397 5839 Rex.
