4408 6668
206 468 323 521 235

205 589 481 662 Καθάπερ
508 584 603 646 οὖν
630 595 723 647 ἐπὶ
741 594 851 648 τῶν
892 587 1195 661 ζωγράφων
1226 590 1455 657 γίνεται,
1482 590 1623 643 οὕτω
1653 592 1746 643 καὶ
1778 589 1872 641 νῦν

204 680 479 748 γινέσθω⁶
515 684 610 737 καὶ
656 685 764 756 γάρ
793 686 991 737 ἐκεῖνοι
1020 678 1121 740 τὰς
1164 678 1382 743 σανίδας
1422 680 1735 750 προθέντες,
1782 680 1878 733 καὶ

203 774 410 841 λευκὰς
440 780 795 849 περιάγοντες
828 770 1117 843 γραμμὰς,
1162 773 1259 825 καὶ
1288 772 1387 836 τάς
1426 771 1709 842 βασιλικὰς
1753 773 1880 826 ὐποο

204 869 517 939 γράφοντες
554 870 789 931 εἰκόνας,
827 865 956 935 πρὶν
995 862 1028 932 ἦ
1071 864 1180 917 τῶν
1230 865 1534 935 χρωμάτων
1577 868 1876 933 ἐπαγαγεῖν

204 963 312 1035 τὴν
357 966 642 1036 ἀλήθειαν,
690 959 807 1031 μετ’
837 955 1086 1021 ἐξουσίας
1138 956 1357 1027 ἁπάσης
1390 957 1458 1012 τά
1511 958 1610 1030 μὲν
1667 958 1877 1023 ἐξαλεί-

206 1078 396 1129 φουσι,
420 1062 489 1114 τά
525 1057 581 1111 δέ
617 1047 1076 1117 ἀντεγγράφουσι.
1107 1048 1202 1101 καί
1232 1048 1569 1118 διορθοῦντες
1594 1049 1665 1103 τά
1696 1052 1877 1119 ἡμαρ-

205 1156 425 1225 τημένα
472 1151 565 1204 καὶ
621 1140 1003 1214 μετατιθέντες
1048 1140 1118 1192 τά
1149 1141 1337 1206 κακῶς
1382 1143 1605 1213 ἔχοντα·
1654 1140 1877 1195 ἐπειδὰν

204 1248 262 1300 δὲ
306 1246 405 1316 τὴν
450 1240 625 1313 βαφὴν
672 1234 858 1287 λοιπὸν
909 1234 1283 1302 ἐπαγάγωσιν,
1330 1237 1511 1290 οὐκέτι
1545 1236 1651 1289 εἰσὶ
1696 1234 1876 1303 κύριοι

208 1341 377 1394 πάλιν
420 1328 695 1396 ἐξαλεῖψαι
726 1326 819 1377 καί
852 1323 1242 1394 ἀντεγγράψαι,
1274 1328 1396 1379 ἐπεὶ
1435 1326 1514 1395 τῷ
1547 1324 1732 1379 κάλλει
1779 1323 1878 1393 τῆς

204 1432 417 1489 εξκόνος
446 1420 814 1490 λυμαίνονται,
849 1417 945 1469 καὶ
976 1415 1224 1487 ἔγκλημα
1266 1418 1328 1471 τὸ
1366 1418 1597 1487 πρᾶγμα
1634 1414 1874 1481 γίνεται’

202 1524 367 1580 τοῦτο
394 1519 458 1587 δὴ
487 1514 581 1569 καὶ
618 1513 682 1565 σὺ
715 1510 973 1579 ποίησον·
1001 1510 1222 1578 νόμισον
1247 1510 1430 1563 εἰκόνα
1460 1526 1541 1561 σοι
1566 1508 1663 1577 τὴν
1701 1506 1876 1576 ψυχὴν

204 1614 368 1671 εἶναι.
412 1607 550 1678 Πρὶν
599 1604 633 1675 ἢ
682 1602 861 1655 τοίνυν
910 1600 1156 1655 ἐπελθεῖν
1204 1601 1303 1671 τὴν
1348 1599 1523 1670 ἀληθῆ
1570 1597 1664 1650 106
1710 1598 1877 1650 Πνεύ-

207 1719 381 1779 ματος
413 1697 611 1769 βαφὴν,
642 1693 919 1762 ἐξάλειψον
946 1691 1045 1755 τὰς
1085 1691 1270 1753 κακῶς
1300 1689 1610 1750 ἐντεθεῖσας
1638 1706 1718 1740 σοι
1754 1706 1876 1740 συν-

202 1796 428 1870 ηθείας·
483 1790 591 1841 εἴτε
645 1785 892 1855 ὀμνύναι,
934 1783 1044 1835 εἴτε
1095 1781 1408 1851 ψεύδεσθαι,
1459 1780 1569 1832 εἴτε
1609 1781 1871 1851 ὑϐρίζειν,

203 1893 318 1943 εἴτε
352 1880 748 1951 αἰσχρολογεῖν,
776 1877 882 1929 είτε
929 1875 1330 1943 γελωτοποιεῖν,
1380 1874 1488 1924 εῖτε
1519 1871 1647 1925 ἄλλο
1682 1889 1735 1924 τι
1768 1875 1875 1928 τῶν

200 1978 465 2035 τοιούτων
498 1971 607 2025 τῶν
642 1970 715 2041 μὴ
744 1966 1144 2037 νενομισμένων
1180 1963 1468 2032 συνήθειαν
1502 1961 1646 2031 ἔχεις
1678 1969 1871 2029 ποιεῖν,

199 2073 353 2139 ἐξελε
386 2069 485 2137 τὴν
516 2062 802 2133 συνήθειαν
830 2072 878 2123 ο,
906 2060 990 2110 ἵνα
1025 2058 1099 2126 μὴ
1135 2055 1299 2107 πάλιν
1328 2052 1463 2125 πρὸς
1498 2055 1667 2123 αὐτὴν
1707 2058 1874 2110 ἐπαν-

197 2163 366 2234 ἔλθῃς
404 2156 542 2229 μετά
573 2154 633 2207 τὸ
667 2150 964 2223 βάπτισμα.
1002 2146 1083 2198 Ta
1117 2145 1502 2215 ἀμαρτήμαπα
1536 2145 1787 2214 ἀφανίζει
1814 2149 1873 2201 τὸ

196 2222 452 2323 λουτρὸν,
502 2246 601 2318 τὴν
648 2242 935 2311 συνήθειαν
978 2236 1271 2307 διόρθωσον
1317 2236 1406 2297 σὺ,
1451 2236 1538 2289 ἴνα
1569 2236 1678 2289 τῶν
1727 2256 1869 2309 χρω-

199 2349 392 2419 μάτων
444 2336 839 2406 ἐπενεχθέντων
872 2331 972 2419 καί.
1013 2328 1307 2419 λαμψάσης
1346 2328 1447 2419 τῆς
1480 2327 1760 2419 βασιλικῆς
1799 2333 1873 2382 εἴ-

194 2415 396 2495 κόνος,
452 2428 647 2500 μηκέτι
692 2422 878 2476 λοιπὸν
928 2417 1246 2487 ἐξαλείφῃς,
1291 2417 1386 2468 καὶ
1436 2415 1729 2485 τραύματα
1780 2421 1872 2469 καὶ

192 2524 365 2586 οὐλάς
419 2519 653 2588 ἐμποιῇς
697 2512 775 2583 τῷ
809 2509 961 2580 παρά
991 2507 1086 2561 106
1130 2505 1265 2559 Θεοῦ
1310 2505 1514 2558 δοθέντι
1548 2524 1628 2558 σοι
1664 2507 1869 2559 κάλλει.

192 2609 573 2670 Κατάστειλον
598 2605 777 2658 τοίνυν
816 2600 1005 2672 ὀργὴν,
1048 2597 1238 2650 σϐέσον
1272 2596 1443 2665 θυμόν
1466 2612 1478 2624 ⁸
1511 2596 1614 2649 κᾶν
1642 2598 1874 2670 ἀδικήσῃ

191 2722 302 2767 τις,
351 2702 458 2755 κᾶν
492 2696 710 2765 ὑϐρίσῃ,
740 2694 1010 2761 δάκρυσον
1062 2690 1303 2741 ἐκεῖνον·
1357 2686 1431 2757 μὴ
1485 2687 1874 2760 ἀγανακτήσῃς

194 2799 289 2859 σὺ,
330 2793 691 2858 συνάλγησον,
728 2784 802 2855 μὴ
837 2780 1202 2852 παροξυνθῇς,
1251 2777 1383 2848 μηδὲ
1416 2777 1611 2847 εἴπῃς,
1657 2779 1738 2830 ὅτι
1781 2780 1875 2842 Εἰς

190 2887 298 2958 τὴν
328 2882 512 2954 ψυχὴν
559 2877 824 2948 ἠδίκημαι
847 2892 861 2905 ·
894 2872 995 2926 οὐκ
1025 2870 1172 2922 ἐστιν
1206 2867 1382 2930 οὐδεὶς
1419 2869 1500 2929 εἰς
1535 2868 1714 2938 ψυχὴν
1761 2870 1874 2922 ἀδι-

192 2978 489 3048 κοῦμενος,
514 2972 609 3026 ἐὰν
641 2970 715 3041 μὴ
737 2968 899 3039 ἡμεῖς
927 2962 1153 3024 ἑαυτοὺς
1176 2963 1255 3023 εἰς
1281 2959 1455 3030 ψυχὴν
1492 2959 1868 3031 ἀδικήσωμενο

193 3072 289 3124 καὶ
321 3067 465 3130 πῶς,
495 3062 606 3132 ἐγὼ
628 3062 805 3128 λέγω’
844 3054 1121 3124 Ἀφείλετό
1153 3052 1244 3105 σού
1275 3068 1359 3113 τις
1395 3050 1491 3121 τήν
1517 3052 1733 3116 οὐσίαν;
1772 3054 1870 3107 οὐκ

200 3160 473 3230 ἠδίκησεν
507 3156 589 3217 εἰς
629 3151 827 3221 ψυχὴν,
857 3146 973 3201 ἀλλ’
1004 3146 1084 3207 εἰς
1112 3145 1366 3214 χρήματα
1386 3159 1400 3174 ο
1432 3142 1499 3196 ἂν
1525 3141 1581 3196 δὲ
1611 3144 1677 3197 σὺ
1729 3163 1869 3216 μνη-

192 3252 530 3322 σικακήσῃς,
574 3248 655 3308 εἰς
684 3240 863 3312 ψυχὴν
908 3236 1102 3290 σαυτὸν
1151 3235 1435 3304 ἠδίκησας.
1475 3234 1561 3322 7Τά
1611 3234 1714 3304 μὲν
1761 3238 1869 3309 γὰρ

190 3321 463 3413 χρήματα
489 3331 856 3404 ἀφαιρεθέντα
881 3327 1031 3381 οὐδὲν
1061 3324 1388 3393 ἐζημίωσεν,
1433 3321 1572 3376 ἀλλά
1598 3325 1693 3377 καὶ
1726 3327 1871 3396 ὠφέ-

190 3439 351 3507 λησε,
389 3434 454 3486 σὺ
485 3430 541 3483 δέ
569 3429 666 3498 τὴν
692 3424 862 3495 ὀργὴν
894 3420 992 3473 οὐκ
1021 3419 1201 3486 ἀφεὶς,
1243 3415 1471 3478 εὐθύνας
1520 3417 1637 3469 ἐκεῖ
1678 3418 1869 3482 δώσεις

188 3531 292 3599 τῆς
311 3520 687 3598 μνησικακίας
712 3516 933 3583 ταύτης.
970 3508 1376 3578 Ἐλοιδορήσατό
1398 3526 1481 3571 τις
1503 3512 1596 3563 καὶ
1613 3511 1833 3583 ὐϐρισεν
1854 3532 1868 3579 ;

188 3619 353 3675 οὐδὲν
385 3616 465 3677 εἰς
486 3610 663 3681 ψυχὴν
693 3606 969 3675 ἠδίκησεν,
1001 3600 1115 3653 ἀλλ’
1149 3600 1270 3653 οὐδέ
1301 3602 1380 3662 εἰς
1411 3600 1591 3669 σῶμα.
1610 3603 1871 3657 Ἀντελοι-

189 3710 435 3779 δόρησας
458 3702 522 3754 σύ
544 3697 642 3751 καὶ
663 3694 921 3779 ὕϐρισας
960 3691 1022 3743 σὺ
1052 3689 1246 3779 σαυτὸν
1273 3691 1354 3753 εἰς
1376 3690 1554 3761 ψυχὴν
1582 3692 1866 3764 ἠδίκησας,

189 3776 321 3852 “ﬁ
342 3791 624 3866 ῥημάτων,
653 3778 728 3838 ὧν
762 3776 941 3843 εἴπας,
976 3781 1093 3832 ἐκεῖ
1120 3778 1328 3849 μέλλων
1366 3779 1596 3843 εὐθύνας
1627 3782 1864 3850 ὑφέξειν.

192 3889 307 3943 Καὶ
336 3882 498 3936 τούτο
529 3876 593 3948 δὴ
631 3874 864 3946 μάλιστα
897 3870 1114 3923 πάντων
1159 3869 1304 3937 ὑμᾶς
1349 3868 1548 3923 εἰδέναι
1583 3870 1867 3945 βούλομαι,

190 3984 277 4036 ὃτι
306 3976 400 4031 τὸν
433 3965 760 4043 Χριστιανὸν
804 3963 898 4017 καλ⁵
932 3961 1119 4013 πιστὸν
1157 3959 1334 4023 οὐδεὶς
1359 3962 1439 4024 εἰς
1472 3961 1650 4035 ψυχὴν
1682 3967 1872 4038 ἀδικῆ-

190 4091 283 4126 σαι
313 4068 562 4127 δύναται,
592 4058 713 4114 οὐδὲ
753 4056 915 4118 αὐτὸς
959 4055 989 4107 ό
1032 4052 1298 4117 διάϐολος.
1331 4053 1406 4105 Οὐ
1433 4054 1593 4108 τοῦτο
1620 4056 1676 4110 δὲ
1714 4060 1873 4129 μόνον

196 4165 315 4225 ἐστὶ
338 4162 403 4216 τὸ
430 4152 766 4226 θαυμαστὸν,
793 4150 874 4202 ὅτι
904 4144 1236 4218 ἀχειρώτους
1276 4148 1309 4217 ή
1320 4147 1425 4215 μᾶς
1451 4147 1480 4199 δ
1510 4147 1642 4211 Θεὸς
1669 4149 1873 4214 πάσαις

195 4254 425 4324 ιποίησε
447 4250 568 4310 ταῖς
596 4240 930 4303 ἐπιϐουλαῖς,
961 4236 1075 4290 ἀλλ’
1102 4237 1184 4288 ὅτι
1211 4237 1306 4289 καί⁸
1336 4237 1473 4307 πρὸς
1503 4240 1600 4306 τὴν
1629 4240 1730 4310 τῆς
1751 4242 1873 4310 ἀρε-

190 4351 295 4419 τῆς
347 4341 611 4415 ἐργασίαν
661 4332 1000 4403 ἐπιτηδείους
1032 4330 1178 4399 ἡμᾶς
1205 4330 1603 4419 κατεσκεύασε,
1628 4332 1721 4384 καὶ
1758 4332 1869 4385 κώ-

190 4413 348 4508 λυμα
377 4413 529 4488 οὐδέν
560 4430 735 4488 ἐστιν,
765 4421 857 4475 ἐάν
884 4419 1149 4488 θέλωμεν,
1184 4417 1287 4469 κᾶν
1319 4418 1551 4488 πένητες
1571 4413 1739 4488 ὦμεν,
1767 4422 1869 4474 κᾶν

190 4527 445 4588 ἀσθενεῖς
471 4520 551 4592 τῷ
575 4517 813 4587 σώματι,
843 4510 948 4565 κᾶν
981 4509 1406 4580 ἀπερριμμένοι,
1442 4510 1545 4564 κᾶν
1570 4511 1865 4584 ἀνώνυμοι,

192 4622 297 4677 κάν
323 4616 556 4672 οἰκέται.
587 4606 727 4663 Οὔτε
758 4605 863 4673 γὰρ
890 4600 1069 4664 πενία,
1097 4598 1221 4652 οὐτε
1253 4602 1557 4671 ἀρῤωστία,
1587 4601 1709 4655 οὔτε
1758 4605 1867 4657 σώ-

194 4729 369 4787 ματος
399 4708 673 4778 πήρωσις,
706 4699 769 4751 οὐ
798 4694 1033 4756 δουλεία,
1060 4692 1161 4745 οὐκ
1190 4691 1320 4746 ἄλλο
1367 4710 1418 4746 τι
1462 4693 1569 4747 τῶν
1611 4696 1867 4750 τοιούτων

190 4809 347 4866 οὐδὲν
374 4800 630 4875 ἐμπόδιον
660 4793 798 4864 πρὸς
825 4789 1024 4861 ἀρετὴν
1055 4787 1252 4856 γένοιτ’
1277 4788 1343 4842 ἄν
1388 4806 1539 4843 ποτε.
1574 4791 1725 4867 [239]
1758 4798 1866 4850 Καὶ

190 4906 246 4959 τί
270 4901 418 4967 λέγω
443 4893 650 4961 πένητα
679 4885 774 4943 κοιλ⁵
799 4882 1018 4951 οἰκέτην
1044 4880 1139 4934 καί
1171 4881 1492 4954 ἀνώνυμον;
1526 4885 1628 4940 κᾶν
1652 4888 1865 4959 δεσμὼ,

190 5014 291 5068 της
320 4990 411 5067 ᾖς,
442 4987 564 5042 οὐδέ
605 4981 762 5038 τοῦτό
802 4996 885 5033 σοι
914 4976 1123 5045 γίνεται
1156 4977 1415 5046 ἐμπόδιον
1449 4978 1589 5049 πρὸς
1621 4982 1825 5051 ἀρετήν
1852 4999 1865 5011 ’

319 5056 459 5147 ¹πῶς,
490 5077 601 5147 ἐγὼ
620 5076 783 5143 λέγω
803 5068 1073 5138 Ἐλύπησέ
1102 5068 1161 5120 σέ
1186 5086 1268 5132 τις
1298 5068 1408 5121 τῶν
1431 5069 1580 5123 ἔνδον
1607 5073 1701 5125 καὶ
1727 5091 1869 5146 παρο

193 5179 435 5244 ὠξυνεν;
468 5170 603 5239 ἄφες
637 5163 785 5234 αὑτῷ
812 5162 911 5231 τὴν
937 5160 1134 5231 ὀργήν·
1172 5160 1302 5229 μήτι
1339 5176 1422 5212 σοι
1451 5161 1590 5230 πρὸς
1616 5162 1776 5217 τοῦτο
1801 5168 1867 5221 τά

192 5265 372 5338 δεσμὰ
399 5264 493 5318 καὶ
516 5262 551 5332 ἠ
573 5257 733 5313 πενία
759 5254 855 5310 καὶ
884 5252 947 5306 τὸ
973 5250 1166 5320 ἄτιμον
1195 5245 1334 5303 εἶναι
1363 5252 1617 5319 ἐμπόδιον
1638 5254 1864 5323 γέγονε;

196 5361 305 5414 Καὶ
332 5356 387 5411 τί
413 5354 558 5423 λέγω
580 5348 873 5424 ἐμπόδιον;
904 5344 999 5398 καὶ
1025 5341 1289 5413 ἐϐοήθησε
1334 5340 1433 5411 μὲν
1469 5338 1582 5404 οὖν,
1615 5346 1707 5397 καὶ
1740 5363 1867 5399 συν-

192 5449 401 5523 ἔπραξε
448 5445 587 5517 πρὸς
632 5441 693 5496 τὸ
743 5435 1094 5494 καταστεῖλαι
1135 5433 1226 5486 τὸν
1263 5430 1453 5502 τῦφον.
1494 5429 1649 5523 Εἶδες
1681 5435 1868 5508 ἕτερον

192 5522 609 5610 εὐπραγοῦντας
650 5532 724 5604 μὴ
760 5530 1039 5601 βασκήνῃς
1059 5544 1072 5557 ·
1103 5525 1224 5579 οὐδὲ
1253 5524 1362 5595 γὰρ
1387 5522 1676 5592 ἐνταῦθαὴ
1706 5526 1866 5581 πενία

200 5630 426 5701 κώλυμα
444 5626 675 5697 γίνεται.
702 5622 893 5689 Πάλιν,
918 5622 1049 5677 δταν
1077 5617 1339 5686 εὔξασθαι
1363 5614 1482 5688 δέη,
1504 5613 1749 5689 νηφούσῃ
1772 5618 1864 5673 καὶ

253 5880 279 5908 ι
307 5866 405 5919 Alii
428 5873 479 5917 el
504 5866 617 5916 Sav.
645 5868 885 5931 ἅξάλειψον
900 5869 985 5924 τήν
1007 5866 1270 5924 συνήθειαν.

1263 474 1354 528 ΑΙ)
1394 473 1902 530 ILLUMINANDOS
1937 473 2366 532 CATL'CIIESIS
2406 480 2469 538 ll.

3541 501 3645 555 :36

1984 590 2336 663 ἀγρυπνούσῃ
2369 593 2575 667 διανοίᾳ
2603 596 2762 651 τοῦτο
2788 600 3031 672 ποίησον,
3080 606 3174 658 καὶ
3222 606 3375 662 οὐδὲν
3407 612 3556 667 ἔσται
3583 615 3644 665 15

1978 677 2185 731 κωλύον
2210 680 2331 733 οὐδὲ
2350 684 2602 739 ἐνταῦθα.
2636 689 2945 759 Πραότητα,
2973 694 3274 753 ἐπιείκειαν
3301 701 3643 758 ἐπιδείκνυσο

1978 770 2179 860 πᾶσαν,
2216 776 2590 846 σωφροσύνην,
2626 781 2929 850 σεμνότητα
2951 800 2964 813 ·
3005 786 3128 840 οὐδὲ
3175 789 3284 860 γάρ
3330 792 3503 846 ταῦτα
3534 795 3645 848 τῶν

1978 858 2175 957 ἔξωθεν
2206 862 2373 918 δεῖται
2413 866 2795 938 βοηθημάτων.
2832 874 2941 927 Καὶ
2971 877 3131 931 10610
3156 858 3433 949 μάλισταδ
3460 885 3521 939 τὸ
3549 888 3645 957 μέο

1976 949 2163 1016 γιστόν
2195 953 2309 1006 ἐστι
2337 957 2436 1026 τῆς
2474 958 2696 1028 ἀρετῆς,
2726 960 2807 1013 ὅτι
2839 964 2899 1015 οὐ
2930 966 3182 1031 πλούτου,
3214 973 3273 1024 οὐ
3305 949 3643 1041 δυναστείά,

1976 1040 2038 1091 οὐ
2065 1039 2239 1111 δόξης,
2264 1046 2365 1097 οὐκ
2386 1045 2546 1099 ἄλλου
2568 1048 2711 1112 τινὸς
2731 1051 2840 1103 τῶν
2859 1057 3114 1109 τοιούτων
3139 1060 3250 1129 ἔχει
3273 1065 3480 1133 χρείαν,
3505 1039 3645 1123 ἀλλά

1977 1132 2153 1201 ψυχῆς
2203 1134 2372 1205 μόνης
2421 1139 2782 1210 ήγιασμένης,
2820 1144 2911 1195 καὶ
2966 1146 3125 1200 πλέον
3173 1132 3325 1205 οὐδὲν
3375 1156 3640 1229 ἐπιζητεῖ.

1982 1223 2119 1294 Ὅρα
2145 1226 2201 1278 δέ
2235 1226 2329 1279 καὶ
2365 1228 2457 1280 ἐπὶ
2479 1230 2575 1299 τῆς
2604 1231 2826 1301 χάριτος
2851 1236 2981 1289 αὐτὸ
3010 1238 3171 1292 τοῦτο
3199 1245 3478 1315 γινόμενον
3500 1223 3644 1305 ’-κᾶν

1980 1314 2087 1415 γάρ
2116 1316 2327 1388 χωλεύῃ
2359 1336 2463 1382 τις,
2496 1320 2597 1373 κάν
2641 1325 2769 1387 τοὺς
2798 1326 3112 1398 ὀφθαλμοὺς
3148 1332 3555 1408 ἐκκεκομμένος
3582 1337 3642 1415 ᾖ,

1981 1406 2080 1459 κᾶν
2129 1408 2190 1460 τὸ
2240 1409 2399 1479 σῶμα
2442 1417 2856 1485 πεπηρωμένος,
2885 1421 2990 1473 κᾶν
3014 1425 3093 1485 εἰς
3121 1425 3356 1499 ἐσχάτην
3401 1406 3643 1485 καταπέ-

1979 1499 2207 1563 πτωκὼς
2238 1502 2567 1571 ἀρρωστίαν,
2595 1507 2771 1559 οὐδενὶ
2794 1510 2996 1565 τούτων
3022 1515 3317 1589 ἐπελθεῖνὴ
3347 1524 3505 1593 χάρις
3532 1542 3642 1578 κω-

1977 1586 2193 1641 λύεται·
2223 1590 2402 1662 ψυχὴν
2429 1593 2537 1664 γάρ
2568 1595 2817 1666 ἐπιζητεῖ
2847 1602 3016 1671 μόνην
3051 1606 3187 1673 μετὰ
3216 1586 3525 1681 προθυμίας
3554 1615 3647 1669 αὐο

1976 1683 2075 1753 τὴν
2120 1684 2432 1755 δεχομένην,
2464 1688 2558 1740 καί⁸
2591 1689 2766 1744 ταῦτα
2800 1693 3014 1748 ἅπαντα
3044 1703 3379 1772 παρατρέχει
3408 1706 3477 1758 τά
3514 1708 3646 1775 ἔξω-

1978 1772 2090 1825 θεν.
2111 1774 2233 1827 Ἐπὶ
2274 1777 2371 1845 μὲν
2403 1779 2510 1849 γάρ
2540 1780 2649 1832 τῶν
2682 1781 2879 1846 ἔξωθεν
2902 1791 3251 1858 στρατιωτῶν
3275 1797 3369 1847 καὶ
3397 1772 3650 1868 σώματος

1981 1865 2178 1934 μέτρον
2203 1871 2297 1918 καὶ
2324 1870 2522 1938 σαρκὸς
2547 1871 2760 1934 εὐεξίαν
2789 1874 3138 1947 ἐπιζητοῦσιν
3169 1885 3218 1935 οἰ
3247 1865 3535 1954 μέλλοντες
3558 1897 3648 1947 αύ-

1978 1956 2101 2016 τούς
2136 1957 2455 2025 καταλέγειν
2485 1962 2562 2022 εἰς
2588 1962 2650 2013 τὸ
2679 1967 3037 2033 στρατόπεδον
3055 1988 3068 2000 ’
3100 1973 3162 2025 οὐ
3196 1975 3368 2030 ταῦτα
3396 1978 3453 2033 δέ
3485 1981 3647 2051 μόνον

1978 2045 2121 2115 ἔχειν
2149 2048 2253 2117 χρὴ
2284 2048 2373 2101 τὸν
2401 2050 2660 2118 μέλλοντα
2689 2057 3099 2125 στρατεύεσθαι,
3138 2064 3273 2120 ἀλλά
3306 2071 3399 2122 καί⁵
3431 2045 3648 2126 ἐλεύθε-

1979 2153 2070 2205 ρον
2099 2131 2266 2189 εἶναι’
2288 2138 2351 2191 ἂν
2379 2141 2486 2210 γάρ
2524 2141 2707 2206 δοῦλός
2723 2162 2806 2207 τις
2835 2142 2888 2216 ᾖ,
2916 2149 3236 2207 ἐκϐάλλεται
3257 2175 3270 2188 ·
3296 2160 3324 2210 ό
3349 2160 3403 2212 δέ
3426 2161 3532 2215 τῶν
3556 2165 3649 2216 οὐ-

1978 2232 2155 2308 ρανῶν
2186 2229 2437 2300 βασιλεὺς
2462 2242 2483 2268 °
2516 2232 2666 2285 οὐδὲν
2692 2236 2932 2291 τοιοῦτον
2954 2241 3219 2314 ἐπιζητεῖ,
3250 2248 3386 2303 ἀλλά
3415 2254 3509 2306 καὶ
3528 2254 3648 2310 δού-

1975 2330 2098 2390 λους
2144 2324 2353 2393 δέχεται
2389 2322 2469 2384 εἰς
2507 2322 2566 2373 τὺ
2595 2323 3172 2397 αὐτοῦ,στρατόπεδον,
3211 2338 3305 2390 καί
3342 2346 3648 2413 γεγηρακό-

1973 2434 2072 2479 τας
2101 2416 2194 2469 καὶ
2227 2412 2593 2483 παρειμένους
2619 2414 2687 2466 τά
2723 2415 2882 2487 μέλη,
2911 2420 3002 2472 καί
3026 2423 3125 2476 οὐκ
3152 2412 3555 2499 ἐπαισχύνεται.
3580 2438 3648 2493 Τί

1973 2508 2162 2559 τούτου
2210 2504 2757 2575 φιλανθρωπότερον;
2804 2507 2857 2557 τί
2913 2514 3274 2586 χρηστότερον
3324 2522 3517 2587 γένοιτ’
3545 2524 3646 2595 dy;

1976 2592 2144 2659 οὗτος
2176 2597 2273 2665 μὲν
2306 2595 2415 2664 γὰρ
2444 2595 2514 2648 τὰ
2544 2597 2628 2663 ἐφ’
2654 2598 2788 2666 ἡμῖν
2835 2598 2990 2669 ζητεῖ
3025 2604 3206 2671 μόνον,
3235 2609 3431 2664 ἐκεῖνοι
3471 2613 3527 2666 δὲ
3577 2592 3647 2670 τά

1976 2688 2075 2741 οὐκ
2104 2687 2188 2755 ἐφ’
2218 2688 2367 2756 ἡμῖν.
2386 2686 2462 2738 Τὸ
2486 2688 2593 2756 γὰρ
2619 2686 2805 2741 δοῦλον
2828 2685 2968 2743 εἶναι
2996 2693 3028 2763 ἢ
3054 2694 3359 2770 ἐλεύθερον,
3388 2703 3484 2772 οὐχ
3510 2708 3649 2777 ἠμέ-

1975 2796 2133 2848 τερον
2157 2798 2171 2810 υ
2202 2779 2265 2830 τὸ
2295 2777 2498 2848 ὑψηλὸν
2526 2779 2687 2833 πάλιν
2716 2777 2853 2833 εἰναι
2882 2786 2975 2835 καὶ
2997 2785 3223 2857 βραχὺν,
3256 2794 3358 2846 οὐκ
3385 2797 3469 2865 ἐφ’
3491 2800 3647 2869 ἡμῖν,

1974 2871 2034 2922 τὸ
2065 2870 2413 2939 γεγηρακότα
2453 2872 2545 2922 καὶ
2573 2871 2777 2941 ἄρτιον,
2814 2876 2907 2926 καὶ
2938 2876 3041 2929 ὅσα
3068 2880 3293 2936 τοιαῦτα
3312 2900 3325 2912 °
3358 2886 3420 2938 τὸ
3448 2888 3503 2941 δὲ
3532 2891 3649 2943 ἐπι-

1974 2964 2097 3033 εικῆ
2147 2962 2179 3030 ἢ
2230 2961 2462 3031 χρηστὸν
2510 2959 2645 3016 εἶναι
2681 2966 2775 3017 καὶ
2804 2967 2872 3018 τὰ
2897 2972 3253 3042 παραπλήσια
3291 2976 3523 3045 τούτοις,
3549 2983 3648 3053 τῆς

1973 3055 2246 3125 ἡμετέρας
2268 3051 2514 3121 γνώμης.
2545 3055 2653 3106 Καὶ
2675 3056 2852 3109 ταῦτα
2878 3061 3026 3127 ἡμᾶς
3048 3063 3075 3113 ό
3094 3063 3227 3127 Θεὸς
3247 3067 3470 3121 ἀπαιτεῖ
3488 3051 3644 3141 μόνα,

1974 3141 2049 3199 ὧν
2079 3147 2243 3215 ἡμεῖς
2287 3146 2454 3213 ἐσμεν
2485 3143 2691 3215 κύριοι·
2734 3149 2825 3201 καὶ
2873 3150 3020 3217 μάλα
3064 3154 3319 3220 εἰκότως·
3348 3162 3408 3212 οὑ
3443 3163 3550 3233 γὰρ
3577 3165 3645 3219 δι·

1972 3239 2178 3290 οἰκείαν
2209 3236 2419 3307 χρείαν,
2456 3235 2591 3288 ἀλλά
2614 3237 2680 3289 δι’
2714 3238 3033 3308 εὐεργεσίαν
3062 3244 3211 3313 ἡμᾶς
3239 3246 3332 3300 ἐπὶ
3357 3250 3457 3321 τὴν
3478 3254 3642 3308 αὐτοῦ

1973 3328 2133 3399 χάριν
2166 3327 2341 3390 καλεῖ,
2375 3326 2425 3376 οἰ
2469 3325 2525 3377 δὲ
2582 3324 2819 3394 βασιλεῖς
2852 3327 2939 3381 διά
2960 3329 3060 3401 τὴν
3088 3333 3298 3387 ἑαυτῶν
3323 3337 3599 3396 διακονίαν
3627 3362 3641 3374 ·

1974 3420 2214 3472 κάκεῖνοι
2266 3416 2363 3487 μὲν
2408 3417 2499 3467 ἐπὶ
2546 3415 2780 3486 πόλεμον
2818 3417 3068 3473 ἕλκουσιν
3107 3424 3382 3496 αἰσθητὸν,
3409 3426 3643 3493 οὐτοςδὲ

1974 3513 2066 3565 ἐπὶ
2097 3511 2276 3581 μάχην
2304 3509 2697 3577 πνευματικήν.
2723 3510 2836 3562 υύκ
2864 3511 2956 3563 ἐπὶ
2984 3512 3093 3565 τῶν
3124 3515 3373 3587 πολέμων
3404 3521 3459 3573 δὲ
3486 3525 3646 3591 μόνον

1973 3603 2081 3657 τῶν
2111 3603 2331 3669 ἔξωθεν,
2369 3603 2505 3655 ἀλλά
2540 3603 2633 3655 καὶ
2660 3604 2753 3655 ἐπὶ
2790 3602 2898 3655 τῶν
2928 3606 3153 3673 ἀγώνων
3178 3608 3277 3679 τὴν
3305 3612 3473 3683 αὐτὴν
3514 3616 3646 3669 ἀνα-

1971 3695 2159 3763 λογίαν
2191 3695 2289 3746 ῐδοι
2325 3711 2411 3757 τις
2439 3693 2505 3746 ἀν
2527 3710 2538 3721 ⁸
2567 3695 2614 3746 οἰ
2641 3692 2751 3764 γάρ
2785 3694 3069 3764 μέλλοντες
3100 3700 3180 3762 εἰς
3206 3700 3266 3751 τὸ
3296 3702 3522 3774 θέατρον
3560 3707 3645 3759 ἕλη

1974 3787 2168 3841 κεσθαι
2204 3788 2402 3849 ἐκεῖνο,
2443 3786 2502 3837 οὐ
2554 3786 2819 3857 πρότερον
2854 3788 3107 3842 καθιᾶσιν
3136 3794 3216 3855 εἰς
3244 3797 3370 3858 τοὺς
3401 3799 3643 3869 ἀγῶνας,

1975 3880 2080 3942 ἕως
2108 3878 2174 3932 ἂν
2202 3878 2398 3940 αὐτοὺς
2424 3878 2453 3929 ὁ
2481 3878 2656 3948 κηρυξ
2690 3877 2868 3931 λαϐὼν
2896 3880 2999 3932 ὐπὸ
3028 3884 3140 3945 τοῖς
3170 3884 3423 3941 ἀπάντων
3444 3889 3644 3957 ὀφθαλο

1977 3976 2099 4045 μοῖς
2124 3972 2438 4043 περιαγάγῃ
2463 3970 2601 4041 βοῶν
2624 3971 2718 4023 καὶ
2748 3971 2941 4039 λέγων·
2970 3974 3060 4045 Μή
3087 3992 3169 4038 τις
3205 3978 3393 4032 τούτου
3418 3998 3650 4053 κατηγο-

1978 4070 2086 4139 ρεῖς
2122 4065 2316 4120 Καίτοι
2342 4080 2405 4133 γε
2440 4063 2542 4115 οὐκ
2573 4062 2719 4115 ἐστιν
2746 4065 2863 4116 ἐκεῖ
2887 4063 3087 4135 ψυχῆς,
3119 4067 3256 4121 ἀλλά
3282 4073 3549 4141 σωμάτων
3576 4076 3645 4130 τά

1975 4156 2327 4225 παλαίσματα
2352 4173 2363 4185 ·
2395 4155 2540 4216 τίνος
2571 4150 2664 4207 οὖν
2697 4154 2883 4206 ἕνεκεν
2912 4154 3140 4218 εὐθύνας
3189 4159 3443 4225 ἀπαιτεῖς
3485 4165 3644 4235 εὐγε-

1971 4249 2152 4311 νείας;
2199 4244 2463 4300 Ἐνταῦθα
2500 4245 2556 4297 δὲ
2604 4244 2755 4297 οὐδὲν
2801 4245 3063 4311 τοιοῦτον,
3092 4249 3207 4302 ἀλλ’
3241 4252 3386 4307 ἆπαν
3417 4258 3645 4312 τούναν-

1969 4343 2103 4407 τίον,
2135 4340 2235 4393 οὐκ
2258 4341 2315 4392 ἐν
2348 4337 2549 4410 χειρῶν
2581 4339 2918 4409 συμπλοκαῖς
2946 4341 3116 4395 δντων
3155 4346 3284 4415 ἡμῖν
3312 4347 3419 4401 τῶν
3449 4353 3645 4408 παλαι-

1973 4435 2214 4505 σμάτων,
2243 4431 2357 4486 ἀλλ’
2384 4433 2442 4484 ἐν
2489 4429 2776 4503 φιλοσοφίᾳ
2816 4432 2991 4504 ψυχῆς
3023 4437 3117 4490 καὶ
3149 4438 3316 4511 ἀρετῇ
3336 4441 3600 4508 {advola
3621 4460 3641 4478 .

1971 4524 2278 4579 τούναντίον
2308 4524 2336 4575 ό
2364 4523 2708 4593 ἀγωνοθέτης
2735 4528 2909 4577 ποιεῖ’
2935 4528 2995 4578 οὐ
3026 4529 3134 4597 γὰρ
3159 4528 3310 4603 [240]
3342 4532 3522 4588 λαϐὼν
3540 4538 3644 4591 αὑ-

1971 4618 2061 4671 τὸν
2090 4618 2342 4689 περιάγει
2382 4618 2475 4670 καὶ
2503 4617 2670 4684 λέγει·
2706 4616 2798 4685 Μή
2825 4633 2906 4678 τις
2930 4617 3119 4671 τούτου
3153 4628 3475 4694 κατηγορεῖς
3506 4627 3642 4683 ἀλλά

1974 4711 2091 4782 βοᾷ·
2119 4710 2237 4764 Κάν
2263 4709 2537 4781 ἄνθρωποι
2576 4709 2797 4771 πάντες,
2834 4710 2937 4763 κᾶν
2963 4710 3216 4782 δαίμονες
3246 4718 3383 4786 μετά
3406 4720 3500 4775 τού
3526 4722 3641 4778 δια-

1973 4809 2130 4862 ϐόλου
2157 4807 2451 4870 συστάντες
2473 4807 2638 4859 αὐτοῦ
2661 4808 3010 4881 κατηγορῶσι
3032 4810 3102 4865 τά
3130 4812 3333 4883 ἔσχατα
3360 4819 3453 4870 καὶ
3473 4820 3642 4892 ἀπόρ-

1975 4903 2112 4972 ρητα
2156 4899 2325 4962 δεινά,
2353 4898 2454 4950 οὐκ
2500 4898 2747 4951 ἐκϐάλλω
2779 4902 2898 4955 οὐδέ
2931 4902 3308 4975 βδελύσσομαι,
3346 4908 3484 4962 ἀλλά
3530 4911 3640 4965 τῶν

1973 4991 2292 5062 κατηγόρων
2318 4991 2480 5045 αὐτὸν
2509 4992 2844 5059 ἀπαλλάξας,
2878 4997 2968 5048 καί
3002 4996 3102 5065 τῆς
3130 5000 3395 5071 πονηρίας
3426 5001 3639 5057 ἐλευθε-

1974 5083 2174 5155 ρώσας,
2198 5083 2371 5147 οὕτως
2400 5084 2492 5137 ἐπί
2519 5085 2646 5148 τοὺς
2672 5086 2886 5152 ἀγῶνας
2912 5087 3029 5154 ἄγω
3049 5105 3061 5118 ⁸
3095 5090 3191 5142 καί⁹
3223 5091 3371 5161 μάλα
3389 5095 3635 5160 εἰκότως.

1983 5175 2131 5230 Ἐκεῖ
2170 5176 2270 5247 μὲν
2299 5176 2409 5248 γὰρ
2434 5179 2462 5229 ό
2491 5177 2835 5246 ἀγωνοθέτης
2860 5178 3011 5230 οὐδὲν
3042 5181 3284 5235 συντελεῖ
3303 5187 3415 5247 τοῖς
3437 5186 3638 5253 ἀγωνιι

1971 5268 2216 5341 ζομένοις
2245 5269 2381 5342 πρὸς
2404 5269 2504 5339 τὴν
2524 5268 2699 5337 νίκην,
2722 5267 2838 5320 ἀλλ’
2867 5268 3064 5339 ἔστηκε
3094 5270 3256 5340 μέσος
3279 5289 3291 5302 ·
3317 5273 3549 5327 ἐνταῦθα
3576 5276 3634 5330 δὲ

1970 5360 2309 5432 ἀγωνοθέτης
2336 5361 2445 5415 τῶν
2475 5359 2650 5415 ἄθλων
2673 5359 2772 5429 τῆς
2801 5360 3077 5425 εὐσεϐείας
3116 5364 3403 5434 σύμμαχος
3424 5366 3633 5433 γίνεται

1969 5456 2064 5509 καί⁸
2103 5453 2315 5525 βοηθὸς,
2356 5452 2828 5523 συνεφαπτόμενος
2855 5454 3035 5517 αὐτοῖς
3057 5454 3158 5525 τῆς
3180 5456 3318 5527 πρὸς
3337 5458 3430 5512 τὸν
3453 5459 3635 5514 διάϐο-

1968 5548 2058 5601 λον
2088 5546 2290 5618 μάχης.

2037 5636 2101 5695 δ’.
2136 5638 2212 5692 Οὐ
2241 5635 2399 5691 10610
2424 5636 2483 5691 δὲ
2516 5638 2673 5711 μόνον
2696 5640 2807 5694 ἐστί
2829 5639 2889 5692 τὸ
2913 5636 3247 5709 θαυμαστὸν,
3276 5643 3359 5697 δτι
3406 5640 3631 5710 ἀφίησιν

2030 5800 2059 5839 ι’
2084 5800 2180 5865 Alii
2202 5801 2257 5850 τὸ
2288 5804 2508 5865 μέγιστόν
2529 5802 2648 5861 ἐστι,
2672 5802 2753 5850 alii
2777 5802 2831 5849 τὸ
2854 5804 3039 5865 μέγεθός
3056 5800 3173 5849 ἐστι.

2034 5868 2056 5897 ε
2080 5864 2178 5915 Alii
2202 5864 2298 5912 τῶν
2320 5864 2540 5913 ἁπάντων
2564 5866 2632 5928 β,
2655 5872 2707 5913 ει
2726 5877 2835 5913 mox
2857 5864 3001 5912 αύτοὶ
3022 5881 3302 5928 στρατευμα.
