4446 6696
766 408 870 463 ἳὸῗ

771 523 901 592 ἡμῖν
932 520 999 574 τὰ
1027 519 1412 590 ἁμαρτήματα,
1445 518 1559 572 ἀλλ’
1583 519 1664 573 ὅτι
1715 519 1855 572 αύτά
1906 518 2028 572 οὒδέ
2079 518 2431 580 ἐκκαλύπτει,

769 609 890 663 οὐδὲ
915 611 1059 662 ποιεῖ
1081 607 1290 678 φανερά
1311 607 1404 660 καὶ
1430 606 1587 677 δῆλα,
1611 607 1732 662 οὐδὲ
1749 606 2048 675 ἀναγκάζει
2069 605 2434 678 παρελθόντας

770 698 852 759 είς
881 695 1042 766 μέσον
1067 692 1302 759 ἐξειπεῖν
1329 695 1400 747 τά
1427 694 1608 766 πεπλη
1618 694 1795 766 μμελη
1805 693 1960 764 μένα,
1979 693 2095 748 ἀλλ’
2111 693 2258 764 αὐτῷ
2290 693 2434 764 μόνῳ

765 780 1204 853 ἀπολογήσασθαι
1221 780 1432 832 κελεύει
1456 782 1551 835 καλ⁵
1575 783 1711 854 πρὸς
1733 780 1894 834 αὐτὸν
1915 779 2430 852 ἐξομολογήσασθαι.

767 872 960 926 Καίτοι
999 885 1064 935 γε
1094 871 1159 922 ἐκ
1187 867 1297 920 τῶν
1324 867 1526 934 ἔξωθεν
1551 867 1819 922 δικαστῶν
1845 869 1899 921 ετ
1923 885 2009 932 τις
2041 865 2166 922 εἰπέ
2195 885 2299 922 τινι
2327 867 2433 921 τῶν

767 959 1000 1014 ἁλόντων
1029 954 1240 1030 λῃστῶν
1267 955 1301 1026 ἡ
1335 955 1730 1026 τυμϐωρύχων,
1753 955 1929 1008 εἰπεῖν
1953 955 2024 1008 τά
2049 953 2436 1026 πεπλημμελη-

768 1044 926 1114 μένα,
956 1044 1050 1096 καὶ
1089 1042 1356 1113 ἀφεθῆναι
1385 1044 1484 1112 τῆς
1529 1041 1824 1104 κολάσεως,
1865 1041 2014 1112 πάσῃ
2055 1041 2334 1112 προθυμίᾳ
2367 1039 2434 1092 ἀν

765 1129 1116 1193 κατεδέξαντο
1157 1127 1337 1191 τοῦτο,
1372 1130 1436 1196 τῇ
1470 1126 1572 1196 τῆς
1610 1127 1884 1196 σωτηρίας
1922 1127 2190 1198 ἐπιθυμίᾳ
2217 1127 2316 1196 τῆς
2345 1126 2426 1180 αί-

763 1216 966 1288 σχύνης
1021 1211 1510 1283 καταφρονοῦντες.
1549 1211 1816 1266 Ἐνταῦθα
1881 1213 1939 1265 66
1990 1213 2143 1267 οὐδὲν
2196 1212 2432 1267 τοιοῦτόν

761 1309 930 1370 ἐστιν,
955 1305 1088 1360 ἀλλά
1113 1305 1207 1358 καὶ
1229 1303 1426 1374 ἀφίησι
1446 1303 1516 1356 τά
1535 1304 1756 1374 ἀμαρτή
1767 1303 2050 1373 ματα,‹καὶ
2071 1304 2170 1356 οὐκ
2194 1303 2432 1369 ἀναγκά-

761 1395 846 1458 ζει
884 1391 1168 1464 παρόντων
1203 1389 1364 1443 τινῶν
1403 1388 1542 1444 αὺτά
1576 1388 1969 1460 ἐκπομπεύειν,
2021 1389 2136 1442 ἀλλ’
2167 1390 2226 1442 ἓν
2275 1387 2430 1459 μόνον

761 1481 929 1551 ζητεῖ,
961 1481 1108 1541 ὅπως
1143 1477 1305 1540 αὐτὸς
1334 1478 1362 1530 6
1389 1479 1487 1546 τῆς
1530 1477 1778 1544 ἀφέσεως
1811 1475 2101 1530 ἀπολαύων
2149 1475 2309 1546 μάθοι
2334 1475 2432 1544 τῆς

756 1567 966 1637 δωρεᾶς
995 1565 1054 1617 τὸ
1085 1562 1331 1634 μέγεθος.
1373 1561 1497 1625 Πῶς
1540 1557 1633 1615 οὖν
1665 1562 1765 1614 οὐκ
1796 1562 1995 1616 ἄτοπον
2038 1564 2096 1616 ἐν
2140 1557 2222 1626 οἷς
2270 1561 2432 1626 αύτὺς

755 1654 906 1723 ἡμᾶς
930 1651 1208 1721 εὐεργετεί
1230 1651 1276 1701 εί
1297 1650 1515 1720 ἀρκοῖτο
1537 1650 1602 1720 τῇ
1625 1649 1754 1720 παρ’
1783 1649 1941 1719 ἡμῶν
1967 1649 2243 1720 μαρτυρίᾳ
2270 1649 2428 1720 μόνῃ,

755 1740 915 1808 ἡμεῖς
943 1737 998 1790 δέ
1023 1739 1080 1790 ἐν
1111 1731 1192 1798 οἷς
1213 1735 1373 1788 αὐτὸν
1396 1733 1794 1806 θεραπεύομεν,
1824 1737 2044 1808 ἐτέρους
2067 1735 2430 1807 ἐπιζητοῦμεν

759 1827 1036 1896 μάρτυρας
1069 1822 1162 1876 καὶ
1191 1822 1326 1892 πρὸς
1353 1821 1611 1886 ἐπίδειξίν
1639 1839 1692 1875 τι
1720 1822 2008 1893 ποιοῦμεν;
2041 1823 2430 1892 Θαυμάσαντες

753 1913 929 1964 τοίνυν
965 1909 1063 1981 τὴν
1093 1908 1256 1964 αὑτοῦ
1287 1908 1687 1980 φιλοφροσύνην
1733 1908 2132 1979 ἐπιδειξώμεθα
2174 1909 2243 1962 τά
2299 1911 2428 1980 παρ’

753 1998 930 2069 ἡμῶν,
964 1997 1060 2050 καὶ
1110 1995 1216 2067 πρὸ
1269 1995 1376 2048 τῶν
1426 1995 1601 2048 ἄλλων
1633 1997 1887 2049 ἁπάντων
1917 1997 2014 2066 τὴν
2059 1996 2155 2066 τῆς
2185 1995 2429 2066 γλώττης

753 2085 1140 2156 χαλινώσωμεν
1175 2082 1374 2154 ῥύμην,
1408 2084 1504 2136 καὶ
1535 2083 1608 2153 μὴ
1634 2083 1720 2136 ἀεὶ
1748 2082 2115 2152 φθεγγώμεθα
2134 2101 2146 2113 ·
2197 2084 2290 2134 Ἐκ
2321 2083 2428 2153 γάρ

753 2173 1125 2242 πολυλογίας
1158 2172 1268 2224 οὐκ
1293 2168 1558 2237 ἐκφεύξῃ
1598 2169 1908 2237 ἁμαρτίαν.
1921 2169 2018 2221 Ἂν
2053 2169 2150 2238 μέν
2183 2165 2274 2223 οῦν
2301 2169 2430 2240 ἔχῃς

751 2279 804 2313 τι
863 2261 1136 2330 χρήσιμον
1195 2258 1390 2318 εἰπεῖν,
1422 2255 1632 2319 ἄνοιξον
1685 2255 1754 2308 τά
1809 2255 1986 2326 χείλη,
2043 2255 2108 2310 ἂν
2153 2256 2209 2309 δέ
2263 2256 2430 2327 μηδὲν

755 2349 1050 2415 ἀναγκαῖον
1077 2340 1133 2418 ᾖ,
1165 2343 1295 2411 σίγα
1313 2356 1330 2372 ⁸
1360 2341 1568 2412 βέλτιον
1591 2342 1722 2412 γάρ.

825 2434 1186 2503 Χειροτέχνης
1237 2426 1319 2494 εἷ;
1374 2428 1736 2498 καθεζόμενος
1761 2427 1929 2498 ψάλλε
1951 2443 1966 2458 ο
2009 2428 2126 2482 ἀλλ’
2151 2429 2211 2482 ού
2250 2427 2430 2499 βούλει

753 2520 831 2589 τῷ
859 2519 1085 2589 στόματι
1105 2517 1360 2586 ψάλλειν;
1383 2518 1450 2586 τῇ
1479 2515 1692 2585 διανοίᾳ
1717 2515 1876 2567 τοῦτο
1901 2514 2076 2566 ποίει·
2107 2515 2280 2585 μέγας
2301 2533 2430 2571 συν-

753 2608 940 2676 όμιλος
972 2608 1002 2659 6
1029 2605 1263 2675 ψαλμός.
1291 2603 1458 2656 Οὐδὲν
1489 2600 1740 2654 ἐντεῦθεν
1773 2602 2054 2671 ύποστήσῃ
2092 2601 2284 2667 δεινὸν,
2315 2603 2430 2657 ἀλλ’

752 2695 828 2757 ὡς
852 2694 910 2746 ἐν
933 2691 1278 2763 μοναστηρίῳ
1302 2691 1360 2743 ἐν
1384 2689 1462 2759 τῷ
1483 2687 1831 2760 ἐργαστηρίῳ
1849 2687 2056 2758 δυνήσῃ
2080 2687 2428 2753 καθέζεσθαι·

754 2781 814 2834 οὐ
843 2780 952 2850 γὰρ
979 2780 1160 2832 τόπων
1194 2776 1592 2846 ἐπιτηδειότης,
1633 2774 1772 2827 ἀλλά
1798 2774 2018 2845 τρόπων
2049 2775 2305 2845 ἀκρίϐεια
2333 2777 2432 2847 τὴν

754 2867 984 2936 ἡσυχίαν
1015 2867 1146 2935 ἡμῖν
1191 2863 1510 2934 παρέξεται.
1551 2860 1766 2923 Παῦλος
1807 2859 1942 2928 γοῦν
1985 2863 2044 2914 ἐν
2079 2862 2432 2934 ἐργαστηρίῳ

751 2957 819 3024 τῇ
875 2953 1038 3023 τέχνῃ
1090 2952 1450 3022 κεχρημένος,
1501 2949 1653 3002 ούδέν
1705 2949 1786 3012 είς
1831 2949 1930 3019 τὴν
1981 2948 2188 3002 οἰκείαν
2231 2950 2430 3021 ἀρετὴν

752 3039 1098 3112 παρεϐλάϐη.
1132 3038 1224 3108 Μὴ
1254 3037 1433 3092 τοίνυν
1462 3035 1588 3104 λέγε
1630 3033 1694 3087 σύ
1721 3049 1734 3063 ·
1774 3035 1899 3098 Πῶς
1927 3035 2224 3106 δυνήσομαι
2252 3053 2429 3107 χειρο-

752 3129 945 3198 τέχνης
971 3125 1046 3179 ὣν
1077 3126 1169 3178 καὶ
1198 3124 1367 3194 πένης
1400 3123 1744 3192 φιλοσοφεῖν;
1775 3122 1875 3175 Διά
1905 3122 2062 3176 τοῦτο
2089 3123 2188 3192 μὲν
2209 3121 2302 3178 οῦν
2321 3126 2427 3196 μά-

751 3217 908 3270 λιστα
941 3215 1140 3284 δυνήσῃ
1175 3212 1508 3280 φιλοσοφεῖν.
1541 3211 1652 3262 Καὶ
1696 3209 1806 3278 γάρ
1851 3210 2012 3263 πενία
2050 3209 2304 3278 πλούτου,
2335 3215 2427 3268 καὶ

751 3304 983 3377 ἐργασία
1018 3302 1215 3374 ἀργίας
1249 3301 1386 3372 πρὸς
1417 3297 1705 3352 εὐλάϐειαν
1729 3299 1861 3367 ἡμῖν
1881 3297 2428 3369 ἐπιτηδειότερον,ώς

749 3395 780 3447 ὃ
805 3410 866 3458 γε
897 3391 1122 3451 πλοῦτος
1153 3389 1266 3450 τοῖς
1301 3387 1375 3457 μὴ
1405 3385 1736 3456 προσέχουσι
1779 3385 1874 3437 καὶ
1913 3384 2170 3454 ἐμπόδιον
2194 3385 2424 3454 γίνεται.

753 3482 920 3534 Ὅταν
955 3478 1062 3548 γάρ
1091 3475 1259 3546 ὀργὴν
1287 3473 1382 3546 δέῃ
1415 3475 1654 3540 ἀφεῖναι,
1682 3473 1809 3524 ὅταν
1851 3470 2042 3524 σϐέσαι
2075 3471 2427 3540 φθόνον,ὃταν

750 3567 1030 3638 χαλᾶσαια
1063 3563 1256 3632 θυμὸν,
1302 3561 1429 3613 ὅταν
1478 3559 1640 3629 εὐχὴν
1674 3556 2065 3624 ἐπιδείξασθαι,
2097 3558 2224 3610 ὃταν
2249 3560 2424 3612 ἐπιεί-

753 3669 907 3706 κειαν
939 3651 1036 3704 καὶ
1083 3648 1387 3720 πραότητα,
1419 3646 1547 3699 ὅταν
1589 3643 1990 3715 φιλοφροσύνην
2033 3645 2128 3697 καὶ
2177 3645 2422 3717 ἀγάπην,

751 3739 856 3792 ποῦ
880 3737 1072 3807 γένοιτ’
1093 3736 1158 3789 ἀν
1188 3734 1416 3803 κώλυμα
1447 3734 1481 3803 ἡ
1513 3731 1705 3796 πενίας
1734 3729 1812 3785 Οὐ
1836 3730 1944 3801 γὰρ
1971 3731 2233 3802 ἀργύριον
2256 3751 2425 3786 κατα..

751 3827 1014 3889 ϐαλόντας
1051 3822 1222 3877 ταῦτα
1265 3821 1458 3875 ἀνύσαι
1507 3819 1675 3884 ἐστιν,
1707 3817 1844 3870 ἀλλά
1889 3821 2210 3888 προαίρεσιν
2257 3820 2424 3891 ὀρθὴν

752 3911 1211 3981 ἐπιδειξαμένους.
1230 3905 1600 3976 Ἐλεημοσύνη
1637 3903 1870 3973 μάλιστά
1891 3904 2036 3957 ἐστιν
2067 3908 2100 3974 ἡ
2129 3908 2426 3976 χρημάτων

749 4001 1002 4070 δεομένη,
1033 3995 1168 4050 ἀλλά
1191 3995 1288 4047 καὶ
1311 3993 1447 4062 αὑτὴ
1473 3991 1559 4043 διὰ
1577 3991 1677 4060 τῆς
1705 3989 1896 4052 πενίας
1923 3991 2184 4059 μειζόνως
2205 3992 2427 4062 ἐξέλαμ-

749 4089 856 4157 ψει
909 4087 1002 4139 καὶ
1049 4085 1158 4155 γὰρ
1198 4084 1230 4152 ὴ
1266 4081 1390 4144 τοὺς
1435 4077 1528 4131 δύο
1575 4075 1796 4140 ὀϐολοὺς
1823 4075 1970 4150 [241]
2015 4077 2421 4146 καταϐαλοῦσα,

754 4174 1011 4228 ἁπάντων
1043 4167 1343 4239 ἀνθρώπων
1389 4161 1456 4236 ἦν
1505 4164 1828 4234 πενεστέρα,
1861 4164 1956 4217 καὶ
2003 4164 2212 4229 πάντας
2257 4166 2425 4237 ὑπερ-

753 4261 1023 4332 ηκόντισε.
1053 4259 1144 4326 Μὴ
1178 4255 1358 4307 τοίνυν
1397 4251 1539 4322 μέγα
1567 4268 1620 4304 τι
1647 4250 1958 4321 νομίζωμεν
1992 4247 2130 4304 εἶναι
2171 4251 2419 4318 πλοῦτον,

759 4331 892 4417 μηδὲ
923 4341 1096 4414 πηλοῦ
1127 4339 1370 4409 βελτίονα
1409 4331 1548 4388 εἶναι
1597 4335 1688 4388 τὸν
1736 4335 1935 4406 χρυσὸν
1983 4335 2354 4406 λογιζώμεθα·
2387 4341 2419 4409 ἡ

755 4435 864 4504 γὰρ
890 4432 1024 4501 τιμὴ
1053 4429 1153 4496 τῆς
1183 4426 1312 4496 ῦλης
1337 4424 1438 4476 οὐκ
1468 4423 1578 4476 ἀπὸ
1617 4426 1716 4493 τῆς
1755 4423 1988 4492 φύσεως,
2035 4423 2148 4477 ἀλλ’
2176 4426 2284 4478 ἀπὸ
2323 4427 2424 4497 τῆς

755 4519 1028 4591 ἡμετέρας
1060 4513 1294 4576 διανοίας
1320 4512 1486 4566 ἐστίν.
1521 4511 1586 4564 Εἰ
1618 4511 1726 4580 γάρ
1757 4527 1840 4573 τις
1865 4510 2106 4580 ἀκριϐῶς
2129 4510 2420 4580 ἐξετάσειε,

753 4602 890 4654 πολὺ
921 4600 1014 4653 τοῦ
1045 4597 1244 4670 χρυσοῦ
1276 4596 1494 4666 σίδηρος
1537 4593 1992 4664 ἀναγκαιότερος·
2026 4597 2056 4647 6
2085 4595 2184 4664 μέν
2211 4596 2318 4668 γάρ
2343 4599 2423 4658 είς

753 4691 845 4744 τὸν
900 4689 1010 4758 βίον
1065 4685 1320 4755 οὐδεμίαν
1359 4682 1572 4751 εἰσάγει
1603 4681 1812 4752 χρείαν,
1843 4677 1998 4746 οὗτος
2044 4681 2102 4735 δέ
2154 4683 2215 4736 τὸ
2265 4684 2423 4738 πλέον

753 4778 888 4847 ἡμῖν
913 4770 1282 4826 κατεσκεύασε
1304 4769 1404 4839 τῆς
1427 4769 1614 4840 χρείας
1640 4770 1862 4839 μυρίαις
1883 4769 2099 4840 τέχναις
2129 4771 2426 4842 ὑπηρετού-

760 4878 940 4932 μενος.
977 4860 1084 4912 Καὶ
1113 4857 1162 4910 τί
1189 4857 1331 4924 λέγω
1363 4855 1564 4927 χρυσοῦ
1597 4858 1690 4908 καὶ
1715 4856 1935 4926 σιδήρου
1963 4856 2287 4930 σύγκρισιν;
2315 4859 2423 4912 τῶν

755 4948 865 5019 γὰρ
909 4943 1210 4998 πολυτελῶν
1257 4941 1418 4995 λίθων
1465 4941 1878 5011 ἀναγκαιότεροι
1903 4943 1951 4994 οί
1982 4941 2119 4996 λίθοι
2151 4935 2328 4997 οῦτοι·
2365 4943 2424 5010 ἐξ

756 5033 976 5087 ἐκείνων
1011 5031 1106 5101 μὲν
1134 5028 1242 5100 γὰρ
1277 5027 1430 5080 οὐδὲν
1465 5025 1530 5080 ἂν
1560 5026 1769 5094 γένοιτο
1794 5027 2046 5098 χρηστὸν,
2080 5028 2186 5082 ἀπὸ
2217 5029 2274 5082 δὲ
2300 5029 2424 5083 τού-

756 5135 861 5174 των
895 5119 1060 5173 οἰκίαι
1090 5135 1149 5170 τε
1181 5117 1273 5170 καὶ¹
1305 5115 1460 5185 τείχη
1507 5115 1600 5168 καὶ
1633 5113 1814 5175 πόλεις
1848 5114 2103 5184 ἔστησαν.
2140 5117 2212 5170 Σὺ
2239 5115 2295 5170 δέ
2332 5135 2424 5188 μοι

754 5207 948 5273 δεῖξον,
983 5207 1035 5260 τί
1075 5206 1136 5258 τὸ
1186 5205 1375 5275 κέρδος
1426 5203 1533 5258 ἀπὸ
1577 5202 1687 5255 τῶν
1742 5203 2100 5273 μαργαριτῶν
2129 5206 2328 5272 γένοιτ’
2357 5207 2422 5262 ἂν

753 5297 977 5357 τούτων,
1007 5293 1204 5365 μᾶλλον
1232 5293 1288 5346 66
1313 5295 1460 5346 ποῖον
1483 5291 1580 5344 οὑκ
1606 5291 1670 5344 ἂν
1694 5291 1904 5358 γένοιτο
1928 5289 2150 5358 βλάϐος;
2185 5294 2294 5346 Καὶ
2315 5294 2423 5365 γάρ

756 5387 843 5438 ἵνα
883 5385 946 5437 σὺ
981 5383 1178 5436 κόκκον
1207 5379 1304 5432 ’ἐνα
1348 5379 1604 5452 φορέσῃς,
1644 5378 1826 5450 μυρίοι
1870 5377 1950 5448 τῷ
1999 5376 2142 5448 λιμῷ
2191 5379 2424 5448 πένητες

755 5475 1040 5544 ἅγχονται·
1073 5471 1236 5532 ποίας
1261 5463 1354 5522 οὖν
1395 5465 1691 5536 ἀπολογίας
1733 5464 1938 5538 τεύξῃ;
1986 5464 2134 5530 τίνος
2177 5467 2424 5538 συγγνώ-

759 5572 868 5626 μης
883 5576 898 5622 ἱ

826 5645 1014 5698 Βούλει
1040 5644 1310 5714 κοσμῆσαι
1333 5643 1394 5697 τὸ
1421 5641 1742 5716 πρόσωπον;
1774 5640 1847 5712 μὴ
1881 5641 2265 5712 μαργαρίταις,
2287 5641 2422 5697 ἀλλά

761 5731 1075 5806 σωφροσύνῃ
1117 5733 1209 5785 καὶ
1255 5733 1578 5803 σεμνότητισ
1629 5727 1772 5782 οῦτω
1819 5730 2173 5798 χαριεστέραν
2230 5729 2418 5798 δψεται

820 5872 844 5901 ³
863 5869 958 5919 Alii
983 5867 1262 5930 χαλινῶσαι.

1529 407 1592 462 S.
1629 403 1916 462 JOANNIS
1955 400 2442 460 CIIRYSOSTO‘MI
2474 401 2799 461 ARCHIEP.
2840 407 3390 470 CONSTANTINOP.

2537 519 2634 604 τὴν
2667 520 2788 588 ὺᾷιν
2811 523 2840 574 6
2870 522 3028 593 ἀνήρ.
3049 524 3285 591 Ἐκεῖνος
3321 529 3418 598 μὲν
3449 524 3558 597 γάρ
3587 527 3618 580 6
3640 526 3842 597 κόσμος
3873 532 3971 585 καὶ
4001 535 4084 600 είς
4103 533 4206 604 ζη-

2535 603 2794 671 λοτυπίας
2835 609 3068 678 ὑποψίαν
3115 614 3404 681 ἐμϐάλλειν
3432 613 3621 668 είωθεν
3646 613 3742 666 καὶ
3773 617 3854 677 είς
3877 617 4080 688 ἔχθρας
4111 603 4208 676 καὶ

2535 693 2867 760 φιλονεικίας
2897 697 2989 750 καὶ
3027 697 3207 767 μάχας
3227 715 3245 732 ο
3274 703 3428 757 οὐδὲν
3457 703 3566 774 γάρ
3590 701 3806 772 δψεωςδ
3833 703 4210 778 ὑποπτευομέ-

2533 797 2634 849 νης
2666 783 3019 855 ἀηδέστερονο
3050 787 3078 838 6
3103 785 3161 838 δὲ
3191 788 3292 858 τῆς
3323 789 3688 862 ἐλεημοσύνης
3717 790 3811 844 καὶ
3849 795 4210 864 σωφροσύνης

2533 868 2740 938 κόσμος
2783 873 2962 926 πᾶσαν
2993 872 3091 943 μὲν
3119 874 3372 930 ἐκϐάλλει
3403 880 3646 950 πονηράν
3693 880 3968 940 ὑπόνοιαν,
4005 883 4211 946 παντὸς

2533 953 2592 1007 δέ
2615 954 2816 1028 δεσμοῦ
2845 959 3196 1030 σφοδρότερον
3224 963 3587 1022 ἐπισπάσεται
3607 968 3700 1021 τὸν
3717 967 3982 1022 σύνοικον.
3997 968 4076 1020 ού
4097 969 4209 1040 γάρ

2534 1041 2676 1096 οῦτω
2713 1045 2944 1111 κάλλους
2985 1045 3145 1116 φύσις
3177 1047 3453 1120 εῦμορφον
3494 1057 3638 1108 ποιεῖ
3661 1055 3904 1124 γίνεσθαι
3931 1054 4031 1125 τὴν
4061 1056 4208 1124 ὄψιν,

2534 1127 2610 1191 ὡς
2635 1131 2668 1201 ἡ
2697 1131 2792 1184 τοῦ
2825 1133 3155 1206 θεωροῦντος
3179 1135 3352 1206 αὐτὴν
3379 1139 3624 1204 διάθεσις
3648 1158 3662 1172 ·
3691 1143 3930 1196 διάθεσιν
3953 1142 4012 1194 66
4050 1143 4210 1196 ούδέν

2533 1216 2726 1282 οὕτως,
2750 1220 2826 1284 ὡς
2857 1219 3173 1292 σωφροσύνη
3199 1224 3294 1276 καὶ
3325 1227 3592 1298 σεμνότης
3621 1232 3796 1282 ποιεῖν
3823 1229 4210 1284 είωθεν.Ὠστε

2533 1305 2635 1361 κᾶν
2669 1308 2942 1382 εὔμορφος
3017 1329 3121 1374 τις,
3148 1312 3404 1382 ἀπεχθῶς
3423 1316 3480 1368 δέ
3507 1317 3644 1388 πρὸς
3673 1319 3844 1390 αὐτὴν
3864 1323 3892 1374 6
3915 1321 4060 1392 ἀνὴρ
4083 1320 4206 1392 ἔχῃ,

2533 1397 2748 1452 πάντων
2781 1401 3107 1472 αἰσχροτέρα
3131 1401 3279 1472 αὐτῷ
3311 1407 3556 1471 φανεῖται
3574 1424 3588 1436 ·
3620 1407 3722 1460 κᾶν
3755 1407 3830 1478 μὴ
3853 1409 3992 1480 τύχῃ
4019 1427 4104 1472 τις
4123 1411 4210 1462 εὐ-

2533 1487 2752 1556 πρεπὴς
2791 1484 2944 1552 οὖσα,
2971 1490 3144 1560 ἡδέως
3168 1489 3224 1543 δέ
3255 1489 3391 1560 πρὸς
3422 1490 3592 1562 αὐτὴν
3615 1495 3644 1546 6
3667 1493 3808 1564 ἀνὴρ
3837 1495 3954 1567 ἐχῃ,
3981 1496 4206 1550 πάντων

2529 1569 2910 1645 εὐμορφοτέρα
2955 1575 3104 1646 αὐτῷ
3135 1578 3415 1644 φανεῖταιο
3445 1576 3505 1628 οὐ
3537 1576 3646 1647 γὰρ
3690 1579 3748 1629 ἐν
3787 1584 3854 1651 τῇ
3899 1582 4062 1650 φύσει
4093 1581 4208 1636 τῶν

2529 1657 2841 1728 ὁρωμένων,
2875 1662 2989 1715 ἀλλ’
3013 1666 3070 1715 ἐν
3096 1665 3162 1732 τῇ
3207 1661 3445 1716 διαθέσει
3487 1662 3596 1716 τῶν
3638 1663 3890 1734 ὁρώντων
3934 1669 3992 1720 αί
4030 1668 4208 1738 ψῆφοι

2531 1745 2793 1812 γίνονται.
2829 1747 3179 1802 Καλλώπισον
3207 1749 3383 1802 τοίνυν
3413 1749 3512 1820 τὴν
3545 1749 3664 1818 όψιν
3697 1754 4043 1823 σωφροσύνῃ,
4072 1772 4209 1826 σεμ-

2533 1834 2736 1902 νότητι,
2767 1833 3126 1907 ἐλεημοσύνη,
3154 1835 3550 1908 φιλανθρωπίᾳ,
3579 1839 3792 1912 ἀγάπῃ,
3821 1844 3886 1910 τῇ
3933 1845 4064 1913 περὶ
4111 1845 4208 1897 τὸν

2531 1919 2698 1992 ἄνδρα
2743 1921 3126 1996 φιλοφροσύνῃ,
3165 1925 3454 1996 ἐπιεικείᾳ,
3503 1927 3789 1996 πραότητι,
3835 1925 4165 2000 ἀνεξικακίᾳ.
4191 1949 4206 1959 ⁶

2531 2008 2705 2062 ταῦτα
2733 2010 2833 2080 τῆς
2867 2010 3070 2082 ἀρετῆς
3111 2011 3181 2064 τά
3228 2011 3528 2082 χρώματαο
3561 2014 3649 2067 διὰ
3676 2013 3878 2068 τούτων
3911 2017 4205 2084 ἀγγέλους,

2531 2095 2630 2149 οὐκ
2677 2097 2997 2168 ἀνθρώπους
3045 2099 3277 2168 ἐραστὰς
3324 2100 3622 2172 ἐπισπάσῃ,
3659 2099 3746 2154 διὰ
3787 2103 3992 2155 τούτων
4037 2105 4208 2158 αὐτὸν

2532 2183 2674 2251 ἔχεις
2722 2185 2811 2236 τὸν
2843 2185 2974 2238 Θεὸν
3001 2185 3320 2255 ἐπαινέτην·
3353 2186 3482 2239 ὅταν
3521 2187 3577 2238 δέ
3621 2189 3649 2240 6
3679 2187 3811 2251 Θεὸς
3851 2189 4206 2259 ἀποδέξηται,

2531 2271 2629 2324 καὶ
2673 2273 2766 2325 τὸν
2797 2273 2964 2341 ἀνδρα
2991 2289 3072 2324 σοι
3101 2272 3357 2335 ὑποτάξει
3399 2273 3634 2334 πάντως.
3685 2276 3748 2326 El
3777 2275 3886 2346 γὰρ
3911 2278 4074 2345 σοφία
4111 2279 4208 2331 ἀν.

2532 2357 2751 2430 θρώπου
2802 2359 3023 2428 φωτίζει
3075 2358 3138 2410 τὸ
3199 2359 3510 2428 πρόσωπον,
3561 2359 3738 2431 πολλῷ
3785 2363 3985 2433 μᾶλλον
4031 2367 4206 2438 ἀρετὴ

2529 2450 2782 2518 γυναικὸς
2812 2449 3030 2518 φωτίζει
3055 2447 3151 2518 τὴν
3181 2448 3322 2516 ὀψιν.
3369 2449 3432 2501 Et
3465 2447 3520 2500 66
3553 2450 3728 2519 μέγαν
3771 2452 4016 2522 νομίζεις
4061 2451 4206 2510 εἶναι

2527 2537 2716 2590 τοῦτον
2759 2536 2850 2588 τὸν
2892 2536 3116 2605 κόσμον,
3148 2535 3269 2588 εἶπέ
3303 2551 3414 2605 μοι,
3445 2536 3498 2588 τί
3543 2553 3623 2589 σοι
3647 2535 3709 2590 τδ
3733 2539 3924 2607 ὄφελος
3955 2539 4070 2593 ἀπὸ
4093 2541 4206 2594 τῶν

2534 2624 2886 2697 μαργαριτῶν
2910 2622 3114 2675 τούτων
3136 2625 3194 2675 ἐν
3220 2622 3404 2696 ἐκείνῃ
3435 2627 3502 2694 τῇ
3531 2624 3715 2695 ἡμέρα
3739 2627 4064 2696 γενήσεταις
4091 2629 4204 2682 Καὶ

2529 2714 2580 2765 τί
2613 2714 2716 2783 χρὴ
2750 2711 2928 2779 λέγειν
2969 2709 3069 2779 τὴν
3116 2710 3330 2781 ἡμέραν
3363 2711 3600 2782 ἐκείνην,
3628 2713 3748 2778 ἐξὸν
3796 2716 3891 2768 καὶ
3931 2717 4046 2770 ἀπὸ
4089 2719 4206 2771 τῶν

2528 2801 2812 2871 παρόντων
2837 2797 3011 2851 ταῦτα
3042 2797 3320 2862 ἀποδεῖξαι
3353 2799 3560 2866 πάντα;
3599 2801 3728 2854 Ὅτε
3767 2802 3898 2871 γοῦν
3939 2805 3990 2856 of.
4021 2805 4204 2871 δόξαν·

2527 2905 2617 2950 τες
2646 2889 2726 2950 είς
2754 2885 2844 2939 τὸν
2874 2885 3100 2955 βασιλέα
3123 2885 3425 2956 ὑϐρικέναι,
3460 2887 3542 2949 είς
3573 2886 3635 2940 τὸ
3659 2889 4012 2961 δικαστήριον
4033 2903 4058 2931 ε
4091 2895 4204 2946 είλ-

2527 2991 2684 3028 κοντο
2713 2974 2805 3028 καὶ
2829 2976 2956 3045 περὶ
2983 2973 3094 3026 τῶν
3121 2975 3364 3042 ἐσχάτων
3393 2975 3748 3042 ἐκινδύνευον,
3789 2977 3906 3030 τότε
3939 2981 3994 3032 αί
4035 2982 4204 3051 μητέ-

2527 3079 2620 3132 ρες
2649 3063 2743 3115 καὶ
2772 3063 2828 3114 αἱ
2857 3063 3115 3128 γυναῖκες
3151 3061 3222 3112 τά
3261 3061 3616 3131 περιδέρῤαια
3651 3065 3746 3116 καὶ
3777 3063 3847 3116 τά
3875 3067 4075 3134 χρυσία
4107 3071 4201 3122 καὶ

2524 3151 2653 3213 τοὺς
2701 3148 3044 3219 μαργαρίτας
3075 3147 3408 3218 ἀποθέμεναι
3459 3150 3554 3202 καὶ
3598 3150 3690 3202 τὸν
3735 3152 3940 3221 κόσμον
3981 3153 4202 3208 ἀπάντα

2525 3239 2621 3292 καὶ
2668 3237 2740 3290 τὰ
2786 3237 2978 3306 ἱμάτια
3022 3235 3094 3288 τὰ
3144 3238 3342 3304 χρυσᾶ,
3376 3235 3528 3306 λιτὴν
3561 3237 3655 3288 καὶ
3695 3237 3884 3308 εὐτελῆ
3931 3239 4198 3295 λαϐοῦσαι

2525 3325 2750 3395 ἐσθῆτα,
2777 3325 2874 3378 καὶ
2901 3323 3092 3376 σποδὸν
3118 3323 3595 3392 καταπασάμεναι,
3625 3323 3720 3376 καὶ
3749 3325 3856 3396 πρὸ
3879 3326 3988 3379 τῶν
4019 3327 4202 3396 θυρῶν

2525 3412 2619 3466 τοῦ
2659 3411 3008 3480 δικαστηρίου
3057 3410 3482 3480 κυλινδούμεναι,
3514 3411 3658 3464 οῦτω
3701 3413 3830 3475 τοὺς
3877 3413 4198 3478 δικάζοντας

2525 3500 2895 3570 ἐπέκαμπτον.
2929 3498 2990 3550 Εἰ
3012 3497 3070 3550 δὲ
3091 3497 3184 3550 ἐπὶ
3208 3497 3316 3550 τῶν
3345 3497 3580 3550 ἐνταῦθα
3610 3498 3975 3570 δικαστηρίων
4003 3503 4075 3555 τὰ
4101 3503 4200 3573 μὲν

2523 3586 2720 3656 χρυσία
2751 3585 2844 3638 καὶ
2867 3585 2916 3637 οί
2955 3586 3290 3654 μαργαρῖται
3317 3584 3412 3638 καὶ
3444 3584 3477 3654 ἡ
3505 3585 3722 3656 ποικίλη
3747 3586 3909 3656 ἐσθὴς
3935 3587 4200 3660 ἐπιϐουλὴ

2523 3674 2619 3727 καὶ⁸
2667 3671 2926 3742 προδοσία
2971 3669 3118 3742 [249]
3156 3671 3353 3738 γένοιτ’
3377 3671 3463 3736 ἂν,
3514 3674 3547 3742 ἡ
3594 3673 3652 3726 66
3707 3673 3974 3727 ἐπιείκεια
4017 3676 4116 3728 καὶ
4165 3678 4200 3749 ἡ

2523 3759 2768 3830 πραότης
2798 3759 2892 3811 καὶ
2915 3760 2950 3828 ἡ
2974 3758 3150 3827 τέφρα
3177 3757 3359 3810 καὶτὰ
3391 3758 3601 3829 δάκρυα
3627 3761 3722 3813 καὶ
3750 3760 3819 3814 τά
3851 3761 4043 3830 εὐτελῆ
4073 3763 4202 3832 ἱμά-

2523 3863 2612 3898 τια
2657 3845 2855 3915 μᾶλλον
2895 3845 3192 3897 ἐπισπᾶται
3220 3845 3310 3897 τὸν
3341 3843 3622 3914 δικαστὴν,
3651 3846 3829 3916 πολλῷ
3865 3849 4066 3918 μᾶλλον
4105 3851 4201 3902 ἐπὶ

2523 3932 2624 4000 τῆς
2650 3931 2947 3984 ἀδεκάστου
2991 3930 3173 4000 ψήφου
3225 3929 3322 3983 καὶ
3369 3929 3607 4000 φοϐερᾶς
3649 3932 3864 4000 ἐκείνης
3905 3934 4105 4000 γένοιτ’
4133 3935 4200 3990 ἂν

2521 4019 2698 4072 τοῦτο.
2727 4019 2859 4070 Τίνα
2907 4017 3014 4089 γὰρ
3062 4017 3224 4080 ἔξεις,
3275 4016 3394 4068 είπέ
3441 4034 3552 4085 μοι,
3593 4017 3751 4085 λόγον
3801 4020 3995 4082 εἰπεῖν,
4040 4021 4201 4076 ποίαν

2523 4106 2840 4174 ἀπολογίαν,
2873 4106 2999 4157 ὅταν
3031 4106 3058 4156 6
3086 4103 3364 4172 Δεσπότης
3402 4103 3606 4174 ἐγκαλῇ
3635 4119 3717 4156 σοι
3760 4105 3889 4175 περὶ
3920 4105 4026 4158 τῶν
4057 4125 4198 4180 μαρ-

2522 4193 2763 4265 γαριτῶν
2791 4191 3015 4251 τούτων,
3049 4189 3142 4242 καὶ
3173 4189 3297 4252 τοὺς
3326 4189 3560 4257 πένητας
3605 4191 3684 4254 είς
3716 4191 3878 4260 μέσον
3907 4193 4090 4264 ἀγάγῃ
4123 4195 4202 4266 τῷ

2521 4281 2666 4352 λιμῷ
2695 4277 3119 4348 διαφθαρένταςς
3156 4274 3256 4327 Διά
3291 4275 3446 4328 τοῦτο
3475 4275 3503 4326 6
3533 4275 3744 4339 Παῦλος
3778 4277 3928 4346 ἐλεγε
3951 4297 3964 4308 ·
3998 4281 4097 4349 Μὴ
4129 4283 4200 4337 ἐν

2523 4369 2884 4436 πλέγμασιν,
2904 4363 2941 4430 ἢ
2976 4363 3221 4431 χρυσίῳ,
3241 4363 3278 4432 ἣ
3299 4365 3706 4432 μαργαρίταις,
3729 4365 3765 4432 ἢ
3787 4367 4078 4437 Ιματισμῷ
4099 4383 4202 4423 που

2523 4454 2783 4511 λυτελεῒ.
2803 4451 3080 4507 Ἐντεῦθεν
3109 4451 3208 4522 μὲν
3239 4453 3346 4522 γὰρ
3364 4455 3398 4524 ἡ
3427 4451 3683 4523 ἐπιϐουλὴ
3715 4454 3911 4522 γένοιτ’
3931 4456 3998 4509 ἀν
4017 4474 4032 4488 ο
4065 4459 4114 4510 εί
4143 4458 4201 4512 δέ

2525 4545 2618 4597 καὶ
2636 4541 2898 4611 διηνεκῶς
2922 4540 3096 4592 αὐτῶν
3119 4539 3545 4611 ἀπολαύσαιμεν,
3561 4541 3695 4596 ἀλλά
3720 4541 3798 4612 τῷ
3827 4542 4043 4614 θανάτῳ
4069 4546 4198 4598 πάν-

2522 4648 2630 4694 τως
2662 4627 3099 4699 ἀποστησόμεθα.
3120 4627 3248 4680 Ἀπὸ
3285 4629 3341 4682 δὲ
3370 4629 3569 4699 ἀρετῆς
3602 4629 3868 4698 ἀσφάλεια
3901 4631 4070 4689 πᾶσα.
4102 4635 4198 4687 καὶ

2527 4717 2798 4792 μεταϐολὴ
2814 4719 2908 4771 καὶ
2927 4717 3267 4787 μετάπτωσις
3278 4717 3518 4788 οὐδεμία,
3534 4717 3671 4772 ἀλλά
3685 4719 3778 4771 καὶ
3799 4717 4030 4773 ἐνταῦθα
4045 4721 4196 4792 ἡμᾶς

2524 4809 2958 4881 ἀσφαλεστέρους
3008 4811 3169 4872 ποιεῖ,
3213 4809 3309 4862 καὶ
3357 4810 3474 4863 ἐκεῖ
3513 4808 3968 4879 συμμεθίσταται.
4005 4809 4196 4865 Βούλει

2525 4895 2829 4967 κτήσασθαι
2866 4895 3228 4966 μαργαρίτας,
3256 4895 3468 4948 καὶτὸν
3517 4893 3748 4948 πλοῦτον
3790 4895 3980 4949 τοῦτον
4024 4897 4192 4966 μηδέ.

2525 5001 2656 5037 ποτε
2677 4982 2975 5035 ἀποθέσθαι
2995 4999 3009 5046 ;
3035 4982 3393 5052 περιελομένη
3414 4981 3505 5034 τὸν
3523 4983 3727 5052 κόσμον
3753 4983 3970 5035 ἅπαντα
3994 4983 4077 5044 εἰς
4099 4983 4198 5046 τὰς

2523 5071 2618 5125 τοῦ
2645 5068 2882 5141 Χριστοῦ
2918 5071 3104 5139 χεῖρας
3129 5069 3332 5122 ἀπόθου
3359 5069 3444 5121 διά
3484 5067 3596 5120 τῶν
3643 5069 3891 5138 πενήτων
3916 5081 3930 5096 '
3984 5069 4196 5134 ἐκεῖνός

2525 5177 2608 5214 σοι
2643 5157 2868 5228 φυλάξει
2891 5157 2984 5210 τὸν
3005 5156 3232 5211 πλοῦτον
3262 5157 3500 5220 ᾶπαντα,
3537 5154 3757 5207 ἐπειδάν
3782 5155 4063 5225 ἀναστήσῃ
4099 5173 4194 5210 σου

2521 5248 2584 5302 τὸ
2615 5247 2772 5316 σῶμα
2809 5247 2945 5316 μετά
2988 5247 3190 5316 πολλῆς
3214 5247 3314 5316 τῆς
3337 5241 3720 5312 λαμπρότητος
3741 5258 3754 5272 ·
3785 5241 3906 5294 τότε
3949 5259 4032 5295 σοι
4077 5243 4198 5312 βελ-

2521 5335 2672 5390 τίονα
2699 5333 2983 5405 περιθήσει
3015 5333 3245 5388 πλοῦτον
3291 5331 3384 5384 κοιλ¹
3429 5329 3632 5397 κόσμον
3669 5328 3910 5397 μείζονα,
3944 5329 4022 5394 ώς
4067 5331 4098 5384 ὅ
4131 5348 4196 5401 γε

2525 5422 2714 5496 παρὼν
2757 5417 2912 5488 οὗτος
2941 5421 3165 5490 εὐτελὴς
3203 5419 3298 5472 καὶ
3332 5415 3754 5484 καταγέλαστος.
3773 5415 4060 5490 Ἐννόησον
4103 5416 4198 5473 οὗν

2521 5515 2662 5568 τίσιν
2708 5514 2963 5584 ἀρέσκειν
2993 5509 3190 5581 βούλει,
3227 5507 3321 5558 καὶ
3346 5504 3434 5557 διὰ
3461 5502 3608 5568 τίνας
3633 5505 3944 5577 περίκεισαι
3984 5505 4077 5560 τὸν
4106 5507 4196 5558 κό-

2523 5619 2658 5674 σμον
2681 5601 2892 5665 τοῦτον,
2920 5599 3009 5652 ἵνα
3031 5599 3060 5649 6
3083 5591 3516 5663 σχοινοστρόφος,
3549 5592 3642 5646 καὶ
3665 5594 3693 5646 6
3719 5593 4080 5664 χαλκοτύπος.
4108 5597 4203 5647 καὶ

2520 5692 2549 5745 6
2577 5691 2838 5762 ἀγοραῖος
2875 5685 3074 5745 ἰδόντες
3106 5679 3460 5748 θαυμάσωσιν
3483 5695 3500 5711 ο
3539 5677 3658 5734 εῒτα
3685 5681 3785 5734 οὐκ
3813 5678 4048 5754 αἰσχύνῃ
4077 5681 4196 5735 οὐδὲ

2585 5797 2616 5837 1»
2643 5796 2844 5854 Aliquot
2873 5801 2990 5854 mss:
3015 5787 3095 5834 καὶ
3117 5785 3271 5854 μάχαι
3293 5783 3464 5854 ἐνάγει,
3485 5785 3621 5854 ρύδὲν
3642 5787 3694 5834 δὲ
3719 5786 3894 5854 όψεως.

2590 5861 2612 5887 ⁸
2641 5847 2874 5916 Διὶἰ’πρὸς
2891 5852 2946 5898 τὸ
2968 5847 3284 5909 δικαστήριον.
3315 5847 3438 5896 Infra
3455 5847 3517 5897 al.
3542 5847 3828 5912 μαργαρίτας
3847 5847 4192 5908 ἀποτιθέμεναι.
