4408 6668
305 468 417 524 231

298 595 422 635 cata
465 581 713 648 dimittat,
751 598 936 640 verum
965 590 1020 638 et
1056 577 1196 648 quod
1241 577 1354 647 ipsa
1400 591 1505 630 non
1547 577 1748 634 revelat
1793 593 1892 634 nec

300 675 589 731 manifesta
622 679 809 742 faciat,
841 691 941 732 nec
984 670 1300 726 accedentes
1326 678 1481 738 cogat
1523 669 1574 723 in
1602 669 1779 725 medio
1804 685 1895 739 pa-

302 775 442 821 trata
466 769 695 835 edicere,
722 769 816 822 sed
843 765 944 819 sibi
973 762 1071 817 soli
1097 762 1355 815 rationem
1384 759 1607 815 reddere
1632 761 1814 829 jubeat
1842 769 1896 813 et

299 857 406 911 sibi
435 860 699 914 conﬁteri.
733 856 942 912 Etenim
966 868 1032 907 ex
1054 851 1395 907 saecularibus
1417 852 1686 922 judicibus
1711 853 1754 908 si
1777 853 1894 921 quis

301 947 469 1003 alicui
495 960 772 1019 captorum
800 946 1063 998 latronum
1087 943 1167 997 vel
1190 958 1372 997 eorum
1393 945 1481 1014 qui
1503 945 1743 1014 sepulcra
1764 943 1895 998 efl'o-

299 1036 461 1092 diunt
487 1040 708 1099 diceret,
746 1043 804 1088 ut
831 1041 1047 1103 peccata
1076 1034 1437 1100 confiteretur,
1469 1051 1576 1105 quo
1604 1035 1704 1090 sibi
1735 1048 1891 1104 ptrna

299 1129 684 1188 dimitteretur,
711 1139 832 1178 cum
860 1124 1006 1177 omni
1037 1133 1183 1178 certe
1216 1125 1494 1180 alacritate
1524 1125 1625 1179 hoc
1651 1124 1894 1191 suscipe-

304 1230 467 1285 rent,
495 1218 683 1272 salutis
723 1215 1014 1284 cupiditate
1045 1215 1296 1284 pudorem
1343 1224 1765 1272 contemnentes.
1797 1214 1892 1268 llic

298 1325 438 1364 vero
480 1307 610 1362 nihil
656 1306 760 1360 tale
803 1313 906 1371 est,
940 1321 1116 1359 verum
1157 1316 1211 1360 et
1249 1317 1464 1376 peccata
1511 1307 1749 1373 dimittit,
1793 1319 1891 1358 nec

298 1399 449 1467 cogit
495 1395 848 1465 praesentibus
890 1395 1204 1464 quibusdam
1251 1398 1362 1466 ipsa
1418 1397 1683 1452 enuntiari
1727 1414 1740 1450 :
1793 1394 1888 1449 sed

298 1503 468 1542 unum
495 1486 669 1540 solum
695 1487 888 1556 exigit,
921 1497 976 1541 ut
1019 1489 1131 1557 ipse
1176 1491 1491 1544 remissione
1521 1489 1724 1551 fruens,
1764 1488 1888 1540 doni

296 1575 719 1644 magnitudinem
749 1576 936 1631 discat.
967 1577 1244 1643 Quomodo
1267 1579 1426 1645 igitur
1447 1591 1551 1630 non
1577 1574 1886 1638 absurdum,

297 1675 357 1720 ut
387 1667 442 1720 in
473 1667 664 1734 quibus
690 1682 788 1722 nos
811 1668 924 1736 ipse
951 1669 1209 1723 beneficio
1229 1668 1413 1729 afficit,
1443 1665 1560 1720 solo
1587 1664 1889 1718 testimonio

293 1767 486 1811 nostro
509 1767 790 1814 contentus
809 1761 910 1824 sit;
933 1775 1030 1814 nos
1057 1769 1234 1814 autem
1264 1759 1314 1812 in
1341 1757 1534 1827 quibus
1557 1757 1726 1825 ipsum
1755 1756 1887 1809 coli-

292 1863 439 1912 mus,
468 1849 600 1903 alios
623 1858 786 1905 testes
807 1865 1108 1920 quaeramus
1135 1859 1189 1903 et
1209 1849 1272 1902 ad
1295 1847 1706 1901 ostentationem
1727 1845 1884 1915 quid-

292 1954 458 2005 quam
491 1939 782 1992 faciamus?
813 1939 981 2006 lpsius
1009 1938 1168 2007 igitur
1196 1937 1576 2005 benignitatem
1606 1935 1883 2000 admirati,

292 2036 480 2080 nostra
513 2029 610 2096 ipsi
640 2028 1018 2091 exhibeamus,
1047 2036 1102 2081 et
1132 2042 1240 2096 pra:
1268 2027 1516 2080 omnibus
1551 2027 1742 2096 linguze
1781 2027 1881 2079 im-

295 2128 481 2187 petum
511 2120 862 2185 refrenemus,
893 2129 1038 2174 etne
1064 2136 1278 2189 semper
1311 2122 1603 2190 loquamur.
1637 2120 1719 2173 Ex
1749 2121 1882 2173 mul-

290 2212 508 2277 tiloquio
536 2229 750 2278 namque
775 2229 876 2266 non
904 2212 1112 2283 e/fugies
1143 2224 1403 2280 peccatum
1433 2212 1611 2285 (Prov.
1643 2213 1729 2267 10.
1767 2210 1878 2280 19).

290 2304 349 2356 Si
385 2319 576 2371 nempe
599 2304 879 2358 dicendum
907 2305 1036 2360 utile
1065 2305 1189 2374 quid
1215 2305 1398 2371 babes,
1445 2306 1589 2373 aperi
1631 2304 1770 2358 labia
1796 2321 1808 2356 :
1837 2304 1881 2358 si

290 2395 425 2448 nihil
457 2395 526 2447 sit
553 2397 943 2460 necessarium,
976 2406 1125 2450 tace:
1152 2397 1339 2450 melius
1359 2405 1439 2450 est
1460 2395 1623 2450 enim.

368 2485 565 2552 Ubique
597 2485 730 2539 Deus
772 2486 871 2539 coli
915 2496 1096 2556 potest.
1124 2517 1193 2525 --
1221 2485 1431 2540 Artifex
1480 2485 1738 2538 manualis
1785 2485 1882 2540 es?

290 2576 491 2631 sedens
519 2577 723 2646 psalle;
755 2578 848 2632 sed
899 2594 1003 2632 non
1050 2579 1129 2632 vis
1173 2593 1266 2632 ore
1289 2577 1554 2646 psallere?
1581 2576 1682 2630 hoc
1721 2577 1882 2631 facias

294 2675 480 2722 mente
516 2685 529 2720 :
562 2684 784 2736 magnus
833 2669 1228 2724 contubernalis
1275 2670 1530 2738 psalmus.
1571 2668 1711 2722 Nihil
1759 2669 1883 2723 hinc

288 2776 456 2830 grave
485 2762 794 2825 sustinebis,
822 2762 916 2816 sed
945 2771 1212 2829 tamquam
1243 2761 1296 2814 in
1325 2760 1651 2814 monaSterio
1680 2761 1730 2813 in
1759 2759 1880 2812 offi-

289 2852 412 2904 cina
443 2851 631 2905 sedere
652 2854 850 2921 poteris
876 2871 888 2904 :
922 2867 1026 2906 non
1055 2852 1197 2906 enim
1229 2852 1466 2905 locorum
1497 2851 1844 2905 commoditas
1863 2891 1879 2914 ,

288 2940 388 2994 sed
421 2956 631 2994 morum
666 2941 899 3010 probitas
933 2942 1166 3010 quietem
1195 2939 1349 2995 nobis
1379 2940 1655 3010 prmbebit.
1687 2941 1881 2996 Paulus

287 3030 434 3084 enim
463 3031 515 3084 iu
542 3030 753 3085 officina
795 3042 966 3086 artem
996 3047 1144 3086 suam
1184 3039 1455 3096 tractans,
1486 3031 1618 3085 nihil
1648 3031 1714 3085 ad
1755 3047 1879 3100 pro-

291 3123 463 3189 priam
481 3123 730 3177 virtutem
756 3123 914 3178 laesus
933 3133 1017 3178 est
1038 3124 1176 3190 (Act.
1207 3124 1293 3178 18.
1317 3125 1395 3191 3).
1421 3123 1497 3177 Ne
1519 3123 1664 3178 dicas
1685 3123 1874 3193 igitur:

285 3213 572 3279 Quomodo
602 3223 805 3281 potero,
839 3228 960 3267 cum
988 3214 1176 3268 artifex
1216 3224 1270 3268 et
1313 3229 1513 3283 pauper
1547 3215 1671 3279 sim,
1702 3214 1876 3282 philo-

290 3303 556 3370 sophari?
604 3302 896 3372 Propterea
938 3318 1130 3371 nempe
1176 3304 1343 3372 magis
1387 3304 1588 3372 poteris
1637 3303 1875 3374 philoso-

285 3393 462 3461 phari.
494 3391 622 3447 Nam
668 3403 954 3462 paupertas
1001 3393 1230 3458 divitiis,
1260 3401 1313 3447 et
1356 3394 1624 3462 negotium
1668 3395 1777 3449 otio
1812 3395 1877 3448 ad

285 3484 543 3552 pietatem
584 3483 739 3538 nobis
775 3494 858 3538 est
898 3484 1250 3552 Opportunius
1279 3500 1290 3534 2
1320 3483 1515 3552 quippe
1545 3499 1665 3537 cum
1707 3494 1762 3539 et
1789 3485 1873 3539 di-

285 3574 429 3626 vitia:
472 3589 576 3626 non
609 3573 1014 3628 advertentibus
1065 3573 1501 3641 impedimentum
1548 3575 1696 3629 fiant.
1739 3576 1873 3630 Cum

280 3665 426 3716 enim
459 3663 590 3716 iram
627 3663 896 3717 dimittere
925 3672 1198 3731 oporteat,
1225 3677 1347 3717 cum
1395 3665 1648 3719 invidiam
1673 3668 1875 3720 exstin-

279 3769 470 3822 guere,
497 3769 618 3808 cum
659 3755 932 3808 remittere
981 3755 1250 3819 furorem,
1281 3769 1401 3809 cum
1449 3758 1746 3812 orationem
1790 3758 1875 3812 of-

281 3842 456 3905 ferre,
503 3857 624 3896 cum
673 3842 1054 3911 benignitatem
1100 3853 1154 3898 et
1201 3845 1696 3912 mansuetudinem,
1754 3861 1874 3901 cum

283 3933 602 3987 modestiam
628 3943 682 3988 et
711 3934 988 3988 caritatem
1017 3933 1291 4001 exhibere,
1321 3935 1409 3990 ubi
1453 3947 1739 4005 paupertas
1778 3938 1877 3991 im-

288 4023 656 4093 pedimentum
699 4038 819 4079 esse
856 4025 1065 4078 valeat?
1091 4024 1207 4078 Non
1249 4027 1391 4080 enim
1437 4035 1714 4095 argentum
1755 4043 1878 4083 ero-

281 4124 472 4182 gantes
500 4113 614 4168 haec
642 4122 858 4182 oportet
881 4114 1052 4180 obire,
1085 4114 1179 4168 sed
1207 4126 1406 4170 rectam
1435 4117 1752 4173 exhibentes
1779 4133 1874 4173 vo-

283 4207 571 4261 luntatem.
606 4207 961 4279 Eleemosyna
989 4212 1218 4264 maxime
1247 4212 1488 4279 pecuniis
1516 4221 1656 4281 eget,
1691 4227 1874 4266 verum

281 4309 338 4353 et
370 4300 482 4368 ipsa
517 4316 610 4368 per
637 4310 1008 4369 paupertatem
1040 4304 1209 4371 magis
1236 4303 1454 4371 effulget
1486 4322 1498 4357 :
1531 4305 1726 4358 etenim
1756 4319 1874 4372 qua:

281 4388 422 4443 duos
462 4390 652 4444 obolos
696 4392 954 4459 erogavit.
999 4393 1237 4444 omnium
1267 4393 1540 4446 hominum
1586 4402 1699 4446 erat
1741 4408 1873 4460 pau-

281 4477 515 4544 perrima
557 4519 572 4542 ,
617 4487 672 4531 et
727 4492 915 4532 omnes
959 4481 1228 4547 superavit
1271 4480 1421 4550 (Luc.
1468 4482 1558 4534 21.
1601 4480 1740 4549 2-4).
1795 4481 1872 4537 Ne

281 4582 541 4635 magnum
590 4567 748 4636 igitur
773 4568 899 4636 quid
939 4568 1153 4624 divitias
1175 4585 1295 4624 esse
1335 4579 1601 4638 putemus,
1634 4586 1732 4626 nec
1763 4572 1871 4626 luto

280 4661 478 4715 melius
503 4676 690 4714 aurum
719 4677 838 4715 esse
867 4663 1189 4731 cogitemus;
1225 4663 1460 4716 materia:
1489 4678 1719 4733 namque
1747 4681 1868 4734 pre-

279 4753 414 4804 tium
444 4767 550 4805 non
598 4765 664 4805 ex
691 4761 878 4804 natura
907 4762 990 4806 est
1015 4791 1031 4816 ,
1062 4751 1156 4806 sed
1183 4767 1248 4807 ex
1277 4752 1526 4822 opinione
1565 4763 1764 4808 nostra.
1815 4755 1869 4809 Si

279 4843 404 4911 quis
446 4843 590 4897 enim
635 4843 918 4911 diligenter
956 4845 1285 4912 inquireret,
1334 4844 1499 4898 multo
1535 4845 1700 4914 magis
1741 4861 1871 4899 auro

275 4933 482 4986 ferrum
511 4933 870 4985 necessarium
898 4949 913 4984 :
947 4933 1077 4986 illud
1107 4949 1334 5003 namque
1359 4934 1559 4988 nullum
1584 4935 1708 4988 vitae
1737 4949 1869 4988 con-

280 5022 584 5085 fcrtusum,
617 5021 717 5074 hoc
747 5031 922 5075 autem
965 5023 1220 5092 pleraque
1261 5028 1560 5081 necessaria
1605 5029 1756 5083 nobis
1780 5043 1873 5084 ex-

278 5112 451 5186 pedit,
485 5112 778 5165 innumeris
808 5112 1011 5166 artibus
1039 5116 1300 5169 serviens.
1351 5118 1416 5172 Et
1442 5119 1567 5186 quid
1607 5120 1728 5175 dico
1757 5123 1871 5176 auri

275 5215 334 5259 et
383 5204 512 5258 ferri
560 5203 1051 5272 comparationem?
1096 5205 1149 5259 hi
1193 5209 1334 5261 enim
1377 5212 1619 5280 vulgares
1670 5214 1872 5284 lapides

278 5295 454 5362 magis
483 5295 770 5350 necessarii
814 5303 972 5361 sunt,
1019 5311 1174 5364 quam
1225 5299 1441 5364 pretiosi
1477 5319 1489 5354 :
1532 5318 1650 5356 nam
1679 5319 1742 5359 ex
1791 5306 1872 5360 his

277 5387 414 5442 nihil
449 5388 578 5441 utile
607 5387 719 5441 ﬁeri
761 5397 960 5457 posset,
989 5401 1055 5441 ex
1087 5387 1192 5440 illis
1231 5404 1357 5444 vero
1400 5391 1592 5447 domus
1618 5404 1673 5448 et
1701 5397 1868 5462 muri,

273 5489 333 5532 et
369 5477 532 5531 urbes
559 5487 878 5532 constructae
907 5486 1048 5531 sunt.
1079 5477 1158 5530 Tu
1195 5492 1323 5532 vero
1365 5480 1495 5533 mihi
1525 5483 1831 5538 demonstra
1853 5526 1868 5552 ,

276 5584 399 5637 qum
441 5568 510 5621 ile
554 5569 852 5638 margaritis
893 5568 1094 5622 utilitas
1141 5567 1276 5634 istis,
1317 5570 1556 5638 quinimo
1584 5574 1725 5642 quod
1763 5590 1868 5630 non

278 5658 406 5712 inde
441 5659 694 5712 damnum
727 5659 973 5712 eveniat?
1002 5659 1210 5714 Etenim
1255 5667 1310 5712 ut
1340 5668 1392 5712 tu
1433 5659 1574 5714 feras
1617 5663 1868 5719 unionem

278 5766 469 5814 unum,
505 5751 768 5804 innumeri
820 5767 1079 5820 pauperes
1128 5752 1264 5807 fame
1309 5762 1660 5821 premuntur:
1709 5771 1867 5826 quam

279 5840 440 5909 igitur
460 5839 848 5906 defensionem,
880 5858 1039 5912 quam
1069 5843 1272 5899 veniam
1301 5845 1598 5914 assequeris
1630 5845 1652 5898 ?

1414 464 1506 519 AD
1546 462 2049 520 ILLUMINANDOS
2087 465 2510 523 CATECIIESIS
2544 468 2620 526 ll.

3481 474 3583 531 9.38

2081 578 2239 633 Verus
2264 581 2488 632 mulieris
2515 589 2744 632 ornatus.
2776 610 2846 620 —
2875 579 2968 635 Vis
2994 596 3186 637 ornare
3218 583 3403 639 faciem
3426 588 3448 640 ?
3479 603 3583 642 non

2003 671 2303 739 margaritis
2324 685 2479 735 orna,
2505 670 2599 724 sed
2619 671 2874 725 modestia
2907 682 2957 726 et
2981 674 3280 738 honestate,
3308 676 3488 744 sicque
3507 681 3586 732 vir

2001 762 2289 830 gratiorem
2337 759 2527 814 faciem
2575 770 2774 816 cernet.
2826 763 2916 817 Ille
2951 779 3144 833 nempe
3193 775 3413 818 ornatus
3439 775 3492 819 et
3535 769 3585 819 in

2003 849 2279 920 zelotypite
2303 850 2660 918 suSpicionem
2701 852 2918 919 injicere
2951 869 3094 921 smpe
3121 855 3255 909 solet
3281 864 3335 909 et
3363 853 3592 907 inimici-

2004 939 2102 991 tias
2132 948 2185 992 et
2227 941 2595 994 contentiones
2621 950 2674 994 et
2711 955 2910 1009 pugnas
2941 958 2955 994 :
2981 942 3052 994 nil
3104 953 3279 996 autem
3328 944 3472 997 vultu
3493 957 3587 996 sn-

2000 1039 2185 1096 spccto
2213 1030 2448 1097 turpius;
2471 1031 2826 1098 eleemosynaz
2849 1047 2974 1085 vero
3001 1040 3055 1084 et
3078 1033 3349 1087 modestia:
3366 1045 3584 1088 ornatus

2000 1133 2215 1173 omnem
2277 1119 2493 1187 quidem
2549 1120 2844 1187 improbam
2909 1124 3264 1189 suspicionem
3331 1125 3584 1193 expellit,

1998 1209 2144 1262 omni
2173 1218 2350 1262 autem
2380 1210 2592 1263 vinculo
2623 1210 2822 1263 firmius
2850 1212 3127 1281 conjugem
3155 1215 3402 1268 conciliat
3432 1233 3444 1266 :
3475 1230 3583 1269 non

1997 1302 2139 1355 enim
2184 1310 2288 1355 tam
2319 1300 2565 1356 decoram
2613 1313 2796 1354 natura
2839 1313 2988 1372 parat
3019 1303 3228 1370 faciem,
3255 1321 3413 1374 quam
3454 1323 3580 1375 spe-

1996 1394 2188 1447 ctantis
2240 1393 2460 1448 affectus
2511 1413 2523 1447 :
2576 1394 2821 1449 affectum
2862 1411 2987 1449 vero
3039 1397 3168 1450 nihil
3211 1399 3288 1450 sic
3341 1407 3396 1450 ut
3465 1413 3583 1450 mo-

1995 1485 2164 1538 destia
2229 1495 2282 1539 et
2346 1485 2598 1539 honestas
2656 1488 2938 1540 eonciliare
2993 1488 3147 1541 solet.
3215 1487 3394 1557 Itaque
3463 1488 3584 1541 licet

1998 1575 2216 1641 pulchra
2263 1576 2331 1629 sit
2371 1576 2580 1641 mulier,
2615 1579 2694 1632 vir
2723 1588 2900 1632 autem
2945 1594 3069 1649 erga
3107 1579 3274 1647 ipsam
3321 1579 3460 1633 male
3504 1579 3585 1633 af-

1997 1663 2167 1718 fectus
2197 1667 2286 1730 sit,
2313 1666 2550 1719 omnium
2583 1667 2679 1736 ipsi
2714 1670 3015 1737 turpissima
3045 1670 3345 1735 videbitur;
3376 1671 3420 1724 si
3450 1687 3581 1726 vero

1995 1772 2101 1810 non
2129 1771 2250 1812 esse
2291 1757 2569 1827 pulchram
2609 1761 2835 1826 aliquam
2865 1761 3167 1828 contingat,
3194 1761 3280 1813 illa
3317 1771 3513 1824 tamen,
3535 1764 3582 1815 si

1992 1848 2107 1902 viro
2130 1863 2228 1903 suo
2254 1849 2482 1918 placeat,
2510 1849 2747 1903 omnium
2771 1850 2869 1918 ipsi
2900 1850 3254 1918 pulcherrima
3285 1865 3403 1905 esse
3429 1852 3580 1904 vidc-

1992 1936 2166 2002 bitur;
2198 1953 2302 1992 non
2329 1940 2472 1993 enim
2507 1940 2559 1993 in
2596 1953 2780 1994 eorum
2804 1980 2818 2004 ,
2849 1956 2965 2009 qua:
3010 1949 3318 2004 cernuntur,
3368 1949 3578 2004 natura,

1990 2030 2084 2084 sed
2113 2031 2164 2083 in
2190 2033 2526 2086 cernentium
2559 2032 2751 2086 affectu
2775 2032 2974 2101 judicia
3022 2032 3174 2086 fiunt.
3207 2033 3451 2102 Speciem
3481 2033 3580 2102 igi-

1992 2127 2076 2172 tur
2101 2120 2210 2173 oris
2235 2135 2432 2174 exorna
2461 2121 2742 2184 modestia,
2773 2122 3072 2187 honestate,
3097 2125 3461 2192 eleemosyna,
3483 2123 3580 2175 lm-

1991 2210 2264 2274 manitate,
2297 2212 2539 2277 caritate,
2577 2227 2701 2282 erga
2733 2213 2903 2266 virum
2933 2213 3241 2273 dilectione,
3269 2225 3578 2268 mansuetu-

1991 2299 2136 2366 dine,
2170 2301 2527 2371 benignitate,
2561 2304 2820 2357 malorum
2865 2303 3148 2358 tolerantia
3181 2323 3192 2356 :
3229 2305 3283 2358 hi
3324 2316 3443 2360 sunt
3471 2308 3578 2359 vir-

1992 2391 2117 2444 tutis
2143 2393 2370 2456 colores,
2407 2408 2502 2461 per
2523 2393 2621 2446 hos
2650 2394 2854 2448 allicies
2892 2394 3129 2464 angelos,
3164 2410 3269 2448 non
3300 2396 3539 2451 homines
3559 2438 3574 2461 ,

1991 2497 2086 2550 per
2111 2483 2210 2536 hos
2240 2484 2412 2552 ipsum
2446 2483 2666 2539 habebis
2695 2485 2858 2540 Deum
2900 2484 3230 2539 laudatorem
3260 2503 3274 2539 :
3301 2501 3422 2540 cum
3448 2501 3578 2540 vero

1992 2573 2131 2628 Deus
2156 2577 2510 2644 acccptaverit
2531 2617 2544 2638 ,
2572 2591 2623 2630 et
2667 2578 2838 2630 virum
2867 2578 3084 2631 omnino
3113 2577 3207 2632 tibi
3243 2578 3489 2647 placabit.
3520 2579 3576 2632 Si

1989 2665 2132 2716 enim
2179 2665 2278 2718 viri
2323 2666 2583 2734 Sapientia
2628 2665 2814 2720 faciem
2861 2667 3152 2732 illuminat,
3201 2668 3367 2722 multo
3411 2670 3578 2736 magis

1988 2753 2157 2807 virtus
2179 2754 2416 2808 mulieris
2433 2756 2634 2809 vultum
2665 2756 2926 2810 illuminat
2953 2756 3148 2825 (Eccle.
3177 2758 3231 2811 8.
3259 2760 3328 2827 1).
3357 2759 3411 2812 Si
3451 2774 3578 2811 vero

1987 2852 2144 2912 putas
2165 2859 2286 2899 esse
2313 2859 2561 2914 magnum
2590 2846 2731 2901 hunc
2751 2858 3017 2910 ornatum,
3049 2848 3134 2903 dic
3151 2848 3300 2912 mihi,
3326 2865 3442 2918 qum
3468 2850 3574 2902 uti-

1990 2935 2110 2989 litas
2155 2936 2247 2989 tibi
2277 2936 2329 2989 in
2365 2936 2454 2991 die
2502 2938 2589 2991 illa
2639 2938 2706 2992 de
2754 2940 3060 3008 margaritis
3108 2940 3223 2993 istis
3266 2941 3478 2994 veniet?
3511 2941 3576 2993 Et

1988 3025 2114 3094 quid
2156 3041 2291 3095 opus
2320 3026 2464 3082 diem
2512 3029 2656 3082 illam
2687 3044 3111 3085 commemorare
3133 3071 3148 3096 ,
3177 3046 3300 3085 cum
3337 3033 3496 3085 liceat
3523 3043 3576 3085 ct

1985 3132 2048 3170 ex
2082 3117 2435 3185 praesentibus
2462 3118 2575 3172 lucc
2604 3121 2782 3173 omnia
2824 3120 3235 3175 demonstrare?
3265 3121 3400 3176 Cum
3430 3123 3572 3176 enim

1987 3207 2042 3272 ii,
2071 3208 2162 3276 qui
2191 3208 2505 3276 Imperatori
2535 3211 2914 3264 contumeliam
2947 3211 3273 3277 intulerant,
3305 3212 3370 3266 ad
3405 3212 3574 3268 tribu-

1987 3299 2071 3352 nal
2104 3298 2452 3353 trahebantur
2479 3310 2532 3354 et
2564 3300 2630 3356 de
2665 3306 2919 3357 extremis
2949 3303 3414 3372 periclitabantur,
3451 3313 3574 3358 tunc

1985 3400 2184 3444 matres
2210 3400 2265 3445 et
2308 3407 2502 3446 uxores
2545 3392 2761 3446 monilia
2785 3407 2946 3446 aurea
2981 3401 3034 3446 et
3061 3395 3372 3463 margaritas
3405 3394 3572 3463 depo-

1985 3489 2174 3534 nentes
2218 3489 2697 3550 ornamentumque
2733 3495 2892 3536 Omne
2937 3491 2991 3535 et
3027 3483 3344 3536 vestimenta
3387 3497 3569 3546 aurea,

1986 3573 2140 3627 vilem
2177 3582 2232 3627 et
2261 3573 2520 3642 alijectam
2553 3582 2754 3628 vestem
2797 3583 3091 3638 sumentes,
3118 3583 3172 3628 et
3214 3575 3449 3628 cinerem
3488 3574 3570 3628 iu-

1984 3675 2299 3732 spergentes
2326 3665 2448 3728 sibi,
2481 3675 2535 3719 et
2566 3674 2691 3719 ante
2715 3666 3021 3734 forijanuas
3052 3681 3111 3720 se
3137 3666 3468 3731 volutantes,
3497 3666 3574 3720 sic

1979 3754 2185 3824 judices
2207 3756 2519 3810 exorabant.
2550 3756 2606 3810 Si
2634 3767 2809 3810 autem
2834 3758 2885 3811 in
2915 3756 2998 3810 his
3020 3757 3236 3826 judiciis
3266 3771 3425 3811 aurea
3453 3758 3572 3826 qui-

1983 3844 2106 3899 dem
2152 3845 2370 3898 monilia
2418 3853 2473 3899 et
2519 3846 2749 3899 uniones
2776 3856 2830 3900 et
2867 3847 3012 3899 varia
3059 3847 3224 3900 vestis
3273 3845 3478 3900 insidiae
3521 3857 3575 3900 et

1985 3937 2215 4006 proditio
2236 3936 2451 4001 fuerint,
2473 3937 2824 3991 mansuetudo
2845 3947 3047 3998 autem,
3073 3937 3394 4006 benignitas,
3414 3937 3569 4000 cinis,

1986 4027 2236 4098 lacrymze
2283 4036 2336 4081 ct
2365 4028 2490 4081 vilia
2535 4030 2852 4082 vestimenta
2898 4031 3066 4097 magis
3111 4028 3346 4098 judicem
3395 4029 3575 4082 conci-

1986 4116 2118 4170 liant
2146 4135 2158 4170 :
2193 4118 2361 4171 multo
2402 4117 2570 4186 magis
2602 4119 2651 4170 in
2678 4117 2880 4186 judicio
2928 4118 3018 4171 illo
3049 4119 3338 4171 inevitabili
3378 4129 3431 4173 et
3463 4129 3570 4172 tre-

1984 4207 2179 4261 mendo
2233 4207 2333 4260 hoc
2390 4207 2499 4260 fiet.
2549 4207 2715 4273 Qttnnt
2769 4209 2913 4262 enim
2969 4211 3232 4262 rationem
3290 4210 3570 4263 dicendam

1983 4297 2238 4352 habebis?
2266 4313 2444 4366 quam,
2488 4297 2572 4351 ilic
2616 4298 2763 4361 mihi,
2811 4300 3208 4352 excusationem
3232 4341 3245 4362 ,
3275 4300 3490 4368 quando
3516 4311 3566 4354 te

1984 4388 2240 4441 Dominus
2287 4388 2558 4442 accusabit
2599 4388 2666 4443 de
2699 4390 3002 4458 margaritis
3039 4389 3174 4454 istis,
3208 4398 3266 4443 et
3308 4404 3568 4458 pauperes

1982 4477 2120 4531 fame
2167 4479 2406 4546 perditos
2456 4480 2507 4532 in
2554 4479 2788 4533 medium
2831 4480 2990 4549 aget?
3036 4481 3328 4549 Propterea
3375 4480 3570 4534 Paulus

1980 4568 2189 4622 dicebat
2221 4588 2233 4622 :
2269 4568 2391 4622 Non
2441 4571 2492 4623 in
2524 4572 2668 4623 tortis
2709 4571 2929 4622 crinibus
2949 4612 2961 4633 ,
2993 4571 3068 4622 vel
3095 4587 3241 4633 auro,
3271 4571 3346 4624 vel
3369 4587 3568 4639 marga-

1979 4661 2110 4726 ritis,
2137 4662 2215 4714 vel
2236 4663 2523 4714 vestimento
2546 4662 2762 4731 pretioso
2781 4662 2857 4730 (1.
2882 4661 3012 4714 Tim.
3036 4661 3088 4713 2.
3109 4661 3186 4728 9).
3214 4661 3348 4714 Hinc
3376 4677 3570 4729 nempe

1978 4760 2252 4806 struentur
2292 4751 2498 4806 insidia:
2553 4770 2566 4805 :
2621 4752 2720 4806 etsi
2765 4761 2942 4806 autem
2984 4751 3180 4822 jugiter
3234 4751 3363 4822 ipsis
3421 4750 3567 4805 frua-

1980 4858 2121 4905 mur,
2150 4852 2328 4896 tamen
2357 4844 2578 4897 omnino
2623 4859 2717 4912 per
2761 4853 2984 4898 mortem
3016 4845 3082 4897 ab
3113 4843 3242 4913 ipsis
3286 4844 3565 4912 separabi-

1979 4947 2118 4987 mur.
2146 4932 2224 4986 Ex
2243 4933 2440 4986 virtute
2466 4948 2593 4987 vero
2619 4935 2879 4986 securitas
2904 4935 3100 4995 omnis,
3129 4942 3182 4986 et
3211 4935 3433 4987 mutatio
3462 4933 3566 4986 rui-

1983 5039 2116 5079 nave
2143 5025 2309 5086 nulla,
2339 5038 2523 5078 verum
2565 5032 2617 5076 et
2657 5022 2744 5076 hic
2789 5038 2885 5075 nos
2928 5039 2988 5076 ea
3021 5023 3194 5076 reddit
3237 5024 3478 5086 tutiores,
3515 5033 3568 5076 et

1980 5116 2105 5169 illuc
2127 5116 2427 5169 comitatur.
2475 5113 2566 5168 Vis
2604 5113 2915 5182 margaritas
2958 5112 3261 5181 possidere,
3295 5129 3394 5167 nec
3434 5129 3555 5166 um-

1979 5222 2135 5276 quam
2160 5208 2256 5259 has
2278 5206 2492 5259 divitias
2534 5205 2835 5274 deponere?
2865 5214 3108 5256 ornatum
3157 5219 3371 5257 omnem
3412 5204 3560 5258 aufe-

1980 5314 2101 5353 rens
2131 5299 2182 5351 in
2211 5298 2408 5351 Christi
2438 5311 2625 5350 manus
2656 5310 2750 5362 per
2779 5309 3040 5364 pauperes
3064 5309 3263 5362 repone
3297 5312 3309 5348 :
3341 5295 3429 5347 ille
3460 5295 3552 5346 tibi

1977 5397 2197 5442 cunctas
2239 5386 2504 5442 custodiet
2551 5384 2793 5452 divitias,
2844 5393 3124 5453 postquam
3172 5398 3367 5452 corpus
3408 5392 3557 5439 tuum

1978 5480 2144 5534 multa
2173 5495 2295 5534 cum
2323 5480 2563 5534 claritate
2589 5479 3009 5543 resuscitaverit,
3042 5487 3166 5532 tunc
3188 5477 3279 5532 tibi
3311 5477 3559 5533 meliores

1979 5573 2345 5640 circumponet
2389 5568 2599 5624 divitias
2641 5578 2698 5623 et
2739 5578 2983 5623 ornatum
3029 5569 3320 5638 majorem,
3363 5569 3571 5652 quippe.

1973 5677 2098 5718 cum
2129 5663 2200 5718 sit
2228 5662 2314 5718 hic
2339 5675 2574 5732 praesens
2596 5661 2716 5716 vilis
2743 5670 2798 5716 et
2818 5662 3092 5716 ridiculus.
3122 5660 3304 5731 Cogita
3330 5675 3561 5732 namque

1979 5755 2173 5826 quibus
2199 5755 2278 5808 vis
2308 5755 2541 5824 placere,
2570 5762 2624 5809 et
2651 5763 2870 5822 propter
2911 5767 3046 5824 quos
3083 5753 3222 5807 hunc
3263 5754 3438 5807 imluis
3464 5769 3558 5806 nr-

1980 5855 2182 5915 natum,
2211 5855 2267 5900 ut
2298 5844 2536 5900 funarius
2561 5855 2614 5901 ct
2651 5846 2870 5901 aerarius
2897 5856 2951 5902 et
2990 5847 3199 5901 institor
3229 5845 3553 5900 admirentur
