4408 6676
919 377 986 433 39
1622 374 1677 432 S.
1718 377 1905 433 JOAN.
1948 381 2321 440 CIIRYSOST.
2364 386 2681 443 ARCIIIEP.
2720 387 3251 450 CONSTANTINOP.

876 508 979 547 con
1015 500 1168 559 ptcatn
1193 505 1401 545 :annon
1424 490 1830 546 confunderiset
1849 491 2118 548 erubescis
2150 501 2200 549 te
2236 492 2341 548 illis
2378 506 2469 547 os-

882 595 1115 649 tulimus,
1147 594 1201 637 et
1235 598 1372 653 quos
1398 598 1497 638 nec
1535 583 1895 653 appellatione
1921 592 2010 639 tua
2036 586 2227 655 dignos
2253 599 2457 649 censes,

882 686 1099 744 propter
1122 676 1218 727 hos
1244 674 1423 730 omnia
1450 673 1688 728 faciens?

964 765 1121 819 Verba
1157 765 1208 818 in
1231 766 1477 833 baptismo
1502 766 1721 834 prolata.
1750 796 1823 807 -—
1841 766 2120 833 Quomodo
2150 767 2308 837 igitur
2331 767 2465 821 hanc

878 871 1089 911 onmem
1119 855 1408 909 vanitatem
1444 854 1759 910 deridebis?
1784 856 1840 911 Si
1870 857 2014 910 vocis
2046 856 2186 910 illius
2212 857 2465 912 recorde-

879 948 973 1012 ris,
1003 962 1157 1015 quam
1180 946 1304 1000 dum
1330 947 1496 1001 sacris
1532 947 1833 1016 initiareris,
1863 949 2081 1003 emisisti
2132 966 2145 1001 :
2179 950 2466 1003 Abrenun-

878 1038 1090 1099 tiutibi,
1132 1045 1337 1102 satana,
1382 1046 1437 1092 et
1468 1053 1673 1108 pompae
1715 1048 1817 1093 tua:
1856 1048 1911 1094 et
1951 1040 2109 1093 cultui
2156 1049 2288 1092 tuo:
2322 1042 2461 1094 circa

878 1126 1279 1196 margaritarum
1314 1129 1455 1182 enim
1486 1130 1687 1182 cultum
1732 1130 1934 1183 insania
1962 1140 2044 1184 est
2080 1144 2271 1198 pompa
2318 1140 2461 1183 sala-

877 1219 1018 1273 niCa.
1049 1220 1245 1272 Aurum
1275 1220 1416 1272 enim
1446 1221 1652 1288 cepisti,
1679 1236 1782 1274 non
1810 1231 1868 1275 ut
1891 1237 2083 1290 corpus
2116 1222 2339 1283 vincias,
2368 1224 2461 1277 sed

880 1319 939 1364 ut
970 1325 1229 1379 pauperes
1256 1312 1437 1364 solvas
1462 1321 1515 1364 et
1542 1313 1798 1367 enutrias.
1834 1314 1926 1368 Dic
1949 1314 2105 1383 igitur
2132 1312 2460 1383 frequenter,

880 1403 1211 1458 Abt-enuntio
1268 1404 1381 1468 tibi,
1446 1404 1824 1459 satanaznihil
1864 1405 1963 1461 hac
2011 1405 2172 1459 tutius
2212 1419 2363 1469 voce,
2418 1407 2461 1460 si

876 1492 1044 1562 ipsam
1066 1509 1162 1563 per
1185 1510 1345 1562 opera
1373 1495 1739 1548 exhibeamus.

950 1584 1006 1639 5.
1040 1584 1184 1637 llanc
1211 1595 1264 1638 et
1294 1600 1389 1638 vos
1417 1587 1653 1639 initiandi
1709 1596 1764 1639 ut
1785 1586 2020 1654 discatis,
2051 1588 2275 1644 obsecro
2302 1608 2316 1644 :
2348 1590 2464 1646 haec

874 1674 1017 1727 enim
1044 1689 1143 1726 vox
1171 1674 1553 1729 confatdcratio
1578 1691 1698 1729 cum
1724 1677 1957 1731 Domino
1977 1686 2079 1732 est.
2112 1678 2178 1731 Et
2202 1680 2337 1734 sicut
2361 1695 2463 1735 nos

882 1778 1071 1818 servos
1094 1774 1352 1830 ementes,
1378 1766 1521 1835 ipsos
1551 1767 1637 1836 qui
1662 1767 1979 1835 venduntur,
2001 1770 2148 1837 prius
2167 1770 2464 1841 interroga-

877 1867 999 1907 mus
1027 1870 1096 1908 an
1124 1855 1275 1911 nobis
1322 1856 1524 1911 servire
1576 1858 1784 1912 velint:
1818 1859 1887 1914 ita
1924 1859 2047 1913 facit
2097 1872 2152 1914 et
2187 1860 2460 1928 Christus;

875 1944 1087 2013 quando
1107 1944 1265 2000 debet
1295 1956 1345 2001 te
1372 1946 1425 2002 in
1454 1948 1761 2003 servitutem
1790 1964 2005 2017 capere,
2038 1952 2185 2018 prius
2228 1951 2459 2007 interro-

876 2046 967 2105 gat
993 2051 1060 2089 an
1103 2037 1235 2090 velis
1286 2038 1431 2091 illum
1472 2040 1743 2093 crudelem
1789 2048 2071 2110 tyrannum
2109 2042 2376 2095 dimittere
2412 2050 2466 2097 et

877 2127 1182 2193 immitem,
1232 2136 1286 2182 et
1331 2128 1395 2182 ad
1450 2128 1652 2184 foedera
1696 2130 1955 2198 suscipit:
2014 2145 2118 2183 non
2156 2132 2296 2184 enim
2336 2146 2463 2184 coa-

875 2226 1022 2270 ctum
1049 2227 1131 2271 est
1168 2218 1332 2281 ipsius
1360 2219 1658 2287 imperium.
1692 2219 1759 2273 Et
1799 2220 1918 2274 vide
1950 2219 2041 2273 Dei
2061 2220 2460 2290 benignitatem.

878 2305 988 2361 Nos
1017 2324 1209 2377 nempe
1256 2310 1561 2378 priusquam
1607 2312 1837 2378 pretium
1883 2326 2185 2381 erogemus,
2230 2314 2468 2367 interro-

874 2415 1062 2469 gamus
1104 2417 1199 2456 eos
1239 2404 1328 2472 qui
1378 2404 1699 2471 venduutur,
1735 2416 1941 2458 etcum
1986 2404 2330 2460 didicerimus
2373 2422 2467 2462 eos

875 2491 1036 2555 Velle,
1087 2500 1212 2546 tunc
1256 2493 1483 2561 pretium
1524 2508 1826 2562 erogamus.
1852 2493 2100 2550 Christus
2146 2504 2322 2550 autem
2359 2512 2466 2552 non

877 2582 979 2644 ita;
1011 2597 1197 2635 verum
1236 2590 1292 2636 et
1328 2582 1555 2651 pretium
1599 2585 1839 2655 erogavit
1872 2598 1970 2653 pro
2021 2585 2267 2641 omnibus
2313 2587 2467 2643 nobis

877 2672 1170 2742 pretiosum
1221 2675 1530 2744 sauguinem
1585 2692 1740 2731 suum
1784 2692 1798 2729 :
1847 2676 2022 2731 Pretio
2064 2679 2227 2743 enim,
2273 2680 2462 2749 inquit,

881 2766 1039 2834 empti
1075 2767 1190 2820 estis
1216 2766 1304 2838 (1.
1334 2766 1452 2821 Cor.
1477 2768 1528 2821 7.
1559 2767 1630 2822 25
1660 2767 1677 2838 )
1708 2786 1720 2821 :
1750 2776 1804 2823 ct
1844 2777 2021 2823 tamen
2042 2785 2211 2838 neque
2233 2770 2310 2825 sic
2324 2771 2465 2841 cogit

874 2856 977 2910 sibi
1004 2857 1205 2911 servire
1226 2858 1491 2923 nolentes,
1525 2858 1618 2912 sed
1647 2858 1746 2913 nisi
1777 2860 2001 2927 gratiam
2030 2860 2226 2914 habeas
2255 2870 2309 2914 et
2337 2876 2367 2914 a
2410 2870 2462 2916 te

876 2946 997 3014 ipso
1015 2954 1069 3000 et
1088 2955 1278 3015 sponte
1304 2948 1420 3017 ejus
1446 2948 1577 3002 velis
1603 2947 1895 3002 dominatui
1915 2948 2164 3012 adscribi,
2179 2948 2293 3003 Non
2306 2963 2461 3019 cogo,

874 3035 1067 3107 inquit,
1096 3052 1267 3106 neque
1294 3039 1577 3108 compello.
1602 3040 1669 3093 Et
1697 3053 1794 3093 nus
1822 3038 2035 3108 quidem
2059 3039 2331 3108 improbos
2347 3055 2463 3096 ser-

874 3140 973 3179 vos
1007 3141 1075 3180 ne
1118 3128 1343 3182 emimus
1392 3129 1647 3198 quidem:
1677 3128 1817 3198 quod
1864 3128 1909 3183 si
1943 3128 2157 3197 quando
2200 3144 2459 3196 emamus,

876 3233 1043 3286 pravo
1080 3220 1304 3273 consilio
1334 3221 1439 3274 tale
1470 3220 1697 3290 pretium
1727 3234 2047 3291 erogamus:
2087 3218 2330 3275 Christus
2371 3236 2464 3275 au-

876 3315 983 3363 tem
1011 3308 1244 3378 ingratos
1268 3324 1452 3365 emens
1492 3325 1678 3365 servos
1698 3310 1928 3380 iniquos,
1957 3310 2143 3380 Optimi
2171 3312 2309 3365 servi
2340 3326 2465 3379 pre-

875 3398 1005 3453 tium
1034 3401 1272 3469 erogavit
1298 3418 1311 3454 :
1339 3402 1447 3456 imo
1473 3416 1601 3457 vero
1622 3402 1789 3456 multo
1816 3402 2008 3471 majus,
2030 3416 2093 3456 ac
2120 3410 2266 3456 tanto
2293 3402 2467 3471 majus

874 3499 935 3544 ut
963 3504 1133 3559 neque
1170 3492 1307 3547 ratio
1332 3507 1505 3561 neque
1543 3507 1698 3548 mens
1735 3492 1900 3561 ipsius
1930 3492 2344 3560 magnitudinem
2373 3508 2465 3547 ca-

879 3579 1035 3650 piat:
1067 3595 1170 3634 non
1196 3582 1335 3635 enim
1375 3582 1565 3635 caalum
1593 3590 1647 3636 et
1675 3591 1868 3637 terram
1917 3591 1971 3637 et
1996 3598 2143 3637 mare
2176 3582 2329 3644 dans,
2369 3584 2463 3638 sed

886 3672 1134 3727 omnibus
1160 3671 1242 3725 his
1262 3673 1627 3741 pretiosiorem
1651 3674 1957 3742 sanguinem
1984 3688 2136 3727 suum
2162 3673 2460 3739 effundens,

878 3762 951 3817 ita
969 3776 1067 3817 nos
1083 3761 1309 3816 redemit
1331 3779 1345 3815 :
1369 3770 1424 3817 et
1449 3770 1566 3831 post
1583 3762 1695 3817 haec
1710 3764 1883 3817 omnia
1909 3779 2012 3818 non
2042 3772 2202 3819 testes
2227 3780 2255 3817 a
2284 3766 2459 3832 nobis,

877 3867 987 3909 non
1015 3852 1365 3923 chirographa
1389 3854 1578 3923 exigit,
1609 3853 1701 3908 sed
1726 3854 1836 3907 sola
1870 3863 2151 3910 contentus
2180 3864 2265 3910 est
2292 3870 2421 3910 voce
2446 3874 2459 3910 :

878 3952 938 4000 et
955 3945 997 3998 si
1016 3944 1163 3999 dicas
1183 3960 1246 3998 ex
1269 3943 1449 4009 corde,
1474 3944 1804 3998 Abrenuntio
1826 3945 1941 4010 tibi,
1962 3952 2165 4009 satana,
2188 3954 2240 3999 et
2256 3960 2464 4015 pompae

878 4044 1016 4101 tuae,
1048 4044 1218 4089 totum
1248 4034 1468 4105 recepit.
1504 4035 1614 4090 Hoc
1644 4036 1805 4105 igitur
1832 4035 2069 4090 dicamus
2089 4077 2103 4100 ,
2132 4036 2465 4093 Abrenuntio

876 4127 995 4188 tibi,
1021 4135 1203 4181 satana
1230 4144 1243 4179 :
1274 4136 1538 4196 tamquam
1568 4127 1617 4180 in
1643 4128 1727 4180 illa
1754 4126 1839 4182 die
1861 4126 2017 4197 hujus
2034 4127 2183 4182 vocis
2202 4128 2462 4182 rationem

876 4216 1158 4283 reddituri,
1184 4224 1239 4272 et
1267 4218 1435 4286 ipsam
1457 4216 1838 4282 custodiamus,
1870 4226 1929 4271 ut
1956 4218 2158 4271 salvum
2192 4227 2315 4273 tunc
2337 4218 2461 4273 red-

878 4307 1069 4362 damus
1098 4307 1418 4376 depositum.
1442 4308 1641 4375 Pompa
1669 4323 1795 4362 vero
1819 4308 2052 4363 satanica
2081 4317 2204 4362 sunt
2224 4308 2459 4377 theatra,

881 4401 1169 4464 circenses,
1220 4410 1271 4453 et
1321 4414 1481 4453 omne
1523 4407 1829 4468 peccatum,
1873 4399 2079 4453 dierum
2125 4400 2458 4467 observatio,

883 4491 1186 4561 prarstigite,
1206 4500 1259 4545 et
1275 4489 1472 4542 omina.

951 4582 1205 4637 Adversus
1233 4580 1606 4636 omium—Et
1645 4579 1770 4650 quid
1813 4577 2026 4633 tandem
2073 4589 2198 4634 sunt
2245 4581 2464 4636 omina?

879 4672 1035 4743 Smpe
1061 4674 1220 4727 domo
1258 4673 1377 4743 quis
1403 4689 1499 4728 sua
1529 4685 1777 4743 egressus
1802 4670 2073 4725 hominem
2101 4670 2232 4724 vidit
2257 4686 2461 4726 unocu-

879 4764 1026 4829 lum,
1071 4763 1158 4817 vel
1197 4763 1616 4829 claudicantem,
1663 4770 1719 4817 et
1760 4761 2028 4815 ominatus
2071 4768 2173 4814 est.
2218 4760 2341 4814 llam
2380 4769 2466 4814 est

879 4867 1071 4923 pompa
1102 4854 1334 4908 satanica
1366 4871 1379 4905 :
1408 4868 1511 4906 non
1537 4854 1677 4907 enim
1721 4853 1951 4922 hominis
1981 4866 2234 4906 occursus
2268 4851 2464 4903 malum

879 4944 1002 4999 iacit
1027 4943 1191 5008 diem,
1220 4944 1313 4999 sed
1345 4944 1398 4997 in
1429 4944 1659 5012 peccatis
1689 4945 1886 4997 vivere.
1909 4941 2040 4997 Cum
2065 4943 2225 5011 igitur
2245 4940 2461 5006 exieris,

878 5051 1041 5091 unum
1087 5036 1244 5091 modo
1282 5052 1430 5097 cave,
1472 5051 1539 5089 ne
1583 5043 1827 5088 occurrat
1871 5034 1964 5088 tibi
2007 5044 2277 5103 peccatum
2310 5050 2324 5087 :
2363 5033 2465 5088 hoc

875 5128 1019 5184 enim
1045 5137 1128 5183 est
1150 5129 1290 5197 quod
1322 5129 1648 5197 supplantat,
1686 5134 1881 5195 przeter
1920 5124 2022 5179 hoc
2058 5141 2185 5180 vero
2214 5142 2313 5180 nec
2349 5126 2462 5195 ipse

875 5218 1119 5274 diabolus
1163 5232 1262 5272 nos
1306 5218 1569 5287 quidpiam
1620 5217 1818 5272 lmdere
1870 5216 2085 5284 poterit.
2126 5216 2260 5282 Quid
2295 5216 2463 5270 dicis?

876 5308 1148 5364 hominem
1196 5310 1402 5373 cernis,
1449 5316 1502 5361 et
1540 5309 1823 5374 ominaris,
1853 5320 1953 5361 nec
1997 5306 2173 5360 cernis
2215 5307 2459 5374 laqueum

878 5398 1201 5455 diabolicum
1225 5399 1274 5464 ‘,
1306 5398 1575 5468 quomodo
1596 5408 1648 5453 te
1674 5399 1770 5466 illi,
1802 5399 1889 5468 qui
1920 5406 1972 5453 te
2001 5396 2142 5451 nulla
2178 5395 2353 5450 aﬂecit
2381 5396 2464 5450 in-

874 5489 1037 5559 juria,
1066 5489 1237 5544 reddit
1268 5489 1578 5543 inimicum?
1602 5491 1866 5559 quomodo
1901 5499 1954 5546 te
1994 5489 2147 5545 fratri
2185 5489 2463 5544 constituit

879 5579 1239 5634 adversarium
1260 5597 1323 5635 ex
1348 5581 1486 5635 nulla
1505 5580 1645 5649 justa
1668 5581 1980 5638 occasione?
2000 5582 2065 5636 Et
2090 5581 2227 5635 Deus
2243 5578 2460 5649 quidem

879 5673 963 5726 vel
993 5672 1234 5726 inimicos
1258 5686 1439 5727 amare
1465 5670 1768 5741 nosjussit;
1801 5678 1855 5724 tu
1877 5680 2049 5725 autem
2082 5670 2153 5725 nil
2183 5670 2467 5725 laedentem

878 5764 1167 5829 aversaris,
1193 5763 1265 5816 nil
1289 5760 1647 5817 accusandum
1679 5760 1903 5823 habens,
1928 5776 2027 5816 nec
2049 5763 2269 5832 cogitas,
2294 5774 2468 5831 quan-

883 5864 966 5909 tus
993 5853 1156 5922 risus,
1184 5863 1439 5924 quantum
1469 5853 1723 5921 dedecus,
1753 5852 1860 5909 imo
1885 5867 2013 5909 vero
2041 5861 2294 5924 quantum
2326 5851 2467 5922 peri.

4037 402 4146 457 230

2560 490 2777 548 culum?
2821 496 3073 554 Dicamne
3123 507 3175 553 et
3220 501 3359 554 aliud
3408 501 3786 561 ridiculosius?
3835 509 4143 567 Confuudor

2558 597 2751 654 nempe
2778 597 2833 641 et
2873 592 3153 657 erubesco,
3181 592 3274 647 sed
3318 607 3481 663 cogor
3521 607 3739 663 propter
3783 602 4011 657 salutem
4043 620 4143 659 ve-

2558 682 2722 729 stram
2746 676 2945 733 dicere.
2976 682 3030 735 Si
3050 682 3221 752 virgo,
3246 683 3435 754 inquit,
3458 687 3774 752 occurrerit,
3804 693 4007 746 sterilis
4026 694 4145 748 dies

2556 766 2692 830 erit;
2739 768 2784 821 si
2832 782 2961 824 vero
3006 775 3280 842 meretrix,
3331 776 3555 832 dextera
3595 786 3652 833 et
3695 777 3856 845 bona,
3884 790 3939 834 et
3978 786 4144 839 multa

2559 859 2887 914 mercatione
2914 861 3089 929 plena.
3115 864 3490 935 Occultamizti,
3516 878 3569 924 et
3595 868 3818 925 frontem
3840 874 4143 939 percutitis,

2558 959 2611 1003 et
2637 948 2703 1003 ad
2730 959 2923 1004 terram
2953 951 3220 1010 inclinatis
3251 974 3265 1009 :
3298 958 3391 1012 sed
3421 975 3525 1013 non
3557 975 3696 1015 nunc
3733 960 3859 1014 dum
3886 961 4147 1015 dicuntur

2559 1040 2736 1101 verba,
2765 1039 2859 1093 sed
2880 1054 3001 1095 cum
3031 1042 3164 1097 tiunt
3188 1060 3371 1114 opera,
3399 1049 3815 1105 erubescendum
3846 1059 3983 1105 erat.
4012 1051 4145 1105 Vide

2560 1142 2753 1197 nempe
2778 1129 3046 1198 quomodo
3074 1140 3127 1185 et
3157 1133 3244 1189 hic
3268 1136 3510 1193 diabolus
3534 1138 3715 1193 dolum
3744 1139 4057 1203 abscondit,
4090 1149 4150 1194 ut

2560 1221 2857 1274 modestam
2887 1221 3101 1290 quidem
3142 1239 3482 1295 aversemur,
3521 1229 3835 1298 impudicam
3868 1245 3995 1285 vero
4022 1246 4150 1299 gra-

2560 1319 2666 1364 tam
2717 1312 3006 1366 habeamus
3044 1321 3099 1366 et
3145 1328 3406 1372 amemus.
3453 1319 3713 1386 Quoniam
3759 1322 3901 1377 enim
3942 1322 4149 1376 audivit

2558 1401 2829 1456 Christum
2874 1403 3167 1468 dicentem,
3205 1405 3307 1471 Qui
3343 1410 3523 1474 aspicit
3555 1412 3815 1466 mulierem
3855 1413 3923 1464 ad
3957 1428 4149 1466 concu-

2561 1492 2870 1557 piscendum,
2881 1493 2993 1562 jam
3014 1492 3287 1548 minitatus
3304 1506 3497 1549 esteem
3514 1498 3720 1568 (Matth.
3741 1503 3793 1555 5.
3810 1502 3925 1571 28),
3941 1511 3996 1557 et
4012 1503 4149 1556 vidit

2560 1582 2756 1636 multos
2806 1582 3073 1637 lasciviam
3112 1583 3347 1649 vincere,
3377 1585 3562 1640 volens
3590 1604 3797 1641 rursum
3842 1608 3936 1659 per
3980 1593 4145 1646 aliam

2559 1673 2699 1726 viam
2730 1673 2874 1741 ipsos
2905 1674 2957 1727 in
2988 1683 3261 1744 peccatum
3293 1673 3586 1743 impellere,
3609 1691 3704 1745 per
3721 1678 3857 1733 hanc
3881 1681 4143 1735 observa-

2562 1763 2763 1818 tionem
2789 1765 3078 1821 meritoriis
3093 1764 3406 1820 mulieribus
3423 1764 3651 1820 libenter
3670 1767 3853 1821 oculos
3868 1769 4150 1826 intendere

2562 1855 2850 1920 persuasit.

2633 1942 2801 1999 4Erea
2831 1946 3109 2001 Alexandri
3141 1947 3219 2001 Μ.
3262 1950 3566 2003 numismata
3607 1950 3951 2018 superstitiose
3976 1968 4136 2005 usur-

2564 2047 2700 2107 pata.
2723 2069 2789 2079 -—
2821 2040 2958 2107 Quid
2988 2057 3114 2095 vero
3138 2042 3341 2097 diceret
3369 2043 3561 2112 aliquis
3598 2040 3666 2096 de
3705 2042 3789 2104 iis,
3816 2043 3905 2111 qui
3938 2045 4144 2097 carmi-

2563 2128 2719 2183 nibus
2755 2138 2811 2183 et
2849 2130 3086 2199 ligaturis
3146 2141 3381 2198 utuntur,
3438 2139 3495 2186 et
3541 2131 3609 2185 de
3658 2130 4152 2201 circumligantibus

2562 2235 2703 2274 terea
2733 2222 3018 2279 Alexandri
3044 2223 3345 2279 Macedonis
3372 2223 3687 2277 numismata
3704 2222 3862 2293 capiti
3880 2224 3966 2278 vel
3999 2224 4153 2292 pedi-

2563 2310 2705 2365 bus?
2731 2313 2825 2366 Dic
2852 2315 3002 2376 mihi,
3033 2330 3098 2367 an
3128 2314 3212 2367 hze
3237 2323 3360 2367 sunt
3378 2314 3805 2382 exspectationes
3836 2323 4059 2380 nostra,
4094 2323 4153 2369 ut

2567 2410 2687 2470 post
2714 2417 2926 2456 crucem
2957 2412 3010 2457 et
3036 2414 3261 2456 mortem
3294 2404 3624 2457 Dominicam
3670 2403 3721 2457 in
3761 2404 3974 2472 gentilis
4005 2404 4153 2474 regis

2564 2492 2795 2560 imagine
2820 2508 2968 2562 spem
3001 2493 3188 2547 salutis
3217 2493 3545 2548 habeamus?
3564 2492 3781 2564 Ignoras
3800 2502 3996 2563 quanta
4014 2508 4151 2548 crux

2565 2582 2783 2650 perfecit
2805 2582 2830 2634 ?
2862 2593 3087 2638 mortem
3117 2583 3402 2649 dissolvit,
3435 2594 3714 2653 peccatum
3741 2585 4035 2649 exstinxit,
4067 2599 4151 2639 or-

2562 2688 2682 2729 cum
2711 2675 2921 2729 inanem
2952 2676 3204 2742 reddidit,
3233 2675 3441 2730 diaboli
3468 2675 3624 2731 solvit
3649 2676 3933 2745 potentiam
3955 2718 3971 2741 ,
3998 2686 4057 2731 et
4083 2677 4148 2731 ad

2563 2766 2807 2835 corporis
2835 2767 3117 2821 sanitatem
3164 2767 3517 2837 praestandam
3562 2782 3667 2821 non
3698 2777 3781 2822 est
3809 2766 3911 2821 fide
3936 2768 4100 2835 digna
4127 2771 4152 2821 ἲ

2564 2865 2734 2911 totum
2763 2855 2950 2910 orbem
2974 2858 3339 2921 exsuscitavit,
3370 2864 3427 2911 et
3453 2867 3505 2909 tu
3535 2856 3587 2909 in
3616 2857 3731 2925 ipsa
3760 2871 3865 2909 non
3895 2857 4151 2911 confidis?

2564 2958 2619 3002 et
2643 2949 2770 3018 quid
2799 2949 2907 3018 pati
2936 2948 3130 3018 dignus
3182 2963 3289 3002 non
3332 2947 3540 3003 fueris?
3584 2947 3697 3002 Non
3742 2947 3994 3016 ligaturas
4018 2962 4150 3002 vero

2564 3050 2767 3097 tantum
2791 3082 2808 3108 ,
2834 3043 2928 3097 sed
2964 3042 3125 3096 etiam
3155 3048 3564 3095 excantamenta
3615 3041 3708 3095 tibi
3753 3040 4146 3104 circumducis,

2563 3133 2769 3188 vetulas
2794 3132 2970 3187 ebrias
2991 3143 3046 3187 et
3070 3131 3355 3186 titubantes
3380 3130 3597 3185 domum
3622 3129 3825 3185 ducens
3855 3147 3871 3183 :
3900 3145 4002 3185 nec
4019 3145 4152 3183 con-

2564 3223 2831 3287 fundcris,
2865 3236 2967 3277 nec
2995 3222 3288 3285 erubescis,
3320 3230 3443 3290 post
3470 3229 3669 3273 tantam
3719 3220 3786 3273 ad
3831 3220 3947 3273 haec
3987 3220 4152 3287 trepi-

2566 3313 2702 3367 dans
2729 3311 3062 3381 disciplinam
3088 3329 3105 3367 :
3126 3320 3181 3367 et
3206 3311 3347 3381 quod
3370 3310 3583 3380 gravius
3605 3318 3686 3363 est
3707 3323 3914 3375 errore,
3932 3311 4149 3378 quando

2571 3402 2685 3458 haec
2711 3403 3063 3457 admonemus
3098 3410 3153 3455 et
3181 3401 3552 3455 dissuademus
3577 3441 3591 3465 ,
3623 3408 3875 3468 putantes
3898 3414 3957 3453 se
3987 3415 4150 3454 excu-

2566 3497 2695 3561 sari,
2718 3496 2921 3560 dicunt,
2948 3493 3246 3549 Christiana
3276 3502 3359 3547 est
3381 3492 3574 3546 mulier
3604 3491 3715 3545 hate
3752 3498 4065 3555 excantaus,
4095 3501 4150 3544 et

2566 3586 2697 3640 nihil
2736 3584 2874 3638 aliud
2931 3584 3202 3653 loquitur,
3234 3597 3393 3651 quam
3436 3582 3528 3636 Dei
3585 3595 3800 3635 nomen.
3854 3580 4148 3649 PrOpterea

2568 3690 2797 3745 namque
2826 3674 3163 3743 potissimum
3199 3672 3367 3741 ipsam
3399 3671 3489 3726 odi
3543 3676 3601 3725 et
3636 3684 3867 3733 aversor,
3885 3669 4029 3737 quod
4056 3670 4147 3724 Dei

2565 3766 2782 3821 nomine
2807 3765 2872 3819 ad
2894 3764 3271 3820 contumeliam
3303 3771 3508 3826 utatur,
3538 3760 3679 3830 quod
3713 3776 3773 3816 se
3798 3760 3990 3815 dicens
4030 3776 4151 3815 esse

2564 3857 2939 3922 Christianam,
2982 3855 3258 3925 gentilium
3306 3867 3468 3922 opera
3498 3852 3653 3905 faciat
3679 3869 3692 3904 :
3719 3852 3919 3906 etenim
3948 3859 4006 3906 et
4035 3851 4147 3905 da:-

2567 3962 2751 4003 mones
2782 3947 2873 4001 Dei
2900 3960 3092 3999 nomen
3125 3943 3485 4014 proferebant,
3525 3942 3618 3997 sed
3652 3953 3825 3996 tamen
3853 3950 4015 3995 erant
4042 3941 4152 3994 dt!!-

2566 4053 2772 4101 mones,
2793 4047 2846 4093 et
2877 4039 2947 4091 ita
2977 4037 3193 4092 Christo
3226 4034 3474 4089 dicebant
3506 4050 3520 4086 :
3566 4033 3768 4087 Scimus
3807 4042 3891 4098 te,
3919 4034 4009 4102 qui
4056 4034 4148 4098 sis,

2565 4139 2767 4184 sanctus
2797 4129 2895 4183 Dei
2928 4128 3119 4200 (Marc.
3149 4129 3199 4180 t.
3227 4124 3322 4196 2i)
3361 4143 3373 4177 :
3401 4134 3457 4179 et
3477 4132 3653 4177 tamen
3681 4124 3824 4191 ipsos
3852 4126 4152 4194 increpavit

2565 4233 2618 4276 et
2654 4222 2833 4291 ejecit.
2856 4222 3147 4289 Propterea
3177 4218 3372 4286 quippe
3397 4214 3549 4268 vobis
3573 4214 3812 4282 supplico
3832 4254 3851 4281 ,
3879 4223 3938 4269 ut
3958 4215 4027 4268 ab
4050 4214 4149 4269 hac

2566 4315 2682 4368 sitis
2711 4313 2912 4365 fallacia
2955 4309 3071 4377 puri
3098 4350 3112 4373 ,
3136 4316 3193 4361 et
3218 4316 3484 4375 tamquam
3512 4304 3758 4359 baculum
3794 4306 3897 4360 hoc
3923 4306 4145 4361 verbum

2568 4403 2828 4458 habeatis.
2859 4401 2926 4453 Et
2969 4401 3105 4452 sicut
3142 4398 3258 4451 sine
3296 4396 3666 4450 calceamentis
3702 4394 3784 4450 vel
3814 4397 4147 4452 vestimentis

2568 4502 2803 4551 vestrum
2836 4505 2995 4546 nemo
3037 4490 3088 4543 in
3132 4488 3303 4542 forum
3343 4487 3671 4543 descendere
3697 4488 3895 4544 vellet:
3928 4490 3999 4542 ita
4031 4490 4145 4543 sine

2567 4586 2731 4639 verbo
2758 4583 2860 4637 hoc
2898 4594 3184 4648 numquam
3237 4578 3291 4633 in
3333 4578 3503 4633 forum
3533 4579 3782 4648 prodeas,
3813 4579 3906 4632 sed
3935 4594 4059 4632 cum
4084 4593 4146 4631 es

2564 4676 2741 4743 januze
2788 4670 3051 4726 vestibula
3092 4679 3554 4739 transgressurus,
3598 4668 3700 4722 hoc
3738 4669 3885 4738 prius
3926 4668 4144 4737 loquere

2569 4766 2811 4826 verbum,
2858 4762 3189 4817 Abrenuntio
3220 4761 3309 4815 tibi
3336 4801 3349 4823 ,
3382 4770 3564 4814 satana
3595 4800 3610 4823 ,
3638 4768 3691 4814 et
3716 4773 3924 4829 pompa:
3952 4767 4057 4813 tua:
4090 4766 4143 4812 et

2568 4854 2729 4909 cultui
2760 4862 2850 4908 tuo
2872 4894 2888 4919 ,
2920 4862 2975 4907 et
3012 4850 3304 4920 conjungor
3330 4850 3460 4917 tibi,
3489 4850 3723 4905 Christe.
3763 4849 3840 4904 Ne
3890 4864 4140 4918 umquam

2568 4946 2768 5015 absque
2798 4943 2899 4997 hac
2924 4956 3055 4995 voce
3084 4955 3240 4995 exeas
3270 4957 3282 4993 :
3325 4941 3438 4996 haec
3463 4941 3566 4995 erit
3605 4940 3697 4993 tibi
3730 4938 3948 4993 baculus
3974 4980 3989 5003 ,
4035 4941 4141 4991 ha-c

2568 5046 2834 5092 armatura
2860 5075 2875 5100 ,
2908 5032 3024 5086 haec
3044 5031 3201 5085 turris
3228 5031 3668 5104 inexpugnabilis.
3696 5030 3825 5086 Cum
3860 5031 3962 5083 hoc
3984 5029 4138 5082 verbo

2568 5137 2622 5185 ct
2664 5140 2873 5182 crucem
2915 5124 2966 5176 in
3001 5121 3173 5177 fronte
3204 5122 3449 5192 imprime
3479 5139 3492 5174 :
3525 5122 3605 5176 sic
3632 5122 3773 5175 enim
3803 5133 3906 5172 non
3939 5126 4136 5169 tantum

2569 5221 2731 5274 homo
2749 5228 3052 5279 occurrens,
3078 5229 3262 5269 verum
3286 5228 3383 5269 nec
3402 5215 3514 5283 ipse
3531 5212 3771 5267 diabolus
3791 5221 3840 5263 te
3853 5210 4133 5277 quidquam

2569 5311 2767 5366 hedere
2797 5309 3006 5376 pOIerit,
3038 5322 3156 5361 cum
3186 5307 3271 5360 his
3297 5315 3349 5361 te
3372 5319 3600 5361 ccmens
3626 5302 3786 5357 armis
3814 5301 4011 5367 ubique
4046 5312 4134 5364 ap-

2569 5410 2859 5472 parentem.
2893 5399 2959 5454 Et
2986 5399 3101 5453 haec
3129 5400 3351 5467 teipsum
3369 5398 3478 5465 jam
3507 5396 3632 5449 hinc
3656 5393 3805 5455 doce,
3835 5399 3895 5442 ut
3915 5404 4039 5443 cum
4066 5390 4133 5443 si-

2574 5504 2735 5557 gnum
2778 5490 3005 5561 ceperis,
3038 5489 3112 5544 sis
3154 5488 3306 5544 miles
3333 5493 3570 5557 paratus,
3586 5490 3641 5536 et
3662 5490 3845 5534 contra
3872 5475 4133 5531 diabolum

2570 5588 2826 5648 tropaeum
2883 5580 3090 5647 erigens
3116 5615 3133 5642 ,
3186 5575 3403 5644 justitize
3436 5581 3689 5625 coronam
3728 5562 3958 5630 accipias
3988 5572 4140 5627 quam

2576 5682 2673 5722 nos
2722 5683 2908 5723 omnes
2959 5665 3169 5735 assequi
3218 5663 3506 5729 contingat,
3535 5655 3697 5725 gratia
3734 5660 3790 5705 et
3827 5648 4141 5720 benignitate

2569 5758 2777 5815 Domini
2830 5758 2994 5813 nostri
3045 5755 3169 5811 Jesu
3215 5750 3433 5813 Christi,
3468 5759 3590 5800 cum
3636 5758 3740 5813 quo
3791 5740 3930 5795 Patri
3977 5738 4130 5810 gloria

2571 5854 2726 5910 simul
2745 5862 2798 5910 et
2822 5856 3007 5908 sancto
3035 5843 3271 5917 Spiritui,
3291 5842 3345 5898 in
3374 5837 3567 5898 secula
3596 5833 3923 5892 saeculorum.
3943 5834 4123 5889 Amen.
