4408 6696
692 394 797 451 2⁸5

694 518 838 563 tores
865 522 975 564 non
1000 507 1262 573 desinam,
1289 516 1341 563 et
1367 508 1639 561 assiduam
1670 522 1913 562 mensam
1940 506 2090 562 vobis
2118 521 2283 577 appo-

692 613 839 662 nam,
870 613 935 653 ac
980 600 1193 669 plenum
1241 606 1469 650 statuam
1502 597 1760 651 doctrina:
1788 606 2072 651 craterem.
2100 597 2280 663 Siqui-

692 688 819 742 dem
848 690 1005 745 video
1035 706 1148 754 vos,
1176 689 1264 742 ubi
1288 698 1457 741 totum
1487 689 1635 742 illum
1659 689 2034 755 exhauseritis,
2058 687 2284 741 silibon-

693 780 793 833 dos
846 794 1028 834 rursus
1057 778 1351 833 discedere.
1401 780 1575 847 Atque
1625 778 1727 832 hoc
1776 779 1991 848 quidem
2035 778 2101 829 ab
2131 776 2281 828 omni

698 879 942 937 tempore
965 868 1073 936 jam
1120 869 1370 933 innotuit,
1407 869 1701 938 praesertim
1744 880 1921 923 autem
1951 884 1981 921 a
2011 867 2279 923 Dominiea

698 958 998 1025 superiore.
1028 956 1325 1025 Numquam
1345 959 1488 1012 enim
1516 959 1693 1013 divina
1724 958 1873 1011 vobis
1901 957 2107 1024 eloquia
2136 954 2284 1008 fasti-

698 1044 843 1099 dium
891 1062 1099 1116 parere,
1132 1048 1248 1101 dies
1292 1049 1383 1102 ille
1433 1050 1726 1118 praesertim
1756 1049 2022 1112 indicavit,
2045 1062 2149 1116 quo
2177 1061 2281 1099 non

697 1136 895 1191 debere
942 1152 1039 1191 vos
1082 1150 1269 1195 mutuo
1313 1142 1465 1194 vobis
1511 1142 1827 1195 maledicere
1856 1139 2147 1202 docebam;
2177 1152 2284 1206 quo

697 1227 859 1281 etiam
889 1237 1131 1298 tempore
1169 1231 1324 1284 vobis
1352 1230 1666 1284 tutissimam
1712 1229 2009 1297 prmbebam
2040 1228 2282 1281 occasio-

701 1331 825 1371 nem
854 1320 1229 1385 accusationis,
1258 1336 1378 1375 cum
1408 1321 1473 1373 ad
1511 1320 1718 1388 propria
1745 1328 1957 1387 peccata
1986 1316 2285 1371 maledictis

705 1405 1019 1461 incessenda
1066 1424 1163 1462 vos
1190 1411 1523 1472 cohortarer,
1556 1424 1660 1463 non
1708 1409 1771 1461 ad
1811 1409 1980 1462 aliena
2024 1406 2287 1461 curiosius

705 1498 1069 1567 investiganda
1101 1517 1113 1551 :
1142 1514 1263 1553 cum
1307 1512 1519 1555 sanctos
1568 1501 1620 1553 in
1668 1500 1897 1553 medium
1942 1499 2286 1566 adducerem,

704 1588 793 1656 qui
839 1590 1043 1657 seipsos
1098 1590 1441 1654 accusabant,
1482 1592 1600 1644 aliis
1646 1606 1770 1644 vero
1812 1590 2119 1658 parcebant,
2152 1590 2292 1643 Pau-

705 1678 813 1731 lum
844 1678 1015 1747 ipsum
1045 1678 1335 1746 dicentem,
1383 1680 1730 1735 Peccatorum
1775 1683 1978 1751 priiuus
2007 1697 2107 1751 ego
2147 1697 2289 1746 sum,

706 1779 761 1823 et
785 1784 907 1823 cum
939 1785 1114 1825 essem
1144 1772 1491 1841 blasphemus
1519 1781 1577 1828 et
1619 1786 1972 1843 persequutor
2018 1784 2069 1827 et
2098 1784 2291 1826 contu-

705 1860 961 1914 meliosus
983 1862 1405 1916 misericordiam
1432 1864 1522 1917 Dei
1546 1874 1907 1933 Consequntus
1932 1879 2047 1917 sum
2074 1862 2291 1934 (LTim.

708 1949 759 2002 l.
792 1950 875 2003 15.
909 1959 957 2003 et
986 1950 1073 2020 16)
1096 1991 1111 2013 ,
1155 1961 1211 2006 et
1250 1954 1550 2007 abortivum
1594 1954 1824 2021 seipsum
1872 1963 2168 2014 vocantem,
2198 1968 2297 2006 nec

706 2050 767 2091 se
824 2039 1191 2105 apostolorum
1256 2042 1617 2109 appellatione
1668 2043 1885 2111 dignum
1948 2042 2293 2095 arbitrantem

708 2126 784 2193 (l.
809 2126 925 2180 Cor.
954 2129 1040 2182 15.
1075 2128 1130 2198 8)
1158 2148 1171 2183 :
1206 2130 1422 2183 Petrum
1454 2132 1542 2199 qui
1574 2132 1801 2191 dicebat,
1840 2131 1935 2183 Eri
1970 2148 2001 2183 a
2041 2147 2139 2195 me,
2172 2130 2294 2198 quia

709 2216 857 2269 homo
887 2228 1117 2285 peccator
1153 2236 1266 2271 sunt
1296 2219 1444 2288 (Luc.
1469 2221 1521 2272 5.
1551 2220 1606 2289 8)
1634 2238 1647 2272 :
1682 2220 2006 2280 Mattbmum,
2037 2220 2125 2288 qui
2161 2230 2296 2273 tem-

710 2322 839 2377 pore
860 2310 1188 2376 apostolatus
1216 2311 1555 2377 publicmnm
1582 2312 1813 2377 seipsnm
1834 2310 2056 2363 vocabat
2079 2308 2291 2381 (Matth.

712 2398 902 2467 10.3):
929 2399 1203 2465 Davidem,
1221 2401 1310 2469 qui
1340 2402 1579 2455 clamans
1602 2402 1775 2454 aiebat
1805 2417 1818 2453 :
1846 2398 2145 2469 Iniquitates
2174 2415 2297 2453 mea:

712 2506 1049 2560 supergressa:
1073 2502 1187 2545 sunt
1215 2502 1368 2560 caput
1400 2508 1585 2557 meum,
1609 2501 1655 2545 ct
1692 2493 1819 2546 sicut
1849 2508 1974 2545 onus
2002 2508 2151 2562 grave
2179 2509 2297 2561 gra-

713 2592 844 2634 eatw
868 2593 986 2635 sunt
1025 2599 1177 2652 super
1202 2599 1280 2635 me
1306 2582 1474 2654 (Psal.
1503 2584 1592 2637 37.
1622 2582 1679 2653 5)
1711 2599 1725 2635 :
1773 2593 1827 2637 et
1856 2581 2046 2636 Isaiam
2088 2584 2176 2651 qui
2225 2584 2300 2635 la-

717 2679 990 2724 mentatur
1015 2686 1078 2724 ac
1100 2672 1276 2740 luget:
1306 2670 1606 2724 lmmundus
1636 2689 1765 2737 sum,
1796 2681 1843 2724 et
1865 2670 2122 2723 immunda
2146 2672 2302 2724 habeo

714 2760 848 2812 labia
884 2759 1033 2828 (lsai.
1062 2760 1117 2815 6.
1148 2763 1204 2831 5)
1236 2779 1249 2815 :
1296 2770 1402 2816 tres
1455 2776 1651 2830 pueros
1680 2762 1766 2831 qui
1815 2764 1867 2814 in
1912 2762 2122 2815 camino
2167 2762 2303 2830 ignis

714 2854 1055 2916 confitentur,
1082 2868 1145 2907 ac
1169 2854 1373 2919 dicunt,
1406 2870 1463 2906 se
1493 2868 1762 2923 peccasse,
1795 2853 1961 2922 legem
1981 2867 2101 2906 esse
2129 2861 2301 2906 trans-

716 2959 953 3014 gressus,
1001 2961 1173 3015 neque
1226 2946 1318 2999 Dei
1369 2946 1633 2999 mandatis
1680 2945 1994 3013 paruisse‘:
2029 2943 2298 2998 Danielein

721 3032 824 3087 hoc
870 3035 1042 3103 ipsum
1087 3034 1473 3103 deplorantem.
1506 3034 1623 3100 Quo
1654 3044 1914 3101 tempore,
1958 3041 2035 3086 tot
2078 3048 2302 3086 enume-

719 3123 853 3176 ratis
897 3123 1096 3176 sanctis
1143 3123 1279 3187 istis,
1310 3136 1519 3176 muscas
1564 3122 1723 3176 etiam
1754 3121 2109 3175 accusatrices
2135 3120 2302 3173 advo-

718 3214 858 3275 cavi,
878 3226 940 3265 ac
966 3212 1252 3281 legitimam
1281 3212 1507 3279 exempli
1531 3226 1748 3266 causam
1776 3210 2011 3279 adjunxi,
2030 3224 2151 3264 cum
2172 3210 2301 3272 dixi,

718 3300 1164 3370 quemadmodum
1187 3302 1378 3357 alienis
1408 3303 1511 3356 illm
1538 3301 1845 3356 vulneribus
1870 3300 2125 3365 insident,
2153 3300 2231 3354 sic
2254 3308 2309 3354 et

719 3402 1058 3449 accusatores
1076 3394 1249 3449 aliena
1273 3406 1487 3463 peccata
1515 3395 1781 3457 vellicare,
1810 3394 2162 3462 mnrbumque
2185 3392 2308 3447 inde

718 3482 1007 3536 conciliare
1038 3484 1161 3545 illis,
1197 3484 1285 3548 qui
1312 3499 1433 3537 cum
1472 3484 1599 3552 ipsis
1640 3492 1951 3547 versnntnr;
1982 3497 2075 3536 eos
2102 3490 2301 3547 autem,

719 3572 809 3640 qui
855 3574 1121 3626 contraria
1172 3574 1439 3639 facerent,
1473 3590 1600 3641 apes
1648 3573 2001 3641 appellabam,
2032 3588 2137 3626 non
2187 3588 2306 3641 qua:

719 3661 1031 3730 colligerent
1059 3662 1426 3731 aegritudines,
1458 3663 1549 3715 sed
1579 3679 1695 3730 qua:
1724 3677 1945 3716 smmua:
1991 3662 2201 3731 pietatis
2225 3662 2303 3715 fa-

719 3768 817 3807 vos
845 3755 1253 3821 concinnarent,
1288 3770 1350 3809 ac
1392 3754 1586 3808 deinde
1626 3754 1865 3807 volantes
1896 3763 2047 3822 prato
2094 3755 2303 3809 virtutis

719 3858 1028 3901 sanctorum
1055 3848 1350 3903 insiderent
1384 3864 1395 3900 :
1427 3856 1535 3901 tum
1570 3848 1841 3912 nimirum,
1876 3856 1985 3901 tum
2013 3847 2305 3916 inexplebi-

724 3934 829 3987 lem
880 3952 991 4004 praa
1035 3938 1186 3990 vobis
1229 3952 1467 3991 amorem
1520 3937 1734 3990 tulistis.
1768 3937 1897 3990 Natu
1950 3938 2202 4005 quoniam
2253 3938 2304 3990 in

722 4024 1083 4092 prolixitatem
1126 4040 1305 4080 sermo
1333 4037 1514 4079 noster
1538 4035 1621 4079 est
1650 4026 1956 4093 productus,
1987 4041 2050 4081 ac
2085 4026 2306 4096 prolixi-

723 4122 887 4167 tatem
941 4114 1279 4180 immensam,
1329 4124 1384 4169 et
1421 4123 1619 4185 quanta
1668 4131 1953 4184 numquam
1987 4115 2101 4182 fuit,
2145 4116 2221 4170 sic
2253 4126 2309 4170 ut

722 4215 1022 4260 metuerent
1069 4205 1241 4269 multi,
1296 4220 1362 4258 ne
1415 4204 1698 4258 verborum
1754 4205 2095 4261 multitudine
2143 4207 2305 4259 animi

724 4298 883 4351 ποδιτί
914 4296 1162 4350 alacritas
1213 4297 1662 4365 exstingueretur,
1713 4297 2041 4351 contrarium
2097 4295 2307 4365 penitus

725 4389 936 4442 accidit.
966 4387 1206 4455 Amplius
1226 4387 1366 4441 enim
1396 4403 1491 4440 cor
1519 4397 1755 4442 vestrum
1786 4388 2165 4451 incalescebat,
2194 4403 2308 4440 am.

726 4480 865 4545 ptius
907 4477 1229 4532 desiderium
1284 4478 1691 4531 exardescebat.
1742 4479 1895 4539 Unde
1954 4478 2005 4532 id
2054 4478 2307 4532 constat?

722 4568 954 4636 Majores
983 4566 1197 4635 quidem
1236 4575 1382 4619 eerte
1426 4566 1639 4634 plausus
1663 4570 1761 4622 sub
1804 4569 1960 4620 linem
1992 4568 2223 4632 fuerunt,
2255 4577 2308 4621 et

723 4662 979 4717 clariores
1029 4660 1472 4723 acclamationes,
1532 4660 1776 4727 idemque
1825 4660 2017 4712 accidit
2062 4660 2202 4729 quod
2253 4661 2305 4714 in

722 4751 1043 4807 fornacibus.
1096 4748 1166 4806 Ut
1208 4750 1353 4802 enim
1399 4749 1505 4802 illic
1546 4749 1693 4801 initio
1722 4748 1935 4816 quidem
1982 4764 2086 4801 non
2117 4750 2306 4803 admo-

723 4844 848 4897 dum
879 4842 1081 4896 clarum
1112 4850 1193 4895 est
1224 4841 1401 4894 lumen
1434 4839 1601 4909 ignis;
1650 4849 1928 4908 postquam
1963 4848 2139 4891 autem
2168 4839 2305 4907 ligna

723 4935 923 4999 omnia,
954 4950 1073 5003 quae
1122 4933 1365 5001 imposita
1409 4933 1636 4996 fuerant,
1670 4931 1881 4987 ﬂamma
1927 4931 2203 5000 corripuit,
2257 4932 2307 4983 in

724 5040 972 5093 magnam
1006 5022 1210 5076 tollitur
1240 5022 1570 5075 altitudinem
1591 5040 1603 5073 :
1626 5024 1703 5076 sic
1728 5031 1784 5076 et
1808 5022 1901 5076 illo
1924 5021 2011 5075 die
2037 5030 2145 5075 tum
2176 5032 2311 5076 tem-

725 5116 870 5184 poris
892 5114 994 5167 hoc
1018 5112 1214 5166 evenit.
1242 5110 1397 5163 Initio
1440 5111 1650 5178 quidem
1700 5127 1804 5165 non
1844 5111 2129 5165 admodum
2175 5110 2306 5165 mihi

724 5202 1163 5259 commovebatur
1190 5200 1277 5254 hic
1312 5209 1511 5262 enatus;
1560 5199 1651 5252 ubi
1696 5214 1827 5254 vero
1874 5200 2079 5270 longius
2128 5215 2308 5255 sermo

724 5296 1016 5366 productus
1041 5303 1124 5347 est
1153 5301 1210 5347 et
1255 5306 1443 5345 omnes
1485 5290 1784 5359 argumenti
1818 5292 2077 5359 propositi
2124 5300 2308 5361 partes

724 5386 936 5446 invasit,
983 5383 1317 5452 ampliorque
1366 5381 1724 5451 proseminata
1766 5380 2011 5435 doctrina
2049 5392 2151 5442 est,
2196 5392 2305 5435 tum

724 5478 972 5531 nimirum
1025 5475 1091 5529 ad
1148 5476 1406 5542 majorem
1465 5472 1714 5529 audiendi
1762 5472 2106 5542 cupiditatem
2157 5487 2312 5526 exann

723 5568 887 5633 sistis,
921 5582 985 5621 ac
1022 5566 1390 5621 vehementior
1432 5566 1651 5635 plausus
1701 5565 1899 5635 erupit.
1944 5563 2063 5631 Quo
2111 5562 2307 5620 factum

788 5704 804 5735 ί
841 5709 968 5772 unus
982 5703 1134 5772 mlh,
1175 5702 1489 5772 peccat—tinus.
1520 5702 1672 5768 legem
1712 5701 2004 5768 transgressi
2046 5716 2243 5767 suum;
2262 5707 2312 5755 et

724 5764 951 5815 nudata
977 5765 1062 5816 Dei
1083 5764 1545 5817 non't'uatodit'intus.

1482 392 1543 450 5.
1580 390 1858 449 JOANNIS
1891 391 2363 450 CHRYSOSTOMI
2405 395 2724 452 ARCHIEP.
2764 394 3292 453 CONSTANTINDP.

3855 395 3963 451 216

2386 520 2491 575 est,
2520 517 2578 563 ut
2605 512 2814 564 tametsi
2848 526 2935 565 me
2976 509 3041 565 ad
3080 508 3325 579 pauciora
3356 505 3573 561 licenda
3614 522 3962 576 comparave-

2389 617 2520 664 ratn,
2551 610 2664 653 tum
2707 600 2927 652 modum
2958 600 3313 662 excesserim;
3361 597 3469 651 imo
3512 610 3642 650 vero
3672 606 3962 666 numquam

2390 707 2489 761 ego
2510 689 2723 744 modum
2755 686 2962 745 excessi
3002 704 3017 739 :
3057 689 3314 758 siquidem
3341 686 3595 742 doctrina:
3615 688 3965 755 quantitatem

2391 797 2495 835 non
2534 797 2597 837 ex
2630 795 2811 835 eorum
2840 794 2958 847 qua:
2983 778 3236 834 dicuntur
3277 777 3631 839 multitudine,
3666 776 3763 830 sed
3792 792 3857 830 ex
3885 778 3967 829 af-

2391 870 2530 923 fectu
2575 884 2782 932 eorum,
2814 867 2901 937 qui
2954 867 3199 929 audiunt,
3254 870 3403 924 soleo
3450 866 3646 921 metiri.
3700 864 3831 919 Nam
3877 869 3967 934 qui

2391 969 2715 1015 nauseantes
2741 967 2925 1012 nactus
2952 967 3032 1011 est
3053 958 3351 1024 auditores,
3373 960 3498 1013 licet
3522 957 3814 1011 doctrinam
3836 972 3969 1009 con-

2391 1050 2634 1115 traxerit,
2655 1050 2950 1103 molestiam
2977 1047 3185 1101 videtur
3210 1048 3501 1115 exhibere;
3529 1048 3617 1117 qui
3643 1061 3770 1102 vero
3798 1055 3972 1098 atten-

2394 1148 2475 1193 tos
2505 1154 2568 1192 ac
2598 1142 2804 1207 vigiles,
2833 1141 2955 1193 licet
2981 1137 3290 1208 produxerit
3315 1138 3543 1208 longius,
3569 1153 3636 1192 ne
3660 1138 3731 1191 ita
3756 1136 3971 1205 quidem

2391 1229 2569 1296 explet
2596 1229 2966 1295 cupiditatem.

2468 1318 2589 1371 Non
2616 1318 2794 1371 debent
2816 1319 3005 1382 inﬁrmi
3033 1318 3227 1387 exigere
3262 1333 3293 1367 a
3330 1318 3683 1372 concionatore
3706 1328 3759 1371 ut
3783 1318 3975 1370 brevior

2394 1411 2479 1465 sit.
2505 1440 2575 1451 -—
2600 1410 2705 1464 Sed
2732 1410 2983 1479 quoniam
3012 1422 3407 1475 nonnumquam
3432 1410 3641 1474 accidit,
3667 1421 3722 1463 ut
3745 1420 3891 1463 tanto
3921 1409 3973 1462 in

2395 1502 2592 1573 popqu
2614 1501 2722 1555 sint
2746 1498 3038 1554 imbecilles
3066 1497 3327 1563 nonnulli,
3357 1496 3447 1565 qui
3476 1500 3739 1553 sermonis
3760 1498 3977 1567 prolixi-

2400 1602 2561 1646 tatem
2592 1594 2801 1660 assequi
2833 1589 3049 1643 minime
3080 1596 3322 1657 possunt,
3352 1586 3418 1641 ad
3447 1586 3550 1641 hoc
3571 1603 3665 1642 eos
3690 1590 3849 1643 statui
3878 1604 3978 1643 co-

2400 1682 2633 1745 hortari,
2662 1689 2723 1734 ut
2748 1696 2867 1734 cum
2904 1679 3162 1733 audierint
3182 1720 3197 1741 ,
3231 1687 3485 1745 quantum
3512 1692 3705 1746 capere
3736 1689 3975 1747 possunt,

2399 1781 2591 1826 etcum
2617 1772 2850 1839 acceptis
2875 1771 2939 1823 iis
2961 1811 2975 1835 ,
3004 1784 3120 1839 qua:
3148 1768 3413 1822 sufficiunt
3442 1766 3545 1819 illis
3568 1806 3583 1829 ,
3613 1768 3931 1821 recesserint
3963 1785 3976 1820 :

2402 1878 2559 1917 nemo
2584 1862 2780 1933 quippe
2810 1871 2949 1915 vetat
2980 1877 3152 1929 neque
3189 1860 3350 1929 cogit,
3382 1868 3439 1912 ut
3468 1858 3605 1911 ultra
3643 1872 3802 1925 quam
3835 1858 3978 1911 vires

2403 1958 2639 2025 ipsorum
2666 1956 2836 2009 ferant
2860 1994 2875 2019 ,
2913 1954 2997 2007 hic
3025 1960 3311 2016 maneant,
3340 1965 3410 2005 ne
3438 1949 3591 2003 nobis
3618 1956 3743 2001 ante
3773 1957 3980 2015 tempus

2404 2046 2619 2100 finiendi
2661 2062 2961 2100 sermonem
3008 2044 3377 2099 necessitatem
3425 2042 3717 2111 imponant.
3764 2039 3893 2093 Nam
3925 2051 3980 2093 tu

2401 2137 2615 2206 quidem
2643 2136 2887 2203 expletus
2914 2150 2992 2198 es,
3026 2135 3117 2187 sed
3151 2134 3313 2186 frater
3341 2143 3460 2185 tuus
3486 2132 3658 2185 adhuc
3688 2131 3855 2185 esurit
3882 2146 3893 2181 :
3929 2139 3982 2182 et

2402 2237 2455 2281 tu
2487 2243 2672 2281 eorum
2702 2242 2820 2295 qnte
2849 2226 2987 2279 dicta
3032 2234 3155 2277 sunt
3184 2224 3335 2292 copia
3365 2224 3546 2276 ebrius
3574 2236 3632 2273 es
3651 2261 3666 2285 ,
3698 2221 3789 2274 sed
3823 2220 3984 2273 frater

2401 2326 2521 2371 tuus
2548 2316 2723 2369 adhuc
2761 2314 2889 2368 sitit.
2937 2313 3116 2382 Neque
3157 2324 3298 2365 tuam
3346 2311 3763 2366 imbecillitatem
3802 2320 3985 2379 gravet

2403 2409 2490 2462 ille
2521 2409 2666 2476 plura
2695 2406 2933 2476 cogendo
2959 2406 3251 2473 suscipere,
3280 2419 3435 2472 quam
3467 2413 3572 2456 tnze
3600 2402 3737 2455 vires
3767 2402 3935 2455 ferant
3967 2419 3980 2454 :

2404 2516 2578 2568 neque
2599 2498 2939 2568 cupiditatem
2970 2499 3085 2563 ejus
3108 2511 3270 2551 vexes
3301 2494 3652 2565 prohibendo,
3681 2510 3746 2548 ne
3774 2502 3939 2547 totum
3965 2535 3981 2558 ,

2405 2591 2545 2659 quod
2572 2604 2763 2657 capere
2791 2597 2979 2657 potest,
3013 2586 3274 2640 admittat.

2477 2680 2530 2732 2.
2575 2678 2686 2733 lloc
2726 2688 2780 2731 et
2816 2678 2866 2731 in
2901 2676 3134 2745 profanis
3177 2676 3233 2728 fit
3272 2675 3469 2729 mensis
3502 2692 3515 2727 :
3543 2673 3633 2727 alii
3673 2673 3865 2737 citius,
3894 2672 3983 2724 alii

2410 2773 2611 2825 tardius
2631 2770 2933 2838 explentur,
2958 2776 3012 2823 et
3038 2782 3208 2835 neque
3232 2767 3347 2821 illos
3373 2766 3424 2819 lii
3450 2763 3865 2834 reprehendunt,
3889 2779 3987 2817 ne-

2405 2879 2507 2929 que
2528 2861 2626 2914 bos
2650 2860 2723 2913 illi
2742 2859 3122 2913 condemnant.
3141 2857 3335 2913 Verum
3357 2858 3461 2911 illic
3482 2856 3694 2926 quidem
3716 2855 3821 2909 cito
3842 2870 3989 2908 rece-

2405 2951 2530 3005 dere
2546 2950 2811 3004 laudabile
2829 2959 2912 3003 est
2934 2966 2947 3002 :
2970 2949 3053 3003 bic
3066 2964 3195 3003 vero
3214 2949 3321 3002 cito
3340 2948 3588 3001 recedere
3603 2963 3705 2999 non
3724 2946 3988 2999 laudabile

2406 3052 2510 3105 (εει,
2539 3039 2631 3093 sed
2663 3040 2816 3092 venia
2841 3038 3060 3108 dignum
3095 3056 3109 3091 τ
3143 3038 3248 3092 illic
3272 3037 3471 3091 tardius
3496 3052 3707 3092 cessare
3730 3036 3991 3104 vitupcrio

2407 3144 2469 3184 ac
2494 3128 2897 3198 reprehensioni
2920 3128 3240 3192 obnoxium,
3264 3129 3349 3182 hic
3371 3143 3495 3181 vero
3520 3127 3722 3181 tardius
3742 3126 3991 3180 resedere

2411 3219 2621 3273 laudem
2668 3228 2723 3273 et
2764 3217 3283 3272 commendationem
3326 3218 3463 3285 parit
3502 3217 3810 3270 maximam.
3852 3215 3989 3280 Quid

2413 3309 2516 3362 ita?
2542 3307 2691 3373 Quod
2724 3308 2830 3362 illic
2859 3307 3071 3376 quidem
3105 3306 3326 3359 tarditas
3351 3322 3413 3359 ex
3446 3306 3671 3375 ingluvie
3703 3314 3946 3357 nascatur
3972 3319 3987 3355 :

2413 3398 2499 3453 hic
2541 3414 2667 3453 vero
2704 3414 2772 3453 ex
2818 3398 3073 3465 spirituali
3123 3397 3413 3465 cupiditate
3460 3410 3716 3465 sacroque
3758 3395 3989 3463 appe'itu

2412 3490 2708 3545 constantia
2735 3488 3046 3543 concilietur
3069 3495 3123 3540 ct
3149 3486 3417 3555 patientia.

2486 3577 2632 3632 Unde
2676 3578 2922 3647 originem
2964 3575 3160 3629 duxerit
3207 3574 3384 3626 divisio
3434 3573 3740 3641 linguarum.
3783 3598 3851 3609 --
3886 3570 3990 3624 Sed

2403 3667 2513 3737 jam
2565 3667 2695 3721 satis
2742 3664 3007 3719 indultum
3056 3664 3126 3718 sit
3167 3662 3476 3733 protemiis;
3524 3675 3622 3715 nos
3670 3676 3799 3714 vero
3836 3660 3990 3714 dein-

2408 3776 2534 3829 ceps
2574 3759 2639 3813 ad
2688 3756 2818 3812 illud
2863 3758 3097 3811 debitum
3153 3770 3468 3826 pergemus,
3516 3754 3656 3824 quod
3700 3754 3853 3808 nobis
3899 3754 3990 3808 illo

2410 3849 2496 3904 die
2525 3849 2784 3915 reliquum
2816 3847 2935 3901 fuit.
2963 3847 3097 3915 Quid
3128 3847 3285 3917 igitur
3312 3845 3440 3899 illud
3471 3845 3566 3898 fuit
3593 3844 3733 3914 quod
3766 3854 3876 3898 tum
3906 3843 3991 3895 di-

2411 3939 2703 3991 cebamus?
2729 3938 2899 3992 Unam
2925 3938 3127 3991 scilicet
3172 3947 3280 3989 tum
3324 3936 3486 3989 fuisse
3515 3935 3744 4003 linguam
3785 3934 3991 3987 cunctis

2414 4029 2724 4083 hominibus
2743 4068 2757 4091 ,
2786 4027 3233 4097 quemadmodum
3258 4034 3314 4079 et
3339 4037 3580 4079 naturam
3612 4040 3791 4091 uuam,
3822 4040 3993 4093 neque

2414 4120 2577 4173 ullum
2610 4118 2772 4172 fuisse
2798 4118 2944 4171 vocis
2970 4116 3189 4170 alterius
3214 4115 3297 4168 vel
3340 4115 3561 4168 alterius
3600 4114 3812 4182 liugum.
3840 4114 3994 4168 Unde

2413 4210 2571 4279 igitur
2602 4216 2745 4262 tanta
2776 4207 3040 4261 sermonis
3069 4205 3392 4260 diversitas?
3432 4205 3507 4258 Ex
3535 4203 3849 4274 negligentia
3878 4204 3997 4256 illo-

2413 4314 2528 4352 rum
2550 4339 2563 4360 ,
2587 4298 2675 4367 qui
2704 4296 2901 4350 denunt
2928 4303 3248 4363 acceperant
3276 4310 3290 4346 :
3318 4308 3543 4363 quorum
3573 4303 3855 4362 utrumque
3877 4300 3987 4347 tum

2411 4390 2643 4443 diximus
2666 4430 2679 4451 ,
2710 4398 2764 4441 et
2790 4404 2853 4443 ex
2883 4387 3086 4441 unitate
3124 4387 3391 4441 sermonis
3422 4385 3628 4441 Domini
3657 4385 3994 4440 clementiam

2412 4481 2895 4535 demonstravimus
2921 4489 3080 4550 atque
3109 4495 3175 4533 ex
3195 4479 3501 4534 diversitate
3525 4478 3787 4533 sermonis
3814 4479 3992 4547 ingra-

2416 4583 2589 4626 torum
2617 4572 3008 4640 improbitatem
3037 4587 3332 4626 servorum.
3362 4570 3493 4624 Nam
3535 4570 3625 4623 ille
3654 4569 3867 4637 quidem
3895 4570 3996 4622 etsi

2414 4662 2734 4732 praeviderat
2757 4676 2856 4715 nos
2878 4662 3075 4715 donum
3101 4662 3413 4725 amissuros,
3439 4669 3615 4713 tamen
3637 4659 3854 4727 largitus
3876 4668 3957 4712 est
3980 4675 3996 4723 ;

2413 4765 2463 4807 at
2498 4753 2532 4806 ii
2561 4752 2753 4823 quibus
2778 4751 3036 4805 creditum
3068 4761 3184 4816 est,
3213 4750 3470 4805 malitiam
3510 4763 3661 4801 suam
3690 4748 3743 4801 in
3772 4747 3997 4816 depositi

2413 4844 2820 4899 conservatione
2848 4842 3206 4897 declararunt.
3238 4843 3332 4897 llic
3363 4842 3521 4912 igitur
3546 4856 3683 4894 unus
3707 4849 3787 4895 est
3810 4841 3997 4895 defen—

2415 4934 2581 4988 sionis
2610 4932 2799 4986 modus
2820 4973 2833 4994 ,
2864 4931 3028 4986 Deum
3068 4948 3164 4986 nos
3193 4932 3284 4986 illo
3310 4931 3454 4987 dono
3484 4930 3700 4984 minime
3726 4931 3993 5000 privasse.

2417 5041 2602 5079 verum
2628 5039 2725 5078 nos
2749 5039 2868 5093 qua:
2896 5022 3015 5077 data
3059 5022 3267 5079 fuerant
3290 5064 3305 5089 ,
3334 5021 3599 5075 amisisse.
3628 5021 3904 5075 Secundus
3932 5021 4001 5074 ab

2418 5118 2648 5177 illoest,
2682 5114 2822 5185 quod
2869 5114 3069 5184 majora
3109 5128 3268 5184 quam
3311 5112 3521 5165 fuerant
3554 5111 3777 5176 amissa,
3814 5120 3997 5179 postea

2415 5208 2539 5262 data
2560 5207 2663 5260 sint
2690 5206 2843 5261 nobis
2867 5246 2881 5270 ,
2912 5221 2975 5261 ac
3002 5220 3099 5275 pro
3133 5203 3404 5258 laboribus
3437 5204 3766 5271 temporariis
3795 5213 3995 5257 aeterna

2417 5301 2521 5351 vita
2555 5312 2652 5351 nos
2694 5308 3063 5351 remuneratus
3107 5296 3210 5356 sit,
3250 5302 3305 5347 et
3341 5292 3575 5349 effecerit
3613 5308 3712 5364 pro
3741 5292 3912 5363 spinis
3936 5306 3999 5344 ac

2420 5390 2625 5443 tribulis
2644 5398 2700 5443 ut
2722 5392 2923 5443 fructus
2941 5388 3173 5457 Spiritus
3198 5386 3251 5438 in
3278 5384 3551 5440 animabus
3572 5385 3770 5440 nostris
3797 5380 3996 5453 genui-

2418 5490 2588 5537 naret.
2618 5480 2760 5536 Nihil
2782 5481 2862 5550 (ιι)
2884 5489 2999 5534 erat
3023 5478 3235 5531 homine
3263 5476 3439 5547 vilius,
3469 5486 3520 5534 et
3542 5478 3673 5533 nihil
3697 5477 3891 5531 factum
3918 5485 3997 5529 est

2477 5700 2552 5761 (η)
2584 5705 2733 5747 Locus
2753 5696 2817 5767 de
2838 5693 3165 5807 magnitudine
3197 5693 3403 5746 hominis
3426 5694 3634 5760 reparati
3657 5693 3830 5743 citatus
3862 5698 3935 5740 est
3969 5700 3992 5739 ει

2477 5762 2740 5807 teodorelo.
2766 5757 2881 5807 Dial.
2943 5790 2956 5805 .

2416 5757 2740 5820 Theodoreto,
2766 5757 2881 5807 Dial.
2912 5757 2956 5807 ι.
