4408 6708
400 406 512 461 0.45

401 524 589 592 πλήρη
639 518 731 573 τὸν
777 518 1033 593 κρατῆρα
1067 516 1164 585 τῆς
1218 513 1567 574 διδασκαλίας
1614 509 1788 572 ἰστάς.
1841 503 1982 575 Ὀρῶ

398 611 513 681 γὰρ
540 609 623 663 ὅτι
654 608 794 679 μετά
814 607 876 661 τὺ
899 606 1079 659 πάντα.
1111 602 1275 655 αὑτὸν
1317 603 1549 666 ἐκπιεῖν,
1587 598 1747 651 πάλιν
1784 596 1983 666 διψῶν-

397 715 488 762 τες
528 698 883 769 άναχωρεῖτε.
921 695 1027 748 Καὶ
1057 692 1217 745 τοῦτο
1272 690 1429 757 δῆλον
1480 689 1579 758 μὲν
1632 690 1724 741 καί
1773 688 1838 739 ἐκ
1888 682 1983 737 τοῦ

399 788 602 852 παντὸς
633 788 851 856 ἐγένετο
872 784 1084 854 χρόνου,
1117 780 1350 851 μάλιστα
1373 779 1429 833 δέ
1464 779 1528 832 ἐκ
1552 779 1651 849 τῆς
1682 774 1984 848 παρελθού-

399 892 502 945 σης
519 876 821 947 Κυριακῆς.
857 871 981 924 Ὀτι
1032 867 1142 940 γὰρ
1188 866 1498 937 ἀκορέστως
1540 868 1696 937 ὑμεῖς
1728 864 1983 936 μετέχετε

400 962 510 1016 τῶν
537 963 697 1016 θείων
715 960 935 1029 λογίων,
964 958 1148 1028 ἐκείνη
1203 956 1436 1026 μάλιστα
1481 954 1681 1021 ἔδειξεν
1707 956 1742 1025 ἠ
1777 952 1981 1023 ἡμέρα,

398 1051 459 1103 ἐν
552 1050 681 1120 περί
702 1047 799 1100 τοῦ
834 1045 909 1116 μὴ
933 1044 1040 1099 δεῖν
1072 1044 1256 1108 κακῶς
1284 1044 1465 1113 λέγειν
1510 1042 1775 1113 ἀλλήλους
1812 1038 1984 1093 διελε-

398 1139 602 1209 γόμην,
635 1138 725 1190 ὅτε
751 1134 847 1188 καὶ
886 1133 1142 1187 ὑπόθεσιν
1186 1136 1314 1205 ὑμῖν
1346 1132 1681 1205 κατηγορίας
1722 1130 1985 1199 παρεῖχον

398 1222 841 1293 ἀσφαλεστάτην,
880 1221 1164 1291 παραινῶν
1186 1222 1256 1274 τά
1284 1224 1459 1275 οἰκεῖα
1488 1221 1865 1291 ἁμαρτήματα
1888 1215 1984 1268 λέ-

398 1328 520 1380 γειν
573 1308 781 1373 κακῶς,
810 1306 949 1362 ἀλλά
980 1306 1055 1377 μὴ
1098 1306 1171 1359 τά
1211 1308 1465 1377 ἀλλότρια
1498 1303 1981 1377 περιεργάζεσθαι·

399 1398 490 1450 ὅτε
519 1399 643 1461 τοὺς
676 1396 863 1463 ἁγίους
889 1395 1210 1465 παρήγαγον
1246 1394 1453 1448 ἑαυτῶν
1498 1394 1598 1464 μὲν
1620 1388 1985 1461 κατηγοροῦν-

400 1501 524 1549 τας,
547 1485 656 1538 τῶν
681 1485 739 1539 δὲ
766 1483 942 1538 ἀλλων
972 1481 1340 1550 φειδομένους·
1371 1482 1461 1537 τὸν
1489 1479 1699 1534 Παῦλον
1727 1478 1979 1546 λέγοντα,

397 1570 482 1624 ὅτι
532 1570 897 1642 Ἀμαρτωλῶν
930 1568 1147 1640 πρῶτός
1170 1569 1286 1638 εἰμι
1327 1567 1457 1635 ἐγὼ,
1494 1568 1587 1621 καὶ
1626 1568 1710 1620 ὅτι
1738 1565 1984 1636 βλάσφη-

402 1677 505 1730 μον
533 1661 661 1714 ὅντα
687 1661 782 1715 καὶ
813 1658 1050 1729 διώκτην
1096 1656 1193 1710 καὶ
1221 1655 1481 1727 ὑϐριστὴν
1509 1660 1538 1711 6
1583 1657 1717 1719 Θεὸς
1755 1656 1979 1725 ἠλέησε,

397 1748 497 1801 καὶ
532 1747 790 1819 ἐκτρωμα
814 1749 1005 1803 ἐαυτὸν
1033 1746 1323 1807 καλοῦντα,
1351 1748 1445 1799 καὶ
1458 1747 1575 1799 οὑδέ
1601 1746 1701 1817 τῆς
1729 1745 1837 1799 τῶν
1857 1745 1987 1797 ἀπο-

399 1835 608 1889 στόλων
642 1836 1013 1906 προσηγορίας
1039 1834 1189 1901 άξιον
1226 1828 1365 1886 εἶναι
1409 1833 1714 1903 νομίζοντα·
1738 1831 1830 1885 τὸν
1875 1832 1983 1884 Πέ-

394 1940 526 1995 τρον
549 1922 797 1991 λέγοντα·
824 1911 1073 1987 Ἐ’ξελθε
1110 1922 1211 1975 ἀπ’
1239 1920 1385 1989 ἐμοῦ
1416 1920 1505 1973 ὅτι
1532 1919 1687 1988 ἀνὴρ
1715 1920 1982 1989 ἀμαρτω-

394 2011 511 2076 λός
542 2011 681 2079 ειμι·
715 2010 807 2062 τὸν
850 2008 1132 2063 Ματθαῖον
1183 2006 1423 2076 τελώνην
1471 2008 1664 2061 ἐαυτὸν
1708 2023 1987 2077 προσαγο-

400 2098 631 2170 ρεύοντα
669 2099 764 2152 καὶ
792 2099 851 2152 ἐν
890 2097 967 2167 τῷ
999 2096 1177 2169 καιρῷ
1219 2097 1321 2167 τῆς
1346 2097 1671 2167 ἀποστολῆς·
1705 2097 1797 2150 τὸν
1826 2096 1986 2149 Δαυῒδ

396 2186 613 2257 βοῶντα
671 2188 767 2240 καὶ
822 2187 1072 2255 λέγοντα,
1130 2189 1201 2241 Δί
1244 2186 1487 2254 ἀνομίαι
1516 2204 1635 2255 μου
1678 2184 1988 2252 ὑπερῆραν

390 2274 511 2343 τὴν
539 2274 820 2344 κεφαλήν
863 2292 1005 2344 μου·
1059 2273 1204 2327 ὠσεί
1251 2274 1499 2342 φορτίον
1528 2273 1691 2340 ,βαρὺ
1740 2274 1986 2340 ἐϐαρύν-

391 2367 596 2429 θησαν
625 2363 718 2415 ἐπ’
744 2361 867 2432 ἐμέ·
900 2362 993 2415 καὶ
1039 2362 1131 2414 τὸν
1173 2361 1401 2415 Ἡσαΐαν
1447 2361 1851 2432 ἀποδυρόμενον
1891 2361 1985 2414 καὶ

392 2448 719 2520 θρηνοῦντα,
769 2451 852 2503 ὅτι
910 2448 1271 2519 Ἀκάθαρτός
1334 2451 1471 2518 εἰμι,
1522 2449 1619 2502 καὶ
1676 2447 1983 2516 ἀκάθαρτα

391 2538 570 2604 χείλη
604 2537 742 2606 ἔχω·
798 2538 925 2601 τοὺς
954 2540 1104 2608 τρεῖς
1149 2537 1347 2597 παῖδας
1376 2539 1433 2588 ἐν
1455 2538 1521 2607 τῇ
1563 2534 1777 2607 καμίνῳ
1812 2537 1984 2607 πυρὸς

391 2623 921 2695 ἐξθμολογουμένους
972 2626 1067 2679 καὶ
1122 2625 1404 2693 λέγοντας,
1458 2626 1541 2677 ὃτι
1593 2625 1842 2695 ἥμαρτον
1891 2626 1985 2678 καὶ

390 2711 682 2782 ὴνόμησαν
721 2712 816 2765 καὶ
841 2714 911 2766 τά
943 2713 1346 2783 προστάγματα
1383 2710 1481 2763 τοῦ
1511 2711 1646 2764 Θεοῦ
1664 2712 1765 2763 οὑκ
1780 2711 1982 2779 ἐφυλά-

392 2796 557 2860 ξαντο
572 2809 623 2837 ε·
644 2798 737 2851 τὸν
752 2799 947 2870 Δανιὴλ
962 2800 1023 2852 τὸ
1039 2799 1169 2852 αὑτὸ
1188 2799 1347 2852 τοῦτο
1367 2797 1531 2851 πάλιν
1553 2798 1979 2868 ἀποδυρόμενον.

392 2884 528 2949 ὀιε
560 2885 698 2957 μετά
755 2886 847 2940 τὸν
888 2886 996 2939 τῶν
1056 2887 1227 2955 ἁγίων
1276 2886 1579 2955 κατάλογον
1634 2885 1844 2939 τούτων
1890 2886 1985 2939 καί

392 2973 563 3044 μυίας
591 2973 825 3027 ἐκάλεσα
867 2973 995 3035 τοὺς
1038 2973 1397 3044 κατηγόρους,
1439 2975 1534 3027 καί
1579 2971 1675 3026 τοῦ
1724 2973 1984 3042 παραδεί-

388 3077 603 3130 γματος
649 3060 868 3114 δικαίαν
913 3062 1192 3131 ἐπήγαγον
1252 3061 1350 3130 τὴν
1395 3062 1594 3124 αἰτίαν,
1649 3060 1844 3127 λέγων,
1898 3062 1981 3113 ὅτι

388 3150 645 3220 καθάπερ
680 3150 883 3203 ἐκεῖναι
915 3152 1029 3213 τοῖς
1059 3150 1371 3222 τραύμασιν
1403 3149 1787 3216 ἐγκαθέζονται
1817 3148 1978 3201 ἀλλο-

387 3235 585 3307 τρίοις,
617 3235 762 3289 οὕτω
795 3237 889 3289 καὶ
921 3238 971 3289 οἰ
996 3238 1290 3306 κατήγοροι
1316 3236 1383 3290 τά
1418 3235 1673 3308 ἀλλότρια
1695 3237 1982 3289 δάκνουσιν

389 3323 792 3394 ἁμαρτήματα,
816 3322 972 3377 νόσον
1010 3324 1219 3376 ἐκεῖθεν
1242 3326 1356 3386 τοῖς
1400 3323 1814 3393 συγγινομένοις
1852 3324 1982 3376 συλ-

388 3413 667 3481 λέγοντες·
708 3414 800 3468 καὶ
838 3415 965 3478 τοὺς
999 3416 1261 3468 τάναντία
1306 3415 1363 3467 δὲ
1397 3415 1687 3478 ποιοῦντας
1730 3414 1985 3485 μελίττας

392 3506 826 3576 προσηγόρευον,
857 3508 978 3575 οὑχὶ
1006 3508 1289 3576 νοσήματα
1322 3507 1682 3576 συναγούσας,
1718 3508 1854 3561 ἀλλὰ
1887 3525 1986 3577 κη·-

393 3592 487 3664 ρία
520 3595 873 3665 πηγνυμένας
917 3594 1205 3658 εὐλαϐείας
1251 3595 1537 3666 μεγίστης,
1573 3599 1668 3650 καὶ
1707 3596 1852 3649 οὓτω
1907 3596 1984 3667 τῷ

387 3683 617 3755 λειμῶνι
640 3684 740 3755 τῆς
765 3685 966 3756 ἀρετῆς
999 3685 1107 3739 τῶν
1138 3686 1310 3753 ἁγίων
1346 3688 1547 3755 ἐφιπτα
1559 3688 1726 3757 μένας
1759 3688 1786 3727 δ
1805 3704 1817 3717 ·
1852 3687 1979 3740 τότε

386 3777 473 3848 δὴ,
507 3777 629 3830 τότε
650 3777 744 3830 τὸν
774 3777 1069 3848 ἀκόρεστον
1095 3778 1249 3848 ὑμῶν
1273 3778 1510 3842 ἐδείξατε
1540 3779 1740 3850 ἔρωτα.
1762 3778 1981 3846 Ἐπειδὴ

389 3865 503 3937 γὰρ
519 3867 601 3928 εἰς
637 3865 810 3935 μῆκος
834 3866 966 3935 ἡμῖν
989 3867 1017 3918 6
1043 3866 1201 3934 λόγος
1228 3868 1481 3939 ἐξετάθη,
1514 3870 1606 3922 καὶ
1637 3870 1809 3939 μῆκος
1827 3870 1985 3922 άπει-

395 3973 512 4028 ρον,
546 3956 645 4010 κα)⁸
674 3956 797 4009 ὅσον
829 3956 1106 4022 οὐδέποτε,
1156 3957 1343 4011 πολλοὶ
1379 3960 1482 4029 μὲν
1532 3960 1881 4030 προσεδόκων
1908 3958 1985 4030 τῷ

392 4045 591 4116 πλήθει
619 4044 727 4100 τῶν
755 4045 1060 4114 λεγομένων
1101 4046 1201 4117 τὴν
1246 4046 1556 4117 προθυμίαν
1586 4048 1715 4117 ὑμῖν
1754 4049 1985 4119 σϐεσθῆ-

396 4137 610 4198 σεσθαι,
648 4138 896 4207 ἐγίγνετο
930 4138 988 4191 δὲ
1019 4138 1347 4192 τούναντίον·
1398 4138 1597 4208 μᾶλλον
1635 4138 1745 4209 γὰρ
1779 4141 1908 4209 ὑμῖν
1948 4142 1981 4209 η

392 4230 594 4302 καρδία
626 4229 1056 4302 διεθερμαίνετο,
1092 4231 1289 4301 μᾶλλον
1313 4231 1576 4300 ἐξήπτετο
1603 4233 1631 4284 6
1662 4231 1844 4295 πόθος.
1874 4231 1982 4282 Καὶ

392 4323 563 4375 πόθεν
587 4322 746 4390 δῆλον
767 4339 780 4387 ;
816 4321 881 4377 Ol
913 4322 1044 4391 γοῦν
1068 4325 1204 4395 πρὸς
1226 4324 1302 4395 τῷ
1324 4325 1465 4377 τέλει
1494 4324 1777 4395 γενόμενοι
1800 4324 1983 4395 κρότοι

394 4412 619 4481 μείζους
655 4408 816 4482 ἦσαν,
842 4413 938 4465 καί
983 4414 1363 4485 λαμπρότεραι
1398 4417 1455 4468 αἱ
1496 4416 1635 4485 βοαί·
1665 4417 1760 4469 καί
1792 4416 1983 4469 ταυτὸν

395 4500 728 4566 συνέϐαινεν,
765 4498 876 4555 οἷον
901 4503 994 4555 ἐπί
1020 4503 1131 4556 τῶν
1159 4505 1426 4575 καμίνων.
1458 4507 1729 4578 Καθάπερ
1745 4507 1852 4577 γὰρ
1870 4508 1986 4560 ἐκεῖ

392 4588 546 4659 παρά
579 4590 678 4658 μὲν
708 4590 809 4660 τὴν
839 4592 1013 4662 ἀρχὴν
1040 4593 1101 4646 οὑ
1154 4594 1363 4665 σφόδρα
1412 4594 1665 4667 λαμπρόν
1720 4599 1837 4649 ἐστι
1888 4595 1983 4648 τοῦ

392 4679 567 4753 πυρὺς
593 4677 655 4731 τὸ
685 4679 823 4746 φῶς,
877 4680 1098 4733 ἐπειδὰν
1125 4681 1183 4733 δὲ
1226 4684 1482 4739 ἁπάντων
1520 4685 1848 4756 ἐπιλάϐηται
1879 4686 1984 4738 τῶν

394 4767 548 4839 [248]
592 4769 955 4837 ἐπικειμένων
1005 4770 1178 4834 ξύλων
1210 4775 1243 4844 ὴ
1277 4774 1433 4843 φλὸξ,
1467 4777 1547 4839 εἰς
1590 4775 1724 4845 ὕψος
1769 4780 1984 4850 αἴρεται

396 4860 561 4931 μέγα·
583 4857 733 4912 οὕτω
765 4860 828 4930 δὴ
865 4862 959 4913 καί
989 4864 1082 4915 ἐπὶ
1113 4865 1212 4934 τῆς
1241 4866 1458 4937 ἡμέρας
1490 4867 1609 4920 τότε
1633 4869 1849 4939 ἐκείνης
1865 4870 1986 4922 τοῦ·

391 4968 453 5005 το
484 4949 705 5019 συνέϐη.
741 4950 900 5020 Παρά
936 4951 1035 5021 μὲν
1084 4954 1184 5023 τὴν
1242 4956 1419 5028 ἀρχὴν
1467 4958 1528 5011 ού
1584 4959 1790 5029 σφόδρα
1835 4977 1925 5029 μοι
1955 4962 1984 5012 6

397 5042 656 5110 σύλλογος
694 5036 848 5105 οὗτος
872 5042 1181 5115 ἐκεκίνητο·
1216 5048 1405 5119 ἐπειδὴ
1431 5049 1488 5103 δέ
1511 5051 1538 5103 6
1577 5050 1734 5117 λόγος
1766 5051 1845 5113 εἰς
1878 5050 1982 5119 μῆ-

397 5153 491 5201 κος
511 5134 737 5205 ἐξετάθη
770 5135 865 5188 καὶ
882 5134 1097 5189 πάντων
1121 5138 1421 5193 ἐπελάϐετο
1452 5143 1562 5195 τῶν
1584 5140 1981 5212 ὑποκειμένων,

395 5231 493 5284 καὶ
520 5227 720 5281 πλείων
760 5226 794 5297 ἡ
836 5227 1159 5283 διδασκαλία
1202 5232 1536 5304 κατεϐλήθη,
1562 5235 1686 5289 τότε
1736 5234 1821 5306 δὴ,
1863 5235 1984 5288 τότε

397 5320 528 5389 ὑμῖν
555 5316 829 5382 ἐξεκαίετο
850 5316 948 5386 τῆς
991 5317 1311 5387 ἀκροάσεως
1342 5320 1375 5389 η
1398 5322 1689 5394 ἐπιθυμία,
1729 5326 1825 5377 καὶ
1853 5340 1985 5393 σφο-

395 5408 654 5479 δρότερος
693 5406 723 5458 6
764 5404 955 5491 κρότος
998 5404 1386 5477 ἐξερρήγνυτο.
1438 5409 1537 5463 Διά
1567 5410 1749 5477 τοῦτο,
1808 5414 1986 5467 καίτοι

397 5498 607 5553 ἐλάττω
625 5497 732 5553 τῶν
749 5495 1052 5568 εἰρημένων
1068 5499 1586 5569 παρεσκευασμένος
1606 5503 1784 5559 εἰπεῖν
1829 5504 2001 5569 ὑπερ·

462 5674 486 5747 ξ
508 5672 647 5747 ζξιιιιε
663 5680 800 5747 Cpit}.
826 5680 1094 5742 ἡμάρτομεν
1115 5679 1193 5727 καὶ
1215 5681 1588 5747 ᾒνομῆσαμεν·τ·
1613 5680 1919 5746 Qunam“

400 5738 657 5852 “:0”:
675 5740 818 5793 Colb.
853 5738 1179 5811 ἐφαπτῳένας.
1214 5738 1606 5803 υιταιιυοίεσιὶο
1624 5738 1865 5807 duadrai'e
1894 5763 1986 5811 po-

1194 392 1546 451 D/EMONES
1588 393 1727 448 NON
1767 386 2205 449 GUBERNAHE
2240 390 2560 451 MUNDUM.
2601 394 2836 451 HOMIL.
2878 395 2921 451 l.

3558 399 3667 455 266

2093 506 2225 578 έϐην
2253 510 2375 564 τότε
2427 512 2528 582 τὴν
2553 515 2915 584 συμμετρίαν·
2961 514 3162 585 μᾶλλον
3204 515 3261 569 δὲ
3287 515 3541 571 οὐδέποτε
3570 523 3671 593 τὴν

2093 602 2435 673 συμμετρίαν
2480 603 2757 675 ὑπερέϐην
2805 605 2934 674 ἐγώ·
2974 606 3071 678 τὴν
3120 607 3229 679 γὰρ
3258 607 3534 678 ποσότητα
3571 609 3671 676 τῆς

2090 691 2437 759 διδασκαλίας
2463 695 2524 749 οὑ
2559 696 2637 767 τῷ
2685 696 2881 769 πλήθει
2926 699 3034 752 τῶν
3066 699 3400 771 λεγομένων,
3435 697 3573 753 ἀλλά
3602 702 3672 769 τῇ

2090 783 2326 841 διαθέσει
2348 787 2459 841 τῶν
2500 798 2524 827 ο
2564 790 2935 861 ἀκροωμένων
2984 795 3203 862 μετρεῖν
3233 792 3299 847 ἂν
3332 791 3570 861 πέφυκα.
3617 792 3674 842 'U

2094 877 2193 947 μὲν
2220 880 2325 951 γὰρ
2356 880 2687 945 ναυτιῶντας
2716 881 2894 935 λαϐὼν
2923 883 3217 953 ἀκροατάς,
3265 883 3367 938 κάν
3419 881 3675 952 συστείλῃ

2092 967 2190 1038 τὴν
2225 970 2596 1037 διδασκαλίαν,
2650 973 3005 1046 παρενοχλεῖν
3052 975 3215 1029 δοκεῖ·
3264 978 3292 1029 6
3336 975 3393 1029 δέ
3434 975 3675 1046 θερμοὺς

2092 1060 2187 1113 καὶ
2217 1061 2675 1135 διεγηγερμένους
2710 1066 2805 1118 καὶ
2840 1068 3131 1137 νήφοντας,
3162 1066 3267 1120 κᾶν
3293 1066 3511 1138 ἐκτείνῃ
3536 1066 3676 1138 πρὸς

2095 1150 2287 1222 μῆκος,
2315 1154 2436 1206 ούδέ
2471 1153 2615 1207 οῦτω
2651 1154 2750 1225 τὴν
2777 1156 3075 1228 ἐπιθυμίαν
3101 1156 3462 1230 ἐμπίπλησιν.

2175 1262 2312 1317 Ἀλλ’
2336 1264 2525 1337 ἐπειδὴ
2557 1265 2845 1337 συμϐαίνει
2874 1266 3011 1322 εἶναί
3032 1288 3186 1334 τινας
3220 1272 3313 1325 καὶ
3338 1271 3590 1335 ἀσθενεῖς
3616 1272 3677 1325 ἐν

2091 1353 2249 1425 δήμῳ
2269 1358 2526 1429 τοσούτῳ,
2552 1359 2952 1424 ἀδυνατοῦντας
2979 1363 3453 1434 παρακολουθῆσαι
3476 1363 3556 1435 τῷ
3574 1365 3677 1435 μή·

2092 1461 2181 1497 κει
2230 1445 2323 1497 τοῦ
2350 1446 2529 1515 λόγου,
2564 1452 2742 1506 ἐκεῖνο
2788 1452 2989 1515 αὐτοὺς
3027 1454 3355 1524 παραινέσαι
3393 1454 3675 1525 βούλομαι,

2092 1535 2437 1601 ἀκούσαντας
2463 1539 2563 1593 ὅσα
2591 1542 2845 1596 δύνανται
2872 1542 3152 1607 δέξασθαι,
3186 1546 3281 1597 καὶ
3311 1545 3379 1597 τά
3403 1545 3678 1614 ἀρκοῦντα

2091 1628 2358 1693 λαϐόντας
2396 1633 2770 1705 ἀναχωρῆσαι·
2820 1637 2995 1701 οὐδεὶς
3034 1639 3065 1690 6
3094 1637 3321 1692 κωλύων
3347 1639 3468 1692 ούδέ
3495 1638 3681 1708 βιαζόο

2094 1738 2255 1791 μενος
2274 1724 2419 1796 πέρα
2436 1726 2539 1795 τῆς
2568 1727 2773 1791 οἰκείας
2813 1729 2993 1798 μένειν
3022 1729 3330 1801 δυνάμεως·
3370 1730 3464 1784 τὸν
3495 1731 3678 1801 μέντοι

2090 1813 2249 1883 λόγον
2282 1816 2357 1887 μὴ
2376 1817 2841 1886 ἀναγκαζέτωσαν
2864 1822 2968 1891 πρὸ
3003 1821 3096 1876 τοῦ
3120 1820 3314 1893 καιροῦ
3340 1822 3436 1876 καὶ
3468 1821 3573 1892 τῆς
3598 1824 3681 1876 οἰ-

2091 1906 2249 1970 κείας
2274 1907 2426 1979 ὥρας
2457 1908 2868 1964 συστέλλεσθαι.
2914 1913 3285 1984 Ἐνεπλήσθης
3316 1914 3429 1986 γὰρ
3460 1914 3666 1979 σὺ,ἀλλ

2092 2000 2121 2050 6
2146 2002 2370 2069 ἀδελφός
2401 2020 2496 2056 σου
2522 2003 2602 2056 ἐτι
2637 2005 2822 2074 πεινᾷ·
2878 2004 2974 2057 καί
3000 2006 3063 2058 σὺ
3105 2006 3325 2075 μεθύεις
3363 2007 3443 2077 τῷ
3483 2006 3683 2077 πλήθε.

2095 2094 2203 2145 τῶν
2250 2097 2573 2165 εἰρημένων,
2604 2096 2722 2150 ἀλλ’
2747 2100 2776 2151 6
2803 2097 3038 2167 ἀδελφός
3087 2116 3178 2152 σου
3220 2100 3302 2152 ἐτι
3334 2100 3485 2171 διψᾷ.
3522 2102 3682 2171 Μήτι

2095 2184 2302 2247 ἐκεῖνος
2366 2186 2693 2255 συντριϐέτω
2754 2206 2852 2241 σου
2920 2189 3023 2259 τὴν
3082 2189 3385 2257 ἀσθένειαν,
3439 2192 3683 2260 ἀναγκά-⁸

2096 2271 2205 2336 ζων
2226 2272 2395 2326 πλείω
2427 2274 2527 2342 τῆς
2574 2277 2780 2338 οἰκείας
2809 2277 3069 2342 δέξασθαι
3106 2280 3413 2349 δυνάμεως,
3446 2283 3585 2352 μήτε
3615 2284 3681 2337 σὺ

2094 2364 2367 2435 ἐπηρέαζε
2382 2370 2445 2437 τῇ
2481 2367 2687 2420 ἐκείνου
2713 2369 2979 2443 ἐπιθυμία
3009 2371 3236 2426 κωλύων
3264 2372 3432 2441 ἅπαν,
3450 2375 3575 2430 ὅσον
3589 2375 3682 2430 δύο

2092 2474 2248 2511 ναται
2276 2458 2554 2526 δέξασθαι,
2586 2460 2793 2515 λαϐεῖν.

2164 2582 2228 2651 β’.
2248 2582 2420 2637 Τοῦτο
2448 2585 2543 2637 καὶ
2573 2586 2667 2638 ἐπὶ¹
2693 2586 2805 2639 τῶν
2832 2585 3031 2651 ἔξωθεν
3058 2589 3270 2657 γίνεται
3295 2593 3605 2663 τραπεζῶν·
3630 2594 3682 2647 οἱ

2097 2673 2194 2741 μέν
2234 2674 2449 2739 θᾶττον,
2480 2678 2529 2729 οἱ
2558 2678 2615 2730 δὲ
2651 2676 2985 2751 βραδύτερον
3012 2681 3410 2751 ἐμπίπλανται,
3435 2686 3531 2738 καὶ
3556 2684 3682 2739 οὔτε

2092 2757 2239 2816 οῦτοι
2265 2766 2587 2832 ἐγκαλοῦσιν
2615 2768 2867 2837 ἐκείνοις,
2895 2775 3020 2829 οὔτε
3041 2776 3237 2828 ἐκεῖνοι
3273 2776 3480 2831 τούτων
3509 2796 3683 2833 κατα-

2093 2854 2473 2922 γινώσκουσιν·
2501 2859 2615 2912 ἀλλ’
2652 2862 2772 2916 ἐκεῖ
2802 2864 2899 2933 μὲν
2916 2862 2981 2918 τδ
3009 2864 3308 2938 ταχύτερον
3351 2868 3682 2942 ἀποστῆναι,

2094 2947 2394 3018 ἐγκώμιον,
2426 2951 2657 3005 ἐνταῦθα
2682 2953 2740 3006 δέ
2780 2954 2841 3007 τὸ
2874 2956 3171 3028 ταχύτερον
3201 2960 3528 3032 ἀποστῆναι,
3558 2964 3684 3036 οὐχὶ

2092 3039 2393 3110 ἐγκώμιον,
2431 3042 2569 3097 ἀλλά
2609 3045 2940 3117 συγγνώμης
2982 3047 3151 3113 ἄξιον·
3185 3051 3303 3104 ἐκεῖ
3331 3053 3392 3105 τὸ
3424 3053 3683 3125 βραδύτε-

2092 3151 2187 3204 ρον
2219 3134 2555 3201 παύσασθαι,
2587 3140 2897 3209 κατηγορία
2949 3141 3043 3194 καί
3080 3142 3308 3213 μέμψις,
3337 3145 3576 3202 ἐνταῦθα
3620 3149 3684 3204 τὸ

2093 3223 2421 3295 βραδύτερον
2448 3228 2770 3297 ἀποστῆναι,
2796 3229 3018 3294 ἔπαινος
3039 3233 3133 3285 καὶ
3153 3234 3399 3304 εύφημία
3424 3238 3681 3308 μεγίστη.

2091 3315 2157 3367 Τί
2175 3316 2405 3385 δήποτε;
2450 3319 2572 3370 Ὅτι
2601 3321 2721 3372 ἐκεῖ
2766 3320 2866 3390 μὲν
2892 3322 2950 3386 ἐξ
2982 3323 3322 3393 ἀδδηφαγίας
3344 3328 3378 3397 ἡ
3410 3327 3682 3400 βραδύτης

2092 3407 2324 3473 γίνεται,
2371 3408 2604 3462 ἐνταῦθα
2630 3409 2686 3463 δέ
2714 3410 2772 3477 ἐξ
2802 3412 3097 3482 ἐπιθυμίας
3147 3418 3525 3489 πνευματικῆς
3584 3420 3682 3475 καὶ

2094 3496 2244 3559 θείας
2258 3496 2539 3569 ὀρέξεωςὴ
2557 3502 2849 3572 παραμονὴ
2880 3502 2975 3554 καὶ
2995 3504 3030 3572 ἡ
3050 3504 3319 3575 καρτερία
3343 3506 3678 3565 συνίσταται.

2165 3587 2328 3640 ’Λλλά
2360 3588 2470 3643 τῶν
2492 3590 2593 3659 μὲν
2625 3592 2926 3662 προοιμίων
2966 3592 3107 3658 ἀλις·
3133 3595 3292 3666 ἡμεῖς
3310 3596 3366 3650 δέ
3381 3596 3565 3653 λοιπὸν
3590 3602 3684 3655 ἐπὶ

2089 3677 2150 3730 τὸ
2174 3678 2339 3748 χρέος
2393 3681 2573 3733 ἐκεῖνο
2602 3680 2957 3753 βαδιούμεθα,
3003 3686 3141 3758 ὅπερ
3187 3687 3246 3753 ἐξ
3286 3689 3502 3760 ἐκείνης
3553 3693 3685 3763 ἡμῖν

2091 3769 2390 3843 ὑπελείφθη
2423 3773 2524 3844 τῆς
2555 3775 2790 3845 ἡμέρας.
2819 3778 2884 3830 Τί
2905 3775 2999 3832 οῦν
3022 3781 3083 3834 τὸ
3104 3780 3396 3853 λεγόμενον
3415 3785 3541 3839 τότε
3578 3782 3681 3859 ἦνς

2092 3861 2215 3915 Ὀτι
2255 3864 2355 3933 μία
2385 3867 2536 3937 φωνὴ
2590 3869 2755 3921 πᾶσιν
2809 3871 3121 3942 ἀνθρώποις
3170 3870 3261 3945 ἦν,
3304 3875 3558 3948 καθάπερ
3587 3880 3684 3933 καὶ

2095 3952 2256 4022 φύσις
2286 3954 2403 4024 μία,
2422 3956 2516 4009 καὶ
2539 3957 2713 4021 οὐδεὶς
2742 3960 3075 4033 ἐτερόφωνος
3103 3963 3135 4034 ἢ
3160 3965 3563 4037 ἐτερόγλωσσος
3588 3964 3681 4040 ῆν.

2096 4043 2266 4131 Πόθεν
2293 4040 2385 4097 οὖν
2416 4048 2449 4116 ἡ
2482 4047 2723 4118 τοσαύτη
2757 4049 3065 4120 διαφωνίας
3105 4056 3240 4110 Ἀπὸ
3272 4057 3371 4131 τῆς
3408 4060 3684 4131 ῥᾳθυμίας

2091 4130 2203 4182 τῶν
2228 4130 2501 4185 λαϐόντων
2524 4135 2585 4188 τὸ
2610 4136 2805 4209 δῶρον·
2830 4139 2973 4211 άπερ
2998 4143 3287 4216 ἀμφότερα
3312 4128 3435 4199 τότε
3455 4128 3684 4219 ήείρῆκα-

2094 4239 2215 4292 μεν,
2264 4226 2360 4277 καί
2389 4226 2476 4280 διὰ
2498 4228 2596 4299 τῆς
2616 4230 2928 4301 ὁμοφωνίας
2946 4234 3043 4306 τὴν
3067 4236 3162 4291 τοῦ
3200 4239 3473 4294 Δεσπότου
3496 4241 3684 4309 φιλανο

2090 4311 2338 4383 θρωπίαν
2387 4317 2711 4383 δεικνύντες,
2727 4321 2821 4374 καὶ
2838 4321 2926 4377 διὰ
2947 4324 3040 4395 τῆς
3055 4325 3349 4396 δαφωνίας
3388 4330 3487 4401 τὴν
3501 4332 3683 4401 ἀγνω-

2093 4403 2335 4476 μοσύνην
2364 4406 2474 4459 τῶν
2500 4422 2748 4464 οικετων.
2805 4414 2847 4466 0
2884 4414 2985 4483 μὲν
3014 4416 3124 4488 γὰρ
3155 4420 3248 4471 καὶ
3279 4421 3571 4489 προειδὼς,
3596 4424 3680 4477 ὅτι

2090 4494 2396 4584 ἀπολοῦμεν
2426 4497 2485 4550 τὸ
2517 4499 2708 4570 δῶρον,
2754 4502 2906 4573 ὅμως
2934 4506 3153 4562 ἔδωκεν·
3188 4513 3237 4564 οί
3286 4512 3345 4566 δέ
3377 4514 3683 4584 ἐμπιστευ-

2092 4583 2274 4674 θέντες
2288 4585 2441 4659 [ειθ]
2455 4590 2616 4643 κακοὶ
2646 4593 2774 4664 περί
2795 4593 2891 4665 τὴν
2909 4601 3388 4674 παρακαταθήκην
3405 4583 3680 4673 ἐγένοντο.

2092 4673 2187 4743 Εἷς
2207 4679 2306 4749 μὲν
2336 4677 2433 4736 οῦν
2463 4683 2761 4751 ἀπολογίας
2779 4682 2934 4751 οὗτος
2962 4692 2990 4742 6
3008 4691 3229 4763 τρόπος,
3260 4673 3352 4748 ὅτι
3374 4697 3472 4769 οὐχ
3495 4699 3523 4751 6
3548 4698 3682 4763 Θεὸς

2092 4770 2316 4837 ἐξέϐαλε
2346 4774 2446 4844 τῆς
2471 4774 2703 4845 δωρεᾶς,
2754 4780 2870 4832 ἀλλ’
2893 4784 3055 4851 ἡμεῖς
3093 4786 3462 4858 ἀπωλέσαμεν
3491 4789 3559 4842 τὰ
3590 4790 3680 4843 δο-

2094 4864 2272 4919 θέντα·
2308 4865 2559 4937 δεύτερος
2579 4869 2635 4921 δὲ
2664 4872 2782 4939 μετ’
2815 4874 3043 4936 ἐκεῖνον,
3061 4876 3143 4928 ὅτι
3163 4878 3385 4946 μείζονα
3407 4881 3516 4933 τῶν
3540 4882 3679 4935 ἀπο-

2090 4956 2335 5009 λωλότων
2377 4959 2446 5011 τά
2492 4959 2711 5015 δοθέντα
2758 4962 2985 5037 ὕστερον
3017 4967 3307 5040 ἐλάϐομεν·
3347 4971 3469 5026 ἀντί
3499 4962 3695 5029 πόνων

2090 5049 2441 5121 προσκαίρων
2472 5052 2734 5124 ἐτίμησεν
2759 5056 2964 5129 αἰωνίῳ
2990 5057 3125 5132 ζωῇ,
3151 5062 3274 5115 ἀντὶ
3301 5063 3559 5119 ἀκανθῶν
3585 5068 3680 5121 καὶ

2088 5141 2352 5211 τριϐόλων
2378 5144 2471 5199 τὸν
2506 5149 2721 5219 καρπὸν
2750 5150 2846 5204 τοῦ
2896 5154 3215 5225 Πνεύματος
3241 5156 3299 5209 ἐν
3326 5161 3448 5215 ταῖς
3477 5158 3681 5229 ψυχαῖς

2090 5235 2249 5304 ἡμῶν
2319 5237 2621 5311 βλαστῆσαι
2685 5246 3117 5317 παρεσκεύασεν.
3173 5248 3341 5301 Οὐδὲν
3395 5245 3465 5320 ἦν
3522 5251 3677 5304 εὐτε-

2090 5329 2346 5402 λέστερον
2402 5334 2712 5407 άνθρώπου,
2772 5340 2866 5392 καὶ
2920 5340 3073 5393 οὐδὲν
3110 5341 3301 5410 γέγονε
3347 5342 3678 5416 τιμιώτερον

2092 5416 2401 5488 ἀνθρώπου.
2429 5422 2503 5475 T6
2529 5423 2755 5494 ἔσχατον
2784 5426 2949 5497 μέρος
2981 5429 3080 5499 τῆς
3118 5429 3345 5501 λογικῆς
3380 5432 3612 5497 κτίσεως
3648 5432 3677 5475 ἀ

2092 5502 2249 5574 οὗτος
2272 5505 2340 5564 ὗν
2359 5527 2373 5544 ·
2397 5512 2511 5566 ἀλλ’
2545 5516 2594 5567 οἰ
2629 5515 2786 5579 πόδες
2813 5518 3058 5586 ἐγένοντο
3086 5521 3321 5594 κεφαλὴ,
3349 5524 3446 5577 καὶ
3473 5526 3554 5589 εἰς
3587 5524 3678 5579 τὸν

2157 5690 2180 5767 ξ
2443 5704 2573 5767 unus:
2594 5691 2720 5767 me:
2734 5699 2791 5755 τῇ
2810 5696 3046 5767 προθυμία
3062 5700 3176 5767 τῶν.

2154 5748 2360 5829 ςΙ--υαυξ
2374 5753 2511 5829 pulta.
2557 5755 2749 5815 λογικῆς
2769 5748 2972 5822 φύσεως,
2994 5748 3049 5812 ei.
3072 5762 3147 5812 sic
3166 5748 3335 5815 VSIVil.
3361 5762 3410 5815 in
3436 5770 3599 5829 ιειιιι,
3626 5766 3676 5817 in

2094 5826 2245 5876 marg.
2277 5826 2393 5864 vero
2417 5830 2634 5873 κτισεως.
