4408 6672
766 442 872 498 217

768 555 956 623 θρόνον
986 551 1363 624 ἀνηνείχθησαν
1386 551 1477 605 τόν
1518 548 1795 620 βασιλικὸν
1822 548 1911 602 διά
1941 549 2038 618 τῆς
2067 547 2343 618 ἀπαρχῆς.

766 645 1035 717 Καθάπερ
1065 646 1175 716 γάρ
1195 641 1481 712 ἄνθρωπός
1507 657 1591 703 τις
1614 638 1897 709 φιλότιμος
1922 640 2014 693 καὶ
2042 637 2350 708 μεγαλόδω-

769 751 864 805 ρος
888 735 1010 787 ίδὼν
1032 751 1156 787 τινα
1186 735 1251 786 ἐκ
1282 730 1539 799 ναυαγίου
1576 729 1930 799 διαφυγόντα,
1968 730 2060 781 καὶ
2092 726 2151 778 τὸ
2188 726 2350 794 σῶμα

766 826 974 897 γυμνὸν
1000 825 1108 879 ἀπὸ
1138 824 1246 876 τῶν
1272 822 1533 892 κυμάτων
1552 819 1813 873 διασῶσαι
1833 818 2129 890 δυνηθέντα
2163 816 2343 884 μόνον,

768 921 1060 990 δεξάμενος
1095 916 1315 981 ὑπτίαις
1347 918 1467 981 ταῖς
1508 918 1699 987 χερσὶ.
1758 914 2018 986 λαμπρὰν
2060 913 2345 985 περιϐάλοι

770 1012 980 1082 στολὴν,
1017 1009 1109 1063 καὶ
1137 1010 1277 1081 πρὸς
1308 1010 1475 1079 τιμὴν
1508 1009 1706 1077 ἀγάγοι
1732 1008 1831 1080 τὴν
1860 1006 2121 1062 ἀνωτάτω
2142 1021 2158 1035 ⁸
2205 1005 2347 1059 οὐτω

770 1106 863 1158 καὶ
884 1105 913 1155 6
944 1102 1075 1166 Θεὸς
1098 1103 1191 1154 ἐπὶ
1219 1101 1321 1171 τῆς
1362 1101 1576 1170 φύσεως
1608 1101 1708 1168 τῆς
1759 1102 2030 1172 ἡμετέρας
2080 1098 2309 1169 ἐποίησε
2329 1116 2342 1130 ·

767 1196 945 1249 πάντα
964 1192 1256 1256 ἀπέϐαλεν,
1286 1194 1387 1245 δσα
1415 1188 1580 1261 εἶχεν,
1606 1194 1636 1246 6
1670 1192 1972 1263 ἄνθρωπος,
1994 1190 2095 1262 τὴν
2130 1192 2351 1263 naM“-

768 1285 907 1352 σίαν,
941 1284 1038 1355 τὴν
1068 1283 1205 1353 πρὸς
1237 1282 1371 1335 Θεὸν
1400 1282 1643 1351 ὁμιλίαν,
1697 1281 1795 1352 τήν
1826 1282 1883 1334 ἐν
1919 1280 1998 1348 τῷ
2032 1281 2350 1351 παραδείσῳ

764 1375 1060 1447 διαγωγήν,
1094 1376 1186 1430 τὸν
1239 1373 1624 1446 ἀταλαίπωρον
1680 1372 1815 1443 βίον,
1869 1371 1961 1425 καὶ
2000 1372 2252 1444 καθάπερ
2287 1376 2350 1427 ἐκ

764 1468 1049 1537 ναυαγίου,
1082 1470 1290 1541 γυμνὸς
1313 1467 1522 1522 ἐκεῖθεν
1556 1463 1932 1536 ἐξῆλθεν⁸ἀλλ’
1958 1466 1986 1518 ὁ
2015 1463 2150 1527 Θεὸς
2184 1465 2348 1518 αὐτὸν

764 1559 1059 1631 δεξάμενος
1084 1561 1455 1632 περιέστειλεν
1480 1558 1699 1620 εὐθέως,
1723 1557 1816 1608 καὶ
1844 1556 1988 1610 κατά
2010 1557 2210 1629 μικρὸν
2240 1575 2353 1629 χει-

770 1654 1038 1724 ραγωγῶν
1062 1652 1199 1724 πρὸς
1231 1653 1324 1705 τὸν
1355 1652 1582 1721 οὐρανὸν
1615 1651 1862 1721 ἀνήγαγε
1882 1667 1895 1681 ⁸
1940 1651 2118 1704 καίτοι
2146 1650 2246 1704 οὐκ
2283 1646 2349 1719 ἦν

768 1745 1098 1815 συγγνώμης
1121 1744 1181 1796 τὸ
1211 1743 1467 1813 ναυάγιον
1502 1741 1673 1807 ἀξιον.
1706 1744 1782 1797 Οὐ
1810 1743 1920 1814 γάρ
1950 1744 2101 1816 παρὰ
2127 1742 2225 1813 τὴν
2243 1741 2350 1794 τῶν

766 1837 1093 1909 πνευμάτων
1123 1838 1265 1909 βίαν,
1291 1841 1426 1895 ἀλλὰ
1464 1843 1619 1914 παρά
1650 1845 1749 1915 τὴν
1778 1843 1872 1897 τοῦ
1904 1843 2157 1905 πλέοντος
2181 1838 2348 1910 ρᾳθυ-

767 1930 897 2001 μίαν
917 1930 1063 1985 ἀπαν
1100 1931 1297 2002 συνέϐη
1324 1933 1387 1986 τὸ
1409 1933 1700 1988 κλυδώνιον
1730 1933 1905 1987 τοῦτο.

846 2040 986 2094 Ἀλλ’
1015 2040 1075 2093 οὐ
1106 2040 1242 2113 πρὸς
1272 2041 1433 2096 τοῦτο
1456 2040 1595 2098 εἶδεν
1628 2047 1655 2097 6
1683 2044 1834 2109 Θεὸς,
1871 2044 2005 2097 ἀλλά
2028 2043 2088 2097 τὸ
2123 2042 2350 2114 μέγεθος

762 2125 863 2195 τῆς
889 2132 1176 2200 συμφορᾶς
1220 2132 1548 2203 κατηλέησε,
1576 2133 1670 2185 καὶ
1698 2133 1790 2186 τὸν
1816 2134 1872 2186 ἐν
1897 2132 2077 2203 λιμένι
2112 2133 2352 2185 παθόντα

762 2216 1041 2286 ναυάγιον,
1070 2218 1325 2288 καθάπερ
1364 2221 1420 2273 ἐν
1461 2219 1614 2289 μέσῳ
1651 2219 1728 2289 τῷ
1764 2219 1992 2286 πελάγει
2036 2218 2193 2272 τοῦτο
2220 2219 2353 2270 ὐπο-

768 2304 1049 2373 μείναντα,
1078 2305 1223 2359 οῦτω
1262 2306 1602 2376 φιλοφρόνως
1645 2306 1863 2369 ἐδέξατο
1881 2319 1893 2333 ⁸
1921 2305 1983 2355 τὸ
2016 2304 2126 2373 γάρ
2158 2305 2217 2355 ἐν
2247 2321 2355 2356 πα-

766 2392 1000 2461 ραδείσῳ
1028 2396 1235 2455 πεσεῖν,
1261 2394 1319 2445 ἐν
1356 2391 1537 2462 λιμένι
1568 2391 1826 2459 ναυάγιόν
1857 2392 2006 2445 ἐστιν
2031 2391 2345 2460 ὑπομεῖναι.

764 2478 1087 2549 Τίδήποτες
1121 2482 1243 2532 Ὀτι
1289 2479 1503 2533 οὐδέπω
1548 2478 1748 2549 λύπης,
1793 2478 2007 2531 οὐδέπω
2043 2478 2345 2549 φροντίδος,

764 2566 885 2618 οὐδὲ
914 2567 1113 2630 πόνων,
1143 2565 1263 2618 οὐδὲ
1298 2566 1537 2635 μόχθων,
1565 2566 1687 2619 οὐδέ
1711 2564 1820 2618 τῶν
1857 2566 2065 2637 μυρίων
2097 2566 2199 2637 τῆς
2231 2567 2353 2620 ἐπι-

765 2653 967 2723 θυμίας
995 2654 1255 2723 κυμάτων
1280 2653 1743 2722 ἐπικωμαζόντων
1774 2656 1841 2723 τῇ
1866 2654 2027 2723 φύσει
2052 2657 2121 2726 τῇ
2153 2654 2353 2726 ἡμετέ-

767 2758 859 2813 ρᾳ,
896 2741 1261 2811 ὐπεσκελίσθη
1287 2743 1381 2794 καὶ
1415 2742 1704 2795 κατέπεσε.
1748 2741 1854 2795 Καὶ
1887 2743 2139 2813 καθάπερ
2171 2744 2222 2795 οἱ
2256 2742 2355 2812 τὴν

769 2831 1046 2885 θάλατταν
1074 2832 1331 2894 πλέοντες
1354 2831 1670 2901 κακοῦργοι,
1705 2831 1886 2901 μικρῷ
1921 2831 2126 2903 σιδήρῳ
2151 2831 2356 2885 πολλά-

766 2937 854 2983 κις
883 2920 982 2992 τὴν
1009 2920 1143 2974 ναῦν
1180 2920 1586 2992 διατρήσαντες,
1613 2921 1831 2975 ἃπασαν
1869 2922 2221 2989 ἐπεισάγουσι
2251 2921 2354 2974 κά-

764 3006 936 3059 τωθεν
973 3006 1050 3077 τῷ
1082 3007 1254 3078 πλοίῳ
1299 3008 1398 3079 τὴν
1446 3007 1749 3062 θάλατταν·
1806 3008 1951 3061 οὓτω
1992 3008 2057 3080 δὴ
2097 3009 2193 3062 καὶ
2231 3008 2353 3062 τότε

771 3095 895 3149 ίδὼν
920 3096 981 3150 τὸ
1030 3096 1214 3150 πλοῖον
1253 3096 1345 3150 τοῦ
1386 3097 1557 3167 Ἀδάμ
1583 3099 1612 3150 6
1658 3095 1927 3160 διάϐολος,
1972 3097 2222 3150 τουτέστι
2254 3096 2351 3168 τὴν

765 3184 946 3256 ψυχὴν
980 3184 1191 3237 πολλῶν
1214 3185 1493 3255 γέμουσαν
1518 3184 1761 3252 ἀγαθῶν,
1793 3185 1985 3255 ὥσπερ
2010 3186 2118 3238 τινὶ
2153 3184 2356 3255 σιδήρῳ

772 3272 975 3344 μικρῷ,
1027 3276 1094 3344 τῇ
1160 3272 1289 3344 ψιλῇ
1346 3276 1496 3343 φωνῇ
1528 3272 1842 3343 προσελθὼν
1894 3274 1988 3326 καὶ
2034 3272 2352 3343 διατρήσας,

770 3363 985 3417 ἅπαντα
1017 3361 1283 3414 ἐκένωσεν
1305 3362 1513 3415 ἐκείνου
1538 3362 1629 3415 τὸν
1661 3360 1911 3422 πλοῦτον,
1944 3361 2038 3414 καὶ
2062 3360 2124 3413 τὸ
2149 3360 2356 3428 σκάφος

768 3449 901 3503 αὐτὸ
922 3448 1236 3503 κατέδυσεν.
1286 3449 1424 3501 Ἀλλ’
1453 3452 1481 3502 6
1502 3449 1634 3513 Θεὸς
1664 3449 1837 3519 μείζω
1861 3451 1963 3517 τῆς
2015 3448 2221 3518 ζημίας
2255 3450 2355 3517 τὴν

769 3539 1040 3607 ἐμποριαν
1068 3536 1385 3607 ἐποιήσατο,
1416 3537 1512 3589 καὶ
1538 3537 1673 3607 πρὸς
1702 3538 1792 3588 τὸν
1821 3536 2011 3606 θρόνον
2034 3535 2125 3587 τὸν
2150 3533 2359 3601 βασιλι-

769 3622 864 3674 κὸν
885 3622 984 3692 τὴν
1006 3620 1171 3690 φύσιν
1200 3622 1443 3693 ἀνήγαγε
1469 3622 1567 3692 τὴν
1592 3624 1886 3692 ἡμετέραν.
1917 3620 2008 3674 Διὸ
2034 3621 2128 3674 καὶ
2151 3619 2359 3684 Παῦλος

771 3709 893 3779 βοᾷ,
920 3708 1096 3777 λέγων
1120 3724 1137 3740 ⁸
1167 3709 1494 3777 Συνήγειρε
1528 3708 1625 3762 καὶ
1656 3707 2062 3762 συνεκάθισεν
2084 3707 2240 3777 ἡμᾶς
2290 3709 2360 3761 ἐν

769 3797 939 3865 δεξιᾷ
967 3798 1158 3853 αὐτοῦ
1178 3799 1249 3852 ἐν
1280 3798 1404 3863 τοῖς
1430 3798 1810 3865 ἐπουρανίοις
1828 3838 1843 3860 ,
1885 3800 1986 3852 ἵνα
2018 3798 2359 3865 ἐνδείξηται

768 3885 839 3937 ἐν
853 3884 979 3951 τοῖς
997 3884 1171 3939 αίῶσι
1191 3884 1315 3951 τοῖς
1334 3884 1754 3954 ἐπερχομένοις
1772 3885 1880 3940 τὸν
1896 3884 2359 3953 ὑπερϐάλλοντα

770 3973 1042 4027 πλοῦτον
1084 3973 1199 4041 τῆς
1245 3973 1487 4042 χάριτος
1524 3972 1711 4027 αὐτοῦ
1752 3974 1822 4026 ἐν
1852 3976 2211 4043 χρηστότητι
2261 3974 2357 4043 ἐφ’

770 4060 952 4128 ἡμᾶς.
979 4060 1044 4113 Τί
1077 4061 1290 4130 λέγεις;
1323 4062 1427 4132 ήδη
1466 4062 1526 4114 τὸ
1573 4063 1805 4131 πρᾶγμα
1833 4063 2023 4130 γέγονε
2074 4062 2168 4116 καὶ
2203 4061 2357 4126 τέλος

772 4148 909 4217 ἔχει,
940 4149 1035 4202 καὶ
1091 4148 1298 4217 λέγεις·
1336 4148 1464 4202 Ἵνα
1516 4147 1586 4200 ὲν
1613 4146 1739 4213 τοῖς
1792 4145 1966 4200 αίῶσι
2021 4148 2356 4214 ἐνδείξηται

771 4237 897 4303 τοῖς
927 4235 1477 4306 ἐπερχομένοις;οὐ
1503 4236 1614 4307 γάρ
1648 4234 1951 4301 ἐνεδείξατο
1977 4252 1992 4302 ;
2027 4234 2359 4299 Ἐνεδείξατο

775 4322 877 4393 μὶν
913 4322 1038 4394 ήδη,
1066 4323 1186 4377 ἀλλ’
1224 4324 1345 4395 οὐχὶ
1377 4325 1544 4377 πᾶσιν
1577 4322 1888 4396 ἀνθρώποις
1909 4363 1924 4386 .
1976 4322 2091 4376 ἀλλ’
2127 4324 2252 4392 ἐμοὶ⁸
2284 4321 2361 4392 τῷ

777 4408 970 4479 πιστῷ·
1021 4413 1050 4465 6
1075 4410 1132 4464 δὲ
1159 4412 1387 4475 ἄπιστος
1419 4411 1631 4465 οὐδέπω
1661 4412 1721 4465 τὸ
1747 4409 1935 4481 θαῦμα
1963 4406 2091 4463 εἶδε.
2125 4410 2261 4463 Τότε
2302 4409 2360 4462 δὲ

776 4499 835 4551 ἐν
867 4498 1051 4573 ἐκείνῃ
1079 4502 1146 4571 τῇ
1178 4500 1362 4572 ἡμέρᾳ
1383 4501 1531 4553 πᾶσα
1561 4499 1727 4571 ἡτῶν
1754 4496 2059 4569 ἀνθρώπων
2083 4496 2247 4566 φύσις
2279 4499 2360 4561 είς

778 4584 945 4655 μέσον
979 4587 1206 4641 ἐλθοῦσα
1238 4588 1576 4659 θαυμάσεται
1593 4588 1657 4641 τὸ
1686 4588 2073 4658 γεγενημένον,
2096 4586 2271 4650 ἄλλως
2297 4603 2358 4639 τε

777 4676 874 4730 κα)⁵
900 4678 1032 4747 ἡμίν
1059 4677 1182 4730 τότε
1224 4677 1604 4748 φανερώτερον
1660 4677 1833 4729 ἐσται.
1881 4675 2219 4747 Πιστεύομεν
2247 4678 2359 4747 γὰρ

778 4764 870 4817 καὶ
892 4763 1010 4827 νῦν,
1036 4763 1152 4817 ἀλλ’
1179 4763 1333 4836 [250]
1362 4764 1460 4833 οὐχ
1480 4763 1682 4833 ὁμοίως
1709 4762 1771 4815 τὸ
1808 4760 1996 4832 θαῦμα
2027 4762 2359 4833 παρίστησιν

775 4852 914 4923 ἀκοή
944 4852 1039 4906 καὶ
1061 4852 1184 4923 ὄψις
1199 4870 1212 4883 ⁸
1239 4851 1354 4906 ἀλλ’
1376 4852 1566 4921 ὥσπερ
1595 4851 1687 4903 ἐπὶ
1710 4850 1819 4903 τῶν
1842 4848 2111 4918 βασιλέων
2143 4848 2367 4903 ἀκούον-

777 4959 868 5006 τες
894 4941 992 5015 τὴν
1026 4941 1318 5015 ἁλουργίδα
1347 4940 1520 4995 καὶτὸ
1545 4939 1785 5011 διάδημα
1816 4939 1914 4992 καὶ
1938 4938 2007 4992 τά
2027 4939 2206 5009 χρυσᾶ
2236 4939 2363 5008 ἱμά-

777 5048 869 5083 τια
904 5032 999 5083 καὶ
1025 5031 1113 5085 τὸν
1148 5030 1337 5102 θρόνον
1366 5030 1457 5083 τὸν
1492 5028 1769 5099 βασιλικὸν
1793 5068 1808 5092 ,
1846 5025 2211 5098 θαυμάζομεν
2240 5027 2362 5096 μὲν,

784 5116 1049 5189 μειζόνως
1097 5118 1154 5170 δὲ
1189 5118 1345 5170 τοῦτο
1393 5116 1696 5187 πάσχομεν,
1733 5117 1860 5170 ὅταν
1883 5115 1994 5171 τῶν
2037 5130 2365 5187 παραπετα-

784 5207 1010 5277 σμάτων
1055 5205 1520 5261 συνελκυσθέντων
1576 5206 1777 5275 ῐδωμεν
1807 5205 1969 5260 αὐτὸν
2017 5206 2103 5274 ἐφ’
2154 5201 2365 5273 ὑψηλοῦ

783 5295 876 5350 τοῦ
912 5296 1155 5368 βήματος
1176 5294 1595 5367 προκαθήμενον
1618 5310 1631 5322 ⁸
1659 5292 1802 5347 οὕτω
1834 5295 1929 5348 καὶ
1975 5296 2069 5349 ἐπὶ
2107 5292 2205 5348 τοῦ
2246 5294 2363 5347 Μο-

784 5384 1035 5454 νογενοῦς
1056 5401 1070 5415 ⁸
1105 5386 1233 5439 ὅταν
1252 5382 1451 5453 ἴδωμεν
1473 5382 1540 5437 τά
1569 5383 2045 5453 παραπετάσματα
2068 5382 2177 5435 τῶν
2197 5382 2259 5434 οὐ
2269 5397 2366 5451 ρα-

785 5475 892 5528 νῶν
948 5471 1389 5536 συνελκυσθέντα,
1428 5471 1524 5525 καὶ
1564 5470 1961 5526 καταϐαίνοντα
2006 5470 2095 5524 τὸν
2136 5469 2363 5540 βασιλέα

786 5563 895 5617 τῶν
921 5562 1168 5631 ἀγγέλων
1215 5561 1422 5615 ἐκεῖθεν
1451 5563 1545 5615 καὶ
1597 5559 2065 5634 δορυφορούμενον
2104 5560 2211 5614 ὐπὸ
2252 5556 2364 5611 τῶν

787 5650 1052 5719 οὐρανίων
1070 5650 1275 5721 δήμων,
1298 5651 1421 5704 τότε
1445 5648 1631 5721 μεῖζον
1656 5650 1764 5703 ἀπὸ
1786 5650 1885 5719 τῆς
1906 5648 2080 5718 ὅψεως
2100 5650 2159 5701 τὸ
2179 5647 2365 5716 θαῦμα

786 5738 1077 5809 δεχόμεθα.
1122 5740 1401 5810 Ἐννόησον
1428 5742 1537 5819 γάρ
1586 5757 1674 5812 μοι
1700 5778 1715 5805 ,
1763 5732 1875 5793 οἷόν
1906 5739 2054 5793 ἐστιν
2108 5738 2234 5793 ίδεῖν
2266 5738 2365 5808 τὴν

787 5827 951 5903 φύσιν
986 5826 1084 5901 τὴν
1122 5827 1393 5902 ἡμετέραν
1444 5829 1538 5882 ἐπ)⁵
1588 5830 1696 5885 τῶν
1729 5828 2009 5900 Χερουϐὶμ
2033 5828 2358 5899 ὀχουμένην,

1451 446 1508 501 S.
1548 440 1838 499 JOANNIS
1868 432 2367 494 CHRYSOSTOMI
2405 433 2724 494 ARCHIEP.
2760 441 3308 500 CONSTANTINOP.

3916 454 4021 508 ειει

2452 548 2545 602 καὶ
2578 551 2757 604 πᾶσαν
2779 554 2917 625 αὐτῇ
2946 558 3045 629 τὴν
3071 557 3367 629 ἀγγελικὴν
3395 563 3835 634 περικεχυμένην
3865 567 4026 621 δύνα-

2454 658 2565 712 μιν.

2522 738 2591 800 γ’.
2624 732 2820 786 Σκόπει
2846 734 2903 787 δέ
2934 751 3025 804 μοι
3051 739 3148 791 καὶ
3166 739 3264 811 τὴν
3282 741 3496 795 Παύλου
3514 742 3725 809 σοφίαν,
3750 744 3892 798 πόσα
3911 748 4027 803 ὀνό-

2444 840 2599 893 ματα
2628 826 2890 895 ἐπιζητεῖ,
2914 825 3054 879 ὥστε
3074 834 3424 904 παραστῆσαι
3459 833 3554 887 106
3586 833 3719 887 Θεοῦ
3757 835 3859 905 τὴν
3903 840 4028 889 φιλ-

2450 915 2787 986 ανθρωπίαν.
2821 918 2895 970 Οὐ
2929 917 3038 988 γὰρ
3071 914 3227 974 εἶπεν
3250 924 3439 989 ἁπλῶς
3462 928 3562 997 τὴν
3589 928 3766 998 χάριν,
3789 928 3909 980 οὐδέ
3934 930 4027 983 τὸν

2450 1005 2681 1060 πλοῦτον
2702 1008 2906 1073 ἁπλῶς,
2942 1008 3079 1062 ἀλλά
3102 1009 3183 1075 τίς
3221 1012 3334 1065 Τὸν
3356 1017 3813 1084 ὑπερϐάλλοντα
3836 1013 4029 1073 πλοῦ·-

2447 1111 2558 1148 τον
2586 1094 2696 1163 τῆς
2715 1098 2954 1165 χάριτος
2973 1098 3043 1151 ἐν
3071 1100 3453 1168 χρηστότητι.
3490 1106 3630 1158 Ἀλλ’
3656 1108 3801 1176 ὅμως
3824 1107 3916 1159 καὶ
3939 1104 4030 1157 06-

2447 1203 2555 1251 τως
2580 1188 2832 1258 ἡτόνησε.
2867 1190 2979 1242 Καὶ
3007 1189 3257 1260 καθάπερ
3289 1190 3359 1243 τά
3396 1192 3661 1265 ὀλισθηρὰ
3686 1197 3794 1249 τῶν
3842 1198 4029 1264 σωμά-

2449 1293 2557 1329 των
2594 1278 2817 1347 μυρίαις
2850 1281 3191 1351 κατεχόμενα
3210 1282 3388 1352 χερσὶ,
3423 1281 3705 1354 διαφεύγει
3737 1288 3839 1350 τὰς
3862 1287 4031 1350 λαϐάς

2450 1369 2484 1438 ἡ
2493 1367 2607 1437 μῶν
2636 1369 2729 1421 καὶ
2754 1368 3100 1425 διολισθαίνει
3124 1373 3322 1444 ῥᾳδίως
3340 1390 3353 1403 ⁸
3377 1373 3520 1427 οῦτω
3543 1379 3637 1429 καὶ
3656 1379 3755 1450 τὴν
3778 1380 3873 1433 τοῦ
3897 1380 4030 1434 Θεοῦ

2451 1458 2878 1531 φιλανθρωπίαν,
2910 1463 3059 1527 ὅσοις
3076 1464 3143 1518 ἂν
3173 1466 3341 1537 αὐτὴν
3363 1468 3724 1537 κατάσχωμεν
3752 1472 4030 1543 ὀνόμασιν,

2450 1550 2571 1602 οὐδὲ
2602 1550 2746 1605 οὓτω
2772 1551 3049 1622 δυνάμεθα
3081 1555 3417 1627 περιλαϐεῖν,
3451 1556 3586 1610 ἀλλά
3613 1561 3743 1630 νικᾷ
3778 1564 3840 1616 τὸ
3872 1564 4033 1633 μέγε-

2452 1636 2543 1701 θος
2573 1638 2747 1709 αὐτῆς
2778 1640 2841 1693 ἐκ
2878 1641 3079 1713 πολλῆς
3121 1644 3443 1711 περιουσίας
3471 1644 3579 1699 τῶν
3613 1648 3898 1720 ἡμετέρων
3934 1655 4029 1722 917-

2455 1726 2642 1797 μάτων
2668 1728 2765 1799 τὴν
2794 1730 3013 1784 ἀτονίαν
3042 1744 3091 1786 ι.
3122 1733 3303 1804 Ὅπερ
3332 1729 3424 1787 οὖν
3446 1737 3542 1788 καὶ
3567 1736 3782 1801 Παῦλος
3821 1742 4030 1804 παθὼν,

2452 1816 2547 1868 καὶ
2574 1816 2697 1869 ἰδὼν
2738 1819 3060 1889 ἡττωμένην
3106 1821 3215 1874 τῶν
3244 1824 3503 1892 ῥημάτων
3540 1823 3641 1895 τήν
3685 1824 3915 1896 δύναμιν
3938 1830 4032 1881 τεῦ

2455 1907 2723 1975 μεγέθους
2764 1908 2955 1977 αὐτῆς,
2997 1908 3056 1962 ἒν
3097 1910 3266 1962 είπὼν
3295 1914 3445 1981 ρἦα
3494 1913 3728 1984 ἀπέστη.
3787 1916 3943 1969 Ποῖον
3978 1917 4033 1969 δὲ

2451 1995 2643 2060 τοῦτο;
2680 1996 2856 2064 Χάρις
2885 1996 2955 2049 δὲ
2983 1996 3063 2061 τῷ
3095 1997 3219 2062 Θεῷ
3246 1999 3345 2052 ἐπί
3377 1997 3453 2067 τῇ
3496 2000 3904 2069 ἀνεκδιηγήτῳ
3932 2005 4037 2055 αὺο

2452 2087 2561 2141 τοῦ
2593 2085 2805 2154 δωρεᾷ.
2830 2085 2968 2141 Οὔτε
3002 2088 3113 2157 γάρ
3146 2088 3322 2156 λόγος,
3348 2088 3472 2143 οὐτε
3497 2089 3621 2153 νοῦς
3657 2091 3832 2154 οὐδεὶς
3862 2109 4038 2162 παρα-

2457 2176 2649 2246 στῆσαι
2681 2176 2969 2247 δυνήσεται
2991 2176 3087 2230 τοῦ
3109 2177 3244 2231 Θεοῦ
3272 2178 3370 2250 τὴν
3395 2180 3738 2250 κηδεμονίαν.
3764 2183 3862 2235 Διά
3882 2184 4038 2237 τοῦτο

2455 2268 2688 2322 ἐνταῦθα
2713 2270 2811 2339 μὲν
2828 2270 3220 2339 ἀνεκδιήγητον
3248 2272 3417 2343 αὐτὴν
3435 2270 3573 2326 εἷναί
3595 2292 3781 2344 φησιν,
3806 2276 4037 2346 ἀλλαχοῦ

2453 2353 2532 2417 δὲ,
2568 2357 2779 2409 καὶτὸν
2804 2357 2930 2411 νοῦν
2976 2359 3134 2428 ἡμῶν
3167 2361 3539 2429 ὑπερϐαίνειν,
3574 2364 3775 2415 οὑτωσὶ
3824 2366 3997 2433 λέγων
4019 2384 4035 2398 ⁸

2462 2444 2527 2500 Ἠ
2553 2446 2764 2515 ειρήνη
2807 2447 2916 2501 τοῦ
2957 2448 3104 2501 Θεοῦ
3151 2451 3187 2516 ἡ
3226 2450 3612 2518 ὑπερέχουσα
3644 2453 3843 2507 πάντα
3890 2457 4043 2511 νοῦν

2452 2535 2784 2604 φρουρήσει
2812 2537 2920 2602 τὰς
2946 2537 3197 2606 καρδίας
3220 2538 3407 2607 ὑμῶν.

2540 2643 2678 2698 Ἀλλ’
2702 2644 2837 2716 ὅπερ
2862 2645 3070 2714 ἔλεγον,
3120 2646 3216 2699 δύο
3264 2646 3361 2716 μὲν
3387 2643 3530 2702 οὗτοι
3582 2650 3720 2715 τέως
3747 2652 4043 2722 ἀπολογίας

2460 2734 2717 2805 εὕρηνται
2754 2737 2968 2807 τρόποι,
2992 2730 3072 2801 εἷς
3130 2736 3251 2807 μὲν,
3279 2740 3361 2792 ὅτι
3385 2740 3482 2809 οὐχ
3520 2742 3549 2792 6
3585 2741 3717 2804 Θεὸς
3768 2740 4039 2810 ἐξέϐαλεν,

2461 2826 2576 2880 ἀλλ’
2604 2829 2765 2896 ἡμεῖς
2795 2825 3179 2895 ἀπωλέσαμεν*
3214 2828 3463 2900 δεύτερος
3491 2829 3568 2893 δὲ,
3605 2830 3686 2884 ὅτι
3721 2831 3891 2886 πλείω
3934 2835 4042 2888 τῶν

2460 2917 2820 2970 ἀπολωλότων
2872 2917 2968 2971 καὶ
3012 2918 3238 2987 μείζονα
3288 2922 3358 2971 τά
3408 2919 3630 2972 δοθέντα
3675 2922 3809 2990 ἡμῖν
3836 2922 4040 2989 ἀγαθά.

2458 3007 2730 3077 Βούλομαι
2752 3007 2810 3060 δὲ
2844 3007 2938 3059 καὶ
2980 3008 3160 3079 τρίτον
3202 3009 3395 3061 εἰπεῖν.
3439 3009 3532 3072 Τίς
3561 3005 3655 3062 οὖν
3688 3011 3835 3063 ἐστιν
3867 3014 3895 3063 ό
3925 3011 4044 3082 τρί-

2456 3116 2582 3163 τος;
2623 3100 2745 3151 Ὀτι
2776 3100 2824 3150 εί
2847 3098 2942 3151 καὶ
2972 3098 3048 3170 μὴ
3075 3099 3241 3152 ἐδωκε
3274 3097 3445 3169 μείζω
3468 3100 3575 3153 τῶν
3600 3100 3955 3155 ἀπολωλότων
3977 3103 4044 3156 τά

2459 3190 2598 3261 μετά
2621 3189 2814 3252 ταῦτα,
2847 3187 2965 3242 ἀλλ’
3014 3189 3268 3257 ἀφείλετο
3297 3191 3458 3261 μόνον
3508 3192 3573 3245 τὰ
3626 3193 3848 3248 δοθέντα
3888 3198 4039 3266 ἡμῖν,

2454 3286 2487 3354 ἡ
2499 3281 2613 3353 μῶν
2638 3281 2990 3353 παρεχόντων
3006 3283 3105 3352 τὴν
3128 3282 3309 3335 αίτίαν
3333 3282 3511 3350 (τοῦτο
3526 3283 3634 3353 γὰρ
3657 3284 4041 3356 προσκείσθωΓ

2457 3374 2554 3427 καὶ
2584 3372 2745 3427 τοῦτο
2799 3373 2982 3426 ἱκανὸν
3010 3372 3132 3425 καθ’
3163 3372 3328 3426 ἐαυτὸ
3360 3373 3531 3438 δείξαι
3580 3374 3680 3443 τήν
3720 3375 4044 3445 κηδεμονίαν

2456 3466 2624 3520 αὐτοῦ
2654 3467 2754 3537 τὴν
2787 3467 2867 3528 είς
2895 3467 3066 3536 ἡμᾶς.
3116 3465 3190 3517 Οὐ
3231 3464 3340 3535 γάρ
3370 3464 3433 3517 τὸ
3465 3464 3649 3518 δοῦναι
3680 3466 3860 3534 μόνον,
3909 3465 4045 3519 ἀλλά

2459 3560 2554 3613 καὶ
2577 3559 2637 3612 τὸ
2660 3556 2959 3628 ἀφελέσθαι
2978 3557 3049 3609 τά
3075 3555 3319 3618 δοθέντα,
3346 3556 3614 3626 μεγίστης
3635 3556 4044 3628 φιλανθρωπίας

2460 3650 2607 3702 ἐστί·
2635 3650 2749 3714 καὶ,
2784 3650 2834 3701 εί
2863 3646 3145 3717 βούλεσθε,
3178 3647 3271 3698 ἐπὶ
3287 3645 3381 3699 τοῦ
3411 3646 3739 3716 παραδείσου
3770 3648 3861 3699 τὸν
3891 3647 4043 3716 λόγον

2460 3738 3097 3810 γυμνάσωμεν.ιἜδωκε
3125 3736 3217 3790 τὸν
3242 3736 3571 3807 παράδεισον
3594 3753 3608 3767 ⁸
3643 3737 3803 3792 τοῦτο
3827 3739 3926 3809 τῆς
3948 3740 4045 3791 αὐ-

2460 3832 2555 3886 τοῦ
2580 3830 2907 3903 κηδεμονίας
2926 3846 2940 3861 ⁸
2973 3829 3182 3897 ἀνάξιοι
3211 3828 3312 3899 τῆς
3337 3828 3548 3900 δωρεᾶς
3574 3828 3865 3901 ὤφθημεν·
3885 3831 4044 3883 τοῦτο

2461 3924 2562 3994 τῆς
2596 3922 2872 3992 ἡμετέρας
2919 3921 3344 3992 ἀγνωμοσύνης⁸
3390 3921 3645 3991 ἀφείλετο
3685 3921 3785 3993 τὴν
3837 3921 4044 3991 δωρεὰν

2461 4014 2701 4081 ἀναξίοις
2726 4012 3039 4085 γενομένοις
3057 4029 3071 4041 ⁸
3092 4012 3251 4066 τοῦτο
3276 4013 3377 4082 τῆς
3403 4012 3569 4066 αὐτοῦ
3593 4013 3816 4081 γέγονεν
3849 4012 4043 4081 ἀγαθό-

2458 4124 2641 4178 τητος.
2680 4107 2794 4160 Καὶ
2828 4105 2961 4158 ποία
2983 4104 3280 4176 ἀγαθότης,
3319 4104 3476 4175 φησὶ,
3514 4104 3575 4157 τὸ
3620 4104 3914 4172 ἀφελέσθαι
3945 4107 4043 4176 τὴν

2458 4199 2708 4270 δωρεάν;
2751 4196 3092 4268 ’Δνάμεινον,
3126 4196 3222 4249 καὶ
3246 4195 3459 4266 ἀκούσῃ
3483 4195 3721 4258 πάντως.
3764 4196 4043 4265 Ἐννόησον

2461 4292 2568 4361 γὰρ
2600 4289 2684 4355 τίς
2705 4288 2934 4359 έμελλεν
2958 4289 2988 4341 6
3026 4287 3169 4342 Κάῖν
3212 4285 3455 4351 ἔσεσθαι,
3483 4287 3543 4341 ἐν
3587 4285 3901 4357 παραδείσῳ
3931 4286 4046 4339 δια·

2462 4382 2666 4451 τρίϐων
2717 4381 2857 4451 μετά
2898 4380 2999 4451 τὴν
3031 4379 3370 4450 μιαιφονίαν.
3418 4379 3484 4433 Εί
3518 4378 3631 4449 γὰρ
3668 4378 3764 4431 καὶ
3797 4378 4045 4431 ἐκπεσὼν

2465 4472 2679 4543 ἐκείνης
2706 4474 2807 4542 τῆς
2849 4472 3095 4540 διαίτης,
3134 4472 3182 4524 εί
3213 4471 3400 4541 μόχθῳ
3439 4470 3535 4524 καὶ
3562 4468 3710 4539 πόνῳ
3743 4468 4041 4521 καταδικαο

2468 4565 2616 4627 σθεὶς
2668 4563 2764 4618 καὶ
2806 4562 2902 4615 106
2940 4562 3170 4616 θανάτου
3219 4563 3317 4631 τὴν
3369 4561 3602 4631 ἀπειλὴν
3655 4559 4045 4634 ἐπηρτημένην

2463 4658 2629 4730 ὀρῶν,
2649 4657 2698 4709 εί
2724 4654 2818 4709 τοῦ
2841 4653 3048 4724 πατρὸς
3076 4654 3182 4725 πρὸ
3207 4653 3625 4724 τῶνρφθαλμῶν
3657 4650 3869 4720 βλέπων
3893 4647 4045 4721 [251]

2463 4750 2563 4821 τὴν
2598 4744 2885 4817 συμφορὰν
2915 4743 3010 4797 καὶ
3033 4744 3091 4795 ἐν
3118 4746 3303 4814 χερσὶν
3325 4744 3463 4813 έχων
3509 4741 3589 4795 ἐτι
3621 4741 3721 4813 τῆς
3749 4739 3921 4810 όργῆς
3952 4738 4047 4793 τοῦ

2464 4840 2600 4895 Θεοῦ
2634 4839 2705 4892 τά
2741 4838 2884 4909 ἴχνη,
2914 4835 3009 4890 καὶ
3034 4835 3308 4899 τοσούτοις
3356 4831 3896 4904 περιεστοιχισμένος
3942 4830 4051 4883 δει-

2466 4938 2598 5000 νοῖς,
2631 4936 2711 4998 είς
2736 4930 2992 4987 τοσοῦτον
3030 4928 3340 4995 ἐξελάκτισε
3373 4926 3659 4998 πονηρίας,
3698 4924 3828 4979 ὥστ’
3852 4924 4050 4993 ἀγνοῆ⁸

2468 5046 2559 5081 σαι
2589 5028 2688 5099 τὴν
2724 5026 2910 5097 φύσιν,
2964 5023 3061 5076 κα)⁹
3093 5021 3442 5075 ἐπιλαθέσθαι
3483 5020 3584 5086 τῆς
3625 5015 3912 5080 κοινωνίας
3939 5016 4048 5068 τῶν

2466 5118 2692 5182 ὠδίνων,
2727 5118 2823 5172 καὶ
2858 5116 2953 5168 τὸν
2982 5113 3134 5166 οὐδὲν
3156 5110 3453 5181 ἡδικηκότα
3479 5106 3716 5175 σφάξαι,
3764 5105 3860 5158 καὶ
3896 5103 4049 5157 ἀδελ-

2470 5209 2629 5279 φικοῦ
2665 5209 2919 5279 σώματος
2941 5203 3183 5273 ἅψασθαι
3234 5204 3329 5256 καὶ
3356 5199 3588 5269 αἱμάξαι
3609 5196 3706 5267 τὴν
3727 5196 3928 5262 δεξιὰν,
3955 5194 4048 5247 καὶ

2468 5302 2562 5355 τοῦ
2588 5301 2723 5355 Θεοῦ
2757 5295 3147 5372 παραινοῦντος
3177 5293 3469 5365 ἡσυχάζειν
3493 5290 3567 5360 μὴ
3596 5287 3911 5357 ἀνέχεσθαι,
3934 5284 4046 5339 ἀλλ’

2470 5395 2687 5465 ὑϐρίσαι
2725 5393 2817 5446 τὸν
2850 5387 3220 5457 πεποιηκότα,
3257 5384 3520 5453 ἀτιμάσαι
3565 5383 3692 5446 τοὺς
3724 5377 4023 5450 γεγεννηκό

2468 5505 2587 5551 τας,
2618 5488 2667 5541 εί
2694 5489 2750 5539 ἐν
2782 5480 3099 5553 παραδείσῳ
3135 5475 3402 5547 διέτριϐεν
3448 5469 3639 5539 οὗτος,
3681 5472 3872 5525 σκόπει
3914 5466 4046 5538 πρὸς

2468 5583 2600 5653 ὅσην
2628 5579 2693 5634 ἂν
2723 5578 2893 5648 ἡλασε
2920 5571 3142 5625 κακίαν.
3173 5570 3236 5623 El
3258 5569 3364 5639 γάρ
3385 5568 3656 5622 τοσούτων
3686 5560 4046 5653 ἐπικειμένων

2468 5648 2577 5726 τῶν
2619 5667 2875 5742 χαλινῶν,
2937 5662 3215 5732 θανάσιμα
3263 5660 3559 5733 ἐσκίρτησε
3599 5653 3967 5725 σκιρτήματα.
3998 5648 4044 5703 τί

2532 5830 2558 5860 ⁸
2586 5827 2719 5878 L‘nus
2738 5823 2875 5876 Colb.
2904 5821 2988 5877 τήν
3013 5818 3236 5867 ἐπίνοιαν.
