4408 6702
383 422 490 479 2η

384 536 601 591 homine
641 536 943 608 gloriosius.
988 537 1113 589 Erat
1156 535 1245 589 ille
1292 544 1556 604 postrema
1600 551 1725 606 pars
1761 537 1969 591 ratione

384 627 620 694 pnedita:
647 636 906 682 creaturae
931 667 945 691 ,
978 623 1072 677 sed
1106 626 1268 692 pedes
1306 636 1463 695 caput
1493 635 1810 690 evaserunt,
1839 635 1891 681 et
1919 627 1969 679 in

383 716 636 771 thronum
678 717 883 785 regium
915 729 1009 782 per
1036 714 1290 781 primitias
1327 724 1453 770 sunt
1489 715 1679 769 evecti.
1708 714 1973 781 Quemad-

382 810 599 863 modum
630 809 772 863 enim
800 808 843 860 si
885 805 1045 859 homo
1072 807 1332 877 quispiam
1378 807 1617 862 liberalis
1643 821 1705 862 ac
1735 808 1974 878 magnifi-

379 917 495 966 cus,
532 916 652 955 cum
681 897 873 952 viderit
902 896 1132 965 aliquem
1163 899 1497 970 naufragum,
1529 898 1618 968 qui
1648 898 1818 953 solum
1847 916 1971 954 cor-

380 1008 477 1059 pus
509 992 707 1046 nudum
734 1004 801 1043 ex
832 990 1075 1044 fluctibus
1099 992 1304 1062 eripere
1342 991 1513 1061 potuit
1536 1031 1551 1052 ,
1578 989 1781 1059 supinis
1807 990 1975 1044 mani-

378 1083 478 1136 lms
508 1098 630 1136 eum
653 1079 902 1148 excipiat,
929 1088 983 1134 et
1005 1081 1227 1136 candida
1248 1090 1395 1137 veste
1418 1080 1660 1134 indutum
1680 1080 1740 1153 in
1766 1094 1974 1135 summo

381 1173 609 1227 honoris
647 1170 814 1240 gradu
857 1170 1123 1225 collocet:
1158 1173 1226 1226 ita
1268 1174 1408 1227 Deus
1450 1181 1691 1226 naturam
1739 1181 1972 1226 nostram

382 1264 653 1317 tractavit.
678 1261 867 1316 Omnia
890 1277 1009 1330 quae
1036 1261 1263 1318 habebat
1288 1263 1449 1317 homo
1472 1261 1793 1332 perdiderat,
1816 1262 1976 1316 liber-

382 1364 549 1407 tatem
577 1351 827 1422 loquendi
854 1365 916 1404 ac
944 1351 1207 1416 fiduciam,
1236 1352 1676 1408 consuetudinem
1698 1366 1817 1405 cum
1843 1352 1972 1418 Deo,

382 1444 851 1499 conversationem
881 1442 933 1495 in
967 1443 1231 1511 paradiso.
1260 1445 1421 1498 vitam
1446 1443 1766 1497 calamitatis
1790 1458 1977 1510 esper-

381 1544 515 1599 tem,
549 1546 604 1590 et
630 1548 897 1605 tamquam
930 1551 997 1589 ex
1035 1535 1306 1606 naufragio
1336 1537 1510 1591 nudus
1552 1535 1677 1590 inde
1702 1536 1975 1601 exiverat;

380 1628 479 1681 sed
512 1629 649 1683 Deus
677 1628 825 1683 illum
857 1635 1135 1695 exceptum
1174 1628 1453 1683 confestim
1490 1628 1694 1681 amiciit
1718 1668 1732 1691 ,
1765 1636 1819 1681 et
1846 1642 1978 1695 pau-

389 1720 539 1773 latim
570 1736 727 1773 manu
757 1720 974 1773 ductum
1006 1719 1056 1771 in
1096 1720 1282 1773 caelum
1315 1719 1511 1774 evexit.
1543 1718 1701 1788 Atqui
1736 1731 1839 1771 non
1867 1724 1982 1771 erat

386 1815 543 1867 venia
569 1812 787 1881 dignum
821 1809 1185 1879 naufragium;
1215 1826 1387 1881 neque
1424 1811 1568 1865 enim
1598 1810 1668 1864 ob
1698 1818 1978 1863 ventorum

388 1907 670 1974 impetum,
702 1902 797 1956 sed
826 1902 895 1954 ob
921 1902 1195 1971 segnitiem
1222 1903 1336 1973 ejus
1360 1944 1373 1969 ,
1402 1904 1491 1973 qui
1523 1900 1840 1973 navigabat,
1872 1908 1981 1955 tota

387 1995 473 2049 illa
506 2003 796 2061 tempestas
823 1993 1105 2046 acciderat.

463 2085 525 2137 In
550 2094 701 2152 portu
736 2083 1061 2153 naufragium
1092 2083 1205 2151 fecit
1236 2082 1477 2137 Adamus.
1506 2114 1577 2123 —
1603 2083 1980 2138 Verumtamen

388 2177 457 2229 ad
493 2176 593 2229 hoc
635 2190 741 2228 non
787 2175 1021 2243 respexit
1068 2174 1208 2229 Deus
1232 2215 1248 2240 ,
1280 2175 1371 2228 sed
1403 2175 1517 2242 ejus
1560 2176 1980 2230 misericordiam

389 2266 713 2322 calamitatis
734 2266 1041 2335 magnitudo
1062 2266 1369 2329 commovit,
1400 2280 1629 2335 eumque
1646 2266 1731 2332 qui
1755 2266 1804 2319 in
1830 2276 1982 2335 portu

391 2358 725 2427 naufragium
756 2356 971 2421 fecerat,
1010 2356 1230 2425 perinde
1256 2357 1408 2425 quasi
1438 2356 1613 2410 medio
1641 2357 1691 2409 in
1722 2357 1908 2427 pelago
1934 2357 1985 2411 id

393 2466 583 2519 passus
603 2460 772 2514 esset,
803 2450 1028 2519 benigne
1056 2464 1116 2502 ac
1140 2449 1429 2502 liberaliter
1452 2450 1661 2518 excepit
1688 2467 1699 2502 :
1724 2448 1986 2518 siquidem

392 2541 446 2594 in
474 2540 719 2608 paradiso
747 2540 953 2609 lapsum
983 2555 1122 2601 esse,
1151 2538 1200 2592 id
1232 2553 1362 2593 vero
1387 2549 1469 2593 est
1499 2539 1550 2592 in
1583 2546 1738 2609 portu
1767 2536 1986 2591 naufra-

390 2630 537 2699 gittm
568 2630 774 2683 fecisse.
806 2629 939 2696 Quid
985 2630 1094 2683 ita?
1121 2629 1253 2695 Quia
1298 2644 1417 2682 cum
1464 2629 1697 2683 nondum
1729 2628 1940 2683 tristitia
1966 2670 1982 2693 ,

394 2720 634 2773 nondum
663 2720 960 2774 sollicitudo
979 2760 994 2784 ,
1033 2735 1131 2775 nec
1157 2721 1368 2774 labores
1387 2762 1402 2786 ,
1433 2735 1533 2775 nec
1566 2736 1817 2775 atrumnaz
1837 2762 1852 2785 ,
1886 2736 1985 2776 nec

397 2812 665 2865 innumeri
691 2813 881 2865 fluctus
904 2812 1179 2865 libidinum
1208 2812 1261 2865 in
1293 2821 1533 2866 naturam
1563 2820 1800 2867 nostram
1830 2813 1986 2867 ειυνί-

394 2911 552 2963 rent,
586 2902 956 2970 supplantatns
986 2911 1067 2956 est
1098 2913 1151 2955 et
1179 2904 1395 2957 corruit.
1439 2903 1507 2957 Et
1536 2904 1985 2974 quemadmodum

394 2992 485 3061 qui
516 2994 567 3045 in
601 2993 732 3045 mari
763 2992 1013 3061 navigant
1055 2992 1280 3045 malefici
1310 2993 1551 3047 homines
1575 3036 1588 3059 ,
1620 2995 1815 3061 exiguo
1845 2994 1986 3049 ferro

396 3084 575 3137 navim
607 3098 749 3151 saepe
780 3084 1144 3153 perforantes,
1172 3091 1339 3137 totum
1371 3100 1514 3140 mare
1545 3086 1595 3140 in
1622 3085 1887 3155 navigium
1918 3084 1986 3139 ab

398 3173 639 3227 infcriori
689 3183 839 3241 parte
892 3174 1185 3228 immittunt
1229 3192 1241 3226 :
1284 3175 1360 3227 sic
1412 3175 1661 3229 nimirum
1718 3185 1771 3230 et
1810 3175 1982 3229 navim

397 3266 590 3321 Adami
622 3282 741 3319 cum
774 3266 977 3321 videret
1003 3266 1271 3331 diabolus,
1304 3266 1407 3322 hoc
1434 3276 1517 3322 est
1543 3268 1775 3321 animam
1807 3267 1986 3321 multis

395 3360 649 3414 refertam
681 3361 870 3427 bonis,
914 3362 1175 3415 accedens
1216 3372 1482 3430 tamquam
1525 3358 1731 3414 minuto
1760 3357 1988 3427 quodam

394 3450 539 3504 ferro
581 3451 805 3519 simplici
838 3466 967 3505 voce
1013 3450 1337 3521 perforavit,
1379 3460 1433 3505 et
1475 3464 1663 3505 omnes
1701 3448 1818 3518 ejus
1860 3463 1991 3518 opes

395 3542 679 3604 exhausit,
716 3542 988 3611 ipsamque
1015 3543 1260 3614 cymbam
1289 3542 1596 3596 submersit.
1638 3542 1708 3595 At
1739 3541 1877 3595 Deus
1907 3540 1989 3594 ef-

396 3632 524 3686 fecit
544 3675 559 3697 ,
591 3642 646 3685 ut
688 3632 890 3688 lucrum
930 3634 1128 3687 damno
1154 3632 1323 3701 majus
1351 3642 1527 3696 esset,
1561 3642 1614 3687 et
1640 3633 1708 3685 ad
1736 3633 1987 3685 thronum

397 3725 603 3793 regium
655 3733 895 3777 naturam
950 3734 1182 3779 nostram
1227 3724 1435 3779 extulit.
1480 3722 1739 3791 Quocirca
1791 3723 1988 3777 Paulus

395 3816 558 3869 etiam
588 3816 781 3869 clamat
806 3814 991 3870 dicens
1020 3832 1032 3867 :
1063 3814 1504 3879 Conresuscitavit,
1532 3826 1578 3869 et
1598 3816 1869 3869 consedere
1898 3832 1989 3868 nos

404 3907 522 3976 [erit
552 3907 603 3959 in
644 3906 850 3960 dextera
876 3924 968 3960 sua
1009 3907 1058 3959 in
1085 3906 1359 3960 ca'lestibus
1383 3948 1396 3964 .
1428 3917 1481 3959 ut
1509 3905 1790 3961 ostenderet
1816 3906 1868 3959 in
1896 3922 1991 3959 str-

400 4000 530 4051 rulis
551 3998 1007 4066 supervenientibus
1034 3996 1347 4049 abundantes
1372 3996 1569 4048 divitias
1592 3996 1769 4064 gratia:
1788 4012 1911 4056 suae.
1938 3996 1989 4048 in

400 4091 626 4143 bonitate
653 4105 803 4157 super
828 4106 919 4142 nos
946 4088 1172 4160 (Epltes.
1201 4086 1255 4140 2.
1285 4087 1335 4140 6.
1364 4085 1448 4157 7).
1478 4086 1609 4153 Quid
1637 4087 1751 4138 ais?
1768 4086 1875 4153 jam
1903 4100 1989 4139 res

400 4181 581 4233 evenit
607 4188 661 4233 et
688 4180 844 4232 finem
878 4178 1057 4241 habet,
1085 4188 1139 4232 et
1165 4178 1296 4233 dicis
1324 4195 1336 4231 :
1366 4176 1431 4232 Ut
1460 4176 1735 4231 ostenderet
1762 4176 1812 4227 in
1833 4191 1989 4228 sicci:-

401 4270 464 4322 lis
504 4269 1003 4338 supervenientibus?
1030 4284 1205 4323 annon
1245 4269 1386 4323 enim
1427 4267 1699 4321 ostendit?
1725 4266 1839 4321 Jam
1870 4265 1988 4334 qui-

400 4358 523 4411 dem
552 4358 823 4421 ostendit,
855 4359 948 4412 sed
982 4373 1085 4411 non
1118 4360 1365 4412 omnibus
1404 4359 1706 4411 hominibus
1728 4400 1742 4421 ,
1771 4365 1825 4409 at
1864 4355 1990 4408 mihi

400 4450 491 4517 qni
523 4462 641 4501 sum
674 4446 845 4502 fidelis
886 4466 899 4501 :
942 4448 1170 4503 infidelis
1207 4458 1382 4503 autem
1414 4448 1728 4502 miraculum
1760 4444 1991 4501 nondum

403 4539 559 4593 vidit.
591 4537 725 4591 Tum
752 4554 878 4593 vero
908 4538 997 4592 illo
1022 4538 1109 4592 die
1136 4548 1319 4592 natura
1349 4539 1524 4593 omnis
1551 4538 1781 4593 humana
1806 4538 1857 4591 in
1884 4550 1995 4591 me-

402 4634 551 4687 dium
582 4644 878 4701 progressa,
909 4630 1049 4701 quod
1074 4630 1164 4685 fiet
1190 4630 1558 4697 admirabitur,
1586 4632 1848 4700 przecipue
1867 4644 1994 4684 vero

404 4724 561 4779 nobis
579 4721 739 4777 etiam
764 4730 872 4775 tum
900 4720 1233 4777 manifestius
1256 4724 1379 4777 erit.
1408 4720 1522 4777 Jam
1544 4722 1683 4777 enim
1705 4721 1993 4784 credimus,

401 4815 498 4871 sed
523 4828 630 4867 non
647 4828 716 4867 ex
739 4827 891 4881 aequo
912 4812 1225 4867 miraculum
1248 4814 1495 4883 exprimit
1516 4813 1726 4868 auditus
1744 4823 1798 4868 et
1815 4814 1990 4866 visus:

403 4908 499 4963 sed
532 4904 981 4977 quemadmodum
1012 4904 1062 4957 in
1088 4906 1302 4975 regibus
1330 4906 1456 4960 dum
1484 4920 1765 4975 purpuram
1798 4914 1848 4959 et
1875 4903 1993 4957 dia-

407 5000 567 5053 dema
610 5004 663 5050 et
699 5009 885 5049 aureas
911 5003 1085 5049 vestes
1122 4996 1425 5066 soliumque
1466 4997 1667 5067 regium
1710 4994 1951 5048 audimus
1976 5034 1990 5056 ,

406 5088 741 5143 admiramur
761 5085 993 5157 quidem,
1016 5095 1067 5139 at
1094 5085 1260 5139 multo
1286 5087 1512 5155 amplius
1535 5087 1584 5141 id
1608 5086 1759 5141 nobis
1780 5084 1991 5148 accidit,

404 5197 531 5235 eum
562 5178 851 5233 contractis
878 5176 1057 5232 auleis
1084 5176 1253 5245 ipsum
1297 5176 1346 5228 in
1380 5178 1593 5232 sublimi
1624 5176 1995 5249 prmsidentem

405 5271 680 5325 cernimus
703 5268 949 5324 tribunali
977 5284 992 5322 :
1021 5267 1095 5322 sic
1115 5274 1167 5321 et
1194 5267 1245 5321 in
1271 5265 1576 5335 Unigenito,
1605 5284 1724 5322 eum
1748 5266 1995 5322 cmlorum

408 5362 703 5416 viderimus
727 5361 891 5416 anima
918 5367 1205 5424 contracta,
1238 5367 1291 5413 et
1310 5358 1509 5427 Regem
1539 5361 1847 5428 angelorum
1880 5358 2001 5413 inde

408 5453 829 5511 descendentem
857 5469 885 5506 a
909 5454 1209 5509 caelestibus
1237 5450 1424 5507 turmis
1446 5450 1717 5519 stipatum,
1742 5460 1850 5505 ttun
1873 5466 2001 5506 vero

411 5547 586 5615 majus
617 5544 932 5597 miraculum
966 5546 1118 5601 nobis
1149 5544 1421 5600 oculorum
1452 5541 1748 5595 ministerio
1772 5557 2001 5611 appare-

411 5644 507 5695 bit.
536 5638 722 5707 Cogita
746 5652 974 5707 namque
1001 5639 1156 5707 quale
1182 5638 1251 5692 sit
1276 5647 1515 5692 naturam
1543 5643 1777 5689 nostram
1801 5634 2002 5689 Cheru-

410 5735 552 5789 binis
575 5732 833 5785 invectam
860 5728 1071 5796 intueri,
1094 5739 1369 5803 totumque
1393 5726 1682 5801 angelicum
1704 5726 2003 5782 exercitum

412 5824 486 5880 illi
517 5819 917 5878 circumfusum.

1166 428 1508 487 DzEMONES
1547 427 1682 483 NON
1720 424 2142 485 GUBERNARE
2182 424 2493 481 MUNDUM.
2538 424 2768 480 IIOMIL.
2807 424 2847 479 l.

3563 430 3668 486 918

2152 536 2205 590 3.
2249 535 2398 590 Pauli
2428 550 2556 591 vero
2592 535 2905 606 sapientiam
2944 551 3156 609 quoque
3194 537 3325 594 mihi
3352 539 3632 596 consident
3654 583 3668 607 ,

2077 640 2237 695 quam
2270 625 2435 680 multa
2467 626 2683 680 nomina
2713 627 3026 695 conquirat,
3058 638 3116 683 ut
3140 629 3375 683 divinam
3405 635 3672 700 exprltnat

2077 714 2479 784 benignitatem.
2526 715 2641 769 Non
2687 717 2829 770 enim
2877 716 3009 772 dtxit
3056 719 3371 789 simpliciter
3399 721 3623 790 gratiam
3656 760 3673 785 ,

2079 823 2253 876 neque
2281 806 2594 875 simpliciter
2623 806 2834 861 divitias
2858 850 2873 871 ,
2903 809 2995 863 sed
3038 811 3199 879 quid?
3230 810 3556 867 Abundantes
3587 812 3670 865 di-

2078 902 2225 954 vitias
2252 900 2427 969 gratia
2452 900 2504 955 in
2536 900 2757 955 bonitate
2798 898 3025 969 (Ephes.
3053 900 3109 955 2.
3139 902 3223 972 7).
3254 902 3361 958 Sed
3386 918 3559 974 neque
3593 904 3673 957 sic

2081 1003 2260 1046 tamen
2289 993 2588 1061 exprimere
2628 990 2818 1061 potuit.
2855 990 2919 1045 Et
2962 993 3408 1061 quemadmodum
3438 992 3587 1048 lmvia
3618 1004 3673 1048 et

2078 1083 2283 1138 lubrica
2320 1098 2542 1152 corpora
2576 1083 2698 1137 licet
2739 1082 3034 1137 innumeris
3072 1084 3315 1138 manibus
3352 1092 3671 1150 teneantur.

2081 1173 2238 1228 nobis
2258 1172 2537 1228 elabuntur
2556 1183 2610 1229 et
2636 1172 2789 1228 facile
2818 1172 3075 1241 effugiunt
3099 1191 3111 1226 :
3136 1175 3213 1230 sic
3232 1185 3285 1229 et
3310 1176 3404 1231 Dei
3428 1177 3673 1245 benigni-

2082 1276 2244 1321 tatem
2276 1267 2715 1336 quantiscumqne
2746 1264 3052 1319 nominibus
3079 1266 3362 1335 complecti
3391 1282 3671 1333 conemur,

2082 1372 2151 1411 ne
2177 1356 2254 1411 sic
2284 1356 2497 1426 quidem
2526 1356 2983 1426 comprehendere
3012 1371 3328 1425 possumus,
3360 1357 3453 1411 sed
3478 1358 3673 1413 verbo-

2084 1462 2201 1502 rum
2228 1454 2529 1500 nostrorum
2558 1446 2972 1500 imbecillitatem
3002 1446 3019 1477 ι
3041 1446 3159 1515 ejus
3187 1445 3495 1515 magnitudo
3517 1446 3676 1515 longo

2084 1546 2302 1607 superat
2331 1536 2632 1590 intervallo.
2662 1536 2812 1602 Quod
2844 1553 2962 1591 cum
2990 1546 3243 1609 expertus
3270 1547 3411 1592 esset
3437 1536 3636 1592 Paulus
3654 1577 3675 1605 ,

2084 1639 2137 1683 et
2186 1630 2350 1698 ipsius
2399 1626 2763 1697 magnitudine
2806 1629 3086 1683 verborum
3138 1629 3246 1683 vim
3293 1638 3540 1684 cerneret
3582 1644 3676 1683 su-

2085 1720 2260 1789 perari
2287 1761 2301 1785 ,
2334 1734 2441 1773 uno
2484 1718 2694 1789 prolato
2724 1718 2887 1772 verbo
2930 1718 3195 1773 discessit.
3225 1718 3506 1786 Quodnam
3549 1719 3676 1773 illud

2087 1820 2171 1865 est
2200 1809 2449 1865 tandem?
2485 1808 2661 1863 Gratia
2689 1820 2857 1862 autent
2884 1807 2993 1863 Deo
3010 1826 3162 1879 super
3190 1810 3520 1863 inenarrabili
3546 1810 3680 1863 dono

2088 1904 2199 1973 ejus
2224 1902 2241 1974 (
2258 1904 2312 1956 2.
2342 1903 2459 1956 Cor.
2486 1902 2540 1957 9.
2571 1902 2691 1972 l5).
2721 1902 2903 1972 Neque
2928 1902 3070 1957 enim
3103 1916 3283 1956 sermo
3310 1900 3452 1955 ullus
3470 1941 3484 1962 ,
3510 1915 3678 1970 neque

2089 2009 2243 2049 mens
2260 1995 2362 2049 ulla
2382 1994 2469 2048 Dei
2490 1994 2869 2062 providentiam
2889 1995 3081 2063 poterit
3097 1992 3676 2062 exprimere.Pr0pter-

2093 2102 2156 2142 ea
2184 2086 2269 2140 hic
2293 2084 2505 2155 quidem
2522 2083 2931 2138 iueuarrabilem
2953 2083 3093 2137 illam
3111 2084 3184 2137 ait
3204 2098 3346 2148 esse,
3365 2081 3678 2136 alibiautetn

2088 2186 2140 2232 et
2162 2188 2393 2231 mentem
2423 2184 2661 2229 nostram
2692 2173 3133 2241 exsuperare,sic
3158 2173 3340 2226 dicens
3370 2190 3382 2225 :
3414 2171 3529 2225 Pax
3555 2170 3678 2236 Dei,

2088 2285 2200 2337 qua!
2227 2276 2494 2332 exsuperat
2532 2282 2729 2321 onmem
2758 2275 2971 2319 mentem
2989 2306 3004 2329 ,
3037 2265 3283 2319 custodiet
3320 2265 3476 2318 corda
3496 2275 3677 2319 vestra.

2093 2360 2274 2431 (mist.
2303 2362 2357 2416 t.
2390 2362 2478 2431 7).

2164 2472 2302 2526 Deus
2322 2489 2419 2526 non
2435 2490 2549 2526 cum
2572 2472 2660 2525 dat
2682 2472 2850 2535 modo,
2867 2471 2956 2525 sed
2979 2471 3129 2524 etiam
3156 2486 3270 2523 cum
3290 2472 3477 2541 aufert,
3501 2468 3682 2523 bonus.

2092 2593 2161 2604 —
2182 2562 2286 2619 Sed
2310 2563 2451 2633 quod
2474 2562 2739 2626 dicebam,
2757 2561 2863 2615 duo
2881 2560 3093 2630 quidem
3116 2559 3372 2615 hactenus
3386 2558 3681 2614 defensioni

2092 2670 2239 2725 repet
2254 2655 2291 2709 ti
2318 2663 2442 2709 sunt
2488 2653 2632 2708 modi
2662 2670 2677 2706 :
2709 2667 2847 2707 unus
2869 2692 2884 2715 ,
2915 2650 3058 2721 quod
3102 2666 3207 2705 non
3254 2652 3392 2705 Deus
3425 2650 3681 2719 eiecerit,

2090 2746 2185 2803 sed
2226 2760 2324 2801 nos
2364 2746 2704 2801 amiserimus
2745 2763 2757 2797 :
2802 2743 3104 2808 secundus,
3147 2741 3291 2812 quod
3337 2740 3483 2809 plura
3523 2756 3682 2810 quam

2091 2842 2301 2897 fuerant
2320 2856 2350 2894 a
2372 2838 2528 2894 nobis
2554 2838 2771 2901 amissa,
2797 2837 2849 2891 in
2880 2850 2978 2890 nos
3004 2835 3195 2890 collata
3223 2834 3332 2888 sint
3361 2834 3498 2887 bona
3523 2848 3539 2887 :
3561 2833 3683 2888 volo

2092 2943 2269 2986 autem
2300 2940 2355 2986 et
2383 2932 2596 2985 tertium
2622 2928 2825 2982 dicere.
2852 2925 2983 2992 Quis
3010 2940 3137 2994 ergo
3159 2927 3345 2979 tertius
3373 2925 3500 2980 est?
3527 2922 3681 2991 Quod

2093 3024 2343 3077 nimirum
2370 3020 2576 3076 etiamsi
2604 3018 2808 3088 majora
2836 3032 2994 3087 quam
3022 3016 3232 3071 fuerant
3254 3016 3471 3080 amissa,
3500 3024 3683 3084 postea

2092 3130 2199 3170 non
2231 3114 2489 3176 dedisset,
2522 3111 2616 3167 sed
2650 3126 2767 3180 qua:
2792 3108 2916 3162 data
2944 3106 3177 3171 fuerant,
3208 3114 3412 3160 tantum
3437 3106 3685 3160 abstulis-

2091 3216 2193 3271 set,
2215 3220 2335 3261 cum
2360 3218 2458 3257 nos
2478 3217 2692 3257 causam
2713 3200 3046 3254 dedissemus
3068 3197 3205 3261 (hoc
3223 3197 3365 3252 enim
3387 3194 3644 3264 addatur)
3666 3211 3681 3249 :

2093 3296 2194 3350 hoc
2220 3309 2429 3364 quoque
2458 3292 2756 3347 suffecisset
2786 3306 2946 3344 unum
2990 3288 3055 3343 ad
3098 3289 3263 3358 ipsius
3296 3287 3683 3357 providentiam

2094 3399 2149 3443 et
2176 3402 2357 3441 curam
2386 3399 2512 3455 erga
2555 3399 2652 3437 nos
2691 3380 3099 3437 ostendendam.
3141 3378 3323 3449 Neque
3367 3380 3512 3433 enim
3541 3378 3682 3448 quod

2095 3482 2186 3535 det
2214 3490 2415 3534 tantum
2436 3520 2451 3544 ,
2475 3477 2569 3533 sed
2606 3476 2767 3531 etiam
2797 3474 2939 3544 quod
2978 3488 3097 3542 qua:
3134 3471 3255 3526 data
3292 3481 3417 3527 sunt
3440 3471 3681 3533 auferat,

2098 3573 2344 3628 maxima:
2370 3570 2638 3640 specimen
2669 3582 2777 3637 pra:
2802 3581 2860 3619 se
2887 3564 2990 3620 fert
3014 3562 3377 3633 benignitatis.
3404 3563 3479 3615 Ac
3503 3562 3547 3615 si
3573 3560 3686 3629 pla.

2094 3671 2213 3726 cet,
2245 3676 2309 3713 ex
2350 3674 2601 3713 sermone
2627 3657 2694 3711 de
2722 3655 2968 3725 paradiso
3014 3653 3063 3707 id
3094 3653 3380 3707 ostendere
3414 3651 3689 3721 aggredia-

2096 3768 2235 3807 mur.
2260 3748 2569 3804 Paradisum
2597 3746 2840 3811 dederat,
2874 3745 2976 3799 hoc
3006 3744 3173 3813 ipsius
3201 3758 3343 3797 cura:
3374 3740 3473 3795 fuit
3501 3760 3515 3793 :
3548 3740 3687 3794 indi-

2096 3845 2183 3915 gni
2209 3843 2311 3898 hoc
2342 3854 2561 3896 munere
2588 3839 2688 3893 visi
2717 3851 2922 3901 sumus,
2952 3836 3054 3891 hoc
3081 3844 3277 3889 nostra:
3304 3833 3401 3887 fuit
3426 3832 3687 3902 improbi-

2097 3936 2219 3991 tatis
2250 3951 2261 3987 :
2290 3933 2513 3988 abstulit
2556 3945 2750 3985 munus
2797 3928 2900 3981 illis
2921 3968 2937 3993 ,
2968 3928 3057 3997 qui
3109 3925 3307 3993 indigni
3354 3933 3637 3979 evaserant
3670 3940 3684 3976 :

2100 4026 2201 4080 hoc
2243 4024 2408 4094 ipsius
2448 4022 2669 4076 bonitati
2711 4017 3051 4073 tribuendqu
3094 4024 3195 4072 est.
3230 4016 3294 4068 Et
3321 4030 3440 4083 qure
3472 4013 3685 4069 tandem

2100 4120 2212 4173 lucc
2243 4118 2451 4172 bonitas
2470 4125 2554 4169 est
2578 4129 2692 4168 rem
2720 4112 2896 4165 datam
2923 4110 3179 4164 auferre?
3207 4109 3551 4174 Exspecta,et
3573 4122 3692 4161 om.

2098 4209 2225 4261 nino
2249 4206 2453 4261 audies.
2480 4203 2666 4271 Cogita
2695 4215 2923 4268 namque
2945 4200 3065 4269 quis
3095 4197 3305 4252 futurus
3327 4196 3513 4250 fuisset
3533 4195 3686 4261 Cain,

2096 4299 2139 4351 si
2182 4306 2303 4367 post
2348 4294 2693 4348 homicidium
2738 4294 2790 4345 in
2831 4290 3078 4360 paradiso
3121 4288 3425 4342 mansisset.
3452 4284 3507 4341 Si
3546 4286 3688 4339 enim

2096 4404 2217 4443 cum
2247 4387 2314 4441 ab
2344 4386 2429 4441 illa
2476 4382 2807 4438 habitatione
2847 4381 3172 4445 excidisset,
3208 4380 3251 4433 si
3278 4378 3344 4432 ad
3380 4378 3613 4432 laborem
3634 4387 3690 4433 et

2099 4494 2363 4536 terumnas
2385 4479 2670 4533 damnatus
2690 4485 2745 4529 et
2770 4474 2955 4529 mortis
2980 4474 3153 4527 minas
3175 4474 3386 4527 intuens
3407 4471 3692 4527 imminen-

2102 4585 2204 4640 tes,
2236 4572 2282 4627 si
2306 4587 2425 4628 cum
2451 4578 2575 4624 ante
2603 4567 2790 4623 oculos
2815 4564 3038 4636 positam
3070 4563 3306 4630 parentis
3330 4562 3689 4616 calamitatem

2106 4666 2325 4720 haberet
2347 4671 2400 4717 et
2428 4662 2633 4729 objecta
2667 4656 2888 4725 pedibus
2923 4653 3034 4707 suis
3069 4652 3163 4705 ira:
3194 4652 3282 4705 Dei
3315 4652 3535 4719 vestigia
3569 4666 3689 4703 ecr-

2106 4769 2276 4823 neret,
2314 4772 2377 4809 ac
2413 4754 2570 4808 tantis
2600 4750 2754 4803 malis
2779 4748 3169 4815 circumseptus
3192 4752 3371 4804 esset.
3404 4744 3457 4797 in
3488 4752 3688 4798 tantam

2101 4849 2275 4917 erupit
2304 4842 2695 4912 improbitatem
2721 4880 2736 4903 ,
2770 4848 2828 4892 ut
2856 4852 3099 4891 naturam
3133 4838 3420 4905 ignoraret,
3444 4848 3691 4887 commn-

2102 4938 2276 4993 nionis
2303 4947 2485 5005 partus
2513 4932 2943 4994 oblivisci-retur,
2974 4943 3120 4994 eum,
3147 4943 3175 4979 a
3207 4942 3313 4996 quo
3342 4925 3489 4980 nulla
3522 4923 3692 4978 fuerat

2102 5028 2323 5083 affectus
2349 5024 2559 5094 injuria,
2590 5032 2826 5087 necaret,
2861 5020 3147 5074 fraternum
3179 5016 3488 5085 sanguinem
3514 5014 3694 5067 funde-

2107 5130 2223 5187 ret,
2250 5118 2525 5174 dexteram
2555 5122 2880 5177 cruentaret,
2906 5124 3133 5178 cumque
3160 5108 3299 5162 Deus
3327 5106 3472 5159 illum
3500 5104 3693 5158 admo-

2107 5218 2262 5266 neret
2312 5219 2370 5263 ut
2414 5209 2733 5279 quiesceret,
2783 5217 2885 5256 non
2933 5207 3177 5268 pareret,
3219 5196 3310 5251 sed
3358 5194 3693 5250 conditorem

2107 5320 2261 5360 suum
2292 5302 2484 5372 probro
2514 5298 2788 5360 afficeret,
2820 5291 3123 5362 parentibus
3151 5289 3491 5359 ignominiam
3525 5286 3694 5341 infer-

2108 5405 2228 5461 ret,
2258 5393 2345 5448 hic
2382 5392 2426 5446 si
2470 5391 2522 5445 in
2567 5388 2812 5458 paradiso
2840 5394 3081 5437 versatus
3122 5380 3307 5436 fuisset
3330 5422 3345 5446 ,
3374 5378 3614 5448 expende
3642 5380 3692 5432 in

2109 5494 2358 5555 quantam
2393 5480 2679 5549 nequitiam
2728 5475 3071 5545 prorupisset.
3113 5474 3244 5528 Nam
3291 5474 3334 5527 si
3378 5483 3483 5525 tam
3516 5471 3693 5524 multis

2110 5578 2271 5633 frenis
2297 5573 2537 5644 injectis,
2567 5578 2643 5624 tot
2673 5569 2858 5624 letales
2886 5565 3054 5623 Saltus
3079 5565 3260 5633 dedit,
3288 5563 3333 5619 si
3361 5561 3553 5618 sublati
3575 5559 3700 5615 obi-

2173 5796 2191 5826 ³
2226 5800 2352 5843 tinus
2375 5791 2529 5852 Coll)”
2551 5789 2756 5854 ccpimn.
