4408 6694
785 419 895 478 9.19

786 547 881 588 ces
908 533 995 592 isti
1038 536 1303 609 fuissent,
1340 556 1447 613 quo
1480 559 1585 599 non
1614 548 1848 617 seipsum
1878 551 2203 621 prmeipitem
2229 552 2371 623 egis-

785 626 924 678 set?

861 711 985 768 Eva
1012 720 1205 790 profuit
1228 730 1370 774 extra
1399 724 1695 791 paradisum
1722 727 1970 795 fuisse.—
1996 726 2087 783 Vis
2116 732 2276 785 etiam
2306 747 2372 786 ex

785 806 973 861 matris
1003 807 1157 877 hujus
1183 813 1430 881 exemplo
1453 813 1683 882 discere,
1706 829 1957 887 quantum
1982 820 2178 875 bonum
2204 824 2373 877 exsti-

783 899 907 949 terit
936 913 966 951 a
993 900 1222 968 paradisi
1250 902 1575 962 habitatione
1594 910 1895 965 excidisse?
1921 910 2172 968 Scrutare
2199 915 2373 984 qualis

780 998 937 1042 antea
982 1000 1127 1045 esset
1163 992 1317 1060 Eva,
1364 1004 1420 1050 et
1468 998 1643 1067 qualis
1682 1011 1865 1070 postea
1909 1004 2159 1057 evaserit.
2201 1006 2371 1061 Antea

778 1077 993 1146 quidem
1036 1080 1378 1153 deceptorem
1420 1087 1712 1157 diabolum,
1760 1094 2045 1164 malignum
2089 1093 2373 1152 illumdm-

778 1183 992 1224 nionem
1040 1171 1146 1227 fide
1191 1174 1488 1246 digniorem
1537 1180 1628 1236 Dei
1669 1184 1931 1240 mandatis
1949 1185 2289 1250 existimavit,
2316 1196 2372 1243 et

775 1260 893 1314 solo
939 1263 1147 1319 arboris
1183 1278 1404 1336 aspectu
1427 1271 1601 1327 illecta
1646 1275 1802 1331 latam
1832 1278 1901 1332 ab
1929 1278 2021 1333 illo
2049 1278 2220 1347 legem
2248 1278 2366 1333 vio-

778 1349 909 1405 lavit
947 1368 963 1418 ;
1007 1365 1290 1427 postquam
1333 1371 1512 1417 autem
1559 1366 1756 1421 excidit
1785 1368 2050 1436 paradiso,
2079 1384 2184 1439 quo
2212 1378 2366 1438 pacto

776 1445 971 1501 melior
1009 1463 1075 1503 ac
1119 1452 1413 1510 modestior
1440 1455 1510 1509 sit
1554 1457 1707 1524 facta,
1737 1460 2035 1515 considera.
2063 1460 2196 1515 Cum
2222 1462 2364 1515 enim

773 1531 940 1588 ﬁlium
990 1549 1134 1594 esset
1188 1542 1377 1609 enixa,
1432 1544 1682 1613 Possedi,
1738 1549 1925 1620 inquit,
1980 1551 2227 1606 hominem
2276 1568 2366 1620 per

771 1622 943 1680 Deum
986 1628 1142 1694 (Gen.
1173 1634 1231 1687 ιι.
1262 1635 1340 1704 1).
1372 1636 1453 1692 Ad
1487 1639 1766 1694 Dominum
1806 1642 2087 1696 confestim
2129 1644 2364 1713 confugit

767 1727 851 1779 ea,
882 1731 1005 1785 qua:
1035 1719 1317 1776 Dominum
1360 1738 1487 1781 ante
1522 1739 1934 1797 contempserat,
1967 1746 2139 1801 neque
2160 1742 2361 1789 natura:

766 1816 880 1857 rem
908 1807 1185 1876 adscribit,
1228 1826 1400 1883 neque
1441 1818 1763 1873 matrimonii
1803 1819 2005 1890 legibus
2036 1833 2243 1891 partum
2272 1838 2360 1879 ac-

763 1906 976 1963 ceptum
1020 1898 1150 1966 fert;
1188 1904 1282 1958 sed
1334 1917 1535 1962 natura:
1579 1911 1858 1966 Dominum
1906 1917 2165 1984 agnoscit.
2203 1918 2360 1988 eique

764 1998 890 2043 nato
912 1989 1021 2057 jam
1053 1992 1160 2047 filio
1189 2000 1386 2065 gratias
1411 2001 1555 2071 agit:
1580 2020 1806 2074 quaeque
1835 2009 2082 2062 maritum
2113 2019 2267 2064 antea
2303 2011 2357 2065 in

765 2075 1005 2135 fraudem
1034 2081 1297 2151 illexerat,
1321 2088 1487 2143 lilium
1508 2092 1670 2147 etiam
1698 2095 1948 2161 erudivit,
1976 2097 2132 2169 eique
2161 2115 2358 2157 nomen

761 2168 1035 2240 imposuit,
1086 2190 1117 2230 a
1165 2194 1272 2247 quo
1309 2178 1377 2235 de
1416 2180 1511 2236 Dei
1554 2200 1774 2240 munere
1820 2198 1999 2256 posset
2039 2168 2355 2248 admoneri:

759 2275 987 2332 cumque
1038 2267 1268 2323 alterum
1319 2288 1507 2329 rursus
1555 2278 1868 2344 peperisset,
1914 2280 2026 2335 ait:
2077 2281 2355 2339 Suscilavit

760 2354 886 2405 mihi
916 2353 1053 2409 Deus
1077 2375 1243 2412 semen
1271 2378 1365 2429 pro
1389 2364 1533 2429 Abel,
1566 2382 1713 2435 quem
1739 2368 1921 2422 occidit
1949 2368 2077 2425 Cain
2109 2371 2261 2441 (Gen.
2294 2376 2348 2430 4.

756 2443 872 2512 25).
918 2447 1249 2505 Calamitatis
1295 2454 1626 2520 recordatur,
1674 2473 1847 2527 neque
1874 2460 1975 2515 fert
2013 2462 2354 2533 impatienter

760 2536 969 2601 mulier,
996 2539 1090 2593 sed
1121 2541 1313 2597 iterum
1342 2544 1451 2598 Deo
1477 2547 1675 2615 gratias
1699 2549 1823 2618 agit,
1848 2565 1911 2605 ac
1937 2552 2045 2606 lilio
2071 2568 2265 2610 nomen
2286 2571 2355 2612 ex

760 2640 983 2681 munere
1025 2628 1206 2684 divino
1248 2633 1493 2703 imponit,
1542 2638 1699 2707 eique
1743 2650 2052 2711 perpetuam
2095 2644 2355 2701 doctrinae

756 2718 1093 2773 occasionem
1142 2722 1361 2788 praebet.
1404 2725 1501 2789 Ita,
1542 2726 1670 2781 dum
1718 2729 1880 2784 etiam
1923 2732 2163 2799 abstulit,
2210 2736 2354 2792 Deus

757 2807 962 2875 majora
987 2810 1123 2863 bona
1148 2812 1369 2881 largitus
1384 2822 1488 2868 est.
1514 2816 1768 2872 Paradiso
1792 2821 1991 2875 excidit
2010 2824 2221 2891 mulier,
2253 2825 2348 2881 sed

755 2896 821 2949 ad
856 2896 947 2951 Dei
967 2900 1321 2967 cognitionem
1350 2902 1448 2958 hac
1475 2904 1737 2974 ejectione
1759 2908 1988 2965 deducta
2014 2921 2134 2967 est:
2167 2915 2348 2985 itaque

756 2987 876 3056 plus
901 2990 1123 3058 invenit,
1160 3009 1320 3063 quam
1362 2996 1612 3065 perdidit.
1648 2998 1799 3064 Quod
1827 3002 1872 3055 si
1902 3002 2033 3060 utile
2060 3012 2176 3059 erat
2199 3007 2349 3062 exci-

754 3078 886 3133 dere
934 3082 1202 3150 paradiso,
1249 3086 1403 3155 cujus
1444 3088 1521 3142 rei
1562 3090 1731 3159 gratia
1760 3093 2062 3161 paradisum
2103 3098 2172 3152 ab
2197 3097 2349 3155 initio

755 3169 903 3226 dedit
921 3173 1101 3229 Deus?
1126 3174 1338 3233 Utiliter
1357 3178 1460 3234 hoc
1479 3179 1677 3237 factum
1697 3193 1801 3248 est,
1828 3185 1902 3240 mi
1926 3186 2106 3255 homo,
2132 3202 2349 3262 propter

755 3264 1130 3334 negligentiam
1172 3277 1407 3325 nostram
1448 3288 1462 3324 :
1514 3272 1695 3342 itaque
1724 3277 1768 3330 si
1804 3277 1905 3332 sibi
1949 3282 2217 3338 cavissent
2243 3284 2343 3352 illi,

751 3369 816 3408 ac
843 3355 1122 3412 Dominum
1142 3361 1563 3429 agnovissent,et
1587 3366 1752 3421 sobrii
1772 3367 1996 3424 fuissent
2016 3386 2078 3425 ac
2094 3374 2342 3443 modesti,

751 3451 1174 3517 permansissent
1197 3454 1248 3507 in
1271 3454 1503 3523 honore;
1534 3474 1656 3515 cum
1683 3471 1861 3517 autem
1878 3462 2061 3519 datum
2092 3466 2191 3521 sibi
2223 3485 2342 3523 mu-

752 3554 854 3594 nus
900 3540 1191 3611 ignominia
1237 3546 1560 3612 aifecissent,
1607 3559 1733 3606 tunc
1774 3554 1907 3609 utile
1951 3556 2065 3613 fuit.
2101 3566 2157 3612 ut
2180 3558 2345 3627 ejice-

750 3640 957 3685 rentur.
994 3632 1105 3688 Cur
1143 3634 1300 3703 igitur
1345 3638 1476 3695 illud
1524 3641 1675 3697 initio
1715 3643 1862 3699 dedit
1897 3646 2070 3702 Deus?
2103 3649 2169 3705 Ut
2193 3664 2345 3707 suam

751 3723 1060 3779 ostenderet
1088 3725 1490 3798 benignitatem,
1520 3746 1685 3803 seque
1712 3746 1952 3804 paratum
1979 3753 2195 3809 semper
2222 3756 2345 3796 esse

750 3832 850 3872 nos
875 3819 941 3872 ad
981 3820 1213 3887 majores
1259 3822 1492 3880 honores
1534 3830 1860 3897 provehere;
1891 3847 1988 3887 nos
2022 3849 2151 3889 vero
2188 3836 2344 3891 nobis

750 3908 948 3981 ubique
990 3925 1268 3979 poenarum
1312 3922 1366 3968 et
1404 3917 1781 3986 suppliciorum
1829 3931 2075 3978 auctores
2122 3939 2340 3992 sumus,

750 4000 877 4056 dum
925 4017 1026 4056 nos
1069 4003 1214 4072 ipsos
1262 4014 1443 4059 nostra
1490 4007 1735 4062 socordia
1783 4009 1971 4077 bonis,
2023 4029 2143 4083 qua:
2189 4014 2343 4071 nobis

753 4090 961 4147 fuerant
987 4108 1263 4159 concessa,
1293 4095 1581 4165 privamus.
1613 4096 1680 4153 Ut
1708 4099 1867 4171 igitur
1888 4101 2168 4173 indulgens
2192 4115 2345 4175 pater

752 4182 903 4238 initio
929 4185 1140 4255 quidem
1174 4187 1335 4241 lilium
1364 4202 1517 4243 suum
1561 4189 1706 4245 domi
1751 4207 1970 4249 manere
2012 4195 2139 4249 sinit
2167 4205 2221 4251 et
2248 4212 2343 4267 pa-

754 4275 920 4329 ternis
959 4277 1203 4332 omnibus
1251 4278 1349 4333 frui
1392 4279 1577 4342 bonis;
1627 4291 1908 4352 postquam
1965 4293 2144 4340 autem
2192 4285 2340 4342 illum

751 4365 945 4420 viderit
969 4367 1068 4421 hoc
1095 4367 1299 4423 honore
1325 4367 1488 4424 fuisse
1512 4370 1883 4440 depravatum,
1910 4383 2058 4430 arcet
2077 4390 2108 4429 a
2130 4392 2337 4445 mensa,

752 4471 817 4511 ac
839 4457 993 4527 longe
1017 4473 1048 4513 a
1072 4472 1359 4531 conspectu
1385 4476 1484 4516 suo
1511 4463 1757 4527 collocat,
1782 4478 2153 4532 Saepenumero
2177 4468 2337 4524 etiam

754 4560 821 4601 ex
852 4545 983 4617 ipsis
1012 4550 1243 4617 paternis
1272 4550 1475 4606 :edibus
1500 4552 1664 4622 ejicit,
1697 4563 1754 4606 ut
1777 4553 1879 4607 illis
1906 4555 2140 4623 privatus
2163 4566 2218 4613 et
2238 4557 2339 4614 hac

750 4637 1069 4691 contumelia
1104 4647 1157 4692 et
1194 4638 1459 4695 dedecore
1498 4642 1688 4696 melior
1712 4641 1954 4709 effectus,
1980 4644 2196 4715 dignum
2214 4649 2339 4703 red-

753 4730 830 4785 itu
862 4729 1093 4800 seipsum
1117 4744 1305 4783 rursus
1338 4730 1554 4796 efficiat,
1584 4747 1648 4786 ac
1696 4742 1969 4804 paternam
2020 4738 2197 4807 capiat
2224 4738 2335 4793 ha:-

754 4822 1030 4877 reditatem
1057 4840 1071 4877 :
1105 4820 1176 4876 ita
1200 4836 1410 4894 quoque
1436 4822 1562 4880 fecit
1594 4824 1755 4882 Deus.
1788 4826 2098 4884 Paradisum
2138 4828 2341 4886 homini

752 4912 899 4966 dedit
917 4930 930 4964 :
948 4926 1069 4967 cum
1095 4929 1155 4969 se
1184 4915 1454 4986 indignum
1483 4916 1825 4985 ostendisset,
1844 4919 2021 4989 ejecit,
2043 4930 2101 4977 ut
2120 4932 2339 4979 externa

754 5001 840 5055 illa
873 5001 1200 5060 habitatione
1245 5006 1635 5078 ignominiaque
1662 5010 1853 5066 melior
1876 5011 2096 5069 effectus
2128 5028 2193 5069 ac
2219 5030 2337 5071 mo-

752 5090 991 5156 destior,
1043 5093 1234 5163 dignus
1282 5095 1458 5149 reditu
1504 5109 1804 5166 appareret.
1856 5101 2115 5169 Quoniam
2177 5104 2339 5175 igitur

755 5191 937 5249 postea
964 5183 1285 5253 resipucrat,
1310 5194 1521 5239 revocat
1550 5188 1696 5241 illum
1729 5204 1932 5255 rursus,
1960 5204 2014 5246 et
2037 5198 2142 5248 ait:
2171 5196 2341 5252 Hodie

750 5292 945 5333 mecum
973 5278 1145 5332 crisin
1180 5280 1419 5348 paradiso
1443 5279 1689 5353 (Luc.25.
1722 5283 1834 5352 43).
1871 5283 2029 5341 Vides
2057 5303 2160 5342 non
2194 5290 2338 5359 quod

752 5368 959 5423 dederit
1016 5369 1349 5439 paradisum,
1405 5372 1500 5428 sed
1552 5373 1693 5443 quod
1745 5375 1966 5445 ejecerit
2006 5392 2039 5433 e
2091 5381 2339 5448 paradiso

750 5461 995 5515 maximae
1029 5478 1173 5517 cura:
1218 5465 1486 5533 specimen
1534 5467 1840 5522 exstitisse?
1879 5468 1977 5522 nisi
2012 5470 2153 5523 enim
2186 5486 2339 5540 para-

748 5554 869 5609 diso
905 5557 1210 5623 excidisset,
1252 5558 1498 5627 paradiso
1547 5559 1738 5630 dignus
1782 5577 1969 5617 rursus
2018 5578 2125 5617 non
2168 5581 2334 5635 appa-

748 5646 965 5702 ruisset.

819 5739 873 5793 4.
916 5739 1068 5793 Hunc
1110 5740 1269 5809 igitur
1308 5756 1608 5797 sermonem
1655 5755 1915 5815 perpetuo
1956 5749 2210 5803 memoria
2259 5758 2335 5803 te-

749 5846 993 5900 ineamus,
1039 5830 1182 5886 hunc
1226 5842 1279 5888 et
1323 5834 1373 5888 in
1404 5849 1716 5906 argumento
1762 5837 2057 5907 proposito,
2088 5840 2129 5893 si
2163 5841 2327 5905 lubet,

1489 427 1547 486 S.
1585 431 1861 492 JOAMWS
1898 437 2379 498 CllRYSOSTOlll
2422 443 2735 503 ARCIIIEP.
2779 454 3321 520 CONSTANTINOP.

3957 466 4059 524 250

2486 557 2826 613 ventilemus.
2880 562 3231 623 Communem
3283 568 3528 625 omnibus
3591 568 3821 639 linguam
3875 574 4059 637 dedit:

2482 647 2581 703 hoc
2607 649 2722 717 ejus
2754 650 2850 705 fuit
2875 651 3240 724 benignitatis.
3286 660 3401 716 Non
3446 666 3523 716 usi
3570 671 3693 715 sunt
3735 662 3808 715 illi
3834 664 3977 718 dono
4006 679 4059 724 ut

2476 754 2612 807 opus
2637 740 2746 803 fuit,
2779 741 2873 796 sed
2900 741 2953 796 in
2978 754 3272 802 extremam
3298 750 3621 807 dementiam
3648 761 3770 806 sunt
3796 754 4056 823 prolapsi;

2477 832 2619 899 quod
2667 833 2849 887 datum
2900 835 3091 902 fuerat,
3139 852 3326 894 rursus
3368 843 3609 900 abstulit.
3655 844 3712 901 Si
3752 845 3894 899 enim
3920 847 4059 915 quod

2477 937 2634 975 unam
2665 922 2898 992 linguam
2936 923 3217 994 haberent,
3250 928 3303 982 in
3332 938 3530 988 tantam
3571 935 3826 990 insaniam
3855 935 4058 990 incide-

2478 1020 2623 1077 runt,
2656 1021 2711 1066 ut
2740 1013 2926 1067 turrim
2956 1014 3023 1068 ad
3042 1015 3204 1071 caelos
3232 1032 3399 1086 usque
3426 1026 3775 1090 pertinentem
3795 1025 4059 1080 aediﬁcare

2476 1100 2705 1167 vellent,
2753 1102 2853 1155 nisi
2895 1103 3075 1157 statim
3126 1106 3292 1173 puniti
3341 1107 3604 1179 fuissent,
3661 1131 3835 1171 nonne
3885 1116 4055 1185 ipsum

2474 1211 2687 1266 quoque
2753 1197 3003 1251 caelorum
3072 1198 3337 1268 fastigium
3382 1216 3646 1273 occupare
3698 1209 4057 1280 cupivissent?

2472 1285 2620 1341 Licet
2664 1288 2804 1342 enim
2850 1288 2953 1341 illis
2997 1298 3135 1342 esset
3181 1290 3524 1359 impossibile,
3578 1304 3752 1353 tamen
3805 1300 3851 1355 si
3893 1299 4056 1354 animi

2471 1384 2685 1443 spectes
2708 1378 3051 1447 propositum,
3082 1382 3259 1433 scelus
3292 1381 3417 1434 illud
3451 1384 3669 1452 impium
3700 1388 4052 1445 admiserunt.

2469 1463 2602 1530 Quae
2648 1468 2825 1522 omnia
2869 1484 2991 1523 cum
3055 1469 3380 1539 praevidisset
3427 1472 3584 1534 Deus,
3629 1478 4056 1549 quandoquidem

2470 1554 2661 1625 ιίεεςικιε
2704 1560 2989 1615 concordia
3040 1577 3145 1616 non
3174 1570 3230 1616 ut
3271 1564 3504 1632 oportuit
3528 1564 3607 1618 usi
3636 1575 3808 1623 erant.
3835 1570 4058 1627 dissidio

2466 1647 2789 1719 linguarum,
2822 1664 2879 1707 ut
2905 1655 3158 1723 oportuit,
3192 1655 3311 1709 illos
3334 1654 3537 1708 dividit.
3562 1658 3639 1710 Ac
3660 1657 3788 1711 mihi
3815 1660 4055 1715 clemen-

2468 1739 2593 1792 tiam
2646 1741 2811 1810 ipsius
2842 1745 2999 1799 velim
3053 1746 3377 1800 consideres.
3410 1745 3560 1810 Ecce,
3612 1746 3803 1814 inquit,
3834 1765 3933 1803 eoa:
3954 1767 4057 1804 una

2472 1831 2729 1895 omnibus,
2760 1843 2809 1886 et
2838 1834 2935 1886 lioc
2961 1834 3129 1901 facere
3154 1846 3403 1905 creperum
3428 1835 3574 1905 (Gen.
3610 1837 3695 1889 11.
3724 1834 3801 1906 6).

2537 1919 2637 1974 Cur
2684 1938 2785 1974 non
2824 1923 3065 1977 acciderit
3101 1926 3248 1978 citius
3272 1926 3449 1979 divisio
3477 1926 3859 1995 linguarum.—
3883 1924 4053 1991 Quam

2465 2011 2535 2065 ob
2562 2027 2776 2068 causam
2823 2030 2929 2069 non
2975 2017 3152 2069 statim
3181 2033 3247 2071 eo
3286 2018 3519 2082 devenit,
3543 2027 3601 2072 ut
3638 2018 3866 2087 linguam
3913 2018 4053 2071 divi-

2465 2102 2639 2168 deret,
2668 2105 2759 2158 sed
2793 2106 2939 2175 prius
2978 2123 3037 2162 se
3073 2118 3315 2173 excusat,
3348 2110 3497 2178 quasi
3524 2109 3576 2163 in
3608 2109 3808 2178 judicio
3836 2123 4048 2163 causam

2464 2195 2741 2251 dicturus:
2791 2199 3000 2252 tametsi
3032 2214 3188 2253 nemo
3220 2200 3292 2252 illi
3315 2201 3551 2254 dicturus
3583 2210 3665 2255 est
3697 2219 3711 2254 :
3738 2200 3876 2268 Quid
3917 2200 4048 2255 feci—

2460 2286 2527 2338 sti
2561 2285 2699 2338 ised
2728 2285 2780 2339 in
2809 2296 3071 2354 potestate
3099 2289 3258 2340 situm
3289 2296 3368 2342 est
3400 2290 3585 2356 ipsius,
3617 2298 3675 2343 ut
3696 2302 3907 2353 cuncta,
3934 2306 4050 2360 qua:

2458 2372 2705 2439 voluerit,
2761 2373 2937 2427 faciat.
2984 2376 3235 2430 Attamen
3284 2377 3433 2446 quasi
3461 2377 3721 2431 rationem
3751 2378 4049 2433 redditurus

2458 2463 2528 2517 ita
2556 2464 2950 2519 excusationem
2972 2480 3035 2520 ac
3058 2464 3424 2520 defensionem
3456 2468 3702 2532 instituit,
3733 2476 3791 2521 ut
3828 2484 3926 2522 nos
3949 2470 4048 2524 do-

2458 2566 2577 2610 ceat
2602 2556 2984 2613 humanitatem
3031 2567 3086 2613 et
3125 2557 3463 2613 clementiam
3507 2573 3781 2614 exercere.
3832 2559 3963 2614 Nam
4001 2561 4045 2615 si

2461 2648 2718 2703 Dominus
2732 2650 2902 2705 servis
2927 2665 2986 2705 se
3008 2659 3228 2705 excusat
3245 2658 3404 2719 atque
3425 2649 3529 2704 illis
3547 2650 3635 2720 qui
3655 2650 3847 2719 injuria
3873 2652 4045 2719 ipsum

2458 2741 2744 2797 affecerant
2772 2761 2785 2797 :
2818 2743 2986 2798 multo
3032 2744 3200 2814 magis
3246 2759 3346 2799 nos
3375 2752 3558 2798 mutuo
3586 2759 3845 2799 excusare
3885 2760 4047 2813 opor-

2457 2841 2551 2895 tet,
2604 2833 2728 2887 licet
2776 2835 2859 2889 vel
2896 2835 3125 2888 maxima
3173 2834 3429 2890 fuerimus
3476 2836 3663 2904 injuria
3707 2836 3838 2890 la‘si.
3895 2836 4044 2899 Vide,

2452 2938 2657 2993 qumso,
2700 2938 2807 2993 quo
2857 2934 3010 2993 pacto
3034 2940 3094 2979 se
3129 2934 3345 2979 excuset
3374 2943 3389 2978 :
3422 2924 3549 2979 Ecce
3585 2926 3773 2979 labium
3819 2942 3974 2978 unum
3999 2936 4046 2979 et

2452 3031 2554 3069 uox
2600 3032 2702 3069 una
2749 3016 3016 3081 omnibus,
3077 3016 3268 3086 inquit,
3328 3027 3375 3071 et
3426 3020 3521 3071 hoc
3578 3022 3743 3088 facere
3792 3026 4045 3085 ceperunt

2453 3104 2661 3177 (Ibid).
2701 3106 2860 3174 Quasi
2906 3107 3149 3161 diceret:
3178 3106 3347 3160 Nemo
3390 3108 3517 3162 mihi
3556 3108 3684 3161 vitio
3710 3116 3880 3161 vertat
3923 3107 4044 3174 ista,

2453 3212 2571 3251 cum
2594 3197 2816 3251 divisam
2844 3196 3076 3266 linguam
3102 3196 3313 3260 viderit,
3345 3211 3502 3251 nemo
3522 3197 3883 3251 diversitatem
3906 3196 4042 3250 hanc

2452 3287 2749 3356 linguarum
2780 3288 2848 3341 ab
2876 3287 3024 3341 initio
3068 3285 3233 3341 fuisse
3282 3287 3535 3341 insertam
3569 3286 3869 3340 hominibus
3903 3286 4045 3340 arbi-

2453 3387 2643 3434 tretur.
2678 3379 2809 3433 Ecce
2853 3379 3042 3432 labium
3084 3394 3244 3431 unum
3286 3387 3332 3429 et
3379 3393 3477 3430 vox
3516 3392 3618 3429 una
3646 3375 3915 3429 omnibus:
3950 3375 4043 3430 sed

2452 3486 2557 3524 non
2608 3471 2688 3524 usi
2733 3479 2858 3524 sunt
2903 3468 3066 3532 dono,
3109 3478 3167 3522 ut
3215 3468 3469 3537 oportuit.
3502 3468 3675 3537 Atque
3698 3477 3755 3522 ut
3783 3468 4043 3537 intelligas

2451 3578 2569 3617 eum
2602 3578 2707 3616 non
2735 3571 2840 3615 tam
2868 3561 3008 3631 quod
3037 3558 3233 3614 factum
3274 3560 3446 3614 fuerat
3471 3559 3679 3628 punire,
3711 3573 3869 3628 quam
3898 3556 4038 3627 quod

2452 3652 2679 3707 futurum
2725 3662 2840 3708 erat
2882 3653 3078 3724 praevia
3119 3651 3365 3705 cautione
3411 3650 3699 3718 corrigere,
3750 3646 3872 3701 audi
3911 3647 4036 3715 quid

2450 3744 2697 3813 adjungat
2726 3762 2738 3797 :
2772 3743 2839 3797 Et
2881 3760 3013 3797 nunc
3056 3759 3155 3797 non
3186 3742 3419 3809 deﬁcient
3446 3739 3508 3793 ab
3550 3740 3654 3793 illis
3679 3739 3868 3805 omnia,
3895 3752 4037 3808 que-

2450 3851 2660 3903 cumque
2686 3835 2851 3887 conati
2879 3834 3063 3904 fuerint
3098 3836 3261 3901 facere
3285 3831 3440 3902 (Gen.
3471 3833 3582 3897 li).
3612 3831 3812 3885 Horum
3860 3841 4035 3883 autem

2450 3924 2734 3979 verborum
2778 3922 2892 3977 haec
2938 3933 3020 3977 est
3062 3923 3322 3975 sententia
3354 3939 3369 3975 :
3398 3921 3497 3974 nisi
3522 3921 3629 3989 jam
3656 3934 3841 3989 [minas
3884 3918 4031 3982 dent,

2449 4025 2504 4070 et
2533 4015 2599 4069 ab
2628 4016 2741 4085 ipsa
2767 4020 3104 4083 peccatorum
3136 4011 3315 4065 radice
3342 4010 3697 4073 refrenentur,
3725 4009 3925 4063 nullum
3953 4008 4033 4061 fa-

2448 4106 2591 4160 cient
2621 4104 2781 4158 finem
2812 4102 3017 4157 scelera
3044 4100 3404 4171 perpetrandi.
3430 4099 3541 4153 Hoc
3562 4099 3703 4153 enim
3724 4098 3824 4153 sibi
3854 4098 4036 4150 volunt

2449 4196 2538 4250 illa
2586 4193 2790 4249 verba:
2826 4191 2947 4245 Non
2992 4191 3223 4259 deﬁcient
3247 4191 3310 4244 ab
3359 4189 3463 4243 illis
3489 4188 3677 4252 omnia,
3715 4203 4037 4257 quacumque

2446 4288 2613 4341 conati
2642 4286 2831 4356 fuerint
2870 4287 3054 4356 facere.
3084 4284 3242 4350 Quasi
3283 4282 3521 4337 diceret:
3551 4280 3666 4335 Alia
3689 4295 3897 4349 quoque
3926 4296 4035 4334 ma-

2441 4378 2557 4447 jora
2602 4376 2803 4431 scelera
2834 4375 3103 4444 adjicient.
3135 4373 3277 4428 Talis
3304 4373 3446 4428 enim
3476 4387 3562 4427 res
3600 4380 3683 4427 est
3721 4369 3921 4425 malitia
3948 4390 3961 4425 :
3991 4373 4035 4427 si

2442 4488 2561 4527 cum
2594 4470 2821 4542 primum
2866 4469 3073 4524 initium
3110 4467 3344 4534 duxerit,
3387 4482 3495 4521 non
3530 4466 3863 4529 cohibeatur,
3895 4475 4032 4520 tam-

2443 4577 2601 4631 quam
2634 4562 2768 4630 ignis
2810 4559 2957 4614 arida
2994 4559 3133 4628 ligna
3171 4557 3487 4627 corripiens,
3531 4557 3609 4611 sic
3642 4557 3693 4611 in
3720 4556 4032 4611 immensam

2445 4652 2675 4719 assurgit
2698 4649 3051 4703 altitudinem.
3082 4648 3244 4702 Vides
3282 4648 3384 4703 hoc
3425 4649 3595 4718 ipsum
3636 4661 3847 4716 quoque
3880 4645 4034 4701 beni—

2445 4741 2661 4809 gnitatis
2706 4738 2870 4793 fuisse
2913 4753 3019 4792 non
3066 4738 3372 4805 mediocris,
3417 4737 3559 4807 quod
3602 4736 3861 4791 unitatem
3888 4735 4035 4789 vocis

2446 4831 2762 4887 abstulerit?
2791 4829 3073 4885 Dissidium
3094 4830 3287 4901 quippe
3313 4831 3610 4902 linguarum
3632 4828 3851 4892 invexit,
3883 4842 3952 4882 ne
3982 4827 4033 4882 in

2448 4923 2704 4994 majorem
2728 4922 3121 4992 improbitatem
3150 4922 3471 4979 laberentur.
3504 4922 3657 4977 llunc
3685 4919 3813 4974 mihi
3834 4935 4035 4975 sermo-

2445 5028 2568 5068 nem
2597 5013 2853 5067 memoria
2880 5020 3075 5081 tcnete,
3106 5028 3204 5069 nec
3231 5029 3481 5083 umquam
3510 5012 3647 5066 elabi
3676 5026 3743 5065 ex
3760 5026 3831 5071 ea
3854 5011 4030 5079 sinite,

2446 5104 2613 5159 Deum
2661 5103 2910 5158 nimirum
2957 5118 3061 5159 non
3087 5103 3246 5158 modo
3281 5118 3402 5158 eum
3426 5101 3590 5155 afﬁcit
3617 5100 3906 5165 beneﬁciis,
3938 5102 4029 5157 sed

2445 5196 2606 5253 etiam
2645 5210 2767 5250 cum
2814 5195 2981 5265 punit,
3024 5197 3220 5251 bonum
3248 5209 3368 5250 esse
3389 5209 3452 5247 ac
3481 5193 3785 5263 benignum.
3818 5194 3951 5249 Nam
3979 5205 4033 5250 et

2445 5289 2613 5358 ipsius
2640 5302 2811 5357 poena:
2836 5302 2899 5344 ac
2928 5287 3185 5359 supplicia
3214 5283 3593 5341 beneliciorum
3620 5283 3736 5355 ejus
3760 5296 3881 5342 sunt
3912 5300 4032 5356 pars

2445 5380 2693 5445 maxima,
2743 5390 2797 5435 et
2841 5380 3189 5451 providentiie
3214 5393 3383 5448 genus
3410 5379 3713 5433 maximum.
3746 5378 3879 5434 Cum
3905 5395 4034 5446 ergo

2444 5474 2658 5541 famem,
2690 5485 2887 5543 pestes,
2927 5474 3073 5531 aeris
3099 5473 3384 5537 siccitates,
3429 5470 3625 5527 imbres
3652 5472 3954 5532 continuos,
3980 5479 4033 5524 et

2444 5570 2587 5621 aeris
2622 5566 3037 5637 inaequalitates,
3077 5564 3159 5619 vel
3200 5564 3340 5618 aliud
3370 5564 3639 5635 quidpiam
3670 5563 3894 5623 videris,
3925 5576 4030 5629 quo

2440 5672 2605 5727 genus
2636 5657 2926 5713 humanum
2949 5657 3219 5728 puniatur,
3247 5672 3344 5712 nec
3368 5674 3508 5727 aegre
3546 5659 3708 5725 feras,
3740 5671 3914 5725 neque
3942 5655 4026 5708 in-

2440 5750 2696 5820 digneris,
2744 5751 2839 5805 sed
2886 5749 3047 5803 adora
3093 5764 3269 5803 rerum
3298 5749 3501 5804 illarum
3541 5758 3836 5811 auctorem,
3869 5755 4027 5815 atque

2446 5842 2591 5896 illum
2630 5856 2772 5897 cura:
2810 5855 2873 5896 ae
2914 5840 3282 5897 sollicitudinis
3325 5842 3539 5897 nomine
3568 5837 3900 5897 commenda.
3934 5838 4024 5896 llle
