4446 6684
385 395 492 449 249

385 513 483 566 καὶ
510 512 578 566 τά
609 513 787 585 τειχία
837 512 1010 568 ταῦτα
1041 511 1306 583 ἀνῄρητο,
1365 509 1472 564 ποῦ
1521 512 1619 569 οὐκ
1647 516 1731 578 ,ἂν
1766 515 1957 570 ἐαυτὸν

383 604 784 676 κατεκρήμνισε
803 620 819 668 ;

455 691 639 745 Βούλει
672 694 767 746 καὶ
798 689 907 744 ἀπὸ
944 688 1044 757 τῆς
1084 685 1279 738 τούτου
1312 686 1519 759 μητρὸς
1570 689 1760 757 μαθεῖν
1781 728 1796 752 ,
1835 688 1959 744 ὅσον

384 778 584 845 ἀγαθὸν
605 780 795 847 γέγονε
825 777 886 829 τὸ
914 775 1015 843 τῆς
1040 772 1134 826 τοῦ
1182 774 1512 845 παραδείσου
1560 775 1772 846 διαίτης
1797 776 1961 827 ἐκπε-

383 870 535 933 σεῖν;
578 865 859 931 Ἐξέτασον
904 861 987 924 τίς
1017 856 1149 931 ἦνή
1194 861 1306 915 Εὕα
1346 864 1452 934 πρὸ
1503 863 1716 926 τούτου,
1745 863 1845 917 καὶ
1875 861 1959 925 τίς

380 952 593 1022 ἐγένετο
628 950 768 1021 μετὰ
805 947 998 1001 ταῦτα.
1039 947 1152 1018 Πρὸ
1183 948 1370 1003 τούτου
1400 950 1499 1019 μὲν
1540 949 1633 1001 τὸν
1667 947 1957 1001 ἀπατεῶνα

378 1039 642 1100 διάϐολον,
663 1037 757 1088 τὸν
787 1033 1019 1104 πονηρὸν
1041 1035 1267 1106 δαίμονα
1288 1040 1493 1090 ἐκεῖνον
1520 1034 1957 1107 ἀξιοπιστότερον

381 1121 521 1178 εἶναι
551 1124 767 1192 ἐνόμισε
786 1119 895 1171 τῶν
924 1118 1016 1172 τοῦ
1039 1121 1171 1176 Θεοῦ
1206 1120 1646 1191 προσταγμάτων
1664 1161 1680 1186 ,
1716 1121 1810 1174 καὶ
1848 1122 1955 1175 ἀπὸ

378 1212 542 1281 ψιλῆς
566 1209 741 1277 ὅψεως
758 1206 852 1258 τοῦ
877 1205 1091 1275 δένδρου
1115 1207 1463 1277 κατεπάτησε
1492 1207 1584 1260 τὸν
1623 1207 1753 1279 παρ’
1788 1208 1951 1261 αύτοῦ

380 1298 607 1351 τεθέντα
650 1293 848 1363 νόμον·
883 1294 1143 1364 ἐπειδὴδὲ
1173 1294 1404 1359 ἐξέπεσε
1452 1292 1547 1345 τοῦ
1601 1294 1950 1364 παραδείσου,

382 1385 574 1438 σκόπει
598 1380 715 1442 πῶς
747 1379 966 1447 βελτίων
998 1382 1217 1449 ἐγένετο
1254 1381 1349 1433 καὶ
1393 1378 1837 1451 σωφρονεστέρασ
1867 1399 1956 1433 τε-

378 1468 553 1525 κοῦσα
577 1465 686 1536 γάρ
712 1466 847 1529 υἱὸν,
880 1468 1043 1537 φησίν
1060 1485 1074 1500 °
1116 1467 1498 1536 Ἐκτησάμην
1526 1467 1839 1533 ἄνθρωπον
1857 1466 1956 1521 διὰ

378 1557 490 1611 τοῦ
531 1553 698 1609 Θεοῦ.
742 1555 866 1607 Ἐπὶ
902 1556 992 1608 τὸν
1042 1556 1318 1626 Δεσπότην
1344 1555 1546 1619 εύθέως
1575 1554 1881 1625 κατέφυγεν
1918 1557 1951 1625 ή

378 1642 473 1699 τοῦ
494 1641 762 1694 Δεσπότου
807 1641 912 1711 πρὸ
939 1641 1128 1695 τούτου
1161 1643 1640 1712 καταφρονήσασα,
1691 1641 1786 1694 καὶ
1833 1640 1955 1711 ούχὶ

377 1734 446 1802 τῇ
476 1728 635 1799 φύσει
666 1726 727 1779 τὸ
748 1729 975 1798 πρᾶγμα
1001 1728 1296 1795 λογίζεται,
1327 1729 1449 1781 οὕδέ
1482 1728 1631 1798 νόμῳ
1656 1727 1837 1797 γάμου
1863 1728 1952 1781 τὸν

377 1819 538 1871 τόκον
571 1814 886 1883 ἀνατίθησιν
910 1832 924 1845 ο
963 1814 1077 1868 ἀλλ’
1109 1810 1219 1866 οἶδε
1248 1815 1339 1867 τὸν
1370 1814 1471 1883 τῆς
1498 1814 1713 1884 φύσεως
1747 1816 1953 1868 Δεσπό-

377 1923 501 1976 την,
528 1902 767 1972 κάκείνῳ
805 1902 1032 1972 χάριτας
1060 1900 1200 1970 ὑπὲρ
1226 1899 1323 1969 τῆς
1366 1900 1461 1953 τοῦ
1512 1901 1723 1953 παιδίου
1760 1901 1952 1971 γεννή-

382 2010 521 2056 σεως
544 1990 812 2061 ὁμολογεῖ.
846 1990 956 2042 Καὶ
989 1991 1022 2058 ή
1061 1989 1169 2059 πρὸ
1198 1986 1391 2039 τούτου
1409 1988 1498 2040 τὸν
1521 1987 1688 2057 ἄνδρα
1737 1988 1947 2057 ἀπατή-

380 2097 543 2143 σασα,
578 2079 805 2147 ὕστερον
840 2075 1021 2129 καὶτὸ
1046 2074 1258 2127 παιδίον
1283 2073 1591 2137 ἐπαίδευσε,
1641 2075 1736 2127 καὶ
1780 2074 1949 2143 ὄνομα

378 2164 685 2235 ἐπιτίθησιν
724 2161 873 2232 αύτῷ
904 2161 965 2214 τὸ
1017 2160 1311 2229 δυνάμενον
1341 2158 1472 2211 αὐτὸ
1513 2161 1594 2221 εἰς
1648 2160 1951 2231 ὑπόμνησιν

378 2252 531 2320 ἄγειν
562 2252 661 2321 τῆς
688 2249 781 2304 τοῦ
809 2246 944 2301 Θεοῦ
976 2247 1184 2317 δωρεᾶς
1203 2262 1218 2277 ο
1242 2245 1338 2299 καὶ
1367 2244 1529 2298 πάλιν
1558 2245 1744 2315 ἓτερον
1772 2245 1955 2297 τεκοῦ-

380 2354 469 2398 σα,
516 2337 709 2407 φησίνο
775 2331 1179 2399 Ἐξανέστησέ
1202 2349 1305 2400 μοι
1327 2334 1360 2385 d
1387 2331 1531 2396 Θεὸς
1555 2329 1794 2398 σπέρμα
1819 2330 1952 2383 ἀντὶ

384 2426 573 2487 Ἅϐελ,
592 2425 664 2477 ὃν
683 2423 989 2477 ἀπέκτεινε
1009 2419 1175 2474 Κάιν.
1201 2419 1491 2488 Μέμνηται
1517 2419 1615 2488 τῆς
1644 2418 1951 2487 συμφορᾶς,

381 2510 476 2561 καὶ
499 2510 598 2562 ούκ
627 2510 986 2562 ἀποδυσπετεῑ
1016 2507 1077 2561 τὸ
1106 2507 1351 2575 γύναιον,
1385 2504 1499 2558 ἀλλ’
1527 2505 1845 2574 εὐχαριστεῖ
1876 2502 1954 2572 τῷ

376 2594 497 2664 Θεῷ
527 2594 706 2657 πάλιν,
733 2596 827 2647 καὶ¹
853 2594 914 2647 τὸ
938 2592 1147 2646 παιδίον
1172 2590 1281 2644 ἀπὸ
1305 2590 1403 2660 τῆς
1426 2590 1635 2659 δωρεᾶς
1659 2589 1835 2650 καλεῖ,
1869 2589 1953 2640 δι-

376 2681 550 2752 ηνεκῆ
584 2681 893 2749 παρέχουσα
924 2678 1070 2747 αύτῷ
1107 2676 1454 2740 διδασκαλίας
1491 2677 1768 2730 ὑπόθεσιν.
1794 2675 1951 2727 Οὕτω

377 2768 472 2821 καὶ
501 2771 557 2821 ἐν
584 2766 731 2836 αὕτῷ
754 2766 832 2836 τῷ
854 2765 1141 2833 ἀφελέσθαι
1177 2764 1397 2833 μείζονα
1438 2766 1732 2835 ἐχαρίσατο
1758 2766 1786 2816 6
1818 2763 1952 2825 Θεὸς

377 2855 594 2924 ἀγαθά·
636 2853 855 2919 ἐξέπεσε
892 2850 985 2903 τοῦ
1020 2850 1345 2920 παραδείσου
1378 2852 1411 2921 ἡ
1456 2850 1614 2921 γυνὴ,
1648 2851 1784 2904 ἀλλά
1814 2851 1950 2921 πρὸς

377 2942 707 3009 θεογνωσίαν
759 2936 1173 3008 ἐχειραγωγήθη
1233 2937 1318 2990 διὰ
1356 2939 1450 3007 τῆς
1502 2939 1752 3008 ἐκϐολῆς,
1807 2937 1949 2991 ὥστε

378 3032 564 3097 μεῖζον
587 3021 763 3095 εὕρεν,
794 3026 827 3094 ἦ
864 3024 1136 3077 ἀπώλεσε.
1162 3026 1270 3077 Καὶ
1293 3026 1340 3076 εί
1378 3026 1643 3095 χρήσιμον
1668 3021 1757 3096 ἦν,
1791 3025 1946 3094 φησὶ,

374 3114 436 3166 τὸ
455 3115 703 3166 ἐκπεσεῖν
730 3111 824 3163 τοῦ
857 3110 1208 3178 παραδείσου,
1232 3110 1372 3173 τίνος
1386 3112 1569 3165 ἕνεκεν
1598 3112 1765 3165 ἐδίδου
1796 3113 1951 3182 παρά

374 3202 475 3269 τὴν
506 3200 678 3269 ἀρχὴν
709 3199 799 3251 τὸν
835 3198 1160 3267 παράδεισον
1196 3199 1224 3249 6
1263 3197 1426 3261 826;;
1454 3197 1750 3267 Χρησίμως
1790 3197 1949 3250 τοῦτο

373 3287 467 3338 διά
492 3287 589 3355 τὴν
630 3282 920 3355 ῥαθυμίαν,
949 3283 1225 3354 ἄνθρωπε,
1257 3283 1473 3347 ἐγένετο
1500 3284 1598 3354 τὴν
1636 3284 1907 3354 ἡμετέραν
1930 3300 1945 3315 '

372 3374 451 3434 ώς
481 3375 534 3426 εί
563 3389 625 3440 γε
650 3375 935 3442 προσεῖχον
955 3372 1167 3434 ἑαυτοῖς
1189 3374 1386 3424 ἐκεῖνοι
1424 3372 1519 3425 καὶ
1548 3373 1638 3425 τὸν
1677 3373 1951 3442 Δεσπότην

373 3462 760 3527 ἐπεγίνωσκον,
800 3460 894 3512 καὶ
933 3461 1230 3528 σωφρονεῖν
1252 3460 1553 3529 ἠπίσταντο
1598 3461 1692 3514 καὶ
1729 3460 1954 3531 μετριά-

373 3552 507 3614 ζειν,
534 3548 749 3617 ἐμειναν
779 3545 845 3599 ἀν
862 3547 954 3598 ἐπὶ
985 3547 1084 3616 τῆς
1117 3547 1286 3617 τιμῆς
1315 3565 1329 3578 ’
1360 3549 1550 3618 ἐπειδὴ
1575 3549 1631 3601 δὲ
1659 3549 1952 3620 ἐξύϐρισαν

372 3638 453 3696 είς
482 3634 579 3703 τὴν
602 3627 845 3685 δοθεῖσαν
861 3632 1089 3703 δωρεὰν,
1113 3632 1416 3703 τηνικαῦτα
1442 3636 1712 3704 χρήσιμον
1734 3636 1950 3703 ἐγένετο

370 3724 433 3775 τὸ
480 3720 831 3792 ἐκϐληθῆναι.
875 3722 1031 3784 Τίνος
1076 3717 1167 3775 οὗν
1209 3722 1394 3775 ἐνεκεν
1443 3724 1591 3792 παρά
1627 3726 1726 3793 τὴν
1772 3726 1947 3796 ἀρχὴν

375 3810 574 3862 ἔδωκεν
601 3811 629 3861 6
660 3808 827 3872 Θεός;
861 3809 977 3860 ἰνα
1004 3810 1104 3879 τὴν
1150 3809 1357 3862 οἰκείαν
1383 3809 1716 3880 ἐπιδείξηται
1761 3811 1949 3880 φιλαν-

373 3896 641 3966 θρωπίαν.
669 3896 762 3949 καὶ
792 3897 873 3949 ὅτι
901 3896 1062 3959 αὐτὸς
1092 3896 1188 3965 μὲν
1226 3896 1639 3966 παρεσκεύαστο
1668 3899 1803 3969 πρὸς
1833 3897 1949 3968 μεί-

374 3977 507 4042 ζονα
533 3977 694 4049 τιμὴν
718 3979 870 4046 ἄγειν
886 3979 1032 4047 ἡμᾶς
1059 3978 1167 4040 ἀεὶ,
1207 3980 1368 4047 ήμεῖς
1392 3977 1447 4030 δὲ
1478 3978 1640 4032 αἴτιοι
1674 3979 1947 4050 πανταχοῦ

372 4060 484 4112 τῶν
516 4060 787 4114 κολάσεων
812 4061 905 4113 καὶ
927 4059 1035 4112 τῶν
1050 4060 1350 4130 τιμωριῶν,
1379 4060 1696 4124 ἐκϐαλόντες
1724 4064 1950 4127 ἐαυτοὺς

374 4142 462 4196 διὰ
504 4144 772 4214 ῥᾳθυμίας
804 4142 910 4196 τῶν
933 4143 1229 4213 δεδομένων
1253 4145 1384 4213 ἡμῖν
1406 4143 1645 4212 ἀγαθῶν.
1684 4145 1948 4215 Καθάπερ

374 4223 469 4279 οὖν
504 4227 685 4295 πατὴρ
719 4227 1069 4295 φιλόστοργος
1100 4226 1249 4295 παρά
1275 4226 1375 4293 μὲν
1404 4228 1500 4296 τὴν
1525 4227 1699 4296 ἀρχὴν
1725 4229 1949 4298 ἀφίησιν

376 4308 471 4362 ἐπὶ
509 4309 607 4377 τῆς
633 4310 809 4370 οἰκίας
828 4309 918 4360 τὸν
942 4308 1105 4360 παῖδα
1130 4308 1221 4359 τὸν
1260 4309 1453 4360 ἐαυτοῦ
1482 4310 1808 4378 διατρίϐειν,
1854 4311 1946 4362 καὶ⁵

372 4390 485 4442 τῶν
536 4388 803 4459 πατρῴων
850 4390 1144 4441 ἀπολαύειν
1186 4391 1470 4442 ἁπάντων
1520 4391 1737 4443 ἐπειδάν
1768 4392 1825 4443 δὲ
1860 4392 1941 4460 ίδῃ

373 4473 576 4540 φαῦλον
600 4475 664 4542 τῇ
700 4475 831 4542 τιμῇ
854 4473 1220 4541 γεγενημένον
1240 4512 1254 4534 ,
1297 4473 1498 4540 ἀπάγει
1536 4473 1635 4543 τῆς
1662 4473 1943 4543 τραπέζης

372 4556 467 4607 καὶ
494 4555 775 4625 πόρρωθεν
797 4557 895 4625 τῆς
917 4556 1125 4617 οἰκείας
1153 4554 1327 4623 ὅψεως
1351 4555 1658 4624 καθίστησι,
1683 4555 1943 4618 πολλάκις

368 4637 425 4689 δέ
460 4638 553 4689 καὶ
576 4638 746 4707 αὐτῆς
775 4640 1025 4693 ἐκϐάλλει
1050 4639 1148 4708 τῆς
1170 4637 1425 4708 πατρῴας
1455 4636 1601 4709 [252]
1633 4639 1829 4701 οίκίας,
1856 4640 1944 4692 ἵνα

370 4718 624 4771 ἐκπεσὼν
661 4722 866 4783 ἐκεῖνος
900 4723 996 4773 καὶ
1031 4720 1250 4790 βελτίων
1297 4721 1584 4789 γενόμενος
1602 4722 1720 4783 ταῖς
1754 4721 1941 4791 ὕϐρεσι

368 4799 599 4862 ταύταις
619 4801 711 4853 καὶ
740 4806 860 4863 ταῖς
908 4803 1173 4872 ἀτιμίαις,
1203 4802 1351 4868 ἄξιον
1395 4803 1582 4856 ἐαυτὸν
1615 4804 1867 4874 ἀποφήνῃ
1914 4817 1941 4845 ι

368 4880 469 4950 τῆς
490 4883 749 4934 ἐπανόδου
774 4884 956 4945 πάλιν,
976 4887 1181 4937 καὶτὸν
1209 4886 1462 4957 πατρῷον
1487 4886 1791 4958 διαδέξηται
1817 4888 1943 4958 κλῆ-

374 4980 466 5034 ρον
484 4978 500 4994 ⁸
540 4963 683 5016 οὕτω
710 4966 806 5018 καὶ
828 4968 857 5017 6
883 4966 1015 5028 Θεὸς
1037 4969 1314 5037 ἐποίησεν.
1344 4971 1551 5023 Ἔδωκε
1567 4970 1643 5042 τῷ
1671 4972 1941 5043 ἀνθρώπῳ

368 5048 461 5099 τὸν
494 5046 818 5117 παράδεισον
838 5063 851 5076 ·
884 5048 1102 5113 ἀνάξιον
1137 5052 1378 5117 φανέντα
1430 5052 1703 5117 ἐξέϐαλεν,
1737 5054 1824 5108 ἴνα
1855 5055 1943 5108 διὰ

369 5130 471 5200 τῆς
499 5129 602 5195 ἐξω
627 5130 908 5201 διατριϐῆς
941 5132 1035 5183 καὶ
1066 5132 1166 5201 τῆς
1212 5134 1439 5204 ἀτιμίας
1472 5137 1696 5206 βελτίων
1726 5139 1943 5209 γενόμε.

370 5231 461 5279 νος
487 5215 580 5266 καὶ
614 5212 1070 5284 σωφρονέστερος,
1092 5216 1240 5280 ἄξιος
1266 5221 1405 5287 φανῇ
1430 5220 1530 5289 τῆς
1558 5222 1815 5275 ἐπανόδου
1841 5223 1942 5276 πάι

370 5296 475 5351 λιν.
533 5295 749 5367 Ἐπειδὴ
800 5296 975 5349 τοίνυν
1031 5297 1169 5366 μετὰ
1208 5297 1382 5349 ταῦτα
1430 5299 1657 5368 βελτίων
1706 5306 1940 5373 ἐγένετο,

372 5380 637 5448 ἐπανάγει
660 5379 817 5434 πάλιν
833 5380 1015 5444 αὐτὸν,
1038 5381 1132 5435 καί
1166 5399 1297 5452 φησι
1317 5400 1332 5414 ’
1356 5385 1626 5454 Σήμερον
1644 5392 1772 5458 μετ’
1797 5392 1943 5460 ἐμοῦ

370 5466 490 5531 ἔσῃ
518 5464 588 5517 ἐν
615 5462 694 5530 τῷ
726 5463 1081 5531 παραδείσῳ.
1128 5465 1291 5536 Ὀρᾷς
1322 5467 1402 5518 ὃτι
1440 5469 1501 5520 06
1534 5470 1595 5522 τὸ
1631 5472 1815 5526 δοῦναι
1853 5476 1943 5528 τὸν

372 5547 728 5616 παράδεισον,
774 5547 908 5602 ἀλλά
950 5548 1045 5601 καὶ
1075 5547 1136 5601 τὸ
1169 5548 1419 5603 ἐκϐαλεῖν
1455 5551 1550 5606 τοῦ
1587 5556 1939 5627 παραδείσου,

365 5630 470 5701 τῆς
496 5634 759 5706 μεγίστης
786 5635 1109 5707 κηδεμονίας
1131 5630 1234 5707 ἧνῖ
1259 5637 1306 5691 εί
1343 5637 1416 5708 μὴ
1446 5637 1555 5711 γὰρ
1583 5640 1805 5707 ἐξέπεσε
1843 5646 1939 5699 τοῦ

436 5759 462 5792 ³
484 5762 619 5815 Colb.
643 5768 881 5832 ἀποδείξῃ.

1170 391 1526 448 DAIMONES
1566 394 1700 450 NON
1739 396 2064 453 GUBEHNA
2084 398 2171 454 RE
2212 400 2536 464 MUNDUM.
2577 407 2813 467 llOMlL.
2854 414 2892 469 Ι.

2078 519 2445 588 παραδείσου,
2490 524 2590 578 ούκ
2632 525 2698 580 ἂν
2746 528 2917 602 ἐφάνη
2972 530 3069 585 τοῦ
3111 533 3436 605 παραδείσω
3475 537 3638 594 πάλιν

2065 605 2232 669 ἄξιος.

2136 692 2197 748 δ’.
2224 696 2426 748 Τοῦτον
2443 696 2622 751 τοίνυν
2640 698 2929 765 διαπαντὸς
2942 703 3197 774 τηρῶμεν
3212 704 3307 761 τὸν
3321 708 3499 777 λόγον,
3516 708 3641 763 τοῦ·

2064 796 2157 834 τον
2180 783 2275 835 καὶ
2294 784 2387 835 ἐπὶ
2418 786 2517 855 τῆς
2545 786 2932 857 προκειμένης,
2962 790 3011 841 εί
3049 790 3319 861 βούλεσθε,
3350 796 3639 867 γυμνάσω-

2069 887 2168 939 μεν
2201 871 2531 936 ὑποθέσεως.
2563 876 2769 931 Ἔδωκε
2804 878 2987 950 φωνὴν
3014 880 3197 951 κοινὴν
3234 882 3438 936 ἀπασιο
3478 882 3639 937 τοῦτο

2062 955 2165 1024 τῆς
2216 956 2381 1010 αὑτοῦ
2433 958 2857 1032 φιλανθρωπίας.
2910 966 3024 1019 Ούκ
3056 967 3358 1037 ἐχρήσαντο
3394 970 3475 1033 είς
3516 970 3637 1024 δέον

2068 1042 2267 1096 ἐκεῖνοι
2294 1043 2373 1113 τῷ
2399 1044 2577 1118 δώρῳ,
2614 1049 2749 1102 ἀλλά
2782 1051 2920 1123 πρὸς
2952 1053 3135 1107 ἄνοιαν
3166 1053 3442 1118 ἐξέκλιναν
3472 1057 3635 1125 ἐσχά-

2064 1148 2164 1217 την
2179 1148 2194 1163 ’
2222 1132 2476 1203 ἀφείλετο
2497 1138 2557 1189 τὸ
2579 1137 2730 1191 δοθὲν
2750 1141 2929 1197 πάλιν.
2954 1142 3016 1195 EE
3037 1144 3147 1213 γάρ
3174 1144 3363 1217 ἐπειδὴ
3384 1144 3637 1213 γλῶσσαν

2064 1214 2211 1288 εἶχον
2245 1220 2394 1290 μίαν,
2433 1224 2513 1285 είς
2543 1224 2811 1295 τοσαύτην
2848 1227 3102 1291 ἐξέπεσον
3132 1229 3317 1283 ἄνοιαν
3336 1214 3360 1294 ,’
3386 1230 3463 1295 ώς
3510 1233 3636 1301 βου-

2065 1303 2294 1376 ληθῆναι
2320 1308 2530 1379 πύργον
2559 1312 2663 1373 ἕως
2694 1311 2786 1364 τοῦ
2808 1313 3036 1384 ούρανοῦ
3059 1317 3441 1387 οἰκοδομῆσαι,
3476 1320 3525 1371 εί
3558 1319 3633 1390 μὴ

2065 1394 2407 1465 παραχρῆμα
2459 1398 2852 1470 ἐκολάσθησαν,
2888 1397 3000 1472 ἆρα
3048 1403 3150 1457 ούκ
3187 1402 3253 1455 ἀν
3284 1405 3637 1476 ἐπεθύμησαν

2066 1479 2162 1531 καὶ
2209 1482 2381 1552 αὐτῆς
2428 1482 2521 1536 τοῦ
2572 1486 2804 1557 ούρανοῦ
2843 1488 2945 1557 τῆς
2975 1490 3223 1560 κορυφῆς
3250 1489 3634 1557 ἐπιλαϐέσθαι;

2061 1564 2126 1616 Τί
2149 1566 2291 1636 γάρ;
2314 1570 2376 1622 Εἰ
2400 1571 2493 1624 καὶ
2516 1572 2773 1626 ἀδύνατον
2793 1570 2861 1644 ἦν
2890 1575 3138 1643 ἐκείνοις,
3162 1576 3442 1649 ἀλλ’ὂμως
3458 1580 3523 1631 ἐκ
3535 1578 3637 1648 τῆς

2062 1654 2370 1736 προθέσεως
2394 1661 2462 1712 τὰ
2482 1661 2578 1730 τῆς
2606 1662 2859 1726 ἀσεϐείας
2879 1665 3061 1728 αὺτοῖς
3085 1666 3436 1735 ἀπηρτίζετο.
3456 1666 3639 1736 ’Δπερ

2061 1735 2280 1790 ἄπαντα
2314 1742 2560 1812 προορῶν
2589 1747 2616 1797 6
2647 1744 2799 1808 Θεὸς,
2845 1746 3035 1817 ἐπειδὴ
3082 1750 3162 1811 είς
3192 1739 3308 1801 δέον
3333 1749 3433 1801 οὐκ
3465 1735 3639 1819 ἐχρήέ

2063 1838 2225 1877 σαντο
2250 1827 2315 1895 τῇ
2345 1828 2642 1900 ὁμοφωνία,
2676 1834 2757 1894 είς
2798 1832 2915 1887 δέον
2955 1832 3153 1895 αὐτοὺς
3180 1834 3380 1906 διαιρεῖ
3424 1838 3491 1905 τῇ
3522 1836 3639 1888 δια-

2059 1910 2259 1981 φωνία.
2303 1914 2413 1966 Καὶ
2464 1916 2649 1967 σκόπει
2716 1936 2803 1987 μοι
2847 1920 2948 1989 τὴν
2985 1919 3393 1990 φιλανθρωπίαν
3444 1921 3633 1977 αὐτοῦ.

2071 1996 2250 2062 Ἰδοὺ,
2280 2000 2435 2069 φησὶ,
2462 2001 2633 2069 φωνὴ
2671 2004 2779 2071 μία
2809 2004 2979 2071 πᾶσι,
3019 2008 3117 2061 καὶ
3158 2007 3334 2062 τοῦτο
3370 2008 3637 2077 ἤρξαντο

2056 2098 2328 2156 ποιησαι.

2130 2191 2287 2255 Τίνος
2312 2192 2501 2247 ἕνεκεν
2542 2194 2644 2248 ούκ
2684 2194 2887 2261 εὐθέως
2921 2192 3087 2268 ἦλθεν
3126 2199 3220 2252 ἐπὶ
3258 2199 3317 2253 τὸ
3357 2200 3637 2271 διατεμεῖν

2058 2277 2155 2348 τὴν
2184 2280 2446 2347 γλῶτταν,
2478 2283 2616 2336 ἀλλά
2658 2285 2922 2357 πρότερον
2964 2287 3343 2357 ἀπολογεῖται,
3386 2290 3639 2362 καθάπερ

2063 2366 2119 2416 ἐν
2179 2365 2508 2439 δικαστηρίῳ
2569 2371 2848 2441 κρίνεσθαι
2896 2373 3137 2444 μέλλων;
3194 2378 3371 2430 καίτοι
3425 2394 3489 2445 γε
3542 2379 3639 2431 06-

2060 2450 2173 2515 δεὶς
2194 2453 2341 2522 αὐτῷ
2362 2457 2493 2525 ἐρεῖο
2526 2458 2591 2509 Τί
2624 2459 2915 2528 ἐποίησας;
2936 2462 3073 2515 ἀλλά
3098 2463 3288 2535 κύριός
3314 2467 3432 2519 ἐστι
3456 2467 3637 2521 πάντα

2062 2544 2238 2594 ποιεῖν
2259 2543 2360 2596 ὅσα
2384 2543 2650 2612 βούλεται.
2695 2547 2832 2599 Ἀλλ’
2858 2550 3008 2618 ὅμως
3030 2553 3281 2625 καθάπερ
3309 2555 3516 2625 μέλλων
3539 2557 3633 2610 εὑ-

2061 2626 2229 2690 θύνας
2268 2629 2510 2700 ὑπέχειν,
2535 2631 2708 2696 οὕτως
2749 2635 3046 2705 ἀπολογίας
3082 2639 3313 2710 τίθησιν,
3356 2643 3503 2712 ἡμᾶς
3553 2645 3635 2697 δι-

2056 2712 2275 2769 δάσκων
2325 2718 2569 2788 ἡμέρους
2606 2717 2744 2773 εἶναι
2785 2723 2880 2775 καὶ
2908 2724 3343 2797 φιλανθρώπους.
3382 2730 3443 2782 Εἰ
3470 2731 3577 2801 γάρ
3608 2731 3638 2784 6

2056 2802 2334 2872 Δεσπότης
2357 2808 2471 2867 τοῖς
2497 2805 2701 2870 δούλοις
2735 2808 3103 2877 ἀπολογεῖται,
3136 2815 3228 2866 καὶ
3250 2814 3423 2868 ταῦτα
3448 2817 3638 2888 ἠδικη-

2056 2888 2197 2976 κόσι,
2232 2890 2412 2976 πολλῷ
2436 2892 2633 2976 μᾶλλον
2660 2895 2806 2963 ἡμᾶς
2826 2896 3078 2967 ἀλλήλοις
3103 2901 3486 2969 ἀπολογεῖσθαι
3502 2905 3631 2976 χρὴ,

2057 2974 2164 3027 κᾶν
2187 2975 2256 3028 τά
2292 2977 2522 3045 μέγιστα
2550 2972 2700 3048 ὦμεν
2756 2981 3106 3052 ἠδικημένοι.
3144 2986 3289 3057 Ὅρα
3337 2989 3466 3055 γοῦν
3503 2972 3634 3055 *πῶς

2057 3061 2407 3131 ἀπολογεῖται
2427 3079 2443 3095 ο
2476 3063 2622 3118 Ἰδοὺ
2647 3066 2851 3132 χεῖλος
2884 3065 2954 3120 ἐν
2987 3070 3083 3126 καὶ
3122 3071 3293 3139 φωνὴ
3318 3074 3429 3141 μία
3455 3074 3630 3141 πᾶσι,

2059 3149 2216 3218 φησὶ,
2257 3151 2355 3203 καὶ
2397 3151 2570 3205 τοῦτο
2590 3152 2855 3221 ἤρξαντο
2887 3155 3159 3223 ποιῆσαι.
3202 3160 3415 3213 Ὠσανεὶ
3447 3161 3631 3230 ἔλεγε·

2054 3236 2260 3307 Μηδεὶς
2283 3238 2584 3307 ἐγκαλείτω
2610 3258 2700 3310 μοι
2734 3241 2906 3294 ταῦτα
2932 3242 3031 3314 τὴν
3066 3244 3316 3312 γλῶτταν
3348 3247 3636 3319 διατεμνο-

2060 3325 2227 3394 μένην
2260 3325 2421 3394 ὀρῶν,
2465 3327 2655 3396 μηδεὶς
2688 3326 2747 3391 ἐξ
2778 3328 2959 3397 ἀρχῆς
2998 3331 3267 3400 νομιζέτω
3299 3332 3398 3403 τὴν
3426 3333 3636 3403 διαφω-

2057 3410 2178 3464 νίαν
2207 3410 2411 3482 ταύτην
2430 3415 2543 3475 τοῖς
2561 3413 2866 3483 ἀνθρώποις
2884 3417 3449 3488 συγκαταϐεϐλῆσθαι.
3480 3421 3630 3477 Ἰδοὺ

2058 3499 2261 3568 χεῖλος
2294 3500 2362 3553 ἒν
2382 3500 2480 3553 καὶ
2499 3502 2609 3569 μία
2638 3502 2806 3570 φωνὴ
2840 3501 3033 3557 πᾶσιν
3053 3520 3067 3533 ο
3096 3506 3213 3559 ἀλλ’
3230 3508 3329 3560 οὐκ
3358 3509 3633 3580 ἐχρήσαν-

2057 3603 2119 3638 το
2146 3589 2225 3650 εἰς
2260 3587 2379 3639 δέον
2406 3591 2471 3659 τῇ
2505 3588 2703 3660 δωρεᾷ.
2736 3592 2846 3644 Καὶ
2874 3592 2960 3646 ἴνα
2998 3593 3175 3664 μάθῃς
3203 3595 3285 3648 ὃτι
3317 3597 3377 3649 06
3400 3596 3464 3650 τὸ
3488 3599 3635 3667 γινό-

2059 3690 2222 3742 μενον
2254 3674 2474 3738 κολάζει
2510 3675 2784 3741 τοσοῦτον,
2811 3679 2935 3731 ὅσον
2962 3678 3024 3731 τὸ
3058 3680 3252 3749 μέλλον
3284 3682 3637 3754 προδιορθοῦ-

2055 3777 2167 3825 ται,
2196 3760 2426 3815 ἄκουσον
2453 3764 2553 3833 τῆς
2584 3766 2880 3838 ἐπαγωγῆς
2900 3783 2916 3796 '
2945 3768 3058 3822 Καὶ
3081 3770 3199 3822 νῦν
3232 3772 3304 3824 οὐ
3323 3771 3411 3840 μὴ
3436 3773 3634 3827 ἐκλεί-

2054 3850 2145 3914 ψῃ
2181 3848 2252 3912 ἐξ
2281 3849 2481 3903 αὐτῶν
2516 3850 2735 3916 πάντα,
2760 3853 2879 3909 ὅσα
2907 3854 2984 3908 ἂν
3013 3856 3326 3910 ἐπιθῶνται
3354 3858 3631 3927 ποιῆσαι.

2062 3939 2129 3988 '0
2159 3936 2215 3990 δέ
2245 3937 2393 4005 λέγει
2422 3939 2662 3995 τοιοῦτόν
2689 3943 2838 3995 ἐστιν
2856 3959 2870 3973 ’
2915 3942 3041 3997 Ἐὰν
3076 3946 3149 4015 μὴ
3176 3944 3307 3998 δῶσι
3327 3946 3483 4017 δίκην
3508 3947 3627 4014 νῦν,

2057 4025 2152 4079 καὶ
2180 4024 2288 4077 ἀπὸ
2313 4028 2413 4097 τῆς
2443 4026 2601 4098 ῥίζης
2630 4028 2803 4098 αὐτῆς
2827 4028 2939 4083 τῶν
2970 4032 3380 4103 ἁμαρτημάτων
3413 4034 3634 4105 ἀναχαι-

2056 4110 2334 4178 τισθῶσιν,
2364 4113 2425 4165 06
2453 4115 2738 4183 στήσονται
2759 4117 2857 4187 τῆς
2885 4119 3149 4189 πονηρίας
3170 4119 3405 4190 οὐδαμοῦ
3424 4134 3439 4149 ⁶
3470 4120 3631 4175 τοῦτο

2056 4200 2164 4269 γάρ
2197 4201 2460 4261 ἐστιν,οῠ
2478 4200 2566 4268 μὴ
2587 4202 2841 4270 ἐκλείψῃ
2858 4203 2929 4266 ἐξ
2949 4201 3147 4257 αὐτῶν
3174 4206 3390 4274 πάντα,
3417 4207 3534 4261 ὅσα
3553 4208 3631 4265 ἂν

2052 4284 2365 4339 ἐπιθῶνται
2393 4286 2669 4354 ποιῆσαν
2698 4288 2897 4341 ὡσανεὶ
2920 4289 3092 4358 ἔλεγε
3130 4293 3239 4345 Καὶ
3272 4293 3434 4366 ἔτερα
3462 4312 3634 4367 προσ·

2053 4371 2276 4442 θήσουσι
2318 4372 2542 4442 μείζονα
2590 4375 2941 4445 ἀτοπήματα.
2972 4378 3227 4431 Τοιοῦτον
3254 4380 3363 4451 γάρ
3393 4383 3425 4452 ἡ
3461 4401 3631 4455 πονη-

2055 4462 2173 4531 ρία·
2209 4461 2338 4514 ὅταν
2378 4462 2551 4533 ἀρχὴν
2578 4464 2819 4519 λαϐοῦσα
2849 4468 2924 4537 μὴ
2959 4466 3199 4537 κωλυθῇ,
3227 4469 3483 4543 καθάπερ
3514 4472 3630 4545 πῦρ

2053 4546 2185 4618 ὕλης
2228 4547 2379 4621 [255]
2429 4550 2838 4620 ἐπιλαϐόμενον,
2868 4552 3012 4607 οὕτω
3055 4555 3192 4625 πρὸς
3234 4555 3366 4625 ὕψος
3412 4559 3630 4630 ἀνίησιν

2052 4636 2277 4703 ἄφατον.
2326 4636 2493 4707 Ὁρᾷς
2531 4638 2611 4690 ὅτι
2646 4639 2741 4691 καὶ
2769 4639 2831 4692 τὸ
2859 4640 3152 4709 ἀφελέσθαι
3180 4643 3281 4713 τὴν
3314 4647 3630 4714 ὁμοφωνίαν

2052 4723 2466 4795 φιλανθρωπίας
2493 4725 2711 4791 ἐγένετο
2745 4726 2973 4796 πολλῆς;
3017 4728 3268 4782 Ἐνέϐαλε
3292 4732 3400 4802 γὰρ
3429 4733 3628 4797 αὐτοὺς

2052 4812 2134 4874 είς
2158 4811 2477 4879 διαφωνίαν,
2507 4812 2593 4864 ἴνα
2630 4811 2704 4881 μὴ
2739 4813 3043 4867 ἐκπέσωσιν
3086 4818 3167 4878 είς
3204 4818 3469 4888 πονηρίαν
3501 4822 3627 4890 μεί-

2052 4899 2201 4962 ζονα.
2240 4898 2438 4952 Τοῦτον
2476 4898 2540 4968 δή
2595 4916 2684 4969 μοι
2716 4899 3016 4970 διατηρεῖτε
3048 4902 3138 4955 τὸν
3168 4902 3348 4973 λόγον,
3389 4907 3486 4960 καὶ
3523 4925 3626 4962 πεο

2051 4986 2246 5055 πηγὼς
2290 4985 2376 5037 ἀεὶ
2412 4986 2543 5056 παρ’
2583 4985 2712 5054 ὑμῖν
2755 4985 2895 5041 ἐστω
2945 4990 3038 5041 καὶ
3083 4990 3362 5063 ἀκίνητος,
3395 4994 3477 5048 ὃτι
3523 4996 3626 5051 ούκ

2052 5072 2353 5141 εὐεργετῶν
2382 5071 2561 5142 μόνον,
2586 5072 2722 5126 ἀλλά
2755 5073 2849 5126 καὶ
2875 5074 3120 5139 κολάζων
3159 5079 3360 5148 ἀγαθός
3384 5082 3499 5135 ἐστι
3530 5085 3626 5139 καὶ

2051 5158 2430 5230 φιλάνθρωπος
2458 5160 2486 5211 6
2512 5160 2645 5224 Θεός
2664 5177 2678 5192 ο
2712 5162 2806 5215 καὶ
2837 5163 2944 5236 γὰρ
2970 5165 3026 5217 αἱ
3056 5166 3305 5230 κολάσεις
3330 5169 3497 5222 αύτοῦ
3530 5172 3624 5225 καὶ

2052 5250 2106 5301 αί
2137 5248 2397 5318 τιμωρίαι
2460 5248 2715 5318 μέγιστον
2754 5250 3074 5320 εὐεργεσίας
3122 5252 3307 5321 μέρος,
3363 5255 3625 5325 μέγιστον

2051 5332 2308 5402 προνοίας
2351 5329 2490 5396 εἶδός
2524 5336 2682 5389 εἰσιν.
2723 5334 2890 5387 ’Ὀταν
2911 5331 3002 5389 οὖν
3031 5337 3147 5407 ἴδῃς
3169 5337 3361 5407 λιμοὺς
3390 5344 3625 5413 γενομέ-

2048 5438 2189 5484 νους,
2222 5422 2320 5474 καὶ
2356 5421 2598 5491 λοιμοὺς,
2631 5423 2725 5474 καὶ
2750 5422 3014 5492 αὐχμοὺς,
3050 5424 3145 5477 καὶ
3165 5426 3493 5499 ἐπομϐρίας,
3528 5432 3626 5485 καὶ

2047 5513 2225 5584 ἀέρων
2259 5513 2588 5583 ἀνωμαλίας,
2624 5513 2656 5583 ἦ
2680 5513 2807 5568 ἀλλο
2836 5531 2889 5567 τι
2921 5514 3030 5568 τῶν
3050 5517 3306 5572 τοιούτων
3327 5520 3434 5573 τῶν
3460 5522 3624 5575 κολα-

2047 5601 2244 5667 ζόντων
2258 5601 2355 5671 τὴν
2368 5600 2705 5671 ἀνθρωπίνην
2715 5602 2894 5671 φύσιν,
2904 5603 2978 5673 μὴ
2994 5603 3051 5656 δυ
3059 5606 3327 5680 σχεράνῃς
3342 5608 3476 5679 μηδὲ
3485 5611 3623 5662 ἀπο-

2045 5691 2408 5760 δυσπετήσῃς,
2431 5689 2567 5742 ἀλλά
2590 5688 2963 5760 προσκύνησον
2984 5692 3074 5747 τὸν
3102 5695 3375 5759 ποιοῦντα,
3408 5696 3616 5766 θαῦμα·

2050 5792 2140 5830 σον
2162 5777 2321 5829 αὑτὸν
2340 5776 2437 5845 τῆς
2462 5775 2808 5848 κηδεμονίας.
2839 5777 3078 5844 Ἐκεῖνος
3098 5781 3207 5853 γάρ
3228 5783 3371 5839 ἐστιν
3400 5785 3428 5838 6
3459 5786 3622 5842 ταῦτα
