4446 6710
791 450 887 504 95]

790 562 986 629 ποιῶν,
1006 563 1103 619 καὶ
1130 563 1192 618 τὸ
1220 563 1384 633 σῶμα
1406 560 1670 625 κολάζων.
1696 563 1785 618 ἵνα
1816 564 1917 636 τὴν
1943 566 2122 637 ψυχὴν
2152 582 2367 638 σωφρο-

787 646 935 720 νίσῃ.
961 646 1072 701 Καὶ
1108 646 1137 698 6
1168 645 1299 708 Θεὸς
1325 642 1495 696 ταῦτα
1528 648 1691 709 ποιεῖ,
1721 647 1916 717 φησίν;
1945 648 2005 699 ὐ
2038 647 2170 711 Θεὸς
2200 648 2373 701 ταῦτα

790 732 966 783 ποιεῖ·
1019 729 1124 782 κάν
1160 730 1193 798 ή
1225 727 1375 791 πόλις
1429 730 1580 797 παρῇ
1634 729 1807 793 πᾶσα,
1862 729 1964 783 κᾶν
2002 731 2033 799 ή
2073 731 2370 800 οἰκουμένη

792 814 968 872 πᾶσα,
1001 811 1102 864 οὑκ
1137 810 1356 879 ὀκνήσω
1381 808 1542 862 τοῦτο
1577 811 1776 865 εἰπεῖν.
1818 811 1943 865 Είθε
1980 828 2070 880 μοι
2119 811 2216 864 καὶ
2244 811 2373 863 σάλ-

789 910 988 962 πιγγος
1012 888 1081 963 ἦν
1116 892 1268 962 φωνὴ
1299 891 1685 964 λαμπροτέρα,
1716 897 1812 948 καὶ
1844 898 1903 949 ὲν
1942 893 2132 963 ὑψηλῷ
2178 896 2371 963 στῆναι

786 977 973 1047 χωρίῳ
1000 975 1225 1028 δυνατὸν
1254 970 1343 1045 ἦν,
1374 976 1472 1030 καὶ
1510 979 1645 1031 πᾶσι
1676 977 1869 1047 βοῆσαι
1920 978 2018 1031 καὶ
2064 976 2371 1049 διαμαρτύ-

790 1058 1009 1127 ρασθαι,
1045 1059 1128 1110 ὃτι
1179 1059 1208 1108 6
1239 1057 1371 1121 Θεὸς
1416 1059 1591 1112 ταῦτα
1638 1062 1802 1113 ποιεῖ.
1862 1059 1976 1111 Οὑκ
2014 1058 2076 1123 ἐξ
2113 1059 2372 1121 ἀπονοίας

785 1142 960 1194 ταῦτα
997 1140 1161 1209 λέγω,
1195 1140 1312 1193 ἀλλ’
1338 1140 1451 1211 ἔχω
1472 1142 1796 1212 παρεστῶτα
1814 1140 1903 1194 τὸν
1929 1144 2222 1213 προφήτην
2253 1142 2369 1211 μετ’

784 1223 920 1293 ἐμοῦ
956 1222 1166 1294 βοῶντα
1193 1224 1288 1275 καὶ
1319 1224 1569 1291 λέγοντα,
1597 1226 1678 1277 ὅτι
1731 1225 1853 1276 Οὐκ
1908 1223 2043 1277 ἐστι
2084 1224 2262 1277 κακία
2300 1221 2371 1274 ἐν

786 1306 983 1371 πόλει,
1026 1306 1107 1376 ἣν
1139 1308 1355 1374 Κύριος
1387 1310 1497 1360 οὐκ
1527 1307 1780 1373 ἐποίησε
1800 1322 1814 1337 ο
1854 1308 2027 1361 κακία
2069 1308 2124 1362 δὲ
2159 1305 2371 1377 ὁμώνυ·

790 1389 890 1459 μόν
937 1392 1088 1445 ἐστιν
1134 1392 1339 1460 ὄνομα·
1387 1390 1479 1441 καὶ
1530 1390 1633 1459 τῆς
1682 1392 2059 1464 προσηγορίας
2105 1392 2371 1459 ἑκατέρας

788 1471 1051 1544 βούλομαι
1103 1475 1203 1544 τὴν
1240 1473 1443 1545 ἀκριϐῆ
1494 1474 1689 1544 μαθεῖν
1745 1476 1892 1547 ὑμᾶς
1946 1476 2240 1548 σημασίαν,
2282 1476 2371 1528 ἵνα

789 1555 865 1625 μὴ
902 1556 989 1609 διὰ
1016 1555 1113 1626 τὴν
1140 1556 1465 1627 ὁμωνυμίαν
1509 1558 1620 1611 τῶν
1652 1561 1998 1631 πραγμάτων
2050 1559 2371 1629 συγχέοντες

782 1635 883 1707 τὴν
914 1637 1095 1706 φύσιν,
1124 1640 1204 1701 είς
1231 1637 1584 1712 βλασφημίαν
1611 1642 1909 1714 ἐμπέσητε.

852 1848 914 1897 ε’.
958 1844 1119 1898 Ἐστι
1135 1844 1315 1901 τοίνυν
1330 1846 1513 1910 κακία,
1535 1845 1753 1916 ήδντως
1773 1844 1960 1909 κακία,
1981 1846 2230 1914 πορνεία,
2253 1863 2373 1916 μοι-

781 1925 924 1995 χεία,
952 1925 1257 1991 πλεονεξία.
1290 1930 1384 1981 καὶ
1410 1929 1477 1980 τά
1505 1928 1678 1999 μυρία
1701 1927 1755 1980 δε
1768 1927 1855 1981 ινά
1890 1929 1959 1982 τὰ
1990 1928 2097 1982 τῶν
2127 1930 2374 1999 ἐσχάτων

779 2008 909 2061 ὅντα
949 2009 1322 2080 ἐγκλημάτων
1372 2010 1498 2075 ἄξια
1535 2012 1632 2063 καὶ
1692 2012 2001 2083 τιμωριῶν.
2044 2013 2212 2065 Πάλιν
2260 2012 2375 2064 ἐστὶ

779 2090 972 2155 κακία,
1011 2091 1213 2161 μᾶλλον
1262 2091 1318 2145 δὲ
1364 2092 1466 2145 οὑκ
1516 2092 1690 2159 ἔστιν,
1736 2094 1874 2147 ἀλλά
1914 2093 2156 2161 λέγεται,
2194 2093 2371 2163 λιμὸς,

779 2173 987 2244 λοιμὸς,
1018 2174 1272 2238 Θάνατος,
1302 2175 1478 2238 νόσος,
1510 2177 1605 2229 καὶ
1639 2177 1740 2229 ὅσα
1767 2176 2024 2229 τοιαῦτα·
2060 2178 2233 2228 ταῦτα
2263 2176 2372 2245 γὰρ

780 2258 882 2309 οὑκ
911 2258 976 2310 ἂν
999 2257 1083 2328 εἴη
1114 2258 1263 2311 κακά
1282 2274 1296 2287 ο
1318 2257 1408 2311 διὰ
1426 2257 1583 2310 τοῦτο
1604 2255 1778 2320 εἷπον,
1803 2258 2067 2325 Λέγεται,
2093 2259 2271 2326 μόνον.
2307 2257 2373 2310 Τί

779 2340 1011 2410 δήποτε;
1045 2341 1164 2393 Ὀτι
1199 2341 1248 2393 εἰ
1287 2341 1431 2393 κακά
1467 2335 1553 2409 ἦν,
1589 2341 1689 2392 οὑκ
1710 2341 1777 2392 ἂν
1801 2340 2025 2406 ἀγαθῶν
2053 2342 2187 2410 ἡμῖν
2223 2341 2371 2392 αἴτια

780 2422 1047 2489 ἐγεγόνει,
1090 2422 1491 2492 σωφρονίζοντα
1548 2421 1648 2491 τὴν
1700 2421 1982 2487 ἀπόνοιαν,
2030 2421 2370 2488 ἐγκόπτοντα

780 2504 878 2575 τὴν
914 2503 1187 2575 ῥαθυμίαν
1212 2504 1307 2557 καὶ
1348 2504 1488 2575 πρὸς
1517 2503 1755 2574 σπουδὴν
1801 2504 2163 2570 ἐπανάγοντα,
2197 2520 2370 2574 προσ-

782 2586 1179 2656 εκτικωτέρους
1234 2584 1516 2638 ποιοῦντα.
1544 2586 1674 2638 Ὅτε
1705 2585 1836 2656 γὰρ,
1870 2585 2057 2655 φησὶν,
2102 2586 2375 2639 ἀπέκτει-

780 2687 892 2724 νεν
914 2669 1158 2735 αὐτοὺς,
1190 2670 1323 2722 τότε
1364 2667 1691 2736 ἐξεζήτουν
1725 2669 1934 2733 αὐτὸν,
1964 2668 2060 2722 καί
2094 2668 2375 2735 ἐπέστρε-

781 2769 922 2820 φον,
962 2751 1061 2804 καὶ
1095 2750 1377 2818 ὥρθριζον
1429 2751 1582 2820 πρὸς
1626 2752 1734 2804 τὸν
1792 2752 1959 2804 Θεόν.
2016 2751 2232 2804 Κακίαν
2282 2746 2376 2803 οὖν

780 2835 986 2903 ταύτην
1038 2834 1173 2903 φησί
1227 2833 1326 2904 τὴν
1385 2833 1850 2904 σωφρονίζουσαν,
1917 2834 2017 2903 τὴν
2084 2834 2376 2904 λαμπροὺς

781 2915 1074 2977 ποιοῦσαν,
1128 2914 1228 2985 τὴν
1277 2916 1730 2986 σπουδαιοτέρους
1787 2915 2165 2985 ἐργαζομένην
2193 2954 2207 2977 ,
2271 2915 2373 2985 τὴν

783 3000 919 3068 πρὸς
949 2998 1265 3067 φιλοσοφίαν
1301 2999 1704 3066 ἐπανάγουσαν,
1738 2999 1839 3051 οὑκ
1879 3000 2094 3067 ἐκείνην
2125 2998 2222 3069 τὴν
2252 2998 2370 3051 δια-

780 3080 1127 3151 ϐεϐλημένην
1160 3082 1255 3133 καὶ
1302 3081 1664 3151 ἐγκλημάτων
1714 3082 1900 3148 ἀξίαν’
1950 3081 2138 3153 ἐκείνη
2169 3081 2280 3151 γὰρ
2309 3082 2370 3133 οὑ

784 3164 921 3217 Θεοῦ
953 3165 1137 3235 ἔργον,
1174 3164 1311 3217 ἀλλά
1345 3166 1445 3234 τῆς
1488 3165 1768 3235 ἡμετέρας
1808 3165 2187 3235 προαιρέσεως
2218 3164 2370 3233 εὑρε-

788 3264 885 3317 μα,
904 3246 1045 3317 αῦτη
1067 3246 1124 3299 δὲ
1148 3246 1284 3315 πρὸς
1311 3247 1411 3317 τὴν
1440 3247 1660 3318 ἐκείνης
1686 3248 1970 3319 ἀναίρεσιν
1993 3248 2223 3315 γίνεται.
2254 3245 2370 3299 Κα-

782 3331 909 3383 κίαν
938 3327 1032 3383 οὖν
1057 3328 1262 3399 ταύτην
1292 3328 1451 3381 καλεῖ
1493 3328 1593 3400 τὴν
1621 3330 1888 3391 κάκωσιν,
1919 3330 2018 3399 τὴν
2049 3333 2114 3382 ὲκ
2142 3328 2252 3381 τῶν
2284 3346 2371 3381 τι-

784 3412 1006 3483 μωριῶν
1050 3412 1346 3481 γινομένην
1379 3413 1533 3481 ήμῖν,
1567 3412 1626 3463 οὑ
1654 3412 1799 3465 κατά
1823 3411 1922 3483 τὴν
1949 3412 2157 3465 οἰκείαν
2187 3412 2371 3481 φύσιν,

780 3496 924 3549 ἀλλά
955 3496 1101 3549 κατά
1124 3495 1224 3564 τὴν
1270 3494 1525 3548 ὑπόνοιαν
1558 3494 1667 3548 τῶν
1698 3494 2027 3566 ἀνθρώπων,
2067 3493 2241 3557 οὑτως
2274 3496 2372 3547 αὑ-

780 3581 885 3651 τὴν
912 3578 1218 3649 ὀνομάζων.
1263 3577 1481 3645 Ἐπειδὴ
1511 3577 1619 3648 γὰρ
1646 3578 1846 3631 κακίαν
1864 3578 2051 3632 καλεῖν
2077 3578 2372 3648 εἰώθαμεν,

780 3665 845 3717 οὑ
878 3664 977 3727 τάς
1000 3662 1205 3724 κλοπὰς
1238 3661 1332 3713 καὶ
1362 3661 1458 3723 τὰς
1487 3661 1733 3730 μοιχείας
1757 3663 1938 3731 μόνον,
1979 3661 2114 3714 ἀλλὰ
2154 3663 2249 3713 καὶ
2274 3661 2375 3725 τὰς

784 3746 1093 3817 συμφοράς,
1123 3744 1232 3798 ἀπὸ
1264 3745 1365 3813 τῆς
1399 3743 1508 3796 τῶν
1563 3743 1871 3814 ἀνθρώπων
1918 3745 2102 3816 ψήφου
2132 3745 2276 3797 οῦτω
2307 3746 2370 3798 τὸ

784 3831 1018 3902 πρᾶγμα
1052 3828 1301 3882 ἐκάλεσε.
1344 3828 1517 3879 Τοῦτο
1570 3823 1665 3881 οὖν
1693 3828 1844 3881 ἐστιν
1884 3829 1913 3881 6
1957 3845 2124 3899 φησιν
2157 3827 2309 3900 [25M
2342 3831 2371 3881 6

783 3914 1097 3984 προφήτης,
1128 3912 1213 3964 ὅτι
1245 3911 1369 3963 Οὐκ
1414 3912 1551 3965 ἐστι
1602 3912 1783 3964 κακία
1814 3911 1886 3963 ἐν
1920 3912 2116 3975 πόλει,
2145 3910 2224 3978 ἢν
2253 3912 2370 3965 Κύ-

775 4013 908 4067 ριος
940 3997 1053 4049 οὐκ
1089 3994 1367 4062 ἐποίησε.
1409 3993 1580 4045 Τοῦτο
1622 3995 1718 4046 καὶ
1750 3993 1840 4045 διὰ
1879 3993 2102 4046 Ἦσαῖου
2142 3995 2375 4065 παρεδή-

783 4078 955 4131 λωσεν
975 4079 1004 4131 6
1026 4076 1160 4140 Θεὸς
1180 4077 1354 4129 είπών
1373 4090 1386 4104 '
1422 4074 1566 4144 Ἐγὼ
1593 4074 1738 4141 Θεὸς
1763 4074 1953 4129 ποιῶν
1976 4076 2246 4144 εἰρήνην,
2275 4079 2374 4132 καί

783 4160 995 4222 κτίζων
1024 4158 1209 4213 κακά·
1252 4158 1397 4212 κακά
1441 4158 1603 4212 πάλιν
1632 4158 1729 4221 τὰς
1760 4160 2048 4229 συμφοράς
2068 4160 2369 4230 ὀνομάζων.

783 4246 1001 4315 Ταύτην
1030 4245 1127 4298 καὶ
1145 4246 1173 4297 6
1198 4243 1433 4315 Χριστὸς
1455 4245 1555 4314 τὴν
1573 4242 1772 4296 κακίαν
1795 4245 1851 4295 ἐν
1883 4246 1995 4307 τοῖς
2019 4242 2375 4311 Εὑαγγελίοις

784 4328 1101 4389 αἰνίττεται,
1134 4325 1278 4380 οὑτω
1304 4325 1481 4393 λέγων
1510 4329 1621 4388 τοῖς
1650 4325 1921 4395 μαθηταῖς
1942 4344 1956 4359 ο
2007 4325 2281 4394 Ἀρκετὸν
2300 4325 2376 4395 τῇ

788 4409 978 4479 ἡμέρᾳ
1006 4410 1043 4476 ἡ
1070 4409 1251 4462 κακία
1284 4407 1496 4475 αὐτῆς,
1525 4409 1822 4473 τουτέστιν,
1861 4411 1895 4480 ὴ
1923 4408 2188 4475 κάκωσις,
2219 4412 2253 4481 ή
2286 4428 2377 4463 τα-

784 4494 1081 4565 λαιπωρία.
1113 4491 1461 4562 Πανταχόθεν
1483 4487 1578 4546 οῦν
1614 4492 1796 4562 δῆλον,
1831 4494 1912 4547 ὃτι
1961 4495 2161 4548 κακίαν
2189 4496 2375 4551 ἐνταῦ-

788 4579 858 4631 θα
879 4579 978 4641 τὰς
1011 4577 1285 4648 τιμωρίας
1335 4575 1511 4637 καλεῖ,
1550 4576 1645 4627 καὶ
1687 4575 1889 4638 ταύτας
1918 4578 2051 4647 ⁴ἡμῖν
2088 4578 2254 4642 αὑτὸς
2275 4582 2373 4634 έπ-

788 4656 934 4731 άγέι,
969 4662 1226 4733 μέγιστον
1255 4659 1513 4731 προνοίας
1544 4654 1683 4722 εἶδος
1719 4659 2111 4730 παρεχόμενος.
2128 4664 2237 4716 Καὶ
2264 4665 2371 4735 γὰρ

784 4752 813 4802 ὀ
844 4748 1046 4819 ίατρὸς,
1074 4746 1173 4815 οὑχ
1190 4745 1320 4798 ὅταν
1352 4745 1433 4806 είς
1468 4742 1830 4815 παραδείσους
1863 4745 1957 4797 καὶ
1985 4743 2255 4815 λειμῶνας
2289 4748 2375 4811 ἐξ-

787 4833 972 4906 αγάγῃ
996 4831 1089 4883 τὸν
1124 4830 1421 4900 κάμνοντα,
1439 4828 1540 4882 θαυ
1548 4828 1754 4899 μαστὸς
1776 4830 1893 4882 ἐστι
1920 4829 2101 4899 μόνον,
2119 4829 2226 4881 οὐδ’
2247 4832 2375 4886 ὅταν

787 4919 870 4979 εἰς
905 4916 1163 4984 βαλανεῖα
1221 4914 1316 4967 καὶ
1372 4912 1764 4985 κολυμϐήθρας
1820 4912 2053 4977 ὑδάτων,
2107 4913 2218 4967 οὐδ’
2248 4915 2376 4969 ὅταν

788 4999 1068 5071 τράπεζαν
1101 4996 1379 5067 παρατιθῇ
1429 4997 1713 5061 πλουσίαν,
1751 4997 1888 5051 άλλά
1910 4997 2004 5051 καὶ
2035 4997 2165 5051 ὅταν
2193 4998 2377 5053 ἄσιτον

790 5081 988 5151 κελεύῃ
1010 5079 1304 5148 διαμένειν,
1330 5080 1425 5132 καὶ
1444 5080 1570 5132 ὅταν
1596 5080 1738 5151 ἆγχῃ
1762 5081 1909 5152 λιμῷ
1931 5082 2027 5136 καὶ
2047 5081 2175 5153 δίψη
2207 5101 2378 5137 κατα-

790 5165 962 5235 τείνῃ,
1000 5166 1068 5234 τῇ
1102 5161 1258 5233 κλίνη
1289 5162 1581 5232 προσηλῶν
1612 5164 1706 5215 καὶ
1733 5164 1833 5234 τὴν
1867 5166 2046 5219 οίκίαν
2087 5165 2374 5237 δεσμωτήι

791 5264 906 5317 ριον
936 5242 1321 5317 ποιούμενος⁸,
1351 5245 1448 5299 καὶ
1481 5244 1649 5299 αὑτοῦ
1695 5245 1789 5299 τοῦ
1832 5248 2007 5315 φωτὸς
2053 5250 2378 5320 ἀποστερῶν

789 5330 883 5385 καὶ
915 5330 1227 5394 συσκιάζων
1264 5329 1605 5401 πανταχόθεν
1655 5328 1716 5383 τὸ
1752 5331 2022 5401 δωμάτιον
2057 5336 2379 5406 παραπετά-

792 5431 981 5483 σμασι.
1002 5414 1095 5465 καὶ
1117 5414 1245 5466 ὅταν
1272 5413 1463 5485 τέμνῃ,
1492 5415 1585 5467 καὶ
1612 5414 1741 5468 ὅταν
1766 5415 1913 5487 καίῃ.
1932 5418 2024 5470 καὶ
2049 5420 2178 5472 ὅταν
2204 5420 2380 5490 πικρά

793 5496 1044 5566 προσάγῃ
1080 5494 1369 5566 φάρμακα,
1425 5497 1607 5569 ἰατρός
1663 5498 1812 5552 ἐστιν
1860 5499 2083 5570 ὁμοίως.
2116 5502 2240 5565 Πῶς
2283 5499 2379 5557 οῦν

790 5580 890 5632 οὑκ
910 5582 1110 5633 ἄτοπον
1144 5579 1351 5632 ἐκεῖνον
1400 5580 1498 5649 μὲν
1530 5580 1771 5635 τοσαῦτα
1810 5581 2183 5655 ἐργαζόμενον
2232 5587 2377 5641 κακά

794 5661 975 5735 ιατρὸν
1018 5660 1226 5728 καλεῖν,
1257 5660 1349 5716 τὸν
1376 5662 1433 5716 δὲ
1461 5664 1615 5732 Θεὸν,
1640 5665 1695 5718 εί
1728 5683 1861 5720 ποτε
1884 5666 1943 5722 ἓν
1975 5668 2182 5724 τούτων
2213 5672 2374 5744 ποιή·

851 5854 879 5885 ε
902 5853 1042 5904 Culb.
1064 5860 1273 5916 uterque
1302 5856 1617 5919 ἐργαζόμενος.

1494 448 1551 503 S.
1594 444 1881 503 JOANNIS
1920 445 2415 505 CIIRYSOSTOMI
2465 447 2788 505 ARCHIEP.
2829 446 3382 509 CONSTANTINOP.

3954 450 4061 505 253

2475 582 2641 630 σειεν,
2676 559 2789 618 οἷον
2816 565 2848 635 ἢ
2880 565 3036 636 λιμὸν
3064 569 3099 639 ἢ
3128 567 3357 620 θάνατον
3388 559 3680 628 ἐπαγάγοι,
3717 557 4061 630 βλασφημεῖν

2472 650 2567 703 καὶ
2594 649 2692 720 τῆς
2731 646 2825 700 τοῦ
2858 649 3063 711 παντὸς
3095 649 3378 703 ἐκϐάλλειν
3403 642 3695 716 προνοίαςς
3719 640 3900 693 καίτοι
3932 659 3999 708 γε
4029 646 4059 696 6

2473 732 2683 804 ἀληθὴς
2729 730 2911 803 ἰατρὸς
2935 724 3093 795 οὗτος
3135 733 3293 801 μόνος
3323 733 3441 785 ἐστὶ
3469 728 3563 783 καὶ
3592 724 3782 795 ψυχῶν
3819 724 3917 776 καὶ
3952 741 4059 777 σω-

2476 816 2682 885 μάτων.
2720 814 2819 867 Διὰ
2852 812 3011 866 τοῦτο
3037 812 3299 877 πολλάκις
3331 814 3429 884 τὴν
3473 812 3632 881 φύσιν
3657 808 3755 877 τὴν
3779 806 4058 877 ἡμετέραν

2472 899 2813 969 παραλαϐὼν
2865 896 2925 961 ἐξ
2972 896 3229 967 εὐθηνίας
3282 898 3624 968 σκιρτῶσαν,
3673 891 3768 945 καὶ
3812 887 4054 958 ’πυρετὸν

2472 982 2887 1051 ἁμαρτημάτων
2916 981 3235 1043 ὠδίνουσαν,
3277 981 3453 1051 ἐνδείᾳ
3476 980 3571 1032 καὶ
3597 974 3739 1046 λιμῷ
3771 972 3867 1027 καὶ
3900 972 4059 1025 θανά-

2469 1079 2546 1131 τῳ
2576 1064 2671 1114 καὶ
2700 1066 3010 1134 συμφοραῖς
3034 1062 3271 1132 ἑτέραις,
3306 1062 3401 1116 καὶ
3427 1064 3540 1125 τοῖς
3571 1060 3749 1121 ἀλλοις
3783 1051 3864 1117 οἷς
3892 1054 4057 1117 αὑτὸς

2470 1138 2579 1195 οἶδε
2628 1146 2948 1213 φαρμάκοις
2980 1143 3319 1198 ἀπαλλάττει
3368 1144 3478 1197 τῶν
3518 1141 3860 1212 νοσημάτων.
3915 1135 4056 1187 Ἀλλ’

2470 1226 2520 1277 οἱ
2540 1224 2771 1293 πένητες
2800 1226 3150 1279 αἰσθάνονται
3182 1226 3336 1297 μόνοι
3368 1225 3460 1278 τοῦ
3493 1221 3879 1294 λιμοῦ,φησίν.
3915 1218 4056 1271 Ἀλλ’

2470 1308 2591 1377 οὐχὶ
2621 1307 2766 1377 μόνῳ
2793 1306 2940 1376 λιμῷ
2983 1309 3222 1373 κολάζει,
3259 1308 3397 1363 ἀλλά
3445 1309 3540 1362 καὶ
3568 1308 3774 1378 ἑτέροις
3806 1304 4019 1376 μυρίοις
4040 1319 4054 1332 °

2470 1391 2562 1444 τὸν
2590 1393 2647 1444 ἐν
2673 1390 2833 1461 πενίᾳ
2864 1391 2960 1460 μὲν
2990 1390 3123 1443 ὄντα
3142 1391 3287 1461 λιμῷ
3310 1392 3572 1452 πολλάκις
3588 1389 3941 1460 ἐσωφρόνισε,
3966 1384 4057 1436 τὸν

2472 1472 2806 1528 πλουτοῦντα
2847 1473 2901 1525 δὲ
2949 1474 3044 1525 καὶ
3098 1472 3360 1539 εὐπορίας
3394 1471 3738 1524 ἀπολαύοντα
3770 1469 4055 1529 κινδύνοις,

2471 1558 2763 1628 νοσήμασι,
2794 1556 3039 1618 θανάτοις
3064 1552 3623 1623 ἀώροιςέύμήχανος
3652 1552 3763 1623 γάρ
3784 1553 3929 1616 ἐστι,
3964 1550 4059 1603 καὶ

2472 1641 2694 1692 ποικίλα
2720 1640 2834 1711 ἔχει
2861 1642 2961 1711 τῆς
3000 1637 3272 1708 σωτηρίας
3301 1634 3458 1706 ήμῶν
3495 1634 3563 1686 τά
3588 1635 3878 1705 φάρμακα.

2546 1785 2705 1838 Οὕτω
2734 1786 2828 1838 καὶ
2851 1785 3104 1838 δικασταὶ
3144 1783 3387 1838 ποιοῦσιν
3410 1797 3422 1810 ·
3460 1783 3522 1834 οὑ
3556 1779 3755 1850 τιμῶσι
3790 1781 3950 1848 μόνον
3976 1796 4061 1829 ου-

2473 1867 2529 1920 δὲ
2571 1867 2896 1936 στεφανοῦσι
2948 1870 3075 1930 τοὺς
3126 1866 3226 1929 τὰς
3257 1865 3442 1927 πόλεις
3472 1862 3775 1924 οἰκοῦντας,
3810 1861 3932 1912 οὑδὲ
3959 1860 4062 1911 δω-

2478 1949 2605 2019 ρεὰς
2639 1949 2940 2020 παρέχουσι
2967 1950 3150 2019 μόνον,
3183 1948 3317 2002 ἀλλά
3341 1948 3433 2000 καὶ
3468 1946 3752 2011 κολάζουσι
3775 1942 4057 2004 πολλάκις.

2475 2032 2575 2085 Διά
2608 2032 2765 2085 τοῦτο
2795 2035 2891 2085 καὶ
2920 2033 3071 2100 ξίφος
3113 2033 3298 2094 αὑτοῖς
3345 2030 3632 2100 ἡκόνηται,
3668 2028 3763 2081 καὶ
3811 2025 4059 2097 βάραθρα

2478 2116 2949 2186 παρεσκεύασται,
2979 2116 3071 2167 καὶ
3104 2113 3321 2184 τροχὸς,
3363 2114 3459 2165 καὶ
3492 2112 3647 2178 ξύλα,
3701 2112 3796 2164 καὶ
3854 2110 4055 2179 δήμιοι,

2478 2202 2572 2251 καὶ
2603 2200 2766 2270 ἕτερα
2796 2200 2968 2270 μυρία
3018 2201 3295 2254 κολάσεων
3326 2201 3465 2269 εἴδη.
3494 2200 3676 2267 Ὅπερ
3713 2191 3805 2248 οὖν
3829 2194 3920 2247 ἐπὶ
3952 2190 4061 2245 τῶν

2473 2282 2747 2333 δικαστῶν
2767 2284 2796 2334 6
2827 2283 3042 2351 δήμιος,
3071 2283 3230 2335 τοῦτο
3264 2284 3355 2335 ἐπὶ
3379 2281 3474 2334 τοῦ
3501 2279 3638 2332 Θεοῦ
3672 2278 3852 2347 λιμὸς,
3892 2274 4064 2329 καθά-

2472 2380 2580 2434 περ
2633 2356 3379 2429 δήμιοςισωφρονίζωνὴμᾶς
3430 2363 3663 2432 καὶτῆς
3715 2360 3915 2422 κακίας
3953 2360 4059 2411 ἀπ-

2473 2448 2642 2513 άγων.
2662 2444 2820 2498 Οῦτω
2840 2447 2935 2498 καὶ
2961 2447 3053 2497 ἐπὶ
3072 2445 3180 2499 τῶν
3206 2445 3472 2517 γεωργῶν
3495 2445 3641 2496 ἐστιν
3673 2442 3819 2495 ίδείν.
3850 2444 3925 2493 Οὑ
3954 2440 4064 2508 γὰρ

2471 2528 2537 2599 δὴ
2580 2528 2741 2599 μόνον
2772 2528 3184 2598 περιστέλλουσι
3210 2529 3308 2598 τὴν
3347 2528 3505 2598 ῥίζαν
3532 2526 3634 2595 τῆς
3659 2525 3907 2596 ἀμπέλου
3942 2523 4063 2576 οὑδέ

2475 2612 2960 2683 περιφράττουσιν,
2993 2611 3131 2665 ἀλλὰ
3162 2612 3257 2665 καὶ
3308 2611 3701 2681 περικόπτουσι
3750 2610 3846 2662 καὶ
3891 2604 4060 2659 πολὶά

2474 2696 2583 2747 τῶν
2614 2695 2911 2767 κλημάτων
2942 2695 3308 2764 ἀποτέμνουσι
3327 2711 3339 2723 °
3364 2694 3453 2747 διὰ
3482 2692 3644 2745 τοῦτο
3664 2692 3787 2762 οὑχὶ
3806 2689 4061 2755 σκαπάνη

2480 2779 2640 2847 μόνον
2688 2778 2941 2841 ἐκείνοις,
2982 2777 3117 2830 άλλά
3140 2778 3233 2830 καὶ
3268 2777 3509 2847 δρέπανα
3567 2775 3706 2845 πρὸς
3734 2772 3905 2843 τομὴν
3940 2774 4063 2823 ἐπι-

2476 2860 2682 2931 τήδεια.
2726 2861 2867 2914 Ἀλλ’
2895 2862 3043 2930 ὅμως
3090 2862 3192 2913 οὑκ
3240 2859 3582 2929 ἐγκαλοῦμεν
3635 2858 3756 2910 οὑδὲ
3806 2855 4057 2916 τούτοις’

2474 2944 2611 2996 ἀλλὰ
2632 2945 2727 2997 καὶ
2748 2946 2869 2997 τότε
2893 2946 3129 3014 μάλιστα
3158 2944 3357 3005 αὑτοὺς
3383 2939 3754 3012 θαυμάζομεν,
3785 2939 3912 2991 ὅταν
3933 2937 4061 2989 ἴδωσ-

2476 3044 2576 3097 μεν
2600 3026 2771 3079 πολλά
2801 3027 2911 3079 τῶν
2936 3029 3228 3097 ἀχρήστων
3266 3025 3655 3084 ἐκκόπτοντας,
3688 3022 3828 3075 ὥστε
3860 3024 3925 3089 τῇ
3951 3019 4062 3070 τῶν

2472 3110 2745 3182 περιττῶν
2765 3110 3008 3180 ἀποϐολῇ
3037 3113 3149 3173 τοῖς
3169 3110 3391 3179 μένουσι
3414 3107 3613 3177 πολλὴν
3645 3105 4062 3177 παρασκευάσαι

2470 3194 2570 3265 τὴν
2602 3192 2898 3263 σωτηρίαν.
2938 3193 3064 3254 Πῶς
3108 3188 3202 3244 οὖν
3246 3193 3349 3244 οὑκ
3409 3191 3632 3253 ἄτοπον,
3674 3187 3885 3258 πατέρα
3940 3186 4060 3255 μὲν,

2471 3279 2568 3331 καὶ
2604 3278 2810 3348 ἰατρὸν,
2847 3278 2941 3329 καὶ
2973 3275 3258 3338 δικαστὴν,
3288 3275 3384 3327 καὶ
3431 3272 3681 3345 γεωργὸν
3731 3271 3873 3323 οὑτω
3916 3268 4065 3320 δοκι-

2477 3358 2694 3430 μάζειν,
2737 3361 2832 3412 καὶ
2877 3362 3013 3430 μήτε
3053 3361 3262 3411 ἐκεῖνον
3308 3357 3640 3411 ἐκϐάλλοντα
3692 3355 3784 3407 τὸν
3814 3352 3931 3405 υἱὸν
3963 3352 4064 3416 τῆς

2475 3442 2672 3505 οἰκίας,
2712 3444 2850 3512 μήτε
2877 3442 2967 3494 τὸν
3002 3441 3187 3512 ἰατρὸν
3232 3440 3544 3493 ἐκτείνοντα
3565 3437 3594 3478 δ
3621 3438 3715 3490 τὸν
3761 3436 4060 3505 κάμνοντα,

2481 3526 2619 3593 μήτε
2677 3524 2768 3576 τὸν
2816 3524 3074 3595 δικαστὴν
3133 3523 3454 3587 κολάζοντα,
3489 3523 3627 3592 μήτε
3674 3518 3769 3573 τὸν
3815 3516 4064 3585 γεωργὸν

2476 3607 2748 3660 κόπτοντα
2784 3607 3094 3677 μέμφεσθαι
3132 3606 3228 3660 καὶ
3274 3605 3584 3660 αίτιᾶσθαιο
3614 3603 3708 3655 τὸν
3736 3602 3792 3654 δέ
3823 3600 3977 3658 Θεὸν,
4012 3598 4066 3649 εἴ

2475 3705 2605 3742 ποτε
2633 3688 2783 3760 [255]
2820 3688 3107 3759 βουληθείη
3152 3689 3406 3759 καθάπερ
3435 3685 3884 3757 καρηϐαροῦντας
3914 3683 4062 3753 ἡμᾶς

2475 3773 2587 3827 ἀπὸ
2618 3774 2718 3842 τῆς
2766 3771 2968 3841 πολλῆς
3004 3772 3302 3843 ἀναστῆσαι
3340 3771 3509 3842 μέθης
3532 3771 3631 3840 τῆς
3669 3766 3813 3822 κατὰ
3833 3766 3932 3836 τὴν
3962 3782 4061 3817 πο-

2476 3856 2693 3927 νηρίαν,
2729 3854 3040 3924 μέμφεσθαι
3070 3854 3165 3906 καὶ
3190 3854 3411 3925 μυρίαις
3432 3853 3647 3923 βάλλειν
3663 3849 4057 3921 κατηγορίαις;

2475 3938 2659 4008 Πόσης
2693 3938 2795 3990 οὑκ
2845 3936 2912 3989 ἂν
2946 3937 3029 4005 εἰή
3074 3936 3294 4006 μανίας,
3340 3935 3477 4004 μηδὲ
3514 3935 3615 4003 τῆς
3661 3933 3830 4000 αὐτῆς
3857 3930 3935 4000 τῷ
3964 3933 4061 3980 Δε-

2474 4020 2649 4091 σπότῃ
2668 4019 3011 4089 μεταδιδόναι
3025 4017 3413 4087 δικαιολογίας,
3430 4018 3559 4089 ὅσης
3581 4014 3929 4086 μεταδίδομεν
3944 4016 4055 4075 τοῖς

2473 4103 2781 4165 συνδούλοις
2796 4122 2811 4169 ;

2546 4259 2618 4317 ς’,
2653 4252 2843 4306 Ταῦτα
2878 4251 3019 4322 ὑπὲρ
3050 4249 3229 4304 αὐτῶν
3263 4248 3373 4301 τῶν
3400 4244 3780 4315 ἐγκαλούντων
3808 4238 4063 4301 δεδοικὼς

2474 4335 2615 4403 λέγω
2640 4336 2753 4393 νῦν.
2792 4336 2879 4387 ἵνα
2916 4334 2992 4405 μὴ
3016 4333 3153 4402 πρὸς
3190 4332 3392 4403 κέντρα
3423 4329 3790 4391 λακτίζοντες,
3820 4325 3944 4385 τοὺς
3966 4322 4057 4374 πόα

2476 4418 2570 4483 δας
2600 4421 2966 4490 αίμάσσωσιν,
2994 4419 3082 4470 ἵνα
3106 4417 3182 4488 μὴ
3214 4417 3295 4479 είς
3322 4415 3550 4487 οὐρανὸν
3572 4415 3698 4475 τοὺς
3721 4410 3900 4490 λίθους

2477 4485 2681 4561 λοντες,
2719 4500 2787 4567 τῇ
2822 4496 3032 4567 κεφαλῇ
3058 4485 3127 4549 τά
3171 4485 3463 4566 τραύματα
3502 4493 3786 4559 δέξωνται.
3840 4485 3983 4555 Ἐγὼ
4006 4485 4064 4538 δὲ

2476 4583 2573 4637 καὶ
2618 4582 2815 4652 ἑτέραν
2855 4579 3163 4650 ὑπερϐολὴν
3220 4580 3330 4650 ἔχω
3374 4579 3550 4631 πλείω
3599 4574 3803 4643 ταύτης
3859 4572 4059 4623 εἰπεῖν.

2490 4663 2722 4720 Ἀνελὼν
2767 4662 2877 4734 γὰρ
2928 4662 2989 4714 τὸ
3022 4663 3203 4731 ζητεῖν
3233 4663 3397 4733 (κατά
3432 4659 3781 4730 συγχώρησιν
3818 4654 3984 4723 λέγω)
4014 4654 4065 4704 εί

2476 4749 2763 4822 χρησίμως
2798 4745 2960 4798 ἔλαϐε
2995 4747 3121 4815 παρ’
3154 4746 3308 4816 ήμῶν
3335 4746 3365 4798 6
3390 4744 3545 4807 Θεὸς,
3576 4744 3752 4795 έκεῖνο
3796 4737 3939 4807 λέγω
3967 4736 4065 4807 μό⁴

2476 4823 2697 4897 νον,’ὁτι
2734 4834 2783 4883 εἰ
2823 4829 2983 4882 ἔλαϐε
3013 4828 3085 4881 τὰ
3103 4828 3342 4893 δοθέντα,
3371 4827 3491 4881 οὑδὲ
3512 4827 3684 4888 οὓτως
3707 4822 3959 4893 ἐγκαλεῖν
3978 4837 4063 4882 τις

2478 4914 2624 4987 εἶχεν
2652 4913 2802 4984 αὑτῷ
2821 4930 2834 4943 °
2866 4913 2963 4966 καὶ
3007 4912 3118 4983 γὰρ
3170 4913 3358 4983 κύριος
3376 4907 3446 4983 ἦν
3477 4911 3587 4965 τῶν
3615 4910 3799 4964 αὑτοῦ.
3850 4908 3937 4960 Ἐν
3974 4907 4063 4958 ἀν·

2477 5000 2716 5071 θρώποις
2759 4998 2880 5067 μὲν,
2907 4996 3035 5049 ὅταν
3073 4998 3203 5065 ἡμῖν
3231 4995 3726 5067 παρακαταθῶνται
3745 5003 3768 5031 ο
3802 4993 4063 5071 χρήματα

2481 5070 2577 5135 καὶ
2623 5081 2943 5145 δανείζωσιν
2996 5078 3279 5149 ἀργύριον,
3327 5078 3489 5148 χάριν
3539 5075 3908 5146 ὁμολογοῦμεν
3966 5070 4060 5123 τοῦ

2479 5167 2692 5236 χρόνου,
2731 5164 2853 5217 καθ’
2886 5162 2945 5214 ὃν
2975 5162 3042 5231 δὴ
3089 5162 3392 5223 ἐδάνεισαν,
3425 5161 3526 5213 οὑκ
3554 5155 3974 5227 ἀγανακτοῦμεν
4002 5154 4060 5236 δέ

2480 5234 2618 5319 ὑπὲρ
2668 5248 2763 5301 τοῦ
2813 5247 3030 5318 χρόνου,
3080 5245 3200 5298 καθ’
3226 5245 3285 5298 ὃν
3325 5243 3684 5315 ἀφαιροῦνται
3703 5242 3773 5295 τὰ
3799 5241 3945 5293 ίδια’
3984 5234 4062 5303 τῷ

2478 5332 2596 5400 Θεῷ
2621 5331 2676 5384 δὲ
2704 5330 2772 5384 τά
2792 5329 2960 5384 αὑτοῦ
2993 5328 3303 5399 βουλομένῳ
3324 5327 3509 5381 λαϐεῖν
3525 5326 3918 5396 ὲγκαλέσομεν,
3939 5319 4061 5372 είπέ

2483 5432 2606 5485 μοι;
2636 5416 2730 5469 καὶ
2760 5413 2877 5477 πῶς
2910 5414 3011 5467 οὑκ
3034 5413 3269 5484 ἐσχάτης
3302 5412 3471 5466 ταῦτα
3490 5414 3710 5477 ἀνοίας;
3752 5404 3891 5460 Ἀλλ’
3915 5402 4013 5470 οὑχ
4031 5400 4062 5452 6

2482 5501 2650 5570 μέγας
2684 5501 2778 5553 καὶ
2799 5501 3043 5568 γενναῖος
3089 5497 3207 5551 Ίὼϐ
3235 5496 3407 5561 οὕτως
3437 5497 3723 5567 ἐποίησενο
3756 5490 3877 5545 οὑδὲ
3900 5487 4061 5557 ἡνίκα

2476 5584 2748 5655 ἐλάμϐανε
2774 5584 2957 5655 μόνον,
2989 5581 3124 5636 ἀλλά
3140 5583 3234 5638 καὶ
3254 5583 3413 5655 ἡνίκα
3432 5583 3705 5653 ἀφῄρητο,
3735 5576 3895 5647 χάριν
3916 5574 4061 5644 ὡμο-

2534 5743 2563 5783 δ
2588 5744 2736 5792 εἶενίι.
2767 5745 3068 5793 ἐπιτείνοντα.

2538 5810 2561 5869 εἴ
2609 5808 2759 5853 Savil.
2812 5808 2867 5853 ι·ζὶ
2914 5808 3038 5868 ἀνῦρ.
3088 5808 3199 5855 ὅταν
3240 5808 3352 5869 ἡμῖν
3395 5821 3570 5867 παρακ.
3623 5802 3738 5869 ῐῃςίρ
3788 5808 4060 5861 pronomen

2478 5868 2587 5929 ἡμῖν
2613 5871 2909 5929 τοριιρίιιιυε,
2931 5866 3060 5931 qubd
3086 5869 3251 5919 Moulf.
3279 5866 3374 5917 ιιου
3406 5866 3647 5918 ediderat.
3674 5866 3811 5914 toll“.
