4446 6744
323 515 423 572 231

320 631 518 700 quippe
544 641 644 695 est,
667 633 753 703 qui
782 632 896 688 haec
917 631 1094 685 omnia
1123 627 1343 697 peragit,
1371 636 1420 678 et
1450 641 1642 695 corpus
1664 626 1903 697 castigat,

322 730 375 773 ut
421 723 600 777 anima
665 724 994 778 emendetur.
1048 724 1129 773 Au
1174 732 1300 771 vero
1340 716 1479 771 Deus
1528 718 1638 772 hare
1686 722 1905 789 peragit.

318 812 464 867 dicet
491 814 719 885 aliquis?
757 816 850 869 llle
879 825 1003 865 vero
1033 811 1149 862 hace
1178 810 1413 878 peragit;
1442 811 1683 877 quamvis
1717 810 1908 865 civitas

316 905 498 958 omnis
536 906 775 969 adesset,
824 900 1064 971 quamvis
1104 898 1382 953 universus
1423 900 1564 955 orbis
1612 912 1904 965 terrarum,

323 994 425 1049 hoc
452 995 635 1051 dicere
660 1010 745 1049 me
771 1007 877 1046 non
902 989 1118 1058 pigebit.
1145 990 1319 1058 Atque
1344 990 1541 1046 utinam
1572 994 1691 1046 tuba
1716 992 1909 1045 clarior

319 1086 453 1139 mibi
479 1102 579 1140 vox
598 1093 758 1147 esset,
783 1080 1011 1150 atquein
1028 1079 1237 1134 sublimi
1256 1080 1371 1135 loco
1393 1098 1599 1151 possem
1618 1082 1911 1135 consistere

317 1188 484 1247 atque
527 1176 769 1231 omnibus
806 1171 1136 1240 proclamare
1175 1187 1237 1227 ac
1283 1174 1549 1230 testiﬁcari
1599 1176 1764 1227 Deum
1809 1172 1907 1225 ista

318 1280 600 1338 prazstare.
644 1265 824 1333 Neque
852 1278 962 1331 prce
991 1264 1149 1317 nimia
1179 1268 1475 1336 arrogantia
1503 1267 1617 1321 haec
1642 1281 1669 1317 a
1700 1280 1787 1320 me
1824 1264 1908 1318 di-

316 1369 550 1420 cuntur,
600 1353 693 1408 sed
739 1354 1075 1408 assistentem
1124 1354 1293 1411 habeo
1336 1357 1644 1427 prOphetam
1700 1370 1907 1410 mecum

320 1452 645 1504 clamantem
680 1459 743 1500 ac
766 1445 1051 1509 dicentem,
1087 1449 1209 1517 quia
1254 1447 1370 1502 Non
1396 1459 1469 1502 est
1492 1450 1686 1501 malitia
1711 1449 1762 1500 in
1783 1447 1909 1500 civi-

319 1549 446 1603 tate,
477 1552 627 1605 quam
648 1552 746 1590 non
769 1538 941 1606 fecerit
968 1536 1218 1592 Dominus
1248 1540 1421 1609 (Amos
1446 1540 1499 1594 5.
1524 1539 1599 1607 6);
1622 1549 1704 1592 est
1731 1547 1906 1591 autent

319 1642 522 1682 nomen
545 1626 891 1694 mquivocum,
918 1629 1135 1695 malitia,
1163 1641 1215 1685 et
1240 1631 1516 1699 utriusque
1540 1628 1907 1697 appellationis

318 1717 449 1771 volo
477 1733 572 1771 vos
614 1729 851 1774 exactam
895 1720 1329 1789 signiﬁcationem
1373 1720 1633 1778 ediscere,
1677 1732 1743 1769 ne
1778 1716 1910 1769 forte

318 1817 545 1879 propter
558 1809 803 1865 dictionis
818 1812 1236 1881 ambiguitatem,
1258 1822 1500 1864 naturam
1522 1808 1912 1862 confundentes

317 1914 505 1954 verum
530 1902 580 1952 in
613 1900 991 1971 blasphemiam
1024 1903 1289 1955 incidatis.

393 1990 449 2044 5.
479 1990 691 2045 Malitia:
712 2008 891 2046 nomen
920 1992 1073 2045 variis
1098 1991 1259 2043 modia
1280 1986 1727 2057 occipitur.--Est
1754 1986 1910 2056 igitur

322 2084 550 2145 malitia,
574 2099 689 2153 qua:
717 2099 843 2138 vere
868 2083 1065 2137 malitia
1097 2092 1199 2145 est,
1233 2080 1533 2145 fornicatio,
1565 2080 1907 2143 adulterium,

316 2175 562 2240 avaritia,
602 2183 657 2229 ct
687 2175 964 2228 innumera
1005 2173 1162 2237 mala,
1207 2188 1323 2241 qua!
1354 2170 1576 2224 summis
1601 2171 1909 2223 criminibus

318 2265 702 2335 suppliciisque
743 2272 867 2318 sunt
899 2264 1076 2334 digna.
1109 2264 1310 2317 llnrsus
1340 2272 1423 2316 est
1447 2262 1665 2327 malitia,
1699 2262 1778 2316 vel
1811 2277 1911 2331 po—

320 2357 428 2409 tius
454 2371 558 2409 non
586 2364 687 2420 est,
712 2355 805 2409 sed
837 2354 1033 2409 dicitur
1061 2354 1280 2418 malitia,
1314 2354 1498 2416 fames,
1532 2352 1714 2420 pestis,
1740 2368 1905 2419 mors,

319 2448 603 2516 aegritudo,
648 2458 702 2501 et
735 2447 840 2501 alia
868 2445 1151 2514 ejusmodi.
1181 2444 1307 2499 llzrc
1334 2447 1473 2498 enim
1503 2461 1604 2497 non
1635 2454 1759 2498 sunt
1784 2460 1908 2499 vere

321 2538 459 2590 mala
482 2555 494 2589 :
517 2547 790 2606 propterea
812 2538 918 2591 dixi
946 2546 1145 2590 tantum
1174 2535 1449 2605 appellari.
1475 2535 1609 2601 Quid
1634 2534 1729 2587 ita?
1754 2534 1905 2600 Quod

318 2629 363 2680 si
409 2628 545 2680 mala
592 2636 791 2691 essent,
836 2627 1095 2682 bonorum
1141 2627 1293 2680 nobis
1331 2640 1506 2678 causa:
1554 2640 1657 2678 non
1706 2634 1904 2692 essent,

318 2716 445 2770 dum
492 2718 846 2785 arrogantiam
890 2717 1204 2785 reprimunt,
1253 2725 1520 2783 torporem
1550 2715 1826 2769 excutiunt
1854 2726 1911 2769 et

321 2808 388 2859 ad
411 2808 741 2876 diligentiam
768 2808 1005 2870 incitant,
1034 2808 1159 2860 dum
1194 2806 1505 2859 attentiores
1532 2821 1631 2859 nos
1658 2806 1907 2862 reddunt.

321 2895 450 2949 Cum
478 2898 643 2963 enim,
685 2898 873 2967 inquit,
902 2898 1143 2951 occideret
1171 2912 1275 2961 eos,
1305 2906 1420 2949 tunc
1447 2896 1733 2966 qtttcrebant
1762 2913 1908 2951 eum:

320 2996 364 3039 et
392 2988 781 3053 revertebantur,
811 3001 858 3040 et
893 2987 1117 3041 diluculo
1146 2986 1403 3041 veniebant
1443 2988 1511 3039 ad
1552 2986 1709 3040 Deum
1734 2986 1902 3053 (Ρεαι.

319 3076 408 3129 77.
442 3077 553 3145 5t).
582 3076 832 3130 Malitiam
859 3076 1017 3146 igitur
1045 3077 1181 3130 hanc
1202 3075 1351 3140 dicit,
1378 3092 1495 3145 qua:
1520 3077 1755 3146 corrigit,
1789 3092 1904 3145 quze

319 3165 492 3219 reddit
522 3166 773 3230 iilustres,
812 3182 928 3235 quae
972 3164 1336 3235 diligentiores
1366 3163 1543 3230 efﬁcit,
1575 3182 1692 3235 quae
1735 3165 1901 3233 philo-

316 3256 560 3325 sophiam
605 3258 807 3323 inserit,
840 3272 941 3311 non
975 3258 1119 3311 illam
1162 3256 1482 3311 accusatiooi
1528 3267 1580 3310 ct
1616 3257 1904 3326 reprehen-

318 3347 456 3399 sioni
502 3346 808 3400 obnoxiam.
842 3347 975 3401 Nam
1019 3347 1106 3401 illa
1136 3347 1227 3402 Dei
1260 3362 1394 3417 opus
1420 3362 1523 3400 non
1554 3356 1653 3411 est,
1683 3346 1777 3401 sed
1802 3362 1900 3399 no-

318 3446 447 3490 stne
476 3436 761 3491 voluntatis
788 3438 1079 3501 inventum,
1105 3437 1218 3492 lucc
1244 3448 1419 3492 autem
1449 3437 1514 3490 ad
1544 3438 1683 3489 illam
1714 3437 1902 3491 tollen-

315 3529 438 3581 dam
468 3529 702 3583 instituta
732 3540 834 3584 est.
862 3530 1112 3583 Malitiam
1158 3531 1313 3599 igitur
1341 3531 1476 3583 hanc
1496 3528 1725 3598 appellat
1764 3528 1901 3582 afﬂi-

313 3620 572 3683 cﬁonem,
601 3637 719 3689 qua:
748 3622 899 3675 nobis
917 3637 979 3674 ex
1006 3620 1280 3688 suppliciis
1303 3620 1473 3673 oritur
1492 3662 1507 3684 ,
1559 3636 1662 3672 non
1695 3636 1760 3674 ex
1807 3635 1900 3674 sua

316 3720 527 3771 natura,
551 3710 643 3763 sed
676 3726 739 3764 ex
767 3710 1038 3763 hominum
1068 3711 1317 3778 opinione
1348 3711 1450 3764 tale
1486 3709 1559 3763 illi
1587 3726 1779 3765 nomen
1812 3712 1903 3765 im-

317 3815 541 3868 ponens.
564 3799 693 3853 Nam
722 3800 971 3868 quoniam
1002 3801 1253 3854 malitiam
1301 3802 1535 3855 solemus
1564 3816 1753 3856 vocare
1795 3817 1898 3855 non

316 3888 454 3943 furta
526 3889 695 3943 solum
772 3898 828 3943 et
878 3890 1169 3957 adulteria,
1220 3891 1313 3945 sed
1337 3893 1497 3945 etiam
1547 3893 1895 3958 calamitates,

315 3996 380 4033 ex
415 3980 686 4034 hominum
717 3982 979 4035 sententia
1020 3983 1088 4035 ita
1129 3999 1239 4037 rem
1275 3985 1574 4053 appellavit.
1604 3985 1714 4039 Hoc
1744 3986 1899 4055 igitur

315 4080 423 4130 est.
456 4070 595 4139 quod
623 4071 693 4123 ait
722 4072 998 4140 propheta,
1030 4074 1153 4142 quia
1186 4072 1310 4127 Non
1351 4084 1425 4128 est
1451 4075 1645 4127 malitia
1684 4076 1735 4128 in
1775 4076 1898 4127 civi-

318 4172 442 4227 tate,
471 4178 617 4231 quam
639 4179 739 4215 non
763 4164 935 4233 fecerit
957 4162 1206 4218 Dominus
1222 4165 1399 4235 (Amos
1430 4167 1480 4221 '5.
1514 4165 1588 4234 6).
1610 4165 1721 4221 Hoc
1741 4168 1895 4220 etiam

320 4268 417 4322 per
445 4252 631 4307 Isaiam
662 4262 815 4306 antea
851 4253 1171 4322 signiﬁcavit
1207 4256 1347 4310 Deus
1368 4298 1381 4320 ,
1429 4272 1549 4310 cum
1578 4257 1752 4310 dixit:
1790 4257 1897 4326 Ego

320 4346 459 4400 Deus
488 4347 674 4415 faciem
696 4362 891 4413 pacem,
918 4357 965 4399 et
985 4364 1161 4403 creans
1188 4350 1322 4401 mata
1355 4349 1504 4421 (Isai.
1543 4350 1630 4403 45.
1665 4350 1738 4418 7);
1758 4350 1895 4402 mala

320 4452 505 4490 rursus
520 4436 853 4491 calamitates
875 4439 1168 4507 appellans.
1196 4439 1345 4494 lianc
1365 4442 1522 4494 etiam
1540 4439 1781 4494 Christus
1796 4454 1897 4491 ma-

320 4529 485 4581 litiam
514 4530 564 4581 in
594 4528 893 4598 Evangeliis
910 4528 1230 4596 subindicat,
1250 4548 1370 4587 cum
1392 4533 1664 4602 discipulis
1685 4535 1755 4585 ita
1772 4531 1899 4585 dicit

318 4618 516 4687 Sufﬁcit
544 4618 641 4670 dici
667 4618 860 4671 malitia
879 4634 970 4671 sua
987 4618 1199 4684 (Matth.
1224 4621 1276 4676 6.
1299 4620 1412 4693 54),
1438 4622 1539 4677 hoc
1559 4631 1640 4677 est
1659 4621 1892 4683 afflictio,

318 4710 555 4764 miseria.
583 4708 774 4779 Liquet
816 4704 980 4780 igitur
999 4711 1231 4780 undique
1255 4715 1508 4768 malitiam
1537 4714 1622 4769 hic
1638 4729 1756 4768 eum
1786 4728 1897 4782 pte-

319 4818 416 4857 nas
447 4804 735 4871 appellare,
766 4817 897 4871 quas
910 4813 963 4856 ct
990 4803 1103 4871 ipse
1120 4805 1273 4861 nobis
1291 4808 1416 4861 dum
1436 4808 1596 4862 infert
1611 4809 1895 4860 maximum

316 4908 431 4947 sua:
459 4907 602 4947 curre
625 4908 687 4946 ac
715 4892 1059 4961 providentia:
1088 4909 1257 4964 genus
1272 4900 1505 4953 exhibet.
1525 4898 1653 4951 Nam
1694 4907 1749 4951 et
1779 4913 1893 4952 me.

317 4982 489 5045 dicus,
521 4998 623 5035 non
641 4998 759 5035 cmn
779 4998 974 5052 a‘grum
1007 4984 1059 5038 in
1081 4986 1264 5043 hortos
1283 5005 1345 5044 ac
1360 4999 1508 5059 prata
1523 4990 1754 5054 deducit,
1779 4990 1896 5044 lau-

317 5074 528 5128 dandus
545 5083 625 5126 est
651 5083 875 5139 mutum,
892 5091 991 5131 nec
1015 5082 1200 5135 cumin
1223 5082 1409 5137 balnea
1422 5083 1711 5151 etpiscinas
1736 5098 1898 5154 aqua-

318 5179 562 5229 rum,nec
577 5178 697 5217 cum
710 5165 981 5235 epiparam
1000 5184 1235 5226 mensam
1253 5174 1489 5243 apponit,
1504 5173 1596 5227 sed
1614 5183 1665 5226 et
1683 5190 1801 5227 cum
1816 5176 1899 5244 je-

315 5256 501 5323 junnm
514 5254 664 5323 jubet
680 5270 916 5322 manere,
932 5274 1051 5313 cum
1068 5260 1202 5317 fame
1217 5272 1423 5333 torquet
1436 5272 1489 5315 et
1501 5263 1581 5316 siti
1605 5265 1892 5329 excruciat,

318 5363 438 5400 cum
471 5346 609 5400 lecto
650 5346 835 5416 afﬁgit,
876 5360 930 5402 et
956 5351 1174 5408 domum
1222 5356 1481 5409 convertit
1510 5355 1560 5408 in
1600 5371 1894 5425 carcerem,

318 5452 437 5490 cum
466 5437 581 5505 ipso
602 5435 802 5491 lumine
831 5439 975 5496 illum
1007 5446 1177 5513 privat
1217 5461 1280 5501 ac
1306 5448 1520 5500 domum
1551 5447 1783 5517 undique
1814 5460 1895 5503 ta-

320 5530 529 5600 petibus
578 5530 879 5595 obumbrat,
923 5549 1043 5589 cum
1089 5547 1234 5592 secat
1267 5548 1322 5592 et
1365 5539 1501 5603 urit,
1542 5553 1661 5591 cum
1706 5540 1897 5595 acerba

320 5623 541 5691 porrigit
584 5620 987 5690 medicamenta,
1033 5642 1097 5682 ex
1124 5645 1276 5700 aequo
1300 5628 1537 5684 medicus
1561 5639 1660 5683 est.
1706 5632 1896 5685 Annon

320 5715 480 5784 igitur
506 5715 790 5770 absurdum
825 5724 928 5783 est,
958 5718 1101 5773 illum
1149 5732 1224 5776 tot
1265 5722 1417 5777 malis
1444 5721 1605 5777 illatis
1634 5722 1895 5777 medicum

318 5819 532 5871 vocare,
558 5805 723 5861 Deum
751 5820 897 5870 vero,
928 5808 971 5861 si
1003 5810 1129 5877 quid
1159 5812 1263 5867 tale
1288 5812 1615 5882 prtestiterit,
1662 5813 1895 5881 exempli

317 5914 499 5968 causa,
531 5901 578 5956 si
596 5902 791 5957 famem
813 5910 904 5953 aut
936 5914 1158 5957 mortem
1200 5907 1476 5975 invexerit,
1500 5904 1892 5978 blasphemare,

642 5996 900 6054 PATBOL.
948 5993 1062 6055 Gn.
1110 5997 1333 6059 XLIX.

1106 523 1445 584 DAZMONES
1484 521 1616 576 NON
1659 519 2076 579 GUBERNARE
2116 523 2427 581 MUNDUM.
2474 523 2701 578 llOMll..
2746 523 2785 577 l.

3497 519 3605 574 9.332

2019 626 2269 697 atqueilli
2293 640 2474 679 curam
2507 625 2738 680 universi
2781 626 3100 681 detrahere?
3129 631 3272 699 atqui
3306 646 3461 686 verus
3488 650 3603 687 me-

2018 720 2168 772 dicus
2184 727 2265 772 cst
2284 718 2394 784 ipse
2415 718 2558 772 solus
2575 728 2625 770 et
2642 718 2933 772 animarum
2956 729 3006 773 et
3026 735 3327 790 corporum.
3346 721 3601 788 Quocirra

2017 823 2385 875 sa'penumcro
2425 816 2666 863 naturam
2694 819 2927 863 nostram
2955 827 3018 865 ex
3048 810 3210 865 nimia
3246 815 3596 881 prosperitate

2019 898 2362 954 insultantem
2410 898 2835 970 deprehendens,
2880 913 2932 956 et
2976 905 3059 957 cui
3103 904 3213 972 jam
3264 914 3601 973 peccatorum

2021 988 2182 1041 febris
2230 989 2517 1059 ingrueret,
2563 1002 2819 1062 egestate,
2867 993 3025 1059 fame,
3067 1005 3236 1050 morte
3282 1012 3345 1051 ac
3396 1000 3605 1051 castoris

2018 1081 2269 1134 aerumnis
2303 1082 2527 1151 aliisque
2562 1085 2964 1140 medicamentis
2992 1086 3093 1141 sibi
3128 1089 3267 1142 notis
3288 1089 3355 1141 ab
3382 1090 3602 1159 :egrituo

2018 1171 2142 1225 dine
2174 1171 2317 1224 illam
2350 1173 2559 1227 liberat.
2593 1175 2751 1242 Atqui
2795 1190 3052 1244 pauperes
3097 1178 3195 1231 soli
3242 1179 3434 1233 famem
3482 1195 3605 1234 sen-

2021 1262 2173 1324 tiunt,
2201 1263 2386 1332 inquit.
2433 1262 2537 1317 Sed
2564 1280 2670 1318 non
2696 1266 2804 1318 sola
2830 1266 2966 1319 fame
2991 1269 3232 1337 castigat,
3263 1286 3444 1325 verum
3485 1272 3605 1328 aliis

2017 1366 2229 1422 quoque
2266 1353 2559 1409 innumeris
2600 1373 2613 1408 :
2646 1371 2707 1409 ac
2736 1366 3042 1424 paupertate
3078 1358 3288 1424 quidem
3340 1377 3600 1429 pressum,

2017 1457 2159 1512 saepe
2208 1444 2346 1500 fame
2393 1456 2639 1500 vexatum
2685 1447 3025 1508 emendavit;
3069 1447 3286 1503 divitem
3339 1459 3516 1505 autem
3554 1462 3605 1505 et

2016 1534 2205 1603 opibus
2250 1535 2605 1590 abundantem
2654 1537 2921 1605 periculis,
2972 1537 3191 1602 morbis,
3222 1539 3429 1591 acerbis
3450 1538 3603 1593 fnne~

2016 1627 2197 1690 ribus;
2244 1629 2415 1681 solers
2445 1630 2585 1682 enim
2613 1639 2712 1692 est,
2752 1630 2906 1699 eique
2936 1630 3078 1683 varia
3108 1643 3392 1700 suppetunt
3420 1633 3604 1687 salutis

2020 1726 2213 1768 nostra».
2244 1717 2647 1772 medicamenta.

2090 1803 2228 1858 Deus
2258 1808 2466 1875 puniens
2488 1821 2808 1877 comparatur
2831 1828 2941 1863 cum
2954 1812 3234 1882 judicibus.
3268 1842 3339 1851 ——-
3364 1810 3439 1863 Ita
3463 1828 3598 1876 quo-

2017 1911 2119 1963 que
2147 1895 2343 1950 faciunt
2367 1897 2703 1966 judicesmon
2732 1898 3021 1954 honoribus
3053 1912 3253 1954 tantum
3285 1902 3521 1955 alliciunt
3549 1914 3598 1957 et

2017 1997 2274 2039 coronant
2305 1986 2509 2040 urbiutn
2542 1987 2761 2051 incolas,
2792 2004 2961 2057 neque
2980 1989 3115 2042 dona
3141 1999 3339 2043 tantum
3364 1992 3600 2061 largiun-

2021 2086 2103 2129 tur
2129 2118 2142 2141 ,
2176 2078 2269 2131 sed
2313 2087 2366 2131 et
2405 2095 2771 2147 smpenumcro
2800 2082 3040 2149 puniunt.
3077 2082 3360 2150 Propterea
3400 2084 3602 2152 gladius

2019 2168 2227 2221 illorum
2258 2171 2530 2223 exacuitur
2551 2212 2565 2234 ,
2595 2179 2647 2224 et
2674 2172 2919 2224 barathra
2962 2182 3215 2240 parantur
3238 2215 3252 2237 ,
3284 2184 3338 2228 et
3371 2184 3483 2227 rota
3505 2215 3519 2238 ,
3551 2186 3604 2228 et

2018 2260 2248 2328 eqnnlei,
2275 2268 2327 2313 et
2356 2260 2650 2322 carniﬁces.
2674 2270 2729 2314 et
2750 2262 2848 2313 alia
2877 2261 3152 2315 innumera
3177 2280 3370 2332 genera
3402 2266 3603 2333 suppli-

2016 2350 2239 2403 ciorum.
2269 2350 2417 2418 Quod
2449 2351 2608 2419 igitur
2644 2360 2726 2404 est
2765 2350 2902 2418 apud
2943 2351 3150 2417 judices
3197 2352 3433 2407 carnifex
3459 2395 3473 2419 ,
3502 2354 3601 2406 hoc

2015 2438 2151 2507 apud
2185 2439 2345 2492 Deum
2372 2450 2453 2491 est
2481 2440 2666 2504 fames,
2698 2455 2816 2509 qua:
2845 2449 3108 2510 tamquam
3139 2441 3369 2494 carnifex
3400 2458 3496 2496 nos
3519 2459 3607 2496 ca-

2016 2533 2171 2601 stigat
2206 2541 2259 2585 et
2289 2546 2318 2582 a
2347 2533 2470 2585 vitio
2498 2543 2728 2585 revoeat.
2764 2532 2904 2584 Idem
2937 2542 2989 2585 et
3021 2533 3069 2585 in
3102 2533 3347 2601 agricolis
3379 2549 3599 2588 cernere

2015 2623 2139 2677 licet
2169 2640 2181 2675 :
2212 2639 2317 2677 non
2342 2624 2482 2677 enim
2511 2631 2712 2676 tantum
2742 2622 2973 2677 radicem
3034 2624 3295 2692 obtegunt
3354 2625 3480 2678 vitis
3543 2634 3597 2677 et

2015 2714 2416 2769 circumvallant
2440 2715 2675 2784 sepibus,
2706 2716 2798 2768 sed
2829 2716 2990 2767 etiam
3021 2725 3295 2783 amputant
3320 2726 3372 2768 et
3404 2717 3603 2770 multos

2020 2803 2262 2871 palmites
2299 2814 2540 2856 resecant
2573 2821 2585 2855 :
2616 2803 2814 2856 idcirco
2856 2819 2960 2857 non
3001 2804 3229 2873 ligonem
3263 2815 3464 2858 tantum
3503 2805 3601 2859 ha-

2016 2894 2142 2947 bent
2168 2894 2263 2958 illi,
2296 2893 2387 2947 sed
2415 2904 2463 2947 et
2500 2892 2684 2947 falcem
2714 2904 2889 2963 aptam
2919 2895 2982 2947 ad
3012 2895 3319 2948 secandum.
3351 2896 3600 2951 Attamen

2015 2985 2131 3038 illos
2177 3000 2278 3038 non
2332 2984 2804 3051 reprehendimus,
2833 2983 2927 3039 sed
2969 2993 3022 3038 et
3073 2985 3189 3037 illos
3227 2995 3335 3038 tum
3367 2986 3600 3040 maxime

2013 3074 2307 3140 laudamus,
2338 3091 2457 3128 cum
2491 3073 2692 3128 inutilia
2719 3075 2882 3128 multa
2914 3074 3200 3128 viderimus
3223 3074 3290 3128 ab
3317 3074 3421 3128 illis
3449 3090 3600 3130 rese-

2010 3176 2113 3230 cta,
2145 3176 2199 3219 ut
2222 3167 2500 3235 superﬁttis
2526 3166 2754 3235 rejectis,
2788 3182 2905 3236 quae.
2928 3177 3207 3220 remanent
3235 3168 3446 3220 saniora
3478 3166 3599 3222 red-

2011 3257 2223 3309 dantur.
2262 3260 2451 3310 Annon
2482 3258 2639 3326 igitur
2668 3257 2953 3311 absurdum
2981 3267 3081 3320 est,
3112 3271 3314 3327 patrem
3342 3258 3553 3328 quidem
3582 3300 3597 3324 ,

2010 3361 2064 3403 et
2093 3350 2380 3414 medicum,
2410 3360 2464 3404 et
2485 3350 2719 3417 judicent
2747 3392 2761 3415 ,
2784 3360 2838 3403 et
2863 3351 3146 3421 agricolam
3177 3351 3471 3421 approbare
3495 3392 3508 3415 ,
3538 3365 3600 3406 ac

2012 3456 2181 3508 neque
2213 3440 2356 3492 illum
2388 3440 2510 3493 dum
2540 3440 2702 3494 ﬁlium
2737 3440 2881 3508 pellit
2908 3456 2971 3493 ex
3001 3442 3232 3501 reditum,
3271 3454 3441 3509 neque
3483 3455 3597 3493 me-

2010 3529 2183 3582 dicunt
2216 3528 2339 3581 dum
2371 3538 2580 3598 torquet
2604 3539 2880 3598 aegrotum,
2914 3544 3083 3597 neque
3106 3528 3335 3595 judicent
3360 3529 3484 3583 dum
3508 3544 3598 3583 ca-

2009 3620 2167 3687 stigat
2190 3661 2203 3681 ,
2229 3635 2399 3687 neque
2432 3619 2715 3686 agricolam
2746 3618 2871 3671 dum
2900 3626 3168 3686 amputat,
3202 3619 3598 3686 reprehendere

2010 3713 2091 3764 vel
2142 3725 2429 3775 accusare;
2459 3710 2621 3763 Deum
2671 3724 2830 3771 vero,
2862 3710 2905 3761 si
2945 3708 3156 3777 quando
3194 3724 3292 3763 nos
3331 3720 3597 3778 tamquam

2008 3805 2193 3871 capitis
2240 3803 2528 3871 gravedine
2571 3802 2871 3856 laborantes
2916 3817 2979 3855 cx
3020 3802 3177 3854 nimia
3208 3802 3441 3857 excitare
3466 3803 3594 3857 velit

2008 3894 2263 3947 ebrietate
2283 3936 2297 3957 ,
2326 3909 2484 3963 quam
2516 3894 2716 3947 malitia
2745 3893 3055 3963 ingenerat,
3085 3908 3305 3963 carpere
3345 3903 3398 3948 et
3438 3894 3600 3948 innu-

2009 3984 2170 4037 meris
2224 3985 2479 4053 impetere
2532 3984 3030 4038 criminationibus?
3084 3986 3271 4037 Annon
3335 3994 3595 4039 extrema:

2004 4073 2287 4129 dementia:
2309 4074 2483 4140 fuerit,
2505 4089 2608 4128 non
2631 4074 2871 4129 eamdem
2893 4076 3200 4145 permittere
3223 4076 3446 4131 Domino
3466 4091 3599 4130 cau-

2005 4181 2118 4219 sam
2145 4180 2295 4218 suam
2324 4164 2643 4220 defendendi
2674 4164 2996 4230 facultatem,
3026 4182 3182 4235 quam
3206 4168 3478 4222 conservis
3503 4181 3597 4221 no-

2005 4256 2127 4309 stris
2160 4256 2555 4324 permittimus?

2076 4347 2127 4401 6.
2159 4348 2282 4402 Haec
2307 4365 2335 4402 a
2357 4364 2442 4402 me
2470 4348 2667 4403 idcirco
2691 4348 2957 4411 dicuntur,
2980 4348 3118 4418 quod
3142 4364 3325 4403 eorum
3355 4350 3593 4419 ipsorum

2004 4452 2163 4491 causa
2198 4438 2498 4501 formidem,
2530 4439 2619 4507 qui
2646 4439 2851 4492 crimini
2882 4448 3114 4503 vertunt,
3143 4454 3207 4493 ne
3236 4440 3372 4493 forte
3399 4440 3594 4494 advero

2003 4545 2094 4583 sus
2125 4530 2369 4585 stimulos
2407 4530 2781 4596 calcitrantes,
2808 4532 2968 4600 pedes
3008 4539 3321 4595 cruentent,
3356 4547 3423 4586 ne
3465 4532 3591 4586 dum

2005 4620 2054 4672 in
2081 4620 2268 4674 crium
2294 4622 2491 4691 lapides
2517 4622 2739 4691 jaciunt,
2770 4622 3031 4692 capitibus
3058 4623 3169 4676 suis
3194 4623 3413 4677 vulnera
3440 4625 3591 4678 exci-

2005 4712 2166 4779 piant.
2208 4713 2333 4767 iililti
2362 4728 2490 4768 vero
2520 4715 2661 4769 aliud
2706 4715 2861 4786 longe
2889 4715 3104 4785 gravius
3145 4715 3431 4770 dicendum
3461 4730 3591 4786 sup-

2004 4805 2155 4872 petit.
2187 4804 2450 4860 Omittens
2469 4808 2609 4861 enim
2637 4822 2877 4875 quaerere
2901 4808 2983 4875 (ut
3004 4806 3103 4861 hoc
3127 4808 3230 4861 illis
3253 4807 3587 4877 concedam).

2006 4910 2130 4949 num
2151 4896 2347 4951 utiliter
2374 4896 2425 4950 id
2454 4897 2606 4951 nobis
2632 4897 2909 4950 abstulerit
2938 4898 3097 4961 Deus,
3124 4897 3174 4951 id
3196 4898 3317 4951 dico
3343 4906 3541 4950 tantum
3573 4915 3586 4949 :

2003 4988 2048 5041 si
2080 5004 2197 5058 qua:
2227 4987 2346 5041 data
2379 4988 2586 5041 fuerant
2611 4988 2935 5050 abstulisset,
2968 5004 3037 5042 ne
3063 4990 3140 5043 sic
3169 4989 3381 5059 quidem
3407 4998 3590 5057 posset

2005 5081 2144 5134 ullus
2191 5081 2355 5134 Deum
2400 5095 2650 5134 accusare
2682 5098 2694 5132 :
2730 5081 2991 5150 siquidem
3023 5098 3200 5135 rerum
3243 5097 3458 5135 suarum
3487 5081 3589 5136 do-
3640 5116 3645 5117 κ

2006 5170 2180 5223 minus
2222 5179 2352 5225 erat.
2384 5170 2532 5237 Quod
2560 5170 2602 5224 si
2633 5169 2972 5233 hominibus,
3003 5187 3122 5225 cum
3157 5171 3402 5240 pecunias
3432 5172 3589 5226 nobis

2004 5263 2326 5317 crediderint
2352 5271 2405 5316 et
2431 5273 2705 5331 argentum
2738 5274 2917 5317 mutuo
2946 5264 3185 5318 dederint
3209 5306 3223 5329 ,
3252 5264 3447 5334 gratias
3475 5265 3587 5333 agi-

2005 5372 2123 5410 mus
2152 5356 2221 5409 ob
2250 5355 2375 5409 illud
2410 5363 2637 5426 tempus,
2670 5372 2774 5426 quo
2802 5357 3022 5410 mutuati
3053 5365 3195 5421 sunt;
3220 5370 3316 5409 nec
3343 5356 3585 5424 indigna-

2004 5463 2123 5502 mur
2149 5447 2218 5502 ob
2248 5446 2376 5502 illud
2402 5457 2628 5518 tempus,
2657 5464 2762 5519 quo
2783 5463 2812 5501 a
2836 5448 2985 5501 nobis
3008 5447 3288 5512 auferunt,
3313 5462 3433 5517 qua:
3460 5458 3585 5502 sunt

2006 5542 2215 5610 propria
2246 5559 2257 5592 ε
2286 5556 2412 5595 num
2458 5542 2618 5595 Deum
2643 5582 2655 5605 ,
2683 5554 2862 5608 qttmso
2893 5579 2907 5603 ,
2946 5538 3398 5609 reprehendemus
3418 5580 3431 5603 ,
3463 5554 3583 5593 cum

2004 5642 2247 5704 repetere
2273 5648 2301 5686 a
2330 5633 2483 5687 nobis
2506 5649 2589 5687 res
2615 5646 2735 5685 suas
2758 5628 3018 5685 voluerit?
3043 5630 3160 5699 quis
3180 5645 3306 5684 vero
3332 5644 3436 5683 non
3455 5629 3583 5684 illud

2004 5734 2261 5779 extremm
2304 5739 2422 5779 esse
2463 5723 2749 5777 dementire
2772 5722 3121 5791 judicavcrit?
3151 5721 3217 5774 At
3238 5735 3342 5774 non
3371 5719 3440 5774 ita
3472 5734 3584 5774 ma-

2001 5831 2137 5885 gnus
2167 5831 2229 5870 ac
2256 5831 2547 5885 generosus
2576 5815 2664 5869 ille
2692 5814 2792 5869 Job
2821 5814 2945 5869 fecit
2973 5832 2985 5868 :
3020 5828 3189 5882 neque
3220 5813 3361 5866 enim
3408 5812 3581 5864 solum

2004 5921 2125 5961 cum
2165 5908 2400 5977 accepit,
2433 5907 2525 5961 sed
2556 5907 2716 5961 etiam
2746 5921 2864 5962 cum
2897 5906 3151 5975 spoliatus
3179 5913 3292 5967 est,
3325 5902 3579 5956 maximzs

3160 5992 3230 6052 lﬁ
