4446 6692
915 403 1014 456 255

915 515 1100 583 agebat
1130 511 1322 580 gratias
1345 551 1356 572 ,
1386 524 1505 562 rum
1539 509 1607 561 ita
1638 509 1838 562 diceret
1870 525 1881 559 :
1916 505 2166 560 Dominus
2194 505 2327 560 dedit
2351 546 2364 569 ,
2398 501 2490 554 Do-

915 607 1075 657 minus
1100 603 1298 655 abstulit
1325 617 1343 653 .'
1362 601 1422 653 sit
1452 615 1630 652 nomen
1659 598 1866 652 Domini
1895 599 2202 651 benedictum
2231 599 2281 650 in
2309 595 2490 649 sarcula

917 697 1030 768 (Job
1076 697 1126 750 l.
1163 693 1273 764 ﬁll).
1307 693 1458 760 Quod
1502 693 1546 746 si
1587 707 1682 763 pro
1728 700 1949 760 utroque
1976 691 2194 744 istorqu
2226 686 2489 758 sigillatim

911 790 1092 858 gratiae
1119 797 1242 840 sunt
1269 784 1489 854 agenda:
1507 826 1522 852 ,
1553 799 1724 851 neque
1751 781 1925 835 minus
1951 781 2094 835 utilis
2121 789 2201 834 est
2231 777 2454 848 privatio
2473 815 2488 838 ,

909 893 1068 946 quam
1108 877 1220 945 ipsa
1264 876 1470 944 largitio
1496 916 1510 940 ,
1537 889 1638 943 qua
1670 871 1878 926 tandem
1909 872 2058 925 venia
2083 870 2224 939 digni
2251 869 2449 922 erimus
2473 907 2487 920 .

909 969 998 1036 qui
1021 976 1126 1021 tam
1147 967 1330 1021 mitem
1361 965 1662 1030 Dominum,
1695 971 1800 1016 tam
1831 963 2137 1032 benignum,
2169 971 2271 1013 tam
2299 957 2492 1010 sollici-

911 1067 1020 1111 tum
1043 1099 1056 1122 ,
1083 1067 1139 1112 et
1167 1058 1356 1126 quovis
1383 1054 1588 1108 medico
1617 1051 2017 1122 sapientiorem,
2043 1061 2095 1105 et
2126 1049 2312 1119 quovis
2341 1054 2490 1114 patre

909 1147 1376 1218 indulgentiorem,
1410 1153 1462 1198 et
1486 1143 1665 1214 judice
1695 1144 1882 1212 quovis
1903 1144 2200 1211 justiorem,
2219 1148 2272 1193 et
2296 1139 2383 1206 qui
2413 1137 2493 1190 di-

909 1239 1159 1308 ligentius
1183 1252 1340 1305 quam
1367 1235 1508 1289 ullus
1537 1235 1770 1305 agricola
1803 1244 2012 1288 nostras
2041 1233 2243 1285 animas
2271 1229 2487 1294 excolit,

905 1327 1058 1381 factis
1082 1327 1362 1380 contrariis
1391 1341 1815 1389 remuneranmr,
1843 1335 1896 1379 et
1917 1338 2071 1393 quem
2098 1322 2320 1376 adorare
2341 1335 2492 1388 opor-

908 1420 1025 1484 tuit,
1057 1417 1310 1472 adversus
1341 1433 1462 1472 eum
1495 1417 1887 1470 stomachamur
1909 1416 1930 1466 ?
1955 1413 2322 1481 Quidquamne
2369 1427 2491 1466 esse

907 1522 1082 1581 potest
1105 1513 1368 1565 amentius
1394 1518 1486 1564 aut
1512 1511 1775 1574 stupidius
1806 1508 1869 1560 iis
1889 1549 1904 1571 ,
1933 1507 2041 1576 qui,
2076 1521 2198 1559 eum
2229 1515 2373 1558 tanto
2399 1521 2490 1558 or-

903 1603 1030 1658 dine
1057 1619 1139 1656 res
1167 1603 1272 1656 sint
1298 1601 1568 1670 disposita:
1590 1640 1604 1666 ,
1635 1599 1818 1654 dicunt
1855 1613 1940 1652 res
1971 1606 2180 1651 nostras
2227 1597 2319 1651 Dei
2372 1610 2490 1652 esse

904 1693 1236 1763 providentia
1275 1707 1511 1762 curaque
1536 1691 1850 1746 destitutas?
1876 1690 1944 1745 Ut
1980 1691 2120 1744 enim
2165 1691 2210 1744 si
2237 1690 2356 1760 quis
2391 1691 2488 1744 oh-

901 1798 1114 1837 scurunt
1154 1797 1217 1837 ac
1264 1782 1509 1852 frigidum
1539 1783 1706 1837 solem
1733 1797 1852 1836 esse
1881 1781 2056 1846 dicat,
2086 1780 2186 1834 hac
2216 1795 2313 1835 sua
2363 1797 2487 1835 sen-

900 1876 1068 1930 tentia
1083 1885 1335 1930 extrema:
1354 1876 1590 1930 stultitia:
1614 1873 1815 1944 profert
1835 1873 2084 1926 indicium
2107 1891 2119 1926 :
2145 1874 2216 1928 ita
2233 1875 2276 1928 si
2292 1875 2488 1944 quisde

904 1965 994 2020 Dei
1023 1965 1350 2035 providentia
1378 1979 1606 2034 curaque
1637 1963 1874 2030 dubitet,
1903 1963 2071 2017 multo
2105 1965 2271 2034 magis
2307 1980 2488 2019 amen-

901 2058 986 2111 ti:e
1015 2058 1222 2112 crimini
1252 2067 1334 2111 est
1363 2057 1654 2111 obnoxius.

969 2147 1189 2201 Swvitiei
1217 2147 1504 2200 daemonum
1537 2147 1787 2216 exempta.
1818 2177 1887 2186 —
1913 2145 2028 2199 Non
2060 2146 2129 2198 ita
2161 2146 2365 2200 lucidus
2407 2147 2484 2199 sol

897 2249 996 2306 est,
1024 2254 1088 2294 ac
1115 2239 1210 2293 Dei
1234 2237 1564 2307 providentia
1595 2237 1910 2291 manifesta:
1936 2245 2109 2290 tamen
2133 2237 2326 2290 audent
2357 2253 2487 2290 non-

899 2333 1027 2388 nulli
1055 2333 1232 2388 dicere
1259 2333 1528 2386 daemones
1557 2346 1641 2386 res
1669 2341 1878 2384 nostras
1900 2330 2213 2400 gubernare.
2239 2329 2374 2396 Quid
2405 2329 2482 2382 fa-

896 2424 1066 2478 ciam?
1092 2423 1381 2492 Bcnignum
1421 2423 1699 2474 Dominum
1745 2421 1939 2484 habes;
1965 2420 2163 2473 mavult
2195 2436 2224 2472 a
2266 2429 2320 2473 te
2366 2419 2482 2473 bla-

895 2514 1151 2585 sphemiis
1179 2513 1387 2580 lacessi,
1417 2512 1544 2566 dum
1575 2511 1837 2580 ejusmodi
1868 2513 2028 2565 verba
2063 2511 2289 2580 prolers,
2321 2527 2479 2581 quam

898 2605 1153 2676 permissa
1173 2603 1506 2659 daemonibus
1537 2618 1716 2657 rerum
1743 2613 1950 2656 tuarum
1977 2616 2101 2655 cura
2131 2611 2184 2656 te
2209 2601 2485 2670 experien-

897 2697 968 2750 tia
998 2695 1216 2760 docere,
1235 2709 1341 2764 quo
1371 2705 1523 2763 pacto
1548 2694 1819 2747 daemones
1843 2691 2310 2762 guberncnt.'l‘um
2339 2693 2479 2746 enim

899 2785 1062 2855 probe
1090 2785 1417 2854 intelligeres
1442 2785 1766 2852 experientia
1798 2783 2069 2852 magistra,
2103 2793 2295 2852 quanta
2324 2785 2392 2837 sit
2419 2784 2480 2836 il-

897 2879 1068 2932 lorum
1119 2877 1395 2946 nequitia:
1429 2875 1536 2929 imo
1587 2890 1712 2929 vero
1751 2891 1888 2928 nunc
1912 2875 2070 2928 etiam
2117 2888 2399 2942 possumus
2429 2874 2480 2927 id

897 2978 1146 3036 tanquam
1196 2967 1384 3035 exiguo
1418 2964 1646 3034 quodam
1689 2964 1931 3032 exemplo
1963 2963 2352 3018 demonstrare.
2379 2963 2478 3018 0e-

895 3066 1177 3112 eurrerunt
1227 3057 1450 3112 Domino
1503 3055 1714 3125 quidam
1757 3071 1786 3108 a
1827 3055 2072 3108 dannone
2119 3055 2384 3122 correpti,
2415 3070 2477 3108 ex

895 3149 1154 3219 sepulcris
1201 3150 1448 3218 egressi,
1493 3157 1548 3203 et
1591 3148 1848 3218 rogabant
1887 3162 2010 3201 eum
2061 3145 2334 3201 daemones
2360 3187 2375 3210 ,
2427 3157 2482 3200 ut

895 3241 993 3296 sibi
1025 3242 1350 3310 permitteret
1379 3242 1428 3294 in
1454 3255 1666 3311 gregem
1697 3254 1977 3309 porcorum
2009 3240 2204 3293 intrare
2234 3256 2246 3290 :
2277 3249 2328 3293 et
2358 3254 2482 3308 per-

895 3335 1059 3399 misit,
1089 3341 1246 3402 atque
1272 3333 1346 3386 illi
1380 3332 1653 3396 abeuntes,
1683 3345 1866 3384 omnes
1891 3331 2068 3383 statim
2096 3330 2146 3381 in
2179 3344 2324 3382 mare
2351 3345 2478 3398 pra:-

893 3429 1076 3498 cipites
1103 3424 1554 3496 egerunt(Matth.
1575 3425 1626 3478 8.
1650 3425 1738 3477 28.
1763 3423 1917 3494 δρψ).
1939 3423 2011 3476 Ita
2043 3421 2340 3492 gubernant
2363 3421 2474 3476 dae-

893 3531 1096 3574 mones.
1137 3517 1298 3585 Atqui
1338 3516 1470 3569 nihil
1501 3515 1600 3568 illis
1639 3523 1754 3568 erat
1793 3513 1870 3567 rei
1906 3529 2027 3566 cum
2063 3514 2269 3581 porcis;
2303 3522 2476 3566 tecum

891 3617 1068 3662 autem
1095 3621 1307 3676 semper
1335 3605 1773 3660 irreconciliabile
1800 3603 1996 3656 bellum
2045 3603 2242 3656 habent
2288 3617 2441 3656 sus-ce
2459 3635 2474 3646 ι

893 3707 1042 3766 ptum
1068 3737 1083 3762 ,
1121 3708 1176 3751 et
1204 3711 1431 3766 pugnam
1471 3695 1783 3749 acerrimam
1806 3734 1820 3758 ,
1851 3704 1906 3748 et
1941 3693 2120 3747 odium
2151 3693 2471 3748 immortale.

891 3787 1044 3854 Quod
1069 3787 1113 3842 si
1143 3786 1276 3848 illos,
1305 3785 1615 3855 quibuscum
1643 3783 1770 3837 nihil
1795 3783 1897 3837 illis
1922 3793 2037 3837 erat
2061 3798 2373 3850 commune,
2407 3799 2473 3838 ne

891 3879 958 3934 ad
988 3879 1234 3947 exiguum
1265 3875 1518 3944 temporis
1545 3885 1874 3930 momentum
1906 3875 2134 3930 tolerare
2161 3875 2431 3946 potuerint
2456 3917 2470 3942 ,

891 3972 937 4026 si
969 3973 1151 4026 hostes
1175 3984 1302 4024 suos
1328 3979 1427 4024 eta
1456 3968 1647 4038 quibus
1673 3977 1932 4038 perpetuo
1958 3967 2290 4036 mordentur,
2317 3970 2475 4023 obno-

892 4064 1010 4118 xios
1049 4063 1148 4116 sibi
1189 4074 1287 4114 nos
1317 4059 1631 4121 habuerint,
1663 4057 1792 4127 quid
1832 4072 1938 4112 non
1977 4055 2213 4112 facient?
2244 4073 2348 4128 quo
2375 4073 2474 4112 nos

895 4151 1224 4222 irreparabili
1255 4147 1591 4203 incommodo
1607 4147 1993 4202 nonafftcient?
2012 4148 2297 4217 Propterea
2325 4165 2473 4203 nam-

891 4260 997 4316 que
1025 4245 1163 4300 Deus
1191 4244 1240 4296 iu
1261 4257 1476 4313 gregem
1507 4255 1786 4310 porcorum
1815 4239 2018 4294 irruere
2047 4240 2166 4292 illos
2195 4241 2469 4309 permisit,

895 4347 950 4392 ut
969 4337 1020 4390 in
1050 4336 1358 4406 corporibus
1388 4333 1610 4388 rationis
1629 4335 1926 4403 expertium
1953 4331 2292 4396 animalium,
2327 4334 2470 4402 ipso-

893 4443 1008 4482 rum
1031 4427 1318 4496 nequitiam
1345 4425 1538 4478 discas.
1589 4425 1762 4493 Atque
1803 4423 1921 4477 illos
1945 4423 2154 4491 quidem
2187 4424 2370 4477 eadem
2401 4425 2474 4476 l'a-

893 4527 1074 4572 cturos
1099 4517 1260 4570 fuisse
1298 4515 1658 4578 daemoniacis,
1695 4529 1812 4582 qua:
1839 4514 2036 4581 porcis,
2069 4514 2168 4566 nisi
2199 4521 2252 4567 et
2278 4513 2328 4567 in
2358 4514 2470 4583 ipsa

895 4607 1099 4661 insania
1119 4606 1326 4660 illorum
1349 4646 1362 4668 ,
1391 4619 1572 4656 curam
1593 4612 1800 4672 gereret
1824 4601 2266 4656 daemoniacorum
2295 4603 2431 4657 Deus
2458 4644 2470 4666 ,

891 4701 1138 4756 omnibus
1163 4695 1502 4752 manifestum
1542 4707 1642 4750 est.
1689 4695 1754 4749 Et
1796 4709 1937 4749 nunc
1964 4695 2120 4764 igitur
2143 4735 2159 4762 ,
2190 4697 2234 4749 si
2261 4697 2472 4766 quando

894 4790 1088 4846 videris
1113 4788 1380 4844 hominem
1407 4787 1661 4857 agitatum
1707 4800 1736 4838 a
1764 4785 2026 4850 daemone,
2069 4785 2347 4840 Dominum
2375 4786 2472 4841 ad-

893 4896 1010 4944 ora,
1035 4881 1320 4952 nequitiam
1360 4879 1660 4932 diemonum
1691 4877 1856 4942 disce,
1902 4876 2161 4946 siquidem
2190 4888 2475 4947 utrumque

895 4991 945 5026 ιιι
979 4971 1061 5026 his
1076 4971 1416 5026 dtemooiaeis
1436 4984 1655 5023 cernere
1680 4970 1824 5032 licet,
1853 4977 1908 5022 et
1930 4969 2020 5022 Dei
2043 4967 2422 5038 benignitatem
2454 5007 2468 5031 ,

891 5074 947 5120 et
986 5063 1288 5118 darmonum
1333 5059 1759 5129 improbitatem:
1789 5075 1852 5114 ac
1904 5059 2208 5114 dannouum
2259 5059 2472 5129 quidem

894 5153 1288 5224 improbitatem
1313 5192 1328 5218 ,
1350 5167 1471 5204 cum
1500 5149 1714 5203 turbent
1741 5159 1795 5203 et
1821 5151 2086 5218 exagitent
2105 5150 2336 5204 animam
2365 5151 2474 5204 dre-

897 5245 1160 5310 moniaci;
1195 5245 1284 5299 Dei
1308 5257 1436 5298 vero
1459 5240 1834 5310 benignitatem
1861 5279 1878 5306 ,
1909 5255 2029 5292 cum
2061 5241 2130 5293 ita
2159 5255 2358 5294 szevum
2388 5241 2474 5294 in-

896 5339 1156 5407 quilinum
1177 5347 1231 5392 et
1254 5336 1524 5392 hominem
1566 5333 1898 5403 prmeipitare
1927 5332 2222 5400 cupientem
2251 5332 2478 5386 retineat

897 5441 951 5486 et
977 5437 1259 5493 coerceat,
1291 5443 1459 5497 neque
1481 5425 1626 5481 omni
1650 5439 1742 5480 sua
1765 5431 2029 5493 potestate
2057 5423 2130 5474 uti
2159 5422 2428 5491 permittat
2456 5461 2470 5486 ,

899 5524 992 5581 sed
1020 5531 1218 5580 tantam
1247 5521 1349 5574 vim
1379 5520 1512 5572 sinat
1539 5517 1858 5584 ostendere,
1891 5523 1948 5568 ut
1974 5522 2027 5568 et
2069 5511 2338 5567 hominem
2382 5527 2474 5566 ea-

897 5619 1086 5686 stiget,
1133 5625 1186 5671 et
1211 5615 1422 5670 illorum
1448 5612 1733 5682 nequitiam
1762 5611 2079 5665 manifestet.
2109 5607 2201 5662 Vis
2228 5607 2385 5660 etiam
2419 5613 2475 5660 et

901 5708 1066 5764 altero
1096 5720 1278 5762 rursus
1305 5703 1549 5772 exemplo
1567 5703 1892 5771 conspicere,
1915 5715 2014 5770 qua
2041 5700 2244 5754 ratione
2263 5696 2472 5751 diemon

900 5799 1158 5870 gubernet
1191 5839 1207 5864 ,
1235 5814 1353 5854 cum
1389 5812 1416 5850 a
1451 5796 1558 5850 Deo
1586 5794 1657 5848 illi
1683 5794 2001 5864 permittitur
2028 5835 2042 5862 ,
2071 5801 2126 5847 ut
2159 5799 2472 5862 potestatem

1647 396 1702 447 S.
1741 393 2018 448 JOANNIS
2057 396 2524 450 (ἓΙΙΙιῖὃΟὸΤΟλΗ
2569 395 2884 454 AllCliiiIl‘.
2927 403 3454 460 (IONSTAXTINOP.

4077 402 4175 456 εει

2603 519 2752 556 suam
2785 519 3028 562 exerceat
3055 512 3076 562 ?
3123 511 3348 567 Veniant
3379 515 3468 566 tibi
3517 513 3566 565 in
3604 523 3832 566 Illt‘hi-‘ttt
3863 535 4102 570 armenia
4131 535 4182 572 ιιι

2598 606 2784 662 greges
2809 593 2927 659 Joh,
2955 614 3060 666 quo
3083 613 3236 669 pacto
3278 619 3379 657 uno
3411 603 3661 672 temporis
3691 615 3964 657 momento
3989 623 4178 660 cuneta

2599 689 2962 754 assumpserit,
2997 691 3308 748 miserabilis
3339 696 3620 750 liberorum
3641 696 3754 764 ejus
3785 710 3948 759 mors,
3981 695 4180 752 inﬂicta

2598 777 2806 844 cmimri
2841 778 2954 846 (‘llls
2981 780 3127 848 vingit
3165 801 3176 833 ε
3210 795 3262 839 et
3297 787 3662 842 crudelitatem
3695 829 3708 848 ,
3739 787 4180 840 inhumanitatem

2597 881 2659 920 ac
2684 869 2938 922 Saevitiam
2969 871 3218 938 nequitite
3257 877 3556 931 daemonum
3589 878 3878 942 intuebere,
3905 887 4068 945 atque
4097 879 4184 930 in-

2597 955 2664 1011 de
2689 957 2964 1012 manifeste
2988 973 3298 1030 cognosces,
3328 969 3368 1020 si
3391 968 3491 1022 hoc
3516 971 3674 1023 etiam
3707 969 4012 1023 universum
4039 967 4181 1022 Dens

2599 1047 2806 1100 illorum
2835 1049 3166 1115 permitteret
3188 1060 3451 1120 potestati,
3481 1059 3731 1120 futurum,
3756 1067 4016 1112 utcuncta
4049 1073 4180 1111 con—

2599 1137 2881 1192 funderent
2901 1149 2953 1192 ct
2979 1139 3274 1205 turbarent,
3301 1157 3354 1198 et
3375 1147 3444 1200 ita
3475 1164 3570 1201 nos
3601 1157 3882 1204 tractarent
3914 1190 3928 1212 ,
3967 1157 4025 1202 ut
4051 1163 4176 1216 put”-

2597 1244 2689 1282 eos
2713 1241 2766 1282 et
2791 1229 3132 1282 armentailla
3159 1271 3172 1294 ,
3203 1233 3280 1286 sic
3307 1245 3360 1288 ut
3393 1253 3458 1289 ne
3480 1239 3666 1306 exiguo
3681 1240 3892 1308 quidem
3922 1241 4178 1308 temporis

2599 1329 2865 1372 momento
2895 1319 3048 1372 saluti
3079 1331 3274 1376 nostrze
3306 1335 3521 1392 possent
3547 1343 3784 1394 parcere.
3821 1329 3876 1384 Si
3903 1330 4176 1383 dannoncs

2595 1410 2979 1476 gubernarent,
3023 1411 3188 1464 nihilo
3223 1417 3428 1469 meliori
3470 1433 3708 1472 essemus
3745 1423 3795 1474 iu
3836 1430 3978 1475 statu
4014 1438 4174 1492 quan:

2594 1503 2937 1558 daemoniaci:
2990 1507 3095 1559 imo
3141 1521 3270 1560 vero
3309 1508 3558 1563 deteriori
3603 1513 3650 1564 iu
3693 1523 3830 1567 statu
3875 1532 4032 1583 quam
4079 1517 4170 1568 illi.

2595 1595 2778 1664 Neque
2836 1596 2976 1650 enim
3017 1597 3131 1650 illos
3180 1598 3232 1650 in
3291 1600 3594 1653 universmn
3651 1604 3857 1658 illormn
3905 1607 4171 1674 tyrannidi

2595 1689 2839 1758 exposuit
2871 1691 3005 1744 Deus
3025 1706 3038 1754 ;
3062 1689 3254 1760 alioqui
3283 1691 3450 1745 multo
3488 1693 3604 1747 istis
3647 1697 3886 1762 graviora
3917 1701 4056 1766 passi
4085 1717 4172 1753 es-

2594 1791 2732 1844 sent,
2766 1797 2922 1850 quam
2966 1797 3104 1837 nttnc
3145 1785 3432 1852 patiuntur.
3486 1783 3601 1852 Ego
3631 1801 3760 1838 vero
3799 1787 3988 1842 lubens
4015 1806 4081 1843 ex
4111 1793 4172 1843 iis

2593 1873 2680 1938 qui
2723 1873 2820 1926 ista
2851 1873 3036 1927 dicunt
3082 1876 3382 1929 sc'seitarer
3415 1917 3429 1940 ,
3463 1891 3621 1945 quam
3667 1877 3878 1930 tandem
3920 1881 3972 1932 in
4011 1882 4173 1936 rebus

2593 1963 2946 2031 praesentibus
2997 1965 3356 2020 confusionem
3399 1978 3621 2022 cernant
3657 2009 3670 2032 ,
3723 1977 3783 2022 ut
3840 1973 4170 2040 negotiorum

2593 2061 2893 2108 nostrorum
2939 2057 3171 2124 regimen
3217 2071 3374 2112 omne
3412 2057 3745 2112 dmmOuibus
3785 2061 4058 2116 tribuant?
4107 2067 4174 2116 At

2591 2145 2731 2196 enim
2756 2145 2922 2200 solem
2953 2145 3190 2200 videmus
3219 2163 3314 2215 per
3346 2157 3420 2201 tot
3446 2165 3705 2202 annorum
3741 2153 4000 2205 curricula
4029 2154 4173 2206 ordi-

2590 2249 2713 2293 nate
2743 2242 2975 2308 quotidie
3003 2242 3330 2310 gradientem
3367 2261 3377 2294 :
3406 2245 3603 2296 varium
3641 2244 3874 2298 siderum
3905 2248 4126 2300 chorum
4153 2291 4168 2310 ,

2590 2330 2678 2399 qui
2707 2345 2858 2384 suum
2889 2330 3130 2385 ordinem
3160 2341 3337 2384 servat
3358 2372 3370 2392 ,
3397 2333 3534 2386 luna:
3561 2348 3748 2390 cursus
3775 2352 4062 2405 numquam
4095 2338 4174 2391 in-

2593 2429 2890 2488 terruptos,
2917 2419 3086 2472 LOCllS
3125 2434 3187 2474 ac
3233 2421 3338 2474 diei
3382 2424 3780 2479 successionem
3820 2437 4123 2481 accuratam
4155 2447 4168 2491 ;

2589 2509 2762 2562 omnia
2791 2523 2913 2562 eum
2943 2523 3132 2577 supera
3164 2519 3273 2564 tum
3312 2511 3478 2566 infera
3511 2524 3780 2584 tamquam
3817 2516 3866 2569 in
3908 2520 4168 2572 concinna

2587 2601 2808 2670 quadam
2839 2601 3054 2666 chorea,
3091 2603 3168 2655 vel
3201 2605 3372 2671 potius
3401 2607 3568 2660 multo
3613 2609 3802 2662 melius
3836 2621 3890 2663 et
3929 2615 4169 2666 exactius

2587 2691 2789 2760 singula
2824 2706 2978 2746 suum
3019 2693 3190 2746 locmu
3239 2709 3454 2750 servare
3481 2738 3493 2760 ,
3537 2713 3708 2766 neque
3733 2713 3886 2752 suum
3915 2703 4160 2756 ordinem

2585 2783 2904 2852 transgredi,
2933 2799 3092 2852 quem
3115 2785 3218 2838 illis
3237 2785 3374 2839 Dens
3404 2787 3470 2839 ab
3500 2787 3649 2842 initio
3681 2791 4022 2859 praescripsit.

2657 2873 2708 2924 7.
2741 2873 2818 2924 An
2848 2874 2910 2925 sit
2941 2874 2990 2926 in
3019 2874 3162 2926 ribus
3193 2875 3430 2930 Immanis
3457 2878 3890 2944 conﬁnia—Sed
3920 2882 4046 2951 quid
4071 2883 4166 2936 ista

2586 2973 2803 3030 prosunt
2829 3004 2841 3028 ,
2865 2964 3006 3019 dicet
3032 2966 3222 3035 aliquis
3245 3008 3260 3031 ,
3301 2968 3442 3036 quod
3472 2971 3658 3023 etelum
3684 2971 3900 3039 quidem
3931 2983 3986 3026 et
4011 2975 4092 3027 sol
4115 2985 4168 3028 et

2587 3056 2729 3118 luna,
2755 3065 2808 3109 et
2834 3065 3002 3110 ccetus
3024 3067 3290 3112 astrorum
3313 3101 3326 3125 ,
3350 3068 3404 3113 et
3426 3061 3526 3114 alia
3555 3071 3745 3114 cuncta
3771 3065 3994 3118 multum
4023 3067 4166 3119 ordi-

2586 3164 2706 3201 nem
2735 3163 2842 3216 prze
2876 3162 2934 3203 se
2966 3149 3157 3211 ferant.
3195 3165 3279 3204 res
3305 3159 3483 3206 autem
3510 3163 3705 3206 nostra:
3745 3153 4072 3210 confusionis
4103 3173 4164 3211 ac

2586 3237 2994 3306 perturbationis
3022 3243 3128 3293 sint
3156 3241 3350 3309 pleme?
3367 3239 3526 3311 Cujus
3561 3243 3770 3297 tandem
3807 3243 4156 3308 confusionis,

2585 3329 2655 3382 mi
2687 3328 2878 3392 homo,
2911 3337 3003 3382 ant
3027 3331 3483 3399 perturbationis?
3511 3331 3599 3385 Ille
3627 3332 3772 3386 dives
3802 3343 3880 3387 est
3902 3375 3917 3399 ,
3947 3335 4114 3404 inquit
4143 3379 4158 3399 ,

2583 3428 2636 3472 et
2663 3419 2765 3472 vim
2793 3419 2934 3482 facit,
2955 3421 3091 3488 rapit
3119 3431 3172 3473 et
3200 3420 3424 3486 fraudat,
3449 3437 3735 3491 pauperum
3767 3423 4042 3478 facultates
4068 3428 4156 3478 ab-

2583 3511 2743 3564 sumit
2771 3511 3032 3578 quotidie,
3063 3527 3232 3580 ueqne
3258 3513 3544 3583 quidquam
3573 3514 3647 3566 illi
3677 3515 3798 3568 mali
3823 3515 4044 3579 accidit;
4079 3517 4159 3569 al-

2583 3609 2662 3653 ter
2687 3601 2928 3655 modeste
2958 3604 3100 3667 vivit,
3137 3605 3535 3670 temperantiam
3566 3613 3618 3656 et
3640 3605 3898 3670 justitiam
3925 3616 4158 3670 exercet,

2579 3705 2641 3744 ac
2667 3694 2872 3746 caneris
2897 3694 3048 3747 bonis
3074 3703 3294 3749 ornatus
3321 3703 3418 3756 est,
3450 3707 3502 3750 ct
3523 3707 3856 3766 paupertate,
3885 3698 4085 3752 morbis
4109 3707 4160 3752 et

2578 3785 2830 3838 extremis
2857 3787 3012 3839 malis
3041 3785 3311 3856 afﬂigitur.
3347 3787 3590 3842 ll:eccine
3617 3797 3741 3841 sunt
3768 3803 3894 3856 ergo
3913 3830 3927 3851 ,
3959 3805 4076 3858 quze
4105 3799 4155 3842 te

2579 3875 2982 3930 scandalizaut?
3053 3877 3178 3931 Haec
3245 3887 3406 3940 sunt,
3447 3877 3633 3946 inquit.
3710 3877 3764 3931 Si
3827 3895 3954 3947 ergo
4011 3878 4156 3930 mul-

2583 3975 2662 4019 tos
2698 3982 2760 4020 ex
2795 3967 2875 4032 iis,
2927 3967 3014 4038 qui
3061 3971 3316 4038 rapiunt,
3371 3969 3529 4036 afﬂigi
3579 3969 3756 4022 videas
3789 4010 3804 4032 ,
3853 3979 3906 4023 et
3950 3985 4014 4024 ex
4047 3971 4108 4023 iis
4139 4013 4153 4034 ,

2581 4059 2668 4124 qui
2739 4059 2930 4113 virtute
2986 4061 3189 4126 praediti
3242 4060 3461 4120 vivunt,
3511 4059 3938 4122 nonnullos,vel
3995 4061 4154 4112 etiam

2579 4147 2890 4204 innumeros
2919 4151 3067 4203 bouis
3095 4149 3395 4210 abundare,
3422 4163 3518 4200 cur
3545 4163 3647 4200 non
3679 4149 3994 4202 sententiam
4025 4149 4160 4202 hanc

2578 4238 2818 4308 deponis,
2857 4255 3027 4308 neque
3059 4238 3339 4293 Dominum
3369 4237 3592 4292 laudas?
3621 4237 3754 4304 Quia
3781 4239 4028 4292 nimirum
4059 4239 4159 4292 hoc

2579 4331 2750 4399 ipsum
2779 4341 2860 4385 est
2882 4371 2896 4394 ,
2921 4330 3060 4398 quod
3093 4345 3175 4382 me
3204 4329 3427 4398 amplius
3455 4329 3796 4384 scandalizat.
3831 4331 3938 4384 Cur
3965 4331 4107 4384 enim
4139 4371 4154 4392 ,

2580 4437 2699 4476 cum
2731 4421 2837 4474 duo
2862 4423 2967 4474 sint
3007 4419 3252 4488 improbi,
3281 4436 3417 4474 unus
3443 4421 3660 4488 punitur
3679 4461 3694 4485 ,
3725 4429 3778 4476 et
3807 4421 3942 4475 alter
3965 4421 4160 4474 evitato

2579 4513 2841 4584 Htpplicio
2863 4511 3107 4574 discedit,
3137 4519 3190 4565 et
3221 4526 3340 4565 cum
3369 4511 3473 4565 duo
3498 4513 3604 4564 sint
3631 4511 3754 4565 boni
3777 4553 3792 4577 ,
3826 4527 3962 4564 unus
3993 4509 4162 4562 hono-

2581 4607 2724 4660 ribus
2754 4603 3068 4661 eumulatur,
3099 4602 3232 4655 alter
3256 4603 3518 4656 continuis
3547 4603 3715 4671 pt'BtllS
3737 4601 4022 4670 afﬂigitur?
4052 4600 4160 4655 Hoc

2584 4697 2752 4766 ipsum
2783 4694 2939 4746 etiam
2969 4691 3311 4760 providentia:
3334 4692 3526 4745 divina:
3565 4706 3700 4760 opus
3724 4698 3804 4743 est
3847 4689 4157 4742 tuaximum.

2585 4789 2634 4840 Si
2660 4786 2798 4839 enim
2829 4785 3096 4852 improbos
3123 4797 3308 4837 omnes
3335 4783 3420 4838 hic
3437 4783 3664 4853 puniret,
3699 4791 3750 4836 et
3771 4795 3956 4834 omnes
3991 4779 4159 4833 bonos

2585 4876 2874 4930 honoribus
2919 4875 3002 4928 hic
3043 4875 3276 4929 afficeret
3309 4917 3324 4942 ,
3367 4871 3994 4944 supervacaneusjudieii
4047 4871 4158 4924 dies

2585 4977 2745 5024 esset.
2777 4967 2979 5021 Rursus
2997 4968 3039 5020 si
3064 4967 3260 5020 nullum
3289 4968 3588 5036 improbum
3613 4965 3841 5032 puniret,
3867 4978 3964 5016 nec
3995 4961 4158 5015 uilem

2587 5063 2781 5115 bonum
2821 5060 3020 5112 honore
3059 5057 3297 5113 afficeret
3329 5099 3344 5122 ,
3382 5067 3436 5112 ct
3477 5057 3622 5126 pravi
3653 5056 3860 5122 pejores
3887 5053 4075 5104 fierent
4101 5066 4160 5104 ae

2585 5157 2876 5210 deteriores
2905 5195 2920 5219 ,
2950 5163 3006 5208 ut
3031 5155 3116 5224 qui
3159 5154 3328 5206 multo
3360 5153 3466 5206 sint
3507 5149 3687 5219 probis
3724 5145 4160 5214 negligentiores:

2585 5257 2636 5302 et
2661 5249 2748 5318 qui
2781 5245 3146 5315 blaSphemare
3173 5246 3388 5306 vellent,
3424 5242 3587 5295 Demu
3624 5239 3788 5306 magis
3811 5245 4118 5290 aetusarent
4141 5273 4159 5298 ,

2587 5341 2847 5408 planeque
2870 5353 2951 5392 res
2975 5348 3184 5392 nostras
3210 5341 3464 5404 negarent
3491 5329 3582 5383 Dei
3614 5327 3942 5397 providentia
3971 5325 4160 5397 guber-

2587 5429 2719 5482 nari.
2746 5427 2874 5482 Nam
2915 5429 2958 5482 si
3005 5441 3145 5481 nunc
3183 5426 3341 5479 etiam
3380 5435 3500 5474 cum
3543 5417 3765 5487 improbi
3807 5417 4044 5472 nonnulli
4069 5431 4158 5485 pu-

2585 5524 2819 5590 niuntur,
2853 5533 2904 5578 ct
2937 5525 3264 5577 honorantur
3305 5513 3458 5577 boui,
3489 5527 3639 5582 atque
3662 5513 3843 5566 dicunt
3865 5527 3954 5566 res
3973 5511 4158 5564 huma-

2585 5629 2680 5668 nas
2727 5613 2818 5668 Dei
2863 5610 3195 5683 providentia
3230 5606 3444 5659 minime
3473 5604 3616 5674 regi:
3649 5603 3690 5657 si
3725 5619 3790 5657 ne
3819 5603 3921 5657 hoc
3949 5601 4158 5672 quidem

2585 5705 2734 5759 ﬁeret
2755 5747 2768 5769 ,
2797 5703 2922 5772 quid
2951 5717 3056 5757 non
3081 5700 3316 5753 dicerent
3347 5736 3363 5762 ,
3393 5711 3509 5765 qua:
3535 5695 3694 5750 verba
3723 5709 3826 5746 non
3855 5691 4160 5747 eﬂ'utirent?

2589 5799 2870 5868 Propterea
2901 5793 3155 5864 quosdam
3185 5789 3328 5858 punit
3355 5829 3368 5854 ,
3396 5787 3650 5858 quosdam
3673 5801 3774 5841 non
3795 5784 3942 5856 punit
3968 5798 4032 5838 ex
4063 5784 4148 5836 ita-
