4408 6668
346 448 452 503 εδδ

348 560 533 629 probis
562 581 574 616 :
605 572 659 618 et
687 562 944 634 quosdam
975 559 1179 612 honore
1211 552 1370 612 allicit
1399 601 1413 624 ,
1442 559 1698 631 quosdam
1728 557 1934 612 honore

345 669 451 707 non
481 653 643 709 afﬁcit
671 670 736 710 ex
780 654 951 708 bonis.
983 649 1100 703 Non
1129 651 1480 718 punitomnes
1504 693 1520 717 ,
1547 661 1605 706 ut
1633 651 1726 704 tibi
1753 664 1934 704 resur-

345 749 638 802 rectionem
667 762 786 801 esse
830 741 1181 812 persuadeat;
1208 744 1466 814 quosdam
1495 756 1624 796 vero
1652 741 1804 810 pttnit
1834 782 1849 806 ,
1878 751 1934 797 ut

344 839 759 909 negligentiores
801 849 898 903 per
921 833 1144 887 aliorum
1166 835 1480 906 supplicium
1507 835 1698 887 timore
1723 832 1932 901 percul-

341 945 435 983 sos
475 929 840 997 diligentiores
875 924 1087 978 efﬁciat.
1122 926 1325 980 Rursus
1363 922 1646 978 nonnullos
1676 938 1740 975 ex
1768 923 1924 977 bonis

343 1022 549 1074 honore
578 1019 774 1080 afficit,
828 1025 884 1068 ut
912 1027 1132 1072 czeteros
1162 1020 1226 1073 ad
1257 1031 1492 1071 amorem
1527 1016 1736 1070 virtutis
1762 1018 1930 1072 hono-

341 1114 493 1168 ribus
523 1112 625 1164 illis
651 1109 871 1173 alliciat;
896 1124 996 1162 non
1014 1126 1200 1164 omnes
1225 1118 1401 1163 autem
1423 1108 1709 1162 honoribus
1737 1109 1923 1175 allicit,

340 1214 398 1257 ut
442 1204 669 1256 alterum
716 1208 924 1268 tempus
975 1216 1094 1256 esse
1133 1212 1426 1270 cognoscas
1457 1239 1471 1262 ,
1507 1201 1646 1267 quod
1685 1203 1932 1256 omnibus

338 1293 644 1350 mercedem
675 1293 961 1360 persolvet.
987 1294 1045 1348 Si
1067 1294 1208 1348 enim
1231 1305 1422 1346 omnes
1451 1291 1502 1343 in
1532 1292 1628 1345 hac
1662 1294 1784 1358 vita,
1811 1309 1931 1361 quae

338 1391 671 1447 meruerunt,
694 1385 1016 1453 acciperent,
1043 1382 1276 1438 sermoni
1291 1382 1358 1436 de
1375 1385 1760 1438 resurrectione
1773 1385 1929 1438 Iidem

337 1475 540 1528 habere
563 1485 898 1540 recusarent;
922 1475 1062 1545 quod
1081 1476 1125 1527 si
1153 1487 1314 1528 nemo
1333 1487 1453 1541 qua:
1474 1483 1758 1537 meruerat,
1777 1491 1930 1530 rece-

336 1563 718 1632 pisset,plures
728 1575 876 1621 certe
895 1565 1300 1636 negligentiores
1313 1563 1619 1618 evasissent.
1641 1565 1927 1634 Propterea

332 1655 599 1725 quosdam
634 1658 801 1725 punit,
816 1658 1074 1727 quosdam
1093 1655 1311 1709 minime
1329 1654 1497 1721 punit,
1517 1662 1709 1709 etcum
1739 1658 1818 1711 eis
1841 1657 1930 1725 qui

336 1747 649 1815 puniuntur,
683 1759 792 1802 tum
823 1751 902 1802 eis
952 1748 1040 1817 qui
1075 1761 1179 1800 non
1212 1748 1500 1815 puniuntur
1528 1747 1780 1814 prodest;
1807 1763 1929 1801 nam

333 1839 561 1892 islorum
583 1839 795 1908 quidem
821 1839 1061 1907 reprimit
1105 1837 1490 1904 improbitatem
1522 1879 1534 1899 ,
1560 1839 1765 1892 illorum
1803 1853 1932 1892 vero

331 1935 594 2002 supplicio
616 1933 967 1986 modestiores
987 1938 1212 1983 caeteros
1231 1930 1417 1983 reddit.
1434 1933 1604 2000 Atque
1636 1934 1738 1985 hoc
1765 1947 1829 1986 ex
1864 1931 1930 1984 il~

333 2025 422 2090 lis,
447 2041 566 2094 qua:
589 2025 721 2077 dixit
740 2023 985 2076 Christus
1006 2023 1136 2090 ipse,
1158 2022 1492 2078 manifestum
1512 2035 1612 2078 est.
1635 2023 1770 2077 Cum
1789 2022 1930 2077 enim

333 2117 696 2170 renuntiatum
718 2114 788 2167 illi
808 2123 950 2168 esset
977 2115 1259 2184 collapsam
1290 2117 1474 2168 turrim
1499 2116 1742 2169 homines
1770 2129 1933 2184 quos—

332 2208 458 2259 dam
482 2207 743 2268 obruisse,
771 2206 842 2257 ait
871 2205 937 2258 ad
967 2205 1102 2258 illos:
1134 2205 1269 2272 Quid
1306 2207 1600 2258 existimatis
1622 2209 1739 2274 quia
1757 2216 1801 2259 et
1823 2207 1922 2273 ipsi

331 2307 619 2366 peccatores
648 2297 834 2364 fuerint
864 2298 1027 2350 solum
1044 2298 1069 2350 ?
1088 2296 1227 2362 Non,
1256 2297 1370 2350 dico
1388 2296 1524 2350 vobis
1555 2313 1574 2349 :
1601 2296 1690 2349 sed
1709 2298 1751 2349 si
1771 2298 1930 2366 ρωηὶ-

331 2390 544 2440 tentiam
562 2404 660 2440 non
677 2389 892 2457 egeritis,
915 2397 958 2441 et
975 2403 1059 2442 vos
1085 2389 1258 2441 cadent
1277 2387 1535 2457 patiemini
1560 2386 1710 2456 (Luc.
1734 2387 1819 2440 15.
1849 2388 1926 2456 4).

405 2477 511 2532 Cur
541 2494 640 2530 non
668 2493 839 2530 omnes
867 2479 946 2529 In'c
978 2475 1514 2546 puniantur.—-Vides
1543 2486 1599 2530 ut
1621 2477 1694 2530 illi
1711 2491 1925 2545 quoque

332 2579 556 2638 propter
590 2577 804 2638 peccata
829 2569 1077 2636 perierint
1101 2609 1116 2633 ,
1147 2577 1201 2621 et
1224 2569 1405 2622 caeteri
1429 2575 1644 2636 propter
1668 2567 1926 2634 justitiam

333 2676 441 2714 non
461 2659 762 2723 evaserint,
792 2659 886 2714 sed
915 2669 971 2712 ut
997 2660 1204 2712 illorum
1231 2658 1493 2727 supplicio
1522 2657 1711 2712 ﬁerent
1733 2658 1924 2711 melio-

331 2753 464 2807 res?
492 2750 680 2820 Itaque
712 2750 903 2819 injuria
934 2759 1058 2804 sunt
1081 2749 1277 2814 alI‘eeti,
1308 2748 1509 2817 inquit,
1543 2747 1656 2812 illi,
1689 2749 1778 2818 qui
1811 2763 1927 2818 pm-

331 2862 431 2900 nas
456 2845 752 2899 dederunt:
786 2853 1031 2914 poterant
1058 2843 1200 2897 enim
1227 2852 1281 2894 et
1311 2841 1412 2910 ipsi
1441 2855 1546 2894 non
1576 2843 1761 2909 puniti,
1793 2842 1926 2896 alio-

331 2954 450 2990 rum
479 2937 740 3006 supplicio
782 2935 894 2989 fieri
939 2935 1206 2988 meliores.
1241 2934 1399 3002 Atqui
1449 2933 1491 2987 si
1527 2935 1776 2987 meliores
1806 2935 1924 2988 illos

331 3043 429 3096 per
458 3027 824 3095 pmnitentiam
847 3040 1102 3079 evasuros
1123 3024 1366 3076 scivisset
1387 3064 1400 3085 ,
1447 3039 1778 3092 nequaquam
1804 3025 1922 3079 illos

331 3120 644 3188 punivisset.
675 3120 728 3172 Si
767 3119 908 3171 enim
938 3133 1056 3170 cum
1084 3117 1370 3184 pnevidcat
1396 3117 1574 3169 multis
1612 3131 1764 3169 suam
1805 3117 1923 3170 Ion-

329 3213 699 3281 ganimitatem
725 3211 856 3264 nihil
891 3209 1218 3277 profuturam
1239 3249 1252 3268 ,
1290 3218 1462 3260 tamen
1490 3223 1585 3260 eos
1612 3208 1776 3260 multa
1802 3223 1922 3261 cum

331 3303 808 3374 patientiatolerat,
837 3317 958 3355 suas
1001 3310 1176 3369 partes
1210 3314 1389 3368 agens,
1413 3298 1588 3352 etillis
1602 3299 1922 3364 concedens,

330 3407 388 3447 nt
419 3409 449 3446 a
492 3394 710 3447 stultitia
739 3408 831 3446 sua
861 3391 1174 3459 resipiscam
1219 3407 1232 3441 :
1263 3388 1530 3456 quomodo
1559 3403 1672 3451 eos,
1699 3389 1785 3456 qui
1812 3404 1920 3442 ειυ-

330 3497 570 3539 ιιϊοτιιιιι
606 3483 868 3551 supplicio
908 3481 1153 3533 meliores
1194 3479 1405 3533 evasuri
1436 3488 1609 3540 erant,
1655 3494 1721 3533 eo
1749 3478 1918 3532 fructu

329 3577 601 3645 privaret,
649 3575 737 3642 qui
771 3587 833 3625 ex
870 3571 1179 3640 paenitentia
1208 3571 1542 3639 percipitur?
1572 3569 1751 3639 Itaque
1776 3571 1918 3625 nulla

329 3668 413 3720 isti
435 3665 545 3718 I.rsi
571 3671 694 3718 sunt
720 3663 910 3731 injuria
937 3703 951 3725 ,
983 3661 1124 3731 quod
1153 3670 1206 3715 et
1233 3661 1443 3714 illorum
1471 3661 1670 3714 malitia
1697 3661 1767 3714 sit
1796 3676 1920 3728 sup-

327 3755 488 3826 plicio
513 3768 755 3824 repressa
788 3794 802 3816 ,
857 3761 911 3807 et
954 3752 1091 3821 quod
1133 3751 1359 3806 leviores
1408 3760 1690 3820 propterea
1733 3753 1920 3806 futurae

325 3848 439 3901 sint
459 3859 650 3915 poena},
670 3859 801 3913 quas
824 3843 878 3897 in
910 3843 1079 3897 altero
1111 3843 1308 3896 smculo
1339 3841 1518 3896 luituri
1540 3850 1682 3907 sunt,
1703 3842 1842 3912 quod
1863 3843 1914 3896 in

326 3937 582 3992 istomala
610 3934 981 3989 sustinuerint.
1012 3933 1216 3986 Rursus
1238 3933 1310 3986 illi
1341 3934 1428 4001 qui
1461 3933 1627 4002 puniti
1646 3948 1748 3985 non
1773 3942 1913 3997 sunt,

326 4030 474 4083 nulla
502 4037 626 4082 sunt
678 4027 872 4096 injuria
906 4026 1039 4078 laesi.
1070 4025 1240 4079 Licuit
1265 4025 1406 4079 enim
1435 4024 1562 4094 ipsis
1587 4066 1602 4090 ,
1635 4025 1676 4078 si
1705 4024 1916 4093 quidem

326 4119 646 4180 voluissent,
671 4115 1070 4186 longanimitate
1098 4116 1186 4169 Dei
1216 4115 1280 4169 ad
1304 4117 1558 4184 Optimam
1575 4116 1648 4169 uti
1671 4117 1916 4169 mutatio—

325 4227 488 4275 nem,
523 4209 830 4278 patientiam
867 4207 983 4276 ejus
1025 4205 1288 4260 laudando
1330 4221 1592 4260 summam
1640 4207 1754 4276 ejus
1785 4208 1916 4261 tole-

326 4302 555 4355 ranliam
586 4298 921 4359 revereri,et
946 4296 1010 4349 ad
1040 4297 1290 4350 virtutem
1318 4298 1605 4366 aliquando
1631 4299 1866 4353 converti
1899 4341 1912 4363 ,

325 4404 485 4462 atque
513 4407 576 4445 ex
609 4391 831 4443 aliorum
855 4388 1116 4456 supplicio
1143 4389 1369 4443 salutem
1401 4405 1550 4444 suam
1586 4391 1910 4446 lucrifacere.

325 4482 480 4550 Quod
524 4481 567 4535 si
607 4484 659 4532 in
719 4478 950 4547 nequitia
991 4487 1381 4546 perseverant,
1435 4495 1540 4534 non
1589 4481 1726 4534 Deus
1749 4490 1830 4534 est
1861 4481 1912 4533 in

326 4587 510 4637 causa,
529 4571 617 4640 qui
639 4579 917 4639 propterea
945 4567 1208 4636 patienter
1235 4567 1356 4635 fert,
1389 4579 1444 4624 ut
1472 4586 1565 4625 eos
1596 4571 1692 4624 sibi
1727 4586 1914 4624 recona

325 4665 502 4728 eiliet;
532 4676 718 4715 verum
752 4660 826 4713 illi
852 4659 1003 4713 venia
1028 4667 1153 4712 sunt
1185 4659 1416 4730 indigni,
1449 4662 1535 4730 qui
1565 4661 1652 4715 Dei
1677 4662 1914 4731 longani-

326 4759 533 4820 mitate,
549 4764 604 4808 ut
626 4753 878 4822 oportuit.
903 4767 1008 4804 non
1035 4752 1142 4805 sint
1185 4754 1286 4806 usi.
1311 4751 1493 4822 Neque
1512 4768 1635 4806 vero
1653 4753 1911 4808 rationem

327 4854 537 4901 tantum
566 4845 718 4897 istam
746 4841 936 4895 all‘erre
962 4857 1246 4910 possumus
1269 4885 1282 4907 ,
1313 4843 1382 4897 ob
1409 4859 1563 4911 quant
1605 4843 1656 4897 in
1685 4843 1782 4897 hac
1807 4845 1913 4899 vita

327 4936 453 4992 mali
492 4948 680 4989 omnes
721 4933 937 4987 minime
969 4934 1270 5001 plectuntur
1292 4975 1307 4999 ,
1358 4934 1448 4987 sed
1481 4943 1533 4987 ct
1566 4932 1723 4987 aliam
1749 4935 1912 4991 nihilo

326 5031 425 5083 ista
459 5027 742 5078 minorem.
771 5022 938 5089 Quam
963 5025 1211 5079 tandem?
1232 5024 1380 5089 Quod
1411 5023 1682 5088 nimirum,
1711 5026 1754 5080 si
1786 5042 1914 5082 con-

325 5121 505 5176 restim
537 5126 655 5187 post
689 5129 904 5186 peccata
935 5133 1118 5185 pinnas
1150 5125 1383 5172 sumeret
1431 5117 1570 5170 Deus
1599 5160 1612 5178 ,
1643 5119 1910 5175 sublatmn

323 5221 472 5267 esset
501 5224 532 5264 e
563 5208 738 5263 medio
769 5222 936 5276 genus
961 5208 1248 5262 humanum
1277 5251 1290 5273 ,
1321 5221 1489 5275 neque
1520 5210 1770 5264 continua
1793 5226 1914 5265 suc-

321 5306 570 5360 cessione
614 5300 680 5355 ad
714 5301 826 5354 haec
855 5308 1094 5369 tempora
1142 5300 1484 5371 pervenisset.
1528 5301 1704 5370 Atque
1730 5313 1786 5356 ut
1814 5305 1914 5358 hoc

323 5413 511 5452 verum
530 5408 649 5449 esse
676 5406 997 5462 cognoscas,
1028 5393 1148 5447 audi
1173 5392 1482 5463 prephctam
1506 5392 1773 5448 dicentem
1805 5414 1817 5448 :
1853 5396 1915 5451 Si

322 5492 612 5559 iniquitates
641 5486 975 5540 observaveris
1000 5528 1012 5547 ,
1047 5486 1293 5554 Dontine,
1326 5486 1434 5555 quis
1450 5487 1708 5540 sustinebit
1738 5487 1909 5557 (Psal.

326 5584 452 5638 129.
484 5581 581 5652 3)?
605 5577 758 5648 Quod
784 5577 826 5629 si
857 5576 1033 5630 lubeat
1058 5577 1158 5632 hoc
1178 5577 1375 5632 dictum
1399 5577 1722 5643 examinare,
1747 5579 1912 5633 omis-

323 5696 382 5734 sa
440 5677 512 5734 in'
539 5675 865 5748 singulorum
911 5673 1070 5725 vitam
1112 5682 1294 5727 exacta
1326 5672 1661 5742 inquisitione
1714 5673 1913 5743 (neque

324 5774 470 5827 enim
501 5770 613 5824 ﬁeri
645 5766 838 5839 potest,
870 5771 926 5818 ut
942 5778 1060 5834 qua:
1085 5765 1308 5834 quisque
1325 5763 1547 5834 gesserit
1568 5763 1618 5817 in
1641 5763 1745 5816 vita
1771 5764 1910 5818 scia-

323 5861 492 5932 mus),
522 5875 640 5930 qua:
669 5859 783 5914 sine
811 5853 1232 5911 contradictione
1250 5855 1425 5910 cuncti
1443 5869 1740 5924 peccamus,
1765 5868 1826 5910 ea
1850 5854 1902 5910 in

1415 435 1500 491 DE
1540 437 1829 494 DIADOLO
1867 436 2297 496 TENTATORE.
2330 442 2554 500 HOMIL.
2585 447 2648 502 II.

3528 447 3630 507 256

2040 558 2272 618 medium
2299 559 2654 630 proferamus,
2682 571 2736 617 et
2759 577 2825 618 ex
2845 563 2945 619 hoc
2958 565 3110 622 nobis
3141 567 3380 638 liquemt,
3404 571 3546 641 quod
3587 576 3630 629 si

2041 653 2112 708 ob
2138 651 2344 721 singula
2372 660 2584 719 peccata
2613 654 2938 721 puniremur,
2963 656 3072 726 jam
3099 659 3225 713 olim
3257 662 3534 730 periissem
3549 681 3629 718 us.

2040 744 2140 811 Qui
2162 743 2378 797 fratrem
2405 758 2562 797 suum
2593 742 2793 798 l‘atuum
2813 747 3110 815 appellarit,
3125 763 3248 804 reus
3267 760 3351 805 est
3370 751 3632 821 gehennae

2040 838 2174 906 ignis
2205 835 2420 904 (Matth.
2450 837 2503 890 5.
2531 835 2648 905 22),
2688 836 2874 906 inquit.
2901 841 2981 894 An
3011 841 3168 911 igitur
3193 853 3275 897 est
3303 844 3494 913 aliquis
3542 862 3633 898 no-

2039 937 2231 990 strum,
2259 927 2346 994 qui
2371 926 2472 980 hoc
2499 937 2770 996 peccatum
2793 945 2900 983 non
2927 935 3294 988 commiserit?
3314 952 3514 1007 ergone
3547 951 3630 990 sn-

2041 1017 2150 1069 bito
2196 1031 2226 1069 e
2269 1017 2446 1071 medio
2484 1018 2593 1072 tolli
2639 1021 2928 1088 oportuit?
2973 1023 3151 1093 Itaque
3196 1025 3389 1081 sublati
3438 1042 3636 1082 omnes

2038 1124 2280 1163 essemus
2301 1126 2330 1163 e
2348 1111 2543 1178 medio,
2563 1121 2723 1182 atque
2745 1113 2904 1170 deleti
2929 1117 3194 1186 quondam
3216 1128 3270 1173 et
3288 1119 3625 1188 jamdudum.

2038 1199 2244 1254 Rursus
2276 1200 2319 1255 is
2349 1202 2438 1270 qui
2461 1203 2625 1270 jurat,
2657 1205 2843 1274 inquit,
2869 1208 2971 1261 etsi
2989 1218 3133 1263 recte
3157 1209 3320 1278 juret,
3356 1226 3468 1266 rem
3494 1214 3621 1280 agit,

2037 1306 2155 1359 qua:
2199 1306 2229 1344 a
2282 1293 2424 1345 malo
2478 1305 2560 1347 est
2604 1293 2724 1366 (Ib.
2776 1312 2822 1349 υ.
2857 1299 2922 1351 37
2953 1297 2996 1366 ).
3042 1300 3171 1366 Quis
3215 1302 3370 1370 igitur
3407 1312 3490 1356 est
3535 1305 3623 1371 qui

2038 1397 2142 1434 non
2169 1381 2398 1450 jurarit?
2429 1383 2534 1437 imo
2569 1401 2695 1440 vero
2726 1427 2741 1452 ,
2774 1389 2894 1456 quis
2938 1397 3021 1442 est
3067 1391 3154 1458 qui
3197 1405 3303 1445 non
3342 1393 3626 1461 aliquando

2044 1472 2298 1542 pejerarit
2317 1474 2338 1526 ?
2358 1473 2457 1541 Qui
2486 1476 2784 1542 mulierem,
2812 1480 3008 1548 inquit,
3040 1481 3228 1548 aspicit
3257 1482 3469 1537 lascivis
3491 1499 3622 1538 ocu-

2037 1563 2120 1628 lis,
2173 1564 2380 1619 aduller
2435 1567 2700 1636 perfectus
2737 1579 2820 1624 est
2861 1571 2980 1643 (Ib.
3009 1589 3055 1626 υ.
3105 1573 3221 1641 28).
3253 1576 3426 1644 Atque
3468 1575 3628 1645 hujus

2037 1665 2164 1704 sane
2215 1655 2418 1720 peccati
2460 1659 2656 1711 multos
2704 1659 2974 1716 olfendere
3001 1678 3285 1732 possumus
3326 1681 3467 1720 reos.
3490 1668 3622 1721 Cum

2038 1741 2197 1810 igitur
2224 1743 2338 1797 hinc
2363 1759 2482 1813 qua:
2507 1747 2561 1799 in
2585 1748 2834 1804 confesso
2861 1762 3004 1817 sunt,
3039 1755 3159 1806 talia
3191 1765 3405 1824 tamque
3431 1757 3624 1812 intole-

2037 1831 2204 1884 randa
2229 1832 2354 1895 sint,
2379 1845 2434 1888 et
2463 1835 2652 1890 horum
2681 1841 2888 1908 singula
2916 1843 3140 1896 seorsitn
3168 1847 3487 1914 supplicium
3528 1862 3623 1902 no-

2039 1922 2119 1976 bis
2147 1936 2424 1980 accersant
2451 1928 2761 1985 inevitabile
2781 1973 2794 1996 ,
2827 1934 2870 1986 si
2905 1949 2966 1987 ea
2997 1951 3206 2005 quoque
3236 1937 3507 1992 nobiscum
3536 1956 3624 1994 re-

2038 2024 2284 2083 putemus
2314 2059 2328 2082 ,
2361 2036 2480 2088 quae
2511 2023 2720 2077 occulte
2763 2027 3098 2093 peccavimus
3128 2069 3143 2094 ,
3179 2039 3289 2082 tum
3331 2034 3624 2100 prmsertim

2036 2107 2268 2162 divinam
2295 2112 2678 2178 providentiam
2707 2131 3055 2184 agnoscemus
3086 2161 3100 2184 ,
3135 2137 3255 2190 qua:
3293 2137 3397 2177 non
3426 2123 3478 2176 in
3509 2125 3626 2178 sin-

2035 2202 2155 2270 gula
2178 2204 2330 2257 nobis
2357 2214 2568 2273 peccata
2601 2209 2918 2275 supplicium
2948 2210 3159 2265 inferat.
3189 2213 3370 2283 Itaque
3395 2215 3440 2268 si
3467 2230 3624 2284 quem

2035 2293 2232 2346 videris
2263 2295 2554 2363 rapientem
2593 2339 2608 2363 ,
2643 2298 2974 2354 iraudantem
3000 2342 3014 2364 ,
3045 2311 3099 2356 et
3124 2317 3244 2357 eum
3274 2305 3491 2360 minime
3511 2321 3613 2375 pu-

2033 2385 2154 2450 niri,
2187 2397 2378 2441 excute
2399 2396 2452 2441 tu
2475 2404 2686 2458 quoque
2715 2393 3093 2446 conscientiam
3118 2404 3260 2448 tuam
3287 2436 3301 2458 ,
3328 2407 3510 2465 reputa
3539 2407 3621 2452 te-

2032 2489 2151 2528 cum
2182 2477 2340 2530 vitam
2374 2487 2545 2542 tuam,
2575 2489 2629 2534 et
2660 2491 2745 2533 tua
2765 2481 2955 2536 delicta
2989 2499 3241 2552 percurre
3269 2503 3282 2537 :
3315 2496 3424 2540 tum
3459 2487 3626 2556 probo

2033 2564 2297 2634 intelliges
2325 2568 2414 2620 tibi
2449 2571 2620 2636 primo
2639 2585 2744 2622 non
2775 2572 3062 2639 espedire,
3087 2585 3144 2627 ut
3174 2576 3224 2628 in
3246 2576 3479 2644 peccatis
3507 2578 3621 2631 sin-

2033 2655 2172 2723 gulis
2203 2658 2456 2723 puniaris.
2491 2659 2694 2714 Idcirco
2716 2662 2861 2716 enim
2892 2679 3079 2718 severe
3109 2666 3258 2719 multi
3293 2667 3615 2737 loquuntur,

2033 2745 2174 2814 quod
2229 2763 2334 2800 non
2381 2764 2474 2803 sua
2530 2751 2675 2819 prius
2719 2768 2875 2822 quam
2917 2755 3087 2809 aliena
3126 2758 3496 2813 considerent:
3529 2762 3623 2815 sed

2034 2837 2228 2890 nostris
2255 2838 2468 2892 omissis
2491 2856 2677 2896 omnes
2701 2845 2750 2896 in
2781 2860 2866 2899 res
2887 2847 3106 2900 aliorum
3132 2849 3481 2917 inquiramus.
3515 2851 3623 2907 Ve-

2031 2933 2327 2979 rumtamen
2359 2943 2424 2982 ne
2453 2930 2681 2998 amplius
2715 2933 2763 2985 id
2795 2949 3014 3002 agamus
3045 2977 3060 3000 ,
3093 2937 3184 2990 sed
3216 2938 3368 3005 plane
3403 2952 3623 2995 contra—

2031 3014 2188 3068 rium.
2225 3018 2300 3071 Ae
2336 3019 2379 3072 si
2413 3020 2626 3088 quidem
2676 3023 2876 3090 justum
2925 3025 3153 3094 aliquem
3186 3031 3358 3095 puniri
3387 3031 3569 3087 videas
3599 3076 3614 3100 ,

2027 3103 2131 3158 Job
2159 3108 2442 3161 recordare
2469 3127 2482 3161 :
2517 3113 2616 3163 etsi
2647 3114 2790 3166 enim
2815 3114 2990 3182 justus
3031 3118 3098 3170 sit
3137 3119 3327 3189 aliquis
3349 3162 3363 3184 ,
3404 3137 3502 3176 nec
3533 3133 3620 3176 ta-

2029 3211 2150 3249 men
2169 3196 2362 3264 juslior
2393 3198 2482 3252 illo
2504 3201 2625 3266 erit,
2647 3218 2817 3271 neque
2845 3206 2924 3258 vel
2952 3207 3211 3262 modicum
3236 3211 3306 3264 illi
3340 3214 3614 3278 prosimus

2028 3286 2160 3338 erit:
2186 3301 2248 3340 ac
2279 3287 2402 3341 licet
2428 3290 2703 3346 innumera
2721 3295 2790 3347 sit
2814 3297 2948 3348 mala
2973 3299 3416 3365 passus,necdutn
3441 3313 3616 3359 tamen

2028 3376 2315 3445 quidquam
2347 3379 2450 3432 tale
2483 3395 2668 3449 passus
2695 3393 2796 3450 est,
2827 3387 2985 3454 quale
3011 3390 3091 3441 vir
3124 3389 3228 3443 ille.

2099 3470 2153 3523 8.
2189 3471 2297 3524 lloc
2325 3473 2483 3541 igitur
2502 3484 2683 3530 mente
2710 3491 2935 3532 versans
2954 3520 2968 3543 ,
2998 3478 3182 3535 desine
3205 3482 3485 3536 Dominum
3513 3499 3603 3539 ac-

2025 3572 2233 3626 cusare,
2263 3577 2383 3614 cum
2407 3562 2670 3634 intelligas
2700 3565 2884 3632 Deum,
2915 3583 3020 3622 non
3041 3570 3180 3639 quod
3206 3572 3352 3626 illum
3375 3574 3608 3642 deserat,

2031 3649 2191 3702 talem
2220 3649 2398 3705 sinere
2427 3654 2580 3707 malis
2599 3655 2796 3725 afﬂigi,
2829 3658 2924 3712 sed
2961 3661 3101 3728 quod
3131 3661 3276 3716 illum
3305 3679 3500 3720 corona
3521 3668 3617 3720 do-

2031 3753 2159 3793 nare
2190 3749 2350 3809 atque
2373 3741 2719 3799 illustriorem
2749 3748 2877 3800 velit
2905 3749 3149 3805 reddere.
3181 3753 3237 3806 Si
3269 3769 3396 3808 vero
3421 3771 3611 3824 pecca-

2029 3838 2194 3883 torem
2216 3831 2397 3885 videas
2410 3833 2970 3903 eastigari,recordare
2986 3841 3276 3911 paralytici,
3295 3845 3384 3912 qui
3401 3847 3613 3916 triginta

2026 3932 2079 3977 et
2096 3924 2337 3993 octojam
2355 3940 2522 3979 annos
2541 3927 2593 3980 in
2609 3928 2746 3983 lecto
2766 3929 3089 3987 decubuerat
3111 3933 3346 4004 (Joan.5.
3379 3938 3454 4008 5).
3476 3939 3608 3996 Nam

2026 4013 2173 4066 illum
2204 4025 2418 4085 propter
2449 4029 2663 4086 peccata
2689 4031 2796 4074 tum
2816 4023 3064 4077 traditum
3107 4026 3180 4080 illi
3211 4029 3399 4083 morbo
3431 4030 3613 4098 fuisse,

2023 4108 2143 4160 audi
2164 4124 2269 4175 quo
2294 4119 2449 4178 pacto
2473 4110 2671 4165 Christi
2703 4114 2862 4168 verba
2895 4123 3175 4171 testentur:
3200 4117 3332 4173 Ecce
3355 4138 3509 4174 sanus
3534 4124 3617 4192 {ac

2024 4206 2134 4250 ctus
2154 4215 2206 4252 es
2221 4216 2240 4250 :
2249 4200 2364 4268 jam
2391 4201 2495 4252 noli
2512 4217 2738 4270 peccare,
2764 4221 2826 4258 ne
2845 4205 3062 4261 deterius
3085 4210 3173 4261 tibi
3208 4211 3403 4281 aliquid
3417 4215 3618 4268 contin-

2022 4297 2108 4356 gat
2138 4287 2298 4358 (Ibid.
2329 4306 2375 4344 u.
2413 4293 2518 4360 Η).
2559 4293 2650 4347 Vel
2673 4295 2814 4348 enim
2847 4311 3029 4352 eorum
3057 4315 3175 4369 quae
3205 4305 3571 4360 commisimus
3602 4350 3616 4373 ,

2026 4377 2223 4432 luimus
2252 4395 2452 4448 ptenas,
2478 4382 2606 4436 dum
2629 4387 2978 4455 castigamur:
3004 4390 3082 4443 vel
3111 4394 3446 4449 occasionem
3474 4399 3618 4450 acci-

2026 4470 2200 4538 pimus
2237 4486 2581 4539 coronarum,
2606 4475 2652 4528 si
2674 4475 2798 4530 dum
2827 4489 2971 4535 recte
3009 4482 3234 4539 vivimus
3255 4526 3267 4549 ,
3299 4487 3453 4542 malis
3479 4490 3618 4544 aflli-

2021 4559 2212 4626 gimur.
2258 4562 2436 4631 Itaque
2471 4565 2583 4619 sive
2618 4566 2669 4619 in
2711 4567 2915 4636 justitia
2953 4573 3070 4627 sive
3096 4575 3148 4627 in
3181 4579 3414 4644 peccatis
3456 4581 3618 4636 vitam

2021 4651 2276 4721 degamus
2297 4693 2312 4718 ,
2339 4653 2465 4709 utile
2491 4655 2644 4712 nobis
2674 4668 2756 4712 est
2777 4662 2970 4729 puniri,
3001 4664 3142 4733 quod
3171 4665 3220 4720 id
3251 4667 3536 4737 aliquando
3561 4675 3624 4726 il-

2023 4745 2300 4801 Iustriores
2329 4761 2426 4801 nos
2457 4749 2665 4816 reddat,
2696 4752 2980 4823 aliquando
3008 4758 3357 4815 modestiores
3383 4762 3579 4818 efficiat
3605 4808 3617 4828 ,

2021 4851 2084 4892 ac
2111 4837 2342 4893 futurum
2389 4843 2706 4911 supplicium
2737 4847 2890 4900 nobis
2933 4847 3154 4919 mitiget.
3189 4851 3352 4908 Posse
3390 4869 3624 4927 namque

2020 4930 2250 5000 aliquem
2283 4973 2296 4996 ,
2330 4933 2418 5002 qui
2451 4933 2607 4988 fuerit
2654 4935 2704 4988 in
2747 4936 2846 4991 hac
2875 4939 2978 4992 vita
3012 4942 3244 5008 punitus,
3268 4955 3466 5002 etcum
3500 4965 3622 5019 gra-

2023 5023 2213 5076 tiarum
2238 5023 2444 5076 actione
2472 5034 2660 5078 cuncta
2699 5028 2991 5094 pertulerit,
3031 5035 3342 5100 gravitatem
3374 5037 3620 5108 supplicii

2022 5111 2074 5166 in
2093 5115 2254 5168 altera
2295 5116 2399 5168 vita
2428 5117 2686 5173 subeundi
2716 5121 2960 5191 mitigare
2992 5165 3007 5187 ,
3047 5125 3192 5181 disce
3236 5143 3300 5181 ex
3345 5128 3427 5183 bis
3473 5131 3618 5186 Paul;

2023 5207 2196 5260 verbis
2219 5225 2231 5259 :
2255 5204 2280 5257 I
2289 5206 2381 5260 deo
2395 5207 2522 5260 inter
2538 5225 2622 5262 vos
2644 5211 2789 5264 multi
2812 5214 3004 5281 infirmi
3029 5225 3074 5268 et
3104 5217 3396 5284 imbecilles,
3421 5229 3468 5273 et
3495 5221 3619 5274 dor-

2023 5297 2180 5349 miunt
2201 5297 2367 5351 multi.
2400 5298 2549 5363 Quod
2577 5301 2621 5352 si
2651 5303 3371 5373 nosmetipsosjudicaremus,
3396 5327 3497 5363 non
3517 5313 3619 5364 uti-

2021 5406 2115 5459 que
2125 5389 2500 5459 judicaremur;
2535 5393 2651 5444 dum
2673 5394 3163 5461 judicamurautem,
3184 5415 3214 5449 a
3234 5399 3621 5456 Dominocorri-

2024 5487 2274 5555 pimur,ut
2294 5501 2391 5538 non
2410 5502 2522 5538 cum
2545 5487 2732 5538 mundo
2751 5487 3046 5540 damnamur
3069 5490 3115 5560 (I
3140 5491 3258 5545 Cor.
3278 5496 3297 5546 l
3316 5496 3334 5547 I
3351 5533 3362 5545 .
3392 5495 3492 5547 30-
3503 5495 3617 5562 5‘2).

2093 5575 2432 5630 Providentia:
2457 5575 2554 5630 Dei
2581 5577 2955 5632 demonstratio.
2987 5611 3058 5621 —
3106 5582 3231 5638 Hcce
3262 5584 3415 5653 igitur
3440 5588 3620 5641 omnia

2027 5683 2150 5724 cum
2178 5669 2449 5738 explorata
2477 5671 2583 5723 sint
2610 5669 2763 5724 nobis
2790 5711 2803 5734 ,
2835 5671 2905 5725 ita
2927 5671 2994 5726 de
3024 5676 3350 5743 providentia
3381 5678 3470 5731 Dei
3499 5679 3619 5747 phi-

2021 5760 2400 5831 IOSOphemur,
2429 5761 2611 5832 eisque
2651 5762 2742 5832 qui
2775 5764 3148 5822 contradicunt
3186 5783 3248 5822 os
3281 5768 3614 5824 obturemus.

2022 5853 2173 5923 Quod
2200 5853 2241 5909 si
2266 5853 2392 5924 quid
2419 5853 2644 5925 accidat,
2667 5856 2808 5928 quod
2841 5866 3074 5914 iacntem
3107 5869 3346 5915 nostram
3370 5860 3615 5926 excedat,
