4408 6672
833 437 940 495 257

835 569 905 609 ne
933 551 1129 608 idcirco
1167 563 1252 606 res
1289 555 1500 604 nostras
1528 547 1703 603 divina
1737 547 1844 614 regi
1887 547 2212 616 providentia
2244 560 2406 616 nege-

834 659 952 700 mus
981 661 995 709 ;
1026 643 1120 698 sed
1154 657 1275 697 cum
1314 656 1430 696 eam
1459 656 1525 695 ex
1554 647 1702 708 parte
1725 638 2284 708 comprehenderimus
2307 680 2322 702 ,
2355 639 2406 691 iu

834 737 900 792 iis
941 751 1059 806 quae.
1095 733 1477 803 comprehendi
1517 733 1730 787 minime
1772 741 2014 800 queunt,
2060 729 2408 801 investigabili

833 827 948 895 cjus
992 825 1264 893 sapientia:
1292 823 1564 879 cedamus.
1606 823 1661 876 Si
1691 822 1831 876 enim
1873 821 2103 876 hominis
2131 822 2409 874 artilicium

836 918 996 971 homo
1025 916 1302 986 imperitus
1330 915 1538 985 assequi
1564 915 1782 968 minime
1812 925 1984 984 potest
2008 955 2023 980 ,
2055 915 2220 967 multo
2250 912 2415 980 magis

835 1011 1162 1079 impossibile
1181 1021 1357 1080 est,ut
1379 1014 1686 1066 immensam
1722 1012 1812 1066 Dei
1843 1011 2224 1081 providentiam
2255 1008 2412 1061 intel-

835 1101 964 1170 ligat
993 1116 1145 1156 mens
1172 1102 1420 1156 humana.
1451 1100 1810 1155 Inscrutabilia
1848 1103 2031 1171 quippe
2067 1110 2180 1152 sunt
2218 1101 2420 1168 judicia

835 1192 970 1258 ejus,
995 1199 1046 1243 et
1071 1190 1436 1260 investigabiles
1462 1191 1556 1244 vice
1585 1193 1694 1262 eius
1715 1191 1900 1262 (Rom.
1932 1193 2018 1244 il.
2045 1191 2114 1244 33
2135 1192 2173 1258 ).
2198 1189 2420 1244 Verum—

839 1289 1015 1334 tamen
1043 1295 1161 1334 eum
1199 1297 1263 1334 ex
1305 1282 1486 1350 paucis
1512 1283 1578 1336 de
1607 1292 1718 1336 toto
1753 1282 2012 1350 possimus
2056 1281 2416 1350 probationem

834 1382 900 1423 ac
927 1367 1084 1423 ﬁdem
1107 1379 1309 1423 certam
1337 1371 1576 1440 accipere
1600 1411 1615 1436 ,
1656 1386 1750 1440 pro
1788 1372 1992 1424 cunctis
2025 1387 2142 1440 qua:
2179 1371 2422 1424 accidunt

839 1457 952 1513 Deo
987 1462 1184 1528 gratias
1228 1475 1462 1530 agamus.
1502 1460 1631 1514 Nam
1677 1470 1732 1515 et
1771 1461 1872 1514 alia
1907 1461 2112 1515 ratione
2145 1473 2422 1529 possumus

839 1551 1040 1620 absque
1071 1552 1173 1604 ulla
1205 1551 1625 1606 contradictione
1653 1552 1720 1606 de
1752 1552 2081 1622 providentia
2107 1552 2281 1606 divina
2313 1551 2423 1620 phi-

839 1639 1126 1708 losophari,
1151 1641 1192 1694 si
1217 1640 1459 1694 velimus.
1485 1641 1876 1712 lnterrogemus
1895 1643 2039 1698 enim
2067 1641 2421 1704 adversarios,

837 1745 908 1784 an
929 1729 996 1784 sit
1020 1731 1196 1784 Deus?
1224 1733 1363 1800 quod
1390 1732 1434 1785 si
1464 1731 1697 1786 dixerint
1727 1748 1830 1787 non
1859 1748 1978 1788 esse
2006 1733 2192 1797 Deum,
2217 1748 2283 1787 ne
2307 1733 2423 1786 illos

839 1833 1098 1887 responso
1127 1819 1427 1888 dignentur.
1462 1821 1525 1877 Ut
1556 1823 1697 1875 enim
1725 1821 1939 1876 furiosis
1965 1838 2174 1890 acquum
2204 1836 2308 1874 non
2340 1827 2423 1874 est

839 1919 900 1964 ut
923 1909 1212 1980 quidquam
1259 1912 1710 1979 respondeamus,
1749 1915 1820 1966 ita
1865 1927 1964 1965 nec
1997 1912 2102 1965 illis
2125 1911 2215 1980 qui
2254 1911 2420 1963 Deum

840 2015 948 2055 non
965 2015 1083 2056 esse
1102 2001 1301 2056 dicunt.
1332 2002 1461 2055 Nam
1487 2004 1530 2055 si
1561 2004 1844 2072 navigium,
1868 2005 1919 2056 in
1941 2019 2045 2072 qtto
2076 2001 2224 2072 pauci
2250 2012 2422 2056 nautae

841 2090 1037 2144 fuerint
1062 2099 1117 2145 et
1141 2101 1403 2156 vectores,
1436 2091 1551 2146 fieri
1574 2095 1755 2162 nequit
1783 2103 1841 2148 ut
1865 2094 2130 2148 incolume
2157 2100 2418 2155 servetur,

843 2194 912 2234 ne
937 2179 1002 2234 ad
1031 2183 1185 2235 unius
1207 2182 1419 2250 quidem
1448 2184 1603 2238 stadii
1633 2185 1881 2252 spatium.
1915 2185 2115 2254 absque
2137 2201 2295 2240 manu
2325 2200 2426 2255 gu-

843 2272 1142 2327 bernatoris
1171 2291 1184 2323 :
1219 2275 1382 2328 multo
1409 2275 1574 2343 magis
1605 2283 1778 2330 tantus
1807 2275 1894 2331 bic
1936 2277 2196 2344 mundus,
2225 2283 2312 2349 qui
2349 2290 2428 2336 tot

845 2361 899 2415 in
935 2376 994 2416 se
1031 2377 1252 2431 corpora
1288 2365 1524 2418 continet
1550 2379 1613 2419 ex
1653 2366 1932 2420 elementis
1967 2367 2193 2422 conﬂata
2225 2409 2239 2432 ,
2282 2379 2428 2424 tanto

845 2459 1088 2519 tempore
1115 2469 1218 2507 non
1247 2453 1526 2520 durasset,
1556 2456 1657 2510 nisi
1686 2467 1833 2512 esset
1857 2458 2029 2527 aliqua
2054 2460 2382 2528 providentia
2408 2501 2423 2524 ,

845 2557 963 2612 quze
995 2543 1066 2595 illi
1099 2554 1388 2612 praeesset,
1418 2556 1472 2600 et
1502 2546 1604 2601 hoc
1627 2549 1931 2602 universum
1963 2559 2196 2604 tueretur
2219 2565 2427 2619 semper

1537 440 1594 496 S.
1637 437 1916 496 JOANNIS
1952 433 2424 494 CllRYSOSTOMl
2465 435 2782 494 ARClllEP.
2822 436 3354 495 CONSTANTINOP.

3985 444 4086 499 953

2511 558 2574 598 ac
2598 556 2826 615 regeret.
2868 546 3016 615 Quod
3060 546 3103 599 si
3134 560 3471 602 communem
3502 547 3739 603 omnium
3771 560 4089 606 sententiam

2512 647 2568 692 et
2594 640 2762 708 ipsam
2791 657 2965 696 rerum
2993 641 3371 710 experientiam
3395 644 3413 675 ¹
3441 643 3652 697 reveriti
3682 643 3845 698 Deum
3876 658 3996 698 esse
4019 649 4088 695 ra.

2516 740 2728 784 teantur
2750 773 2765 796 ,
2798 732 2899 788 hoc
2928 733 3032 787 illis
3063 731 3300 786 dicamus
3335 751 3348 787 :
3375 733 3430 788 Si
3470 735 3540 788 sit
3571 734 3706 788 Deus
3727 774 3741 797 ,
3770 743 3830 788 ut
3859 733 4096 800 profecto

2516 830 2617 884 est,
2641 823 2880 891 sequitur
2898 839 3019 878 eum
3040 824 3198 878 etiam
3215 822 3418 890 justum
3441 840 3561 879 esse
3594 843 3607 877 :
3640 824 3738 878 nisi
3760 824 3900 876 enim
3929 822 4100 890 justus

2519 911 2605 972 sit,
2628 925 2695 964 ne
2717 911 2856 966 Deus
2877 913 3086 981 quidem
3113 921 3194 965 est
3221 929 3232 962 :
3261 912 3402 980 quod
3430 915 3474 966 si
3499 915 3675 982 justus
3699 915 3787 974 sit,
3815 912 4102 979 unicuique

2523 1015 2618 1068 pro
2647 1003 2847 1055 meritis
2874 1003 3065 1057 reddit.
3094 1003 3250 1072 Atqui
3279 1003 3517 1058 videmus
3548 1022 3650 1059 non
3681 1020 3866 1058 omnes
3891 1003 3979 1058 hic
4009 1017 4103 1071 pro

2523 1092 2725 1145 meritis
2763 1095 2998 1160 recipere
3026 1110 3038 1146 :
3069 1093 3289 1162 proinde
3329 1109 3550 1149 necesse
3576 1107 3653 1149 est
3686 1095 3905 1149 alteram
3949 1093 4102 1148 nobis

2523 1183 2809 1251 repositam
2849 1187 3248 1241 retributionem
3288 1200 3598 1253 speremus,
3631 1201 3683 1242 ut
3709 1203 3834 1257 eum.
3857 1203 3953 1255 pro
3988 1202 4100 1238 mc-

2525 1275 2641 1329 ritis
2670 1279 3030 1348 unusquisque
3059 1278 3358 1347 receperit,
3388 1291 3642 1346 appareat
3671 1281 3873 1348 justitia
3900 1280 4100 1333 divina.

2527 1365 2652 1421 llaec
2668 1368 2810 1422 enim
2831 1371 3001 1423 oratio
3022 1386 3125 1423 non
3152 1369 3219 1424 de
3247 1369 3576 1437 providentia
3601 1372 3797 1437 solum,
3824 1372 3916 1426 sed
3941 1373 4101 1426 etiam

2525 1457 2593 1513 de
2623 1462 3012 1515 resurrectione
3041 1460 3430 1529 philosophiam
3462 1461 3614 1515 nobis
3647 1463 3948 1516 introducit.
3984 1463 4105 1515 lla-e

2528 1548 2687 1617 igitur
2715 1551 2945 1605 scientes
2969 1591 2984 1615 ,
3025 1566 3145 1605 cum
3186 1551 3286 1619 ipsi
3326 1550 3392 1604 de
3423 1551 3752 1619 providentia
3779 1561 3832 1606 et
3860 1567 4104 1606 resurre-

2526 1639 2704 1695 ctione
2732 1641 3078 1704 meditemur,
3111 1651 3219 1696 tum
3250 1649 3475 1696 exteros
3498 1641 3784 1696 doceamus
3804 1683 3818 1705 ,
3857 1652 3912 1696 et
3949 1657 4106 1695 omne

2527 1729 2758 1782 studium
2789 1733 2839 1784 in
2869 1731 2918 1785 id
2947 1732 3300 1795 conferamus,
3329 1742 3385 1786 ut
3414 1732 3498 1796 iis,
3526 1733 3614 1798 qui
3643 1731 3898 1786 adversus
3924 1733 4105 1786 Domi-

2531 1833 2657 1870 num
2687 1819 2975 1885 insaniunt,
3006 1837 3067 1875 os
3092 1821 3449 1886 occludamus,
3478 1835 3705 1889 eumque
3733 1835 3828 1874 nos
3855 1821 3908 1873 in
3939 1820 4109 1872 omni-

2528 1908 2626 1962 bus
2649 1910 3024 1978 glorilieemus.
3069 1913 3159 1967 Sic
3196 1914 3337 1967 enim
3383 1913 3638 1982 majorem
3677 1913 3792 1981 ejus
3820 1927 4004 1966 curam
4047 1928 4110 1964 ac

2530 2004 2880 2070 patrocinium
2909 2007 3352 2072 promerebimur,
3374 2016 3425 2060 et
3450 2007 3670 2059 multum
3695 2005 3947 2058 auxilium
3975 2003 4108 2055 Obll-

2529 2093 2791 2159 nebimus,
2815 2103 2970 2164 atque
2992 2096 3061 2149 ita
3086 2112 3205 2149 vera
3231 2098 3430 2150 malitia
3460 2097 3820 2156 liberabimur,
3849 2105 3903 2148 et
3927 2093 4105 2146 futura

2532 2181 2669 2236 bona
2697 2197 3105 2252 consequemur,
3136 2187 3299 2254 gratia
3332 2194 3387 2240 et.
3429 2186 3750 2253 benignitate
3783 2183 3986 2237 Domini
4017 2198 4112 2234 no-

2530 2274 2627 2327 stri
2655 2273 2780 2328 Jesu
2804 2274 2996 2328 Christi
3019 2315 3034 2338 ,
3064 2291 3157 2342 per
3183 2291 3344 2343 quem
3369 2286 3424 2330 et
3448 2292 3568 2328 cum
3596 2290 3703 2343 quo
3735 2275 3873 2327 l‘atri
3899 2273 4066 2341 gloria
4095 2315 4111 2335 ,

2531 2379 2633 2416 una
2662 2378 2780 2416 cum
2807 2363 3002 2431 Spiritu
3023 2363 3401 2430 Sancto,nunc
3425 2373 3475 2417 et
3505 2378 3734 2431 semper,
3767 2373 3820 2416 et
3845 2364 3894 2416 in
3919 2363 4112 2415 secula

2531 2453 2869 2506 SJBCIIIOI'IIIII.
2903 2454 3094 2506 Amen.

2599 2563 2613 2592 ι
2651 2561 2806 2620 Colb.,
2830 2561 3049 2624 ipsarum
3065 2574 3228 2612 rerum
3245 2561 3613 2612 consensionem.

853 2762 936 2803 AD
979 2761 1088 2804 EOS
1131 2761 1237 2814 QUI
1307 2762 1671 2819 OBJICIUNT,
1719 2766 1840 2807 ουιι
1887 2766 1922 2807 Ε
1968 2766 2168 2810 MEDIO
2211 2767 2524 2811 SUBLATUS
2569 2769 2690 2812 NON
2727 2770 2824 2812 SIT
2866 2771 3169 2813 DIABOLUS
3201 2798 3216 2824 ,
3263 2772 3343 2812 ΕΤ
3384 2770 3553 2823 QUOD
3595 2772 3790 2814 HUIUS
3854 2774 4115 2820 MALlTiA

1460 2863 1637 2906 NIHIL
1680 2863 1792 2908 N08
1836 2865 2081 2919 ιεωτ,
2128 2866 2180 2908 Sl
2227 2867 2673 2922 ATTENDAMUS,
2720 2869 2801 2910 ΕΤ
2843 2869 2924 2910 DE
2955 2869 3201 2910 ΡΟΕΝΠἝ

1780 2865 1792 2908 5
1836 2865 2081 2919 manu,
2128 2866 2180 2908 ει
2227 2867 2673 2922 Αττεηωκυδ,
2720 2869 2801 2910 ΕΤ
2843 2869 2924 2910 nn
2955 2869 3362 2912 poemreuru
3414 2851 3521 2932 (α).

2107 3009 2382 3022 _——_—

1546 3317 1756 3358 llOlllLlA
1789 3314 1846 3354 Il.

921 3459 972 3510 ‘l.
999 3456 1133 3511 Laus
1159 3457 1396 3513 Flaviani
1427 3462 1664 3531 episcopi.
1691 3490 1758 3500 —
1781 3461 1924 3516 Isaac
1953 3462 2165 3532 quidem
2191 3478 2311 3518 cum
2341 3480 2429 3518 cx-

849 3557 1087 3616 optasset
1126 3549 1412 3617 aliquando
1454 3550 1733 3618 prandium
1781 3552 1870 3606 lilii
1914 3553 2160 3608 manibus
2192 3566 2429 3622 paratum

851 3635 1166 3700 comedere,
1195 3636 1360 3690 lilium
1399 3653 1464 3692 ex
1489 3639 1693 3693 aedibus
1731 3639 1796 3694 ad
1835 3643 2170 3698 venationem
2206 3645 2380 3698 emisit
2413 3664 2426 3699 ;

852 3727 939 3781 hic
966 3743 1091 3783 vero
1121 3739 1300 3783 noster
1345 3729 1488 3783 Isaac
1524 3745 1644 3784 cum
1682 3741 1986 3801 cxoptasset
2019 3735 2294 3803 prandium
2341 3751 2431 3789 su-

851 3832 998 3872 mere
1023 3817 1268 3873 manibus
1293 3820 1490 3873 nostris
1519 3828 1792 3888 paratum,
1833 3837 1937 3876 non
1980 3839 2046 3877 ex
2092 3825 2293 3878 mdibus
2337 3841 2432 3880 nos

851 3908 1060 3971 emisit,
1093 3909 1186 3964 sed
1217 3909 1330 3978 ipse
1375 3919 1610 3964 nostram
1651 3912 1716 3965 ad
1754 3927 1990 3967 mensam
2027 3917 2275 3970 accurrit.
2305 3917 2433 3982 Quis

853 3998 1108 4066 majorem
1139 4009 1415 4068 paternum
1456 4015 1692 4056 amorem
1731 4019 1978 4074 umquam
2004 4005 2287 4060 exhibuit?
2317 4008 2434 4074 quis

853 4089 1206 4144 humilitatem
1239 4091 1495 4160 majorem
1520 4108 1607 4156 eo,
1639 4095 1727 4162 qui
1755 4103 1859 4149 tam
1889 4096 2164 4152 ardentem
2190 4097 2436 4167 dignatus

853 4191 938 4234 est
963 4183 1242 4238 ostendere
1271 4185 1546 4238 caritatem
1569 4226 1584 4249 ,
1619 4195 1926 4254 tantumque
1957 4187 2124 4241 voluit
2151 4203 2209 4242 se
2237 4188 2434 4242 demit-

857 4273 1014 4327 tere?
1037 4272 1391 4339 Quamobrem
1435 4289 1535 4329 nos
1560 4276 1719 4328 etiam
1745 4316 1760 4338 ,
1791 4276 1882 4344 qui
1912 4287 1964 4330 et
1998 4278 2144 4332 vocis
2184 4278 2436 4332 intentio-

857 4377 976 4416 nem
1003 4372 1058 4418 et
1083 4365 1272 4432 pedum
1311 4364 1612 4420 ﬁrmitatem
1691 4369 1949 4422 matutina
1990 4372 2432 4426 sermocinatione

855 4454 1212 4523 depressimns
1237 4497 1250 4515 .
1285 4457 1485 4524 paterni
1518 4457 1692 4512 vultus
1733 4468 1948 4526 aspectu
1979 4463 2199 4515 recreati
2224 4504 2237 4526 ,
2264 4463 2434 4516 conti-

857 4562 964 4601 nuo
989 4549 1308 4604 infirmitatis
1333 4549 1483 4604 obliti
1512 4565 1696 4605 sumus
1720 4591 1734 4614 ,
1765 4561 2030 4619 torporem
2057 4554 2388 4606 excussimus
2417 4596 2432 4617 ,

859 4639 1125 4707 voluptate
1153 4642 1406 4693 commoti
1437 4655 1622 4694 sumus
1647 4650 1700 4696 et
1727 4643 1908 4706 erecti,
1935 4641 2268 4710 splendidam
2297 4643 2430 4696 vidi-

859 4745 978 4786 mus
1023 4733 1269 4785 canitiem
1300 4772 1315 4795 ,
1367 4741 1422 4786 et
1463 4733 1640 4786 anima
1691 4742 1869 4786 nostra
1923 4733 2039 4787 lucc
2088 4734 2288 4802 repleta
2331 4743 2432 4788 est.

859 4823 1144 4890 Propterea
1181 4839 1389 4892 quoque
1429 4834 1671 4893 prompto
1701 4835 1752 4878 et
1779 4825 1938 4879 alacri
1982 4826 2160 4878 animo
2199 4841 2436 4878 mensam

859 4915 1203 4982 apponimus,
1234 4928 1291 4968 ut
1322 4932 1449 4980 nos,
1480 4932 1601 4970 cutn
1637 4917 1962 4980 comederit,
1994 4917 2292 4971 benedicat.
2323 4915 2437 4969 Non

861 5005 947 5059 hic
973 5003 1163 5058 furtum
1194 5017 1269 5059 est
1300 5016 1349 5058 et
1390 5007 1574 5071 dolus,
1614 5018 1666 5060 ut
1705 5009 1812 5061 illic
1847 5017 1956 5061 tum
1993 5007 2089 5061 fuit
2119 5025 2130 5059 :
2159 5007 2294 5060 alius
2317 5010 2437 5076 qui-

859 5096 980 5150 dem
1009 5097 1200 5150 afl'erre
1226 5097 1403 5161 jussus
1426 5107 1524 5160 est,
1556 5099 1688 5152 alius
1715 5114 1842 5152 vero
1873 5100 2048 5152 attulit
2075 5117 2089 5162 ;
2120 5099 2212 5153 sed
2240 5115 2337 5168 ego
2364 5097 2439 5150 af-

862 5189 998 5241 ferre
1024 5187 1206 5256 jussus
1243 5203 1356 5241 sum
1383 5231 1398 5254 ,
1439 5204 1541 5260 ego
1571 5205 1780 5260 quoque
1810 5191 1978 5244 attuli.
2013 5192 2090 5244 'fn
2118 5208 2241 5245 vero
2271 5193 2436 5247 bene-

859 5281 1090 5334 dictione
1120 5281 1379 5349 Spiritnali
1422 5282 1645 5337 benedic
1683 5283 1869 5349 nobis,
1901 5294 2066 5351 pater.
2098 5293 2151 5338 et
2192 5300 2252 5338 ea
2281 5301 2436 5354 quam

862 5371 1104 5440 accipere
1129 5381 1373 5440 optamus
1395 5389 1601 5438 omnes,
1633 5389 1855 5442 qtttequc
1886 5389 1989 5427 non
2019 5373 2174 5427 modo
2205 5375 2316 5440 tibi,
2345 5373 2436 5428 sed

863 5472 916 5515 ct
942 5463 1068 5517 inihi
1095 5473 1148 5518 et
1173 5465 1417 5518 omnibus
1444 5465 1526 5518 his
1554 5467 1623 5519 sit
1645 5466 1784 5520 utilis
1807 5485 1818 5518 :
1845 5481 2181 5520 communem
2203 5469 2437 5519 omnium

866 5564 1104 5609 nostrum
1137 5556 1416 5610 Dominum
1439 5572 1657 5625 precare
1685 5598 1700 5622 ,
1733 5567 1790 5611 nt
1831 5559 1988 5611 vitam
2033 5569 2176 5612 tuam
2215 5557 2279 5612 ad
2313 5573 2436 5618 pro-

861 5638 1024 5697 lixam
1055 5642 1199 5697 Isaac
1226 5655 1550 5700 senectutem
1584 5647 1841 5715 producat
1873 5665 1886 5700 :
1922 5648 2022 5702 hoc
2050 5649 2191 5703 enim
2222 5661 2273 5702 et
2308 5653 2436 5706 mihi

930 5741 1002 5803 (α)
1034 5745 1207 5797 collata
1229 5761 1337 5799 cum
1358 5735 1528 5800 Codice
1561 5752 1705 5809 Regio
1731 5749 1868 5806 teat.
1895 5758 1945 5801 ct
1963 5749 2094 5799 Coll).
2117 5749 2235 5800 l050

2383 2996 2564 3037 —-€9

2573 3012 2880 3030 ιη’-ῃ

2534 3201 2587 3244 ot
2631 3189 2749 3245 istis
2784 3204 2904 3244 rore
2954 3192 3069 3246 cadi
3112 3206 3173 3246 ac
3228 3191 3543 3263 pinguedine
3575 3203 3730 3246 terra:
3784 3193 3947 3245 multo
3992 3207 4110 3258 pro-

2537 3278 2724 3331 tiosius
2747 3288 2905 3334 estet
2929 3279 3268 3336 fructuosius.

2612 3363 2891 3418 Ilomiliam
2939 3370 3294 3436 pra'cedculem
3336 3380 3708 3422 commemorat.
3769 3399 3839 3409 -—
3893 3371 4110 3424 Verum-

2535 3457 2808 3511 enimvero
2832 3457 2942 3526 jam
2975 3467 3181 3527 tempus
3219 3469 3336 3522 est,
3367 3469 3424 3513 ut
3463 3475 3698 3514 mensam
3739 3475 4108 3529 apponamus:

2533 3560 2652 3614 qua:
2696 3561 2854 3614 porro
2898 3547 2982 3601 illa
3011 3549 3135 3601 est?
3163 3548 3418 3616 Reliquiae
3461 3549 3707 3602 nimirum
3739 3564 3923 3603 eorum
3948 3591 3964 3614 ,
3997 3567 4112 3620 qua:

2535 3651 2706 3704 nuper
2724 3637 2930 3690 caritati
2964 3648 3152 3691 vestne
3177 3638 3316 3691 dicta
3342 3647 3466 3691 sunt
3491 3657 3502 3690 :
3532 3638 3702 3692 adhuc
3728 3640 3892 3704 enim,
3916 3641 4112 3705 adhuc,

2533 3726 2785 3796 inquam,
2817 3726 2885 3781 de
2910 3726 3124 3780 diabolo
3149 3742 3448 3782 sermonem
3478 3728 3732 3783 habemus
3751 3769 3767 3793 ,
3801 3746 3958 3798 quem
3989 3741 4112 3786 ante

2532 3817 2666 3870 dnns
2695 3817 2794 3870 hos
2821 3818 2938 3871 dies
2967 3817 3289 3872 instituimus
3307 3859 3322 3881 ,
3351 3835 3510 3888 quem
3536 3829 3590 3873 et
3616 3835 3771 3874 mane
3799 3820 3866 3873 ad
3893 3835 3988 3874 eos
4016 3821 4112 3874 ha-

2535 3906 2744 3960 buimus
2765 3947 2779 3970 ,
2808 3907 2898 3976 qui
2919 3909 3183 3978 mysteriis
3205 3909 3496 3972 initiantur,
3527 3924 3648 3962 cutn
3671 3908 3742 3964 de
3767 3909 4112 3964 abrenuntia-

2536 3997 2679 4051 tione
2725 3996 2897 4066 deque
2938 3998 3308 4066 aggregatione
3352 3999 3490 4065 apud
3538 3999 3667 4051 istos
3709 3998 4108 4069 dissereremus.

2538 4088 2647 4141 Iloe
2674 4097 2850 4141 autem
2881 4089 3104 4156 agimus,
3133 4103 3236 4141 non
3266 4089 3407 4157 quod
3433 4089 3661 4143 delectet
3686 4103 3783 4142 nos
3812 4088 3880 4142 de
3903 4090 4114 4144 diabolo

2537 4176 2695 4230 verba
2723 4176 2896 4230 facere
2920 4217 2934 4239 ,
2964 4177 3056 4231 sed
3084 4177 3225 4246 quod
3255 4186 3363 4231 tuta
3405 4179 3474 4230 sit
3509 4178 3660 4232 vobis
3685 4194 3803 4246 qua:
3827 4177 3893 4232 de
3921 4193 3987 4233 eo
4015 4179 4112 4232 doc

2536 4268 2705 4322 ctrina
2737 4266 3025 4336 profertur.
3057 4267 3149 4321 Est
3173 4269 3314 4322 enim
3346 4269 3587 4322 inimicus
3617 4278 3670 4322 et
3697 4269 3863 4322 hostis
3890 4280 4108 4322 noster:

2537 4359 2662 4413 illud
2695 4373 2856 4427 porro
2896 4358 3230 4412 securitatem
3267 4373 3508 4426 magnam
3542 4359 3676 4427 parit
3702 4399 3716 4418 ,
3749 4359 3792 4410 si
3833 4358 3984 4410 nobis
4031 4372 4115 4410 res

2537 4452 2868 4506 inimicorum
2902 4451 3052 4519 plane
3078 4450 3184 4502 sint
3213 4459 3370 4503 notae.
3404 4450 3642 4504 Diximus
3672 4465 3839 4517 nuper
3866 4464 3991 4504 eum
4021 4465 4111 4516 per

2538 4543 2842 4596 violentiam
2869 4557 2972 4594 non
2997 4542 3226 4604 vincere,
3249 4555 3418 4608 neque
3443 4555 3536 4608 per
3562 4539 3912 4609 tyrannidem,
3939 4555 4112 4607 neque

2537 4633 2908 4688 necessitatem
2931 4629 3196 4684 alierendo
3215 4671 3229 4693 ,
3252 4646 3348 4684 nec
3377 4630 3612 4700 cogendo
3641 4647 3654 4682 :
3688 4630 3934 4697 quoniam
3966 4630 4012 4682 si
4045 4631 4112 4684 ita

2537 4733 2713 4789 esset,
2743 4737 2930 4776 omnes
2956 4722 3132 4789 utique
3162 4721 3406 4790 perderet
3437 4740 3450 4775 ε
3483 4720 3741 4789 lmjusque
3779 4720 3854 4772 rei
3895 4721 4112 4786 protuli-

2539 4831 2658 4870 mus
2684 4823 3046 4883 argumentum
3080 4828 3269 4882 porcos
3288 4854 3302 4876 ,
3336 4814 3385 4867 in
3412 4828 3544 4882 quos
3574 4809 3700 4864 nihil
3731 4824 3888 4878 agere
3912 4810 4111 4864 demo-

2542 4924 2636 4963 nes
2663 4917 2965 4977 potuerunt,
2995 4917 3274 4976 antequam
3306 4922 3332 4958 a
3368 4905 3588 4959 Domino
3627 4902 3941 4969 permissum
3973 4912 4116 4957 esset

2541 4998 2750 5067 (Matth.
2775 4997 2826 5052 8.
2845 4996 2935 5050 5i.
2987 4998 3180 5066 seqq.);
3210 5005 3445 5049 armenta
3469 4993 3588 5054 Job,
3613 5001 3666 5044 et
3689 5006 3875 5061 greges
3901 5011 3914 5056 ;
3944 5009 4116 5062 neque

2539 5092 2679 5146 enim
2705 5091 2816 5142 haec
2843 5089 3081 5144 diabolus
3105 5104 3264 5142 ausus
3285 5094 3365 5140 est
3391 5083 3633 5154 perdere,
3657 5098 3928 5152 quousque
3953 5084 4114 5138 desu-

2539 5201 2634 5254 per
2666 5191 2976 5252 potestatem
3005 5183 3227 5250 accepit.
3261 5179 3436 5233 Unum
3465 5177 3625 5246 igitur
3654 5176 3752 5229 hoc
3783 5176 4010 5243 primum
4040 5177 4116 5227 di-

2539 5277 2781 5341 dicimus,
2813 5292 2934 5330 eum
2963 5292 3058 5344 per
3085 5274 3190 5326 vim
3219 5280 3309 5323 aut
3336 5269 3702 5322 necessitatem
3732 5282 3834 5320 non
3863 5268 4075 5317 vincere
4102 5283 4112 5316 :

2540 5368 2827 5422 secundum
2854 5380 2969 5436 post
2994 5366 3116 5419 illud
3140 5360 3458 5422 addidimus,
3484 5357 3621 5427 qttod
3651 5358 3889 5425 quamvis
3920 5355 4114 5408 fraudi-

2540 5462 2636 5516 bus
2667 5460 2871 5524 vincat,
2912 5476 3016 5514 non
3046 5469 3220 5511 tamen
3252 5454 3330 5508 sic
3357 5451 3558 5506 cunt-tis
3586 5450 3825 5519 superior
3881 5449 4062 5503 evadit
4096 5466 4109 5511 ;

2539 5565 2592 5608 et
2618 5568 2800 5607 rursus
2823 5552 3075 5606 athletam
3105 5551 3276 5616 ipsum
3307 5545 3356 5598 in
3386 5543 3612 5597 medium
3641 5542 3951 5611 protulimus
3975 5538 4074 5589 Joh
4099 5575 4112 5598 ,

2539 5646 2622 5700 cui
2652 5647 2773 5699 licet
2799 5644 2944 5697 mille
2972 5639 3240 5694 machinas
3268 5634 3559 5690 admoverit
3584 5677 3599 5700 ,
3635 5651 3739 5689 non
3777 5645 3894 5684 eum
3937 5637 4114 5678 tamen

2540 5737 2637 5792 hac
2667 5736 2868 5792 ratione
2913 5729 3219 5799 superavit,
3263 5726 3354 5781 sed
3395 5736 3446 5784 et
3489 5728 3657 5782 victus
3695 5718 3964 5776 abscessit.
3993 5715 4107 5769 l‘na
