4408 6684
859 411 966 468 259

859 527 926 598 δὴ
969 525 1160 590 τοῦτο;
1198 521 1320 580 Ὀτι
1373 525 1421 580 εἰ
1463 527 1558 580 καὶ
1607 527 1684 600 μὴ
1735 529 1846 602 βίᾳ,
1882 531 2034 600 φησί,
2079 535 2292 604 κρατεῖ,
2327 534 2442 590 ἀλλ’

859 623 1048 694 ἀπάτῃ
1068 637 1080 650 ·
1115 621 1209 674 καὶ
1239 619 1327 672 διά
1350 617 1507 672 τοῦτο
1537 618 1743 689 βέλτιον
1769 615 1837 691 ἦν
1867 621 2030 674 αὑτὸν
2059 621 2443 696 ἀφανισθῆναι.

861 719 924 772 Εἰ
949 720 1058 788 γάρ
1090 717 1182 770 καὶ
1210 715 1560 786 περιεγένετο
1585 718 1614 771 6
1643 715 1780 778 Ἰὼϐ.
1805 716 1920 770 ἀλλ’
1943 719 2198 790 ἠπατήθη
2217 723 2248 774 6
2275 721 2448 792 ’Δδάμ

861 810 957 864 καὶ
991 807 1352 878 ὑπεσκελίσθη
1380 823 1394 837 ⁸
1427 807 1557 860 εἰδὲ
1592 807 1832 878 ἀνῃρέθη
1863 809 1928 862 ἐκ
1963 809 2132 879 μέσου
2165 809 2442 878 καθάπαξ,

859 900 981 952 οὐδὲ
1018 901 1047 951 6
1083 897 1254 967 ’Δδάμ
1283 897 1348 950 ἂν
1383 897 1750 964 ὑπεσκελίσθη
1799 900 1930 952 ποτέ
1953 917 1968 930 ·
2019 900 2116 954 νῦν
2163 901 2220 953 δέ
2267 903 2446 971 μένων

859 992 1086 1060 ἡττᾶται
1137 990 1238 1060 μὲν
1285 990 1376 1058 ὑφ’
1405 991 1543 1054 ἐνὸς,
1581 991 1920 1062 περιγίνεται
1948 993 2006 1046 δὲ
2036 993 2245 1046 πολλῶν
2266 1010 2280 1026 ·
2312 993 2447 1048 δέκα

859 1076 1026 1129 αὑτοῦ
1054 1077 1366 1148 κρατοῦσιν,
1391 1077 1526 1131 ἀλλά
1555 1079 1766 1149 μυρίων
1797 1081 1961 1144 αύτδς
1981 1084 2174 1150 κρατεῖ
2193 1083 2286 1134 καὶ
2315 1101 2444 1136 κατ-

859 1163 1184 1232 αγωνίζεται
1206 1183 1218 1197 ·
1263 1170 1310 1219 εἰ
1339 1166 1396 1220 δέ
1446 1167 1656 1221 ἀνεῖλεν
1686 1170 1850 1222 αὐτὸν
1881 1171 1946 1222 ἐκ
1981 1168 2076 1222 τοῦ
2113 1171 2298 1235 μέσου,
2346 1174 2446 1226 οὑκ

857 1255 926 1308 ἂν
956 1257 1074 1309 οὐδὲ
1104 1257 1153 1308 οί
1183 1256 1366 1328 μύριοι
1399 1257 1699 1315 ἀπώλοντο.
1731 1241 1795 1310 Τί
1825 1255 1918 1312 οῦν
1946 1260 2082 1330 πρὸς
2109 1261 2268 1314 τοῦτο
2293 1263 2448 1334 ἐροῦ-

863 1363 996 1416 μεν;
1027 1348 1149 1402 Ὅτι
1185 1348 1420 1418 μάλιστα
1469 1351 1567 1422 μὲν
1611 1350 1745 1404 πολὺ
1779 1349 2096 1422 τιμιώτεροι
2126 1351 2236 1406 τῶν
2275 1355 2448 1424 ἡττω-

863 1437 1042 1506 μένων
1067 1439 1118 1490 οἰ
1147 1439 1504 1508 κρατοῦντες,
1535 1439 1637 1494 κᾶν
1666 1442 1715 1494 οἰ
1749 1443 1847 1512 μὲν
1876 1442 2116 1506 πλείους,
2140 1447 2190 1498 οί
2211 1447 2268 1500 δὲ
2291 1447 2446 1502 ἐλάτ-

859 1547 985 1591 τους
1019 1524 1140 1584 ὦσι.
1171 1533 1484 1600 Κρείσσων
1513 1531 1620 1601 γὰρ
1647 1527 1754 1599 εἷς,
1801 1535 1955 1605 φησί,
1983 1535 2170 1589 ποιῶν
2218 1539 2446 1608 θέλημα

861 1623 1032 1686 Θεοῦ,
1067 1623 1106 1690 ἢ
1128 1623 1330 1690 μύριοι
1353 1623 1704 1695 παράνομοι.
1737 1627 1999 1699 Δεύτερον
2027 1629 2084 1682 δὲ
2107 1631 2191 1684 ὅτι
2223 1633 2442 1701 ἀναιρε-

857 1716 1042 1778 θέντος
1071 1714 1164 1768 τοῦ
1193 1715 1624 1783 ἀνταγωνιστοῦ,
1651 1717 1814 1782 αὐτὸς
1837 1721 1866 1771 6
1893 1719 2112 1788 κρατῶν
2141 1722 2246 1790 ἐπη
2259 1722 2444 1792 ρεάζε-

853 1821 946 1859 ται
975 1807 1043 1860 δι’
1079 1809 1415 1862 ἐκείνου.Ἃν
1447 1809 1546 1878 μὲν
1571 1808 1681 1879 γάρ
1716 1811 1862 1880 ἀφῇς
1893 1811 2076 1880 μένειν
2099 1811 2191 1864 τὸν
2216 1813 2444 1865 ἀντίπα-

856 1892 968 1960 λον,
999 1899 1048 1950 οἱ
1101 1897 1459 1967 ῥᾳθυμότερον.
1507 1899 1628 1968 ούχὶ
1673 1897 1762 1952 διά
1795 1899 1924 1962 τοὺς
1969 1901 2441 1972 σπουδαιοτέρους,

856 1985 992 2039 ἀλλά
1019 1985 1109 2040 διὰ
1139 1987 1238 2058 τὴν
1271 1987 1480 2040 ἑαυτῶν
1513 1987 1784 2058 ῥᾳθυμίαν
1812 1989 2214 2060 ἐπηρεάζονται
2239 2007 2254 2024 ·
2291 1991 2357 2044 ἂν
2387 1991 2444 2044 δὲ

858 2078 1053 2149 ἀνέλῃς
1081 2077 1232 2150 [262]
1257 2079 1350 2132 τὸν
1377 2079 1806 2149 ἀνταγωνιστὴν,
1835 2081 1884 2134 οἰ
1922 2081 2332 2154 σπουδαιότεροι
2354 2081 2442 2134 διά

855 2172 981 2233 τοὺς
1005 2169 1283 2241 ῥᾳθύμους
1300 2183 1324 2211 ι
1351 2171 1844 2242 ἐπεϐουλεύθησαν,
1869 2176 1964 2226 καὶ
1987 2174 2084 2245 τὴν
2114 2177 2320 2228 οἰκείαν
2343 2176 2442 2227 οὐκ

857 2263 1200 2329 ἐπεδείξαντο
1223 2263 1476 2334 δύναμιν,
1516 2265 1636 2316 οὐδὲ
1662 2265 1771 2318 τῶν
1807 2267 2086 2334 στεφάνων
2120 2267 2402 2336 ἐπέτυχον.

927 2441 992 2510 β’.
1018 2441 1170 2512 Τάχα
1189 2441 1402 2494 ούδέπω
1419 2443 1689 2513 συνήκατε
1705 2442 1767 2495 τὸ
1783 2442 1990 2512 λεχθέν·
2011 2443 2208 2500 οὐκοῦν
2225 2445 2440 2517 ἀνάγκη

859 2533 1190 2606 σαφέστερον
1219 2534 1352 2587 αὐτὸ
1383 2533 1546 2587 πάλιν
1591 2536 1786 2586 εἰπεῖν·
1807 2535 1988 2588 Ἔστω
2031 2537 2444 2608 ἀνταγωνιστὴς

855 2621 964 2688 εἷς·
1017 2625 1260 2679 ἔστωσαν
1303 2625 1360 2678 δὲ
1407 2625 1498 2680 καὶ
1537 2625 1773 2696 ἀθληταὶ
1803 2625 1896 2680 δύο
1929 2628 2065 2697 1:96;
2096 2629 2300 2682 ἐκεῖνον
2335 2647 2442 2684 πα-

855 2715 1029 2770 λαίειν
1058 2715 1366 2786 μέλλοντες,
1395 2717 1490 2770 καὶ
1515 2716 1721 2769 τούτων
1749 2718 1858 2770 τῶν
1887 2717 1980 2771 δύο
2009 2719 2256 2789 ἀθλητῶν
2285 2722 2312 2772 6
2343 2721 2441 2790 μὲν

856 2807 962 2858 ὑπὸ
991 2805 1435 2876 γαστριμαργίας
1468 2804 1608 2858 ἔστω
1627 2805 2042 2876 διεφθαρμένος,
2073 2809 2436 2879 ἡμελημένος,

855 2896 1305 2968 ἐξησθενημένος,
1335 2895 1839 2967 ἐκνενευρισμένος,
1875 2897 2061 2970 ἔτερος
2103 2899 2163 2952 δὲ
2209 2901 2442 2955 σπουδά-

855 2993 985 3057 ζων,
1019 2991 1281 3056 εὖεκτῶν,
1311 2993 1368 3044 ἐν
1397 2990 1709 3062 παλαίστρᾳ
1753 2991 2067 3063 διατρίϐων,
2116 2995 2175 3045 ἐν
2225 3011 2441 3064 γυμνα-

857 3083 995 3146 σίοις
1018 3081 1254 3142 πολλοῖς,
1278 3082 1460 3134 πᾶσαν
1484 3080 1582 3151 τὴν
1604 3082 1837 3152 ἄσκησιν
1869 3081 1966 3152 τὴν
1997 3083 2125 3154 περὶ
2152 3083 2251 3154 τὴν
2271 3084 2441 3155 ἄθλη-

857 3191 940 3226 σιν
970 3173 1412 3242 ἐπιδεικνύμενος
1431 3189 1446 3204 ·
1478 3171 1544 3226 ἂν
1577 3173 1756 3225 τοίνυν
1787 3173 1983 3246 ἀνέλῃς
2013 3174 2106 3226 τὸν
2136 3176 2440 3244 ἀνταγωνι-

857 3265 1010 3336 στὴν,
1045 3263 1146 3318 τίνι
1191 3264 1507 3336 ἐπηρέασας
1545 3263 1786 3328 τούτων;
1823 3261 1932 3336 ἆρα
1957 3265 2038 3336 τῷ
2069 3267 2300 3338 ῥᾳθύμῳ
2347 3269 2441 3320 καὶ

855 3353 1066 3424 ἀμελεῖ,
1119 3354 1152 3424 ἢ
1211 3353 1286 3424 τῷ
1341 3354 1614 3425 σπουδαίῳ
1663 3353 1742 3425 τῷ
1796 3355 2034 3410 τοσαῦτα
2065 3357 2438 3427 πεπονηκότι;

855 3447 1090 3518 Εὔδηλον
1117 3447 1199 3499 ὅτι
1243 3445 1322 3517 τῷ
1370 3447 1646 3516 σπουδαίῳ
1664 3463 1677 3476 ·
1709 3447 1738 3498 6
1775 3447 1875 3516 μὲν
1903 3445 2011 3517 γὰρ
2035 3447 2124 3500 διὰ
2151 3449 2242 3502 τὸν
2273 3449 2440 3520 ῥᾴθυ-

858 3555 957 3608 μον
989 3537 1246 3608 ὴδίκηται
1295 3537 1676 3606 ἀναιρεθέντος
1721 3537 1816 3590 τοῦ
1858 3538 2262 3606 ἀνταγωνιστοῦ
2284 3559 2298 3570 ·
2328 3541 2358 3592 6
2387 3540 2443 3594 δὲ

857 3631 1102 3701 ῥᾴθυμος
1135 3629 1388 3700 μένοντος
1425 3629 1618 3682 τούτου
1647 3631 1749 3683 οὐκ
1777 3629 1858 3683 ἐτι
1891 3631 1977 3685 διὰ
2010 3631 2102 3684 τὸν
2153 3633 2441 3686 σπουδαῖον

855 3721 1192 3794 ἐπηρέασται
1211 3738 1224 3754 ·
1265 3721 1375 3774 61:6
1414 3721 1524 3792 γάρ
1556 3722 1654 3792 τῆς
1678 3722 1884 3787 οἰκείας
1907 3722 2182 3795 ῥᾳθυμίας
2206 3725 2441 3778 κατέπε-

856 3829 967 3867 σεν.

923 3905 1078 3958 Εἴπω
1103 3905 1198 3958 καὶ
1229 3905 1424 3974 ἐτέραν
1451 3903 1605 3957 λύσιν
1641 3903 1735 3956 τοῦ
1767 3903 2082 3973 ζητήματος
2112 3904 2328 3968 τούτου,
2355 3903 2441 3956 ἵνα

858 3997 1058 4068 μάθῃς,
1088 3999 1170 4050 ὅτι
1198 3998 1296 4067 οὐχ
1335 3999 1364 4050 6
1397 3995 1643 4059 διάϐολος
1681 3994 2002 4066 ἐπηρεάζει,
2039 3995 2153 4048 ἀλλ’
2190 3997 2223 4066 η
2267 3996 2444 4048 οἰκεία

857 4089 1098 4162 ῥᾳθυμία
1128 4089 1406 4160 πανταχοῦ
1435 4089 1778 4152 ὑποσκελίζει
1797 4088 1924 4151 τοὺς
1949 4088 2025 4159 μὴ
2049 4087 2438 4158 προσέχοντας.

867 4181 1136 4249 Ἀφείσθω
1155 4183 1183 4236 6
1203 4180 1447 4244 διάϐολος
1469 4183 1497 4233 6
1519 4181 1727 4252 σφόδρα
1755 4181 1992 4252 πονηρὸς
2013 4181 2072 4233 ού
2097 4179 2278 4250 φύσει,
2307 4179 2443 4234 ἀλλά

855 4273 1174 4345 προαιρέσει
1211 4274 1304 4326 καὶ
1332 4271 1527 4343 γνώμῃ
1551 4289 1564 4302 ·
1613 4273 1696 4326 ὅτι
1725 4272 1832 4343 γάρ
1861 4273 1962 4326 οὐκ
1993 4271 2108 4326 ἔστι
2139 4271 2298 4341 φύσει
2339 4289 2440 4326 πο-

854 4383 918 4436 νη
929 4367 1018 4433 96;
1046 4367 1076 4418 6
1099 4365 1364 4428 διάϐολος,
1397 4365 1488 4417 ἀπ’
1507 4364 1686 4417 αὐτῶν
1705 4365 1814 4418 τῶν
1841 4364 2125 4434 ὀνομάτων
2164 4365 2401 4434 μάνθανε
2424 4381 2437 4394 ι

855 4459 1100 4520 διάϐολος
1145 4458 1255 4528 γὰρ
1301 4457 1411 4509 ἀπὸ
1451 4456 1546 4508 τοῦ
1588 4456 1896 4510 διαϐάλλειν
1939 4460 2185 4528 εἶρηται”
2223 4457 2438 4511 διέϐαλε

855 4553 964 4624 γὰρ
989 4552 1082 4604 τὸν
1110 4551 1396 4622 ἄνθρωπον
1427 4549 1564 4620 πρὸς
1585 4551 1678 4601 τὸν
1707 4549 1840 4602 Θεόν
1860 4565 1874 4580 ·
1907 4550 2054 4615 Οὐχὶ
2085 4550 2316 4618 δωρεὰν
2341 4550 2442 4603 σέ-

856 4645 1016 4698 σεται
1046 4661 1120 4698 σε
1149 4643 1284 4704 Ἰὼϐ,
1315 4641 1515 4708 λέγων’
1544 4641 1683 4694 ἀλλ’
1717 4641 2092 4694 ἀπόστειλον
2122 4641 2238 4708 τὴν
2271 4641 2442 4710 χεῖρά

855 4753 991 4802 σου,
1019 4737 1114 4790 καὶ
1153 4735 1300 4804 ἅψαι
1333 4729 1422 4788 ὧν
1453 4735 1576 4802 ἕχει
1599 4751 1612 4763 ·
1643 4735 1694 4786 εί
1732 4732 1821 4802 μὴ
1868 4735 1956 4800 είς
1999 4734 2326 4802 πρόσωπόν
2367 4748 2439 4787 σε

848 4827 1314 4896 βλασφημήσῃ.
1375 4825 1597 4878 Διέϐαλε
1657 4825 1819 4878 πάλιν
1873 4826 1964 4879 τὸν
1995 4826 2128 4879 Θεὸν
2180 4826 2317 4895 πρὸς
2351 4825 2441 4878 τὸν

854 4921 1170 4992 ἄνθρωπον·
1225 4920 1349 4987 Πῦρ
1393 4921 1616 4974 ἔπεσεν
1659 4921 1726 4974 ἐκ
1763 4921 1870 4974 τοῦ
1919 4919 2200 4987 οὐρανοῦ,
2243 4919 2436 4988 λέγων,

855 5015 952 5068 καὶ
996 5014 1324 5083 κατέφλεγε
1365 5014 1434 5066 τὰ
1480 5017 1774 5082 πρόϐατα·
1807 5014 2108 5078 ἐσπούδαζε
2136 5013 2244 5086 γάρ
2273 5013 2439 5068 αὐτὸν

857 5110 1060 5170 πεῖσαι,
1091 5109 1173 5162 ὅτι
1203 5107 1408 5162 ἄνωθεν
1443 5109 1508 5159 ἐκ
1541 5106 1649 5158 τῶν
1685 5107 1928 5178 οὐρανῶν
1955 5111 1982 5162 6
2015 5109 2250 5178 πόλεμος
2281 5104 2436 5174 οὗτος

853 5199 1234 5269 ἀνερῥιπίσθη,
1276 5199 1372 5252 καὶ
1407 5198 1734 5267 συνέκρουσε
1777 5198 1869 5250 τὸν
1916 5198 2132 5267 οἰκέτην
2177 5200 2316 5271 1:96;
2347 5201 2438 5254 τὸν

851 5292 1140 5361 δεσπότην,
1165 5292 1257 5344 καὶ
1287 5291 1378 5346 τὸν
1405 5291 1671 5362 δεσπότην
1698 5292 1834 5362 πρὸς
1859 5291 1950 5344 τὸν
1977 5291 2161 5344 δοῦλον
2183 5311 2196 5324 ·
2239 5293 2437 5362 μᾶλλον

852 5383 910 5436 δὲ
949 5384 1010 5436 οὐ
1048 5384 1425 5454 συνέκρουσεν,
1455 5385 1570 5438 ἀλλ’
1602 5383 1927 5456 ἐπεχείρησε
1969 5385 2088 5454 μὲν,
2116 5386 2216 5437 οὐκ
2247 5386 2436 5455 ἴσχυσε

851 5477 932 5540 δὲ,
961 5478 1026 5530 ἵν’
1050 5477 1180 5530 ὅταν
1221 5477 1335 5547 ἴδῃς
1368 5479 1554 5548 ἓτερον
1595 5479 2030 5551 συγκρουόμενον
2055 5478 2271 5548 οἰκέτην
2301 5479 2438 5548 πρὸς

851 5567 942 5621 τὸν
957 5569 1246 5638 δεσπότην,
1264 5568 1354 5621 τὸν
1383 5568 1552 5639 Ἀδὰμ
1573 5569 1708 5640 πρὸς
1725 5570 1814 5622 τὸν
1833 5570 1985 5635 Θεὸν,
2002 5571 2092 5624 καὶ
2113 5569 2437 5624 πιστεύοντα

853 5659 1016 5712 αὑτοῦ
1067 5663 1132 5730 τῇ
1184 5659 1426 5730 διαϐολῇ,
1458 5658 1636 5731 μάθῃς
1687 5659 1767 5712 ὅτι
1797 5662 1896 5713 ούκ
1940 5662 2046 5714 61:6
2080 5665 2178 5732 τῆς
2227 5662 2436 5724 οἰκείας

918 5851 939 5875 "
963 5849 1082 5911 Βθε.
1113 5853 1162 5897 et
1197 5849 1326 5899 (01h.
1355 5854 1457 5906 τοὺς
1477 5853 1828 5917 ῥξθτιμοτέρονς.

1591 412 1650 467 5.
1688 409 1974 470 JOANNIS
2011 413 2495 476 CHRYSOSTOMI
2534 419 2855 484 ARCHIEP.
2897 431 3444 494 CONSTANTI’NOP.

4019 447 4126 502 260

2547 537 2848 610 δυνάμεως,
2901 545 3018 599 ἀλλ’
3047 549 3158 604 61:6
3205 551 3306 622 τῆς
3349 552 3558 606 ἐκείνου
3607 553 3880 624 ῥᾳθυμίας
3919 578 3982 614 τε
4029 569 4124 617 καὶ

2549 630 2804 700 ἀμελείας
2835 634 2934 704 τὴν
2965 638 3118 707 ἰσχὺν
3147 641 3330 696 ἔλαϐε.
3363 642 3620 706 Διάϐολος
3647 645 3826 699 τοίνυν
3853 648 3942 702 διὰ
3967 654 4126 709 τοῦτο

2549 723 2758 795 εἴρηται
2784 741 2796 754 ·
2841 726 2904 780 τὸ
2929 727 3240 786 διαϐάλλειν
3265 735 3324 788 δὲ
3351 737 3445 791 καὶ
3479 735 3553 807 μὴ
3585 735 3894 790 διαϐάλλειν
3927 742 3990 792 ού
4021 745 4124 811 φύ-

2551 830 2633 878 σις
2663 815 2831 882 ἐστὶν,
2857 817 2995 870 ἀλλά
3029 824 3262 894 πρᾶγμα
3293 826 3614 896 γιγνόμενον
3647 828 3739 880 καὶ
3767 829 4128 902 ἀπογιγνόμε.

2549 927 2658 974 νον,
2689 910 2986 982 συμϐαῖνον
3027 917 3123 968 καὶ
3163 917 3600 990 ἀποσυμϐαῖνον·
3625 921 3694 973 τὰ
3725 919 3782 974 δέ
3807 921 4034 974 τοιαῦτα
4063 928 4123 978 οὐ

2549 1002 2763 1069 φύσεως
2795 1003 2980 1074 ἐπέχει
3029 1007 3182 1075 τάξιν
3207 1013 3332 1066 οὐδὲ
3363 1013 3573 1078 οὐσίας.
3603 1009 3736 1067 Οἶδα
3783 1015 3866 1067 ὃτι
3913 1017 4126 1083 πολλοῖς

2549 1093 2994 1166 δυσκατάληπτος
3031 1102 3060 1154 6
3105 1102 3262 1171 λόγος
3295 1097 3450 1169 οὗτος
3473 1109 3502 1160 6
3523 1108 3651 1178 περὶ
3675 1105 3770 1175 τῆς
3798 1107 3991 1171 οὐσίας
4035 1111 4127 1164 καὶ

2549 1185 2656 1238 τῶν
2709 1188 3164 1260 συμϐεϐηκότων·
3215 1197 3330 1249 ἀλλ’
3373 1197 3513 1250 εἰσὶν
3563 1199 3612 1250 οἰ
3659 1197 3758 1250 καὶ
3803 1197 4126 1272 λεπτότερον

2549 1276 2768 1330 ἀκούειν
2803 1279 3122 1354 δυνάμενοι·
3154 1287 3345 1360 διόπερ
3379 1289 3474 1342 καὶ
3505 1291 3667 1358 ἡμεῖς
3692 1289 3871 1344 ταῦτα
3901 1293 4126 1364 εἰρήκα-

2549 1386 2670 1439 μεν.
2691 1369 2956 1428 Βούλεσθε
2989 1377 3083 1430 καὶ
3111 1379 3196 1448 ἐφ’
3216 1380 3400 1450 ἓτερον
3425 1381 3597 1448 ὄνομα
3619 1381 3786 1446 ἐλοω;
3811 1384 3906 1437 καὶ
3931 1385 4126 1454 ὕφεσθε

2549 1457 2768 1512 κάκεῖνο
2809 1462 2872 1514 ού
2917 1464 3020 1534 τῆς
3063 1467 3253 1531 οὐσίας
3289 1469 3410 1522 οὐδὲ
3442 1469 3543 1539 τῆς
3579 1469 3792 1537 φύσεως
3823 1473 3998 1545 δνομα
4033 1476 4118 1530 δν-

2549 1551 2790 1620 Πονηρὸς
2821 1555 3090 1624 καλεῖται,
3117 1560 3152 1629 ὴ
3201 1560 3258 1612 δὲ
3306 1560 3536 1630 πονηρία
3581 1561 3644 1613 οὐ
3693 1563 3906 1630 φύσεώς
3957 1569 4124 1630 ἐστιν,

2549 1639 2680 1692 ἀλλά
2709 1647 3082 1716 προαιρέσεως
3099 1665 3114 1679 ·
3145 1651 3240 1703 κοιλ⁸
3263 1649 3372 1720 γάρ
3399 1651 3495 1703 καὶ
3521 1649 3660 1722 αὕτη
3693 1655 3822 1708 ποτέ
3855 1658 3954 1726 μὲν
3979 1660 4128 1728 ἐγγί-

2547 1749 2717 1797 νεται,
2753 1736 2884 1788 ποτὲ
2917 1737 2974 1790 δὲ
3008 1741 3350 1809 ἀπογίνεται.
3391 1743 3482 1813 Μὴ
3510 1741 3620 1814 γάρ
3645 1744 3710 1816 δὴ
3745 1746 3903 1800 τοῦτό
3939 1767 4026 1819 μοι
4053 1751 4128 1802 εἷ-

2548 1841 2676 1893 πης,
2705 1825 2786 1878 δτι
2835 1829 2924 1880 ἐπ’
2956 1832 3166 1886 ἐκείνου
3205 1833 3495 1896 διαπαντὸς
3527 1835 3710 1904 μένεν
3751 1840 3849 1892 καὶ
3881 1841 3992 1912 γάρ
4035 1843 4126 1896 καὶ

2548 1915 2634 1966 ἐπ’
2661 1916 2872 1972 ἐκείνου
2919 1921 3020 1975 οὐκ
3051 1923 3111 1987 ἐξ
3157 1925 3330 1996 ἀρχῆς
3359 1919 3448 1996 ἦν,
3485 1925 3623 1980 ἀλλά
3657 1928 3798 1998 μετά
3829 1930 4004 1984 ταῦτα
4030 1934 4126 1985 ἐπ-

2548 2006 2786 2074 εγένετο,
2818 2009 2897 2063 διὸ
2931 2014 3028 2066 καὶ
3068 2015 3378 2086 ἀποστάτης
3407 2015 3626 2085 λέγεται
3646 2035 3660 2049 ’
3709 2021 3886 2075 καίτοι
3919 2025 4126 2076 πολλῶν

2545 2097 2848 2169 ἀνθρώπων
2895 2103 3064 2158 δντων
3111 2106 3360 2178 πονηρῶν
3383 2147 3398 2169 ,
3443 2109 3604 2178 μόνος
3647 2113 3852 2176 ἐκεῖνος
3895 2115 4129 2184 πονηρὸς

2546 2191 2666 2240 κατ’
2697 2189 2890 2262 ἐξοχὴν
2925 2193 3080 2266 [265]
3125 2197 3364 2264 λέγεται.
3396 2197 3460 2248 Τί
3499 2199 3700 2268 δήποτε
3729 2195 3826 2254 οὖν
3857 2201 3998 2254 οὕτω
4028 2220 4129 2255 κα-

2543 2277 2748 2344 λεῖται;
2778 2281 2902 2334 Ὅτι
2929 2284 3081 2338 οὐδὲν
3113 2287 3242 2358 παρ’
3263 2287 3418 2358 ἡμῶν
3444 2288 3793 2358 ἠδικημένος.
3819 2291 3880 2343 οὐ
3913 2292 4129 2362 μικρὸν,

2543 2369 2606 2422 οὺ
2639 2371 2782 2440 μέγα
2813 2371 3066 2440 ἐγκαλεῖν
3095 2376 3257 2446 ἔχων,
3309 2377 3436 2432 ἰδὼν
3482 2379 3784 2449 τιμηθέντα
3813 2380 3904 2434 τὸν
3933 2381 4133 2452 ἀνθρω-

2545 2477 2668 2524 πον,
2702 2464 2906 2528 εὐθέως
2935 2467 3276 2540 ἐϐάσκηνενι)
3307 2469 3470 2523 αὐτοῦ
3501 2473 3618 2532 τοῖς
3645 2471 3887 2539 ἀγαθοῖς.
3916 2473 4132 2544 Ταύτης

2543 2547 2638 2605 οὖν
2686 2557 2786 2623 τῆς
2833 2559 3102 2628 πονηρίας
3134 2560 3188 2612 τί
3226 2561 3423 2628 γένοιτ’
3455 2561 3522 2614 ἂν
3567 2564 3768 2633 χεῖρον,
3805 2563 3918 2615 ἀλλ’
3949 2565 3980 2635 ἦ
4007 2566 4132 2618 ὅταν

2543 2643 2716 2714 ἐχθρά
2743 2648 2841 2699 καὶ
2871 2648 3104 2720 πολέμος
3202 2653 3471 2722 μηδεμίαν
3497 2651 3720 2722 εὔλογον
3755 2654 3934 2708 αἰτίαν
3957 2655 4127 2726 ἔχωνς

2557 2737 2827 2806 Ἀφείσθω
2859 2741 3036 2794 τοίνυν
3083 2746 3111 2796 6
3159 2744 3426 2811 διάϐολος,
3459 2747 3556 2800 καὶ
3605 2747 4016 2818 παραγάγωμεν
4051 2752 4130 2811 εἰς

2547 2829 2712 2899 μέσον
2741 2830 2838 2902 τὴν
2873 2833 3070 2895 κτίσιν,
3109 2835 3196 2887 ἵνα
3231 2835 3412 2909 μάθῃς
3434 2837 3515 2889 ὅτι
3541 2837 3642 2908 οὐχ
3672 2840 3700 2890 6
3730 2838 3976 2901 διάϐολος
4000 2841 4130 2910 ἡμῖν

2543 2919 2714 2983 αἴτιος
2750 2922 2861 2974 τῶν
2892 2923 3100 2988 κακῶν,
3133 2926 3232 2980 ἐάν
3273 2926 3520 2998 θέλωμεν
3549 2929 3839 2999 προσέχειν
3861 2946 3874 2959 ·
3909 2931 3996 2984 ἵνα
4029 2931 4130 3001 μά-

2543 3010 2664 3084 θῃς,
2699 3013 2782 3066 ὅτι
2827 3015 2856 3066 6
2903 3015 3136 3088 ἀσθενὴς
3166 3017 3265 3088 τὴν
3307 3019 3631 3090 προαίρεσιν
3661 3022 3756 3074 καὶ
3786 3022 4132 3092 ἡμελημένος

2543 3104 2636 3156 καὶ
2665 3105 2924 3177 ῥᾴθυμος,
2957 3109 3052 3161 καὶ
3083 3109 3332 3163 διαϐόλου
3359 3111 3461 3164 οὐκ
3495 3111 3650 3175 ὄντος
3676 3116 4008 3167 καταπίπτει
4040 3117 4132 3168 καὶ

2543 3199 2624 3261 εἰς
2653 3198 2904 3272 βάραθρα
2929 3201 3100 3254 πολλὰ
3133 3201 3332 3266 κακίας
3361 3203 3554 3256 ἐαυτὸν
3579 3203 3932 3258 καταϐάλλει.
3950 3205 4009 3257 '0
4027 3205 4134 3258 διά·

2545 3292 2702 3354 ϐολος
2753 3295 2988 3366 πονηρός
3021 3295 3169 3348 ἐστιν
3193 3311 3206 3324 ⁸
3254 3291 3374 3348 οἶδα
3425 3295 3604 3364 κάγὼ,
3639 3295 3735 3348 καὶ
3783 3295 4130 3366 ὡμολόγηται

2543 3382 2704 3436 τοῦτο
2729 3385 2880 3456 παρά
2910 3387 3096 3449 πᾶσιν,
3121 3385 3256 3439 ἀλλά
3289 3385 3430 3456 μετά
3449 3386 3734 3456 ἀκριϐείας
3759 3387 3998 3457 πρόσεχε
4023 3389 4130 3449 τοῖς

2550 3475 2800 3545 μέλλουσι
2832 3477 3162 3547 ῥηθήσεσθαι
3192 3475 3306 3532 νῦν.
3340 3477 3416 3532 Οὐ
3441 3477 3552 3548 γάρ
3584 3479 3654 3532 τά
3685 3477 3916 3549 τυχόντα
3963 3479 4127 3540 ἐστὶν,

2547 3567 2660 3622 ἀλλ’
2695 3569 2834 3640 ὑπὲρ
2857 3565 2932 3622 ὧν
2958 3569 3229 3640 πολλαχοῦ
3262 3570 3478 3632 πολλοῖς
3502 3569 3764 3632 πολλάκις
3789 3569 4030 3637 γίνονται
4055 3567 4126 3622 λό-

2541 3679 2649 3730 γοι,
2685 3663 2826 3732 ὑπὲρ
2860 3655 2934 3716 ὧν
2969 3663 3137 3733 πολλὴ
3175 3663 3322 3734 μάχη
3358 3665 3455 3717 καὶ
3487 3662 3724 3732 πόλεμος
3761 3661 3884 3731 οὐχὶ
3923 3663 4125 3723 πιστοῖς

2545 3753 2682 3823 πρὸς
2709 3755 2974 3817 ἀπίστους
2999 3753 3179 3824 μόνον,
3201 3753 3338 3808 ἀλλά
3366 3753 3461 3807 καὶ¹
3491 3755 3702 3814 πιστοῖς
3725 3752 3860 3822 πρὸς
3885 3753 4124 3815 πιστούς

2550 3843 2709 3897 τοῦτο
2735 3845 2846 3915 γάρ
2881 3845 2998 3897 ἐστι
3026 3845 3087 3898 τδ
3116 3843 3312 3915 ὀδύνης
3340 3844 3530 3915 γέμον.

2615 4021 2684 4088 γ’.
2739 4022 2800 4075 '0
2831 4021 2931 4092 μὲν
2961 4017 3055 4076 οῦν
3081 4022 3327 4086 διάϐολος
3351 4021 3721 4093 ὡμολόγηται.
3764 4021 3948 4084 καθὼς
3973 4021 4122 4091 ἔφην.

2546 4113 2782 4185 πονηρὸς
2811 4110 2952 4168 εῖναι
2983 4114 3140 4185 παρά
3169 4117 3328 4168 πᾶσιο
3363 4114 3420 4167 τί
3462 4114 3704 4186 περὶτῆς
3725 4116 3958 4182 κτίσεως
3986 4115 4126 4185 ἐροῦ-

2549 4223 2648 4277 μεν
2681 4207 2780 4277 τῆς
2811 4207 2987 4277 καλῆς
3023 4206 3230 4275 ταύτης
3257 4209 3352 4262 καὶ
3381 4207 3731 4278 θαυμαστῆς;
3763 4209 3796 4280 ἦ
3837 4211 3932 4263 καὶ
3961 4212 3995 4279 ἡ
4024 4207 4126 4262 κτε.

2546 4317 2632 4363 σις
2665 4301 2912 4370 πονηράς
2947 4300 3058 4354 Καὶ
3101 4300 3184 4364 τίς
3223 4299 3368 4354 οὕτω
3415 4301 3628 4372 μιαρὸς,
3671 4301 3755 4365 τίς
3785 4301 3962 4363 οὕτως
3991 4299 4126 4354 ἀναί-

2547 4390 2743 4462 σθητος
2775 4392 2867 4444 καὶ
2893 4391 3187 4464 παραπλὴξ
3213 4391 3288 4456 ὡς
3316 4393 3694 4464 κατηγορῆσαι
3723 4393 3826 4463 τῆς
3855 4393 4122 4454 κτίσεως;

2545 4482 2610 4535 Τί
2640 4479 2732 4535 οὖν
2781 4485 2905 4554 περὶ
2944 4484 3145 4555 ταύτης
3189 4484 3454 4556 ἐροῦμεν;
3487 4485 3562 4537 Ού
3594 4485 3703 4555 γάρ
3739 4485 3856 4537 ἐστι
3891 4481 4120 4552 πονηρὰ.

2545 4575 2680 4629 ἀλλά
2713 4579 2804 4631 καὶ
2851 4577 2989 4648 καλὴ
3023 4581 3115 4632 καὶ
3141 4579 3342 4648 δεῖγμα
3371 4578 3470 4648 τῆς
3499 4575 3593 4630 τοῦ
3625 4575 3760 4629 Θεοῦ
3793 4574 3988 4641 σοφίας
4035 4573 4126 4626 καὶ

2543 4667 2821 4739 δυνάμεως
2841 4671 2934 4724 καὶ
2958 4669 3368 4739 φιλανθρωπίας
3391 4668 3834 4721 ἐστίν.“Ἀκουσον
3855 4661 3990 4730 γοῦν
4013 4661 4118 4725 πῶς

2543 4757 2712 4828 αὐτὴν
2743 4761 2771 4812 6
2798 4761 3082 4830 προφήτης
3115 4757 3408 4827 θαυμάζει,
3433 4757 3608 4825 λέγων
3627 4772 3640 4784 ·
3679 4755 3774 4818 Ὠς
3805 4751 4120 4820 ἐμεγαλύν-

2543 4851 2616 4916 θη
2659 4851 2729 4904 τὰ
2765 4853 2908 4920 ἔργα
2941 4865 3078 4911 σου,
3115 4847 3324 4916 Κύριε]
3357 4849 3555 4900 πάντα
3592 4846 3664 4898 ἐν
3697 4843 3884 4910 σοφίᾳ
3923 4842 4119 4908 ἐποίη-

2543 4959 2690 5009 σας·
2716 4944 2776 4994 οὐ
2807 4941 3141 4994 καθέκαστον
3168 4938 3480 5010 ἐπεξῆλθεν,
3507 4934 3644 4988 ἀλλά
3667 4932 4032 5005 παρεχώρησε
4049 4933 4116 5003 τῷ

2542 5034 2914 5104 ἀκαταλήπτῳ
2959 5032 3057 5101 τῆς
3105 5031 3298 5100 σοφίας
3333 5030 3430 5084 τοῦ
3459 5026 3744 5081 Θεοῦ.Ὂτι
3775 5025 3831 5079 δὲ
3859 5027 3958 5079 καὶ
3989 5043 4114 5097 χρη-

2545 5128 2718 5195 σίμως
2769 5124 2938 5194 αὐτὴν
2983 5123 3124 5176 οὕτω
3171 5124 3344 5191 καλὴν
3393 5120 3486 5173 καὶ
3537 5118 3778 5188 μεγάλην
3827 5119 4108 5188 ἐποίησεν,

2543 5219 2774 5274 ἄκουσόν
2811 5235 2956 5282 τινος
2986 5216 3258 5284 λέγοντος,
3291 5217 3372 5267 ὅτι
3409 5211 3506 5264 Ἐκ
3529 5209 3818 5280 μεγέθους
3847 5211 3948 5264 καὶ
3981 5211 4098 5265 καλ·

2540 5311 2732 5379 λονῆς
2777 5312 3114 5381 κτισμάτων
3155 5309 3466 5372 ἀναλόγως
3500 5307 3532 5356 ό
3566 5303 3989 5372 γενεσιουργὸς
4013 5301 4104 5353 (τὺ-

2542 5401 2660 5456 n31-
2697 5403 2988 5471 θεωρεῖται
3018 5420 3029 5432 ·
3074 5404 3306 5456 ἄκουσον
3340 5395 3434 5449 καὶ
3461 5393 3553 5447 τοῦ
3587 5395 3800 5448 Παύλου
3831 5393 4100 5458 λέγοντος·

2547 5493 2623 5546 Τὰ
2651 5495 2760 5562 γὰρ
2791 5495 3012 5562 ἀόρατα
3043 5488 3230 5544 αὐτοῦ
3272 5485 3388 5540 ἀπὸ
3433 5487 3684 5551 κτίσεως
3725 5486 3958 5550 κόσμου
3997 5476 4108 5538 τοῖς

2541 5586 2826 5655 ποιήμασι
2854 5587 3152 5654 νοούμενα
3173 5577 3508 5648 καθορᾶται.
3527 5578 3744 5632 Τούτων
3761 5574 3870 5642 γὰρ
3891 5571 4108 5626 ἕκαστος

2539 5677 2758 5746 ᾐ··ίξατο
2785 5681 2849 5732 δι’
2873 5672 2946 5731 ὧν
2977 5673 3148 5738 εἶπεν,
3183 5673 3262 5726 ὅτι
3289 5672 3428 5745 αῦτη
3459 5673 3592 5745 πρὸς
3619 5663 3946 5734 θεογνωσίαν
3973 5663 4104 5732 ἡμᾶς

2605 5856 2632 5896 ἶ
2650 5858 2730 5908 Si:
2754 5857 2874 5918 Reg.
2907 5861 2956 5904 el
2980 5853 3116 5905 C0”).
3155 5853 3324 5904 More].
3351 5859 3404 5904 et
3428 5853 3535 5902 ΞΜ.
3563 5848 3832 5898 ἐῦτξσγτπειν.
