4408 6682
321 458 433 514 ειςο

314 572 426 639 jam
456 578 617 623 restat
643 570 884 640 qumstio.
917 568 1171 635 Qtuenam
1199 565 1287 619 illa
1319 565 1531 621 tandem
1557 564 1579 620 ?
1610 563 1759 632 Quod
1788 563 1908 619 licet

319 675 419 728 per
457 660 605 727 vim,
649 660 932 731 inquiunt,
967 673 1071 710 non
1116 656 1328 722 vincat,
1368 665 1602 711 attamen
1644 654 1911 709 fraudibus

320 754 482 808 vincit
507 772 520 808 :
551 754 775 823 ideoque
803 752 991 806 melius
1018 750 1173 815 foret,
1199 761 1253 804 ut
1278 753 1487 821 penitus
1512 751 1723 805 deletus
1748 758 1910 803 esset.

315 845 571 912 Quamvis
612 847 754 901 enim
794 842 896 898 Job
940 843 1183 910 superior
1210 845 1480 906 evaserit,
1521 842 1689 896 Adam
1734 850 1910 895 tamen

316 940 573 1009 deceptus
604 950 683 992 est
708 947 764 991 et
794 935 1164 1003 supplanLatus
1197 954 1209 987 :
1243 936 1381 1005 quod
1412 936 1455 987 si
1482 934 1648 988 semel
1676 948 1707 988 e
1736 933 1912 987 medio

316 1034 557 1085 sublatus
579 1037 743 1089 esset,
773 1042 838 1081 ne
859 1026 1025 1080 Adam
1048 1029 1260 1097 quidem
1287 1028 1655 1097 supplantatus
1684 1041 1910 1094 unquam

312 1122 505 1175 fuisset
529 1137 543 1185 ;
572 1121 683 1188 jam
710 1133 854 1180 vero,
886 1116 1009 1171 dum
1040 1128 1257 1180 manet,
1286 1120 1354 1171 ab
1385 1132 1490 1170 uno
1516 1116 1723 1184 quidem
1752 1131 1912 1185 supe-

311 1226 485 1277 ratur,
511 1228 573 1265 ac
596 1210 776 1263 multis
798 1211 1037 1279 superior
1056 1211 1232 1265 evadit
1256 1228 1268 1262 :
1292 1209 1479 1263 decem
1504 1208 1647 1261 illum
1672 1210 1908 1273 vincunt,

312 1304 411 1355 Sed
453 1301 521 1353 ab
552 1316 618 1354 eo
650 1299 795 1353 mille
836 1311 1151 1369 superantur
1175 1310 1227 1355 et
1257 1310 1627 1368 expugnantur
1654 1318 1665 1351 :
1696 1300 1775 1352 sin
1815 1315 1912 1352 au-

308 1401 423 1447 tem
458 1392 603 1445 ἱΙΙυιιι
627 1406 657 1444 e
686 1389 863 1443 medio
887 1391 1208 1457 sustulisset,
1238 1406 1410 1459 neque
1440 1389 1587 1442 mille
1610 1389 1694 1441 isti
1722 1389 1911 1458 periis-

308 1490 456 1536 sent.
490 1480 625 1546 Quid
656 1479 814 1548 igitur
843 1478 906 1531 ad
937 1480 1034 1533 hoc
1062 1479 1541 1548 respondebimus?
1568 1477 1729 1531 Multo
1758 1479 1913 1531 nimi-

315 1587 436 1624 rum
467 1571 632 1640 pluris
662 1584 783 1624 cs:e
813 1567 1083 1622 iaciendos
1112 1570 1197 1637 qui
1229 1569 1447 1623 vincunt
1471 1609 1484 1630 ,
1516 1583 1673 1637 quam
1702 1568 1789 1635 qui
1817 1583 1911 1620 su-

314 1670 606 1729 perantur,
638 1660 760 1713 licet
806 1658 857 1711 hi
902 1660 1079 1726 plures
1122 1660 1261 1723 sint,
1298 1658 1372 1711 illi
1405 1659 1701 1727 pauciores.
1734 1655 1914 1709 Melior

314 1750 460 1804 enim
489 1760 558 1803 est
581 1792 594 1813 ,
627 1750 797 1817 inquit
820 1790 833 1809 ,
868 1764 997 1801 unus
1020 1752 1105 1813 qui
1131 1749 1283 1816 faciat
1314 1748 1617 1801 voluntatem
1648 1745 1743 1799 Dei
1767 1762 1914 1814 quam

316 1842 461 1895 mille
486 1841 643 1911 iniqui
673 1840 689 1910 (
714 1839 875 1892 Eccli.
910 1839 997 1892 16.
1024 1838 1058 1891 5
1080 1838 1117 1905 ).
1163 1838 1358 1893 Deinde
1387 1854 1511 1892 vero
1537 1838 1678 1907 quod
1719 1836 1911 1890 adver-

311 1933 459 1986 sario
485 1933 692 1985 sublato
727 1931 894 1983 victor
936 1930 1047 1995 ipse
1090 1943 1184 1996 per
1223 1928 1347 1982 illud
1390 1929 1583 1982 damno
1615 1926 1904 1980 afﬁciatur.

314 2024 451 2077 Nam
478 2025 520 2076 si
550 2022 913 2075 adversarium
942 2021 1152 2089 quidem
1183 2036 1397 2075 manere
1428 2022 1721 2089 permittas.
1757 2019 1905 2086 igna-

308 2120 497 2168 viores
531 2130 635 2166 non
667 2114 736 2166 ob
766 2127 859 2165 eos
885 2154 898 2175 ,
930 2113 1017 2181 qui
1060 2114 1225 2182 magis
1267 2113 1471 2166 strenui
1513 2120 1672 2174 sunt,
1715 2109 1809 2162 sed
1846 2109 1915 2162 ob

315 2207 583 2275 ignaviam
608 2219 756 2257 suam
779 2202 971 2256 damna
996 2204 1294 2271 patiuntur;
1325 2204 1404 2255 sin
1428 2212 1606 2255 autem
1634 2199 1915 2253 sustuleris

314 2296 703 2357 adversarium,
737 2294 828 2363 qui
857 2293 1022 2362 magis
1049 2294 1246 2347 strenui
1274 2302 1416 2355 sunt,
1450 2292 1518 2344 ob
1546 2293 1762 2359 ignavos
1789 2288 1910 2342 afﬁ-

311 2387 529 2440 ciuntur
557 2385 768 2453 injuria,
814 2398 987 2452 neque
1021 2384 1227 2436 virtutis
1256 2398 1365 2437 suae
1396 2383 1664 2451 specimen
1696 2381 1860 2436 edunt
1884 2422 1899 2443 ,

318 2494 495 2546 neque
522 2492 748 2530 coronas
777 2477 1162 2544 adipiscuntur.

386 2568 441 2618 2.
489 2566 733 2620 Nondum
776 2565 1000 2619 fortasse
1046 2563 1320 2634 percipitis
1342 2603 1355 2626 ,
1385 2579 1501 2632 qua:
1540 2563 1647 2617 dixi
1676 2582 1690 2617 :
1722 2579 1904 2633 quam-

310 2657 501 2709 obrem
546 2656 740 2709 clarius
777 2656 962 2709 eadem
991 2663 1071 2709 est
1104 2669 1325 2709 necesse
1365 2653 1627 2707 dicantur.
1661 2653 1741 2708 Sit
1769 2655 1910 2723 pugil

316 2763 457 2801 unus
490 2748 505 2777 ¹
529 2791 542 2808 ,
573 2748 678 2799 sint
702 2758 754 2799 ct
780 2747 990 2800 athleta:
1020 2746 1126 2800 duo
1151 2746 1239 2815 qui
1266 2761 1389 2800 cum
1418 2761 1484 2800 eo
1510 2747 1615 2800 sint
1644 2746 1909 2811 luctaturi,

312 2849 478 2909 atque
503 2855 565 2893 ex
598 2838 681 2892 his
707 2838 914 2893 duobus
940 2838 1154 2892 athletis
1185 2854 1321 2892 unus
1350 2838 1563 2908 quidem
1592 2838 1661 2891 sit
1686 2838 1912 2907 ingluvie

311 2940 599 2999 Corruptus
620 2971 633 2994 ,
665 2939 999 2997 contemptus
1019 2970 1033 2992 ,
1068 2930 1267 2983 viribus
1296 2928 1557 2993 delectus,
1588 2938 1869 2983 enervatus
1893 2945 1908 2994 ;

309 3020 448 3074 alter
469 3036 594 3073 vero
617 3019 707 3089 qui
728 3030 940 3073 strenue
959 3034 1016 3073 se
1034 3028 1201 3088 gerat,
1219 3020 1353 3074 bene
1376 3019 1555 3072 habito
1575 3020 1643 3073 sit
1662 3033 1906 3087 corpore,

313 3114 367 3166 in
395 3113 643 3180 palmstra
671 3122 930 3177 versetur,
952 3113 1001 3165 in
1032 3113 1210 3165 multis
1238 3112 1549 3182 gymnasiis,
1579 3112 1829 3181 omnique
1852 3126 1911 3167 se

309 3206 563 3259 athletica
610 3206 990 3259 exercitatione
1031 3206 1345 3260 corroboret
1394 3223 1407 3258 :
1460 3206 1503 3260 si
1550 3206 1911 3260 adversarium

310 3311 446 3365 ergo
476 3296 795 3361 sustuleris,
840 3296 943 3349 utri
989 3295 1176 3350 horum
1224 3297 1469 3366 injuriam
1515 3296 1756 3352 inferes?
1785 3314 1909 3351 num

312 3390 509 3455 ignavo
536 3396 589 3441 et
616 3388 899 3457 negligenti
921 3430 934 3451 ,
976 3403 1041 3441 an
1072 3398 1285 3443 strenuo
1309 3429 1325 3454 ,
1356 3388 1445 3457 qui
1474 3396 1550 3441 tot
1578 3388 1788 3442 labores
1813 3404 1909 3442 ex-

310 3478 643 3532 antlaverit‘!
687 3477 835 3530 llaud
879 3476 1095 3530 dubium
1121 3519 1136 3542 ,
1173 3479 1297 3547 quin
1338 3488 1556 3531 strenuo
1592 3496 1604 3530 :
1660 3494 1780 3531 nam
1824 3478 1911 3532 hic

312 3570 534 3639 quidem
565 3579 779 3637 propter
807 3569 1052 3638 ignavum
1083 3568 1387 3623 adversario
1418 3569 1623 3622 sublato
1652 3568 1904 3621 damnum

310 3674 397 3716 est
427 3674 645 3729 passus;
679 3670 731 3712 at
760 3662 977 3729 ignavus
1008 3661 1098 3714 illo
1128 3670 1376 3715 manente
1408 3676 1510 3714 non
1534 3661 1639 3728 jam
1672 3661 1739 3713 ob
1766 3670 1905 3713 stre-

313 3767 477 3805 nuum
510 3751 696 3819 injuria
720 3758 800 3803 est
826 3750 1065 3815 alfectus,
1087 3752 1280 3820 quippe
1298 3750 1386 3820 qui
1410 3759 1624 3819 propter
1648 3750 1908 3819 ignaviam

314 3858 466 3896 suam
496 3840 809 3895 conciderit.

391 3932 514 3986 Non
540 3931 767 3984 diabolus
792 3930 930 3984 tazdit
956 3929 1226 3993 hominem,
1255 3929 1344 3983 sed
1369 3930 1817 4000 propriaignaria.
1842 3960 1915 3970 —

317 4028 505 4081 Dicam
546 4035 599 4079 et
637 4024 792 4077 aliam
829 4023 1138 4093 quaestionis
1164 4022 1321 4091 hujus
1351 4022 1705 4085 solutionem,
1741 4032 1797 4074 ut
1828 4022 1912 4075 in-

318 4119 530 4188 telligas
559 4134 660 4170 non
689 4116 958 4170 diabolum
988 4114 1231 4184 injuriam
1258 4112 1454 4166 inferre
1476 4152 1491 4179 ,
1519 4111 1611 4165 sed
1641 4113 1907 4179 propriam

317 4211 583 4281 ignaviam
616 4223 709 4261 eos
734 4250 748 4271 ,
787 4207 874 4276 qui
908 4206 1125 4258 minime
1152 4204 1333 4258 attenti
1366 4212 1525 4268 sunt,
1560 4202 1752 4270 ubique
1778 4216 1906 4269 sup-

318 4306 580 4366 plantare.
617 4300 963 4368 ltelinquatur
991 4296 1235 4351 diabolus
1273 4294 1557 4348 admodum
1600 4293 1768 4345 malus
1800 4306 1905 4345 non

314 4406 507 4452 natura
540 4436 553 4458 ,
607 4392 699 4445 sed
745 4391 905 4444 animi
947 4389 1220 4457 proposito
1262 4403 1325 4441 ac
1375 4386 1635 4441 sententia
1668 4402 1679 4436 :
1716 4384 1908 4436 malum

318 4488 462 4542 enim
494 4492 680 4537 natura
712 4497 814 4534 non
843 4495 960 4532 esse
988 4480 1255 4532 diabolum
1284 4518 1297 4539 ,
1332 4494 1395 4531 ex
1438 4476 1743 4531 nominibus
1784 4475 1910 4545 ipsis

318 4591 604 4647 cognosce.
636 4572 882 4626 Diabolus
906 4585 1152 4637 namque,
1184 4570 1283 4622 hoc
1305 4578 1385 4621 est
1414 4580 1711 4630 accusator,
1742 4568 1913 4621 dictus

316 4680 402 4725 est
429 4668 495 4721 ab
519 4665 816 4720 accusando
840 4682 850 4713 :
877 4662 1145 4713 hominem
1173 4660 1313 4713 enim
1343 4659 1481 4727 apud
1508 4660 1671 4712 Deum
1699 4674 1913 4713 accusa-

319 4764 395 4814 vit
420 4801 433 4823 ,
468 4756 609 4811 Nam
636 4758 789 4827 gratis
818 4754 913 4807 Job
947 4763 989 4805 te
1018 4751 1177 4804 colit?
1206 4750 1477 4820 inquiens,
1510 4750 1596 4802 sed
1628 4750 1764 4801 mitte
1801 4767 1913 4801 mu-

315 4867 440 4903 num
473 4859 632 4907 luant,
665 4859 708 4899 ct
742 4858 885 4915 tange
905 4858 1015 4911 qua:
1042 4841 1185 4895 habet
1217 4857 1233 4894 :
1261 4842 1300 4894 si
1322 4858 1419 4893 non
1442 4840 1495 4893 in
1516 4839 1695 4910 facient
1726 4854 1771 4893 te
1799 4839 1910 4893 bla-

314 4937 639 5008 sphemabit'
668 4936 807 5005 (Job
840 4936 883 4988 l.
928 4932 981 4987 9.
1018 4932 1070 4984 ll
1099 4932 1139 4999 ).
1188 4930 1474 4984 Accusavit
1520 4944 1701 4983 rursus
1745 4929 1909 4980 Deum

312 5028 457 5098 apud
490 5028 800 5091 hominem,
844 5026 987 5095 Ignis
1016 5022 1192 5075 cecidit
1237 5024 1298 5073 de
1341 5023 1463 5075 cwlo
1491 5064 1504 5084 ,
1551 5020 1832 5089 inquiens,
1866 5028 1911 5071 et

314 5120 593 5176 combussit
624 5134 736 5171 oves
778 5117 898 5186 (Ib.
934 5132 979 5169 υ.
1014 5113 1114 5184 16)
1148 5131 1158 5165 :
1194 5113 1458 5180 siquidem
1490 5113 1558 5165 illi
1593 5111 1913 5182 persuadere

315 5213 609 5271 nitebatur,
642 5208 871 5278 desuper
912 5223 942 5262 e
972 5206 1115 5261 cielis
1146 5204 1337 5258 bellum
1371 5204 1509 5256 istud
1554 5205 1604 5257 in
1643 5220 1763 5257 eum
1793 5218 1914 5257 esse

314 5312 681 5363 commotum.
720 5310 773 5354 et
808 5316 1019 5355 servum
1059 5314 1177 5354 cum
1221 5296 1437 5351 domino
1466 5298 1747 5351 collidehat
1771 5339 1784 5359 ,
1817 5298 1913 5351 do-

318 5403 634 5460 minumque
664 5406 786 5444 cum
823 5405 980 5445 servo
1014 5408 1025 5443 :
1061 5393 1166 5445 imi
1197 5403 1320 5443 vero
1354 5403 1458 5441 non
1487 5388 1791 5449 collidebat,
1824 5389 1914 5443 sed

315 5496 545 5547 conatus
578 5492 659 5537 est
689 5482 901 5551 quidem
923 5524 937 5548 ,
983 5491 1037 5537 at
1085 5499 1187 5537 non
1218 5480 1377 5535 valuit
1410 5498 1423 5533 :
1456 5490 1509 5533 ut
1539 5495 1658 5534 eum
1690 5482 1915 5535 alterum

396 5626 410 5651 ι
448 5622 580 5684 llajc,
604 5616 662 5684 sit
688 5615 984 5684 pugilunus,
1010 5618 1134 5684 ἔστῳ
1157 5615 1503 5684 ὀεγταγωνιῖτῄς
1530 5613 1608 5669 εἷς,
1632 5612 1839 5684 deerant
1864 5615 1911 5684 in

330 5683 457 5729 lidi'.
494 5677 798 5737 .~\l~rcl.,’scd
824 5678 1073 5726 habentur
1096 5681 1145 5725 in
1172 5678 1293 5785 Reg.
1320 5684 1371 5727 et
1394 5677 1549 5733 Colb.,
1576 5680 1841 5735 monetque
1864 5677 1913 5721 in

330 5750 462 5785 mm
486 5742 591 5785 suis
619 5744 822 5785 nucaeus
854 5750 967 5785 esse
989 5740 1245 5785 restituent
1271 5755 1312 5785 a.

329 5750 462 5789 notis
486 5742 591 5791 suis
618 5744 822 5791 Ducaeus
854 5750 967 5785 esse
989 5740 1312 5787 restituenda.

396 5805 563 5912 :jﬂcg.
594 5805 729 5911 sollus
753 5801 917 5859 habet,
950 5800 992 5849 si
1020 5798 1101 5848 tibi
1128 5797 1387 5862 benedicct,
1417 5800 1473 5849 ei.
1495 5798 1757 5859 εὐλογήσω,
1784 5798 1913 5859 quod

435 5878 514 5912 em
544 5878 659 5912 rccn
686 5873 738 5912 it.

332 5873 514 5913 cedem
544 5873 738 5913 τοςιιιιι.

1295 446 1384 501 DE
1422 446 1718 506 DlABOLO
1753 450 2198 507 TENTATORE.
2242 448 2478 505 ll0.\l|l..
2521 448 2585 502 ll.

3499 452 3604 511 ὶϐὓ

2022 563 2221 618 videris
2258 578 2468 619 servum
2510 579 2631 620 cum
2672 563 2889 622 domino
2926 568 3267 623 commissum
3303 577 3357 624 et
3390 570 3514 623 odio
3553 570 3606 623 in

2022 670 2144 708 eum
2176 663 2521 719 commotum,
2553 655 2721 711 Adam
2749 657 2951 711 scilicet
2978 657 3027 711 in
3058 658 3241 723 Deum,
3274 660 3497 728 ejusque
3520 673 3610 710 ea-

2021 746 2238 799 lnmnite
2266 746 2421 801 ﬁdem
2454 747 2758 813 habentem,
2790 763 2897 803 non
2922 765 2987 805 ex
3022 753 3231 819 propria
3266 753 3483 815 virtute,
3516 750 3609 804 sed

2020 853 2085 892 ex
2121 838 2258 891 illius
2283 855 2404 893 eum
2433 840 2637 909 ignavia
2668 841 3021 911 socordiaque
3042 842 3217 896 discas
3246 845 3405 897 robur
3432 860 3614 913 acqui-

2021 929 2229 982 sivissc.
2261 930 2511 983 Diabolus
2539 931 2697 999 igitur
2723 932 2919 986 idcirco
2940 934 3112 987 dictus
3137 944 3239 998 est,
3273 934 3322 986 id
3349 945 3429 989 est
3457 951 3613 990 accu-

2020 1029 2207 1073 82101⁵2
2243 1038 2400 1089 [101⁵1⁵0
2441 1036 2697 1076 accusare
2735 1032 2789 1077 Ci.
2836 1040 2941 1077 non
2970 1040 3222 1081 accusnre
3274 1036 3460 1080 natura
3507 1044 3613 1080 11011

2020 1118 2121 1173 est,
2155 1110 2245 1163 sed
2278 1113 2435 1177 actio,
2467 1127 2585 1181 quae
2618 1112 2675 1165 ﬁt
2700 1121 2755 1165 et
2784 1128 2902 1168 esse
2930 1114 3123 1169 desinit
3148 1157 3163 1179 ,
3194 1132 3315 1185 qua:
3339 1116 3531 1171 accidit
3564 1131 3617 1172 ct

2020 1202 2263 1255 accidere
2284 1203 2473 1257 desinit
2501 1222 2514 1258 :
2547 1220 2635 1259 res
2660 1214 2837 1257 autem
2863 1204 3123 1273 ejusmodi
3154 1222 3257 1259 non
3283 1218 3487 1261 natura:
3517 1224 3612 1261 ne-

2021 1307 2125 1360 que
2156 1292 2463 1346 substantia:
2501 1293 2861 1347 conditionem
2906 1304 3030 1347 sunt
3066 1304 3251 1348 nacta).
3282 1296 3405 1350 Scio
3434 1298 3615 1349 multis

2019 1381 2411 1451 comprehenso
2451 1383 2721 1438 dillicilem
2773 1384 2911 1437 hunc
2941 1399 3063 1438 esse
3092 1384 3158 1438 de
3192 1386 3485 1439 substantia
3516 1387 3612 1440 de-

2018 1490 2125 1545 que
2149 1474 2511 1528 accidentibus
2549 1490 2887 1541 Sermonem;
2933 1476 3027 1530 sed
3072 1485 3196 1529 sunt
3234 1478 3323 1545 qui
3368 1478 3613 1530 subtilius

2018 1566 2201 1619 audire
2226 1574 2482 1634 possunt:
2506 1581 2661 1634 quam
2683 1568 2752 1621 ob
2776 1583 2987 1621 causam
3011 1576 3065 1621 et
3092 1581 3190 1620 nos
3218 1566 3332 1620 lucc
3359 1568 3609 1621 diximus.

2021 1657 2190 1710 Voltis
2218 1667 2269 1710 et
2291 1655 2356 1709 ad
2385 1656 2609 1710 alterum
2639 1672 2830 1710 nomen
2860 1660 3091 1722 veniam,
3124 1674 3189 1712 ac
3215 1658 3460 1713 videbitis
3485 1660 3611 1713 illud

2020 1762 2229 1816 quoque
2270 1762 2377 1800 non
2420 1748 2731 1801 substantia:
2778 1763 2949 1817 neque
2992 1760 3195 1803 natura:
3236 1764 3431 1805 nomen
3458 1751 3613 1804 esse?

2019 1836 2188 1890 Malus
2216 1846 2434 1890 vocatur
2461 1852 2473 1887 :
2513 1837 2711 1889 malitia
2738 1851 2867 1889 vero
2892 1852 2998 1890 non
3027 1848 3104 1891 est
3137 1848 3338 1893 natura:
3358 1880 3373 1906 ,
3402 1840 3496 1893 sed
3525 1854 3611 1892 ar-

2020 1928 2158 1981 bitrii
2198 1943 2261 1980 ac
2307 1929 2560 1996 propositi
2594 1948 2607 1983 :
2638 1945 2758 1983 nam
2801 1940 2853 1983 et
2895 1929 3004 1997 ipsa
3041 1944 3419 2001 nonuumquan
3452 1933 3611 1996 inest,

2026 2027 2079 2072 et
2106 2034 2503 2088 nonnumquam
2536 2022 2709 2075 inesse
2732 2021 2945 2075 desinit.
2973 2022 3086 2075 Noli
3115 2023 3255 2075 enim
3285 2022 3411 2075 mihi
3436 2023 3615 2077 dicere

2023 2110 2072 2163 in
2103 2110 2191 2162 illo
2217 2126 2333 2163 eam
2366 2121 2618 2179 perpetuo
2648 2128 2863 2167 manere
2894 2130 2907 2165 :
2939 2129 3059 2166 nam
3089 2122 3143 2167 et
3172 2115 3223 2168 in
3254 2114 3344 2168 illo
3369 2115 3437 2169 ab
3462 2115 3614 2169 initio

2020 2214 2125 2253 non
2150 2198 2266 2265 fuit,
2291 2200 2383 2253 sed
2419 2211 2599 2269 postea
2627 2204 2851 2255 accessit
2875 2219 2889 2266 ;
2921 2205 3266 2271 quamobrem
3288 2214 3344 2259 et
3372 2214 3614 2274 apostata

2017 2291 2211 2345 dicitur
2240 2310 2251 2343 :
2285 2294 2491 2346 tametsi
2520 2308 2639 2345 cum
2682 2293 2831 2346 multi
2862 2294 2965 2347 sint
2998 2294 3239 2349 homines
3264 2296 3387 2349 mali
3415 2337 3430 2362 ,
3462 2296 3611 2350 solus

2021 2384 2110 2439 ille
2134 2399 2225 2453 per
2245 2385 2613 2439 excellentiam
2645 2385 2811 2438 Malus
2836 2385 3047 2439 dicitur.
3078 2386 3247 2451 Quam
3277 2387 3488 2443 tandem
3518 2388 3615 2457 igi-

2024 2486 2109 2527 tur
2163 2475 2232 2527 ob
2285 2490 2499 2527 causam
2545 2475 2621 2528 sic
2665 2477 3011 2543 appellatur?
3054 2476 3205 2543 Quod
3245 2479 3543 2533 nullatenus
3580 2494 3611 2532 a

2017 2566 2173 2619 nobis
2217 2567 2407 2635 injuria
2451 2566 2765 2632 lacessitus,
2811 2582 2930 2621 cum
2971 2567 3099 2621 nihil
3143 2568 3437 2637 exiguum,
3481 2568 3613 2624 nihil

2018 2673 2271 2727 magnum
2301 2666 2480 2726 posset
2506 2658 2760 2728 objicere,
2791 2673 2909 2711 cum
2942 2658 3143 2713 honore
3170 2658 3418 2714 aﬂ‘eetum
3448 2660 3610 2715 vidis-

2018 2759 2101 2803 set
2131 2748 2424 2815 hominem,
2455 2752 2708 2803 continuo
2734 2750 2884 2804 bonis
2912 2750 3026 2819 ejus
3058 2750 3265 2804 invidit.
3295 2751 3430 2818 Quid
3459 2753 3613 2821 igitur

2018 2841 2121 2897 hac
2153 2842 2351 2895 malitia
2381 2842 2606 2909 nequius
2641 2842 2765 2911 ﬁngi
2800 2843 3000 2910 possit,
3030 2858 3187 2912 quam
3214 2857 3335 2897 cum
3365 2842 3509 2896 nulla
3536 2844 3611 2897 le-

2013 2937 2195 3005 gitima
2221 2936 2286 2989 de
2313 2950 2469 2989 causa
2496 2936 2676 2990 odium
2703 2951 2765 2991 ac
2793 2937 2989 2991 bellum
3015 2937 3293 2991 exoritur?
3321 2937 3609 3007 Relinqua-

2017 3036 2102 3080 tur
2133 3028 2309 3095 itaque
2339 3026 2623 3091 diabolus;
2652 3037 2705 3081 et
2730 3039 3031 3083 creaturam
3078 3031 3129 3081 in
3169 3029 3399 3082 medium
3433 3028 3610 3098 prole-

2017 3132 2230 3181 ramus,
2276 3126 2333 3170 ut
2376 3116 2551 3171 discas
2590 3134 2696 3172 non
2732 3132 2946 3173 causam
2991 3119 3144 3172 nobis
3190 3118 3451 3173 malorum
3491 3134 3611 3174 esse

2017 3206 2309 3267 diabolum,
2342 3206 2385 3261 si
2413 3208 2646 3261 animum
2670 3208 2947 3262 attendere
2968 3207 3191 3262 velimus
3219 3226 3231 3261 :
3266 3218 3322 3261 ut
3348 3208 3608 3278 intelligas

2017 3313 2135 3351 eum
2156 3339 2170 3361 ,
2205 3299 2293 3367 qui
2333 3300 2603 3367 proposito
2630 3300 2791 3352 animi
2818 3308 2900 3353 est
2928 3298 3229 3365 inibeeilﬁs,
3264 3300 3537 3370 negligens
3555 3312 3611 3355 et

2017 3388 2236 3458 ignavus
2263 3430 2276 3450 ,
2316 3390 2523 3443 etiamsi
2572 3389 2814 3443 diabolus
2853 3404 2958 3443 non
3001 3390 3107 3454 sit,
3149 3390 3435 3445 concidere
3467 3398 3523 3444 et
3553 3390 3606 3444 in

2016 3480 2181 3535 multa
2221 3481 2464 3534 vitiorum
2511 3480 2757 3534 barathra
2799 3480 3031 3547 seipsum
3068 3480 3393 3549 prmeipitem
3423 3495 3602 3550 agere.

2018 3572 2271 3625 Diabolus
2302 3572 2473 3624 malus
2501 3580 2584 3625 est
2609 3589 2621 3624 ε
2654 3571 2767 3624 seio
2791 3570 3060 3639 equidem,
3092 3580 3147 3623 ct
3176 3571 3227 3623 in
3256 3570 3501 3624 confesso
3526 3580 3607 3625 est

2013 3663 2151 3731 apud
2177 3678 2364 3717 omnes
2388 3678 2403 3722 ;
2435 3663 2527 3717 sed
2552 3662 2766 3716 attende
2789 3661 3068 3731 diligenter
3094 3662 3157 3714 ad
3190 3676 3249 3715 ea
3269 3702 3285 3727 ,
3320 3678 3439 3732 qua:
3464 3676 3606 3715 nunc

2013 3752 2201 3805 dicturi
2234 3767 2419 3805 sumus
2453 3769 2466 3806 :
2499 3766 2604 3805 non
2636 3751 2780 3805 enim
2815 3767 2902 3806 res
2934 3760 3057 3804 sunt
3087 3751 3334 3819 vulgares
3361 3792 3377 3816 ,
3419 3752 3512 3805 sed
3543 3750 3611 3805 de

2016 3842 2208 3914 quibus
2229 3858 2259 3896 a
2287 3842 2469 3896 multis
2494 3856 2864 3910 saepenumero
2890 3842 3069 3895 multis
3100 3841 3150 3894 in
3184 3841 3314 3896 locis
3346 3840 3610 3895 habentur

2017 3949 2330 4000 sermones;
2361 3934 2428 3988 de
2450 3933 2641 4003 quibus
2670 3933 2831 3987 multa
2862 3947 3003 4002 saepe
3026 3934 3293 3987 contentio
3324 3942 3376 3987 et
3404 3930 3604 3986 bellum

2017 4026 2274 4091 exoritur,
2300 4040 2403 4079 non
2432 4024 2674 4078 ﬁdelibus
2702 4032 2900 4076 tantum
2928 4022 3180 4076 adversus
3208 4021 3448 4076 inﬁdeles
3468 4063 3483 4085 ,
3512 4022 3606 4075 sed

2016 4128 2069 4172 et
2091 4117 2333 4172 ﬁdelibus
2361 4117 2617 4172 adversus
2654 4116 2838 4171 ﬁdeles
2867 4132 2881 4169 :
2914 4115 3015 4170 hoc
3042 4116 3183 4169 enim
3215 4125 3318 4182 est,
3347 4116 3487 4186 quod
3515 4116 3610 4169 do-

2016 4208 2187 4263 lorem
2216 4208 2395 4261 inurit.

2084 4301 2138 4353 5.
2183 4299 2458 4353 Diabolum
2511 4297 2668 4367 igitur
2711 4296 2909 4351 malum
2936 4313 3057 4353 esse
3098 4296 3332 4352 l‘atcntur
3371 4313 3558 4352 omnes
3591 4316 3605 4353 :

2014 4389 2142 4459 quid
2162 4390 2226 4443 de
2255 4399 2494 4443 creatura
2520 4391 2615 4443 ista
2652 4389 2789 4444 bona
2820 4399 2874 4444 et
2896 4390 3244 4443 admiratione
3277 4389 3432 4458 digna
3465 4390 3607 4444 dice.

2021 4481 2179 4535 mus?
2204 4496 2270 4533 an
2311 4481 2469 4533 etiam
2506 4480 2698 4533 malam
2740 4495 2859 4533 esse
2888 4479 3230 4533 creaturam?
3256 4478 3322 4532 Et
3351 4480 3468 4549 quis
3519 4481 3609 4536 ille

2016 4572 2150 4625 adeo
2177 4571 2453 4637 scelestus,
2482 4573 2601 4641 quis
2627 4571 2759 4625 adeo
2783 4571 3019 4640 stupidus
3040 4587 3100 4623 ac
3128 4579 3305 4625 mente
3322 4582 3531 4641 captus,
3552 4582 3608 4626 ut

2020 4675 2321 4719 creaturam
2356 4664 2607 4718 accuset?
2634 4663 2771 4728 Quid
2804 4677 2929 4731 ergo
2962 4662 3030 4715 de
3057 4662 3139 4715 illa
3170 4662 3452 4716 dicemus?
3490 4663 3607 4717 Non

2021 4759 2161 4811 enim
2197 4758 2330 4811 mala
2360 4765 2461 4820 est,
2493 4755 2584 4809 sed
2609 4765 2661 4809 et
2688 4756 2844 4817 bona,
2872 4764 2923 4808 ct
2947 4754 3222 4823 sapientiae
3251 4756 3364 4822 Dei,
3394 4756 3607 4810 virtutis

2018 4865 2077 4901 ac
2099 4848 2437 4916 benignitatis
2464 4857 2544 4900 cst
2569 4857 2959 4915 argumentum.
3003 4848 3138 4901 Audi
3166 4864 3293 4918 ergo
3320 4866 3424 4917 quo
3456 4860 3610 4918 pacto

2019 4939 2163 4992 illam
2202 4938 2494 4992 admiretur
2519 4938 2777 5007 propheta
2822 4939 3005 4993 dicens
3039 4957 3050 4991 :
3088 4938 3253 5005 Quam
3284 4940 3608 5009 magniﬁcam

2019 5040 2133 5083 sunt
2164 5046 2315 5099 opera
2347 5039 2451 5094 tua,
2489 5028 2705 5083 Domine
2756 5029 2777 5083 !
2832 5032 3001 5083 omnia
3052 5031 3101 5082 in
3151 5031 3396 5099 sapientia
3449 5031 3607 5099 fecisti

2024 5120 2194 5191 (Psul.
2228 5120 2349 5174 105.
2382 5119 2495 5189 21).
2521 5120 2634 5174 Non
2659 5120 2927 5191 sigillatim
2951 5122 3242 5189 percurrit;
3277 5119 3368 5173 sed
3400 5120 3607 5173 incom-

2024 5212 2367 5282 prehensibili
2396 5211 2589 5266 divina:
2610 5212 2883 5281 sapientiae
2912 5210 3249 5264 immensitati
3272 5211 3452 5265 cessit.
3499 5210 3611 5265 Uti-

2023 5305 2142 5358 liter
2182 5314 2358 5358 autem
2402 5304 2535 5358 adeo
2574 5305 2764 5358 bonam
2808 5314 2857 5357 et
2890 5302 3219 5372 magniﬁcam
3250 5304 3395 5357 illam
3437 5319 3466 5357 a
3500 5305 3611 5359 Deo

2025 5398 2215 5449 tactam
2243 5411 2363 5450 esse
2394 5406 2450 5451 ut
2499 5398 2741 5459 noveris,
2787 5395 2905 5448 audi
2948 5396 3249 5465 quempiam
3295 5396 3605 5451 dicentem:

2026 5486 2108 5540 Ea:
2136 5488 2479 5558 magnitudine
2502 5496 2545 5539 et
2565 5486 2723 5553 specie
2744 5494 3082 5538 creaturarum
3116 5502 3202 5547 per
3235 5488 3606 5555 proportionem

2026 5589 2221 5631 creator
2268 5579 2472 5631 illarum
2522 5579 2711 5629 videtur
2758 5576 2922 5646 (Sep.
2980 5579 3064 5634 15.
3113 5578 3187 5645 5)
3231 5579 3398 5633 :audi
3451 5580 3606 5632 etiam

2028 5672 2244 5725 Paulum
2296 5671 2554 5725 dicentem
2589 5687 2601 5722 :
2632 5667 2915 5721 Iiwisibilia
2969 5670 3100 5721 enim
3129 5671 3291 5740 ipsius
3326 5688 3355 5723 α
3382 5680 3609 5723 creatura

2027 5761 2201 5812 mundi
2237 5777 2323 5827 per
2343 5776 2400 5813 ea
2428 5775 2540 5829 qua:
2582 5759 2715 5829 facta
2752 5770 2889 5825 sunt,
2940 5761 3190 5814 intellecta
3237 5762 3612 5830 conspiciuntur

2030 5850 2204 5921 (llum.
2242 5853 2289 5906 l.
2317 5851 2442 5924 20).
2476 5851 2671 5907 llorum
2702 5853 2842 5909 enim
2871 5855 3090 5925 quisque
3123 5870 3214 5924 per
3244 5870 3303 5910 ea
3325 5894 3339 5922 ,
3373 5868 3487 5924 qute
3526 5851 3611 5906 di-
