4408 6680
803 469 872 525 26
883 473 902 526 l

803 587 900 646 sit,
939 599 1038 639 nos
1063 584 1130 638 ab
1160 599 1242 646 ea,
1275 581 1426 650 quasi
1449 581 1766 645 manu,duci
1792 580 1856 634 ad
1891 581 1981 634 Dei
2007 581 2388 646 cognitionem,

803 673 1158 729 subindicavit
1177 713 1191 736 ,
1217 671 1356 740 quod
1393 671 1478 723 illa
1501 669 1716 736 efﬁciat,
1741 679 1798 723 ut
1825 670 2107 723 Dominum
2137 681 2394 736 agnosca-

805 777 944 816 mus.
985 761 1124 830 Quid
1171 760 1368 831 igitur?
1419 760 1480 815 Si
1507 759 1702 814 bonam
1751 758 1892 813 hanc
1937 767 1990 813 et
2023 755 2392 810 admirabilem

805 864 1102 906 creaturam
1145 853 1325 906 multis
1351 852 1635 922 impietatis
1662 865 1879 906 causam
1923 849 2188 906 exstitisse
2215 847 2394 901 vidca-

807 959 948 1008 mus,
975 957 1100 996 nmn
1145 943 1288 996 illam
1340 941 1750 997 accusabimus?
1779 941 2148 1013 Nequaquam,
2181 939 2276 994 sed
2301 953 2393 994 eos

805 1033 894 1101 qui
943 1033 1227 1098 medicina,
1258 1045 1316 1088 ut
1345 1035 1612 1104 oportuit,
1641 1051 1747 1090 non
1794 1043 1918 1089 sunt
1967 1033 2067 1087 usi.
2113 1030 2395 1098 Quomodo

807 1138 934 1190 ergo
963 1139 1120 1179 causa
1140 1125 1427 1195 impietatis
1453 1127 1554 1184 erit
1571 1127 1677 1192 illa,
1703 1142 1819 1197 qua:
1835 1126 1899 1179 ad
1922 1126 2012 1180 Dei
2038 1125 2392 1194 cognitionem

807 1227 906 1266 nos
933 1214 1216 1282 provehit?
1259 1215 1580 1269 Obtenebrati
1630 1225 1774 1278 sunt,
1807 1215 2006 1284 inquit,
2039 1217 2092 1268 in
2135 1217 2396 1286 cogitatio-

807 1303 953 1355 nibus
978 1305 1082 1357 suis
1113 1305 1437 1372 philosophi,
1469 1315 1516 1358 et
1543 1305 1831 1370 coluerunt,
1860 1314 1907 1358 et
1948 1306 2224 1358 servierunt
2258 1323 2398 1358 (τίνα-ο

808 1401 937 1444 tura:
966 1395 1130 1457 potius
1158 1411 1308 1464 quam
1336 1396 1550 1448 creatori
1583 1393 1754 1464 (Rom.
1787 1395 1839 1448 l.
1865 1395 1956 1449 21.
2129 1395 2396 1465 Nusquam

807 1481 1051 1538 diabolus
1093 1485 1195 1546 hic,
1232 1501 1488 1555 nusquam
1525 1485 1610 1540 hic
1632 1485 1864 1551 dmmon,
1895 1485 1990 1542 sed
2015 1498 2256 1542 creatura
2286 1489 2398 1540 sola

809 1573 1006 1628 divina:
1031 1575 1346 1644 cognitionis
1375 1577 1624 1646 magistra
1653 1578 1704 1630 in
1749 1577 1926 1632 medio
1977 1579 2247 1648 proposita
2294 1586 2395 1630 est.

811 1666 1052 1733 Quonam
1083 1681 1210 1735 ergo
1233 1675 1388 1736 pacto
1427 1682 1586 1722 causa
1619 1667 1904 1738 impietatis
1934 1677 2015 1722 est
2061 1667 2236 1722 facta?
2281 1665 2396 1720 Non

807 1769 876 1806 ex
908 1764 1098 1808 natura
1129 1769 1224 1808 sua
1241 1798 1256 1821 ,
1285 1756 1378 1811 sed
1401 1771 1464 1810 ex
1487 1771 1676 1812 eorum
1701 1757 1899 1812 incuria
1920 1800 1932 1822 ,
1965 1759 2051 1826 qui
2079 1755 2143 1810 ad
2167 1770 2250 1810 res
2275 1769 2398 1809 suas

805 1845 995 1900 attenti
1034 1861 1142 1901 non
1180 1857 1353 1903 erant.
1395 1849 1530 1915 Quid
1579 1849 1778 1919 igitur?
1813 1849 2145 1913 tollemusne,
2192 1861 2393 1916 qua-so,

807 1945 1112 1992 creaturam
1156 1939 1406 2008 quoque?

887 2027 1098 2081 Rectum
1120 2031 1456 2083 membrorum
1483 2045 1628 2082 usum
1655 2030 1932 2099 corrumpit
1961 2031 2182 2100 ignavia.
2205 2060 2278 2070 —
2295 2029 2401 2085 Sed

808 2119 934 2189 quid
963 2135 1063 2190 ego
1093 2120 1162 2175 de
1192 2132 1437 2176 creatura
1459 2121 1684 2191 loquor?
1711 2121 1794 2176 Ad
1821 2123 2058 2176 membra
2103 2133 2283 2176 nostra
2315 2139 2404 2178 ve-

811 2213 1018 2266 niamus
1051 2231 1064 2266 :
1093 2227 1217 2266 nam
1246 2221 1300 2266 et
1328 2213 1441 2282 ipsa
1487 2227 1702 2267 causam
1729 2227 1849 2268 esse
1893 2213 2202 2281 perditionis
2250 2225 2405 2280 repe-

810 2305 1034 2370 riemus,
1084 2304 1184 2358 nisi
1229 2305 1464 2358 animum
1511 2305 1864 2370 attendamus,
1919 2321 2021 2358 non
2071 2320 2134 2358 ex
2189 2305 2400 2374 propria

811 2405 1020 2460 natura,
1048 2395 1142 2450 sed
1171 2410 1236 2449 ex
1263 2395 1466 2464 ignavia
1493 2403 1693 2448 nostra.
1739 2395 1814 2448 Ac
1841 2393 1976 2456 vide,
1998 2409 2212 2462 quaeso;
2245 2393 2401 2446 datus

809 2495 893 2540 est
919 2486 1124 2550 oculus,
1153 2495 1211 2539 ut
1232 2496 1528 2539 creaturam
1559 2487 1788 2552 intuens,
1807 2485 2086 2540 Dominum
2104 2485 2398 2556 gloriﬁces;

809 2585 864 2630 at
889 2577 932 2632 si
957 2577 1110 2632 oculo
1141 2585 1285 2631 recte
1312 2592 1417 2631 non
1449 2579 1645 2644 utaris,
1692 2577 1936 2632 adulterii
1969 2577 2060 2632 tibi
2091 2577 2403 2633 conciliator

809 2667 1008 2722 evadit.
1049 2667 1252 2738 Lingua
1295 2684 1424 2722 vero
1450 2669 1570 2722 data
1593 2679 1672 2722 est
1701 2712 1713 2734 ,
1745 2679 1804 2722 ut
1830 2669 2036 2732 laudes,
2071 2681 2128 2723 ut
2167 2669 2406 2725 celebres

811 2771 1145 2825 creatorem;
1177 2769 1232 2813 at
1262 2761 1305 2814 si
1333 2769 1482 2815 recte
1513 2777 1616 2814 non
1645 2761 1908 2828 attendas,
1942 2761 2286 2830 blaSphemize
2313 2763 2405 2816 tibi

812 2851 872 2903 lit
916 2850 1246 2904 administra.
1289 2851 1474 2905 Manus
1521 2851 1657 2906 data:
1691 2863 1834 2918 sunt,
1879 2864 1933 2906 ut
1975 2853 2040 2906 ad
2077 2869 2262 2922 preces
2287 2854 2406 2908 illas

813 2941 1104 3006 extendas;
1138 2941 1232 2996 sed
1267 2943 1310 2996 si
1341 2943 1552 2997 sobrius
1601 2959 1706 2998 non
1762 2945 1855 3011 sis,
1906 2944 1971 2998 ad
2019 2945 2259 3014 rapinam
2313 2961 2404 3000 eas

816 3031 1080 3085 extendis.
1125 3031 1296 3086 Pedes
1321 3033 1427 3086 dati
1451 3042 1604 3098 sunt,
1633 3043 1691 3088 ut
1728 3035 1794 3088 ad
1817 3035 1953 3090 bona
1984 3051 2146 3105 opera
2175 3052 2360 3092 curras
2387 3055 2402 3103 ;

815 3121 910 3175 sed
956 3123 1002 3176 si
1048 3123 1319 3194 negligens
1350 3124 1541 3190 fueris,
1574 3141 1758 3180 eorum
1809 3142 1911 3196 ope
1956 3130 2122 3182 malas
2171 3130 2408 3183 actiones

819 3213 1151 3282 exsequeris.
1201 3213 1355 3268 Vides
1410 3215 1682 3270 inﬁrmum
1733 3227 1924 3272 cuneta
1980 3217 2222 3274 laedere?
2263 3219 2410 3275 vides

817 3300 1085 3357 inﬁrmum
1137 3305 1372 3361 remedia
1410 3307 1662 3361 salutaria
1701 3309 2025 3378 przeeipitem
2068 3309 2120 3363 in
2183 3319 2408 3364 mortem

817 3409 994 3466 agere,
1020 3411 1123 3452 non
1155 3413 1224 3452 ex
1245 3408 1430 3453 natura
1461 3413 1576 3466 sua,
1601 3399 1694 3455 sed
1728 3415 1795 3454 ex
1834 3399 1974 3455 illius
2005 3401 2408 3456 imbecillitate?

817 3487 1018 3542 Cielum
1049 3489 1288 3545 condidit
1327 3491 1491 3558 Deus,
1521 3500 1579 3545 ut
1627 3505 1761 3560 opus
1801 3491 2091 3557 admirans,
2125 3493 2408 3548 Dominum

817 3577 1071 3634 adorares
1092 3596 1108 3644 ;
1136 3589 1192 3634 at
1214 3581 1302 3634 alii
1320 3581 1594 3636 conditore
1614 3581 1867 3636 derelicto
1883 3583 2070 3638 caelum
2093 3583 2264 3653 ipsum
2282 3583 2413 3640 ado-

821 3679 1044 3726 rarunt:
1080 3671 1132 3726 id
1157 3687 1286 3726 vero
1316 3683 1532 3742 propter
1559 3689 1746 3728 eorum
1783 3675 2044 3744 ignaviam
2075 3685 2128 3730 et
2153 3675 2410 3746 insipien-

823 3763 948 3816 tiam
975 3762 1185 3818 accidit.
1228 3762 1330 3817 Sed
1362 3763 1488 3833 quid
1513 3779 1611 3834 ego
1639 3775 1934 3819 creaturam
1956 3765 2114 3820 dico?
2157 3765 2410 3821 Enimve-

821 3867 884 3907 ro
903 3851 1030 3922 quid
1059 3853 1528 3910 salutarius'cruee
1577 3857 1690 3910 ﬁeri
1741 3859 1941 3927 possit?
1968 3859 2112 3928 atqui
2148 3873 2278 3914 crux
2309 3858 2408 3912 ista

820 3943 1130 3999 scandalum
1171 3945 1394 4000 inﬁrmis
1439 3955 1520 4000 est
1565 3945 1704 4002 facta
1741 3967 1755 4002 ε
1795 3947 2013 4002 Verbum
2068 3951 2198 4003 enim
2245 3951 2410 4003 crucis

823 4037 1145 4108 pereuntibus
1183 4038 1382 4106 quidem
1428 4040 1639 4093 stultitia
1687 4051 1797 4104 est;
1841 4041 1904 4094 iis
1941 4051 2106 4095 autem
2149 4043 2234 4112 qui
2285 4041 2412 4095 salvi

823 4129 990 4200 ﬁunt,
1029 4127 1123 4183 Dei
1147 4129 1303 4184 virtus
1331 4139 1405 4183 est
1429 4131 1502 4201 (l.
1529 4129 1648 4186 Cor.
1681 4131 1734 4189 Ι.
1765 4132 1853 4202 ιδ)
1881 4148 1894 4196 ;
1928 4141 1982 4186 et
2026 4147 2239 4195 rursus,
2271 4131 2414 4185 Prw-

824 4221 1052 4274 dicamus
1074 4218 1328 4276 Christum
1349 4221 1680 4290 cruci/iscum,
1722 4221 1923 4277 Judaais
1959 4223 2160 4294 quidem
2202 4223 2416 4277 seanda-

825 4311 954 4376 lum,
983 4311 1210 4380 gentibus
1227 4321 1396 4365 autem
1419 4314 1682 4366 stultitiam
1712 4313 1786 4384 (l.
1825 4311 1945 4367 Cor.
1977 4315 2026 4368 l.
2049 4313 2162 4384 25).
2187 4315 2323 4382 Quid
2350 4315 2414 4370 ad

825 4401 1124 4456 docendum
1165 4402 1337 4472 aptius
1365 4403 1528 4457 Paulo
1573 4403 1694 4474 ﬁngi
1723 4406 1892 4473 possit
1930 4413 1983 4460 et
2024 4407 2321 4474 apostolis?
2363 4415 2418 4460 at

828 4495 918 4550 isti
961 4495 1187 4564 apostoli
1227 4495 1406 4548 multis
1434 4495 1567 4550 odor
1595 4497 1781 4550 mortis
1802 4507 1925 4552 sunt
1954 4497 2074 4553 lacti
2096 4517 2109 4552 :
2133 4500 2207 4553 ait
2237 4499 2414 4570 igitur,

827 4587 958 4640 Aliis
984 4585 1182 4656 quidem
1207 4585 1334 4638 odor
1364 4585 1542 4639 mortis
1573 4586 1625 4638 in
1667 4597 1878 4640 mortem
1901 4603 1920 4651 ;
1944 4589 2057 4642 aliis
2083 4600 2252 4643 autem
2292 4591 2417 4645 odor

827 4679 942 4730 υἱιω
961 4677 1013 4731 in
1035 4676 1187 4730 vitam
1205 4675 1282 4746 (2.
1311 4675 1428 4730 Cor.
1479 4675 1534 4730 2.
1575 4676 1690 4746 16).
1725 4677 1890 4733 Vides
1917 4679 2180 4733 inﬁrmum
2203 4698 2231 4735 a
2257 4682 2418 4736 Paulo

827 4771 987 4824 etiam
1007 4769 1149 4836 laedi,
1173 4767 1406 4823 validum
1433 4777 1609 4824 autem
1641 4784 1706 4824 ne
1733 4784 1760 4823 a
1794 4769 2009 4824 diabolo
2027 4773 2240 4841 quidem
2281 4775 2417 4828 allici

827 4859 1026 4914 damno
1044 4860 1068 4912 ?

901 4952 954 5005 4.
999 4949 1092 5004 Vis
1134 4952 1290 5004 etiam
1317 4951 1385 5006 de
1418 4950 1631 5007 Christo
1687 4967 1990 5009 sermonem
2047 4954 2422 5010 instituamus?

831 5043 966 5110 Quid
992 5057 1112 5096 eum
1143 5043 1227 5096 illa
1253 5043 1422 5097 salute
1451 5043 1679 5098 conferri
1699 5044 2043 5115 potest?quid
2075 5045 2164 5100 illo
2193 5047 2420 5100 adventu

833 5134 1194 5188 fructuosius?
1217 5133 1359 5202 atqui
1385 5133 1470 5188 hic
1491 5135 1604 5202 ipse
1626 5135 1887 5188 adventus
1911 5137 2158 5190 salutaris
2187 5147 2238 5190 et
2260 5139 2421 5204 utilis,

835 5227 1014 5280 mu‘tis
1038 5226 1273 5280 accessio
1297 5239 1572 5294 poenarum
1595 5233 1676 5278 est
1699 5224 1882 5279 factus.
1906 5225 1972 5279 In
1991 5225 2248 5296 judicium
2271 5229 2420 5294 enim,

835 5321 1024 5389 inquit,
1047 5320 1098 5371 in
1121 5318 1252 5370 hunc
1283 5319 1527 5370 mundum
1551 5317 1681 5383 veni,
1711 5326 1764 5369 ut
1807 5319 1892 5382 qui
1931 5335 2030 5371 non
2057 5319 2226 5371 vident
2246 5361 2260 5382 ,
2290 5321 2420 5373 vide-

834 5422 945 5476 ant,
977 5419 1024 5464 et
1049 5409 1138 5480 qui
1157 5409 1342 5474 vident,
1377 5409 1498 5462 ιτεθί
1522 5409 1652 5477 [iant
1680 5406 1860 5479 (Joan.
1888 5409 1938 5463 9.
1964 5409 2077 5480 59).
2127 5409 2264 5474 Quid
2310 5411 2425 5465 ais?

839 5519 927 5558 mx
954 5499 1214 5557 excitatis
1244 5513 1400 5553 causa
1425 5499 1559 5553 facta
1592 5499 1712 5554 est?
1742 5497 1856 5552 Non
1882 5499 1966 5552 lux
1998 5499 2134 5554 facta
2164 5509 2245 5553 est
2269 5515 2426 5554 causa

837 5595 1112 5658 ea'citatis,
1145 5590 1239 5646 sed
1268 5591 1538 5646 oculorum
1581 5591 1773 5646 anima:
1813 5591 2144 5646 imbecillitas
2193 5593 2432 5660 recipere

840 5686 1019 5740 lumen
1053 5701 1156 5740 non
1191 5683 1377 5740 valuit.
1421 5684 1578 5738 Vides
1617 5683 1884 5738 inﬁrmum
1908 5683 2143 5753 undique
2173 5682 2312 5749 laedi,
2343 5699 2432 5738 va-

841 5779 1007 5836 lidum
1034 5789 1206 5835 autem
1236 5778 1466 5850 undique
1497 5777 1774 5833 utilitatem
1805 5775 2128 5846 decerpere?
2156 5774 2285 5830 Nam
2319 5777 2434 5832 nbi-

841 5887 948 5947 quc
977 5873 1219 5930 Voluntas
1240 5883 1318 5928 est
1348 5873 1397 5927 in
1426 5887 1582 5927 causa
1601 5913 1615 5939 ,
1651 5869 1842 5942 ubique.
1887 5877 2126 5924 nostrum
2155 5867 2432 5924 arbitrium

1515 469 1570 524 S.
1611 465 1890 524 JOANNIS
1927 461 2396 521 ClliiYSOSTOMi
2441 461 2758 520 ARCIHEP.
2801 463 3334 520 CONSTANTLVOP.

3975 463 4084 519 ΞἩ.

2502 581 2584 626 est
2615 581 2802 624 auctor
2834 589 2846 624 :
2875 571 3300 640 quandoquidem
3332 570 3593 632 diabolus,
3627 571 3671 626 si
3721 587 3878 630 nosse
3927 579 4080 642 velis,

2500 664 2658 717 etiam
2693 662 2834 716 utilis
2860 663 3015 716 nobis
3059 675 3161 725 est,
3193 665 3236 718 si
3276 679 3360 728 eo,
3392 673 3548 735 prout
3595 673 3825 734 oportet,
3849 681 4081 732 utamur,

2501 769 2848 826 magnamque
2877 753 3032 808 nobis
3062 757 3343 812 utilitatem
3371 759 3546 826 parit,
3595 771 3766 826 neque
3817 759 4085 814 mediocre

2502 850 2656 903 nobis
2683 849 2804 902 inde
2829 847 3032 900 lucrum
3082 847 3318 902 obvenit.
3361 849 3762 906 llocu'mltoties
3797 859 3850 901 et
3877 863 3942 902 ex
3967 850 4086 918 ipso

2500 938 2602 993 lib
2631 941 2958 995 OSIeuilimus
2989 955 3001 990 :
3033 947 3208 1006 potest
3233 951 3410 995 autem
3437 957 3503 996 ex
3536 943 3650 1012 ipso
3679 957 3886 1010 quoque
3917 941 4084 996 Paulo

2503 1029 2722 1099 intelligi
2755 1048 2767 1082 :
2799 1031 2876 1086 sic
2901 1031 3041 1084 enim
3072 1030 3144 1082 ait
3190 1028 3256 1083 de
3295 1029 3616 1088 iornicatore
3646 1033 3881 1088 scribens
3907 1050 3922 1084 :
3953 1031 4086 1086 Tra-

2500 1121 2602 1174 dite
2631 1123 2926 1191 Imjusmodi
2953 1133 3145 1176 satana:
3169 1124 3220 1175 in
3252 1123 3511 1174 interitum
3539 1127 3729 1194 carnis,
3777 1135 3830 1179 nt
3874 1125 4084 1194 spiritus

2501 1211 2667 1264 salvus
2693 1213 2754 1263 sit
2781 1210 2856 1284 (Ι.
2885 1212 3002 1266 Cor.
3049 1213 3104 1268 5.
3150 1213 3226 1282 5).
3265 1212 3403 1266 Ecce
3454 1215 3614 1268 etiam
3675 1217 3860 1270 salutis
3900 1225 4088 1270 auctor

2504 1305 2671 1356 iactus
2697 1312 2778 1356 est
2805 1303 3072 1368 diabolus,
3107 1304 3310 1358 tametsi
3335 1319 3440 1358 non
3467 1320 3532 1358 ex
3566 1307 3730 1374 ipsius
3761 1319 3960 1375 mente,
3991 1307 4086 1362 sed

2505 1413 2569 1451 ex
2597 1396 2824 1450 artiﬁcio
2853 1399 3100 1465 apostoli.
3143 1398 3272 1451 Nam
3307 1398 3757 1467 quemadmodum
3787 1405 3978 1458 medici
4005 1403 4086 1456 vi-

2507 1503 2660 1556 peras
2689 1497 2922 1552 snmunt,
2954 1496 3004 1540 et
3034 1488 3345 1556 perniciosis
3375 1489 3628 1542 membris
3649 1494 3868 1547 resectis
3895 1495 4092 1548 theria-

2505 1593 2566 1630 ca
2597 1577 2980 1633 medicamenta
3005 1577 3292 1632 conﬁciunt
3319 1597 3332 1632 :
3363 1580 3432 1633 ita
3469 1595 3680 1650 quoque
3715 1583 3913 1640 Paulus
3935 1586 4088 1650 fecit;

2505 1667 2758 1738 quidquid
2787 1668 2958 1723 inerat
2985 1671 3110 1724 utile
3129 1686 3195 1724 ex
3225 1669 3371 1724 illato
3409 1685 3438 1723 a
3471 1670 3682 1726 diabolo
3707 1675 3968 1743 supplicio
3997 1691 4090 1730 su-

2507 1773 2658 1812 mens
2688 1761 2948 1830 reliquum
2971 1762 3172 1814 omisit.
3215 1760 3286 1816 Ut
3331 1761 3470 1814 enim
3525 1761 3787 1829 intelligas
3821 1780 3928 1816 non
3973 1781 4090 1818 esse

2505 1851 2690 1905 Salutis
2712 1863 2983 1908 auctorem
3014 1853 3302 1916 diabolum,
3332 1851 3422 1906 sed
3447 1851 3592 1904 illum
3613 1851 3663 1902 in
3689 1851 3738 1904 id
3761 1852 4088 1916 incubuisse,

2506 1955 2562 1999 ut
2593 1945 2865 2000 hominem
2899 1943 3148 2013 perderet
3177 1957 3240 1997 ac
3267 1942 3566 2006 devoraret,
3595 1942 3891 2006 apostolum
3913 1953 4092 1994 autem

2508 2038 2767 2105 sapientia
2795 2053 2886 2092 sua
2917 2037 3100 2106 gulam
3127 2036 3176 2090 ei
3206 2035 3453 2106 fregisse.
3485 2035 3606 2087 audi
3629 2033 3752 2103 quid
3781 2035 3831 2087 in
3857 2035 4091 2088 secunda

2509 2129 2573 2182 ad
2597 2129 2906 2182 Corinthios
2939 2127 3172 2198 Epistola
3203 2127 3270 2180 de
3300 2127 3486 2180 eodem
3543 2125 3860 2180 fornicatote
3915 2127 4050 2180 dicat
4077 2145 4090 2178 :

2513 2220 2823 2286 Con/innate
2850 2220 2900 2271 in
2929 2219 3074 2271 illum
3122 2218 3416 2280 caritatem,
3465 2234 3528 2269 ne
3570 2217 3699 2284 forte
3741 2217 4094 2270 abundantiori

2509 2309 2713 2360 tristitia
2739 2307 3066 2359 ubsOrbeatnr
3089 2307 3178 2375 qui
3193 2305 3444 2374 ejusmodi
3461 2316 3552 2366 est,
3574 2315 3618 2356 et
3647 2307 4096 2358 rircumrcniamnr

2509 2414 2538 2449 a
2585 2407 2764 2449 satana
2790 2395 2846 2467 (‘2
2877 2395 2995 2449 Cor.
3027 2395 3080 2448 9..
3111 2395 3159 2449 8.
3191 2395 3239 2447 7.
3273 2395 3360 2462 Η)
3388 2411 3400 2445 :
3430 2394 3794 2464 pra'ripiamns
3817 2411 3882 2449 cx
3909 2397 4096 2450 bellua:

2511 2487 2750 2540 faucibus
2773 2487 3064 2548 imminent,
3089 2486 3181 2538 ait.
3223 2483 3515 2552 Tamquam
3544 2485 3684 2538 enim
3707 2486 3958 2540 carniﬁce
3977 2503 4096 2554 per-

2511 2593 2652 2645 stt-pe
2674 2577 2886 2631 diabolo
2936 2591 3062 2630 usus
3110 2585 3192 2631 est
3238 2575 3544 2646 apostolus;
3599 2577 3874 2630 eat-mimos
3918 2587 4094 2631 autem

2515 2668 2788 2722 mali-ﬁcos
2813 2666 3028 2736 quidem
3057 2667 3281 2736 puniunt
3302 2709 3315 2730 ,
3350 2675 3403 2720 at
3433 2683 3536 2720 non
3579 2678 3832 2736 quantum
3893 2669 4095 2734 volunt,

2514 2759 2604 2811 sed
2636 2767 2890 2826 quantum
2925 2757 3133 2826 judices
3157 2759 3335 2811 sinunt
3366 2775 3378 2809 :
3409 2773 3472 2810 ea
3519 2760 3710 2828 quippe
3743 2759 3822 2812 lex
3869 2771 3949 2813 cst
3975 2777 4096 2816 car-

2516 2849 2704 2914 niﬁcis,
2741 2859 2797 2902 ut
2821 2849 2885 2902 ad
2905 2849 3100 2916 judicis
3123 2857 3306 2902 nutum
3329 2849 3605 2902 attendens
3638 2867 3844 2918 pouram
3885 2851 4095 2906 inferat.

2515 2941 2672 2993 Vides
2711 2940 2774 2993 ad
2817 2949 3068 3010 quantam
3119 2941 3420 2994 asctmderit
3459 2941 3726 3008 apostolus
3751 2942 4098 3010 dignitatem?

2512 3031 2610 3098 Qui
2662 3032 3022 3086 circumdatus
3069 3040 3186 3086 erat
3235 3047 3461 3101 corpore
3489 3031 3802 3102 incorporeo
3833 3041 4096 3103 tamquam

2513 3123 2762 3175 carniﬁce
2794 3123 3070 3188 utebatur;
3100 3131 3154 3176 et
3205 3122 3347 3192 quod
3401 3121 3614 3177 diabolo
3656 3126 3952 3178 communis
3995 3127 4098 3180 Do-

2517 3214 2690 3268 minus
2721 3214 2787 3268 de
2813 3213 2913 3268 Job
2961 3215 3030 3267 ita
3063 3215 3376 3284 prmcipiens
3417 3215 3508 3280 ait,
3539 3215 3712 3282 Tange
3735 3233 3941 3269 Carnem
3970 3219 4098 3286 ejus,

2517 3315 2854 3358 uerumtamen
2912 3305 3132 3357 animum
3158 3306 3267 3374 ejus
3292 3322 3354 3358 ne
3385 3307 3604 3376 tetigeris
3657 3306 3778 3375 (Job
3817 3308 3872 3361 2.
3903 3309 3957 3378 6)
3991 3325 4004 3360 :
4037 3309 4100 3362 li-

2519 3396 2674 3450 mites
2703 3411 3082 3462 ιιιοιιειιτειδςμιο
3121 3411 3394 3464 pcenarum
3437 3399 3803 3466 pra-scribens,
3865 3415 3934 3453 ne
3987 3415 4100 3454 cum

2519 3503 2716 3558 procax
2742 3497 2794 3542 et
2827 3485 3099 3542 ell'ra-nata
3126 3489 3194 3540 sit
3221 3487 3396 3542 bellua
3419 3530 3432 3553 ,
3487 3491 3798 3545 insolentius
3851 3493 4100 3560 impetum

2519 3577 2676 3631 faciat
2709 3593 2722 3630 :
2759 3577 2858 3631 hoc
2879 3578 3038 3630 etiam
3063 3578 3169 3646 agit
3195 3579 3466 3648 apostolus
3494 3595 3506 3630 :
3538 3597 3658 3634 cum
3689 3583 3828 3635 enim
3859 3582 4103 3636 tradidis-

2517 3679 2597 3723 set
2623 3669 2670 3722 ei
2695 3667 3074 3722 fornicatorem
3100 3711 3114 3734 ,
3145 3671 3236 3734 ait,
3267 3667 3333 3721 In
3388 3670 3646 3723 inte-itum
3693 3673 3860 3724 curuis
3881 3675 3956 3742 (l.
3982 3673 4098 3726 Cor.

2516 3761 2570 3816 5.
2611 3761 2666 3832 5)
2689 3803 2703 3823 ,
2733 3761 2837 3816 hoc
2862 3771 2964 3825 est,
2995 3763 3244 3816 Animam
3275 3762 3391 3830 ejus
3420 3777 3486 3816 ne
3519 3765 3772 3832 tetigeris.
3819 3764 3979 3819 Vides
4008 3782 4100 3818 au-

2515 3855 2818 3909 ctoritatcm
2848 3854 3022 3908 servi?
3077 3853 3193 3908 Noli
3231 3869 3358 3924 ergo
3387 3854 3654 3908 diabolum
3713 3857 3934 3922 timere,
3985 3859 4104 3912 licet

2519 3947 2866 4014 incorporeus
2887 3944 2956 3998 sit
2989 3963 3002 3997 :
3031 3945 3246 4014 impegit
3273 3946 3414 4000 enim
3440 3946 3674 4010 ;atnihil
3693 3947 4010 4002 imbecillius
4026 3963 4102 4004 est

2518 4053 2603 4100 eo,
2633 4036 2722 4105 qui
2752 4035 3028 4104 impegerit
3053 4076 3066 4098 ,
3101 4035 3224 4089 licet
3256 4035 3473 4088 minime
3513 4051 3736 4104 corpore
3767 4037 3834 4090 sit
3881 4039 4106 4093 circum-

2519 4127 2701 4192 datus;
2725 4126 3179 4196 quemadmodum
3224 4142 3396 4196 neque
3427 4127 3694 4181 robustius
3719 4139 3798 4182 est
3823 4131 4102 4198 quidquam

2523 4234 2609 4284 eo,
2641 4219 2728 4288 qui
2759 4219 2925 4272 libere
2947 4227 2999 4272 et
3020 4233 3145 4271 eum
3177 4217 3368 4272 ﬁducia
3401 4220 3567 4288 possit
3598 4235 3774 4290 agerc,
3803 4221 3926 4276 licet
3965 4238 4104 4278 mor-

2525 4315 2626 4366 tale
2652 4327 2844 4380 corpus
2866 4311 3224 4365 circumferat.

2597 4403 2649 4457 5.
2694 4403 2817 4456 ll.ee
2845 4418 2874 4456 a
2901 4417 2989 4458 me
3037 4417 3176 4458 nunc
3205 4401 3344 4458 dicta
3385 4412 3508 4457 sunt
3539 4403 3735 4468 omnia,
3765 4419 3872 4458 non
3905 4415 3962 4458 ut
3993 4405 4104 4460 dia-

2527 4495 2704 4549 bolum
2725 4495 2944 4549 crimine
2961 4495 3262 4559 liberarem,
3290 4494 3382 4550 sed
3401 4505 3457 4550 ut
3477 4511 3570 4550 vos
3596 4497 3662 4550 ab
3689 4496 3892 4564 ignavia
3917 4498 4110 4554 liberos

2526 4585 2805 4640 redderem
2829 4603 2840 4638 :
2862 4585 3118 4654 siquidem
3145 4601 3464 4656 magnopere
3491 4587 3763 4641 contendit
3793 4588 3898 4654 ille,
3926 4605 4111 4658 pecca-

2533 4689 2707 4732 torum
2735 4686 2791 4732 ut
2831 4685 3136 4730 nostrorum
3163 4677 3216 4729 in
3248 4677 3416 4746 ipsum
3443 4679 3652 4747 culpam
3681 4678 4025 4744 rejiciamus:
4058 4693 4110 4734 ut

2536 4770 2635 4823 bac
2687 4783 2781 4838 Spe
2806 4767 3006 4830 laetati,
3037 4779 3156 4819 eum
3183 4781 3340 4822 omne
3363 4783 3530 4836 genus
3557 4769 3822 4822 scelermn
3865 4785 4110 4838 pervase-

2529 4863 2711 4924 rimus,
2762 4859 2929 4913 multa
2971 4857 3231 4926 supplicia
3281 4858 3430 4913 nobis
3477 4873 3786 4927 augeamus,
3821 4875 3920 4915 nec
3951 4863 4104 4916 ultam

2532 4955 2650 5008 ideo
2673 4953 2880 5006 veniam
2913 4951 3277 5018 impetremus,
3310 4951 3451 5021 quod
3478 4951 3687 5018 culpam
3717 4953 3906 5008 incum
3933 4965 4106 5010 trans-

2532 5045 2828 5106 tulerimus,
2859 5043 2994 5096 sicut
3021 5057 3116 5095 nec
3139 5042 3244 5098 Eva
3277 5043 3596 5112 impetravit.
3621 5041 3728 5097 Nos
3753 5061 3877 5099 vero
3907 5065 4104 5117 nequa-

2531 5154 2687 5208 quam
2719 5137 2768 5190 id
2794 5149 3030 5204 agamus,
3059 5135 3150 5190 sed
3179 5151 3278 5191 nos
3308 5137 3451 5205 ipsos
3489 5151 3856 5203 {IgIIOSCitlllilS,
3892 5142 4105 5195 vulnera

2532 5241 2883 5298 agnoscamus
2926 5245 2938 5280 :
2967 5227 3042 5281 sic
3069 5229 3208 5282 enim
3235 5237 3290 5282 et
3311 5227 3692 5282 medicamenta
3721 5234 4014 5300 poterimus
4034 5233 4124 5286 ad-

2537 5323 2720 5375 bibere
2751 5337 2903 5374 :nam
2935 5322 3023 5390 qui
3049 5322 3293 5376 morbum
3319 5336 3423 5374 non
3457 5323 3623 5387 novit,
3645 5325 3774 5379 nihil
3799 5326 3866 5380 de
3893 5327 4108 5393 :egritu-

2536 5413 2660 5468 dine
2687 5413 2944 5468 sollicitus
2971 5414 3091 5468 erit.
3117 5413 3278 5468 Multa
3300 5415 3632 5481 peccavimus
3655 5433 3670 5481 ;
3690 5432 3800 5471 seio
3823 5417 4068 5486 equidem
4093 5431 4107 5480 ;

2537 5519 2722 5559 omnes
2771 5507 2911 5561 enim
2955 5507 3128 5576 pomis
3163 5505 3376 5560 obnoxii
3421 5519 3640 5571 sumus;
3687 5517 3740 5561 at
3765 5508 3918 5561 venia
3967 5511 4114 5564 nobis

2540 5607 2724 5666 negata
2767 5613 2872 5652 non
2904 5607 3006 5662 est,
3037 5613 3136 5651 nec
3165 5613 3194 5649 a
3237 5597 3543 5666 paenitentia
3573 5599 3868 5653 excidimus
3901 5615 3914 5648 :
3941 5599 4111 5656 adhuc

2540 5687 2678 5741 enim
2709 5696 2911 5742 stamus
2943 5687 2994 5740 in
3021 5698 3331 5751 scammate,
3363 5697 3416 5742 et
3443 5688 3492 5742 in
3521 5687 3848 5758 pmniteutia:
3869 5696 4112 5746 certami-

2541 5778 2694 5832 nibus
2723 5793 3019 5832 versamur.
3051 5777 3224 5832 Senex
3266 5792 3344 5842 es,
3377 5788 3428 5832 et
3456 5779 3520 5832 ad
3550 5779 3719 5848 ip~um
3755 5777 3961 5834 exitum
4001 5784 4110 5836 vita:

2545 5870 2828 5939 pervenisti
2851 5873 2871 5922 2’
2903 5869 2976 5924 .Ve
3010 5879 3115 5924 tum
3141 5869 3350 5942 quidem
3375 5887 3402 5924 a
3435 5867 3739 5940 pmuiteutia
3771 5879 3820 5926 te
3847 5873 4106 5929 arbitreris
