4408 6684
317 462 418 517 τοι

315 575 676 650 χειραγωγεῖ·
710 575 791 630 δτι
822 575 962 646 αὐτη
1001 573 1146 627 ποιεῖ
1169 572 1554 643 ἐπιγινώσκειν
1582 575 1674 628 τὸν
1707 575 1902 628 Δεσπό-
1953 593 1957 599 '

312 677 434 732 την.
469 660 534 713 Τί
555 656 669 726 οῦν,
702 659 798 713 ἐάν
843 659 1044 727 ἴδωμεν
1075 656 1175 726 τὴν
1215 657 1385 730 καλὴν
1412 657 1617 729 ταύτην
1651 657 1746 710 καλ⁵
1774 657 1902 711 θαυ-

316 743 552 815 μαστὴν,
585 743 755 812 αὐτὴν
786 739 1090 809 γενομένην
1131 739 1387 804 ἀσεϐείας
1434 741 1618 794 αίτίαν
1669 737 1898 802 πολλοῖς,

310 826 676 897 αἰτιασόμεθα
703 824 912 892 αὐτήν;
945 820 1230 890 Οὐδαμῶς,
1258 822 1372 875 ἀλλ’
1408 822 1652 884 ἐκείνους
1675 822 1802 884 τοὺς
1828 823 1899 894 μὴ

311 910 696 981 χρησαμένους
721 907 802 967 είς
821 904 940 957 δέον
969 903 1046 974 τῷ
1073 906 1370 977 φαρμάκῳ.
1391 905 1502 959 Ποῦ
1525 900 1618 958 οῦν
1649 905 1900 970 ἀσεϐείας

308 994 460 1048 αἰτία
483 993 622 1061 αῦτη
648 993 682 1059 ἡ
707 987 1130 1056 χειραγωγοῦσα
1152 988 1289 1058 πρὸς
1311 988 1676 1056 θεογνωσίαν;
1707 989 1901 1042 Ἐσκο-

308 1081 639 1143 τίσθησαν,
680 1073 868 1141 φησὶν,
904 1071 973 1123 ἐν
1006 1071 1129 1138 τοῖς
1155 1071 1572 1140 διαλογισμοῖς
1619 1072 1816 1125 αὐτῶν
1845 1076 1898 1125 ol

307 1161 663 1230 φιλόσοφοι,
689 1153 786 1206 καὶ
819 1153 1268 1222 ἐσεϐάσθησαν,
1301 1153 1400 1206 καὶ
1427 1152 1802 1221 ἐλάτρευσαν
1825 1153 1898 1221 τῇ

306 1245 508 1297 κτίσει
541 1234 702 1304 παρὰ
742 1239 849 1289 τὸν
893 1239 1204 1290 κτίσαντα.
1239 1235 1491 1304 Οὐδαμοῦ
1531 1236 1774 1300 διάϐολος
1813 1239 1899 1289 ἐν⁶

303 1325 502 1384 ταῦθα,
535 1319 775 1390 οὐδαμοῦ
809 1319 1018 1390 δαίμων
1051 1317 1312 1380 ἐνταῦθα,
1342 1318 1478 1370 ἀλλά
1523 1321 1700 1382 κτίσις
1730 1322 1810 1382 είς
1835 1319 1898 1372 τὸ

308 1410 478 1480 μέσον
531 1404 816 1475 πρόκειται
868 1404 1000 1474 μόνη
1053 1401 1373 1465 διδάσκαλος
1413 1401 1514 1472 τῆς
1544 1403 1893 1471 θεογνωσίας.

304 1491 437 1552 Πῶς
464 1488 594 1557 γοῦν
626 1487 846 1556 γέγονεν
881 1485 1138 1549 ἀσεϐείας
1162 1485 1342 1550 αίτία;
1367 1485 1442 1538 Ού
1472 1485 1624 1555 παρά
1645 1485 1743 1556 τὴν
1771 1487 1896 1538 ἐαυ-

304 1575 410 1643 τῆς
445 1571 628 1640 φύσιν,
657 1570 792 1623 ἀλλά
822 1569 976 1640 παρά
1023 1568 1123 1639 τὴν
1167 1567 1430 1637 ἀμέλειαν
1464 1566 1576 1620 τῶν
1620 1569 1694 1637 μὴ
1723 1585 1894 1639 προσ-

302 1657 564 1728 εχόντων.
599 1654 663 1706 Τί
710 1649 838 1717 οὖν;
871 1653 1245 1723 ἀναιρήσομεν
1273 1651 1370 1704 καὶ
1400 1649 1498 1720 τὴν
1544 1650 1742 1714 κτίσιν,
1775 1651 1895 1704 εἰπέ

312 1757 408 1813 μοι
430 1755 445 1804 ;

378 1855 490 1910 Καὶ
519 1853 572 1905 τί
600 1853 746 1919 λέγω
784 1851 912 1920 περί
943 1850 1041 1918 τῆς
1073 1848 1340 1912 κτίσεως;
1388 1849 1514 1901 Ἐπὶ
1544 1847 1610 1902 τά
1653 1847 1789 1919 μέλη
1822 1848 1896 1900 ἐλ-

301 1940 492 2007 θωμεν
542 1935 611 1988 τά
657 1931 932 2004 ἡμέτερα·
981 1931 1076 1983 καὶ
1108 1931 1216 1999 γάρ
1256 1933 1351 1984 καὶ
1386 1929 1562 1984 ταῦτα
1593 1931 1898 2002 εὑρήσομεν

299 2021 586 2082 ἀπωλείας
614 2018 784 2079 αἴτια,
815 2015 911 2068 ἐὰν
945 2014 1020 2083 μὴ
1057 2014 1434 2084 προσέχωμεν,
1469 2017 1528 2068 ού
1559 2012 1712 2086 [264]
1747 2014 1898 2084 παρά

298 2107 406 2177 τὴν
435 2102 646 2157 οἰκείαν
680 2099 737 2152 δὲ
763 2098 948 2177 φύσιν,
989 2093 1126 2147 ἀλλά
1158 2095 1307 2164 παρά
1351 2095 1448 2166 τὴν
1492 2097 1772 2168 ἡμετέραν
1808 2099 1898 2168 pg-

298 2173 524 2260 οᾴμιαν,
558 2182 759 2238 Σκόπει
790 2180 867 2233 δέ·
893 2173 1204 2247 Ὀφθαλμὸς
1235 2177 1409 2248 ἐδόθη,
1436 2178 1522 2230 ἴνα
1556 2179 1768 2249 βλέπων
1795 2181 1894 2250 τήν

299 2272 485 2326 κτίσιν
516 2267 746 2337 δοξάζῃς
792 2264 884 2316 τὸν
928 2261 1239 2331 Δεσπότηνο
1294 2261 1408 2314 ἀλλ’
1436 2263 1529 2315 ἐὰν
1583 2264 1658 2334 μὴ
1711 2263 1892 2326 καλῶς

297 2356 485 2426 χρήσῃ
513 2350 589 2420 τῷ
617 2344 904 2418 ὀφθαλμῷ,
942 2344 1188 2416 μοιχείας
1224 2360 1306 2396 σοι
1337 2344 1545 2410 γίνεται
1592 2345 1851 2415 πρόξενος
1875 2361 1889 2375 ο

295 2437 518 2507 γλῶττα
554 2435 612 2486 δέ
643 2431 822 2501 ἐδόθη,
854 2429 943 2483 ἵνα
974 2429 1252 2498 εὐφημῇς,
1289 2427 1376 2479 ἴνα
1409 2428 1586 2498 ὐμνῇς
1610 2429 1702 2480 τὸν
1736 2430 1893 2499 nom-

294 2524 431 2590 τήν·
464 2517 579 2573 ἀλλ’
605 2516 699 2569 ἐὰν
735 2513 812 2585 μὴ
854 2511 1036 2575 καλῶς
1086 2511 1381 2582 προσέχῃς,
1415 2510 1764 2582 βλασφημίας
1809 2529 1889 2564 σοι

295 2606 510 2673 γίνεται
540 2599 687 2653 αἰτία
708 2614 722 2628 ο
753 2601 936 2668 χεῖρες
961 2596 1019 2649 δὲ
1053 2594 1338 2666 ἐδόθησαν,
1375 2595 1462 2648 ἵνα
1492 2594 1776 2666 ἀνατείνῃς
1804 2596 1892 2648 αύ-

293 2689 400 2749 τάς
429 2687 510 2747 είς
544 2681 738 2750 εὐχάςο
790 2679 904 2732 ἀλλ’
941 2678 1036 2731 ἐάν
1085 2679 1160 2748 μὴ
1211 2679 1407 2749 νήφῃς,
1461 2679 1542 2740 είς
1581 2677 1890 2742 πλεονεξίαν

293 2769 468 2831 αὐτὰς
489 2764 750 2825 ἐκτείνεις
773 2778 783 2789 ο
810 2763 972 2824 πόδες
998 2760 1282 2830 ἐδόθησαν,
1310 2760 1397 2812 ἵνα
1422 2759 1625 2832 τρέχῃς
1651 2761 1730 2822 είς
1755 2759 1892 2813 καλὰ

287 2854 434 2923 ἔργα
455 2869 467 2881 ·
498 2847 614 2902 ἀλλ’
649 2845 742 2898 ἐὰν
769 2844 999 2914 ἀμελῇς,
1031 2843 1127 2906 τὰς
1163 2842 1407 2914 πονηράς
1441 2843 1508 2896 δι’
1537 2845 1721 2895 αὐτῶν
1750 2843 1891 2909 ἕξεις

294 2933 550 3005 πράξεις.
568 2930 734 3000 Ὁρᾷς
771 2929 854 2980 ὅτι
899 2927 992 2978 τὸν
1021 2926 1221 2996 ἀσθενῆ
1253 2927 1431 2979 πάντα
1459 2925 1723 2995 βλάπτει;
1760 2928 1893 2997 δρᾷς

291 3020 377 3072 ὅτι
399 3017 490 3070 τὸν
510 3011 712 3082 ἀσθενῆ
745 3010 837 3064 καὶ
864 3009 930 3062 τά
959 3010 1225 3079 φάρμακα
1247 3009 1315 3062 τά
1347 3012 1590 3081 σωτήρια
1615 3011 1695 3074 είς
1725 3011 1891 3063 θάνα-

291 3119 387 3155 τον
417 3095 705 3168 ἐμϐάλλει,
737 3093 799 3146 οὐ
825 3091 978 3161 παρά
1007 3092 1104 3162 τὴν
1132 3091 1339 3144 οἰκείαν
1362 3092 1546 3159 φύσιν,
1577 3093 1714 3146 ἀλλά
1739 3093 1891 3163 παρά

289 3184 393 3254 τήν
443 3179 731 3234 ἀσθένειαν
779 3175 876 3244 τὴν
926 3175 1180 3238 ἐκείνου;
1243 3174 1530 3243 Ἐποίησεν
1581 3176 1812 3244 οὐρανὸν
1860 3177 1889 3227 ό

289 3268 450 3328 Θεὸς,
486 3265 577 3316 ἵνα
611 3260 902 3330 θαυμάσας
938 3259 996 3312 τὸ
1042 3258 1203 3328 ἔργον
1251 3261 1635 3330 προσκυνήσῃς
1671 3259 1762 3310 τὸν
1795 3261 1889 3310 Δε-

291 3349 508 3416 σπότην
529 3362 541 3374 ·
574 3345 686 3397 ἀλλ’
715 3344 894 3412 ἕτεροι
923 3340 1013 3393 τὸν
1050 3340 1286 3412 Ποιητην
1322 3341 1571 3409 ἀφέντες,
1604 3341 1763 3394 αὐτὸν
1800 3341 1888 3394 τὸν

288 3431 523 3505 οὐρανὸν
552 3427 969 3499 προσεκύνησαν
993 3440 1006 3454 ⁸
1055 3424 1232 3477 ταῦτα
1278 3423 1336 3477 δὲ
1386 3425 1495 3478 ἀπὸ
1536 3424 1634 3494 τῆς
1668 3423 1890 3476 ἐκείνων

292 3514 569 3589 ῥᾳθυμίας
598 3527 656 3562 τε
688 3509 784 3562 καὶ
816 3508 1022 3570 ἀνοίας.
1043 3507 1205 3560 ’Λλλά
1250 3507 1304 3560 τί
1344 3507 1488 3576 λέγω
1526 3509 1738 3572 κτίσιν;
1783 3508 1892 3560 Καὶ

293 3598 405 3667 μὴν
440 3597 491 3647 τί
512 3592 606 3646 τοῦ
636 3589 870 3661 σταυροῦ
895 3589 1404 3661 σωτηριωδέστερον
1427 3590 1624 3657 γένοιτ’
1646 3590 1745 3654 άν;
1775 3590 1888 3642 ἀλλ’

289 3685 320 3734 6
361 3665 595 3747 σταυρὸς
636 3669 792 3734 οὐτος
830 3665 1126 3724 σκάνδαλον
1158 3674 1270 3734 τοῖς
1298 3673 1584 3725 ἀσθενοῦσι
1619 3673 1842 3740 γέγονεν
1868 3692 1882 3705 .

298 3762 368 3816 '0
402 3761 584 3828 ,λόγος
611 3757 721 3824 γὰρ
749 3758 781 3808 ό
808 3753 915 3808 τοῦ
951 3754 1222 3822 σταυροῦ
1273 3755 1396 3821 τοῖς
1444 3756 1563 3824 μὲν
1621 3757 1888 3810 ἀπολλυ-

280 3847 494 3916 μένοις
533 3840 722 3910 μωρία
773 3836 928 3898 ἐστὶ,
969 3835 1097 3902 τοῖς
1141 3836 1210 3889 δὲ
1244 3838 1601 3907 σωζομένοις
1634 3838 1887 3908 δύναμις

291 3928 449 3984 Θεοῦ
469 3944 484 3958 ⁸
512 3925 608 3978 καὶ
635 3923 797 3976 πάλιν
816 3936 831 3951 ’
867 3920 1274 3988 Κηρύσσομεν
1296 3922 1558 3989 Χριστὸν
1580 3923 1887 3989 ἐσταυρω-

285 4011 500 4082 μένον,
519 4006 833 4068 Ἰουδαίοις
866 4003 984 4072 μὲν
1016 4002 1390 4066 σκάνδαλον,
1437 4003 1640 4057 ἔθνεσι
1671 4004 1740 4058 δὲ
1766 4023 1886 4074 μω-

281 4095 454 4162 ρίαν.
493 4090 558 4144 Τί
609 4088 700 4142 τοῦ
745 4085 958 4140 Παύλου
1002 4083 1524 4154 διδασκαλικώτερον
1578 4087 1772 4152 γένοιτ’
1819 4087 1886 4139 ἂν

291 4179 391 4230 καὶ
440 4175 549 4228 τῶν
588 4169 938 4234 ἀποστόλων;
984 4168 1099 4222 ἀλλ’
1126 4170 1172 4220 οἱ
1220 4168 1506 4221 ἀπόστολοι
1552 4163 1699 4221 οῦτοι
1738 4170 1881 4239 ὀσμὴ

289 4259 528 4312 θανάτου
558 4260 672 4317 τοῖς
707 4253 922 4314 πολλοῖς
948 4252 1197 4318 ἐγένοντο
1218 4269 1230 4282 ο
1275 4253 1408 4322 φησι
1432 4251 1559 4319 γοῦν
1580 4270 1592 4282 ο
1634 4247 1735 4316 Οἷς
1766 4253 1883 4320 μὲν

287 4340 456 4408 ὀσμὴ
495 4337 756 4392 θανάτου
785 4338 871 4399 εις
903 4334 1185 4399 θάνατον,
1221 4329 1312 4400 οἷς
1340 4334 1408 4388 δὲ
1430 4335 1578 4401 ζωῆς
1602 4337 1688 4400 είς
1709 4335 1877 4399 ζωήν.

298 4425 468 4493 Ὁρᾷς
491 4423 572 4473 ὅτι
599 4421 628 4470 6
659 4418 758 4488 μὲν
784 4416 1015 4486 ἀσθενὴς
1041 4418 1136 4468 καὶ
1158 4418 1266 4469 ἀπὸ
1294 4417 1389 4470 τοῦ
1419 4419 1628 4470 Παύλου
1661 4419 1883 4487 βλάπτε-

285 4521 404 4569 ται,
433 4505 462 4556 δ
487 4503 543 4555 δὲ
575 4499 793 4570 ἰσχυρὸς
819 4498 937 4551 οὐδέ
964 4499 1072 4550 ἀπὸ
1103 4499 1195 4551 τοῦ
1227 4499 1476 4552 διαϐόλου
1510 4501 1811 4564 ἀδικεῖται;

357 4619 424 4672 δ’.
457 4618 643 4670 Βούλει
673 4619 766 4670 καὶ
794 4619 884 4672 ἐπί
915 4615 1010 4669 τοῦ
1035 4615 1271 4686 Χριστοῦ
1296 4617 1384 4668 τὸν
1409 4619 1565 4685 λόγον
1593 4618 1884 4688 γυμνάζω-

291 4719 430 4773 μεν;
477 4701 540 4752 Τί
579 4701 678 4770 τῆς
718 4702 993 4771 σωτηρίας
1023 4700 1240 4769 ἐκείνης
1275 4700 1422 4764 ίσον;
1456 4700 1508 4751 τί
1549 4701 1647 4768 τῆς
1685 4718 1884 4770 παρου-

289 4787 414 4848 σίας
456 4783 667 4850 ἐκείνης
715 4783 1166 4853 χρησιμώτερον;
1214 4782 1326 4834 ἀλλ’
1367 4782 1502 4852 αῦτη
1539 4785 1570 4851 ἡ
1609 4785 1881 4853 παρουσία

286 4874 322 4942 ἡ
360 4866 732 4938 σωτηριώδης,
765 4869 797 4936 ἡ
831 4867 1100 4936 χρησίμη,
1139 4866 1350 4928 πολλοῖς
1383 4865 1666 4937 προσθήκη
1715 4868 1878 4921 κολά-

287 4971 430 5016 σεως
476 4953 724 5019 γέγονεν’
780 4953 884 5015 Εἰς
932 4951 1115 5016 κρῖμα
1151 4949 1282 5018 γὰρ,
1319 4952 1502 5020 φησὶν⁷
1538 4950 1652 5019 ἐγὼ
1691 4948 1879 5020 ἦλθον

285 5040 376 5101 είς
439 5035 544 5087 τόν
593 5035 827 5101 κόσμον
867 5031 1101 5091 τοῦτον,
1156 5034 1258 5084 ἵνα
1307 5037 1361 5086 οί
1407 5034 1494 5103 μὴ
1541 5033 1878 5099 βλέποντες

291 5118 588 5187 βλέψωσι,
622 5119 717 5169 καὶ
752 5119 804 5170 01
837 5116 1180 5181 ,βλέποντες
1214 5119 1432 5185 τυφλοί
1473 5119 1778 5187 γένωνται.
1809 5120 1873 5171 Τί

287 5205 506 5271 λέγεις;
550 5200 611 5252 τὸ
659 5200 775 5268 φῶς
822 5198 1124 5270 πηρώσεως
1174 5200 1344 5253 αἴτιον
1398 5203 1657 5270 γέγονεν;
1711 5205 1783 5256 Ού
1821 5204 1877 5256 τὸ

289 5288 409 5355 φῶς
446 5282 744 5354 πηρώσεως
784 5285 954 5337 αἴτιον
985 5285 1226 5352 γέγονεν,
1271 5285 1447 5357 ἀλλ’ἢ
1485 5288 1738 5342 ἀσθένεια
1771 5291 1878 5343 τῶν

286 5367 586 5440 ὀφθαλμῶν
619 5365 718 5434 τῆε
751 5367 932 5437 ψυχῆς
959 5368 1021 5422 τὸ
1059 5367 1174 5437 φῶς
1207 5368 1566 5432 ὑποδέξασθαι
1599 5374 1698 5426 οὐκ
1737 5374 1880 5444 ἴσχυε

303 5471 420 5507 σεν.
479 5449 628 5514 Εἶδες
674 5453 754 5504 ὃτι
796 5454 1029 5526 ἀσθενὴς
1087 5455 1345 5508 πάντοθεν
1399 5454 1724 5524 βλάπτεται,
1760 5461 1788 5512 ό
1833 5460 1888 5512 δὲ

304 5541 530 5611 ἰσχυρὸς
576 5538 837 5593 πάντοθεν
865 5540 1192 5608 ώφελείταις
1230 5542 1507 5612 Πανταχοῦ
1542 5545 1650 5615 γάρ
1682 5548 1714 5615 ἡ
1751 5564 1888 5617 προ-

299 5627 518 5698 αίρεσις
562 5627 743 5690 αἰτία,
803 5628 1076 5698 πανταχοῦ
1119 5633 1153 5701 ή
1199 5631 1392 5701 γνώμη
1442 5632 1634 5701 κυρία·
1679 5633 1805 5687 ἐπεὶ
1859 5637 1888 5688 6

299 5714 570 5780 διάϐολος,
595 5718 642 5768 εί
679 5713 853 5784 βούλει
891 5715 1106 5785 μαθεῖν,
1135 5720 1228 5774 καὶ
1262 5721 1528 5792 χρήσιμος
1555 5722 1684 5793 ἡμῖν
1713 5721 1880 5788 ἐστιν,

301 5804 400 5855 ἐάν
441 5803 520 5866 είς
557 5803 674 5857 δέον
716 5800 864 5872 αὐτῷ
905 5803 1203 5876 χρώμεθα,
1253 5808 1347 5862 καὶ
1385 5809 1453 5864 τά
1495 5810 1702 5881 μεγάλα
1737 5812 1884 5882 ἡμᾶς

299 5890 541 5963 ὠφελεῖ,
575 5893 665 5948 καὶ
703 5891 1050 5965 κερδαίνομεν
1092 5897 1151 5949 ού
1200 5899 1263 5951 τά
1302 5900 1544 5968 τυχόντα,
1589 5901 1693 5953 Καὶ
1730 5901 1883 5955 τοῦτο

1304 455 1394 512 DE
1432 457 1728 514 DIABOLO
1769 455 2194 514 ΤΕΝΤΑΤΟΒΕ
2233 454 2466 513 ιιοιιιι..
2509 453 2575 516 ll.

3495 449 3604 508 903

2011 573 2295 642 ἐδείξαμεν
2342 569 2632 625 πολλοστὸν
2690 569 2783 623 καὶ
2833 567 2941 622 ἀπὸ
2974 564 3066 620 τοῦ
3104 562 3260 618 Ἰώϐο
3313 562 3489 629 ἔξεστι
3536 565 3602 618 δὲ.

2011 665 2106 718 καὶ
2143 662 2252 717 ἀπὸ
2278 661 2372 716 τοῦ
2413 662 2624 716 Παύλου
2673 661 2866 732 μαθεῖν
2891 678 2904 691 ·
2955 660 3082 731 περὶ
3126 657 3237 728 γὰρ
3268 655 3362 708 τοῦ
3395 672 3599 725 πεπορι-

2009 746 2265 809 νευκότος
2295 746 2522 817 γράφων
2548 746 2693 799 οὓτω
2722 745 2901 812 λέγει·
2942 743 3245 812 Παράόυτε
3273 739 3382 794 τὸν
3409 741 3602 794 τοιοῦοι

2007 845 2116 883 τον
2152 827 2233 892 τῷ
2265 826 2503 896 Σατανᾷ
2536 831 2624 894 εὶς
2655 828 2909 892 ὄλεθρον
2956 824 3068 893 τῆς
3097 824 3344 892 σαρκός,
3391 824 3492 876 ἵνα
3534 823 3600 876 τὸ

2008 911 2246 978 πνεῦμα
2292 911 2478 978 σωθῇ.
2523 911 2653 964 Ἰδού
2707 910 2802 963 καὶ
2852 909 3123 979 σωτηρίας
3177 907 3426 968 αίτιος’ό
3480 906 3600 959 διά-

2007 992 2162 1054 ϐολος
2189 992 2432 1060 γέγονεν,
2462 993 2576 1046 ἀλλ’
2604 994 2666 1046 οὐ
2697 992 2846 1063 παρὰ
2874 991 2970 1060 τήν
3003 990 3165 1046 αὐτοῦ
3191 989 3436 1058 γνώμην,
3465 988 3599 1040 ἀλλά

2008 1075 2159 1144 παρά
2191 1075 2289 1144 τὴν
2327 1078 2522 1147 τέχνην
2565 1075 2660 1129 τοῦ
2701 1074 3050 1128 Ἀποστόλυυ.
3100 1073 3365 1143 Καθάπερ
3406 1071 3516 1141 γάρ
3549 1072 3598 1123 οί

2010 1159 2184 1228 ἰατροὶ
2219 1158 2428 1227 ἐχίδνας
2479 1159 2852 1230 λαμϐάνοντες
2895 1158 2990 1210 καὶ
3037 1155 3104 1208 τά
3157 1155 3376 1226 ὀλέθρια
3419 1155 3599 1208 αὐτῶν

2005 1241 2402 1308 ἀποτέμνοντες
2474 1243 2642 1312 μέλη,
2700 1242 2769 1294 τά
2820 1240 3060 1310 θηριακά
3122 1239 3597 1302 κατασκευάζουσι

2007 1324 2307 1394 φάρμακα·
2341 1325 2483 1376 οῦτω
2518 1326 2614 1378 καὶ
2654 1328 2682 1378 ὁ
2715 1323 2931 1386 Παῦλος
2975 1321 3229 1391 ἐποίησεν
3251 1338 3266 1352 ⁶
3304 1323 3428 1374 ὅσον
3461 1322 3598 1392 χρή-

2007 1423 2166 1477 σιμον
2213 1405 2281 1476 ἦν
2331 1409 2439 1461 ἀπὸ
2486 1409 2584 1478 τῆς
2616 1407 2896 1470 κολάσεως
2927 1407 3026 1477 τῆς
3068 1405 3416 1476 ἐπαγομένης
3445 1405 3596 1476 παρὰ

2003 1490 2097 1543 τοῦ
2126 1489 2378 1543 διαϐόλου
2419 1489 2621 1552 λαϐὼν,
2647 1491 2708 1544 τὸ
2741 1489 2929 1542 λοιπὸν
2965 1490 3168 1542 εἴασεν.
3198 1489 3314 1540 Ἵνα
3342 1487 3450 1558 γάρ
3493 1487 3597 1557 μά-

2005 1574 2124 1645 θῃς,
2171 1573 2257 1626 ὅτι
2287 1571 2388 1642 οὐχ
2418 1573 2446 1624 ό
2479 1572 2724 1636 διάϐολος
2773 1573 2872 1642 τῆς
2925 1571 3204 1642 σωτηρίας
3249 1571 3442 1632 αἴτιος,
3481 1568 3595 1622 ἀλλ’

2003 1655 2268 1712 ἀπολέσαι
2319 1655 2414 1708 τόν
2459 1654 2743 1726 ἄνθρωπον
2787 1655 2880 1707 καὶ
2919 1657 3211 1708 καταπιεῖν
3249 1653 3536 1723 ἠπείγετο,
3568 1653 3598 1705 6

2001 1738 2056 1791 δὲ
2105 1737 2428 1802 Ἀπόστολος
2465 1736 2556 1790 διά
2599 1737 2699 1806 τῆς
2741 1737 2907 1790 αὐτοῦ
2955 1737 3150 1806 σοφίας
3196 1739 3295 1807 τὴν
3335 1736 3539 1806 λαίμην
3567 1746 3594 1775 ι

2003 1819 2152 1891 ["265]
2193 1820 2472 1888 ἐνέκοψεν,
2504 1821 2738 1873 ἄκουσον
2771 1823 2828 1872 ἐν
2856 1822 2922 1889 τῇ
2962 1819 3189 1891 δευτέρα
3216 1823 3282 1890 τῇ
3319 1819 3458 1888 πρὸς
3491 1820 3596 1871 Κοο

2004 1903 2242 1972 ρινθίους
2285 1902 2573 1974 Ἐπιστολῇ
2614 1903 2666 1955 τί
2714 1919 2848 1974 φησι
2885 1902 3015 1972 περὶ
3056 1902 3222 1954 αὐτοῦ
3250 1901 3346 1954 τοῦ
3391 1916 3598 1970 πεπορ·

2003 1986 2284 2049 νευκότοςο
2316 1987 2636 2057 Κυρώσατε
2679 1989 2768 2051 είς
2804 1985 2997 2040 αὑτὸν
3034 1985 3299 2054 ἀγάπην,
3339 1982 3424 2052 μή
3471 1999 3597 2047 πως

2003 2065 2079 2134 τῇ
2118 2071 2514 2138 περισσοτέρᾳ
2546 2071 2714 2137 λύπῃ
2760 2067 3072 2136 καταποθῇ
3103 2071 3136 2121 ό
3173 2065 3463 2131 τοιοῦτος,
3495 2064 3596 2118 καί

2003 2154 2535 2223 ,πλεονεκτηθῶμεν
2581 2154 2702 2208 ὑπὸ
2757 2153 2864 2206 τοῦ
2913 2150 3184 2206 Σατανᾶο
3239 2149 3594 2221 προεξαρπά·

2005 2248 2186 2303 σωμεν
2231 2235 2330 2306 τῆς
2390 2237 2678 2305 φάρυγγος
2737 2235 2833 2286 τοῦ
2884 2233 3078 2304 θηρίου
3128 2233 3219 2286 τὸν
3285 2231 3593 2302 ἄνθρωπον,

2003 2317 2186 2385 φησίν.
2236 2317 2324 2380 Ὠς
2353 2319 2461 2390 γάρ
2505 2319 2687 2388 δημίῳ
2725 2316 2992 2380 πολλάκις
3038 2317 3312 2387 ἐχρήσατο
3359 2315 3437 2384 τῷ
3479 2313 3598 2368 δια-

2001 2398 2142 2468 ϐόλῳ
2173 2401 2202 2452 ὁ
2242 2401 2590 2464 ’Λπόστολος·
2621 2404 2669 2454 οί
2698 2401 2755 2453 δὲ
2789 2401 2976 2471 δήμιοι
3010 2399 3303 2465 κολάζουσι
3340 2399 3439 2468 μὲν
3466 2398 3596 2462 τοὺς

1999 2483 2412 2554 ἡμαρτηκότας,
2451 2485 2512 2536 ο)
2569 2485 2673 2554 μὴν
2711 2485 2835 2536 ὅσον
2876 2483 3194 2554 βούλονται,
3248 2481 3364 2536 ἀλλ’
3389 2482 3512 2535 ὅσον
3544 2481 3592 2533 οἱ

1996 2566 2311 2631 δικάζοντες
2355 2568 2780 2639 ἐπιτρέπουσιν
2815 2562 2971 2630 οὗτος
3008 2566 3120 2637 γάρ
3158 2565 3356 2636 δημίου
3404 2565 3591 2635 νόμος,

1997 2647 2074 2717 τῷ
2105 2650 2339 2720 νεύματι
2375 2650 2472 2704 τοῦ
2517 2649 2775 2704 δικαστοῦ
2822 2649 3164 2721 προσέχοντα
3208 2647 3590 2718 τιμωρεῖσθαι.

2000 2727 2151 2795 Εἶδες
2190 2734 2268 2797 είς
2295 2734 2418 2786 ὅσον
2447 2733 2668 2804 ἀξίωμα
2695 2731 2864 2802 ἀνέϐη
2889 2733 2917 2784 ό
2950 2730 3306 2795 Ἀπόσιολος;
3343 2729 3402 2783 ὐ
3435 2729 3597 2798 σῶμα

2002 2817 2380 2888 περικείμενος
2407 2817 2486 2888 τῷ
2520 2817 2803 2888 ἀσωμάτῳ
2835 2817 2911 2879 ὡς
2955 2815 3137 2885 δημίῳ
3177 2815 3468 2886 ἐχρήσατο,
3502 2814 3594 2866 καὶ

1999 2899 2137 2971 ὅπερ
2169 2902 2197 2953 6
2233 2901 2405 2963 κοινὸς
2446 2903 2727 2971 Δεσπότης
2764 2899 2913 2968 λέγει
2953 2898 3030 2968 τῷ
3081 2898 3312 2968 διαϐόλῳ
3340 2897 3469 2967 περὶ
3499 2894 3593 2949 τοῦ

2013 2981 2155 3048 Ἰὼϐ,
2194 2984 2586 3054 παραγγέλλων
2621 2983 2818 3048 οὓτως,
2851 2982 3030 3050 "Ag-ac
3071 2981 3182 3047 τῆς
3215 2980 3445 3048 σαρκὸς
3488 2981 3595 3033 αὑ·-

1999 3066 2127 3125 τοῡ,
2192 3067 2362 3132 πλὴν
2422 3065 2529 3133 τῆς
2582 3065 2794 3136 ψυχῆς
2845 3064 3034 3119 αὑτοῦ
3090 3065 3170 3130 μὴ
3231 3063 3389 3131 ἅψῃ,
3429 3064 3590 3134 ὅρους
3669 3089 3671 3091 -

1998 3149 2150 3219 αὐτῷ
2181 3149 2360 3212 διδοὺς
2396 3149 2492 3202 καί
2527 3150 2705 3220 μέτρα
2738 3147 3042 3220 τιμωριῶν,
3077 3148 3164 3199 ῖνα
3199 3147 3276 3218 μὴ
3321 3147 3592 3217 προπετὲς

1995 3231 2056 3283 ὃν
2086 3231 2148 3284 τὸ
2177 3231 2368 3302 θηρίον
2396 3231 2886 3302 ἀναισχυντότερον
2922 3231 3263 3302 ἐπιπηδήσῃ,
3300 3228 3460 3283 τοῦτο
3497 3229 3594 3282 καὶ

1995 3313 2023 3365 6
2062 3314 2386 3378 Ἀπόστολος
2421 3317 2597 3367 ποιεῖ·
2637 3313 2914 3384 παραδοὺς
2943 3313 3054 3384 γάρ
3085 3312 3234 3382 αὐτῷ
3263 3313 3353 3366 τὸν
3388 3329 3592 3382 πεπορ-

1997 3397 2260 3460 νευκότα,
2303 3397 2488 3467 φησίν·
2538 3400 2643 3463 Είς
2701 3397 2958 3464 ὄλεθρον
2990 3395 3102 3464 τῆς
3145 3397 3412 3464 σαρκόςο
3446 3394 3592 3448 τοῦτ’

1999 3478 2136 3544 ἐστι,
2186 3478 2302 3548 Τῆς
2345 3479 2556 3548 ψυχῆς
2581 3478 2774 3534 αὐτοῦ
2801 3479 2889 3548 μὴ
2919 3479 3068 3548 ἅψῃ.
3105 3473 3257 3542 Εἶδες
3303 3477 3591 3532 αύθεντίαν

1997 3562 2242 3625 οἱκέτου;
2283 3563 2374 3633 Μὴ
2405 3562 2583 3615 τοίνυν
2614 3561 2782 3630 φοϐοῦ
2812 3565 2903 3614 τὸν
2929 3561 3196 3625 διάϐολον,
3226 3560 3329 3614 κάν
3362 3560 3589 3630 ἀσώμα-

1995 3661 2085 3708 τος
2219 3646 2592 3715 προσέκρουσε
2635 3648 2770 3712 γάρ·
2801 3646 2955 3698 οὐδὲν
2995 3646 3050 3698 δὲ
3088 3644 3180 3698 τοῦ
3217 3662 3592 3715 προσκεκρουο

1995 3727 2150 3789 κότος
2181 3727 2590 3799 ἀσθενέστερον,
2628 3729 2732 3781 κάν
2773 3729 2849 3799 μη
2889 3728 3048 3799 σῶμα
3091 3729 3476 3800 περικείμενος

1993 3809 2181 3880 ὥσπερ
2228 3806 2320 3864 οὖν
2376 3811 2528 3864 οὐδὲν
2564 3811 2656 3864 τοῦ
2705 3813 3022 3882 παρρησίαν
3057 3811 3272 3881 ἔχοντος
3311 3813 3590 3883 ἰσχυρότε-

1999 3911 2112 3964 ρον,
2142 3893 2244 3947 κάν
2288 3893 2449 3965 σῶμα
2480 3895 2756 3968 περιφέρῃ
2782 3895 2996 3966 θνητόν.

2067 4060 2128 4107 ε’.
2164 4052 2352 4107 Ταῦτά
2387 4070 2479 4124 μοι
2519 4053 2697 4106 πάντα
2718 4051 2935 4124 εἴρηται
2959 4050 3076 4116 νῦν,
3108 4053 3205 4122 οὐχ
3236 4053 3328 4108 ἴνα
3355 4052 3448 4106 τδν
3470 4053 3588 4108 διά·

1994 4136 2152 4190 ϐολον
2203 4137 2569 4208 ἐγκλημάτων
2615 4136 2930 4200 ἀπαλλάξω,
2985 4136 3100 4189 ἀλλ’
3131 4137 3216 4190 ἵνα
3251 4138 3394 4208 ὑμᾶς
3439 4138 3590 4189 ἐλευ-

1993 4219 2222 4290 θερώσω
2266 4220 2365 4290 τῆς
2421 4219 2713 4289 ῥᾳθυμίας.
2765 4221 2876 4272 Καὶ
2929 4220 3036 4288 γὰρ
3084 4220 3290 4291 σφόδρα
3339 4221 3589 4291 βούλεται

1989 4301 2196 4364 ἐκεῖνος
2226 4301 2333 4353 τῶν
2364 4302 2646 4372 ἡμετέρων
2678 4301 3096 4370 ἁμαρτημάτων
3129 4304 3214 4354 ἐπ’
3242 4305 3404 4356 αὐτὸν
3433 4305 3588 4373 ἄγειν

1988 4385 2086 4453 τὴν
2119 4385 2320 4446 αἰτίαν,
2355 4385 2440 4436 ἵνα
2481 4384 2708 4446 ταύταις
2744 4386 2863 4446 ταῖς
2888 4385 3072 4436 ἐλπίσι
3105 4387 3452 4456 τρεφόμενοι,
3491 4393 3588 4443 καὶ

1989 4469 2096 4521 πᾶν
2135 4463 2273 4530 εἶδος
2310 4467 2508 4529 κακίας
2540 4467 2806 4529 ἐπιόντες,
2845 4467 3049 4537 πολλήν
3090 4467 3419 4540 αὐξήσωμεν
3461 4473 3583 4526 καθ’

1989 4551 2199 4604 ἑαυτῶν
2237 4551 2337 4620 τὴν
2367 4551 2615 4615 κόλασιν,
2644 4550 2906 4621 οὐδεμιᾶς
2941 4553 3305 4623 τυγχάνοντες
3341 4555 3586 4624 συγγνώ-

1992 4652 2100 4704 μης
2154 4634 2262 4688 ἀπὸ
2309 4633 2403 4687 τοῦ
2462 4634 2812 4704 μετατιθέναι
2857 4634 2944 4690 ἐπ’
2989 4636 3152 4688 αὐτὸν
3217 4636 3314 4708 τὴν
3371 4639 3581 4691 αἰτίαν·

1989 4716 2180 4789 ὥσπερ
2207 4713 2299 4770 οὖν
2339 4717 2460 4770 οὐδὲ
2491 4719 2524 4787 η
2557 4716 2669 4770 Εῦα
2704 4719 2911 4788 ἔτυχεν.
2949 4718 3090 4771 Ἀλλ’
3117 4721 3284 4790 ἡμεῖς
3316 4721 3392 4791 μὴ
3428 4722 3587 4774 τοῦτο

1990 4800 2254 4870 ποιῶμεν,
2306 4800 2422 4852 ἀλλ’
2471 4800 2788 4871 ἐπιγνῶμεν
2837 4803 3102 4866 ἑαύτους,
3153 4804 3465 4874 ἐπιγνῶμεν
3517 4807 3583 4858 τά

1989 4883 2313 4956 τραύματα·
2362 4882 2506 4935 οῦτω
2547 4883 2657 4954 γάρ
2711 4885 2802 4936 καὶ
2855 4887 2924 4938 τά
2984 4887 3257 4956 φάρμακα
3309 4889 3582 4940 ἐπιθεῖναι

1986 4966 2362 5036 δυνησόμεθα·
2416 4968 2445 5018 6
2494 4966 2601 5046 γάρ
2665 4970 2766 5036 τὴν
2832 4968 2989 5020 νόσον
3052 4971 3262 5036 ἀγνοῶν
3322 4972 3583 5042 οὐδεμίαν

1988 5052 2274 5121 ποιήσεται
2332 5050 2428 5120 τῆς
2478 5050 2790 5121 ἀρρωστίας
2842 5052 3183 5122 ἐπιμέλειαν.
3230 5055 3582 5126 Ἠμάρτομεν

1987 5135 2186 5188 πολλά·
2223 5130 2339 5187 οἴδα
2375 5133 2530 5202 κάγώ
2550 5153 2562 5164 ο
2595 5136 2796 5200 πάντες
2827 5138 2935 5207 γάρ
2961 5139 3127 5208 ἐσμεν
3153 5141 3209 5192 ἐν
3246 5142 3542 5212 ἐπιτιμίοις
3563 5159 3576 5174 ·

1985 5219 2099 5272 ἀλλ’
2140 5218 2239 5270 οὐκ
2282 5219 2708 5289 ἀπεστερήμεθα
2757 5221 3111 5292 συγγνώμης,
3160 5224 3280 5276 οὐδὲ
3324 5225 3580 5288 ἐξεπέσο.

1987 5319 2088 5373 μεν
2127 5303 2415 5372 μετανοίας
2435 5320 2446 5331 ·
2479 5303 2556 5355 ἐτι
2585 5303 2694 5374 γάρ
2731 5306 2787 5356 ἐν
2817 5303 2895 5374 τῷ
2930 5307 3216 5376 σκάμματι
3244 5309 3578 5378 ἑστήκαμεν,

1987 5387 2080 5440 καὶ
2119 5387 2175 5439 ὲν
2203 5391 2310 5451 τοῖς
2360 5387 2533 5454 ἀγῶσι
2565 5387 2661 5455 τῆς
2699 5389 2989 5454 μετανοίας
3025 5390 3209 5458 ἐσμέν.
3253 5391 3435 5459 Γέρων
3471 5388 3521 5444 εἶ
3548 5394 3576 5432 b

1987 5471 2081 5524 καὶ
2117 5471 2252 5543 πρὸς
2282 5472 2379 5540 τὴν
2412 5469 2648 5540 ἐσχάτην
2693 5471 3015 5540 ἀπήντηκας
3053 5470 3266 5536 ἐξοδον;
3303 5471 3394 5541 Μὴ
3418 5475 3567 5544 νομί-

1991 5569 2088 5624 σῃς
2122 5552 2256 5625 μηδέ
2287 5552 2457 5615 οῦτως
2485 5553 2899 5606 ἐκπεπτωκέναι
2934 5554 3248 5623 μετανοίας,
3283 5556 3415 5626 μηδὲ
3449 5559 3577 5612 ἀπο-

2048 5769 2073 5830 !
2097 5768 2218 5830 Reg.
2247 5775 2297 5813 nl.
2323 5766 2461 5818 Colb.
2487 5765 2656 5830 λύμην,
2682 5771 2938 5820 mendoso.

1985 5829 2074 5955 iCb
2100 5833 2180 5940 Βῐίι·
2225 5830 2344 5893 l‘u‘g.
2397 5835 2448 5878 cl
2474 5829 2612 5880 (20").
2652 5839 2806 5882 ferto.
2837 5832 2960 5883 Edil.
3013 5837 3180 5885 Morel.
3219 5835 3430 5896 γεγωνεῖ,
3458 5852 3547 5902 per

2007 5909 2018 5934 ι
2053 5907 2120 5942 ral
2163 5929 2170 5939 .
