4446 6714
849 461 955 517 265

842 645 1048 717 λῃστήν
1075 646 1167 698 τὸν
1194 648 1252 697 ἐν
1301 647 1379 717 τῷ
1427 649 2149 725 παυρῷνέλευθερωθέντα.
2191 653 2257 705 Τί
2303 653 2414 724 γὰρ

843 727 939 796 τῆς
975 726 1121 796 ὥρας
1147 727 1359 798 ἐκείνης
1401 728 1752 804 βραχύτερον,
1782 735 1902 787 καθ’
1925 735 1990 805 ἥν
2018 734 2410 804 ἐστεφανοῦτος

845 810 959 862 ἀλλ’
982 810 1130 887 ὅμως
1165 809 1399 878 ἤρκεσεν
1431 811 1581 880 αὐτῷ
1633 813 1724 865 καὶ
1758 814 1898 886 αὐτη
1937 817 2073 887 πρὸς
2117 815 2408 887 σωτηρίαν.

843 891 984 952 Νέος
1013 885 1090 954 εἷς
1142 889 1217 960 μὴ
1264 890 1542 964 θαρσήσῃς
1573 895 1638 963 τῇ
1695 897 1944 966 νεότητι,
1985 885 2133 967 μηδὲ
2186 885 2412 968 νομίσῃς

845 971 1036 1040 ἱκανὴν
1065 970 1210 1040 ἔχειν
1247 972 1583 1043 προθεσμίαν
1613 977 1711 1045 τῆς
1760 976 1935 1047 ζωῆς
1973 979 2033 1031 Ἠ
2077 983 2188 1048 γὰρ
2227 979 2414 1048 ἡμέρα

841 1053 1062 1118 Κυρίου
1091 1055 1172 1118 ὡς
1199 1054 1465 1121 κλέπτης
1488 1056 1558 1107 ἐν
1583 1059 1782 1122 νυκτὶ,
1814 1060 1999 1124 οὕτως
2027 1061 2284 1128 ἔρχεται.
2317 1063 2414 1115 Διά

839 1133 996 1185 τοῦτο
1028 1134 1222 1203 ἄδηλον
1257 1136 1412 1206 ήμῶν
1439 1139 1660 1209 ἐποίησε
1696 1141 1790 1210 τὴν
1819 1141 2096 1209 τελευτὴν,
2124 1142 2210 1194 ἵνα
2244 1144 2413 1213 δήλην

839 1215 1198 1284 ποιησώμεθα
1247 1217 1346 1287 τὴν
1406 1220 1640 1290 σπουδὴν
1687 1221 1780 1273 καὶ
1838 1222 1936 1290 τὴν
1991 1222 2265 1291 πρόνοιαν.
2304 1227 2415 1296 Οὐχ

837 1296 973 1365 δρᾷς
1006 1297 1218 1367 ἀώρους
1245 1298 1369 1352 καθ’
1399 1301 1634 1371 ἑκάστην
1662 1302 1871 1372 ἡμέραν
1898 1304 2413 1373 άναρπαζομένουςς

838 1377 928 1431 διὰ
965 1378 1122 1433 τοῦτο
1160 1385 1415 1453 παραινεῖ
1457 1401 1574 1445 τις*
1613 1383 1709 1449 Μὴ
1761 1384 2020 1452 ἀνάμενε
2056 1385 2415 1454 ἐπιστρέψαι

839 1460 992 1526 πρὸς
1040 1462 1277 1527 Κύριον,
1325 1463 1481 1530 μηδὲ
1527 1463 1876 1518 ἀναϐάλλου
1920 1465 2146 1534 ἡμέραν
2171 1467 2239 1531 ἐξ
2270 1469 2417 1536 ἡμέ-

837 1557 968 1606 bac.
999 1545 1073 1612 μή
1114 1561 1265 1608 ποτε,
1301 1545 1376 1606 ὡς
1409 1545 1646 1614 μέλλεις,
1675 1546 1956 1618 ἐκτριϐῇς.
1984 1549 2042 1600 '0
2064 1549 2240 1619 γέρων
2263 1548 2413 1621 [266]

840 1622 1054 1692 ἐκείνην
1082 1623 1252 1692 ἐχέτω
1279 1626 1378 1694 τὴν
1423 1626 1744 1697 παραίνεσιν
1763 1646 1777 1660 ·
1807 1631 1837 1682 6
1864 1631 1982 1693 νέος
2011 1631 2215 1700 ταύτην
2246 1632 2417 1701 ἐχέτω

837 1703 938 1772 τὴν
966 1703 1266 1758 νουθεσίαν.
1304 1705 1444 1760 Ἀλλ’
1488 1711 1546 1762 ἐν
1589 1710 1860 1781 ἀσφαλείᾳ
1889 1708 1961 1772 εἴ,
1999 1713 2092 1765 καὶ
2127 1713 2374 1776 πλουτεῖς
2397 1752 2413 1776 ,

837 1785 935 1838 καὶ
977 1787 1152 1856 κομᾷς
1194 1789 1472 1858 χρήμασι,
1513 1792 1607 1844 καὶ
1636 1793 1790 1844 οὐδέν
1822 1810 1902 1845 σοι
1955 1794 2162 1860 γίνεται
2207 1795 2410 1860 δεινόν;

843 1867 960 1920 ἀλλ’
985 1867 1216 1921 ἀκουσου
1248 1871 1300 1923 τί
1340 1889 1504 1940 φησιν
1526 1875 1554 1925 6
1589 1874 1798 1933 Παῦλος
1817 1888 1831 1901 ’
1859 1875 2034 1926 Ὅταν
2060 1876 2130 1927 δὲ
2153 1876 2415 1945 λέγωσιν

841 1949 1093 2016 εἰρήνην
1125 1951 1224 2002 καί
1283 1952 1643 2019 ἀσφάλειαν,
1696 1955 1828 2006 τότε
1877 1956 2176 2022 αἰφνίδιος
2209 1959 2415 2024 αὐτοῖς

841 2029 1153 2096 ἐφίσταται
1205 2030 1468 2097 ὄλεθρος.
1515 2033 1723 2098 Πολλῆς
1776 2035 1939 2104 γέμει
1996 2038 2301 2107 μεταϐολῆς
2349 2041 2416 2094 τά

841 2112 1141 2181 πράγματα
1162 2129 1174 2141 ·
1197 2113 1298 2164 οὐκ
1321 2114 1486 2182 ἐσμὲν
1508 2112 1687 2184 κύριοι
1707 2118 1802 2186 τῆς
1822 2117 2079 2190 τελευτῆς
2094 2136 2106 2148 ·
2132 2121 2417 2190 γενώμεθα

843 2192 1019 2263 κύριοι
1046 2193 1145 2261 τῆς
1190 2193 1392 2264 άρετῆς
1416 2212 1430 2224 ο
1467 2195 1847 2265 φιλάνθρωπός
1881 2201 2029 2254 ἐστιν
2067 2204 2096 2255 6
2141 2205 2417 2273 Δεσπότης

843 2273 1000 2343 ἡμῶν
1033 2274 1288 2344 Χριστός.

912 2355 1176 2408 Βούλεσθε
1207 2354 1347 2408 εἴπω
1388 2359 1479 2408 καὶ
1509 2357 1799 2425 μετανοίας
1825 2356 2005 2418 όδούςς
2035 2357 2233 2408 Πολλαί
2270 2361 2412 2420 τινὲς

845 2441 945 2490 εἰσι
986 2438 1080 2490 καὶ
1123 2437 1359 2489 ποικίλαι
1398 2437 1491 2489 καὶ
1529 2437 1794 2508 διάφοροι,
1829 2439 1924 2490 καὶ
1953 2440 2124 2491 πᾶσαι
2155 2440 2290 2508 πρὸς
2321 2440 2412 2492 τὸν

840 2519 1062 2588 οὐρανὸν
1130 2520 1407 2590 φέρουσιν.
1467 2519 1624 2571 Ἐστι
1684 2517 1878 2589 πρώτη
1943 2520 2228 2590 μετανοίας
2290 2521 2408 2584 όδδς

839 2601 1250 2672 ἁμαρτημάτων
1272 2603 1614 2668 κατάγνωσις
1632 2619 1646 2632 ο
1663 2601 1811 2670 Λέγε
1832 2602 1940 2672 γάρ
1959 2602 2041 2655 σὺ
2064 2601 2293 2671 πρῶτος
2310 2604 2415 2668 τὰς

838 2681 1125 2749 ἁμαρτίας
1157 2696 1296 2745 σου,
1330 2683 1430 2734 ἵνα
1464 2681 1812 2749 δικαιωθῇς·
1846 2683 1926 2736 διὸ
1953 2684 2048 2737 καὶ
2071 2685 2101 2736 6
2130 2687 2418 2755 προφήτης

838 2763 975 2834 ἔφη’
1019 2765 1204 2818 Είπα·
1249 2765 1651 2833 Ἐ’ξιιγορεύσω
1679 2767 1804 2818 κατ’
1829 2765 1976 2834 ἐμοῦ
2015 2766 2130 2833 τὴν
2163 2767 2420 2836 ἀνομίαν

837 2863 954 2916 μου
991 2845 1071 2911 τῷ
1102 2847 1312 2914 Κυρίῳ,
1344 2847 1443 2900 καὶ
1472 2847 1553 2900 σὺ
1575 2846 1816 2916 ἀφῆκας
1849 2847 1964 2914 τὴν
1992 2848 2278 2902 ἀσέϐειαν
2306 2849 2419 2916 τῆς

837 2927 1086 2993 καρδίας
1126 2945 1267 2996 μου.
1301 2927 1626 2996 Κατάγνωθι
1651 2929 1829 2981 τοίνυν
1861 2929 1954 2982 καὶ
1985 2930 2048 2982 σύ
2084 2930 2195 2982 τῶν
2237 2931 2418 3001 ήμαρ-

837 3010 1086 3080 τημένων
1107 3026 1120 3038 ·
1153 3011 1312 3080 ἀρκεῖ
1343 3009 1498 3063 τοῦτο
1528 3010 1606 3079 τῷ
1635 3011 1881 3083 Δεσπότῃ
1908 3011 2044 3081 πρὸς
2083 3011 2378 3080 ἀπολογίαν
2397 3028 2412 3041 ·

838 3094 868 3147 6
904 3091 1015 3162 γὰρ
1068 3093 1372 3160 καταγνοὺς
1422 3091 1530 3144 τῶν
1577 3093 2001 3163 ἡμαρτημένων,
2055 3094 2414 3165 cunmm:

839 3175 957 3227 ἐστι
992 3174 1128 3245 πρὸς
1157 3173 1219 3226 τὸ
1243 3177 1355 3236 τοῖς
1397 3174 1582 3237 αὐτοῖς
1615 3175 1775 3227 πάλιν
1811 3179 2147 3246 περιπεσεῖν.
2179 3176 2415 3247 Κίνησον

840 3257 930 3310 τὸν
977 3258 1282 3326 κατήγορον
1315 3255 1461 3309 ἔνδον
1507 3257 1570 3309 τὸ
1604 3257 1696 3309 σὺν
1743 3257 2012 3320 συνειδὸς,
2044 3257 2131 3310 ῐνα
2179 3257 2256 3329 μὴ
2305 3261 2420 3311 ἐκεῖ

737 3388 741 3392 .
841 3339 1143 3409 κατήγορον
1189 3338 1318 3410 ἔχῃς
1351 3338 1441 3391 ἐπὶ
1481 3337 1574 3390 τοῦ
1626 3337 1871 3408 βήματος
1913 3337 2007 3391 τοῦ
2042 3339 2268 3411 Κυρίου.
2304 3341 2419 3393 Μία

843 3421 943 3491 μὲν
982 3417 1074 3474 οὖν
1122 3419 1408 3491 μετανοίας
1444 3419 1561 3482 όίὸς
1606 3421 1802 3491 ἀρίστη
1853 3421 2024 3492 αὐτηο
2063 3420 2178 3474 ἐστι
2217 3421 2275 3474 δὲ
2325 3423 2420 3475 καὶ

841 3503 1004 3574 ἐτέρα
1029 3503 1232 3572 ταύτης
1271 3502 1372 3554 οὐκ
1406 3501 1664 3565 ἐλάττων,
1699 3503 1760 3555 τὸ
1803 3502 1878 3572 μὴ
1920 3505 2280 3573 μνησικακεῖν
2308 3506 2422 3566 τοῖς

840 3585 1076 3655 ἐχθροῖς,
1102 3584 1162 3637 τὸ
1193 3587 1413 3654 κρατεῖν
1439 3584 1629 3654 ὀργῆς,
1661 3584 1721 3637 τὸ
1750 3585 1966 3652 ἀφιέναι
1994 3585 2062 3637 τά
2101 3583 2421 3638 συνδουλικὰ

843 3669 1245 3739 ἁμαρτήματαο
1277 3666 1417 3719 οὐτω
1450 3666 1558 3735 γάρ
1590 3669 1720 3736 ἡμῖν
1746 3667 2077 3737 ἀφεθήσεται
2110 3667 2204 3720 καὶ
2240 3667 2308 3720 τά
2340 3669 2420 3730 εἰς

843 3753 937 3805 τὸν
967 3751 1241 3818 Δεσπότην
1279 3749 1645 3819 γεγενημέναο
1683 3749 1790 3803 ἰδοὺ
1824 3750 1919 3803 καὶ
1952 3749 2204 3820 δεύτερον
2241 3750 2419 3821 ἀμαρ-

841 3833 1100 3903 τημάτων
1133 3831 1461 3902 καθάρσιον
1508 3831 1641 3885 Ἐὰν
1682 3831 1794 3900 γὰρ
1830 3829 2039 3899 ἀφῆτε.
2080 3833 2245 3901 φησι,
2294 3831 2418 3897 τοῖς

843 3916 1176 3984 ὀφειλέταις
1216 3913 1406 3983 ὑμῶν.
1437 3913 1536 3966 καὶ
1565 3916 1596 3966 ό
1628 3912 1832 3982 Πατὴρ
1872 3912 2040 3982 ὑμῶν
2068 3917 2100 3967 ό
2143 3913 2420 3981 οὐράνιος

842 3997 1065 4068 ἀφήσει
1103 3996 1265 4066 ὑμῖν.
1303 3995 1490 4048 Βούλει
1530 3995 1625 4047 καὶ
1663 3996 1856 4066 τρίτην
1897 3994 2086 4064 μαθεῖν
2136 3995 2420 4064 μετανοίας

843 4082 1000 4146 όδόν;
1032 4080 1179 4150 Εὐχὴ
1215 4079 1411 4144 ζέουσα
1441 4078 1534 4131 καὶ
1567 4077 1817 4149 ἀκριϐὴς,
1848 4079 1943 4132 καλ⁵
1977 4077 2083 4130 ἀπὸ
2117 4077 2420 4148 βαθυτάτης

847 4163 1073 4236 καρδίας
1105 4160 1266 4215 τοῦτο
1303 4163 1494 4216 ποιεῖν.
1524 4162 1638 4214 Οὐκ
1665 4157 1802 4225 εἶδες
1834 4161 2049 4231 ἐκείνην
2083 4160 2183 4230 τὴν
2213 4163 2416 4233 χήραν,

849 4247 969 4310 πῶς
1012 4245 1104 4298 τὸν
1134 4244 1487 4314 ἀναίσχυντον
1532 4244 1793 4314 δικαστὴν
1845 4245 2223 4307 ἐπεσπάσατος
2255 4245 2328 4299 Σὺ
2363 4245 2419 4299 δὲ

849 4333 1056 4406 ἥμερον
1087 4329 1229 4400 ἔχεις
1270 4330 1541 4401 Δεσττότην
1569 4330 1663 4382 καὶ
1692 4328 1938 4402 προσηνῆ
1981 4327 2076 4380 καὶ
2120 4325 2411 4397 φιλάνθρω-

855 4554 1304 4567 -ω-*ῇ-ο-
1328 4561 2143 4572 —-——-————.———_——__.————_-
2157 4562 2258 4568 ..Α-

1541 450 1602 506 S.
1635 450 1920 510 JOANMS
1957 453 2439 513 CHRYSOSTOMI
2477 457 2799 517 ARCHIEP.
2840 462 3382 520 CONSTANTINOP.

843 563 989 633 γνῷς
1021 564 1120 634 τῆς
1149 565 1420 636 σωτηρίας
1465 568 1564 637 τῆς
1607 569 1827 635 ἐαυτοῦ,
1870 572 1984 625 ἀλλ’
2029 571 2282 642 ἐννόησον
2323 574 2415 628 τὸν
2458 611 2462 614 -

3978 469 4091 528 266

2517 593 2615 630 πον
2636 593 2650 608 ·
2683 577 2868 648 ἐκείνη
2899 583 3022 633 κατ’
3047 580 3257 652 ἐχθρῶν
3286 579 3425 652 ᾔτει,
3457 579 3521 632 σὺ
3548 580 3606 636 δὲ
3637 579 3697 631 οὐ
3723 584 3845 634 κατ’
3873 585 4088 657 ἐχθρῶν

2514 661 2705 723 αἰτεῖς,
2734 658 2853 712 ἀλλ’
2880 661 3022 730 ὑπὲρ
3048 663 3148 732 τῆς
3193 663 3420 716 σεαυτοῦ
3463 661 3754 732 σωτηρίας.
3805 664 3869 717 Εἰ
3898 665 3958 718 δέ
3989 672 4087 724 καὶ

2513 742 2778 813 τετάρτην
2812 740 2987 803 θέλεις
3021 743 3235 811 μαθεῖν,
3260 745 3358 816 τὴν
3394 745 3757 814 ἐλεημοσύνην
3785 745 3926 815 ἐρῶο
3955 750 4088 803 πολ-

2512 821 2611 890 λὴν
2644 823 2752 894 γάρ
2777 823 3004 892 δύναμιν
3029 823 3169 893 αῦτη
3204 825 3336 894 ἔχει,
3367 828 3461 880 καὶ
3489 828 3689 897 ἄφατον
3707 842 3720 855 ·
3753 827 3845 879 καὶ
3869 828 3979 898 γὰρ
4004 833 4088 902 τῷ

2515 902 2986 976 Ναϐουχοδονόσορ
3024 907 3104 967 εἰς
3137 909 3246 957 πᾶν
3294 905 3433 972 εἶδος
3483 911 3680 970 κακίας
3713 907 3952 974 ἐλθόντι,
3987 915 4086 966 καὶ

2513 988 2694 1039 πᾶσαν
2751 988 3008 1041 ἀσέϐειαν
3063 987 3362 1051 ἐπελθόντι,
3397 993 3561 1061 φησὶν
3590 996 3619 1045 6
3645 991 3870 1061 Δανιήλ⁶
3903 994 4087 1046 Βασι-

2511 1070 2642 1132 λεῦ,
2680 1073 2719 1137 ἡ
2763 1072 2967 1139 ,βουλή
3005 1089 3124 1139 μου
3169 1070 3440 1137 ἀρεσάτω
3479 1091 3608 1127 σοι’
3657 1076 3762 1140 τὰς
3800 1075 4088 1142 ἁμαρτίας

2513 1170 2628 1206 σου
2653 1153 2722 1205 ἐν
2749 1154 3194 1221 ἐλεημοσύναις
3223 1154 3527 1220 λύτρωσαι
3555 1155 3653 1209 καὶ
3693 1158 3798 1221 τὰς
3837 1156 4088 1223 ἀνομίας

2515 1252 2630 1289 σου
2673 1237 2745 1287 ἐν
2789 1237 3110 1303 οἰκτιρμοῖς
3158 1238 3451 1300 πενήτων.
3501 1237 3568 1287 Τί
3623 1239 3830 1303 γένοιτο
3882 1237 4086 1308 ταύτης

2517 1320 2629 1370 ίσον
2656 1318 2755 1387 τῆς
2793 1317 3243 1386 φιλανθρωπίας;
3281 1317 3436 1369 Μετὰ
3476 1317 3646 1386 μυρία
3679 1320 4083 1389 ἁμαρτήματα,

2521 1401 2658 1471 μετὰ
2682 1386 2948 1462 τοσαύτας
2979 1400 3325 1470 παρανομίας
3357 1386 3752 1465 ἐπαγγέλλεται
3790 1386 4090 1456 κατάλλάτ-

2516 1484 2703 1536 τεσθαι
2728 1483 2807 1554 τῷ
2829 1481 3313 1554 προσκεκρουκότι,
3343 1481 3393 1532 εἰ
3424 1482 3536 1542 τοῖς
3574 1482 3881 1546 συνδούλοις
3909 1485 4089 1553 φιλαν-

2517 1565 2888 1635 θρωπεύσεται
2936 1567 3047 1627 τοῖς
3076 1561 3263 1615 αὐτοῦ.
3309 1563 3418 1614 Καὶ
3465 1561 3526 1614 τὸ
3558 1564 3874 1632 μετριάζειν
3901 1567 3959 1620 δὲ
3994 1568 4090 1621 καὶ

2515 1649 2956 1719 ταπεινοφρονεῖν
3003 1645 3112 1698 τῶν
3155 1643 3459 1715 εἰρημένων
3489 1644 3744 1696 ἁπάντων
3790 1648 3889 1716 οὐχ
3922 1645 4087 1719 ἦττον

2516 1727 2733 1800 δαπανᾷ
2779 1729 3190 1800 ἁμαρτημάτων
3224 1725 3415 1796 φύσιν·
3460 1725 3555 1778 καὶ
3606 1724 3816 1794 μάρτυς
3859 1729 3888 1780 6
3919 1728 4090 1781 τελώ-

2517 1826 2637 1880 νης,
2685 1811 3085 1881 κατορθώματα
3139 1810 3236 1880 μὲν
3282 1809 3383 1862 οὐκ
3426 1807 3562 1877 ἔχων
3609 1810 3804 1871 εἰπεῖν,
3856 1810 3977 1862 ἀντὶ
4027 1811 4089 1865 δὲ

2517 1894 2734 1947 πάντων
2783 1892 2884 1962 τὴν
2931 1891 3432 1962 ταπεινοφροσύνην
3492 1890 3841 1960 προσφέρων,
3889 1893 3987 1944 καὶ
4025 1892 4088 1945 τό

2518 1975 2656 2047 βαρύ
2685 1975 2794 2029 τῶν
2824 1975 3236 2047 ἁμαρτημάτων
3262 1974 3648 2044 ἀποτιθέμενος
3681 1973 3920 2044 φορτίον.
3957 1973 4087 2029 ἰδού

2518 2061 2682 2112 πέντε
2721 2057 3005 2119 μετανοίας
3049 2055 3200 2113 οδοῖις
3225 2051 3524 2121 ἐδείξαμεν,
3546 2052 3766 2124 πρώτην
3791 2052 3890 2121 τὴν
3907 2069 4076 2103 κατα·-

2514 2151 2714 2202 γνωσιν
2759 2135 2868 2190 τῶν
2916 2133 3341 2205 ἡμαρτημένων,
3367 2133 3621 2204 δευτέραν
3649 2131 3712 2186 τδ
3735 2133 3950 2201 ἀφεῖναι
3977 2133 4091 2195 τοῖς

2519 2215 2748 2286 πλησίον
2785 2220 2851 2272 τὰ
2883 2215 3276 2287 ἁμαρτήματα,
3317 2215 3507 2284 τρίτην
3533 2214 3632 2284 τήν
3661 2215 3768 2267 ἀπὸ
3794 2215 3894 2284 τῆς
3924 2213 4091 2283 εὐχῆς

2516 2299 2868 2369 γιγνομένην,
2912 2300 3175 2370 τετάρτην
3229 2298 3327 2366 τὴν
3384 2297 3492 2348 ἀπὸ
3536 2295 3635 2363 τῆς
3683 2295 4085 2365 ἐλεημοσύνης,

2358 2377 2412 2448 ξς
2517 2381 2776 2448 πέμπτην
2820 2380 2914 2444 την
2942 2378 3052 2430 ἀπὸ
3093 2380 3190 2446 τῆς
3220 2378 3736 2448 ταπεινοφροσύνης.
3782 2378 3873 2446 Μὴ
3910 2377 4090 2429 τοίνυν

2513 2461 2691 2530 άργει,
2720 2458 2872 2532 [9.67]
2900 2459 3038 2512 ἀλλά
3066 2459 3245 2520 πάσας
3273 2458 3476 2521 ταύτας
3516 2458 3638 2510 καθ’
3662 2459 3897 2528 ἑκάστην
3940 2459 4090 2510 ὅδευε

2514 2543 2612 2612 τὴν
2645 2543 2857 2612 ἡμέραν
2876 2554 2890 2567 ⁸
2927 2543 3022 2594 καὶ
3052 2541 3164 2610 γάρ
3193 2538 3402 2593 εὔκολοι
3437 2541 3494 2592 αἰ
3524 2540 3656 2602 όδοὶ,
3687 2541 3780 2592 καὶ
3810 2541 3910 2592 οὐκ
3946 2540 4091 2611 ἔχεις

2517 2623 2887 2694 προϐαλέσθαι
2917 2622 3136 2674 πενίαν
3168 2621 3309 2674 ἀλλὰ
3339 2622 3443 2675 κᾶν
3469 2621 3724 2674 ἁπάντων
3750 2622 4093 2692 πτωχότερον

2521 2708 2674 2777 βιοῖς,
2725 2706 2818 2759 καλ⁵
2851 2705 3020 2775 ὀργὴν
3068 2706 3287 2774 ἀφεῖναι
3320 2705 3413 2757 καὶ
3463 2704 3957 2775 ταπεινοφρονῆσαι
4003 2705 4091 2756 δυ-

2519 2792 2689 2861 νήσῃ,
2738 2790 2831 2843 καὶ
2866 2787 3124 2854 εὐξασθαι
3168 2788 3435 2851 ἐκτενῶς,
3475 2789 3570 2840 καὶ
3609 2788 3955 2855 καταγνῶναι
3985 2787 4092 2840 τῶν

2519 2874 2945 2944 ἡμαρτημένων,
2977 2872 3070 2924 καὶ
3115 2869 3350 2941 οὐδαμοῦ
3395 2869 3624 2940 κώλυμα
3668 2872 3702 2940 ή
3742 2870 3900 2923 πενία
3945 2870 4092 2936 γίνε-

2516 2973 2626 3009 ται.
2657 2956 2767 3009 Καὶ
2810 2955 2862 3008 τί
2892 2955 3035 3023 λέγω
3066 2953 3318 3017 ἐνταῦθα,
3367 2954 3501 3006 ὅπου
3535 2953 3656 3005 οὐδὲ
3702 2954 3760 3004 ἐν
3807 2953 3988 3021 ἐκείνῃ
4023 2953 4090 3020 τῇ

2517 3039 2622 3110 ὁδῷ
2663 3039 2761 3108 τῆς
2811 3039 3119 3109 μετανοίας,
3147 3038 3204 3089 ἐν
3313 3037 3566 3106 χρήματα
3610 3034 3934 3088 καταϐαλεῖν
3978 3033 4093 3085 ἐστι

2518 3122 2638 3191 (τὴν
2669 3120 3037 3189 ἐλεημοσύνην
3083 3119 3272 3185 λέγω),
3301 3117 3420 3170 οὐδὲ
3469 3119 3585 3168 ἐκεῖ
3625 3114 3821 3168 κωλύει
3870 3132 3922 3166 τι
3957 3114 4095 3184 πρὸς

2517 3202 2737 3274 ἐντολὴν
2765 3204 2912 3272 ἡμᾶς
2941 3205 2974 3271 ή
3003 3200 3189 3266 πενία;
3226 3199 3330 3253 Καὶ
3359 3199 3623 3269 ἐδήλωσεν
3655 3200 3688 3267 ή
3717 3198 3784 3250 τά
3807 3196 3900 3249 δύο
3922 3197 4096 3249 λεπτά

2521 3284 2901 3338 καταϐαλοῦσα
2949 3284 3115 3353 χήρα.
3174 3281 3458 3342 Μαθόντες
3502 3276 3595 3332 οὖν
3650 3280 3748 3348 τὴν
3800 3278 4096 3346 θεραπείαν

2521 3366 2627 3420 τῶν
2677 3366 2954 3436 ἡμετέρων
2988 3363 3338 3434 τραυμάτων,
3376 3362 3573 3431 συνεχῆ
3613 3360 3786 3412 ταῦτα
3817 3357 4095 3424 ἐπιθῶμεν

2522 3450 2590 3502 τὰ
2644 3448 2934 3518 φάρμακα,
2985 3446 3073 3498 ἵνα
3127 3445 3263 3516 πρὸς
3317 3445 3529 3512 ὑγίειαν
3562 3441 3948 3502 ἐπανελθόντες
3997 3439 4096 3511 τὴν

2523 3531 2733 3600 ἀληθῆ,
2782 3529 2877 3582 καὶ
2931 3528 3027 3597 τῆς
3081 3529 3231 3598 ίερᾶς
3261 3525 3540 3597 τραπέζης
3597 3523 3738 3594 μετά
3783 3522 4096 3593 παρρησίας

2521 3612 2938 3682 ἀπολαύσωμεν,
2969 3611 3060 3663 καὶ⁵
3096 3609 3234 3680 μετὰ
3264 3609 3466 3678 πολλῆς
3499 3607 3659 3677 δόξης
3693 3606 4097 3676 ἀπαντήσωμεν

2517 3696 2597 3766 τῷ
2647 3694 2860 3766 βασιλεῖ
2908 3693 3010 3763 τῆς
3065 3692 3223 3761 δόξης
3271 3689 3510 3762 Χριστῷ,
3555 3691 3651 3745 καὶ
3698 3688 3810 3742 τῶν
3860 3688 4096 3742 αἰωνίων

2519 3777 2868 3846 ἐπιτύχωμεν
2899 3773 3140 3842 ἀγαθῶν,
3182 3773 3364 3844 χάριτι
3393 3775 3485 3825 καὶ
3516 3772 3818 3840 οἰκτιρμοῖς
3849 3769 3943 3822 καὶ
3975 3767 4095 3846 φιλῇ

2519 3845 2805 3929 ανθρωπία
2845 3857 2938 3911 τοῦ
2985 3857 3192 3928 Κυρίου
3237 3855 3397 3926 ήμῶν
3437 3854 3612 3924 Ἰησοῦ
3646 3851 3904 3924 Χριστοῦ,
3931 3852 4001 3905 δι’
4030 3845 4094 3906 οὐ

2521 3943 2614 3995 καὶ
2651 3940 2768 4011 μεθ’
2795 3933 2856 3991 οὐ
2895 3938 2972 4009 τῷ
3005 3939 3179 4010 Πατρὶ
3207 3938 3367 4004 δόξα,
3407 3937 3627 4006 κράτος,
3658 3935 3815 4004 τιμὴ,
3850 3936 3969 4004 άμα
4012 3933 4091 4004 τῷ

2525 4025 2776 4094 παναγίῳ
2809 4025 2903 4075 καὶ
2939 4020 3127 4090 ἀγαθῷ
3155 4021 3248 4073 καὶ
3275 4018 3523 4085 ζωοποιῷ
3558 4017 3856 4086 Πνεύματι,
3881 4015 3976 4070 νῦν
4000 4016 4091 4070 καὶ

2521 4109 2628 4169 ἀεὶ,
2655 4106 2747 4158 καὶ
2775 4106 2854 4168 είς
2877 4105 3002 4166 τούς
3033 4103 3236 4164 αἰῶνας
3263 4100 3372 4152 τῶν
3401 4098 3629 4151 αἰώνων.
3669 4098 3862 4166 Ἀμήν.

2585 4210 2602 4232 ⁸
2627 4211 2760 4267 Haec,
2788 4211 2868 4257 καὶ
2890 4214 3049 4257 πᾶσαν
3070 4205 3288 4255 ἀσέϐειαν
3306 4202 3561 4267 ἐπελθόντι,
3582 4202 3786 4267 deem}
3808 4202 3862 4249 in
3883 4199 3963 4248 ed.
3990 4199 4094 4267 lq-

2518 4273 2643 4380 581.:
2678 4261 2928 4379 lhabentur
2969 4271 3019 4319 in
3043 4269 3170 4330 Reg.
3219 4266 3377 4325 Colb.,
3399 4277 3455 4314 ac
3496 4265 3556 4312 δι’
3575 4263 3928 4325 ὁμοιοτέλειηον
3957 4261 4094 4310 οια-

2552 4346 2672 4380 er..n
2699 4368 2711 4379 .

2552 4346 2711 4380 eum.

3617 4539 4059 4556 ———-——.——d

2259 4558 2676 4568 ...σῷ-...ρο

856 4861 979 4916 ’Ότι
1025 4861 1093 4915 ἐκ
1132 4858 1425 4929 ῥᾳθυμίας
1459 4857 1497 4922 ἡ
1539 4857 1744 4914 κακία,
1791 4856 1886 4908 καὶ
1953 4856 2072 4909 ἀπὸ
2150 4851 2426 4916 σπουδῆς
2459 4852 2495 4917 ἠ
2541 4850 2758 4920 ἀρετὴ,
2797 4849 2895 4902 καὶ
2937 4845 3120 4900 οὐδὲν
3174 4846 3310 4897 οὔτε
3358 4847 3411 4897 oi
3466 4845 3760 4911 ἅνθρωποι
3803 4835 4087 4906 πονηροί,

926 4957 1064 5008 οὔτε
1093 4955 1271 5018 αὐτὸς
1300 4955 1332 5005 ό
1359 4949 1638 5013 διάϐολος
1672 4948 1777 5001 τὸν
1807 4949 2077 5016 νήφοντα
2118 4941 2507 5015 παραϐλάψαι
2567 4934 2814 4997 δύναται
2837 4958 2849 4971 ·
2899 4939 2995 4994 καί
3068 4937 3106 5004 ἠ
3169 4935 3472 5003 ἀπόδειξις
3526 4933 3788 4990 ἄλλοθέν
3832 4948 3895 4986 τε
3947 4933 4090 4984 κολ-

932 5050 1208 5120 λαχόθεν,
1238 5048 1335 5102 καί
1369 5049 1436 5101 ὲκ
1473 5045 1592 5100 τῶν
1632 5045 1783 5099 κατὰ
1811 5043 1917 5098 τὸν
1961 5044 2134 5112 Ἀδὰμ
2176 5044 2274 5098 καί
2312 5041 2421 5096 τὸν
2469 5040 2605 5094 Ἰὼϐ.

1509 5331 1730 5399 Ὁμιλιά
1758 5338 1828 5403 γ’.

930 5433 998 5487 α’.
1035 5435 1223 5506 Ἡμεῖς
1258 5434 1355 5505 μὲν
1376 5432 1482 5504 πρὸ
1509 5431 1608 5501 τῆς
1633 5431 1756 5501 χθὲς
1785 5430 1996 5502 ἡμέρας
2021 5430 2148 5492 τούς
2171 5427 2299 5498 περὶ
2321 5426 2416 5480 τοῦ

863 5516 1105 5570 διαϐόλου
1161 5518 1348 5586 λόγους
1391 5515 1528 5586 πρὸς
1579 5513 1675 5583 τὴν
1726 5514 1946 5583 ἀγάπην
1993 5511 2278 5580 ἐκινοῦμεν
2325 5509 2424 5578 τὴν

867 5599 1164 5669 ὑμετέραν⁹
1196 5602 1371 5671 ἕτεροι
1405 5599 1462 5651 δὲ
1498 5597 1602 5670 πρὸ
1662 5598 1760 5668 τῆς
1798 5597 1929 5665 χθὲς
1969 5597 2198 5667 ἡμέρας,
2249 5594 2426 5661 λόγων

868 5680 1193 5750 κινουμένων
1223 5681 1452 5737 ἐνταῦθα
1474 5677 1751 5739 τοιούτων,
1783 5679 1842 5730 ἐν
1883 5680 1995 5741 τοῖς
2022 5678 2266 5747 θεάτροις
2295 5673 2428 5727 καθ-

867 5764 1084 5834 ήμενοι,
1129 5764 1219 5818 τοῦ
1255 5762 1498 5817 διαϐόλου
1541 5761 1638 5833 τὴν
1667 5761 1889 5834 πομπὴ-ι
1917 5760 2182 5831 ἐθεώρουν
2203 5776 2218 5793 ο
2251 5757 2427 5829 ᾁσμά⁹

2528 5440 2636 5477 των
2674 5425 2916 5495 μετεῖχον
2959 5421 3155 5472 ἐκεῖνοι
3197 5411 3485 5484 πορνικῶν,
3529 5411 3686 5483 ὑμεῖς
3727 5406 4089 5495 ἀκροαμάτων

2529 5491 2858 5560 ἐκοινωνείτε
2897 5498 3316 5570 πνευματικῶνο
3368 5497 3549 5566 ἤσθιον
3581 5495 3777 5547 ἐκεῖνοι
3822 5492 3920 5559 τὴν
3955 5491 4088 5542 ἀκα-

2531 5590 2754 5662 θαρσίαν
2797 5589 2895 5660 τὴν
2944 5582 3271 5650 διαϐολικὴν,
3315 5579 3574 5662 ean-.5230;
3621 5572 3873 5662 ὑμεῖς-τὸ
3920 5571 4087 5662 μύρον

2530 5653 3001 5740 τὸ’πνευματικόν.
3034 5664 3130 5726 Τίς
3162 5663 3270 5733 ἀρα
3302 5661 3496 5724 αὐτοὺς
3533 5653 3936 5740 61:5606161‘1165
3947 5653 4090 5740 in};

2532 5754 2636 5825 ἄρα
2664 5731 2857 5814 αὐτοὺς
2902 5747 3164 5815 άπέσχισε
3197 5731 3294 5816 τῆς
3330 5745 3561 5815 ποίμνης
3594 5740 3690 5808 τῆς
3730 5737 3913 5808 ἱερᾶς;
3947 5731 4088 5806 Ἆρα
