4408 6682
325 462 437 517 205

327 576 640 636 excidisse;
673 585 845 642 neque
868 568 937 625 de
964 580 1049 623 tua
1080 567 1254 621 salute
1275 563 1529 631 desperes
1564 598 1577 619 .
1620 558 1714 613 sed
1772 555 1911 609 latro

335 668 436 723 tibi
463 667 644 722 veniat
672 667 724 721 in
756 673 1006 726 mentem,
1040 660 1131 729 qui
1161 660 1211 711 in
1239 670 1398 710 cruce
1427 655 1667 709 libertate
1692 651 1917 706 donatus

327 770 437 818 est.
466 759 603 828 Quid
625 758 766 814 enim
791 755 1003 810 brevius
1021 752 1107 804 illa
1128 750 1277 808 hora,
1308 747 1358 801 in
1375 762 1477 815 qua
1501 750 1783 799 coronatus
1799 738 1919 792 est?

330 862 568 906 attamen
589 851 701 905 haec
721 851 881 903 etiam
911 843 984 897 illi
1007 841 1071 894 ad
1092 839 1316 894 salutem
1339 836 1562 892 suffecit.
1592 832 1810 890 Juvenis
1825 830 1917 884 es?

329 945 440 997 noli
464 941 732 997 conlidere
753 932 1043 1007 juventuti,
1074 945 1171 985 nec
1186 930 1457 985 existimes
1477 928 1693 995 longqu
1718 931 1769 976 te
1797 920 1917 973 vitce

331 1038 564 1106 Spatium
612 1032 917 1087 habiturum
951 1045 965 1081 :
1016 1024 1136 1078 Dies
1177 1025 1311 1079 enim
1353 1020 1562 1075 Domini
1589 1019 1717 1072 sicut
1755 1016 1841 1084 fur
1865 1014 1916 1067 in

328 1140 495 1193 nocte,
524 1129 596 1179 ita
617 1122 779 1177 veniet
813 1120 889 1188 (1.
914 1116 1091 1171 Thess.
1132 1117 1185 1171 5.
1230 1116 1307 1184 ‘2).
1338 1114 1624 1181 Propterea
1655 1108 1915 1162 incertum

326 1221 485 1275 nobis
515 1218 718 1272 obitum
746 1210 994 1271 reddidit,
1032 1219 1087 1262 ut
1130 1218 1334 1263 certum
1361 1204 1596 1259 studium
1625 1217 1687 1255 ac
1716 1199 1916 1254 sollici-

327 1310 575 1364 tudinem
607 1303 974 1359 adhibeamus.
1004 1298 1121 1352 Non
1163 1299 1307 1352 vides
1336 1311 1451 1357 eos,
1479 1293 1567 1362 qui
1599 1300 1917 1361 prmiiiaturo

328 1400 383 1452 in
415 1399 532 1452 dies
577 1395 723 1449 obitu
758 1389 1138 1459 abripiuntur?
1178 1390 1373 1443 ideirco
1399 1386 1651 1439 admonet
1677 1380 1911 1450 quidam,

329 1491 456 1545 Non
500 1489 669 1543 tardes
696 1483 914 1540 converti
944 1483 1010 1535 ad
1032 1480 1323 1545 Dominum,
1348 1489 1393 1533 et
1428 1494 1489 1530 nc
1518 1473 1724 1541 differas
1751 1474 1814 1525 de
1838 1472 1918 1524 die

335 1583 390 1636 in
421 1583 555 1635 diem
585 1579 772 1653 (Eccli.
801 1577 853 1630 5.
879 1574 982 1641 8.),
1014 1589 1081 1626 ne
1109 1572 1262 1637 forte,
1285 1572 1410 1625 dum
1450 1566 1740 1629 cunctaris,
1786 1578 1914 1616 con-

332 1672 545 1726 teraris.
570 1668 881 1723 Adhortatio
912 1664 1003 1718 illa
1038 1662 1151 1716 seni
1179 1662 1496 1715 adhibeatur
1522 1676 1535 1721 ;
1577 1658 1678 1710 hac
1705 1654 1917 1725 juvenis

328 1761 698 1815 admonitione
744 1758 1019 1813 doceatur.
1065 1755 1136 1807 At
1180 1753 1233 1806 in
1263 1763 1374 1806 tuto
1412 1750 1663 1810 versaris,
1706 1758 1759 1800 et
1787 1746 1918 1800 divi-

332 1853 422 1907 tiis
448 1850 624 1905 afﬂuis
657 1868 670 1915 ;
704 1848 939 1918 pecuniis
970 1844 1255 1905 redundas,
1288 1859 1457 1913 neque
1488 1842 1609 1895 mali
1640 1840 1732 1893 tibi
1760 1837 1915 1907 quid-

327 1959 490 2012 quam
518 1939 753 1995 accidit?
793 1953 976 1992 verum
1023 1934 1167 1997 audi,
1194 1933 1317 2004 quid
1344 1934 1487 1988 dicat
1519 1931 1717 1986 Paulus
1750 1946 1761 1980 :
1792 1926 1918 1983 Cum

327 2034 553 2088 dixerint
583 2048 756 2100 pacem
807 2042 853 2083 et
876 2026 1287 2098 tranquillitatem
1315 2067 1330 2090 ,
1360 2034 1475 2077 hinc
1523 2021 1816 2091 repentinus
1846 2020 1917 2072 cis

326 2126 645 2195 superveniet
685 2122 921 2175 interitus
960 2120 1036 2189 (1.
1065 2116 1243 2171 Thess.
1277 2118 1328 2171 5.
1359 2115 1435 2188 5).
1469 2115 1630 2169 Multa
1675 2112 1918 2166 laborant

327 2216 699 2273 vicissitudine
737 2229 799 2267 ac
842 2212 1134 2265 mutatione
1161 2224 1245 2263 res
1296 2209 1542 2262 humana:
1577 2225 1588 2259 :
1622 2220 1725 2259 nou
1756 2212 1836 2257 est
1865 2205 1916 2257 in

331 2318 597 2380 potestate
666 2316 848 2359 nostra
916 2302 1125 2366 obitus,
1174 2303 1243 2355 sit
1303 2300 1355 2354 in
1423 2308 1684 2370 potestate
1736 2308 1915 2352 nostra

329 2402 500 2454 virtus
535 2418 548 2453 :
589 2398 850 2467 benignus
874 2404 957 2450 est
989 2395 1239 2448 Dominus
1266 2402 1446 2447 noster
1475 2392 1735 2447 Christus.

402 2493 455 2546 6.
492 2492 723 2563 Quinque
750 2489 1055 2560 pwnitentice
1085 2487 1198 2540 vice.
1222 2515 1294 2526 —
1330 2485 1503 2539 Vultis
1542 2485 1701 2538 etiam
1736 2482 1909 2552 pwni-

330 2584 512 2638 tentia:
538 2583 649 2634 vias
675 2578 1131 2634 commemorem?
1156 2577 1330 2631 Multae
1356 2590 1484 2629 sane
1513 2584 1636 2628 sunt
1666 2575 1784 2637 illic,
1820 2589 1913 2627 va-

328 2676 425 2728 ria:
483 2687 547 2726 ac
608 2671 952 2734 differentes,
1008 2679 1063 2723 et
1114 2683 1302 2723 omnes
1350 2667 1415 2721 ad
1466 2667 1653 2721 cadum
1694 2666 1911 2719 ducunt.

329 2765 506 2820 Prima
535 2774 618 2819 est
634 2762 957 2838 pcenitentia:
979 2764 1059 2816 via
1082 2762 1354 2816 damnatio
1391 2769 1728 2830 peccatorum
1762 2776 1775 2811 :
1821 2757 1917 2811 Dic

326 2859 463 2912 enim
495 2867 547 2910 tu
577 2862 768 2925 primus
799 2864 1003 2924 peccata
1049 2865 1137 2907 tua
1165 2896 1180 2919 ,
1212 2862 1266 2905 ut
1284 2853 1584 2923 justiﬁceris
1616 2851 1631 2920 (
1666 2849 1790 2901 Isci.
1823 2851 1911 2903 43.

328 2951 443 3021 26).
474 2950 763 3017 Propterea
790 2962 1005 3016 quoque
1034 2946 1256 2999 dicebat
1287 2945 1548 3013 propheta
1580 2961 1592 2995 :
1627 2943 1769 3009 Dixi,
1793 2958 1914 3011 pro-

327 3038 571 3094 nuntiabo
626 3038 886 3089 adversum
910 3052 987 3087 me
1008 3036 1305 3104 injustitiam
1327 3050 1489 3087 meam
1514 3032 1754 3097 Domino,
1786 3043 1833 3086 et
1860 3043 1916 3085 tu

328 3133 570 3189 remisisti
590 3132 895 3200 impietatem
923 3129 1088 3181 cordis
1111 3128 1208 3180 mei
1234 3129 1252 3197 (
1284 3126 1424 3180 Psal.
1456 3129 1544 3182 51.
1574 3128 1607 3182 5
1638 3132 1676 3196 ).
1713 3127 1913 3180 Damna

327 3227 489 3295 igitur
518 3233 573 3278 et
596 3234 648 3276 tu
680 3238 765 3287 ea,
798 3222 850 3275 in
884 3222 1076 3291 quibus
1104 3221 1330 3289 peceasti
1364 3237 1376 3272 :
1419 3220 1521 3273 hoc
1552 3221 1773 3274 Domino
1795 3218 1911 3273 suf-

326 3316 440 3370 ficit
469 3314 538 3368 ad
559 3312 966 3367 excusationem
1002 3329 1015 3363 :
1042 3312 1128 3380 qui
1160 3311 1302 3364 enim
1328 3326 1389 3364 ea
1417 3311 1675 3375 damnat,
1704 3311 1756 3363 in
1788 3310 1911 3379 qui-

326 3404 430 3458 bus
460 3404 737 3472 peccavit,
768 3402 973 3456 tardius
1013 3400 1065 3454 in
1104 3402 1292 3455 eadem
1340 3416 1523 3454 rursus
1565 3400 1748 3454 incidit
1777 3418 1789 3452 :
1820 3400 1916 3452 do-

325 3495 609 3549 mesticum
657 3501 1020 3546 accusatorem
1047 3494 1219 3545 excita
1247 3492 1627 3545 conscientiam
1659 3502 1822 3545 tuam.
1851 3506 1917 3546 ne

326 3594 696 3639 accusatorem
725 3584 831 3637 illic
856 3582 1051 3636 habeas
1072 3598 1250 3635 coram
1273 3584 1476 3636 Domini
1503 3583 1768 3637 tribunali.
1794 3582 1917 3638 H:ee

325 3679 490 3747 igitur
515 3690 617 3728 una
644 3684 726 3727 est
776 3675 972 3742 Optima
1020 3672 1345 3742 pmnitentizn
1374 3674 1457 3727 via
1484 3692 1498 3737 ;
1528 3675 1703 3729 adhuc
1736 3684 1913 3728 autem

325 3780 381 3823 et
408 3770 577 3822 aitera
605 3776 686 3820 est
735 3765 899 3818 nihilo
952 3764 1171 3818 inferior
1201 3765 1297 3818 ista
1323 3806 1337 3825 ,
1374 3774 1428 3818 ut
1479 3776 1817 3834 acceptarum
1846 3767 1914 3820 ab

320 3845 563 3917 inimicis
615 3857 924 3925 iniuriarum
984 3870 1252 3910 memores
1295 3871 1399 3909 non
1449 3858 1655 3921 siums,
1713 3865 1768 3910 ut
1821 3857 1913 3910 ira:

330 3951 681 4021 imperemus,
710 3956 769 4003 ut
791 3964 1173 4003 conservorum
1208 3959 1421 4017 peccata
1450 3949 1776 4003 dimittamus
1801 3968 1812 4003 :
1838 3951 1915 4002 sic

334 4042 481 4097 enim
514 4052 569 4096 et
602 4056 719 4110 quae
751 4039 803 4093 in
836 4039 1114 4092 Dominum
1158 4041 1443 4093 commissa
1476 4040 1702 4104 fuerint,
1734 4041 1913 4093 dimit-

328 4140 559 4186 tentur:
603 4146 667 4183 cn
714 4129 937 4182 alteram
961 4129 1118 4182 etiam
1161 4138 1499 4196 peccatorum
1533 4130 1912 4197 capiationem.

329 4222 390 4277 Si
419 4222 552 4273 enim
582 4220 895 4284 dimiseritis,
922 4219 1109 4289 inquit,
1144 4219 1446 4271 debitoribus
1475 4223 1671 4286 vestris,
1705 4222 1918 4275 dimittet

322 4327 372 4368 ει
403 4310 542 4362 vobis
579 4308 741 4361 Pater
785 4320 946 4362 vester
989 4310 1236 4379 cit'lestis(
1271 4309 1453 4362 Matth.
1478 4310 1530 4364 ϐ.
1580 4312 1646 4365 14
1675 4317 1713 4379 ).
1750 4312 1835 4366 Vis
1865 4322 1919 4368 et

327 4404 544 4456 tertiam
584 4403 911 4469 pmnitenlia:
951 4403 1089 4455 viam
1137 4403 1377 4457 discere?
1417 4402 1596 4457 Oratio
1627 4404 1836 4460 fervens
1864 4417 1918 4461 et

327 4501 618 4553 accurata,
670 4500 829 4560 atque
876 4508 940 4545 ex
992 4493 1181 4546 intimo
1227 4494 1393 4549 corde
1425 4511 1765 4562 promanaus.
1795 4497 1911 4552 Non

329 4597 383 4638 tu
422 4585 636 4636 viduam
673 4584 813 4637 illam
857 4584 1063 4650 vidisti,
1096 4603 1202 4655 quo
1230 4598 1384 4657 pacto
1410 4589 1767 4657 impudentem
1813 4592 1912 4645 sibi

326 4676 563 4747 iudicem
597 4674 741 4727 illum
773 4674 1069 4728 conciliarit
1102 4677 1119 4745 (
1164 4678 1289 4731 Luc.
1326 4679 1409 4735 18.
1443 4680 1476 4733 5
1499 4678 1552 4750 )?
1582 4682 1649 4733 At
1681 4690 1732 4732 tu
1767 4698 1915 4735 mau-

1322 452 1407 504 ΒΕ
1449 449 1739 504 UHBOL“
1777 445 2206 501 ΤΕΝΤΑΤΟΜΞ.
2252 443 2478 499 1103111..
2524 444 2585 497 111

3505 440 3610 496 201

2025 564 2235 607 suetum
2285 564 2469 607 nactus
2510 570 2569 607 es
2600 554 2899 613 Dominum.
2926 554 3121 609 bonum
3165 563 3219 610 et
3257 555 3609 615 clementem:

2026 646 2110 699 illa
2141 646 2397 699 adversus
2446 647 2698 699 inimicos
2729 648 3072 715 postulabat;
3122 658 3178 702 tu
3211 664 3342 703 vero
3386 665 3489 703 non
3518 651 3611 704 ad-

2026 750 2212 790 versus
2260 736 2536 802 inimicos,
2588 736 2684 790 sed
2737 752 2834 806 pro
2858 747 2941 791 tua
2969 740 3141 794 salute
3168 740 3426 810 postulas.
3461 740 3611 805 Quod

2022 828 2066 881 si
2098 836 2339 897 quartam
2371 828 2528 882 etiam
2571 843 2730 882 nosse
2781 829 2932 894 velis,
2963 831 3356 903 eleemosynam
3388 830 3560 884 dicam
3600 849 3613 884 :

2024 918 2245 970 multam
2276 918 2417 972 enim
2451 933 2512 972 ea
2544 928 2597 973 et
2624 919 2898 987 copiosam
2951 923 3055 973 vim
3111 920 3270 976 habet
3302 939 3315 975 :
3346 920 3611 989 siquidem

2021 1008 2550 1077 Nabuchodonosori,
2592 1011 2682 1079 qui
2739 1009 2804 1063 ad
2863 1026 3023 1064 onme
3066 1011 3421 1081 improbitatis
3443 1026 3614 1082 genus

2023 1107 2308 1167 provectus
2343 1109 2479 1165 erat,
2510 1110 2564 1155 et
2587 1115 2803 1153 omnem
2838 1101 3166 1169 impietatem
3203 1103 3424 1156 molitus
3448 1112 3563 1157 erat
3593 1144 3608 1167 ,

2021 1192 2097 1245 ait
2124 1190 2309 1244 Daniel
2344 1210 2357 1245 :
2387 1192 2517 1257 Rex,
2536 1194 2801 1247 consilium
2828 1210 2992 1246 nteant
3022 1195 3221 1262 placeat
3240 1196 3326 1248 tibi
3355 1212 3373 1249 :
3408 1206 3611 1263 peccata

2024 1292 2111 1335 tua
2136 1283 2188 1335 in
2209 1282 2535 1353 eleemosynis
2568 1286 2779 1344 redime,
2804 1294 2849 1337 et
2870 1285 3161 1355 iniquitates
3188 1295 3303 1339 tuas
3325 1301 3378 1338 in
3402 1287 3611 1339 misera-

2022 1373 2241 1426 tionibus
2262 1390 2544 1441 pauperum
2588 1374 2753 1445 (Dun.
2795 1377 2845 1429 4.
2880 1375 3000 1443 24).
3032 1376 3169 1443 Quid
3223 1392 3343 1431 cum
3390 1376 3491 1431 hac
3519 1378 3611 1431 bc-

2023 1464 2286 1532 nignitatc
2330 1464 2562 1518 conferri
2594 1467 2798 1535 queat?
2847 1466 2978 1521 Post
3027 1468 3303 1523 innumera
3353 1479 3607 1538 peccata,

2024 1564 2144 1623 post
2175 1563 2252 1608 tot
2281 1564 2335 1608 et
2361 1564 2535 1608 tantas
2556 1558 2884 1612 calamitates
2916 1559 3184 1628 placatum
3217 1559 3279 1612 iri
3306 1575 3364 1613 se
3389 1560 3607 1628 pollice-

2024 1662 2108 1701 tur
2132 1649 2201 1712 ei,
2232 1648 2323 1717 qui
2351 1647 2675 1711 oﬂ‘endcrat,
2704 1652 2746 1703 si
2772 1667 2894 1719 erga
2918 1666 3211 1706 conservos
3233 1666 3358 1706 suos
3386 1652 3611 1721 benigne

2022 1754 2080 1792 se.
2109 1740 2356 1808 gesserit.
2391 1739 2457 1793 Et
2488 1756 2636 1805 vero,
2667 1741 2711 1794 si
2756 1742 2993 1797 modeSIe
3020 1755 3141 1814 agat
3166 1745 3307 1815 quis,
3334 1754 3389 1799 et
3430 1744 3609 1799 burni-

2023 1834 2087 1887 lis
2115 1836 2201 1898 sit,
2238 1834 2340 1888 hoc
2387 1850 2494 1887 non
2525 1834 2702 1889 minus
2727 1850 2886 1903 quam
2913 1853 3029 1903 qua:
3069 1837 3208 1891 dicta
3245 1848 3369 1891 sunt
3397 1838 3607 1900 omnia,

2026 1935 2363 1992 peccatorum
2402 1934 2648 1979 naturam
2682 1926 2917 1979 absumit
2951 1943 2965 1978 :
3010 1928 3165 1995 cujus
3197 1928 3275 1983 rei
3326 1929 3478 1982 testis
3527 1940 3611 1982 est

2023 2014 2352 2084 publicanus,
2380 2016 2468 2084 qui
2521 2027 2669 2071 recte
2724 2016 2867 2071 facta
2926 2018 3142 2087 quidem
3189 2032 3613 2073 commemorare

2025 2121 2132 2158 non
2163 2115 2400 2173 petcrat,
2428 2107 2521 2159 sed
2552 2108 2789 2161 omnium
2822 2109 2943 2163 loco
3002 2108 3357 2164 humilitatem
3398 2110 3608 2175 obtulit,

2023 2205 2077 2249 et
2115 2211 2277 2266 grave
2313 2207 2654 2264 peccatorum
2688 2214 2824 2252 onus
2872 2200 3119 2269 deposuit
3147 2200 3319 2273 (Luc.
3353 2202 3439 2257 18.
3472 2202 3540 2257 15
3566 2204 3607 2272 ).

2025 2286 2165 2340 Ecce
2193 2287 2430 2355 quinque
2452 2288 2787 2357 paenitentia:
2814 2289 2927 2343 vias
2954 2291 3309 2345 indicavimus
3335 2310 3348 2343 :
3380 2292 3610 2361 primam

2022 2387 2364 2446 prCCﬂlOl‘Ulll
2388 2378 2791 2433 daumationem
2814 2421 2829 2446 ,
2863 2381 3152 2435 secundam
3197 2398 3320 2436 cum
3353 2385 3611 2453 proximis

2021 2480 2233 2539 peccata
2255 2470 2595 2534 dimittimus,
2612 2473 2828 2526 tertiam
2851 2489 2970 2542 qua:
3002 2474 3054 2527 iu
3077 2476 3319 2529 oratione
3344 2475 3606 2536 consistit,

2019 2571 2269 2631 quartam
2302 2578 2420 2631 qua:
2450 2564 2501 2615 in
2534 2563 2899 2634 eleen'osyua,
2933 2566 3172 2635 quintam
3203 2583 3323 2636 quae
3355 2567 3406 2621 in
3438 2568 3611 2621 humi-

2020 2652 2186 2707 litate.
2209 2652 2325 2706 Noli
2352 2654 2507 2723 igitur
2524 2655 2701 2718 otiari,
2724 2656 2816 2709 sed
2839 2658 3071 2725 quotidie
3095 2674 3189 2726 per
3209 2657 3305 2711 has
3324 2674 3511 2713 omnes
3532 2661 3612 2711 in-

2019 2743 2149 2797 cede
2171 2762 2183 2794 :
2203 2752 2327 2797 sunt
2364 2744 2503 2798 enim
2534 2743 2713 2799 faciles
2736 2748 2854 2805 viai.
2877 2762 3047 2815 neque
3075 2757 3437 2815 paupertatem
3462 2762 3612 2817 petes

2020 2834 2311 2889 obtendere
2339 2851 2353 2887 :
2386 2836 2482 2890 sed
2515 2836 2636 2889 licet
2663 2837 2713 2890 in
2745 2846 2982 2906 egestate
3020 2839 3251 2907 graviori
3292 2841 3453 2893 vitam
3497 2848 3608 2893 tra-

2020 2924 2203 2989 ducas,
2233 2935 2286 2979 et
2312 2927 2441 2978 iram
2470 2925 2742 2996 deponere
2768 2937 2822 2981 et
2851 2928 3205 2983 humilitatem
3240 2944 3351 2999 pra:
3390 2941 3440 2985 te
3468 2930 3610 2986 ferre

2023 3016 2246 3085 poteris,
2279 3024 2332 3071 et
2356 3016 2568 3071 assidue
2599 3018 2825 3085 precari,
2854 3027 2907 3072 et
2949 3030 3161 3086 peccata
3192 3020 3448 3075 damnare
3470 3063 3485 3087 ,
3517 3040 3607 3074 ne-

2021 3121 2126 3175 que
2181 3115 2463 3175 paupertas
2511 3108 2713 3176 uspiam
2764 3109 3201 3177 impedimentum
3247 3112 3400 3166 alfcrt
3436 3131 3448 3165 :
3482 3116 3608 3183 quid

2021 3197 2141 3252 dico
2168 3197 2274 3261 hic,
2308 3197 2737 3267 quandoquidem
2785 3215 2883 3254 nec
2910 3201 2964 3254 in
3009 3201 3093 3254 illa
3126 3204 3450 3271 pmnitentize
3494 3207 3606 3269 via,

2020 3290 2071 3342 iu
2100 3305 2200 3358 qua
2235 3292 2485 3357 pecunias
2518 3291 2640 3343 licet
2660 3306 2879 3359 erogare
2902 3291 2921 3359 (
2939 3294 3515 3365 eleemosynamdicn),
3543 3314 3610 3350 ne

2020 3380 2124 3433 illic
2158 3381 2370 3448 quidem
2403 3381 2557 3434 nobis
2599 3382 2665 3434 ad
2694 3382 2998 3435 mandatum
3044 3385 3440 3453 exsequendum
3470 3388 3609 3455 obji-

2020 3470 2092 3524 cit
2119 3470 2553 3541 impedimentum
2586 3473 2909 3540 paupertas?
2940 3473 2997 3527 ld
3023 3489 3147 3527 vero
3185 3476 3341 3529 vidua
3380 3477 3606 3529 demou-

2025 3564 2233 3626 stravit,
2262 3578 2380 3633 qua)
2410 3563 2516 3617 dno
2538 3566 2738 3617 minuta
2767 3565 2910 3617 mi~it
2940 3565 2958 3634 (
2986 3565 3148 3618 Marc.
3175 3565 3261 3619 12.
3290 3567 3359 3621 49.
3383 3568 3421 3638 ).
3473 3568 3606 3621 Cum

2026 3655 2182 3725 igitur
2217 3653 2354 3707 hanc
2374 3655 2591 3708 vulnera
2633 3665 2811 3708 nostra
2840 3656 3060 3709 curandi
3101 3657 3360 3711 rationem
3407 3659 3609 3713 didice-

2023 3747 2211 3809 rimus,
2241 3744 2356 3799 h:ce
2397 3746 2787 3800 medicamenta
2820 3746 3169 3800 adhibeamus
3192 3789 3207 3811 ,
3236 3758 3291 3802 ιιι
3314 3764 3438 3802 vera
3469 3751 3613 3803 sani-

2024 3845 2129 3890 tate
2178 3846 2523 3905 rccuperata,
2573 3850 2724 3889 saera
2751 3852 2932 3890 mensa
2959 3852 3078 3890 cum
3128 3838 3317 3891 ﬁducia
3368 3839 3612 3908 perfrua-

2024 3946 2162 3995 mur,
2193 3938 2247 3983 et
2285 3928 2445 3981 multa
2476 3944 2595 3981 cum
2628 3928 2790 3997 gloria
2826 3927 3040 3982 Christo
3070 3930 3177 3999 regi
3216 3931 3400 3999 gloria:
3425 3947 3613 3987 occur-

2025 4035 2202 4072 ramus
2227 4060 2241 4081 ,
2274 4028 2581 4087 mternaqne
2616 4018 2828 4071 assidue
2874 4019 3009 4073 bona
3038 4035 3461 4090 consequamur,
3493 4038 3614 4092 gia-

2027 4113 2116 4175 tia,
2160 4109 2546 4175 misericordia,
2574 4120 2628 4164 et
2678 4110 2999 4179 benignitate
3018 4112 3225 4165 Domini
3274 4115 3440 4168 nostri
3486 4114 3612 4169 Jesu

2026 4201 2255 4264 Christi;
2288 4217 2381 4271 per
2429 4216 2587 4271 quem
2618 4210 2671 4255 et
2715 4216 2837 4254 cum
2875 4217 2981 4270 quo
3021 4202 3165 4255 Patri
3209 4204 3414 4273 gloria,
3446 4206 3614 4273 impe-

2026 4296 2199 4358 rium,
2248 4294 2458 4357 honor,
2522 4309 2623 4346 una
2666 4308 2785 4346 cum
2840 4304 3045 4359 saneto,
3077 4295 3217 4349 bono
3276 4312 3339 4351 ac
3407 4297 3615 4351 vivifico

2024 4384 2223 4454 Spiritu
2252 4427 2265 4448 ,
2300 4399 2439 4437 nunc
2464 4396 2515 4437 et
2546 4399 2776 4452 semper,
2825 4393 2880 4438 et
2926 4386 2977 4438 iu
3028 4387 3222 4440 saacula
3267 4388 3610 4442 surculorum.

2022 4479 2213 4530 Amen.

332 4968 505 5025 QUOD
550 4969 633 5009 EX
677 4967 929 5010 DESIDIA
972 4967 1379 5027 IMPROBITAS,
1429 4975 1512 5016 EX
1555 4977 1923 5021 DILIGENTIA
1993 4975 2219 5022 VIRTUS
2274 4971 2559 5013 OEIATIER
2609 4973 2623 5011 Ξ
2671 4970 2967 5022 QUODQUE
3012 4971 3125 5013 NEC
3173 4972 3435 5016 IMPROBI
3500 4976 3616 5017 ΗΟ-

416 5068 637 5121 ΜΙΝΕΞ,
685 5068 803 5110 NEC
850 5069 984 5110 IPSE
1029 5068 1335 5113 DIABOLCS
1385 5075 1616 5118 ΗΟΜΙΝῙ
1666 5079 1987 5122 νιθιιΑΝτι
2036 5078 2150 5121 NOC

1875 5080 1987 5121 NT!
2036 5075 2280 5121 NOCERE
2324 5073 2600 5116 POSSINT.
2676 5071 3163 5115 DEMONSTRATIO
3229 5076 3449 5118 AUTEM
3509 5077 3616 5119 PE-

413 5169 610 5213 TITUR
656 5164 789 5209 TUM
835 5168 996 5211 ALIIS
1039 5167 1266 5210 MULTIS
1336 5171 1420 5212 EX
1464 5174 1663 5232 LOCIS,
1710 5178 1845 5221 τωι
1890 5179 1974 5220 EX
2018 5177 2095 5220 HS
2137 5175 2281 5227 QUB
2324 5174 2547 5217 ADAMO
2591 5174 2669 5215 ET
2695 5170 2848 5215 JOBO
2891 5171 3337 5219 CONTIGERUNT
3383 5156 3494 5239 (α).

1949 5307 2329 5361 cm—

1645 5332 1939 5345 ——_—._

906 5374 1125 5415 HOIILIA
1149 5374 1230 5417 111.

419 5446 475 5500 1.
509 5446 644 5498 Ante
668 5439 977 5495 hesternum
1011 5445 1222 5512 quidem
1251 5442 1391 5497 diem
1430 5443 1496 5497 de
1524 5444 1735 5499 diabolo
1776 5450 1930 5504 nobis

342 5538 485 5608 apud
513 5534 784 5591 caritatem
816 5544 1047 5588 vestram
1073 5546 1155 5590 est
1182 5537 1415 5590 instituta
1438 5538 1608 5590 oratio
1633 5555 1647 5602 ;
1680 5541 1767 5593 alii
1798 5558 1925 5596 vero

342 5628 531 5687 eodem
548 5626 782 5689 die,eum
807 5638 903 5677 nos
928 5623 1016 5679 hic
1036 5641 1098 5680 ca
1114 5627 1179 5682 de
1206 5643 1265 5683 re
1284 5627 1687 5695 dissereremus,
1708 5629 1758 5683 in
1783 5630 1931 5685 thea-

2044 5447 2139 5499 tris
2169 5445 2447 5508 scdentes,
2471 5441 2668 5497 diaboli
2698 5456 2947 5512 pompam
2976 5444 3285 5511 Spectabant
3314 5463 3327 5498 :
3356 5446 3429 5500 illi
3458 5463 3621 5502 mere-

2044 5539 2316 5592 triciarum
2343 5535 2754 5598 cantilenarmn,
2782 5550 2877 5588 vos
2898 5535 3152 5589 doctrina:
3181 5536 3474 5602 spiritualis
3508 5556 3621 5609 par»

2040 5632 2226 5700 ticipes
2257 5628 2421 5683 eratis
2450 5644 2463 5680 :
2496 5626 2569 5681 illi
2616 5626 2987 5695 impurissimis
3036 5625 3231 5680 diaboli
3279 5630 3416 5683 escis
3446 5647 3626 5686 vescu—

2048 5725 2260 5779 hantur.
2309 5735 2407 5775 vos
2441 5729 2708 5789 unguento
2767 5717 3029 5787 spirituali
3085 5720 3465 5789 pascebamini.
3497 5723 3626 5789 Quis

401 5823 475 5887 (θ)
511 5818 685 5872 Collata
707 5828 815 5868 cum
843 5816 1013 5866 Codice
1041 5824 1158 5882 neg.
1188 5820 1309 5870 1964
1328 5827 1379 5872 et
1400 5820 1607 5873 Colhert.
1635 5820 1772 5871 1030.
2040 5826 2168 5880 ergo
2199 5812 2321 5866 illos
2349 5812 2599 5867 aberrare
2630 5809 2751 5865 fecit
2776 5809 2799 5863 Ἰ
2825 5809 2943 5878 quis
2971 5825 3000 5864 a
3045 5827 3199 5867 sacro
3227 5812 3351 5867 ovili
3381 5828 3627 5883 segrega-
