4446 6702
847 407 949 462 235

849 519 959 572 vit?
988 519 1125 575 Num
1159 521 1278 574 illos
1324 534 1531 590 quoi‘me
1579 520 1818 572 diabolus
1857 517 2108 584 decepit?
2154 515 2420 586 quomodo

843 613 996 681 igitur
1025 629 1120 668 vos
1149 630 1254 668 non
1285 614 1492 681 decepit
1518 613 1540 664 ?
1577 611 1640 664 Et
1659 627 1752 664 vos
1791 619 1846 664 et
1890 611 1964 664 illi
1997 610 2240 665 homines
2264 608 2412 672 estis,

841 706 1134 760 secundum
1182 715 1420 758 naturam
1475 705 1663 772 loquor
1705 721 1718 755 :
1756 703 1943 756 eadem
1979 703 2188 770 utrique
2238 710 2422 754 natura

843 797 1047 865 pm-diti
1073 797 1202 852 estis
1225 837 1240 860 ,
1269 795 1454 848 iisdem
1485 793 1818 847 naturalibus
1845 791 2222 860 cupiditatibus
2251 810 2264 846 :
2295 805 2426 860 quo-

843 887 1000 940 modo
1025 887 1182 955 igitur
1213 900 1316 938 non
1347 886 1486 938 idem
1535 892 1772 938 vestrum
1814 897 2106 950 eorumque
2147 880 2424 934 studium?

839 978 968 1042 Quia
997 993 1102 1031 non
1149 976 1336 1030 eadem
1367 976 1606 1045 utrisque
1631 975 1875 1028 voluntas
1905 992 1918 1026 :
1965 973 2084 1026 ideo
2115 972 2184 1024 illi
2214 971 2422 1038 decepti

837 1076 979 1130 sunt,
1008 1081 1102 1120 vos
1126 1081 1229 1119 non
1261 1067 1408 1120 item.
1439 1066 1620 1134 Neque
1663 1067 1730 1118 ita
1762 1066 1965 1132 loquor,
2007 1069 2063 1114 ut
2091 1059 2358 1112 diabolum
2391 1074 2422 1112 e

835 1156 1058 1210 crimine
1085 1172 1291 1222 eruam,
1313 1157 1404 1210 sed
1433 1165 1490 1208 ιιι
1516 1170 1609 1207 vos
1635 1171 1662 1206 a
1695 1152 1926 1221 peccatis
1951 1151 2147 1204 liberos
2175 1147 2417 1202 reddam.

833 1245 1094 1316 Malignus
1121 1257 1202 1300 est
1225 1246 1482 1308 diabolus,
1515 1244 1563 1296 id
1595 1258 1693 1312 ego
1713 1243 1902 1304 fateor;
1935 1240 2026 1294 sed
2055 1239 2156 1293 sibi
2185 1238 2282 1306 ipsi
2309 1252 2420 1290 ma-

834 1335 1032 1404 lignus,
1061 1352 1164 1388 non
1191 1335 1341 1388 nobis
1364 1374 1380 1400 ,
1409 1335 1459 1385 si'
1481 1333 1777 1400 vigilemus.
1805 1331 1948 1384 Talis
1977 1330 2168 1399 quippe
2195 1337 2276 1382 est
2307 1342 2418 1380 ma-

834 1426 1084 1494 liguitatis
1119 1435 1304 1478 natura
1337 1440 1350 1477 :
1389 1440 1450 1478 ea
1501 1423 1740 1492 praeditis
1775 1423 1948 1476 solum
1978 1433 2058 1475 est
2087 1420 2413 1489 perniciosa;

833 1519 999 1570 virtus
1028 1528 1206 1570 autem
1242 1526 1426 1570 contra
1467 1533 1572 1570 non
1619 1517 1732 1584 ipsa
1781 1515 2014 1582 pra-ditis
2060 1523 2294 1576 tantum,
2323 1509 2418 1565 sed

831 1611 993 1664 etiam
1027 1611 1281 1678 proximis
1307 1609 1452 1662 utilis
1477 1625 1594 1662 esse
1623 1616 1810 1676 potest.
1857 1606 1922 1659 Ut
1947 1619 2073 1658 vero
2119 1605 2292 1657 discas
2321 1603 2419 1655 im-

833 1701 1056 1768 probum
1087 1701 1186 1754 sibi
1214 1701 1532 1770 improbum.
1565 1700 1758 1752 bomnn
1784 1705 1958 1748 autem
1977 1697 2094 1747 aliis
2111 1697 2270 1749 etiam
2297 1709 2416 1748 esse

829 1789 1051 1854 bonum,
1081 1789 1410 1857 proverbiale
1436 1789 1526 1842 tibi
1555 1789 1910 1840 testimonium
1939 1784 2201 1853 proferam
2239 1801 2250 1835 :
2285 1782 2409 1848 Fili,

825 1880 999 1949 inquit
1027 1921 1042 1946 ,
1079 1883 1122 1934 si
1146 1882 1308 1934 malus
1341 1881 1408 1933 sis
1433 1921 1446 1944 ,
1469 1880 1606 1932 solus
1653 1878 1853 1930 liauries
1880 1876 2054 1938 mala;
2079 1876 2156 1928 sin
2177 1874 2403 1943 sapiens,

823 1983 870 2027 et
896 1975 984 2026 tibi
1005 1975 1102 2042 ipsi
1132 1983 1178 2026 et
1199 1974 1429 2042 proximo
1456 1973 1552 2024 eris
1579 1971 1782 2038 sapiens
1809 1973 1828 2039 (
1857 1968 2012 2022 Prov.
2040 1967 2093 2023 9.
2127 1967 2195 2021 12
2227 1967 2266 2034 ).

891 2061 1078 2118 Contra
1105 2062 1426 2116 theatralium
1453 2061 1852 2130 spectaculorum
1879 2070 2167 2113 sectatores.
2207 2057 2406 2110 Volun—

823 2166 898 2208 tas
929 2153 1106 2222 ubique
1130 2154 1354 2208 domina.
1381 2183 1455 2192 —
1481 2152 1561 2204 illi
1589 2151 1794 2219 decepti
1833 2159 1956 2202 sunt
1993 2149 2045 2202 in
2079 2148 2330 2210 theatris;
2359 2155 2413 2200 at

822 2262 919 2302 vos
961 2263 1066 2300 non
1102 2246 1310 2314 decepti
1351 2244 1499 2299 estis.
1547 2243 1787 2312 Magnum
1830 2241 1958 2294 illud
1989 2255 2052 2294 ex
2095 2240 2251 2292 rebus
2285 2239 2410 2306 ipsis

821 2348 1224 2406 argumentum,
1253 2336 1394 2389 clara
1429 2333 1812 2388 demonstratio
1850 2341 1904 2385 et
1939 2330 2273 2384 ratiocinatio
2303 2344 2407 2381 non

819 2428 998 2491 dubia,
1029 2430 1352 2480 voluntatem
1381 2427 1576 2493 ubique
1599 2423 1864 2477 dominam
1896 2437 2034 2476 esse.
2062 2421 2169 2474 liae
2197 2431 2248 2474 tu
2280 2421 2405 2474 item

819 2521 1112 2592 argumenti
1158 2520 1362 2572 ratione
1402 2529 1552 2572 utere
1589 2535 1602 2567 :
1643 2524 1696 2569 et
1735 2516 1779 2570 si
1822 2515 2001 2568 videas
2045 2513 2312 2566 hominem
2353 2513 2404 2565 in

821 2614 1051 2682 nequitia
1079 2613 1259 2666 vivere
1280 2653 1294 2676 ,
1325 2621 1482 2680 atque
1511 2609 1902 2678 improbitatem
1927 2622 2138 2661 onmem
2177 2605 2366 2659 sectari
2391 2647 2403 2668 ,

819 2720 882 2758 ac
908 2701 1098 2756 deinde
1125 2702 1508 2772 providentiam
1535 2699 1629 2753 Dei
1658 2697 1926 2753 criminari
1951 2695 2257 2764 dicereque,
2288 2711 2406 2748 eum

820 2799 1044 2852 fortuna:
1095 2805 1147 2849 et
1197 2795 1286 2848 fati
1341 2791 1642 2847 necessitati
1693 2790 2100 2856 darntonumque
2143 2786 2408 2857 tyrannidi

819 2903 1055 2946 nostram
1084 2890 1374 2960 snbjeeisse
1407 2897 1648 2941 naturam
1671 2927 1685 2950 ,
1716 2894 1770 2940 et
1795 2885 2024 2953 titulique
2049 2883 2259 2950 culpam
2290 2896 2320 2933 a
2349 2895 2407 2934 se

819 2983 1041 3047 amoliri,
1071 2992 1230 3050 atque
1258 2981 1310 3034 iu
1343 2989 1663 3040 creatorem,
1686 2977 1774 3045 qui
1801 2976 2048 3029 universo
2077 2975 2199 3026 huic
2230 2972 2407 3040 provi-

817 3077 926 3143 det,
957 3091 1074 3130 eam
1111 3074 1398 3130 transferre
1428 3091 1440 3125 :
1474 3072 1588 3140 ejus
1617 3085 1680 3124 os
1707 3069 1916 3125 obtura.
1951 3083 2054 3118 non
2095 3064 2276 3128 verbo,
2309 3061 2403 3116 sed

817 3168 973 3232 facto,
1007 3165 1336 3234 ostendeqne
1360 3165 1430 3216 illi
1458 3164 1619 3216 alium
1647 3174 1961 3213 conservum
1991 3158 2153 3226 probe
2177 3171 2239 3208 ac
2267 3165 2404 3210 tem-

817 3267 1002 3324 perate
1041 3256 1328 3310 viventem.
1369 3252 1484 3306 Non
1523 3265 1656 3320 opus
1693 3258 1775 3303 est
1809 3251 1960 3316 longa
1991 3247 2264 3310 oratione,
2299 3260 2402 3298 non

817 3362 950 3415 opus
977 3346 1239 3399 concinne
1265 3351 1540 3410 apparatu,
1575 3355 1680 3392 non
1712 3336 2064 3407 syllogismis;
2097 3334 2192 3388 sed
2222 3335 2402 3402 operi-

817 3435 914 3489 bus
940 3437 994 3488 lit
1023 3433 1429 3488 demonstratio.
1459 3431 1550 3484 Die
1577 3430 1650 3482 illi
1681 3446 1696 3482 :
1731 3427 1794 3480 Et
1821 3435 1878 3480 tu
1907 3441 2094 3480 servus
2119 3440 2177 3478 es
2205 3431 2260 3476 ut
2291 3423 2396 3484 ille,

816 3538 867 3580 tu
897 3527 1056 3580 homo
1093 3535 1148 3579 ut
1183 3525 1268 3578 ille
1303 3543 1316 3576 :
1351 3525 1401 3575 in
1433 3522 1622 3576 eodem
1663 3519 1862 3572 mundo
1891 3517 2143 3580 versaris,
2183 3517 2280 3568 sub
2307 3530 2401 3568 eo-

812 3621 932 3675 dem
973 3620 1104 3673 carlo
1145 3618 1333 3670 iisdem
1381 3614 1612 3668 vesceris
1655 3614 1785 3666 cibis
1816 3629 1829 3664 :
1859 3626 1956 3664 cur
1992 3620 2044 3664 tu
2081 3611 2132 3662 in
2170 3609 2402 3676 nequitia

813 3711 983 3777 degis,
1013 3709 1102 3761 ille
1131 3708 1181 3759 in
1213 3703 1442 3758 virtute?
1473 3703 1594 3756 lJeo
1624 3700 1862 3770 permisit
1887 3700 2024 3753 Deus
2052 3698 2219 3752 malos
2249 3697 2401 3751 bonis

815 3800 1108 3870 permixtos
1133 3811 1273 3858 esse,
1305 3810 1403 3848 nec
1429 3793 1586 3845 aliam
1631 3791 1783 3843 bouis
1811 3800 2026 3854 terram,
2053 3789 2216 3842 alium
2245 3787 2400 3841 malis

811 3891 994 3944 orbem
1025 3889 1206 3952 dedit;
1245 3886 1338 3940 sed
1381 3885 1476 3938 hos
1507 3885 1606 3938 illis
1635 3881 1970 3936 counniseuit
1991 3922 2007 3946 ,
2039 3895 2151 3934 rem
2179 3881 2394 3934 utilissi-

811 3996 951 4035 mam
982 3988 1249 4048 operatus.
1283 3975 1414 4030 Nam
1443 3975 1563 4030 boni
1595 3973 1928 4043 probatiores
1953 3981 2242 4040 apparent,
2271 3971 2399 4024 dum

813 4073 866 4126 in
913 4071 1087 4126 medio
1129 4069 1402 4123 hominum
1428 4109 1443 4132 ,
1473 4067 1562 4134 qui
1589 4079 1682 4118 eos
1711 4081 1740 4117 a
1774 4071 1918 4116 recta
1947 4062 2158 4114 vivendi
2197 4062 2400 4114 ratione

811 4171 1034 4217 avocant
1077 4171 1132 4215 et
1168 4159 1234 4212 ad
1273 4157 1472 4210 malum
1516 4153 1766 4213 trahunt,
1797 4161 2077 4204 versantur
2098 4191 2111 4214 ,
2142 4158 2196 4203 et
2225 4159 2400 4202 tamen

813 4257 1061 4307 virtutem
1092 4257 1383 4304 sectantur.
1415 4245 1622 4314 Oportet
1647 4245 1810 4306 enim,
1843 4242 2032 4311 inquit,
2063 4241 2272 4294 litert‘scs
2299 4256 2404 4293 esse

813 4347 867 4398 in
905 4345 1070 4406 vobis,
1104 4351 1158 4394 ut
1196 4341 1282 4408 qui
1319 4338 1514 4409 probati
1555 4345 1672 4390 sunt
1695 4375 1710 4400 ,
1753 4333 2006 4403 manifesti
2037 4333 2165 4401 fiant
2190 4333 2242 4384 in
2268 4331 2403 4384 vobis

815 4437 892 4506 (i.
918 4433 1032 4488 Cor.
1069 4433 1154 4485 11.
1199 4431 1309 4498 19).

887 4525 986 4578 Cur
1023 4523 1138 4576 boui
1170 4537 1284 4573 cum
1319 4518 1467 4571 malis
1511 4516 1762 4584 permixti.
1792 4543 1864 4554 —
1893 4513 2016 4567 Ideo
2045 4511 2203 4582 igitur
2233 4512 2401 4565 malos

817 4619 868 4672 iu
902 4616 1078 4670 medio
1109 4613 1357 4680 reliquit.
1386 4619 1444 4662 ιιι
1472 4607 1595 4661 boni
1635 4607 1799 4674 magis
1826 4605 2183 4674 splenderent.
2217 4603 2402 4658 Viden’

814 4718 1072 4778 quantum
1103 4707 1306 4758 lucrum
1329 4703 1351 4740 9
1379 4701 1480 4755 Sed
1511 4714 1615 4751 non
1644 4697 1711 4750 ab
1749 4697 2000 4764 improbis
2037 4696 2240 4748 lucrum
2261 4735 2276 4757 ,
2309 4693 2402 4748 sed

813 4820 847 4858 a
883 4797 1179 4858 constantia
1211 4798 1493 4850 bonorum.
1535 4790 1736 4844 Idcirco
1771 4787 1882 4842 Noe
1919 4788 2264 4850 admiramur,
2297 4801 2402 4838 nou

817 4893 955 4966 quod
989 4893 1164 4961 justus
1207 4903 1269 4941 ac
1313 4884 1584 4956 perfectus
1624 4887 1769 4934 esset
1795 4887 2029 4942 tantum,
2059 4877 2151 4931 sed
2181 4875 2322 4946 quod
2353 4875 2403 4927 in

817 4983 1162 5055 generatione
1184 4980 1268 5032 illa
1295 4991 1452 5045 prava
1475 4982 1635 5041 atque
1659 4982 1908 5038 perversa
1931 4968 2174 5020 virtutem
2198 4979 2407 5020 servas-

818 5085 938 5138 set,
981 5085 1103 5126 cum
1149 5068 1349 5122 nullmu
1397 5063 1604 5116 virtutis
1641 5057 1943 5127 exemplum
1989 5057 2245 5120 haberet,
2281 5069 2402 5108 cum

819 5179 1007 5220 attines
1037 5177 1158 5218 eum
1193 5159 1258 5214 ad
1299 5157 1549 5211 malitiam
1585 5158 1872 5208 evocarent
1901 5165 1915 5202 :
1947 5157 1998 5201 at
2036 5149 2160 5214 ipsis
2189 5158 2402 5202 eontra-

821 5260 952 5314 riam
983 5257 1122 5311 viam
1155 5252 1398 5310 tenebat,
1429 5249 1572 5302 velut
1602 5247 1646 5299 si
1675 5245 1848 5297 viator
1881 5241 2139 5310 quispiam
2161 5283 2174 5304 ,
2217 5254 2403 5309 magna

821 5348 1158 5405 multitudine
1182 5343 1368 5398 eodem
1397 5341 1584 5392 itinere
1607 5351 1726 5390 cum
1751 5336 1950 5402 impetu
1977 5339 2249 5402 pergente,
2277 5345 2407 5383 con-

825 5443 1042 5497 trarium
1066 5444 1250 5506 carpat
1279 5435 1398 5488 iter.
1424 5431 1755 5500 Quapropter
1779 5442 1883 5480 non
1914 5423 2228 5493 simpliciter
2251 5422 2401 5482 dixit,

825 5533 940 5589 Noe
955 5535 1124 5602 justus
1147 5537 1191 5582 et
1218 5527 1462 5598 perfectus
1479 5564 1492 5588 ,
1525 5519 1616 5575 sed
1645 5518 1869 5586 adjecit,
1891 5517 1943 5569 in
1971 5512 2289 5586 generatione
2311 5527 2406 5565 sua

824 5624 975 5694 (Gen.
999 5623 1052 5678 6.
1077 5621 1157 5688 9),
1180 5629 1430 5689 perversa
1459 5613 1662 5668 scilicet
1688 5619 1740 5664 et
1761 5608 2060 5677 desperata.
2089 5603 2178 5658 ubi
2206 5602 2402 5656 nullum

825 5691 1034 5769 virtutis
1053 5708 1427 5766 commercium
1451 5713 1582 5759 erat.
1601 5703 1784 5772 Itaque
1808 5700 1874 5754 ab
1899 5695 2152 5766 improbis
2181 5691 2230 5747 id
2253 5692 2407 5746 bouis

823 5805 954 5862 lucri
1003 5800 1330 5858 accedebat:
1373 5797 1448 5852 sic
1483 5804 1535 5851 et
1581 5793 1798 5850 arbores
1839 5805 1868 5844 a
1915 5785 2196 5844 contrariis
2233 5782 2403 5838 ventis

1563 408 1621 462 S.
1661 408 1939 464 JOANNIS
1961 405 2440 462 CHRYSOSTOMI
2481 410 2800 470 ARClllEP.
2842 417 3374 474 CONSTANTINOP.

4013 427 4118 484 166

2540 518 2748 586 agitata:
2777 521 3104 582 robustiores
3129 527 3274 580 fiunt.
3302 526 3397 580 Est
3421 527 3578 581 etiam
3611 530 3864 600 improbis
3889 555 3920 592 a
3952 541 4118 596 bonu-

2534 623 2648 660 rum
2673 613 2942 666 consortio
2968 615 3168 669 lucrum
3195 636 3206 670 :
3237 619 3656 674 verecundantur
3677 639 3886 694 nempe,
3915 633 4118 698 ρυιιυιιε

2533 698 2837 754 afficiuntur
2865 711 2918 756 et
2958 710 3282 764 erubescunt
3323 711 3390 764 ab
3427 713 3536 776 eis;
3565 715 3768 768 etiamsi
3799 733 3930 772 vero
3957 738 3989 776 a
4021 742 4116 780 ne-

2535 789 2694 855 quitia
2723 805 2828 844 non
2859 790 3118 848 absistant
3137 837 3151 858 ,
3180 808 3410 856 attamen
3443 803 3667 858 latenter
3702 805 3872 860 solum
3918 813 4118 870 audent

2535 877 2766 934 facinora
2797 889 3122 948 perpetrare.
3151 885 3262 940 Nec
3301 905 3485 956 parum
3515 905 3596 947 est
3626 895 3916 964 iniquitatis
3943 902 4116 952 amia-

2533 969 2681 1068 ciam-
2715 970 2826 1024 tolli
2863 988 2878 1024 :
2913 971 3137 1068 aliormn
3185 977 3382 1046 quippe
3424 983 3527 1036 vita
3573 983 3777 1040 illorum
3819 989 4113 1056 nequitiam

2531 1057 2862 1113 criminatur.
2899 1061 3032 1114 Audi
3071 1061 3229 1130 igitur
3252 1067 3376 1134 quid
3409 1069 3614 1125 dicatur
3640 1073 3706 1128 de
3727 1074 3872 1144 justo
3903 1093 3917 1129 :
3952 1076 4116 1130 Mole-

2529 1157 2636 1241 ἶςιιιιι
2665 1161 2737 1241 est
2767 1153 2908 1205 nobis
2935 1153 3008 1207 uel
3031 1154 3151 1206 dum
3179 1159 3484 1225 conspicitur
3513 1164 3668 1234 (Sap.
3697 1168 3750 1222 2.
3785 1169 3896 1241 15).
3929 1170 4116 1240 Neque

2529 1236 2579 1290 id
2610 1239 2884 1293 minimum
2914 1253 2994 1296 est
3021 1245 3406 1300 emendationis
3431 1249 3660 1318 initium,
3687 1273 3808 1312 cum
3835 1236 3950 1328 ejus
3977 1236 4112 1328 pra:-

2528 1332 2696 1384 sentia
2727 1337 3042 1400 torquentur
3072 1355 3084 1388 :
3119 1338 3216 1390 nisi
3245 1339 3383 1390 enim
3413 1341 3490 1394 eis
3517 1346 3774 1404 molestus
3801 1364 3942 1406 esse;
3969 1353 4112 1406 illius

2529 1432 2874 1488 conspectus,
2907 1443 3009 1478 non
3054 1429 3120 1478 ita
3159 1429 3518 1497 loquerentur.
3546 1434 3655 1490 Nec
3685 1443 3950 1498 modicum
3981 1445 4110 1498 illud

2530 1511 2960 1580 impedimentum
3005 1525 3124 1580 est,
3173 1535 3278 1586 quo
3329 1523 3504 1575 minus
3552 1527 3748 1580 malitia
3795 1549 3888 1584 sua
3939 1534 4112 1589 libere

2529 1613 2760 1702 utantur.
2787 1607 2970 1660 Vidisti
2999 1620 3249 1677 quantmn
3277 1611 3480 1664 lucrum
3511 1615 3662 1668 bonis
3693 1634 3786 1686 per
3815 1623 4106 1690 improbos.

2529 1696 2782 1762 improbis
2818 1713 2910 1764 per
2949 1699 3113 1752 bonos
3141 1701 3390 1754 accedat?
3425 1702 3542 1756 ideo
3577 1720 3681 1758 non
3721 1713 3990 1776 separavit
4015 1729 4110 1768 eos

2526 1781 2682 1844 Deus,
2711 1785 2804 1838 sed
2833 1789 3150 1842 commixtos
3179 1790 3402 1858 reliquit.

2592 1873 2644 1926 2.
2689 1874 2790 1927 Cur
2822 1879 3052 1932 diabolus
3091 1882 3418 1951 relinquatur.
3447 1913 3518 1922 —
3557 1883 3696 1938 Idem
3741 1885 3921 1956 itaque
3953 1891 4108 1946 nobis

2521 1964 2678 2018 etiam
2709 1965 2774 2020 de
2802 1967 3011 2020 diabolo
3039 1971 3104 2023 sit
3141 1989 3335 2026 sermo.
3371 1974 3492 2027 Ideo
3521 1977 3659 2028 enim
3697 1978 3842 2032 illum
3875 1979 3960 2034 hic
3985 1997 4106 2038 esse

2521 2059 2660 2120 sivit,
2684 2067 2738 2110 nt
2761 2067 2810 2111 te
2833 2058 3103 2114 fortiorem
3127 2066 3393 2132 redderet,
3424 2077 3480 2120 ut
3501 2070 3906 2136 splendidiorem
3929 2073 4102 2128 athle-

2525 2155 2628 2200 tam
2659 2147 2873 2212 faceret,
2899 2159 2952 2203 ut
2974 2152 3171 2219 majora
3197 2152 3370 2208 forent
3391 2160 3698 2218 certamina.
3728 2161 3780 2214 Si
3807 2163 3924 2231 quis
3949 2163 4108 2232 igitur

2521 2235 2680 2302 dicat,
2706 2239 2810 2292 Cur
2834 2240 3098 2293 diabolum
3127 2243 3338 2311 reliquit
3368 2247 3546 2300 Deus?
3577 2248 3692 2302 haec
3721 2253 3792 2303 illi
3819 2253 4102 2320 responde.

2521 2327 2649 2392 Quia
2683 2327 2746 2382 iis
2772 2329 2859 2396 qui
2888 2330 3101 2398 vigilant
3128 2339 3179 2384 et
3209 2333 3307 2385 sibi
3336 2335 3636 2402 attendunt,
3661 2355 3764 2392 non
3793 2343 3952 2394 modo
3973 2344 4102 2396 nihil

2519 2426 2673 2468 nocet
2695 2457 2708 2478 ,
2747 2421 2838 2470 sed
2881 2419 3038 2471 etiam
3085 2420 3226 2473 utilis
3265 2431 3382 2485 est,
3418 2439 3525 2477 non
3552 2427 3770 2482 arbitrio
3795 2445 3894 2484 suo
3918 2472 3932 2493 ,
3959 2431 4102 2500 quod

2519 2506 2712 2558 malum
2741 2519 2853 2568 est.
2883 2509 2975 2562 sed
3017 2510 3226 2564 illorum
3269 2513 3602 2580 fortitudine,
3635 2520 3722 2586 qui
3755 2521 3868 2588 ejus
3907 2524 4104 2578 malitia

2519 2607 2571 2650 ιιι
2602 2615 2694 2664 par
2719 2611 2802 2654 est
2831 2611 3063 2656 utuntur.
3101 2605 3369 2671 Siquidem
3410 2617 3463 2658 et
3503 2622 3620 2659 cum
3661 2607 3794 2662 Jobo
3829 2612 4100 2676 conﬂixit,

2521 2706 2623 2743 non
2656 2701 2710 2743 ut
2736 2693 2877 2746 illum
2904 2693 3181 2748 clariorem
3211 2697 3478 2762 redderet,
3505 2699 3596 2752 sed
3622 2709 3676 2752 ut
3698 2702 4062 2769 supplantaret
4085 2722 4099 2756 :

2521 2779 2745 2849 ideoque
2774 2783 2940 2834 malus
2969 2796 3080 2848 est,
3111 2785 3251 2852 quod
3281 2788 3368 2839 tali
3409 2786 3477 2839 sit
3521 2791 3792 2860 proposito
3817 2806 3879 2843 ac
3909 2792 4102 2845 volun-

2521 2879 2662 2934 tate;
2701 2879 2931 2925 attamen
2979 2875 3106 2927 nihil
3144 2877 3340 2940 justum
3373 2877 3504 2931 besit
3527 2920 3540 2943 ,
3574 2881 3665 2934 sed
3699 2882 3782 2934 hic
3815 2885 3988 2950 potius
4017 2885 4100 2937 lu-

2516 2975 2664 3014 crum
2706 2979 2772 3016 ex
2804 2963 2894 3016 tali
2935 2979 3106 3032 pugna
3147 2969 3430 3034 reportavit
3451 3009 3463 3030 ,
3496 2978 3553 3022 ut
3581 2969 3688 3038 jam
3717 2973 4051 3026 ostendimus
4084 2991 4098 3026 :

2515 3062 2674 3122 atque
2720 3053 2929 3108 d;cmon
2981 3057 3266 3124 nequitiam
3294 3100 3307 3122 ,
3350 3059 3523 3125 justus
3570 3076 3695 3114 vero
3737 3060 4100 3118 fortitudinem

2515 3143 2774 3197 exhibuit.
2811 3147 2876 3197 At
2917 3148 3110 3200 multos
3141 3149 3476 3216 supplantat,
3508 3151 3710 3218 inquies
3739 3169 3752 3206 :
3783 3153 3851 3206 ob
3891 3154 4100 3207 illorum

2514 3233 2716 3288 scilicet
2759 3233 3156 3300 infirmitatem,
3205 3253 3308 3290 non
3355 3247 3528 3291 autem
3567 3240 3759 3293 virtute
3795 3256 3922 3306 sua,
3959 3243 4100 3310 quod

2510 3323 2618 3390 jam
2651 3323 2886 3391 pluribus
2913 3324 3333 3378 demonstratun‘i
3365 3340 3467 3381 est.
3500 3327 3666 3380 Tuum
3699 3345 3824 3398 ergo
3853 3341 3997 3384 recte
4022 3333 4102 3385 d2-

2515 3417 2625 3482 rige
2668 3416 2936 3479 animum,
2977 3424 3032 3470 et
3069 3433 3351 3484 numquam
3397 3419 3464 3471 ab
3503 3419 3678 3486 aliquo
3723 3419 4098 3475 detrimentum

2514 3507 2760 3576 accipies,
2791 3508 2896 3559 imo
2923 3509 3150 3562 maxima
3179 3508 3491 3570 lucraberis,
3520 3525 3623 3562 non
3653 3526 3680 3561 a
3709 3512 3889 3579 probis
3916 3515 4096 3574 modo,

2513 3597 2604 3648 sed
2629 3597 2785 3650 etiam
2809 3597 2875 3650 ab
2899 3598 3168 3666 improbis.
3199 3596 3321 3650 Ideo
3344 3599 3506 3660 enim,
3539 3609 3594 3652 ut
3619 3609 3774 3653 antea
3797 3601 3929 3663 dixi,
3953 3618 4103 3654 com-

2514 3688 2706 3742 mixtos
2751 3689 2956 3757 reliquit
3003 3689 3144 3741 Dcus
3192 3687 3472 3754 homines,
3511 3691 3738 3744 maxime
3780 3693 3950 3746 bonos
3977 3709 4098 3745 cum

2511 3778 2695 3839 malis,
2725 3787 2782 3831 ιιι
2813 3778 2910 3832 hos
2949 3778 3015 3831 ad
3052 3795 3201 3831 suam
3246 3781 3512 3848 propriam
3541 3781 3796 3836 reducant
3828 3785 4097 3838 virtutem.

2509 3869 2646 3923 Audi
2677 3870 2800 3938 quid
2832 3869 3104 3937 discipulis
3130 3870 3269 3924 dicat
3295 3871 3539 3925 Christus
3569 3891 3582 3925 :
3611 3871 3789 3926 Simile
3815 3877 4002 3944 factum
4029 3885 4101 3928 est

2510 3977 2718 4031 regnum
2740 3961 2979 4013 caelorum
3001 3961 3218 4025 mulieri,
3245 3977 3356 4026 qure
3378 3971 3631 4028 acceptum
3663 3967 3958 4031 {erumnam
3981 3966 4098 4020 abs-

2511 4053 2682 4104 condit
2719 4052 2772 4104 in
2817 4051 2998 4118 farina’
3037 4051 3161 4104 satis
3200 4051 3356 4103 tribus
3387 4049 3614 4122 (Matth.
3647 4053 3729 4105 13.
3761 4053 3888 4120 53).
3921 4055 4098 4124 Itaque

2508 4141 2636 4208 justi
2673 4141 2776 4192 vim
2823 4139 3062 4194 fermcuti
3109 4140 3303 4193 habent
3326 4179 3340 4203 ,
3376 4149 3432 4192 ιιι
3459 4139 3524 4193 ad
3553 4155 3699 4193 suam
3741 4143 4098 4197 conditionem

2515 4231 2784 4298 improbos
2827 4229 3162 4284 transferant.
3207 4230 3312 4284 Sed
3357 4231 3506 4298 pauci
3546 4241 3668 4284 sunt
3701 4232 3863 4300 justi,
3895 4235 4017 4302 quia
4047 4247 4100 4289 et

2515 4319 2828 4374 fermentmn
2862 4336 3079 4389 parvum
3113 4329 3192 4372 cst
3219 4335 3232 4382 ;
3265 4335 3448 4372 verum
3489 4319 3574 4372 illa
3607 4323 3841 4389 paucitas
3869 4340 4096 4378 massam

2513 4429 2615 4466 non
2657 4413 2836 4476 licdit,
2875 4412 2968 4466 sed
3011 4421 3174 4465 totam
3221 4411 3439 4465 farinam
3481 4427 3578 4482 pro
3621 4413 3777 4468 insita
3817 4416 4012 4472 virtute
4047 4419 4096 4472 iu

2512 4519 2661 4558 suam
2711 4503 2963 4557 transfert
3003 4501 3384 4556 conditionem.
3439 4502 3530 4557 Sic
3571 4503 3836 4572 justorum
3885 4521 4098 4575 quoque

2513 4595 2678 4648 virtus
2719 4610 2823 4648 non
2865 4593 2916 4647 in
2946 4606 3168 4645 numcro
3193 4593 3289 4644 sita
3320 4603 3400 4646 est
3425 4635 3438 4656 ,
3468 4593 3560 4647 sed
3591 4595 3642 4646 iu
3669 4595 3834 4662 gratia
3869 4595 4099 4663 Spiritus

2515 4683 2675 4737 robur
2701 4694 2867 4738 totmn
2900 4683 3078 4736 habet.
3111 4681 3390 4736 Duodecim
3422 4692 3574 4736 erant
3625 4683 3848 4750 apostoli
3881 4702 3894 4736 :
3929 4685 4100 4737 viden‘

2515 4792 2671 4844 quam
2705 4775 2969 4828 modicum
3001 4775 3069 4826 sit
3101 4773 3458 4827 fermentum?
3487 4783 3631 4828 totus
3657 4773 3802 4825 orbis
3833 4775 3882 4826 in
3913 4775 4098 4830 infide-

2515 4867 2660 4920 litate
2689 4865 3000 4918 versabatur
3030 4881 3043 4916 :
3075 4864 3245 4916 viden”
3273 4874 3465 4934 quanta
3500 4863 3711 4918 massa?
3740 4863 3832 4915 sed
3865 4865 3941 4918 illi
3968 4867 4100 4920 duo—

2515 4955 2688 5008 decim
2715 4961 2881 5007 totum
2913 4953 3098 5008 orbem
3129 4951 3193 5006 ad
3229 4969 3286 5008 se
3314 4961 3710 5007 converterunt.
3753 4951 4096 5009 Fermentum

2515 5055 2568 5099 et
2593 5059 2763 5100 massa
2793 5043 3031 5112 ejusdem
3057 5053 3179 5096 sunt
3204 5053 3427 5108 naturae,
3457 5043 3551 5096 sed
3581 5055 3684 5094 non
3710 5041 3947 5108 ejusdem
3969 5060 4100 5112 qua-

2517 5138 2677 5192 litatis
2708 5153 2722 5190 :
2753 5134 3094 5206 quamobrem
3125 5136 3263 5190 inter
3287 5135 3460 5203 justos
3492 5133 3698 5201 reliquit
3729 5133 4018 5202 improbos.
4043 5143 4092 5188 nt

2516 5225 2962 5297 quemadmodum
2994 5225 3044 5279 hi
3083 5226 3321 5294 ejusdem
3365 5233 3564 5277 natura}
3599 5233 3905 5294 suntatque
3929 5225 4094 5296 justi,

2516 5321 2593 5375 sic
2623 5319 2856 5390 ejusdem
2889 5319 3142 5388 propositi
3175 5319 3382 5373 fierent.

2591 5411 2758 5465 Homo
2784 5412 2922 5466 solus
2945 5420 3119 5464 auctor
3143 5406 3354 5476 peccati.
3379 5435 3452 5446 —-
3481 5406 3602 5461 llaec
3635 5405 3892 5462 memoria
3919 5415 4102 5460 tenea-

2517 5504 2602 5568 tis,
2637 5502 2721 5558 his
2747 5519 2807 5558 os
2835 5505 3076 5557 obturate
3107 5499 3310 5569 ignavis
3351 5497 3476 5564 illis,
3509 5499 3800 5564 dissolutis,
3835 5497 4100 5565 segniori-

2521 5595 2616 5649 bus
2637 5638 2651 5657 ,
2685 5596 2770 5666 qui
2815 5595 3024 5649 virtutis
3069 5593 3275 5646 labores
3316 5589 3612 5660 refugiunt,
3643 5588 3732 5660 qui
3761 5601 4098 5642 communem

2517 5697 2756 5742 nostrum
2787 5687 3070 5740 Dominum
3102 5683 3364 5735 incusant.
3407 5679 3654 5747 Peccasti,
3689 5679 3878 5746 inquit,
3909 5676 4101 5743 quiest-2

2521 5776 2672 5848 (Gen.
2701 5781 2754 5837 4.
2784 5779 2838 5848 7)
2873 5795 2885 5830 :
2921 5791 2988 5832 ne
3013 5771 3228 5844 adjicias
3253 5773 3393 5828 aliud
3423 5773 3635 5844 gravius
3661 5777 3934 5840 peccatum
3965 5765 4098 5838 (Er-
