4446 6706
805 463 912 520 261

803 575 1150 642 ἡσύχασον,
1191 569 1264 640 μὴ
1288 567 1530 640 προσθῇς
1559 568 1817 640 δευτέραν
1837 571 2111 642 ἁμαρτίαν
2137 572 2380 644 χαλεπω-

801 659 968 726 τέραν
991 673 1004 686 ·
1043 657 1141 724 οὐχ
1172 653 1315 706 οὕτω
1343 651 1576 722 χαλεπὸν
1612 651 1674 703 τὸ
1696 653 1984 724 ἁμαρτεῖν,
2008 655 2084 719 ὼς
2120 655 2257 726 μετά
2284 655 2383 726 τὴν

803 739 1078 810 ἁμαρτίαν
1116 735 1210 789 τοῦ
1258 734 1527 788 Δεσπότου
1567 739 1918 807 κατηγορεῖν.
1969 738 2262 806 Ἐπίγνωθι
2293 739 2383 790 τὸν

804 825 974 876 αῖτιον
1005 821 1104 889 τῆς
1135 817 1430 888 ἁμαρτίας,
1467 816 1560 868 καὶ
1605 817 1800 870 οὐδένα
1845 819 2004 873 ἀλλον
2037 821 2312 891 εὑρήσεις,
2347 819 2382 889 ἢ

803 906 894 958 τὸν
941 901 1296 974 ἡμαρτηκότα
1347 899 1430 952 σέ.
1475 899 1758 970 Πανταιχοῦ
1809 904 2184 974 προαιρέσεως
2227 902 2385 972 χρεία

806 987 1012 1055 ἀγαθῆς
1035 1003 1048 1015 ·
1075 984 1255 1048 ἔδειξα
1287 983 1418 1052 ὑμῖν
1443 982 1602 1034 τοῦτο
1627 983 1728 1034 οὐκ
1756 983 1866 1036 ἀπὸ
1893 985 2164 1054 λογισμῶν
2191 984 2383 1052 ψιλῶν,

807 1069 920 1122 ἀλλ’
947 1067 1054 1119 ἀπὸ
1083 1065 1386 1119 συνδούλων
1410 1065 1520 1116 τῶν
1552 1067 1610 1118 ἐν
1639 1065 1788 1136 αὐτῷ
1817 1067 1896 1136 τῷ
1925 1069 2117 1138 κόσμῳ
2147 1067 2383 1130 ζώντων.

807 1149 991 1220 Ταύτῃ
1017 1149 1110 1201 καὶ
1129 1148 1292 1209 αὐτὸς
1319 1147 1561 1217 κέχρησο
1600 1150 1668 1218 τῇ
1711 1150 1984 1214 ἀποδείξει
2009 1167 2022 1178 ·
2069 1149 2211 1202 οὐτω
2239 1151 2332 1202 καὶ
2359 1151 2387 1202 ὁ

806 1234 984 1294 κοινὸς
1037 1233 1184 1301 ἡμᾶς
1229 1233 1408 1302 κρινεῖ
1447 1231 1758 1302 Δεσπότης·
1797 1234 1996 1304 μάθετε
2048 1235 2232 1287 τοῦτον
2287 1235 2387 1304 τῆς

806 1313 1132 1378 ἀποδείξεως
1175 1313 1266 1365 τὸν
1303 1313 1528 1384 τρόπον,
1561 1315 1658 1367 xal
1703 1317 1878 1380 οὐδεὶς
1918 1318 2060 1387 ὑμᾶς
2099 1317 2388 1387 δυνήσεται

807 1397 1224 1468 συλλογίσασθαι
1259 1409 1308 1449 ι.
1347 1397 1608 1468 Πορνεύει
1654 1417 1767 1464 τις;
1805 1400 1976 1466 δεῖξον
2009 1400 2156 1471 αὐτῷ
2181 1418 2390 1472 σωφρο-

805 1483 1001 1536 νοῦντα
1047 1482 1268 1550 ἓτερον·
1329 1480 1645 1534 πλεονεκτεῖ
1677 1481 1831 1554 [9.70]
1865 1501 1950 1546 τις
1998 1485 2092 1538 καὶ
2117 1485 2388 1556 άρπάζεις

807 1565 980 1628 δεῖξον
1024 1562 1174 1632 αὐτῷ
1220 1563 1314 1614 τὸν
1347 1563 1722 1636 ἐλεημοσύνην
1758 1565 1996 1619 διδόντα·
2025 1569 2082 1620 ἐν
2123 1569 2392 1638 βασκανίᾳ

809 1646 877 1718 ζῇ
905 1649 1000 1700 καὶ⁵
1027 1647 1236 1715 φθόνῳ;
1262 1646 1432 1709 δεῖξον
1466 1647 1615 1714 αὐτῷ
1647 1647 1741 1700 τὸν
1768 1651 2008 1721 καθαρὸν
2032 1652 2124 1703 τοῦ
2161 1651 2388 1714 πάθους·

809 1733 902 1785 ὐπ’
925 1731 1096 1801 ὀργῆς
1121 1733 1434 1800 κρατεῖται;
1461 1730 1552 1783 τὸν
1583 1733 1642 1784 ἐν
1668 1732 1957 1804 φιλοσοφία
1981 1733 2161 1796 ζῶντα
2191 1737 2270 1798 εἰς
2296 1735 2391 1804 μέ-

809 1830 901 1867 σον
927 1815 1122 1882 ἄγαγε.
1165 1813 1240 1864 Οὐ
1267 1811 1378 1881 γὰρ
1403 1811 1484 1864 δεῖ
1511 1813 1672 1882 μόνον
1702 1817 1782 1876 εἰς
1813 1815 1880 1866 τὰ
1915 1815 2122 1868 παλαιὰ
2163 1816 2392 1886 ἀνατρέ-

801 1910 924 1962 χειν
957 1899 1294 1968 διηγήματα,
1327 1895 1467 1950 ἀλλά
1501 1897 1596 1949 καὶ
1631 1897 1739 1948 ἀπὸ
1770 1897 1880 1948 τῶν
1929 1899 2215 1967 παρόντων
2249 1899 2392 1968 λαμ-

808 1981 996 2036 ϐάνειν
1033 1979 1104 2032 τὰ
1137 1978 1597 2050 παραδείγματα·
1635 1981 1726 2031 καὶ
1766 1980 1874 2050 γὰρ
1913 1981 2010 2033 καὶ
2035 1982 2278 2052 τήμερον
2305 1983 2394 2036 διὰ

806 2066 908 2136 τὴν
930 2064 1024 2118 τοῦ
1054 2063 1190 2116 Θεοῦ
1223 2064 1379 2132 χάριν
1409 2063 1508 2114 οὐκ
1539 2062 1797 2116 ἐλάττονα
1823 2063 1930 2116 τῶν
1961 2065 2246 2136 προτέρων
2279 2067 2398 2118 ἐστὶ

807 2147 878 2202 τὰ
911 2144 1336 2218 κατορθώματα.
1369 2145 1632 2208 Ἀπιστὸς
1662 2147 1778 2198 ἐστι
1809 2147 1906 2199 καὶ
1931 2147 2149 2216 ψευδεῖς
2179 2152 2398 2220 ἡγεῖται

806 2231 906 2294 τὰς
933 2228 1158 2300 Γραφὰς
1198 2222 1373 2288 εἷναις
1411 2227 1472 2279 οὐ
1511 2229 1782 2292 πιστεύει,
1806 2229 1890 2280 ὃτι
1927 2230 1956 2280 ὀ
2011 2229 2132 2282 Ἰὼϐ
2161 2231 2398 2294 τοιοῦτος

809 2311 912 2386 ἦν;
942 2311 1114 2376 δεῖξον
1149 2311 1300 2380 αὐτῷ
1339 2311 1529 2383 ἕτερον
1575 2311 1865 2382 ἄνθρωπον
1921 2313 2014 2366 τὸν
2049 2315 2259 2366 ἐκείνου
2303 2317 2396 2366 τοῦ

810 2396 1021 2450 δικαίου
1045 2393 1314 2465 ζηλοῦντα
1331 2393 1422 2445 τὸν
1438 2393 1572 2462 βίον.
1595 2393 1752 2445 Οὐτω
1780 2395 1874 2446 καὶ
1897 2396 1925 2446 ό
1945 2395 2222 2464 Δεσπότης
2247 2399 2397 2466 ἡμᾶς

811 2480 1022 2550 κρινεῖ·
1059 2475 1378 2534 συνδούλους
1415 2475 1597 2543 ἵστησι
1630 2475 1768 2542 μετὰ
1801 2475 2122 2542 συνδούλων,
2169 2479 2263 2530 καὶ
2297 2478 2396 2530 οὐκ

811 2563 920 2616 ἀπὸ
941 2561 1042 2630 τῆς
1076 2559 1241 2612 αὐτοῦ
1273 2557 1510 2628 κρίσεως
1537 2557 1694 2628 φέρει
1717 2557 1819 2629 τὴν
1849 2559 2049 2627 ψῆφον,
2081 2559 2168 2612 ἴνα
2198 2559 2272 2630 μὴ
2293 2560 2396 2631 ἄρ-

813 2648 972 2716 ξηται
998 2643 1179 2710 λέγειν
1210 2659 1294 2704 τις
1323 2641 1508 2703 πάλιν,
1541 2642 1794 2711 καθάπερ
1827 2643 2036 2706 ἐκεῖνος
2064 2645 2092 2696 ό
2121 2645 2340 2712 οἰκέτης
2370 2645 2398 2696 ό

813 2729 875 2780 τδ
901 2725 1163 2780 τάλαντον
1195 2723 1528 2786 πιστευθεὶς,
1557 2726 1652 2776 καὶ
1689 2725 1812 2776 ἀντὶ
1855 2725 2123 2778 ταλάντου
2163 2743 2400 2796 κατηγο-

819 2810 941 2881 ρίαν
965 2805 1369 2878 προσενεγκὼν,
1409 2807 1540 2859 "On
1567 2810 1840 2874 σκληρὸς
1876 2806 1951 2862 εἷ.
1973 2809 2102 2862 Δέον
2141 2809 2252 2880 γὰρ
2281 2811 2402 2862 στέ-

817 2911 952 2952 νειν.
980 2893 1061 2944 ὅτι
1102 2891 1200 2943 οὐκ
1225 2890 1574 2942 ἐδιπλασίασε
1597 2891 1659 2943 τὸ
1682 2892 1964 2955 τάλαντον,
1999 2891 2138 2945 ἀλλά
2178 2894 2272 2946 καὶ
2301 2911 2401 2962 χα-

816 2975 1130 3046 λεπωτέραν
1161 2973 1260 3042 τὴν
1289 2973 1564 3042 ἁμαρτίαν
1588 2975 1906 3044 εἰργάσατο,
1935 2975 2034 3042 τὴν
2063 2977 2402 3046 κατηγορίαν

816 3060 916 3130 τὴν
945 3057 1086 3110 κατὰ
1111 3053 1206 3109 τοῦ
1232 3055 1494 3107 δεσπότου
1524 3055 1786 3126 προσθεὶς
1814 3059 1878 3126 τῇ
1905 3057 2082 3126 οἰκεία
2113 3057 2306 3128 ἀργία.
2335 3057 2400 3110 Τί

818 3141 929 3212 γάρ
965 3156 1130 3210 φησιν
1153 3155 1168 3203 ;
1195 3134 1378 3190 Εἷδόν
1410 3152 1484 3190 σε
1513 3138 1603 3191 ὅτι
1641 3139 1914 3206 σκληρὸς
1939 3135 2010 3192 εἴ.
2041 3135 2112 3192 Ὦ
2136 3139 2285 3193 ἁθλιο
2308 3140 2403 3193 καὶ

819 3221 1162 3292 ταλαίπωρε,
1203 3217 1296 3271 καὶ
1308 3217 1656 3290 ἀγνωμονῶν,
1677 3219 1773 3274 καὶ
1792 3218 2013 3293 ὀκνηρέ·
2036 3219 2276 3278 ὀφείλων
2303 3223 2404 3294 τῆς

823 3303 1024 3359 σαυτοῦ
1057 3303 1383 3371 κατηγορεῖν
1409 3300 1610 3369 ἀργίας
1639 3301 1735 3353 καὶ
1749 3301 2044 3370 ὑφελέσθαι
2066 3320 2119 3356 τι
2143 3307 2244 3374 τῆς
2274 3323 2405 3376 προ-

821 3387 984 3458 τέρας
1006 3384 1302 3454 ἀμαρτίας,
1339 3383 1402 3435 σὺ
1432 3383 1489 3436 δὲ
1511 3384 1602 3435 ἐπὶ
1625 3384 1717 3436 τὸν
1738 3383 2004 3455 δεσπότην
2033 3388 2132 3458 τὴν
2161 3406 2372 3456 κατηγο
2389 3421 2402 3430 .

821 3471 944 3541 ρίαν
977 3465 1340 3540 μετενεγκὼν,
1369 3466 1490 3520 ἀντὶ
1541 3466 1636 3519 τοῦ
1687 3467 1953 3522 ταλάντου
1997 3469 2094 3539 τὴν
2127 3471 2404 3541 ἁμαρτίαν

817 3551 1226 3612 ἐδιπλασίασας.

887 3667 957 3726 γ’.
981 3656 1080 3710 Διά
1095 3655 1256 3708 τοῦτο
1271 3655 1300 3706 ό
1319 3653 1452 3714 Θεδς
1473 3652 1694 3716 δούλους
1711 3654 1806 3706 καὶ
1821 3653 2042 3719 δούλους
2059 3657 2180 3726 ἵστη
2189 3675 2291 3712 σιν,
2321 3657 2408 3709 ἵνα

817 3737 964 3794 οὗτοι
986 3738 1230 3800 ἐκείνους
1262 3736 1512 3806 κρίνωσι,
1549 3736 1794 3788 κάκεῖνοι
1843 3735 1932 3789 διὰ
1977 3738 2184 3790 τούτων
2221 3741 2406 3808 κρινό-

823 3841 978 3894 μενοι
1029 3821 1104 3891 μὴ
1139 3819 1306 3890 ἔχωσι
1357 3817 1542 3870 λοιπὸν
1593 3821 1920 3888 κατηγορεῖν
1965 3819 2060 3872 τοῦ
2105 3823 2400 3876 Δεσπότου.

819 3907 920 3959 Διά
949 3903 1107 3958 τοῦτό
1138 3917 1328 3972 φησιν·
1370 3900 1703 3968 Ἕρχεταιό
1753 3901 1886 3966 Υἱὸς
1932 3901 2038 3956 τοῦ
2085 3903 2402 3970 ἀνθρώπων

815 3989 912 4042 ἐπὶ
936 3985 1044 4054 τῆς
1062 3987 1250 4052 δόξης
1272 3982 1380 4036 τοῦ
1415 3985 1646 4052 Πατρός
1681 3985 1890 4036 αὑτοῦ.
1930 3985 2070 4053 Ὅρα
2101 3987 2199 4054 τῆς
2245 3987 2406 4056 δόξης

815 4073 878 4124 τὸ
910 4069 1332 4140 ἀπαράλλακτον
1354 4084 1365 4096 ·
1401 4066 1504 4118 οὐκ
1553 4062 1730 4128 εἶπεν,
1770 4066 1894 4117 Ἐπὶ
1921 4065 2076 4134 δόξης
2121 4069 2313 4138 ὁμοίας
2339 4073 2404 4140 τῇ

815 4153 946 4226 δόξῃ
973 4151 1067 4205 τοῦ
1095 4149 1330 4221 [1ατρὸς,
1361 4147 1475 4201 ἀλλ’
1517 4147 1642 4200 Ἐπί
1672 4147 1782 4214 τῆς
1807 4145 1992 4214 δόξης
2013 4149 2118 4202 τοῦ
2149 4151 2402 4218 Πατρός,

817 4237 918 4290 καί
943 4233 1200 4296 συνάξει
1227 4232 1296 4284 τὰ
1317 4229 1462 4296 ἔθνη
1491 4227 1687 4282 πάντα
1706 4247 1717 4259 ·
1751 4229 1980 4300 φοϐερὸν
2009 4231 2068 4283 τὸ
2099 4236 2404 4303 κριτήριον,

819 4317 1048 4390 φοϐερὸν
1087 4319 1199 4378 τοῖς
1227 4313 1608 4386 ἁμαρτάνουσι
1644 4313 1740 4366 καὶ
1763 4313 2083 4377 ὑπευθύνοις
2103 4333 2114 4345 ·
2142 4318 2264 4368 ἐπεὶ
2292 4321 2406 4380 τοῖς

817 4403 1115 4458 συνειδόσιν
1141 4403 1352 4462 ἑαυτοῖς
1377 4397 1788 4468 κατορθώματα
1831 4397 2077 4450 ποθεινὸν
2113 4401 2204 4452 καὶ
2233 4417 2396 4469 προσ·

817 4486 978 4557 ηνές·
1013 4483 1120 4537 Καὶ
1147 4482 1362 4547 στήσει
1391 4484 1463 4534 τὰ
1489 4480 1760 4547 πρόϐατα
1811 4479 1880 4532 ἑκ
1907 4477 2140 4542 δεξιῶν,
2197 4483 2290 4534 καί
2334 4484 2405 4535 τὰ

817 4571 1016 4638 ἐρίφια
1037 4567 1104 4631 ἐξ
1126 4564 1475 4634 εὐωνύμων·
1509 4565 1604 4616 καὶ¹
1641 4557 1790 4616 οὗτοι
1830 4564 2074 4616 κάκεῖνοι
2103 4563 2399 4635 ἄνθρωποι.

819 4652 922 4705 Διά
966 4651 1016 4703 τί
1049 4647 1140 4703 οὖν
1171 4650 1368 4700 ἐκεῖνοι
1423 4647 1522 4716 μὲν
1554 4646 1826 4718 πρόϐατα,
1889 4639 2037 4700 οὗτοι
2084 4647 2142 4699 δέ
2177 4650 2402 4718 ἐρίῳιας

820 4737 932 4804 Οὐχ
983 4733 1070 4785 ἵνα
1121 4731 1219 4801 τὴν
1251 4729 1555 4796 ἐναλλαγὴν
1609 4730 1708 4798 τῆς
1757 4729 1998 4798 φύσεως,
2047 4730 2166 4784 ἀλλ’
2191 4732 2278 4783 ἴνα
2307 4733 2406 4803 τὴν

820 4815 1122 4884 ἐναλλαγὴν
1145 4813 1246 4884 τῆς
1275 4812 1652 4882 προαιρέσεως
1689 4811 1890 4884 μάθῃς.
1919 4813 2020 4866 Διά
2049 4812 2101 4866 τί
2127 4813 2185 4866 δὲ
2229 4815 2280 4866 εί
2331 4815 2406 4883 μὴ

819 4899 1052 4962 διδόντες
1087 4893 1460 4966 ἐλεημοσύνην
1481 4893 1708 4962 ἐρίφια;
1742 4893 1864 4948 Ὅτι
1901 4896 2154 4966 ἄκαρπόν
2203 4899 2320 4950 ἐστι
2349 4898 2410 4949 τὸ

821 4982 983 5046 ζῶον,
1005 4981 1100 5034 καὶ
1127 4979 1249 5033 οὐτε
1298 4978 1398 5049 τὴν
1442 4977 1552 5030 ἀπὸ
1594 4977 1692 5030 τοῦ
1737 4978 2007 5046 γάλακτος
2035 4979 2408 5050 λειτουργίαν,

820 5064 944 5118 οὐτε
973 5063 1072 5133 τὴν
1115 5061 1224 5116 ἀπὸ
1267 5061 1374 5114 τῶν
1417 5061 1814 5130 γεννημάτων,
1859 5059 1982 5114 οὔτε
2019 5063 2120 5134 τὴν
2159 5065 2270 5116 ἀπὸ
2299 5061 2408 5115 τῶν

823 5147 1024 5216 τριχῶν
1057 5145 1327 5214 εἰσφέρειν
1354 5145 1578 5198 δύναται
1619 5147 1732 5207 τοῖς
1779 5145 2158 5214 κεκτημένοις,
2193 5163 2406 5199 παντα-

823 5228 978 5298 χόθεν
1015 5229 1222 5298 ἔρημον
1255 5225 1313 5278 δν
1339 5227 1435 5296 τῆς
1463 5227 1720 5298 τοιαύτης
1741 5229 2006 5295 εἰσφορᾶς
2036 5228 2063 5266 ι)
2093 5229 2184 5282 δια
2209 5230 2270 5281 τὸ
2307 5230 2409 5298 τῆς

823 5311 1038 5381 ἡλικίας
1057 5311 1257 5382 ἄωρον.
1286 5309 1388 5362 Διά
1419 5311 1574 5363 τοῦτο
1599 5311 1724 5374 τοὺς
1767 5309 1964 5364 οὐδένα
2023 5314 2230 5380 καρπὸν
2257 5313 2408 5382 ἐλεη-

827 5394 1064 5464 μοσύνης
1092 5397 1358 5466 φέροντας
1407 5395 1664 5446 ἐκάλεσεν
1711 5395 1924 5464 ἐρίφια,
1966 5394 2094 5456 τοὺς
2128 5395 2190 5448 ἐκ
2215 5396 2407 5462 δεξιῶν

825 5477 1070 5548 πρόϐατα
1088 5494 1102 5506 ·
1131 5479 1238 5531 ἀπὸ
1269 5477 1376 5550 γάρ
1411 5477 1614 5531 τούτων
1646 5478 1868 5550 πολλὴή
1903 5475 2068 5548 φορὰ,
2097 5479 2160 5530 ἐκ
2191 5479 2289 5546 τῆς
2313 5479 2404 5532 τοῦ

824 5561 971 5633 ἐρίου
1005 5559 1240 5630 φύσεως,
1276 5565 1338 5616 ἐκ
1371 5563 1478 5616 τῶν
1498 5561 1872 5630 γεννημάτων,
1899 5565 1962 5615 ἐκ
1991 5561 2084 5614 τοῦ
2109 5561 2404 5628 γάλακτος.

825 5645 891 5698 Τί
921 5639 1012 5698 οὖν
1051 5662 1184 5716 φησι
1220 5646 1352 5715 πρὸς
1375 5646 1606 5711 αὐτούς;
1643 5647 1918 5698 Πεινῶντά
1966 5663 2033 5716 με
2065 5644 2236 5699 εἴδετε
2261 5689 2274 5708 ,
2313 5648 2408 5699 καὶ

825 5727 1090 5798 ἐθρέψατε
1116 5745 1132 5760 ·
1163 5729 1394 5799 γυμνὸν,
1427 5731 1522 5783 καὶ
1543 5729 1894 5800 περιεϐάλετε
1916 5746 1928 5758 ·
1958 5730 2128 5795 ξένον,
2155 5731 2250 5783 καὶ
2285 5747 2410 5784 συν-

825 5811 1080 5882 ηγάγετε.
1121 5812 1290 5866 Πάλιν
1332 5811 1466 5883 πρὸς
1495 5813 1732 5874 ἐκείνους
1751 5811 1822 5864 τὰ
1849 5813 2072 5866 ἐναντία
2091 5828 2104 5841 ·
2141 5814 2321 5866 καίτοι
2343 5831 2408 5881 γε

826 5897 876 5949 οί
903 5895 1054 5948 αὐτοὶ
1077 5897 1352 5968 ἄνθρωποι
1375 5897 1466 5948 καὶ
1491 5889 1634 5950 οὗτοι
1662 5897 1926 5966 κάκεῖνοι,
1958 5895 2054 5960 τὰς
2087 5898 2257 5962 αὐτὰς
2283 5898 2404 5952 ἕλα-

887 5984 909 6054 ῖ
944 5990 1064 6054 Reg.
1076 5991 1390 6048 συλήσασθαι.

889 6049 918 6092 θ’
943 6049 1050 6106 Ι)υὸ
1071 6067 1187 6102 mss.
1215 6055 1428 6112 τοιαύτης
1449 6061 1609 6118 φορᾶς.

1531 457 1589 512 S.
1624 455 1910 512 JOANNIS
1947 457 2431 515 CIIRYSOSTOMI
2471 459 2792 517 ARCHIEP.
2841 456 3394 516 CONSTANTINOP.

3971 463 4080 522 9.εὲ

2495 575 2587 628 ϐον
2613 577 2946 645 ἐπαγγελίας
2971 574 3065 627 καὶ
3103 567 3247 627 οὗτοι
3273 573 3540 638 κάκεῖνοι,
3587 576 3654 628 τὰ
3689 579 3828 632 αὐτα
3871 580 4084 634 ἔπαθλα

2491 657 2826 729 ἀμφοτέροις
2883 658 3169 730 προέκειτο
3218 653 3656 726 κατορθώσασιν,
3691 669 3720 720 δ
3765 661 3934 724 αὐτὸς
3990 664 4086 715 καὶ

2492 739 2628 809 πρὸς
2647 741 2871 804 τούτους
2903 743 2999 794 καὶ
3033 741 3168 811 πρὸς
3197 738 3444 800 ἐκείνους
3471 733 3626 808 ἦλθε,
3677 743 3818 810 μετά
3849 745 3948 814 τῆς
3982 747 4084 798 αὖ-

2489 823 2590 888 τῆς
2617 824 2960 894 γυμνότητος
2995 825 3090 878 καὶ
3121 822 3258 894 πρὸς
3279 821 3502 884 τούτους
3529 821 3625 874 καὶ
3657 822 3794 894 πρὸς
3815 827 4084 890 ἐκείνους,

2495 903 2634 973 μετὰ
2661 907 2760 974 τῆς
2794 908 2966 976 αὐτῆς
2991 908 3199 977 πείνης,
3220 904 3313 959 καὶ
3340 903 3490 968 ξένος
3513 903 3716 974 ὁμοίως
3735 922 3751 936 ·
3784 907 3964 962 πάντα
3997 913 4088 964 ῐσα

2493 987 2770 1052 κάκείνοις
2798 993 2894 1044 καὶ
2927 991 3162 1054 τούτοις.

2565 1071 2689 1134 Πῶς
2715 1069 2810 1126 οὖν
2837 1075 2900 1126 τὸ
2925 1075 3078 1138 τέλος
3101 1075 3201 1128 οὐκ
3227 1073 3370 1138 ἴσον;
3403 1072 3526 1124 Ὅτι
3563 1071 3596 1140 ἡ
3629 1070 3956 1140 προαίρεσις
3985 1077 4090 1130 οὐκ

2493 1155 2738 1222 ἀφῆκεν·
2763 1158 2902 1228 αὐτη
2951 1158 3063 1228 γὰρ
3098 1159 3235 1228 μόνη
3271 1157 3369 1225 τὴν
3411 1155 3673 1226 διαίρεσιν
3715 1153 3866 1226 [271]
3895 1159 4086 1229 ἐποιήο

2496 1254 2646 1290 σατο.
2681 1239 2784 1290 Διά
2806 1239 2966 1294 τοῦτο
2993 1243 3190 1294 ἐκεῖνοι
3227 1239 3324 1308 μὲν
3349 1239 3428 1300 είς
3461 1237 3708 1305 γέενναν,
3739 1233 3888 1292 οὗτοι
3915 1241 3974 1293 δὲ
4005 1247 4088 1306 είς

2498 1317 2773 1386 βασιλείαν
2797 1337 2808 1349 ·
2845 1324 2894 1374 εί
2927 1323 2985 1376 δὲ
3021 1325 3049 1376 ὁ
3077 1322 3322 1384 διάϐολος
3365 1315 3434 1390 ἦν
3480 1318 3666 1380 αὐτοῖς
3695 1318 3806 1372 τῶν
3833 1321 4090 1394 ἁμαρτη-

2500 1401 2684 1471 μάτων
2709 1403 2738 1454 ό
2764 1403 2956 1466 αἴτιος,
2990 1407 3092 1458 οὐκ
3121 1403 3210 1468 ἂν,
3242 1403 3402 1457 ἁλλου
3431 1402 3775 1472 ἁμαρτόντος
3799 1403 3894 1454 καὶ
3935 1404 4088 1474 ὠθή-

2500 1499 2711 1546 σαντος,
2737 1479 2884 1537 οὗτοι
2911 1485 3140 1554 ἔμελλον
3178 1485 3524 1548 κολάζεσθαι.
3551 1479 3704 1544 Εἶδες
3729 1483 3970 1538 ἐνταῦθα
3991 1488 4090 1540 καὶ

2497 1566 2622 1629 τοὺς
2670 1567 3042 1636 ἁμαρτόντας.
3099 1570 3353 1631 καὶτοὺς
3407 1563 3902 1636 κατορθώσαντας;
3945 1563 4086 1632 εἶδες

2500 1647 2616 1710 πῶς
2655 1647 2860 1712 ίδόντες
2885 1651 3014 1712 τοὺς
3049 1651 3368 1714 συνδούλους
3403 1647 3916 1718 ἐπεστομίσθησανς
3947 1652 4088 1719 Φέρε

2501 1746 2584 1782 σοι
2615 1731 2708 1783 καὶ
2735 1733 2821 1799 ἐφ’
2853 1733 3041 1803 ἕτερον
3070 1735 3422 1804 παράδειγμα
3449 1732 3542 1784 τὸν
3574 1730 3732 1798 λόγον
3761 1731 4088 1801 ἀγάγωμεν.

2501 1813 2788 1883 Παρθένοι,
2819 1815 3004 1884 φησὶν,
3037 1812 3180 1886 ἦσαν
3209 1817 3365 1870 δέκα.
3393 1815 3564 1868 Πάλιν
3601 1811 3838 1867 ἐνταῦθα
3869 1815 3927 1866 αί
3951 1831 4090 1884 προ-

2501 1895 2746 1964 αιρέσεις
2774 1897 2831 1949 al
2880 1898 3326 1970 κατορθώσασαι,
3378 1897 3538 1952 πάλιν
3579 1898 3633 1949 al
3663 1895 4091 1966 διαμαρτοῦσαι,

2502 1979 2591 2030 ἴνα
2625 1980 2688 2030 ἐκ
2719 1979 3074 2051 παραλλήλου
3107 1985 3202 2036 καὶ
3229 1984 3433 2036 τούτων
3457 1981 3526 2034 τὰ
3547 1980 3766 2050 ἀμαρτή
3775 1995 3924 2048 ματα
3951 1979 4092 2050 [δῃς.

2505 2062 2774 2116 κάκείνων
2799 2065 2868 2116 τά
2897 2065 3340 2136 κατορθώματα·
3371 2067 3406 2136 ἠ
3449 2065 3558 2134 γάρ
3601 2063 3886 2131 σύγκρισις
3923 2063 4094 2129 σαφέ·

2508 2161 2676 2216 στερα
2705 2146 2882 2200 ταῦτα
2919 2151 3084 2201 ποιεῖ.
3135 2149 3246 2202 Καὶ
3294 2141 3454 2202 αὗται
3487 2147 3746 2218 παρθένοι
3795 2145 4046 2198 κάκεῖναι
4075 2187 4091 2209 ,

2507 2229 2602 2280 καὶ
2631 2219 2788 2282 αὗται
2811 2228 2974 2280 πέντε
3000 2230 3284 2282 κάκεῖναι·
3317 2230 3606 2298 λαμπάδας
3625 2225 3770 2299 εἶχον
3797 2229 3894 2281 καὶ
3927 2218 4094 2278 αὗται

2508 2311 2781 2362 κάκεῖναι·
2821 2309 2911 2362 τὸν
2949 2311 3180 2380 νυμφίον
3213 2311 3473 2379 ἀνέμενον
3509 2314 3702 2364 πᾶσαι.
3741 2311 3866 2374 Πῶς
3911 2303 4008 2362 οὖν
4039 2311 4094 2360 αξ

2507 2393 2607 2460 μὲν
2637 2392 2906 2459 εἰσῆλθον,
2939 2394 2994 2444 αί
3025 2392 3080 2444 δὲ
3106 2393 3206 2445 οὐκ
3237 2393 3486 2463 εἰσῆλθον
3514 2411 3528 2458 ;
3553 2395 3676 2448 Ὀτι
3715 2395 3772 2446 αί
3801 2393 3900 2463 μὲν
3919 2392 4098 2444 ἀπάν-

2505 2470 2895 2545 θρωποιῆσαν,
2931 2475 2988 2526 αί
3023 2475 3080 2527 δέ
3108 2475 3307 2547 ἥμεροι
3353 2477 3446 2529 καὶ
3490 2476 3886 2548 φιλάνθρωποι.
3927 2475 4098 2544 Ὁρᾷς

2505 2557 2668 2610 πάλιν
2702 2557 2801 2627 τὴν
2854 2556 3175 2626 προαίρεσιν
3207 2555 3300 2610 τοῦ
3341 2557 3530 2620 τέλους
3561 2558 3742 2612 αἰτίαν
3773 2557 4096 2626 γινομένην.

2507 2641 2628 2710 οὐχὶ
2659 2641 2750 2694 τὸν
2780 2639 3057 2703 διάϐολον;
3081 2637 3222 2703 εἶδες
3243 2643 3306 2694 ἐκ
3335 2641 3686 2712 παραλλήλου
3716 2643 3814 2703 τὰς
3857 2641 4098 2710 κρίσεις.

2512 2727 2605 2778 καὶ
2636 2727 2699 2777 ἐκ
2723 2724 2831 2776 τῶν
2861 2725 3066 2794 ὁμοίων
3093 2723 3398 2794 φερομένην
3429 2725 3528 2796 τὴν
3565 2725 3777 2794 ψῆφονς
3812 2723 4100 2777 Σύνδουλοι

2513 2805 2833 2868 συνδούλους
2879 2805 3148 2876 κρινοῦσι.
3195 2805 3384 2859 Βούλει
3431 2824 3516 2860 σοι
3557 2807 3716 2873 δείξω
3757 2807 3852 2859 καὶ
3893 2807 3954 2870 ἐξ
4003 2807 4102 2858 άν-

2511 2889 2714 2958 ομοίων
2740 2889 3034 2958 γινομένην
3063 2887 3352 2959 σύγκρισιν
3373 2906 3388 2954 ;
3413 2889 3622 2958 γίνεται
3647 2890 3754 2962 γὰρ
3794 2891 3888 2943 καὶ
3911 2891 3970 2954 ἐξ
4001 2892 4102 2944 ἀν-

2509 2973 2734 3042 ομοίων,
2768 2971 2910 3024 ὥστε
2943 2971 3044 3042 τὴν
3074 2973 3404 3044 κατάκρισιν
3443 2973 3696 3042 γενέσθαι
3737 2974 4098 3042 σαφεστέραν.

2515 3053 2757 3122 Ἄνδρες
2781 3055 3112 3122 Ινίνευῖται,
3137 3059 3324 3126 φησιν,
3369 3057 3826 3122 ἀναστήσονται
3859 3057 3956 3110 καί
3991 3073 4102 3108 κα-

2511 3139 2864 3206 τακρινοῦσι
2904 3139 3022 3208 τὴν
3064 3139 3282 3209 γενεὰν
3319 3141 3566 3208 ταύτην.
3611 3140 3810 3194 Οὐκέτι
3848 3141 4028 3209 ὅμοιοι
4049 3141 4102 3191 οἱ

2511 3223 2858 3294 κρινόμενοι·
2890 3225 2938 3274 οί
2975 3223 3074 3292 μὲν
3107 3223 3216 3293 γὰρ
3238 3223 3529 3294 βάρϐαροι,
3561 3224 3612 3276 οί
3649 3224 3704 3276 δέ
3745 3223 3988 3275 Ἰουδαῖοι
4011 3240 4024 3252 ·
4049 3222 4102 3274 οί

2515 3307 2615 3376 μὲν
2645 3305 2989 3376 προφητικῆς
3013 3305 3340 3374 ἀπήλαυσαν
3377 3305 3748 3370 διδασκαλίας,
3780 3307 3831 3358 οί
3867 3305 3924 3356 δέ
3953 3303 4104 3356 οὐδέ-

2514 3405 2644 3442 ποτε
2679 3387 2939 3457 μετέσχον
2969 3386 3120 3449 θείας
3159 3388 3498 3456 ἀκροάσεως,
3552 3388 3626 3440 Οὐ
3662 3387 3822 3439 τοῦτο
3848 3386 3906 3439 δὲ
3941 3387 4102 3454 μόνον

2513 3472 2630 3524 ἐστὶ
2653 3471 2715 3522 τὸ
2746 3469 3024 3540 διάφορον,
3051 3468 3166 3522 ἀλλ’
3198 3469 3280 3522 ὅτι
3325 3471 3445 3522 ἐκεῖ
3477 3469 3576 3538 μὲν
3609 3468 3797 3530 δούλος
3837 3468 4100 3538 ἀπῆλθεν,

2514 3553 2750 3606 ἐνταῦθα
2775 3554 2830 3606 δέ
2882 3557 2910 3606 ὁ
2947 3554 3256 3624 Δεσπότης·
3303 3553 3557 3614 κάκεῖνος
3593 3552 3692 3622 μὲν
3721 3551 4102 3621 καταστροφὴν

2515 3637 2782 3706 ἐκήρυττε
2814 3637 3278 3706 παραγενόμενος,
3297 3631 3451 3698 οὗτος
3471 3636 3528 3686 δὲ
3552 3634 3831 3703 βασιλείαν
3853 3634 4103 3702 οὐρανῶν

2515 3717 2915 3787 εὐηγγελίζετο.
2939 3719 3102 3780 Τίνας
3130 3713 3224 3771 οὖν
3254 3718 3399 3779 εἰκὸς
3443 3713 3511 3788 ἦν
3546 3717 3838 3770 πιστεῦσαι
3875 3715 4098 3785 μᾶλλον,

2511 3801 2638 3862 τοὺς
2664 3799 2972 3870 βαρϐάρους
2993 3800 3087 3852 καὶ
3113 3801 3371 3871 ἀνοήτους
3391 3800 3484 3852 καὶ
3505 3800 3778 3870 μηδέποτε
3807 3797 4104 3868 μετασχόν-

2511 3899 2608 3944 τας
2633 3881 2784 3944 θείας
2804 3883 3170 3945 διδασκαλίας,
3197 3881 3230 3950 ἢ
3253 3883 3380 3944 τοὺς
3399 3883 3464 3934 ἐκ
3487 3882 3713 3952 πρώτης
3735 3881 3948 3951 ἡλικίας
3963 3897 4098 3952 προ-

2513 3967 2772 4032 φητικαῖς
2801 3965 3168 4032 ἐντραφέντας
3195 3963 3434 4033 βίϐλοις;
3459 3963 3629 4016 Παντὶ
3658 3963 3836 4031 δῆλον,
3859 3963 3942 4014 ὅτι
3971 3963 4098 4024 τούς

2527 4045 2816 4107 Ἰουδαίους
2850 4045 3082 4114 μᾶλλον·
3102 4045 3239 4097 ἀλλὰ
3270 4046 3460 4112 γέγονε
3486 4044 3816 4096 τούναντίον.
3859 4045 3970 4096 Καὶ
4001 4036 4096 4095 οὗ·

2513 4145 2598 4180 τοι
2631 4128 2729 4196 μὲν
2777 4127 3090 4198 ἠπίστησαν
3137 4125 3217 4195 τῷ
3257 4129 3503 4196 Δεσπότῃ
3543 4127 3818 4195 βασιλείαν
3855 4125 4096 4195 οὐρανῶν

2515 4210 2863 4280 κηρύττοντι,
2883 4211 3080 4262 ἐκεῖνοι
3107 4209 3164 4262 δὲ
3187 4209 3518 4262 ἐπίστευσαν
3541 4209 3620 4278 τῷ
3642 4207 3910 4276 συνδούλῳ
3938 4223 4099 4259 κατα·

2517 4295 2756 4364 στροφὴν
2789 4293 3122 4356 ἀπειλούντι,
3151 4293 3240 4346 ἵνα
3271 4292 3534 4363 μειζόνως
3560 4292 3834 4344 κάκείνων
3860 4293 3894 4360 ἡ
3923 4291 4098 4342 ἐπιείο

2515 4395 2635 4430 κεια
2673 4379 2767 4430 καὶ
2807 4377 3015 4430 τούτων
3062 4378 3094 4448 ἡ
3139 4375 3499 4447 ἀγνωμοσύνη
3547 4377 3876 4445 φανήσηται.
3915 4375 4008 4444 Μή
4047 4391 4099 4428 τι

2513 4461 2752 4530 δαίμων;
2783 4463 2855 4532 μή
2890 4479 2943 4513 τι
2983 4459 3267 4523 διάϐολος;
3301 4462 3374 4528 μή
3411 4475 3464 4510 τι
3485 4457 3658 4528 τύχη;
3701 4459 3774 4528 μή
3813 4474 3868 4508 τι
3901 4459 4098 4527 εἱμαρ-

2517 4545 2681 4613 μένης
2717 4546 2835 4613 οὐχὶ
2857 4545 3085 4606 ἕκαστος
3119 4541 3300 4614 ἐαυτῷ
3327 4543 3501 4604 αἴτιος
3529 4542 3622 4594 καὶ
3649 4541 3746 4610 τῆς
3773 4541 3975 4604 κακίας
4002 4542 4100 4593 καὶ

2512 4626 2612 4695 τῆς
2639 4627 2838 4695 ἀρετῆς
2868 4627 3106 4694 ἐγίνετος
3137 4627 3198 4678 Εί
3230 4625 3338 4696 γὰρ
3377 4625 3452 4696 μὴ
3491 4625 3646 4676 αὐτοὶ
3675 4623 3900 4694 ἔμελλον
3932 4623 4100 4677 ὐπεύ-

2513 4709 2661 4761 θυνοι
2701 4709 2941 4772 ἔσεσθαι,
2972 4709 3072 4761 οὐκ
3101 4707 3166 4762 ἀν
3201 4703 3374 4774 εἶπεν,
3409 4709 3491 4760 ὅτι
3527 4707 3964 4775 Κατακρινοῦσι
3985 4706 4101 4772 τὴν

2513 4793 2728 4860 γενεὰν
2759 4791 2982 4857 ταύτην
3003 4805 3016 4819 ·
3049 4791 3152 4842 οὐκ
3179 4789 3244 4842 ἂν
3273 4791 3366 4844 καὶ
3405 4789 3504 4860 τὴν
3541 4787 3856 4858 βασίλισσαν
3889 4788 3985 4841 τοῦ
4015 4788 4102 4840 νό-

2514 4891 2608 4927 του
2639 4871 2991 4944 κατακρίνειν
3020 4873 3148 4934 τούς
3186 4871 3477 4934 Ἰουδαίους
3507 4871 3632 4941 ἔφη.
3667 4872 3741 4924 Οὐ
3779 4873 3890 4943 γάρ
3915 4871 3982 4942 δὴ
4012 4869 4102 4938 δῆ-

2520 4975 2608 5025 μοι
2639 4959 2846 5027 δὴμους
2879 4957 3040 5026 μόνον
3091 4953 3484 5022 κατακρινοῦσι
3535 4954 3678 5019 τότε,
3713 4954 3851 5008 ἀλλὰ
3895 4955 3990 5007 καὶ
4016 4947 4100 5015 εἷς

2517 5040 2802 5110 ἄνθρωπος
2829 5041 3002 5110 δῆμον
3040 5037 3337 5108 ὁλόκληρον
3391 5037 3671 5102 πολλάκις,
3701 5040 3828 5092 ὅταν
3860 5039 3955 5102 οὓς
3997 5039 4100 5108 μὲν

2517 5123 2791 5192 ἐνεδέχετο
2827 5124 3026 5194 μᾶλλον
3059 5121 3439 5191 ἀπατηθῆναι,
3485 5121 3762 5189 φαίνονται
3815 5125 4100 5192 μείναντες

2517 5204 2936 5275 ἀνεξαπάτητοι,
2968 5207 3018 5258 οἱ
3048 5207 3104 5259 δὲ
3143 5207 3208 5258 ἐκ
3243 5203 3445 5267 παντὸς
3481 5203 3684 5272 τρόπον
3713 5206 4098 5276 περιγενέσθαι

2517 5287 2840 5356 ὀφεῦιοντες,
2873 5287 3202 5360 ἡττηθέντες
3230 5285 3456 5356 τύχωσι.
3511 5287 3610 5340 Διά
3651 5287 3808 5340 τοῦτο
3859 5289 3955 5340 καὶ
4000 5285 4098 5338 τοῦ

2531 5371 2701 5441 Ἀδὰμ
2725 5373 2817 5424 καὶ
2839 5371 2933 5424 τοῦ
2982 5370 3102 5424 Ἰὼϐ
3129 5371 3482 5440 ἐμνήσθημεν
3501 5387 3513 5398 ·
3541 5371 3750 5440 ἀνάγκη
3781 5371 3891 5440 γάρ
3937 5369 4098 5422 πάλιν

2517 5455 2830 5508 ἐπανελθεῖν
2876 5455 2970 5506 ἐπὶ
3015 5455 3113 5523 τὴν
3147 5452 3402 5505 ὑπόθεσιν
3441 5453 3656 5522 ἐκείνην
3677 5495 3690 5516 ,
3725 5453 3866 5506 ὥστε
3889 5452 3958 5504 τὰ
3990 5451 4098 5502 λεί-

2507 5529 2660 5606 ψανα
2689 5537 2978 5592 ἀποδοῦναι
3003 5536 3268 5606 τῷλόγῳ.
3299 5533 3387 5606 Τῷ
3425 5539 3522 5606 μὲν
3548 5533 3640 5591 οὖν
3677 5537 3850 5606 Ἀδὰμ.
3878 5535 3965 5588 διὰ
3995 5536 4098 5604 ρη-

2519 5621 2702 5690 μάτων
2729 5620 3034 5692 προσέϐαλε
3059 5619 3252 5687 ψιλῶν,
3283 5618 3360 5688 τῷ
3383 5619 3440 5672 δὲ
3471 5621 3588 5673 Ἰὼϐ
3613 5623 3704 5673 καὶ
3724 5619 3812 5672 διὰ
3842 5618 4100 5686 πραγμά-

2515 5723 2651 5761 των·
2686 5707 2776 5760 τὸν
2811 5709 2911 5776 μὲν
2933 5706 3043 5776 γάρ
3074 5704 3168 5758 τοῦ
3202 5703 3432 5758 πλούτου
3465 5706 3663 5766 παντὸς
3687 5703 3970 5771 ἐγύμνωσε
4001 5702 4096 5753 καὶ

2515 5789 2622 5843 τῶν
2659 5791 2868 5844 παίδων
2910 5783 3292 5855 ἀπεστέρησε·
3343 5789 3534 5841 τούτου
3577 5788 3632 5840 δὲ
3669 5787 3730 5838 οὐ
3787 5783 4002 5853 μικρὸν,
4033 5783 4095 5836 οὐ

2520 5875 2662 5945 μέγα
2693 5891 2746 5926 τι
2771 5873 2880 5924 τῶν
2919 5872 3088 5924 «3:20;»
3128 5869 3392 5939 ἀφείλετο.
3419 5872 3634 5926 Μᾶλλον
3661 5869 3718 5919 δὲ
3745 5869 3839 5920 καὶ
3867 5867 4006 5920 αὖτᾶ
4031 5869 4096 5920 τὲ

2518 5961 2738 6029 ῥήματα
2771 5956 3130 6023 ἐξετάσωμεν,
3353 5955 3446 6007 καὶ
3481 5956 3578 6024 τῆς
3625 5950 3883 6020 ἐπιϐολῆς
3923 5957 3948 5988 ο
4001 5951 4091 6001 τιν

2581 6056 2600 6084 ε
2617 6051 2830 6101 Saulus
2857 6059 2932 6108 τ-ξς
2953 6053 3218 6109 ἐγηΰςερῆι,
3239 6057 3286 6101 cl
3311 6051 3380 6100 sic
3407 6053 3620 6100 interpr.
