4408 6700
306 470 416 522 9.67

302 580 394 632 cli.
437 577 530 630 91.
563 576 615 649 i)
654 594 667 632 :
702 592 807 633 non
853 577 925 631 ita
965 586 1123 644 grave
1160 576 1243 623 est
1282 581 1502 637 peccare
1526 609 1540 632 ,
1582 579 1738 636 quam
1781 571 1902 632 post

303 669 603 724 admissum
660 678 932 739 peccatum
992 661 1273 724 Dominum
1330 671 1604 712 accusare.
1663 657 1902 724 Agnosco

305 762 516 831 peccati
543 771 836 824 auctorem,
865 757 1176 820 nullumque
1201 752 1360 805 alium
1391 748 1648 819 reperies,
1672 762 1828 817 quam
1852 757 1904 802 te

303 855 398 924 qui
431 856 684 926 peccasti.
719 853 924 919 Ubique
950 847 1091 901 bono
1119 859 1254 914 opus
1288 852 1371 899 est
1413 841 1682 913 proposito
1714 841 1902 896 volun-

306 948 470 1012 tatis;
503 947 554 1001 id
580 953 756 1000 autem
785 938 937 992 vobis
970 934 1334 1005 comprobavi,
1363 949 1471 990 non
1498 935 1666 990 solum
1695 932 1906 989 ratioci-

308 1038 413 1091 niis
434 1079 449 1102 ,
482 1035 578 1091 sed
607 1027 860 1097 exemplo
883 1039 1262 1080 conservorum
1289 1065 1304 1090 ,
1335 1023 1424 1094 qui
1469 1024 1520 1078 in
1563 1023 1665 1078 hoc
1704 1019 1905 1077 mundo

311 1128 579 1182 vivebant.
612 1123 720 1177 Hac
744 1127 799 1172 et
819 1125 873 1171 tu
901 1127 1053 1171 utere
1073 1114 1523 1171 demonstratione
1550 1131 1563 1166 ;
1587 1115 1663 1168 sic
1684 1121 1738 1167 et
1760 1124 1907 1164 cont-

306 1217 491 1271 munis
533 1210 786 1266 Dominus
815 1221 913 1260 nos
935 1205 1190 1274 judicabit
1219 1223 1232 1258 :
1264 1204 1403 1261 hunc
1432 1199 1904 1261 demonstrationis

309 1307 530 1362 modum
566 1302 787 1365 discite,
814 1308 869 1354 et
908 1313 1066 1354 nemo
1103 1298 1252 1353 vobis
1294 1299 1488 1368 poterit
1515 1296 1679 1352 verba
1709 1292 1838 1346 dare
1863 1293 1901 1344 ⁸.

308 1397 630 1452 Fornicatur
655 1390 958 1460 qniSpiam?
985 1389 1208 1444 ostende
1250 1391 1322 1443 illi
1366 1390 1529 1442 alium
1568 1385 1905 1441 continenter

306 1496 580 1556 agentem.
625 1483 829 1536 Avarus
870 1488 954 1536 est
996 1480 1129 1534 alius
1169 1489 1222 1535 et
1265 1479 1469 1549 rapax?
1507 1477 1901 1545 eleemosynam

306 1581 618 1643 erogantem
659 1570 734 1624 illi
779 1569 992 1626 exhibe.
1024 1570 1080 1626 In
1119 1570 1287 1625 livore
1317 1578 1370 1624 et
1406 1566 1600 1622 invidia
1626 1566 1904 1620 versatur?

305 1666 378 1718 ab
406 1663 509 1717 hoc
539 1661 726 1718 morbo
753 1661 977 1715 liberum
1011 1661 1061 1716 ei
1099 1659 1343 1716 ostende.
1384 1656 1673 1712 Iracundus
1700 1655 1821 1710 est?
1852 1657 1904 1710 in

307 1753 548 1809 medium
578 1752 751 1807 adduc
779 1768 934 1817 eum,
961 1751 1051 1821 qui
1083 1766 1205 1805 cum
1244 1747 1578 1818 philosophia
1611 1746 1760 1800 vivit.
1789 1747 1903 1802 Non

305 1846 454 1898 enim
491 1854 696 1898 veteres
724 1843 899 1897 solum
939 1840 1190 1895 historias
1224 1847 1468 1907 repetere
1497 1847 1580 1893 est
1607 1852 1778 1906 opus;
1809 1837 1904 1891 sed

305 1951 338 1988 a
371 1933 724 2004 prmsentibus
750 1932 990 1999 exempla
1021 1928 1280 1984 sumenda
1310 1938 1454 1981 sunt.
1483 1927 1613 1981 Nam
1639 1927 1905 1996 hodieque

307 2043 408 2095 per
439 2026 531 2080 Dei
557 2024 780 2093 gratiam
808 2037 913 2075 non
944 2022 1152 2074 minora
1182 2019 1451 2088 prioribus
1489 2027 1613 2073 sunt
1649 2020 1903 2087 prteclara

305 2131 494 2185 Opera.
527 2113 833 2167 lncredulns
859 2121 972 2174 est,
1005 2120 1060 2165 et
1091 2110 1374 2165 mendaces
1414 2119 1560 2179 putat
1601 2124 1722 2165 esse
1760 2108 1907 2162 Scri-

306 2206 533 2276 pturas?
576 2219 682 2257 non
721 2203 894 2257 credit
934 2202 1124 2257 Jobum
1158 2203 1316 2257 talem
1346 2201 1551 2256 fuisse?
1579 2200 1801 2254 ostende
1831 2199 1905 2252 illi

307 2300 476 2352 alium
510 2297 802 2361 hominem,
834 2295 922 2364 qui
951 2295 1089 2350 illius
1114 2294 1243 2364 justi
1274 2295 1512 2349 imitetur
1533 2293 1715 2346 vitam.
1740 2291 1830 2348 Sic
1854 2299 1907 2346 et

307 2404 410 2444 nos
433 2388 692 2443 Dominus
711 2386 972 2456 judicabit
995 2403 1007 2438 :
1032 2398 1320 2439 causervos
1340 2399 1458 2437 cum
1481 2382 1758 2437 conservis
1778 2395 1906 2436 con-

307 2480 504 2544 stituit,
537 2493 637 2534 nec
662 2485 760 2532 suo
785 2476 986 2546 judicio
1022 2475 1123 2529 fert
1157 2474 1496 2539 sententiam,
1527 2487 1593 2526 ne
1619 2472 1738 2540 quis
1763 2470 1906 2524 dicat

307 2571 546 2634 iterum,
585 2566 1032 2637 quemadmodum
1079 2565 1168 2619 ille
1215 2563 1472 2628 famulus,
1516 2562 1600 2615 cui
1647 2562 1905 2614 talentum

309 2663 576 2717 creditum
605 2660 796 2722 fuerat,
825 2668 878 2713 et
907 2672 1005 2727 pro
1036 2657 1236 2710 talento
1265 2654 1657 2708 accusationem
1685 2652 1865 2705 retulit
1890 2667 1907 2706 :

313 2754 450 2820 Quia
487 2761 714 2805 austeras
742 2767 794 2803 es
829 2748 1050 2818 (Matth.
1077 2747 1167 2799 25.
1194 2745 1310 2812 Ἡ).
1345 2744 1479 2798 Cum
1511 2743 1655 2797 enim
1685 2742 1910 2811 ingemi-

310 2859 466 2900 scere
512 2841 867 2912 oportuisset,
909 2838 1051 2908 quod
1099 2838 1352 2891 talentum
1393 2850 1498 2890 non
1547 2833 1908 2902 duplicasset,

308 2935 530 3006 gravius
558 2931 771 2986 admisit
813 2940 1088 3000 peccatum
1113 2968 1129 2993 ,
1158 2927 1388 2996 propria:
1422 2925 1663 2996 segnitiei
1691 2937 1910 2978 accusa-

311 3029 512 3080 tionem
561 3031 746 3077 contra
795 3020 1069 3075 dominum
1117 3018 1391 3086 adjiciens.
1433 3015 1569 3083 Quid
1612 3015 1754 3070 enim
1795 3013 1911 3067 ait?

312 3116 553 3172 Sciebam
583 3113 701 3184 quia
724 3123 955 3165 austeras
986 3126 1056 3164 es.
1081 3109 1125 3164 Ο
1149 3108 1332 3172 miser,
1361 3122 1396 3161 ο
1423 3106 1600 3160 infelix
1628 3114 1682 3159 et
1707 3104 1911 3174 ingrate

313 3217 371 3263 et
404 3206 625 3276 ignave!
655 3218 776 3258 cum
817 3201 1079 3271 ignaviam
1108 3208 1249 3253 tuam
1281 3212 1534 3252 accusare
1561 3195 1789 3251 deberes
1811 3235 1826 3260 ,
1858 3201 1913 3248 et

317 3302 400 3354 sic
429 3299 576 3367 prius
613 3303 885 3366 peccatum
915 3293 1188 3356 minuere,
1222 3299 1278 3344 tu
1306 3299 1489 3344 contra
1518 3287 1792 3342 dominum
1819 3300 1911 3340 ac-

316 3391 650 3445 cusationem
679 3396 916 3450 vertens,
949 3384 1066 3438 loco
1095 3382 1275 3436 talenti
1310 3390 1583 3451 peccatum
1610 3378 1910 3447 duplicasti.

391 3485 446 3538 5.
476 3481 678 3536 Idcirco
708 3480 847 3533 Deus
876 3491 1062 3532 servos
1091 3485 1142 3530 ct
1181 3488 1367 3529 servos
1396 3472 1599 3538 statuit,
1628 3480 1687 3524 ut
1714 3470 1767 3524 hi
1796 3470 1914 3524 illos

315 3573 577 3644 judicent,
601 3579 654 3623 ct
679 3569 750 3622 illi
773 3568 840 3622 ab
863 3568 943 3620 his
962 3565 1203 3634 judicati,
1235 3579 1340 3617 non
1365 3563 1598 3616 habeant
1617 3562 1752 3615 ultra
1774 3560 1915 3615 unde

320 3661 608 3717 Dominum
638 3666 908 3712 accusent.
941 3656 1224 3723 Propterea
1250 3653 1379 3706 dicit
1408 3669 1420 3703 :
1465 3651 1606 3704 Venit
1633 3649 1804 3703 Filius
1824 3650 1918 3702 ho-

319 3755 473 3808 minis
499 3753 549 3805 in
574 3751 736 3822 gloria
765 3749 936 3802 Patris
965 3750 1044 3802 sui
1071 3745 1281 3818 (Matth.
1313 3743 1402 3798 16.
1429 3742 1546 3810 27).
1574 3741 1707 3796 Vide
1732 3740 1916 3810 gloriae

321 3844 681 3914 aequalitatem
702 3860 714 3894 :
733 3857 840 3897 non
864 3841 1016 3904 dixit,
1040 3839 1098 3892 in
1121 3835 1287 3905 gloria
1315 3833 1474 3887 simili
1503 3832 1686 3902 gloria:
1711 3829 1911 3893 Patris,

318 3933 452 3998 sed,
495 3930 562 3984 In
604 3930 767 4000 gloria
804 3927 1007 3990 Patris,
1051 3933 1098 3977 et
1137 3922 1455 3993 congregabit
1498 3931 1665 3991 gentes
1703 3935 1917 3973 omnes:

322 4024 563 4081 terribile
589 4020 841 4086 tribunal,
873 4017 1110 4072 terribile
1136 4014 1508 4085 peccatoribus
1534 4021 1587 4066 et
1614 4011 1718 4065 rcis
1749 4029 1761 4064 :
1791 4025 1914 4063 nam

323 4115 428 4170 sibi
471 4111 701 4168 consciis
741 4110 809 4163 de
856 4109 998 4162 bono
1036 4120 1200 4175 opere
1223 4147 1238 4169 ,
1269 4103 1621 4158 desiderabile
1659 4100 1917 4167 dulceque

321 4220 410 4265 est
439 4227 451 4262 :
485 4207 546 4260 Et
584 4205 849 4259 constituet
882 4218 994 4255 oves
1029 4216 1060 4252 a
1096 4199 1319 4260 dextris,
1359 4207 1405 4249 et
1447 4195 1617 4249 haedos
1643 4211 1674 4247 a
1702 4192 1917 4246 sinistris

326 4299 542 4374 (Matth.
584 4297 673 4351 25.
717 4292 807 4365 55)
845 4311 856 4345 :
889 4301 942 4346 et
967 4291 1021 4345 hi
1052 4297 1104 4345 et
1131 4289 1203 4342 illi
1237 4288 1481 4342 homines
1509 4295 1650 4339 sunt.
1683 4283 1788 4339 Cur
1816 4282 1917 4336 ita-

326 4407 434 4461 que
462 4390 535 4442 illi
570 4400 698 4441 oves
720 4426 734 4448 ,
765 4383 817 4436 hi
858 4381 1036 4436 haedi?
1073 4381 1187 4434 Non
1219 4388 1276 4433 ut
1303 4377 1654 4432 differentiam
1686 4383 1915 4436 naturas,

328 4482 426 4537 sed
453 4489 511 4533 ut
538 4475 824 4530 voluntatis
848 4471 1133 4526 discrimen
1159 4469 1386 4523 ediscas.
1410 4469 1516 4523 Cur
1544 4480 1720 4522 autem
1751 4466 1805 4529 ii,
1828 4464 1919 4533 qui

327 4575 726 4640 eleemosynam
755 4581 860 4619 non
887 4570 1194 4632 erogarunt,
1229 4562 1371 4616 haedi
1402 4562 1563 4616 sunt?
1591 4561 1721 4628 Quia
1752 4557 1920 4612 infru-

327 4674 576 4718 ctuusutn
604 4668 686 4713 est
713 4654 909 4709 animal
934 4694 950 4720 ,
978 4651 1119 4721 quod
1149 4667 1322 4718 neque
1350 4652 1502 4706 lactis
1534 4649 1882 4706 ministerium
1903 4689 1918 4714 ,

332 4772 508 4828 neque
536 4753 759 4824 prolem,
789 4763 959 4816 neque
987 4745 1209 4814 pilorum
1234 4745 1515 4800 utilitatem
1544 4743 1711 4814 possit
1731 4741 1924 4797 afferre

333 4844 589 4907 dominis,
611 4842 732 4911 quia
760 4839 828 4894 ob
854 4843 1224 4906 praematuram
1254 4843 1463 4889 atatem
1493 4834 1611 4889 talis
1636 4840 1924 4903 proventus

333 4952 534 5008 expers
557 4944 658 4990 est.
691 4933 815 4987 Ideo
842 4945 936 4986 eos
961 4926 1050 4998 qui
1080 4925 1280 4979 nullum
1313 4928 1668 4997 eleemosynce
1696 4923 1924 4978 fructum

334 5032 534 5094 ferunt,
567 5027 754 5082 haedos
779 5023 1016 5084 vocavit;
1040 5034 1131 5073 eos
1155 5026 1331 5071 autem
1358 5019 1446 5086 qui
1475 5033 1503 5070 a
1529 5017 1750 5083 dextris,
1774 5031 1922 5072 oves.

333 5126 416 5180 Ab
447 5123 552 5178 illis
577 5120 718 5176 enim
751 5120 936 5188 ingens
967 5118 1254 5184 proventus
1282 5126 1344 5163 ex
1376 5111 1493 5163 lana
1517 5152 1530 5175 ,
1559 5127 1624 5165 ex
1654 5110 1829 5181 prole,
1859 5124 1923 5164 ex

333 5220 496 5274 lacte.
527 5213 665 5281 Quid
712 5211 871 5281 igitur
910 5210 984 5262 ait
1021 5205 1124 5262 illis
1153 5221 1166 5257 :
1198 5202 1534 5256 Esurientem
1564 5219 1652 5258 me
1681 5202 1884 5257 vidistis
1909 5243 1924 5266 ,

334 5321 390 5365 et
417 5306 718 5363 nutrivistis
747 5319 833 5356 me
858 5318 873 5366 ;
911 5301 1130 5361 nudum,
1159 5303 1212 5352 et
1241 5294 1516 5357 induistis;
1553 5294 1840 5362 hospitem,
1873 5302 1929 5350 et

330 5397 626 5468 Collegistis
657 5393 870 5461 (Matth.
901 5392 994 5446 25.
1025 5391 1137 5460 55).
1170 5388 1397 5442 Rursum
1441 5384 1505 5438 ad
1548 5386 1666 5439 illos
1705 5397 1923 5440 contra-

335 5493 412 5546 ria
444 5507 458 5544 :
487 5498 540 5542 et
568 5484 782 5556 quidem
815 5493 921 5537 tam
958 5484 1031 5538 illi
1059 5496 1215 5553 quam
1248 5479 1299 5533 hi
1330 5477 1572 5531 homines
1600 5486 1772 5542 erant,
1803 5493 1924 5531 eas-

334 5585 458 5639 dem
483 5579 692 5647 utrique
715 5583 1030 5644 acwperant
1051 5571 1449 5644 promissiones,
1475 5567 1661 5621 eadem
1689 5569 1928 5636 tt'risque

331 5677 473 5732 bene
493 5668 833 5743 operantibus
859 5667 1076 5736 przemia
1098 5663 1365 5737 proposita
1391 5679 1403 5715 :
1426 5660 1562 5715 idem
1590 5660 1704 5730 ipse
1727 5673 1822 5728 pro
1845 5659 1928 5713 his

333 5776 388 5823 et
418 5780 517 5837 pro
547 5764 649 5818 illis
685 5759 861 5824 venit,
891 5757 1079 5813 eadem
1118 5773 1236 5812 cum
1283 5754 1516 5809 nuditate
1544 5750 1610 5806 ad
1638 5759 1927 5820 utrosque,

401 5880 418 5910 ε
455 5885 595 5938 Beg.,
615 5887 695 5926 vos
717 5885 907 5936 capere,
943 5885 1044 5934 pro,
1072 5871 1201 5920 vobis
1225 5871 1367 5922 verba
1392 5869 1527 5918 dare.

665 5963 910 6017 l’n'not.
979 5961 1092 6016 Gn.
1142 5962 1194 6019 Χ
1213 5960 1368 6018 ΗΧ.

1309 457 1394 511 DE
1434 455 1726 512 DIABOLO
1763 455 2199 512 TENTATORE.
2234 454 2463 511 IIOMIL.
2505 456 2595 512 111.

3478 471 3584 526 268

2010 567 2197 621 eadem
2225 563 2383 632 fame,
2411 565 2607 638 hospes
2634 566 2816 623 itidem
2839 581 2851 619 :
2874 564 3050 622 omnia
3076 574 3196 622 sunt
3222 574 3275 619 et
3304 563 3386 619 bis
3407 574 3462 621 et
3483 569 3588 623 illis

2011 658 2253 727 azqualia.

2079 748 2164 804 Ea:
2191 749 2459 804 voluntatis
2487 750 2743 818 proposito
2772 751 2887 805 boni
2930 751 3007 807 vel
3053 752 3174 806 mali
3198 750 3596 805 samum—Cur

2009 854 2139 909 ergo
2181 840 2302 895 ﬁnis
2322 855 2428 895 non
2455 840 2686 896 similis?
2710 841 2840 909 Quia
2864 843 2916 897 id
2937 844 3221 899 voluntatis
3265 842 3596 913 propositum

2009 945 2117 986 non
2137 933 2376 1002 permisit
2395 950 2408 984 :
2427 931 2556 986 illud
2584 933 2724 987 enim
2740 933 2910 988 solum
2930 933 3323 991 distinctionem
3347 933 3492 990 illam
3515 933 3600 987 fe-

2010 1023 2102 1078 cit.
2157 1023 2326 1093 Hujus
2373 1036 2532 1076 causa
2587 1023 2664 1078 illi
2694 1025 3087 1093 ingeheunam,
3139 1023 3192 1080 hi
3243 1025 3298 1082 iu
3347 1039 3593 1094 regnum,

2011 1124 2273 1185 pergunt:
2303 1114 2446 1183 quod
2483 1114 2529 1168 si
2574 1112 2815 1168 diabolus
2844 1114 2974 1183 ipsis
3022 1123 3210 1168 auctor
3255 1125 3593 1183 peccatorum

2009 1215 2172 1271 esset,
2201 1221 2310 1260 non
2341 1207 2539 1276 utique,
2589 1207 2696 1262 alio
2721 1217 2973 1276 peccante
2993 1215 3046 1262 et
3073 1207 3141 1262 ad
3186 1216 3460 1276 peccatum
3491 1208 3590 1260 im-

2011 1299 2239 1368 pellente
2258 1339 2272 1364 ,
2317 1297 2369 1352 hi
2396 1298 2654 1367 supplicio
2681 1298 2946 1353 amciendi
2973 1309 3145 1353 erant.
3175 1299 3367 1354 Viden'
3397 1299 3482 1352 hic
3537 1309 3595 1354 et

2010 1391 2097 1460 qui
2129 1400 2480 1458 peccaverunt
2509 1400 2563 1444 et
2582 1390 2673 1459 qui
2703 1390 2839 1444 bene
2855 1390 3112 1459 egerunt?
3133 1390 3304 1444 viden'
3328 1390 3596 1459 quomodo

2010 1498 2304 1538 conservos
2328 1483 2590 1548 videntes,
2611 1483 3013 1539 obmutuerunt?
3037 1483 3148 1552 Age
3163 1483 3228 1537 ad
3255 1483 3394 1538 aliud
3419 1498 3597 1537 exem-

2009 1575 2158 1645 plum
2177 1588 2478 1627 sermonem
2498 1571 2899 1630 transferamus.
2918 1574 3182 1644 Virgines,
3202 1574 3391 1642 inquit,
3409 1573 3593 1626 decem

2011 1673 2165 1720 erant
2186 1664 2396 1734 (Matth.
2428 1663 2545 1734 25).
2570 1665 2666 1718 llic
2695 1680 2878 1718 rursus
2901 1665 3204 1718 voluntates
3228 1675 3485 1733 suntquae
3505 1663 3598 1718 be-

2008 1772 2076 1810 ne
2097 1764 2404 1825 operantur,
2421 1762 2473 1809 et
2494 1769 2612 1824 qua:
2632 1754 2966 1824 delinquunt,
2990 1763 3046 1809 ut
3065 1770 3132 1810 ex
3160 1755 3405 1825 apposito
3430 1764 3484 1809 et
3505 1755 3598 1808 ha-

2008 1864 2128 1904 rum
2159 1860 2376 1917 peccata
2397 1847 2596 1912 videas,
2619 1857 2672 1901 et
2694 1848 2901 1902 illarum
2929 1849 3065 1902 bona
3082 1863 3244 1916 Opera
3276 1865 3288 1902 :
3317 1862 3597 1919 compara-

2011 1943 2242 1996 tioenim
2303 1941 2420 1996 hazc
2447 1943 2590 1996 clare
2622 1941 2857 1995 exhibet.
2882 1941 2949 1994 Et
2988 1941 3072 1995 ha:
3115 1949 3168 1995 et
3216 1941 3320 1995 illm
3343 1941 3595 2011 virgines,

2016 2040 2071 2085 et
2112 2032 2194 2084 ha:
2217 2039 2271 2084 et
2299 2031 2403 2084 illae
2434 2030 2699 2098 quinque;
2730 2030 3001 2099 lampadas
3028 2038 3269 2100 utrmque
3304 2031 3596 2096 habebant,

2010 2133 2197 2174 onmes
2224 2132 2479 2187 sponsum
2507 2119 3016 2188 exspectabant.Cur
3039 2121 3154 2174 alia:
3177 2121 3448 2190 ingressae,
3479 2122 3600 2176 alite

2011 2227 2116 2265 non
2145 2212 2396 2281 ingressa:
2412 2210 2574 2265 sunt?
2595 2211 2725 2277 Quia
2751 2212 2853 2265 illte
2871 2211 3083 2281 quidem
3105 2213 3408 2266 inhumanae
3424 2221 3597 2277 erant,

2011 2301 2093 2354 ha:
2120 2315 2246 2354 vero
2276 2311 2566 2355 mansuetae
2589 2309 2641 2354 et
2671 2300 2939 2358 humanae.
2971 2301 3158 2356 Viden‘
3175 2317 3386 2356 rursum
3413 2304 3598 2358 volun‘

2012 2393 2135 2445 tatis
2186 2391 2514 2459 propositum
2540 2406 2754 2444 causam
2788 2391 2952 2446 fuisse
2980 2391 3118 2455 ﬁnis,
3152 2407 3257 2446 non
3284 2403 3459 2447 autem
3481 2392 3602 2446 dia:

2011 2480 2233 2534 bolum?
2264 2479 2416 2533 vides
2448 2495 2517 2534 ex
2543 2481 2787 2550 opposito
2811 2481 3027 2550 judicia,
3047 2490 3100 2535 et
3122 2497 3184 2536 ex
3208 2483 3467 2537 similibus
3492 2482 3599 2536 cal-

2011 2571 2162 2625 culos
2189 2569 2353 2624 ferri?
2377 2568 2633 2624 Conservi
2660 2584 2950 2625 conservos
2971 2570 3299 2639 iudicabunt.
3321 2571 3482 2626 Visne
3504 2572 3601 2625 tibi

2011 2661 2290 2717 ostendam
2317 2661 2476 2714 etiam
2500 2676 2564 2714 ex
2587 2660 2936 2715 dissimilibus
2965 2660 3080 2715 ﬁeri
3109 2662 3602 2730 comparationem?

2015 2753 2076 2807 fit
2094 2753 2236 2808 enim
2265 2763 2322 2807 et
2342 2769 2406 2807 ex
2431 2753 2801 2816 dissimilibus,
2824 2763 2882 2806 ut
2899 2753 3277 2808 condemnatio
3297 2756 3366 2808 sit
3384 2754 3600 2810 clarior.

2024 2842 2135 2896 Viri
2172 2841 2435 2907 Ninivitw,
2473 2845 2876 2913 inquit,surgent
2902 2853 2948 2896 et
2971 2843 3372 2898 condemnabam
3391 2860 3602 2915 genera-

2015 2933 2199 2986 tionem
2220 2934 2350 2985 hanc
2369 2932 2577 3003 (Matth.
2602 2933 2688 2986 12.
2711 2934 2823 3002 41).
2842 2932 2956 2987 Νοη
2975 2934 3111 2986 ultra
3131 2935 3333 2989 similes
3353 2942 3476 2988 sunt
3492 2935 3522 2988 ii
3536 2935 3602 2989 de

2014 3024 2205 3092 quibus
2227 3023 2483 3092 judicium
2508 3023 2674 3076 fertur
2699 3041 2711 3076 :
2737 3037 2860 3077 nam
2881 3023 2969 3077 alii
2994 3023 3203 3077 barbari
3229 3033 3373 3090 sunt,
3391 3024 3479 3078 alii
3505 3024 3601 3078 Ju-

2015 3115 2138 3169 dmi:
2173 3115 2224 3168 hi
2257 3114 2619 3184 propheticam
2647 3115 2948 3169 doctrinam
2976 3117 3246 3185 assequuti
3298 3125 3469 3183 erant,
3513 3117 3600 3170 alii

2015 3221 2303 3275 numquam
2335 3205 2402 3260 de
2429 3205 2624 3260 divinis
2647 3205 2941 3259 audierant.
2968 3205 3151 3275 Neque
3171 3206 3270 3260 hoc
3296 3215 3497 3261 tantum
3527 3208 3606 3262 in-

2016 3307 2181 3354 terest
2222 3298 2566 3363 discriminis,
2599 3297 2690 3352 sed
2718 3298 2856 3366 quod
2885 3296 2950 3350 ad
2993 3298 3112 3352 illos
3140 3313 3324 3352 servus
3344 3339 3359 3363 ,
3385 3298 3449 3352 ad
3503 3298 3604 3353 hos

2017 3389 2274 3444 Dominus
2303 3389 2509 3443 venerit
2540 3406 2554 3441 :
2585 3398 2640 3442 et
2667 3388 2754 3442 ille
2782 3388 2996 3457 quidem
3026 3387 3256 3442 futuram
3301 3389 3606 3443 subversio-

2018 3496 2140 3534 nem
2160 3480 2574 3550 prmnuntiabat,
2603 3479 2690 3533 hic
2724 3494 2851 3533 vero
2872 3494 3094 3549 regnum
3123 3481 3381 3535 caelorum
3407 3480 3604 3549 praedi-

2018 3571 2192 3626 cabat.
2216 3571 2361 3638 Quos
2389 3585 2517 3641 ergo
2558 3570 2858 3625 credituros
2901 3585 3023 3626 esse
3067 3570 3409 3625 verisimilius
3457 3579 3603 3634 erat,

2018 3662 2344 3716 barbarosne
2373 3662 2526 3725 illos,
2579 3662 2911 3731 insipientes,
2944 3662 3033 3732 qui
3081 3677 3368 3732 numquam
3416 3661 3606 3717 divina;

2017 3751 2275 3806 doctrina:
2289 3752 2572 3821 participes
2589 3751 2813 3818 fuerant,
2836 3767 2904 3805 an
2927 3767 3020 3806 eos
3041 3753 3173 3822 quia
3194 3753 3390 3807 teneris
3411 3753 3463 3807 in
3480 3768 3605 3821 pro-

2022 3841 2247 3910 pheticis
2287 3841 2438 3896 libris
2483 3841 2691 3896 educati
2723 3841 2965 3896 fuerant?
3012 3842 3220 3897 Nemini
3250 3859 3356 3898 non
3395 3843 3609 3899 videtur

2019 3931 2232 3986 Iudaeos
2259 3933 2434 4001 potius
2452 3932 2786 3997 credituros;
2813 3934 2907 3988 sed
2929 3936 3254 3988 contrarium
3287 3935 3496 3990 accidit.
3545 3937 3606 3990 lli

2020 4023 2234 4093 quidem
2283 4039 2388 4078 non
2425 4024 2768 4080 crediderunt
2814 4026 3040 4080 Domino
3086 4041 3306 4096 regnum
3355 4028 3608 4080 caelorum

2023 4116 2359 4185 praedicanti,
2391 4116 2465 4170 illi
2494 4131 2622 4171 vero
2651 4115 2995 4171 crediderunt
3019 4131 3279 4171 conservo
3305 4117 3610 4171 subversio-

2023 4223 2144 4261 nem
2173 4207 2536 4268 comminanti,
2559 4216 2617 4260 ut
2639 4207 2833 4261 clarius
2859 4217 2913 4261 et
2937 4222 3123 4262 eorum
3154 4209 3398 4278 aequitas,
3423 4216 3476 4262 et
3507 4208 3606 4260 ho-

2024 4314 2141 4352 rum
2168 4297 2480 4366 improbitas
2510 4306 2816 4366 appareret.
2848 4298 3116 4368 Numquid
3166 4297 3413 4352 daemon?
3452 4314 3610 4352 num-

2023 4388 2148 4457 quid
2194 4388 2474 4442 diabolus?
2505 4388 2760 4458 numquid
2803 4388 3052 4444 fortuna?
3104 4389 3356 4458 numquid
3409 4389 3613 4442 fatum?

2025 4479 2278 4546 numquid
2329 4479 2429 4533 sibi
2451 4479 2675 4548 quisque
2703 4494 2862 4533 causa
2908 4479 3005 4532 fuit
3035 4489 3144 4532 tum
3183 4479 3433 4548 nequitia:
3453 4519 3468 4544 ,
3500 4486 3610 4531 tum

2022 4570 2270 4624 virtutis?
2299 4568 2411 4624 Nisi
2443 4569 2585 4624 enim
2617 4569 2692 4623 illi
2733 4569 2809 4622 rei
2861 4569 3019 4622 futuri
3048 4577 3245 4633 essent,
3280 4582 3611 4638 nequaquam

2024 4663 2273 4717 dixisset:
2289 4659 2704 4716 Condemnabunt
2723 4661 3093 4731 generationem
3114 4661 3612 4729 hancmequaquam

2026 4754 2251 4808 dixisset
2277 4753 2516 4823 reginam
2539 4753 2719 4806 Austri
2740 4751 3211 4806 condemnatumm
3235 4749 3447 4804 Judtros
3466 4763 3608 4803 esse.

2028 4844 2144 4899 Non
2171 4844 2340 4899 solum
2364 4844 2504 4898 enim
2531 4841 2711 4911 pepuli
2732 4843 2974 4910 populos,
3004 4840 3098 4895 sed
3124 4853 3260 4893 unus
3286 4840 3445 4894 homo
3469 4855 3614 4908 saepe

2031 4936 2292 5006 integrum
2339 4933 2588 5004 pepulum
2624 4931 2946 4986 condemnat
2977 4949 2989 4983 :
3021 4929 3235 5000 quando
3261 4929 3318 4995 ii,
3343 4931 3433 5000 qui
3460 4930 3613 4986 facile

2029 5027 2201 5096 decipi
2234 5041 2387 5096 posse
2417 5023 2748 5087 videbantur,
2774 5038 2878 5076 non
2900 5021 3106 5092 decepti
3135 5021 3297 5077 fuisse
3316 5021 3614 5092 deprehen-

2030 5119 2241 5183 duntur,
2285 5125 2339 5172 et
2366 5117 2455 5185 qui
2481 5115 2626 5170 omni
2657 5115 2817 5170 modo
2858 5116 3074 5170 vincere
3103 5113 3393 5177 debebant,
3433 5122 3612 5167 tamen

2032 5219 2363 5282 superantur.
2383 5207 2508 5263 ideo
2539 5208 2727 5263 Adami
2757 5217 2811 5262 et
2839 5207 2957 5262 Jobi
2995 5207 3317 5261 mentionem
3348 5205 3607 5261 fecimus:

2028 5306 2135 5376 jam
2155 5303 2294 5358 enim
2326 5301 2391 5354 ad
2415 5301 2546 5356 illud
2572 5309 2940 5370 argumentum
2965 5298 3139 5353 redire
3168 5312 3389 5352 necesse
3417 5305 3517 5360 est,
3553 5307 3612 5351 ut

2033 5395 2172 5467 quod
2189 5395 2449 5462 reliquum
2477 5403 2558 5448 est
2579 5391 2940 5461 expediamus.
2968 5386 3228 5441 Adamum
3256 5386 3414 5456 igitur
3454 5385 3609 5441 nudis

2036 5497 2235 5543 tantum
2254 5485 2450 5547 verbis,
2477 5484 2668 5540 Jobum
2691 5482 2838 5538 factis
2855 5493 3135 5550 aggressus
3155 5487 3238 5534 est
3259 5495 3273 5532 :
3305 5477 3448 5532 hunc
3467 5479 3611 5532 enim

2034 5577 2279 5634 omnibus
2318 5575 2517 5630 divitiis
2561 5572 2806 5645 spoliavit
2850 5570 3080 5640 filiisque
3123 5570 3355 5632 orbavit,
3410 5567 3484 5620 illi
3514 5581 3612 5621 nec

2034 5669 2312 5725 minimum
2346 5681 2446 5721 nec
2483 5679 2728 5737 magnum
2766 5661 3036 5733 quidpiam
3070 5661 3304 5715 abstulit.
3346 5657 3483 5724 Quin
3515 5671 3612 5727 po-

2036 5761 2139 5816 tius
2177 5759 2289 5828 ipsa
2317 5757 2480 5813 verba
2508 5755 2915 5828 perpendamus,
2955 5763 3009 5808 et
3039 5750 3343 5806 insidiarum
3375 5747 3610 5803 modum.

2033 5849 2470 5921 Accessit,inquit,
2493 5865 2714 5920 serpens,
2740 5857 2784 5902 et
2799 5847 2926 5900 dixit
2951 5845 3146 5900 nmh'eri
3167 5863 3184 5898 :
3210 5842 3313 5897 Cur
3331 5843 3456 5896 dixit
3479 5837 3618 5896 vobis
