4408 6670
825 444 929 502 269

817 550 976 612 Deus,
1007 548 1126 601 Non
1153 544 1419 599 comedetis
1443 558 1507 596 ea:
1531 543 1668 594 omni
1696 541 1830 610 ligno
1851 581 1865 603 ,
1893 539 2024 608 quod
2053 547 2126 589 est
2160 537 2211 588 in
2252 551 2399 604 para-

819 645 928 696 diso
950 640 1095 711 (Gen.
1123 640 1177 693 3.
1212 640 1263 707 1)
1288 639 1310 688 't
1343 637 1437 690 llic
1463 648 1706 702 serpens,
1735 633 1842 686 illic
1872 644 2010 684 uxor
2033 627 2168 683 Jobo
2191 626 2406 679 insidia-

821 743 905 784 tur
933 748 947 784 :
973 730 1057 783 hic
1084 729 1302 782 multum
1319 727 1538 780 interest
1559 725 1697 778 inter
1716 717 2404 776 consiliariosdiscriminis.

819 821 951 875 Nam
1002 819 1090 873 ille
1139 817 1350 886 quidem
1394 829 1579 869 servus
1602 857 1618 881 ,
1669 814 1783 868 haec
1809 814 1929 866 vita:
1956 809 2221 881 particeps
2250 825 2260 859 τ
2295 805 2411 860 haec

821 909 1137 970 auxiliatrix,
1174 908 1262 961 ille
1299 921 1427 960 vero
1454 905 1701 960 subditus
1728 913 1862 958 eral.
1895 900 2079 956 Viden’
2106 911 2263 966 quam
2289 895 2410 949 nul-

824 1003 905 1054 los
951 1002 1021 1054 sit
1046 999 1215 1053 venite
1256 998 1448 1052 locus?
1479 998 1622 1050 illam
1651 997 1792 1050 enim
1843 993 2084 1047 subditus
2127 1004 2190 1042 ac
2227 1002 2413 1042 servus

823 1089 1020 1142 devicit
1048 1106 1060 1141 :
1090 1087 1234 1141 illum
1258 1103 1324 1140 ne
1337 1086 1548 1154 quidem
1563 1098 1782 1136 consors
1803 1090 1855 1134 et
1883 1079 2180 1134 auxiliatrix
2204 1077 2414 1131 vincere

829 1179 1018 1243 potuit.
1043 1180 1108 1230 At
1157 1176 1429 1230 videamus
1455 1174 1580 1242 qttid
1609 1173 1750 1226 dicat
1777 1189 1790 1224 :
1823 1171 1927 1224 Cur
1946 1170 2073 1222 dixit
2098 1167 2233 1220 vobis
2257 1165 2412 1232 Deus,

832 1268 952 1320 .Von
979 1267 1240 1318 comedetis
1267 1281 1328 1317 ex
1347 1265 1482 1317 omni
1509 1262 1684 1333 ligno?
1703 1261 1859 1330 Atqui
1889 1275 1992 1313 non
2023 1257 2074 1312 id
2101 1259 2240 1311 Deus
2263 1256 2416 1310 dixe-

834 1366 937 1420 rat,
969 1355 1063 1409 sed
1091 1369 1307 1423 prorsus
1332 1355 1680 1409 contrarium.
1707 1351 2000 1406 Considera
2041 1349 2218 1418 itaque
2257 1347 2418 1401 vafri-

834 1449 958 1502 tiem
975 1447 1171 1502 diaboli
1193 1464 1206 1499 :
1230 1446 1366 1500 dixit
1408 1445 1547 1514 quod
1577 1459 1683 1498 non
1703 1443 1900 1497 dictum
1927 1439 2185 1504 fuerat,ut
2206 1437 2416 1494 edisce-

834 1549 913 1593 ret
937 1539 1077 1608 quod
1097 1539 1294 1592 dictum
1323 1539 1508 1590 fuerat.
1539 1533 1672 1600 Quid
1700 1534 1858 1602 igitur
1873 1531 2098 1585 mulier?
2123 1544 2242 1584 eum
2259 1543 2419 1596 opor-

835 1634 1026 1685 tuisset
1070 1631 1142 1684 illi
1179 1645 1239 1682 os
1266 1630 1546 1689 obturare,
1597 1625 1680 1679 vel
1710 1639 1813 1678 non
1863 1621 2223 1691 respondere,
2258 1621 2420 1674 Stulte

833 1720 1148 1773 dominicam
1175 1716 1492 1772 sententiam
1522 1715 1728 1783 aperuit
1757 1729 1770 1765 :
1805 1713 2031 1781 hincque
2060 1711 2136 1764 illi
2174 1724 2419 1780 magnam

838 1810 1063 1878 prmbuit
1085 1823 1290 1862 ansam.

898 1900 951 1952 4.
985 1898 1117 1952 Vide
1145 1908 1398 1967 quantum
1431 1897 1624 1950 malum
1653 1896 1720 1948 sit
1748 1909 1865 1948 sese
1890 1903 2090 1947 temere
2118 1892 2346 1946 inimicis
2367 1900 2423 1944 et

842 1989 1238 2042 insidiatoribus
1273 1988 1480 2040 tradere
1513 2005 1524 2039 :
1555 1986 1674 2040 ideo
1706 1986 1948 2038 Christus
1974 1983 2222 2038 dicebat:
2253 1981 2425 2034 Nolite

837 2081 959 2132 (lare
981 2089 1155 2132 sancta
1177 2079 1401 2140 canibus,
1431 2093 1585 2144 neque
1611 2076 1890 2144 projiciatis
1918 2073 2216 2142 margaritas
2238 2080 2423 2124 vestras

839 2179 956 2221 ante
989 2184 1186 2238 porcos,
1216 2184 1278 2220 ne
1319 2172 1446 2234 forte
1485 2167 1709 2218 com-orsi
1754 2165 2073 2231 disrumpunt
2101 2177 2184 2214 vos
2210 2159 2417 2229 (Matth.

839 2259 893 2309 7.
919 2257 994 2324 6).
1027 2257 1137 2310 lloc
1162 2266 1336 2309 autem
1366 2256 1493 2308 Eva:
1524 2255 1744 2322 contigit
1777 2273 1789 2307 :
1819 2252 1968 2306 dedit
1995 2259 2174 2304 sancta
2203 2249 2341 2314 cani,
2369 2257 2425 2302 et

843 2361 1034 2414 porco;
1065 2346 1151 2399 ille
1181 2346 1340 2398 verba
1384 2344 1738 2406 conculcavtt,
1769 2351 1822 2395 et
1845 2354 2136 2394 conversus
2174 2339 2421 2392 feminam

841 2437 1087 2505 disrupit.
1135 2434 1516 2489 Animadverte
1566 2445 1740 2486 autem
1782 2447 1938 2500 quam
1972 2430 2116 2484 vafre
2141 2431 2420 2497 loquatur:

844 2527 967 2582 Non
995 2537 1154 2580 morte
1181 2527 1461 2579 moriemini
1480 2525 1628 2595 (Gen.
1659 2523 1802 2593 5.4),
1835 2523 2021 2592 inquit.
2044 2521 2141 2575 llic
2162 2535 2288 2574 vero
2308 2519 2426 2572 ani-

842 2635 987 2672 mant
1020 2619 1279 2673 advertite
1309 2636 1322 2671 :
1355 2619 1527 2688 potuit
1574 2617 1766 2671 mulier
1798 2615 2038 2670 fraudem
2083 2614 2379 2682 intelligere
2411 2633 2424 2666 :

841 2711 1018 2764 statim
1041 2710 1182 2764 enim
1213 2709 1542 2762 inimicitiam
1573 2720 1624 2762 et
1650 2708 1845 2760 bellum
1869 2707 2124 2760 adversus
2153 2706 2316 2758 Deutn
2347 2705 2429 2757 de-

845 2803 1122 2865 nuntiavit,
1155 2802 1334 2856 statim
1363 2801 1412 2855 ei
1467 2801 1804 2855 contradixit.
1831 2800 1980 2864 Esto,
2008 2804 2152 2868 prius
2182 2799 2272 2852 Dei
2303 2813 2426 2850 sen-

845 2891 1062 2945 tentiam
1103 2890 1342 2945 ediscere
1373 2890 1569 2944 voleuti
1599 2889 1850 2950 dicebas;
1879 2897 1932 2940 at
1959 2889 2128 2957 ipsum
2159 2887 2425 2940 contraria

845 2991 1022 3050 postea
1049 2983 1309 3035 dicentem
1353 2997 1448 3035 cur
1473 2981 2044 3049 sequebaris?Dixerat
2072 2979 2235 3043 Deus,
2264 2978 2429 3031 Marte

850 3073 1128 3125 moriemini
1153 3071 1271 3124 :his
1299 3071 1614 3124 contradixit
1655 3071 1741 3124 ille
1769 3070 1852 3123 his
1881 3070 2074 3129 verbis,
2099 3067 2429 3136 Nequaquam

846 3173 1004 3216 morte
1037 3161 1486 3226 moriemini.Quid
1521 3160 1622 3213 hoc
1649 3161 1789 3214 bello
1813 3159 2031 3212 clarius?
2055 3158 2314 3212 undenam
2337 3171 2430 3226 po-

846 3261 978 3305 terat
1018 3252 1207 3305 melius
1234 3252 1481 3320 cognosci
1544 3250 1790 3303 inimicus
1819 3257 1868 3302 et
1897 3249 2083 3313 hostis,
2111 3263 2266 3316 quam
2289 3247 2429 3315 quod

843 3343 1104 3396 contraria
1135 3343 1242 3397 Deo
1267 3342 1600 3411 loqueretur?
1629 3340 1922 3394 Confestim
1965 3353 2092 3409 ergo
2132 3338 2426 3406 decipulam

844 3433 979 3487 hanc
995 3433 1276 3502 confugere
1293 3447 1385 3501 par
1408 3431 1525 3496 fuit,
1550 3447 1576 3484 a
1599 3431 1790 3500 laqueo
1812 3429 2021 3484 resilire
2038 3431 2288 3497 oportuit.
2316 3426 2425 3481 Ne-

842 3539 1087 3591 quaquam
1103 3534 1260 3576 morte
1280 3522 1576 3585 moriemini,
1595 3522 1764 3590 inquit
1788 3538 1800 3573 :
1819 3520 2105 3588 scitquippe
2124 3517 2279 3581 Deus,
2295 3518 2428 3587 quod

842 3628 943 3680 qua
982 3612 1063 3663 die
1112 3611 1444 3675 comederitis,
1497 3611 1788 3676 aperientur
1837 3609 1970 3661 oculi
2012 3609 2177 3671 vestri,
2209 3617 2255 3660 et
2293 3608 2430 3660 eritis

843 3702 969 3752 sicut
988 3701 1079 3754 dii.
1103 3699 1208 3767 Spe
1238 3699 1455 3768 majoris
1479 3699 1722 3768 promissi
1748 3700 1907 3753 etiam
1927 3699 2084 3763 bona,
2107 3714 2224 3766 qna.-
2241 3698 2294 3750 in
2317 3712 2430 3751 ma-

845 3789 1001 3842 nibus
1030 3801 1202 3852 erant,
1227 3788 1458 3858 perdidit
1487 3805 1499 3842 :
1525 3790 1842 3858 promiserat
1867 3789 1958 3842 ille
2006 3804 2065 3844 se
2103 3788 2233 3842 deos
2283 3788 2420 3842 effe-

842 3889 1136 3942 cturutn,et
1169 3881 1218 3932 in
1243 3879 1430 3932 mortis
1463 3879 1795 3948 tyrannidem
1826 3878 2072 3946 conjecil.
2098 3877 2249 3932 Unde
2277 3892 2428 3946 ergo,

844 3969 1054 4032 mulier,
1070 3968 1280 4024 diabolo
1299 3969 1454 4023 fidem
1470 3969 1694 4024 habuisti
1713 3969 1735 4021 ?
1760 3969 1884 4038 quid
1905 3969 2029 4022 boni
2049 3967 2431 4036 perspiciebas?

846 4073 1020 4111 annon
1061 4067 1144 4111 sat
1179 4059 1271 4112 ιιὺί
1314 4069 1430 4112 erat
1457 4059 1746 4112 auctoritas
1783 4057 2100 4126 legislatoris
2124 4097 2139 4122 ,
2184 4055 2432 4125 quodque

850 4149 986 4202 Deus
1013 4158 1221 4201 creator
1247 4159 1299 4202 et
1328 4149 1502 4216 epifex
1528 4157 1690 4211 esset,
1715 4148 1800 4201 ille
1829 4161 1957 4200 vero
1982 4145 2225 4200 diabolus
2251 4155 2304 4200 et
2325 4145 2428 4199 ini-

849 4239 1056 4292 micus?
1084 4238 1317 4292 Necdum
1358 4239 1625 4292 diabolum
1653 4237 1879 4290 dixerim
1899 4278 1914 4303 ,
1943 4245 2242 4304 serpentem
2284 4236 2426 4290 enim

850 4341 1048 4383 tantum
1072 4345 1191 4384 esse
1220 4331 1472 4400 putabas:
1508 4339 1882 4398 serpentemne
1905 4329 2032 4382 tanti
2065 4328 2235 4382 facere
2264 4342 2426 4396 opor-

848 4424 964 4484 tuit,
990 4433 1047 4476 ut
1065 4423 1389 4476 Dominicam
1414 4423 1511 4491 ipsi
1526 4423 1841 4477 sententiam
1861 4421 2198 4475 denuntiares
2225 4422 2245 4474 ἱ)
2273 4421 2428 4476 Vides

849 4514 1082 4580 potuisse
1110 4512 1347 4567 fraudem
1376 4513 1589 4579 videre;
1621 4521 1674 4565 at
1703 4513 1874 4566 noluit
1915 4514 2046 4582 ipsa.
2079 4513 2236 4581 Atqui
2290 4513 2428 4566 Deus

848 4606 953 4675 iam
982 4603 1143 4656 multa
1175 4603 1537 4657 beneficentia)
1557 4620 1667 4657 sua:
1688 4613 1995 4671 argumenta
2017 4602 2271 4667 dederat,
2297 4616 2428 4670 ope-

849 4695 1097 4762 ribusque
1127 4693 1512 4762 providentiam
1534 4708 1821 4762 curamque
1849 4708 1998 4746 suam
2025 4692 2427 4746 demonstrave-

849 4795 949 4838 rat.
973 4784 1210 4853 Namque
1233 4784 1522 4850 hominem,
1541 4785 1630 4855 qui
1647 4795 1799 4839 antea
1817 4799 1920 4838 non
1947 4793 2082 4850 erat,
2105 4783 2426 4848 efformavit,

849 4875 1076 4929 animam
1101 4877 1196 4945 ipsi
1219 4877 1512 4946 inspiravit,
1531 4877 1893 4946 adimaginetn
1923 4891 2074 4931 suam
2103 4876 2249 4930 illum
2282 4874 2425 4938 fecit,

851 4968 1140 5035 principem
1181 4970 1417 5021 onmium
1439 5008 1452 5030 ,
1486 4983 1603 5037 quae
1635 4969 1687 5022 in
1711 4978 1852 5023 terra
1883 4976 2062 5023 essent
2085 5009 2100 5034 ,
2130 4967 2425 5030 constituit,

848 5060 1162 5128 adjutricem
1184 5059 1349 5123 dedit,
1376 5061 1674 5128 paradisum
1694 5061 1969 5128 plantavit,
2002 5069 2054 5114 et
2081 5075 2177 5114 usu
2208 5071 2430 5113 cmtero-

851 5169 965 5206 rum
990 5153 1250 5223 lignorum
1278 5165 1554 5215 concesso,
1579 5166 1745 5204 unum
1780 5159 1982 5203 tantum
2013 5165 2080 5204 ne
2108 5151 2430 5218 attingerent

853 5243 1054 5296 vetuit:
1086 5242 1227 5312 quod
1260 5243 1432 5311 ipsum
1459 5241 1524 5295 ad
1555 5241 1788 5309 ipsorum
1817 5240 2098 5294 utilitatem
2134 5241 2424 5308 prohibuit.

854 5333 1102 5387 Diabolus
1138 5349 1266 5389 vero
1294 5348 1464 5403 neque
1491 5332 1788 5392 tnmimum,
1812 5347 1984 5401 neque
2013 5346 2257 5397 magnum
2277 5330 2430 5398 quid—

853 5424 990 5492 piam
1039 5425 1159 5479 boni
1187 5439 1344 5494 opere
1383 5425 1662 5494 prtcstitit;
1697 5421 1788 5476 sed
1838 5423 1991 5476 nudis
2018 5431 2219 5474 tantum
2254 5421 2429 5473 verbis

851 5513 1090 5569 mulieris
1113 5515 1344 5568 animum
1371 5515 1651 5580 extollens,
1704 5529 1942 5583 vanaque
1967 5528 2060 5582 spe
2105 5512 2314 5576 inflatis,
2357 5511 2427 5563 ita

849 5609 1075 5679 decepit.
1101 5608 1231 5675 Quae
1287 5618 1464 5663 tamen
1508 5608 1779 5662 diabolum
1831 5609 1938 5664 Deo
1981 5607 2083 5662 ftde
2129 5607 2427 5674 digniorem

851 5701 1185 5765 existimavit,
1207 5698 1307 5754 etsi
1336 5698 1476 5752 Deus
1504 5698 1754 5767 operibus
1809 5698 2231 5753 benevolentiam
2277 5711 2427 5749 suam

851 5790 1407 5856 demonstrasset:ei,
1460 5791 1548 5862 qui
1599 5789 1738 5844 nuda
1785 5790 1943 5846 verba
2000 5789 2235 5857 nihilque
2285 5804 2425 5856 prac-

1552 432 1608 486 S.
1645 425 1924 485 JOANNIS
1962 416 2433 478 CllRYSOSTOMI
2476 414 2788 470 AIlClllEP.
2831 411 3365 472 CUNSTANTINUP.

3978 413 4082 466 27ft

2511 541 2654 584 terea
2680 528 2894 596 obtulit,
2947 528 3106 584 ﬁdem
3148 525 3330 581 habuit
3354 521 3562 577 mulier.
3600 517 3783 573 Viden'
3807 534 3875 575 ex
3920 522 4086 574 stulti.

2513 623 2582 674 tia
2613 627 2815 672 tantum
2837 627 2891 671 et
2916 619 3142 687 ignavia,
3179 631 3288 673 non
3332 620 3511 668 autem
3539 609 3589 663 vi
3620 607 3855 662 fraudem
3911 608 4082 676 profe~

2512 720 2650 766 ctam
2677 709 2833 763 esse?
2860 707 3036 778 thue
3057 709 3251 763 clarius
3269 706 3495 766 ediscas,
3519 699 3640 754 audi
3661 695 3925 768 quomodo
3947 698 4092 752 Scri-

2515 811 2667 871 ptura
2689 798 2963 854 mulierem
2982 810 3217 856 accuset.
3239 800 3354 854 Non
3371 798 3510 854 enim
3527 793 3677 858 dixit,
3708 789 3952 858 Decepta,
3977 790 4092 857 sed,

2514 891 2828 962 Conspicata
2865 890 3087 960 lignum,
3139 891 3281 961 quod
3312 889 3585 960 pulchrum
3613 889 3788 946 esset,
3841 878 4094 934 comedit.

2522 987 2700 1055 Itaque
2729 983 2932 1038 crimen
2963 981 3091 1036 illud
3119 979 3518 1050 intemperantis
3546 982 3791 1045 aspectus
3831 980 3962 1035 erat,
3992 984 4097 1023 non

2523 1077 2740 1131 fallaciae
2771 1073 3048 1129 diabolica;
3078 1081 3282 1127 tantum
3305 1088 3319 1126 :
3342 1087 3374 1126 a
3401 1069 3613 1140 propria
3642 1076 3866 1133 namque
3901 1073 4100 1114 wncu-

2523 1169 2803 1238 piseentia,
2832 1180 2939 1220 non
2967 1179 2998 1218 a
3019 1163 3279 1218 daemonis
3307 1162 3508 1217 malitia
3551 1166 3797 1227 superata
3837 1162 3937 1208 est.
3978 1149 4102 1203 ideo

2522 1263 2728 1316 veniam
2758 1275 2862 1314 non
2883 1265 2968 1313 est
2992 1266 3339 1324 consequuta,
3369 1255 3462 1310 sed
3485 1267 3605 1307 cum
3626 1251 3866 1314 dixisset,
3883 1246 4102 1315 Serpens

2524 1352 2716 1421 decepit
2743 1366 2840 1414 me,
2881 1356 3149 1404 extremas
3175 1354 3356 1399 tamen
3392 1357 3578 1412 pinnas
3599 1342 3697 1395 luit
3725 1358 3738 1392 :
3763 1351 3927 1409 penes
3960 1337 4102 1390 illam

2524 1443 2666 1496 enim
2691 1450 2804 1496 erat
2823 1455 2928 1494 non
2954 1436 3165 1492 cadere.
3191 1434 3346 1500 Quod
3375 1443 3432 1487 ut
3459 1433 3656 1486 clarius
3676 1430 3891 1491 evadat,
3918 1443 4017 1497 age
4041 1431 4104 1479 ad

2525 1532 2716 1587 Jobum
2745 1543 3046 1585 sermonem
3063 1533 3459 1588 eonvertamus,
3485 1537 3516 1575 a
3545 1522 3700 1576 victis
3724 1521 3789 1574 ad
3821 1521 4102 1582 victorem,

2526 1639 2554 1676 a
2582 1623 2843 1692 superatis
2865 1620 2931 1674 ad
2958 1624 3298 1688 superantem
3322 1630 3336 1666 :
3367 1613 3457 1667 ille
3485 1625 3714 1679 namque
3742 1610 3976 1679 majores
4016 1623 4109 1662 που

2529 1715 2611 1767 bis
2637 1714 2844 1767 animos
2876 1711 3050 1771 faciet,
3083 1718 3139 1762 ut
3160 1719 3346 1760 manus
3365 1718 3488 1758 cum
3508 1701 3721 1756 diabolo
3744 1714 4107 1754 conseramus.

2529 1806 2641 1860 Illic
2666 1819 2889 1872 serpens
2903 1811 3038 1863 erat,
3065 1800 3154 1868 qui
3177 1797 3492 1866 decipiebat,
3519 1803 3573 1848 et
3599 1793 3725 1847 vicit
3748 1793 3871 1858 ;hic
3898 1792 4108 1857 mulier,

2529 1910 2648 1963 quae
2679 1909 2782 1947 non
2811 1891 3108 1960 praevaluit,
3134 1890 3344 1942 tametsi
3369 1886 3436 1940 ad
3462 1883 3886 1955 persuadendum
3915 1882 4109 1952 aptior,

2527 1999 2686 2053 quam
2707 1984 2816 2037 ille.
2861 1982 2938 2036 Ac
2966 1981 3102 2036 Jobo
3144 1979 3360 2049 quidem
3404 1985 3524 2045 post
3552 1974 3899 2043 pecuniarum
3943 1971 4110 2040 jactu~

2527 2089 2663 2139 ram,
2696 2074 2924 2128 filiorum
2944 2071 3309 2132 amissionem,
3336 2081 3544 2121 necnon
3569 2065 3832 2119 bonorum
3853 2062 4109 2121 omnium,

2527 2165 2772 2220 machina
2802 2163 3216 2224 admovebatur;
3245 2160 3350 2213 illic
3365 2171 3494 2212 vero
3513 2155 3642 2209 nihil
3668 2161 3783 2208 erat
3808 2149 4068 2220 ejusmodi
4096 2164 4108 2198 :

2531 2255 2668 2311 filios
2698 2271 2806 2311 nou
2826 2256 3080 2308 amiserat
3106 2267 3204 2306 nec
3227 2249 3478 2319 pecunias
3503 2246 3693 2307 Adam,
3716 2257 3889 2310 neque
3910 2241 3962 2293 in
3990 2241 4111 2292 lituo

2529 2345 2772 2411 sedebat,
2806 2345 2900 2399 sed
2932 2345 2987 2397 in
3011 2342 3254 2412 paradiso
3281 2335 3567 2404 voluptatis
3589 2332 3880 2392 habitabat,
3907 2339 3962 2382 et
4001 2344 4111 2381 om.

2532 2438 2615 2492 nis
2643 2436 2854 2506 ger-eris
2879 2435 3139 2502 lignorum
3164 2429 3315 2498 c0pia
3339 2423 3632 2484 fruebatur,
3666 2419 3812 2473 fonte
3833 2419 3982 2482 item,
4016 2417 4111 2470 llu-

2533 2529 2652 2594 viis,
2691 2527 2914 2594 aliisque
2956 2521 3204 2577 omnibus
3257 2513 3554 2572 commodis
3583 2529 3596 2565 :
3627 2525 3888 2580 nusquam
3942 2509 4110 2570 labor,

2533 2633 2637 2671 non
2669 2615 2901 2679 tristitia,
2935 2627 3039 2666 non
3068 2623 3287 2672 mmror,
3340 2620 3445 2658 non
3473 2601 3811 2658 contumeliae
3839 2608 3892 2654 et
3931 2599 4109 2652 comi-

2531 2709 2633 2770 cia,
2653 2720 2824 2774 neque
2842 2705 3114 2756 innumera
3136 2699 3226 2753 illa
3248 2699 3405 2760 mala,
3428 2709 3546 2764 qua:
3559 2692 3692 2747 Jobo
3716 2691 3952 2745 immissa
3965 2701 4106 2751 sunt;

2530 2805 2764 2848 attamen
2793 2808 2914 2848 cum
2941 2790 3069 2846 nihil
3095 2789 3310 2843 adesset
3335 2782 3658 2854 hujusmodi,
3691 2781 3869 2849 lapsus
3893 2787 3948 2832 et
3989 2793 4108 2846 sup-

2534 2887 2800 2955 plantatus
2823 2892 2926 2939 est.
2955 2885 3147 2938 Annon
3197 2880 3364 2948 liquet
3403 2877 3454 2930 id
3479 2891 3545 2930 ex
3576 2873 3781 2943 ignavia
3824 2870 4108 2925 accidisset

2533 2975 2734 3029 Eodem
2767 2975 2925 3028 modo
2951 2988 3072 3027 cum
3103 2971 3192 3025 ille
3217 2970 3282 3024 iis
3305 2966 3550 3022 omnibus
3582 2963 3900 3017 instantibus
3919 2969 3974 3015 et
4001 2976 4108 3028 pre-

2531 3064 2810 3127 mentibus,
2842 3063 3048 3118 fortiter
3067 3063 3234 3124 stetit,
3257 3072 3431 3113 annon
3457 3056 3674 3125 planum
3687 3062 3770 3108 est
3789 3051 3843 3106 id
3864 3066 3930 3106 ex
3951 3048 4108 3103 animi

2531 3154 2796 3223 vigilantia
2821 3162 2996 3209 ortum
3024 3151 3181 3207 esse?

2602 3317 2655 3370 5.
2694 3315 2812 3368 Jobi
2840 3314 3097 3383 patientia
3150 3310 3385 3363 omnibus
3415 3305 3721 3360 consolatio.
3743 3331 3814 3340 -—
3834 3299 4101 3367 Utrinque

2529 3407 2712 3478 igitur,
2751 3406 3050 3465 carissime,
3096 3416 3348 3472 magnum
3398 3399 3606 3451 lucrum
3645 3396 3938 3462 decerpere
3973 3405 4101 3460 pos-

2527 3495 2606 3549 sis
2632 3512 2644 3548 :
2677 3493 2936 3548 Adamum
2963 3491 3184 3544 imiteris
3205 3499 3552 3555 cave,gnarus
3581 3491 3772 3552 quanta
3790 3496 3858 3535 ex
3881 3482 4103 3549 segnitie

2527 3589 2664 3645 mala
2704 3587 2942 3642 oriantur
2976 3583 3127 3638 :Jobi
3160 3582 3410 3651 pietatem
3435 3577 3671 3641 imitare,
3712 3589 3833 3628 cum
3855 3573 4102 3627 didiceris

2527 3685 2722 3747 quanta
2754 3691 2819 3729 ex
2856 3674 3127 3743 diligentia
3173 3671 3305 3724 bona
3359 3675 3684 3722 nascantur:
3715 3665 3857 3720 hunc
3893 3678 4104 3732 semper

2529 3776 2703 3822 tecum
2722 3774 2906 3835 reputa
2930 3765 3181 3818 victorem
3204 3769 3536 3822 coronatum,
3560 3767 3718 3827 atque
3736 3757 3786 3810 in
3804 3755 3992 3826 quovis
4007 3753 4101 3806 do-

2529 3858 2642 3913 lore
2687 3867 2741 3912 et
2767 3856 3062 3912 calamitate
3119 3868 3364 3924 magnam
3409 3850 3630 3905 habebis
3658 3848 4097 3903 consolationem.

2527 3948 2979 4017 Quemadmodum
3005 3947 3145 4001 enim
3174 3946 3225 3998 in
3263 3942 3531 3996 communi
3556 3942 3698 3995 orbis
3728 3939 3936 3992 theatro
3969 3951 4100 3990 con-

2526 4040 2740 4095 Stitutos
2763 4038 2948 4092 beatus
2977 4052 3040 4091 ac
3067 4047 3360 4105 generosus
3381 4031 3490 4096 ille,
3515 4045 3701 4085 omnes
3727 4045 3822 4100 per
3839 4041 4100 4082 aerumnas

2525 4147 2649 4188 suas
2675 4133 2933 4195 hortatur,
2963 4139 3019 4183 ut
3047 4143 3164 4195 qua:
3189 4125 3436 4180 accidunt
3462 4124 3638 4178 omnia
3674 4122 3883 4176 fortiter
3907 4121 4096 4178 ferant,

2524 4237 2700 4292 neque
2719 4219 3108 4275 calamitatibus
3130 4216 3494 4286 ingruentibus
3522 4214 3732 4268 cedant.
3760 4210 3873 4265 Non
3903 4217 3986 4262 est
4014 4206 4097 4258 ul-

2524 4313 2654 4375 lum,
2685 4327 2790 4365 non
2814 4319 2916 4376 est,
2939 4309 3174 4376 inquam,
3204 4306 3364 4359 ullum
3388 4305 3511 4358 mali
3537 4317 3721 4374 genus,
3767 4301 3818 4353 in
3841 4311 3946 4365 quo
3993 4311 4095 4348 non

2523 4403 2791 4473 possimus
2821 4400 2942 4454 inde
2971 4397 3384 4452 consolationem
3413 4394 3659 4450 mutuari.
3677 4391 3878 4445 Omnes
3905 4386 4096 4456 quippe

2525 4495 2576 4548 in
2607 4502 2719 4546 toto
2747 4505 2948 4561 Sparsze
2985 4489 3115 4543 orbe
3150 4503 3400 4543 (erumna:
3451 4489 3502 4542 in
3552 4485 3653 4539 hoc
3701 4494 3862 4533 unum
3903 4492 4096 4546 corpus

2523 4593 2789 4652 congesta:
2816 4589 2958 4636 sunt.
2987 4580 3114 4648 Quae
3140 4581 3294 4651 igitur
3319 4581 3465 4634 venia
3486 4578 3553 4641 ei,
3580 4573 3666 4642 qui
3690 4585 3792 4624 non
3821 4579 3997 4637 potest
4016 4569 4094 4622 vel

2524 4689 2728 4747 parlem
2760 4675 3039 4745 quamdam
3062 4690 3265 4742 eormn,
3296 4690 3414 4744 qua!
3452 4671 3546 4740 ipsi
3571 4664 3762 4720 inﬂicta
3793 4672 3945 4724 sunt,
3975 4677 4092 4715 cum

2523 4769 2810 4839 gratiarum
2837 4769 3043 4821 actione
3069 4766 3227 4831 ferre,
3249 4783 3370 4822 cum
3401 4765 3487 4818 ille
3516 4773 3620 4815 non
3659 4762 3861 4824 partem
3890 4752 4060 4806 SOIIIIII
4081 4792 4096 4816 ,

2525 4859 2617 4914 sed
2644 4859 2890 4912 universa
2917 4859 3184 4912 hominum
3217 4857 3353 4913 mala
3382 4849 3662 4925 pertulisse
3705 4841 3982 4897 videatur?
4027 4844 4099 4895 Ac

2527 4966 2593 5006 ne
2621 4965 2706 5004 me
2737 4958 2792 5003 ut
2817 4949 2972 5003 nimia
2995 4950 3256 5004 dicentem
3276 4948 3517 5006 damnes,
3541 4951 3636 5004 age
3658 4933 3890 5002 singulas
3917 4947 4101 4986 serum-

2528 5060 2623 5100 nas
2647 5053 3047 5114 pertraclantes,
3079 5043 3235 5098 dictis
3266 5039 3421 5093 fidem
3445 5031 3717 5086 faciamus.
3742 5026 3808 5078 Et
3833 5026 3876 5078 si
3900 5026 4096 5114 placet,

2524 5113 2664 5206 quod
2692 5134 2927 5188 omnium
2948 5121 3520 5187 maximeimolerabile
3539 5117 3765 5178 videtur,
3799 5116 3850 5167 in
3871 5113 4098 5167 medium

2525 5201 2882 5290 adducamus,
2915 5232 3298 5294 paupertatem,
3334 5218 3566 5282 inquam,
3607 5217 3662 5262 et
3695 5206 3934 5260 dolorem
3981 5201 4099 5257 inde

2526 5322 2710 5367 uatum
2749 5333 2762 5368 ε
2814 5317 2865 5372 id
2895 5318 3036 5373 enim
3092 5314 3337 5371 homines
3388 5305 3583 5372 ultique
3629 5299 3930 5368 deplorant.
3965 5296 4096 5363 Quid

2526 5422 2653 5476 ergo
2672 5406 2806 5462 Jobo
2829 5409 3110 5479 pauperius
3135 5405 3230 5458 fuit
3273 5441 3287 5464 ,
3314 5395 3400 5466 qui
3423 5394 3580 5449 etiam
3605 5392 3687 5457 iis,
3711 5390 3797 5461 qui
3818 5389 3870 5442 in
3897 5386 4098 5479 balneis

2526 5500 2714 5569 abjecti
2743 5513 2886 5567 sunt,
2918 5503 2998 5555 vel
3031 5502 3080 5554 in
3113 5497 3290 5550 cinere
3319 5485 3511 5542 camini
3539 5485 3753 5547 cubant,
3776 5490 3831 5535 et
3856 5478 4098 5532 omnibus

2529 5608 2744 5662 prorsus
2773 5593 3076 5648 hominibus
3103 5581 3384 5658 pauperior
3420 5577 3571 5633 erat?
3602 5576 3667 5631 Hi
3711 5574 3851 5629 enim
3896 5579 4094 5623 vestem

2526 5660 2710 5739 saltem
2741 5686 2960 5741 scissam
3001 5680 3230 5735 habent,
3271 5673 3359 5726 ille
3404 5686 3529 5725 vero
3558 5669 3727 5722 nudus
3769 5660 4018 5723 sedebat,
4047 5669 4097 5712 et

2526 5780 2664 5850 quod
2695 5781 2866 5836 solum
2911 5793 2939 5830 a
2969 5784 3150 5828 natura
3196 5767 3566 5821 vestimentum
3612 5758 3869 5822 habebat,
3925 5751 4097 5807 carnis
