4446 6686
409 485 516 544 εδδ

411 602 632 671 τρόπον.
666 604 1006 674 Προσῆλθε,
1032 603 1218 672 φησὶν,
1243 603 1274 655 ὁ
1302 601 1458 670 ὄφις,
1488 599 1587 656 καὶ
1626 599 1757 652 εἰπε
1783 594 1856 664 τῇ
1886 616 1988 666 γυ-

411 687 609 738 ναικί·
648 689 710 742 Τί
762 687 851 741 ὅτι
880 684 1049 741 εἶπεν
1076 689 1109 739 ό
1150 685 1313 749 Θεὸς,
1357 685 1438 736 Οὺ
1476 681 1562 751 μὴ
1599 681 1829 750 φάγητε
1873 680 1992 733 ἀπὸ

411 771 644 837 παντὸς
689 773 880 836 ξύλου
927 769 1033 823 τοῦ
1065 769 1137 820 ἐν
1190 764 1270 830 τῷ
1313 767 1690 834 παραδείσῳς
1731 762 1992 816 Ἐνταῦθα

409 851 559 920 ὄφις,
589 855 707 907 ἐκεῖ
739 854 876 924 γυνὴ
910 851 1002 903 ἐπὶ
1037 847 1133 900 τοῦ
1177 847 1325 901 Ἰώϐ·
1351 849 1492 911 τέως
1520 847 1654 901 πολὺ
1696 845 1804 899 τῶν
1853 863 1992 914 συμ-

414 935 624 989 ϐούλων
651 935 712 988 10
741 935 926 1006 μέσον.
971 931 1032 981 Ἰ)
1079 930 1178 1000 μέν
1209 929 1318 1001 γὰρ
1347 929 1554 992 δοῦλος,
1588 928 1701 1000 ἡδὲ
1734 927 1990 988 κοινωνὸς

412 1021 509 1074 τοῦ
545 1020 659 1092 βίου
683 1036 697 1049 ·
721 1020 754 1087 ἠ
804 1015 903 1086 μὲν
935 1012 1161 1083 βοηθὸς,
1193 1014 1222 1065 0
1266 1013 1323 1066 δέ
1356 1013 1709 1070 ὑπετέτακτο.
1748 1009 1901 1075 Εἶδες
1930 1010 1990 1063 τὸ

413 1105 802 1174 ἀσύγγνωστον
852 1099 1011 1163 ὃσονς
1056 1096 1156 1166 τὴν
1189 1096 1284 1166 μὲν
1331 1097 1440 1166 γάρ
1476 1098 1505 1148 ὁ
1554 1096 1990 1166 ὑποτεταγμένος

413 1191 509 1241 καὶ
541 1183 804 1238 δουλεύων
829 1179 1132 1249 ἠπάτησεν,
1167 1181 1374 1232 ἐκεῖνον
1402 1179 1458 1232 δέ
1495 1179 1614 1232 οὑδέ
1658 1182 1690 1250 ὴ
1734 1176 1991 1235 κοινωνὸς

414 1273 511 1324 καὶ
548 1266 738 1338 βοηθὸς
761 1261 1118 1314 ὑποσκελίσαι
1143 1261 1380 1331 ῐσχυσεν.
1419 1263 1558 1316 Ἀλλ’
1587 1263 1785 1332 ἴδωμεν
1813 1260 1907 1311 καὶ
1940 1256 1992 1310 τί

413 1367 580 1422 φησι·
623 1349 684 1403 Τί
735 1346 826 1399 ὅτι
874 1341 1044 1398 εἶπεν
1075 1347 1107 1398 ὀ
1158 1345 1320 1411 Θεὸς,
1367 1349 1448 1400 Οὐ
1478 1346 1562 1416 μὴ
1592 1347 1820 1416 φάγητε
1871 1341 1991 1394 ἀπὸ

411 1433 640 1496 παντὸς
681 1431 909 1494 εὐλου;
966 1429 1077 1481 Καὶ
1127 1429 1234 1500 μὴν
1280 1430 1380 1482 οὑκ
1410 1426 1562 1482 εἶπεν
1596 1431 1625 1481 0
1647 1427 1780 1487 Θεὸς
1811 1423 1988 1486 τοῦτο,

412 1515 548 1570 ἀλλά
578 1512 641 1564 10
659 1511 917 1568 ἐναντίον.
942 1511 1083 1579 Ὀρα
1111 1506 1204 1566 οὖν
1227 1511 1563 1582 κακουργίαν
1590 1509 1684 1562 τοῦ
1709 1506 1956 1559 διαϐόλου
1972 1521 1988 1536 ·

411 1595 536 1652 εἰπε
561 1595 622 1648 10
652 1595 728 1665 μὴ
755 1594 1065 1666 εἰρημένον,
1097 1596 1185 1650 ἵνα
1209 1596 1355 1666 μάθῃ
1380 1596 1442 1648 τὸ
1465 1591 1776 1663 εἰρημένον.
1803 1589 1868 1642 Τί
1897 1585 1991 1642 οὖν

413 1683 448 1751 ὴ
483 1680 618 1749 γυνή
642 1695 656 1742 ;
678 1679 806 1731 Δέον
827 1677 1197 1748 ἐπιστομίσαι.
1215 1678 1334 1730 δέον
1353 1676 1430 1746 μὴ
1452 1672 1776 1745 μεταδοῦναι
1804 1673 1986 1740 λόγου,

413 1765 521 1816 ὑπὸ
551 1762 734 1824 ἀνοίας
765 1761 1052 1832 ἐξελάλησε
1081 1761 1180 1831 τὴν
1213 1759 1439 1830 γνώμην
1471 1759 1571 1828 τὴν
1613 1759 1948 1828 Δεσποτικήν
1973 1775 1986 1788 ο

411 1848 503 1902 διὰ
527 1845 684 1900 τοῦτο
708 1845 982 1916 παρέσχεν
1012 1844 1162 1913 αὑτῷ
1195 1843 1368 1913 λαϐὴν
1395 1842 1640 1911 ἰσχυράν.

483 1931 544 1983 δ’.
570 1930 713 1997 Ὅρα
733 1929 856 1981 ὅσον
877 1928 1044 1980 κακόν
1072 1929 1187 1978 ἐστι
1216 1925 1276 1978 10
1309 1924 1492 1988 ἀπλῶς
1515 1927 1626 1989 τοῖς
1655 1923 1872 1994 ἐχθροῖς
1895 1922 1990 1976 καὶ

411 2017 524 2076 τοῖς
557 2010 860 2072 ἐπιϐούλοις
885 2009 1110 2070 ἐαυτοὺς
1134 2007 1484 2078 ἐγχειρίζειν.
1510 2007 1608 2060 Διά
1632 2007 1788 2059 τοῦτο
1814 2008 1842 2058 0
1865 2007 1990 2075 Χρι-

413 2097 538 2158 στὸς
568 2094 718 2160 ἔλεγε
735 2109 748 2120 ·
769 2095 826 2144 Μ
833 2091 867 2157 ἡ
893 2090 1030 2142 δότε
1052 2091 1123 2143 τὰ
1152 2091 1288 2158 ἅγια
1310 2089 1433 2154 τοῖς
1449 2090 1616 2152 κυσὶ,
1640 2087 1796 2156 μηδὲ
1806 2088 1990 2153 ῥίψῃ-

412 2195 478 2232 τε
498 2176 638 2241 τοὺς
657 2174 1022 2243 μαργαρίτας
1050 2171 1216 2240 ὑμῶν
1240 2173 1581 2240 ἔμπροσθεν
1611 2169 1730 2222 τῶν
1751 2169 1988 2236 χοίρων,

408 2259 640 2330 μήποτε
681 2259 1050 2330 στραφέντες
1071 2254 1345 2322 ῥήξωσιν
1375 2252 1550 2322 ὑμᾶς.
1587 2251 1756 2302 Τοῦτο
1790 2249 1846 2300 δέ
1868 2249 1992 2316 ἐγέ-

413 2327 535 2396 νετο
561 2342 654 2394 ἐπὶ
685 2339 785 2408 τῆς
809 2327 953 2400 ιξὺας
975 2353 990 2369 ·
1035 2337 1201 2389 ἔδωκε
1233 2337 1300 2389 τὰ
1332 2336 1463 2402 ἀγια
1486 2333 1564 2402 τῷ
1597 2333 1741 2394 κυνὶ,
1766 2331 1843 2400 τῷ
1881 2330 1994 2400 χοί-

417 2442 527 2498 ρῳ·
573 2423 954 2490 κατεπάτησεν
985 2422 1191 2482 ἐκεῖνος
1221 2418 1291 2470 τὰ
1334 2419 1576 2487 ῥήματα,
1611 2416 1871 2484 στραφεὶς
1899 2416 1992 2486 ἐρ-

414 2509 546 2578 ρηξε
572 2507 669 2576 τὴν
692 2507 944 2572 γυναῖκα.
988 2503 1096 2554 Καὶ
1118 2502 1220 2572 ὅρα
1251 2499 1366 2561 πῶς
1397 2501 1726 2568 κακουργεῖ·
1780 2501 1861 2552 Οὐ
1893 2504 1993 2554 0a..

412 2591 572 2655 νάτῳ
595 2586 1014 2646 ἀποθανεῖσθε,
1042 2583 1175 2652 φησί
1195 2613 1226 2634 ι.
1258 2579 1525 2634 Ἐνταῦοά
1552 2595 1644 2647 μοι
1672 2581 1989 2650 προσέχετε,

411 2673 494 2724 ὃτι
521 2668 718 2738 δυνατὴ
744 2663 812 2736 ἦν
835 2669 868 2736 ὴ
894 2666 1032 2734 γυνὴ
1066 2678 1089 2704 δ
1115 2663 1344 2715 συνιδεῖν
1374 2663 1473 2733 τὴν
1506 2664 1742 2732 ἀπάτην.
1774 2665 1993 2726 Εὐθέως

412 2756 523 2824 γάρ
548 2752 646 2820 τὴν
673 2749 872 2819 ἔχθραν
907 2749 1003 2800 καὶ
1052 2746 1144 2799 τὸν
1189 2745 1422 2815 πόλεμον
1479 2747 1852 2818 προεκήρυττε
1901 2745 1992 2797 τὸν

413 2836 552 2905 πρὸς
571 2834 662 2885 τὸν
683 2832 836 2896 Θεὸν,
863 2829 1062 2890 εὐθέως
1087 2828 1418 2890 ἀπεναντίας
1447 2827 1764 2896 ἐφθέγξατο.
1789 2827 1989 2879 Ἔστω·

413 2919 522 2990 πρὸ
550 2916 740 2970 τούτου
775 2912 1087 2984 βουλομένῳ
1135 2911 1324 2980 μαθεῖν
1365 2911 1463 2982 τὴν
1500 2911 1725 2980 γνώμην
1766 2911 1952 2990 ἔλεγες
1975 2925 1990 2940 .

417 2989 558 3070 μετά
582 2998 756 3052 ταῦτα
790 2995 1009 3050 ἐναντία
1041 2995 1249 3046 εἰπόντι
1272 2994 1324 3046 τί
1371 2994 1723 3062 ἠκολούθεις;
1764 2989 1931 3046 Εἶπεν
1965 2995 1994 3046 0

412 3085 568 3147 θεός·
603 3079 846 3146 Θανάτῳ
865 3077 1266 3132 ἀποθανεῖσθε
1287 3094 1301 3108 ·
1350 3078 1750 3144 ἀντεφθέγξατο
1784 3078 1995 3140 τούτοις

413 3170 640 3227 ἐκεῖνος,
671 3164 766 3216 καὶ
796 3158 949 3214 εἶπεν
969 3176 982 3191 ο
1004 3162 1084 3212 Οὺ
1121 3159 1350 3224 θανάτῳ
1373 3158 1790 3211 ἀποθανεῖσθε.
1816 3160 1879 3210 Τί
1902 3159 1993 3212 τοῦ

414 3249 652 3317 πολέμου
677 3245 871 3298 τούτου
904 3243 1277 3312 σαφέστερονς
1307 3240 1470 3292 πόθεν
1491 3240 1717 3292 ἄλλοθεν
1751 3241 1858 3293 ἔδει
1889 3259 1988 3312 μα-

415 3332 526 3383 θεῖν
547 3330 641 3382 τὸν
678 3327 871 3398 ἐχθρὸν
901 3327 992 3379 καὶ
1027 3327 1303 3394 πολέμιον,
1331 3323 1498 3393 ἀλλ’ἢ
1533 3323 1782 3376 ἐντεῦθεν
1814 3325 1878 3376 ἐκ
1901 3325 1994 3377 106

411 3409 869 3479 ἀντιφθέγξασθαι
897 3408 976 3477 τῷ
1006 3407 1162 3475 θεῷς
1193 3407 1341 3459 ’Ὶιδει
1362 3406 1542 3456 τοίνυν
1578 3409 1770 3473 φυγεῖν
1794 3406 1994 3470 εὐθέως

410 3497 701 3564 τὸδέλεαρ,
724 3494 830 3545 ἔδει
863 3492 963 3558 τῆς
989 3490 1212 3556 παγίδος
1239 3489 1614 3558 ἀποπηδῆσαι.
1641 3491 1721 3542 Οὐ
1761 3490 1996 3556 θανάτῳ

411 3576 829 3636 ἀποθανεῖσθε,
851 3572 1032 3642 φησίν·
1059 3572 1129 3639 ᾖε
1131 3588 1179 3622 ει
1200 3571 1306 3640 γὰρ
1324 3575 1356 3624 ό
1379 3571 1543 3636 Θεὸς,
1560 3570 1644 3624 ὅτι
1662 3566 1700 3642 ᾗ
1716 3571 1793 3625 ἂν
1809 3572 1997 3641 ἡμέρᾳ

412 3661 659 3729 φάγητε,
687 3653 1210 3723 διανοιχθήσονται
1256 3651 1420 3718 ὑμῶν
1443 3657 1497 3706 οί
1532 3655 1850 3723 ὀφθαλμοὶ,
1896 3655 1997 3708 καί

411 3745 632 3796 ἔσεσθε
677 3740 757 3805 ὠς
805 3738 949 3792 θεοί.
995 3735 1198 3788 Ἐλπίδι
1242 3735 1487 3805 μείζονος
1527 3737 1871 3805 ὑποσχέσεως
1901 3740 1995 3789 καὶ

413 3828 481 3878 τὰ
519 3827 576 3876 ἐν
603 3822 786 3892 χερσὶν
822 3819 1072 3885 ἐξέϐαλεν
1106 3818 1319 3885 ἀγαθά·
1355 3817 1720 3886 ἐπηγγείλατο
1748 3820 1996 3888 ποιήσειν

416 3909 593 3969 θεοὺς,
621 3907 714 3957 καὶ
738 3902 1037 3956 κατέϐαλεν
1068 3903 1146 3964 εἰς
1182 3902 1280 3968 τὴν
1306 3900 1399 3952 τοῦ
1423 3900 1653 3952 θανάτου
1683 3901 1991 3971 τυραννίδα.

418 3988 588 4044 Πόθεν
622 3981 714 4039 οὖν
747 3985 1092 4046 ἐπίστευσας,
1119 3978 1362 4050 ὼγύναι,
1387 3982 1466 4052 τῷ
1492 3981 1722 4052 διαϐόλῳ
1748 4001 1762 4047 ;
1796 3984 1848 4034 τί
1873 4001 1996 4036 συν-

415 4074 553 4133 εἶδες
582 4069 819 4137 ἀγαθόν;
849 4068 949 4120 οὑκ
976 4069 1135 4137 ἢρκει
1159 4068 1192 4136 ἡ
1224 4065 1532 4130 ἀξιοπιστία
1554 4065 1647 4117 τοῦ
1680 4066 1992 4136 νομοθέτου,

415 4157 498 4208 ότι
527 4156 554 4206 0
584 4153 678 4222 μὲν
708 4152 840 4214 Θεὸς
867 4151 960 4204 καὶ
986 4149 1319 4219 δημιουργὸς
1346 4149 1441 4200 καὶ
1471 4148 1718 4218 ποιητὴς,
1742 4151 1769 4202 0
1797 4149 1854 4202 δὲ
1881 4149 1995 4203 διά-

416 4238 572 4300 ϐολος
611 4235 704 4289 καὶ
753 4233 981 4304 ἐχθρός;
1024 4235 1133 4286 Καὶ
1165 4230 1320 4284 οὔπω
1355 4230 1500 4298 λέγω
1544 4231 1823 4283 διάϐολον·
1870 4231 1995 4300 ὅφιν

415 4319 582 4373 αὑτὸν
602 4317 845 4387 ἐνόμιζες
874 4313 1014 4368 εἶναι
1037 4315 1223 4384 ψιλόν·
1257 4314 1381 4381 ὅφιν
1411 4311 1524 4377 οὖν,
1557 4315 1678 4367 εἰπέ
1714 4331 1836 4385 μοι,
1869 4331 1996 4367 τοσ-

416 4404 590 4472 αύτης
622 4400 904 4471 ἰσηγορίας
932 4397 1167 4464 ἀξιῶσαι
1197 4398 1387 4466 ἐχρῆν,
1420 4397 1496 4459 ώς
1539 4399 1634 4450 καὶ
1658 4398 1993 4466 Δεσποτικὴν

416 4486 640 4555 γνώμην
668 4482 982 4551 ἐξαγγεῖλαι
1011 4479 1195 4549 αὑτῷς
1239 4480 1399 4550 Ὁρᾷς
1425 4480 1506 4531 ὃτι
1530 4479 1754 4533 δυνατὸν
1778 4474 1845 4549 ἦν
1870 4496 1994 4530 συν-

419 4571 549 4622 ιδεῖν
587 4567 684 4638 τὴν
711 4566 950 4635 ἀπάτην,
987 4562 1100 4616 ἀλλ’
1129 4562 1230 4614 οὑκ
1263 4561 1529 4630 ἠθέλησεν
1562 4562 1721 4632 αὕτη.
1752 4563 1943 4614 Καίτοι
1967 4565 1996 4614 0

421 4653 518 4723 μὲν
556 4651 687 4713 Θεὸς
716 4649 907 4710 ἱκανάς
947 4647 1114 4699 ἔδωκε
1143 4644 1244 4714 τῆς
1282 4643 1602 4715 εὐεργεσίας
1653 4646 1751 4716 τῆς
1797 4645 1994 4697 ἐαυτοῦ

416 4737 516 4798 τάς
543 4731 868 4797 ἀποδείξεις,
903 4730 997 4783 καί
1037 4727 1125 4780 διὰ
1163 4727 1272 4778 τῶν
1302 4726 1480 4798 ἔργων
1525 4728 1623 4798 τὴν
1674 4728 1996 4798 κηδεμονίαν

417 4817 754 4882 ἐπεδείξατο·
787 4815 885 4866 καὶ
913 4812 1020 4880 γὰρ
1052 4809 1152 4860 οὑκ
1181 4809 1310 4861 ὄντα
1333 4811 1424 4861 10v
1452 4811 1736 4879 ἄνθρωπον
1768 4811 1992 4875 ἔπλασε,

419 4901 513 4951 καὶ
539 4897 715 4966 ψυχὴν
735 4895 1046 4956 ἐνέπνευσε,
1070 4891 1165 4944 καὶ
1181 4894 1300 4945 κατ’
1317 4893 1503 4946 εἰκόνα
1526 4894 1687 4947 αὑτὸν
1719 4895 1991 4963 ἐποίησεν,

419 4983 654 5050 ἄρχοντα
681 4976 787 5030 τῶν
815 4977 908 5028 ἐπὶ
934 4975 1036 5045 γῆς
1069 4977 1301 5045 ποιήσας
1341 4977 1624 5039 ἁπάντων,
1662 4978 1755 5028 καὶ
1801 4977 1996 5048 βοηθὸν

419 5061 732 5132 ἐχαρίσατο,
768 5060 864 5112 καὶ
893 5058 1218 5128 παράδεισον
1246 5061 1531 5128 ἐφύτευσε,
1564 5061 1654 5112 καὶ
1675 5061 1772 5131 τὴν
1803 5063 1996 5134 χρῆσιν

417 5145 524 5199 τῶν
553 5143 755 5196 λοιπῶν
788 5142 1086 5214 ἐπιτρέψας
1110 5143 1363 5215 δένδρων,
1387 5147 1503 5208 ἐνὸς
1537 5146 1882 5216 ἀπηγόρευσε
1920 5151 1996 5219 μὴ

420 5227 658 5299 εψασθαι
683 5226 833 5298 [9.73]
868 5227 1064 5297 μόνου·
1113 5228 1205 5281 καὶ
1245 5229 1405 5282 τοῦτο
1432 5228 1489 5280 δέ
1535 5229 1668 5281 αὑτὸ
1708 5230 1997 5301 χρησίμως

418 5311 712 5364 ἐκώλυσεν.
749 5309 806 5361 Ὀ
836 5310 891 5361 δέ
917 5309 1163 5374 διάϐολος
1188 5311 1334 5382 ἔργῳ
1353 5311 1452 5381 μὲν
1473 5310 1596 5363 οὔτε
1627 5314 1844 5382 μικρὸν,
1871 5315 1996 5368 οὔτε

421 5395 566 5466 μέγα
616 5392 926 5457 ἐπεδείξατο
955 5397 1182 5462 ἀγαθὸν,
1215 5399 1424 5468 ῥήμασι
1453 5397 1509 5448 δέ
1558 5394 1732 5464 ψιλοῖς
1784 5399 1998 5469 ἐπάρας

419 5481 517 5550 τὴν
547 5481 794 5547 γυναῖκα,
837 5477 930 5530 καὶ⁸
981 5481 1232 5549 φυσήσας
1287 5483 1406 5543 ταῖς
1452 5480 1708 5550 ματαίαις
1764 5481 1996 5547 ἐλπίσιν,

420 5563 593 5627 οὑτως
623 5562 924 5632 ἠπάτησεν.
967 5560 1108 5614 Ἀλλ’
1139 5565 1285 5634 ὅμως
1317 5564 1408 5618 τοῦ
1443 5565 1576 5618 Θεοῦ
1620 5564 1710 5616 10v
1751 5565 1999 5621 διάϐολον

419 5645 860 5718 ἀξιοπιστότερον
884 5637 1022 5697 εἶναι
1050 5645 1289 5716 ἐνόμισε,
1317 5649 1508 5718 ,καίτοι
1546 5649 1633 5703 διά
1667 5649 1772 5705 τῶν
1819 5650 1998 5721 ἔργων

482 5897 501 5922 ⁸
527 5899 652 5963 Reg.
673 5902 746 5950 ὅτι
771 5904 965 5952 δυνατὸν
983 5902 1040 5962 ἣν
1060 5908 1115 5964 11}
1138 5907 1335 5963 γυναικί.

1396 482 1484 536 DE
1521 479 1820 536 DIABOLO
1861 475 2306 534 TENTATORE.
2347 477 2580 536 llOMIL.
2621 483 2711 538 ΙΙΙ.

3557 491 3671 548 e10

2096 597 2510 668 ἐπιδειξαμένου
2543 601 2642 670 τὴν
2671 601 2902 656 εὑνοιαν⁶
2961 602 3030 657 τά
3070 604 3294 676 ῥήματα
3336 603 3468 674 ψιλά
3498 621 3670 674 προσ.

2095 681 2374 747 ενεγκόντι
2399 683 2536 752 μόνα
2557 724 2572 747 ,
2612 686 2746 739 ἀλλο
2774 685 2830 738 δὲ
2859 687 3033 749 οὐδὲν,
3069 689 3389 742 ἐπίστευσεν
3425 691 3460 760 ἡ
3511 693 3670 762 γυνή.

2105 762 2270 832 Ὀρᾷς
2289 763 2437 827 ὅπως
2462 764 2520 830 ἐξ
2547 766 2732 832 ἀνοίας
2764 769 2933 838 μόνης
2969 771 3063 822 καὶ
3087 771 3361 842 ῥᾳθυμίας
3379 811 3394 836 ,
3434 773 3534 824 οὑκ
3565 773 3674 827 ἀπὸ

2096 842 2268 914 βίαςὴ
2305 845 2487 918 ἀπάτη
2512 847 2703 915 γέγονε
2728 868 2742 915 ;
2776 853 2886 904 Καὶ
2919 853 3006 904 ἵνα
3032 853 3209 926 μάθῃς
3239 854 3371 908 αὑτὸ
3406 854 3672 922 σαφέστε-

2097 942 2210 996 ρον,
2239 927 2495 1010 ἀκουσον,
2529 930 2646 1010 πῶς
2676 934 2771 985 καὶ⁵
2818 935 2851 1005 ἠ
2887 935 3076 1006 Γραφὴ
3111 941 3410 1010 κατηγορεῖ
3454 939 3554 1009 τῆς
3585 956 3673 1007 γυο

2093 1009 2299 1074 ναικός.
2330 1013 2404 1065 Οὑ
2435 1013 2544 1081 γὰρ
2571 1009 2746 1079 εἶπεν,
2785 1016 3171 1088 Ἀπατηθεῖσα,
3197 1009 3334 1083 ἀλλ’,
3383 1020 3587 1075 Ἰδοῢσα
3613 1021 3676 1074 10

2095 1090 2270 1157 ξύλον,
2304 1094 2386 1146 ὅτι
2425 1094 2628 1164 ώραῖόν
2676 1098 2846 1162 ἐστιν,
2893 1099 3115 1166 ἔφαγεν.
3155 1100 3318 1154 Ὥστε
3366 1104 3464 1172 τῆς
3496 1105 3672 1172 ὅψεως

2093 1179 2192 1246 τῆς
2220 1177 2492 1246 ἀκρατοῦς
2524 1178 2586 1230 10
2613 1178 2886 1248 ἔγκλημα,
2921 1183 2982 1234 οὑ
3009 1184 3111 1252 τῆς
3139 1184 3354 1255 ἀπάτης
3386 1187 3484 1256 τῆς
3521 1189 3672 1256 παρὰ

2091 1258 2186 1312 τοῦ
2216 1258 2462 1312 διαϐόλου
2493 1261 2662 1330 μόνης
2687 1279 2699 1291 ·
2735 1263 2840 1315 ὑπὸ
2867 1264 2976 1334 γὰρ
3004 1265 3102 1334 τῆς
3142 1267 3436 1336 ἐπιθυμίας
3464 1269 3669 1339 ἡττήθη

2090 1342 2192 1411 τῆς
2224 1343 2452 1407 οἰκείας,
2486 1345 2584 1414 οὑχ
2612 1345 2716 1398 ὑπὸ
2744 1347 2842 1416 τῆς
2866 1346 3130 1416 πονηρίας
3161 1347 3256 1400 τοῦ
3277 1347 3546 1418 δαίμονος.
3574 1352 3670 1402 Διὰ

2091 1424 2250 1477 τοῦτο
2275 1425 2395 1477 οὑδέ
2431 1426 2760 1497 συγγνώμης
2787 1428 3126 1498 ἀπήλαυσεν,
3162 1429 3276 1482 ἀλλ’
3309 1430 3557 1493 εἰποῦσα,
3589 1433 3670 1484 δτι

2104 1507 2159 1558 ’0
2199 1507 2334 1574 ὄφις
2373 1507 2652 1575 ἠπάτησέ
2706 1527 2802 1579 με,
2838 1512 2933 1564 καὶ
2989 1511 3131 1564 οὕτω
3186 1511 3343 1582 δίκην
3366 1511 3530 1566 ἔδωκε
3573 1513 3671 1584 τὴν

2095 1591 2328 1660 ἐσχάτην
2349 1607 2361 1619 ·
2391 1593 2448 1642 ἐν
2477 1591 2612 1661 αὑτῇ
2647 1595 2753 1663 γὰρ
2779 1589 2846 1664 ἦν
2871 1595 2932 1647 τὸ
2969 1596 3044 1665 μὴ
3070 1599 3278 1649 πεσεῖν.
3314 1597 3425 1650 Καὶ
3458 1597 3543 1649 ἵνα
3565 1597 3670 1666 μά-

2095 1671 2193 1743 θῃς
2222 1672 2381 1724 τοῦτο
2405 1673 2760 1743 σαφέστερον,
2803 1676 2934 1744 φέρε
2957 1678 3050 1729 ἐπὶ
3091 1678 3182 1730 τὸν
3229 1679 3347 1731 Ἰὼϐ
3385 1680 3476 1732 10v
3515 1678 3670 1747 λόγον

2090 1755 2412 1824 ἀγάγωμεν,
2437 1755 2544 1808 ἀπὸ
2568 1757 2674 1808 τῶν
2698 1758 3038 1827 ἡττηθέντων
3065 1762 3160 1813 ἐπὶ
3187 1763 3274 1814 τὸν
3298 1765 3666 1833 κρατήσαντα.

2092 1838 2200 1892 ἀπὸ
2229 1837 2338 1890 τῶν
2365 1839 2731 1907 νενικημένων
2769 1842 2864 1893 ἐπὶ
2903 1841 2994 1893 10v
3027 1843 3349 1912 νενικηκότα
3371 1862 3384 1874 ·
3431 1845 3526 1896 καὶ
3563 1844 3671 1913 γὰρ

2091 1922 2315 1974 πλείονα
2360 1922 2492 1991 ἡμῖν
2525 1914 2678 1984 οὗτος
2705 1921 2864 1974 δώσει
2898 1923 3227 1995 προθυμίαν,
3270 1925 3411 1978 ὥστε
3444 1926 3672 1996 ἀντάραι

2092 2008 2282 2072 χεῖρας
2314 2003 2454 2057 κατά
2492 2002 2586 2055 106
2619 2002 2885 2057 διαϐόλου.
2927 2008 3073 2059 Ἐκεῖ
3102 2008 3222 2074 ὄφις
3261 2003 3328 2077 ἦν
3351 2009 3380 2058 0
3419 2008 3667 2068 ἀπατῶν,

2094 2087 2188 2136 καὶ
2208 2087 2506 2155 ἐκράτησεν
2523 2102 2536 2115 ·
2562 2085 2798 2139 ἐνταῦθα
2819 2088 2977 2157 γυνὴ.
3003 2090 3092 2141 καὶ
3113 2091 3211 2142 οὑκ
3238 2090 3422 2158 ἴσχυσε
3445 2105 3459 2119 ·
3492 2090 3670 2142 καίτοι

2095 2182 2158 2233 γε
2183 2167 2321 2236 αὕτη
2351 2168 2529 2237 πολλῷ
2551 2169 2896 2238 πιθανωτέρα
2917 2171 3150 2224 ἐκείνου.
3182 2172 3292 2222 Καὶ
3311 2172 3390 2240 τῷ
3427 2173 3524 2242 μὲν
3551 2171 3670 2223 Ἰὼϐ

2100 2248 2238 2316 μετά
2265 2249 2362 2319 τὴν
2393 2249 2665 2302 ἀπώλειαν
2702 2251 2812 2303 τῶν
2836 2252 3155 2321 χρημάτων,
3191 2253 3329 2321 μετὰ
3355 2254 3451 2322 τὴν
3483 2254 3674 2306 01:060-

2097 2332 2192 2401 λὴν
2213 2332 2321 2384 τῶν
2360 2331 2566 2384 παίδων
2598 2334 2691 2384 καὶ
2720 2335 2816 2402 τὴν
2842 2334 3120 2403 γύμνωσιν
3158 2335 3266 2388 τῶν
3305 2337 3474 2388 ὄντων
3501 2336 3674 2389 άπάνο

2093 2433 2202 2469 των
2228 2417 2260 2485 ἡ
2305 2415 2521 2485 μηχανὴ
2549 2417 2854 2487 προσήγετο
2876 2435 2889 2448 ·
2913 2418 3103 2470 ἐκεῖδέ
3134 2420 3285 2472 οὑδέν
3313 2421 3549 2474 τοιοῦτον
3579 2415 3666 2491 ἦν·

2093 2500 2191 2550 ούκ
2221 2497 2458 2550 ἀπέϐαλε
2483 2498 2698 2561 παῖδας,
2731 2499 2830 2551 οὑκ
2853 2498 3100 2552 ἀπώλεσε
3135 2503 3394 2570 χρήματα
3421 2503 3448 2552 0
3479 2502 3670 2572 Ἀδὰμ,

2093 2582 2191 2634 ούκ
2222 2581 2314 2632 ἐπὶ
2341 2582 2570 2651 κοπρίας
2598 2581 2850 2650 ἐκάθητο,
2875 2581 3010 2634 ἀλλά
3038 2582 3364 2652 παράδεισον
3393 2583 3524 2652 ᾤκει
3547 2601 3673 2653 τρυ-

2095 2663 2224 2732 φῆς,
2275 2663 2368 2714 καὶ
2399 2663 2628 2732 δένδρων
2677 2665 2922 2732 ἀπήλαυε
2972 2663 3327 2717 παντοδαπῶν
3365 2667 3460 2717 καὶ
3493 2665 3676 2736 πηγῆς

2097 2747 2190 2797 καὶ
2214 2745 2470 2813 ποταμῶν
2505 2747 2597 2797 καὶ
2627 2748 2724 2814 τῆς
2747 2747 2912 2816 ἄλλης
2941 2748 3122 2810 ἀδείας
3145 2748 3382 2817 ἀπάσης.
3419 2748 3673 2818 Οὑδαμοῦ

2097 2828 2260 2888 πόνος
2283 2827 2402 2878 οὐδὲ
2433 2827 2611 2896 ὀδύνη.
2649 2828 2770 2880 ούδέ
2817 2829 3024 2895 ἀθυμία
3065 2829 3158 2882 καὶ
3193 2829 3504 2900 φροντίδες,
3553 2831 3677 2882 ούδέ

2097 2910 2270 2979 ὀνείδη
2303 2911 2394 2961 καὶ
2416 2909 2690 2981 λοιδορίαι,
2723 2911 2841 2962 οὐδὲ
2875 2911 2941 2962 τὰ
2978 2911 3147 2982 μυρία
3171 2912 3336 2974 κακὰ,
3367 2911 3513 2980 ἅπερ
3543 2929 3675 2964 κατι·

2097 2991 2335 3060 έσκηψεν
2365 2994 2443 3054 εἰς
2466 2992 2554 3044 τὸν
2598 2993 2715 3044 Ἰώϐ
2741 3010 2752 3021 ·
2780 2992 2893 3044 ἀλλ’
2927 2994 3076 3061 ὅμως
3117 2993 3328 3055 οὑδενδς
3367 2993 3520 3056 ὄντος
3565 3011 3675 3047 τοι-

2097 3074 2276 3137 ούτου,
2299 3075 2564 3127 κατέπεσε
2592 3077 2688 3128 καὶ
2716 3075 3105 3143 ὑπεσκελίσθη.
3151 3074 3268 3130 Οὑκ
3310 3075 3550 3147 εὔδηλον,
3590 3079 3674 3132 ὅτι

2097 3155 2186 3209 διὰ
2236 3156 2548 3228 ρᾳθυμίανς
2599 3157 2808 3227 ’Ὠσπερ
2843 3153 2934 3210 οὖν
2985 3160 3192 3221 ἐκεῖνος
3221 3159 3439 3212 πάντων
3472 3161 3676 3213 τούτων

2097 3242 2457 3306 ἐπικειμένων
2487 3239 2580 3292 καὶ
2634 3239 2942 3310 βαρούντων
2997 3241 3127 3310 ἔστη
3161 3241 3443 3308 γενναίως,
3474 3245 3567 3296 καὶ
3611 3244 3672 3296 οὑ

2098 3324 2418 3389 κατέπεσεν,
2435 3324 2534 3375 οὑκ
2555 3322 2775 3392 εὑδηλον
2791 3324 2869 3375 ὅτι
2892 3325 2984 3375 καὶ
3005 3317 3158 3385 οὗτος
3174 3323 3262 3376 διὰ
3282 3325 3441 3394 νῆψιν
3461 3325 3672 3396 ψυχῆςς

2199 3413 2260 3460 ε’.
2293 3403 2660 3473 Ἐκατέρωθεν
2673 3401 2784 3468 οὖν,
2805 3405 3072 3477 ἀγαπητέ,
3092 3407 3382 3478 κάρπωσαι
3416 3409 3674 3477 μέγιστον

2101 3489 2308 3561 κέρδος,
2347 3489 2441 3540 καὶ⁴
2469 3487 2607 3556 φύγε
2656 3487 2747 3538 τὸν
2790 3487 2882 3539 τοῦ
2930 3488 3099 3557 Ἀδὰμ
3152 3487 3335 3557 ζῆλον,
3387 3489 3542 3554 εἰδὼς
3571 3491 3674 3543 ὅσα

2099 3571 2208 3626 ἀπὸ
2229 3571 2324 3640 τῆς
2356 3569 2624 3641 ῥᾳθυμίας
2653 3570 2892 3622 τίκτεται
2910 3571 3086 3623 κακά·
3109 3569 3425 3642 ζήλωσονδέ
3453 3573 3550 3642 τὴν
3576 3572 3672 3625 τοῦ

2111 3654 2229 3706 Ἰὼϐ
2253 3653 2556 3716 εὐλάϐειαν,
2586 3648 2772 3722 μαθὼν
2802 3655 2901 3706 ὅσα
2926 3654 3032 3706 ἀπὸ
3062 3655 3160 3724 τῆς
3187 3655 3422 3724 σπουδῆς
3441 3654 3673 3724 βλαστά-

2097 3754 2176 3789 νει
2203 3735 2368 3788 καλά·
2402 3735 2590 3788 τοῦτον
2618 3735 2909 3798 διαπαντὸς
2942 3736 3157 3802 λογίζου
3191 3736 3284 3788 10v
3327 3739 3674 3808 στεφανίτην,

2099 3821 2192 3872 καὶ
2215 3820 2391 3886 πάσης
2411 3817 2602 3887 ὀδύνης
2624 3819 2718 3870 καὶ
2739 3820 3110 3888 περιστάσεως
3130 3819 3318 3888 ἱκανὴν
3337 3820 3478 3885 ἕξεις
3503 3837 3674 3886 παρα-

2099 3903 2316 3972 μυθίαν.
2335 3901 2600 3971 Καθάπερ
2613 3901 2720 3972 γὰρ
2737 3902 2792 3953 ἐν
2813 3901 2974 3970 κοινῴ
2997 3901 3208 3973 θεάτρῳ
3227 3903 3328 3971 τῆς
3352 3905 3675 3974 οἰκουμένης

2099 3985 2270 4048 ἐστὼς
2295 3987 2323 4038 0
2343 3985 2608 4056 μακάριος
2636 3986 2730 4037 καὶ
2751 3989 2996 4053 γενναῖος
3018 3987 3244 4050 ἐκεῖνος,
3263 3987 3434 4039 ἅπασι
3463 3987 3550 4040 διὰ
3570 3990 3678 4042 τῶν

2101 4069 2524 4139 συμϐεϐηκότων
2557 4067 2706 4136 αὑτῴ
2733 4067 2922 4122 παθῶν
2952 4068 3255 4136 διαλέγεται
3288 4070 3463 4123 πάντα
3493 4071 3677 4140 φέρειν

2097 4151 2167 4204 τά
2198 4152 2578 4221 συμπίπτοντα
2605 4151 2886 4218 γενναίως,
2921 4153 3014 4202 καὶ
3050 4152 3185 4221 πρὸς
3218 4152 3384 4221 μηδὲν
3419 4153 3677 4206 ἐνδιδόναι

2095 4235 2203 4288 τῶν
2225 4237 2486 4288 ἐπιόντων
2515 4234 2722 4287 δεινῶν.
2754 4235 2828 4286 Οὑ
2856 4234 2962 4303 γάρ
2992 4234 3158 4297 ἔστιν,
3209 4235 3310 4288 οὑκ
3344 4235 3488 4288 ἔστιν
3525 4235 3678 4290 οὐδὲν

2096 4319 2436 4390 ἀνθρώπινον
2458 4317 2647 4381 πάθος.
2670 4317 2698 4369 ὃ
2725 4317 2799 4388 μὴ
2827 4317 3048 4371 δύναται
3081 4319 3436 4390 παραμυθίαν
3466 4319 3677 4374 ἐκεῖθεν

2096 4403 2380 4467 δέξασθαι·
2412 4400 2448 4454 ἀ
2479 4400 2587 4470 γὰρ
2620 4401 2677 4452 ἐν
2710 4401 2859 4472 πάσῃ
2914 4403 2980 4470 τῇ
3025 4402 3316 4474 οἰκουμένῃ
3357 4403 3680 4476 διέσπαρται

2099 4485 2269 4555 πάθη,
2293 4483 2464 4537 ταῦτα
2490 4483 2626 4553 όμοῦ
2655 4483 2976 4536 συνελθόντα
2995 4487 3075 4547 εἰς
3100 4485 3158 4538 ἓν
3180 4485 3336 4555 σῶμα
3365 4486 3677 4558 κατέσκηψε

2095 4571 2156 4623 10
2182 4571 2411 4622 ἐκείνου.
2445 4569 2541 4630 Τίς
2562 4565 2654 4620 οὖν
2676 4567 2827 4619 ἔσται
2858 4568 3152 4638 συγγνώμη
3181 4569 3257 4638 τῷ
3285 4570 3362 4640 μὴ
3397 4572 3679 4643 δυναμένῳ

2098 4673 2149 4707 τι
2182 4655 2344 4725 μέρος
2364 4653 2474 4705 τῶν
2502 4651 2848 4720 ἐπαχθέντων
2877 4652 3068 4722 ἐκείνῳ
3091 4651 3280 4705 δεινῶν
3309 4656 3426 4724 μετ’
3455 4657 3677 4727 εὐχαρι-

2101 4739 2254 4801 στίας
2281 4735 2433 4809 [274]
2456 4737 2718 4803 ἐνεγκεῖν,
2742 4736 2800 4798 ὃς
2826 4736 2901 4806 μὴ
2936 4736 3100 4806 μέρος
3131 4738 3312 4807 μόνον,
3330 4737 3680 4808 ἀλλ’όλόκλη-

2101 4841 2170 4894 ρα
2197 4823 2445 4890 φαίνεται
2473 4821 2539 4873 τὰ
2573 4820 2788 4872 πάντων
2815 4819 3118 4889 ἀνθρώπων
3150 4822 3332 4894 φέρων
3360 4822 3536 4883 κακάς
3573 4824 3680 4876 Καὶ

2101 4909 2186 4959 ἵνα
2214 4906 2288 4976 μὴ
2309 4904 2594 4972 καταγνῴς
2614 4902 2918 4972 ὑπερϐολὴν
2935 4903 3029 4956 τοῦ
3051 4904 3232 4970 λόγου,
3251 4904 3380 4974 φέρε
3407 4905 3530 4957 καθ’
3559 4906 3682 4959 ἔκα-

2104 5005 2227 5042 στον
2285 4986 2762 5058 προχειρισάμενοι
2819 4985 2928 5038 τῶν
2976 4985 3309 5038 ἐπελθόντων
3353 4986 3522 5057 αὑτῷ,
3580 4988 3680 5058 τὴν

2101 5073 2393 5142 ὑπόσχεσιν
2425 5071 2630 5140 ταύτην
2655 5070 2967 5138 ἐπάγωμεν.
2996 5070 3124 5132 Καὶ,
3159 5072 3208 5123 εἰ
3231 5070 3428 5140 βούλει.
3460 5073 3521 5125 10
3547 5074 3681 5126 πάν-

2099 5173 2208 5208 των
2239 5153 2644 5226 ἀφορητότερον
2675 5147 2816 5205 εἶναι
2857 5151 3071 5216 δοκοῦν,
3114 5152 3329 5222 πρῶτον
3382 5157 3462 5217 εἰς
3515 5158 3680 5226 μέσον

2101 5239 2418 5307 ἀγάγωμεν,
2453 5235 2552 5306 τὴν
2581 5234 2770 5288 πενίαν
2799 5234 2960 5302 λέγω,
2999 5235 3095 5288 καί⁵
3119 5237 3217 5306 τὴν
3249 5237 3312 5289 ἐκ
3336 5236 3534 5306 ταύτης
3563 5238 3682 5290 ὀδύ-

2101 5339 2198 5391 νην
2220 5338 2231 5350 ·
2263 5319 2422 5372 τοῦτο
2445 5319 2554 5388 γὰρ
2578 5316 2858 5386 πανταχοῦ
2888 5319 3089 5381 πάντες
3105 5318 3376 5388 ἄνθρωποι
3399 5317 3676 5389 θρηνοῦσι.

2102 5405 2166 5456 Τί
2195 5400 2287 5456 οὖν
2316 5401 2410 5455 106
2453 5400 2574 5454 Ἰὼϐ
2605 5403 2928 5472 πενέστερον
2961 5403 2987 5441 b
3017 5403 3257 5468 γέγονεν,
3284 5400 3342 5464 ὃς
3367 5402 3460 5455 καὶ
3487 5403 3596 5458 τῶν
3623 5405 3682 5455 ἐν

2105 5485 2406 5558 βαλανείοις
2440 5485 2812 5556 ἐρριμμένων,
2843 5484 2937 5536 καί
2964 5484 3072 5535 τῶν
3096 5485 3154 5535 ἐν
3175 5487 3242 5555 τῇ
3274 5487 3560 5558 καμινιαίᾳ
3596 5488 3682 5540 τέω

2103 5588 2217 5643 φρᾳ
2245 5569 2640 5632 καθευδόντων,
2675 5570 2768 5621 καὶ
2802 5567 3018 5620 πάντων
3050 5568 3233 5632 ἁπλῶς
3260 5569 3558 5640 ἀνθρώπων
3587 5588 3684 5623 πε-

2102 5656 2354 5725 νέστερος
2384 5649 2485 5725 ἧν;
2510 5647 2668 5706 Οὗτοι
2709 5651 2810 5720 μὲν
2837 5649 2946 5722 γάρ
2967 5651 3069 5705 κᾶν
3100 5651 3311 5722 ἱμάτιον
3339 5651 3518 5722 ἔχουσι
3541 5652 3613 5705 διε
3622 5657 3683 5724 ρ-

2171 5906 2198 5943 ³·
2225 5906 2332 5955 Duo
2356 5921 2470 5956 mss.
2493 5907 2560 5963 τίς
2584 5906 2663 5954 οὖν
2699 5905 2808 5956 Ἰὼϐ
2829 5908 3124 5969 πενέστερος.
