4446 6700
815 400 914 453 971

818 521 1012 586 ρωγὸςς
1037 519 1237 580 ἐκεῖνος
1261 517 1313 570 δὲ
1330 517 1533 588 γυμνὸς
1553 518 1809 582 ἐκάθητο,
1833 517 1927 571 καὶ
1948 517 1975 569 ὃ
2002 517 2161 587 μόνον
2181 516 2393 584 ἱμάτιον

815 597 932 670 εἶχε
967 599 1114 670 παράι
1163 601 1264 669 τῆς
1293 600 1527 669 φύσεως,
1587 602 1685 672 τῆς
1717 601 1918 672 σαρκὸς
1947 601 2044 672 τὴν
2079 599 2392 672 περιϐολὴν,

817 681 1023 752 χαλεπῇ
1057 683 1306 751 σηπεδόνι
1334 684 1429 736 καὶ
1465 684 1623 738 τοῦτο
1661 685 1994 755 πανταχόθεν
2031 682 2334 753 διέφθειρεν
2367 682 2395 733 0

813 764 1076 828 διάϐολος.
1103 765 1270 818 Πάλιν
1294 762 1440 821 οὗτοι
1473 770 1520 822 οί
1549 768 1779 840 πένητες
1807 768 1908 822 κᾶν
1935 767 2040 821 ὑπὸ
2070 767 2266 836 στέγην
2287 763 2395 816 είσὶ

815 846 1166 916 προπυλαίων
1192 848 1300 902 τῶν
1338 851 1396 902 ἐν
1427 851 1540 914 τοῖς
1568 849 1890 920 βαλανείοις,
1923 849 2027 903 κᾶν
2055 846 2268 919 καλύϐῃ
2296 861 2396 898 κα·

815 927 1102 983 λύπτονται
1123 946 1140 962 θ
1187 933 1394 995 ἐκεῖνος
1447 931 1505 985 δέ
1556 933 1770 1004 αἴθριος
1821 929 2252 1001 διανυκτερεύων
2307 927 2395 981 ἀεὶ

814 1010 1075 1075 διετέλει,
1113 1012 1236 1064 οὑδέ
1287 1013 1390 1086 τὴν
1436 1014 1545 1068 ἀπὸ
1574 1016 1736 1086 ψιλῆς
1791 1015 1990 1085 στέγης
2041 1009 2394 1083 παραμυθίαν

815 1093 955 1161 ἔχων
977 1110 989 1122 ·
1013 1095 1105 1146 καὶ
1142 1095 1203 1147 10
1235 1095 1298 1165 δὴ
1330 1096 1534 1167 μεῖζον,
1560 1100 1642 1154 δτι
1669 1092 1816 1154 οὗτοι
1850 1099 1948 1167 μὲν
1977 1096 2146 1148 πολλά
2180 1095 2392 1156 ἑαυτοῖς

817 1174 1062 1228 συνίσασι
1091 1175 1162 1228 τά
1187 1176 1358 1240 δεινὰ,
1397 1179 1602 1241 ἐκεῖνος
1633 1178 1690 1230 δὲ
1721 1178 1872 1230 οὐδὲν
1901 1177 2080 1247 ἐαυτῷ
2107 1177 2316 1248 συνῄδει
2341 1188 2387 1230 ι.

815 1256 984 1309 Τοῦτο
1017 1259 1125 1328 γάρ
1169 1260 1294 1312 καθ’
1341 1261 1571 1315 ἕκαστον
1615 1260 1722 1312 τῶν
1773 1259 2200 1330 συμϐεϐηκότων
2244 1258 2393 1328 αύτῷ

815 1338 1136 1409 παρατηρού
1146 1357 1328 1409 μενον,
1357 1343 1386 1394 0
1412 1342 1636 1412 μείζονα
1664 1342 1830 1394 αὑτοῦ
1855 1343 1954 1412 τὴν
1979 1342 2172 1412 ὀδύνην
2196 1341 2388 1404 ἐποίει,

813 1421 907 1473 καὶ
953 1421 1174 1475 πλείονα
1224 1423 1324 1493 τὴν
1373 1424 1608 1496 ἀπορίαν
1655 1423 1972 1495 εἰργάζετο,
2016 1425 2075 1477 τὸ
2111 1423 2246 1494 μηδέ
2293 1423 2390 1491 τὴν

813 1505 992 1558 αίτίαν
1037 1505 1144 1558 τῶν
1169 1507 1471 1576 γινομένων
1511 1507 1731 1560 ειδέναι.
1763 1503 1922 1562 Οὗτοι
1961 1508 2058 1578 μὲν
2093 1503 2216 1566 οὖν,
2253 1505 2390 1574 ὅπερ

811 1586 969 1654 ἐφην,
998 1585 1166 1638 πολλά
1205 1587 1272 1641 ἂν
1313 1588 1488 1658 ἑχοιεν
1512 1590 1738 1652 ἑαυτοὺς
1767 1590 2072 1642 αἰτιᾶσθαι⁶
2105 1588 2166 1639 οὑ
2193 1585 2392 1657 μικρὸν

809 1667 867 1718 δὲ
910 1665 1069 1719 τοῦτο
1115 1669 1195 1732 εἰς
1230 1671 1587 1740 παραμυθίαν
1626 1674 1950 1742 συμφορᾶς,
1993 1670 2054 1722 :0
2095 1668 2392 1720 συνειδέναι

811 1750 990 1820 ἐαυτῷ
1025 1751 1248 1815 δικαίως
1277 1754 1678 1825 τιμωρουμένῳ
1697 1769 1710 1784 '
1747 1757 1953 1817 ἐκεῖνος
1982 1753 2038 1805 δέ
2067 1751 2161 1804 καὶ
2185 1749 2390 1820 ταύτης

811 1833 1156 1903 ἀπεστέρητο
1199 1834 1300 1904 τῆς
1331 1835 1711 1906 παραμυθίας,
1743 1837 1838 1890 καὶ
1877 1835 2152 1888 πολιτείαν
2183 1834 2388 1886 ἐπιδει-

811 1916 1042 1986 ξάμενος
1083 1919 1282 1988 άρετῆς
1321 1919 1625 1990 γέμουσαν,
1650 1920 1718 1972 τά
1752 1920 1860 1972 τῶν
1894 1919 2097 1988 ἔσχατα
2127 1917 2392 1987 τετολμη-

809 1999 982 2052 κότων
1005 2000 1289 2069 ὑπέμεινε.
1319 2003 1430 2054 Καὶ
1455 1995 1600 2055 οὗτοι
1632 2003 1730 2072 μὲν
1750 2001 1800 2053 οί
1832 2000 1961 2070 παρ’
1995 2001 2130 2070 ἡμῖν
2159 1999 2390 2068 πένητες

809 2081 1016 2134 ἀνωθεν
1055 2083 1152 2134 καὶ¹
1201 2083 1261 2146 ἐξ
1315 2084 1488 2153 ἀρχῆς
1542 2083 1940 2154 ἐνεμελέτησαν
1975 2086 2041 2153 τῇ
2099 2082 2385 2152 συμφορᾷ·

809 2166 1018 2225 ἐκεῖνος
1039 2163 1098 2216 δὲ
1123 2164 1454 2233 ἀμελέτητον
1480 2166 1742 2235 ὑπέμεινε
1773 2165 1989 2228 πενίαν,
2011 2165 2204 2232 ἀθρόον
2234 2162 2386 2224 δεξά-

811 2261 973 2314 μενος
1005 2245 1102 2315 τήν
1129 2247 1194 2297 ἐκ
1218 2246 1314 2298 τοῦ
1353 2247 1586 2322 πλούτου
1619 2247 1944 2318 μεταϐολήν.
1973 2247 2184 2316 Ὠσπερ
2203 2241 2296 2296 οὖν
2324 2243 2387 2295 τὸ

807 2329 904 2399 τὴν
928 2328 1106 2380 αίτίαν
1127 2328 1324 2382 εἰδέναι
1345 2330 1456 2384 τῶν
1477 2332 1801 2401 γινομένων,
1824 2332 2080 2401 μέγιστον
2105 2329 2184 2391 είς
2210 2343 2390 2396 παρα-

811 2410 1029 2481 μυθίαν,
1064 2411 1236 2474 οὕτως
1262 2413 1363 2465 οὑκ
1392 2413 1612 2467 ἔλαττον
1653 2413 1887 2478 ἐκείνου,
1924 2411 1984 2464 τὸ
2011 2411 2385 2481 μελετήσαντα

806 2493 1001 2546 πενίαν
1031 2492 1091 2557 ἐξ
1116 2494 1315 2563 ἀρχῆς,
1348 2494 1522 2560 οὑτως
1557 2499 1614 2550 ἐν
1648 2497 1808 2565 πενίᾳ.
1829 2495 2039 2562 διάγειν
2058 2509 2073 2524 ο
2102 2488 2178 2546 ὧν
2207 2495 2384 2563 ἀμφο-

803 2577 981 2646 τέρων
1023 2579 1051 2628 ὁ
1081 2576 1288 2640 δίκαιος
1333 2579 1540 2642 ἐκεῖνος
1588 2579 1869 2650 ἐστέρητο,
1919 2578 2018 2632 καὶ¹
2071 2577 2194 2630 οὑδέ
2245 2576 2388 2629 οὑτω

807 2658 1163 2711 κατέπιπτεν.
1207 2653 1364 2721 Εἶδες
1391 2661 1554 2712 αὑτὸν
1595 2663 1690 2714 καὶ
1723 2660 1861 2730 πρὸς
1897 2661 2130 2729 ἐσχάτην
2167 2658 2387 2712 ἐλθόντα

806 2741 1022 2805 πενίαν,
1050 2741 1146 2794 καὶ
1178 2740 1298 2811 μεθ’
1327 2741 1394 2812 ῆν
1424 2743 1618 2814 ἑτέραν
1641 2743 1742 2796 οὑκ
1765 2743 1912 2795 ἐστιν
1954 2744 2168 2813 εὑρεῖν;
2194 2743 2247 2795 τί
2277 2741 2386 2810 γάρ

809 2824 876 2876 ἂν
899 2823 994 2877 τοῦ
1019 2822 1251 2892 γυμνοῦ,
1275 2823 1371 2876 καί¹
1413 2825 1550 2894 μηδέ
1581 2825 1782 2894 στέγην
1821 2823 2035 2893 ἔχοντος
2063 2823 2387 2894 πενέστερον

805 2907 1002 2974 γένοιτ’
1025 2906 1088 2960 ἀν
1111 2923 1125 2971 ;
1145 2906 1362 2960 Μᾶλλον
1383 2906 1438 2960 δέ
1460 2907 1580 2961 οὑδέ
1602 2908 1830 2976 ἐδάφους
1853 2907 2072 2970 πάντως
2092 2906 2387 2960 ἀπολαύειν

806 2990 995 3062 κύριος
1015 2985 1085 3060 ἦν
1109 3006 1122 3021 ·
1159 2991 1222 3042 οὑ
1247 2989 1358 3060 γὰρ
1385 2991 1478 3043 ἐπὶ
1498 2992 1595 3061 τῆς
1625 2991 1752 3060 γῆς,
1779 2991 1892 3043 ἀλλ’
1917 2991 2009 3042 ἐπὶ
2033 2990 2132 3060 τῆς
2152 2989 2386 3060 κοπρίας

806 3072 1066 3142 ἐκάθητο.
1093 3072 1304 3124 Οὑκοῦν
1339 3073 1467 3126 ὅταν
1507 3073 1622 3144 ίδῃς
1655 3074 1849 3127 σαυτὸν
1881 3075 1940 3126 ἐν
1973 3073 2133 3144 πενία
2159 3072 2386 3143 γενόμε-

807 3173 918 3218 νον,
945 3155 1200 3225 ἐννόησον
1226 3155 1320 3208 τοῦ
1346 3155 1558 3210 δικαίου
1584 3157 1646 3210 τὸ
1669 3157 1862 3221 πάθος,
1900 3157 1995 3211 καὶ¹
2027 3156 2230 3219 εὐθέως
2255 3158 2387 3210 ἀνα-

809 3239 1000 3309 στήσῃ,
1031 3239 1126 3291 καὶ
1148 3239 1326 3292 πάντα
1351 3239 1671 3312 ἀποκρούσῃ
1697 3239 1956 3311 λογισμὸν
1987 3239 2244 3311 ἀθυμίας.
2271 3241 2386 3294 Μία

809 3323 910 3391 μὲν
930 3318 1025 3374 οὖν
1049 3319 1188 3391 αὕτη
1214 3321 1470 3392 συμφορά
1501 3323 1717 3375 πάντων
1739 3323 1880 3394 ὁμοῦ
1909 3321 2018 3376 τῶν
2044 3322 2231 3376 δεινῶν
2253 3323 2385 3375 ὑπό-

803 3405 954 3468 θεσις
987 3400 1127 3457 εἶναι
1172 3404 1324 3457 δοκεῖ
1361 3407 1474 3469 τοῖς
1519 3405 1831 3476 ἀνθρώποις
1853 3423 1866 3436 ο
1903 3407 2133 3476 δευτέρα
2171 3406 2227 3458 δέ
2265 3407 2384 3476 μετ’

804 3489 1044 3556 ἐκείνην,
1071 3487 1270 3558 μᾶλλον
1299 3487 1355 3540 δέ
1385 3489 1490 3558 πρὸ
1514 3489 1752 3559 ἐκείνης,
1785 3491 1818 3560 ή
1845 3488 1938 3542 τοῦ
1965 3487 2214 3559 σώματος
2248 3489 2384 3558 πλη-

803 3573 900 3642 γή.
949 3571 1046 3633 Τίς
1083 3565 1175 3622 οὖν
1224 3569 1398 3633 οὕτως
1427 3569 1753 3642 ὴρῤὡστησέ
1801 3589 1963 3638 ποτε;
2008 3573 2092 3634 τίς
2123 3571 2379 3642 τοιαύτην

801 3653 956 3706 νόσον
1004 3653 1302 3720 ὑπέμεινε;
1349 3653 1435 3716 τίς
1475 3653 1746 3723 τοσαύτην
1791 3653 2007 3724 πληγὴν
2049 3654 2301 3720 ἐδέξατο,
2339 3653 2373 3726 ἢ

801 3737 988 3808 ἓτερον
1025 3735 1318 3804 δεξάμενον
1347 3731 1487 3788 εἶδεν
1513 3752 1527 3797 ;
1552 3736 1665 3788 Οὐκ
1699 3735 1846 3789 ἔστιν
1871 3735 2066 3800 οὑδείς.
2091 3735 2252 3790 Κατά
2292 3755 2381 3807 μι-

802 3819 933 3888 κρὸν
965 3817 1116 3886 αὑτῷ
1135 3817 1196 3869 10
1230 3817 1390 3885 σῶμα
1425 3817 1750 3880 ἐδαπανᾶτο,
1775 3819 1871 3871 καὶ
1897 3819 2047 3889 πηγὴ
2081 3818 2379 3888 σκωλήκων

800 3900 950 3971 αὐτῴ
977 3899 1242 3954 πάντοθεν
1267 3900 1460 3970 ἔϐρυεν
1499 3901 1606 3952 ἀπὸ
1630 3899 1740 3952 τῶν
1771 3901 1971 3971 μελῶν,
2001 3901 2096 3955 καὶ
2127 3901 2380 3974 διηνεκὴς

799 3983 867 4058 ἦν
889 3985 1025 4055 αὕτη
1057 3985 1088 4056 ἡ
1118 3982 1371 4055 ἐπιρροὴ,
1395 3983 1490 4036 καὶ
1517 3983 1684 4054 πολλὴ
1709 3984 2042 4054 πανταχόθεν
2065 3987 2096 4055 ή
2121 3985 2376 4052 δυσωδία,

800 4071 894 4122 καὶ
925 4069 986 4121 10
1008 4067 1168 4138 σῶμα
1194 4067 1338 4119 κατά
1374 4067 1568 4138 μικρὸν
1597 4067 1990 4137 ἀναιρούμενον
2031 4069 2124 4121 καὶ
2153 4069 2376 4140 τοιαύτῃ

801 4150 1052 4220 σηπεδόνι
1089 4149 1392 4218 τηκόμενον
1426 4149 1565 4219 ἀηδῆ
1591 4149 1662 4201 τά
1693 4150 1839 4202 σιτία
1868 4150 2061 4213 ἐποίει,
2095 4151 2188 4202 καὶ
2219 4151 2378 4220 λιμὸς

797 4231 866 4304 ἦν
895 4231 1045 4301 αὑτῷ
1086 4231 1238 4298 ξένος
1287 4231 1383 4284 καὶ
1417 4231 1722 4300 παράδοξος
1743 4248 1758 4262 ο
1783 4232 1906 4285 οὑδέ
1943 4233 2054 4301 γάρ
2086 4232 2376 4304 δεδομένης

798 4313 1030 4384 ἠδύνατο
1061 4311 1162 4382 τῆς
1185 4312 1392 4383 τροφῆς
1413 4313 1706 4366 ἀπολαύειν
1729 4329 1741 4343 ·
1773 4315 2008 4384 Βρόμον
2025 4314 2154 4385 γάρ,
2186 4315 2372 4386 φησὶν,

798 4397 914 4465 ὁρῶ
941 4396 1014 4450 τὰ
1049 4397 1216 4450 σιτία
1238 4413 1381 4464 μου.
1405 4396 1574 4449 ’Ὅταν
1599 4392 1691 4449 οὖν
1731 4397 2010 4469 ἀρρωστίᾳ
2049 4399 2370 4470 περιπέσῃς,

797 4482 1072 4551 ἄνθρωπε,
1100 4479 1481 4550 ἀναμνήσθητι
1510 4480 1602 4533 τοῦ
1634 4479 1884 4550 σώματος
1909 4481 2135 4542 ἐκείνου,
2156 4483 2250 4535 καὶ
2275 4483 2374 4550 τῆς

801 4563 952 4634 [275]
977 4563 1178 4632 σαρκὸς
1202 4563 1300 4631 τῆς
1329 4563 1510 4628 ἀγίας’
1529 4562 1658 4630 ἀγία
1683 4564 1793 4633 γὰρ
1815 4559 1880 4632 ἦν
1901 4565 1996 4616 καὶ
2017 4563 2254 4634 καθαρὰ,
2277 4565 2373 4615 καὶ

795 4645 1020 4699 τοιαῦτα
1057 4645 1258 4715 ἔχουσα
1301 4643 1612 4714 τραύματα.
1645 4646 1764 4698 Κᾶν
1798 4647 1853 4697 ἐν
1888 4647 2151 4718 στρατεία
2189 4645 2248 4698 δέ
2289 4663 2373 4708 τις

795 4729 946 4798 τελῇ,
966 4723 1086 4780 εἶτα
1107 4727 1307 4790 ἀδίκως
1329 4727 1422 4778 καὶ
1447 4729 1614 4798 χωρὶς
1633 4729 1856 4796 εὐλόγου
1876 4731 2020 4792 τινὸς
2041 4729 2372 4798 προφάσεως

798 4811 1122 4882 ἀναρτηθεὶς
1171 4812 1228 4862 ἐν
1264 4809 1342 4880 τῷ
1385 4808 1528 4879 ξύλῳ
1567 4810 1908 4882 διαξαίνηται
1960 4811 2058 4875 τὰς
2094 4811 2368 4883 πλευράς,

801 4895 937 4965 μήτε
962 4892 1160 4954 ὄνειδος
1195 4887 1332 4946 εἶναι
1373 4892 1644 4963 νομιζέτω
1675 4893 1735 4945 τὸ
1771 4895 2025 4964 πρᾶγμα,
2062 4895 2198 4962 μήτε
2231 4895 2372 4964 πρὸς

795 4979 892 5048 τὴν
921 4975 1114 5045 ὀδύνην
1145 4976 1412 5042 ἐνδιδότω,
1444 4977 1536 5028 τὸν
1569 4976 1724 5044 ἅγιον
1759 4976 1946 5028 τοῦτον
1974 4977 2190 5031 ἐννοῶν.
2228 4978 2367 5030 Ἀλλ’

799 5061 984 5128 ἱκανὴν
1005 5054 1154 5129 εἶχεν
1169 5055 1322 5122 οὗτος
1339 5061 1684 5131 παράκλησιν
1703 5061 1796 5113 καὶ
1818 5060 2196 5131 παραμυθίαν,
2212 5061 2366 5132 φησὶ,

793 5143 856 5193 10
885 5143 1079 5195 εἰδέναι
1105 5143 1199 5195 τὸν
1225 5142 1356 5195 Θεὸν
1383 5144 1529 5213 αὑτῷ
1551 5142 1724 5196 ταῦτα
1753 5145 2045 5211 ἐπάγοντα.
2069 5143 2241 5197 Τοῦτο
2271 5145 2368 5213 μὲν

792 5222 885 5278 οὖν
916 5227 1076 5278 αὑτὸν
1111 5227 1343 5296 μάλιστα
1374 5227 1636 5298 ἐτάραττε
1670 5229 1762 5279 καὶ
1819 5227 2100 5296 ἐθορύϐει,
2147 5231 2229 5282 ὅτι
2275 5229 2367 5284 τὸν

792 5309 1000 5362 δίκαιον
1025 5309 1176 5372 Θεὸν,
1207 5311 1302 5364 καὶ
1333 5311 1496 5363 παντὶ
1523 5310 1711 5380 τρόπῳ
1741 5311 1870 5380 παρ’
1904 5310 2066 5362 αὑτοῦ
2099 5313 2370 5381 θεραπευ-

793 5393 974 5453 θέντα,
993 5392 1182 5444 τοῦτον
1211 5394 1456 5463 ἐνόμιζεν
1487 5391 1638 5463 αύτῷ
1663 5393 1938 5462 πολεμεῖν.
1962 5394 2071 5446 Καὶ
2095 5395 2368 5465 πρόφασίν

791 5492 910 5528 τινα
942 5474 1164 5544 εὑλογον
1197 5477 1376 5545 εὑρεῖν
1408 5476 1518 5528 τῶν
1549 5476 1850 5546 γινομένων
1880 5477 1981 5530 οὑκ
2011 5471 2186 5547 εῖχεν·
2221 5480 2366 5540 ἐπεὶ,

791 5557 879 5610 ὅτε
911 5575 975 5628 γε
1001 5558 1205 5630 ἔμαθεν
1236 5558 1458 5629 ὕστερον
1493 5560 1591 5631 τὴν
1620 5561 1820 5628 αἰτίαν,
1855 5563 1959 5634 δρα
2004 5562 2178 5634 πόσην
2206 5564 2366 5618 εύλά-

849 5741 1023 5816 ξΗες,
1047 5748 1220 5803 ἑκέινος
1239 5750 1289 5816 δὲ
1312 5749 1444 5797 οὐδὲν
1463 5749 1617 5816 ἑαυτῷ
1641 5749 2074 5816 συνῄδειηόεετεηι
2115 5749 2162 5800 in
2189 5753 2357 5816 editis,

791 5823 830 5856 υι
848 5809 878 5856 d
900 5821 959 5855 ex
986 5809 1105 5871 ιιυε.
1129 5814 1434 5872 supplentur,
1457 5819 1504 5860 el
1533 5811 1593 5860 ad
1613 5809 1810 5860 sensim
1836 5812 2199 5862 desiderantur.

1541 399 1598 453 S.
1639 396 1924 454 JOANNIS
1962 394 2452 454 CIIBYSOSTOMI
2485 393 2810 454 ARCHIEP.
2850 378 3412 456 CONSTANTINOE

3973 400 4084 458 279

2501 515 2652 570 ϐειαν
2673 517 2986 582 ἐπεδείξατο
3005 537 3016 550 υ
3044 521 3132 574 ὅτε
3152 520 3260 590 γὰρ
3281 514 3433 571 εἶπεν
3447 513 3595 586 αὑτῷ
3621 515 3650 566 0
3665 514 3794 580 θεός
3815 533 3828 546 ·
3856 519 4080 589 Ἄλλως

2491 616 2569 668 με
2593 599 2703 654 οῑει
2725 615 2824 654 σοι
2847 603 3363 670 κεχρηματικέναι,
3385 601 3424 668 ἢ
3469 600 3570 652 ἳνα
3597 598 3832 662 δίκαιος
3858 601 4064 669 draga

2495 680 2646 750 γῆς
2681 682 3075 750 καταπλαγεὶς,
3105 684 3275 755 φησί·
3312 683 3488 752 Χεῖρα
3513 679 3676 748 θήσω
3700 680 3796 732 ἐπὶ
3827 685 4086 749 στόματι

2490 781 2610 831 μου
2630 781 2644 796 ·
2681 765 2842 830 ἅπαξ
2875 763 3174 832 ἐλάλησα,
3199 766 3296 818 ἐπὶ
3317 767 3386 819 δέ
3413 765 3493 830 τῷ
3514 761 3774 829 δευτέρῳ
3793 763 3866 816 οὐ
3897 779 4088 829 προσ-

2496 845 2684 914 θήσω.
2705 849 2815 902 Καὶ
2838 848 3020 913 πάλιν,
3048 847 3204 913 Ἕως
3220 849 3338 915 μὲν
3362 847 3510 913 ὠτὸς
3531 834 3722 912 ἀέιοῆς
3747 842 3979 912 ἤκουόν
4007 861 4086 898 σε

2495 929 2562 983 τὸ
2590 933 2904 1000 πρότερον
2930 931 3070 987 νυνὶ
3093 931 3162 985 δὲ
3185 935 3218 986 ὁ
3239 933 3548 1000 ὀφθαλμός
3577 947 3697 1000 μου
3714 927 3936 996 ἐώρακέ
3967 943 4044 979 σε
4069 942 4086 956 ο

2495 1011 2588 1066 διὸ
2633 1014 2936 1082 ἐφαύλισα
2977 1015 3260 1085 ἐμαυτὸν,
3305 1013 3406 1066 καὶ
3451 1011 3706 1080 ἐτάκην·
3750 1009 3974 1079 ἥγημαι
4015 1007 4089 1060 δὲ

2493 1097 2754 1165 ἐμαυτόν
2787 1098 2902 1166 γῆν
2943 1099 3042 1153 καί
3079 1098 3335 1152 σποδόν.

2567 1178 2642 1243 ς’.
2664 1181 2727 1234 Ei
2757 1182 2814 1234 δὲ
2844 1182 3039 1251 ἀρκεῖν
3059 1181 3218 1234 τοῦτο
3237 1184 3318 1241 είς
3337 1177 3686 1249 παράκλησιν
3703 1173 3968 1246 νομίζεις,
3992 1173 4088 1225 δυ-

2493 1260 2630 1332 νήσῃ
2676 1263 2733 1316 δὲ
2772 1265 2867 1317 καὶ
2913 1264 3076 1325 αὐτὸς
3117 1259 3324 1330 ταύτην
3371 1261 3472 1331 τὴν
3509 1257 3867 1328 παραμυθίαν
3909 1256 4084 1325 ἔχειν.

2493 1343 2616 1396 Κᾶν
2651 1345 2761 1417 γὰρ
2795 1348 2869 1417 μὴ
2903 1345 2991 1398 διά
3019 1345 3110 1397 τὸν
3137 1343 3270 1396 Θεὸν
3300 1342 3483 1414 πάθῃς
3508 1359 3561 1394 τι
3590 1341 3701 1394 τῶν
3725 1339 3936 1403 δεινῶν,
3964 1338 4084 1391 ἀλλ’

2493 1425 2554 1491 ἐξ
2590 1427 2893 1499 ἀνθρώπων
2933 1425 3219 1496 ἐπηρείας,
3277 1425 3682 1495 εὑχαριστήσῃς
3722 1422 3814 1486 δέ,
3859 1423 3958 1475 καὶ
4007 1421 4086 1492 μὴ

2495 1509 2896 1582 βλασφημήσῃς
2941 1508 3032 1560 τὸν
3077 1507 3374 1576 δυνάμενον
3411 1507 3656 1560 κωλῦσαι
3697 1509 3818 1575 μὲν,
3873 1505 4084 1577 ἀφέντα

2492 1593 2548 1645 δὲ
2573 1593 2673 1662 τῆς
2707 1594 2804 1662 σῆς
2846 1593 3030 1642 ἕνεκεν
3073 1589 3326 1662 δοκιμῆς,
3362 1589 3556 1661 ὥσπερ
3595 1591 3648 1642 οἱ
3689 1589 3779 1642 διὰ
3807 1589 3900 1642 τὸν
3947 1589 4084 1642 Θεὸν

2493 1674 2758 1736 παθόντες
2793 1671 3209 1740 στεφανοῦνται,
3227 1673 3371 1726 οὑτω
3401 1673 3494 1727 καὶ
3525 1673 3590 1725 σὺ
3619 1671 3728 1725 τῶν
3753 1671 3936 1726 αὑτῶν
3959 1673 4085 1723 ἐπι-

2491 1755 2655 1826 τεύξῃ
2699 1754 2929 1825 μισθῶν,
2965 1756 3049 1808 δτι
3087 1756 3186 1819 τάς
3220 1757 3371 1826 παρά
3409 1753 3712 1825 ἀνθρώπων
3745 1753 4084 1824 ἐπαχθείσας

2493 1855 2574 1890 σοι
2609 1835 2894 1906 συμφοράς
2930 1839 3198 1906 γενναίως
3229 1839 3491 1908 ἤνεγκας,
3541 1836 3638 1889 καὶ
3683 1834 3762 1904 τῷ
3791 1835 4086 1904 δυναμένῳ

2490 1920 2659 1980 αὑτὰς
2683 1919 2927 1972 κωλῦσαι
2970 1923 3101 1990 μὲν,
3142 1921 3218 1992 μὴ
3264 1919 3582 1989 βουληθέντι
3617 1917 3706 1980 δέ,
3738 1917 4082 1988 ηὐχαρίστη-

2491 2019 2609 2064 σας.
2643 2002 2771 2055 Ἰδοὺ
2796 2002 2980 2056 τοίνυν
3005 2005 3100 2057 καὶ
3122 2004 3314 2057 πενίαν
3343 2005 3436 2056 καὶ
3457 2003 3635 2062 νόσον,
3665 2001 3760 2055 καὶ
3789 2001 4080 2070 ἀμφότερα

2492 2085 2628 2154 μετά
2661 2085 2761 2154 τῆς
2800 2086 3044 2156 ἐσχάτης
3077 2086 3384 2156 ὑπερϐολῆς
3425 2080 3564 2148 εἶδες
3609 2083 3974 2153 ἐπενεχθέντα
4000 2086 4082 2152 τῷ

2488 2166 2701 2237 δικαίῳ.
2737 2167 2925 2220 Βούλει
2964 2185 3050 2220 σοι
3096 2167 3194 2221 καὶ⁸
3231 2169 3322 2220 τὸν
3358 2167 3512 2236 παρά
3543 2166 3642 2236 τῆς
3667 2167 3884 2235 φύσεως
3915 2167 4078 2218 πόλε-

2492 2266 2590 2319 μον
2622 2251 2874 2316 ἐπιδείξω
2909 2251 3048 2320 μετά
3083 2251 3355 2318 τοσαύτης
3384 2249 3694 2320 ὑπερϐολῆς
3729 2248 3808 2317 τῷ
3841 2249 4080 2316 γενναίῳ

2488 2333 2610 2385 τότε
2641 2331 2967 2403 ἐπιθέμενον
3007 2333 3240 2401 ἐκείνῳ;
3279 2333 3423 2386 Δέκα
3464 2333 3632 2385 τέκνα
3677 2330 3962 2394 ἀπώλεσε,
4007 2333 4080 2383 τά

2488 2414 2620 2466 δέκα
2647 2414 2862 2485 ἀθρόον,
2895 2414 2964 2466 τά
2993 2415 3125 2468 δέκα
3156 2417 3214 2467 ἐν
3247 2415 3398 2485 αὑτῷ
3425 2413 3502 2485 τῷ
3531 2415 3683 2468 άνθει
3707 2414 3806 2482 τῆς
3835 2412 4078 2482 ἡλικίας,

2489 2497 2557 2548 τὰ
2583 2497 2712 2549 δέκα
2752 2495 2953 2566 πολλὴν
2991 2498 3192 2568 ἀρετὴν
3232 2497 3672 2566 ἐπιδεδειγμένα,
3711 2496 3808 2548 καὶ
3845 2496 3970 2549 οὑδέ
3995 2497 4078 2566 τῷ

2489 2577 2652 2647 κοινῷ
2698 2579 2800 2648 τῆς
2846 2577 3062 2647 φύσεως
3108 2580 3297 2650 νόμῳ,
3327 2579 3464 2633 ἀλλά
3514 2577 3672 2647 βιαίῳ
3723 2577 3940 2646 θανάτῳ
3980 2581 4078 2631 καὶ

2493 2661 2721 2731 ἐλεεινῷ.
2759 2661 2858 2725 Τίς
2887 2662 2952 2716 ἂν
2976 2663 3086 2733 ἐχοι
3112 2663 3372 2734 τοιαύτην
3403 2661 3688 2732 συμφοράν
3715 2663 3924 2723 εἰπεῖν;
3959 2663 4078 2714 Ούκ

2487 2744 2635 2798 ἐστιν
2661 2745 2862 2810 οὐδείς.
2891 2747 3064 2800 Ὅταν
3085 2743 3179 2801 οὖν
3205 2745 3487 2816 άποϐάλῃς
3526 2745 3644 2798 υίδν
3673 2745 3766 2798 καὶ
3795 2745 4078 2814 θυγατέρα

2485 2827 2645 2896 ὁμοῦ,
2682 2828 2966 2900 ἀνάδραμε
2996 2830 3133 2900 πρὸς
3160 2829 3254 2882 τὸν
3291 2830 3500 2883 δίκαιον
3531 2829 3760 2891 ἐκεῖνον,
3800 2827 3898 2881 καὶ
3939 2828 4072 2880 πάν-

2484 2926 2593 2972 τως
2623 2911 2878 2980 εὑρήσεις
2921 2911 3122 2981 πολλὴν
3154 2911 3334 2980 σαυτῷ
3380 2911 3480 2981 τὴν
3521 2909 3891 2981 παραμυθίαν.
3923 2905 4076 2981 ’Δρα

2485 2989 2579 3045 οὖν
2605 2994 2776 3046 ταῦτα
2813 2993 2950 3062 μόνα
2983 2993 3132 3064 αὑτῷ
3179 2993 3380 3063 συνέϐη
3411 2995 3482 3046 τὰ
3533 2992 3721 3058 δεινά;
3756 2992 3821 3045 Ἦ
3859 2991 3917 3045 δὲ
3959 2993 4074 3045 τῶν

2487 3077 2658 3143 φίλων
2699 3074 3092 3143 ἐγκατάλειψις
3129 3076 3224 3129 καὶ
3255 3075 3538 3146 προδοσία,
3569 3075 3637 3128 τά
3665 3075 3724 3127 δέ
3755 3074 4074 3144 σκώμματα

2485 3161 2581 3214 καὶ
2602 3161 2660 3212 αἱ
2693 3159 2990 3230 λοιδορίαι,
3026 3160 3060 3229 ἡ
3087 3159 3143 3212 δὲ
3180 3157 3450 3228 χλευασία
3493 3158 3590 3211 καὶ
3619 3160 3648 3211 0
3678 3157 3852 3226 γέλως
3873 3174 3889 3188 ·
3921 3159 3984 3210 10
4011 3158 4072 3210 δὲ

2486 3242 2592 3296 ὑπὸ
2629 3243 2846 3296 πάντων
2893 3241 3244 3313 διασύρεσθαί
3283 3259 3334 3294 τι
3382 3241 3656 3313 ἀφόρητον
3688 3237 3778 3311 ἦν.
3831 3239 3908 3294 οὐ
3957 3241 4072 3312 γάρ

2485 3325 2658 3389 οὑτως
2684 3327 2718 3396 ή
2743 3325 2852 3380 τῶν
2884 3324 3182 3395 συμφορῶν
3209 3323 3396 3394 φύσις,
3429 3325 3506 3388 ὡς
3539 3326 3590 3377 of.
3621 3323 3771 3395 παρά
3795 3323 3894 3386 τὰς
3929 3340 4072 3394 συμ-

2486 3408 2658 3478 φοράς
2697 3409 2832 3478 ἡμῖν
2879 3407 3228 3471 ὀνειδίζοντες
3261 3406 3480 3460 δάκνειν
3521 3404 3678 3477 ήμῶν
3709 3404 3932 3459 είώθασι
3967 3408 4070 3476 τὴν

2483 3491 2681 3562 ψυχήν.
2723 3492 2798 3543 Ού
2838 3492 3000 3561 μόνον
3046 3493 3074 3544 ό
3121 3491 3460 3562 παρακαλῶν
3507 3491 3608 3542 οὑκ
3643 3485 3748 3559 ἦν,
3799 3489 3936 3542 ἀλλά
3971 3493 4069 3544 καὶ

2484 3573 2669 3626 πολλοὶ
2701 3572 3036 3644 πολλαχόθεν
3071 3573 3356 3627 ἐπέκειντο
3383 3571 3755 3636 ὀνειδίζοντες.
3793 3572 3903 3624 Καὶ
3931 3573 4064 3642 δρᾷς

2482 3655 2644 3709 αὑτὸν
2679 3655 2838 3709 τοῦτο
2885 3656 3323 3727 ἀποδυρόμενον,
3353 3657 3448 3709 καὶ
3487 3655 3750 3722 λέγοντα·
3793 3654 3957 3722 Ἀτὰρ
3995 3655 4066 3708 δὲ

2479 3738 2580 3792 καὶ
2614 3737 2783 3808 ὑμεῖς
2828 3737 3080 3805 ἐπέϐητέ
3111 3757 3214 3808 μοι
3234 3755 3248 3770 ·
3307 3742 3403 3793 καὶ
3447 3738 3816 3808 ἀνελεήμονας
3863 3739 4064 3801 αὑτοὺς

2481 3820 2656 3886 καλεῖ,
2691 3819 2786 3874 καί
2837 3837 3034 3890 φησιν’
3073 3821 3206 3874 Ὅτι
3249 3822 3588 3876 ἀπεῖπαν-τό
3613 3823 3762 3890 μεοί
3792 3823 4066 3888 πλησίον

2475 3920 2618 3972 μου,
2650 3903 2747 3956 καί
2784 3906 2838 3956 οί
2884 3904 3102 3956 οἰκέται
3129 3921 3248 3973 μου
3277 3903 3404 3956 κατ’
3439 3903 3586 3972 ἐμοῦ
3625 3903 3911 3967 ἐλάλουν,
3959 3903 4063 3957 καί

2481 3984 2650 4050 υἱοὺς
2692 3985 3087 4038 παλλακίδων
3127 4003 3245 4053 μου
3294 3985 3588 4048 ἐκάλουν,
3636 3985 3803 4039 αὐτοὶ
3841 3985 3912 4039 δὲ
3942 3987 4060 4040 ἀπ-

2477 4067 2739 4132 επήδων.
2791 4069 3025 4135 Ἓτεροι
3066 4066 3154 4130 δὲ,
3203 4067 3398 4135 φησὶν,
3447 4067 3744 4122 ἑνέπτυόν
3775 4085 3914 4138 μοι,
3957 4069 4058 4122 καί

2478 4153 2794 4220 θρύλλημα
2845 4151 3087 4204 πάντων
3111 4149 3423 4217 ἐγενόμην,
3461 4150 3558 4202 καί
3589 4151 3764 4218 αὑτὴ,
3801 4152 3984 4221 φησὶν.
4017 4153 4056 4220 ἠ

2476 4233 2669 4299 στολή
2696 4251 2816 4302 μου
2851 4231 3222 4294 emensam
3249 4249 3338 4300 με.
3373 4233 3561 4287 Ταῦτά
3587 4251 3650 4303 γε
3681 4235 3800 4288 οὑδὲ
3827 4233 4057 4287 ἀκοῦσαι

2477 4317 2712 4386 φορητά,
2751 4317 2886 4384 μήτι
2917 4330 2981 4381 γε
3029 4314 3119 4366 διὰ
3163 4315 3272 4368 τῶν
3320 4317 3658 4387 πραγμάτων
3691 4317 3872 4372 αὑτῶν
3919 4317 4054 4367 ὑπο-

2479 4403 2676 4468 μεῖναι.
2710 4395 2867 4466 [276]
2903 4396 3067 4448 Πενία
3096 4397 3322 4468 ἐσχάτη,
3349 4400 3444 4451 καὶ
3477 4399 3632 4463 νόσος
3657 4401 3932 4470 ἀφόρητος
3962 4399 4056 4450 καὶ

2475 4480 2639 4547 καινὴ
2667 4478 2760 4530 καὶ
2794 4477 3094 4547 παράδοξος
3113 4495 3127 4509 ο
3164 4481 3368 4534 παίδων
3397 4482 3638 4550 ἀποϐολὴ
3667 4481 3935 4533 τοσούτων
3958 4481 4056 4532 καὶ

2475 4559 2733 4613 τοιούτων
2770 4561 2864 4612 καὶ
2903 4560 3132 4632 τοιούτῳ
3161 4564 3375 4636 τρόπῳ·
3411 4564 3590 4635 ὀνείδη
3622 4564 3716 4616 καὶ
3746 4560 4054 4630 σκώμματα

2475 4647 2570 4696 καὶ⁸
2603 4643 2872 4713 λοιδορίαι
2904 4643 3054 4714 παρά
3079 4645 3414 4718 ἀνθρώπων·
3443 4651 3492 4700 οί
3531 4647 3629 4717 μὲν
3661 4644 3976 4714 ἐχλεύαζον,
4003 4647 4052 4698 οί

2475 4727 2530 4778 δὲ
2558 4725 2854 4790 ὠνείδιζον,
2901 4729 2950 4778 οί
2981 4727 3036 4779 δὲ
3071 4732 3455 4802 κατεφρόνουν,
3495 4731 3596 4782 οὑκ
3637 4727 3822 4796 ἐχθροὶ
3865 4727 4050 4796 μόνον,

2474 4809 2611 4863 ἀλλά
2641 4810 2736 4862 καὶ
2769 4810 2948 4876 φίλοι·
2984 4811 3044 4863 οὑ
3093 4813 3233 4879 φίλοι
3277 4815 3457 4884 μόνον,
3485 4811 3620 4865 ἀλλά
3671 4810 3765 4864 καὶ
3805 4811 4046 4864 οίκέται·

2471 4893 2572 4946 ούκ
2609 4893 2902 4961 ἐχλεύαζον
2955 4894 3012 4946 δέ
3061 4895 3182 4949 οὑδέ
3213 4895 3487 4961 ὠνείδιζον
3519 4895 3720 4964 μόνον,
3773 4893 3910 4947 άλλά
3955 4899 4050 4950 καὶ

2471 4975 2892 5040 ἐϐδελύσσοντο,
2927 4979 3020 5030 καὶ
3053 4978 3226 5032 ταῦτα
3258 4981 3358 5033 οὑκ
3390 4979 3481 5030 ἐπὶ
3515 4975 3608 5028 δύο
3645 4979 3738 5029 καὶ
3767 4979 3914 5048 τρισὶ
3953 4981 4050 5032 καὶ

2469 5059 2604 5112 δέκα
2645 5059 2901 5128 ἡμέραις,
2937 5060 3050 5112 ἀλλ’
3082 5064 3173 5115 ἐπὶ
3199 5062 3411 5122 πολλοῖς
3435 5061 3548 5121 τοῖς
3585 5059 3748 5128 μησί·
3785 5063 3880 5114 καὶ
3911 5063 4048 5132 ὅπερ

2471 5141 2560 5194 ἐπ’
2593 5141 2806 5194 ἐκείνου
2843 5143 3036 5216 συνέϐη
3078 5146 3259 5215 μόνου,
3295 5143 3416 5196 οὑδέ
3444 5141 3542 5212 τὴν
3581 5143 3688 5194 ἀπὺ
3728 5145 3828 5210 τῆς
3853 5145 4048 5205 νυκτὸς

2470 5220 2584 5294 εἶχε
2608 5225 2981 5294 παραμυθίαν,
2999 5227 3133 5280 ἀλλά
3153 5227 3262 5280 τῶν
3288 5224 3404 5296 μεθ’
3431 5224 3643 5294 ἡμέραν
3667 5225 3857 5280 δεινῶν
3879 5243 4048 5296 προσ-

2471 5307 2615 5377 θήκη
2656 5307 2855 5377 μείζων
2886 5306 2952 5381 ἦν
2983 5313 3015 5381 ἡ
3047 5311 3156 5364 τῶν
3185 5307 3515 5377 νυκτερινῶν
3543 5308 3724 5376 φόϐων
3749 5309 4042 5378 φαντασία.

2473 5391 2598 5443 ’Ότι
2652 5391 2760 5464 γάρ
2813 5395 3174 5466 χαλεπώτερα
3229 5395 3285 5445 ἐν
3336 5394 3450 5455 τοῖς
3496 5391 3684 5458 ὕπνοις
3731 5395 4042 5463 ὑπέμενεν,

2469 5473 2702 5528 άκουσον
2735 5476 2786 5528 τί
2812 5495 2980 5548 φησι·
3015 5481 3117 5530 Διὰ
3150 5476 3207 5528 τί
3227 5491 3304 5543 με
3347 5473 3547 5544 φοϐεῖς
3574 5476 3644 5530 ἐν
3673 5476 3911 5540 ὕπνοις,
3941 5474 4040 5527 καὶ

2465 5558 2535 5610 ἐν
2593 5557 2852 5629 δράμασι
2895 5577 2974 5630 με
3025 5557 3470 5624 καταπλήσσεις
3507 5577 3526 5625 ;
3581 5561 3738 5622 Ποῖος
3789 5556 4042 5626 σιδηροῦς

2465 5641 2771 5713 ἄνθρωπος,
2803 5647 2955 5705 ποῖος
2981 5642 3195 5711 ἀδάμας
3215 5642 3451 5697 τοσαῦτα
3477 5643 3542 5698 ἂν
3566 5644 3824 5713 ὑπέμεινε
3853 5637 4039 5701 δεινά;

2465 5725 2527 5778 Εἰ
2584 5725 2693 5794 γὰρ
2725 5727 2816 5779 καὶ
2861 5725 2986 5777 καθ’
3021 5723 3185 5777 ἐαυτὸ
3231 5725 3433 5780 τούτων
3465 5727 3696 5781 ἕκαστον
3729 5721 4038 5791 ἀφόρητον.

2470 5809 2722 5879 ἐννόησον
2772 5805 2910 5877 όμού
2953 5805 3272 5866 συνελθόντα
3323 5810 3486 5866 πόσον
3541 5812 3730 5880 ἤγειρε
3789 5803 4035 5876 θόρυϐον.
