4446 6688
349 472 447 527 ΞΠ

356 587 630 650 amictum,
655 587 799 658 gravi
827 585 1105 656 putredine
1138 581 1369 653 undique
1398 595 1709 656 corruperat
1748 583 1934 638 diabo—

357 677 458 729 lus.
493 676 723 732 Rursum
751 679 802 730 hi
835 690 1093 747 pauperes
1120 674 1308 729 saltem
1330 676 1428 730 sub
1446 678 1597 731 tectis
1626 673 1932 730 suntvcsti-

358 765 604 822 liulorum
631 771 682 823 in
707 769 930 830 balneis,
957 765 1142 819 saltem
1167 765 1382 821 latibulo
1403 776 1669 836 teguntur;
1698 766 1787 820 ille
1809 780 1934 819 vero

357 860 454 913 sub
475 860 564 914 dio
584 870 738 915 nocte
764 859 956 925 dieque
981 871 1192 926 semper
1211 858 1454 928 degebat,
1485 872 1658 926 neque
1679 856 1934 925 simplicis

356 953 479 1006 tecti
523 953 769 1007 solatium
827 959 1010 1001 nactus
1037 963 1048 998 :
1079 949 1322 1020 quodque
1350 948 1562 1018 gravius
1587 954 1696 1011 est,
1729 947 1782 1000 hi
1819 947 1934 1018 qui-

353 1044 474 1096 dem
502 1042 784 1096 multorum
814 1037 912 1092 sibi
935 1039 1190 1093 malorum
1231 1039 1429 1094 conscii
1470 1047 1628 1104 sunt;
1671 1038 1757 1093 ille
1807 1053 1936 1092 vero

356 1135 552 1189 nullius
571 1131 668 1185 sibi
690 1131 934 1184 conscius
955 1143 1067 1186 erat
1091 1133 1130 1188 '.
1157 1131 1266 1186 lloc
1284 1142 1458 1184 autem
1489 1131 1539 1184 in
1562 1131 1778 1201 singulis
1799 1146 1934 1201 quo-

355 1240 458 1292 qne
475 1222 685 1277 casibus
701 1221 1087 1278 observandum
1111 1232 1192 1278 est
1216 1241 1228 1275 :
1254 1220 1394 1292 quod
1417 1237 1543 1276 sane
1565 1225 1817 1292 majorem
1839 1223 1934 1291 ipsi

355 1316 597 1369 dolorem
638 1316 998 1386 maioremque
1039 1316 1358 1371 anxietatem
1390 1316 1656 1383 pariebat,
1688 1314 1828 1384 quod
1870 1330 1936 1368 ne

354 1421 569 1460 causam
598 1405 807 1474 quidem
838 1406 1252 1476 contingentium
1299 1405 1560 1459 malorum
1600 1414 1796 1459 nosset.
1832 1402 1932 1465 llli,

358 1496 593 1562 inquam,
622 1494 688 1548 de
714 1497 890 1550 multis
915 1512 973 1551 se
993 1510 1244 1551 accusare
1271 1504 1554 1565 potuerunt
1584 1514 1596 1549 :
1625 1509 1723 1548 nec
1752 1508 1934 1563 parum

360 1585 489 1638 illud
517 1585 579 1639 ad
607 1590 1021 1642 conSolationcm
1053 1589 1230 1658 juvat,
1280 1602 1400 1642 cum
1432 1587 1552 1656 jure
1607 1586 1706 1640 sibi
1753 1599 1935 1655 punias

358 1674 522 1745 infligi
569 1680 897 1747 agnoscitur;
932 1679 1020 1733 ille
1059 1688 1236 1732 autem
1267 1677 1366 1731 hac
1393 1691 1590 1730 vacuus
1614 1685 1936 1731 eratconso-

356 1770 569 1836 latione,
599 1781 650 1825 et
700 1787 819 1826 cum
842 1772 1002 1824 vitam
1038 1773 1231 1824 virtute
1261 1770 1469 1838 plenam
1515 1768 1785 1834 duxisset,
1838 1785 1934 1824 ex-

353 1873 521 1918 trema
549 1863 1073 1919 sceleratissimorum
1096 1861 1352 1931 supplicia
1384 1861 1576 1918 luebat.
1608 1862 1691 1927 lli,
1725 1862 1811 1932 qui
1843 1877 1935 1933 pe-

349 1971 446 2010 nes
476 1970 574 2009 nos
600 1964 746 2020 sunt,
779 1969 1037 2024 pauperes
1059 1953 1168 2022 jam
1196 1953 1321 2007 olim
1349 1968 1377 2007 a
1404 1954 1660 2024 principio
1694 1953 1815 2007 huic
1839 1968 1931 2005 ca-

354 2045 575 2098 lamitati
604 2053 728 2099 sunt
757 2044 989 2108 assueti;
1021 2044 1109 2099 ille
1129 2059 1257 2100 vero
1286 2045 1610 2114 inopinatam
1653 2045 1770 2100 tulit
1801 2059 1930 2112 pau-

351 2134 915 2203 pertatem,confestim
932 2133 1502 2204 divitiarumjacturam
1523 2134 1924 2206 passus.Quem-

349 2228 633 2281 admodum
680 2228 837 2297 igitur
872 2243 1085 2283 causam
1139 2227 1662 2283 calamitatumnosse
1683 2239 1929 2295 magnum

347 2318 508 2373 affert
535 2319 600 2373 ad
617 2320 1032 2374 consolationem
1064 2329 1412 2384 momentum,
1442 2319 1512 2372 ita
1539 2333 1642 2372 non
1670 2317 1928 2370 minorem

353 2409 489 2474 parit
520 2409 570 2462 in
601 2419 906 2480 paupertate
930 2409 1138 2479 degenti
1176 2411 1396 2478 pristina
1427 2407 1664 2478 ejusdem
1704 2423 1928 2476 pauper-

349 2501 470 2554 tatis
486 2502 792 2554 exercitatio
824 2520 837 2554 :
867 2510 1209 2568 utrorumque
1238 2509 1412 2554 autem
1435 2500 1610 2567 justus
1631 2499 1718 2551 ille
1739 2513 1929 2565 expers

348 2602 485 2652 erat,
516 2607 686 2658 neque
718 2602 890 2644 tamen
913 2593 988 2644 sic
1017 2592 1193 2644 animo
1223 2590 1473 2644 concidit.
1507 2589 1692 2642 Vidisti
1731 2603 1850 2641 eum
1875 2587 1926 2638 in

345 2691 636 2735 extremam
664 2683 933 2738 redactum
962 2680 1447 2751 paupertatem,cui
1478 2679 1826 2736 sitnilisnulla
1842 2693 1925 2733 es-

345 2788 404 2826 se
427 2774 634 2840 potest?
655 2773 780 2841 quid
810 2774 950 2826 enim
982 2772 1122 2825 nudo
1140 2781 1384 2840 tectoque
1402 2779 1616 2824 carente
1643 2769 1925 2838 pauperius

344 2863 501 2916 fuerit
525 2866 547 2916 ?
577 2864 684 2917 lnto
708 2864 796 2917 ille
822 2879 888 2916 ne
916 2863 1127 2932 quidem
1154 2862 1324 2916 solum
1352 2876 1455 2930 quo
1483 2861 1736 2929 gauderet
1763 2859 1922 2912 habe-

345 2952 433 3006 bat
457 2969 471 3015 ;
504 2970 674 3023 neque
702 2954 842 3009 enim
861 2955 914 3007 in
943 2965 1081 3008 terra
1102 2995 1117 3018 ,
1148 2953 1240 3006 sed
1260 2953 1310 3006 in
1339 2953 1462 3004 timo
1480 2951 1715 3006 sedebat.
1742 2951 1921 3019 Itaque

340 3059 460 3097 cum
485 3053 535 3097 te
563 3044 759 3097 videris
790 3053 1095 3112 paupertate
1139 3042 1410 3102 afflictum.
1434 3043 1604 3111 cogita
1628 3042 1751 3111 justi
1780 3041 1920 3095 illius

339 3134 690 3187 Calamitatem
713 3135 994 3202 statimque
1013 3134 1246 3186 animum
1264 3134 1454 3202 eriges,
1477 3142 1529 3186 et
1549 3147 1758 3185 omnem
1783 3147 1920 3186 moe-

340 3224 477 3276 roris
504 3225 789 3292 cogitatum
819 3224 1068 3292 repelles.
1098 3225 1268 3292 Atque
1299 3224 1410 3277 liwc
1458 3223 1668 3292 quidem
1698 3223 1915 3276 calami-

339 3322 420 3365 tas
440 3315 677 3367 omnium
710 3315 969 3368 malorum
997 3314 1146 3384 quasi
1177 3312 1578 3366 fundamentum
1617 3313 1916 3367 hominibus

333 3419 454 3457 e~se
495 3405 730 3470 videtur;
774 3407 938 3460 altera
969 3420 1092 3459 vero
1118 3406 1400 3475 posterior,
1431 3407 1536 3458 imo
1581 3406 1753 3474 prior,
1803 3412 1918 3458 erat

336 3497 578 3564 corporis
599 3498 769 3566 plaga.
787 3497 916 3562 Quis
939 3513 1186 3565 umquam
1219 3496 1319 3550 hoc
1345 3496 1512 3550 morbi
1540 3512 1737 3566 genere
1765 3496 1914 3550 labo-

333 3587 505 3640 ravit?
528 3589 644 3656 quis
675 3587 830 3640 talem
848 3585 1212 3657 aegritudinem
1259 3587 1417 3641 tulit?
1441 3588 1560 3656 quis
1581 3587 1734 3641 talem
1758 3602 1914 3640 exce-

333 3677 408 3743 pit
438 3677 664 3745 plagam,
692 3685 785 3730 aut
803 3677 963 3730 alium
991 3678 1339 3745 excipientem
1365 3677 1535 3731 vidit?
1571 3677 1740 3732 Nemo
1765 3692 1910 3732 sane.

332 3768 588 3821 Paulatim
615 3768 712 3836 ipsi
754 3782 948 3835 corpus
971 3768 1364 3833 absumebatur,
1403 3769 1644 3823 membra
1681 3768 1913 3836 undique

331 3857 602 3910 vermibus
642 3859 938 3922 scatebant,
959 3868 1248 3927 perpetuus
1268 3869 1380 3912 erat
1399 3859 1486 3914 ille
1512 3858 1704 3923 fluxus,
1735 3867 1787 3912 et
1812 3859 1912 3913 [ω-

331 3955 418 4000 tor
442 3946 674 4016 undique
694 3949 1057 4017 gravissimus,
1088 3965 1387 4021 corpusque
1412 3950 1537 4004 dum
1569 3951 1645 4006 sic
1665 3951 1908 4019 paulatim

326 4038 571 4093 interiret
599 4047 812 4092 ettanta
840 4040 1119 4110 putredine
1147 4042 1460 4107 tabesceret,
1495 4044 1726 4110 ingratos
1751 4042 1909 4094 etiam

328 4129 478 4184 cibos
506 4130 776 4194 reddebat,
803 4133 1072 4203 famesque
1095 4133 1167 4187 illi
1193 4144 1304 4187 erat
1325 4135 1530 4188 insolita
1559 4133 1908 4187 incredibilis-

327 4238 431 4289 que
461 4235 479 4275 :
506 4237 677 4291 neque
706 4225 846 4277 enim
870 4225 1048 4279 oblato
1097 4225 1216 4279 cibo
1247 4225 1347 4279 frui
1398 4235 1622 4295 poterat.
1657 4225 1907 4279 Faetorem

326 4312 493 4378 enim,
515 4312 701 4381 inquit,
727 4315 866 4368 video
886 4331 991 4368 esse
1010 4316 1143 4369 cibos
1168 4332 1300 4369 meos
1318 4314 1436 4387 (Job
1465 4315 1517 4369 6.
1567 4316 1640 4383 7).
1659 4315 1790 4370 Cum
1817 4333 1908 4370 er-

327 4419 393 4471 go
410 4404 470 4456 in
511 4405 753 4457 morbum
803 4405 1072 4469 incideris,
1095 4423 1127 4459 ο
1151 4407 1330 4472 homo,
1377 4406 1654 4461 recordare
1669 4409 1907 4475 corporis

325 4493 468 4548 illius
495 4503 794 4562 sancteque
824 4494 998 4547 carnis
1026 4511 1039 4547 :
1069 4505 1248 4550 sancta
1277 4497 1468 4567 quippe
1489 4506 1600 4551 erat
1627 4506 1784 4566 atque
1812 4513 1908 4566 pu-

328 4600 417 4650 ra,
445 4584 570 4639 licet
623 4584 703 4637 bis
727 4585 1034 4639 vulneribus
1084 4585 1294 4640 affecta.
1346 4589 1545 4659 Siquis
1591 4589 1640 4642 in
1669 4591 1904 4643 exercitu

321 4678 534 4746 positus
581 4676 773 4747 injuste
811 4677 1062 4747 nullaque
1089 4681 1276 4734 saltem
1324 4680 1583 4752 probabili
1630 4679 1697 4734 de
1744 4694 1903 4733 causa

327 4770 470 4839 ligno
514 4783 823 4838 suSpeusus,
850 4769 1012 4822 latera
1038 4771 1137 4824 sibi
1178 4771 1397 4828 lacerari
1455 4771 1660 4834 videat,
1708 4786 1907 4838 nequa-

324 4877 483 4932 quam
507 4861 556 4915 id
583 4861 886 4931 ignominia:
910 4860 1026 4915 loco
1053 4861 1263 4925 habeat.
1291 4881 1460 4936 neque
1480 4879 1537 4920 se
1565 4863 1749 4918 dolore
1778 4878 1906 4917 con-

325 4952 416 5005 tici
445 4951 604 5014 sinat,
634 4961 874 5005 sanctum
904 4951 1049 5006 illum
1077 4955 1334 5010 memoria
1362 4965 1629 5026 repetens.
1681 4955 1749 5008 At
1789 4954 1901 5022 ille,

327 5042 557 5111 inquies,
575 5056 838 5096 summam
867 5041 1052 5097 habuit
1075 5047 1520 5109 consolationem,
1551 5045 1691 5116 quod
1743 5047 1904 5100 sciret

327 5134 494 5187 Deum
525 5131 640 5186 lucc
673 5132 774 5187 sibi
802 5133 1062 5204 inﬂigere.
1095 5140 1253 5209 Atqui
1285 5141 1385 5194 hoc
1428 5139 1597 5208 ipsum
1635 5139 1801 5209 tnagis
1842 5140 1905 5193 il-

326 5225 433 5276 lum
493 5222 737 5277 turbabat
775 5223 1180 5297 afﬂigebatque,
1221 5231 1360 5299 quod
1409 5229 1666 5298 cogitaret
1704 5231 1901 5298 justum

329 5319 515 5380 Deum,
564 5331 722 5385 quem
755 5317 866 5385 ipse
896 5322 1038 5374 omni
1072 5323 1230 5377 modo
1251 5323 1533 5386 coluisset,
1589 5338 1770 5378 secum
1807 5341 1902 5394 pu-

323 5426 512 5481 gnare.
535 5408 642 5464 Nec
672 5408 834 5463 ullam
857 5411 936 5464 vel
972 5414 1295 5482 probabilem
1317 5429 1523 5479 eorum,
1551 5431 1668 5484 qua:
1692 5418 1900 5473 accide-

327 5507 472 5566 bant,
503 5516 716 5558 causam
759 5505 990 5570 reperire
1016 5515 1238 5573 poterat.
1260 5507 1388 5562 Nam
1417 5507 1502 5561 ubi
1528 5507 1739 5561 demum
1772 5523 1900 5562 cau-

323 5609 437 5648 sam
463 5594 682 5657 didicit,
727 5593 846 5646 vide
873 5603 1121 5662 quantam
1145 5599 1394 5668 pietatem
1423 5599 1738 5654 exhibuerit.
1763 5603 1901 5657 Cum

323 5686 466 5737 enim
490 5684 560 5739 illi
585 5685 720 5740 Deus
739 5683 871 5738 dixit
901 5699 915 5736 :
948 5685 1124 5741 Alione
1145 5700 1290 5756 putas
1319 5691 1466 5746 modo
1488 5709 1561 5747 me
1587 5692 1674 5746 tibi
1696 5695 1901 5747 oracula

386 5885 402 5914 ³
437 5883 558 5935 Vide
587 5889 750 5934 notam
776 5884 990 5934 Graecam

1339 474 1428 534 DE
1467 478 1762 539 DlABOLO
1801 481 2238 541 TENTATORE.
2282 484 2511 540 llOMlL.
2553 484 2636 540 lll.

3505 487 3609 541 9.7?

2041 583 2249 650 fudisse,
2278 601 2426 652 quam
2448 598 2500 639 ut
2520 589 2690 658 justus
2718 604 2983 657 appareres
3009 589 3130 661 (Job
3159 593 3245 650 40.
3273 593 3365 661 8)?
3402 604 3609 664 percul-

2040 690 2130 729 sus
2158 678 2244 730 ille
2275 679 2546 745 respondit
2575 699 2586 732 :
2613 680 2819 732 Manum
2846 699 3027 749 ponam
3053 701 3200 752 super
3222 701 3277 737 os
3306 700 3504 739 meum:
3529 705 3607 739 se-

2039 769 2136 819 mel
2158 767 2388 832 loquutus
2409 787 2538 835 sum,
2557 771 2770 822 secundo
2797 788 2893 823 non
2917 775 3099 825 addam
3140 773 3245 840 (Ib.
3275 791 3322 827 υ.
3345 776 3398 828 4.
3432 777 3486 843 5)
3511 792 3526 828 :
3553 793 3613 831 ac

2041 874 2271 926 rursum,
2298 859 2462 928 Usque
2482 862 2547 912 ad
2583 862 2721 912 auris
2745 862 2970 917 auditth
2994 866 3162 916 audivi
3179 877 3226 918 te
3247 875 3433 928 antea;
3482 883 3613 918 nunc

2039 959 2205 1001 autent
2227 951 2398 1002 oculus
2419 967 2552 1002 meus
2573 952 2692 1002 vidit
2713 962 2777 1008 te.
2801 951 2966 1017 Quare
2982 957 3220 1020 meipsum
3249 957 3393 1008 vilem
3411 966 3611 1023 reputa-

2041 1041 2107 1102 vi,
2155 1048 2200 1092 et
2225 1039 2424 1093 extabui
2453 1057 2471 1094 .'
2497 1042 2720 1110 reputavi
2745 1053 2910 1094 autent
2935 1044 3178 1112 miipsum
3195 1057 3376 1099 terram
3405 1057 3450 1100 et
3479 1048 3610 1101 cinc-

2039 1145 2144 1183 rem
2174 1125 2328 1202 (Job.
2355 1129 2444 1185 42.
2464 1130 2516 1187 5.
2552 1132 2626 1206 6).

2112 1221 2163 1276 6.
2205 1222 2357 1288 Quod
2386 1223 2429 1278 si
2458 1223 2571 1277 lucc
2595 1223 2722 1279 satis
2749 1225 2814 1279 ad
2840 1227 3256 1284 consolationem
3279 1242 3400 1282 esse
3425 1239 3606 1297 putas,

2041 1314 2240 1381 poteris
2263 1323 2316 1367 et
2344 1315 2452 1382 ipse
2483 1314 2583 1368 hac
2610 1316 2973 1369 consolatione
2995 1319 3115 1371 frui.
3157 1317 3288 1372 Nam
3334 1317 3459 1373 licet
3506 1334 3609 1372 non

2040 1417 2137 1470 pro
2164 1403 2272 1455 Deo
2301 1402 2497 1472 aliquid
2525 1404 2648 1456 mali
2676 1405 2962 1468 sustineas,
2986 1406 3078 1459 sed
3105 1421 3171 1460 ex
3201 1408 3472 1462 hominum
3510 1426 3607 1463 no-

2040 1507 2224 1548 cumen
2235 1503 2304 1558 to,
2324 1495 2368 1549 si
2385 1497 2584 1566 gratias
2601 1497 2771 1567 egeris
2797 1511 2895 1551 nec
2918 1497 3370 1564 blaSpbemaveris
3395 1499 3446 1552 iu
3465 1516 3607 1560 eum.

2041 1588 2128 1657 qui
2157 1589 2414 1659 impedire
2440 1590 2651 1661 quidem
2679 1597 2910 1659 poterat,
2953 1589 3046 1643 sed
3071 1589 3136 1642 ad
3161 1600 3306 1642 tuam
3337 1592 3608 1660 probatio-

2040 1697 2160 1736 nem
2198 1684 2458 1751 permisit,
2508 1683 2646 1736 sicut
2674 1683 2708 1735 ii
2727 1683 2816 1750 qui
2865 1691 3078 1751 propter
3125 1682 3290 1735 Deum
3341 1684 3610 1751 patiuntur

2038 1773 2466 1837 coronantur,sic
2491 1780 2544 1826 et
2571 1783 2625 1826 tu
2655 1770 2894 1825 eamdem
2913 1771 3257 1838 consequeris
3284 1772 3602 1836 mercedem,

2038 1866 2158 1935 quia
2185 1866 2358 1920 illatas
2389 1865 2477 1920 tibi
2496 1865 2566 1920 ab
2596 1863 2899 1920 hominibus
2923 1862 3252 1917 calamitates
3280 1862 3485 1918 fortiter
3531 1877 3609 1917 tu-

2040 1957 2168 2025 listi,
2194 1967 2249 2011 et
2266 1959 2314 2012 ei
2343 1960 2429 2026 qui
2452 1972 2570 2012 cum
2601 1956 2714 2011 illas
2741 1955 3022 2024 prohibere
3062 1962 3240 2024 posset
3262 1995 3277 2019 ,
3332 1955 3502 2008 noluit
3526 1964 3609 2007 ta-

2039 2062 2183 2113 men,
2200 2043 2579 2117 gratiasegisti.
2594 2046 2733 2101 Ecce
2757 2045 2914 2114 igitur
2933 2055 2987 2098 et
3010 2055 3369 2114 paupertatem
3391 2054 3445 2100 et
3469 2061 3610 2099 mor-

2035 2138 2161 2192 bum
2185 2152 2342 2208 supra
2364 2137 2580 2192 modum
2607 2152 2818 2191 omnem
2836 2136 2979 2206 justo
3003 2137 3201 2191 illatum
3216 2137 3411 2193 vidisti.
3442 2137 3608 2191 Visne

2036 2229 2192 2284 etiam
2224 2237 2281 2283 ut
2309 2227 2525 2294 bellum,
2555 2227 2694 2300 quod
2725 2228 2823 2296 ipsi
2853 2237 3038 2284 natura
3061 2228 3256 2294 intulit,
3279 2227 3466 2282 eodem
3484 2243 3606 2283 cum

2037 2322 2236 2390 impetu
2265 2320 2452 2374 fortem
2485 2321 2656 2372 virum
2689 2319 2946 2373 invasisse
2983 2318 3300 2373 ostendam?
3329 2319 3516 2372 Decem
3550 2317 3608 2368 ti-

2036 2411 2135 2465 lios
2161 2410 2412 2479 perdidit,
2441 2409 2625 2463 decem
2657 2408 2832 2470 simul,
2862 2408 3044 2462 decem
3080 2409 3264 2463 eodem
3313 2407 3606 2476 juventutis

2035 2503 2186 2566 flore,
2215 2501 2399 2556 decem
2432 2502 2624 2554 virtute
2648 2501 2914 2569 pratditos,
2961 2514 3060 2553 nec
3089 2500 3356 2553 communi
3404 2505 3604 2551 natura:

2035 2594 2171 2662 lege,
2201 2591 2294 2646 sed
2325 2591 2556 2646 violenta
2582 2589 2980 2658 miserabilique
3025 2598 3215 2642 morte.
3268 2587 3398 2652 Quis
3447 2586 3601 2640 talem

2031 2685 2385 2739 calamitatem
2439 2684 2740 2752 exprimere
2794 2682 3002 2735 valeat?
3059 2681 3225 2735 Nemo
3264 2697 3412 2736 sane.
3471 2680 3602 2734 Cum

2031 2790 2156 2844 ergo
2177 2788 2229 2829 et
2254 2774 2421 2828 tilium
2442 2782 2498 2828 et
2535 2773 2698 2827 ﬁliam
2746 2773 2904 2826 simul
2946 2773 3228 2836 amiseris,
3277 2786 3490 2825 recurre
3536 2771 3602 2824 ad

2023 2868 2224 2937 justum
2256 2867 2427 2932 illum,
2456 2865 2780 2935 multamque
2801 2865 3120 2918 nancisceris
3161 2863 3597 2917 consolationem.

2027 2959 2162 3014 Num
2191 2959 2307 3014 hmc
2336 2968 2537 3014 tantum
2560 2960 2659 3029 ipsi
2687 2958 2928 3012 accidere
2954 2957 3133 3011 mala?
3163 2956 3468 3010 Amicorum
3518 2956 3600 3008 in-

2027 3064 2189 3117 super
2215 3048 2445 3104 defectio
2470 3059 2524 3103 et
2545 3048 2796 3118 proditio,
2819 3057 3132 3110 scommata,
3162 3045 3398 3100 convicia
3419 3087 3433 3110 ,
3462 3044 3600 3100 deri-

2026 3142 2226 3206 siones,
2250 3143 2401 3196 sanni
2427 3161 2438 3194 :
2469 3143 2534 3196 ab
2560 3141 2805 3195 omnibus
2833 3151 3011 3194 autem
3043 3138 3278 3192 divexari
3318 3151 3473 3206 quam
3519 3137 3598 3189 iu-

2029 3231 2356 3285 tolerandum
2389 3230 2572 3285 fuerit!
2607 3231 2722 3284 Non
2750 3230 2889 3284 enim
2915 3231 2984 3283 ita
3005 3243 3360 3283 mrumnarum
3389 3234 3596 3290 natura,

2025 3331 2083 3377 ut
2103 3323 2157 3388 ii,
2189 3322 2276 3391 qni
2303 3323 2456 3377 nobis
2477 3336 2743 3376 erumnas
2763 3321 3108 3390 exprobrant,
3138 3318 3387 3373 mordere.
3437 3317 3592 3371 solet.

2024 3413 2135 3467 Non
2168 3414 2327 3467 modo
2350 3430 2452 3467 non
2483 3414 2686 3477 aderat,
2743 3413 2834 3482 qui
2875 3413 3267 3474 consolaretur;
3316 3409 3408 3463 sed
3445 3408 3592 3462 multi

2025 3503 2254 3574 undique
2277 3505 2542 3558 instabant
2567 3503 2950 3558 conviciantes.
2976 3502 3242 3569 Videsque
3294 3501 3440 3554 illum
3496 3498 3594 3551 hac

2021 3595 2088 3649 de
2110 3612 2166 3649 re
2193 3597 2466 3664 conqueri,
2498 3610 2560 3649 ac
2586 3594 2762 3648 dicere
2790 3609 2804 3646 :
2840 3596 2902 3646 At
2931 3609 3015 3646 vos
3049 3592 3285 3645 invaditis
3324 3607 3402 3644 me
3463 3588 3593 3661 (Job

2023 3685 2108 3739 t9.
2133 3684 2210 3757 5),
2234 3700 2429 3754 eosque
2459 3682 2904 3738 immisericordes
2933 3691 3087 3736 vocat
3115 3681 3196 3734 his
3223 3679 3398 3733 verbis
3423 3697 3434 3731 :
3464 3679 3594 3744 Quin

2021 3776 2388 3845 abnegaverunt
2414 3791 2491 3826 me
2511 3774 2724 3844 proximi
2751 3774 2878 3837 mei;
2910 3782 2954 3825 et
2980 3771 3237 3825 domestici
3277 3771 3375 3822 mei
3419 3779 3594 3822 contra

2018 3883 2097 3919 me
2121 3865 2466 3935 loquebantur,
2513 3875 2557 3917 et
2587 3864 2720 3931 ﬁlios
2763 3863 2995 3931 pellicum
3046 3877 3271 3914 mearum
3313 3860 3593 3912 vocabam:

2023 3958 2100 4010 illi
2121 3973 2236 4010 vero
2261 3957 2543 4010 resiliebant
2567 3953 2584 4026 (
2606 3954 2686 4007 Ib.
2716 3970 2760 4007 υ.
2795 3955 2880 4007 14.
2911 3954 3020 4022 l7).
3049 3953 3171 4019 Alii,
3223 3953 3416 4022 inquit,
3470 3967 3590 4003 con-

2016 4049 2258 4116 spuebant
2287 4050 2337 4100 in
2363 4065 2456 4113 me,
2486 4064 2544 4100 ac
2573 4046 2842 4100 ludibrium
2870 4049 3033 4117 factus
3061 4062 3174 4099 sum
3200 4045 3427 4098 omnibus
3454 4042 3586 4114 (Job

2016 4140 2107 4198 59.
2136 4140 2187 4194 9.
2225 4140 2313 4206 10)
2342 4158 2354 4194 :
2385 4149 2430 4192 et
2458 4140 2590 4206 ipsa,
2628 4137 2794 4206 inquit
2820 4179 2832 4200 ,
2864 4137 3009 4190 vestis
3062 4153 3139 4188 me
3188 4136 3474 4188 abominata
3520 4144 3591 4187 est

2018 4231 2135 4301 (Job
2165 4232 2218 4287 9.
2245 4234 2355 4300 51).
2390 4232 2512 4284 Ιιωο
2561 4245 2626 4282 ne
2671 4229 2850 4282 auditu
2889 4227 3100 4297 quidem
3129 4227 3364 4287 ferenda,
3395 4225 3588 4279 nedum

2016 4324 2130 4392 ipso
2155 4338 2329 4376 rerum
2379 4321 2517 4374 facto
2567 4317 2896 4372 sustinenda.
2961 4317 3247 4385 Paupertas
3303 4324 3537 4368 extrema
3574 4355 3589 4375 ,

2016 4415 2232 4468 morbus
2261 4410 2641 4474 intolerandus,
2674 4422 2841 4462 novus
2855 4415 2909 4461 et
2929 4407 3215 4468 inauditus,
3245 4415 3323 4458 tot
3338 4415 3388 4458 et
3411 4405 3590 4457 talium

2015 4504 2241 4558 filiorum
2269 4502 2487 4556 amissio
2514 4501 2602 4554 tali
2633 4498 2788 4554 modo
2808 4498 2964 4562 facta,
2997 4495 3253 4559 convicia,
3273 4503 3588 4557 scommata,

2013 4594 2274 4662 vituperia
2296 4594 2364 4647 ab
2385 4592 2706 4646 hominibus.
2740 4590 2838 4644 Alii
2868 4587 3079 4657 quidem
3112 4585 3404 4640 irridebant
3435 4627 3449 4648 ,
3502 4584 3590 4638 alii

2012 4685 2467 4747 conviciabantur,
2493 4683 2582 4737 alii
2629 4682 2969 4751 spernebant,
3003 4694 3109 4732 non
3137 4678 3334 4733 inimici
3363 4685 3587 4739 tantum,

2012 4777 2108 4832 sed
2141 4788 2194 4832 et
2217 4778 2404 4841 amici;
2437 4791 2538 4828 non
2562 4774 2716 4828 amici
2741 4781 2942 4824 tantum
2972 4811 2987 4835 ,
3039 4769 3134 4825 sed
3187 4779 3240 4824 et
3288 4768 3586 4823 domestici.

2013 4869 2194 4938 Neque
2223 4868 2391 4922 solum
2420 4865 2712 4919 irridebant
2762 4870 2818 4916 et
2857 4861 3098 4915 convicia
3147 4858 3443 4928 iactabant,
3492 4857 3586 4911 sed

2012 4961 2172 5014 etiam
2201 4955 2677 5018 abominabantur;
2703 4953 2817 5007 haec
2856 4967 3013 5022 porro
3062 4964 3166 5003 non
3208 4948 3452 5012 duobus,
3504 4948 3586 5000 vel

2013 5047 2299 5113 tribus,vel
2330 5047 2512 5101 decem
2540 5045 2745 5109 diebus,
2794 5043 2886 5098 sed
2935 5041 3114 5096 multis
3155 5041 3426 5094 mensibus
3473 5055 3486 5091 :
3535 5049 3586 5091 et

2011 5141 2150 5212 quod
2175 5140 2244 5193 illi
2276 5138 2366 5193 uni
2391 5138 2627 5207 contigit,
2654 5151 2719 5190 ne
2746 5133 2915 5188 noctis
2939 5131 3584 5201 quidemconsolationem

2012 5231 2258 5298 habebat,
2283 5230 2374 5286 sed
2405 5229 2607 5284 diurnis
2632 5225 2884 5279 mrumuis
2916 5224 3274 5278 accessionem
3321 5221 3577 5289 majorem

2015 5326 2238 5383 faciebat
2265 5334 2644 5378 nocturnarum
2676 5316 3022 5372 formidinum
3077 5315 3371 5384 phantasia.
3424 5313 3577 5379 Quod

2010 5424 2149 5477 enim
2187 5420 2270 5474 vel
2320 5419 2370 5472 in
2411 5415 2610 5469 somnis
2649 5411 2888 5482 graviora
2931 5423 3117 5480 passus
3144 5409 3230 5472 sit,
3263 5407 3384 5461 audi
3441 5407 3584 5460 illum

2010 5515 2274 5570 dicentem
2300 5529 2313 5565 :
2350 5510 2518 5574 Quare
2542 5522 2623 5558 me
2653 5514 2806 5558 terres
2831 5505 2880 5555 in
2910 5501 3117 5566 somnis,
3163 5510 3209 5553 et
3236 5501 3290 5553 in
3317 5500 3585 5552 visionibus

2011 5623 2090 5658 me
2111 5613 2394 5656 constemus
2422 5595 2546 5667 (Job
2575 5599 2624 5649 7.
2656 5594 2793 5664 ii)?
2844 5593 2970 5658 Quis
2999 5599 3103 5645 tam
3155 5589 3358 5643 ferreus
3407 5591 3584 5648 homo,

2009 5697 2126 5765 quis
2147 5694 2362 5747 adamas
2381 5690 2494 5745 haec
2519 5689 2654 5745 mala
2681 5687 2942 5741 sustinere
2968 5682 3170 5753 possit?
3193 5681 3322 5736 Nam
3350 5683 3393 5734 si
3419 5679 3608 5762 quodg

2011 5788 2141 5842 libet
2169 5799 2353 5840 eorum
2376 5783 2600 5838 seorsim
2627 5778 3017 5835 consideratum
3044 5774 3434 5831 intolerandum
3456 5780 3536 5826 est
3565 5811 3582 5834 ,

2011 5886 2263 5950 quantum
2293 5876 2570 5930 tumultum
2593 5873 2766 5929 omnia
2787 5868 3154 5926 concurrentia
3183 5865 3454 5922 attulerint
3507 5873 3580 5916 te-
