4446 6728
877 616 4027 645 ww

1510 468 1569 523 S.
1607 467 1893 525 JOANNlS
1928 466 2419 526 CHRYSOSTOMI
2455 461 2780 520 ARCHIEP.
2818 461 3372 522 CONSTANTINOP.

3989 460 4092 519 Q78

2058 746 2275 799 ΛΟΓΟΣ
2308 746 2465 801 ΠΕΡΙ
2498 745 2898 803 ΜΕΤΑΝΟΙΑΣ

1922 883 2017 949 Ἐξ
2065 881 2249 953 ἀγροῦ
2301 880 2487 936 αὐτοῦ
2534 881 2972 946 ἐπανελθόντος
2994 892 3042 933 ιι.

1345 1214 1494 1286 [279]
1544 1216 1777 1284 ὀμιλία
1808 1221 1880 1269 α’.

927 1297 1154 1370 α’.’Δρα
1178 1297 1489 1368 ἐμέμνησθε
1511 1297 1690 1369 ἡμῶν,
1717 1296 1881 1368 ἡνίκα
1898 1295 1989 1348 τὸν
2008 1294 2212 1364 μεταξὺ
2236 1292 2423 1347 τοῦτον

858 1383 1233 1457 ἐχωρίσθημεν
1280 1382 1472 1452 χρόνον
1522 1380 1707 1451 ὑμῶν;
1768 1377 1907 1446 Ἐγὼ
1956 1377 2056 1447 μὲν
2098 1376 2209 1447 γὰρ
2270 1376 2425 1447 ὑμῶν

858 1470 1110 1526 οὐδέποτε
1140 1464 1411 1535 ⁴ἠδυνήθην
1436 1461 1808 1525 ἐπιλαθέσθαι,
1847 1460 1985 1515 ἀλλά
2014 1460 2110 1513 καὶ
2131 1458 2230 1529 τὴν
2269 1459 2425 1512 πόλιν

858 1554 1041 1624 ἀφεὶς,
1073 1549 1173 1620 τὴν
1200 1546 1472 1620 ὑμετέραν
1496 1546 1594 1599 οὑκ
1617 1543 1804 1613 ἀφῆκα
1826 1544 2048 1614 μνήμην
2063 1559 2077 1572 ·
2100 1541 2216 1596 ἀλλ’
2236 1541 2427 1613 ὥσπερ

858 1638 908 1690 οι
958 1635 1067 1690 τῶν
1116 1630 1381 1701 λαμπρῶν
1428 1627 1661 1699 ἐρῶντες
1711 1625 2015 1696 σωμάτων,
2064 1625 2308 1696 ὅπουπερ
2360 1625 2426 1678 ἂν

858 1719 1083 1780 ἀπίωσι,
1119 1715 1239 1785 μεθ’
1273 1711 1480 1766 ἐαυτῶν
1514 1710 1616 1781 τὴν
1654 1709 1993 1779 ποθουμένην
2038 1709 2428 1780 περιφέρουσιν

856 1804 999 1871 ὄψιν,
1035 1797 1179 1852 οὕτω
1209 1794 1276 1865 δὴ
1306 1794 1401 1849 καὶ
1430 1794 1592 1865 ἡμεῖς
1623 1791 1717 1845 τοῦ
1764 1790 1994 1854 κάλλους
2029 1790 2131 1860 τῆς
2158 1791 2429 1861 ὑμετέρας

854 1885 1033 1954 ψυχῆς
1068 1877 1415 1951 ἐρασθέντες,
1466 1875 1554 1929 ἀεὶ
1588 1873 1707 1946 μεθ’
1735 1871 1946 1926 ἑαυτῶν
1975 1872 2076 1944 τὴν
2124 1872 2428 1943 εὐμορφίαν

986 1962 1257 2036 ὑμετέρας
1302 1957 1683 2041 περιφέρομεν-
1721 1955 1977 2018 διανοίας.
2019 1956 2132 2041 Kal
2179 1953 2425 2041 καθάπερ

860 2033 922 2106 οί
948 2033 1266 2117 ζωγράφοι,
1318 2038 1537 2093 ποικίλα
1582 2037 1855 2109 χρώματα
1901 2035 2289 2109 κεραννύντες,
2328 2033 2427 2096 τὰς

861 2133 971 2189 τῶν
999 2128 1266 2201 σωμάτων
1309 2123 1527 2185 εἰκόνας
1568 2120 1892 2192 ἐργάζονται
1914 2161 1927 2185 ,
1960 2118 2104 2173 οὑτω
2135 2122 2230 2201 καὶ
2266 2119 2427 2188 ἡμεῖς

859 2216 959 2286 τὴν
991 2208 1225 2279 σπουδὴν
1268 2206 1420 2277 ὑμῶν
1449 2204 1549 2275 τὴν
1590 2206 1646 2257 ἐν
1677 2205 1796 2265 ταῖς
1846 2202 2118 2286 συνάξεσι,
2164 2200 2263 2286 την
2295 2215 2429 2286 1:90-

856 2283 1059 2368 θυμίαν
1086 2294 1185 2364 τὴν
1210 2291 1339 2361 περί
1379 2288 1475 2359 τὴν
1499 2287 1784 2357 ἀκρόασιν,
1816 2285 1915 2355 τὴν
1942 2284 2152 2368 εὑνοιαν
2172 2283 2269 2368 τὴν
2300 2283 2428 2368 περὶ

854 2365 945 2437 τὸν
981 2379 1236 2447 λέγοντα,
1263 2374 1332 2427 τὰ
1363 2371 1499 2428 ἀλλα
1529 2371 1707 2424 πάντα
1746 2367 2147 2441 κατορθώματα
2177 2365 2429 2435 καθάπερ

858 2463 1079 2520 ποικίλα
1104 2458 1371 2529 χρώματα
1396 2452 1598 2524 ἀρετῆς
1625 2452 1978 2523 κεράσαντες,
2014 2451 2110 2503 καὶ
2138 2450 2230 2502 τὸν
2249 2465 2424 2519 χαρα-

856 2548 1036 2619 κτῆρα
1061 2544 1160 2613 τῆς
1190 2539 1371 2610 ψυχῆς
1405 2535 1559 2606 ὑμῶν
1581 2534 2154 2619 ὑᾼπογράψαντεςηκαί
2182 2532 2289 2619 πρὸ
2318 2531 2429 2585 τῶν

855 2616 1151 2701 ὀφθαλμῶν
1175 2622 1276 2692 τῆς
1308 2620 1547 2701 διανοίας
1572 2617 1776 2683 θέντες,
1800 2616 2261 2701 ίκανὴνᾲδιάᾉτῆς
2296 2630 2430 2683 φαν-

856 2699 1048 2772 τασίας
1083 2705 1287 2774 ταύτης
1340 2699 1717 2771 ἐλαμϐάνομεν
1761 2700 1857 2770 τῆς
1905 2699 2212 2771 ἀποδημίας
2249 2714 2426 2767 παρα-

854 2793 1079 2865 μυθίαν.
1118 2786 1235 2842 Kal
1266 2783 1478 2848 ταῦτα,
1520 2781 1805 2865 καὶ-οἴκοι
1857 2782 2161 2853 καθήμενοι
2206 2780 2301 2865 καὶ
2346 2779 2428 2831 δι-

854 2862 1338 2942 ανιστάμ·ενοι,καὶ
1378 2863 1785 2936 ὁδοιποροῦντες
1858 2865 1951 2917 καὶ
1989 2862 2424 2931 ἀναπαυόμενοι,

857 2959 953 3013 καὶ⁸
971 2954 1224 3015 εἰσιόντες
1255 2949 1349 3004 καὶ
1374 2948 1629 3015 ἐξιόντες,
1664 2947 2000 3017 ἐστρέφομεν
2035 2942 2271 3014 συνεχῶς
2292 2983 2305 3008 ,
2329 2942 2428 3013 τὴν

855 3040 1126 3112 ὑμετέραν
1144 3031 1609 3106 ὀνειροπολοῦντες
1641 3031 1862 3100 ἀγάπην
1885 3046 1898 3060 ο
1924 3030 2018 3083 καὶ
2045 3029 2145 3112 οὑκ
2174 3030 2230 3080 ἐν
2246 3027 2430 3097 ἡμέρᾳ

853 3111 1041 3197 μόνον,
1068 3119 1204 3175 ἀλλά
1229 3118 1323 3171 καὶ
1345 3118 1409 3171 έν
1434 3116 1593 3168 νυκτὶ
1629 3116 1858 3177 ταύταις
1892 3111 2275 3197 ἐνετρυιρῶμεν
2308 3112 2429 3197 ταῖς

853 3192 1197 3276 ξραντασίαις.
1229 3201 1339 3254 Καὶ
1364 3200 1501 3270 ὅπερ
1517 3202 1545 3251 ὁ
1567 3198 1819 3267 Σολομὼν
1842 3197 1968 3266 ἔφη,
2167 3192 2431 3248 καθεύδω

856 3290 955 3346 καί
984 3290 1024 3359 ἡ
1058 3286 1271 3355 καρδία
1288 3301 1406 3354 μου
1450 3281 1773 3351 ἀγρυπνεῦ
1805 3281 1965 3333 τοῦτο
1994 3282 2087 3334 καί
2119 3281 2278 3350 ἡμεῖς
2308 3278 2429 3331 τότε

854 3374 1189 3443 ἐπάσχομεν.
1223 3369 1287 3421 Ἡ
1317 3365 1415 3437 μὲν
1442 3366 1551 3436 γάρ
1580 3366 1789 3436 ἀνάγκη
1815 3363 1908 3418 τοῦ
1939 3363 2108 3417 ὑπνου
2140 3361 2428 3416 κατέστελ-

853 3458 945 3512 λεν
970 3454 1128 3527 ἡμῶν
1149 3453 1177 3493 ι’
1202 3450 1272 3506 τά
1296 3450 1542 3521 βλέφαρα
1561 3466 1573 3479 ·
1607 3450 1640 3518 ή
1660 3448 1716 3501 δὲ
1743 3450 1841 3518 τῆς
1863 3448 2082 3517 ἀγάπης
2107 3446 2206 3515 τῆς
2231 3444 2428 3516 ὑμετέ-

857 3557 955 3612 ρας
970 3536 1223 3608 τυραννὶς
1244 3533 1512 3602 ἀφύπνιζε
1531 3532 1659 3593 τοὺς
1674 3530 1771 3601 τῆς
1794 3530 2033 3612 διανοίας
2097 3527 2431 3612 μῶνῗόᾲφθαλ-

858 3610 1022 3693 μούς’
1059 3620 1154 3673 καὶ
1184 3617 1447 3678 πολλάκις
1481 3616 1611 3685 ὑμῖν
1647 3613 1781 3683 ὁναρ
1809 3610 2150 3679 διαλέγεσθαι
2173 3610 2423 3664 ἐδόκουν.

854 3706 965 3761 Καὶ
985 3704 1099 3775 γὰρ
1121 3701 1361 3769 πέφυκεν
1383 3701 1418 3770 ἡ
1436 3698 1582 3768 ψυχὴ
1604 3694 1775 3751 ταῦτα
1802 3694 2163 3766 φαντάζεσθαι
2187 3693 2421 3764 νύκτωρ,

854 3790 999 3860 ἅπερ
1013 3786 1079 3840 ἀν
1100 3785 1221 3856 μεθ’
1240 3783 1455 3855 ἡμέραν
1470 3780 1774 3851 λογίζηταιο
1793 3780 1930 3850 ὅπερ
1950 3775 2042 3833 οὖν
2058 3779 2152 3833 καὶ
2168 3780 2253 3849 ἐφ’
2269 3780 2302 3849 ἡ
2310 3778 2426 3849 μῶν

851 3872 972 3926 τότε
993 3867 1293 3923 συνέϐαινε·
1316 3866 1411 3919 καὶ
1431 3865 1529 3935 οὑχ
1548 3863 1688 3935 ὁρῶν
1712 3864 1855 3934 ὑμᾶς
1876 3866 1988 3927 τοῖς
2007 3862 2304 3933 ὀφθαλμοῖς
2326 3862 2426 3931 τῆς

854 3952 1078 4023 σαρκὸς,
1109 3951 1299 4021 ἐώρων
1319 3948 1464 4017 ὑμᾶς
1487 3947 1585 4018 τῆς
1608 3946 1832 4017 ἀγάπης
1854 3948 1964 4009 τοῖς
1986 3946 2304 4015 ὀφθαλμοῖς,
2332 3944 2427 3997 καὶ

855 4036 930 4105 μὴ
959 4031 1151 4104 παρὼν
1186 4032 1317 4102 ὑμῖν
1345 4027 1421 4112 τῶ
1451 4027 1684 4112 σώματι,
1714 4029 1979 4112 παρὴᾲμην
2008 4029 2134 4112 ὑμῖν
2160 4029 2225 4097 τῇ
2252 4025 2459 4112 διαθέχ

857 4104 962 4180 σει,
996 4116 1090 4171 καί
1136 4131 1228 4185 μοι
1268 4113 1337 4166 τά
1368 4104 1489 4165 ὦτα
1516 4112 1603 4164 ἀεὶ
1638 4111 1742 4164 ὑπὸ
1769 4121 1793 4151 ο
1822 4110 1921 4181 τῆς
1959 4109 2230 4180 ὑμετέρας
2269 4124 2429 4179 περι-

849 4202 1032 4269 ηχεῖτο
1063 4193 1329 4267 κραυγῆς.
1360 4194 1458 4248 Διά
1485 4192 1642 4247 τοῦτο
1670 4193 1764 4247 καὶ
1791 4191 1892 4261 τῆς
1924 4191 2017 4245 τοῦ
2047 4190 2299 4261 σώματος
2328 4190 2429 4262 ἀρ-

854 4282 1087 4353 ρωστίας
1117 4280 1208 4332 ἐπὶ
1230 4278 1390 4332 πλέον
1406 4279 1521 4330 ἐκεῖ
1540 4274 1838 4347 διατρίϐειν
1860 4272 2303 4345 ἀναγκαζούσης,
2334 4273 2429 4325 καὶ

852 4363 952 4432 τῆς
983 4361 1076 4415 τοῦ
1104 4361 1265 4431 ἀέρος
1287 4360 1556 4429 ὠφελείας
1582 4361 1661 4421 εἰς
1688 4358 1787 4428 τὴν
1798 4360 1895 4428 τῆς
1914 4358 2117 4429 σαρκὸς
2139 4356 2428 4411 ἀπολαύειν

854 4446 1085 4513 ὑγίειαν,
1111 4446 1147 4515 ἡ
1179 4443 1277 4513 τῆς
1292 4442 1510 4511 ἀγάπης
1537 4440 1629 4511 βία
1641 4441 1739 4510 τῆς
1762 4441 2037 4511 ὑμετέρας
2051 4441 2151 4493 οὑκ
2171 4440 2429 4510 ὴνέσχετο

852 4526 1009 4581 τοῦτο
1044 4524 1093 4587 ἀ.
1139 4524 1286 4580 ἀλλά
1311 4522 1632 4593 κατεϐόησε,
1669 4522 1765 4576 καί⁸
1813 4522 1873 4575 ού
1915 4522 2180 4593 πρότερον
2215 4521 2429 4592 ἀπέστη

853 4607 1214 4677 διενοχλοῦσα,
1274 4606 1379 4669 ἐως
1439 4606 1590 4677 ἡμᾶς
1644 4604 1739 4658 καὶ
1777 4604 1883 4676 πρὸ
1913 4603 2017 4675 τῆς
2048 4602 2431 4675 προσηκούσης

853 4691 1004 4762 ὠρας
1054 4690 1349 4761 ἀναστῆναι
1401 4689 1607 4751 ἔπεισε,
1641 4690 1734 4743 καὶ
1768 4688 1976 4756 ὑγίειαν
1999 4686 2094 4741 καὶ
2118 4686 2309 4757 τέρψιν
2335 4685 2431 4738 καὶ

856 4776 963 4827 πᾶν
1013 4772 1194 4826 ὁτιοῦν
1243 4771 1446 4840 ἀγαθὸν
1494 4772 1591 4841 τὴν
1625 4771 1897 4842 ὑμετέραν
1940 4768 2249 4841 ἡγήσασθαι
2303 4784 2431 4821 συν-

853 4855 1139 4909 εϐούλευσε
1174 4854 1479 4908 συνουσίαν.
1515 4853 1701 4925 Ταύτῃ
1724 4853 1779 4906 δὲ
1800 4852 2114 4917 πεισθέντες
2140 4853 2325 4924 ἡμεῖς,
2360 4851 2433 4903 εί-

852 4937 1055 5008 λόμεθα
1087 4937 1285 5008 μᾶλλον
1316 4936 1529 5008 ἔχοντες
1554 4934 1634 4987 ἔτι
1662 4936 1730 4988 τὰ
1752 4934 1977 5005 λείψανα
2000 4935 2100 5006 τῆς
2118 4932 2431 5007 ἀρρωστίας

854 5020 1188 5084 ἐπανελθεῖν,
1207 5020 1243 5089 ἢ
1282 5018 1539 5089 καθαρῶς
1569 5017 1894 5087 ἀποθέμενοι
1920 5018 2018 5088 τὴν
2044 5018 2139 5071 τοῦ
2176 5016 2427 5088 σώματος

852 5100 1156 5165 ἀσθένειαν,
1180 5103 1272 5154 ἐπὶ
1302 5101 1462 5154 πλέον
1497 5101 1735 5172 λυπῆσαι
1754 5100 1853 5171 τὴν
1883 5099 2156 5171 ὑμετέραν
2182 5101 2423 5169 ἀγάπην.

855 5184 963 5235 Καὶ
984 5182 1092 5253 γὰρ
1130 5185 1245 5235 ἐκεῖ
1264 5181 1548 5252 διατρίϐων
1583 5184 1776 5253 ἢκουον
1803 5182 1957 5253 ὑμῶν
1988 5181 2057 5236 τά
2084 5182 2423 5253 ἐγκλήματα,

852 5266 945 5318 καὶ
975 5268 1218 5337 συνεχεῖς
1262 5264 1550 5319 ἐπιστολαὶ
1588 5265 1759 5321 ταῦτα
1789 5266 1920 5337 ¹ἡμῖν
1965 5266 2301 5335 διεκόμιζον·
2331 5264 2426 5318 καὶ

849 5348 956 5419 γὰρ
979 5352 1266 5420 προσεῖχον
1295 5351 1406 5412 τοῖς
1430 5347 1750 5415 ἐγκαλοῦσιν
1782 5359 1805 5388 ο
1819 5348 1924 5418 οὑχ
1943 5342 2125 5418 ἦττον,
2147 5348 2182 5416 ἢ
2202 5350 2313 5410 τοῖς
2334 5348 2426 5414 ἐγ-

911 5443 936 5470 ⁸
960 5442 1174 5507 quberl.
1205 5440 1292 5507 τοῦ
1316 5445 1362 5492 έν
1380 5443 1584 5505 ἀγίοις...
1608 5444 1952 5507 Χρυσοκόμου
1976 5444 2023 5499 ἐξ
2040 5440 2186 5505 ἀγροῦ
2210 5443 2287 5490 διὰ
2309 5442 2420 5505 χρό-

848 5518 931 5567 νον
954 5504 1181 5567 ἐλθόντος,
1200 5506 1286 5567 ,καὶ
1304 5506 1409 5567 περὶ
1426 5504 1695 5566 μετανοίας.

909 5562 939 5601 δ
972 5564 1106 5615 C01b.
1130 5565 1263 5626 ἡμῖν.

912 5626 934 5653 ε
962 5625 1057 5674 Alii
1080 5625 1194 5674 ἀπό.

911 5683 938 5748 fl
972 5685 1053 5734 Sic
1070 5698 1242 5748 omnes
1264 5691 1442 5748 prater
1463 5685 1634 5736 Morel.
1659 5689 1744 5748 qui
1766 5688 1913 5736 habet
1935 5688 2121 5736 τούτου.
2154 5685 2283 5748 Infra
2307 5684 2412 5734 Mo-

846 5745 1319 5853 guLlayveGa-ﬁ).wée,
1361 5746 1460 5796 duo
1494 5761 1611 5795 mss.
1652 5745 2059 5809 συμϐουλεύουσα,
2102 5746 2252 5799 SaVil.
2288 5764 2411 5809 συμ-

967 5821 1179 5853 ευουσαν.

967 5821 1163 5855 ευουσαν
1170 5844 1179 5854 .

914 5867 939 5896 ⁶
964 5864 1060 5915 Alii
1080 5869 1157 5915 καὶ
1180 5868 1310 5931 χάριν
1334 5870 1459 5931 εἶχον
1478 5868 1574 5923 τοῖς
1598 5869 1697 5927 ἐγκ.

2523 1212 2896 1282 κωμιάζουσι·
2928 1208 3105 1279 ψυχῆς
3138 1208 3247 1280 γάρ
3283 1209 3487 1274 εἰδυίας
3509 1211 3682 1279 φιλεῖν
3709 1203 3848 1279 ἦσαν
3874 1208 3929 1260 αἱ
3963 1205 4100 1277 μέμ-

2521 1295 2643 1363 ψεις
2674 1296 2899 1347 ἐκεῖναι.
2935 1292 3044 1345 Καὶ
3068 1290 3154 1344 διά
3181 1290 3354 1345 ταῦτα
3383 1294 3623 1355 ἀναστὰς
3654 1292 3887 1360 ἔδραμον
3910 1305 3923 1318 '

2522 1376 2610 1429 διὰ
2630 1376 2801 1429 ταῦτα
2814 1374 3067 1427 οὐδέποτε
3095 1374 3240 1443 ὑμᾶς
3267 1374 3368 1444 τῆς
3391 1375 3631 1437 διανοίας
3654 1372 3921 1442 ἠδυνήθην
3936 1373 4101 1425 έκϐαυ

2522 1458 2635 1510 λεῖν
2659 1459 2759 1526 τῆς
2785 1457 2944 1528 ἐμῆς.
2976 1458 3088 1509 Καὶ
3116 1456 3170 1509 τί
3200 1457 3512 1528 θαυμαστὸν
3547 1458 3596 1509 εἰ
3633 1458 3691 1507 ἐν
3715 1454 3871 1524 ἀγρῷ
3897 1454 4101 1526 διατρίο

2525 1541 2634 1595 ϐων
2659 1540 2790 1608 ἐγὼ,
2814 1541 2908 1593 καὶ
2922 1539 3105 1603 ἀδείας
3122 1540 3430 1605 ἀπολαύων,
3447 1539 3547 1609 τῆς
3565 1537 3836 1610 ὑμετέρας
3859 1540 4102 1609 ἐμεμνή-

2527 1641 2635 1694 μην
2671 1622 2913 1691 ἀγάπης,
2940 1622 3075 1675 ὅπου
3128 1639 3191 1691 γε
3225 1622 3436 1686 Παῦλος
3476 1621 3651 1691 δεσμά
3698 1624 4102 1692 περικείμενος,

2524 1708 2617 1760 καὶ
2670 1706 3042 1776 δεσμωτήριον
3067 1705 3249 1770 οίκῶν,
3282 1706 3377 1759 καὶ
3420 1705 3647 1775 μυρίους
3690 1705 3831 1775 ὁρῶν
3860 1707 4102 1778 ἐπηρτη-

2526 1788 2725 1859 μένους
2746 1787 2897 1857 αὑτῷ
2913 1788 3212 1852 κινδύνους,
3234 1788 3482 1856 καθάπερ
3499 1789 3555 1839 ἐν
3574 1785 3796 1857 λειμῶνι
3810 1787 4102 1858 τῷδεσμω-

2523 1870 2698 1941 τηρίῳ
2730 1870 2954 1937 διάγων,
2980 1870 3123 1924 οὑτω
3136 1870 3245 1924 τῶν
3264 1867 3508 1937 ἀδελφῶν
3534 1869 3831 1941 ἐμέμνητο,
3857 1872 3953 1925 καὶ
3976 1871 4103 1940 γρά-

2524 1971 2641 2023 φων
2660 1953 2813 2021 ἔλεγε
2832 1968 2845 1983 ⁸
2870 1953 3073 2018 Καθὼς
3098 1954 3227 2007 ἐστι
3251 1952 3486 2006 δίκαιον
3498 1953 3628 2022 ἐμοὶ
3652 1954 3826 2008 τοῦτο
3858 1954 4103 2024 φρονεῖν

2524 2037 2658 2105 περί
2687 2036 2875 2105 ὑμῶν,
2901 2036 2999 2090 διὰ
3025 2037 3091 2091 τὸ
3126 2036 3291 2106 ἔχειν
3311 2053 3388 2105 με
3411 2036 3482 2092 ἐν
3513 2036 3587 2105 τῇ
3614 2039 3823 2109 καρδίᾳ
3841 2040 4017 2110 ὑμᾶς,
4037 2043 4103 2094 ἐν

2523 2137 2587 2173 τε
2612 2119 2734 2185 τοῖς
2760 2118 3004 2187 δεσμοῖς
3026 2135 3167 2187 μου,
3215 2117 3313 2171 καί
3342 2118 3413 2171 ἐν
3442 2119 3516 2187 τῇ
3549 2122 3845 2193 ἀπολογίᾳ
3873 2125 3973 2177 καὶ
3997 2125 4105 2189 ,ϐε-

2526 2203 2763 2255 ϐαιώσει
2790 2202 2896 2255 τοῦ
2934 2200 3299 2270 Εὐαγγελίου
3318 2217 3338 2266 ;
3371 2200 3609 2267 Ἐξωθεν
3668 2205 3857 2269 ἅλυσις
3892 2208 3923 2275 ἡ
3958 2206 4105 2278 παρά

2524 2286 2633 2339 τῶν
2668 2284 2899 2355 ἐχθρῶν,
2933 2285 3027 2336 καὶ
3081 2284 3283 2337 ἔσωθεν
3324 2285 3513 2351 ἀλυσις
3538 2289 3572 2358 ἡ
3613 2287 3706 2341 τοῦ
3750 2289 3974 2359 φίλτρου
3999 2291 4106 2341 τῶν

2530 2368 2820 2441 μαθητῶν’
2871 2367 2986 2420 ἀλλ’
3025 2369 3058 2438 ή
3107 2367 3204 2438 μὲν
3253 2368 3453 2433 ἔξωθεν
3479 2372 3587 2423 ἀπὸ
3631 2371 3849 2441 σιδήρου
3880 2371 4106 2440 ἐκεχάλ-

2526 2469 2704 2514 κευτο,
2740 2453 2772 2521 ὴ
2803 2451 2861 2504 δὲ
2891 2451 3099 2504 ἔνδοθεν
3133 2451 3192 2516 ἐξ
3222 2453 3441 2523 ἀγάπης
3474 2455 3765 2523 ἐγεγένητο
3793 2472 3806 2485 ’
3845 2457 4106 2527 κάκείνην

2529 2539 2629 2608 μὲν
2656 2536 2915 2599 πολλάκις
2942 2537 3035 2589 καὶ
3063 2536 3317 2601 ἀπέθετο,
3339 2537 3542 2608 ταύτην
3572 2539 3627 2590 δὲ
3652 2538 3906 2592 οὐδέποτε
3936 2542 4106 2613 ἀπέρ-

2527 2620 2689 2690 ρηξεν
2713 2635 2727 2649 ·
2751 2619 2867 2672 ἀλλ’
2892 2618 3079 2689 ὥσπερ
3117 2620 3174 2673 αἰ
3225 2623 3480 2687 γυναῖκες
3514 2620 3635 2673 ὅσαι
3674 2623 3870 2690 πεῖραν
3902 2624 4106 2677 ὠδίνων

2525 2702 2715 2756 ἔλαϐον
2750 2704 2843 2756 καὶ
2879 2702 3112 2772 μητέρες
3138 2702 3406 2769 ἐγένοντο,
3429 2705 3541 2767 τοῖς
3577 2703 3813 2773 τεχθεῖσι
3848 2708 4104 2772 παιδίοις,

2524 2788 2771 2856 ὅπουπερ
2810 2788 2876 2839 ἀν
2904 2783 3057 2849 ὦσιν,
3092 2787 3197 2838 εἰσὶ
3228 2785 3494 2855 διηνεκῶς
3521 2788 3904 2860 συνδεδεμέναι
3925 2808 3939 2821 ”
3964 2790 4108 2844 οὕτω
4188 2778 4193 2783 θ

2526 2870 2619 2922 καὶ
2638 2868 2870 2932 Παῦλος,
2905 2868 3104 2937 μᾶλλον
3122 2866 3178 2920 δὲ
3196 2868 3289 2920 καὶ
3313 2868 3494 2938 πολλῷ
3526 2869 3729 2923 τούτων
3753 2873 4108 2945 σφοδρότερον

2527 2953 2614 3004 ἀεὶ
2636 2954 2750 3015 τοῖς
2767 2951 3034 3021 μαθηταῖς
3065 2950 3381 3021 προσήλωτο
3402 2954 3513 3014 τοῖς
3538 2952 3723 3018 αὑτοῦ,
3743 2956 3837 3007 καί⁵
3867 2956 4108 3025 τοσούτῳ

2532 3035 2755 3104 μᾶλλον,
2797 3035 2907 3104 ὅσῳ
2957 3032 3064 3085 τῶν
3103 3033 3347 3101 φυσικῶν
3389 3034 3565 3087 τόκων
3603 3037 3650 3088 οἰ
3676 3035 3772 3088 τοῦ
3798 3037 4108 3107 πνεύματός

2528 3122 2635 3172 είσι
2662 3119 3002 3189 θερμότεροι.
3036 3116 3144 3169 Καὶ
3166 3115 3276 3187 γὰρ
3306 3118 3401 3169 καὶ
3424 3110 3575 3181 οὗτος
3605 3117 3793 3171 ὤδινεν
3813 3120 3911 3189 οὑχ
3936 3121 4103 3186 ἅπαξ,

2529 3203 2664 3257 ἀλλά
2706 3203 2799 3255 καὶ
2836 3202 2916 3262 δίς
2954 3200 3080 3262 τοὺς
3112 3198 3330 3260 αὐτοὺς,
3362 3200 3456 3251 καὶ
3484 3199 3613 3254 ἐϐόα
3645 3200 3819 3268 λέγων
3841 3218 3852 3230 ·
3901 3207 4109 3257 Τεκνία

2522 3304 2664 3356 μου,
2699 3285 2805 3349 οὒς
2830 3283 3017 3337 πάλιν
3058 3282 3267 3334 ὠδίνω.
3318 3282 3512 3336 Καίτοι
3554 3300 3617 3350 γε
3665 3282 3824 3337 τοῦτο
3850 3285 4108 3340 οὐδέποτε

2527 3372 2594 3424 ἂν
2624 3370 2784 3423 πάθοι
2812 3370 2844 3439 ή
2876 3367 3035 3436 γυνὴ,
3066 3366 3175 3418 οὐδ’
3216 3364 3282 3417 ἂν
3317 3366 3581 3437 ὑποσταίη
3618 3367 3717 3431 τὰς
3740 3370 3913 3433 αὑτὰς
3943 3371 4108 3424 πάλιν

2527 3454 2741 3517 ὠδῖνας,
2781 3452 2918 3507 άλλά
2966 3449 3177 3510 Παῦλος
3217 3448 3477 3518 ὑπέμεινε
3504 3450 3685 3513 τοῦτο,
3714 3451 3851 3524 ὅπερ
3884 3456 3978 3507 ἐπὶ
4008 3455 4109 3524 τῆς

2527 3537 2741 3605 φύσεως
2767 3535 2896 3588 ἰδεῖν
2913 3533 3013 3586 οὑκ
3033 3532 3170 3591 ἔστι,
3203 3531 3297 3584 καὶ
3319 3531 3445 3595 τοὺς
3468 3531 3614 3599 ama
3641 3534 3931 3603 τεχθέντας
3944 3538 4109 3591 πάλιν

2526 3619 2839 3682 ἀναλαϐεῖν,
2875 3618 2969 3670 καὶ
3014 3616 3115 3678 τὰς
3145 3614 3395 3684 δριμείας
3452 3616 3538 3667 ἐπ’
3592 3618 3777 3682 αὑτοῖς
3814 3621 4107 3690 ὑπομεῖναι

2526 3704 2739 3767 ὠδῖνας.
2776 3702 2877 3754 Διά
2904 3697 3061 3752 τοῦτο
3108 3698 3203 3750 καὶ
3254 3697 3507 3768 ἐντρέψαι
3536 3699 3859 3771 βουλόμενος
3888 3706 4105 3770 αὑτοὺς,

2526 3788 2731 3853 ἔλεγεν,
2758 3784 2876 3849 Οὓς
2900 3782 3085 3835 πάλιν
3108 3780 3299 3833 ὠδίνω
3316 3795 3328 3808 ·
3375 3785 3653 3853 μονονουχὶ
3668 3785 3840 3853 λέγων
3864 3802 3879 3817 ⁸
3914 3788 4109 3842 Φείσα-

2527 3869 2620 3923 σθέ
2648 3885 2786 3940 μου·
2808 3866 2985 3928 οὐδεὶς
3016 3864 3130 3927 υἱὸς
3162 3862 3413 3934 δεύτερον
3439 3865 3537 3936 τὴν
3567 3869 3840 3939 μητρικὴν
3864 3872 4109 3942 γαστέρα

2524 3954 2645 4014 ταῖς
2703 3949 2855 4002 ὠδῖσι
2897 3948 3171 4006 διέτεινεν,
3219 3946 3356 4018 ὅπερ
3405 3948 3740 4016 ἀναγκάζετέ
3778 3968 3846 4021 με
3875 3954 4109 4024 πάσχειν

2529 4034 2688 4104 ὑμεῖς
2710 4048 2723 4062 ’
2785 4030 2963 4085 καίτοι
3001 4032 3206 4083 ἐκεῖναι
3247 4030 3346 4100 μὲν
3380 4032 3436 4084 αί
3466 4032 3652 4098 ὠδῖνες
3678 4036 3735 4087 ἐν
3775 4038 3875 4106 μιᾷ
3910 4038 4107 4108 καιροῦ

2530 4119 2670 4189 ῥοπῇ
2706 4114 3105 4175 κατατείνουσι,
3139 4113 3231 4166 καὶ⁵
3262 4113 3356 4167 τοῦ
3394 4116 3604 4189 παιδίου
3646 4118 3747 4188 τῆς
3776 4118 3970 4189 νηδύος
4016 4120 4107 4184 ἐξ·

2527 4187 2932 4270 ὸλισθήσαντοςν
2967 4194 3406 4267 συνεξέρχονταιο
3460 4187 3622 4253 αὗται
3658 4187 3716 4254 δέ
3768 4187 3866 4270 οὑχ
3909 4200 4106 4266 οὕτως,

2526 4282 2662 4337 ἀλλά
2696 4281 2789 4334 καὶ
2822 4280 2999 4349 μῆνας
3015 4279 3342 4349 ὁλοκλήρους
3371 4281 3589 4349 μένουσι
3617 4299 3630 4313 ’
3665 4283 3758 4336 καὶ
3786 4283 3897 4353 γὰρ
3927 4285 4101 4335 ἐνιαυ-

2525 4366 2617 4418 τὸν
2644 4365 2763 4418 ὅλον
2784 4362 2941 4415 ὠδινε
2971 4360 3250 4425 πολλάκις,
3269 4363 3361 4415 καὶ
3380 4363 3479 4417 οὑκ
3494 4365 3645 4419 ἔτεκε
3661 4367 3789 4430 τοὺς
3808 4368 4109 4435 κυομένους

2527 4449 2556 4501 ὁ
2574 4447 2787 4510 Παῦλος
2814 4461 2827 4475 ·
2857 4445 3023 4497 κάκεῖ
3052 4444 3148 4512 μὲν
3174 4444 3273 4513 τῆς
3307 4448 3506 4512 σαρκὸς
3529 4450 3557 4502 ὁ
3591 4449 3770 4512 πόνος,
3802 4448 4032 4502 ἐνταῦθα
4051 4452 4108 4503 δὲ

2526 4532 2588 4584 οὑ
2619 4529 2861 4598 γαστέρι
2886 4526 3241 4581 διατείνουσιν
3263 4531 3318 4582 αἰ
3342 4531 3653 4602 ἀλγηδόνες,
3670 4530 3786 4584 ἀλλ’
3807 4531 3978 4602 αὐτὴν
4006 4533 4109 4602 τῆς

2527 4615 2706 4685 ψυχῆς
2753 4613 2854 4683 τὴν
2905 4613 3058 4681 ἰσχὺν
3092 4613 3491 4679 καταξαίνουσι.
3542 4616 3652 4669 Kal
3680 4616 3765 4667 ἵνα
3797 4614 3995 4687 μάθῃς,
4025 4618 4109 4669 ὅτι

2531 4697 2857 4767 θερμότεραι
2889 4691 3049 4749 αὑται
3106 4698 3159 4749 αἰ
3199 4696 3405 4762 ὠδῖνες,
3430 4700 3513 4764 τίς
3544 4715 3674 4751 ποτε
3704 4697 3847 4767 ὑπὲρ
3872 4698 3981 4751 τῶν
4016 4718 4107 4753 τε-

2530 4780 2765 4851 χθέντων
2784 4778 3008 4832 παιδίων
3026 4777 3225 4850 ηὔξατο
3256 4782 3540 4853 ὑπομεῖναι
3573 4781 3825 4849 γέενναν;
3859 4777 4027 4847 υὺτος
4048 4786 4107 4839 δὲ

2530 4863 2588 4917 ού
2608 4863 2767 4934 μόνον
2794 4863 3025 4932 αἱρεῖται
3065 4863 3352 4934 ὑπομεῖναι
3382 4868 3626 4934 γέενναν,
3658 4865 3793 4919 ἀλλά
3823 4867 3917 4919 καὶ
3946 4866 4105 4938 εῦχεο

2532 4965 2617 5000 ται
2648 4944 2896 5016 ἀνάθεμα
2925 4939 3063 4998 εἶναι
3094 4946 3200 4999 ἀπὸ
3232 4948 3326 5001 τοῦ
3358 4949 3614 5022 Χριστοῦ,
3643 4947 3783 5001 ὥστε
3812 4948 4105 5021 δυνηθῆναι

2531 5032 2661 5094 τοὺς
2694 5027 2977 5091 Ἰουδαίους
3003 5028 3312 5094 ἀποτεκεῖν,
3343 5033 3438 5096 οὒς
3466 5032 3651 5084 ὤδινεν
3680 5030 3767 5083 ἀεὶ
3801 5034 3894 5086 καὶ
3921 5034 4103 5105 διηνε⁸

2531 5114 2665 5177 κῶς,
2690 5114 2787 5167 καὶ
2825 5113 3011 5181 ἐπειδὴ
3036 5113 3109 5186 μὴ
3133 5117 3411 5171 συνέϐαινε
3443 5114 3621 5178 τοῦτο,
3645 5113 3884 5170 ὠδυνᾶτο
3907 5117 4099 5185 λέγων’

2531 5196 2706 5262 Λύπη
2733 5195 2840 5264 μοι
2888 5196 3017 5250 ἐστι
3069 5199 3325 5269 μεγάλη.
3359 5198 3457 5251 καὶ
3493 5194 3869 5266 ἀδιάλειπτος
3915 5200 4103 5267 ὀδύνη

2531 5277 2605 5345 τῇ
2632 5277 2845 5352 καρδίᾳ
2860 5296 3000 5347 μου.
3021 5281 3131 5334 Καὶ
3148 5280 3380 5333 ἐνταῦθα
3414 5278 3605 5331 πάλιν
3636 5281 3980 5351 Τεκνίαμου,
3997 5282 4106 5346 οὒς

2532 5359 2934 5427 πάλιν-ὠδίνω,
2961 5362 3132 5433 ἄχρις
3166 5360 3237 5419 οὗ
3262 5359 3547 5432 μορφωθῇ
3584 5363 3835 5431 Χριστὸς
3854 5363 4101 5433 ἐνὺμῑν.

2531 5443 2595 5496 Τί
2632 5443 2729 5515 τῆς
2754 5443 2943 5514 νηδύος
2992 5446 3208 5517 ἐκείνης
3264 5443 3675 5515 μακαριώτερον
3706 5447 3916 5516 γένοιτο
3955 5446 4103 5513 ἀν,ἥ

2526 5526 2751 5580 τοιαῦτα
2772 5528 2958 5582 παιδία
2984 5530 3190 5583 τίκτειν
3213 5526 3456 5592 ἐδύνατο,
3488 5526 3562 5591 ὠς
3590 5529 3680 5583 τὸν
3705 5529 3941 5602 Χριστὸν
3958 5528 4045 5595 ἔχε
4056 5544 4103 5577 ιν

2523 5610 2582 5661 ἐν
2626 5610 2881 5678 νέαυτοῖςς
2928 5611 2986 5665 τί
3026 5612 3083 5665 δὲ
3136 5607 3533 5681 εὑφορώτερον,
3570 5614 3606 5684 ἢ
3638 5615 3739 5685 τὴν
3776 5610 4104 5679 οἰκουμένην

2522 5692 2738 5747 ἃπασαν
2757 5695 3098 5764 ἀπεγέννησε
3122 5710 3136 5757 ;
3161 5691 3294 5745 τίδὲ
3334 5692 3719 5767 δυνατώτερον,
3745 5697 3867 5765 ἥτις
3889 5689 4104 5761 τεχθέν-

2522 5794 2621 5840 τας
2651 5778 2745 5831 καί
2772 5777 3110 5847 αὐξηθέντας
3153 5777 3232 5838 εἰς
3277 5775 3554 5847 ἄμϐλωσιν
3583 5778 3936 5837 ἐκπεσόντας,
3973 5774 4104 5825 ἀνα-

2523 5858 2704 5911 λαϐεῖν
2755 5859 2939 5929 ἴσχυσε
2990 5857 3154 5911 πάλιν
3194 5859 3286 5912 καὶ
3336 5860 3542 5918 ἄνωθεν
3580 5858 3907 5925 διαπλάσαι;
3940 5854 4104 5909 τοῦτο
