4408 6678
379 459 483 513 277
1552 475 1640 532 DE
1681 477 2120 538 ΡίΕΝΙΤΕΝΤΙΑ

1929 480 2143 540 ΕΝΤΙᾹ.
2190 485 2420 544 ιιοΜιι.
2459 488 2500 544 Ι.
3567 504 3670 563 278

427 619 2191 655 --———-—__...__..___________

2195 640 3648 680 »______..___________

1561 755 1701 823 DE
1766 757 2473 854 PCENITENTIA,

1526 925 1657 968 cum
1701 926 1876 971 nune
1926 931 2063 976 IPSE
2107 934 2438 980 nsnttsssr
2467 921 2505 980 ¹.

966 1186 1176 1228 nolim
1207 1189 1220 1228 ι
1249 1173 1347 1246 (α).

449 1261 496 1315 l.
527 1261 681 1314 Amor
710 1268 762 1315 et
809 1262 1096 1318 sollicitudo
1137 1264 1486 1334 Chrysostomi
1525 1281 1642 1336 erga
1686 1270 1950 1339 paputum.

365 1349 542 1406 Paulo
587 1353 858 1406 aemulatur
898 1355 1032 1424 ﬁlios
1078 1358 1262 1410 iterum
1306 1359 1628 1427 parturienti.
1669 1388 1739 1398 —
1776 1359 1950 1431 Num,

359 1458 567 1515 quzeso,
595 1459 861 1500 memores
889 1447 1055 1502 nostri
1087 1448 1277 1514 fuistis,
1299 1456 1498 1518 quanto
1527 1457 1766 1518 tempore
1794 1467 1823 1506 a
1853 1468 1952 1506 vo.

365 1537 450 1591 bis
479 1535 750 1591 abfuimus
768 1537 791 1590 ?
811 1537 943 1592 Nam
973 1539 1087 1608 ipse
1107 1540 1322 1610 quidem
1349 1541 1514 1596 vestri
1532 1556 1792 1611 nusquam
1808 1544 1950 1600 obli-

361 1631 494 1683 visci
543 1629 728 1700 potui,
770 1629 864 1684 sed
891 1631 1076 1686 urbem
1107 1632 1402 1700 dimittens,
1436 1633 1752 1688 memoriam
1786 1635 1950 1691 vestri

358 1737 467 1775 non
497 1721 712 1777 dimisi:
735 1722 1182 1792 quemadmodum
1214 1726 1356 1779 enim
1388 1725 1477 1796 qui
1508 1740 1793 1795 corporum
1817 1743 1954 1797 prae-

357 1813 526 1866 stanti
555 1811 724 1866 forma
755 1813 1062 1882 capiuntur,
1091 1829 1426 1885 quocumque
1472 1817 1817 1886 recesserint,
1859 1833 1949 1874 se-

357 1916 481 1956 cum
510 1903 869 1959 desideratam
901 1904 1095 1960 faciem
1142 1905 1524 1962 circumferunt
1552 1927 1564 1962 :
1597 1909 1738 1964 haud
1790 1924 1950 1966 secus

357 1994 458 2060 ipsi
482 2005 762 2051 venustate
782 1997 1082 2050 animarum
1110 2004 1408 2053 vestrarum
1451 2002 1576 2056 tacti
1596 2042 1612 2066 ,
1644 2017 1764 2057 eam
1793 2017 1950 2059 men-

356 2084 426 2136 tis
455 2094 646 2139 vestrae
673 2087 905 2155 speciem
937 2101 1155 2159 semper
1181 2086 1459 2143 nobiscum
1491 2093 1941 2149 circumferimus.

355 2173 426 2228 Et
470 2175 919 2243 quemadmodum
967 2179 1203 2247 pictores
1251 2178 1524 2234 coloribus
1555 2183 1723 2238 variis
1766 2186 1946 2243 mixtis

353 2264 602 2332 corporis
630 2264 888 2334 imagines
916 2267 1173 2337 efﬁngere
1194 2282 1603 2324 consueverunt
1634 2290 1646 2325 :
1676 2273 1744 2328 ita
1765 2284 1817 2330 et
1845 2277 1944 2345 ipsi

352 2353 587 2407 Studium
613 2363 846 2409 vestrum
871 2357 922 2410 in
942 2358 1202 2425 collectis,
1228 2359 1281 2412 in
1309 2359 1575 2415 audiendo
1592 2363 1939 2433 alacritatem,

352 2443 787 2501 benevolentiam
812 2463 936 2518 erga
957 2450 1410 2516 concionatorem,
1436 2462 1738 2524 ceteraque
1766 2459 1942 2512 omnia

352 2533 532 2589 officia
575 2536 744 2592 veluti
773 2538 982 2593 colores
1023 2541 1276 2596 virtutum
1309 2543 1486 2600 varios
1538 2544 1900 2603 immiscentes
1926 2589 1939 2615 ,

349 2633 514 2694 atque
545 2626 718 2694 ipsum
759 2628 1057 2682 animarum
1104 2639 1397 2686 vestrarum
1447 2633 1812 2690 characterem
1839 2638 1942 2692 im-

351 2715 650 2784 primentes
675 2719 979 2788 mentisque
1002 2731 1332 2789 apponentes
1354 2725 1544 2790 oculis,
1590 2741 1655 2780 ea
1699 2729 1943 2796 specula-

349 2806 498 2862 tione
539 2807 671 2862 satis
706 2818 902 2863 nostra:
929 2812 1372 2880 peregrinationis
1410 2816 1715 2884 accepimus
1741 2819 1934 2874 solatii.

347 2895 476 2951 Haec
507 2908 561 2951 et
586 2897 840 2954 sedentes
865 2909 923 2954 et
945 2911 1250 2972 surgentes,
1275 2913 1329 2959 et
1353 2905 1691 2964 ambulantes
1708 2919 1762 2964 et
1783 2913 1935 2980 quie-

345 2995 577 3051 scentes,
605 2997 658 3042 et
678 2989 1013 3046 introeuntes
1044 3001 1099 3047 et
1124 3005 1400 3060 exeuntes,
1418 2996 1670 3053 continuo
1686 3001 1940 3056 versaba-

347 3093 494 3140 mus,
521 3078 805 3134 caritatem
834 3092 1068 3136 vestram
1092 3084 1176 3137 vel
1198 3084 1249 3137 in
1281 3085 1502 3141 somniis
1527 3087 1814 3154 intuentes,
1841 3107 1937 3148 ne-

345 3185 451 3237 que
482 3170 718 3225 interdiu
765 3173 961 3239 solum,
1007 3176 1103 3231 sed
1132 3178 1295 3232 etiam
1326 3189 1485 3234 noctu
1516 3181 1706 3237 iisdem
1735 3185 1936 3255 cogita-

347 3260 585 3314 tionibus
643 3264 799 3332 quasi
864 3264 1072 3322 deliciis
1125 3269 1565 3338 enutriebamur,
1631 3273 1763 3329 illud
1810 3290 1929 3330 cum

344 3352 636 3409 Salomone
681 3356 944 3411 scientes:
966 3357 1078 3429 Ego
1109 3360 1324 3427 dormio,
1356 3373 1402 3416 et
1430 3380 1519 3417 cor
1567 3382 1733 3420 meum
1761 3368 1934 3438 vigilat

346 3444 520 3513 (Cant.
545 3446 598 3500 5.
623 3446 701 3516 2).
744 3448 974 3517 ldipsum
1001 3460 1054 3505 et
1100 3453 1254 3508 nobis
1283 3445 1628 3526 contingebat
1654 3475 1668 3512 :
1697 3474 1819 3513 nam
1845 3475 1934 3515 so-

341 3539 454 3590 mni
483 3537 699 3606 quidem
727 3542 1019 3595 necessitas
1050 3545 1329 3612 palpebras
1378 3547 1519 3616 ipsas
1545 3550 1930 3619 contrahebat,

342 3627 586 3695 tyrannis
614 3644 744 3682 vero
764 3631 965 3685 amoris
991 3635 1150 3688 vestri
1173 3636 1359 3691 oculos
1388 3647 1587 3692 nostrae
1617 3641 1810 3696 mentis
1833 3658 1930 3697 ex-

337 3717 541 3772 citabat
574 3736 586 3770 :
625 3729 786 3790 atque
816 3736 1187 3793 saepenumero
1217 3741 1311 3794 per
1359 3742 1606 3783 somnum
1650 3731 1928 3787 vobiscum

341 3807 487 3877 loqui
514 3808 644 3862 mihi
671 3810 908 3867 videbar.
948 3814 1158 3868 Etenim
1204 3819 1678 3874 consuevitanima
1705 3837 1823 3890 qua:
1848 3822 1927 3876 in-

339 3896 513 3951 terdiu
541 3899 762 3968 cogitat,
787 3903 976 3958 eadem
1008 3905 1058 3959 in
1087 3906 1292 3960 somnis
1321 3923 1414 3976 per
1446 3909 1779 3978 phantasiam
1810 3927 1930 3967 cer-

338 4003 489 4054 nere,
519 3989 661 4057 quod
685 4001 740 4045 et
767 3995 922 4049 nobis
955 4005 1079 4051 tunc
1103 3997 1296 4052 accidit
1325 4017 1337 4051 :
1363 4007 1416 4053 et
1450 4015 1543 4054 vos
1568 4003 1776 4058 carneis
1802 4019 1928 4058 ocu-

339 4078 406 4132 lis
432 4078 654 4134 minime
688 4081 909 4150 videns,
939 4087 1106 4141 oculis
1135 4089 1370 4142 caritatis
1390 4091 1697 4159 cernebam,
1729 4110 1926 4164 corpo-

335 4184 506 4240 reque
548 4171 790 4237 absens,
819 4174 1013 4231 affectu
1054 4193 1291 4248 praesens
1318 4195 1487 4244 eram.
1526 4192 1580 4237 et
1607 4199 1742 4240 mea:
1767 4201 1924 4242 aures

335 4275 551 4331 semper
575 4261 810 4318 clamore
839 4274 1019 4321 vestro
1039 4271 1416 4338 personabant.
1436 4272 1615 4340 Quare
1642 4282 1697 4329 et
1724 4290 1921 4346 corpo-

334 4353 411 4406 ris
441 4352 754 4422 aégritudine
793 4355 862 4409 ibi
891 4355 1092 4413 diutius
1119 4371 1343 4432 cogente
1368 4363 1661 4431 immorari,
1694 4374 1748 4421 et
1777 4368 1919 4423 aeris

331 4443 653 4499 salubritate
694 4445 760 4499 ad
806 4448 985 4500 carnis
1034 4451 1318 4506 sanitatem
1352 4456 1684 4523 proliciente,
1739 4456 1791 4511 id
1837 4459 1920 4513 vis

333 4534 538 4588 amoris
561 4536 724 4590 vestri
747 4551 853 4590 non
891 4538 1175 4606 tolerabat,
1205 4542 1301 4597 sed
1337 4546 1704 4610 exclamabat,
1738 4561 1912 4616 neque

336 4624 488 4692 prius
519 4625 854 4683 molestando
884 4630 1131 4694 cessavit,
1164 4647 1323 4700 quam
1356 4638 1511 4692 nobis
1535 4639 1765 4694 suaserit
1792 4649 1917 4696 ante

332 4715 614 4782 praefixum
641 4727 852 4789 tempus
869 4736 1178 4792 exsurgere,
1208 4732 1262 4778 et
1283 4728 1566 4785 sanitatem
1593 4741 1646 4786 et
1671 4732 1914 4801 volupta-

332 4812 441 4856 tem
497 4813 551 4858 et
597 4820 757 4860 omne
798 4808 1167 4879 quodcumque
1192 4819 1275 4864 est
1300 4812 1498 4871 bonum
1534 4860 1549 4884 ,
1592 4829 1914 4876 conventum

329 4892 476 4946 hunc
503 4902 740 4949 vestrum
781 4899 1106 4956 existimare.
1146 4899 1280 4956 Iluic
1306 4904 1466 4974 igitur
1491 4925 1696 4965 morem
1721 4927 1915 4982 geren-

327 4994 433 5049 tes,
462 4983 748 5040 maluimus
782 4991 981 5058 redire,
1030 4996 1237 5046 tametsi
1268 4997 1440 5052 morbi
1473 5001 1711 5070 reliquia:
1740 5014 1912 5058 resta-

328 5085 471 5141 rent,
505 5091 664 5145 quam
695 5085 941 5150 corporis
972 5083 1330 5140 infirmitatem
1376 5104 1601 5158 prorsus
1644 5095 1914 5166 deponere

323 5176 653 5236 satagentes,
689 5168 757 5224 de
803 5183 1002 5230 cmtero
1031 5177 1237 5231 caritati
1268 5189 1461 5235 vestra:
1509 5187 1782 5243 molestias
1826 5190 1910 5243 iu-

322 5256 487 5312 ferre.
521 5256 650 5312 Nam
676 5269 730 5312 et
757 5261 866 5316 illic
891 5281 1115 5322 manens
1152 5267 1554 5329 criminationes
1586 5287 1791 5332 vestras
1811 5293 1910 5333 au-

321 5350 541 5405 diebam
565 5368 578 5404 :
601 5351 870 5406 continua:
899 5358 1042 5410 enim
1074 5359 1239 5414 litera:
1271 5361 1364 5415 Itas
1389 5363 1542 5417 nobis
1568 5366 1864 5424 all'erebant
1890 5410 1906 5436 ,

320 5443 668 5512 animumque
706 5443 923 5499 adhibui
954 5451 1365 5508 criminantibus
1393 5469 1496 5509 non
1524 5457 1719 5523 minus,
1748 5477 1906 5528 quam

322 5527 664 5584 laudantibus
688 5530 730 5582 ’.
763 5527 892 5582 Nam
915 5531 1110 5586 anima:
1151 5538 1372 5595 scientia
1392 5554 1571 5595 amare
1598 5541 1700 5595 illae
1727 5527 1910 5600 crimi-

385 5642 404 5675 ⁶
440 5641 650 5693 Colbert.
699 5644 767 5694 sic
804 5640 994 5718 titulum
1028 5645 1193 5718 habet,
1219 5651 1283 5718 in
1315 5661 1548 5718 sanctis...
1587 5653 1910 5718 Cltrysostomi

318 5716 543 5778 regesin
565 5718 679 5778 rure
701 5705 923 5778 regressi.
946 5713 991 5756 et
1002 5707 1079 5778 με.
1103 5705 1394 5778 paniteutia.

388 5767 408 5832 ξ
442 5765 615 5832 ᾼΙίὶᾼξῑ
637 5765 818 5828 gratias
840 5769 914 5830 egi
939 5765 1322 5832 criminantibus,
1343 5786 1438 5825 etc.

388 5825 482 5903 (a)h
495 5825 669 5903 gollata
688 5825 1072 5903 etimitjodicibus
1107 5836 1265 5897 Regiis
1309 5825 1442 5899 l828,
1471 5841 1588 5892 l829
1618 5849 1667 5893 et
1689 5841 1828 5903 2624,
1851 5850 1902 5894 et

319 5901 431 5938 Cum
452 5889 726 5942 (‘nlhertino
747 5894 885 5944 5061.

2080 1188 2323 1242 nationes
2371 1189 2582 1248 fuerant
2610 1235 2626 1261 ,
2658 1193 2954 1254 absentiam
3022 1213 3258 1261 nostram
3321 1219 3658 1268 accusantes.

2089 1273 2381 1346 Propterea
2435 1296 2659 1353 surgens
2717 1290 2973 1354 cucurri;
3028 1306 3307 1366 propterea
3374 1316 3662 1372 numquam

2083 1379 2203 1421 mea
2222 1383 2316 1423 vos
2343 1384 2521 1429 mente
2548 1378 2693 1446 quivi
2714 1381 3035 1438 excludere:
3063 1388 3156 1440 sed
3184 1391 3306 1455 quid
3337 1394 3529 1448 mirum
3552 1397 3664 1450 ruri

2083 1457 2128 1511 si
2158 1471 2543 1532 commoratus,
2578 1467 2790 1526 licentia
2817 1472 3048 1542 quadam
3074 1484 3131 1530 et
3159 1478 3404 1537 libertate
3435 1483 3619 1539 fruens
3645 1528 3661 1550 ,

2079 1561 2275 1644 vestrae
2341 1555 2586 1612 caritatis
2629 1575 2734 1615 non
2781 1579 2899 1618 sum
2954 1565 3197 1622 oblitus:
3230 1573 3664 1644 quandoquidem

2083 1641 2280 1698 Paulus
2306 1644 2534 1702 vinculis
2553 1650 2818 1721 alligatus,
2847 1671 3118 1713 carcerem
3143 1641 3478 1732 inhabitans,
3501 1676 3665 1735 atque

2078 1732 2283 1790 inﬁnita
2315 1752 2452 1806 pene
2479 1739 2720 1809 pericula
2752 1744 3081 1801 imminentia
3109 1750 3319 1818 videns,
3365 1754 3419 1808 in
3445 1732 3665 1812 carcere

2080 1843 2184 1884 non
2231 1846 2388 1887 secus
2432 1847 2592 1902 quam
2621 1834 2674 1889 in
2713 1847 2868 1906 prato
2895 1849 3156 1904 versatus,
3189 1843 3268 1898 sic
3295 1842 3516 1900 fratrum
3543 1862 3661 1903 me-

2076 1922 2297 1978 moriam
2339 1924 2608 1992 habebat,
2643 1937 2698 1982 et
2747 1929 3015 1985 scribebat
3057 1933 3241 1988 dicens
3273 1951 3286 1988 :
3318 1936 3463 1990 Sicut
3484 1948 3554 1992 est
3570 1941 3664 2008 ju-

2074 2019 2204 2064 stum
2226 2014 2348 2066 mihi
2371 2015 2465 2067 hoc
2492 2018 2674 2070 sentire
2688 2035 2782 2088 pro
2807 2021 3041 2075 omnibus
3061 2022 3277 2088 vobia,eo
3294 2025 3430 2094 quod
3453 2028 3664 2082 habeam

2072 2119 2162 2158 vos
2181 2105 2235 2158 in
2260 2107 2408 2160 corde
2424 2117 2470 2161 et
2494 2110 2546 2162 in
2583 2111 2796 2166 vinculis
2825 2115 2964 2179 meis,
2990 2116 3044 2169 in
3071 2116 3361 2188 defensione
3379 2127 3427 2172 et
3471 2121 3664 2190 conﬁr-

2071 2197 2293 2252 matione
2312 2203 2553 2272 evangelii
2571 2202 2988 2276 (Philipp.l.'l)i
3014 2209 3178 2266 Extra
3203 2212 3534 2269 inimicorum
3566 2230 3660 2271 ca-

2073 2294 2216 2352 tena,
2250 2288 2388 2343 intra
2418 2293 2618 2347 amoris
2640 2294 3021 2365 discipulorum
3049 2313 3236 2356 catena
3260 2319 3273 2354 :
3303 2303 3397 2358 sed
3425 2306 3660 2361 exterior

2067 2379 2280 2448 quidem
2312 2397 2376 2437 ex
2406 2381 2552 2439 ferro
2577 2396 2900 2456 constructa,
2925 2390 3147 2446 interior
3164 2408 3230 2448 ex
3247 2395 3467 2450 caritate
3483 2396 3618 2452 facta
3639 2414 3654 2462 ;

2067 2484 2117 2527 et
2141 2473 2280 2527 illam
2306 2473 2518 2547 quidem
2541 2492 2908 2547 smpenumero
2926 2482 3333 2552 deposuit,hanc
3353 2501 3480 2540 vero
3505 2503 3658 2540 num-

2066 2579 2222 2634 quam
2246 2566 2505 2623 dissolvit.
2534 2570 2638 2624 Sed
2668 2572 3113 2641 quemadmodum
3131 2575 3377 2630 mulieres
3397 2587 3658 2646 quotquot

2066 2656 2308 2713 dolorum
2337 2671 2513 2729 partus
2530 2664 2954 2730 experimentum
2981 2677 3336 2735 sumpsere,et
3361 2677 3556 2724 matres
3577 2669 3660 2724 fa-

2065 2758 2164 2803 ctae
2185 2761 2326 2817 sunt,
2357 2750 2566 2819 horum,
2590 2769 2724 2822 quos
2739 2767 3078 2825 pepererunt,
3099 2757 3418 2829 ubicumque
3438 2760 3652 2829 fuerint,

2063 2843 2286 2898 vinculis
2333 2860 2547 2915 semper
2588 2856 2711 2902 sunt
2759 2848 3129 2906 astrictezsic
3167 2861 3220 2906 et
3245 2851 3463 2919 Paulus,
3494 2864 3653 2924 atque

2061 2936 2196 2990 adeo
2226 2938 2393 2993 multo
2417 2939 2637 3005 fortius,
2666 2940 2942 3011 discipulis
2971 2943 3082 2998 suis
3102 2943 3428 3011 adhmrebat,
3470 2955 3648 3000 tanto-

2055 3042 2166 3096 que
2187 3028 2374 3098 magis,
2397 3039 2598 3099 quanto
2624 3032 2956 3086 naturalibus
2984 3032 3286 3102 spirituales
3319 3046 3502 3103 partus
3524 3045 3649 3090 sunt

2061 3118 2431 3175 ferventiores.
2449 3119 2582 3174 Nam
2615 3136 2720 3175 non
2750 3122 2916 3176 semel
2947 3164 2962 3189 ,
2994 3123 3090 3178 sed
3116 3123 3331 3178 eosdem
3361 3125 3442 3179 bis
3468 3135 3650 3195 partu-

2058 3211 2202 3276 rivit,
2232 3219 2286 3264 et
2306 3211 2570 3266 clamabat
2590 3211 2793 3278 dicens,
2823 3211 3004 3266 Filioli
3032 3216 3148 3280 mei,
3175 3231 3300 3285 quos
3323 3216 3502 3269 iterum
3521 3233 3647 3286 par-

2058 3303 2191 3356 turio
2221 3301 2364 3373 (Gal.
2417 3303 2470 3356 4.
2503 3301 2613 3375 l9).
2647 3303 2702 3359 Id
2734 3320 2861 3360 vero
2886 3305 3079 3361 mulier
3108 3323 3396 3378 numquam
3428 3320 3642 3378 patere-

2057 3401 2167 3456 tur,
2195 3409 2367 3463 neque
2394 3394 2641 3448 sull‘crret
2666 3395 2884 3450 eosdem
2909 3397 3100 3451 iterum
3145 3399 3361 3454 dolores
3389 3418 3403 3454 :
3431 3400 3524 3454 sed
3565 3411 3646 3455 to-

2059 3483 2263 3538 lerabat
2290 3485 2390 3538 hoc
2429 3483 2646 3553 Paulus,
2688 3487 2828 3556 quod
2863 3488 2913 3541 in
2954 3499 3144 3543 natura
3173 3506 3279 3543 non
3321 3499 3404 3545 est
3428 3491 3642 3548 videre:

2059 3586 2115 3630 ut
2143 3592 2276 3646 quos
2306 3578 2470 3633 semel
2497 3589 2796 3648 pepererat,
2831 3581 3021 3635 iterum
3058 3584 3338 3651 reciperet,
3384 3594 3436 3638 et
3459 3595 3643 3639 acutos

2053 3683 2216 3739 super
2243 3671 2349 3725 illis
2394 3672 2608 3726 dolores
2661 3675 2936 3742 perferret.
2993 3674 3279 3744 Propterea
3319 3687 3375 3730 et
3413 3676 3642 3730 confun-

2053 3759 2182 3816 dere
2234 3775 2329 3816 eos
2376 3761 2598 3828 volens,
2653 3763 2787 3816 dixit
2837 3779 2850 3816 :
2908 3763 3048 3828 Quos
3109 3766 3291 3818 iterum
3368 3768 3595 3835 parturio
3622 3785 3642 3822 :

2053 3851 2204 3922 quasi
2253 3852 2495 3920 diceret,
2548 3854 2758 3911 Parcite
2814 3855 2945 3909 mihi
2982 3875 2995 3911 :
3030 3857 3204 3911 nullus
3264 3858 3404 3913 ﬁlius
3447 3873 3641 3914 secun-

2053 3941 2124 3996 do
2189 3952 2491 3999 maternum
2557 3958 2766 4000 uterum
2841 3959 3027 4017 partus
3094 3949 3366 4004 doloribus
3415 3950 3589 4004 affecit
3620 3991 3637 4017 ,

2051 4035 2190 4105 quod
2244 4050 2331 4090 me
2377 4037 2484 4105 pati
2538 4037 2744 4106 cogitis.
2798 4037 2945 4092 Licet
2990 4037 3203 4092 dolores
3252 4039 3327 4092 illi
3372 4055 3477 4093 uno
3505 4051 3641 4094 tetu-

2049 4129 2194 4196 poris
2222 4140 2489 4182 momento
2530 4137 2808 4199 torqueant
2834 4172 2847 4194 ,
2876 4140 3035 4198 atque
3065 4131 3266 4186 infame
3289 4146 3356 4187 ex
3397 4132 3518 4186 alvo
3546 4132 3644 4188 de-

2054 4216 2264 4272 labente
2304 4227 2356 4272 et
2387 4218 2486 4287 ipsi
2512 4235 2725 4290 quoque
2753 4219 3069 4276 delabantur
3100 4241 3112 4276 :
3146 4222 3199 4276 hi
3229 4239 3359 4277 vero
3405 4239 3510 4277 non
3535 4225 3638 4291 sic,

2046 4308 2141 4364 sed
2164 4321 2215 4364 et
2239 4311 2513 4365 mensibus
2536 4313 2752 4382 integris
2777 4323 3027 4368 maneant
3059 4333 3075 4369 :
3106 4331 3226 4368 nam
3253 4325 3307 4370 et
3330 4331 3525 4369 annum
3552 4327 3635 4369 to-

2045 4411 2155 4456 tum
2182 4417 2549 4472 saepenumero
2589 4405 2785 4473 parturi
2797 4406 2865 4459 vit
2905 4405 3100 4461 Paulus
3121 4448 3134 4471 ,
3163 4416 3320 4475 atque
3346 4418 3638 4476 conceptue

2044 4508 2148 4548 non
2171 4495 2379 4564 peperit
2405 4513 2417 4548 :
2444 4505 2498 4549 et
2528 4494 2636 4550 illic
2662 4496 2876 4567 quidem
2905 4498 3079 4551 carnis
3103 4508 3182 4552 est
3207 4497 3377 4561 labor,
3405 4497 3492 4552 hic
3506 4514 3635 4554 vero

2040 4586 2261 4642 dolores
2303 4602 2408 4641 non
2447 4595 2687 4642 ventrem
2731 4588 3053 4651 distendunt,
3089 4587 3185 4642 sed
3227 4588 3423 4643 animae
3473 4589 3635 4644 robur

2043 4679 2297 4734 lacerant.
2327 4682 2501 4751 Atque
2524 4690 2577 4735 ut
2592 4681 2766 4734 discas
2786 4695 2878 4734 eos
2895 4681 3243 4736 ferventiores
3260 4697 3380 4738 esse
3392 4683 3629 4751 dolores,

2039 4785 2159 4838 quae
2203 4786 2433 4840 unquam
2485 4779 2656 4824 mater
2690 4778 2837 4838 Optat
2883 4780 3130 4826 natorum
3170 4774 3290 4827 loco
3331 4774 3628 4843 gebennant

2039 4862 2345 4916 sustinere?
2382 4860 2476 4913 llic
2519 4875 2644 4914 vero
2673 4875 2779 4913 nou
2812 4861 2973 4914 modo
2997 4863 3318 4932 gehennam,
3343 4865 3438 4918 sed
3478 4874 3628 4933 Optat

2033 4954 2195 5008 etiam
2237 4952 2516 5005 anathema
2543 4966 2664 5006 esse
2694 4951 2958 5007 aChristo
2985 4954 3156 5022 (Rom.
3189 4953 3239 5007 9.
3265 4955 3351 5023 3),
3381 4969 3630 5024 quopos-

2027 5054 2119 5099 .set
2141 5043 2353 5097 Jndteos
2387 5057 2576 5111 parcre
2603 5059 2737 5113 quos
2762 5061 2974 5114 semper
2997 5045 3245 5099 continue
3274 5045 3621 5113 parturiebat,

2034 5143 2090 5188 et
2126 5134 2376 5203 quoniam
2396 5133 2445 5187 id
2471 5150 2578 5189 non
2611 5136 2912 5200 eveniebat,
2940 5134 3056 5189 ideo
3078 5133 3287 5188 dolebat
3309 5134 3584 5189 etdicehat
3607 5155 3619 5191 :

2034 5227 2260 5280 Tristitia
2305 5226 2430 5279 mihi
2458 5236 2530 5281 est
2567 5244 2769 5297 magna,
2800 5235 2844 5278 et
2872 5226 3137 5280 continuus
3183 5227 3326 5278 dalor
3350 5227 3494 5278 cordi
3515 5243 3621 5280 meo

2034 5318 2210 5389 (Rom.
2263 5317 2317 5373 9.
2393 5319 2486 5386 2).
2537 5321 2706 5387 Atque
2742 5317 2825 5370 hic
2868 5331 3052 5371 rursus
3085 5335 3098 5370 :
3130 5316 3306 5370 Filioli
3330 5317 3444 5381 mei,
3494 5334 3620 5387 quos

2033 5414 2213 5469 iterum
2243 5414 2489 5483 parturio,
2513 5412 2668 5466 donec
2695 5409 2924 5466 Christus
2944 5416 3193 5483 fui-inetur
3219 5412 3268 5464 in
3296 5412 3431 5464 vobis
3471 5411 3612 5480 (Gal.

2031 5510 2084 5563 4.
2121 5507 2520 5578 l9).Quidnam
2585 5505 2709 5560 alvo
2763 5506 2849 5560 illa
2907 5506 3112 5560 beatius
3153 5501 3267 5565 fuit,
3313 5518 3431 5573 quze
3483 5504 3618 5558 tales

2034 5602 2173 5655 filios
2197 5615 2382 5670 parere
2401 5597 2588 5666 potuit,
2613 5597 2702 5667 qui
2732 5597 2858 5651 inse
2878 5596 3139 5650 Christum
3165 5593 3420 5648 haberent
3440 5593 3467 5646 ,i
3488 5593 3614 5662 quid

2032 5709 2158 5747 vero
2207 5689 2506 5746 ftecundius
2554 5704 2641 5755 ea,
2681 5705 2798 5760 qua:
2846 5687 3030 5742 orbem
3071 5689 3350 5755 progenuit
3401 5685 3617 5739 totum?

2029 5786 2153 5857 quid
2175 5800 2235 5841 ea
2264 5784 2472 5849 fortius,
2500 5799 2620 5855 quae
2636 5785 2808 5841 editos
2833 5791 2886 5836 et
2911 5780 3119 5835 adultos
3139 5779 3411 5834 abortivos
3433 5787 3613 5849 posset

2028 5878 2203 5934 denuo
2231 5876 2512 5949 concipere
2559 5893 2621 5933 ac
2665 5874 2994 5934 reformare?
3025 5873 3076 5930 id
3105 5874 3248 5929 enim
3289 5873 3341 5928 in
3380 5875 3609 5930 naturali
