4408 6678
805 404 915 464 979

805 527 959 586 partu
1010 529 1203 590 praeter
1248 523 1508 580 humanas
1543 539 1626 583 est
1655 532 1817 586 vires.
1850 535 2024 602 Quare
2072 541 2229 609 igitur
2279 561 2383 600 non

803 611 980 666 dixit:
1014 612 1190 667 Filiols'
1230 616 1347 682 mei,
1375 634 1500 687 quos
1549 621 1726 675 iterum
1757 640 2070 694 progenero,
2109 632 2223 697 sed,
2271 652 2391 703 par-

802 705 939 756 turio
963 705 989 758 2
1033 703 1242 759 Etenim
1264 707 1386 762 alibi
1414 725 1669 778 generare
1685 728 1745 769 se
1767 716 1914 783 dicit,
1945 719 2011 773 In
2038 721 2238 776 Christo
2257 728 2390 781 enim

804 792 928 886 Jesu
981 811 1072 865 ego
1117 811 1204 850 vos
1243 798 1401 868 genui
1422 801 1497 873 (1.
1527 803 1643 858 Cor.
1675 807 1725 861 4.
1755 809 1867 878 15).
1905 811 2014 866 Illic
2039 828 2164 884 ergo
2193 829 2390 886 cogna-

808 885 1002 940 tionem
1033 893 1400 947 tantummodo
1418 898 1701 954 ostendere
1723 902 1908 970 voluit,
1943 907 2026 960 hic
2055 923 2180 962 vero
2205 885 2388 967 etrdo-

805 973 972 1030 iorem
1018 993 1200 1034 coram
1242 993 1477 1040 statuere
1539 1000 1763 1045 conatus
1793 1002 1894 1048 est.
1926 995 2202 1062 Quomodo
2243 1001 2386 1057 enim

807 1067 944 1123 filios
973 1081 1148 1138 vocat,
1178 1089 1313 1144 quos
1340 1077 1573 1132 nondum
1599 1082 1788 1137 enixus
1815 1086 1930 1139 est?
1959 1087 2002 1140 si
2025 1089 2166 1142 enim
2195 1102 2383 1160 partu-

801 1159 902 1220 rit,
937 1161 1175 1217 nondum
1208 1167 1413 1235 peperit
1447 1187 1462 1222 :
1493 1173 1762 1240 quomodo
1789 1190 1916 1244 ergo
1943 1177 2078 1232 ﬁlios
2104 1159 2294 1236 vocat?
2321 1183 2388 1239 Ut

802 1246 1002 1318 discas,
1032 1252 1182 1308 illum
1211 1271 1314 1312 non
1345 1260 1610 1328 prioribus
1631 1273 1814 1329 partus
1833 1264 2105 1322 doloribus
2128 1279 2251 1325 tunc
2271 1287 2386 1328 cru~

802 1336 1023 1408 ciatum,
1055 1343 1197 1412 quod
1223 1350 1354 1400 satis
1380 1348 1485 1404 illis
1507 1361 1622 1404 erat
1648 1351 1713 1405 ad
1743 1354 2010 1410 ruborem.
2047 1359 2276 1426 Etenim,
2305 1364 2388 1418 in:

801 1431 938 1498 quit,
963 1436 1130 1491 semel
1151 1436 1318 1492 factus
1339 1457 1454 1494 sum
1480 1451 1645 1510 pater,
1693 1443 2036 1517 debitumque
2066 1451 2117 1504 in
2151 1468 2244 1507 vos
2267 1470 2387 1522 par-

803 1531 914 1574 tum
935 1523 1172 1590 toleravi,
1205 1543 1298 1582 vos
1321 1545 1447 1584 vero
1469 1532 1559 1585 lilii
1587 1535 1754 1588 semel
1778 1534 1899 1591 facti
1927 1541 2059 1596 estis
2083 1560 2096 1594 :
2119 1547 2384 1613 quomodo

799 1601 885 1664 me
908 1612 974 1665 ad
1020 1616 1286 1672 secundos
1322 1619 1516 1676 iterum
1558 1623 1774 1680 dolores
1817 1629 2064 1686 mittitis?
2091 1636 2219 1688 satis
2239 1636 2379 1689 enim

797 1699 889 1767 qui
940 1701 1201 1772 principio
1243 1707 1524 1774 habentur,
1574 1723 1696 1767 sunt
1729 1726 1909 1784 partus
1961 1721 2212 1786 dolores;
2254 1725 2378 1792 quid

799 1803 888 1843 me
939 1793 1178 1847 secundo
1228 1797 1505 1854 doloribus
1530 1803 1978 1859 cruciatis?Nam
2017 1808 2251 1863 fidelium
2305 1813 2380 1866 la~

800 1893 949 1948 psus,
985 1897 1088 1936 non
1118 1886 1378 1941 minorem
1413 1890 1531 1958 ipsi,
1563 1907 1720 1960 quam
1763 1894 1852 1962 qui
1880 1897 2110 1952 nondum
2137 1901 2379 1958 credide-

797 1981 952 2036 rant,
976 1972 1210 2030 laborem
1237 1977 1551 2036 inferebant.
1574 1981 1910 2042 Intolerabile
1945 1991 2086 2045 enim
2117 2003 2235 2048 erat
2261 2005 2380 2064 post

794 2062 976 2118 talium
1023 2070 1395 2138 mysteriorum
1446 2078 1875 2135 communionem
1919 2083 2100 2140 videre
2123 2089 2377 2155 quosdam

789 2149 857 2205 ad
887 2151 1214 2222 impietatem
1240 2171 1430 2230 sponte
1463 2164 1750 2222 declinare.
1777 2169 1950 2236 Quare
1973 2149 2165 2229 acriter
2189 2177 2378 2233 admo-

793 2240 922 2298 dum
966 2261 1029 2300 ac
1059 2249 1204 2302 omni
1251 2253 1473 2308 muliere
1499 2255 1850 2314 miserabilius
1896 2261 2275 2329 iugemiscebat
2299 2269 2378 2322 di-

793 2347 923 2386 cens
954 2352 968 2388 :
999 2334 1176 2391 Filioli
1204 2341 1320 2404 mei,
1358 2358 1482 2410 quos
1501 2345 1680 2398 iterum
1705 2351 2120 2416 parturio,doncc
2146 2353 2375 2411 Christus

790 2423 1037 2491 formetur
1062 2426 1114 2477 in
1159 2428 1291 2482 vobis
1331 2429 1488 2500 (Gal.
1513 2434 1566 2487 4.
1599 2434 1722 2504 19).
1751 2437 1803 2490 Id
1843 2448 2016 2492 autem
2041 2442 2246 2498 dicebat
2272 2487 2285 2509 ,
2321 2458 2376 2501 ut

791 2509 896 2563 illis
918 2513 1160 2568 ﬁduciam
1186 2517 1343 2572 simul
1377 2531 1433 2574 et
1477 2521 1716 2579 timorem
1749 2527 2038 2584 indutet'el.
2074 2532 2204 2587 Cum
2235 2537 2375 2590 enim

791 2603 1024 2656 ostendit
1066 2622 1169 2659 non
1203 2609 1484 2664 formatum
1532 2613 1584 2666 in
1636 2615 1764 2682 ipsis
1793 2618 2086 2686 Christum,
2134 2624 2376 2679 timorem

792 2693 1015 2749 incussit
1053 2706 1108 2752 et
1152 2703 1394 2768 agoniam
1443 2721 1457 2756 :
1499 2720 1616 2757 cum
1645 2707 2026 2765 demonstravit
2067 2729 2223 2781 posse
2270 2715 2379 2770 for-

792 2785 944 2844 .nori,
970 2785 1158 2840 iterum
1191 2788 1431 2844 fiduciam
1460 2793 1664 2848 indidit.
1693 2795 1822 2850 Cum
1849 2801 1989 2853 enim
2020 2801 2230 2868 dicitur,
2267 2804 2380 2859 Do-

795 2890 883 2926 nec
919 2879 1184 2944 formetur,
1237 2888 1518 2952 utrumque
1560 2887 1854 2942 ostenditur
1877 2931 1890 2952 ,
1918 2900 1971 2946 et
2001 2893 2236 2947 nondum
2265 2895 2374 2950 for-

793 2977 994 3020 malum
1023 2984 1164 3036 esse,
1203 2982 1257 3024 et
1281 2971 1496 3028 formari
1544 2976 1732 3031 iterum
1762 2995 1935 3049 posse.
1984 2982 2038 3035 Si
2070 2986 2210 3038 enim
2262 2986 2376 3042 fieri

795 3073 902 3112 non
928 3071 1128 3128 posset,
1155 3063 1206 3116 in
1237 3079 1458 3119 vacuum
1486 3067 1551 3121 ad
1573 3084 1666 3122 eos
1686 3071 1932 3139 dixisset,
1961 3073 2131 3130 Donec
2153 3077 2380 3133 Christus

791 3149 1040 3220 formetur
1067 3155 1118 3207 in
1147 3156 1282 3211 vobis
1305 3172 1323 3210 :
1346 3168 1399 3212 et
1423 3158 1565 3228 ipsos
1589 3177 1684 3230 spe
1711 3178 1847 3217 vana
1879 3166 2147 3222 lactasset.

871 3245 927 3300 2.
971 3247 1262 3319 Desperatio
1291 3261 1336 3304 et
1361 3254 1591 3322 segnities
1611 3255 1920 3324 perniciosa.
1963 3287 2035 3297 —
2073 3259 2198 3314 llaec
2225 3259 2382 3330 igitur

796 3335 1026 3392 scientes
1049 3379 1064 3398 ,
1101 3355 1270 3408 neque
1293 3341 1390 3410 ipsi
1417 3357 1445 3395 a
1476 3358 1570 3411 spe
1598 3344 1850 3399 mdamus
1874 3387 1887 3412 ,
1919 3347 2013 3402 sed
2058 3364 2230 3418 neque
2264 3367 2382 3404 on.-

795 3429 924 3483 nino
952 3431 1296 3498 pigritemnr;
1336 3444 1556 3502 utraque
1591 3435 1733 3489 enim
1769 3437 1882 3492 lucc
1925 3441 2242 3508 perniciosa.
2276 3442 2382 3495 De-

794 3522 1028 3590 speratio
1053 3522 1266 3590 quidem
1289 3523 1550 3592 jaceutem
1573 3541 1857 3596 exsurgere
1887 3544 1989 3582 non
2015 3529 2180 3596 sinit,
2214 3530 2376 3600 pigri-

800 3613 871 3665 tia
901 3627 1026 3666 vero
1058 3624 1109 3667 et
1137 3623 1362 3668 stantem
1395 3616 1584 3670 cadere
1623 3615 1748 3671 facit
1778 3635 1792 3671 :
1837 3628 1994 3688 atque
2040 3619 2127 3674 iila
2167 3622 2380 3690 quidem

794 3701 905 3772 jam
935 3704 1093 3770 partis
1122 3704 1330 3772 privare
1357 3719 1452 3760 nos
1483 3705 1619 3760 solet
1649 3707 1800 3761 bonis
1825 3749 1838 3770 ,
1869 3708 1983 3763 hmc
2013 3710 2164 3764 malis
2193 3711 2380 3779 quibus

799 3808 1052 3862 urgemur
1083 3809 1179 3845 nos
1208 3793 1419 3848 liberari
1451 3811 1556 3849 non
1582 3796 1744 3861 sinit,
1785 3807 1839 3852 et
1866 3799 2134 3867 neglectus
2164 3798 2379 3870 quidem

803 3898 867 3937 ex
896 3884 1022 3954 ipsis
1051 3884 1282 3939 detrudit
1311 3887 1457 3940 caelis
1480 3928 1496 3953 ,
1521 3886 1822 3956 desperatio
1845 3906 1968 3944 vero
1991 3893 2042 3944 in
2070 3892 2236 3960 ipsam
2271 3909 2383 3945 ma-

805 3975 934 4029 litia:
978 3975 1190 4032 deducit
1236 3977 1526 4048 abyssum,
1576 3980 1712 4033 sicut
1755 3981 1798 4033 si
1848 3997 1952 4035 non
2005 3981 2377 4052 desperemus,

806 4065 915 4120 cito
943 4067 1085 4122 illinc
1113 4068 1436 4123 reducimur.
1467 4069 1757 4125 Considera
1791 4087 1916 4126 vero
1940 4073 2209 4144 utriusque
2237 4075 2341 4129 vim
2370 4093 2384 4129 :

803 4157 1045 4213 diabolus
1071 4169 1222 4214 antea
1252 4160 1422 4216 bonus
1457 4171 1609 4226 erat;
1653 4164 1905 4232 pigritans
1944 4180 2068 4219 vero
2105 4175 2159 4220 et
2195 4165 2388 4235 despe-

801 4263 926 4302 rans
954 4250 1182 4314 cecidit,
1214 4261 1462 4321 tantaque
1487 4254 1710 4309 obrutus
1737 4257 1934 4310 malitia
1963 4266 2081 4322 est,
2115 4267 2173 4311 ut
2201 4258 2254 4311 in
2287 4273 2385 4328 po-

802 4347 1004 4392 sterum
1036 4355 1140 4394 non
1174 4353 1434 4408 resurgat.
1463 4342 1614 4409 Quod
1645 4345 1784 4398 enim
1832 4345 2002 4402 bonus
2039 4346 2235 4413 fuerit,
2266 4349 2386 4402 audi

802 4427 930 4496 quid
961 4428 1167 4483 dicatur
1197 4448 1208 4483 :
1254 4429 1368 4484 Vidi
1396 4443 1622 4484 satanam
1662 4432 1811 4487 veluti
1840 4436 2012 4506 fulgur
2039 4439 2296 4492 cadentem
2325 4439 2388 4494 de

800 4520 925 4572 creto
977 4517 1147 4589 (Luc.
1192 4523 1277 4575 10.
1326 4522 1455 4592 18).
1500 4524 1743 4592 Fulguris
1783 4528 1923 4580 enim
1963 4529 2288 4596 similitudo,
2333 4543 2386 4587 et

799 4610 1091 4665 claritatem
1126 4613 1360 4683 pristina:
1389 4616 1810 4671 conversationis
1837 4618 2106 4686 ostendit,
2148 4630 2201 4674 et
2235 4636 2388 4677 casus

804 4699 1164 4755 velocitatem.
1198 4703 1390 4757 Paulus
1419 4705 1758 4774 blasphemus
1801 4716 1955 4772 erat,
1999 4716 2053 4761 et
2097 4723 2386 4780 persequu-

801 4801 924 4856 tor,
953 4798 1007 4844 et
1035 4793 1452 4846 contumeliosus
1490 4812 1503 4848 :
1545 4796 1667 4863 quia
1711 4812 1838 4850 vero
1877 4797 2155 4852 desudavit
2200 4807 2253 4854 et
2293 4816 2386 4869 spe

801 4894 907 4933 non
935 4879 1132 4934 decidit
1155 4922 1169 4944 ,
1199 4890 1252 4936 et
1281 4885 1584 4936 exsurrexit
1607 4926 1622 4946 ,
1654 4900 1746 4952 par
1770 4887 1972 4954 angelis
1996 4887 2216 4942 ell‘ectus
2249 4905 2262 4939 :
2290 4888 2385 4942 Ju-

799 4971 895 5024 das
922 4973 1194 5042 apostolus
1223 4981 1335 5028 erat
1365 5015 1380 5039 ,
1427 4972 1520 5028 sed
1549 4975 1799 5041 pigritans
1825 4975 1995 5032 factus
2018 4987 2102 5032 est
2129 4978 2384 5047 proditor.

800 5061 962 5115 Latro
995 5062 1120 5116 item
1150 5074 1267 5131 post
1295 5072 1500 5118 tantum
1530 5063 1746 5118 malitiae
1770 5106 1784 5130 ,
1816 5067 1935 5134 quia
1963 5067 2029 5121 de
2055 5083 2151 5138 spe
2178 5083 2282 5121 non
2315 5068 2391 5121 la-

800 5165 931 5221 psus
978 5161 1061 5205 est
1086 5192 1102 5218 ,
1147 5160 1269 5206 ante
1309 5153 1441 5207 alios
1482 5152 1786 5223 paradisum
1832 5154 2167 5223 ingreditur:
2200 5157 2388 5211 Phari-

801 5259 942 5298 saeus
993 5243 1272 5298 conlidens
1306 5259 1375 5297 ex
1413 5244 1526 5312 ipso
1563 5244 1770 5300 virtutis
1814 5245 2044 5300 culmine
2084 5247 2282 5302 decidit
2335 5249 2387 5301 in

800 5336 1162 5405 profundum:
1214 5335 1528 5406 publicanus
1582 5337 1704 5404 quia
1753 5351 1858 5390 non
1911 5335 2246 5404 desperavit,
2307 5338 2387 5392 sic

796 5437 1008 5482 erectus
1032 5435 1149 5490 est,
1182 5435 1238 5480 ut
1277 5426 1424 5480 illum
1465 5427 1802 5494 praeveniret.
1840 5426 1930 5481 Vis
1977 5436 2032 5480 ut
2075 5427 2164 5481 tibi
2204 5437 2389 5482 osteu-
2464 5468 2467 5469 ν

797 5522 920 5578 dam
948 5528 1002 5574 et
1032 5517 1218 5571 urbem
1249 5525 1410 5571 totam
1455 5515 1558 5571 hoc
1599 5516 1829 5572 fecisse?
1873 5516 2220 5572 Ninivitarum
2263 5517 2389 5571 urbs

799 5611 877 5666 sic
903 5609 1077 5662 omnis
1102 5617 1310 5661 servata
1339 5615 1419 5660 est
1451 5625 1464 5661 :
1498 5606 1616 5661 illos
1646 5617 1790 5661 certe
1831 5607 1934 5661 lata
1970 5606 2080 5677 jam
2125 5607 2386 5661 sententia

800 5715 828 5752 a
853 5717 945 5767 spe
967 5698 1267 5768 depulerat.
1298 5695 1410 5750 Non
1437 5697 1577 5751 enim
1600 5696 1764 5761 dixit,
1793 5697 1846 5751 Si
1877 5697 2236 5766 pwuitcntiam
2267 5712 2389 5766 ege-

803 5799 906 5845 rint
934 5831 948 5855 ,
981 5790 1333 5845 servabuntur
1361 5804 1372 5842 :
1401 5788 1493 5844 scd
1522 5788 1690 5843 solum
1719 5831 1732 5856 ,
1777 5787 1900 5844 Tres
1944 5789 2108 5843 adhuc
2153 5791 2257 5843 dies
2282 5831 2294 5850 ,
2337 5798 2382 5842 et

1528 413 1584 472 S.
1623 417 1902 480 JOANNIS
1938 426 2409 491 CHRYSOSTOMI
2449 438 2766 499 ARCHIEP.
2807 448 3342 514 CONSTANTINOP.

3969 483 4086 535 240

2504 551 2686 650 {Vinia
2712 559 3021 617 subvertetur
3047 567 3067 634 (
3088 566 3213 624 Ion.
3241 571 3296 626 5.
3327 573 3361 627 ι
3385 571 3427 644 ).
3459 574 3566 632 Sed
3597 587 3770 637 tamen
3801 603 4087 650 minitante

2500 645 2610 737 1)εο
2633 688 2646 711 ,
2666 657 2717 702 et
2745 651 2998 719 propheta
3020 658 3286 718 clamante
3312 704 3327 730 ,
3357 670 3615 722 sententia
3637 670 3941 733 dilationem
3969 645 4086 737 lion

2499 735 2728 795 habente
2769 757 2940 812 neque
2967 744 3358 809 distinctionem
3387 757 3425 824 ⁸,
3469 774 3577 814 non
3617 761 3922 821 ceciderunt
3963 735 4089 826 ani;

2498 830 2639 923 mis,
2672 848 2842 923 neque
2871 837 3036 892 bonas
3063 855 3186 910 spes
3214 848 3577 913 perdiderunt.
3621 853 3903 923 PrOpterea
3933 864 4084 916 enim

2497 917 2894 978 distinctionem
2927 942 3029 981 non
3059 934 3302 999 apposuit
3331 976 3348 1001 ,
3389 954 3560 1010 neque
3602 917 3768 1008 dixit,
3801 945 4085 1002 Paeniten-

2494 1007 2620 1062 tiam
2651 1013 2696 1064 si
2725 1017 2969 1085 egerint,
3000 1020 3353 1077 servabuntur
3381 1044 3396 1078 :
3427 1007 3534 1096 quo
3556 1043 3609 1086 et
3644 1007 3758 1102 ipsi
3778 1035 3934 1090 latam
3978 1038 4082 1093 Dei

2495 1106 2816 1160 sententiam
2848 1109 2963 1164 sine
2983 1111 3319 1169 distinctione
3338 1118 3616 1177 audientes
3638 1165 3654 1189 ,
3684 1142 3852 1195 neque
3874 1129 3951 1183 sic
3974 1144 4083 1198 spe

2491 1191 2742 1282 cadamus
2767 1237 2781 1258 ,
2814 1199 2908 1252 sed
2953 1201 3019 1254 ad
3061 1201 3184 1258 illud
3218 1206 3517 1275 exemplum
3555 1191 3890 1282 respicientes
3912 1260 3927 1281 ,
3962 1191 4079 1273 non

2492 1280 2856 1350 desperemus.
2893 1288 3074 1360 Neque
3109 1293 3157 1346 in
3183 1309 3248 1348 eo
3283 1295 3452 1350 solum
3496 1280 3676 1357 videre
3710 1316 3792 1361 est
3831 1307 3923 1364 Dei
3961 1310 4082 1364 cle-

2494 1377 2746 1430 mentiam
2773 1419 2787 1444 ,
2812 1381 2953 1448 quod
2978 1387 3254 1440 sententiae
3285 1387 3420 1440 nulla
3443 1388 3674 1444 adhibita
3695 1395 4040 1455 distinctione
4059 1441 4075 1463 .

2493 1474 2667 1520 tamen
2714 1471 3091 1537 ptenitentibus
3133 1478 3500 1532 reconciliatus
3540 1479 3646 1545 sit;
3676 1485 3767 1538 sed
3798 1489 3880 1543 vel
3909 1505 3974 1545 ex
4005 1507 4078 1546 eo

2491 1557 2648 1610 etiam
2673 1559 2812 1627 quod
2841 1562 3081 1616 absolute
3104 1563 3203 1618 lata
3225 1567 3310 1620 sit.
3340 1567 3469 1621 Nam
3491 1584 3684 1640 augere
3706 1575 3886 1632 volens
3909 1580 4078 1634 timo-

2490 1662 2601 1700 rem
2627 1689 2641 1712 ,
2676 1649 3044 1721 ingentemque
3074 1654 3281 1708 illorum
3311 1659 3584 1727 segnitiem
3615 1670 3829 1730 tangere
3853 1706 3868 1727 ,
3903 1669 3954 1722 id
3980 1670 4076 1723 ef-

2488 1736 2610 1791 fecit
2634 1779 2649 1805 ,
2683 1739 2959 1811 ipsumque
2991 1746 3311 1812 paenitentia:
3353 1760 3558 1820 tempus
3601 1751 3917 1811 ineﬂ‘abilem
3948 1761 4078 1826 ejus

2486 1829 2718 1884 ostendit
2745 1831 3103 1888 clementiam.
3135 1836 3410 1904 Quomodo
3449 1843 3588 1893 enitn
3630 1850 3736 1896 tres
3776 1843 3889 1900 dies
3933 1846 4075 1902 etl‘e-

2487 1918 2725 1986 cissent,
2780 1929 2838 1975 ut
2882 1923 3150 1980 deleretur
3195 1927 3394 1982 malitia
3454 1930 3640 1984 tanta?
3687 1931 3873 1987 Cernis
3923 1939 4073 2004 quod

2489 2010 2646 2064 etiam
2674 2012 2797 2066 inde
2835 2013 2928 2068 Dei
2967 2016 3293 2084 providentia
3319 2021 3611 2088 appareat?
3640 2023 3756 2092 plus
3781 2024 3923 2078 enim
3953 2025 4076 2080 haec

2490 2099 2556 2152 ad
2588 2100 2706 2166 ejus
2735 2104 2878 2156 urbis
2916 2105 3139 2160 salutem
3169 2109 3411 2163 contulit.

2558 2189 2852 2257 Desperano
2873 2195 3025 2246 telum
3047 2195 3251 2249 diaboli.
3275 2228 3346 2237 —
3369 2199 3490 2254 llmc
3516 2201 3669 2270 igitur
3683 2204 3910 2259 scientes
3934 2246 3948 2269 ,
3970 2221 4078 2275 spe

2489 2294 2775 2348 numquam
2802 2283 3073 2338 cadamus.
3106 2285 3286 2356 Neque
3317 2289 3458 2342 enim
3487 2292 3648 2344 ullum
3675 2293 3808 2347 adeo
3837 2296 4076 2350 validum

2482 2379 2563 2422 est
2585 2370 2745 2423 telum
2766 2372 2997 2439 diabolo,
3020 2390 3082 2428 ac
3098 2375 3398 2445 desperatio
3420 2397 3435 2446 ;
3457 2380 3653 2436 idcirco
3673 2399 3842 2453 neque
3859 2395 3964 2439 tam
3984 2389 4079 2440 lai-

2485 2467 2594 2513 tum
2613 2476 2733 2515 eum
2754 2474 3032 2531 peccantes
3063 2466 3513 2536 reddimus,quam
3545 2471 3904 2543 desperantes.
3927 2480 4075 2532 Audi

2484 2553 2537 2606 in
2559 2553 3015 2627 fornicante,quod
3052 2558 3165 2627 plus
3184 2575 3338 2629 quam
3359 2571 3627 2630 peccatum
3656 2563 3849 2619 Paulus
3872 2566 4074 2636 despe-

2486 2645 2744 2700 rationem
2771 2648 3025 2702 timuerit.
3045 2650 3330 2706 Corinthiis
3346 2652 3486 2707 enim
3512 2655 3750 2709 scribens
3766 2658 3841 2710 sic
3860 2657 4033 2726 inquit
4058 2676 4072 2712 :

2492 2735 2712 2790 Omnino
2738 2739 2943 2792 auditur
2966 2740 3018 2794 in
3048 2741 3182 2796 vobis
3227 2743 3524 2812 fornicatio,
3565 2757 3611 2798 et
3666 2749 3778 2802 tatis
3818 2765 3928 2818 qua:
3976 2766 4078 2803 nec

2485 2828 2614 2879 inter
2635 2839 2806 2896 gentes
2833 2831 3158 2896 nominatur(
3183 2832 3200 2886 l
3227 2832 3341 2888 Cor.
3363 2836 3415 2890 5.
3441 2837 3465 2890 1
3493 2837 3532 2905 ).
3559 2836 3673 2891 Νοη
3698 2839 3828 2892 dixit
3851 2880 3864 2902 ,
3894 2840 4072 2906 Quam

2485 2933 2584 2973 nec
2642 2919 2694 2972 in
2745 2921 2991 2990 gentibus
3040 2924 3274 2989 audent,
3329 2926 3461 2991 sed,
3503 2926 3680 2997 Neque
3725 2930 4013 2982 nominatur
4047 2947 4068 2982 :

2485 3011 2624 3079 quod
2652 3013 2733 3065 vel
2762 3013 2976 3068 nomine
3013 3015 3189 3070 solum
3218 3017 3319 3071 illis
3345 3018 3672 3072 intolerabile
3706 3031 3826 3085 est,
3870 3020 3921 3074 id
3961 3022 4070 3090 ipsi

2487 3115 2647 3168 opere
2675 3104 2785 3156 ausi
2815 3105 2961 3158 estis.
2991 3103 3060 3157 Et
3088 3123 3172 3160 vos
3208 3107 3375 3176 inﬂati
3423 3110 3536 3163 estis
3576 3109 3752 3182 (Ibid.
3779 3128 3828 3164 υ.
3851 3111 3886 3164 2
3911 3112 3970 3180 )?
4000 3113 4074 3167 Et

2490 3206 2593 3244 non
2622 3193 2790 3258 dixit,
2823 3193 2915 3249 llle
2944 3195 3153 3250 inﬂatus
3182 3208 3263 3252 est
3290 3216 3303 3250 :
3349 3199 3442 3254 sed
3477 3217 3595 3254 eum
3620 3243 3636 3268 ,
3673 3203 3760 3270 qtti
3806 3218 4072 3270 peccave—

2489 3292 2570 3336 rat
2595 3323 2609 3348 ,
2632 3283 2900 3338 dimittens
2921 3326 2934 3348 ,
2962 3301 3121 3340 sanos
3146 3289 3429 3357 alloquitur
3453 3309 3466 3344 :
3492 3293 3930 3362 quemadmodum
3951 3309 4072 3348 me-

2491 3372 2593 3427 dici
2651 3373 2888 3442 faciunt,
2925 3392 3095 3446 aegros
3143 3379 3509 3444 dimittentcs,
3555 3381 3694 3448 apud
3745 3383 4072 3450 propinquos

2493 3464 2669 3532 plures
2699 3479 2975 3519 sermones
3005 3465 3218 3521 habent.
3250 3469 3493 3536 Alioquin
3534 3470 3585 3524 hi
3611 3472 3782 3525 omnis
3809 3487 4069 3539 arrogan-

2492 3557 2577 3610 tia:
2621 3557 2699 3610 illi
2735 3567 2979 3613 auctores
3017 3567 3168 3612 erant
3192 3601 3206 3622 ,
3243 3560 3383 3627 quod
3420 3575 3538 3613 eum
3582 3577 3686 3614 non
3733 3562 4071 3629 corriperent

2490 3661 2590 3700 nec
2643 3656 2923 3701 terrerent.
2985 3646 3198 3702 Crimen
3241 3649 3397 3717 igitur
3440 3663 3715 3703 commune
3756 3649 3917 3715 fecit,
3955 3666 4069 3719 quo

2490 3735 2657 3791 facilis
2681 3739 2885 3791 curatio
2914 3737 3146 3792 vulneris
3172 3747 3333 3794 esset.
3360 3738 3530 3794 Grave
3550 3741 3756 3809 quidem
3788 3750 4065 3810 peccatum

2489 3837 2572 3883 est
2592 3869 2609 3895 ,
2641 3828 2734 3883 sed
2760 3829 2926 3882 multo
2955 3830 3165 3898 gravius
3189 3829 3353 3882 altum
3376 3844 3565 3898 sapere
3588 3831 3636 3884 in
3669 3840 3900 3899 peccato.
3929 3830 4065 3885 Nam

2491 3917 2537 3971 si
2567 3917 2633 3972 de
2662 3918 2864 3987 justitia
2915 3918 3085 3972 inﬂari
3111 3959 3126 3983 ,
3174 3918 3392 3987 justitia:
3429 3919 3499 3972 sit
3538 3922 3807 3974 evacuatio
3837 3939 3850 3973 :
3897 3922 4069 3974 multo

2495 4006 2662 4076 magis
2703 4006 2755 4060 id
2797 4007 2848 4060 in
2892 4007 3120 4075 peccatis
3156 4006 3199 4059 si
3243 4006 3547 4074 contingat,
3587 4009 3866 4062 maximam
3912 4011 4069 4064 nobis

2489 4096 2748 4165 iacturam
2779 4097 3005 4162 inferet,
3034 4105 3194 4165 atque
3223 4095 3349 4164 ipsis
3383 4099 3610 4165 peccatis
3651 4100 3818 4167 majus
3859 4101 4065 4155 crimen

2494 4189 2670 4244 fuerit.
2699 4189 2983 4261 Propterea
3015 4188 3182 4257 inquit
3212 4205 3226 4242 :
3259 4187 3380 4243 Cum
3409 4191 3574 4242 omnia
3614 4205 3726 4258 quae
3758 4191 4067 4260 principium

2497 4291 2579 4334 tur
2623 4280 2756 4335 vobis
2781 4323 2796 4348 ,
2840 4281 3093 4352 feceritis,
3138 4279 3286 4332 dicite
3326 4281 3441 4348 quia
3485 4283 3609 4335 servi
3651 4281 3850 4334 inutiles
3893 4298 4067 4334 sumus

2498 4370 2778 4442 (Luc.i7.
2810 4371 2943 4442 10).
2997 4371 3051 4426 Si
3109 4371 3248 4425 enim
3277 4385 3407 4437 eos,
3456 4373 3541 4439 qui
3590 4373 3767 4426 omnia
3826 4371 4063 4436 faciunt,

2495 4462 2724 4530 dejicere
2780 4478 2838 4517 se
2882 4471 3089 4531 oportet
3135 4479 3148 4516 :
3188 4461 3353 4515 multo
3401 4464 3563 4530 magis
3619 4471 3672 4517 et
3732 4473 4062 4533 peccatorem

2497 4553 2626 4608 ﬂere
2699 4553 2879 4616 decet,
2934 4562 2988 4607 et
3030 4553 3267 4607 intimum
3333 4566 3450 4605 sese
3495 4555 3726 4606 omnium
3785 4555 4062 4609 existima-

2496 4663 2575 4701 re.
2644 4645 2702 4700 ιιι
2757 4645 2932 4713 itaque
2978 4644 3296 4709 ostendens,
3361 4651 3483 4696 tunc
3521 4642 3685 4707 dixit,
3740 4643 3802 4696 Et
3829 4663 3930 4699 non
3959 4661 4065 4697 ma-

2495 4738 2572 4809 gis
2616 4736 2822 4806 ﬂevistis
2882 4736 2900 4804 (
2945 4736 2994 4788 1.
3043 4731 3160 4788 Cor.
3209 4735 3262 4788 5.
3306 4731 3342 4786 2
3381 4732 3442 4803 )?
3499 4730 3633 4798 Quid
3695 4733 3869 4788 dicis?
3933 4737 4067 4790 alter

2499 4827 2753 4896 peccavit,
2813 4834 2866 4880 et
2911 4838 3010 4893 ego
3055 4823 3314 4892 plorabo?
3372 4822 3484 4885 Ita,
3546 4822 3711 4892 inquit
3754 4841 3769 4878 :
3826 4827 4065 4896 corporis

2496 4918 2636 4972 enim
2722 4925 2776 4971 et
2833 4914 3192 4970 membrorum
3245 4913 3489 4982 exemplo
3565 4925 3746 4969 mutuo
3807 4916 4065 4986 compaeti

2497 5022 2722 5069 sumus;
2770 5006 2823 5059 in
2861 5019 3086 5075 corpore
3126 5013 3304 5058 autem
3347 5002 3553 5056 tametsi
3600 5019 3690 5072 pes
3717 5006 3906 5060 vulnus
3932 5008 4068 5060 acci-

2501 5101 2625 5168 piat,
2669 5097 2814 5152 bumi
2843 5104 3001 5165 caput
3028 5096 3266 5152 inclinari
3295 5095 3553 5150 videmus.
3589 5096 3648 5150 Et
3672 5099 3794 5169 quid
3822 5116 3887 5154 eo
3910 5115 4069 5153 vene-

2500 5189 2758 5244 rabilius?
2797 5187 2902 5243 Sed
2929 5197 3103 5242 tamen
3129 5186 3436 5256 dignitatem
3468 5201 3612 5241 suam
3636 5205 3738 5243 non
3763 5190 3910 5243 novit
3931 5189 4068 5242 cala-

2499 5284 2694 5338 mitatis
2735 5292 2972 5353 tempore
3002 5299 3016 5331 :
3044 5281 3182 5334 idem
3205 5289 3258 5333 et
3296 5279 3406 5346 ipse
3437 5278 3535 5332 fac.
3583 5280 3755 5348 Quare
3783 5290 3838 5335 et
3876 5279 4062 5333 Paulus

2499 5375 2747 5431 admonet
2766 5416 2780 5442 ,
2824 5373 3055 5428 Gaudere
3080 5387 3192 5425 cum
3217 5371 3542 5439 gaudentibus
3565 5414 3578 5437 ,
3611 5375 3731 5442 ﬂere
3768 5388 3881 5425 cum
3905 5371 4063 5438 ﬂenti.

2565 5551 2579 5582 ¹
2616 5551 2659 5599 si
2677 5550 2891 5598 Sarravio
2914 5545 3138 5595 credatur
3161 5543 3216 5592 ad
3243 5544 3514 5593 Salmasium
3545 5541 3793 5598 scribenti,
3818 5539 3921 5588 loco
3944 5546 4056 5589 γοα)

2494 5605 2672 5656 Οτεεεςι
2693 5619 2898 5672 διορισμὸν,
2925 5620 3035 5670 qua:
3059 5605 3402 5655 distinctionem
3419 5606 3671 5712 significat,
3699 5602 3961 5670 legendum
3993 5613 4061 5669 est

2498 5680 2715 5712 summu..-
2742 5671 2787 5712 id
2819 5678 2910 5712 est-
2958 5680 3158 5712 moram.
3184 5669 3290 5712 Sed-
3326 5669 3372 5712 ni
3409 5666 3466 5712 fal
3489 5679 3559 5712 or.
3594 5672 3775 5712 διηοιωὸν
3796 5677 3885 5711 seu
3904 5665 4061 5710 distin-

2498 5680 2716 5733 διωρισμδν,
2742 5665 2912 5734 idest,
2947 5665 3158 5734 moram.
3184 5669 3290 5723 Sed,
3326 5669 3372 5715 ni
3409 5665 3574 5734 ἴξιιῖυιπἸ
3594 5672 3889 5734 antiquatam
3904 5665 4062 5731 dist-itt-

2498 5723 3113 5792 t‘tionem'optitnequadrat.
3141 5743 3150 5775 :
3179 5737 3406 5777 caderqu
3430 5727 3540 5775 lunc
3564 5723 3752 5772 lectioni
3770 5723 4058 5773 favelscritti

2502 5799 2626 5857 ipsa;
2655 5803 2701 5844 et
2727 5792 2934 5854 alioquin
2953 5798 3123 5852 quater
3140 5791 3376 5853 repetitur
3394 5802 3484 5838 vox
3495 5823 3505 5848 ,
3533 5794 3722 5847 διηριηά..
