4446 6698
427 496 533 553 279

424 609 534 679 γὰρ
568 608 661 661 ἐπὶ⁵
687 608 791 661 τῶν
815 610 1057 679 φυσικῶν
1080 609 1255 662 τόκων
1288 605 1564 662 ἀδύνατον.
1600 609 1697 664 Διά
1729 612 1780 663 τί
1808 610 1865 663 δέ
1893 610 1993 663 οὐκ

424 692 579 766 1281]
602 688 719 746 εἷπε
741 712 754 723 ·
798 697 1007 747 Τεκνία
1020 710 1164 761 μου,
1194 690 1301 757 οὓς
1323 691 1507 745 πάλιν
1549 693 1850 761 ἀναγεννῶ,
1880 692 1993 746 ἀλλ’

423 776 650 838 ώδίνω;
685 778 856 830 καίτοι
894 792 957 844 γε
1008 772 1242 843 ἀλλαχοῦ
1290 777 1481 847 γεννᾷν
1516 793 1679 847 φησιν
1702 793 1717 808 ·
1760 776 1857 828 Ἐν
1888 777 1996 847 γὰρ

426 857 659 927 Χριστῷ
701 858 896 926 Ἰησοῦ
929 855 1084 927 ὑμᾶς
1114 855 1430 925 ἐγέννησα.
1472 860 1619 912 Ἐκεῖ
1652 858 1749 928 μὲν
1781 854 1873 911 οὖν
1901 858 1997 928 τὴν

428 944 743 1013 συγγένειαν
781 941 1019 1011 δηλῶσαι
1057 940 1215 1010 μόνον
1243 940 1490 995 ἐϐούλετο
1513 958 1525 971 ·
1557 940 1790 994 ἐνταῦθα
1820 941 1876 993 δὲ
1903 943 1998 994 καὶ

423 1027 512 1079 τὸν
540 1028 700 1079 πόνον
715 1023 1062 1095 παραστῆσαι
1095 1024 1410 1090 ἐσπούδαζε.
1432 1024 1555 1087 Πῶς
1576 1024 1633 1076 δὲ
1662 1024 1827 1077 τέκνα
1845 1022 2000 1076 καλεῖ

423 1113 493 1163 τα
525 1109 749 1181 μηδέπω
776 1106 1070 1175 τεχθέντα;
1105 1109 1153 1160 εί
1181 1108 1287 1179 γὰρ
1321 1107 1518 1172 ὠδίνει,
1562 1107 1768 1161 οὐδέπω
1807 1107 1960 1161 ἔτεκε
1981 1123 1993 1135 ·

426 1188 652 1255 πῶςοῦν
675 1190 837 1241 τέκνα
868 1188 1061 1254 καλεῖ;
1117 1192 1235 1244 Ἱνα
1276 1189 1475 1260 μάθῃς,
1529 1192 1610 1243 ὅτι
1652 1191 1757 1258 (οὐ)
1798 1190 1999 1253 ταύτας

421 1276 602 1328 ὠδίνει
633 1272 734 1335 τάς
764 1270 987 1342 πρώτας
1033 1273 1250 1337 ὠδῖνας.
1282 1274 1417 1343 ὅπερ
1448 1272 1630 1327 ἰκανὸν
1655 1268 1723 1343 ἦν
1755 1274 1998 1336 ἐκείνους

426 1356 705 1429 ἐντρέψαι.
744 1355 855 1407 Καὶ
906 1356 1013 1427 γὰρ
1046 1357 1333 1427 ἐγενόμην,
1397 1357 1581 1426 φησὶν,
1610 1356 1755 1423 ἅπαξ
1790 1357 1994 1428 πατὴρ,

426 1440 521 1492 καὶ
552 1437 643 1489 τὸν
672 1436 1016 1506 ὀφειλόμενον
1043 1440 1126 1507 ἐφ’
1156 1440 1283 1509 ὑμῖν
1315 1439 1581 1509 ὑπέμεινα
1617 1440 1793 1502 τόκον,
1829 1440 2002 1507 ἐγένεο

427 1521 522 1573 σθε
550 1518 606 1571 δὲ
640 1518 805 1572 τέκνα
835 1521 926 1573 καὶ
967 1522 1125 1591 ὑμεῖς
1151 1521 1295 1588 ἅπαξ
1322 1538 1335 1551 ·
1362 1521 1479 1582 πῶς
1508 1517 1599 1574 οὖν
1633 1521 1792 1574 πάλιν
1824 1539 1889 1591 με
1920 1523 1998 1583 είς

423 1600 685 1670 δευτέρας
723 1600 916 1665 ὠδῖνας
950 1602 1243 1673 ἐμϐάλλετε
1270 1620 1284 1669 ;
1325 1604 1499 1657 ἱκανοὶ
1526 1605 1573 1656 οξ
1608 1605 1758 1656 πόνοι
1779 1602 1885 1656 τῶν
1913 1604 1999 1655 τό-

425 1702 540 1738 κων
572 1683 678 1737 τῶν
705 1683 764 1749 ἐξ
789 1686 980 1756 ἀρχῆς,
1034 1687 1087 1739 τί
1114 1704 1179 1757 με
1218 1687 1507 1739 διατείνετε
1547 1686 1707 1740 πάλιν
1735 1690 1853 1749 ταῖς
1880 1686 1999 1739 ὀδύ-

425 1783 575 1831 ναις;
616 1766 735 1819 Τῶν
764 1768 872 1838 γὰρ
901 1768 1124 1837 μηδέπω
1148 1770 1589 1821 πεπιστευκότων
1617 1769 1717 1821 οὑκ
1744 1768 1998 1823 ἐλάττονα

425 1850 586 1902 πόνον
618 1852 871 1919 παρεῖχεν
916 1849 1063 1920 αὐτῷ
1084 1850 1191 1903 τῶν
1225 1850 1433 1906 πιστῶν
1462 1851 1531 1903 τά
1570 1850 1859 1921 πτώματα.
1891 1852 2000 1903 Καὶ

425 1932 535 2003 γάρ
565 1926 632 2002 ἦν
664 1933 954 2003 ἀφόρητον,
979 1933 1115 2003 μετά
1144 1934 1239 2005 τὴν
1264 1934 1373 1986 τῶν
1405 1933 1660 1987 τοιούτων
1686 1933 2000 2003 μυστηρίων

427 2015 713 2067 κοινωνίαν
761 2016 893 2084 πρὸς
949 2015 1045 2085 τὴν
1081 2015 1334 2068 ἀσέϐειαν
1375 2017 1803 2087 αὐτομολοῦντας
1834 2018 1996 2087 όρᾷν·

424 2097 507 2149 διὸ
536 2095 629 2148 καὶ
664 2096 869 2165 σφόδρα
905 2096 1068 2165 δριμὺ
1094 2098 1185 2149 καὶ
1225 2099 1402 2166 πάσης
1426 2100 1679 2166 γυναικὸς
1702 2098 2001 2168 περιπαθέ-

430 2195 620 2249 στερον
647 2178 970 2241 άνωνόλυζε,
1004 2177 1209 2245 λέγων·
1247 2181 1453 2231 Τεκνία
1497 2198 1634 2248 μου,
1668 2181 1775 2245 οὓς
1814 2178 2002 2232 πάλιν

425 2261 635 2325 ὠδίνω,
663 2260 838 2330 ἄχρις
868 2257 938 2315 οὗ
959 2259 1244 2329 μορφωθῇ
1271 2261 1523 2329 Χριστὸς
1541 2262 1609 2313 ἐν
1630 2262 1790 2330 ὑμῖν.
1832 2263 2000 2315 Τοῦτο

423 2345 481 2398 δὲ
508 2344 715 2413 ἔλεγεν,
754 2344 889 2415 ὁμοῦ
921 2346 1015 2397 καὶ
1045 2344 1307 2415 θαρρῦναι
1345 2346 1439 2398 καὶ
1474 2345 1706 2414 φοϐῆσαι
1740 2346 1994 2416 βουλόμε-

424 2443 544 2489 νος·
578 2428 638 2479 τὸ
669 2426 767 2496 μὲν
816 2428 923 2496 γὰρ
962 2425 1129 2491 δεῖξαι
1157 2427 1232 2497 μὴ
1264 2428 1691 2498 μεμορφωμένον
1729 2430 1785 2479 ἐν
1820 2430 1999 2492 αὐτοῖς

423 2510 515 2561 τὸν
537 2507 789 2579 Χριστὸν,
824 2508 1062 2575 ἀγωνίαν
1090 2510 1184 2560 καὶ
1212 2509 1375 2577 φόϐον
1406 2510 1655 2562 ἐνέϐαλλε
1682 2528 1695 2539 ·
1734 2511 1795 2562 τὸ
1822 2511 1876 2563 δὲ
1906 2514 2001 2580 ἐμ-

428 2592 594 2662 φῆναι
620 2593 699 2644 ὅτι
728 2590 948 2645 δυνατὸν
982 2592 1145 2644 αὐτὸν
1187 2592 1559 2663 μορφωθῆναι,
1588 2593 1750 2645 πάλιν
1782 2594 1999 2663 θαρρεῖν

430 2673 821 2744 παρεσκεύαζε.
849 2674 922 2725 Τὸ
960 2674 1067 2743 γάρ
1094 2676 1289 2738 εἰπεῖν,
1325 2677 1531 2743 Ἀχρις
1578 2670 1649 2729 οὗ
1692 2676 1996 2743 μορφωθῇ,

428 2756 711 2826 ἀμφότερα
744 2757 912 2809 ταῦτά
939 2758 1085 2809 ἐστιν
1111 2758 1543 2827 ἐνδεικνυμένου,
1570 2760 1662 2811 καὶ
1684 2760 1765 2811 ὅτι
1793 2759 2001 2811 οὐδέπω

431 2839 805 2909 μεμόρφωται,
836 2840 926 2891 καὶ
954 2841 1035 2892 ὅτι
1061 2840 1283 2893 δυνατὸν
1331 2842 1683 2912 μορφωθῆναι
1725 2842 1904 2897 πάλιν.
1935 2844 1998 2896 Εἰ

426 2923 534 2990 γὰρ
554 2920 628 2991 μὴ
662 2921 881 2973 δυνατὸν
900 2917 985 2991 ἦν,
1014 2922 1134 2991 εἰκῆ
1167 2924 1303 2994 πρὸς
1331 2924 1525 2986 αὐτοὺς
1556 2924 1759 2991 ἔλεγεν,
1799 2926 1997 2993 ’Λχρις

426 3000 497 3059 οὗ
522 3003 810 3073 μορφωθῇ
835 3005 1164 3072 Χριστὸςέν
1191 3006 1354 3075 ὑμῖν,
1389 3008 1481 3060 καὶ
1515 3007 1773 3077 ματαίαις
1801 3008 1995 3071 αὐτοὺς

425 3086 649 3157 ἔτρεφεν
676 3087 875 3139 ἐλπίσι.

498 3294 563 3364 β’.
593 3293 775 3347 Ταῦτα
804 3291 896 3349 οῦν
925 3294 1124 3357 εἰδότες
1157 3294 1291 3365 μηδὲ
1317 3297 1473 3364 ἡμεῖς
1499 3295 1994 3363 ἀπογινώσκωμεν,

427 3376 561 3429 ἀλλά
583 3376 716 3446 μηδέ
745 3377 1151 3447 ῥαθυμήσωμεν
1186 3377 1400 3439 ἁπλῶς·
1431 3378 1664 3446 ἐκάτερα
1694 3377 1803 3446 γὰρ
1825 3375 1999 3429 ταῦτα

429 3458 668 3527 ὀλέθρια,
686 3459 749 3510 Ἦ
773 3460 870 3528 μὲν
886 3459 994 3528 γὰρ
1010 3459 1318 3527 ἀπόγνωσις
1342 3460 1432 3512 τὸν
1458 3459 1708 3527 κείμενον
1719 3460 1818 3510 οὐκ
1834 3458 1998 3527 ἀφίη-

428 3556 512 3592 σιν
562 3540 877 3609 ἀναστῆναι,
942 3542 975 3611 ή
1026 3540 1082 3592 δὲ
1132 3542 1375 3611 ῥᾳθυμία
1418 3542 1511 3594 τὸν
1549 3541 1759 3593 ἑστῶτα
1798 3552 1825 3581 α
1863 3541 2003 3592 ποιεῖ

430 3625 790 3678 καταπίπτειν
813 3642 826 3656 ·
858 3625 1043 3694 ἐκείνη
1074 3626 1182 3678 τῶν
1206 3624 1572 3694 πορισθέντων
1614 3624 1834 3691 ἀγαθῶν
1872 3624 2007 3675 ἀπο-

429 3710 639 3777 στερεῖν
663 3708 871 3774 εἴωθεν,
900 3708 1039 3778 αὕτη
1072 3708 1181 3762 τῶν
1228 3707 1590 3777 ἐπικειμένων
1638 3708 1737 3758 οὑκ
1778 3706 2001 3774 ἀφίησιν

428 3791 803 3861 ἀπαλλαγῆναι
827 3792 1040 3845 κακῶν·
1070 3794 1163 3845 καὶ
1195 3794 1227 3861 ή
1265 3793 1361 3862 μὲν
1396 3791 1797 3860 καταφρόνησις
1829 3791 1919 3841 καὶ
1942 3790 1999 3854 ἐξ

430 3875 611 3927 αὐτῶν
658 3877 953 3946 καταφέρει
1003 3876 1111 3929 τῶν
1140 3875 1402 3946 οὐρανῶν,
1431 3877 1464 3945 ἠ
1500 3875 1556 3926 δὲ
1588 3874 1895 3940 ἀπόγνωσις
1922 3874 2001 3933 εἰς

429 3958 600 4028 αὐτὴν
654 3959 879 4025 κατάγει
909 3958 1005 4029 τῆς
1033 3958 1231 4020 κακίας
1255 3959 1353 4026 τὴν
1404 3958 1660 4021 ἄϐυσσον,
1696 3956 1883 4025 ῶσπερ
1908 3952 2000 4008 οὖν

429 4040 490 4092 τὸ
526 4041 601 4110 μὴ
630 4039 936 4109 ἀπογνῶναι
971 4040 1223 4093 κάκεῖθεν
1257 4040 1806 4109 ταχέωςάναδραμεῐν
1838 4042 1997 4092 ποιεῖ.

430 4123 626 4175 Σκόπει
651 4123 706 4176 δὲ
735 4123 1055 4193 ἀμφοτέρων
1108 4123 1207 4191 τὴν
1234 4122 1383 4191 ἰσχύν
1408 4138 1423 4153 ·
1455 4123 1483 4173 0
1517 4122 1763 4183 διάϐολος
1801 4122 2003 4188 ἀγαθὸς

408 4201 497 4274 ἦν
529 4205 633 4275 πρὸ
666 4206 856 4258 τούτου
880 4220 893 4235 ·
930 4205 1249 4275 ρᾳθυμήσας
1294 4204 1349 4256 δὲ
1380 4204 1473 4256 καὶ
1510 4203 1777 4270 ἀπογνοὺς
1808 4204 2002 4255 ἔπεσεν

429 4290 509 4351 είς
557 4288 821 4359 τοσαύτην
869 4290 1089 4352 κακίαν,
1143 4289 1217 4350 ῶς
1271 4286 1403 4357 μηδέ
1436 4286 1728 4355 ἀναστῆναι
1767 4286 1954 4337 λοιπόν
1983 4302 1997 4316 ·

430 4371 512 4423 ὅτι
548 4369 656 4440 γὰρ
701 4371 903 4435 ἀγαθὸς
950 4367 1038 4439 ἦν,
1091 4371 1322 4423 ἄκουσον
1369 4368 1419 4421 τί
1466 4385 1661 4437 φησιν·
1689 4363 1869 4421 Εἶδον
1895 4366 2001 4419 τὸν

431 4451 703 4508 Σατανᾶν
724 4452 804 4516 ώς
831 4452 1151 4518 ἀστραπὴν
1186 4453 1255 4504 ἐκ
1295 4451 1400 4505 τοῦ
1430 4450 1688 4518 οὐρανοῦ
1711 4452 1996 4503 πεσόντα.

443 4538 506 4588 Ἠ
535 4536 593 4588 δέ
617 4534 899 4605 ἀστραπῆς
928 4534 1212 4603 παραϐολὴ
1232 4534 1325 4586 καὶ
1347 4532 1407 4585 τὸ
1438 4534 1663 4604 φαιδρὸν
1679 4534 1777 4602 τῆς
1805 4532 2001 4602 προτέ-

435 4636 531 4690 ρας
558 4618 823 4672 δείκνυσιν
837 4617 1202 4685 ἀναστροφῆς,
1222 4616 1315 4668 καὶ
1344 4617 1441 4686 τὴν
1473 4617 1574 4685 τῆς
1601 4617 1856 4677 πτώσεως
1878 4614 1999 4680 ὀξύ-

431 4720 587 4773 τητα.
632 4702 687 4755 Ὀ
721 4700 926 4763 Παῦλος
971 4700 1285 4769 βλάσφημος
1325 4695 1415 4770 ἦν,
1466 4702 1561 4754 καὶ
1612 4698 1863 4768 διώκτης,
1906 4698 1999 4750 καὶ

433 4787 720 4857 ὑϐριστής·
752 4784 1014 4855 ἐπειδὴδὲ
1050 4783 1346 4836 ἐσπούδασε
1377 4785 1471 4837 καὶ⁵
1507 4784 1605 4836 οὐκ
1628 4783 1867 4849 ἀπέγνω,
1905 4783 1998 4834 καὶ

430 4870 627 4937 ἀνέστη
656 4868 879 4921 καὶτῶν
925 4865 1169 4934 ἀγγέλων
1207 4866 1431 4933 γέγονεν
1472 4869 1610 4929 ἴσος·
1642 4867 1670 4917 0
1703 4867 1759 4918 δὲ
1800 4865 1998 4929 Ἰούδας

431 4952 723 5014 ἀπόστολος
743 4947 829 5021 ἦν,
852 4951 987 5005 ἀλλά
1020 4947 1339 5019 ρᾳθυμήσας
1393 4952 1582 5017 γέγονε
1613 4948 1897 5020 προδότης.
1942 4951 1998 5003 Ὀ

431 5031 629 5103 λῃστὴς
661 5033 820 5086 πάλιν
854 5034 989 5103 μετά
1012 5030 1274 5101 τοσαύτην
1303 5034 1520 5098 κακίαν,
1544 5032 1728 5101 ἐπειδὴ
1791 5034 1865 5104 μὴ
1897 5034 2001 5085 ἁπ-

430 5115 591 5182 έγνω,
629 5114 734 5183 πρὸ
763 5115 870 5168 τῶν
895 5116 1066 5170 ἄλλων
1111 5114 1361 5167 ἀπάντων
1400 5116 1481 5177 εἰς
1529 5115 1619 5167 τὸν
1671 5116 1999 5184 παράδεισον

433 5196 673 5268 εἰσῆλθεν
694 5212 706 5225 ⁸
744 5200 772 5249 0
796 5199 1086 5268 Φαρισαῖος
1132 5196 1409 5267 θαρρήσας
1456 5199 1517 5262 ἐξ
1555 5198 1718 5251 αὐτοῦ
1748 5200 1845 5267 τῆς
1869 5200 1997 5267 ἀρε-

430 5279 527 5349 τῆς
555 5278 862 5349 κατηνέχθη
892 5281 989 5334 τοῦ
1044 5280 1207 5350 ὕψους
1229 5297 1241 5309 ·
1268 5282 1297 5331 0
1336 5279 1574 5349 τελώνης
1602 5281 1675 5351 μὴ
1707 5281 1993 5346 ἀπογνοὺς,

430 5360 601 5426 οὕτως
628 5361 855 5433 ώρθώθη
886 5363 961 5425 ὡς
986 5366 1233 5418 κάκεῖνον
1267 5363 1668 5433 παραδραμεῖν.
1700 5364 1886 5416 Βούλει
1916 5381 1996 5415 σοι

430 5447 586 5511 δείξω
610 5447 703 5499 καὶ
735 5443 887 5496 πόλιν
920 5444 1211 5517 ὁλόκληρον
1235 5446 1391 5499 τοῦτο
1422 5448 1761 5516 ποιήσασαν;
1805 5448 1868 5499 ’Π
1890 5446 1998 5499 τῶν

430 5532 479 5583 Ν
486 5528 722 5583 ινευῖτῶν
750 5525 898 5589 πόλις
917 5523 1091 5589 οὑτως
1112 5529 1292 5600 ἐσώθη
1318 5529 1493 5582 πᾶσα·
1520 5528 1694 5580 καίτοι
1714 5546 1777 5596 γε
1804 5532 1835 5599 ή
1862 5530 1997 5582 ἀπό-

430 5628 593 5679 φασις
620 5613 698 5674 είς
724 5611 1026 5677 ἀπόγνωσιν
1054 5610 1251 5674 αὐτοὺς
1280 5611 1528 5665 ἐνέϐαλεν
1556 5626 1569 5639 ·
1610 5612 1670 5663 οὐ
1712 5610 1820 5681 γὰρ
1845 5610 1996 5683 [289.]

432 5690 696 5759 εἷπενὸτι,
727 5694 851 5748 Ἐὰν
874 5694 1265 5764 μετανοήσωσι,
1287 5695 1640 5767 σωθήσονται,
1658 5694 1769 5748 ἀλλ’
1791 5694 1995 5760 ἀπλῶς,

496 5894 521 5922 ⁸
544 5892 694 5941 Savil.
717 5895 794 5941 καὶ
822 5896 899 5942 τὸν
922 5892 1278 5954 ἐστῶτσ,ὶ)ειιι·.
1314 5892 1445 5942 Enn.

1592 493 1678 551 DE
1718 494 2188 553 PGSNITENTIA.
2236 494 2469 551 llOMlL.
2503 495 2539 549 1.

3568 487 3676 544 280

2104 609 2230 661 Ἔτι
2261 609 2416 676 τρεῖς
2436 608 2668 677 ἡμέραι,
2704 606 2802 661 καί
2845 606 3052 660 Νινευῒ
3079 599 3672 672 καταστραφήσεται·

2096 690 2210 742 ἀλλ’
2238 692 2385 761 ὅμως
2414 691 2764 753 ἀπειλοῦντος
2813 688 2908 742 τοῦ
2938 687 3093 755 Θεοῦ,
3130 692 3222 744 καὶ
3260 690 3359 744 τοῦ
3395 690 3676 762 προφήτου

2098 772 2347 842 βοῶντος,
2379 775 2597 844 καὶτῆς
2630 773 2958 843 ἀποφάσεως
2996 772 3096 825 οὐκ
3138 774 3371 845 ἐχούσης
3415 773 3677 846 μέλλησιν

2096 856 2215 909 οὐδὲ
2280 856 2579 927 διορισμὸν,
2624 858 2725 909 οὐκ
2777 856 3061 919 ἀνέπεσον,
3117 856 3237 910 οὐδὲ
3283 859 3382 921 τὰς
3433 857 3677 929 χρηστάς

2098 940 2409 1009 προέδωκαν
2435 940 2673 1003 ἐλπίδας.
2710 940 2807 993 Διά
2839 940 2947 1011 γὰρ
2979 938 3136 991 τοῦτο
3170 940 3230 991 οὐ
3264 940 3573 1012 προσέθηκε
3600 939 3678 993 δι-

2097 1020 2341 1090 ορισμὸν,
2361 1022 2480 1074 οὐδὲ
2503 1016 2673 1083 εἶπεν,
2692 1020 2815 1073 Ἐὰν
2835 1020 2890 1073 δέ
2910 1022 3298 1091 μετανοήσωσι,
3325 1022 3677 1092 σωθήσονται,

2100 1102 2186 1154 ῖνα
2217 1103 2307 1154 καὶ
2344 1105 2525 1173 ἡμεῖς,
2553 1105 2682 1157 ὅταν
2716 1104 3038 1175 ἀκούσωμεν
3066 1106 3393 1174 ἀποφάσεως
3418 1107 3510 1159 τοῦ
3542 1107 3677 1160 Θεοῦ

2100 1188 2403 1257 φερομένης
2433 1189 2600 1259 χωρὶς
2621 1188 2927 1258 διορισμοῦ,
2962 1191 3095 1261 μηδέ
3125 1190 3301 1253 οὕτως
3327 1192 3677 1261 ἀπογνῶμεν,

2102 1267 2235 1337 μηδέ
2266 1268 2752 1341 ἀπαγορεύσωμεν,
2797 1272 2875 1333 εἰς
2920 1272 3093 1323 ἐκεῖνο
3128 1272 3190 1324 τὸ
3217 1271 3521 1342 ὑπόδειγμα
3557 1272 3678 1341 βλέ-

2098 1366 2308 1413 ποντες.
2348 1354 2419 1403 υύ
2454 1352 2540 1405 διὰ
2592 1352 2783 1405 τούτου
2818 1352 2874 1405 δὲ
2910 1354 3069 1422 μόνον
3124 1353 3237 1405 ἐστι
3271 1355 3369 1424 τὴν
3409 1350 3503 1408 τοῦ
3542 1354 3679 1405 Θεοῦ

2099 1433 2507 1503 φιλανθρωπίαν
2544 1435 2692 1501 ἰδεῖν,
2727 1437 2807 1488 ὅτι
2850 1434 2925 1505 μὴ
2976 1434 3230 1505 προσθεὶς
3280 1435 3558 1506 διορισμὸν
3612 1440 3679 1507 τῇ

2099 1515 2390 1583 ἀποφάσει,
2423 1516 2571 1585 ὅμως
2607 1511 2974 1587 μετανοήσασι
3024 1516 3365 1587 κατηλλάγη,
3422 1518 3558 1570 ἀλλά
3587 1518 3681 1571 καὶ

2099 1598 2158 1661 ἐξ
2184 1598 2348 1650 αὐτοῦ
2382 1598 2475 1651 τοῦ
2495 1600 2593 1669 τὴν
2622 1601 2897 1669 ἀπόφασιν
2914 1600 3335 1671 ἀπηρτισμένην
3357 1600 3678 1669 ἐξενεγκεῖν.

2097 1681 2338 1751 Αὐξῆσαι
2372 1683 2480 1752 γάρ
2519 1683 2609 1734 τὸν
2644 1682 2805 1749 φόϐον
2858 1682 3178 1753 βουλόμενος
3216 1684 3312 1737 καὶ
3348 1688 3448 1755 τῆς
3481 1684 3683 1753 πολλῆς

2098 1765 2277 1816 αὐτῶν
2332 1764 2605 1838 ῥᾳθυμίας
2664 1762 3051 1833 καθάψασθαι,
3098 1766 3256 1819 τοῦτο
3301 1768 3546 1837 ἐποίησε,
3590 1774 3684 1819 και

2099 1847 2263 1908 αὐτὸς
2290 1847 2345 1898 δέ
2370 1849 2397 1899 0
2422 1846 2612 1917 χρόνος
2639 1846 2741 1916 τῆς
2778 1847 3065 1915 μετανοίας
3085 1847 3355 1900 δείκνυσιν
3389 1848 3553 1901 αὐτοῦ
3586 1850 3683 1919 τὴν

2099 1929 2301 1995 ἄφατον
2336 1929 2766 1998 φιλανθρωπίαν.
2800 1930 2864 1981 Τί
2892 1929 3001 2001 γάρ
3026 1930 3228 2001 ἡμέραι
3254 1934 3400 2001 τρεῖς
3432 1931 3685 1984 τοσοῦτον

2102 2012 2441 2079 εἰργάσαντο,
2492 2013 2567 2076 ὡς
2620 2014 2880 2081 ἀφανίσαι
2928 2014 3131 2067 κακίαν
3161 2015 3473 2084 τοσαύτην;
3522 2014 3686 2085 Ὁρᾷς

2104 2092 2219 2154 πῶς
2248 2094 2343 2144 καὶ
2376 2093 2626 2145 ἐντεῦθεν
2654 2096 2687 2163 ἡ
2715 2096 2809 2147 τοῦ
2836 2096 2970 2148 Θεοῦ
2995 2097 3245 2163 φαίνεται
3274 2096 3571 2168 κηδεμονία
3592 2115 3606 2157 ;
3624 2097 3686 2150 τὸ

2101 2174 2209 2245 γάρ
2242 2175 2402 2226 πλέον
2455 2174 2594 2247 αὐτη
2632 2180 3049 2248 συνεισήνεγκεν
3082 2182 3163 2243 είς
3197 2181 3297 2251 τὴν
3341 2181 3441 2251 τῆς
3475 2181 3684 2243 πόλεως

2104 2259 2397 2327 σωτηρίαν.

2169 2466 2353 2519 Ταῦτα
2408 2462 2505 2521 οὑν
2563 2470 2793 2534 εἰδότες,
2853 2472 3119 2541 μηδέποτε
3171 2471 3687 2543 ἀπογινώσκωμενο

2098 2548 2249 2600 οὐδὲν
2283 2552 2390 2621 γὰρ
2420 2552 2591 2615 οὑτως
2625 2555 2843 2623 ἰσχυρὸν
2870 2555 3032 2607 ὅπλον
3054 2554 3132 2625 τῷ
3158 2555 3408 2625 διαϐόλῳ,
3439 2556 3514 2618 ώς
3546 2557 3683 2607 ἀπό-

2099 2646 2328 2696 γνωσις·
2390 2634 2479 2686 διά
2525 2634 2683 2687 τοῦτο
2736 2638 2831 2704 οὐχ
2889 2636 3062 2699 οὓτως
3114 2637 3277 2689 αὑτὸν
3323 2639 3687 2707 εὐφραίνομεν

2101 2714 2527 2783 ἁμαρτάνοντες,
2586 2717 2661 2780 ώς
2715 2719 3205 2787 ἀπογινώσκοντες.
3248 2722 3513 2773 ’Ἄκουσον
3555 2721 3687 2788 γοῦν

2100 2796 2193 2846 ἐπὶ
2224 2797 2315 2848 τοῦ
2350 2800 2799 2869 πεπορνευκότος,
2827 2802 2943 2865 πῶς
2972 2802 3070 2872 τῆς
3086 2801 3361 2873 ἁμαρτίας
3380 2802 3576 2871 μᾶλλον
3589 2803 3687 2873 τὴν

2098 2879 2409 2946 ἀπόγνωσιν
2454 2882 2689 2935 δέδοικεν
2738 2884 2766 2934 0
2802 2884 3015 2948 Παῦλος
3037 2900 3048 2912 ·
3084 2886 3313 2954 γράφων
3335 2886 3443 2955 γάρ
3486 2886 3683 2956 Κοριν-

2099 2959 2232 3019 θίοις
2263 2960 2432 3024 οὕτως
2456 2963 2639 3031 ἔλεγεν
2662 2980 2677 2994 ·
2704 2964 2889 3031 Ὄλως
2952 2967 3229 3021 ἀκούεται
3256 2967 3327 3019 ἐν
3364 2967 3507 3036 ὑμῖν
3539 2982 3685 3037 πορ-

2097 3044 2248 3108 νεία,
2276 3044 2371 3095 καὶ
2399 3045 2637 3112 τοιαύτη
2668 3049 2933 3112 πορνεία,
2966 3047 3097 3111 ἣτις
3122 3046 3263 3099 οὐδὲ
3282 3048 3351 3099 ὲν
3370 3048 3493 3114 τοῖς
3523 3049 3686 3102 ἔθνε-

2099 3139 2204 3175 σιν
2241 3124 2611 3192 όνομιίζεται·
2652 3128 2746 3179 καὶ
2786 3129 2887 3180 οὑκ
2939 3124 3113 3192 εἶπεν,
3140 3128 3299 3191 Ἷιτις
3329 3130 3449 3183 οὐδὲ
3496 3132 3553 3183 ἐν
3573 3131 3684 3193 τοῖς

2100 3206 2276 3258 ἔθνεσι
2300 3207 2584 3276 τολμᾶται,
2626 3209 2763 3275 ἀλλ’,
2795 3211 2929 3262 Οὐδὲ
2958 3212 3315 3280 ὀνομάζεται·
3338 3214 3366 3266 ὃ
3386 3214 3493 3285 γάρ
3523 3214 3684 3285 μέχρι

2100 3291 2470 3359 προσηγορίας
2522 3292 2751 3353 ἐκείνοις
2803 3294 3098 3363 ἀφόρητον,
3154 3296 3316 3349 τοῦτο
3367 3298 3494 3366 ὑμῖν
3535 3298 3682 3368 ἔργῳ

2097 3372 2445 3443 τετόλμηται.
2468 3373 2579 3426 Καὶ
2602 3375 2769 3443 ὑμεῖς
2791 3377 3233 3444 πεφυσιωμένοι
3253 3379 3429 3442 ἑστέ;
3454 3382 3563 3433 Καὶ
3581 3384 3681 3435 οὐκ

2100 3450 2243 3516 εἷπε,
2285 3456 2395 3507 Καὶ
2427 3457 2635 3519 ἐκεῖνος
2667 3458 3168 3524 πεφυσίωται,άλλ’
3203 3461 3361 3527 ἀφεὶς
3380 3464 3471 3514 τὸν
3500 3466 3681 3535 ἡμαρ-

2100 3540 2323 3605 τηκότα,
2348 3542 2458 3601 τοῖς
2475 3540 2775 3606 ὑγιαίνουσι
2798 3540 3108 3608 διαλέγεται
3123 3559 3135 3571 ·
3168 3543 3419 3613 καθάπερ
3434 3547 3483 3598 οί
3508 3549 3681 3616 ἰατροὶ

2106 3620 2366 3684 ποιοῦσιν,
2393 3622 2623 3689 ἀφέντες
2677 3624 2801 3685 τοὺς
2832 3623 3160 3691 κάμνοντας,
3195 3626 3332 3695 πρὸς
3374 3630 3498 3691 τοὺς
3524 3646 3683 3699 προσ-

2104 3702 2334 3769 ήκοντας
2380 3704 2563 3767 αὐτοῖς
2606 3704 2809 3757 πλείονι
2853 3706 3149 3776 κέχρηνται
3189 3708 3368 3779 λόγῳ·
3411 3710 3583 3774 άλλως
3628 3713 3683 3767 δὲ

2102 3785 2194 3837 καὶ
2218 3780 2361 3837 οὗτοι
2390 3786 2490 3855 τῆς
2521 3788 2779 3849 ἀπονοίας
2823 3788 2985 3841 αἴτιοι
3032 3792 3209 3860 πάσης
3234 3788 3373 3861 ἦσαν
3401 3795 3569 3865 αὐτῷ,
3608 3797 3682 3868 μὴ

2101 3868 2454 3936 ἐπιτιμῶντες
2488 3869 2617 3938 μηδὲ
2646 3868 3085 3939 ἐπιπλήττοντες.
3130 3872 3415 3927 Ἐκοίνωσε
3445 3876 3471 3914 δ
3502 3879 3681 3931 τοίνυν

2100 3951 2161 4002 τὸ
2199 3950 2468 4021 ἔγκλημα,
2505 3952 2593 4004 ἵνα
2622 3952 2777 4022 ῥᾳδία
2806 3953 3032 4023 γένηται
3062 3956 3154 4007 τοῦ
3184 3957 3497 4026 τραύματος
3526 3962 3559 4029 ή
3594 3961 3683 4013 θε-

2109 4034 2322 4104 ραπεία.
2382 4034 2558 4087 Δεινὸν
2616 4036 2711 4106 μὲν
2761 4036 2870 4109 γὰρ
2903 4038 2963 4090 τὸ
3014 4039 3367 4109 ἁμαρτάνειν,
3430 4042 3605 4112 πολλῷ
3625 4043 3681 4096 δὲ

2104 4117 2483 4187 χαλεπώτερον
2521 4118 2584 4169 τὸ
2615 4120 2707 4170 καὶ
2738 4120 2880 4189 μέγα
2921 4125 3139 4191 φρονεῖν
3170 4124 3264 4174 ἐπὶ
3293 4126 3405 4186 τοῖς
3429 4126 3681 4197 ἀμαρτήο

2108 4218 2284 4267 μασιν.
2314 4201 2374 4251 Εί
2406 4200 2511 4270 γὰρ
2566 4202 2659 4253 ἐπὶ
2714 4202 3027 4276 δικαιοσύνῃ
3058 4206 3118 4257 τὸ
3151 4207 3427 4274 φυσᾶσθαι
3454 4209 3683 4273 κένωσις

2104 4282 2441 4351 δικαιοσύνης
2466 4284 2599 4348 ἐστὶ,
2634 4285 2809 4354 πολλῷ
2840 4287 3041 4354 μᾶλλον
3066 4290 3159 4340 ἐπὶ
3180 4292 3293 4352 τοῖς
3317 4291 3679 4361 ἁμαρτήμασι

2103 4367 2257 4418 τοῦτο
2282 4367 2572 4434 συμϐαῖνον
2606 4369 2840 4437 ἐσχάτην
2870 4370 3005 4421 οἴσει
3038 4370 3242 4442 βλάϐην
3264 4375 3417 4441 ἡμῖν,
3456 4374 3681 4428 καὶτῶν

2103 4447 2512 4517 ἁμαρτημάτων
2547 4448 2727 4501 αὐτῶν
2774 4452 2956 4518 μεῖζον
2990 4453 3051 4505 τὸ
3081 4452 3333 4524 ἔγκλημα
3376 4456 3545 4511 ἔσται.
3582 4458 3681 4511 Διά

2099 4529 2256 4581 τοῦτό
2296 4546 2485 4599 φησιν·
2526 4531 2713 4583 ’Ὅταν
2745 4532 2941 4585 πάντα
2987 4536 3299 4604 ποιήσητε,
3338 4537 3543 4607 λέγετε
3588 4540 3678 4594 ὅτι

2113 4613 2369 4681 Ἀχρεῐοι
2402 4613 2614 4668 δοῦλοί
2645 4616 2852 4683 ἐσμεν.
2904 4618 2964 4669 EE
3003 4618 3056 4669 δὲ
3090 4622 3137 4670 οἱ
3186 4621 3361 4674 πάντα
3398 4623 3677 4687 ποιοῦντες

2098 4695 2369 4763 ὀφείλουσι
2399 4697 2771 4762 συνεστάλθαι,
2804 4698 2981 4767 πολλῷ
3001 4701 3202 4769 μᾶλλον
3217 4703 3674 4775 τὸνήμαρτηκότα

2099 4780 2194 4830 καὶ
2222 4778 2439 4850 θρηνεῖν
2496 4781 2587 4833 καὶ
2634 4782 2691 4831 ἐν
2728 4783 2835 4842 τοῖς
2885 4783 3133 4851 ἐσχάτοις
3185 4786 3375 4839 ἐαυτὸν
3420 4789 3674 4859 ἀριθμεῖν

2099 4862 2267 4928 ἀξιον.
2297 4866 2470 4933 Ὅπερ
2506 4861 2599 4916 οῦν
2662 4866 2755 4916 καὶ
2794 4865 2916 4917 τότε
2950 4866 3125 4937 δηλῶν
3172 4869 3357 4938 ἔλεγε·
3386 4873 3491 4925 Καὶ
3538 4876 3671 4942 οὐχὶ

2095 4946 2335 5015 μᾶλλον
2355 4947 2758 5014 ἐπενθήσατε;
2789 4950 2853 5000 Τί
2874 4948 3082 5018 λέγεις;
3112 4953 3298 5023 ἕτερος
3326 4956 3559 5027 ἥμαρτε,
3584 4958 3674 5010 καὶ

2101 5030 2209 5096 ἐγὼ
2234 5032 2518 5098 πενθήσως
2568 5031 2696 5093 Ναὶ,
2733 5031 2865 5102 φησί
2897 5050 2910 5063 ·
2950 5033 3199 5104 σώματος
3228 5037 3337 5108 γάρ
3380 5042 3471 5091 καὶ
3500 5040 3675 5108 μελῶν

2098 5113 2251 5181 δίκην
2298 5114 2547 5183 ἀλλήλοις
2593 5116 2758 5185 ἐσμὲν
2801 5117 3197 5187 συνδεδεμένοι·
3240 5120 3333 5172 ἐπὶ
3360 5120 3417 5173 δέ
3442 5120 3535 5173 τοῦ
3567 5121 3673 5174 σώ-

2100 5212 2269 5264 ματος
2294 5197 2397 5249 κᾶν
2422 5201 2450 5249 0
2476 5198 2609 5261 ποῦς
2648 5200 2863 5269 δέξηται
2887 5200 3125 5270 τραῦμα,
3152 5202 3248 5272 τὴν
3282 5204 3521 5275 κεφαλὴν
3550 5206 3672 5259 ἐπι-

2096 5278 2409 5331 κύπτουσαν
2458 5282 2691 5351 ὁρῶμεν.
2746 5283 2932 5334 Καίτοι
2965 5283 3017 5334 τί
3054 5283 3259 5354 ταύτης
3308 5289 3671 5359 σεμνότερονς

2110 5361 2248 5413 Ἀλλ’
2288 5364 2386 5433 οὐχ
2412 5367 2510 5436 ὁρᾷ
2543 5366 2640 5435 τὴν
2667 5365 2820 5431 ἀξίαν
2835 5368 2891 5417 ἐν
2914 5366 2993 5437 τῷ
3024 5368 3200 5439 καιρῷ
3220 5369 3321 5440 τῆς
3357 5375 3669 5441 συμφοράς’

2098 5443 2249 5517 [285]
2284 5446 2425 5499 οὑτω
2458 5449 2552 5501 καὶ
2607 5450 2670 5500 σὺ
2734 5448 2978 5517 ποίησον.
3015 5452 3115 5505 Διά
3139 5453 3298 5507 τοῦτο
3330 5456 3422 5508 καὶ
3465 5455 3674 5517 Παῦλος

2099 5538 2355 5603 παραινεῖ
2437 5536 2670 5603 Χαίρειν
2712 5538 2863 5603 μετὰ
2896 5540 3253 5605 χαιρόντων,
3298 5543 3395 5595 καὶ
3442 5543 3675 5595 κλαίειν

2092 5616 2242 5683 μετὰ
2263 5618 2610 5669 κλαιόντων.
2637 5618 2735 5670 Διά
2751 5619 2909 5672 τοῦτο
2927 5622 3017 5673 καὶ
3035 5622 3343 5692 Κορινθίοις
3371 5624 3502 5693 φησί
3524 5640 3536 5653 ·
3565 5624 3675 5678 Καὶ

2098 5698 2234 5765 οὐχὶ
2256 5696 2495 5767 μᾶλλον
2535 5700 2925 5768 ἐπενθήσατε,
2971 5704 3072 5757 ἵνα
3118 5702 3340 5774 ἐξαρθῇ
3370 5705 3438 5759 ἐκ
3476 5706 3673 5776 μέσου

2161 5896 2189 5935 ιι
2217 5895 2314 5945 Alii
2334 5897 2577 5956 ἐκοίνωσε,
2596 5898 2679 5950 δίιί
2700 5902 2994 5959 ἐκοινώνησε,
