4446 6712
851 434 951 490 281

1543 432 1599 488 S.
1633 431 1918 490 JOANNIS
1954 433 2445 493 CHRYSOSTOMI
2482 434 2801 493 ARCHIEP.
2842 440 3388 502 CONSTANTINOP.

3996 462 4105 519 28?.

847 542 1021 635 υ
1056 544 1179 635 ἲὸ
1204 543 1382 635 ἔργον
1416 544 1602 635 Ϊρῦτο
1659 548 1957 635 strigam,“
2001 550 2114 635 up);
2146 545 2428 635 εῐπεᾼςαὶ
2524 554 3055 635 πλεονεκτηθῶμεν
3102 559 3220 612 ὑπὸ
3255 557 3359 612 τοῦ
3418 558 3653 614 Σατανᾶ
3679 579 3692 592 ο
3722 564 3999 635 πλεονεξία
4040 572 4099 624 δέ

846 626 970 696 οὐχὶ
1009 624 1207 697 μᾶλλον
1242 624 1630 692 ἐσπουδάσατε,
1668 627 1807 682 ἀλλὰ
1846 632 1929 696 τί;
1975 632 2121 700 Οὐχὶ
2178 629 2421 700 μᾶλλον

844 707 1236 775 ἐπενθήσατε,
1264 706 1342 771 ὡς
1372 708 1525 761 νόσου
1556 709 1742 781 κοινῆς
1776 712 1872 765 καὶ
1914 712 2099 784 λοιμοῦ
2133 714 2233 783 τὴν
2265 713 2419 766 πόλιν

844 790 1267 852 καταλαϐόντος·
1299 791 1580 863 μονονουχὶ
1609 791 1809 862 λέγων·
1836 795 2016 866 Εὐχῆς
2045 795 2138 848 καὶ
2168 794 2419 865 ἐξομολο-

841 873 1053 941 γήσεως
1109 870 1191 923 δεῖ
1252 872 1345 923 καὶ
1373 872 1673 945 ἱκετηρίας,
1723 875 1811 928 ίνα
1840 878 1902 930 τὸ
1931 877 2141 947 νόσημα
2168 877 2414 948 ἀπελαθῇ

839 954 939 1024 τῆς
972 953 1179 1017 πόλεως
1206 954 1443 1026 ἁπάσης.
1485 957 1649 1028 Ὁρᾷς
1672 960 1836 1012 πόσον
1870 961 2055 1023 αὐτοῖς
2090 958 2258 1028 φόϐον
2320 960 2416 1012 ἐπ-

835 1038 1173 1108 εκρέμασεν;
1221 1038 1442 1111 Ἐπειδὴ
1457 1040 1564 1110 γάρ
1592 1041 1841 1111 ἐνόμιζον
1870 1043 2058 1113 μέχρις
2083 1042 2291 1095 ἐκείνου
2320 1042 2416 1113 μό-

834 1136 921 1171 νον
947 1119 1168 1172 ἑστάναι
1192 1119 1256 1173 τὸ
1296 1121 1487 1181 δεινὸν,
1515 1122 1841 1191 ἐναγωνίους
1887 1125 2084 1187 αὐτοὺς
2122 1125 2411 1197 καθίστησι

830 1199 1005 1269 λέγων
1028 1219 1041 1232 ·
1079 1203 1202 1256 Οὐκ
1254 1203 1455 1257 οιδατε
1499 1204 1587 1257 ὅτι
1614 1205 1797 1274 μικρὰ
1830 1204 1973 1275 ζύμη
2024 1206 2174 1261 ὅλον
2202 1207 2269 1260 τὸ
2301 1208 2412 1276 φύ-

823 1297 983 1352 ραμα
1041 1283 1250 1353 ζυμοῖ;
1289 1287 1354 1338 Ὅ
1382 1286 1439 1339 δέ
1492 1286 1639 1355 λέγει
1684 1288 1921 1340 τοιοῦτόν
1956 1290 2139 1341 ἐστιν⁸
2187 1290 2320 1360 Ὀδῷ
2350 1288 2409 1342 τὸ

829 1366 1000 1420 κακὸν
1036 1366 1273 1437 βαδίζον,
1327 1370 1421 1423 καὶ
1471 1370 1578 1423 τῶν
1622 1371 1820 1424 λοιπῶν
1856 1372 2049 1440 ἅψεται
2088 1372 2295 1442 μελῶν
2333 1373 2408 1437 ὼς

827 1447 969 1521 ὑπὲρ
997 1449 1193 1502 κοινῶν
1212 1451 1392 1503 τοίνυν
1411 1452 1595 1504 κακῶν
1615 1453 2051 1524 βουλευομένους,
2074 1454 2217 1508 οὕτω
2247 1473 2409 1526 φρονο

823 1529 995 1595 τίξειν
1056 1534 1184 1603 χρή.
1236 1534 1328 1603 Μὴ
1378 1534 1487 1603 γάρ
1539 1552 1629 1603 μοι
1677 1536 1837 1589 τοῦτο
1862 1538 2046 1608 είπῃς,
2080 1540 2163 1591 ὅτι
2202 1542 2407 1603 ἐκεῖνος

827 1613 1037 1685 ήμαρτε
1100 1615 1278 1685 μόνος,
1333 1617 1448 1669 ἀλλ’
1474 1620 1649 1673 ἐκεῖνο
1700 1622 1912 1687 σκόπει,
1937 1623 2020 1676 ὅτι
2057 1623 2302 1694 σηπεδὼν
2323 1624 2407 1687 τίς

818 1700 935 1750 ἐστι
954 1696 1014 1749 τὸ
1032 1696 1224 1762 δεινὸν,
1255 1699 1351 1752 καὶ
1377 1700 1438 1753 τὸ
1458 1699 1646 1754 λοιπὸν
1674 1702 1820 1756 ἁπαν
1868 1705 2182 1775 ἐπινέμεται
2222 1706 2400 1775 σῶμα.

820 1775 931 1832 Καὶ
958 1777 1213 1850 καθάπερ
1241 1781 1420 1845 οἰκίας
1460 1784 1776 1855 καιομένης,
1806 1787 1900 1839 καὶ
1928 1787 1977 1838 οἱ
2006 1787 2230 1855 μηδέπω
2250 1786 2402 1849 δεξά-

822 1878 973 1929 μενοι
998 1861 1060 1914 τὸ
1093 1862 1283 1928 κακὸν,
1314 1865 1421 1917 τῶν
1448 1865 1615 1917 όντων
1652 1867 1710 1920 ἐν
1739 1870 1803 1936 τῇ
1836 1868 2090 1937 συμφορᾷ
2113 1868 2212 1920 ούκ
2241 1867 2397 1920 ἐλατ-

813 1955 904 1995 τον
932 1942 1244 2012 ἐπείγονται
1289 1948 1380 1999 καὶ
1414 1947 1588 2000 πάντα
1638 1949 2110 2018 συνεισφέρουσιν,
2149 1949 2288 2002 ῶστε
2322 1950 2396 2022 μὴ

811 2024 872 2073 τὸ
903 2023 1013 2094 πῦρ
1042 2027 1394 2097 ἐπειγόμενον
1421 2028 1513 2080 καί
1534 2030 1627 2081 ἐπὶ
1643 2029 1742 2093 τάς
1773 2030 1953 2084 αὐτῶν
1986 2030 2156 2103 θύρας
2188 2033 2317 2105 ἔλθῃ
2336 2046 2391 2073 ει·

812 2107 953 2163 οὕτω
978 2108 1072 2160 καὶ
1116 2108 1338 2172 τούτους
1379 2111 1408 2163 6
1447 2110 1657 2175 Παῦλος
1702 2112 1961 2183 διεγείρει
2000 2113 2205 2181 λέγων’
2242 2116 2397 2185 Πυρά

809 2186 895 2250 τίς
920 2192 1056 2256 ἐστι,
1115 2192 1622 2264 προκαταλάϐωμεν
1654 2194 1716 2247 τὸ
1743 2194 1914 2249 δεινόν
1933 2212 1949 2227 ’
1989 2198 2270 2267 σϐέσωμεν
2304 2199 2396 2251 τὸν

813 2268 1160 2343 ἐμπρησμὸν,
1211 2273 1405 2346 πρίνῆ
1442 2275 1766 2328 καταλαϐεῖν
1808 2276 1905 2347 τὴν
1951 2279 2308 2348 Ἐκκλησίαν⁸
2343 2282 2391 2331 εἰ

813 2359 870 2414 δὲ
889 2359 1247 2424 καταφρονεῖς
1273 2357 1373 2425 τῆς
1418 2358 1695 2427 ἁμαρτίας
1722 2358 1799 2420 ὡς
1850 2360 1909 2411 ἐν
1936 2360 2200 2431 ἀλλοτρίῳ
2231 2376 2388 2428 γενο-

812 2436 975 2508 μένης
1004 2435 1239 2506 σώματι,
1269 2438 1503 2507 μάλιστα
1548 2440 1646 2508 μὲν
1677 2438 1771 2493 καὶ
1802 2439 1945 2494 οὓτω
1971 2441 2156 2505 κακῶς
2174 2457 2189 2471 ⁸
2228 2442 2388 2511 μέλος

800 2520 913 2589 γάρ
934 2521 1051 2573 ἐστι
1079 2519 1174 2574 τοῦ
1198 2521 1399 2583 παντὸς
1429 2521 1678 2592 σώματος
1700 2523 1923 2587 ἐκεῖνος.

874 2610 944 2672 γ’.
977 2604 1123 2675 Πλὴν
1149 2605 1261 2657 ἀλλ’
1286 2606 1463 2658 ἐκεῖνο
1492 2605 1703 2671 σκόπει,
1726 2608 1806 2660 ὅτι
1838 2608 1904 2661 ἂν
1935 2607 2262 2682 ρᾳθυμήσῃς
2293 2611 2389 2664 καὶ

809 2686 1059 2758 παρίδῃς,
1087 2688 1181 2740 καὶ
1208 2687 1267 2740 σέ
1304 2687 1676 2757 καταλήψεται
1708 2705 1859 2744 ποτε.
1895 2690 2061 2744 ’Ὢοτε
2094 2694 2142 2744 εί
2183 2692 2277 2743 κα)⁵
2312 2691 2386 2761 μὴ

798 2769 889 2822 διὰ
951 2770 1042 2821 τὸν
1087 2768 1333 2839 ἀδελφὸν,
1376 2769 1463 2822 διὰ
1512 2770 1642 2838 γοῦν
1688 2771 1883 2824 σαυτὸν
1930 2772 2259 2843 διεγέρθητι,
2293 2775 2386 2825 καὶ

807 2850 1117 2907 ἁνάστειλον
1166 2852 1262 2905 τὸν
1316 2851 1523 2922 λοιμὸν,
1570 2852 1664 2906 καὶ
1700 2855 2051 2925 προκάτασχε
2082 2857 2181 2925 τὴν
2217 2872 2385 2926 σηπε-

802 2936 948 2997 δόνα,
979 2935 1073 2987 καὶ
1093 2934 1193 3005 τὴν
1219 2934 1391 3005 νομὴν
1417 2934 1692 3005 διάκοψον.
1752 2936 1939 2990 Ταῦτα
1978 2938 2155 2991 τοίνυν
2191 2938 2285 2990 καὶ
2316 2936 2383 2990 τὰ

801 3017 1025 3073 πλείονα
1049 3018 1254 3071 τούτων
1276 3017 1467 3084 εἰπὼν,
1497 3021 1592 3072 καὶ
1626 3019 1885 3083 κελεύσας
1911 3021 2244 3093 παραδοῦναι
2282 3021 2380 3073 αύ-

804 3101 893 3154 τὸν
928 3100 1006 3171 τῷ
1049 3102 1286 3172 Σατανᾷ,
1322 3102 1485 3171 φησὶν
1544 3102 1790 3174 ὕστερον,
1819 3104 2002 3175 ἐπειδὴ
2056 3104 2382 3175 μετεϐάλετο

801 3186 896 3237 καὶ
918 3183 1138 3254 βελτίων
1170 3185 1385 3253 ἐγένετο
1400 3200 1415 3214 ·
1440 3186 1678 3240 Ἱκανὸν
1697 3184 1776 3251 τῷ
1804 3189 2048 3253 τοιούτῳ
2068 3189 2104 3255 ή
2122 3188 2381 3255 ἐπιτιμία

799 3266 949 3333 αὕτη
972 3267 1009 3334 ἡ
1042 3269 1158 3321 ὑπὸ
1187 3265 1307 3320 τῶν
1337 3267 1662 3320 πλειόνωνο
1689 3267 1995 3335 κυρώσατε
2021 3265 2134 3323 οὖν
2158 3271 2245 3333 εὶς
2273 3272 2378 3322 αὺ-

799 3348 904 3400 τὸν
934 3347 1194 3417 ἀγάπην.
1235 3348 1452 3419 Ἐπειδὴ
1491 3349 1598 3421 γάρ
1641 3350 1801 3403 αὑτὸν
1835 3350 2010 3403 κοινὸν
2050 3350 2244 3422 ἐχθρὸν
2281 3351 2375 3403 καὶ

799 3429 1053 3500 πολέμιον
1082 3430 1411 3501 κατέστησεν
1448 3434 1619 3486 ἀπασι
1668 3432 1763 3485 καὶ
1795 3434 1894 3503 τῆς
1930 3432 2129 3502 ἀγέλης
2154 3432 2374 3496 ἐξέϐαλε

795 3510 993 3563 καὶτοῦ
1008 3509 1260 3581 σώματος
1274 3512 1570 3582 ἀπέκοψεν,
1590 3512 1693 3582 δρα
1709 3512 1850 3583 πόση
1863 3513 2128 3583 κέχρηται
2144 3516 2372 3585 σπουδῇ,

790 3593 933 3647 ὥστε
988 3594 1248 3664 κολλῆσαι
1294 3595 1389 3647 καὶ
1444 3594 1674 3667 συνάψαι
1730 3595 1891 3649 πάλιν
1922 3597 2103 3651 αὐτόν.
2145 3598 2219 3650 Οὐ
2264 3600 2372 3670 γάρ

790 3672 949 3729 εἶπεν
962 3692 974 3708 ·
1000 3679 1349 3751 Ἀγαπήσατε
1363 3679 1525 3736 αὐτὸν
1537 3679 1742 3742 ἁπλῶς.
1762 3682 1920 3742 ἀλλὰ.
1943 3680 2259 3748 κυρώσατε
2282 3685 2368 3748 εἶς

791 3757 981 3810 αὑτὸν
997 3757 1255 3834 ἀγάπην,
1283 3772 1527 3811 τουτέστι
1567 3763 1811 3829 βεϐαίαν,
1850 3763 1941 3815 καὶ
1971 3763 2223 3834 ἀκίνητον
2246 3766 2368 3817 ἐπι-

786 3837 1036 3903 δείξασθε
1082 3840 1182 3909 τὴν
1220 3829 1423 3908 φιλίαν,
1455 3841 1666 3912 θερμήν
1706 3860 1829 3895 τινα
1878 3846 1972 3897 καὶ
2014 3829 2244 3910 ζέουσαν
2273 3848 2367 3900 καὶ

786 3920 1212 3992 πεπυρωμένην,
1255 3923 1577 3992 ἀντίρροπον
1619 3924 1717 3993 τῆς
1760 3926 2029 3995 προτέρας
2073 3927 2365 3996 ἀπεχθείας

784 4004 886 4075 τὴν
911 4002 1123 4058 εὔνοιαν
1154 4006 1499 4073 εἰσαγάγετε.
1534 4007 1600 4058 Τί
1636 4008 1895 4076 γέγονενς
1935 4009 2055 4062 είπέ
2094 4027 2214 4081 μοι·
2244 4013 2364 4082 οὐχὶ

784 4087 865 4155 τῷ
904 4088 1119 4159 Σατανᾷ
1164 4089 1487 4159 παρέδωκας
1519 4089 1718 4154 αὐτόν;
1753 4091 1883 4155 Ναὶ,
1914 4091 2098 4162 φησὶν,
2129 4093 2244 4147 ἀλλ’
2263 4096 2362 4165 οὐχ

784 4171 875 4224 ἵνα
907 4172 1045 4246 μένῃ
1072 4174 1129 4226 ἐν
1153 4175 1276 4236 ταῖς
1320 4172 1414 4227 τοῦ
1456 4174 1670 4226 Σατανᾶ
1698 4176 1906 4245 χερσὶν,
1937 4176 2052 4228 ἀλλ’
2082 4177 2168 4229 ἴνα
2184 4177 2361 4231 ἁπαλ-

780 4252 921 4324 λαγῇ
948 4255 1155 4325 ταχέως
1170 4254 1335 4309 αὐτοῦ
1349 4256 1448 4325 τῆς
1468 4256 1802 4326 τυραννίδος.
1833 4256 1973 4309 Ἀλλ’
1994 4258 2132 4329 ὅπερ
2151 4258 2358 4328 ἔλεγον,

781 4337 977 4389 σκόπει
1023 4335 1141 4399 πῶς
1201 4336 1407 4390 δέδοικε
1459 4336 1555 4408 τὴν
1608 4339 1917 4407 ἀπόγνωσιν
1943 4341 1974 4392 6
2006 4340 2242 4406 Παῦλος,
2284 4342 2361 4406 ὡς

782 4420 929 4489 μέγα
950 4418 1113 4471 ὅπλον
1144 4417 1239 4471 τοῦ
1271 4418 1515 4472 διαϐόλου
1533 4436 1547 4450 ο
1578 4421 1747 4474 εἰπὼν
1765 4422 1893 4493 γὰρ,
1924 4423 2245 4491 Κυρώσατε
2269 4429 2359 4491 είς

776 4500 968 4555 αὑτὸν
984 4502 1246 4571 ἀγάπην,
1285 4502 1380 4555 καὶ
1411 4501 1507 4573 τὴν
1528 4503 1706 4557 αἰτίαν
1718 4506 2036 4577 προστίθησι
2056 4524 2070 4538 ·
2104 4507 2201 4575 Μή
2228 4525 2357 4576 πως

776 4583 854 4654 τῇ
878 4586 1274 4654 περισσοτέρᾳ
1316 4586 1483 4654 λύπῃ
1514 4585 1821 4655 καταποθῇ
1866 4590 1899 4641 ὁ
1942 4590 2223 4657 τοιοῦτος.
2266 4592 2355 4646 Ἐν

773 4670 841 4740 τῇ
865 4669 1104 4738 φάρυγγι
1129 4668 1225 4723 τοῦ
1257 4668 1441 4734 λύκου,
1470 4668 1659 4740 φησὶν,
1687 4669 1805 4722 ἐστὶ
1821 4670 1882 4723 τὸ
1906 4672 2200 4740 πρόϐατον·
2218 4675 2353 4744 φθά-

776 4767 957 4821 σωμεν
978 4751 1174 4815 τοίνυν,
1193 4751 1699 4824 προεξαρπάσωμεν
1730 4753 1758 4793 δ
1774 4754 1903 4825 πρὶν
1927 4753 1959 4825 ἢ
1992 4757 2230 4827 καταπίῃ
2257 4758 2352 4811 καὶ⁸

772 4833 1059 4905 διαφθείρῃ
1101 4833 1163 4886 τὸ
1190 4834 1347 4903 μέλος
1382 4834 1559 4906 ἡμῶν.
1606 4836 1694 4889 Ἐν
1739 4835 2023 4908 κλυδωνίῳ
2070 4837 2165 4891 νῦν
2202 4842 2352 4893 ἐστιν

772 4918 807 4988 ή
832 4916 984 4981 ναῦς,
1015 4918 1122 4989 πρὸ
1148 4916 1243 4971 τοῦ
1296 4918 1546 4987 ναυαγίου
1594 4918 1853 4974 διασῶσαι
1892 4921 2065 4992 αὐτὴν
2112 4924 2348 4977 σπουδά-

773 5015 975 5068 σωμεν.
1005 4998 1275 5069 Καθάπερ
1321 4999 1432 5072 γὰρ
1460 5000 1727 5073 Θαλάττης
1770 5003 2069 5075 αἰρομένης
2113 5006 2207 5059 καὶ
2250 5023 2346 5059 κυ-

774 5084 958 5151 μάτων
1005 5081 1158 5157 [εει]
1205 5084 1471 5139 πάντοθεν
1529 5087 1965 5156 κορυφουμένων,
2012 5089 2344 5160 ὑποϐρύχιον

769 5166 976 5232 γίνεται
999 5167 1060 5222 τὸ
1086 5170 1314 5238 σκάφος,
1344 5167 1485 5222 οὕτω
1501 5170 1594 5222 καὶ
1623 5169 1768 5240 ψυχὴ
1796 5170 1894 5241 τῆς
1918 5172 2151 5243 ἀθυμίας
2172 5175 2343 5246 αὐτὴν

770 5249 1033 5305 πάντοθεν
1082 5250 1650 5322 περιστοιχιζομένης,
1698 5253 2055 5321 ἁποπνίγεται
2106 5259 2337 5329 ταχέως,

768 5333 863 5386 ἐὰν
894 5334 969 5404 μή
1009 5352 1128 5389 τινα
1154 5335 1252 5408 ἔχῃ
1276 5337 1372 5406 τὴν
1393 5339 1550 5406 χεῖρα
1581 5336 1862 5407 ὀρέγοντα,
1886 5338 1980 5390 καὶ
2008 5340 2040 5409 ὴ
2073 5343 2339 5412 σωτήριος

767 5415 859 5467 ἐπὶ
896 5418 1009 5479 τοῖς
1040 5417 1401 5487 ἁμαρτήμασι
1460 5417 1603 5488 λύπη
1659 5418 1902 5490 ὀλέθριος
1949 5419 2170 5492 ὑπὸτῆς
2201 5425 2339 5494 ἀμε-

762 5498 920 5578 τρίας
948 5498 1177 5568 γίνεται.
1206 5501 1323 5554 Καὶ
1342 5501 1440 5571 ὅρα
1478 5500 1593 5565 πῶς
1634 5502 1876 5571 ἀκριϐῶς
1926 5498 2107 5556 εἶπεν·
2132 5506 2192 5558 οὐ
2226 5508 2334 5578 γάρ

765 5576 902 5646 εἶπε,
934 5583 1025 5654 Μὴ
1072 5582 1328 5656 ἀπολέσῃ]
1362 5584 1522 5639 αὐτὸν
1548 5587 1578 5638 ό
1621 5585 1884 5653 διάϐολος,
1917 5588 2053 5643 ἁλλὰ
2094 5590 2178 5655 τί;
2231 5576 2331 5649 Μὴ

824 5716 849 5745 ο
883 5714 969 5745 MN
996 5718 1113 5745 nn:

825 5716 849 5745 ο
939 5714 951 5726 .
1092 5718 1113 5731 ..

825 5774 852 5815 ιο
991 5718 1327 5840 ἓεῖξῒτεοίθς
1353 5778 1539 5830 editum
1578 5779 1738 5833 fuerat
1762 5786 2171 5849 προαρπάσωμεν,
2187 5788 2318 5840 Enn.

2521 633 2719 689 ἔστιτὸ
2751 636 2858 689 τῶν
2901 637 3199 710 ἀλλοτρίων
3235 640 3498 711 ἐφίεσθαι.
3528 644 3751 706 Δεικνὺς
3786 633 3963 703 τοίνυν
4013 654 4097 706 ὃτι

2518 713 2796 802 ἀλλότριος
2831 718 2993 773 αὐτοῦ
3037 723 3229 791 γέγονε
3265 724 3469 789 λοιπὸν,
3501 726 3593 778 καὶ
3621 727 3720 795 τῆς
3736 728 3830 780 τοῦ
3854 731 4091 802 Χριστοῦ

2518 795 2754 883 ποίμνης
2786 802 2983 883 οἰκεῖον
3007 803 3196 857 ἐαυτὸν
3216 805 3305 859 διὰ
3328 810 3427 879 τῆς
3452 807 3738 879 μετανοίας
3761 795 4090 883 κατέστησε,

2517 880 2650 948 φησί
2675 897 2690 911 ·
2713 882 2811 951 Μὴ
2842 887 3368 954 πλεονεκτηθῶμεν
3394 890 3513 945 ὑπὸ
3538 890 3643 945 τοῦ
3669 889 3921 946 Σατανᾶ.
3963 880 4092 949 Ἐὰν

2515 962 2623 1046 γάρ
2643 967 2907 1046 κατάσχῃ
2935 967 3117 1020 λοιπὸν
3144 969 3325 1034 αὑτὸν,
3346 974 3611 1046 ἡμέτερον
3640 974 3872 1046 ἁρπάζει
3903 976 4087 1046 μέλος,

2512 1044 2574 1132 τὸ
2603 1045 2713 1132 τῆς
2727 1049 2928 1121 ἀγέλης
2960 1050 3221 1122 λαμϐάνει
3256 1044 3534 1123 πρόϐατον
3549 1076 3563 1091 ’
3602 1044 3833 1113 ἀπέθετο
3853 1044 3961 1129 γάρ
3987 1060 4089 1132 τὴν

2510 1126 2782 1198 ἁμαρτίαν
2807 1132 2895 1187 διὰ
2914 1136 3013 1204 τῆς
3041 1135 3349 1204 μετανοίας.

2577 1211 2747 1295 ῌίδῶς
2783 1215 2961 1269 τοίνυν
2997 1219 3026 1271 6
3066 1218 3291 1282 Παῦλος,
3333 1219 3472 1290 ὅπερ
3498 1222 3750 1295 ἐποίησεν
3776 1226 3804 1279 6
3842 1224 4087 1291 διάϐολος

2507 1291 2599 1345 ἐπὶ
2624 1293 2717 1378 τοῦ
2761 1297 2948 1363 Ἰούδα,
2973 1299 3146 1353 ἔδεισε
3181 1302 3257 1371 μὴ
3287 1302 3379 1354 καὶ
3414 1291 3652 1359 ἐνταῦθα.
3674 1308 3734 1361 τδ
3762 1309 3891 1362 αὐτὸ
3922 1310 4086 1378 γένη-

2505 1393 2597 1462 ται
2622 1377 2799 1432 τοῦτο.
2833 1380 2897 1432 Τί
2918 1381 2974 1434 δὲ
2996 1383 3250 1453 ἐποίησεν
3274 1384 3366 1437 ἐπὶ
3386 1383 3482 1438 τοῦ
3517 1388 3718 1455 Ἰούδα;
3746 1393 4085 1462 Μετενόησεν

2505 1460 2536 1546 6
2584 1462 2816 1546 ‘_Ioz36a;°
2869 1464 3161 1532 Ἥμαρτον
3187 1466 3324 1538 γάρ,
3383 1469 3538 1540 φησί,
3591 1474 3895 1541 παραδοὺς
3939 1460 4085 1546 αἷμα

2505 1543 2701 1598 ἀθῶον
2724 1562 2735 1577 ⁸
2790 1548 2986 1617 ὴκουσε
3032 1548 3141 1603 τῶν
3180 1553 3439 1623 ῥημάτων
3483 1553 3690 1609 τούτων
3734 1559 3763 1611 6
3800 1543 4081 1623 διάϐολος·

2504 1626 2644 1696 ἔγνω
2666 1628 2767 1698 τῆς
2790 1633 2883 1685 ἐπὶ
2909 1632 2970 1685 τὸ
3002 1631 3206 1703 βέλτιον
3233 1634 3534 1705 ἀρχόμενον
3560 1637 3681 1691 ὀδοῦ
3706 1640 3801 1692 καὶ
3823 1642 3957 1711 πρὸς
3986 1660 4085 1696 σω⁹

2501 1710 2696 1780 τηρίαν
2722 1712 3030 1782 βαδίζοντα,
3059 1717 3154 1770 καὶ
3190 1717 3429 1790 ἐφοϐήθη
3449 1718 3546 1790 τὴν
3571 1710 3895 1792 μεταϐολήν.
3944 1724 4081 1791 ,Φιλ-

2500 1792 2806 1862 άνθρωπον,
2845 1799 3029 1866 φησὶν,
3057 1798 3169 1869 ἔχει
3202 1799 3466 1871 δεσπότην
3486 1816 3500 1832 ·
3536 1803 3625 1855 ὅτε
3666 1802 3890 1871 ἔμελλεν
3916 1805 4080 1858 αὐτὸν

2498 1876 2824 1946 προδιδόναι,
2848 1880 3147 1951 ἐδάκρυσεν
3173 1883 3336 1937 αὑτὸν
3357 1883 3449 1937 καὶ
3472 1883 3642 1955 μυρία
3679 1886 4075 1955 παρεκάλεσεν·

2496 1960 2556 2011 οὐ
2590 1959 2769 2031 πολλῷ
2804 1962 3004 2032 μᾶλλον
3042 1965 3406 2034 μετανοοῦντα
3437 1966 3685 2034 δέξεται;
3727 1967 4078 2037 Ἀδιόρθωτον

2495 2041 2621 2095 ὄντα
2680 2045 3038 2112 ἐφειλκύσατο
3087 2048 3182 2101 καὶ
3230 2049 3488 2103 ἐκάλεσεν
3512 2066 3527 2082 ’
3571 2050 3632 2103 οὐ
3667 2049 3846 2121 πολλῷ
3876 2052 4077 2122 μᾶλλον

2494 2125 2853 2197 διορθωθέντα
2881 2129 2976 2183 κα)⁸
3010 2128 3107 2200 τὴν
3153 2132 3427 2202 ἁμαρτίαν
3463 2133 3750 2201 ἐπιγνόντα
3778 2134 4075 2188 ἐπισπάσε-

2492 2226 2616 2273 ται;
2644 2211 2734 2264 διά
2766 2213 2873 2282 γὰρ
2928 2212 3086 2266 τοῦτο
3137 2214 3233 2267 καὶ
3280 2215 3658 2287 σταυρωθῆναι
3694 2212 3845 2286 ἦλθε.
3880 2218 3945 2270 Τί
3979 2213 4073 2270 οὖν

2490 2292 2779 2360 ἐποίησεν;
2824 2295 3181 2365 Ἐθορύϐησεν
3206 2298 3367 2350 αὐτόν
3387 2316 3400 2327 ·
3432 2299 3702 2351 ἐσκότωσε
3721 2302 3784 2369 τῇ
3816 2300 3914 2369 τῆς
3940 2301 4072 2353 ἀθυ-

2490 2375 2621 2443 μίας
2654 2376 2952 2448 ὑπερϐολῇ,
2991 2378 3228 2443 ἐδίωξεν,
3272 2380 3469 2447 ὴλασεν
3516 2381 3620 2443 ἕως
3646 2382 3739 2433 ἐπὶ
3761 2381 3851 2433 τὸν
3874 2380 4070 2451 βρόχον

2486 2457 2681 2528 ὴγαγε,
2730 2462 2825 2514 καί
2852 2462 2953 2531 τῆς
2978 2463 3260 2532 παρούσης
3290 2464 3602 2533 ὑπεξήγαγε
3650 2462 3815 2533 ζωῆς.
3844 2465 3938 2517 καὶ
3965 2466 4069 2533 τῆς

2486 2540 2795 2611 προθυμίας
2848 2543 2946 2613 τῆς
2998 2543 3140 2598 κατὰ
3180 2544 3279 2615 τὴν
3338 2545 3625 2615 μετάνοιαν
3671 2546 4064 2617 ἀπεστέρησεν.

2487 2623 2609 2677 Ὀτι
2632 2627 2761 2694 γὰρ,
2804 2627 2853 2679 εἰ
2882 2626 3001 2697 ἔζη,
3038 2626 3131 2680 καὶ
3163 2627 3323 2691 αὐτὸς
3354 2627 3528 2699 ἐσώθη
3570 2628 3655 2693 ἂν,
3677 2629 3831 2699 δῆλον
3855 2632 3919 2683 ἐκ
3954 2630 4065 2684 τῶν

2488 2710 2951 2775 σταυρωσάντων“
2984 2712 3031 2763 εἰ
3073 2712 3181 2783 γὰρ
3226 2712 3351 2775 τοὺς
3394 2712 3487 2765 ἐπὶ
3515 2712 3606 2765 τὸν
3642 2714 3872 2785 σταυρὸν
3900 2714 4063 2767 αὐτὸν

2482 2790 2916 2855 ἀναϐιϐάσαντας
2957 2794 3149 2860 ἔσωσε,
3203 2795 3296 2848 καὶ
3342 2795 3399 2847 ἐν
3455 2794 3603 2866 αὐτῷ
3636 2795 3714 2865 τῷ
3746 2797 3960 2868 σταυρῷ
3988 2797 4063 2850 ὢν

2483 2873 2780 2942 παρεκάλει
2824 2874 2914 2927 τὸν
2970 2876 3211 2945 Πατέρα,
3249 2878 3344 2931 καί
3380 2878 3709 2950 συγγνώμην
3736 2880 3915 2943 αὐτοῖς
3942 2882 4061 2951 ⁴ᾔτει

2479 2953 2572 3006 τοῦ
2596 2954 2961 3026 τολμήματος,
3020 2956 3243 3029 εῦδηλον
3298 2960 3380 3012 ὅτι
3412 2960 3507 3014 καὶ
3550 2961 3641 3013 τὸν
3694 2962 3979 3033 προδόντα,
4012 2966 4060 3015 εἰ

2478 3038 2627 3108 νόμῳ
2652 3039 2729 3107 τῷ
2748 3042 3078 3109 προσήκοντι
3105 3042 3205 3110 τὴν
3236 3042 3526 3111 μετάνοιαν
3556 3044 3887 3111 ἐπεδείξατο,
3920 3050 4061 3115 μετά

2480 3122 2659 3191 πάσης
2691 3123 2755 3175 ἂν
2805 3125 3090 3193 ερμενείας
3132 3126 3380 3189 ἐδέξατο’
3418 3127 3533 3179 ἀλλ’
3583 3130 3789 3192 ἐκεῖνος
3825 3130 3926 3182 οὐκ
3964 3132 4057 3199 ὴν-

2477 3205 2663 3273 έσχετο
2694 3205 2945 3287 ἐμμεῖναι
2989 3206 3068 3276 τῷ
3101 3209 3395 3278 φαρμάκῳ,
3430 3212 3496 3280 τῇ
3530 3212 3889 3282 περισσοτέρᾳ
3913 3212 4057 3287 λύπῃ

2476 3286 2823 3351 καταποθείς.
2852 3287 3023 3341 Τοῦτο
3046 3288 3226 3341 τοίνυν
3252 3292 3346 3342 καὶ
3384 3292 3412 3344 6
3456 3291 3666 3355 Παῦλος
3701 3286 4052 3365 φοϐούμενος,

2474 3370 2684 3437 ἐπείγει
2711 3371 2834 3434 τοὺς
2884 3371 3202 3442 Κορινθίους
3240 3373 3550 3443 ἐξαρπάσαι
3590 3377 3688 3446 τῆς
3718 3378 3997 3445 φάρυγγος
4026 3391 4048 3418 ε

2471 3451 2567 3503 τοῦ
2625 3451 2869 3504 διαϐόλου
2907 3453 2997 3507 τὸν
3031 3452 3335 3523 ἄνθρωπον.
3394 3456 3504 3508 Καὶ
3545 3457 3597 3509 τί
3638 3458 3743 3528 χρὴ
3784 3459 3961 3526 λέγειν
3984 3460 4053 3513 τὰ

2472 3534 2809 3605 Κορινθίων;
2838 3537 3040 3606 Πέτρος
3072 3537 3209 3605 μετά
3237 3538 3335 3608 τὴν
3363 3537 3473 3590 τῶν
3507 3540 3821 3611 μυστηρίων
3855 3559 4049 3595 κοινωο

2471 3617 2589 3669 νίαν
2617 3619 2894 3688 ὴρνήσατο
2909 3620 3052 3690 τρὶς,
3069 3622 3164 3674 καὶ
3196 3618 3472 3691 δακρύσας
3493 3622 3794 3694 ἀπήλειψεν
3812 3624 4046 3677 ἅπαντα·

2468 3699 2680 3762 Παῦλος
2734 3699 2967 3771 διώκτης
3018 3700 3093 3755 ὢν
3140 3703 3232 3755 καί
3279 3703 3596 3774 βλάσφημος
3633 3706 3727 3758 καὶ
3764 3705 4045 3777 ὑϐριστὴς,

2466 3783 2557 3835 καὶ
2581 3783 2702 3852 οὐχὶ
2733 3783 2825 3837 τὸν
2874 3785 3255 3855 σταυρωθέντα
3310 3788 3490 3857 μόνον,
3521 3786 3657 3840 άλλὰ
3698 3791 3795 3840 καὶ
3839 3790 4046 3852 πάντας

2462 3866 2588 3928 τοὺς
2621 3864 2829 3919 ἐκείνου
2850 3866 3079 3932 διώκων,
3112 3871 3468 3940 μετανοήσας,
3512 3868 3807 3933 ἀπόστολος
3830 3871 4039 3938 γέγονε.

2463 3948 2640 4001 Μόνον
2670 3948 2778 4019 γὰρ
2809 3950 3078 4018 πρόφασιν
3110 3954 3139 4004 6
3166 3952 3298 4015 Θεὸς
3330 3952 3585 4022 βραχεῖαν
3622 3950 3873 4023 ἐπιζητεῖ
3912 3951 4043 4022 παρ’

2462 4030 2640 4101 ήμῶν,
2690 4032 2785 4085 καί
2836 4032 3046 4086 πολλῶν
3106 4035 3237 4105 ήμῖν
3291 4035 3707 4104 ἁμαρτημάτων
3756 4035 4041 4105 χαρίζεται

2461 4114 2657 4182 ἄφεσιν
2688 4114 2739 4171 ἀ.
2772 4114 2928 4170 Είπω
2949 4115 3042 4169 καὶ
3067 4116 3385 4187 παραϐολὴν
3411 4115 3570 4170 τοῦτο
3596 4117 3727 4170 αὐτὸ
3755 4118 4040 4189 ἐγγυωμέ-

2459 4212 2557 4265 νην
2582 4197 2730 4267 ὑμῖν.

2528 4282 2589 4334 δ’.
2622 4282 2726 4335 Δύο
2745 4280 2890 4346 τινὲς
2902 4276 3044 4353 ἦσαν
3060 4280 3299 4349 ἀδελφοίο
3321 4280 3726 4353 διανειμάμενοι
3742 4282 3913 4355 δὲτὴν
3930 4301 4035 4337 πα-

2458 4367 2647 4436 τρικὴν
2674 4366 2991 4436 περιουσίαν
3023 4366 3295 4436 ἑκάτεροι,
3318 4367 3347 4418 6
3374 4367 3473 4436 μὲν
3494 4366 3675 4419 αὐτῶν
3698 4366 3914 4438 ἔμεινεν
3940 4369 4035 4421 ἐπὶ

2456 4447 2557 4517 τῆς
2592 4449 2801 4510 οἰκίας’
2832 4451 2861 4501 6
2889 4447 2946 4499 δὲ
2977 4448 3155 4502 πάντα
3192 4447 3264 4501 τά
3297 4449 3518 4503 δοθέντα
3564 4449 3920 4518 καταφαγὼν,
3953 4453 4034 4516 εἰς

2455 4530 2555 4603 τὴν
2588 4531 2884 4602 ὑπερορίαν
2909 4533 3161 4603 μετέστη,
3187 4533 3287 4603 τὴν
3314 4533 3421 4587 ἀπὸ
3456 4535 3557 4604 τῆς
3582 4534 3771 4597 πενίας
3812 4535 3906 4587 οὑο
3937 4537 4032 4603 φέ-

2456 4632 2567 4687 ρων
2614 4614 2892 4685 αίσχύνην.
2926 4615 3142 4685 Ταύτην
3182 4616 3239 4668 δὲ
3268 4617 3367 4687 τὴν
3402 4616 3720 4687 παραϐολὴν
3748 4618 4029 4688 προήχθην

2452 4699 2646 4761 είπεῖν,
2703 4698 2789 4751 ἴνα
2820 4696 3048 4768 μάθητε,
3078 4698 3160 4750 ὅτι
3208 4699 3436 4753 καὶτῶν
3472 4699 3609 4769 μετά
3644 4699 3708 4751 τὸ
3745 4699 4027 4768 βάπτισμα

2452 4780 2864 4852 ἁμαρτημάτων
2900 4780 3049 4831 ἐστὶν
3091 4779 3302 4848 ἄφεσις,
3337 4781 3432 4834 ἐάν
3474 4779 3859 4851 προσέχωμεν·
3882 4780 4026 4849 λέγω

2449 4860 2504 4913 δέ
2537 4864 2637 4933 οὐχ
2670 4863 2757 4915 ἵνα
2789 4863 2870 4925 εἰς
2911 4861 3183 4933 ρᾳθυμίαν
3219 4862 3461 4933 ἐμϐάλω,
3497 4862 3612 4916 ἁλλ’
3637 4863 3722 4915 ἵνα
3742 4863 3850 4917 ἀπὸ
3869 4862 4021 4937 [ἳ85]

2449 4944 2810 5012 ἀπογνώσεως
2837 4946 3110 5014 ἀπαγάγω
3130 4960 3150 4980 ο
3203 4948 3297 5000 καὶ
3336 4947 3445 5017 γὰρ
3474 4945 3697 5016 χείρονα
3726 4948 3827 5017 τῆς
3857 4948 4021 5019 ρᾳθυ-

2451 5025 2579 5095 μίας
2594 5027 2740 5096 ἡμᾶς
2761 5029 2795 5098 ή
2823 5028 3135 5097 ἀπόγνωσις
3156 5028 3446 5099 ἐργάζεται
3470 5027 3634 5081 κακά.
3652 5021 3821 5094 Οὗτος
3839 5031 4019 5085 τοίνυν

2444 5114 2473 5166 6
2514 5112 2627 5175 υίὸς
2662 5114 2843 5166 εἰκόνα
2877 5114 2988 5168 τῶν
3019 5114 3157 5185 μετὰ
3183 5116 3244 5168 τὸ
3281 5114 3507 5184 λουτρὸν
3529 5114 3681 5185 φέρει
3710 5118 4013 5171 πεσόντων·

2443 5197 2525 5249 ὅτι
2552 5195 2610 5248 δὲ
2661 5196 2789 5259 τοὺς
2823 5195 2960 5266 μετὰ
2980 5197 3042 5249 τὸ
3089 5196 3375 5267 βάπτισμα
3401 5198 3817 5267 παραπεσόντας
3844 5199 4011 5269 δηλοῖ,

2442 5278 2601 5349 δῆλον
2630 5279 2835 5332 ἐκεῖθεν
2854 5295 2869 5309 ⁸
2900 5280 3013 5342 υἰὸς
3049 5281 3159 5351 γάρ
3203 5279 3420 5347 λέγεται
3442 5297 3456 5311 ο
3482 5280 3655 5346 οὐδεὶς
3683 5282 3741 5335 δὲ
3775 5284 3889 5345 υίὸς
3917 5284 4012 5352 βα·

2443 5361 2744 5432 πτίσματος
2767 5362 2833 5415 ἂν
2862 5362 3086 5433 κληθείη
3118 5361 3305 5432 χωρίς.
3329 5361 3438 5415 Καὶ
3474 5364 3572 5434 τὴν
3593 5366 3769 5418 οἰκίαν
3794 5365 3849 5417 δέ
3879 5365 4011 5433 ῷκει

2438 5444 2538 5515 τὴν
2562 5444 2837 5517 πατρῴαν,
2869 5447 2963 5500 καὶ
2984 5445 3053 5499 τὰ
3078 5443 3309 5515 πατρῷα
3328 5444 3631 5518 διενείματο
3652 5449 3831 5500 πάντα
3853 5462 3866 5476 ·
3902 5446 4009 5516 πρὸ

2499 5674 2522 5704 ⁸
2546 5671 2641 5723 Alii
2662 5670 2748 5721 τοῦ
2770 5672 3017 5779 φάρυγγος.

2499 5733 2521 5774 δ
2544 5736 2678 5779 Colb.
2701 5734 2810 5779 mm’
2850 5736 2982 5779 μῶν.
3006 5750 3017 5779 1

2495 5733 2521 5774 δ
2701 5732 2993 5800 παρ’,ἦμῶνὶ
3006 5732 3084 5780 καὶ
3105 5734 3459 5800 πάπαὰφίησιν
3478 5734 3656 5800 ᾖαῖντὰ
3667 5736 3997 5800 άμαρτῆυατι.

2498 5801 2520 5828 ⁸
2545 5796 2664 5846 Colb
2709 5794 2926 5855 μετέστη·
2953 5794 3052 5843 εἶτα
3071 5796 3155 5853 τήν
3174 5798 3269 5846 ἀπὸ
3291 5794 3374 5855 τῆς
3395 5797 3569 5852 πενίας.
