4408 6696
335 435 443 490 ‘23!

333 540 424 595 bus
450 534 627 608 (ηοω.
660 533 744 589 12.
774 532 883 605 15).
924 533 1050 589 Ideo
1093 542 1147 586 et
1186 527 1478 585 Corinthiis
1515 527 1640 581 dicit
1677 525 1784 581 :Et
1826 542 1922 576 non

334 631 497 701 magis
524 630 732 700 ﬂevistis
750 671 765 693 ,
798 638 849 681 ut
880 626 1137 681 tolleretur
1168 623 1231 675 de
1262 621 1425 674 medio
1445 631 1659 674 vestrum
1684 619 1770 689 qui
1798 633 1925 686 opus

333 722 389 774 id
416 726 604 792 fecerat
630 722 705 791 (1.
736 720 853 775 Cor.
878 719 934 774 5.
959 715 1054 788 2)?
1083 714 1198 769 Non
1222 713 1371 777 dixit,
1396 713 1465 767 Et
1488 728 1593 767 non
1617 710 1784 780 magis
1808 719 1923 763 stu-

334 814 525 869 duistis
559 813 688 869 :sed
715 810 883 882 quid?
931 807 1054 861 Non
1090 806 1251 875 magis
1274 806 1510 875 ﬂevistis,
1556 805 1707 873 quasi
1738 802 1925 857 morbo

332 907 606 961 communi
632 914 688 960 et
712 911 863 972 peste
893 898 1162 953 civitatem
1202 894 1691 967 comprehendente
1722 910 1736 947 :
1772 892 1925 963 quasi

334 999 562 1059 diceret,
593 996 849 1052 Oratione
876 1003 1011 1060 opus
1036 999 1118 1044 est
1144 998 1196 1045 et
1212 988 1549 1045 confessione
1575 994 1628 1042 et
1655 986 1921 1056 precibus,

335 1106 443 1157 quo
474 1089 691 1144 morbus
720 1100 751 1139 e
780 1092 887 1138 tota
915 1083 1128 1137 civitate
1167 1082 1411 1151 pellatur.
1460 1078 1621 1133 Vides
1668 1087 1923 1148 quantum

338 1180 423 1235 his
452 1178 658 1234 timoris
686 1174 943 1228 incussit?
967 1172 1097 1227 Nam
1128 1171 1378 1243 quoniam
1403 1170 1660 1239 putabant
1682 1168 1747 1223 ad
1774 1170 1922 1223 illum

335 1270 615 1323 dumtaxat
648 1264 953 1334 pervenisse
977 1263 1170 1317 malum
1202 1276 1265 1315 ac
1290 1260 1594 1314 constitisse
1616 1299 1629 1322 ,
1660 1273 1753 1313 eos
1775 1258 1922 1311 solli-

336 1360 476 1413 citos
496 1355 692 1419 reddit,
715 1352 899 1408 dicens
927 1370 941 1405 :
975 1352 1191 1405 Nescitis
1206 1352 1341 1421 quod
1358 1351 1607 1403 modicum
1626 1351 1922 1419 fermentum

338 1461 498 1503 totam
535 1462 751 1501 massam
794 1444 1069 1511 corrumpit
1105 1444 1156 1511 (1
1192 1443 1309 1496 Cor.
1337 1442 1390 1496 5.
1425 1441 1520 1512 6)?
1566 1439 1719 1507 Quod
1746 1448 1922 1492 autem

336 1542 504 1604 dicit,
538 1540 645 1594 tale
676 1544 757 1592 est
786 1553 799 1590 :
829 1533 1025 1588 malum
1058 1532 1193 1586 ultra
1228 1531 1525 1601 procedens
1548 1572 1564 1596 ,
1610 1528 1812 1598 reliqua
1841 1538 1923 1580 at-

340 1633 510 1701 tinget
539 1629 776 1684 mcmbra
812 1644 825 1680 :
865 1624 1026 1679 veluti
1058 1622 1125 1676 de
1157 1622 1424 1676 communi
1457 1621 1599 1676 malo
1640 1619 1927 1673 consulen—

339 1729 423 1774 tes
441 1761 453 1783 ,
499 1720 754 1773 sollicitos
775 1732 870 1772 vos
894 1730 1015 1771 esse
1042 1714 1215 1768 decet.
1261 1711 1441 1781 Neque
1461 1712 1512 1765 id
1542 1710 1673 1764 mihi
1701 1709 1923 1773 dixeris,

338 1809 483 1879 quod
512 1810 597 1864 ille
621 1809 765 1863 solus
811 1806 1083 1878 peccavit,
1132 1802 1228 1859 sed
1264 1801 1393 1856 illud
1422 1801 1697 1856 considera
1718 1840 1734 1865 ,
1783 1798 1925 1870 quod

339 1902 522 1956 sanies
576 1900 820 1971 quaedam
870 1906 953 1952 est
1004 1905 1318 1965 peccatum,
1375 1892 1636 1962 reliquum
1683 1890 1927 1960 corporis

337 1992 653 2061 depascens.
676 1992 752 2044 Ac
772 1990 932 2044 veluti
959 1989 1120 2042 domo
1140 1988 1385 2049 ardente,
1408 1984 1499 2055 qui
1520 1982 1752 2037 nondum
1783 1981 1926 2036 malo

339 2082 625 2146 heduntur,
660 2081 746 2145 iis,
779 2079 869 2150 qui
896 2080 949 2133 in
978 2080 1121 2133 malo
1150 2088 1292 2145 sunt,
1321 2076 1568 2131 molestia
1596 2090 1700 2130 non
1732 2073 1924 2128 minori

339 2182 678 2243 premuntur,
707 2181 864 2240 atque
891 2172 1139 2227 universa
1162 2171 1479 2236 conferunt,
1507 2183 1614 2239 quo
1640 2183 1708 2223 ne
1732 2180 1926 2237 urgens

339 2266 476 2335 ignis
502 2265 569 2320 ad
610 2257 853 2335 proprias
896 2263 1105 2318 invadat
1131 2264 1317 2318 domos
1344 2282 1357 2318 :
1385 2264 1463 2318 sic
1492 2270 1545 2317 et
1568 2262 1702 2317 istos
1727 2261 1925 2316 Paulus

337 2349 573 2424 excitat,
624 2340 811 2410 dicens
842 2352 1025 2426 :‘f’yra
1071 2355 1310 2425 quaedam
1330 2339 1447 2409 "est
1469 2396 1484 2421 ,
1516 2338 1930 2424 'pia'cventaimis'

337 2448 537 2502 malum
572 2467 587 2504 :
615 2449 1015 2517 exstinguamus
1041 2447 1363 2511 incendium,
1397 2448 1704 2517 priusquam
1735 2447 1914 2501 Eccle-

337 2539 473 2593 siam
515 2540 763 2604 invadat;
810 2538 854 2592 si
898 2553 1027 2592 vero
1067 2538 1363 2607 neglexeris
1402 2545 1715 2607 peccatum,
1764 2536 1925 2590 veluti

339 2631 393 2683 in
444 2630 621 2685 alieno
674 2631 940 2684 exsistens
989 2643 1250 2697 corpore,
1301 2630 1531 2683 maxime
1573 2627 1792 2697 quidem
1843 2627 1926 2681 vel

338 2720 418 2773 sic
452 2720 610 2773 male.
660 2718 754 2774 llle
779 2720 922 2774 enim
964 2716 1128 2773 homo
1158 2718 1453 2772 membrum
1493 2719 1659 2773 totius
1688 2726 1772 2772 est
1800 2731 1925 2771 cor-

339 2808 509 2877 puris.

411 2900 467 2952 ὅ.
503 2899 695 2953 Verum
718 2909 769 2953 et
795 2899 847 2953 id
877 2899 1178 2966 considera,
1211 2899 1354 2969 quod
1385 2899 1427 2953 si
1456 2900 1733 2970 pigritatus
1760 2898 1925 2955 fueris

337 3004 403 3045 ac
431 2992 700 3058 spreveris
723 3031 738 3055 ,
781 3000 830 3045 te
858 3007 1068 3060 quoque
1104 2992 1423 3060 quandoque
1460 2991 1875 3059 comprehendet
1904 3006 1919 3042 :

336 3095 507 3150 quare
535 3081 580 3134 si
610 3095 715 3135 n0n
747 3079 921 3135 fratris
943 3123 956 3144 ,
988 3089 1073 3135 tua
1105 3090 1282 3136 tamen
1315 3096 1473 3136 causa
1501 3081 1769 3135 exciteris.
1818 3079 1922 3135 Re-

337 3175 511 3244 prime
550 3184 786 3243 pestem,
818 3174 1016 3228 saniem
1045 3189 1234 3229 coerce
1255 3217 1268 3241 ,
1301 3174 1767 3244 depopulationem
1803 3189 1919 3227 am-

342 3276 487 3334 puta.
515 3266 640 3321 Haec
667 3275 720 3320 et
750 3266 833 3320 his
856 3266 999 3336 plura
1025 3266 1227 3331 dicens,
1257 3274 1312 3320 et
1336 3265 1595 3319 mandans
1614 3264 1749 3319 tradi
1774 3264 1919 3319 illum

335 3367 559 3422 satanze,
590 3357 821 3427 denique
844 3357 1046 3427 inquit,
1070 3356 1503 3426 quandoquidem
1526 3371 1839 3419 conversus,
1868 3364 1923 3411 et

336 3448 529 3502 melior
554 3448 724 3502 factus
752 3457 870 3503 est:
903 3448 1040 3502 Satis
1075 3449 1191 3500 huic
1211 3464 1271 3501 ea
1299 3448 1397 3515 fuit
1424 3448 1711 3517 objurgatio
1737 3463 1768 3499 a
1804 3447 1922 3515 plu-

333 3537 474 3590 ribus
502 3553 521 3589 :
550 3537 845 3604 conﬁrmata
888 3538 1037 3608 igitur
1070 3538 1121 3589 in
1160 3554 1272 3590 eum
1313 3538 1571 3590 caritatem
1600 3537 1677 3608 (2.
1716 3536 1835 3591 Cor.
1862 3535 1916 3590 2.

334 3626 411 3697 8).
441 3627 726 3696 Postquam
754 3629 894 3682 enim
925 3643 1043 3683 eum
1078 3643 1415 3682 communem
1443 3628 1716 3681 inimicum
1748 3638 1801 3682 et
1825 3627 1920 3682 ad-

332 3720 628 3774 versarium
668 3721 855 3774 statuit
885 3720 1143 3774 universis
1168 3728 1222 3773 et
1249 3734 1278 3772 a
1307 3734 1467 3788 grege
1501 3721 1727 3775 exclusit
1759 3729 1918 3788 atque

333 3825 361 3862 a
401 3825 630 3878 corpore
671 3811 863 3865 recidit
885 3854 900 3877 ,
928 3811 1047 3866 vide
1072 3821 1268 3880 quanto
1290 3811 1344 3864 in
1370 3826 1493 3865 eum
1522 3812 1688 3865 utitur
1717 3811 1914 3876 studio,

335 3909 392 3953 ut
434 3912 556 3953 eum
598 3914 785 3954 rursus
828 3901 1112 3971 coniungat
1150 3911 1204 3955 et
1248 3909 1514 3955 annectat.
1572 3901 1686 3956 Non
1734 3902 1915 3968 modo,

333 3993 523 4046 Amate
551 4005 671 4044 eum
694 4033 709 4059 ,
751 3992 884 4048 dixit
917 4012 930 4049 :
963 3994 1055 4049 sed
1075 4035 1092 4061 ,
1122 3992 1428 4061 Conﬁrmate
1452 4010 1607 4063 super
1642 4010 1756 4049 eum
1783 3995 1919 4048 cari-

333 4090 483 4133 tatem
507 4122 522 4144 ,
554 4079 605 4133 id
629 4088 731 4146 est,
762 4081 968 4137 ﬁrmam
999 4092 1052 4138 et
1078 4084 1402 4138 immobilem
1431 4084 1483 4139 in
1503 4100 1624 4140 eum
1648 4086 1917 4141 ostendite

342 4172 665 4235 amicitiam,
715 4172 980 4228 calentem
1028 4175 1311 4245 quamdam
1361 4184 1415 4230 et
1463 4176 1715 4230 fervidam
1756 4186 1916 4245 atque

333 4265 590 4334 ignitam:
622 4263 1027 4330 mquiv:ileiitem
1060 4267 1221 4336 priori
1254 4266 1539 4321 inimicitia:
1570 4266 1911 4321 dilectionem

332 4356 547 4410 inferte.
569 4353 699 4421 Quid
722 4353 918 4408 factum
940 4366 1040 4424 est,
1064 4360 1288 4427 quaeso?
1319 4374 1493 4415 nonne
1518 4360 1770 4414 tradidisti
1793 4376 1912 4414 eum

333 4448 574 4501 samum?
612 4446 706 4512 Ita,
735 4446 925 4515 inquit,
954 4449 1047 4503 sed
1089 4468 1195 4507 non
1222 4469 1327 4524 quo
1358 4453 1411 4508 in
1441 4453 1687 4508 manibus
1712 4462 1910 4507 sotanm

331 4549 683 4605 permaneat,
728 4537 817 4592 sed
848 4547 903 4592 ut
931 4540 998 4594 ab
1027 4541 1144 4610 ejus
1186 4545 1469 4616 tyrannide
1505 4549 1611 4600 cito
1640 4547 1913 4601 liberetur.

331 4628 401 4681 Et
445 4628 890 4699 quemadmodum
942 4628 1094 4698 dixi,
1142 4636 1423 4690 considera
1472 4652 1630 4706 quam
1681 4638 1915 4691 timuerit

327 4719 759 4785 desperationem
826 4720 1015 4774 Paulus
1091 4731 1360 4793 tamquam
1414 4742 1657 4796 magnam
1715 4728 1913 4781 diaboli

329 4819 657 4864 armaturam
704 4827 869 4867 :cum
913 4810 1133 4866 dixisset
1180 4818 1366 4870 enim:
1414 4818 1719 4885 Con/innate
1765 4834 1916 4887 super

327 4915 440 4953 eum
466 4902 762 4967 caritatem;
786 4913 838 4957 et
860 4917 1068 4957 causam
1094 4904 1272 4970 addit,
1301 4907 1385 4962 Ne
1410 4912 1537 4980 forte
1574 4912 1728 4962 nimia
1758 4911 1913 4964 tristi-

327 4991 397 5041 tia
420 4988 745 5044 absorbeatur
765 4995 851 5063 qui
876 5005 946 5048 est
974 4994 1216 5064 ejusmodi
1242 4996 1347 5066 (Ib.
1380 5017 1429 5053 υ.
1462 5002 1540 5071 7).
1579 5001 1632 5055 lu
1663 5001 1768 5071 lupi
1801 5003 1913 5055 fau-

326 5081 477 5134 cibus
525 5092 607 5133 est
652 5084 767 5137 ovis
812 5105 825 5139 :
869 5087 1248 5155 praeveniamus
1299 5089 1490 5159 igitur,
1547 5096 1912 5164 prmripiamus

326 5180 612 5239 antequam
646 5172 929 5231 absorbeat
974 5190 1064 5233 aut
1107 5192 1416 5248 corrumpat
1462 5196 1703 5241 n0strum
1746 5204 1912 5243 mem-

327 5262 503 5315 hrum.
553 5260 884 5320 Periclitatur
926 5272 1073 5325 navis
1102 5288 1114 5322 :
1147 5271 1450 5340 priusquam
1478 5278 1734 5333 obruatur
1756 5322 1769 5344 ,
1801 5282 1909 5335 eri-

327 5368 454 5423 pere
477 5351 747 5422 naufragio
765 5358 1094 5416 Studeamus.
1125 5362 1577 5430 Quemadmodum
1608 5371 1750 5425 enim
1778 5373 1911 5426 mari

327 5459 449 5498 sese
482 5443 696 5498 tollente
724 5454 778 5498 et
808 5444 1054 5505 fluctibus
1101 5469 1265 5524 usque
1305 5454 1369 5507 ad
1412 5471 1679 5513 summum
1708 5478 1767 5516 se
1795 5464 1909 5518 ele-

323 5536 577 5590 vautibus
598 5577 612 5603 ,
658 5536 846 5604 scapha
877 5537 1207 5612 demergitnr
1239 5564 1251 5600 :
1280 5547 1357 5601 sic
1385 5556 1438 5602 et
1461 5549 1633 5602 anima
1677 5553 1910 5623 undique

320 5644 565 5685 maerore
593 5629 911 5684 circumdata
933 5672 947 5695 ,
988 5636 1242 5693 velociter
1268 5641 1554 5697 suffocatur
1577 5686 1591 5711 ,
1640 5646 1693 5699 ni
1724 5662 1908 5715 quem-

322 5724 466 5790 piam
497 5723 740 5778 habuerit
761 5723 845 5793 qui
874 5739 1086 5779 manum
1116 5734 1387 5803 porrigat:
1422 5744 1477 5791 et
1511 5753 1629 5807 qua:
1660 5739 1907 5795 salutaris

323 5812 374 5865 in
408 5815 642 5882 peccatis
667 5824 748 5871 est
777 5815 1021 5870 mmstitia
1045 5856 1061 5884 ,
1102 5819 1328 5878 exitialis
1369 5836 1450 5883 est
1488 5829 1535 5885 si
1562 5828 1904 5888 immoderata

1502 413 1588 468 DE
1630 407 2095 469 PUSNITFNTIA.
2137 408 2364 466 IIOMIL.
2408 412 2447 466 l.

3492 408 3601 466 282

2030 524 2118 576 sit.
2167 526 2241 578 Ac
2289 524 2409 579 vide
2453 525 2725 596 quomodo
2770 535 3018 582 accurate
3071 528 3322 599 loquutus
3369 528 3617 583 sihmo

2028 616 2167 671 enim
2193 617 2345 679 dixit,
2391 616 2470 671 Ne
2502 618 2643 671 hunc
2669 617 2913 673 diabolus
2948 618 3132 687 perdat
3162 638 3174 674 :
3205 619 3298 675 sed
3329 619 3455 690 quid
3475 619 3501 673 ?
3550 619 3618 675 (It

2030 726 2129 764 non
2155 709 2606 765 circumveniamur
2634 726 2666 762 a
2691 720 2870 763 satana
2897 708 2955 781 (2
2977 709 3095 765 Cor.
3122 711 3178 765 2.
3213 710 3324 784 11).
3376 711 3617 767 Circum-

2027 802 2209 858 venire
2236 812 2412 856 autem
2443 800 2528 855 hic
2553 810 2633 855 est
2665 802 2835 856 aliena
2864 804 3241 872 concupiscere
3274 823 3288 859 :
3325 803 3620 860 ostendens

2029 893 2185 963 igitur
2224 894 2396 962 ipsum
2428 892 2661 947 alienum
2688 891 2756 946 ab
2784 906 2850 946 co
2870 892 2937 947 de
2963 902 3161 948 caetero
3188 892 3385 949 factum
3404 936 3419 960 ,
3456 902 3617 964 atque

2030 984 2081 1038 in
2133 983 2328 1038 Christi
2376 997 2592 1052 gregem
2648 998 2707 1038 se
2758 996 2853 1052 per
2899 984 3265 1053 ptenitentiam
3312 984 3610 1048 reduxisse,

2027 1075 2138 1139 ait,
2169 1073 2251 1129 Ne
2287 1074 2734 1128 circumveniantur
2758 1090 2789 1125 a
2810 1084 3005 1127 satana.
3056 1076 3114 1129 Si
3153 1074 3295 1129 enim
3322 1074 3389 1129 de
3418 1084 3615 1129 canem

2026 1166 2439 1234 comprehendat
2463 1180 2620 1232 eum,
2666 1175 2904 1221 nostrum
2957 1168 3127 1236 rapiet
3174 1168 3509 1233 membrum,
3544 1167 3614 1222 de

2026 1272 2186 1327 grege
2240 1273 2394 1313 ovem
2442 1258 2742 1328 surripiet:
2789 1272 2912 1311 nam
2970 1258 3279 1327 paenitentia
3330 1268 3609 1329 peccatum

2025 1347 2289 1416 deposuit.

2096 1440 2263 1494 ludas
2307 1441 2354 1495 si
2399 1457 2499 1495 non
2546 1433 2896 1510 desperasset,
2946 1439 3162 1493 salutem
3212 1448 3612 1503 consequuturus

2026 1541 2151 1587 erat.
2201 1560 2275 1570 ——
2314 1531 2499 1587 Sciens
2545 1534 2704 1601 igitur
2734 1531 2927 1586 Paulus
2959 1530 3083 1601 quid
3134 1530 3329 1584 fecerat
3373 1530 3617 1583 diabolus

2025 1624 2197 1691 Judze,
2227 1623 2401 1677 timuit
2421 1639 2489 1678 ne
2512 1624 2595 1676 hic
2619 1624 2844 1677 fortasse
2870 1623 3009 1676 idem
3035 1624 3250 1676 faceret.
3274 1621 3408 1689 Quid
3437 1632 3614 1675 autem

2027 1716 2149 1770 fecit
2180 1716 2230 1769 iu
2259 1715 2431 1770 Juda'!
2459 1713 2923 1769 PcenituitJudam
2953 1731 2966 1767 :
2996 1711 3251 1780 Peccavi,
3285 1713 3473 1782 inquit,
3507 1722 3619 1765 tra-

2027 1807 2149 1861 dens
2192 1808 2490 1877 sanguinem
2524 1812 2723 1875 justum
2754 1803 2964 1875 (Matth.
2987 1804 3078 1857 27.
3109 1804 3165 1876 ι)
3207 1821 3222 1857 :
3258 1803 3462 1858 audivit
3499 1802 3617 1858 htec

2028 1897 2187 1951 verba
2216 1897 2477 1960 diabolus,
2509 1897 2657 1951 novit
2686 1911 2808 1949 eum
2835 1895 2888 1950 in
2916 1896 3107 1949 melius
3130 1896 3269 1948 viam
3309 1895 3446 1949 inire
3469 1904 3523 1949 et
3547 1894 3616 1947 ad

2028 1988 2252 2043 salutem
2283 1989 2519 2054 tendere,
2549 1989 2826 2057 timuitque
2853 1987 3222 2041 mutationem.
3256 1985 3615 2049 Clementem,

2029 2078 2217 2149 inquit,
2244 2079 2513 2134 dominum
2539 2080 2695 2134 habet
2722 2098 2733 2133 :
2761 2079 2847 2150 qui
2877 2095 2999 2134 cum
3024 2094 3083 2134 se
3110 2078 3399 2135 traditurus
3421 2078 3615 2145 fuerat,

2027 2170 2258 2239 ploravit
2298 2186 2311 2221 :
2343 2180 2502 2240 atque
2541 2172 2710 2240 ipsum
2739 2170 2888 2224 miris
2917 2173 3227 2239 provocavit
3254 2171 3465 2236 modis;
3521 2187 3619 2225 an-

2028 2278 2135 2346 non
2175 2262 2343 2346 multo
2374 2264 2541 2346 magis
2578 2264 2925 2331 ptenitentem
2954 2262 3616 2333 suscipietiObstinatum

2010 2338 2093 2412 let"
2110 2336 2463 2411 incorrectum
2490 2335 2669 2409 allexit
2694 2364 2749 2410 et
2781 2355 3026 2421 vocavit;
3057 2370 3236 2412 nonne
3258 2357 3425 2410 multo
3449 2359 3618 2427 magis

2026 2458 2323 2502 correctum
2351 2456 2406 2501 et
2436 2457 2711 2515 peccatum
2754 2456 3129 2516 agnoscentem
3161 2446 3374 2501 trahet?
3419 2447 3619 2502 idcirco

2026 2539 2169 2594 enim
2210 2537 2604 2607 cruciﬁgendus
2648 2538 2807 2592 venit.
2856 2537 2993 2606 Quid
3033 2552 3163 2608 ergo
3211 2537 3375 2593 fecit?
3429 2538 3619 2592 Exter-

2027 2630 2134 2683 ruit
2161 2645 2283 2684 eum
2310 2638 2363 2683 et
2385 2629 2758 2684 obtenebravi'.
2786 2628 3035 2684 maeroris
3060 2627 3421 2699 magnitudine
3446 2667 3460 2692 ,
3486 2643 3613 2697 per-

2027 2727 2281 2787 sequutus
2310 2725 2412 2783 est,
2446 2718 2650 2786 impulit
2685 2718 2858 2771 donec
2881 2717 2949 2771 ad
2978 2718 3225 2787 laqueum
3254 2716 3427 2781 duxit,
3457 2726 3618 2786 atque

2029 2823 2060 2863 e
2086 2808 2337 2877 praesenti
2362 2808 2546 2863 eduxit
2573 2810 2678 2862 vita
2699 2848 2714 2873 ,
2748 2808 3178 2878 paenitentireque
3206 2807 3479 2876 proposito
3506 2822 3618 2876 prt-

2026 2900 2187 2956 vavit.
2222 2899 2373 2965 Quod
2398 2899 2541 2953 enim
2574 2899 2617 2952 si
2648 2899 2906 2963 vixisset,
2939 2908 2991 2953 et
3033 2901 3145 2967 ipse
3170 2899 3399 2953 salutem
3421 2912 3617 2952 consc-

2025 3000 2287 3059 quuturus
2314 2999 2489 3056 esset,
2530 2990 2703 3059 palam
2729 2999 2811 3044 est
2840 3004 2907 3045 ex
2935 2989 3357 3044 crucifixoribus.
3391 2988 3447 3044 Si
3468 2990 3613 3044 enim

2026 3083 2125 3137 bos
2154 3084 2245 3154 qui
2272 3099 2393 3138 eum
2424 3083 2798 3137 crucifixerant
2823 3082 2993 3137 salute
3018 3082 3266 3146 donavit,
3308 3092 3364 3137 et
3406 3082 3521 3152 ipse
3560 3083 3613 3137 in

2022 3189 2183 3229 cruce
2238 3175 2505 3229 exsistens
2554 3175 2759 3245 rogavit
2818 3174 3069 3240 Patrem,
3123 3173 3614 3244 indulgentiamque

2023 3273 2186 3319 tantae
2230 3265 2466 3319 audaciae
2502 3265 2793 3334 postulavit
2832 3282 2847 3319 :
2888 3273 3099 3320 constat
3149 3264 3291 3334 quod
3340 3272 3396 3319 et
3440 3263 3613 3336 ipsum

2023 3358 2348 3429 proditorem
2384 3358 2543 3427 digne
2581 3360 2927 3427 pwnitentem
2970 3372 3091 3411 cum
3127 3356 3272 3410 omni
3302 3367 3612 3411 mansuetu-

2023 3450 2149 3504 dine
2197 3451 2555 3520 suscepisset;
2604 3450 2697 3503 sed
2743 3449 2833 3504 ille
2874 3449 2925 3502 in
2972 3448 3213 3504 remedio
3242 3463 3461 3504 manere
3503 3463 3614 3503 non

2027 3541 2177 3605 tulit,
2226 3553 2457 3594 mmrore
2497 3539 2660 3593 nimio
2686 3538 2991 3607 absorptus.
3049 3537 3102 3592 Id
3154 3537 3311 3607 igitur
3341 3546 3396 3593 et
3420 3537 3613 3591 Paulus

2025 3633 2257 3698 timens,
2311 3630 2619 3687 Corinthios
2667 3630 2990 3685 sollicitabat
3041 3630 3252 3700 eripere
3294 3644 3322 3682 a
3372 3628 3616 3683 faucibus

2019 3721 2217 3776 diaboli
2248 3722 2541 3775 hominem.
2590 3721 2657 3775 Et
2681 3720 2806 3790 quid
2832 3735 2967 3790 opus
2996 3728 3081 3774 est
3107 3720 3175 3774 de
3212 3720 3502 3775 Corinthiis
3527 3719 3613 3773 di-

2019 3816 2181 3869 cere?
2221 3814 2412 3869 Petrus
2440 3812 2582 3868 enim
2615 3823 2735 3883 post
2760 3812 3136 3882 mysteriorum
3175 3812 3608 3865 communionem

2022 3916 2104 3961 ter
2130 3916 2321 3977 negat,
2370 3914 2425 3960 et
2465 3906 2681 3974 plorans
2706 3903 2905 3958 delevit
2932 3904 3112 3957 omnia
3147 3921 3161 3957 :
3197 3902 3391 3957 Paulus
3420 3916 3607 3972 perse-

2020 4007 2252 4069 quutor,
2302 3996 2646 4066 blasphemus
2672 4005 2728 4051 et
2771 3994 3227 4060 contumeliosus,
3280 4008 3385 4047 non
3431 3991 3609 4047 cruci-

2021 4090 2183 4143 fixum
2210 4088 2370 4143 modo
2390 4129 2404 4152 ,
2437 4087 2533 4142 sed
2560 4087 2701 4142 illius
2741 4088 3018 4140 universos
3057 4099 3405 4155 persequens,
3440 4084 3613 4154 paui-

2020 4179 2184 4233 tentia
2236 4177 2464 4241 ductus,
2518 4178 2793 4245 apostolus
2838 4175 3088 4229 efficitur.
3148 4175 3333 4230 Solum
3380 4189 3412 4228 a
3455 4175 3611 4228 nobis

2021 4269 2157 4323 Deus
2182 4269 2516 4323 occasionem
2540 4267 2621 4322 vel
2650 4282 2866 4336 parvam
2892 4265 3135 4336 requirit,
3180 4276 3340 4336 atque
3362 4269 3609 4321 universa

2016 4359 2234 4412 dimittit
2263 4359 2417 4412 nobis
2441 4370 2680 4427 peccata.
2737 4358 2917 4412 Dicam
2940 4357 3092 4413 vobis
3117 4365 3173 4413 et
3200 4357 3505 4427 parabolam
3531 4357 3610 4411 id-

2018 4450 2189 4518 ipsum
2216 4448 2646 4503 confirmantem.

2086 4542 2139 4595 4.
2161 4542 2272 4595 Duo
2294 4540 2510 4611 quidam
2529 4550 2682 4596 crant
2703 4540 2912 4605 fratres,
2938 4549 3264 4609 paternaque
3282 4539 3448 4594 divisa
3474 4539 3604 4594 sub-

2018 4633 2234 4697 stantia,
2269 4633 2462 4686 borum
2494 4647 2631 4685 unus
2667 4631 2879 4699 quidem
2910 4629 3052 4683 domi
3101 4631 3318 4692 mansit,
3348 4630 3487 4684 alter
3508 4645 3607 4684 au-

2017 4737 2122 4782 tem
2168 4737 2357 4782 cuncta
2405 4742 2523 4797 qnze
2570 4726 2919 4788 obvenerant,
2961 4723 3280 4789 comedens,
3313 4724 3481 4792 patria
3506 4737 3605 4778 ex-

2018 4820 2179 4876 torris
2218 4820 2388 4875 factus
2432 4828 2564 4882 erat,
2614 4817 2939 4886 paupertatis
2977 4832 3083 4871 non
3130 4815 3307 4871 fenens
3345 4816 3601 4885 pudorem

2019 4911 2167 4981 (Luc.
2200 4912 2283 4965 15.
2313 4910 2397 4963 11.
2420 4910 2552 4980 sqq).
2578 4908 2727 4963 ilanc
2748 4918 2928 4963 autem
2955 4909 3259 4979 parabolam
3292 4910 3343 4962 in
3369 4908 3602 4963 medium

2016 5006 2213 5059 idcirco
2246 5002 2462 5073 protuli,
2492 5018 2599 5071 quo
2641 5002 2823 5057 sciatis
2860 5013 2915 5057 et
2957 5012 3293 5071 peccatorum
3333 5017 3451 5070 quae
3481 5010 3603 5069 pOst

2015 5095 2275 5164 baptisma
2303 5095 2717 5159 contrahuntur,
2758 5094 3129 5148 remissionem
3156 5107 3309 5157 esse,
3343 5093 3387 5145 si
3428 5100 3601 5143 atten-

2012 5185 2202 5239 damus
2227 5201 2240 5239 :
2268 5183 2390 5239 dico
2432 5195 2607 5238 autem
2640 5199 2743 5238 non
2789 5184 2862 5238 uti
2888 5183 2955 5237 ad
2984 5185 3224 5237 inertiam
3251 5182 3600 5251 compellam,

2012 5276 2104 5330 sed
2128 5285 2235 5331 uta
2256 5276 2628 5348 desperatione
2658 5290 2906 5331 revocem
2930 5292 2945 5333 :
2978 5292 3097 5330 nam
3120 5275 3416 5344 deSperatio
3440 5288 3599 5344 quam

2015 5360 2205 5425 inertia
2249 5371 2453 5441 majora
2498 5369 2653 5423 nobis
2688 5368 2898 5422 confert
2932 5369 3089 5423 mala.
3123 5367 3219 5421 ilic
3258 5367 3420 5435 igitur
3465 5367 3603 5421 illius

2014 5478 2221 5527 eorum,
2250 5464 2336 5532 qui
2369 5472 2483 5530 post
2514 5460 2776 5529 baptisma
2813 5462 2945 5530 lapsi
2986 5469 3127 5522 sunt,
3162 5460 3447 5529 imaginem
3489 5475 3595 5528 pra:

2013 5568 2072 5609 se
2099 5553 2232 5620 fert;
2265 5568 2357 5609 eos
2383 5552 2523 5607 enim
2556 5555 2647 5622 qui
2677 5562 2798 5623 post
2818 5553 3138 5621 baptismum
3171 5551 3302 5623 lapsi
3332 5564 3453 5606 sunt
3478 5567 3600 5606 etin]

2013 5647 2313 5717 significare
2359 5645 2481 5699 hinc
2524 5655 2768 5711 constat,
2817 5644 2958 5715 quod
3008 5645 3149 5699 ﬁlius
3192 5646 3439 5700 dicatur:
3479 5660 3602 5699 nam

2014 5750 2162 5794 extra
2193 5739 2515 5809 baptismum
2555 5755 2713 5794 nemo
2755 5739 2843 5793 filii
2872 5738 3236 5809 appellatione
3274 5739 3603 5793 nominatur.

2016 5832 2080 5887 Et
2098 5830 2314 5888 domum
2340 5830 2676 5888 habitaverat
2697 5840 2995 5903 paternam,
3020 5839 3074 5887 et
3090 5840 3363 5903 paternam
3385 5846 3602 5887 omnem
