4446 6692
843 455 951 510 283

845 567 1200 622 substantiam
1222 566 1504 628 diviserat;
1534 573 1659 620 ante
1683 565 1944 634 baptisma
1972 576 2146 622 autem
2179 583 2284 620 non
2316 567 2441 622 licet

848 669 1068 724 paterna
1110 657 1372 724 accipere,
1416 670 1589 722 neque
1629 653 1982 710 hereditatem
2031 656 2283 725 consequi
2317 673 2329 709 :
2368 655 2439 710 ita

851 755 909 798 ut
934 761 1005 800 ex
1049 745 1130 800 his
1173 744 1422 798 omnibus
1465 743 1699 797 ﬁdelium
1744 752 1914 798 status
1953 745 2318 800 adumbretur.
2372 743 2440 798 Et

854 837 1006 908 probi
1044 835 1206 890 frater
1230 843 1376 900 erat;
1408 833 1573 888 frater
1604 849 1736 888 vero
1782 835 1900 890 sine
1926 836 2188 905 spirituali
2212 849 2437 904 regene-

855 929 1057 982 ratione
1086 939 1418 995 nequaquam
1445 923 1732 980 fuerit.Hic
1758 925 1917 995 igitur
1943 926 2008 980 ad
2035 940 2298 980 summam
2322 940 2438 978 ma-

856 1017 1020 1071 litiam
1036 1015 1310 1086 delapsus,
1335 1016 1462 1086 quid
1485 1017 1690 1088 inquit?
1715 1016 1957 1072 Revertar
1971 1018 2041 1071 ad
2062 1028 2255 1088 patrem
2277 1033 2441 1071 meum

858 1106 1008 1178 (Luc.
1037 1109 1124 1161 15.
1153 1106 1264 1179 18).
1292 1107 1583 1178 Propterea
1609 1109 1749 1163 hunc
1777 1119 1925 1177 pater
1949 1109 2239 1172 dimiserat,
2270 1122 2443 1176 neque

859 1196 1233 1265 prohibuerat,
1265 1199 1552 1268 quominus
1597 1199 1648 1252 in
1679 1203 1949 1268 regionem
1993 1197 2164 1252 abiret
2189 1196 2438 1260 alienam,

856 1297 1119 1356 quatenus
1158 1289 1529 1358 experimento
1573 1288 1804 1342 disceret
1853 1296 2132 1351 accurate,
2183 1296 2442 1354 quantum

856 1377 1176 1433 beneﬁcium
1198 1379 1491 1450 susceperit
1511 1379 1653 1432 domi
1669 1393 1910 1432 manens.
1935 1379 2090 1448 Saepe
2113 1377 2256 1432 enim
2282 1377 2442 1441 Deus,

858 1483 980 1523 cum
1007 1470 1166 1524 dictis
1208 1470 1385 1523 minus
1437 1469 1653 1534 suadet,
1685 1485 1865 1524 rerum
1913 1469 2300 1540 experimentis
2344 1469 2445 1522 do-

856 1559 1087 1613 ctriuam
1111 1559 1389 1628 permittit.
1422 1559 1571 1627 Quod
1611 1570 1666 1615 et
1686 1561 1752 1615 ad
1787 1560 2004 1616 Judzeos
2029 1561 2242 1617 diccbat
2270 1580 2282 1614 :
2307 1575 2445 1630 quo-

858 1665 997 1702 mam
1026 1665 1076 1718 qv
1099 1649 1239 1703 idem
1270 1649 1474 1704 inﬁnita
1516 1668 1612 1720 per
1652 1653 1941 1723 prOpbetas
1985 1653 2146 1708 verba
2178 1668 2298 1707 cum
2343 1653 2446 1705 im-

857 1740 1154 1809 pendisset,
1181 1757 1288 1796 non
1335 1743 1504 1797 suasit
1547 1761 1719 1811 neque
1759 1746 1959 1807 illexit;
1994 1745 2308 1814 permittens
2351 1759 2446 1798 eos

857 1845 952 1900 per
1005 1830 1214 1900 flagella
1264 1835 1506 1904 corrigi,
1563 1835 1693 1888 dicit
1733 1835 1834 1889 illis
1885 1853 1898 1888 ε
1949 1835 2199 1902 Corripiet
2264 1845 2312 1887 te
2367 1849 2446 1888 re—

856 1922 1006 1975 bellio
1036 1933 1146 1986 tua,
1166 1933 1211 1977 et
1233 1925 1426 1977 malitia
1461 1936 1554 1977 tua
1579 1934 1756 1996 arguet
1799 1936 1846 1978 te
1871 1924 2004 1996 (λεν.
2037 1923 2092 1977 2.
2136 1922 2246 1996 19).
2271 1923 2446 1994 Opor-

855 2023 1034 2068 tucrat
1106 2015 1280 2083 ipsum
1359 2016 1574 2084 quidem
1653 2017 1758 2072 ﬁde
1812 2017 2030 2086 dignum
2099 2016 2287 2072 haberi
2365 2016 2449 2070 vel

853 2115 979 2161 ante
1009 2106 1243 2174 ipsarum
1271 2123 1448 2162 rerum
1471 2119 1720 2164 eventum
1743 2125 1757 2174 ;
1780 2110 2031 2178 quoniam
2057 2125 2185 2164 vero
2206 2118 2312 2162 tam
2340 2119 2452 2162 stu-

857 2195 967 2263 pidi
993 2194 1226 2260 fuerunt,
1254 2205 1314 2251 ut
1339 2212 1405 2252 eo
1427 2208 1680 2253 moriente
1708 2209 1761 2254 et
1785 2200 2100 2254 consulente
2131 2215 2235 2253 non
2257 2199 2448 2253 crede-

856 2295 997 2353 rent,
1028 2304 1149 2342 cum
1188 2303 1282 2344 eos
1326 2291 1472 2358 prius
1498 2293 1861 2360 repressisset,
1903 2307 1970 2346 ne
1998 2292 2214 2345 maliti:e
2243 2292 2450 2346 obtem-

856 2388 1129 2447 perarent,
1160 2381 1401 2450 permisit
1427 2397 1522 2436 eos
1551 2398 1725 2436 rerum
1747 2392 1944 2437 eventu
1974 2384 2188 2453 corrigi,
2221 2398 2328 2453 quo
2365 2383 2447 2436 vel

853 2467 933 2521 sic
976 2482 1072 2522 eos
1111 2481 1472 2538 recuperaret.
1506 2470 1791 2541 Postquam
1824 2473 1981 2541 igitur
2009 2473 2311 2527 concedens
2358 2473 2447 2527 ille

856 2558 1128 2629 prodigus,
1178 2561 1231 2614 in
1271 2562 1498 2616 alienam
1537 2571 1731 2616 terram
1779 2563 1939 2617 rebus
1970 2565 2096 2634 ipsis
2144 2563 2445 2633 perdidicit,

857 2650 985 2720 quid
1020 2651 1144 2705 mali
1170 2653 1240 2707 sit
1281 2663 1503 2724 paterna
1531 2654 1691 2710 domo
1738 2645 2017 2720 excidere,
2049 2667 2103 2712 et
2132 2657 2312 2724 rediit,
2341 2672 2448 2711 non

857 2739 957 2794 fuit
986 2757 1192 2796 memor
1234 2744 1442 2813 injuria:
1489 2755 1672 2814 pater,
1716 2746 1808 2802 sed
1842 2749 2011 2816 passis
2048 2763 2173 2802 eum
2212 2750 2451 2818 suscepit

856 2831 1122 2886 manibus.
1150 2832 1287 2900 Quid
1334 2835 1444 2888 ita?
1472 2833 1606 2900 Quia
1649 2844 1829 2906 pater,
1864 2852 1970 2892 non
2008 2838 2173 2907 judex
2217 2850 2352 2892 erat.
2386 2839 2451 2892 Et

855 2920 1076 2977 choreae.
1095 2925 1336 2994 etepulm
1360 2935 1413 2980 et
1440 2925 1562 2981 festi
1592 2937 1886 2982 conventus
1911 2929 2105 2984 deinde
2135 2930 2258 2984 facti
2286 2939 2444 2995 sunt,

855 3012 1082 3083 laetaque
1110 3024 1165 3070 et
1189 3015 1428 3086 gaudens
1458 3027 1575 3072 erat
1599 3019 1808 3072 domus.
1846 3019 1984 3087 Quid
2011 3019 2182 3074 dicis?
2211 3019 2450 3075 lurceine

854 3112 981 3156 sunt
1007 3104 1224 3160 malitia:
1252 3107 1468 3176 praemia
1489 3110 1512 3162 ἲ
1537 3108 1654 3163 Non
1693 3110 1932 3175 malitim,
1959 3125 1992 3164 o
2015 3110 2198 3174 homo,
2235 3111 2329 3165 sed
2361 3125 2449 3165 re-

852 3193 998 3249 ditus
1027 3212 1040 3248 :
1071 3211 1176 3251 non
1205 3200 1430 3267 peccati,
1462 3199 1556 3254 sed
1589 3201 1918 3269 paenitentia:
1949 3219 1961 3254 :
1996 3213 2100 3255 non
2129 3201 2447 3271 improbita-

855 3285 943 3350 tis,
969 3287 1063 3341 sed
1090 3287 1141 3342 in
1168 3289 1362 3344 melius
1394 3291 1702 3345 mutationis
1733 3308 1746 3346 :
1785 3300 1841 3346 et
1868 3292 2010 3360 quod
2039 3301 2121 3348 est
2157 3292 2351 3361 majus,
2381 3291 2449 3347 de

853 3372 937 3428 bis
966 3375 1269 3447 indignatus
1307 3389 1388 3434 cst
1419 3380 1592 3451 major
1630 3380 1800 3446 ﬁlius;
1851 3381 1936 3436 hic
1963 3393 2142 3437 autem
2181 3392 2234 3437 et
2272 3382 2447 3452 ipsum

853 3477 1127 3522 mansuete
1154 3469 1447 3539 mitigavit,
1474 3471 1660 3527 dicens
1691 3490 1706 3527 :
1737 3472 1992 3539 Quoniam
2021 3484 2072 3527 tu
2095 3474 2298 3544 quidem
2319 3491 2443 3528 sem.

851 3575 942 3628 per
967 3575 1160 3613 mecum
1182 3577 1258 3627 es,
1287 3562 1368 3614 hic
1395 3578 1510 3616 vero
1541 3564 1777 3633 perierat,
1811 3572 1857 3617 et
1901 3565 2130 3618 iuventus
2173 3573 2286 3618 est:
2306 3580 2448 3616 mor-

852 3657 969 3702 tuus
989 3659 1117 3715 erat,
1134 3662 1184 3704 et
1197 3652 1372 3706 revixit
1387 3651 1704 3724 (Luc.15,3l
1719 3695 1731 3704 .
1759 3655 1868 3724 52).
1891 3653 2023 3710 Cum
2039 3671 2169 3711 vero
2182 3656 2446 3725 perditum

849 3753 1068 3794 servare
1095 3750 1326 3809 oportet,
1360 3743 1550 3813 inquit,
1583 3759 1689 3799 non
1725 3744 1910 3814 judicii
1961 3755 2174 3816 tempus
2200 3754 2304 3812 est,
2352 3762 2447 3801 ne-

849 3844 952 3898 que
997 3830 1290 3888 subtilioris
1342 3834 1635 3902 examinis,
1685 3836 1779 3890 sed
1819 3837 2119 3892 clementiae
2167 3839 2446 3908 venimque

850 3919 1147 3977 dumtaxat.
1194 3922 1384 3979 Nullus
1414 3926 1557 3980 enim
1589 3925 1852 3992 medicus,
1886 3927 2054 3982 misso
2085 3929 2445 3984 medicamen-

849 4019 1026 4066 torum
1058 4029 1178 4077 usu,
1223 4015 1624 4072 incontinentia:
1653 4033 1838 4087 pinnas
1879 4019 1948 4074 ab
1977 4033 2043 4074 eo
2085 4021 2343 4090 exegerit.
2390 4021 2445 4076 Si

847 4118 978 4160 vero
1008 4120 1194 4175 pmnas
1221 4123 1343 4163 eum
1381 4108 1511 4164 dare
1538 4111 1795 4180 oportuit,
1836 4111 1966 4165 satis
1992 4127 2293 4179 poenarum,
2323 4128 2442 4167 cum

851 4193 902 4247 in
933 4195 1107 4250 aliena
1149 4197 1371 4268 regione
1404 4208 1650 4254 versatus
1681 4209 1784 4264 est,
1829 4199 1998 4256 dedit.
2038 4201 2212 4256 Tanto
2237 4203 2378 4256 enim
2413 4219 2442 4258 a

849 4284 1006 4338 nobis
1031 4295 1274 4356 tempore
1295 4297 1623 4360 segregatus,
1655 4290 1792 4345 fame
1818 4289 2191 4362 dedccoreque
2213 4307 2276 4346 ac
2306 4307 2445 4346 sum-

852 4375 954 4428 tuis
979 4375 1317 4432 conﬂictatus
1361 4380 1536 4444 malis,
1559 4379 1878 4436 laborabat:
1923 4391 2208 4453 propterea
2251 4382 2442 4452 inquit,

851 4461 1110 4532 Perierat,
1138 4477 1184 4521 et
1211 4467 1443 4524 iuventus
1466 4479 1538 4524 est
1569 4486 1588 4523 :
1609 4482 1835 4525 mortuus
1862 4483 1989 4538 erat,
2019 4484 2065 4526 et
2092 4474 2292 4528 revixit.
2326 4473 2442 4528 Non

849 4555 1014 4622 enim,
1049 4556 1240 4627 inquit,
1281 4559 1501 4615 attende
1531 4562 1837 4630 praesentia,
1868 4563 1961 4617 sed
2004 4564 2193 4632 prioris
2222 4565 2444 4620 calami-

849 4647 976 4701 tatis
1003 4648 1422 4718 magnitudinem
1453 4651 1736 4707 considera
1765 4671 1780 4706 :
1813 4651 2036 4707 fratrem
2061 4654 2304 4720 intueris,
2332 4671 2439 4711 non

847 4737 1082 4792 alienum
1109 4757 1122 4790 :
1151 4740 1218 4794 ad
1249 4751 1452 4810 patrem
1481 4757 1728 4798 reversus
1750 4751 1853 4807 est,
1887 4742 1977 4813 qui
2005 4743 2241 4812 priorum
2266 4760 2333 4798 ne
2359 4746 2440 4800 vel

850 4830 1132 4886 minimum
1155 4833 1426 4888 recordari
1458 4845 1666 4904 potest;
1701 4837 1870 4906 magis
1901 4853 2030 4892 vero
2049 4852 2239 4893 eorum
2267 4839 2441 4891 solum

1555 452 1610 509 S.
1651 449 1928 509 JOANNIS
1965 451 2441 509 CIIRYSOSTOMI
2481 450 2800 508 ARClIIEl’.
2841 447 3376 508 CONSTANTINOP.

4033 452 4136 509 281

2548 564 2932 633 reminiscitur,
2961 583 3081 636 quae
3101 567 3166 621 ad
3197 562 3646 635 compassionem,
3674 565 4100 622 misericordiam
4119 608 4136 636 ,

2550 658 2887 713 clementiam
2913 697 2928 722 ,
2962 657 3346 727 indulgentiam
3381 655 3595 710 trahere
3634 664 3855 722 possunt
3882 658 4137 724 genitori-

2548 748 2648 802 bus
2677 745 3154 802 accommodatam.
3185 747 3477 818 Propterea
3505 760 3611 800 non
3633 759 3752 814 qua:
3793 744 3940 809 fecit,
3969 745 4137 813 dixit,

2550 838 2643 892 sed
2666 853 2785 908 quae
2820 851 3006 908 passus
3029 845 3112 891 est
3145 854 3159 890 :
3189 853 3301 892 non
3341 837 3485 908 quod
3515 834 3866 892 substantiam
3912 835 4140 904 dissipa-

2549 930 2707 994 verit,
2739 929 3003 993 meminit,
3050 927 3144 982 sed
3181 929 3324 996 quod
3369 929 3668 984 innumeris
3694 923 4030 980 conﬂictatus
4073 927 4143 980 sit

2549 1021 2723 1074 malis.
2757 1021 2846 1077 Sic
2871 1029 2925 1076 et
2949 1035 3100 1076 ovem
3141 1027 3291 1072 tanto
3331 1020 3511 1074 studio
3537 1019 3812 1090 quaesivit,
3856 1015 3942 1070 vel
3979 1015 4139 1070 etiam

2549 1109 2743 1179 majori
2779 1129 2792 1164 :
2837 1111 2927 1166 hic
2959 1110 3100 1166 enim
3131 1109 3244 1178 ipse
3275 1108 3434 1162 rediit
3481 1109 3639 1174 ﬁlius,
3684 1109 3790 1163 illic
3816 1117 3996 1161 autem
4028 1105 4143 1176 ipse

2550 1202 2681 1256 abiit
2735 1212 2946 1272 pastor,
2995 1211 3052 1258 et
3095 1200 3371 1256 inveniens
3418 1199 3666 1266 reduxit,
3706 1211 3761 1255 et
3807 1201 4016 1254 la-tatus
4061 1206 4144 1251 est

2552 1307 2712 1361 super
2759 1308 2821 1346 ca
2871 1293 3074 1363 magis,
3124 1306 3283 1362 Quam
3329 1304 3491 1358 super
3539 1291 3770 1356 caneris,
3818 1306 3937 1360 qu:e
3982 1288 4144 1343 salva:

2553 1394 2724 1438 erant.
2759 1384 2895 1439 Vide
2917 1394 3095 1438 autem
3126 1380 3394 1453 quomodo
3423 1378 3671 1434 reduxit:
3703 1396 3808 1435 non
3838 1379 4143 1450 ﬁagellavit,

2555 1475 2648 1529 sed
2692 1475 2871 1530 ferens
2921 1475 3159 1529 humeris
3187 1486 3375 1528 rursus
3413 1470 3558 1540 gregi
3595 1469 3830 1525 reddidit
3856 1471 4012 1541 (Luc.
4056 1471 4140 1524 15.

2554 1566 2607 1618 4.
2639 1565 2717 1634 6).
2743 1565 2868 1618 Haec
2894 1565 3052 1634 igitur
3082 1563 3479 1632 intelligentes,
3513 1575 3618 1614 non
3661 1560 3824 1615 modo
3857 1577 3886 1614 a
3912 1561 4144 1616 redeun-

2555 1655 2694 1708 tibus
2722 1669 2829 1708 non
2866 1654 3034 1708 averti
3070 1653 3259 1718 Deum,
3293 1652 3387 1707 sed
3427 1653 3526 1706 hoc
3553 1666 3658 1704 non
3693 1651 3887 1705 minori
3914 1668 4038 1706 cum
4064 1652 4149 1722 ju-

2552 1743 2860 1810 cunditate,
2903 1759 3062 1813 quam
3094 1743 3238 1812 ipsos
3268 1742 3357 1810 qui
3400 1751 3546 1795 recte
3584 1753 3643 1794 se
3679 1740 3968 1809 gesserint,
4016 1743 4140 1795 rcci-

2554 1851 2712 1904 pere:
2735 1851 2834 1890 nec
2855 1835 3017 1890 modo
3034 1849 3220 1904 pinnas
3252 1847 3358 1887 non
3380 1833 3616 1901 exigere,
3639 1829 3733 1884 sed
3756 1829 3822 1884 ad
3846 1831 4147 1884 errantium

2555 1927 2952 1998 inquisitionem
2984 1926 3248 1997 proﬁcisci
3281 1944 3295 1980 :
3328 1939 3391 1979 ac
3430 1923 3499 1979 de
3528 1922 3612 1977 bis
3657 1922 3886 1992 repertis
3916 1921 4151 1990 amplius

2554 2019 2774 2089 gaudet,
2807 2034 2966 2088 quam
2988 2017 3056 2073 de
3075 2018 3286 2073 caeteris
3310 2027 3424 2070 tuto
3442 2017 3493 2070 in
3515 2016 3633 2070 loco
3651 2013 4146 2083 perseverantibus;

2559 2111 2658 2178 ipsi
2703 2125 2880 2178 neque
2924 2110 3078 2164 malis
3127 2108 3324 2171 obruti,
3371 2123 3521 2176 spem
3568 2105 3920 2176 deponamus,
3979 2119 4152 2174 neque

2557 2201 2712 2255 bonis
2739 2201 3094 2264 abundantes,
3123 2199 3488 2263 conﬁdamus;
3523 2197 3617 2252 scd
3644 2207 3697 2252 et
3727 2212 3848 2251 cum
3878 2205 4026 2250 recte
4055 2210 4151 2249 nos

2554 2292 2919 2360 gesserimus,
2949 2291 3228 2343 timeamus
3247 2331 3260 2354 ,
3293 2298 3350 2342 ut
3376 2305 3446 2343 ne
3476 2303 3572 2356 per
3594 2285 3972 2341 confidentiam
4008 2285 4152 2340 laba-

2557 2398 2697 2446 mur,
2731 2392 2784 2436 et
2811 2393 2866 2435 ut
2895 2382 3026 2451 lapsi
3051 2381 3420 2451 pa-uitenliam
3448 2393 3688 2449 agamus.
3716 2379 3870 2445 Quod
3901 2380 4046 2432 enim
4068 2378 4150 2432 in-

2555 2474 2763 2542 cipieus
2790 2475 2919 2537 dixi,
2949 2483 3005 2528 et
3034 2488 3174 2527 nunc
3200 2473 3323 2527 dico
3345 2512 3360 2537 ,
3396 2472 3502 2525 duo
3530 2471 3645 2524 haec
3677 2488 3690 2524 ε
3723 2479 3954 2523 stantem
3984 2469 4153 2524 conﬁ-

2555 2565 2720 2627 dere,
2772 2574 2828 2619 et
2882 2565 3171 2632 desperare
3213 2564 3506 2633 jaccntem,
3552 2560 3910 2631 proditionem
3963 2560 4152 2614 salutis

2558 2666 2755 2712 nostrae
2785 2673 2926 2712 esse.
2957 2657 3134 2724 Quare
3164 2665 3369 2711 stantes
3394 2655 3665 2710 cautiores
3694 2653 3927 2708 reddens
3953 2653 4152 2707 Paulus

2557 2749 2712 2813 dicit,
2750 2749 2852 2812 Qui
2882 2765 2935 2802 se
2959 2758 3106 2818 putat
3132 2759 3285 2811 stare,
3317 2747 3481 2800 videat
3516 2763 3577 2800 ue
3619 2746 3784 2799 cadat.
3826 2745 3895 2799 Et
3934 2746 4146 2799 iterum.

2557 2840 2734 2895 Timeo
2783 2858 2846 2894 rte
2892 2845 3026 2911 forte
3077 2841 3193 2893 aliis
3243 2839 3527 2910 praedicans
3581 2839 3689 2907 ipse
3739 2837 3980 2906 reprobus
4030 2837 4150 2905 ﬁam

2561 2926 2611 2997 (l
2641 2924 2765 2978 Cor.
2797 2925 2881 2978 10.
2907 2925 2999 2988 12ς
3028 2924 3079 2978 9.
3103 2925 3194 2993 27)
3225 2943 3237 2978 :
3275 2928 3517 2996 jacentcs
3546 2937 3721 2981 autem
3754 2928 3987 2996 erigens,
4008 2937 4063 2981 et
4086 2927 4150 2980 ad

2556 3017 2781 3071 ulterius
2824 3017 3067 3072 excitans
3112 3015 3386 3077 studium.
3435 3016 3819 3071 testificabatur
3861 3015 4153 3070 Corinthiis

2556 3108 2634 3162 sic
2662 3109 2928 3172 scribens,
2961 3107 3045 3162 Ne
3067 3113 3199 3178 forte
3228 3109 3416 3162 multos
3445 3109 3680 3178 deﬂeant,
3712 3110 3796 3178 qui
3825 3118 3943 3162 ante
3967 3125 4150 3177 pecca-

2556 3209 2752 3263 verunt,
2783 3210 2828 3252 et
2864 3200 3211 3270 paenitentiam
3239 3215 3342 3252 non
3373 3209 3578 3269 egerunt
3620 3199 3694 3267 (2.
3726 3196 3846 3252 Cor.
3889 3197 3975 3252 12.
4005 3199 4100 3266 21)
4135 3217 4148 3252 :

2555 3291 2844 3346 ostendens
2876 3305 2980 3345 non
3015 3300 3120 3344 tam
3151 3300 3470 3361 peccantes,
3502 3305 3660 3358 quam
3692 3304 3794 3344 non
3832 3289 4152 3358 pmuitentes

2554 3383 2744 3452 dignos
2771 3383 3020 3454 lacrymis
3049 3397 3187 3436 esse.
3223 3383 3289 3435 Et
3314 3383 3574 3451 prepbeta
3596 3382 3661 3435 ad
3691 3381 3906 3436 eosdem
3936 3399 3950 3436 :
3985 3381 4152 3435 Nunt-

2553 3475 2678 3542 quid
2704 3476 2790 3540 qui
2815 3475 2974 3535 cadit,
3004 3491 3102 3527 non
3133 3474 3380 3544 resurgit,
3409 3481 3498 3525 aut
3526 3489 3733 3525 aversus
3759 3488 3859 3524 non
3887 3473 4152 3525 revertitur

2558 3566 2689 3635 (Jer.
2718 3566 2770 3620 8.
2806 3567 2899 3635 4)?
2925 3567 3100 3633 Quare
3143 3575 3197 3618 ct
3225 3565 3441 3619 eosdem
3473 3563 3766 3618 exhortans
3803 3563 3966 3618 David
3993 3564 4150 3629 dicit,

2558 3655 2727 3710 llodie
2760 3659 2805 3710 si
2835 3673 3003 3711 vocem
3031 3658 3140 3722 eius
3183 3655 3450 3709 audieritis
3470 3695 3485 3717 ,
3524 3655 3681 3709 nolite
3709 3654 3962 3708 obdurare
3997 3654 4154 3708 corda

2552 3757 2715 3800 vestra
2753 3747 2883 3800 sicut
2927 3747 2979 3800 in
3013 3745 3390 3799 exacerbatione
3429 3743 3602 3813 (Psal.
3644 3744 3732 3799 94.
3765 3745 3846 3812 8).
3887 3743 4152 3810 Quamdiu

2554 3839 2716 3908 igitur
2743 3838 2896 3891 hodie
2935 3837 3148 3898 dicitur,
3185 3851 3252 3891 ne
3285 3837 3524 3889 animum
3563 3834 4029 3902 despondeamus;
4059 3833 4152 3888 sed

2553 3930 2748 3983 bonam
2772 3929 2826 3983 in
2860 3929 3084 3983 Domino
3107 3942 3256 3997 spem
3282 3927 3560 3992 habentes,
3585 3934 3639 3980 et
3665 3925 3883 3996 pelagus
3905 3925 4025 3993 ejus
4045 3925 4151 3978 cle-

2553 4021 2768 4076 mentite
2793 4021 3148 4089 recogitantes
3170 4058 3185 4083 ,
3217 4032 3432 4071 onmem
3463 4015 3848 4070 conscientiam
3877 4015 4152 4068 excutien-

2555 4122 2634 4166 tes
2662 4111 2855 4165 malam
2883 4110 3047 4164 multa
3089 4123 3211 4162 cum
3239 4122 3335 4176 spe
3363 4105 3744 4174 propositoque
3785 4103 4154 4158 adiuereamns

2553 4203 2773 4266 virtuti,
2806 4211 2860 4256 et
2891 4201 3261 4270 paenitentiam
3289 4197 3547 4266 majorem
3575 4196 3628 4250 in
3659 4194 3874 4249 modum
3900 4195 4154 4248 ostenda-

2557 4307 2695 4359 mus,
2727 4301 2784 4346 ut
2807 4291 2890 4346 hic
2914 4292 3158 4345 universa
3181 4289 3515 4358 deponentes
3538 4293 3754 4356 peccata
3777 4283 3943 4337 multa
3967 4282 4154 4336 ﬁducia

2552 4400 2730 4439 coram
2761 4383 2959 4439 Christi
3007 4381 3254 4436 tribunali
3289 4389 3432 4434 stare
3473 4377 3776 4448 possimus,
3821 4390 4155 4445 regnumque

2553 4476 2807 4528 caelorum
2845 4475 3121 4542 consequi.
3156 4472 3321 4540 Cujus
3349 4485 3538 4524 omnes
3579 4483 3676 4524 nos
3720 4468 4004 4538 participes
4042 4467 4153 4522 ﬁeri

2552 4567 2856 4635 contingat,
2909 4564 3081 4632 gratia
3124 4573 3179 4617 et
3217 4561 3498 4616 clementia
3551 4559 3762 4614 Domini
3807 4558 3975 4612 nostri
4027 4555 4153 4612 Jesu

2551 4655 2786 4721 Christi,
2842 4654 2932 4725 qui
2979 4668 3100 4708 cum
3147 4652 3328 4717 Patri,
3380 4652 3646 4719 simulque
3693 4657 3881 4703 sancto
3934 4647 4154 4716 Spiritui

2550 4747 2739 4816 gloria,
2785 4744 3095 4814 imperium,
3125 4751 3179 4796 et
3224 4741 3418 4808 honor,
3459 4753 3600 4795 nunc
3629 4749 3684 4794 et
3725 4754 3968 4808 semper,
4013 4749 4068 4792 et
4104 4737 4154 4790 in

2553 4839 2747 4892 smcula
2773 4837 3116 4891 sreculorum.
3148 4833 3340 4886 Amen.

2016 5021 2152 5088 DE
2222 5016 2928 5103 ΡίΕΝιΤΕΝΤῐΑ,

1449 5189 1528 5232 ετ
1559 5191 1638 5231 DE
1672 5189 1998 5232 moesrrru
2047 5190 2226 5234 REGIS
2268 5190 2543 5236 sanun.
2578 5189 2656 5230 ET
2700 5189 2780 5230 DE
2823 5189 2978 5232 JONA
3026 5188 3355 5231 PROPIIETA
3404 5169 3511 5248 (a).

1489 5413 1700 5453 HOMILIA
1743 5416 1798 5453 11.

924 5490 976 5544 1.
1009 5487 1229 5542 Vidistis
1273 5490 1533 5559 superiori
1592 5491 1862 5546 Dominica
1907 5507 2136 5564 pugnam
2177 5502 2232 5548 et
2278 5495 2443 5548 victo-

851 5581 1016 5645 riam,
1067 5594 1299 5651 pugnam
1363 5582 1574 5650 quidem
1646 5582 1879 5649 diaboli,
1933 5585 2211 5641 victoriam
2265 5595 2442 5641 autem

847 5672 1084 5727 Christi?
1106 5671 1334 5731 vidistis.
1365 5681 1419 5725 ut
1439 5675 1746 5742 pmniteutia
1772 5675 2096 5746 laudaretur,
2121 5687 2176 5733 et
2197 5677 2442 5732 diabolus

908 5807 991 5873 (η)Δ
1016 5805 1193 5873 mllata
1215 5821 1326 5873 cum
1351 5815 1456 5857 Mss.
1491 5816 1606 5873 Reg.
1650 5811 1790 5866 1828.
1819 5811 1956 5872 1829,
1994 5814 2134 5873 2032,
2158 5814 2301 5862 2121.
2330 5820 2441 5862 ltzec

847 5869 1042 5920 boutiiia
1065 5872 1262 5921 tertium
1280 5870 1437 5922 locum
1455 5869 1644 5922 obtinet
1667 5877 1714 5922 iu
1737 5874 1926 5923 Sauliu.

2564 5404 2767 5472 plagam
2800 5419 2904 5457 non
2935 5404 3128 5466 ferret,
3158 5400 3254 5455 sed
3288 5399 3576 5469 trepidaret
3617 5410 3670 5456 et
3711 5398 3992 5455 horreret?
4018 5397 4154 5464 Quid

2558 5496 2733 5562 times,
2763 5511 2796 5550 ο
2821 5495 3062 5560 diabole,
3095 5494 3222 5548 dum
3253 5493 3560 5562 paenitentia
3593 5491 3874 5548 laudatur?
3900 5490 4025 5558 quid
4055 5505 4152 5560 ge-

2553 5587 2691 5643 mis?
2721 5587 2846 5658 quid
2874 5587 3102 5642 horres?
3133 5584 3320 5638 Merito
3348 5599 3497 5652 sane,
3531 5586 3720 5654 inquit,
3759 5594 3915 5649 gemo
3939 5588 3995 5634 et
4018 5579 4154 5634 aﬂli-

2549 5697 2645 5749 gor
2668 5699 2680 5736 :
2706 5696 2894 5752 magna
2913 5681 3041 5735 milii
3065 5694 3189 5734 vasa
3217 5680 3388 5750 rapuit
3410 5677 3720 5750 ptenitcntia
3750 5674 3870 5726 ista.
3894 5672 4150 5739 Quanam

2550 5774 2638 5827 illa
2692 5773 2951 5828 tandem?
2998 5771 3360 5837 Meretricem,
3421 5770 3799 5840 publicanum,
3848 5763 4148 5836 latronem,

2547 5865 2936 5926 blasphemum.
2971 5863 3254 5920 Enimvero
3291 5862 3456 5918 multa
3499 5872 3622 5914 vasa
3671 5856 3787 5927 ejus
3828 5853 3947 5911 sine
3985 5855 4149 5910 dubio
