4446 6716
818 468 927 523 $285

815 581 989 651 σκεύη
1032 577 1196 634 αὑτοῦ
1244 578 1492 651 ἥρπασεν
1521 578 1555 646 ή
1609 575 1889 647 μετάνοια,
1943 576 2043 638 καὶ
2088 573 2255 642 αὐτὴν
2295 573 2393 643 τὴν

814 671 1112 741 ἀκρόπολιν
1145 668 1307 723 αὐτοῦ
1337 668 1575 732 καθεῖλε,
1604 670 1698 721 καὶ
1738 668 1963 737 καιρίαν
1994 667 2107 736 ἔχει
2133 665 2232 734 τὴν
2252 662 2394 733 πλη-

813 762 918 833 γὴν
947 762 1045 831 τῆς
1080 760 1386 830 μετανοίας.
1430 760 1589 833 Εἴσῃ,
1633 758 1905 827 ἀγαπητὴ
1939 759 2035 826 ἀφ’
2070 752 2145 811 ῶν
2170 757 2203 825 ή
2228 757 2394 825 πεῖρα

813 853 1005 925 πρώην
1039 851 1225 917 ἔδειξε.
1251 851 1408 913 Τίνος
1429 844 1525 902 οὖν
1551 851 1734 903 ἕνεκεν
1764 847 1985 917 ὁμιλίας
2012 844 2267 913 τοιαύτης
2293 842 2395 894 οὐκ

813 943 1181 1014 ἀπολαύομεν,
1210 944 1305 996 καὶ
1354 945 1442 1011 ἐφ’
1492 943 1730 1011 ἑκάστης
1791 941 1872 1001 εἰς
1927 938 2033 1008 τὴν
2095 933 2393 1004 ἐκκλησίαν

810 1034 1163 1104 ἀπαντῶμεν,
1186 1036 1288 1105 τὴν
1314 1034 1603 1105 μετάνοιαν
1631 1032 2038 1099 ἀσπαζόμενοις
2067 1030 2189 1083 Κᾶν
2215 1029 2390 1097 ἁμαρ-

808 1125 977 1188 τωλὸς
1008 1122 1099 1199 ᾖς,
1133 1126 1342 1179 εἴσελθε
1377 1127 1457 1187 εἰς
1488 1123 1584 1195 τὴν
1620 1121 1935 1192 ἐκκλησίαν,
1974 1122 2063 1173 ἵνα
2100 1122 2266 1191 λέγῃς
2294 1118 2395 1179 τὰς

809 1217 1087 1288 ἁμαρτίας
1115 1233 1208 1269 σου
1227 1234 1242 1247 ·
1267 1215 1370 1269 κάν
1397 1215 1606 1276 δίκαιος
1628 1209 1716 1286 ᾗς,
1742 1210 1971 1274 εἴσελθε,
2004 1211 2094 1264 ἴνα
2124 1210 2200 1279 μὴ
2233 1209 2395 1263 ἐκπέ-

812 1324 912 1376 σῃς
948 1307 1048 1375 τῆς
1075 1305 1420 1374 δικαιοσύνης
1439 1321 1454 1335 ·
1480 1302 1649 1377 λιμὴν
1674 1304 1785 1374 γὰρ
1812 1302 2149 1371 ἀμφοτέροις
2176 1301 2324 1354 ἐστὶν
2360 1300 2393 1369 ἡ

811 1396 1097 1465 ἐκκλησία.

888 1585 1244 1656 Ἀμαρτωλδς
1277 1580 1360 1648 εἷς
1395 1587 1468 1658 μὴ
1502 1585 1779 1655 ἀπογνῷς,
1826 1585 1944 1637 ἀλλ’
1983 1584 2192 1638 εἴσελθε
2226 1584 2389 1653 μετά-

810 1692 960 1726 νοιαν
990 1674 1452 1743 προϐαλλόμενος.
1503 1676 1821 1743 Ἦμαρτεςς
1868 1673 1991 1724 εἰπέ
2032 1672 2111 1741 τῷ
2139 1671 2258 1741 Θεῷ
2289 1673 2391 1735 ὅτι,

820 1764 1165 1833 Ἡμάρτηκα.
1210 1765 1368 1825 Ποῖος
1417 1764 1662 1832 κάματος
1709 1758 1897 1827 οὖτοςς
1948 1762 2075 1813 ποία
2112 1761 2393 1831 περίοδος;

805 1855 935 1907 ποία
958 1854 1164 1924 θλίψιςς
1183 1856 1310 1908 ποία
1331 1855 1662 1925 στενοχωρία
1682 1854 1838 1921 λόγον
1860 1855 2034 1907 εἰπεῖν
2052 1854 2155 1915 ὅτι,
2185 1854 2397 1921 ’Ἥμαρ-

805 1961 927 2010 τον;
963 1946 1055 2015 Μὴ
1087 1946 1199 2016 γὰρ
1229 1947 1316 2008 σὺ,
1368 1946 1566 1999 σαυτὸν
1605 1946 1702 1997 ἐὰν
1738 1944 1811 2015 μὴ
1847 1944 2009 2016 εἴπῃς
2044 1943 2391 2013 ἁμαρτωλὸν,

805 2036 905 2089 οὐκ
953 2036 1099 2105 ἔχεις
1140 2039 1450 2109 κατήγορον
1498 2038 1590 2090 τὸν
1640 2038 1919 2101 διάϐολον;
1974 2036 2243 2104 Πρόλαϐε,
2299 2035 2395 2087 καὶ

804 2125 1054 2195 ἀρπασον
1097 2127 1265 2180 αὑτοῦ
1314 2128 1374 2180 τὸ
1421 2127 1641 2197 ἀξίωμα
1662 2145 1675 2160 ·
1710 2128 1916 2180 ἐκείνου
1949 2126 2059 2196 γάρ
2088 2126 2302 2195 ἀξίωμα
2335 2124 2396 2177 τὸ

805 2220 1152 2288 κατηγορεῖν.
1175 2218 1240 2270 Τί
1259 2214 1354 2271 οὖν
1378 2221 1440 2272 ού
1471 2220 1879 2291 προλαμϐάνεις
1902 2219 2084 2283 αὑτὸν,
2103 2218 2198 2270 καὶ
2219 2217 2395 2284 λέγεις

806 2308 905 2377 τὴν
941 2309 1239 2379 ἁμαρτίαν,
1294 2311 1391 2363 καὶ
1427 2309 1733 2379 ἐξαλείφεις
1773 2310 1833 2361 τὸ
1886 2309 2209 2379 ἁμάρτημα,
2239 2308 2394 2371 εἰδὼς

805 2392 889 2448 δτι
920 2397 1163 2450 τοιοῦτον
1194 2401 1500 2469 κατήγορον
1528 2399 1673 2467 ἔχεις
1706 2402 1925 2468 σιγῆσαι
1952 2399 2026 2469 μὴ
2057 2399 2389 2468 δυνάμενον;

808 2488 1123 2557 ”Ημαρτες;
1157 2489 1363 2541 εἴσελθε
1393 2489 1474 2551 είς
1519 2490 1616 2558 τὴν
1655 2488 1971 2557 ἐκκλησίαν,
2008 2488 2127 2540 εἰπὲ
2154 2487 2230 2557 τῷ
2273 2488 2392 2557 Θεῴ

802 2577 905 2640 ὅτι,
930 2579 1236 2648 Ἰιμαρτον.
1268 2580 1433 2632 Οὐδέν
1455 2596 1512 2631 σε
1540 2579 1669 2632 ἄλλο
1697 2579 1935 2640 ἀπαιτῶ,
1964 2579 1996 2650 ἢ
2024 2579 2182 2632 τοῦτο
2206 2579 2389 2649 μόνον.

816 2668 881 2720 ἸΙ
910 2669 1017 2738 γὰρ
1050 2669 1170 2723 θεία
1213 2671 1405 2740 Γραφή
1458 2686 1626 2741 φησι·
1664 2668 1811 2738 Λέγε
1846 2670 1928 2723 σὺ
1984 2670 2091 2737 τὰς
2142 2671 2396 2740 ἀνομίας

805 2776 925 2814 σου
957 2759 1211 2827 πρῶτος,
1245 2763 1347 2814 ἵνα
1388 2760 1707 2829 δικαιωθῇς
1731 2780 1745 2793 ·
1786 2763 1908 2815 είπέ
1950 2763 2050 2834 τὴν
2098 2764 2394 2835 ἁμαρτίαν,

809 2849 897 2903 ἴνα
922 2849 1093 2921 λύσῃς
1119 2851 1217 2919 τὴν
1244 2853 1536 2922 ἁμαρτίαν.
1570 2854 1683 2905 υύκ
1718 2853 1863 2907 ἐστιν
1909 2857 1968 2907 ἐν
1998 2856 2172 2925 τούτῳ
2215 2858 2400 2927 κάμα-

805 2962 915 3008 τος,
963 2941 1085 2993 οὐδὲ
1138 2941 1387 3012 περίοδος
1426 2942 1620 3010 λόγων,
1653 2942 1776 2996 οὗτε
1815 2944 2116 3013 χρημάτων
2155 2947 2392 3018 δαπάνη,

802 3028 928 3082 οὗτε
959 3028 1089 3084 ἀλλο
1114 3047 1166 3083 τι
1195 3030 1439 3083 τοιοῦτον
1476 3031 1630 3084 οὐδέν
1650 3050 1664 3063 ·
1716 3031 1872 3099 λόγον
1905 3033 2059 3085 εἰπὸν
2094 3046 2145 3096 ι,
2190 3036 2395 3103 εύγνω-

809 3120 1041 3189 μόνησον
1068 3120 1160 3171 ἐπὶ
1191 3122 1257 3189 τῇ
1299 3120 1564 3190 ἁμαρτία,
1593 3119 1689 3172 καὶ
1730 3120 1851 3172 εἰπέ
1897 3121 2008 3184 ὃτι,
2042 3121 2391 3192 Ἥμάρτηκα.

808 3211 920 3262 Kal
943 3211 1109 3263 πόθεν
1132 3210 1310 3273 τοῦτο,
1352 3211 1540 3281 φησὶν,
1572 3212 1654 3263 ὅτι
1685 3211 1782 3263 ἐάν
1807 3211 1948 3263 εἴπω
1988 3210 2086 3281 τὴν
2118 3213 2394 3282 ἁμαρτίαν

808 3300 1044 3371 πρῶτος,
1084 3302 1199 3354 λύω
1227 3302 1327 3373 τήν
1356 3302 1665 3372 άμαρτίαν;
1706 3302 1856 3370 Ἐχω
1892 3303 1950 3354 ἐν
1978 3304 2043 3371 τῇ
2079 3302 2267 3372 Γραφῇ
2299 3302 2394 3355 καὶ

804 3393 894 3445 τὸν
927 3393 1153 3445 εἰπόντα
1200 3394 1295 3445 καὶ
1344 3392 1604 3457 λύσαντα,
1657 3392 1874 3445 καὶτὸν
1922 3393 1997 3464 μὴ
2050 3392 2272 3446 είπόντα
2301 3393 2393 3446 καὶ

805 3484 1223 3553 κατακριθέντα.
1277 3485 1418 3537 Κάῖν
1465 3485 1755 3538 ἀπέκτεινε
1806 3485 1897 3537 τὴν
1949 3485 2179 3553 ἀδελφὸν
2227 3485 2393 3539 αὐτοῦ

808 3574 976 3627 Ἀϐελ
1018 3574 1096 3644 τῷ
1131 3574 1314 3644 φθόνῳ
1362 3576 1746 3645 κατεχόμενος,
1794 3576 1870 3638 ὡς
1902 3576 1980 3645 τῷ
2023 3576 2203 3646 φθόνῳ
2236 3577 2396 3644 φόνον

804 3665 1244 3735 ἐπακολουθῆσαι
1266 3684 1279 3696 ·
1319 3668 1415 3719 καὶ
1442 3666 1552 3737 γὰρ
1577 3666 1757 3717 λαϐὼν
1800 3666 1963 3718 αὐτὸν
2000 3667 2080 3729 εἰς
2112 3667 2173 3719 τὸ
2212 3666 2395 3719 πεδίον

805 3756 1006 3809 ἀνεῖλε.
1041 3757 1151 3809 Kal
1190 3757 1241 3809 τί
1283 3774 1416 3826 φησι
1445 3757 1583 3827 πρὸς
1616 3756 1778 3809 αὑτὸν
1809 3758 1837 3809 6
1864 3756 2029 3821 Θεός;
2062 3756 2187 3809 Ποῦ
2222 3759 2394 3811 Ἅϐελ

804 3850 839 3900 ό
862 3847 1127 3915 ἀδελφός
1163 3861 1316 3909 σου;
1364 3847 1424 3899 ’0
1456 3846 1822 3917 ἐπιστάμενος
1863 3845 1932 3899 τά
1974 3847 2155 3900 πάντα
2189 3849 2389 3918 ἐρωτᾷ,

800 3941 902 3993 οὐκ
951 3940 1186 4006 ἀγνοῶν,
1245 3939 1360 3993 ἀλλ’
1391 3939 1471 4002 εἰς
1528 3939 1817 4008 μετάνοιαν
1844 3938 2021 3991 ἕλκων
2062 3939 2155 3993 τὸν
2203 3941 2394 4008 φονεύε-

805 4045 992 4082 σαντα.
1016 4031 1140 4081 Ὅτι
1154 4028 1264 4099 γὰρ
1286 4029 1387 4080 ούκ
1404 4028 1617 4095 ἀγνοῶν
1637 4025 1848 4098 ἠρώτα,
1866 4027 2052 4093 ἔδειξε·
2074 4029 2197 4081 Ποῦ
2212 4031 2279 4083 Ἀ
2289 4032 2392 4083 68.1

803 4122 837 4172 ό
864 4119 1128 4188 ἀδελφός
1156 4134 1311 4181 σου;
1366 4116 1518 4190 [288]
1563 4118 1621 4169 '0
1650 4118 1705 4170 6t
1743 4114 1916 4179 εἶπεν,
1944 4120 2065 4171 Οὐκ
2103 4117 2238 4173 οἶδα
2261 4137 2274 4149 ·
2303 4121 2390 4189 μὴ

800 4209 1009 4277 φύλαξ
1042 4208 1149 4262 τοῦ
1176 4208 1447 4276 ἀδελφοῦ
1482 4224 1605 4277 μου
1638 4207 1752 4275 εἰμὶ
1793 4205 1946 4274 éru'b;
1983 4208 2183 4273 Ἔστω,
2214 4210 2315 4261 οὐκ
2343 4205 2393 4261 εἶ

802 4300 1011 4370 φύλαξ·
1044 4300 1133 4353 διὰ
1159 4300 1211 4353 τί
1239 4300 1332 4353 καὶ
1355 4299 1685 4370 άναιρετής;
1712 4297 1813 4350 οὑκ
1848 4296 2145 4365 ἐφύλαττες
2169 4315 2181 4327 ·
2214 4298 2301 4352 διὰ
2338 4300 2391 4352 τί

803 4393 900 4444 καὶ
938 4392 1294 4456 ἀπέκτεινες;
1331 4390 1524 4458 Ὅμως
1557 4388 1846 4459 ὁμολογεῖς
1875 4385 2081 4453 ταῦτ-ας
2130 4390 2308 4452 Αἴτιος
2344 4386 2394 4443 εί

803 4484 1025 4554 καὶτῆς
1063 4483 1332 4552 φυλακῆς.
1364 4482 1430 4534 Τί
1462 4477 1555 4535 οὖν
1588 4482 1619 4534 6
1658 4480 1795 4542 Θεὸς
1824 4478 1962 4551 πρὸς
1988 4480 2182 4545 αὐτόνς
2220 4483 2390 4550 Φωνὴ

802 4573 1052 4639 αἵματος
1080 4570 1187 4623 τοῦ
1220 4568 1490 4637 ἀδελφοῦ
1522 4584 1639 4623 σου
1679 4566 1805 4636 ,βοᾷ
1855 4568 2009 4637 πρὸς
2053 4573 2130 4638 μὲ
2173 4572 2240 4623 ἐκ
2284 4571 2391 4638 τῆς

800 4662 933 4732 τῆς.
979 4662 1244 4728 ’Ἡλεγξεν
1280 4660 1486 4723 εὐθέως
1523 4660 1617 4713 καί
1646 4660 1741 4731 τὴν
1789 4659 2063 4731 τιμωρίαν
2112 4660 2263 4731 αὐτῷ
2294 4664 2390 4714 ἐπ-

801 4757 1032 4825 ήγαγεν,
1055 4755 1118 4806 ού
1143 4753 1397 4807 τοσοῦτον
1423 4753 1511 4806 διὰ
1534 4751 1628 4805 τὸν
1653 4753 1832 4821 φόνον,
1850 4753 1976 4805 ὅσον
2009 4752 2099 4805 διά
2116 4753 2215 4822 τὴν
2243 4755 2392 4807 ἀναί-

799 4845 950 4898 δειαν
975 4861 988 4875 ·
1026 4846 1088 4896 ού
1123 4842 1234 4911 γὰρ
1283 4841 1536 4894 τοσοῦτον
1575 4845 1725 4910 μισεῖ
1759 4844 1788 4895 6
1833 4842 1965 4905 Θεὸς
2010 4844 2103 4896 τὸν
2142 4844 2396 4913 ἁμαρτά-

801 4952 963 4987 νοντα
992 4934 1041 4996 δ,
1070 4934 1195 4986 ὅσον
1221 4932 1312 4985 τὸν
1345 4931 1826 5000 ἀναισχυντοῦντα.
1872 4934 2091 5004 Ἀμέλει
2127 4935 2219 4989 τὸν
2254 4936 2394 4989 Κάῐν

800 5026 882 5087 είς
925 5024 1218 5093 μετάνοιαν
1251 5022 1475 5075 ἐλθόντα
1507 5021 1568 5075 ού
1603 5021 1841 5091 δέχεται,
1887 5026 2074 5097 ἐπειδὴ
2126 5026 2201 5097 μὴ
2238 5027 2393 5099 πρῶ-

800 5134 893 5178 τος
942 5111 1063 5167 εἷπε
1114 5115 1211 5185 τὴν
1251 5114 1548 5187 ἁμαρτίαν.
1603 5114 1669 5166 Τί
1712 5115 1823 5186 γάρ
1868 5134 2030 5184 φησι;
2080 5120 2307 5180 Μείζὶυν
2351 5120 2389 5188 ἡ

800 5208 1056 5277 ἁμαρτία
1094 5225 1217 5277 μου
1268 5207 1375 5260 τοῦ
1408 5206 1705 5275 ἀφεθῆναί
1740 5222 1856 5276 με·
1909 5209 2029 5262 ἀντὶ
2058 5210 2175 5273 τοῦ,
2228 5213 2392 5279 Μέγα

799 5301 1082 5371 ἥμαρτον·
1114 5300 1216 5353 οὐκ
1260 5300 1377 5370 εἰμὶ
1409 5300 1556 5364 ἄξιος
1584 5303 1764 5373 ζῆσαι.
1805 5304 1870 5357 Τί
1905 5300 2000 5356 οὖν
2048 5304 2185 5373 πρὸς
2227 5305 2392 5357 αὑτὸν

801 5391 830 5441 6
859 5389 1025 5455 056;;
1057 5389 1292 5443 Στένων
1322 5388 1420 5443 καί
1453 5390 1680 5459 τρέμων
1710 5394 1825 5461 ἔσῃ
1850 5393 1947 5446 ἐπί
1974 5392 2087 5459 τῆς
2118 5390 2231 5460 γῆς
2250 5409 2263 5421 ·
2295 5392 2391 5444 καὶ

800 5480 1073 5549 τιμωρίαν
1105 5480 1255 5551 αύτῷ
1294 5482 1551 5557 ’,ἀπέφηνε
1592 5482 1773 5551 δεινὴν
1821 5485 1913 5537 καὶ
1963 5482 2228 5554 χαλεπήν.
2276 5483 2391 5535 Οὐκ

800 5572 1010 5644 ἀναιρῶ
1052 5589 1132 5639 σε,
1175 5575 1367 5643 φησὶν,
1404 5575 1491 5629 ἵνα
1544 5575 1620 5647 μὴ
1670 5576 1808 5649 λήθῃ
1841 5575 2121 5648 παραδοθῃ
2174 5577 2208 5646 ἡ
2260 5575 2388 5646 ἀλή-

793 5804 798 5811 -
862 5775 887 5846 ξ
910 5775 1527 5846 ξῘ-(ξμιηηεροοιῖοτι.ιηηῐίιιε
1548 5792 1691 5842 quam
1716 5779 1800 5829 alii
1825 5782 1879 5828 el
1898 5777 2040 5840 editi,
2063 5778 2205 5843 λόγον
2218 5779 2380 5829 εἰπών.

862 5836 890 5877 δ
911 5837 1008 5887 Alii
1032 5840 1113 5886 τὸν
1137 5840 1497 5900 ἁμαρτήσαντα.

1556 465 1611 519 S.
1667 463 1953 520 JOANNIS
1998 459 2489 518 CHRYSOSTOMI
2520 459 2839 516 ARCIIIEP.
2879 458 3421 518 CONSTANTINOP.

3967 462 4069 518 286

2497 574 2634 637 θεια,
2667 574 2804 627 ἀλλὰ
2839 576 2980 629 ποιῶ
3024 593 3083 629 σε
3115 574 3276 645 νόμον
3316 571 3423 625 ὑπὸ
3454 570 3671 623 πάντων
3698 572 4074 642 ἀναγινωσκόο

2498 684 2677 738 μενον,
2724 666 2813 717 ἴνα
2865 668 2898 735 ἡ
2948 665 3206 737 συμφορά
3240 664 3422 735 μήτηρ
3456 659 3773 729 φιλοσοφίας
3818 665 4070 736 γένηται.

2496 757 2602 811 Kal
2633 757 2847 827 περιῄει
2891 758 2920 808 6
2968 759 3129 821 Κάιν,
3166 758 3328 828 νόμος
3364 752 3624 825 ἔμψυχος,
3673 753 3840 823 στήλη
3888 773 4073 809 κινου-

2498 847 2657 916 μένη,
2689 841 2968 907 σιωπῶσα,
2994 843 3089 895 καὶ
3116 844 3413 911 σάλπιγγος
3438 838 3821 910 λαμπροτέραν
3847 840 4077 907 ἀφιεῖσα

2493 935 2593 1005 τὴν
2622 937 2823 1004 φωνήν.
2856 934 2945 1001 Μή
2985 948 3072 993 τις
3102 934 3325 1005 ποιήσῃ,
3352 932 3508 1004 φησὶ,
3538 928 3761 983 τοιαῦτα
3795 938 3844 991 ε,
3882 929 3970 981 ἵνα
3996 931 4074 1000 μη

2495 1025 2645 1097 πάθῃ
2690 1024 2934 1079 τοιαῦτα.
2972 1022 3172 1076 Ἐλαϐε
3204 1024 3305 1091 τὴν
3341 1023 3610 1094 τιμωρίαν
3650 1019 3737 1073 διά
3776 1019 3876 1088 τὴν
3916 1018 4075 1070 ἀναι-

2494 1114 2770 1182 σχυντίαν,
2802 1115 2895 1168 καὶ
2924 1112 2999 1184 μὴ
3043 1110 3303 1181 εἰρηκὼς,
3349 1112 3625 1184 ἐλεγχθεὶς
3655 1112 3731 1174 δὲ,
3773 1107 4073 1177 κατεκρίθη

2492 1210 2580 1263 διὰ
2612 1209 2710 1279 τήν
2758 1209 3052 1279 ἁμαρτίαν.
3101 1208 3165 1259 Εἰ
3208 1205 3318 1274 γὰρ
3368 1207 3545 1277 ἐαυτῷ
3577 1205 3914 1278 ὡμολόγησε,
3966 1200 4075 1254 κᾶν

2494 1299 2783 1367 ἐξαλείψας
2812 1295 2881 1370 ἦν
2911 1299 3010 1369 τὴν
3036 1296 3312 1367 ἁμαρτίαν
3342 1296 3581 1365 πρῶτος.

2565 1501 2631 1571 β’.
2667 1502 2786 1555 Ἵνα
2807 1501 2861 1553 δὲ
2892 1500 3092 1570 μάθῃς,
3116 1500 3197 1551 ὃτι
3222 1495 3391 1550 ταῦτα
3414 1492 3603 1547 τοῧτον
3619 1495 3836 1565 ἔχειτὸν
3851 1494 4075 1565 τρόπον,

2498 1594 2635 1662 μάθε
2672 1594 2788 1654 πῶς
2818 1592 2973 1653 ἄλλος
3011 1609 3095 1653 τις
3129 1589 3343 1659 πρῶτος
3373 1583 3543 1638 είπὼν
3572 1586 3730 1638 ἔλυσε
3768 1587 3869 1655 τὴν
3898 1588 4080 1655 ἀμαρ-

2495 1686 2633 1738 τίαν.
2670 1685 2950 1753 Ἐλθωμεν
2977 1683 3068 1736 ἐπὶ
3094 1681 3186 1734 τὸν
3215 1678 3396 1744 Δαυῒδ,
3426 1678 3518 1730 τὸν
3546 1679 3832 1747 προφήτην
3856 1679 3952 1731 καὶ
3984 1678 4081 1746 βα·

2500 1777 2688 1830 σιλέα·
2735 1777 2931 1846 μᾶλλον
2971 1776 3026 1828 δέ
3056 1774 3216 1827 αὐτὸν
3257 1771 3426 1841 ἡδέως
3469 1769 3577 1822 ἀπὸ
3606 1768 3707 1836 τῆς
3740 1768 4080 1837 προφητείας

2498 1868 2681 1920 καλῶ·
2726 1870 2759 1938 ή
2800 1869 2898 1937 μὲν
2942 1867 3051 1937 γὰρ
3096 1863 3343 1935 βασιλεία
3385 1864 3464 1923 είς
3508 1858 3899 1926 Παλαιστίνην,
3938 1860 3972 1926 ἡ
4019 1858 4078 1909 δὲ

2496 1958 2804 2027 προφητεία
2833 1959 2912 2019 εἰς
2940 1958 3009 2010 τὰ
3036 1957 3249 2026 πέρατα
3273 1954 3372 2023 τῆς
3399 1950 3722 2020 οἰκουμένης
3741 1964 3755 1978 ·
3784 1948 3880 2000 καὶ
3902 1948 3934 2015 ή
3978 1948 4078 2014 μὲν

2498 2044 2741 2111 βασιλεία
2774 2044 2953 2114 μικρῷ
2984 2043 3255 2113 κατελύθη
3283 2040 3362 2112 τῷ
3398 2040 3594 2111 χρόνῳ,
3622 2040 3656 2107 ἡ
3684 2037 3739 2089 δὲ
3770 2035 4078 2105 προφητεία

2498 2136 2744 2189 ἀθάνατα
2793 2136 2947 2206 φέρει
2996 2133 3065 2186 τὰ
3115 2134 3359 2203 ῥήματα.
3412 2127 3779 2198 Αἱρετώτερόν
3826 2129 3940 2180 ἐστι
3986 2126 4079 2177 τὸν

2496 2229 2645 2298 ἥλιον
2677 2228 2989 2296 σϐεσθῆναι,
3022 2226 3054 2295 ἢ
3086 2224 3153 2277 τὰ
3181 2226 3398 2294 ῥήματα
3424 2221 3516 2274 τοῦ
3545 2219 3706 2272 Δαυῒδ
3730 2218 3871 2289 λήθῃ
3899 2233 4080 2277 παρα-

2494 2319 2733 2388 δοθῆναι.
2790 2310 2961 2378 Οὗτος
3009 2314 3299 2384 περιέπεσε
3346 2310 3561 2381 μοιχείᾳ
3604 2310 3698 2362 καὶ
3734 2308 3911 2376 φόνῳ·
3954 2302 4079 2357 Εἶδε

2494 2406 2621 2474 γὰρ,
2656 2404 2809 2474 φησὶ,
2851 2405 3085 2470 γυναῖκα
3132 2400 3302 2467 καλὴν
3348 2398 3666 2466 λουομένην,
3719 2397 3814 2449 καὶ
3860 2393 4077 2463 ἠράσθη

2494 2494 2661 2562 αὐτῆς
2681 2511 2693 2524 ·
2725 2489 2843 2544 εἶτα
2868 2492 2936 2543 τὰ
2961 2491 3187 2555 δόξαντα
3220 2489 3370 2558 αύτῴ
3398 2491 3476 2549 είς
3502 2487 3660 2556 ἔργον
3684 2484 3943 2555 ἐξήγαγε.
3968 2484 4082 2537 Καὶ

2491 2580 2559 2653 ἦν
2581 2587 2607 2635 ὁ
2635 2585 2918 2651 προφήτης
2948 2585 3003 2634 tv
3036 2582 3273 2651 μοιχεία,
3297 2583 3326 2633 ό
3354 2578 3702 2650 μαργαρίτης
3724 2579 3780 2629 ἐν
3808 2574 4077 2645 βορϐόρῳ.

2507 2672 2645 2724 Ἀλλ’
2668 2670 2820 2723 οθπω
2848 2671 2965 2739 ⁴ᾔδει
2990 2671 3073 2722 ὅτι
3090 2671 3338 2740 ἥμαρτεν
3356 2684 3369 2699 ·
3402 2667 3575 2729 οὕτως
3601 2662 3668 2736 ἦν
3690 2665 4081 2733 κεκαρωμένος

2495 2761 2574 2831 τῷ
2604 2761 2788 2815 πάθει.
2837 2760 2944 2813 Τοῦ
2974 2760 3084 2830 γὰρ
3111 2760 3328 2829 ἡνιόχου
3366 2758 3653 2828 μεθύοντος
3690 2757 3785 2809 καὶ
3828 2755 3889 2807 τὸ
3924 2755 4080 2824 ἀρμα

2497 2856 2749 2917 ἀτάκτως
2788 2852 3014 2923 φέρεται
3034 2869 3048 2881 ·
3088 2852 3225 2922 ὅπερ
3252 2852 3309 2903 δὲ
3337 2850 3547 2919 ἡνίοχος
3587 2848 3683 2901 καὶ
3711 2848 3884 2916 ἅρμα,
3921 2844 4082 2897 τοῦτο

2496 2944 2643 3013 ψυχὴ
2669 2945 2763 2996 καὶ
2794 2943 2984 3012 σῶμα·
3020 2942 3116 2994 ἐὰν
3160 2944 3194 3011 ἡ
3221 2940 3367 3011 ψυχὴ
3402 2940 3667 3008 σκοτωθῇ,
3693 2938 3788 2990 καὶ
3823 2936 3885 2988 τὸ
3919 2934 4082 3004 σῶμα

2496 3036 2553 3086 tv
2590 3033 2836 3105 βορϐόρῳ
2857 3032 3101 3084 κυλίεται
3122 3049 3134 3062 ·
3157 3032 3264 3093 ἐως
3288 3031 3399 3100 γὰρ
3421 3031 3650 3100 ἕστηκεν
3669 3030 3698 3081 ό
3721 3027 3954 3097 ἡνίοχος,
3985 3026 4081 3077 καὶ

2492 3124 2553 3177 τὸ
2588 3126 2737 3194 ἆρμα
2770 3123 2951 3186 καλῶς
2987 3122 3302 3174 ἐλαύνεται·
3333 3122 3459 3173 ὅταν
3494 3121 3673 3189 μέντοι
3705 3117 3866 3180 αὐτὸς
3889 3118 4078 3186 ἀτονῇ,

2496 3218 2589 3269 καὶ
2616 3217 2679 3267 οὐ
2722 3214 2943 3268 δύναται
2991 3211 3332 3284 περικρατὴς
3360 3210 3615 3278 γενέσθαι
3634 3209 3740 3262 τῶν
3766 3209 3954 3278 ἡνιῶν,
3987 3208 4079 3261 καὶ

2494 3305 2628 3358 αὐτὸ
2647 3305 2707 3357 το
2729 3304 2881 3374 ἀρμα
2908 3306 2965 3357 ἐν
2987 3302 3308 3373 δεινοτέροις
3329 3302 3544 3370 ὁρᾶται.
3570 3297 3729 3352 Οὕτω
3751 3297 3845 3350 καὶ
3868 3298 3960 3350 ἐπὶ
3984 3292 4080 3348 τοῦ

2494 3394 2783 3465 ἀνθρώπου
2804 3410 2817 3424 ·
2851 3394 2956 3457 ἕως
2989 3393 3055 3447 ἂν
3100 3393 3201 3463 μὲν
3234 3393 3378 3461 νήφῃ
3420 3392 3452 3461 ή
3496 3388 3645 3461 ψυχὴ
3680 3389 3774 3442 καὶ
3806 3389 4078 3459 γρηγορῇ.

2497 3488 2592 3538 καὶ
2626 3485 2757 3538 αὐτὸ
2786 3485 2845 3537 τὸ
2874 3484 3032 3554 σῶμα
3062 3486 3119 3536 ἐν
3154 3482 3348 3551 ἁγνείᾳ
3379 3481 3560 3533 ἐστίν·
3602 3478 3742 3533 ἐπὰν
3768 3477 3823 3530 δὲ
3859 3479 3892 3546 ή
3933 3477 4079 3546 ψυχὴ

2499 3574 2764 3644 σκοτωθῇ,
2811 3574 2906 3626 καὶ
2954 3573 3085 3627 αὑτὸ
3116 3573 3177 3624 τὸ
3210 3571 3369 3640 σῶμα
3417 3570 3475 3622 ἐν
3507 3567 3754 3639 βορϐόρῳ
3780 3567 3876 3619 καὶ
3917 3566 4079 3637 ἡδονῇ

2498 3666 2762 3718 κυλίεται.
2811 3665 2876 3716 Τί
2922 3660 3015 3717 οὖν
3062 3665 3091 3716 6
3132 3662 3331 3727 Δαυῖδς
3397 3660 3779 3731 Ἐμοίχευσεν·
3825 3657 3940 3711 ἀλλ’
3980 3657 4081 3710 οὐκ

2494 3757 2632 3828 ᾔδει,
2682 3755 2806 3809 οὗτε
2843 3755 3104 3826 ἠλέγχετο
3130 3754 3236 3807 ύπό
3266 3770 3432 3816 τινος,
3462 3750 3555 3803 καὶ
3595 3748 3753 3802 τοῦτο
3787 3750 3847 3800 ἐν
3875 3748 4080 3817 ἐσχάτῃ

2495 3846 2677 3916 πολιᾷ,
2709 3846 2797 3898 ἴνα
2830 3844 3005 3916 μάθῃς
3031 3846 3132 3907 ὅτι,
3177 3844 3270 3897 ἐὰν
3304 3838 3371 3913 ᾖς
3400 3840 3664 3913 ῥᾴθυμος.
3693 3838 3817 3891 οὔτε
3844 3838 3879 3907 ἡ
3918 3837 4080 3890 πολιά

2496 3957 2556 3992 σε
2599 3937 2819 4006 ὠφελεῖ,
2864 3936 2987 3989 οὔτε
3027 3938 3210 3998 πάλιν,
3241 3936 3337 3989 ἐὰν
3380 3933 3669 3997 σπουδαῖος
3695 3928 3783 4002 ᾖς,
3813 3931 3846 3999 ἡ
3888 3930 4079 3997 νεότης

2495 4029 2649 4101 [289]
2683 4026 3040 4099 παραϐλάψαι
3072 4043 3129 4078 σε
3162 4025 3404 4079 δύναται.
3434 4023 3510 4076 Οὐ
3541 4022 3650 4092 γὰρ
3672 4021 3773 4089 τῆς
3805 4019 4027 4090 ἡλικίας
4053 4020 4081 4070 6

2491 4121 2715 4193 τρόπος,
2744 4118 2880 4172 ἀλλά
2909 4119 3009 4188 τῆς
3032 4116 3258 4187 γνώμης
3282 4115 3345 4168 τδ
3369 4112 3702 4183 κατόρθωμα
3721 4128 3736 4142 ·
3769 4111 3955 4178 ἐπειδὴ
3985 4109 4081 4163 καὶ

2492 4210 2692 4281 Δανιὴλ
2716 4208 2925 4262 δώδεκα
2952 4206 3091 4260 ἐτῶν
3121 4201 3211 4277 ἦν,
3241 4205 3336 4257 καὶ
3366 4205 3580 4275 ἔκρινεν
3601 4217 3615 4232 ·
3660 4202 3711 4253 οἰ
3740 4201 3797 4253 δέ
3838 4199 4078 4269 πρεσϐύ-

2493 4319 2680 4374 τεροι,
2734 4300 2956 4353 παλαιοὶ
3010 4299 3068 4351 ἐν
3134 4297 3390 4367 ἡμέραις,
3453 4294 3547 4347 καὶ
3598 4293 3783 4364 δρᾶμα
3834 4290 4079 4362 μοιχείας

2493 4392 2757 4465 ἔπραξαν,
2793 4391 2888 4443 καὶ
2914 4387 3039 4442 οὒτε
3069 4388 3311 4450 ἐκείνους
3346 4387 3379 4457 ἡ
3412 4384 3573 4439 πολιὰ
3613 4383 3915 4455 ὠφέλησεν,
3952 4383 4078 4436 οὔτε

2492 4484 2683 4538 τοῦτον
2719 4484 2753 4552 ἠ
2778 4482 2968 4553 νεότης
3015 4478 3351 4552 πσρέϐλαψε.
3383 4478 3494 4532 Kal
3527 4478 3614 4530 ἴνα
3646 4475 3823 4548 μάθῃς
3849 4476 3931 4527 ὅτι
3977 4475 4078 4526 οὐκ

2494 4578 2551 4629 ἐν
2584 4579 2650 4647 τῇ
2698 4574 2907 4645 ἡλικίᾳ,
2956 4573 3068 4626 ἀλλ’
3101 4575 3157 4624 ἐν
3202 4574 3268 4642 τῇ
3297 4568 3490 4639 γνώμῃ
3534 4569 3604 4620 τά
3644 4568 3945 4640 πράγματα
3974 4565 4077 4634 τῆς

2496 4665 2853 4737 σωφροσύνης
2882 4663 3145 4735 κρίνεται,
3170 4664 3199 4714 6
3240 4660 3402 4715 Δαυῒδ
3434 4662 3491 4712 ἐν
3519 4660 3656 4728 αὐτῇ
3693 4662 3759 4729 τῇ
3787 4658 3949 4727 πολιᾷ
3977 4656 4075 4720 ῶν,

2493 4762 2588 4813 καὶ
2610 4759 2733 4812 τότε
2758 4758 2840 4820 είς
2868 4755 3113 4827 μοιχείαν
3140 4752 3416 4824 ἐμπεσὼν,
3452 4752 3610 4820 φόνον
3639 4752 3951 4822 εἰργάσατο,
3980 4748 4077 4802 καὶ

2492 4850 2727 4904 διέκειτο
2750 4848 2924 4911 οὓτως
2954 4846 3093 4899 ὥστε
3128 4846 3203 4915 μὴ
3253 4845 3451 4897 εἰδέναι
3476 4844 3635 4896 αὐτὸν
3674 4845 3755 4897 ὅτι
3785 4845 4033 4915 ἥμαρτεν
4058 4858 4073 4874 ·

2493 4941 2521 4993 ό
2544 4941 2651 5012 γὰρ
2689 4941 2904 5011 ἡνίοχος
2947 4936 3071 5000 νοῦς
3099 4931 3167 5007 ἦν
3211 4935 3496 5006 μεθυσθεὶς
3532 4938 3638 4990 ἀπὸ
3677 4938 3971 5009 ἀκρασίας.
4009 4934 4075 4987 Τί

2494 5028 2585 5085 οὖν
2603 5035 2630 5085 6
2649 5033 2815 5098 Θεός;
2846 5032 3061 5101 Πέμπει
3085 5028 3221 5099 πρὸς
3245 5028 3407 5080 αὐτὸν
3430 5028 3615 5081 Νάθαν
3640 5030 3729 5083 τὸν
3751 5029 4041 5101 προφήτην
4060 5044 4073 5057 ·

2495 5124 2524 5175 6
2557 5128 2837 5196 προφήτης
2867 5124 3088 5195 ἔρχεται
3124 5119 3258 5191 πρὸς
3289 5118 3379 5171 τδν
3423 5125 3739 5190 προφήτην·
3783 5119 3926 5173 οὓτω
3963 5116 4071 5183 γὰρ

2496 5212 2590 5264 καὶ
2624 5214 2714 5263 ἐπὶ
2744 5212 2854 5263 τῶν
2901 5209 3102 5281 ἰατρῶν
3133 5210 3341 5277 γίνεται
3360 5221 3375 5236 ’
3405 5208 3532 5261 ὅταν
3563 5210 3742 5280 ἰατρὸς
3775 5207 4073 5276 ἀσθενήσῃ,

2494 5303 2655 5356 ἄλλου
2686 5302 2868 5373 ἰατροῦ
2898 5305 2956 5355 ἐν
2984 5301 3143 5373 χρείᾳ
3170 5299 3400 5368 γίνεται.
3434 5300 3506 5353 Τὸ
3530 5302 3661 5354 αὐτὸ
3689 5301 3783 5355 καὶ
3806 5296 4039 5352 ἐνταῦθα
4059 5312 4073 5324 ·

2494 5395 2779 5465 προφήτης
2812 5390 2882 5465 ἦν
2914 5396 2943 5447 6
2987 5390 3346 5463 ἡμαρτηκὼς,
3390 5393 3483 5445 καὶ⁸
3525 5394 3808 5465 προφήτης
3837 5384 3906 5458 ἦν
3949 5390 3978 5440 ὁ
4005 5387 4075 5438 τά

2494 5486 2760 5556 φάρμακα
2805 5484 3278 5555 ἐπικομιζόμενος.
3318 5481 3574 5554 Ἔρχεται
3615 5481 3709 5537 οὖν
3740 5480 3875 5552 πρὸς
3910 5478 4073 5532 αὐτὸν

2490 5580 2519 5631 6
2546 5578 2871 5636 Νάθαννκαὶ
2895 5578 2997 5630 οὐκ
3025 5573 3188 5636 εὐθὺς
3210 5574 3317 5628 ἀπὸ
3339 5575 3517 5645 θυρῶν
3550 5576 3763 5645 ἐλέγχει
3789 5569 3952 5624 αὐτὸν
3976 5570 4071 5623 καὶ

2490 5841 2523 5891 b
2552 5780 2693 5891 δόξἰῷ
2720 5795 2839 5833 mss.
2887 5780 3011 5830 Edd.
3060 5782 3225 5833 ταῦτα.
3252 5782 3407 5835 Paulo
3430 5788 3541 5848 post
3582 5781 3672 5830 κᾶν
3702 5778 3848 5828 ἀθίᾝῑ
3876 5779 3925 5827 in
3954 5778 4041 5841 qui

2528 5859 2582 5891 US

2528 5859 2582 5892 US
