4408 6682
290 430 397 487 238

291 548 475 618 rapult
514 547 847 620 pmnitentia,
888 551 943 598 et
990 542 1156 609 Ipsam
1191 529 1307 600 ejus
1351 541 1530 620 arcem
1560 528 1782 620 evertit,
1827 540 1890 581 ac

290 640 441 695 letali
489 618 709 696 vulnere
748 647 833 694 est
864 651 893 689 a
938 623 1252 706 ptenitentia
1295 618 1572 676 confossus
1602 637 1617 674 :
1645 618 1785 689 quod
1824 632 1891 671 ex

292 727 362 779 iis
409 726 694 797 intelliges,
739 714 1108 778 dilectissime,
1159 720 1279 776 qua:
1317 720 1485 774 nuper
1526 705 1892 774 experimento

288 796 764 888 compertarsunt.
795 810 905 866 Cur
944 803 1105 873 igitur
1146 796 1409 867 ejusmodi
1450 808 1742 888 congressu
1786 804 1890 843 non

290 884 551 974 fruimur,
578 920 679 961 nec
694 898 917 970 singulis
936 891 1124 948 diebus
1148 888 1216 944 ad
1241 888 1523 944 ecclesiam
1545 884 1889 945 ventitamus,

291 1008 357 1054 ut
405 997 773 1069 penitentiam
811 980 1267 1053 complectamur?
1295 979 1419 1035 Sive
1461 978 1605 1033 enim
1647 979 1893 1072 peccator

294 1065 702 1159 sim-ingredere
731 1083 783 1135 in
807 1074 1109 1139 ecclesiam,
1132 1082 1193 1128 ut
1221 1079 1434 1142 peccata
1459 1077 1550 1159 tua
1563 1065 1746 1119 dicas:
1775 1065 1893 1117 sive

294 1156 503 1250 justus-
519 1179 613 1240 sis,
656 1167 965 1244 ingredere,
996 1181 1065 1220 ne
1090 1180 1119 1219 a
1157 1163 1361 1234 justitia
1400 1156 1663 1215 excidas:
1707 1162 1893 1226 portus

299 1274 449 1336 enim
480 1276 563 1327 est
588 1262 800 1333 utrique
829 1257 1074 1315 ecclesia.

382 1481 565 1536 Prima
601 1475 909 1548 paniteutia:
934 1474 1015 1529 via
1053 1470 1301 1544 confessio
1350 1464 1561 1537 peccati.
1594 1457 1899 1527 Exemplum

306 1571 587 1642 peccatoris
610 1577 870 1639 peccatum
894 1583 994 1620 non
1037 1560 1252 1632 confessi
1273 1570 1319 1613 et
1349 1556 1533 1627 puniti.
1556 1582 1627 1592 —-
1646 1551 1900 1606 Pcecator

304 1677 367 1717 es
386 1662 412 1714 ?
439 1660 516 1714 Ne
546 1659 878 1728 despondeas
904 1656 1139 1711 animum
1157 1694 1172 1717 ,
1206 1650 1301 1706 sed
1341 1646 1624 1715 ingredere
1642 1684 1656 1707 ,
1681 1656 1744 1696 ac
1780 1655 1898 1711 po:-

308 1753 590 1807 nitentiam
612 1748 862 1805 obtende.
895 1745 1170 1802 Peccasti'!
1202 1741 1294 1794 Dic
1317 1738 1465 1792 Deo:
1500 1732 1744 1790 Peccavi.
1769 1730 1898 1798 Quis

309 1845 399 1898 hic
427 1843 580 1897 labor
605 1842 723 1897 est?
750 1840 868 1910 quis
895 1832 1188 1893 circuitus?
1210 1845 1331 1900 qum
1359 1826 1632 1897 fatigatio?
1657 1840 1773 1894 qua:
1797 1838 1897 1877 an—

304 1939 497 2007 gustiae
535 1935 758 1989 verbum
803 1931 906 1984 hoc
949 1925 1232 1997 proferre:
1280 1919 1539 1976 Peccavi?
1578 1917 1711 1971 Num
1755 1915 1896 1970 enim

307 2039 389 2097 tu,
417 2029 517 2082 nisi
543 2036 596 2082 te
623 2027 798 2095 ipsum
834 2018 1034 2076 dixeris
1075 2024 1443 2087 peccatorem,
1476 2025 1506 2064 a
1546 2007 1757 2063 diabolo
1792 2019 1899 2059 non

305 2116 683 2174 aceusaberis?
715 2116 1034 2179 Prmoccupa
1056 2149 1071 2174 ,
1099 2115 1153 2161 et
1189 2105 1336 2174 eripe
1379 2102 1450 2156 illi
1482 2114 1631 2154 suam
1677 2097 1903 2166 dignita-

309 2220 417 2264 tem
439 2226 453 2273 ;
477 2210 594 2276 ejus
615 2206 757 2261 enim
776 2203 1004 2274 dignitas
1024 2208 1104 2253 est
1120 2195 1425 2252 accusare‘.
1448 2191 1553 2246 Cur
1573 2190 1732 2259 igitur
1754 2188 1903 2242 illum

308 2319 419 2357 non
445 2298 731 2371 prmvcnis,
764 2306 819 2351 et
854 2302 1129 2365 peccatum
1160 2288 1296 2344 dicis
1315 2330 1329 2353 ,
1362 2295 1418 2340 et
1443 2284 1648 2345 crimen
1676 2292 1902 2349 purgas,

307 2409 435 2448 cum
466 2391 631 2461 probe
676 2389 815 2445 scias
844 2388 1003 2440 talem
1053 2389 1419 2437 accusatorem
1452 2373 1566 2435 tibi,
1594 2371 1683 2461 qui
1732 2381 1906 2461 tacere

309 2458 563 2553 nequeat,
584 2476 900 2534 innninerc?
922 2471 1196 2528 Peccasti?
1220 2468 1275 2521 In
1303 2463 1583 2520 ecclesiam
1606 2458 1905 2553 ingredere,

309 2548 536 2628 dic-Deo
561 2589 574 2623 :
608 2567 856 2624 Peccavi.
885 2563 1024 2618 Nihil
1053 2557 1195 2614 aliud
1232 2556 1327 2610 abs
1358 2562 1409 2607 te
1440 2552 1540 2605 nisi
1566 2551 1738 2604 solum
1769 2548 1906 2602 istud

316 2664 498 2732 exigo.
532 2662 621 2714 Ait
653 2660 793 2713 enim
831 2654 1103 2722 Scriptura
1145 2662 1295 2703 sacra
1328 2662 1343 2698 :
1373 2643 1467 2695 Dic
1494 2651 1546 2695 tu
1576 2642 1767 2712 primus
1806 2640 1905 2692 ini-

314 2758 535 2827 quitates
557 2763 690 2816 tuas,
714 2744 1071 2819 uljustificeris
1092 2740 1242 2812 (Isai.
1262 2741 1351 2793 45.
1370 2736 1484 2806 26);
1504 2734 1586 2789 dic
1608 2740 1903 2827 peccatum,

322 2823 383 2901 ut
403 2848 584 2900 solvas
603 2851 901 2914 peccatum.
920 2834 1035 2891 Non
1055 2834 1107 2886 in
1123 2832 1224 2886 hoc
1246 2830 1394 2884 lahor
1408 2837 1509 2891 est,
1531 2840 1639 2881 non
1655 2823 1909 2914 circuitus

312 2912 624 2999 verborum,
660 2944 831 3000 neque
860 2926 1203 2996 pecuniarum
1228 2932 1504 2990 expensas,
1542 2929 1718 2984 neque
1758 2912 1905 2967 aliud

316 3030 608 3101 quidquam
651 3021 949 3095 ejusmodi;
982 3019 1067 3073 dic
1113 3014 1368 3076 verbum,
1432 3010 1585 3065 bona:
1624 3008 1746 3063 fidei
1792 3015 1909 3062 esto

313 3126 458 3179 circa
479 3130 776 3192 peccatum,
793 3127 846 3171 et
861 3116 968 3179 dic,
994 3110 1234 3168 Peccavi.
1250 3108 1399 3164 Unde
1413 3122 1541 3162 vero
1554 3106 1613 3158 fit
1630 3104 1749 3170 hoc,
1770 3103 1912 3159 dicet

314 3218 510 3287 aliquis
531 3257 545 3280 ,
580 3223 636 3268 ut
662 3213 705 3267 si
737 3213 937 3281 primus
959 3216 1232 3277 peccatum
1260 3202 1476 3266 dixero,
1505 3206 1783 3268 peccatum
1813 3195 1911 3287 de-

316 3306 492 3362 leutn?
515 3304 694 3359 liabet)
724 3303 776 3355 in
794 3300 1065 3368 Scriptura
1093 3294 1382 3354 hominem,
1407 3290 1495 3360 qui
1525 3296 1800 3358 peccatum
1831 3286 1913 3340 di-

315 3400 417 3464 xit,
438 3406 492 3450 et
511 3395 709 3450 delevit
736 3411 749 3447 :
773 3402 827 3447 et
848 3390 938 3461 qui
967 3402 1069 3441 non
1092 3385 1245 3449 dixit,
1270 3392 1324 3437 et
1347 3383 1628 3435 damnatus
1650 3387 1748 3433 est.
1778 3376 1910 3431 Cain

315 3490 514 3545 occidit
534 3487 752 3541 fratrem
766 3497 919 3536 suum
938 3478 1093 3545 Abel,
1114 3475 1310 3533 invidia
1327 3482 1625 3543 correptus,
1645 3472 1721 3526 sic
1740 3480 1913 3525 utea:-

316 3582 417 3638 des
448 3580 698 3633 invidiam
732 3580 1080 3644 sequeretur:
1111 3568 1374 3638 siquidem
1402 3582 1523 3620 eum
1552 3564 1830 3618 seductum
1860 3563 1913 3617 in

317 3686 565 3740 campum
611 3664 896 3722 interfecit.
923 3661 1057 3730 Quid
1090 3668 1267 3714 autem
1293 3660 1367 3712 ait
1396 3657 1471 3711 illi
1513 3657 1690 3711 Deus?
1720 3654 1817 3709 Ubi
1843 3664 1915 3709 est

319 3763 446 3817 Abel
465 3765 623 3831 frater
641 3770 754 3811 tuus
774 3755 925 3828 (Cen.
950 3756 1004 3809 4.
1032 3753 1129 3823 9)?
1151 3751 1251 3819 Qui
1269 3749 1631 3813 novitomnia,
1652 3763 1756 3801 non
1773 3745 1914 3815 quod

320 3857 552 3926 ignoret,
572 3853 886 3920 interrogat,
908 3846 1002 3902 sed
1031 3855 1083 3899 ut
1108 3842 1426 3899 homicidam
1446 3839 1724 3895 alliciatad
1748 3839 1919 3909 ι)ωηί-

321 3944 565 4000 tentiam.
610 3941 753 3997 Satis
802 3938 945 3993 enim
975 3936 1227 3991 indicavit
1259 3949 1318 3988 se
1345 3934 1758 4003 interrogantem
1806 3944 1912 3983 non

319 4038 570 4105 ignorare
592 4051 604 4085 :
634 4030 735 4085 Ubi
755 4039 826 4085 est
842 4028 966 4082 Abel
978 4027 1137 4097 frater
1158 4034 1273 4078 tuus
1294 4021 1479 4095 (Ibid.)
1497 4022 1521 4075 ‘l
1542 4023 1611 4076 At
1636 4021 1726 4076 ille
1739 4019 1872 4074 dixit
1898 4037 1911 4073 :

324 4127 543 4190 Nescio;
562 4123 811 4191 numquid
829 4130 995 4175 custos
1026 4119 1200 4191 fratris
1222 4117 1318 4171 ntei
1347 4132 1459 4170 sum
1488 4115 1621 4187 ego?
1643 4116 1789 4180 Esto,
1811 4129 1914 4167 non

320 4234 384 4274 es
406 4227 607 4281 custos,
630 4230 729 4269 cur
749 4214 910 4269 etiam
931 4211 1280 4279 interemptor
1301 4207 1399 4262 es?
1422 4221 1525 4261 non
1544 4204 1878 4260 custodiebas
1900 4220 1913 4256 :

320 4326 422 4366 cur
458 4310 618 4363 etiam
659 4302 1014 4360 interfecisti?
1040 4300 1240 4355 Tamen
1280 4300 1381 4353 ista
1421 4296 1733 4352 confiteris?
1776 4294 1918 4349 Reus

322 4419 386 4458 es
415 4414 626 4471 quoque
670 4406 830 4466 atque
874 4393 1138 4449 obnoxius
1163 4390 1437 4446 custodiae.
1486 4389 1623 4457 Quid
1654 4389 1809 4458 igitur
1849 4386 1916 4440 ad

324 4496 477 4550 illum
510 4490 693 4547 Deus?
728 4487 840 4542 Vox
872 4486 1133 4556 sanguinis
1160 4482 1337 4553 fratris
1380 4482 1454 4535 tui
1484 4481 1605 4535 Abel
1638 4481 1822 4534 clamat
1851 4480 1917 4531 ad

323 4604 409 4641 me
431 4586 494 4639 de
518 4579 775 4653 terran.
806 4595 853 4633 υ.
885 4575 995 4651 10).
1018 4575 1206 4645 Argnit
1233 4573 1380 4627 illum
1410 4573 1608 4637 statim,
1632 4580 1684 4626 et
1704 4584 1916 4639 pmnam

326 4680 513 4735 intulit
554 4692 662 4731 non
712 4684 819 4729 tam
849 4671 917 4727 ob
955 4666 1159 4724 eadem
1188 4683 1347 4737 quam
1389 4667 1459 4721 ob
1496 4662 1915 4733 impudentiam:

327 4788 439 4828 non
471 4772 616 4827 enim
646 4769 721 4823 ita
770 4767 912 4821 Deus
937 4762 1049 4818 odit
1081 4777 1205 4818 eum
1230 4762 1319 4832 qui
1367 4768 1570 4832 peccat,
1597 4766 1653 4811 ut
1678 4772 1798 4812 eum
1828 4758 1920 4829 qui

328 4863 671 4936 impudenter
701 4874 761 4914 se
785 4857 942 4928 gerit.
984 4854 1141 4910 Certe
1180 4854 1313 4910 Cain
1340 4854 1405 4908 ad
1434 4851 1802 4924 paenitentiam
1832 4866 1923 4907 ac-

328 4957 612 5013 cedentem
651 4965 756 5004 non
788 4948 1042 5013 admittit,
1077 4947 1198 5017 quia
1248 4954 1520 5017 peccatum
1569 4942 1771 5013 primus
1813 4958 1919 4997 non

328 5051 485 5104 dixit.
516 5043 652 5113 Quid
678 5040 821 5097 enim
845 5039 954 5094 ait?
984 5039 1155 5111 Majas
1177 5050 1249 5094 est
1276 5047 1533 5109 peccatum
1560 5052 1743 5101 meum,
1772 5052 1922 5105 quam

330 5152 389 5195 ut
415 5138 699 5191 remittatur
720 5133 843 5185 mihi
872 5130 976 5203 (Ib.
1007 5148 1055 5185 υ.
1092 5132 1181 5199 15)
1208 5148 1222 5184 :
1255 5130 1403 5199 quasi
1426 5128 1629 5182 diceret
1659 5144 1672 5180 :
1702 5128 1921 5182 Multum

332 5229 574 5305 peccavi,
617 5243 723 5281 non
763 5240 883 5279 sum
928 5224 1121 5295 dignus
1163 5233 1224 5278 ut
1263 5225 1457 5276 vivam.
1503 5220 1640 5286 Quid
1675 5235 1801 5290 ergo
1854 5220 1921 5275 ad

334 5326 485 5378 illum
536 5316 712 5375 Deus?
761 5313 975 5368 Gemens
1018 5330 1079 5367 ac
1130 5324 1347 5368 tremens
1395 5313 1492 5365 eris
1539 5327 1689 5379 super
1738 5321 1924 5364 terram

333 5416 443 5484 (ιιι.
493 5431 540 5468 ν.
591 5410 679 5481 12)
708 5425 722 5462 :
753 5414 809 5462 et
856 5421 1072 5477 gravem
1124 5406 1201 5461 illi
1257 5406 1641 5472 molcstamque
1708 5418 1924 5473 poenam

336 5505 611 5576 imposuit.
662 5501 778 5557 Non
808 5496 1070 5553 interlicio
1110 5505 1195 5563 te,
1244 5496 1430 5567 inquit,
1462 5511 1528 5549 ne
1562 5494 1758 5548 veritas
1786 5495 1925 5550 obli-

336 5597 483 5651 vioni
510 5594 769 5658 tradatur,
791 5587 885 5645 sed
910 5586 1108 5653 efficio,
1133 5596 1192 5642 ut
1221 5587 1295 5644 sis
1314 5588 1420 5655 lex,
1439 5601 1558 5658 quae
1581 5585 1648 5640 ab
1676 5585 1925 5641 omnibus

338 5692 565 5761 legatur,
592 5697 649 5743 ut
691 5682 966 5741 calamitas
1011 5678 1360 5750 philosophiae
1399 5688 1568 5734 mater
1594 5677 1700 5732 fiat.
1732 5676 1798 5732 Et
1821 5676 1927 5733 cir-

406 5850 424 5879 ι
460 5846 532 5895 sic
556 5854 657 5895 Mss.
696 5852 805 5893 tttec
828 5840 1067 5891 Morellius
1089 5850 1255 5887 manca
1281 5838 1520 5890 ediderat.

672 5937 939 5997 Psrnoc.
983 5934 1099 5996 Gtt.
1142 5934 1365 5997 XLIX.

1439 412 1527 468 DE
1567 408 2034 467 ΡίΕΝΙΤΕΝΤΙΑ.
2074 407 2301 464 llOMIL.
2343 408 2404 464 ll.

3460 410 3568 471 186

1996 525 2174 579 cuibat
2196 524 2349 589 Cain,
2380 525 2464 579 lex
2490 523 2744 591 animata,
2775 524 3024 582 columna
3046 525 3310 590 notoria,
3339 542 3457 596 qua:
3485 537 3570 584 ta-

1994 618 2182 678 cebat,
2219 626 2287 681 et
2332 624 2510 670 tamen
2556 632 2740 672 vocem
2787 618 2910 674 tuba
2950 618 3230 677 clariorem
3275 618 3572 675 emittebat.

1995 706 2184 771 Nemo,
2219 707 2410 775 inquit,
2437 708 2563 763 talia
2591 708 2780 775 faciat,
2814 727 2881 767 ne
2910 713 3035 768 talia
3065 712 3316 784 patiatur.
3350 712 3577 781 Propter

1997 797 2376 867 impudentiam
2402 799 2666 871 supplicio
2685 812 2767 858 est
2792 803 3035 869 affectus,
3061 815 3253 861 etcum
3283 821 3388 861 non
3414 803 3579 859 dixis-

1996 898 2079 942 set
2103 899 2375 958 peccatum
2398 932 2414 957 ,
2444 891 2537 947 sed
2560 893 2837 950 convictus
2860 903 3039 963 esset,
3066 896 3137 952 ob
3161 896 3293 952 illud
3312 896 3579 951 commis-

1996 998 2112 1036 sum
2159 982 2442 1037 damnatus
2489 992 2590 1038 est.
2636 985 2693 1040 Si
2747 986 2891 1041 enim
2933 1001 3030 1042 sua
3069 998 3258 1057 sponte
3294 986 3579 1043 confessus

1996 1080 2159 1139 esset,
2191 1080 2465 1142 peccatum
2490 1088 2521 1128 a
2547 1088 2607 1130 se
2637 1075 2807 1143 primo
2829 1074 3098 1133 detectum
3128 1079 3430 1138 delevisset.

2064 1167 2121 1216 2.
2154 1160 2291 1215 Laus
2316 1160 2523 1218 Doridis
2550 1172 2596 1217 et
2611 1165 2940 1234 psalmorum.
2968 1166 3239 1238 Confertur
3262 1172 3433 1225 anima
3465 1190 3580 1227 cum

1997 1267 2182 1316 curru;
2224 1252 2593 1309 demonstratur
2631 1256 2800 1325 quod,
2844 1258 2982 1312 circa
3022 1257 3254 1315 virtutem
3295 1272 3343 1315 et
3385 1264 3578 1327 vitium,

1997 1345 2165 1399 minus
2198 1347 2360 1401 (etatis
2388 1364 2539 1418 quam
2567 1350 2836 1404 voluntatis
2870 1352 3003 1407 ratio
3036 1352 3267 1408 habenda
3306 1365 3396 1409 est.
3418 1382 3491 1397 -ι
3516 1357 3582 1411 Ut

1997 1444 2174 1490 autem
2212 1435 2325 1491 lucc
2368 1438 2439 1491 ita
2478 1452 2537 1493 se
2576 1438 2773 1493 habere
2809 1441 3105 1512 intelligas,
3146 1459 3447 1517 cognosce,
3474 1462 3582 1516 quo

1998 1532 2153 1593 pacto
2179 1526 2313 1582 alius
2350 1527 2610 1597 quiSpiam
2636 1541 2757 1582 cum
2795 1529 3016 1586 dixisset
3043 1534 3244 1602 primus
3267 1577 3281 1600 ,
3310 1546 3582 1606 peccatum

1997 1616 2271 1673 deleverit.
2318 1618 2607 1675 Veniamus
2633 1620 2699 1676 ad
2742 1620 2998 1679 Davldem
3020 1664 3035 1689 ,
3065 1625 3382 1696 prophetam
3411 1636 3466 1681 ct
3494 1644 3583 1683 re-

1995 1720 2114 1776 gem
2134 1724 2149 1773 ;
2171 1707 2264 1761 sed
2287 1708 2552 1764 lubentius
2572 1724 2692 1766 eum
2713 1727 2779 1767 ex
2802 1714 3016 1769 nomine
3036 1715 3327 1786 prophetia:
3341 1719 3582 1789 appello:

1995 1796 2258 1866 siquidem
2289 1814 2509 1868 regnum
2537 1801 2654 1871 ejus
2682 1804 2735 1857 in
2761 1804 3123 1875 Palmstinam,
3156 1809 3433 1880 projihetia
3459 1826 3585 1867 vero

1999 1888 2051 1941 in
2102 1888 2236 1944 ﬁnes
2280 1891 2427 1945 orbis
2470 1902 2730 1949 terrarum
2782 1897 3213 1956 extendebatur:
3259 1912 3312 1956 et
3364 1918 3586 1973 regnum

1997 1977 2213 2047 quidem
2252 1981 2463 2037 modico
2512 1992 2752 2054 tempore
2784 1987 3123 2043 terminatum
3167 2000 3285 2058 est,
3312 1992 3589 2063 prophetia

1999 2084 2127 2124 vero
2154 2071 2471 2127 immortalia
2500 2075 2661 2129 verba
2692 2079 3017 2145 pronuntiat.
3045 2078 3222 2136 Satius
3250 2092 3393 2137 esset
3420 2084 3590 2139 solem

2000 2160 2265 2231 exstingui
2288 2202 2303 2226 ,
2335 2178 2492 2231 quam
2521 2166 2681 2220 verba
2708 2168 2918 2225 Davidis
2947 2170 3200 2227 oblivioni
3232 2173 3386 2229 tradi.
3412 2174 3511 2229 ilic
3535 2176 3589 2230 in

2002 2250 2319 2307 adulterium
2346 2264 2402 2310 et
2430 2255 2774 2313 homicidium
2801 2260 2978 2329 lapsus
3004 2271 3121 2317 est:
3154 2264 3285 2320 vidit
3307 2266 3471 2334 enim,
3505 2267 3589 2322 in—

2004 2345 2119 2415 quit
2145 2345 2449 2418 Scriptura,
2484 2351 2762 2407 mulierem
2793 2354 3067 2422 pulchram
3104 2370 3164 2412 se
3195 2356 3493 2423 lavantem,
3538 2367 3591 2414 et

2004 2436 2269 2492 adamavit
2293 2453 2411 2493 eam
2442 2456 2455 2494 :
2481 2441 2673 2497 deinde
2698 2444 2839 2514 quod
2868 2445 3005 2515 apud
3035 2460 3096 2502 se
3124 2456 3402 2513 statuerat,
3435 2463 3588 2519 pere-

2003 2530 2078 2603 git
2105 2532 2189 2601 (2.
2221 2532 2350 2603 Reg.
2378 2535 2464 2590 ll.
2492 2534 2582 2603 2).
2608 2535 2676 2590 Ει
2701 2546 2815 2592 erat
2844 2538 2897 2592 in
2922 2539 3183 2595 adulterio
3214 2543 3505 2611 propheta,
3539 2543 3593 2596 in

2005 2623 2182 2678 medio
2208 2623 2319 2680 luto
2349 2627 2652 2697 margarita.
2681 2627 3058 2686 Verumtamen
3085 2646 3145 2687 se
3175 2646 3426 2702 peccasse
3454 2649 3587 2688 non.

2005 2717 2129 2773 dum
2159 2729 2417 2774 noverat:
2450 2721 2585 2776 adeo
2613 2722 3010 2791 perturbatione
3033 2725 3193 2780 animi
3225 2726 3430 2796 sopitus
3458 2737 3591 2782 erat.

2005 2811 2138 2865 Cum
2166 2813 2308 2866 enim
2338 2812 2516 2868 ebrius
2543 2824 2622 2868 est
2647 2816 2829 2885 auriga
2855 2858 2870 2883 ,
2904 2815 3254 2886 incomposite
3282 2816 3449 2874 fertur
3470 2833 3591 2875 cur-

2006 2917 2135 2957 rus:
2171 2918 2331 2973 porro
2357 2904 2497 2972 quod
2526 2905 2707 2975 auriga
2734 2916 2788 2960 et
2815 2921 3023 2973 currus,
3060 2908 3159 2962 hoc
3185 2909 3363 2962 anima
3390 2918 3517 2964 sunt
3542 2920 3597 2964 et

2006 3007 2221 3061 corpus.
2244 2994 2298 3047 Si
2325 2993 2463 3048 forte
2481 2992 2829 3050 obtenebrata
2849 2995 2921 3050 sit
2942 2996 3119 3051 anima
3138 3037 3154 3065 ,
3184 3006 3295 3052 tum
3319 3007 3374 3053 et
3402 3013 3600 3069 corpus

2008 3083 2060 3137 in
2088 3085 2199 3139 luto
2221 3086 2503 3139 volutatur.
2527 3085 2789 3154 Quamdiu
2810 3102 3036 3158 namque
3055 3097 3163 3144 stat
3186 3090 3389 3160 auriga,
3411 3104 3600 3145 currus

2008 3192 2221 3247 quoque
2251 3186 2396 3231 recte
2426 3178 2702 3248 dirigitur;
2747 3194 2867 3234 cum
2898 3194 3026 3235 vero
3068 3180 3375 3237 destituitur
3401 3182 3602 3238 viribus

2010 3268 2122 3333 ille,
2170 3282 2340 3338 neque
2385 3278 2561 3338 potest
2597 3269 2832 3325 habenas
2876 3281 3078 3339 tenere,
3109 3281 3222 3327 tum
3266 3286 3394 3328 vero
3440 3273 3604 3329 etiam

2012 3375 2198 3415 currus
2227 3362 2367 3415 malo
2396 3376 2516 3416 esse
2556 3362 2607 3416 in
2647 3370 2787 3417 statu
2817 3363 3076 3418 cernitur.
3117 3362 3192 3418 ita
3220 3377 3435 3435 quoque
3461 3364 3601 3419 litin

2016 3447 2229 3503 homine
2254 3466 2267 3500 :
2296 3448 2547 3516 quauuliu
2576 3447 2755 3503 sobria
2785 3458 2868 3503 est
2891 3457 2945 3504 et
2973 3448 3154 3519 vigilat
3179 3449 3377 3515 anima,
3406 3463 3603 3519 corpus

2015 3539 2187 3609 ipsum
2212 3540 2373 3594 etiam
2400 3554 2591 3609 purum
2622 3549 2935 3610 permanet;
2966 3539 3055 3595 ubi
3088 3554 3220 3596 vero
3257 3541 3606 3596 obtenebrata

2016 3637 2178 3693 fuerit
2203 3639 2402 3703 anima,
2436 3653 2631 3706 corpus
2660 3639 2816 3691 etiam
2847 3638 3017 3706 ipsum
3048 3637 3100 3691 in
3131 3637 3246 3691 luto
3272 3653 3335 3693 ae
3361 3636 3609 3706 volupta-

2018 3729 2155 3781 tihus
2181 3729 2464 3781 volutatur.
2501 3726 2638 3795 Quid
2668 3727 2827 3797 igitur
2858 3727 3063 3781 David?
3090 3723 3369 3781 Commisit
3396 3727 3610 3782 adulte-

2016 3821 2189 3883 rium;
2218 3818 2310 3874 sed
2344 3820 2635 3883 nesciebat,
2660 3833 2832 3890 neque
2852 3819 2920 3875 ab
2950 3817 3057 3874 ullo
3080 3820 3420 3888 arguebatur,
3448 3817 3611 3888 idque

2016 3925 2136 3964 cum
2164 3926 2326 3965 senex
2356 3911 2641 3964 admodum
2669 3920 2808 3965 esset
2833 3928 2846 3964 :
2876 3919 2935 3964 ut
2965 3910 3231 3980 intelligas
3252 3952 3266 3975 ,
3293 3911 3338 3965 si
3368 3908 3505 3964 forte
3534 3910 3613 3966 sis

2020 4005 2330 4077 negligens,
2395 4019 2570 4073 neque
2628 4003 2718 4059 tibi
2770 4004 3018 4059 canitiem
3082 4004 3375 4074 prodesse,
3436 4018 3614 4075 neque

2020 4114 2226 4163 rursus,
2258 4098 2304 4151 si
2334 4096 2603 4151 studiosus
2629 4099 2703 4151 sis
2728 4111 2790 4151 ac
2816 4096 3062 4168 diligens,
3088 4096 3426 4167 juventutem
3456 4110 3615 4166 posse

2022 4198 2073 4242 te
2100 4189 2312 4243 lmdere.
2344 4189 2524 4259 Neque
2549 4176 2691 4243 enim
2717 4189 2785 4244 ab
2811 4197 2965 4243 aetate
2996 4202 3173 4243 mores
3190 4230 3204 4254 ,
3237 4188 3330 4244 sed
3356 4188 3424 4242 ab
3448 4188 3611 4241 animi

2020 4282 2286 4335 sententia
2340 4290 2489 4335 recte
2538 4279 2673 4334 facta
2726 4288 3089 4349 promanant:
3140 4294 3263 4333 nam
3316 4287 3371 4335 et
3423 4276 3611 4333 Daniel

2021 4373 2300 4428 duodecim
2331 4386 2589 4426 annorum
2614 4373 2631 4402 ¹
2657 4380 2792 4435 erat,
2825 4380 2879 4425 et
2902 4369 3206 4440 judicabat;
3238 4370 3478 4424 seniores
3511 4382 3613 4422 au-

2024 4475 2159 4531 tem,
2191 4463 2469 4519 inveterati
2489 4464 2541 4518 in
2568 4462 2779 4528 diebus,
2808 4463 3060 4518 adulterii
3087 4462 3318 4518 fabulam
3335 4464 3611 4518 confinxe-

2024 4568 2176 4624 runt,
2205 4567 2258 4611 et
2304 4569 2402 4611 nec
2428 4555 2531 4611 illis
2560 4555 2782 4610 canities
2826 4552 3055 4624 profuit,
3098 4567 3200 4609 nec
3238 4553 3485 4623 juventus
3525 4554 3614 4609 isti

2025 4654 2208 4707 nocuit
2250 4649 2410 4722 (Dan.
2453 4650 2554 4717 15,
2587 4651 2656 4704 45
2682 4649 2866 4719 seqq.).
2913 4647 2983 4702 Et
3012 4656 3067 4702 ut
3109 4646 3369 4717 intelligas
3398 4661 3503 4701 non
3549 4661 3615 4702 ex

2025 4753 2201 4810 tetate,
2226 4741 2317 4797 sed
2343 4756 2405 4798 ex
2435 4740 2597 4795 animi
2625 4738 2899 4810 praposito
2914 4736 2982 4792 de
3001 4735 3618 4808 actionibnstemperan-

2029 4838 2114 4891 tiae
2143 4834 2402 4905 judicium
2443 4834 2595 4898 ferri,
2614 4829 2777 4887 David
2802 4847 2925 4887 cum
2941 4831 2999 4887 in
3025 4833 3143 4904 ipsa
3168 4845 3299 4885 cana
3342 4839 3614 4885 senectute

2028 4937 2347 4991 versaretur,
2376 4932 2501 4979 tunc
2516 4924 2570 4977 in
2590 4922 2906 4978 adulterium
2936 4922 3118 4993 lapsus
3136 4921 3445 4988 est,caedem
3464 4935 3613 4976 com-

2030 5023 2172 5077 misit
2190 5063 2204 5085 ,
2229 5028 2283 5075 et
2306 5019 2383 5073 sic
2410 5018 2634 5073 allectus
2664 5027 2813 5083 erat;
2840 5025 2898 5072 ut
2922 5030 2980 5071 se
3006 5029 3257 5087 peccasse
3293 5015 3409 5084 ipse
3436 5016 3616 5070 nesci-

2031 5123 2142 5168 ret:
2172 5111 2435 5181 siquidem
2480 5110 2658 5180 auriga
2705 5124 2857 5163 mens
2899 5107 3014 5175 ejus
3056 5115 3173 5161 erat
3219 5106 3614 5163 incontinentia:

2030 5204 2288 5260 ebrietate
2340 5210 2605 5270 correpta.
2679 5200 2859 5268 itaque
2911 5196 3073 5252 mittit
3115 5197 3182 5253 ad
3236 5213 3357 5253 eum
3408 5198 3615 5254 Nathan

2034 5294 2343 5367 prophetam
2373 5294 2517 5349 Deus
2546 5309 2559 5345 :
2594 5292 2849 5363 preplieta
2873 5291 3018 5345 venit
3048 5290 3113 5345 ad
3148 5288 3482 5362 pr0phetam.
3525 5290 3614 5344 Sic

2032 5387 2173 5443 enim
2193 5400 2313 5441 cum
2339 5384 2559 5440 medicis
2582 5382 2754 5452 agitur
2781 5398 2798 5436 :
2826 5380 2870 5435 si
2891 5381 3102 5453 quando
3114 5381 3271 5436 fuerit
3287 5395 3427 5450 arger
3452 5380 3618 5434 medi-

2033 5498 2125 5538 cus
2144 5524 2160 5549 ,
2192 5492 2302 5536 tum
2333 5482 2499 5536 altero
2524 5476 2726 5549 indiget
2754 5477 2842 5532 ille
2867 5478 3094 5530 medico.
3120 5472 3266 5528 Idem
3294 5472 3380 5527 hic
3404 5487 3618 5543 quoque

2035 5576 2228 5631 accidit
2254 5593 2265 5629 :
2296 5573 2636 5630 commiserat
2658 5582 2931 5643 peccatum
2963 5566 3219 5639 propheta
3241 5608 3255 5634 ,
3282 5577 3333 5621 et
3356 5564 3613 5637 propheta

2036 5680 2176 5737 erat,
2211 5670 2297 5739 qui
2338 5666 2632 5724 remedium
2675 5663 2949 5719 afferebat.
2982 5659 3142 5715 Venit
3169 5658 3328 5730 igitur
3370 5656 3437 5713 ad
3465 5655 3616 5713 illum

2112 5837 2127 5867 ι
2152 5836 2201 5879 tn
2222 5823 2408 5885 Savitio,
2441 5821 2607 5875 decem
2632 5834 2881 5874 annorum.

3180 5916 3256 5979 18
