4446 6708
810 490 914 545 237

811 605 1053 671 Nathau,
1082 617 1251 674 neque
1296 599 1475 658 statim
1517 598 1586 655 ab
1632 599 1747 671 ipso
1788 597 1968 654 limine
2001 596 2147 651 illum
2185 599 2392 669 arguit,

813 708 906 755 aut
929 697 1094 754 dicit:
1124 694 1362 753 Sceleste
1385 707 1449 748 ac
1477 690 1809 757 tletestande,
1839 689 2046 744 adulter
2075 696 2130 742 et
2171 688 2398 743 homici-

817 793 884 848 da
913 810 927 847 :
960 799 1037 847 tot
1065 787 1357 845 honoribus
1384 803 1413 841 a
1446 786 1556 842 Deo
1596 785 1894 841 cumulatus
1921 799 1979 838 es
1999 823 2014 848 ,
2045 791 2100 836 et
2128 789 2184 836 tu
2228 782 2395 850 ipsius

811 882 1060 939 mandata
1103 878 1351 936 violasti?
1386 877 1528 934 Nihil
1583 877 1688 933 tale
1715 877 1850 932 dixit
1888 873 2130 938 Nathan,
2179 888 2247 928 ne
2290 874 2395 928 im-

810 975 1181 1055 pudentiorem
1218 973 1367 1027 illum
1408 970 1692 1035 redderet;
1721 984 1843 1025 cum
1887 969 2028 1024 enim
2064 974 2278 1036 peccata
2315 965 2393 1020 di-

813 1066 1114 1137 vulgantur,
1165 1074 1276 1120 tum
1321 1062 1389 1118 ad
1442 1062 1698 1132 majorem
1747 1059 2130 1130 impudentiam
2178 1056 2243 1121 is,
2303 1057 2394 1125 qui

812 1167 1160 1228 peccaverat,
1181 1162 1516 1227 provocatur.
1544 1151 1701 1206 Venit
1726 1149 1885 1219 igitur
1908 1149 1974 1203 ad
2001 1149 2169 1214 illum,
2192 1155 2246 1201 et
2269 1160 2392 1200 cou-

813 1249 988 1306 lictam
1020 1248 1126 1303 litis
1149 1245 1376 1301 fabulam
1403 1243 1567 1310 texit,
1605 1241 1783 1311 aitque
1810 1259 1823 1293 :
1856 1240 2028 1294 Litem
2058 1238 2230 1293 habeo
2257 1237 2395 1306 apud

812 1350 867 1397 te
884 1382 900 1407 ,
922 1355 955 1395 ο
971 1354 1064 1394 rex
1087 1339 1100 1392 l
1122 1337 1277 1392 Dives
1305 1344 1422 1390 erat
1439 1333 1674 1404 quidam,
1703 1341 1756 1388 et
1776 1347 1977 1403 pauper
2000 1329 2211 1400 quidam
2243 1338 2392 1384 erat:

811 1429 1040 1484 habebat
1062 1437 1239 1483 autem
1267 1426 1418 1482 dives
1443 1433 1683 1480 armenta
1710 1433 1763 1478 et
1798 1436 1984 1492 greges
2014 1421 2228 1485 multos,
2262 1434 2396 1489 pau-

808 1535 906 1590 per
933 1533 1063 1574 vero
1106 1533 1268 1573 unam
1311 1514 1538 1572 habebat
1581 1528 1732 1568 ovem
1753 1554 1768 1580 ,
1801 1527 1919 1583 quae
1946 1511 2014 1566 de
2036 1511 2201 1566 calice
2231 1511 2396 1579 ipsius

809 1611 1054 1677 bibebat,
1077 1609 1221 1666 etde
1245 1622 1424 1664 mensa
1445 1607 1563 1676 ejus
1582 1605 1794 1670 edebat,
1827 1603 1949 1660 etin
1979 1603 2098 1658 sinu
2125 1602 2241 1672 ejus
2266 1603 2396 1656 dor-

812 1701 1030 1757 miebat.
1059 1701 1172 1756 Hoc
1198 1701 1317 1755 loco
1339 1699 1435 1753 viri
1457 1712 1580 1768 erga
1603 1711 1824 1752 uxorem
1851 1711 2088 1751 amorem
2110 1696 2392 1766 signiﬁcat.

807 1791 941 1848 Cum
969 1800 1147 1847 autem
1179 1791 1490 1862 peregrinus
1512 1789 1773 1861 quispiam
1817 1789 2084 1855 venisset,
2132 1789 2242 1843 suis
2269 1803 2394 1856 par-

812 1899 942 1940 cens
970 1883 1119 1938 dives
1148 1891 1421 1952 acceptam
1449 1881 1696 1952 pauperis
1721 1895 1874 1935 ovem
1901 1880 2160 1950 jugulavit
2189 1879 2244 1952 (2
2265 1879 2392 1949 Reg.

810 1972 898 2030 η.
933 1974 1078 2042 1-5).
1101 1972 1264 2029 Vides
1290 1981 1346 2027 ut
1368 1972 1470 2027 hoc
1500 1973 1616 2026 loco
1638 1971 1867 2025 fabulam
1900 1979 2077 2034 texat,
2102 1979 2157 2025 et
2176 1971 2393 2041 spongia

811 2064 1078 2120 obtectum
1108 2065 1304 2119 ferrum
1342 2061 1558 2134 gestet?
1582 2061 1719 2128 Quid
1741 2077 1870 2131 ergo
1899 2063 2031 2116 rex?
2073 2061 2396 2116 Existimans

809 2168 870 2210 se
896 2153 1150 2208 adversus
1174 2153 1398 2206 alterum
1421 2151 1736 2206 sententiam
1761 2153 2089 2221 ferre,quam
2118 2152 2395 2205 celerrime

809 2243 1124 2299 sententiam
1153 2241 1410 2312 adjunxit.
1443 2241 1531 2297 Sic
1555 2242 1697 2296 enim
1720 2241 1892 2296 facere
1916 2242 2089 2296 solent
2109 2241 2352 2296 homines
2377 2258 2391 2296 :

809 2333 1064 2388 adversus
1089 2322 1480 2389 alios'libenter
1513 2342 1565 2388 et
1590 2347 1779 2387 severe
1812 2333 2102 2387 sententias
2130 2331 2309 2387 ferunt
2342 2341 2397 2388 et

810 2424 1173 2492 pronuntiant.
1207 2422 1278 2478 Et
1316 2422 1442 2492 quid
1472 2424 1546 2476 ait
1588 2421 1787 2477 David?
1825 2421 1953 2476 Vivit
1981 2420 2266 2489 Dominus,
2311 2425 2396 2478 di-

811 2532 942 2586 gnus
971 2524 1129 2569 morte
1161 2525 1234 2568 est
1265 2509 1378 2568 talis
1397 2555 1409 2578 ,
1434 2523 1580 2583 atque
1606 2530 1744 2568 ovem
1765 2514 1815 2568 in
1856 2515 2196 2584 quadruplum
2222 2515 2394 2570 reddet

813 2603 922 2676 (Ib.
950 2620 998 2659 υ.
1041 2605 1093 2660 5.
1133 2603 1213 2674 6).
1255 2603 1394 2672 Quid
1450 2605 1607 2674 igitur
1652 2603 1897 2659 Nathan?
1951 2604 2065 2660 Non
2117 2607 2397 2676 interjecto

809 2695 1094 2750 multarum
1126 2694 1377 2748 horarum
1406 2694 1579 2764 spatio
1610 2694 1814 2764 plagam
1845 2695 2101 2762 emolliit,
2149 2696 2243 2751 sed
2285 2708 2397 2752 sla-

809 2789 902 2842 tim
933 2788 1202 2851 exseruit,
1239 2795 1294 2842 et
1337 2788 1666 2856 repentinam
1695 2787 1984 2842 sectionem
2015 2787 2279 2851 admovit,
2329 2804 2395 2842 nc

811 2880 1012 2935 doloris
1055 2880 1302 2935 sensum‘
1350 2879 1626 2932 eximeret.
1679 2877 1758 2930 Tu
1784 2895 1857 2942 es,
1889 2893 1922 2932 ο
1963 2893 2054 2932 rex
2088 2878 2190 2951 (Ib.
2221 2895 2267 2932 v.
2316 2881 2391 2947 7).

815 2965 948 3038 Quid
999 2984 1125 3039 ergo
1151 2984 1244 3024 rex
1270 2968 1386 3023 ait?
1436 2967 1651 3022 Peccavi
1689 2967 1908 3021 Domino
1935 2966 2038 3038 (Ib.
2069 2986 2117 3022 v.
2153 2967 2240 3039 15)
2268 3012 2282 3035 ,
2316 2970 2395 3023 ἰη-

808 3062 939 3129 quit.
967 3061 1081 3114 N0n
1113 3060 1246 3115 dixit
1277 3077 1290 3114 :
1320 3059 1452 3127 Quis
1489 3061 1630 3114 enim
1656 3073 1716 3113 es
1738 3069 1791 3114 tu
1812 3101 1827 3127 ,
1859 3061 1945 3130 qui
1977 3075 2062 3112 me
2103 3059 2394 3128 reprehen-

809 3153 930 3208 dis?
956 3155 1074 3222 quis
1101 3163 1151 3208 te
1172 3153 1344 3218 misit,
1372 3160 1429 3206 ttt
1457 3163 1565 3206 tam
1589 3151 1755 3207 libere
1775 3151 2107 3221 loquereris?
2137 3167 2238 3222 qua
2266 3169 2394 3207 vero

806 3244 1024 3300 audacia
1074 3243 1330 3313 impulsus
1364 3243 1465 3297 hoc
1493 3241 1700 3297 fecisti?
1745 3241 1888 3296 Nihil
1941 3243 2045 3297 tale
2093 3241 2258 3308 dixit,
2299 3243 2392 3298 scd

808 3343 1082 3405 peccatum
1120 3335 1370 3404 agnovit,
1399 3343 1456 3389 et
1482 3332 1606 3403 quid
1631 3333 1706 3388 ait
1737 3350 1751 3387 :
1795 3331 2011 3387 Peccavi
2036 3331 2255 3386 Domino
2282 3332 2389 3398 (Ib.

808 3443 856 3481 ν.
904 3427 1015 3496 l5).
1047 3425 1184 3494 Quid
1228 3425 1390 3496 igitur
1417 3423 1483 3480 ad
1512 3439 1632 3480 eum
1663 3423 1908 3478 Nathan?
1938 3423 2107 3477 Etiam
2148 3423 2394 3478 Dominus

808 3517 996 3571 dimisit
1033 3527 1290 3587 peccatum
1332 3525 1492 3570 tuum.
1545 3515 1796 3585 Teipsum
1835 3515 2201 3570 coudemnasti
2227 3555 2242 3581 ,
2300 3517 2393 3571 tibi

801 3624 901 3679 ego
925 3623 1136 3680 pinnam
1164 3607 1408 3662 condono
1437 3625 1452 3662 :
1482 3607 1616 3660 bona
1647 3605 1750 3660 fide
1794 3615 2067 3672 peccatum
2120 3606 2394 3660 confessus

805 3715 895 3764 es,
925 3708 1198 3769 peccatum
1237 3697 1506 3753 delevisti.
1555 3696 1672 3751 Tibi
1717 3697 1813 3766 ipsi
1860 3696 2110 3751 mulctatu
2165 3697 2396 3751 accersi-

804 3790 928 3844 visti
950 3829 966 3854 ,
996 3804 1095 3860 ego
1135 3791 1449 3843 sententiam
1483 3803 1653 3842 meam
1683 3787 1895 3842 rescidi.
1932 3787 2092 3842 Vides
2121 3797 2176 3842 ut
2205 3789 2392 3857 imple-

807 3888 920 3933 tum
959 3877 1120 3934 fuerit
1162 3877 1300 3948 quod
1329 3877 1582 3947 scriptum
1613 3886 1731 3933 est:
1773 3877 1868 3932 Dic
1899 3887 1951 3931 tu
1987 3878 2180 3948 primus
2209 3879 2392 3947 iniqui-

804 3977 932 4023 tates
967 3977 1115 4035 tuas,
1172 3978 1226 4021 ut
1259 3967 1549 4037 iustiﬁceris
1595 3965 1728 4037 (Isai
1769 3969 1857 4023 45.
1899 3967 2026 4040 26)?
2072 3967 2202 4035 Quis
2240 3968 2391 4023 labor

810 4061 1038 4131 primum
1077 4069 1292 4130 peccata
1334 4059 1556 4114 dicere?

877 4152 931 4206 5.
961 4151 1131 4204 Altera
1161 4150 1462 4219 paenitentia:
1481 4149 1561 4202 via
1581 4149 1927 4219 lacrymte:in
1956 4149 2242 4218 exemptum
2269 4166 2389 4218 pro-

803 4242 964 4312 fertur
988 4242 1212 4296 Acltaab.
1231 4271 1303 4282 -—
1332 4241 1505 4296 Habes
1533 4251 1708 4295 autem
1738 4250 1792 4296 et
1815 4241 2034 4294 alteram
2066 4242 2390 4311 pmnitentite

804 4335 943 4388 viam
977 4352 989 4389 :
1018 4349 1174 4403 quam
1230 4331 1443 4387 tandem
1474 4332 1653 4387 illam?
1707 4332 1984 4386 Peccatum
2015 4332 2161 4388 ﬂere.
2191 4331 2389 4386 Pecca-

803 4426 908 4481 sti?
931 4427 1075 4492 lleto,
1101 4434 1154 4481 et
1175 4435 1446 4496 peccatum
1467 4426 1648 4480 solvis.
1667 4423 1919 4490 Quisnam
1942 4424 2028 4479 hic
2049 4425 2232 4479 labor?
2259 4427 2387 4480 nihil

805 4533 834 4572 a
866 4527 916 4573 te
939 4518 1165 4586 amplius
1204 4518 1446 4586 requiro,
1475 4531 1634 4586 quam
1684 4524 1740 4571 ut
1765 4516 1890 4570 lleas
1930 4527 2205 4586 peccatum
2235 4535 2245 4567 :
2280 4533 2384 4571 non

804 4609 926 4663 dico
954 4608 1083 4673 tibi,
1114 4617 1172 4661 ut
1207 4608 1480 4662 emetiaris
1522 4607 1684 4660 maria
1707 4647 1722 4672 ,
1775 4617 1832 4659 ut
1859 4607 1910 4660 in
1956 4615 2143 4676 portus
2175 4617 2225 4660 te
2253 4609 2387 4662 reci-

807 4698 953 4767 pias,
986 4712 1158 4766 neque
1187 4705 1243 4750 ut
1283 4697 1383 4751 iter
1407 4697 1680 4759 coniicias,
1708 4712 1882 4769 neque
1922 4706 1978 4750 ut
2022 4697 2382 4768 longissimam

805 4786 1286 4857 peregrinationem
1315 4786 1598 4856 suscipias,
1628 4801 1801 4854 neque
1831 4795 1887 4839 ut
1916 4787 2166 4855 pecunias
2197 4805 2384 4843 nume-

805 4894 911 4944 res,
936 4886 1024 4932 aut
1044 4877 1200 4933 saevis
1229 4876 1478 4933 ﬂuctibus
1510 4888 1561 4932 te
1586 4877 1918 4942 committas;
1947 4877 2040 4933 sed
2065 4879 2230 4948 quid?
2255 4879 2384 4934 Pro-

804 4977 922 5035 pter
950 4966 1238 5022 admissum
1260 4977 1534 5038 peccatum
1564 4968 1731 5036 plora.
1773 4966 1927 5024 Unde
1977 4982 2105 5022 vero
2159 4968 2261 5023 hoc
2304 4972 2382 5037 lit,

805 5055 995 5126 inquit,
1017 5066 1074 5110 ut
1098 5058 1143 5112 si
1170 5059 1394 5126 plorem,
1426 5068 1699 5127 peccatum
1727 5057 1966 5112 solvam?
1992 5057 2158 5128 llujus
2192 5061 2265 5114 rei
2293 5061 2386 5116 de-

803 5150 1244 5204 monstrationem
1287 5147 1451 5204 habes
1479 5151 1635 5204 etiam
1685 5165 1748 5204 ex
1805 5149 2096 5220 Scriptura.
2130 5151 2249 5206 Fuit
2289 5169 2382 5208 rex

804 5239 1018 5308 quidam
1051 5241 1106 5310 (3
1133 5239 1262 5310 Reg.
1294 5239 1386 5309 2|)
1437 5239 1689 5294 Acbaab:
1737 5238 1822 5295 hic
1855 5256 1982 5296 vero
2021 5241 2196 5312 justus
2221 5243 2384 5299 fuisse

809 5331 1133 5401 perhibetur.
1177 5332 1441 5388 Cteterum
1473 5341 1687 5401 propter
1713 5330 1925 5386 Jezabel
1974 5348 2194 5388 uxorem
2230 5349 2382 5389 suam

805 5421 998 5492 injuste
1040 5425 1310 5494 regnabat.
1343 5422 1440 5478 llic
1484 5420 1727 5477 Nabuthe
1767 5421 2040 5492 cujusdam
2089 5423 2383 5479 Jesraelita:

806 5514 1015 5568 vineam
1043 5516 1361 5586 concupivit,
1391 5523 1445 5570 et
1471 5514 1614 5568 misit
1640 5512 1704 5567 ad
1738 5529 1858 5568 eum
1887 5513 2070 5568 dicens
2099 5532 2112 5567 :
2143 5517 2217 5571 Da
2245 5514 2379 5570 mihi

801 5604 1010 5660 vineam
1043 5613 1206 5666 tuam,
1225 5620 1378 5673 quam
1409 5605 1706 5674 concupivi,
1739 5614 1790 5659 et
1820 5605 1904 5661 vel
1935 5604 2211 5674 pecuniam
2238 5620 2267 5657 a
2297 5621 2382 5660 me

804 5700 1002 5766 accipe,
1032 5696 1114 5749 vcl
1156 5709 1277 5748 cum
1321 5696 1484 5749 altero
1510 5707 1775 5750 commota
1806 5696 1944 5751 loco.
1992 5697 2063 5750 At
2089 5695 2180 5751 ille
2205 5695 2337 5750 dixit
2366 5712 2379 5749 :

805 5788 974 5852 Absit,
1003 5798 1060 5840 ut
1082 5787 1427 5842 hereditatem
1458 5796 1664 5856 patrum
1710 5803 1950 5844 meorum
1982 5787 2208 5844 vendam
2237 5788 2328 5844 tibi
2361 5788 2374 5843 l

868 5937 886 5972 ⁸
921 5945 1048 6000 uss,
1068 5937 1312 5992 homicidii
1333 5951 1537 5992 sensum.

1522 483 1579 540 S.
1620 480 1898 541 JOA'NNIS
1935 480 2410 540 CIIRYSOSTOMI
2449 481 2765 538 ARCIIIEP.
2806 485 3336 544 CONSTANTINOP.

3981 490 4090 547 288

2504 595 2719 652 Acbaab
2747 608 2924 654 autem
2954 603 3200 673 cupiebat
3223 601 3436 674 quidem
3484 600 3714 670 vineam,
3759 603 3854 659 sed
3889 604 3964 660 illi
3985 607 4092 660 vim

2505 689 2678 746 facere
2719 689 2952 756 nolebat,
2978 691 3056 748 sic
3092 704 3149 750 ut
3186 696 3240 751 in
3267 694 3510 750 morbum
3560 693 3762 749 idcirco
3805 694 4088 752 incideret.

2504 785 2746 856 lngressa
2777 794 2956 842 autem
2999 785 3066 840 ad
3113 788 3261 844 illum
3296 787 3543 853 Iezabel,
3575 785 3889 842 muliercula
3915 788 4089 858 impu-

2504 879 2656 943 dens.
2687 878 2986 949 desperata,
3022 879 3311 948 immunda,
3342 879 3672 946 detestanda,
3702 879 3875 950 inquit
3903 898 3916 933 :
3948 879 4089 948 Quid

2503 972 2866 1036 contristaris,
2919 978 2973 1024 et
3002 985 3107 1024 non
3146 974 3424 1028 comedis?
3471 987 3630 1044 surge
3675 981 3731 1028 et
3780 969 4086 1026 manduca:

2503 1077 2602 1132 ego
2629 1063 2875 1127 eflieiam,
2899 1069 2958 1115 ut
2979 1061 3253 1130 possideas
3275 1064 3484 1120 vineam
3509 1063 3752 1120 Nabuthe
3765 1061 4087 1119 Jesraelitaa.

2503 1152 2570 1206 Et
2598 1155 2862 1226 accipiens
2900 1153 3114 1223 scripsit
3137 1154 3419 1221 epistolam
3464 1171 3528 1211 ex
3558 1170 3788 1226 persona
3839 1153 3983 1224 regis
4021 1154 4090 1209 ad

2503 1237 2742 1293 seniores
2781 1238 2962 1292 dicens
2991 1253 3003 1287 :
3039 1234 3330 1290 Praedicate
3355 1237 3640 1308 jejunium,
3672 1247 3728 1294 et
3765 1237 3982 1292 statuite
4013 1237 4091 1291 vi-

2502 1343 2592 1383 ros
2619 1329 2901 1386 mendaces
2921 1327 3172 1382 adversus
3187 1325 3452 1395 Nabuthe,
3479 1329 3604 1398 quia
3625 1328 3894 1385 benedixit
3916 1327 4088 1383 Deum

2503 1427 2559 1475 et
2595 1435 2798 1490 regem,
2828 1421 2931 1475 hoc
2954 1427 3037 1474 est
3064 1415 3469 1487 blasphemavit.
3504 1418 3549 1473 Ο
3571 1419 3829 1488 jejunium
3879 1433 4090 1472 summa

2502 1512 2782 1581 iniquitate
2827 1512 3040 1581 plenum
3065 1509 3080 1564 l
3109 1508 3469 1564 Praedicarunt
3492 1508 3770 1578 jejunium,
3803 1519 3862 1564 ut
3885 1510 4089 1565 aedem

2502 1611 2794 1671 patrarent.
2823 1601 2958 1669 Quid
2979 1615 3107 1671 ergo
3127 1597 3357 1654 accidit?
3389 1597 3675 1667 Lapidatus
3696 1611 3778 1654 est
3806 1600 4050 1655 Nabuthe
4070 1640 4087 1664 ,

2502 1706 2566 1748 ac
2589 1702 2831 1748 mortuus
2853 1701 2955 1749 est.
2982 1691 3093 1747 Hoc
3118 1689 3208 1746 ubi
3233 1686 3417 1744 didicit
3432 1687 3666 1755 Jezabel,
3688 1689 3820 1743 dixit
3836 1689 4086 1744 Achaab:

2500 1782 2668 1854 Surge
2687 1824 2702 1848 ,
2731 1783 3098 1855 possideamus
3120 1781 3329 1836 vineam
3352 1795 3368 1846 ;
3393 1777 3513 1848 quia
3542 1787 3782 1831 mortuus
3809 1788 3892 1833 est
3911 1779 4088 1834 Nabu-

2502 1874 2616 1928 the.
2640 1875 2817 1931 Atille
2845 1884 2958 1930 tum
2987 1873 3239 1942 temporis
3284 1870 3628 1926 contristatus
3655 1909 3670 1931 ,
3695 1868 3966 1936 ingressus
4007 1879 4091 1922 est

2503 1975 2678 2020 tamen
2699 2007 2714 2032 ,
2739 1976 2793 2021 et
2815 1968 3024 2021 vineam
3051 1965 3304 2036 possedit.
3335 1963 3490 2018 Mittit
3517 1960 3583 2016 ad
3614 1975 3736 2015 eum
3768 1960 3935 2014 Eliam
3964 1976 4090 2030 pro-

2501 2057 2717 2128 phetam
2757 2059 2920 2114 Deus.
2952 2058 3119 2124 Vade,
3169 2057 3366 2128 inquit,
3407 2055 3493 2110 dic
3522 2053 3780 2110 Achaab:
3826 2052 4089 2121 Quoniam

2505 2149 2749 2205 occidisti
2769 2192 2784 2218 ,
2825 2159 2880 2205 et
2909 2150 3227 2221 possedisti,
3267 2149 3344 2203 sic
3367 2147 3668 2204 ell‘undetur
3687 2146 3900 2215 sanguis
3932 2155 4053 2198 tuus
4072 2187 4087 2210 ,

2501 2250 2557 2296 et
2576 2257 2740 2297 canes
2767 2244 3079 2312 sanguinem
3111 2249 3258 2295 tuum
3309 2241 3540 2308 litigent,
3589 2247 3643 2292 et
3669 2237 3979 2291 meretrices
4008 2236 4087 2289 la-

2501 2332 2777 2388 vabuntin
2824 2332 3080 2402 sanguine
3121 2339 3211 2384 tuo
3263 2330 3343 2399 (5.
3375 2327 3502 2398 Reg.
3551 2325 3667 2399 2|).
3715 2327 3796 2381 lra
3834 2327 4089 2382 divinitus

2501 2425 2696 2479 emissa
2717 2465 2731 2488 ,
2756 2423 2995 2478 absoluta
3027 2421 3308 2484 sententia,
3351 2419 3670 2490 supplicium
3712 2429 3794 2474 est
3823 2419 4087 2490 adimple-

2502 2524 2633 2570 tum.
2661 2518 2738 2570 Ac
2763 2515 2900 2579 vide,
2936 2529 3040 2584 quo
3066 2513 3209 2567 illum
3241 2513 3416 2566 mittat
3447 2529 3460 2566 :
3496 2512 3546 2566 in
3580 2511 3811 2566 vineam.
3849 2511 3950 2567 Ubi
3982 2513 4086 2566 ini-

2499 2607 2700 2676 quitas,
2745 2605 2815 2660 ibi
2853 2619 3066 2674 quo-que
3095 2603 3433 2674 supplicium.
3467 2603 3534 2658 Et
3555 2603 3681 2674 quid
3711 2605 3820 2657 ait?
3845 2601 3978 2658 Cum
4009 2606 4089 2658 in-

2500 2698 2664 2751 tuitus
2689 2704 2772 2750 est
2801 2695 2996 2764 ipsum,
3026 2694 3242 2749 Achaab
3271 2693 3406 2748 dixit
3436 2711 3448 2747 :
3479 2691 3722 2747 Invenisti
3750 2710 3828 2747 me
3852 2695 4087 2747 inimicus

2499 2804 2670 2852 meus;
2699 2788 2848 2858 quasi
2876 2787 3079 2841 diceret
3110 2805 3122 2836 :
3157 2786 3325 2841 Reum
3367 2800 3453 2840 me
3491 2784 3922 2856 deprehendisti,
3962 2787 4086 2854 quia

2500 2880 2750 2950 peccavi:
2799 2893 2940 2933 nunc
2970 2879 3061 2933 tibi
3093 2879 3212 2933 data
3242 2888 3325 2934 est
3348 2877 3560 2933 occasio
3599 2877 3729 2932 mihi
3770 2878 4080 2932 insultantli.

2499 2971 2745 3026 Invenisti
2773 2989 2851 3026 me
2867 2973 3097 3026 inimicus
3127 2988 3284 3025 meus.
3320 2969 3453 3038 Quia
3483 2985 3694 3040 semper
3723 2969 3865 3024 Elias
3894 2985 4083 3041 repre-

2498 3061 2765 3117 lieutlebat
2793 3061 3044 3128 Achaab,
3099 3062 3274 3116 sciens
3320 3061 3537 3115 Aehaab
3567 3075 3624 3114 se
3671 3075 3952 3130 peccasse,
4004 3060 4085 3114 'l'u

2499 3155 2712 3225 quidem
2739 3170 2971 3224 semper,
3001 3154 3189 3225 inquit,
3214 3169 3300 3208 me
3329 3152 3760 3224 reprehendebas
3790 3171 3802 3207 :
3831 3167 3969 3207 nunc
3991 3168 4083 3206 au-

2499 3255 2606 3302 tem
2653 3257 2950 3316 Opportune
2981 3245 3108 3300 mihi
3141 3245 3383 3300 insultas.
3420 3243 3633 3299 Sciebat
3659 3245 3800 3299 enim
3849 3259 3908 3300 se
3954 3260 4082 3314 pec-

2498 3352 2669 3392 casse.
2702 3338 2779 3391 Ex
2826 3335 3048 3392 adverso
3080 3335 3264 3391 recitat
3294 3335 3364 3389 illi
3395 3335 3712 3389 sententiam
3752 3351 3764 3386 :
3807 3332 3932 3388 Ila'c
3961 3335 4084 3386 dicit

2499 3427 2784 3482 Dominus:
2807 3427 3056 3493 Quoniam
3085 3427 3329 3491 occidisti,
3345 3437 3390 3480 et
3407 3425 3692 3496 possedisti,
3713 3434 3759 3478 et
3787 3425 4082 3496 sanguinem

2498 3521 2593 3574 viri
2605 3521 2736 3590 justi
2763 3518 3002 3586 e/fudisti,
3041 3519 3112 3572 sic
3137 3517 3420 3585 eﬂ'undetur
3457 3517 3663 3588 sanguis
3694 3526 3829 3578 tuus,
3857 3524 3904 3569 et
3933 3533 4083 3570 canes

2498 3610 2840 3682 lingenteum,
2887 3618 2933 3662 et
2978 3609 3256 3663 meretrices
3295 3607 3530 3662 Iavabunt
3587 3607 3639 3660 in
3684 3607 3927 3677 sanguine
3973 3616 4078 3660 tuo.

2495 3699 2622 3756 ﬂare
2650 3715 2769 3755 cum
2793 3700 3048 3756 audiisset
3073 3700 3309 3768 Achaab,
3335 3699 3680 3755 contristatus
3705 3708 3814 3763 est,
3861 3707 3913 3753 et
3954 3713 4080 3768 pro-

2495 3801 2615 3860 pter
2637 3802 2910 3859 peccatum
2938 3807 3087 3845 suum
3120 3791 3379 3860 plorabat.
3400 3790 3625 3860 Agnovit
3643 3789 3994 3860 iniquitatem,
4029 3797 4082 3843 et

2495 3882 2653 3936 latam
2691 3882 2744 3935 in
2789 3896 2909 3936 eum
2938 3882 3258 3936 sententiain
3291 3879 3562 3934 revocavit
3608 3879 3768 3933 Deus.
3796 3878 3898 3934 Sed
3931 3880 4079 3948 prius

2495 3973 2628 4028 Elite
2656 3988 2713 4026 se
2742 3973 3016 4027 excusavit
3066 3972 3226 4036 Deus,
3260 3985 3326 4024 ne
3351 3970 3486 4024 forte
3514 3969 3739 4023 mendax
3788 3968 4076 4034 videretur,

2495 4065 2648 4135 eique
2678 4061 2964 4127 accideret,
2995 4060 3132 4129 quod
3160 4059 3309 4113 Iona:
3338 4057 3529 4112 accidit
3553 4059 3570 4089 ¹
3605 4076 3617 4111 :
3653 4060 3756 4112 tale
3780 4058 3904 4128 quid
3931 4059 4074 4113 enim

2496 4168 2682 4224 passus
2711 4161 2795 4207 est
2822 4162 2875 4206 et
2899 4151 3082 4206 Jonas.
3116 4149 3256 4202 Dixit
3283 4147 3356 4202 illi
3401 4148 3539 4202 Deus
3573 4166 3586 4202 :
3615 4146 3792 4214 Vade,
3845 4148 4076 4218 przedica

2495 4246 2546 4300 in
2572 4245 2760 4299 Ninive
2789 4243 3021 4305 civitate,
3062 4241 3112 4294 in
3157 4254 3260 4309 qua
3293 4238 3531 4294 habitant
3561 4251 3774 4295 centum
3804 4249 3858 4295 et
3888 4240 4076 4309 viginti

2493 4335 2653 4389 millia
2686 4334 2956 4388 hominum
2981 4331 3176 4398 absque
3198 4330 3505 4384 mulieribus
3526 4341 3579 4385 et
3604 4332 3870 4400 parvulis:
3896 4331 4078 4382 Adhuc

2493 4437 2588 4480 tres
2611 4426 2716 4478 dies
2738 4465 2753 4491 ,
2803 4434 2849 4478 et
2898 4420 3084 4477 Ninive
3121 4421 3429 4474 subvertetur
3475 4420 3618 4492 (Ion.
3652 4424 3701 4476 l.
3733 4421 3810 4491 2).
3851 4419 4076 4474 Nolebat

2491 4519 2638 4572 abire
2665 4516 2858 4580 Jonas,
2909 4520 3090 4580 utpote
3120 4512 3205 4565 cui
3234 4522 3354 4566 uota
3382 4522 3520 4568 esset
3551 4513 3642 4568 Dei
3674 4508 4072 4572 misericordia;

2490 4610 2584 4664 sed
2612 4608 2737 4679 quid
2766 4604 2928 4661 facit?
2955 4603 3009 4657 lu
3057 4602 3228 4674 fugam
3259 4608 3587 4660 convertitur
3615 4623 3630 4657 :
3663 4606 3737 4657 ait
3761 4605 3924 4665 enim,
3961 4600 4073 4669 Ego

2490 4700 2878 4770 prredicaturus
2918 4695 3074 4749 abibo
3104 4713 3116 4749 :
3141 4707 3195 4750 tu
3221 4711 3339 4751 cum
3387 4697 3690 4750 misericors
3721 4694 3792 4746 sis
3812 4734 3827 4758 ,
3855 4702 4074 4745 senten-

2492 4792 2615 4846 tiam
2644 4788 2904 4851 mutabis;
2948 4796 3000 4840 at
3027 4803 3124 4856 ego
3163 4795 3429 4858 tamquam
3465 4787 3630 4840 falsus
3657 4783 3915 4853 prapheta
3962 4792 4071 4837 tru-

2489 4881 2729 4936 cidabor.
2765 4877 3132 4933 Verumtamen
3161 4889 3440 4949 exceptum
3472 4876 3622 4930 illum
3644 4889 3790 4928 mare
3816 4889 3922 4929 non
3944 4875 4070 4928 abs-

2489 4973 2709 5038 condit,
2761 4969 2857 5024 scd
2895 4977 3050 5024 terrae
3094 4971 3244 5026 illum
3292 4968 3558 5031 reddidit,
3591 4973 3645 5020 et
3672 4966 3874 5021 salvum
3919 4967 4068 5020 illum

2489 5063 2678 5118 Ninive
2727 5061 3149 5132 incolumemque
3189 5059 3452 5122 servavit,
3499 5065 3553 5111 et
3583 5064 3829 5126 tanquam
3869 5057 4067 5126 Optima

2489 5167 2747 5209 conserva
2773 5167 2924 5206 suum
2939 5166 3252 5206 conservum
3270 5146 3574 5204 custodivit.
3611 5145 3876 5202 Descendit
3900 5147 4066 5208 enim,

2491 5243 2681 5313 inquit,
2725 5241 2886 5296 Jonas
2928 5251 2984 5296 ut
3030 5245 3242 5314 fugeret,
3267 5248 3314 5293 et
3338 5237 3524 5291 invenit
3564 5237 3729 5292 navim
3775 5247 3972 5294 euntem
4018 5236 4071 5288 in

2498 5331 2798 5399 Tharsis,et
2817 5331 2959 5387 dedit
2987 5332 3206 5385 naulum
3219 5329 3333 5396 ejus
3355 5333 3402 5378 et
3426 5330 3660 5381 ascendit
3682 5330 3734 5382 in
3764 5343 3880 5382 eam
3908 5325 4037 5397 (Jan
4058 5363 4072 5376 .

2497 5424 2548 5479 1.
2578 5424 2632 5488 5)
2658 5427 2752 5494 (a).
2794 5423 2914 5492 Quo
2952 5423 3112 5494 fugis,
3145 5435 3178 5475 ο
3200 5417 3375 5473 Joua?
3405 5433 3532 5472 num
3565 5420 3726 5474 aliam
3765 5421 3820 5473 in
3867 5431 4007 5470 terra
4024 5435 4072 5469 nt

2558 5605 2573 5636 ³
2609 5611 2741 5654 Hunc
2781 5601 3013 5667 locumin
3035 5593 3175 5667 Savil.
3215 5600 3285 5667 et_
3303 5591 3410 5667 aliis
3451 5596 3625 5667 partim
3657 5589 4074 5667 diif‘ercgtetnusic

2489 5651 2961 5726 rectein‘t'erpretari
3003 5658 3194 5726 videtur
3207 5656 3347 5726 .:.sed
3543 5667 3652 5726 qua:
3685 5655 3749 5702 ad
3780 5651 3940 5726 etiam
3958 5661 4074 5726 spe:

2488 5708 2626 5778 ἓῖὧῖἷ
2637 5708 2934 5782 diiééiiafifé
2944 5708 3154 5771 mendax
3175 5708 3394 5768 videatut:
3403 5708 3712 5780 Etias,'eique
3733 5713 3925 5762 accidat
3947 5708 4073 5774 quod

2487 5797 2624 5839 Jona:
2645 5787 2843 5837 accidit.

2554 5871 2627 5932 (a)
2661 5876 2774 5932 cum
2819 5866 2896 5913 his
2930 5859 3096 5932 co_nfer
3128 5874 3186 5913 ea
3210 5875 3318 5927 qua:
3341 5862 3565 5914 dicuntur
3588 5869 3732 5923 supra
3754 5853 3927 5905 ttomil.
3953 5855 3971 5904 ι
4009 5854 4073 5904 de

2497 5926 2797 5986 l’uénitentia,
2817 5937 2950 5974 num.
2971 5926 3020 5973 5.
