4408 6684
268 422 375 480 281

270 532 457 604 λέγει·
496 537 783 610 Παράνομε
828 538 921 591 καὶ
962 535 1313 604 ἐναγέστατε,
1360 531 1513 599 μοιχέ
1543 531 1636 584 καὶ
1670 529 1855 601 φονεῦ,

268 628 544 693 τοσαύτας
576 631 739 701 τιμὰς
786 629 951 693 ἐδέξω
996 625 1146 695 παρὰ
1183 621 1276 673 τοῦ
1320 620 1474 688 Θεοῦ,
1519 624 1614 676 καὶ
1647 622 1711 675 σὺ
1759 620 1859 683 τάς

271 719 499 785 ἐντολάς
531 721 696 775 αὑτοῦ
743 719 1168 784 κατεπάτησας;
1220 712 1385 767 Οὐδὲν
1420 712 1658 770 τοιοῦτον
1706 706 1861 765 εἶπεν

268 811 299 863 6
327 808 535 878 Νάθαν,
557 812 643 865 ἴνα
665 812 738 881 μὴ
755 805 1233 876 ἀναισχυντότερον
1258 805 1420 859 αὑτὸν
1440 802 1823 875 ἀπεργάσηται
1842 814 1856 828 ⁸

267 902 711 975 δημοσιευόμενα
738 900 847 969 γὰρ
874 896 943 949 τά
975 896 1347 968 ἁμαρτήματα
1375 899 1454 961 είς
1476 890 1861 962 ἀναισχυντίαν

271 996 635 1067 προκαλεῖται
656 996 748 1044 τὸν
774 987 1153 1058 ἡμαρτηκότα.
1194 990 1452 1061 Ἔρχεται
1479 983 1572 1041 οὖν
1599 983 1735 1054 πρὸς
1765 982 1864 1036 αύ-

269 1087 369 1139 τὸν
408 1088 504 1141 καὶ
527 1085 711 1153 δρᾶμα
735 1081 890 1150 δίκης
926 1080 1171 1149 ὑφαίνει·
1203 1082 1298 1135 καὶ
1325 1081 1378 1133 τί
1411 1094 1580 1147 φησι;
1608 1075 1860 1140 Βασιλεῦ,

272 1173 402 1244 δίκη
437 1172 526 1242 μοί
560 1173 677 1222 ἐστι
706 1168 843 1239 πρὸς
875 1169 953 1224 σέ.
985 1164 1094 1223 Ἦν
1123 1188 1208 1234 τις
1251 1167 1506 1231 πλούσιος
1545 1166 1640 1219 καὶ
1675 1160 1743 1237 ἦν
1779 1181 1864 1229 τις

275 1264 452 1331 πένης
472 1276 485 1289 ·
524 1254 636 1329 εἶχε
673 1259 731 1311 δέ
761 1259 790 1311 6
824 1259 1077 1326 πλούσιος
1106 1259 1359 1332 βουκόλια
1384 1259 1477 1312 καὶ
1503 1259 1704 1329 ἀγέλας
1736 1257 1866 1310 πολ-

274 1355 413 1415 λάς⁸
444 1347 512 1420 ἦν
543 1349 599 1402 δὲ
634 1352 731 1407 καὶ
762 1353 790 1404 6
824 1352 991 1425 πένης
1023 1354 1163 1423 ἔχων
1195 1351 1411 1422 ἀμνάδα
1449 1352 1600 1423 μίαν,
1640 1353 1759 1421 ἥτις
1799 1351 1865 1403 ἐκ

273 1445 374 1498 τοῦ
406 1442 667 1514 ποτηρίου
706 1445 868 1499 αὑτοῦ
898 1446 1068 1513 έπινε,
1102 1446 1197 1499 καὶ
1230 1447 1295 1499 ἐκ
1322 1446 1424 1516 τῆς
1451 1444 1732 1515 τραπέζης
1768 1444 1867 1497 αύ-

272 1536 373 1590 τοῦ
422 1535 598 1605 ήσθιε,
648 1538 742 1591 καὶ
786 1539 844 1592 ἐν
883 1538 960 1610 τῷ
1005 1540 1189 1609 κόλπῳ
1221 1538 1384 1594 αὑτοῦ
1418 1535 1738 1592 ἐκάθευδεν·
1781 1535 1867 1587 ἐν·

274 1626 459 1682 ταῦθα
515 1629 575 1680 τὸ
622 1630 846 1700 γνήσιον
898 1630 993 1683 τοῦ
1047 1629 1241 1697 ἀνδρὸς
1295 1627 1429 1697 πρὸς
1476 1625 1574 1694 τὴν
1635 1628 1869 1693 γυναῖκα

274 1718 552 1773 δείκνυσιν
572 1734 585 1748 ⁸
617 1721 860 1785 ἐλθόντος
894 1722 950 1773 δὲ
979 1720 1130 1786 ξένου
1170 1716 1335 1780 τινὸς,
1370 1716 1624 1785 ἐφείσατο
1650 1718 1678 1769 6
1706 1714 1869 1768 πλούς

279 1826 397 1872 σιος
425 1810 531 1862 τῶν
558 1811 701 1865 ίδίων
732 1824 782 1877 α,
816 1814 911 1866 καὶ
940 1809 1119 1864 λαϐὼν
1141 1809 1241 1879 τὴν
1272 1807 1484 1878 ἀμνάδα
1514 1806 1607 1861 τοῦ
1637 1808 1868 1879 πένητος

276 1900 514 1969 ἔσφαξεν
545 1904 734 1971 αύτὴν.
767 1899 920 1964 Εἶδες
943 1899 1059 1963 πῶς
1080 1898 1313 1952 ἐνταῦθα
1337 1899 1549 1968 ὑφαίνει
1575 1900 1635 1951 τὸ
1658 1899 1865 1974 δρᾶμα,

277 1991 359 2060 τῷ
400 1992 623 2062 σπόγγῳ
671 1989 1147 2059 ἐπικεκρυμμένον
1194 1986 1331 2058 ἔχων
1378 1988 1438 2041 τὸ
1477 1988 1754 2060 σιδήριον;
1802 1988 1868 2041 Τί

277 2081 375 2138 οὖν
408 2087 436 2138 6
471 2084 757 2155 βασιλεύς;
797 2080 1054 2153 Νομίζων
1084 2081 1225 2135 κατὰ
1253 2082 1412 2136 ἄλλου
1446 2082 1865 2152 ἀποφαίνεσθαι,

278 2174 548 2246 ὀξυτάτην
591 2176 836 2247 ἐπήγαγε
884 2172 982 2243 τὴν
1031 2172 1324 2241 ἀπόφασιν.
1384 2172 1625 2225 Τοιοῦτοι
1673 2171 1780 2242 γάρ
1818 2173 1868 2224 οί

280 2265 597 2337 ἄνθρωποι·
636 2266 780 2319 κατά
832 2262 941 2320 τῶν
992 2261 1168 2316 ἄλλων
1213 2263 1378 2335 ἡδέως
1422 2262 1521 2325 τάς
1567 2262 1872 2330 ἀποφάσεις

282 2358 381 2410 καὶ⁵
408 2358 698 2427 ἀποτόμως
734 2354 1013 2409 ποιοῦνται
1050 2354 1143 2407 καὶ
1170 2353 1455 2409 ἐκδιδόασι.
1495 2354 1606 2408 Καὶ
1626 2353 1678 2405 τί
1705 2369 1870 2423 φησιν

282 2451 313 2501 6
354 2449 550 2513 Δαυῖδ;
598 2447 685 2516 Ζῇ
719 2448 952 2514 Κύριος,
1002 2445 1170 2510 ἄξιος
1210 2446 1468 2499 θανάτου
1514 2448 1547 2498 ό
1583 2443 1867 2508 τοιοῦτος,

284 2535 385 2588 καί
416 2535 715 2589 ἀποδώσει
744 2534 859 2601 τὴν
883 2533 1118 2602 ἀμνάδα
1148 2534 1649 2601 τετραπλασιόνα.
1686 2533 1750 2584 Τί
1779 2530 1873 2585 οὖν

282 2629 316 2679 6
346 2628 567 2687 Νάθανς
603 2629 716 2681 Ούκ
757 2626 994 2697 ἐμάλαξε
1029 2629 1250 2692 πολλαῖς
1284 2628 1455 2699 ῶραις
1497 2625 1594 2698 τὴν
1635 2626 1871 2698 πληγὴν,

287 2722 406 2775 ἀλλ’
450 2723 609 2786 εὐθυς
645 2721 911 2791 ἐκφαίνει,
949 2722 1041 2773 καὶ
1081 2720 1343 2791 ὀξυτάτην
1370 2721 1618 2788 ἐπήγαγε
1652 2717 1751 2789 τὴν
1788 2735 1875 2769 το-

292 2813 422 2883 μὴν,
460 2814 549 2867 ἵνα
600 2814 672 2885 μὴ
726 2811 899 2883 κλέψῃ
933 2814 1030 2882 τὴν
1066 2812 1314 2883 αἴσθησιν
1361 2810 1455 2864 τοῦ
1490 2810 1652 2863 πόνου
1694 2809 1743 2863 ι).
1789 2808 1873 2863 Σὺ

286 2902 363 2963 εἴ.
412 2904 653 2975 βασιλεῦ.
690 2905 754 2960 Τί
781 2900 872 2958 οῦν
904 2906 931 2958 6
959 2903 1209 2974 βασιλεύς
1239 2920 1430 2973 φησιν;
1464 2903 1767 2970 ’Ἡμαρτον
1794 2898 1874 2964 τῷ

289 2996 506 3063 Κυρίῳ.
543 2996 657 3048 οὐκ
686 2990 830 3057 εἷπε,
878 2993 970 3056 Τίς
999 2993 1107 3063 γάρ
1157 2987 1254 3045 εἷὸ
1286 2990 1525 3059 ἐλέγχων
1557 3005 1659 3059 με;
1693 2988 1777 3051 τίς
1816 2987 1874 3041 δέ

294 3104 354 3138 σε
382 3086 667 3143 ἀπέστειλε
698 3084 1207 3158 παρῤησιάζεσθαις
1241 3082 1373 3153 ποία
1406 3082 1462 3135 δέ
1502 3082 1672 3153 τόλμῃ
1715 3080 1875 3134 τοῦτο

292 3180 637 3249 πεποίηκας;
695 3179 858 3231 Οὐδὲν
909 3178 1148 3229 τοιοῦτον
1199 3170 1386 3238 εἶπεν,
1448 3173 1582 3227 ἁλλὰ
1634 3175 1875 3243 συνέγνω

290 3270 393 3341 τήν
424 3271 718 3341 ἁμαρτίαν,
774 3271 881 3323 Καὶ
924 3270 977 3322 τί
1018 3284 1217 3339 φησινς
1270 3266 1612 3337 Ἦμάρτηκα
1649 3266 1728 3331 τῷ
1762 3271 1875 3320 Κυ-

290 3364 419 3431 ρίῳ.
444 3363 507 3415 Τί
533 3358 623 3416 οὖν
651 3364 679 3415 6
710 3361 895 3415 Νάθαν
926 3361 1059 3431 πρὸς
1085 3360 1248 3413 αὐτόν
1273 3374 1287 3423 ;
1316 3359 1425 3412 Καὶ
1448 3361 1660 3426 Κύριος
1677 3356 1875 3425 ἀφῆκε

293 3454 363 3507 τὸ
407 3452 719 3522 ἁμάρτημά
771 3468 917 3506 σου·
974 3450 1165 3504 ἑαυτὸν
1204 3450 1584 3511 κατεδίκασας,
1637 3447 1747 3516 ἐγώ
1794 3466 1876 3503 σοι

297 3544 566 3615 συγχωρῶ
597 3544 695 3617 τὴν
724 3543 1019 3613 καταδίκην
1040 3559 1053 3572 ·
1105 3540 1463 3610 εὐγνωμόνως
1493 3540 1872 3611 ὡμολόγησας,

294 3635 494 3697 ἔλυσας
530 3635 630 3706 τὴν
673 3633 981 3707 ἁμαρτίαν·
1033 3632 1211 3703 σαυτῷ
1239 3631 1338 3702 τὴν
1384 3630 1680 3702 καταδίκην
1725 3630 1878 3704 [290]

296 3730 630 3791 ἐπεσπάσω,
686 3727 797 3796 ἐγὼ
848 3726 1013 3780 ἔλυσα
1067 3725 1162 3796 τὴν
1211 3724 1505 3791 ἀπόφασιν.
1560 3719 1713 3788 Εἶδες
1760 3724 1878 3789 πῶς

298 3816 594 3889 ἐπληρώθη
630 3818 689 3871 τὸ
727 3817 1136 3889 γεγραμμένον,
1180 3813 1329 3881 Λέγε
1365 3813 1448 3867 σὺ
1482 3813 1589 3880 τὰς
1627 3815 1879 3884 ἀνομίας

295 3926 418 3964 σου
445 3909 698 3977 πρῶτος,
735 3912 835 3962 ἵνα
862 3903 1211 3972 δικαιωθῇς
1260 3905 1419 3967 Ποῖος
1457 3905 1703 3975 κάματος
1725 3900 1879 3969 οὗτος

294 4003 360 4055 τὸ
388 4004 563 4054 εἰπεῖν
599 4002 815 4071 πρῶτον
840 4001 939 4069 τὴν
971 3995 1247 4067 ἁμαρτίαν
1271 4012 1287 4061 ς

371 4100 441 4165 γ’.
484 4094 663 4164 Ἔχεις
692 4094 751 4146 δὲ
779 4089 1066 4164 μετανοίας
1098 4086 1214 4139 ὁδὸν
1251 4085 1344 4139 καὶ
1386 4085 1597 4159 ἐτέραν·
1630 4086 1788 4140 ποίαν
1814 4086 1880 4160 δὴ

294 4186 505 4257 ταύτην
520 4204 534 4253 ;
552 4187 623 4239 T6
643 4184 908 4254 πενθῆσαι
928 4180 1026 4251 τὴν
1049 4178 1324 4249 ἁμαρτίαν
1343 4190 1363 4218 ε
1378 4218 1391 4233 .
1413 4179 1700 4251 ’Ἦμαρτες
1717 4198 1731 4246 ;
1751 4178 1879 4231 πέν-

297 4280 503 4350 θησον,
544 4279 637 4330 καὶ
676 4276 823 4339 λύεις
862 4275 962 4345 τὴν
995 4272 1295 4343 ἁμαρτίαν.
1328 4273 1486 4336 Ποῖος
1515 4272 1763 4343 κάματος
1792 4267 1881 4328 οὗ·

297 4386 423 4434 τος;
448 4367 599 4420 οὐδέν
622 4383 679 4418 σε
701 4364 862 4418 πλέον
884 4362 1122 4424 ἀπαιτῶ,
1153 4362 1186 4433 ἢ
1208 4363 1269 4416 τὸ
1290 4363 1555 4434 πενθῆσαι
1580 4363 1678 4433 τὴν
1707 4366 1885 4437 άμαρο

297 4460 427 4516 τίαν
454 4475 468 4489 ·
492 4459 553 4510 ού
579 4456 724 4525 λέγω
760 4471 840 4508 σοι
874 4454 1085 4525 πελάγη
1128 4458 1338 4524 τεμεῖν,
1369 4454 1493 4509 οὔτε
1534 4458 1615 4517 εἰς
1657 4455 1886 4527 λιμένας

300 4552 659 4618 καταγαγεῖν,
711 4546 833 4603 οὔτε
880 4548 1250 4617 ὁδοιπορῆσαι,
1307 4548 1428 4602 οὔτε
1486 4547 1605 4601 ὁδὸν
1660 4547 1887 4620 ἄπειρον

301 4643 583 4702 ἀπελθεῖν,
616 4640 739 4695 οὔτε
774 4639 1070 4710 χρημάτων
1107 4639 1434 4711 καταϐολὴν,
1468 4636 1591 4691 οὔτε
1628 4640 1890 4709 κυμάτων

304 4734 518 4807 ἀγρίων
550 4731 877 4801 ποιήσασθαι
905 4729 1098 4793 δίοδον,
1120 4728 1256 4783 ἀλλά
1274 4731 1361 4795 τί;
1394 4728 1669 4800 Πένθησον
1697 4732 1789 4785 ἐπὶ⁵
1820 4735 1888 4803 τῇ

304 4823 573 4894 ἁμαρτίᾳ.
614 4823 724 4875 Καὶ
749 4820 910 4875 πόθεν
944 4820 1122 4884 τοῦτο,
1162 4823 1347 4891 φησὶν,
1378 4823 1459 4875 ὅτι
1487 4820 1579 4874 ἐὰν
1610 4824 1887 4895 πενθήσω,

304 4914 424 4972 λύω
454 4914 550 4985 τὴν
593 4912 902 4984 ἁμαρτίαν;
939 4913 1123 4983 Ἔχεις
1161 4914 1257 4967 καὶ
1289 4911 1480 4969 τούτου
1514 4913 1791 4982 ἀπόδειξιν
1829 4917 1893 4969 ἐκ

305 5007 411 5075 τῆς
436 5002 585 5067 θείας
614 5003 858 5075 Γραφῆς.
884 4999 991 5057 Ἦν
1013 5022 1095 5068 τις
1128 5006 1331 5077 ’Δχαάϐ
1361 5004 1612 5075 βασιλεύς
1638 5024 1653 5039 ·
1680 5007 1892 5071 δίκαιος

305 5099 366 5150 δὲ
406 5091 558 5157 οὗτος
603 5099 959 5167 μαρτυρεῖται
984 5114 997 5127 ·
1027 5097 1341 5152 ἐϐασίλευσε
1375 5098 1431 5150 δέ
1462 5090 1617 5159 οὗτος
1644 5100 1725 5162 είς
1749 5100 1897 5155 κακὰ

308 5188 420 5242 ὑπὸ
459 5187 692 5250 Ἰεζάϐελ
721 5189 821 5255 τῆς
850 5191 1107 5256 γυναικὸς
1141 5191 1306 5245 αὐτοῦ
1334 5205 1348 5220 ·
1377 5182 1533 5253 οὗτός
1584 5207 1728 5256 τινος
1778 5193 1894 5248 Να-

313 5277 479 5331 ϐουθέ
520 5275 880 5346 ἰεζραηλίτου
932 5279 1232 5347 ἀμπελῶνα
1260 5278 1606 5350 ἐπεθύμησε,
1655 5280 1750 5333 καὶ
1788 5283 1897 5335 άπ-

313 5370 523 5427 ἑστειλε
550 5369 683 5441 πρὸς
705 5367 867 5420 αὑτὸν
886 5368 1061 5435 λέγων
1080 5386 1092 5398 ·
1113 5372 1211 5435 Δός
1243 5389 1331 5442 μοι
1358 5370 1450 5424 τὸν
1472 5371 1777 5441 ἀμπελῶνά
1802 5393 1896 5430 σου

312 5464 374 5521 ὃν
416 5463 759 5535 ἐπεθύμησα,
799 5462 893 5515 καὶ
939 5462 972 5533 ἡ
1013 5465 1277 5535 ἀργύριον
1317 5465 1445 5518 λαϐὲ
1499 5465 1628 5535 παρ’
1668 5466 1826 5536 ἐμοῦ,
1863 5469 1896 5539 ἢ

316 5556 674 5627 ἀντάλλαγμα
712 5555 805 5609 τοῦ
838 5554 1022 5608 τόπου.
1059 5555 1115 5609 ’0
1139 5556 1195 5609 δέ
1226 5554 1347 5611 εἷπε
1380 5575 1393 5588 ⁸
1425 5558 1515 5629 Μή
1558 5575 1646 5628 μοι
1684 5562 1898 5629 γένοιτο

387 5690 413 5751 _'
436 5689 650 5739 Samius
667 5692 762 5739 τῶν
786 5691 990 5740 οἰκείων.
1012 5688 1142 5751 quod
1171 5691 1345 5739 eodem
1372 5692 1562 5740 recidit.
1592 5692 1724 5742 Ευιτ.

386 5749 415 5789 δ
445 5751 555 5799 Mss.
580 5751 666 5800 τοῦ
688 5754 848 5814 φόνου.

390 5814 413 5843 ⁸
446 5813 543 5862 Alii
570 5815 653 5868 τὴν
676 5813 844 5869 αἰτίαν.

1436 414 1521 467 οε
1555 412 2023 470 ΜΕΝΙΤΙΞΝΤΙΑ.
2068 413 2298 468 IIOMIL.
2339 412 2403 468 ll.

3433 416 3538 471 ⁸288

1962 527 2327 598 κληρονομίαν
2348 527 2599 601 πατέρων
2624 548 2724 602 μου
2752 529 2997 601 πωλῆσαι
3021 544 3123 582 σοι.
3168 528 3226 582 Ὀ
3246 526 3301 581 δέ
3337 526 3540 597 Ἀχαάϐ

1962 617 2227 687 ἐπεθύμει
2275 619 2373 691 μὲν
2419 618 2512 673 τοῦ
2551 620 2871 691 ἀμπελῶνος
2896 638 2909 650 ο
2941 620 3042 672 οὐκ
3073 619 3231 689 ἤθελε
3260 618 3317 672 δέ
3350 616 3542 686 βιάσα-

1964 706 2088 762 σθαι
2119 710 2303 774 αὐτὸν,
2327 710 2402 773 ὼς
2428 713 2493 764 ἐκ
2519 711 2707 765 τούτου
2741 710 2979 766 κακώσει
3005 711 3164 764 αὑτὸν
3197 711 3537 783 περιπεσεῖν.

1960 800 2293 855 Είσελθοῦσα
2339 802 2397 855 δέ
2431 802 2567 873 πρὸς
2612 802 2773 856 αὐτὸν
2816 802 3082 867 Ἰεζάϐελ,
3122 801 3342 870 γύναιον
3388 800 3544 855 ἀναί-

1963 911 2186 966 σχυντον
2210 894 2303 947 καὶ
2324 893 2790 965 ἀπηγορευμένον,
2812 894 3115 963 ἀκάθαρτον
3138 895 3232 947 καὶ
3254 894 3546 962 ἐναγέσταν

1961 1004 2074 1053 τον,
2108 987 2240 1059 φησί
2266 1001 2280 1017 ·
2317 986 2383 1040 Τί
2409 987 2576 1057 λυπῇ,
2610 987 2704 1040 καὶ
2729 986 2828 1039 οὐκ
2853 985 3053 1049 ἐσθίεις
3073 1004 3087 1050 ;
3111 986 3338 1050 ἀνάστα,
3364 986 3507 1057 φάγε
3526 1003 3541 1018 ·

1962 1076 2076 1145 ἐγώ
2114 1092 2173 1129 σε
2221 1076 2360 1132 ποιῶ
2401 1077 2804 1149 κληρονομῆσαι
2840 1077 2931 1129 τὸν
2969 1074 3270 1146 ἀμπελῶνα
3300 1075 3544 1133 Ναϐουοέ

1962 1166 2058 1221 τοῦ
2102 1166 2489 1239 Ἰεζραηλίτου.
2521 1169 2631 1221 Καὶ
2662 1167 2899 1221 λαϐοῦσα
2928 1168 3132 1238 γράφει
3170 1165 3456 1236 ἐπιστολὴν
3479 1167 3543 1221 ἐκ

1963 1258 2256 1333 προσώπου
2305 1259 2400 1312 τοῦ
2456 1259 2723 1328 βασιλέως
2755 1259 2892 1331 πρὸς
2924 1260 3051 1321 τοὺς
3096 1259 3544 1331 πρεσϐυτέρους,

1963 1353 2200 1423 λέγουσα
2225 1368 2239 1382 ⁸
2278 1350 2569 1424 Κηρύξατε
2613 1350 2890 1421 νηστείαν,
2932 1352 3026 1404 καὶ
3070 1352 3303 1423 στήσατε
3350 1352 3547 1423 ἄνδρας

1962 1444 2176 1515 ψευδεῖς
2211 1443 2353 1498 κατά
2386 1441 2655 1508 Ναϐουθέ,
2703 1442 2785 1495 ὅτι
2811 1441 3072 1512 εύλόγησε
3102 1441 3236 1495 Θεὸν
3266 1441 3359 1497 καὶ
3392 1442 3547 1511 βασισ-

1963 1537 2081 1601 λέα,
2115 1537 2413 1603 τουτέστιν,
2454 1535 2897 1606 ἐϐλασφήμησεν.
2942 1536 3008 1587 Ὢ
3038 1535 3260 1606 νηστεία
3295 1536 3548 1591 ἐπιτέτατ-

1970 1628 2138 1702 μένης
2199 1631 2299 1697 τῆς
2361 1628 2709 1700 παρανομίας
2766 1627 3170 1699 πεπληρωμένη
3201 1645 3216 1660 ο
3273 1626 3547 1698 ἐκήρυξαν

1966 1720 2240 1789 νηστείαν,
2272 1721 2360 1774 ἵνα
2388 1723 2547 1791 φόνον
2579 1722 2868 1791 ποιήσωσι.
2902 1719 2967 1772 Τί
2992 1715 3085 1773 οὖν
3111 1720 3368 1787 γέγονεν;
3414 1720 3551 1772 Ἐλι-

1968 1808 2141 1880 θάσθη
2192 1809 2464 1873 Ναϐουθὲ,
2494 1809 2591 1865 καὶ
2616 1809 2878 1866 ἀπέθανε.
2910 1808 3176 1863 Μαθοῦσα
3217 1808 3275 1863 δὲ
3317 1808 3553 1873 Ἰεζάϐελ

1967 1903 2114 1972 λέγει
2144 1902 2219 1973 τῷ
2247 1903 2452 1973 ’Δχαάϐ
2470 1918 2485 1933 ⁸
2520 1903 2775 1964 Ἀνάστα,
2808 1902 3309 1972 κληρονομήσωμεν
3337 1902 3428 1958 τὸν
3450 1901 3555 1971 ἀμφ

1968 1995 2204 2057 πελῶνα,
2232 1997 2315 2049 ὅτι
2346 1994 2584 2049 ἀπέθανε
2613 1992 2885 2048 Ναϐουθέ.
2925 1992 2983 2045 '0
3016 1992 3074 2045 δὲ
3104 1992 3367 2062 λυπηθεὶς
3416 1992 3553 2062 πρὸς

1967 2090 2027 2143 τὸ
2047 2091 2244 2161 παρὸν,
2278 2088 2497 2161 εἰσῆλθε
2522 2087 2729 2158 μέντοι,
2760 2086 2855 2140 καὶ
2884 2084 3293 2157 ἐκληρονόμησε
3329 2084 3416 2137 τὸν
3448 2086 3556 2154 άμο

1968 2181 2205 2236 πελῶνα,
2241 2180 2456 2250 Πέμπει
2487 2180 2623 2250 πρὸς
2657 2178 2819 2233 αὐτόν
2847 2181 2876 2231 6
2905 2177 3037 2242 Θεὸς
3073 2176 3261 2231 Ἠλίαν
3288 2175 3380 2228 τὸν
3419 2192 3556 2247 προ-

1969 2274 2147 2344 φήτην
2173 2290 2187 2303 ·
2217 2274 2479 2335 ’Λπελθε,
2507 2274 2694 2343 φησὶν,
2727 2272 2882 2326 εἰπὸν
2908 2271 2987 2343 τῷ
3024 2272 3247 2343 Ἀχαὰϐ,
3296 2272 3449 2325 Ἀνο⁹
3468 2265 3555 2325 ὧν

1966 2365 2310 2434 ἐφόνευσας
2335 2365 2431 2420 καὶ
2458 2366 2979 2435 ὲιῑηρονόμησας,
3015 2365 3201 2432 οὕτως
3226 2364 3557 2435 ἐκχυθήσεν

1968 2473 2061 2510 ται
2096 2458 2159 2510 τὸ
2196 2452 2340 2527 afﬁci
2372 2472 2511 2521 σου,
2548 2457 2645 2511 καί
2680 2460 2734 2511 οι
2768 2458 2954 2523 κύνες
2997 2456 3271 2521 λείξουσι
3306 2457 3373 2509 τὸ
3417 2452 3562 2527 αἷμά

1971 2563 2110 2615 σου,
2151 2548 2249 2601 καί
2282 2552 2341 2602 αἱ
2375 2550 2589 2617 πόρναι
2621 2549 2951 2603 λούσονται
2981 2547 3051 2601 ἐν
3082 2546 3162 2613 τῷ
3189 2549 3390 2617 αἵματί
3418 2565 3556 2607 σου.

1972 2640 2243 2711 Θεήλατος
2279 2643 2312 2712 ἡ
2346 2641 2506 2712 ὀργὴ,
2537 2642 2922 2712 ἀπηρτισμένη
2961 2643 2994 2711 ἡ
3030 2641 3325 2710 ἀπόφασις,
3355 2643 3563 2711 πεπλη·

1975 2730 2197 2801 ρωμέιη
2228 2733 2260 2800 ἡ
2296 2732 2584 2800 καταδίκη.
2614 2733 2723 2786 Καὶ
2751 2732 2854 2801 ὅρα
2881 2732 2985 2786 ποῦ
3014 2732 3221 2801 πέμπει
3250 2731 3410 2786 αὐτόν
3436 2747 3449 2762 ·
3484 2732 3563 2794 είς

1972 2818 2064 2876 τὸν
2094 2819 2415 2888 ἀμπελῶνα.
2457 2821 2628 2873 Ὅπου
2662 2823 2693 2890 ἡ
2732 2821 3071 2891 παρανομία,
3124 2820 3241 2873 ἐκεῖ
3287 2820 3383 2872 καὶ
3414 2821 3447 2889 ἡ
3481 2837 3563 2872 τιο

1975 2908 2175 2980 μωρία.
2204 2909 2315 2962 Καὶ
2338 2908 2393 2960 τί
2415 2925 2612 2979 φησιν;
2652 2907 2797 2962 Ἰδὼν
2821 2908 2981 2962 αὐτὸν
3015 2908 3219 2978 Ἀχαάϐ
3248 2907 3417 2977 λέγει·
3446 2908 3563 2962 Εὕ-

1966 2994 2160 3064 ρηκάς
2175 3012 2253 3063 με
2278 2999 2309 3049 d
2329 2995 2541 3065 ἐχθρός
2564 3014 2707 3065 μου,
2739 2997 2859 3048 ἀντὶ
2878 2994 2996 3061 τοῦ,
3041 2997 3325 3050 ’Υπαίτιόν
3350 3013 3416 3067 με
3444 2994 3565 3049 ἔλατ

1975 3081 2068 3146 ϐες
2103 3084 2184 3137 ὅτι
2215 3083 2517 3154 ἡμάρτηκα
2542 3096 2557 3110 ⁸
2591 3083 2688 3137 νῦν
2722 3084 2911 3154 καιρὸν
2941 3084 3084 3152 ἔχεις
3109 3081 3418 3153 ἐπεμϐῆναί
3448 3101 3561 3153 μοι.

1976 3170 2253 3240 Εὖρηκάς
2275 3188 2352 3239 με
2379 3174 2411 3224 ό
2439 3171 2654 3238 ἐχθρός
2676 3188 2818 3239 μου.
2866 3170 3087 3241 Ἐπειδὴ
3116 3170 3349 3241 ἡλεγχεν
3398 3170 3487 3224 ἀεὶ
3534 3172 3564 3224 6

1989 3260 2175 3322 Ἦλίας
2197 3259 2288 3313 τὸν
2322 3260 2544 3330 Ἀχαάϐ,
2569 3262 2597 3313 6
2625 3259 2831 3331 ’Δχαάϐ
2858 3258 3015 3323 είδὼς
3038 3260 3122 3312 ὅτι
3147 3260 3420 3331 ἥμαρτεν,
3455 3259 3567 3313 ’Διὶ

1979 3349 2077 3418 μὲν
2094 3350 2324 3420 ήλεγχές
2343 3366 2431 3420 με,
2457 3349 2619 3419 φησί·
2635 3350 2729 3403 νῦν
2748 3350 2805 3403 δὲ
2826 3348 3103 3422 εὐκαίρως
3123 3366 3213 3420 μοι
3231 3348 3533 3411 ἐπιϐαίνεις
3548 3364 3565 3385 ν

1974 3435 2091 3507 ᾔδει
2130 3436 2240 3508 γὰρ
2271 3438 2350 3490 ὅτι
2392 3438 2707 3509 ἡμάρτηκε.
2752 3436 3245 3509 Παραναγινώσκει
3283 3436 3431 3507 αὐτῷ
3467 3437 3568 3506 τὴν

1976 3524 2257 3593 ἀπόφασιν
2274 3540 2289 3556 ·
2314 3523 2459 3581 Τάδε
2472 3526 2637 3595 λέγει
2654 3526 2889 3593 Κύριος,
2914 3524 3099 3595 φησίν·
3136 3525 3294 3579 Ἀνθ²
3315 3518 3404 3577 ὧν
3430 3525 3573 3592 ἐ·ρό-

1976 3630 2044 3666 νε
2052 3629 2205 3678 υσας
2216 3612 2313 3666 καί
2329 3614 2828 3684 ἐκληρονόμησας
2840 3613 2935 3667 καί
2951 3608 3093 3682 αἷμα
3104 3610 3324 3680 ἀνδρὸς
3335 3612 3568 3664 δικαίου

1978 3701 2246 3772 ἐξέχεας,
2284 3702 2472 3769 οὕτως
2500 3700 2901 3770 ἐκχυθήσεται
2935 3700 3002 3755 τὸ
3034 3699 3179 3769 αἷμά
3213 3714 3351 3763 σου,
3380 3699 3478 3753 καί
3514 3704 3568 3753 ιιι

1979 3792 2160 3855 κύνες
2175 3790 2492 3853 λείξουσιν
2511 3789 2664 3862 [291]
2681 3789 2850 3853 αὐτὸ,
2870 3788 2967 3842 καί
2992 3790 3051 3842 αι
3073 3789 3286 3856 πόρναι
3305 3788 3568 3841 ,ἲούσον-

1982 3896 2074 3932 ται
2108 3879 2177 3932 ἐν
2204 3877 2283 3943 τῷ
2323 3879 2524 3947 αἵματί
2560 3894 2697 3931 σου.
2749 3875 3017 3939 Ἀκούσας
3050 3874 3227 3932 ταῦτα
3267 3873 3470 3944 Ἀχαάϐ
3498 3869 3568 3945 ἦν

1984 3966 2395 4038 σκυθρωπάζων
2424 3967 2519 4019 καὶ
2549 3964 2761 4019 πενθῶν
2794 3965 2887 4018 ἐπὶ
2918 3968 2984 4035 τῇ
3011 3962 3259 4034 ἁμαρτία
3282 3980 3296 3994 ο
3328 3962 3572 4031 συνέγνω

1980 4055 2081 4126 τὴν
2106 4055 2343 4118 ἀδικίαν,
2374 4055 2469 4108 καὶ
2499 4053 2657 4110 ἔλυσε
2682 4053 2780 4126 τὴν
2807 4051 2928 4106 κατ’
2957 4051 3124 4104 αὐτοῦ
3155 4049 3338 4120 ψῆφον
3362 4052 3391 4103 6
3416 4050 3571 4113 Θεός.

1995 4143 2158 4196 Ἀλλά
2178 4143 2396 4215 πρῶτον
2419 4141 2800 4213 ἀπελογήσατο
2831 4142 2860 4193 6
2885 4139 3018 4201 Θεὸς
3040 4139 3118 4209 τῷ
3159 4137 3337 4209 Ἠλία,
3373 4138 3462 4191 ἵνα
3494 4138 3570 4213 μὴ

1982 4231 2058 4295 ὡς
2107 4231 2352 4301 ψεύστης
2401 4233 2543 4301 φανῇ
2568 4228 2594 4269 ἀ
2631 4229 2727 4283 καὶ
2763 4227 2909 4299 πάθῃ
2945 4228 3083 4298 ὅπερ
3113 4225 3315 4281 ἔπαθεν
3345 4227 3533 4288 Ἰωνᾶς
3557 4240 3570 4253 ⁸

1983 4319 2227 4375 τοιοῦτον
2256 4320 2365 4390 γὰρ
2395 4318 2600 4387 ὑπέστη
2631 4317 2724 4370 καἹ
2752 4319 2780 4370 6
2814 4317 3018 4377 Ἰωνᾶς.
3049 4314 3214 4381 Λέγει
3246 4312 3381 4384 πρὸς
3410 4313 3575 4366 αὐτὸν

1985 4409 2013 4460 6
2032 4406 2164 4469 Θεός
2188 4424 2203 4441 ·
2240 4404 2499 4469 Ἀπελθε,
2536 4402 2770 4475 κήρυξον
2800 4404 2880 4465 είς
2906 4398 3096 4455 Νινευῒ
3126 4400 3226 4470 τὴν
3259 4399 3416 4453 πόλιν
3449 4401 3507 4451 ἐν

1987 4491 2300 4547 κατοικοῦσι
2325 4492 2534 4549 δώδεκα
2564 4488 2823 4562 μυριάδες
2854 4486 3159 4558 ἀνθρώπων
3186 4487 3355 4559 χωρὶς
3391 4504 3579 4554 γυναι-

1989 4581 2099 4637 κῶν
2128 4583 2225 4635 καὶ
2255 4581 2485 4635 παιδίων
2502 4597 2518 4612 ·
2549 4582 2678 4634 Ἔτι
2704 4578 2861 4648 τρεῖς
2881 4577 3224 4649 ήμέραι,καὶ
3246 4578 3457 4632 Νινευῒ
3474 4595 3578 4631 κα-

1989 4670 2498 4741 ταστραφήσεται.
2540 4668 2600 4721 '0
2641 4668 2825 4731 Ἰωνᾶς
2861 4666 2963 4720 ούκ
3007 4664 3267 4735 ἠϐούλετο
3298 4664 3577 4729 ἀπελθεῖν,

1991 4761 2147 4827 εἰδὼς
2173 4762 2271 4833 τὴν
2287 4759 2383 4813 τοῦ
2414 4757 2551 4812 Θεοῦ
2573 4754 2981 4827 φιλανθρωπίαν
3002 4772 3016 4786 ·
3041 4753 3180 4809 ἀλλά
3204 4752 3258 4808 τί
3285 4756 3459 4821 ποιεί;
3484 4754 3579 4818 Εἰς

1993 4853 2172 4923 φυγὴν
2194 4849 2453 4921 τρέπεται
2471 4861 2484 4874 ⁸
2513 4846 2660 4916 λέγει
2691 4844 2821 4917 γὰρ,
2863 4844 3008 4914 Ἐγὼ
3037 4845 3349 4917 ἀπέρχομαι
3372 4843 3579 4914 κηρύσφ

1995 4952 2124 4994 σων⁸
2144 4938 2208 4991 σὺ
2226 4935 2608 5009 φιλάνθρωπος
2637 4935 2713 4988 ὣν
2744 4933 3045 5007 μεταμέλῃ,
3068 4931 3180 5001 ἐγὼ
3213 4932 3267 4984 δέ
3285 4930 3360 4994 ὡς
3385 4930 3579 5000 ψευδο⁴

1995 5031 2281 5102 προφήτης
2294 5026 2521 5100 ἀναιροῦ
2530 5044 2648 5099 μαι.
2666 5025 2808 5080 Ἀλλ’
2824 5026 2972 5095 ὅμως
2986 5025 3019 5093 ἡ
3046 5021 3289 5076 θάλασσα
3304 5020 3469 5073 αὐτὸν
3482 5018 3550 5072 λα
3560 5048 3581 5060 ο

1997 5119 2165 5174 ϐοῦσα
2188 5120 2290 5175 οὐκ
2312 5116 2569 5190 ἔκρυψεν,
2592 5114 2707 5170 ἀλλ’
2728 5114 2976 5167 ἀπέδωκε
3000 5113 3066 5182 τῇ
3093 5113 3186 5183 γῇ,
3210 5109 3304 5163 καὶ
3325 5110 3578 5166 ἀπέσωσε

1998 5207 2160 5263 πάλιν
2194 5208 2274 5271 είς
2304 5204 2516 5269 Νινευτ,
2549 5201 2799 5274 καθάπερ
2823 5199 3021 5273 ἀρίστη
3047 5197 3331 5261 σύνδουλος
3362 5195 3581 5249 σύνδου-

1998 5296 2089 5349 λον
2112 5294 2462 5367 διατηροῦσα.
2488 5290 2717 5359 Κατέϐη
2742 5289 2873 5363 γάρ,
2902 5289 3086 5360 φησὶν,
3123 5284 3326 5350 Ἰωνᾶς
3351 5283 3455 5338 τοῦ
3468 5300 3583 5353 ρυ-

2002 5385 2147 5455 τεῖν,
2187 5384 2285 5437 καί
2327 5378 2464 5451 εὗρε
2498 5381 2716 5435 πλοῖον
2754 5378 3005 5445 ,βαδίζον
3040 5379 3127 5442 εις
3169 5373 3443 5444 Θαρσεῖς.
3482 5372 3579 5426 καί

2001 5473 2183 5528 ἔδωκε
2209 5474 2317 5525 τὸν
2342 5469 2572 5524 ναῦλον
2600 5467 2807 5529 αὐτοῦ,
2838 5467 2934 5519 καί
2958 5463 3139 5533 ἀνέϐη
3163 5466 3249 5530 είς
3272 5464 3439 5517 αὑτό.
3467 5459 3579 5515 Ποῦ

2004 5560 2226 5631 φεύγεις
2273 5559 2457 5623 ’ῐωνᾶ;
2506 5559 2586 5620 είς
2634 5555 2738 5626 γῆν
2773 5553 2941 5624 ἀλλην
2985 5552 3235 5624 ἀπέρχη;
3286 5548 3445 5603 Ἀλλά
3487 5548 3579 5603 τοῦ

2066 5692 2099 5763 αἱ
2118 5695 2215 5744 Αιίί
2239 5692 2383 5763 ςίηιβτ
2401 5704 2520 5757 quos
2537 5690 2717 5763 sevit-1
2883 5687 3031 5763 αὺῖοῦ
3065 5688 3199 5763 δίκηγ
3218 5688 3255 5761 δ,
3267 5685 3401 5742 θεός·
3438 5683 3585 5763 Ἀὶλε

2003 5759 2192 5868 efﬁgia?
2231 5748 2506 5817 ἀναλὸγίσαι
2541 5756 2599 5807 τὰ
2636 5748 2722 5803 τοῦ
2755 5752 2939 5813 Ἠλίου,
2962 5754 3037 5801 ἶνα
3062 5752 3125 5814 μὴ
3170 5748 3378 5813 ψεύστης
3411 5753 3527 5813 φανῇ
3558 5748 3583 5803 6

2097 5834 2191 5878 .ιας.
