4446 6682
401 426 508 481 989

402 535 791 608 proﬁcisceris?
816 539 971 608 Atqui
1010 534 1212 590 Domini
1238 542 1308 586 cst
1330 540 1460 585 terra
1483 540 1527 584 et
1564 530 1819 602 plenitudo
1845 529 1973 598 ejus.

401 636 531 687 Num
565 633 616 686 iu
648 633 826 688 mare?
854 629 1039 686 Nescis
1068 623 1229 695 quod,
1262 622 1434 692 Ipsius
1458 633 1528 677 est
1565 640 1735 688 mare,
1783 630 1828 674 et
1870 620 1979 687 ipse

402 725 514 793 fecit
536 724 664 778 illud
683 724 853 793 (Psal.
884 723 973 777 25.
1002 720 1024 772 1
1052 726 1105 772 et.
1132 715 1219 770 94.
1248 716 1344 782 5)?
1374 716 1502 770 Nam
1525 718 1575 770 in
1595 712 1827 770 czelum?
1858 711 1972 765 Non

395 813 607 869 audiisti
645 812 896 869 Davidem
927 808 1225 863 dicentem:
1268 804 1451 861 Videbo
1480 807 1629 861 caelos
1672 814 1786 857 tuos
1823 818 1978 871 Opera

395 904 668 975 digitorum
693 914 895 957 tuorum
942 896 1112 965 (Psal.
1147 899 1199 953 8.
1246 898 1338 968 4)?
1368 897 1746 952 Verumtamen
1776 890 1868 947 ille
1904 890 1974 945 ti-

396 1010 545 1051 more
574 999 850 1062 correptus
892 987 1077 1057 fugere
1132 1003 1191 1043 se
1229 989 1490 1058 putabat:
1533 987 1699 1039 Deum
1745 998 1975 1054 namque

399 1103 523 1144 rere
545 1089 726 1157 fugere
755 1096 913 1136 nemo
941 1090 1130 1150 potest.
1164 1081 1263 1137 Ubi
1294 1090 1473 1135 tamen
1500 1090 1621 1132 eum
1646 1090 1795 1131 mare
1820 1075 1976 1130 resti-

396 1181 494 1235 tttit
513 1221 529 1247 ,
561 1189 616 1235 et
641 1176 787 1231 venit
807 1172 1030 1228 Niniven
1051 1216 1066 1241 ,
1096 1173 1401 1244 praedicavit
1422 1170 1607 1225 dicens
1633 1184 1647 1222 :
1676 1168 1853 1223 Adhuc
1878 1178 1977 1222 tres

395 1271 526 1336 dies,
553 1277 599 1322 et
629 1265 813 1319 Ninive
840 1264 1146 1319 subvertetur
1175 1263 1317 1335 (Jon.
1350 1263 1404 1315 5.
1434 1260 1510 1329 4).
1560 1258 1631 1314 Ut
1670 1267 1847 1314 autem
1888 1258 1975 1311 in-

398 1359 604 1427 telligas
637 1355 738 1409 hoc
773 1354 922 1409 illum
974 1356 1151 1410 animo
1180 1354 1482 1407 volventem
1526 1364 1647 1405 sese
1695 1350 1747 1404 in
1796 1348 1975 1418 fugam

396 1447 755 1511 convertisse,
811 1446 976 1501 Deum
1025 1445 1311 1509 nimirum,
1364 1455 1485 1494 cum
1515 1441 1584 1494 sit
1632 1440 1973 1503 misericor,

402 1539 763 1611 pmnitentiam
814 1548 1053 1593 acturum
1108 1551 1268 1605 super
1313 1532 1535 1598 malitia,
1566 1546 1723 1601 quam
1769 1530 1835 1586 de
1873 1532 1976 1587 illis

396 1641 511 1685 erat
538 1631 786 1700 loquutus
809 1673 824 1696 ,
849 1630 1185 1697 futurumque
1224 1626 1394 1694 ipsum
1425 1622 1615 1677 falsum
1643 1622 1973 1693 pr0phetam,

397 1723 512 1791 ipse
539 1737 634 1791 per
658 1737 716 1777 se
752 1722 969 1776 indicat.
996 1720 1280 1788 Postquam
1319 1715 1461 1771 enim
1492 1715 1546 1769 in
1573 1713 1762 1771 Ninive
1780 1715 1968 1785 prardi-

394 1813 573 1876 cavit,
603 1822 751 1869 extra
772 1814 1039 1867 civitatem
1069 1822 1317 1879 egressus
1342 1815 1442 1871 est,
1474 1815 1527 1861 et
1551 1806 1676 1877 quid
1710 1807 1976 1862 accideret

394 1902 728 1957 observabat.
761 1903 892 1958 Cum
923 1909 1100 1955 autem
1132 1898 1451 1968 praeteriisse
1481 1908 1589 1953 tres
1635 1898 1753 1954 dies
1804 1897 1937 1953 vidit
1956 1939 1971 1961 ,

397 2009 569 2063 neque
591 1991 876 2062 quidquam
904 2005 1110 2055 torum,
1143 2005 1263 2059 qua:
1291 1989 1640 2045 comminatus
1666 1988 1861 2053 fuerat,
1886 2004 1977 2043 us-

396 2085 535 2153 piam
566 2082 804 2148 evenire,
860 2090 970 2135 tum
1020 2080 1251 2149 priorem
1292 2094 1441 2134 suam
1490 2080 1866 2150 cogitationem
1919 2078 1974 2132 in

395 2182 627 2227 mentem
656 2179 903 2236 revocat,
932 2178 986 2225 et
1005 2170 1114 2224 ait:
1146 2167 1331 2223 Nonne
1355 2170 1438 2223 isti
1462 2179 1579 2224 sunt
1603 2184 1856 2225 sermones
1878 2168 1974 2222 mei

393 2278 519 2330 quos
549 2262 776 2314 dicebam
805 2275 823 2313 :
851 2260 1089 2330 quoniam
1124 2256 1263 2313 Deus
1287 2260 1564 2313 misericors
1595 2270 1687 2326 est,
1720 2268 1765 2312 et
1790 2259 1972 2329 longa-

397 2352 568 2418 nimis,
621 2360 667 2406 et
696 2367 850 2421 agens
889 2350 1234 2417 paenitentiam
1284 2367 1434 2420 super
1482 2350 1690 2404 maliliis
1716 2350 1976 2402 hominum

394 2442 542 2511 (Jan.
574 2443 627 2497 4.
659 2442 757 2513 2)?
788 2442 865 2496 Ne
886 2443 1040 2512 igitur
1061 2443 1166 2497 talc
1193 2441 1322 2511 quid
1344 2441 1608 2495 accideret
1638 2441 1791 2505 Eliae,
1818 2439 1977 2507 quale

394 2532 563 2598 Jona‘,
608 2548 822 2587 causam
850 2532 1069 2601 exponit
1107 2532 1282 2597 Deus,
1317 2540 1533 2600 propter
1571 2545 1731 2597 quam
1762 2529 1978 2584 Achaab

394 2623 736 2677 condonavit.
762 2623 829 2676 Et
851 2622 978 2693 quid
1008 2623 1082 2675 ait
1120 2622 1248 2676 Elia:
1278 2620 1455 2673 Deus?
1498 2618 1694 2683 Vidisti,
1727 2619 1973 2691 quemad-

402 2717 597 2767 atodum
626 2716 876 2767 incesserit
907 2714 1113 2782 plorans
1140 2720 1186 2764 et
1217 2710 1374 2763 tristis
1400 2708 1604 2762 Achaab
1633 2726 1803 2762 coram
1854 2727 1931 2762 me
1952 2710 1979 2763 .9

405 2803 523 2857 Non
554 2806 739 2874 faciam
765 2804 1039 2858 secundum
1064 2801 1310 2856 malitiam
1331 2802 1438 2873 ejus
1477 2801 1552 2870 (3.
1578 2799 1705 2873 Reg.
1739 2801 1827 2855 2|.
1858 2801 1971 2873 29).

398 2896 583 2964 Ραρωέ
620 2895 875 2949 Dominus
915 2896 1054 2950 servi
1100 2894 1157 2947 tit
1182 2892 1505 2957 advocatus,
1545 2900 1603 2947 et
1631 2893 1767 2962 apud
1801 2892 1975 2947 homi-

394 3000 516 3039 nem
544 2985 683 3040 Deus
714 2985 915 3039 homini
964 2984 1344 3055 patrocinatur.
1386 2982 1503 3037 Noli
1531 2983 1857 3049 existimare,
1891 2985 1976 3039 in~

393 3075 530 3145 quit,
561 3077 678 3131 sine
705 3090 863 3131 causa
894 3090 979 3130 me
1022 3076 1095 3129 illi
1127 3075 1424 3145 pepercisse
1454 3092 1466 3127 :
1501 3074 1725 3128 mutavit
1763 3090 1973 3140 mores,

391 3178 446 3222 et
476 3168 607 3222 iram
640 3183 814 3224 meam
853 3168 1050 3223 mutavi
1074 3176 1232 3238 atque
1258 3165 1509 3235 mitigavi.
1551 3164 1629 3221 Ne
1656 3181 1784 3220 vero
1813 3165 1978 3222 falsus

396 3260 652 3330 propheta
678 3262 969 3327 censearis,
1011 3260 1272 3331 siquidem
1316 3273 1439 3312 vera
1468 3259 1849 3329 pronuntiasti;
1874 3260 1976 3314 nisi

393 3367 571 3407 mores
591 3361 867 3418 mutasset,
900 3368 960 3408 ea
992 3367 1237 3423 passurus
1271 3358 1406 3417 erat,
1440 3366 1558 3420 qua:
1585 3352 1845 3406 sententia
1874 3353 1977 3408 mi-

395 3442 656 3506 nabatur;
707 3459 890 3498 verum
920 3442 1019 3497 iste
1051 3456 1225 3496 mores
1270 3442 1509 3505 mutavit,
1540 3448 1593 3495 et
1640 3443 1770 3495 iram
1803 3458 1975 3498 meam

393 3548 494 3603 ego
523 3534 774 3603 mitigavi.
816 3534 881 3587 Et
908 3534 981 3587 ait
1004 3533 1141 3586 Deus
1160 3531 1225 3584 ad
1255 3530 1427 3585 Ellam
1456 3549 1469 3584 :
1500 3530 1684 3585 Vidisti
1726 3533 1983 3601 quemad-

393 3624 607 3678 modum
638 3624 916 3678 incesserit
946 3622 1159 3677 Acbaab
1202 3622 1418 3692 plorans
1444 3634 1497 3677 et
1524 3623 1727 3677 tristis?
1756 3623 1871 3679 Non
1894 3624 1976 3679 fa-

394 3727 529 3765 ciam
576 3712 863 3767 secundum
915 3713 1046 3767 iram
1087 3727 1283 3767 meam.
1316 3712 1474 3767 Vides
1503 3712 1714 3783 ploratu
1759 3726 1977 3785 peccata

392 3803 557 3857 deleri
581 3804 604 3856 ?

464 3896 519 3950 4.
574 3893 745 3949 Tertia
788 3896 1089 3967 panitentia:
1144 3896 1224 3949 via
1274 3895 1558 3949 humilitas.
1605 3924 1675 3934 —
1702 3894 1877 3951 Habes
1924 3908 1979 3953 et

396 3987 603 4047 tertiam
648 3988 973 4058 ptenitentize
1027 3989 1184 4043 viam.
1238 3989 1406 4043 Porro
1435 3987 1627 4041 multas
1655 3990 1980 4059 paenitentia:

396 4079 506 4137 vias
533 4079 662 4143 dixi,
692 4090 749 4134 ut
794 4081 1101 4136 diversitate
1154 4080 1360 4135 viarum
1403 4081 1609 4136 facilem
1637 4081 1728 4136 tibi
1757 4083 1978 4137 salutem

395 4168 635 4224 reddam.
668 4171 920 4237 Quzrnam
950 4180 1033 4226 est
1080 4172 1288 4226 tandem
1322 4173 1437 4228 haec
1464 4172 1617 4227 tertia
1644 4172 1766 4227 via?
1796 4173 1981 4229 Humi-

397 4260 516 4315 litas
549 4280 560 4315 :
591 4261 806 4318 humilis
857 4273 994 4329 esto,
1037 4272 1093 4318 et
1139 4275 1476 4334 peccatorum
1506 4264 1719 4320 vincula
1758 4266 1977 4322 solvisti.

396 4355 564 4422 Hujus
598 4370 809 4424 quoque
836 4355 1345 4411 demonstrationem
1370 4356 1588 4412 exhibet
1615 4355 1904 4431 Scriptura,
1931 4368 1984 4414 et

395 4448 555 4500 lectio
584 4447 902 4499 narrationis
928 4447 991 4500 de
1025 4447 1304 4515 publicano
1332 4458 1386 4501 et
1418 4448 1691 4506 Pharisazo
1721 4449 1868 4520 (Luc.
1895 4450 1977 4504 l8.

400 4539 482 4591 i0.
504 4537 659 4608 sqq.).
686 4537 1080 4600 Ascendebant,
1111 4538 1297 4609 inquit,
1315 4539 1370 4593 in
1397 4543 1653 4611 templum
1679 4543 1982 4599 Pharisams

395 4640 448 4683 ct
480 4629 813 4699 publicanus,
848 4638 906 4683 ut
951 4640 1186 4697 orarent,
1217 4642 1270 4686 et
1298 4635 1462 4704 coepit
1506 4636 1808 4693 Pharisazus
1855 4653 1983 4693 suas

395 4735 715 4775 enumerare
736 4721 958 4776 virtutes
998 4738 1011 4774 :
1060 4721 1172 4775 Non
1223 4738 1338 4779 sum
1365 4742 1486 4797 ego,
1518 4728 1706 4798 inquit,
1736 4740 1984 4799 peccator

397 4814 533 4866 sicut
557 4813 783 4867 mundus
833 4820 993 4878 totus,
1026 4828 1195 4882 neque
1222 4816 1359 4870 sicut
1390 4818 1487 4874 iste
1512 4820 1847 4889 publicanus.
1882 4822 1982 4876 lili-

397 4920 514 4957 scra
544 4913 596 4959 et
622 4905 805 4960 infelix
850 4905 1026 4959 anima
1062 4906 1101 4968 ¹,
1130 4914 1298 4961 totum
1330 4910 1514 4967 orbem
1565 4921 1826 4967 terrarum
1854 4929 1982 4970 con-

397 4994 657 5049 dcmnasti
687 5016 699 5049 :
730 5013 826 5052 cur
855 5000 1010 5052 etiam
1060 4999 1362 5067 proximum
1399 5012 1542 5057 tuum
1573 5003 1805 5059 afﬂixisti
1828 5005 1851 5057 ?
1877 5023 1981 5062 non

399 5085 694 5141 sufﬁciebat
715 5088 803 5142 tibi
839 5098 979 5143 totus
1018 5087 1187 5155 orbis,
1236 5089 1335 5144 nisi
1390 5093 1727 5162 publicanum
1773 5112 1984 5166 quoque

399 5175 716 5232 damnares?
759 5195 948 5235 omnes
974 5179 1069 5235 hac
1098 5181 1304 5237 ratione
1336 5184 1673 5256 vituperasti,
1716 5197 1770 5244 et
1796 5205 1864 5244 ne
1896 5192 1982 5245 uni

400 5266 613 5337 quidem
643 5269 758 5323 viro
785 5271 1087 5342 pepercisti.
1124 5270 1239 5326 Non
1286 5288 1403 5328 sum
1434 5292 1534 5346 ego
1576 5279 1714 5335 sicut
1756 5281 1985 5335 mundus

402 5366 564 5425 totus,
593 5371 766 5426 neque
796 5361 1050 5418 sicutiste
1084 5363 1424 5433 publicanus:
1453 5366 1637 5436 jejuno
1664 5370 1745 5426 bis
1768 5371 1818 5427 in
1851 5371 1984 5427 heb-

404 5448 649 5518 domada,
678 5449 911 5507 decimas
956 5470 1163 5522 eorum,
1196 5470 1313 5523 qua:
1334 5456 1601 5526 possideo,
1627 5460 1695 5515 do
1737 5464 1984 5532 pauperi-

405 5542 522 5596 bus.
548 5542 878 5611 Arrogantiae
909 5545 1065 5600 verba
1113 5546 1456 5617 proloquutus
1509 5559 1609 5605 est.
1643 5551 1815 5609 Homo
1857 5554 1989 5609 infe-

406 5633 497 5697 lix,
526 5644 661 5699 esto,
709 5645 971 5689 terrarum
1016 5639 1200 5694 orbem
1250 5640 1638 5708 condemnasti,
1682 5659 1779 5699 cur
1825 5648 1984 5709 etiam

405 5728 700 5794 proximum
726 5737 869 5781 tuum
896 5727 1231 5797 publicanum
1250 5734 1677 5804 reprehendisti?
1706 5754 1807 5791 non
1835 5758 1988 5795 exsa-

472 5862 487 5890 ο
526 5867 651 5910 tuus
668 5869 767 5920 διε..
796 5860 935 5913 .t.'iscr
954 5867 998 5913 et
1019 5861 1301 5918 itte‘ttliultt'lis
1318 5881 1487 5922 ammo.

1536 417 1622 472 DE
1662 411 2127 473 PfENI'fENTlA.
2172 410 2397 468 llOMlL.
2438 413 2500 469 11.

3567 422 3671 478 ἲὶῗδ

2090 533 2296 582 turatus
2321 542 2380 582 es
2407 528 2746 585 accusatione
2789 530 2951 586 totius
2989 530 3155 598 orbis,
3207 532 3304 587 nisi
3328 542 3381 588 ct
3424 538 3670 592 comitem

2089 624 2236 671 tuum
2284 618 2603 676 damnares‘!
2645 620 2780 688 Quid
2811 622 2968 691 igitur
3013 622 3507 692 publicanus?lla:c
3556 644 3675 683 cum

2088 708 2325 764 audisset
2351 709 2441 765 ille
2469 753 2485 778 ,
2516 726 2621 766 non
2660 711 2810 794 dixit,
2846 732 2859 767 :
2902 714 2981 768 Tu
3014 730 3137 769 vero
3168 715 3412 786 quisnam
3457 730 3517 771 es
3540 760 3554 782 ,
3587 719 3674 788 qui

2088 800 2218 855 mihi
2249 801 2363 856 haec
2406 802 2640 872 objicis?
2670 802 2811 858 unde
2859 804 2950 859 tibi
2979 807 3084 861 vita
3116 823 3233 861 mea
3262 808 3528 863 innotuit?
3571 825 3677 865 non

2084 902 2430 947 conversatus
2468 908 2527 947 es
2573 908 2806 960 mecum,
2848 910 2954 951 non
2995 898 3242 954 habitasti
3294 915 3526 965 mecum,
3571 918 3674 956 non

2085 998 2293 1036 mecum
2320 992 2533 1039 aetatem
2575 988 2895 1059 transegisti.
2947 988 3051 1044 Cur
3076 990 3210 1046 adeo
3254 993 3533 1061 superbis?
3559 995 3678 1065 quis

2086 1075 2223 1129 bona
2269 1091 2429 1145 opera
2464 1088 2551 1133 tua
2604 1095 2702 1135 suo
2732 1081 3044 1138 testimonio
3068 1086 3445 1142 commendat?
3471 1103 3570 1144 cur
3599 1098 3677 1144 te-

2086 1166 2258 1234 ipsum
2279 1168 2508 1223 laudas?
2532 1185 2627 1225 cur
2643 1173 2738 1226 tibi
2762 1174 2860 1243 ipsi
2880 1174 3180 1230 blandiris?
3206 1177 3310 1232 Sed
3339 1180 3467 1233 nihil
3483 1179 3675 1236 horum

2085 1256 2217 1312 dixit
2256 1259 2591 1328 publicanus,
2628 1278 2812 1319 verum
2851 1268 3024 1335 capite
3066 1268 3118 1323 in
3166 1276 3361 1325 terram
3412 1272 3665 1327 inclinato

2084 1349 2341 1417 adoravit,
2372 1360 2426 1407 et
2451 1353 2584 1409 dixit
2613 1373 2625 1408 :
2654 1354 2794 1410 Deus
2839 1360 3089 1429 prapitius
3119 1371 3221 1415 esto
3241 1363 3365 1417 mihi
3385 1365 3640 1433 peccatori
3654 1381 3675 1427 ;

2082 1449 2137 1493 et
2164 1456 2285 1495 cum
2314 1442 2667 1499 humilitatem
2696 1461 2809 1515 pra:
2836 1462 2894 1501 se
2920 1448 3149 1514 tulisset,
3174 1453 3348 1519 justus
3370 1464 3452 1509 est
3478 1454 3668 1511 factus.

2088 1529 2391 1585 Phariszeus
2419 1542 2597 1588 autem
2625 1536 2819 1590 amissa
2844 1537 3047 1605 justitia
3071 1556 3136 1595 ex
3160 1544 3358 1611 templo
3373 1543 3671 1611 descendit,

2081 1630 2135 1674 et
2180 1620 2491 1689 publicanus
2515 1622 2775 1692 justitiam
2824 1629 3047 1697 adeptus
3075 1631 3386 1701 descendit;
3428 1644 3482 1689 et
3506 1637 3670 1691 verba

2082 1710 2221 1764 facta
2269 1712 2530 1767 vicerunt.
2585 1714 2718 1769 Nam
2770 1716 2857 1772 ille
2884 1721 3093 1788 quidem
3121 1723 3370 1792 operibus
3413 1726 3674 1795 justitiam

2080 1803 2288 1868 amisit;
2313 1802 2400 1859 hic
2427 1821 2554 1861 vero
2599 1808 2907 1865 humilitatis
2937 1827 3183 1870 sermone
3208 1818 3465 1885 justitiam
3493 1824 3675 1891 acqui-

2081 1894 2223 1948 sivit.
2256 1897 2585 1967 Quamquam
2616 1917 2681 1957 ne
2708 1901 2982 1960 humilitas
3014 1907 3227 1977 quidem
3256 1923 3370 1965 erat
3392 1913 3520 1968 illud
3553 1932 3568 1977 ;
3596 1916 3673 1970 si-

2082 1985 2300 2054 quidem
2325 1987 2594 2045 humilitas
2623 2002 2702 2045 est
2727 1994 2827 2047 hoc
2850 2037 2866 2062 ,
2889 2011 3007 2051 cum
3039 2000 3158 2068 quis
3190 2016 3413 2073 magnus
3437 2019 3557 2059 cum
3581 2007 3670 2074 sit,

2081 2080 2316 2149 seipsum
2345 2080 2589 2139 humiliat
2615 2100 2629 2149 ;
2654 2088 2755 2139 hoc
2783 2102 2911 2143 vero
2939 2090 3200 2158 publicani
3228 2094 3422 2150 factum
3444 2113 3547 2153 non
3572 2098 3676 2153 hu-

2083 2170 2280 2227 militas
2301 2172 2415 2239 fuit,
2449 2175 2542 2231 sed
2584 2178 2819 2235 veritas:
2848 2196 2975 2236 vera
3019 2184 3161 2239 enim
3190 2198 3341 2241 erant
3370 2189 3457 2244 illa
3486 2192 3669 2260 verba,

2079 2280 2202 2318 cum
2229 2276 2481 2335 peccator
2506 2278 2648 2324 esset
2671 2270 2779 2325 ille.

2154 2377 2208 2432 5.
2254 2376 2655 2435 Publicanorum
2697 2386 2915 2440 conditio
2955 2390 3139 2459 qualis.
3188 2422 3261 2433 —
3305 2394 3441 2463 Quid
3492 2399 3672 2465 enim,

2084 2479 2285 2535 quaeso,
2306 2470 2458 2540 pejus
2479 2473 2798 2541 publicano?
2816 2479 2869 2531 in
2896 2479 3084 2535 alienis
3100 2482 3499 2541 calamitatibus
3527 2488 3673 2545 lucra

2084 2566 2340 2625 sectatus,
2362 2561 2655 2618 alienorum
2696 2566 2935 2623 laborum
2976 2570 3036 2624 lit
3085 2574 3348 2645 particeps
3378 2594 3391 2630 :
3423 2588 3478 2632 et
3504 2580 3674 2635 mole-

2082 2647 2237 2701 stiam
2259 2649 2472 2719 quidem
2497 2668 2599 2707 non
2625 2657 2857 2723 respicit,
2889 2669 3125 2729 quastus
3152 2674 3331 2719 autem
3364 2666 3417 2720 in
3443 2682 3669 2724 consor—

2083 2738 2212 2792 tium
2236 2740 2381 2796 venit
2410 2760 2423 2796 :
2465 2742 2646 2814 itaque
2675 2762 2943 2804 summum
2969 2762 3048 2806 est
3078 2755 3341 2822 publicani
3370 2770 3672 2828 peccatum.

2081 2827 2221 2883 Nihil
2249 2832 2446 2903 quippe
2470 2836 2611 2891 aliud
2638 2848 2719 2893 est
2739 2840 3077 2911 publicanus,
3107 2862 3268 2916 quam
3292 2827 3465 2906 audax
3496 2862 3551 2909 et
3579 2853 3676 2909 ho—

2083 2930 2234 2977 nesta
2262 2925 2503 2992 quaedam
2550 2930 2798 2986 violentia
2823 2974 2839 2998 ,
2872 2946 3147 3003 peccatum
3178 2940 3296 3011 lege
3333 2957 3672 3013 concessum,

2081 3016 2321 3082 speciosa
2348 3019 2589 3087 quaedam
2621 3024 2826 3090 rapina.
2856 3026 2990 3094 Quid
3021 3030 3162 3084 enim
3192 3033 3476 3102 publicano
3498 3037 3674 3107 pejus,

2081 3107 2174 3176 qui
2211 3108 2361 3176 juxta
2410 3112 2547 3168 viam
2588 3115 2773 3182 sedet,
2821 3128 2877 3174 ct
2925 3121 3223 3180 alienorum
3264 3126 3472 3185 fructus
3523 3131 3675 3189 labo-

2081 3212 2199 3251 rum
2252 3201 2423 3268 metit,
2465 3212 2521 3260 et
2566 3221 2687 3261 cum
2726 3208 2934 3268 labores
2974 3215 3188 3283 quidem
3230 3218 3491 3276 subeundi
3527 3234 3674 3292 sunt,

2083 3288 2213 3344 nihil
2239 3302 2409 3359 curat,
2436 3310 2555 3351 cum
2577 3314 2707 3354 vero
2733 3300 2935 3357 lucrum
2962 3306 3199 3373 obvenit,
3231 3309 3285 3364 in
3313 3288 3676 3384 participatio;

2081 3396 2204 3437 nem
2225 3386 2371 3440 venit
2394 3401 2604 3457 eorum,
2636 3392 2689 3446 in
2714 3395 2906 3462 quibus
2932 3398 3152 3455 minime
3175 3400 3468 3459 laboravit?
3497 3406 3679 3478 itaque

2080 3473 2125 3527 si
2154 3489 2272 3529 cum
2296 3487 2545 3545 peccator
2573 3492 2716 3538 esset
2737 3486 3070 3556 publicanus,
3112 3499 3314 3547 tantum
3346 3495 3569 3567 adeptus
3590 3473 3680 3555 est

2080 3564 2280 3620 donum
2304 3606 2321 3633 ,
2350 3584 2471 3623 cum
2500 3571 2852 3632 humilitatem
2883 3578 3215 3638 exhibuisset
3240 3601 3254 3638 :
3281 3564 3481 3655 quanto
3510 3592 3678 3661 magis

2081 3658 2171 3726 qui
2224 3660 2418 3716 virtute
2468 3665 2718 3732 prmditus
2758 3669 2847 3734 sit,
2875 3679 2928 3724 et
2986 3671 3334 3730 humilitatem
3390 3658 3678 3737 exhibeat?

2083 3747 2222 3818 Ergo
2244 3751 2288 3803 si
2318 3764 2534 3820 peccata
2576 3765 2661 3809 tua
2693 3762 3019 3829 confitearis,
3049 3774 3103 3820 et
3126 3765 3338 3823 humilis
3366 3770 3461 3836 sis,
3504 3773 3680 3841 justus

2082 3839 2285 3894 evadis.
2329 3842 2478 3898 Scire
2525 3848 2674 3916 cupis
2715 3852 2832 3918 quis
2872 3868 2996 3907 vere
3033 3853 3101 3909 sit
3154 3855 3414 3914 humilis?
3457 3839 3677 3919 Paulum

2084 3935 2291 4004 respice
2316 3936 2407 4007 qui
2433 3952 2558 3993 vere
2587 3939 2804 3999 humilis
2840 3955 2955 4001 erat
2983 3988 2997 4013 ,
3029 3947 3248 4003 Paulum
3291 3950 3564 4009 doctorem
3586 3971 3677 4010 or-

2084 4022 2168 4080 bis
2212 4034 2500 4109 terrarum,
2519 4031 2851 4101 spiritualem
2921 4045 3188 4095 oratorem
3209 4082 3225 4107 ,
3253 4059 3353 4101 vas
3373 4047 3680 4107 electionis.

2088 4131 2302 4189 portum
2323 4126 2690 4197 tranquillum,
2718 4129 2902 4183 turrim
2924 4131 3319 4202 inconcussam,
3350 4137 3441 4208 qui
3470 4138 3680 4195 modico

2086 4227 2211 4269 cum
2232 4224 2372 4272 esset
2411 4232 2654 4289 corpore,
2700 4229 2869 4278 totum
2904 4224 3091 4279 orbem
3124 4235 3385 4283 terrarum
3414 4230 3678 4298 circuivit,

2086 4315 2139 4359 et
2165 4307 2317 4377 quasi
2351 4309 2524 4365 alatus
2548 4320 2690 4367 esset
2720 4313 2867 4368 illum
2888 4316 3167 4385 percurrit.
3202 4317 3374 4375 Cerne
3397 4320 3547 4375 illum
3577 4322 3680 4377 hu-

2088 4398 2283 4454 militer
2297 4414 2360 4457 ac
2388 4400 2628 4457 modeste
2652 4404 2972 4460 sentientem
2989 4406 3057 4461 de
3085 4422 3165 4476 se,
3187 4408 3402 4465 idiotam
3422 4422 3479 4467 et
3503 4413 3680 4483 philo-

2091 4493 2338 4562 sophum,
2381 4510 2605 4565 egenum
2623 4497 2923 4554 etdivitem.
2955 4498 3107 4556 illum
3125 4518 3251 4558 vere
3267 4503 3522 4561 humilem
3539 4506 3677 4572 dico,

2087 4587 2175 4655 qui
2192 4586 2406 4643 labores
2422 4588 2733 4645 innumeros
2754 4594 3065 4659 exanllarat,
3083 4596 3171 4665 qui
3211 4598 3356 4654 mille
3372 4607 3570 4669 tropzea
3587 4604 3681 4656 ad-

2089 4692 2277 4733 versus
2290 4679 2557 4735 diabolum
2571 4692 2835 4745 erexerat,
2854 4686 2941 4755 qui
2977 4687 3316 4755 pradicabat,
3348 4705 3412 4745 ac
3430 4691 3639 4748 dicebat
3662 4711 3676 4748 :

2090 4766 2267 4821 Gratia
2293 4770 2404 4840 ejus
2426 4771 2478 4823 in
2506 4787 2583 4823 me
2603 4787 2759 4827 vacua
2778 4790 2878 4828 non
2907 4775 3025 4845 fuit,
3047 4776 3134 4831 sed
3154 4776 3269 4847 plus
3286 4779 3515 4835 omnibus
3535 4781 3679 4836 labo-

2090 4859 2197 4912 ravi
2220 4859 2293 4930 (Ι.
2318 4859 2436 4914 Cor.
2463 4861 2548 4916 l5.
2576 4862 2665 4933 10)
2689 4865 2809 4933 :qui
2833 4879 3074 4921 carceres
3094 4869 3363 4935 sustinuit,
3390 4880 3443 4925 et
3472 4871 3674 4943 plagas,

2089 4958 2144 5004 et
2169 4950 2409 5015 verbera,
2432 4952 2519 5020 qui
2552 4952 2736 5008 orbem
2768 4963 3030 5011 terrarum
3067 4959 3306 5028 epistolis
3327 4972 3547 5017 venatus
3573 4975 3677 5029 e51,

2090 5043 2179 5114 qui
2218 5043 2417 5098 czelesti
2469 5058 2600 5099 voce
2624 5054 2844 5101 vocatus
2864 5056 2966 5114 est,
3000 5048 3089 5105 ille
3121 5049 3336 5106 humilis
3383 5059 3518 5119 erat,
3557 5067 3678 5107 cum

2091 5139 2293 5195 diceret
2323 5159 2335 5194 :
2366 5134 2476 5209 Ego
2502 5156 2612 5195 stam
2640 5139 2875 5195 minimus
2907 5139 3279 5212 apostolorum,
3312 5144 3397 5212 qui
3421 5160 3525 5198 non
3564 5161 3678 5199 sum

2090 5233 2271 5303 dignus
2310 5235 2476 5287 vocari
2511 5234 2770 5305 apostolus
2808 5233 2865 5303 (l
2906 5234 3023 5287 Cor.
3073 5235 3160 5289 15.
3191 5233 3277 5305 9).
3323 5234 3481 5292 Vides
3500 5235 3681 5293 humi-

2091 5322 2256 5379 litatis
2281 5325 2731 5395 magnitudinem?
2760 5324 2907 5379 vides
2947 5324 3217 5379 humiliter
3256 5327 3572 5383 sentientem
3608 5329 3678 5383 dc

2090 5431 2151 5473 se
2194 5417 2445 5486 Paulum,
2474 5418 2560 5490 qui
2598 5418 2831 5488 seipsum
2858 5418 3136 5477 minimum
3182 5420 3505 5492 vocet?.Ego
3548 5422 3681 5476 enim

2092 5526 2207 5564 sum
2236 5552 2249 5576 ,
2280 5510 2449 5580 inquit
2473 5552 2487 5574 ,
2510 5510 2752 5564 minimus
2792 5512 3157 5580 apostolorum,
3187 5512 3274 5582 qui
3314 5529 3414 5568 non
3444 5530 3557 5568 sunt
3602 5514 3684 5566 di-

2093 5620 2221 5674 qnus
2261 5603 2426 5658 vocari
2469 5601 2745 5670 apostolus.
2796 5602 2907 5661 Hoc
2953 5603 3095 5663 enim
3130 5621 3257 5669 vere
3288 5605 3553 5661 humilitas
3578 5619 3678 5670 est,

2096 5698 2145 5749 in
2173 5698 2418 5751 omnibus
2451 5695 2687 5763 seipsum
2718 5696 2947 5765 ahjiccre
2968 5738 2981 5763 ,
3009 5711 3071 5752 ac
3098 5712 3156 5754 se
3184 5698 3459 5754 minimum
3501 5700 3683 5768 appel-

2096 5788 2222 5843 lare.
2255 5786 2435 5857 Cogita
2468 5788 2709 5857 quisnam
2742 5796 2881 5843 esset
2906 5788 2971 5855 is,
3001 5790 3087 5857 qui
3118 5789 3230 5844 lucc
3262 5791 3419 5845 verba
3448 5790 3682 5860 profere-

2101 5882 2189 5939 bat
2222 5899 2233 5934 :
2264 5881 2459 5939 Paulus,
2482 5881 2732 5938 tta-lorum
2779 5881 2930 5949 civis,
2965 5883 3053 5953 qui
3082 5900 3305 5955 corpore
3335 5898 3451 5945 crat
3480 5898 3681 5943 utcum-
