4408 6698
798 438 892 495 29!

799 574 903 635 que
948 557 1338 626 circumdatus,
1376 556 1735 612 Ecclesiarum
1780 556 2056 623 columna,
2102 559 2368 615 terrestris

790 653 1045 725 angelus,
1074 652 1231 706 homo
1271 651 1516 706 caelestis.
1548 650 1753 705 Etenim
1784 649 1942 719 hujus
1986 648 2085 704 viri
2118 651 2377 706 mentioni

791 745 1023 800 libenter
1050 744 1323 807 immoror,
1359 741 1484 795 dum
1526 741 1738 796 virtutis
1775 741 1889 812 ejus
1928 739 2375 811 pulchritudinem

788 848 995 907 specto.
1022 835 1136 890 Non
1168 836 1238 889 ita
1277 834 1357 889 sol
1384 834 1631 890 exoriens
1673 844 1728 890 et
1776 833 2083 903 Splendidos
2126 834 2378 889 emittens

787 928 969 983 radios
996 918 1176 982 oculos
1206 940 1353 982 meos
1378 925 1659 990 exhilarat,
1689 935 1748 980 ut
1775 926 1922 980 Pauli
1952 926 2116 979 virtus
2141 933 2375 979 mentem

788 1035 963 1076 meam
995 1021 1280 1075 illuminat.
1316 1018 1449 1074 Nam
1477 1018 1559 1074 soi
1589 1018 1803 1089 quidem
1834 1019 2064 1073 illustrat
2092 1016 2297 1080 oculos,
2320 1023 2377 1069 at

791 1111 986 1166 Paulus
1024 1110 1089 1166 ad
1136 1111 1281 1181 ipsos
1313 1109 1546 1167 fornices
1583 1110 1836 1165 ca-lorum
1891 1124 1987 1163 nos
2015 1108 2191 1164 evehit
2219 1126 2235 1163 :
2261 1107 2376 1162 ani-

788 1218 926 1255 tuam
946 1202 1087 1257 enim
1108 1202 1471 1257 sublimiorem
1487 1202 1621 1267 sole,
1648 1216 1709 1254 ac
1731 1200 1851 1253 luna
1880 1199 2053 1254 reddit
2068 1200 2370 1255 celsiorem.

785 1285 930 1346 Talis
959 1292 1153 1362 quippe
1179 1292 1392 1346 virtutis
1422 1300 1502 1345 est
1525 1290 1784 1360 potentia,
1810 1297 1867 1343 ut
1893 1289 2163 1344 hominem
2196 1290 2247 1344 in
2278 1303 2373 1342 an-

784 1385 962 1454 gelum
989 1391 1284 1449 convertat,
1326 1381 1623 1452 efficiatque
1671 1390 1727 1435 ut
1774 1380 1951 1435 anima
1993 1381 2139 1435 velut
2188 1378 2375 1451 pennis

785 1475 1006 1540 praedita
1044 1474 1097 1529 in
1132 1474 1321 1529 caelum
1350 1472 1533 1529 tendat
1566 1491 1579 1527 :
1623 1472 1760 1526 hanc
1790 1470 2037 1525 virtutem
2088 1485 2188 1524 nos
2220 1471 2377 1525 docet

786 1564 983 1620 Paulus
1027 1582 1041 1621 :
1083 1563 1240 1634 hujus
1276 1564 1490 1619 virtutis
1543 1563 1838 1617 imitatores
1879 1561 1991 1615 tieri
2041 1560 2372 1616 studeamus.

788 1656 893 1712 Sed
932 1672 1038 1711 non
1066 1662 1278 1726 oportet
1305 1671 1402 1711 nos
1429 1670 1458 1709 a
1488 1654 1761 1725 proposito
1790 1652 1996 1722 digredi
2026 1660 2363 1722 argumento.

783 1744 881 1803 llic
905 1749 1048 1804 enim
1066 1762 1259 1818 scopas
1285 1746 1542 1802 orationis
1564 1756 1759 1801 nostra:
1785 1744 1906 1811 fuit,
1933 1753 1991 1799 ut
2013 1745 2223 1799 tertiam
2251 1757 2369 1813 pte-

1495 440 1547 498 S.
1586 439 1863 498 JOANNIS
1900 438 2370 498 CllRYSOSTOMl
2410 442 2727 504 ARCHIEP.
2768 449 3301 511 CONSTANTINOP.

3954 469 4061 523 ὀἳ

2482 558 2717 657 nitentite
2761 567 2898 622 viam
2938 586 3057 627 esse
3099 573 3446 629 humilitatem
3489 576 3914 652 ostenderemus,
3962 602 4060 657 pu-

2485 654 2750 711 blicanum
2774 673 2879 713 non
2907 663 3140 731 seipsum
3169 666 3304 721 ultra
3331 666 3546 722 modum
3587 668 3936 740 depressisse,

2483 750 2759 806 veritatem
2783 766 2903 807 esse
2922 755 3247 825 confessum,
3267 776 3385 817 cum
3413 778 3502 817 sua
3532 774 3745 833 peccata
3764 765 4057 838 detegeret,

2484 858 2547 899 ac
2564 846 2764 915 justum
2787 860 2906 901 esse
2921 846 3138 915 factum,
3169 869 3271 908 non
3290 871 3410 911 cum
3429 856 3679 926 pecunias
3705 872 4057 929 numerasset,

2485 953 2590 993 non
2632 955 2753 995 cum
2798 942 2964 995 maria
2996 957 3246 1001 emensus
3281 961 3445 1017 esset,
3474 967 3644 1021 neque
3672 967 3790 1007 cum
3836 955 4057 1010 multum

2486 1030 2587 1087 iter
2612 1031 2836 1101 pedibus
2858 1034 3195 1102 confecisset,
3220 1056 3391 1111 neque
3415 1062 3537 1100 cum
3564 1047 3822 1102 immensa
3844 1062 4058 1117 atquora

2483 1138 2839 1194 peragrasset,
2866 1144 3040 1198 neque
3068 1144 3187 1182 cum
3211 1134 3411 1189 amicos
3437 1148 3704 1208 rogasset,
3736 1154 3911 1209 neque
3938 1154 4058 1194 cum

2480 1214 2704 1271 mttltum
2755 1222 3008 1289 temporis
3048 1220 3415 1290 impendisset,
3460 1228 3553 1283 sed
3585 1229 3895 1285 humilitatis
3937 1245 4058 1285 eum

2481 1322 2644 1377 Opera
2680 1312 2779 1367 sibi
2804 1313 3060 1383 justitiam
3110 1328 3467 1383 comparasse.
3517 1336 3579 1376 ac
3622 1339 3783 1393 regno
3806 1325 4057 1379 ca-lorum

2480 1414 2603 1455 esse
2631 1401 2882 1459 donatum
2918 1423 2929 1459 :
2975 1404 3126 1475 cujus
3162 1420 3261 1460 nos
3306 1421 3493 1465 omnes
3539 1415 3739 1469 utinam
3786 1425 4058 1485 compotes

2482 1491 2597 1547 fieri
2630 1497 2921 1567 contingat,
2964 1500 3131 1567 gratia
3160 1506 3212 1551 et
3242 1498 3607 1557 misericordia
3647 1506 3851 1561 Domini
3895 1508 4058 1562 nosui

2482 1580 2609 1639 Jesu
2639 1586 2856 1654 Christi,
2880 1589 2961 1643 cui
2995 1590 3161 1659 gratia
3189 1597 3240 1645 et
3271 1590 3554 1660 imperium
3598 1595 3647 1648 in
3677 1600 3867 1652 saecula
3892 1615 4058 1654 sacco.

2480 1675 2673 1731 lorum.
2703 1681 2889 1735 Amen.

1928 1983 2467 2071 EJUSDEM
2510 1986 2955 2073 ORATIO

1632 2186 1715 2232 ne
1758 2184 2199 2241 ELEEMOSYNA,
2246 2186 2326 2229 ET
2368 2185 2434 2229 ιη
2476 2187 2691 2234 necem
2736 2186 3030 2236 vraemns
3078 2175 3183 2253 (a).

2103 2308 2737 2366 aea-way

1404 2484 1617 2527 HOIIILIA
1657 2485 1732 2524 ιιι.

856 2564 906 2624 1.
938 2558 1019 2622 De
1046 2560 1255 2621 humilia
1290 2561 1595 2634 praecedenti
1632 2562 1873 2631 loquitur.
1915 2587 1988 2599 —
2028 2560 2110 2613 An
2147 2558 2367 2614 novistis

780 2660 921 2716 unde
942 2657 1094 2714 nobis
1118 2670 1286 2727 nuper
1312 2668 1490 2710 sermo
1518 2654 1823 2721 inceperat,
1855 2659 1947 2704 aut
1970 2664 2077 2717 quo
2100 2648 2366 2713 desierat,

779 2759 871 2805 aut
903 2765 968 2804 es
1000 2762 1106 2818 quo
1134 2754 1476 2817 argumento,
1509 2744 1560 2797 in
1590 2741 1732 2812 quod
1761 2741 2029 2796 desierant
2055 2741 2245 2811 prioris
2273 2740 2369 2794 ho-

780 2841 943 2899 utilia:
966 2839 1168 2896 verba?
1194 2836 1302 2894 Sed
1343 2852 1438 2891 vos
1467 2834 1664 2889 oblitos
1709 2832 1958 2889 existimo
1983 2872 1997 2895 ,
2043 2846 2150 2901 quo
2179 2831 2298 2886 loco
2338 2845 2368 2884 a

785 2934 938 2990 nobis
958 2933 1047 2988 ille
1072 2945 1251 2986 sermo
1280 2930 1459 2983 (initus
1490 2926 1587 2991 sit;
1619 2942 1717 2997 ego
1744 2940 1875 2980 vero
1903 2925 2045 2988 novi,
2071 2939 2247 2994 neque
2276 2939 2371 2979 vos

779 3036 972 3081 accuso
999 3034 1092 3078 aut
1118 3021 1399 3091 redarguo.
1430 3019 1663 3088 Quisque
1689 3016 1831 3073 enim
1874 3026 2109 3071 vestrum
2151 3030 2369 3070 uxorem

784 3113 985 3171 habens
1040 3114 1275 3184 parvulis
1322 3111 1536 3174 studet,
1587 3120 1641 3165 et
1690 3123 1809 3179 qua:
1855 3107 2002 3162 domi
2054 3116 2179 3160 sunt
2224 3115 2374 3161 curat

782 3209 956 3263 uiiiuia
985 3220 998 3262 ε
1028 3206 1119 3260 alii
1146 3204 1384 3260 militiam
1413 3213 1686 3259 sectantur
1708 3241 1723 3267 ,
1748 3200 1837 3255 alii
1866 3199 2095 3255 artifices
2124 3208 2248 3254 sunt
2266 3242 2279 3264 ,
2307 3213 2372 3253 ac

784 3310 1017 3355 vestrum
1048 3300 1272 3369 quisque
1300 3296 1525 3353 diversis
1552 3294 1766 3350 insudat
1804 3293 2075 3365 operibus.
2107 3293 2215 3347 Nos
2244 3308 2372 3347 vero

783 3394 836 3448 in
876 3392 959 3448 his
989 3403 1296 3456 versamur,
1327 3389 1379 3443 in
1422 3388 1503 3442 his
1532 3388 1826 3457 cogitamus
1845 3428 1860 3452 ,
1883 3394 2041 3455 atque
2067 3385 2121 3439 in
2162 3384 2244 3437 his
2271 3399 2370 3437 no-

781 3493 950 3539 stram
1003 3481 1221 3537 terimus
1258 3489 1485 3550 tempus.
1516 3477 1696 3548 Itaque
1738 3492 1799 3534 ea
1842 3477 1895 3531 in
1940 3492 1999 3532 re
2038 3474 2179 3530 haud
2215 3489 2373 3529 accu-

783 3576 931 3631 sandi
966 3576 1130 3642 estis,
1158 3573 1325 3644 magis
1369 3589 1464 3643 pro
1510 3572 1687 3627 studio
1729 3569 2013 3635 laudandi,
2059 3567 2200 3637 quod
2231 3567 2374 3621 nulla

784 3683 882 3724 nos
906 3668 1214 3738 relinquatis
1248 3666 1518 3720 Dominica
1557 3665 1677 3729 die,
1706 3662 1799 3718 sed
1829 3662 2077 3717 omnibus
2116 3661 2375 3730 neglectis

785 3762 851 3817 sd
866 3760 1143 3817 ecclesiam
1174 3759 1417 3815 veniatis.
1438 3758 1486 3812 ls
1515 3758 1655 3812 enim
1687 3756 1900 3810 laudum
1920 3764 2003 3810 est
2028 3755 2274 3810 cumulus
2298 3754 2375 3808 ci-

784 3852 931 3909 vitali
958 3863 1152 3907 nostra:
1170 3890 1186 3918 ,
1218 3866 1323 3907 non
1352 3850 1632 3905 tumultum
1661 3858 1714 3904 et
1743 3848 2020 3915 suburbia,
2055 3864 2160 3901 non
2186 3846 2375 3902 domos

784 3948 1051 4005 deauratis
1091 3945 1349 4009 trabibus,
1378 3950 1434 4000 et
1465 3943 1711 4009 triclinia,
1742 3941 1838 3997 sed
1865 3941 2173 4010 diligentem
2210 3952 2375 4007 popu-

785 4032 892 4093 lum
937 4038 1133 4093 habere
1173 4045 1329 4107 atque
1356 4035 1661 4090 excitatum.
1685 4031 1869 4101 Neque
1910 4032 2051 4085 enim
2079 4046 2143 4084 ex
2175 4028 2378 4083 frondi-

785 4128 940 4184 dibus
966 4141 1279 4199 generosam
1308 4128 1552 4182 arborem
1574 4163 1589 4190 ,
1620 4125 1713 4180 sed
1739 4139 1805 4179 ex
1845 4122 2101 4177 fructibus
2130 4120 2374 4191 agnosci-

788 4237 924 4276 mus.
952 4221 1152 4276 Idcirco
1194 4220 1337 4275 enim
1382 4218 1544 4272 mntis
1574 4215 1888 4270 animalibus
1921 4215 2123 4285 praelati
2151 4228 2369 4277 smnus,

784 4316 922 4385 quod
952 4328 1253 4369 sermonem
1283 4310 1594 4375 habeamus,
1622 4323 1869 4364 sermone
1896 4317 2081 4362 mutuo
2112 4307 2377 4373 colloqua-

785 4418 923 4471 mur,
957 4418 1257 4461 sermonem
1286 4416 1546 4456 amemus.
1582 4400 1751 4455 llomo
1781 4399 1923 4453 enim
1950 4400 2039 4467 qui
2068 4413 2095 4450 a
2129 4411 2375 4452 sermone

785 4497 1067 4558 abhorret,
1106 4493 1360 4563 iumentis
1410 4501 1492 4547 est
1540 4492 1715 4545 minus
1761 4490 2059 4552 rationalis,
2094 4503 2197 4542 non
2247 4488 2375 4542 satis

787 4590 959 4643 sciens
987 4588 1135 4650 cujus
1162 4585 1331 4657 gratia
1376 4583 1702 4644 honoratur,
1734 4590 1892 4651 atque
1936 4580 2075 4634 unde
2113 4579 2370 4634 honorem

784 4678 1006 4747 accepit.
1037 4678 1213 4744 Quare
1240 4676 1378 4732 bene
1406 4674 1684 4744 proiiheta,
1715 4670 1884 4728 Homo
1903 4716 1916 4738 ,
1950 4674 2151 4743 inquit,
2182 4688 2293 4725 cum
2320 4673 2373 4727 in

786 4765 973 4824 [tonare
1008 4776 1167 4835 esset,
1197 4783 1297 4822 non
1338 4767 1622 4830 intellexit,
1657 4774 1976 4834 comparatus
2020 4773 2092 4818 est
2126 4764 2373 4833 jumeutis

783 4852 1164 4932 insipientibus,
1193 4868 1239 4911 et
1264 4857 1442 4912 similis
1472 4858 1635 4925 {actus
1662 4865 1733 4909 est
1776 4856 1878 4908 illis
1905 4852 2085 4927 (Psal.
2119 4854 2205 4908 48.
2236 4855 2298 4908 13
2327 4854 2367 4924 ).

784 4950 888 5016 Eu.
921 4953 1101 5017 homo,
1132 4951 1216 5006 cui
1247 4950 1517 5020 proprium
1546 4949 1710 5019 loqui,
1736 4963 2036 5002 sermonem
2067 4962 2174 5002 non
2201 4961 2369 5011 amas,

781 5054 832 5101 et
863 5058 1091 5117 quanam
1121 5043 1445 5115 indulgentia
1486 5041 1833 5111 dignaberis?
1859 5040 2041 5110 Itaque
2085 5039 2215 5094 mihi
2263 5055 2371 5107 pra:

783 5137 1029 5193 unmibus
1059 5133 1229 5207 magis
1271 5134 1559 5191 necessarii
1595 5135 1724 5189 estis
1769 5142 2029 5204 quotquOt
2068 5132 2135 5185 ad
2162 5131 2371 5186 virtutis

782 5242 1084 5284 sermonem
1110 5228 1471 5293 advolavistis,
1500 5237 1553 5283 et
1579 5225 1758 5281 omnia
1789 5225 1969 5280 divino
1993 5226 2159 5279 verbo
2186 5233 2366 5293 p0ste-

784 5323 925 5377 riora
955 5322 1203 5377 duxistis.
1244 5322 1356 5392 Age
1383 5335 1510 5391 ergo
1559 5335 1658 5375 nos
1692 5333 1906 5390 quoque
1948 5332 2060 5372 rem
2091 5316 2368 5387 aggredia-

782 5427 935 5482 mur,
964 5423 1123 5486 atque
1151 5414 1213 5467 iis
1233 5453 1249 5480 ,
1279 5428 1395 5483 quae
1425 5426 1593 5482 nuper
1619 5411 1847 5466 diximus
1871 5449 1886 5477 ,
1918 5409 2190 5479 sequentia
2235 5424 2367 5465 con-

784 5518 1074 5566 nectanms.
1106 5510 1285 5565 Debeo
1311 5508 1455 5564 enim
1481 5506 1631 5561 vobis
1652 5544 1670 5571 ,
1701 5515 1860 5576 atque
1901 5507 2018 5575 ipse
2065 5502 2189 5560 Iacto
2215 5506 2369 5560 vobis

844 5640 916 5707 (a)
947 5638 1123 5694 Collata
1154 5644 1396 5707 cumules.
1441 5639 1602 5707 Regiis
1626 5637 1781 5707 3027,
1818 5647 1870 5690 et
1888 5636 2046 5707 359.4,
2071 5638 2152 5707 qui
2174 5638 2366 5689 mendis

781 5701 954 5769 uestiit.
980 5714 1130 5769 Atque
1149 5706 1214 5754 ita
1252 5704 1417 5769 differt
1431 5706 1497 5769 ab
1512 5701 1957 5769 Editioneuorelli,
1977 5709 2031 5751 ut
2053 5701 2145 5750 alia
2169 5712 2368 5763 prorsus

781 5768 939 5819 series
982 5762 1216 5817 videatur.
1252 5766 1447 5817 Multum
1486 5768 1608 5816 item
1646 5762 2016 5826 variatﬁsvilins
2040 5762 2189 5826 :_qn:e
2213 5774 2370 5826 magis

783 5831 1055 5878 necessaria
1076 5828 1364 5878 videbantur
1386 5828 1673 5877 notavimus.
1700 5824 1836 5874 Savil.
1864 5828 1934 5874 sic
1964 5823 2153 5875 titulum
2179 5823 2323 5876 effert
2350 5835 2359 5871 ξ

789 5892 850 5942 1».
872 5890 1141 5953 mittentia
1162 5897 1205 5942 et
1222 5891 1280 5941 de
1296 5890 1592 5954 rleenmyna
1618 5887 1809 5938 [comitia
1827 5893 1985 5939 sexta.

2472 2468 2654 2523 animo
2682 2468 2916 2524 debitum
2958 2472 3204 2540 persolvo
3232 2489 3244 2525 :
3279 2488 3383 2528 non
3414 2475 3552 2528 enim
3586 2474 3636 2529 id
3673 2478 3798 2532 mihi
3830 2479 4059 2551 inepiam

2475 2557 2649 2623 all‘ert,
2680 2558 2774 2614 sed
2800 2559 3009 2616 divitias
3045 2562 3263 2632 colligit.
3289 2563 3345 2618 ln
3375 2565 3607 2619 externis
3634 2569 3858 2637 negotiis
3887 2586 3915 2624 a
3942 2587 4061 2627 cre-

2472 2648 2734 2706 ditoribus
2761 2651 3027 2709 debitores
3056 2654 3260 2725 fugiunt
3283 2698 3297 2723 ,
3322 2671 3427 2727 quo
3465 2657 3639 2713 minus
3669 2661 3929 2730 reddant;
3960 2682 4061 2735 ego

2473 2756 2602 2796 vero
2655 2758 2962 2814 persequor,
2995 2755 3051 2801 ut
3090 2748 3346 2803 reddam:
3378 2758 3431 2804 et
3455 2753 3644 2807 merito
3672 2755 3903 2822 quidem.
3929 2757 4059 2813 Nam

2474 2834 2670 2887 exteris
2698 2834 2748 2887 in
2779 2836 2937 2892 rebus
2982 2840 3249 2896 restitutio
3293 2842 3522 2912 inopiam
3557 2846 3730 2913 parit;
3778 2847 3886 2918 ipsa
3932 2866 4060 2905 vero

2474 2928 2735 2982 sermonis
2760 2928 3083 3000 dispensatio
3112 2934 3276 3004 gignit
3318 2935 3544 2990 divitias.
3578 2938 3814 3009 Exempli
3854 2958 4012 2996 causa
4044 2961 4058 2999 ε

2475 3017 2642 3073 debeo
2663 3020 2869 3075 cuidam
2892 3026 3167 3090 pecuniam
3196 3044 3209 3080 :
3233 3027 3275 3080 si
3300 3028 3624 3095 persolverit,
3650 3031 3828 3100 nequit
3846 3044 3897 3085 et
3921 3033 4061 3103 apud

2475 3108 2621 3163 illum
2650 3125 2767 3165 esse
2797 3123 2954 3182 atque
2987 3114 3146 3168 etiam
3171 3116 3310 3186 apud
3339 3133 3452 3184 me,
3485 3119 3577 3172 sed
3607 3135 3635 3172 a
3661 3136 3745 3175 me
3773 3122 4059 3190 deficit-ns,

2476 3198 2549 3252 illi
2578 3199 2803 3255 adhmsit
2826 3217 2841 3267 ;
2875 3218 3174 3257 sermonem
3202 3221 3329 3260 vero
3356 3208 3398 3261 si
3423 3210 3744 3277 persolvero,
3772 3221 3825 3265 et
3850 3229 4059 3269 mecum

2474 3302 2740 3361 e5t,atque
2762 3308 2855 3348 vos
2881 3310 3068 3350 omnes
3098 3297 3303 3353 habetis
3326 3317 3337 3351 :
3364 3296 3408 3353 si
3440 3316 3744 3356 sermonem
3772 3306 4057 3372 retinuero,

2477 3395 2649 3450 neque
2695 3385 3159 3441 communicavero
3180 3428 3194 3450 ,
3230 3396 3353 3443 tunc
3393 3389 3546 3458 inops
3592 3407 3706 3445 sum
3734 3412 3746 3445 :
3779 3395 3821 3447 si
3853 3397 4059 3464 persol-

2477 3485 2625 3539 vero,
2657 3481 2781 3527 tunc
2809 3474 2969 3529 ditior
2998 3474 3154 3543 liam;
3183 3479 3226 3533 si
3263 3494 3364 3533 non
3396 3482 3703 3549 pcrsolvero
3729 3497 4055 3549 sermonem,

2478 3563 2622 3616 solus
2654 3565 2766 3633 ipse
2795 3565 2998 3620 ditesco
3027 3585 3041 3621 :
3074 3568 3118 3623 si
3150 3570 3455 3639 persolvero
3476 3614 3490 3639 ,
3522 3589 3641 3628 cum
3686 3577 3931 3633 omnibus
3960 3593 4056 3633 vo-

2479 3653 2558 3707 bis
2585 3652 2815 3709 fructum
2847 3656 3042 3712 refero.

2550 3744 2731 3801 Multa:
2759 3750 2852 3802 vite
2878 3752 3193 3819 paenitentiae.
3228 3753 3476 3824 Exempla
3504 3769 3944 3827 praponuntur.—
3966 3761 4057 3816 Eia

2477 3853 2603 3905 ergo
2630 3840 2861 3894 debitum
2904 3841 3207 3899 reddamus.
3233 3846 3493 3912 Quidnam
3537 3849 3587 3901 id
3626 3860 3707 3903 est
3732 3852 3754 3903 ἲ
3782 3852 3854 3904 De
3884 3854 4055 3920 paeni-

2480 3930 2640 3983 tentia
2685 3945 2985 3987 sermonem
3018 3934 3339 3990 instituimus
3380 3954 3547 4006 nuper
3574 3954 3636 3993 ac
3663 3940 3891 3995 dixinius
3918 3944 4056 4011 quod

2477 4021 2654 4075 multa:
2685 4023 2948 4092 varichue
2986 4036 3107 4078 sunt
3133 4027 3461 4094 pmniteutiae
3496 4029 3625 4093 vite,
3662 4030 3851 4098 quibus
3894 4032 4059 4087 facilis

2476 4113 2630 4167 nobis
2673 4117 2818 4167 salus
2859 4116 2966 4168 fiat.
3002 4116 3131 4169 Nam
3175 4119 3218 4170 si
3259 4133 3417 4170 unum
3461 4119 3612 4172 nobis
3639 4120 3869 4175 dedisset
3920 4124 4057 4181 Deus

2476 4205 2614 4257 viam
2641 4206 2982 4272 pmiiitentize,
3011 4208 3390 4276 repulissemus
3411 4223 3526 4261 eam
3555 4210 3751 4279 utique,
3778 4211 4011 4269 dicentes
4040 4235 4053 4269 :

2476 4294 2767 4365 Nequimus
2828 4297 2962 4352 hanc
3013 4299 3253 4368 ingredi,
3314 4300 3506 4355 salvnri
3561 4304 3856 4371 nequimus.
3912 4307 4057 4362 Nunc

2479 4389 2647 4457 ipsam
2693 4387 2829 4443 hanc
2871 4400 3011 4444 tuam
3041 4399 3318 4459 amputans
3348 4391 3698 4461 objectionem
3720 4438 3732 4456 ,
3765 4412 3868 4451 non
3901 4416 4054 4453 uuam

2479 4482 2569 4535 tibi
2595 4522 2611 4548 ,
2640 4498 2812 4554 neque
2840 4487 3127 4540 secundam
3154 4526 3167 4547 ,
3199 4500 3370 4555 neque
3400 4488 3604 4541 tertiam
3627 4531 3640 4555 ,
3666 4490 3758 4543 scd
3789 4492 3967 4560 plures
3996 4508 4057 4547 ac

2475 4572 2718 4628 diversas
2747 4574 2930 4639 dedit,
2961 4594 3067 4647 quo
3095 4576 3426 4631 multitudine
3453 4579 3542 4633 tibi
3573 4579 3635 4633 ad
3664 4582 3849 4636 celum
3889 4582 4055 4637 facilis

2476 4680 2731 4721 ascensus
2760 4668 2867 4721 fiat.
2900 4669 2965 4721 Et
2992 4666 3298 4721 dicebamus
3322 4667 3523 4724 facilem
3551 4674 3934 4741 ptenitentiam,
3964 4691 4055 4728 ne-

2474 4776 2579 4829 que
2621 4777 2756 4816 onus
2803 4762 2853 4815 in
2886 4776 2947 4815 ea
2975 4774 3113 4813 esse.
3146 4758 3397 4816 Peccator
3421 4777 3478 4818 es
3504 4764 3527 4814 ’ἱ
3564 4765 3842 4820 ecclesiam
3881 4766 4054 4835 ingre-

2474 4850 2603 4905 dere
2631 4869 2643 4904 :
2673 4851 2775 4917 die,
2810 4850 3048 4915 Peccavi,
3074 4859 3127 4904 et
3151 4851 3353 4906 solvisti
3382 4865 3673 4922 peccatum.
3700 4855 4056 4909 Produxinius

2475 4944 2614 4999 enim
2647 4950 2955 5012 peccantem
2986 4941 3173 5010 David,
3207 4953 3260 4999 et
3280 4945 3569 4999 solventem
3601 4956 3896 5015 peccatum.
3923 4947 4056 5002 illnc

2474 5036 2763 5089 secundam
2796 5033 3117 5102 subjecimus
3146 5036 3300 5101 viam,
3327 5052 3488 5105 super
3516 5048 3787 5105 peccatum
3818 5038 3975 5105 ﬂere,
4005 5049 4058 5092 ct

2472 5128 2710 5183 diximus
2736 5143 2747 5180 :
2776 5125 3028 5193 Quisnam
3060 5128 3143 5184 hic
3171 5130 3357 5185 labor?
3388 5145 3490 5184 non
3519 5132 3793 5199 pecuniam
3822 5147 3957 5202 opus
3982 5130 4059 5186 ef-

2473 5218 2712 5285 fundere,
2743 5235 2847 5271 non
2881 5218 3058 5290 longas
3088 5221 3163 5277 ire
3188 5222 3320 5286 vias,
3351 5237 3522 5290 neque
3552 5222 3691 5277 aliud
3716 5224 3837 5293 quid
3861 5238 4054 5293 agere,

2472 5312 2564 5366 sed
2598 5321 2869 5379 peccatum
2915 5311 3041 5370 ﬂere
3081 5315 3378 5369 dumtaxat.
3416 5314 3526 5369 lloc
3556 5314 3620 5369 de
3658 5316 3927 5385 Scriptura
3974 5315 4056 5368 in-

2471 5403 2743 5469 dusimus,
2761 5405 2900 5473 quod
2931 5406 2983 5461 in
3012 5406 3227 5461 Achaab
3260 5406 3400 5459 Deus
3427 5406 3708 5462 consilium
3736 5406 3969 5469 mutarit,
3992 5420 4055 5457 co

2472 5496 2610 5567 quod
2642 5495 2876 5561 ﬂeverit,
2912 5498 3056 5568 quod
3097 5507 3319 5552 maestus
3368 5497 3558 5561 fuerit;
3588 5509 3744 5567 atque
3789 5496 3890 5549 hoc
3946 5494 4053 5561 ipse

2471 5587 2682 5643 dicebat
2701 5588 2829 5645 Elia:
2850 5588 3059 5643 :Vidisti
3077 5598 3127 5640 ut
3144 5588 3393 5641 incesserit
3411 5589 3609 5643 Achaab
3630 5604 3795 5642 coram
3810 5602 3886 5638 me
3906 5585 4050 5653 ﬂens,

2472 5690 2517 5734 ct
2541 5682 2903 5737 contristattts?
2935 5682 3053 5734 Non
3107 5680 3291 5748 faciant
3320 5683 3591 5737 secundum
3638 5684 3766 5733 iram
3814 5694 3973 5731 meam
4011 5678 4049 5741 ',

2537 5880 2555 5921 ί
2588 5891 2637 5936 tn
2658 5881 2821 5943 Barth,
2847 5878 3107 5933 scentulum
3131 5879 3255 5933 iram
3273 5893 3426 5933 meam
3446 5891 3589 5943 quant
3613 5876 3742 5929 dist.
