4446 6682
401 454 498 512 29!

400 566 840 637 περικείμενος,ό
854 570 1043 634 στῦλος
1067 570 1174 622 τῶν
1199 566 1549 637 Ἐκκλησιῶν,
1570 567 1599 619 6
1624 568 1862 637 ἐπίγειος
1876 568 1968 637 ἀγ-

398 650 575 716 γελος,
591 651 621 703 ὁ
633 652 952 723 ἐπουράνιος
966 654 1059 709 ἀνθ
1067 670 1265 725 ρωπος.
1283 651 1479 713 Ἡδέως
1492 650 1560 719 γά
1568 669 1598 723 ρ
1609 651 1791 706 λοιπὸν
1802 652 1967 706 ἐνδια-

397 732 569 801 τρίϐω
590 734 669 805 τῷ
686 736 861 808 ἀνδρὶ,
889 737 1107 808 θεωρῶν
1133 733 1297 787 αὑτοῦ
1322 734 1383 786 τὸ
1403 733 1597 798 κάλλος
1618 736 1717 807 τῆς
1743 736 1963 806 ἀρετῆς.

398 813 693 885 Οὑχοῦτως
707 819 855 889 ἥλιος
877 819 1162 879 ἀνατείλας
1198 814 1292 867 κοιλ⁸
1348 815 1604 890 λαμπράς
1638 820 1819 891 ἀφιεὶς
1867 816 1968 879 τὰς

387 893 899 970 ἀκτῖναςεὺφραίνει
917 913 1019 966 μου
1036 898 1135 959 τάς
1150 894 1318 965 ὄψεις,
1337 896 1412 960 ώς
1424 908 1483 951 το
1500 901 1790 969 πρόσωπον
1820 899 1937 951 Παύ
1956 930 1969 940 -

398 974 491 1032 λου
524 980 856 1050 καταυγάζει
889 997 990 1050 μου
1024 978 1121 1049 τὴν
1160 979 1431 1034 διάνοιαν·
1466 984 1495 1036 6
1536 983 1634 1053 μὲν
1675 981 1783 1051 γάρ
1818 980 1968 1051 ἥλιος

397 1063 499 1127 τάς
530 1064 677 1133 ὄψεις
709 1065 953 1134 φωτίζει,
980 1064 1008 1114 6
1037 1062 1094 1115 δὲ
1133 1062 1343 1128 Παῦλος
1375 1067 1454 1130 είς
1483 1063 1655 1127 αύτάς
1673 1066 1970 1134 ἀναπτεροῖ

396 1148 497 1213 τάς
524 1151 718 1219 ἀψῖδας
743 1148 853 1201 τῶν
877 1148 1124 1219 οὐρανῶν
1141 1167 1157 1182 ·
1188 1151 1284 1222 τὴν
1315 1152 1425 1222 γάρ
1442 1150 1620 1220 ψυχὴν
1654 1149 1747 1201 καὶ
1772 1150 1969 1220 ὑψηλο-

395 1233 561 1302 τέραν
589 1231 684 1285 τοῦ
712 1231 865 1301 ἡλίου
892 1231 1284 1303 ἀπεργάζεται,
1317 1236 1412 1286 καὶ
1444 1232 1722 1304 ἀνωτέραν
1751 1231 1851 1302 τῆς
1883 1249 1969 1284 σε·

395 1312 563 1385 λήνης
587 1330 601 1344 ⁸
636 1312 862 1384 τοιαύτη
892 1313 1002 1387 γάρ
1030 1316 1063 1388 ὴ
1092 1316 1321 1387 δύναμις
1342 1318 1437 1386 τῆς
1471 1316 1704 1386 ἀρετῆς·
1744 1315 1974 1384 ἄγγελον

393 1395 486 1448 τὸν
515 1395 797 1465 ἄνθρωπον
824 1400 985 1463 ποιεῖ,
1018 1400 1118 1468 τὴν
1146 1399 1324 1468 ψυχὴν
1348 1400 1645 1469 ἀναπτεροῖ
1665 1400 1744 1462 είς
1774 1399 1864 1451 τὸν
1884 1400 1974 1451 o6-

396 1479 578 1549 ρανόν.
604 1478 819 1548 Ταύτην
851 1480 950 1552 τὴν
983 1482 1182 1553 ἀρετὴν
1212 1482 1453 1535 διδάσκει
1487 1484 1633 1553 ἡμᾶς
1664 1488 1692 1537 6
1715 1483 1924 1545 Παῦλος
1952 1500 1966 1513 ·

395 1560 787 1631 σπουδάσωμεν
835 1563 1072 1635 ζηλωταὶ
1115 1564 1279 1618 αὑτοῦ
1320 1565 1569 1632 γενέσθαι
1612 1566 1710 1636 τῆς
1743 1567 1963 1635 ἀρετῆς.

407 1643 550 1696 Ἀλλ’
585 1645 643 1695 οὑ
675 1644 755 1697 δεῖ
786 1646 1021 1712 ἐξελθεῖν
1049 1649 1196 1718 ἡμᾶς
1227 1647 1322 1701 τοῦ
1352 1647 1723 1719 προκειμένου
1752 1663 1765 1675 ·
1793 1646 1965 1711 δεῖξαι

1504 455 1591 510 DE
1633 455 2120 513 ELEEMOSYNA.
2162 454 2394 511 HOMIL.
2435 455 2519 509 Ill.

3535 462 3641 515 292

2071 570 2181 640 γὰρ
2210 564 2277 639 ἦν
2302 569 2330 621 ὁ
2361 566 2561 629 σκοπὸς
2589 566 2775 637 τρίτην
2800 564 2916 619 όδδν
2943 565 3230 636 μετανοίας
3255 566 3352 637 τὴν
3393 587 3640 630 ταπεινο-

2074 650 2365 719 φροσύνην,
2396 651 2475 703 ὃτι
2500 651 2528 703 6
2550 648 2787 720 τελώνης
2817 650 2916 701 οὑκ
2947 649 3493 721 ἐταπεινοφρόνησεν,
3528 654 3641 708 ἀλλ’

2072 734 2330 801 ἀλήθειαν
2372 728 2513 797 εἷπε,
2549 731 2647 795 τάς
2689 732 2820 795 ἰδίας
2855 731 3129 803 ἁμαρτίας
3155 731 3450 803 γυμνώσας
3473 746 3520 799 ι,
3552 736 3647 790 καὶ

2072 818 2276 880 δίκαιος
2294 816 2533 885 ἐγένετο,
2563 815 2624 867 οὑ
2646 816 2905 885 χρήματα
2929 814 3269 879 καταϐαλὼν,
3292 815 3415 869 οὔτε
3439 817 3650 891 πελάγη

2072 900 2360 972 διατεμὼν,
2397 899 2522 953 οὕτε
2566 898 2764 969 πολλὴν
2792 898 2910 951 666v
2948 898 3218 963 πεζεύσας
3241 942 3256 965 ,
3289 898 3413 953 οὔτε
3450 900 3653 973 ἄπειρα

2070 986 2283 1053 πελάγη
2313 983 2557 1054 περάσας
2577 1022 2592 1046 ,
2628 980 2750 1035 οὔτε
2797 980 2983 1049 φίλους
3016 981 3275 1047 ἀξιώσας.
3305 982 3428 1038 οὔτε
3460 985 3655 1055 χρόνον

2071 1067 2239 1121 πολὺν
2278 1064 2691 1129 καταναλώσας,
2734 1063 2870 1117 ἀλλά
2910 1064 2997 1116 διὰ
3027 1066 3528 1137 ταπεινοφροσύνης
3569 1068 3651 1121 δι-

2072 1146 2363 1215 καιοσύνην
2393 1147 2682 1216 ἐκτήσατο,
2717 1143 3079 1209 καταξιωθεὶς
3105 1147 3203 1215 τῆς
3232 1145 3509 1214 βασιλείας
3536 1146 3648 1201 τῶν

2072 1230 2343 1300 οὐρανῶν·
2369 1224 2435 1298 ἦς
2469 1229 2680 1297 γένοιτο
2718 1231 2926 1293 πάντας
2956 1231 3104 1301 ἡμᾶς
3139 1231 3437 1299 ἐπιτυχεῖν,
3462 1230 3649 1301 χάριτι

2071 1312 2167 1365 καὶ
2196 1311 2575 1382 φιλανθρωπίᾳ
2606 1310 2698 1364 τοῦ
2732 1312 2938 1382 Κυρίου
2977 1312 3132 1382 ἡμῶν
3176 1311 3350 1382 Ἰησοῦ
3386 1313 3645 1383 Χριστοῦ,

2068 1391 2114 1465 ᾧ
2138 1398 2170 1467 ἡ
2203 1395 2327 1460 δόξα
2362 1396 2453 1449 καὶ
2475 1396 2536 1447 τὸ
2559 1395 2757 1466 κράτος
2780 1396 2857 1458 εἰς
2876 1397 3000 1458 τους
3034 1396 3237 1459 αἰῶνας
3264 1396 3375 1449 τῶν
3406 1393 3643 1451 αἰώνων.

2080 1480 2275 1550 Ἀμήν.

2125 1659 2153 1689 ⁸
2178 1658 2328 1707 Savil.
2356 1660 2719 1717 ἀπογυμνώσας.

1441 1994 1468 2024 ⁸
1499 1986 1726 2077 ΤΟΥ
1780 1986 2158 2075 ΑΥΤΟΥ
2220 1986 2586 2074 ΛΟΓΟΣ

1196 2197 1349 2270 [296]
1381 2196 1517 2267 Περὶ
1548 2194 1999 2267 ἐλεημοσύνης,
2035 2192 2131 2245 καὶ
2159 2194 2245 2258 εις
2284 2191 2388 2257 τὰς
2420 2192 2563 2248 δέκα
2598 2193 2947 2263 παρθένους.

974 2495 1203 2563 Ὁμιλία
1232 2501 1299 2563 γ’.

389 2627 459 2671 α’.
498 2614 639 2689 Ἀρα
672 2615 1055 2683 οἶδατε,πόθεν
1085 2619 1217 2688 ἡμῖν
1245 2620 1273 2671 6
1297 2618 1453 2685 λόγος
1482 2620 1673 2693 πρώην
1703 2624 1925 2695 ἧρξατο,
1955 2629 1985 2698 ἦ

318 2707 422 2759 ποῦ
455 2707 745 2759 κατέλυσεν
778 2702 829 2769 δ,
858 2706 891 2773 ἦ
922 2707 987 2757 ἐκ
1018 2706 1176 2766 ποίας
1200 2704 1509 2768 ὑποθέσεως
1539 2710 1619 2772 είς
1646 2710 1803 2764 ποίαν
1833 2713 1989 2784 ἔληξε

315 2795 385 2847 τά
418 2794 515 2862 τῆς
551 2792 819 2861 προτέρας
854 2793 1069 2864 ὁμιλίας
1102 2793 1356 2861 ρήματας
1409 2794 1547 2847 Ἀλλ’
1581 2797 1725 2866 ὑμᾶς
1771 2800 1870 2870 μὲν
1898 2820 1984 2855 νο-

321 2879 467 2950 μίζω
508 2877 857 2947 ἐπιλελῆσθαι
904 2878 1006 2930 ποῦ
1049 2880 1180 2948 ἡμῖν
1218 2881 1245 2931 6
1278 2879 1434 2947 λόγος
1481 2883 1845 2940 κατέπαυσεν·
1877 2888 1989 2957 ἐγὼ

316 2965 375 3018 δέ
395 2961 532 3027 οῖδα,
556 2965 647 3017 καὶ¹
668 2965 767 3016 οὐκ
784 2963 1043 3034 αἰτιῶμαι
1070 2964 1213 3034 ὑμᾶς
1234 2966 1292 3017 ἐν
1324 2967 1497 3036 τούτῳ
1521 2967 1641 3021 ούδέ
1671 2974 1983 3044 κατηγορῶ.

318 3052 589 3113 Ἕκαστος
613 3049 720 3120 γὰρ
743 3049 895 3119 ὑμῶν
915 3054 1147 3118 γυναῖκα
1171 3051 1303 3120 ἔχει,
1330 3052 1421 3104 καὶ
1445 3053 1651 3107 παίδων
1674 3057 1984 3128 ἀντέχεται,

317 3138 413 3190 καὶ
442 3136 549 3189 τῶν
586 3136 713 3207 περὶ
738 3137 830 3189 τὸν
858 3131 1008 3189 οἷκον
1040 3136 1316 3205 φροντίζει
1343 3148 1365 3176 ο
1400 3140 1644 3194 πάντων·
1679 3142 1730 3195 οἱ
1765 3144 1863 3213 μὲν
1892 3146 1987 3198 καὶ

316 3228 375 3277 ἐν
411 3225 716 3295 στρατείαις
747 3224 1123 3295 ἀσχολοῦνται,
1172 3224 1319 3278 ἄλλοι
1362 3226 1417 3278 δὲ
1465 3228 1800 3299 χειροτέχναι
1834 3232 1940 3284 είσί
1968 3248 1983 3265 ·

315 3312 412 3364 καὶ
458 3314 536 3376 εἰς
583 3312 869 3383 διαφόρους
921 3313 1110 3383 χρείας
1158 3313 1388 3376 ἕκαστος
1444 3314 1599 3383 ὑμῶν
1653 3317 1979 3387 ἀσχολεῖται.

326 3401 518 3471 Ἡμεῖς
546 3401 602 3453 δὲ
642 3402 697 3453 ἐν
725 3401 936 3463 τούτοις
968 3401 1333 3471 στρεφόμεθα.
1371 3404 1463 3455 καὶ
1487 3406 1544 3455 ἐν
1581 3404 1794 3469 τούτοις
1826 3409 1984 3478 μελε-

311 3488 518 3558 τῶμεν,
564 3488 658 3541 καὶ
689 3490 747 3541 ἐν
790 3489 1001 3550 τούτοις
1039 3490 1130 3541 τὸν
1168 3490 1355 3557 χρόνον
1405 3492 1561 3560 ἡμῶν
1603 3493 1979 3565 διατρίϐομεν·

311 3575 455 3628 ὥστε
482 3577 543 3628 οὑ
578 3576 846 3645 μεμπτέοι
881 3576 1003 3627 ἐστέ
1032 3577 1088 3627 ἐν
1119 3575 1313 3645 τούτῳ,
1352 3578 1465 3629 ἀλλ’
1504 3581 1807 3634 ὲπαινετέοι
1832 3585 1889 3635 ἐν
1917 3587 1982 3655 τῇ

313 3663 541 3733 σπουδῇ,
579 3663 660 3716 ὅτι
699 3663 821 3715 οὑδὲ
867 3663 996 3732 μίαν
1030 3664 1174 3732 ἡμᾶς
1206 3665 1487 3736 Κυριακὴν
1520 3669 1981 3739 καταλιμπάνετε,

311 3752 451 3806 ἀλλά
482 3753 700 3806 πάντων
735 3752 1205 3823 καταφρονοῦντες
1241 3756 1321 3816 είς
1351 3755 1646 3826 ἐκκλησίαν
1677 3759 1975 3813 ἀπαντᾶτε.

312 3840 486 3895 Τοῦτο
504 3840 615 3912 γὰρ
640 3841 895 3912 μέγιστον
916 3841 1189 3912 ἐγκώμιόν
1208 3844 1324 3895 ἐστι
1348 3843 1447 3912 τῆς
1464 3844 1736 3915 ἡμετέρας
1750 3845 1977 3913 πόλεως,

310 3930 371 3981 οὑ
398 3929 461 3982 :6
504 3928 767 4000 θορύϐους
808 3929 952 3999 ἔχειν
990 3930 1085 3982 καὶ
1109 3930 1439 4001 προάστεια,
1464 3931 1583 3985 οὑδὲ
1612 3934 1981 4005 χρυσορόφους

310 4017 496 4081 οἴκους
536 4018 632 4070 καὶ
663 4017 991 4088 τρικλίνους,
1037 4017 1174 4072 ἀλλά
1209 4019 1267 4071 τὸ
1304 4018 1448 4088 ἔχειν
1485 4019 1657 4090 δῆμον
1698 4022 1981 4075 σπουδαῖον

311 4104 408 4156 καὶ
441 4103 884 4174 διεγηγερμένον.
921 4105 994 4157 06
1039 4103 1147 4175 γὰρ
1190 4105 1253 4157 ἐκ
1288 4104 1396 4158 τῶν
1431 4105 1645 4175 φύλλων
1688 4107 1788 4177 τὴν
1818 4108 1981 4175 εὐγέ-

310 4208 461 4243 νειαν
491 4189 582 4242 τοῦ
620 4190 857 4262 δένδρου,
887 4190 1001 4244 ἀλλ’
1040 4192 1103 4244 ἐκ
1130 4191 1239 4244 τῶν
1269 4192 1498 4262 καρπῶν
1525 4194 1977 4264 ἐπιγινώσκομεν.

310 4275 410 4329 Διά
430 4275 590 4328 τοῦτο
612 4274 721 4347 γάρ
753 4277 861 4329 τῶν
895 4278 1108 4344 ἀλόγων
1138 4276 1291 4339 ζώων
1322 4280 1772 4350 προτετιμήμεθα
1814 4283 1871 4333 ὲν
1904 4283 1981 4353 τῷ

309 4362 470 4429 λόγον
502 4361 663 4431 ἔχειν,
697 4364 794 4416 καὶ
818 4363 976 4431 λόγου
1016 4364 1477 4432 μεταλαμϐάνειν,
1506 4368 1599 4419 καὶ
1619 4366 1775 4435 λόγου
1811 4368 1941 4439 ἐρᾷν
1963 4386 1976 4399 ·

311 4447 598 4517 ἄνθρωπος
634 4448 743 4518 γάρ
794 4450 867 4517 μὴ
907 4450 1046 4517 ἐρῶν
1085 4449 1267 4516 λόγου,
1317 4454 1453 4505 πολὺ
1501 4452 1839 4523 ἀλογώτερος
1872 4456 1980 4510 τῶν

313 4533 526 4605 κτηνῶν
559 4536 707 4598 ἐστι,
742 4536 816 4605 μὴ
845 4535 1000 4599 είδὼς
1032 4536 1120 4589 διά
1147 4538 1199 4589 τί
1230 4540 1463 4611 ἐτιμήθη
1483 4580 1497 4603 ,
1532 4541 1625 4594 καὶ
1666 4541 1829 4594 πόθεν
1869 4544 1981 4613 ἔχει

309 4620 411 4692 τὴν
435 4621 620 4690 τιμήν.
651 4621 760 4673 Καὶ
803 4620 983 4684 καλῶς
1010 4622 1195 4690 ἐλεγεν
1227 4626 1256 4677 6
1288 4629 1572 4698 προφήτης
1594 4643 1609 4658 ·
1638 4628 1983 4697 Ἀνθρωπος

310 4708 383 4760 ἐν
402 4704 542 4776 τιμῇ
563 4707 648 4760 ὢν
670 4710 743 4761 οὐ
769 4706 1003 4776 συνῆκε
1017 4725 1029 4739 ·
1055 4715 1558 4780 παρασυνεϐλήθη
1585 4712 1710 4778 τοῖς
1732 4715 1982 4783 κτήνεσι

315 4794 443 4860 τοῖς
466 4795 764 4861 ἀνοήτοις,
796 4797 893 4848 καί
922 4795 1184 4864 ὡμοιώθη
1226 4800 1451 4866 αὐτοῖς.
1486 4800 1799 4871 Ἀνθρωπος
1840 4802 1983 4871 λογι-

316 4881 412 4946 κὸς
434 4881 529 4947 ὢν,
559 4883 718 4951 λόγου
748 4884 849 4936 οὐκ
884 4884 1046 4953 ἐρᾷςς
1078 4884 1197 4938 εἰπέ
1229 4903 1339 4956 μοι,
1375 4888 1470 4940 καὶ
1497 4886 1655 4940 ποίαν
1683 4886 1824 4952 ἕξεις
1854 4906 1984 4958 συγ-

315 4968 542 5040 γνώμην
566 4987 580 5037 ;
632 4972 794 5024 Ὥστε
842 4971 997 5039 ὑμεῖς
1047 4971 1171 5039 ἐμοὶ
1214 4974 1429 5028 πάντων
1477 4974 1888 5046 ἀναγκαιότεροι
1935 4980 1981 5030 οἱ

316 5056 456 5126 πρὸς
489 5056 580 5111 τδν
603 5060 759 5127 λόγον
780 5060 877 5128 τῆς
908 5057 1110 5127 ἀρετῆς
1146 5059 1631 5132 ἀναπτερούμενοι,
1667 5062 1763 5114 καὶ
1801 5063 1980 5116 πάντα

316 5141 429 5195 τῶν
491 5142 651 5197 θείων
713 5144 889 5213 λόγων
945 5142 1172 5214 δεύτερα
1228 5146 1488 5211 τιθέντες.
1547 5146 1681 5218 Φέρε
1738 5144 1831 5203 οὖν
1888 5151 1984 5203 καὶ

316 5232 477 5300 ἡμεῖς
505 5230 603 5302 τῆς
635 5230 941 5293 ὑποθέσεως
970 5229 1268 5301 ἁψώμεθα,
1300 5236 1393 5288 καὶ
1421 5234 1529 5288 τῶν
1559 5233 1749 5306 πρώην
1790 5236 1983 5307 ῥηθέν⁹

377 5364 498 5449 “Sic
518 5380 573 5449 se“.
587 5367 813 5449 ’habct'in
842 5367 1026 5417 Savilio
1051 5365 1224 5419 titulus
1248 5390 1261 5418 :
1296 5372 1413 5436 Περὶ
1456 5370 1701 5435 μετανοίας
1738 5374 1819 5420 καὶ
1846 5374 1980 5433 ἐλεη-

317 5430 526 5487 μοσύνης
549 5430 685 5491 λόγος
712 5430 781 5478 τ’.
1372 5430 1382 5436 “
1456 5430 1466 5435 ⁷
1944 5430 1952 5433 ’

320 5548 339 5563 _
380 5487 409 5526 1ο
435 5489 614 5563 ξιοτριλ
632 5493 752 5539 ὅπου
770 5490 1049 5563 κατέλυσεν,ζ
1070 5489 1224 5563 εξγὶι.
1239 5495 1279 5563 ’ἢ
1299 5491 1394 5541 ποῦ
1420 5495 1799 5563 κατέληεεηπξςβ.
1839 5497 1975 5563 ﬂag,

316 5548 349 5603 ἢ
370 5548 465 5618 τεοῦ
483 5553 756 5618 κατέλυσεν.
784 5550 976 5618 Qeipde
1019 5552 1168 5618 δίψη,
1210 5548 1280 5603 sié
1304 5548 1625 5618 pergiljtdeév
1654 5548 1909 5618 ἠρξάμεθα,
1927 5548 1975 5616 νὴ

316 5612 412 5680 ποῦ
445 5612 774 5680 ἐπαυσάμεθας
806 5616 835 5670 ἠ
878 5614 932 5680 έκ
972 5614 1110 5669 ποίας
1149 5616 1282 5665 ὑποθ.
1305 5612 1420 5665 Μεῖιέ
1467 5617 1589 5680 Βρε.
1632 5612 1796 5665 alitem
1833 5620 1861 5675 ἢ
1886 5612 1978 5669 ποῦ

318 5670 622 5738 ἐπαυσάμεθα
632 5670 728 5738 ’τῆς
746 5670 989 5738 προτέρας.

386 5734 409 5762 ⁸
437 5734 594 5805 δειιῆζ
610 5737 692 5784 καὶ
731 5734 866 5805 οῖᾶιρυ
890 5734 1154 5805 φροντίζει..-
1184 5738 1466 5805 Ullp‘sAReg.
1501 5740 1580 5805 καί
1604 5740 1663 5787 τά
1701 5741 1817 5805 περὶ,
1848 5742 1977 5805 οἶκον

320 5794 545 5865 φροντίζει
566 5798 766 5865 ἅπαντα.
792 5794 907 5847 Mox'
923 5794 1061 5865 )dgm
1083 5800 1215 5848 ἄλλοι
1258 5802 1309 5851 δὲ
1330 5802 1377 5850 ἐν
1395 5794 1725 5865 χῖιροτέχναις,
1748 5794 1825 5850 καὶ
1854 5804 1953 5858 εἰς..

315 5854 451 5913 ὑμῶν
475 5855 827 5923 ἀναστρέφεται,
860 5862 937 5907 καὶ
966 5860 1041 5915 εἷς.

2003 2354 2076 2369 ρ-ο

2092 2527 2201 2563 των
2252 2507 2320 2563 τά
2375 2509 2640 2563 ἀκόλουθα
2691 2508 2971 2578 εἴπωμεν·
3013 2507 3271 2579 χρεωστῶ
3320 2507 3427 2578 γάρ
3479 2507 3635 2578 ὑμῖν,
3665 2508 3759 2563 καὶ

2094 2597 2261 2667 ἡδέως
2294 2597 2614 2651 καταϐάλλω
2646 2599 2707 2650 :6
2755 2598 2945 2667 χρέος·
2975 2598 3035 2649 o6
3085 2596 3193 2667 γὰρ
3244 2597 3431 2649 πενίαν
3456 2614 3545 2667 μοι
3565 2598 3740 2668 φέρει,

2092 2686 2227 2741 ἀλλά
2262 2687 2490 2740 πλοῦτον
2520 2687 2762 2755 συνάγει.
2823 2688 2947 2739 Ἐπὶ
2986 2687 3093 2759 γὰρ
3132 2687 3239 2740 τῶν
3268 2687 3467 2751 ἔξωθεν
3500 2690 3759 2758 πραγμά-

2089 2792 2198 2827 των
2244 2776 2291 2827 οί
2325 2774 2596 2845 χρεῶσται
2626 2774 2885 2844 φεύγουσι
2931 2775 3055 2837 τοὺς
3103 2774 3387 2837 δανειστὰς
3418 2774 3555 2841 πρὸς
3588 2774 3648 2827 :6
3683 2776 3757 2844 μὴ

2088 2861 2401 2926 ἀποδοῦναι,
2450 2862 2561 2931 ἐγὼ
2613 2863 2669 2916 δέ
2719 2860 3040 2915 καταδιώκω
3079 2863 3159 2926 είς
3206 2862 3266 2915 τὸ
3296 2862 3624 2925 ἀποδοῦναι,
3664 2863 3759 2915 καὶ

2092 2950 2236 3019 μάλα
2276 2966 2339 3017 γε
2398 2950 2654 3013 εἰκότως·
2689 2949 2783 3001 ἐπὶ
2816 2948 2926 3020 γὰρ
2968 2949 3073 3001 τῶν
3107 2948 3306 3015 ἔξωθεν
3343 2949 3685 3019 πραγμάτων
3724 2952 3757 3019 ἡ

2089 3036 2343 3100 ἀπόδοσις
2376 3038 2564 3089 πενίαν
2588 3036 2906 3107 ἐργάζεται,
2927 3036 3019 3087 ἐπὶ
3044 3034 3099 3088 δὲ
3125 3036 3220 3089 τοῦ
3238 3035 3399 3104 λόγου
3433 3038 3467 3107 ἡ
3499 3035 3758 3097 ἀπόδοσις

2088 3122 2315 3176 πλοῦτον
2344 3126 2525 3194 γεννᾷ.
2567 3119 2692 3177 Οἶόν
2725 3141 2777 3176 τι
2822 3123 2989 3189 λέγω·
3037 3123 3300 3194 χρήματα
3344 3121 3605 3194 χρεωστῶ
3626 3138 3751 3174 τινι·

2084 3210 2256 3263 ταῦτα
2288 3210 2384 3263 ἐὰν
2418 3210 2732 3273 καταϐάλω,
2766 3211 2826 3263 06
2853 3210 3078 3263 δύναται
3122 3209 3214 3262 καὶ
3240 3210 3370 3279 παρ’
3398 3208 3593 3279 ἐκείνῳ
3614 3203 3754 3260 εἶναι

2084 3298 2180 3351 καὶ
2204 3300 2337 3369 παρ’
2365 3300 2509 3369 ἐμοὶ,
2534 3298 2648 3351 ἀλλ’
2664 3300 2759 3352 ἀπ’
2791 3298 2922 3370 ἐμοῦ
2950 3299 3049 3369 μὲν
3082 3296 3455 3369 ἀνεχώρησεν,
3481 3294 3675 3365 ἐκείνῳ
3698 3295 3753 3348 δὲ

2084 3383 2371 3455 ἐκολλήθη·
2404 3385 2561 3452 λόγον
2583 3385 2640 3438 δὲ
2669 3384 2765 3438 ἐὰν
2802 3383 3117 3447 καταϐάλω,
3148 3384 3245 3436 καὶ
3293 3383 3411 3453 μετ’
3442 3381 3577 3452 ἐμοῦ
3615 3383 3751 3441 ἐστι,

2083 3470 2178 3523 καὶ
2208 3471 2409 3533 πάντες
2432 3471 2597 3523 αὑτὸν
2619 3471 2795 3541 ἔχετε·
2828 3470 2923 3523 ἐὰν
2958 3470 3216 3539 κατάσχω
3242 3468 3335 3521 τὸν
3362 3468 3521 3535 λόγον
3553 3466 3647 3518 καὶ
3678 3468 3752 3535 μὴ

2090 3557 2322 3627 μεταδῶ,
2352 3560 2474 3612 τότε
2507 3558 2677 3629 πένης
2699 3558 2837 3630 εἰμὶ,
2865 3560 2994 3613 ὅταν
3018 3559 3075 3612 δὲ
3099 3556 3413 3618 καταϐάλω,
3444 3555 3567 3607 τότε
3600 3554 3757 3606 561:0-

2090 3642 2325 3716 ρώτερος
2352 3646 2593 3715 γίνομαι·
2617 3645 2713 3698 ἐάν
2747 3645 2822 3715 μὴ
2845 3645 3137 3699 καταϐάλω
3162 3644 3253 3696 τὸν
3285 3642 3464 3711 λόγον,
3504 3640 3625 3693 τότε
3659 3639 3757 3706 μό-

2086 3747 2175 3793 νος
2208 3730 2444 3793 πλουτῶ,
2477 3730 2573 3784 ἐὰν
2597 3731 2654 3785 δὲ
2679 3730 2971 3785 καταϐάλω
2990 3771 3006 3794 ,
3059 3736 3195 3802 μετά
3238 3729 3458 3783 πάντων
3486 3726 3637 3796 ὑμῶν
3662 3728 3754 3779 τὸν

2085 3816 2296 3886 καρπὸν
2326 3817 2692 3887 ἀποφέρομαι.

2150 3901 2284 3972 Φέρε
2315 3898 2409 3955 οὗν
2462 3903 2749 3973 ἀποδῶμεν
2794 3903 2854 3955 :6
2896 3904 3075 3973 χρέος·
3118 3904 3171 3956 τί
3209 3903 3265 3955 δέ
3292 3897 3359 3973 ἦν
3391 3899 3540 3973 [295]
3564 3899 3753 3965 τοῦτος

2084 3989 2218 4059 Περὶ
2248 3989 2536 4059 μετανοίας
2564 3989 2657 4044 τὸν
2700 3989 2856 4058 λόγον
2896 3990 3279 4059 ἐγυμνάζομεν
3308 3988 3497 4060 πρώην
3525 3988 3617 4039 καὶ
3640 3988 3755 4038 ἑλεο

2082 4092 2271 4146 γομεν,
2322 4078 2403 4130 ὅτι
2446 4076 2639 4130 πολλαὶ
2690 4079 2784 4130 καὶ
2841 4077 3083 4131 ποικίλαι
3140 4076 3249 4128 ὁδοὶ
3297 4076 3396 4145 τῆς
3444 4074 3753 4144 μετανοίας,

2084 4163 2170 4215 ἵνα
2221 4161 2443 4226 εὔκολος
2496 4166 2627 4234 ἡμῖν
2672 4164 2898 4235 γένηται
2947 4167 2979 4233 ἡ
3028 4162 3294 4233 σωτηρία.
3353 4163 3416 4215 Et
3464 4160 3573 4231 γὰρ
3626 4159 3754 4229 μίαν

2085 4251 2216 4319 ἡμῖν
2265 4250 2464 4304 ἔδωκεν
2509 4250 2627 4303 ὁδὸν
2663 4253 2691 4303 6
2727 4250 2860 4313 Θεὸς
2900 4250 3210 4319 μετανοίας,
3262 4246 3637 4318 ἀνεϐαλόμεθα
3684 4244 3750 4297 ἄν

2084 4337 2350 4405 λέγοντες·
2379 4338 2455 4398 06
2503 4336 2780 4407 δυνάμεθα
2821 4337 3028 4406 ταύτην
3064 4337 3362 4405 μετελθεῖν,
3409 4338 3646 4408 σωθῆναι
3689 4337 3753 4389 οὑ

2083 4424 2376 4494 δυνάμεθα·
2407 4421 2501 4475 νῦν
2534 4423 2591 4476 δὲ
2618 4424 2905 4477 ἐκκόπτων
2941 4442 3035 4477 σου
3078 4426 3177 4495 τὴν
3206 4425 3482 4496 πρόφασιν
3510 4425 3718 4495 ταύτην
3741 4464 3754 4491 ,

2083 4513 2144 4564 o6
2171 4512 2301 4582 μίαν
2336 4527 2417 4563 σοι
2450 4510 2648 4564 δέδωκε
2680 4512 2837 4581 μόνον
2860 4512 2998 4575 ὁδὸν,
3019 4513 3138 4567 οὑδὲ
3162 4513 3445 4585 δευτέραν.
3482 4514 3604 4567 οὑδὲ
3634 4512 3753 4584 τρί-

2087 4615 2203 4667 την,
2232 4595 2366 4649 ἀλλά
2389 4595 2589 4662 πολλὰς
2617 4598 2713 4651 καὶ
2739 4597 3049 4670 διαφόρους,
3076 4598 3162 4653 ἴνα
3188 4600 3266 4667 τῷ
3298 4600 3491 4669 πλήθει
3526 4598 3750 4653 εὔκολόν

2087 4711 2169 4746 σοι
2194 4693 2396 4764 ποιήσῃ
2428 4692 2526 4763 τὴν
2563 4693 2823 4748 ἀνάϐασιν
2854 4694 2953 4764 τὴν
2980 4697 3061 4758 είς
3088 4695 3180 4747 τὸν
3209 4695 3460 4765 οὐρανόν.
3490 4696 3599 4748 Καὶ
3629 4695 3749 4747 ἐλέ-

2083 4798 2252 4851 γομεν
2285 4782 2367 4834 ὃτι
2395 4779 2616 4845 εὔκολος
2640 4783 2673 4851 ή
2699 4782 2976 4851 μετάνοια,
2996 4783 3090 4835 καὶ⁵
3115 4782 3269 4835 οὑδέν
3304 4781 3469 4855 βάρος
3501 4785 3557 4835 ἐν
3589 4782 3746 4850 αὑτῇ.

2096 4867 2447 4938 ’Δμαρτωλὸς
2475 4862 2552 4931 cf;
2600 4867 2808 4920 εἴσελθε
2848 4870 2927 4931 είς
2985 4869 3086 4941 τὴν
3141 4868 3458 4939 ἐκκλησίαν,
3512 4869 3632 4921 είπέ
3668 4870 3749 4920 ὅτι

2085 4953 2404 5024 ἡμάρτηκα,
2436 4954 2529 5006 καὶ
2555 4952 2750 5016 ἔλυσας
2777 4954 2875 5025 τὴν
2912 4956 3205 5027 ἁμαρτίαν.
3242 4954 3352 5009 Καὶ
3386 4955 3495 5026 γὰρ
3527 4959 3622 5007 καὶ
3657 4956 3749 5007 τὸν

2084 5039 2246 5092 Δαυῒδ
2264 5040 2657 5109 παρηγάγομεν
2674 5044 2753 5105 είς
2777 5043 2940 5113 μέσον
2970 5043 3386 5112 ἀμαρτήσαντα,
3404 5043 3499 5095 καὶ
3514 5042 3750 5096 λύσαντα

2083 5136 2179 5206 τὴν
2219 5136 2516 5206 ἁμαρτίαν·
2552 5134 2672 5191 εἶτα
2697 5139 2959 5209 δευτέραν
2996 5137 3110 5191 όδὸν
3146 5137 3493 5208 ὑπεθέμεθα,
3522 5138 3582 5191 :6
3615 5155 3747 5191 πεν-

2085 5224 2247 5293 θῆσαι
2276 5224 2368 5275 ἐπὶ
2392 5226 2459 5294 τῇ
2484 5225 2750 5297 ἁμαρτίᾳ,
2770 5225 2865 5279 καὶ
2892 5224 3173 5295 ἐλέγομεν,
3210 5227 3361 5288 ποῖος
3387 5226 3631 5295 κάματος
3654 5219 3747 5277 οὑ-

2082 5328 2205 5378 τος;
2262 5313 2362 5365 οὑκ
2406 5312 2484 5365 ενι
2530 5316 2788 5385 χρήματα
2814 5314 3183 5377 καταϐαλεῖν,
3222 5316 3345 5368 οὑδὲ
3380 5315 3581 5385 πολλὴν
3627 5315 3745 5368 όδὸη

2092 5398 2377 5464 πεζεῦσαι,
2409 5399 2533 5454 οὔτε
2562 5419 2614 5454 τι
2660 5401 2788 5455 ἀλλο
2819 5402 3082 5465 τοιοῦτον,
3122 5402 3261 5455 ἀλλά
3289 5403 3557 5472 πενθῆσαι
3589 5404 3747 5473 μόνον

2083 5498 2176 5549 ἐπὶ
2210 5499 2275 5568 τῇ
2323 5498 2590 5569 ἁμαρτίᾳ·
2643 5498 2735 5551 καὶ
2778 5500 3176 5571 παρηγάγομεν
3225 5498 3332 5552 ἀπὸ
3375 5499 3477 5568 τῆς
3522 5500 3747 5570 Γραφῆς

2082 5585 2261 5649 τοῦτο,
2290 5586 2373 5639 δτι
2399 5589 2427 5639 6
2453 5586 2584 5649 Θεὸς
2616 5586 2957 5658 μετεμελήθη
3007 5587 3099 5638 ἐπὶ
3148 5586 3240 5641 τοῦ
3284 5588 3489 5661 Ἀχαάϐ
3512 5629 3526 5650 ,
3572 5588 3661 5642 διά
3687 5588 3749 5641 :6

2086 5674 2355 5743 πενθῆσαι
2376 5673 2536 5726 αὑτὸν
2554 5673 2647 5726 καὶ
2677 5674 3091 5746 σκυθρωπάσαι·
3111 5674 3205 5729 καὶ
3232 5676 3391 5729 τοῦτο
3417 5676 3578 5741 αὑτὸς
3594 5676 3746 5745 ἔλεγε

2083 5766 2161 5837 τῷ
2189 5766 2363 5838 Ἠλίᾳ·
2397 5763 2571 5833 Εἶδες
2596 5768 2724 5835 πῶς
2763 5768 3053 5837 ἐπορεύθη
3095 5768 3309 5839 Ἀχαὰϐ
3343 5769 3600 5825 ἐνώπιόν
3632 5787 3745 5838 μου

2086 5855 2337 5923 πενθῶν,
2365 5855 2460 5909 καὶ
2484 5856 2954 5926 σκυθρωπάζωνς
2984 5859 3067 5911 Οὐ
3090 5856 3176 5927 μὴ
3198 5857 3437 5926 ποιήσω
3465 5858 3615 5914 κατὰ
3642 5859 3747 5928 τὸν
