4408 6684
438 484 547 539 993
1616 484 1705 521 ue.
1738 484 2012 517 nhnnasu

455 581 542 649 (5.
604 575 804 648 Regum
866 574 958 630 2L
1037 562 1155 635 29).
1184 560 1321 616 Hinc
1342 558 1553 614 tertiam
1580 555 1819 610 dedimus
1844 553 2015 623 parui-

448 645 621 721 tentia:
652 645 790 720 viam
815 662 860 731 ’,
911 675 974 716 ac
1000 658 1067 713 de
1112 653 1385 722 Scriptum
1419 648 1744 705 Pharisaaum
1772 645 2019 701 duximus

448 761 500 814 in
526 759 793 822 medium,
840 751 997 809 simul
1026 757 1080 805 et
1116 744 1456 817 publicanum
1494 757 1512 796 :
1539 738 1680 810 quod
1712 738 2011 793 Phariszeus

447 850 658 920 quidem
686 843 913 916 superbe
943 841 1113 895 elatus
1135 877 1151 902 ,
1173 851 1201 890 a
1227 835 1429 904 justitia
1451 829 1710 887 exciderit
1734 847 1750 894 ;
1779 826 2020 897 publica-

452 958 551 996 nus
576 955 704 993 vero
743 933 1012 988 humiliter
1043 928 1306 993 sentiens,
1336 926 1561 981 fructum
1598 921 1815 990 justitiae
1842 932 2022 973 susce-

451 1032 609 1101 perit,
662 1040 836 1095 neque
882 1022 988 1075 ullo
1031 1028 1278 1089 suscepto
1338 1017 1521 1072 labore
1558 1011 1873 1083 justilicatus
1908 1010 2021 1062 sit:

453 1123 613 1177 verba
639 1118 785 1172 dedit
816 1156 832 1182 ,
861 1129 947 1169 res
989 1113 1215 1182 accepit.
1250 1112 1359 1179 Age
1403 1120 1532 1176 ergo
1559 1113 1790 1172 emptum
1831 1115 2025 1169 sequao

456 1228 593 1274 mur,
626 1218 679 1265 et
723 1214 962 1277 quartam
1009 1202 1341 1273 proferamus
1383 1196 1706 1269 paenitentiae
1761 1194 1927 1247 viam.
1962 1190 2031 1243 Et

457 1318 699 1375 quaenam
729 1315 792 1355 ea
820 1307 902 1353 est
926 1297 950 1350 ἲ
980 1296 1331 1365 Eleemosyna
1358 1334 1373 1358 ,
1408 1289 1591 1358 regina
1614 1288 1892 1350 virtutum,
1911 1296 2029 1350 quae

462 1372 701 1451 homines
730 1387 1007 1447 celerrime
1042 1386 1275 1453 ipsorum
1308 1384 1360 1436 in
1405 1380 1658 1435 caelorum
1699 1389 1826 1429 axes
1861 1372 2030 1427 addu-

464 1486 536 1539 cit
560 1487 582 1518 ³
623 1479 863 1537 advocati
915 1476 1099 1546 optimi
1143 1475 1259 1529 loco
1288 1472 1529 1542 fungens.
1559 1468 1742 1535 Magna
1777 1481 1864 1521 res
1889 1464 2033 1519 elee-

466 1590 685 1646 mosyna
716 1591 730 1639 ;
753 1579 1032 1643 propterea
1053 1567 1312 1621 clamabat
1340 1575 1395 1619 et
1419 1563 1713 1619 Salomon:
1740 1558 1930 1628 Magna
1955 1574 2035 1609 res

467 1665 637 1727 homo,
664 1674 710 1718 et
737 1663 954 1735 pretiosa
975 1659 1051 1713 vir
1078 1657 1357 1711 misericors
1390 1654 1409 1726 (
1432 1652 1694 1708 Prov.20.
1727 1649 1810 1718 6).
1836 1649 2037 1717 Magna:

470 1763 596 1807 sunt
618 1754 713 1807 ala:
729 1752 1119 1820 eleemosyna:
1142 1744 1378 1815 praecidit
1397 1759 1599 1805 aerem,
1631 1741 1820 1795 transit
1838 1740 2035 1803 lunam,

471 1843 600 1897 solis
627 1842 802 1896 radios
833 1837 1064 1902 excedit,
1084 1835 1151 1889 ad
1178 1835 1349 1903 ipsum
1374 1832 1518 1886 venit
1537 1830 1788 1887 caelorum
1809 1829 2037 1884 culmen.

474 1933 580 1989 Sed
608 1948 704 1987 nec
729 1932 837 1985 illic
865 1928 1108 1985 subsistit
1136 1968 1151 1992 ,
1185 1926 1335 1995 ipsos
1373 1923 1733 1993 pertransiens
1768 1921 1929 1975 czrlos
1949 1962 1963 1984 ,
1990 1930 2043 1974 et

473 2021 779 2092 angelorum
806 2028 1006 2073 turmas
1021 2016 1334 2079 decurrens,
1360 2013 1900 2082 archangelorumque
1920 2010 2046 2064 cho-

475 2127 587 2178 ros,
613 2119 668 2166 et
695 2122 880 2163 omnes
909 2107 1212 2176 superiores
1238 2110 1553 2174 potestates,
1588 2101 1687 2168 ipsi
1732 2100 1932 2153 assistit
1957 2115 2045 2153 re-

475 2204 579 2274 gali
605 2201 797 2255 throno
826 2215 841 2252 :
867 2196 1009 2267 quod
1036 2212 1102 2250 ex
1126 2195 1239 2265 ipsa
1285 2194 1432 2248 disce
1462 2192 1733 2261 Scriptura
1761 2206 1775 2243 :
1804 2189 2001 2243 Corneli
2031 2229 2045 2251 ,

476 2297 835 2364 eleemosyna,
884 2289 1086 2359 inquit,
1129 2298 1177 2341 et
1224 2286 1471 2341 orationes
1502 2294 1604 2337 tuo:
1644 2281 1973 2336 ascenderunt
2001 2280 2053 2332 in

476 2393 743 2456 conspectu
764 2380 861 2435 Dei
874 2378 1101 2452 (Act.l0.
1115 2378 1190 2446 ι).
1203 2376 1331 2431 Illud
1345 2385 1544 2440 autem,
1567 2372 1633 2426 In
1651 2380 1918 2439 conspectu
1937 2368 2052 2434 Dei,

479 2485 581 2542 est,
602 2472 814 2529 tametsi
866 2469 1031 2524 multa
1063 2466 1313 2521 habueris
1362 2473 1600 2533 peccata,
1653 2462 1696 2516 si
1745 2460 2053 2514 advocatrix

480 2567 820 2635 eleemosyna
854 2562 943 2627 sit,
984 2574 1053 2613 ne
1096 2558 1302 2611 timeas.
1355 2554 1503 2607 Nulla
1534 2554 1674 2608 enim
1708 2567 1777 2605 ex
1809 2550 2055 2619 supernis

485 2654 830 2724 potestatibus
880 2651 1004 2705 huic
1053 2648 1252 2703 resistit
1280 2661 1293 2699 :
1322 2644 1554 2699 debitum
1588 2642 1850 2711 reposcit,
1882 2640 2058 2695 chiro-

483 2744 738 2815 graphum
760 2757 912 2795 suum
938 2738 1184 2794 manibus
1211 2744 1446 2806 gestans.
1478 2732 1655 2802 Ipsius
1680 2730 1821 2785 enim
1851 2728 2055 2783 Domini

486 2850 568 2893 est
593 2854 696 2891 vox
715 2845 734 2874 ³
750 2855 765 2889 :
798 2836 858 2890 Si
884 2835 995 2903 quis
1026 2832 1199 2901 fecerit
1217 2831 1302 2882 uni
1332 2844 1397 2881 ea:
1420 2826 1639 2879 minimis
1669 2825 1767 2889 his,
1792 2822 1912 2875 mihi
1942 2822 2061 2893 fecit

487 2929 696 2998 (Matth.
720 2925 937 2994 25.40).
968 2922 1039 2977 Ita
1071 2938 1202 2992 ergo
1230 2927 1488 2990 quotquot
1524 2917 1626 2971 alia
1656 2915 1905 2969 habueris
1932 2927 2062 2983 pec-

486 3031 625 3085 cata,
650 3020 984 3086 eleemosyna
1010 3024 1097 3068 tua
1120 3012 1369 3068 omnibus
1388 3020 1470 3065 est
1498 3009 1730 3079 gravior.

555 3111 609 3163 2.
645 3109 824 3161 Oleum
850 3115 920 3159 est
941 3106 1255 3173 eleemosyna
1282 3116 1395 3171 qua:
1419 3101 1636 3171 quinque
1659 3097 1940 3167 virginibus
1969 3097 2054 3168 fa-

488 3202 587 3255 tuis
606 3199 887 3267 deﬁciebat.
908 3226 975 3236 —
992 3196 1182 3250 Annon
1197 3191 1499 3247 intellexisti
1520 3192 1570 3243 ir.
1585 3189 1860 3259 evangelio
1875 3189 2063 3243 decem

501 3292 758 3363 virginum
780 3288 1108 3361 parabolam,
1128 3285 1268 3356 quod
1302 3285 1690 3352 eleemosynam
1722 3297 1827 3335 non
1858 3280 2063 3334 haben-

493 3396 591 3449 tes,
622 3385 982 3454 virginitatem
1005 3381 1124 3435 licet
1149 3387 1445 3440 servarent,
1475 3384 1623 3431 extra
1654 3374 1941 3428 thalamum
1966 3387 2065 3424 nu-

493 3479 709 3550 ptialem
730 3473 1078 3530 manserunt?
1106 3471 1267 3525 Erant
1294 3470 1455 3530 enim,
1491 3467 1681 3535 inquit,
1710 3465 1877 3518 decem
1907 3464 2064 3533 virgi-

492 3588 601 3636 nes,
617 3570 832 3640 quinque
860 3570 1015 3638 fatua:
1043 3574 1090 3617 et
1140 3563 1356 3631 quinque
1399 3560 1665 3630 prudentes
1696 3556 1715 3631 (
1746 3556 1879 3610 Ibid.
1928 3574 1977 3610 v.
2010 3556 2065 3609 2.

492 3660 527 3717 3
555 3660 575 3731 )
608 3657 928 3728 :prudentes
966 3653 1178 3722 quidem
1203 3652 1377 3704 oleum
1406 3648 1704 3710 habebant,
1734 3648 1913 3702 stulta:
1940 3661 2069 3700 vero

494 3766 595 3804 non
624 3748 891 3802 habebant
909 3745 1103 3806 oleum,
1137 3740 1231 3794 sed
1257 3754 1437 3793 earum
1462 3736 1734 3805 lampades
1761 3737 2069 3805 exstingue-

497 3841 705 3893 bantur.
741 3835 1069 3890 Accedentes
1103 3842 1278 3884 autem
1307 3829 1480 3883 stultae
1505 3827 1569 3881 ad
1601 3825 1887 3896 prudentes
1916 3825 2069 3879 dixe-

498 3937 653 3983 runt:
682 3925 812 3979 Date
844 3923 983 3976 nobis
1015 3921 1179 3975 oleum
1206 3920 1269 3972 de
1312 3919 1444 3972 vasis
1476 3918 1649 3971 vestris
1670 3915 1777 3987 (Ib.
1806 3915 1951 3985 v.8).
1970 3916 2073 3969 Pu-

498 4020 589 4072 det
632 4032 715 4071 me
766 4023 820 4069 et
853 4014 1048 4067 rubore
1085 4009 1381 4065 confundor
1429 4020 1481 4064 et
1517 4009 1783 4079 lacrymor
1811 4008 2068 4077 virginem

500 4109 714 4163 stultam
756 4104 995 4159 audiens.
1047 4102 1315 4155 Erubesce
1345 4115 1463 4154 cum
1492 4100 1650 4154 audio
1685 4116 1875 4153 nomen
1906 4141 1921 4166 ,
1955 4110 2075 4168 post

502 4199 658 4252 talem
691 4196 1030 4258 virtutem,et
1052 4190 1362 4261 virginitatis
1391 4189 1644 4254 studium,
1679 4190 1767 4241 ubi
1797 4204 1993 4258 corpus
2024 4191 2073 4243 in

500 4291 685 4344 caelum
725 4296 1025 4348 erexerant,
1060 4285 1146 4338 ubi
1178 4298 1299 4337 cum
1335 4282 1462 4351 ipsis
1500 4281 1741 4351 supernis
1791 4280 2075 4334 virtutibus

500 4388 768 4433 certamen
824 4376 1118 4429 habuerant
1148 4414 1163 4436 ,
1204 4380 1497 4440 aestumque
1556 4370 1951 4433 toleraverant,
1986 4369 2074 4423 ubi

500 4470 667 4537 ipsam
689 4465 978 4532 voluptatis
1010 4462 1277 4515 flammam
1313 4461 1807 4523 conculcaverantt,
1841 4469 1966 4513 tunc
1995 4458 2075 4511 fa-

504 4570 626 4621 tuae,
654 4564 707 4611 et
735 4557 855 4623 jure
902 4553 1057 4605 future
1109 4551 1452 4615 vocabantur,
1484 4550 1623 4617 quod
1656 4551 1826 4617 majus
1854 4566 1970 4603 cum
2010 4549 2077 4604 fe-

504 4650 725 4714 cissent,
755 4662 782 4699 a
802 4645 1009 4698 minore
1032 4641 1182 4694 \‘iCL’B
1208 4641 1331 4693 sint.
1351 4639 1419 4693 Et
1445 4640 1731 4694 accedentes
1755 4641 1911 4710 fatua:
1934 4641 2078 4695 dixe-

556 4813 569 4842 '
618 4817 778 4873 Savil.,
799 4815 907 4865 hinc
932 4811 1295 4875 monstravimus
1310 4810 1499 4875 tertiam
1517 4810 1807 4875 pafniteutiaz
1825 4812 1966 4863 viam.

556 4885 572 4909 ’
618 4872 842 4929 Sat-ibet
884 4887 1015 4936 Iteg.,
1043 4885 1153 4935 qtttB
1196 4872 1418 4923 celeriter
1455 4872 1608 4937 aperit
1647 4886 1766 4923 axes
1804 4875 2082 4928 caelorum:

556 4956 704 4988 raque
726 4941 870 4988 lectio
892 4937 1109 4988 quadrat.

690 4956 704 4972 λ
727 4950 870 4984 10.6110
892 4950 1109 4984 quadrat.

500 4950 704 5004 utraque
726 4943 870 4990 lectio
892 4943 1109 4999 quadrat.

534 5000 581 5068 __’
617 5013 743 5068 sava,
770 5000 1107 5068 ascenderant,
1127 4994 1177 5068 in
1201 4994 1591 5068 memorandum,
1608 4994 1665 5068 in
1689 5004 1941 5068 conspectu
1976 5008 2080 5068 Det.

504 5063 627 5112 Illud
657 5056 781 5119 vero,
815 5079 835 5106 α
853 5060 903 5110 iu
927 5065 1177 5121 conspectu
1204 5056 1289 5106 Dei
1307 5073 1327 5101 ι
1361 5057 1448 5106 hoc
1472 5066 1574 5121 est;
1604 5056 1810 5121 Tametsi
1828 5060 1977 5108 multa
1999 5062 2084 5109 ha-

502 5125 661 5175 bueris
685 5130 896 5184 peccata,
925 5118 1329 5184 sielecmosynam
1358 5126 1515 5184 tecum
1549 5118 1692 5184 habes
1728 5118 2080 5184 advocati-imm

500 5200 557 5235 ne
580 5177 764 5254 linteas,
788 5183 927 5254 sum.
947 5180 1074 5254 enim
1095 5192 1157 5229 ex
1181 5177 1403 5254 supernis
1428 5177 1732 5254 potestatibus
1756 5179 1867 5228 huic
1890 5182 2081 5235 resistit.

508 5266 527 5291 ι
556 5245 887 5307 misericordia
901 5242 1145 5307 judicium
1166 5241 1353 5307 deridet
1373 5253 1432 5307 ί»
1455 5248 1526 5307 et.
1557 5241 1775 5307 «redime
1790 5249 2086 5307 peccatutua

501 5310 549 5360 in
573 5306 879 5368 eleemosyna
899 5300 915 5366 ξ
939 5323 977 5368 η.
993 5310 1056 5368 ξι,
1082 5300 1353 5368 «quamdiu
1371 5302 1551 5362 fecistis
1575 5303 1655 5368 imi
1674 5317 1735 5368 ea;
1758 5300 1832 5354 his
1854 5304 2084 5368 patribus

504 5370 617 5420 inuis
639 5363 865 5425 minimis,
892 5363 1014 5432 mihi
1032 5363 1226 5432 fecistis.
1248 5379 1277 5432 1r
1297 5372 1407 5432 tunc
1429 5369 1475 5432 et
1493 5364 1762 5432 multa_alia
1785 5363 1995 5432 reperire
2018 5374 2087 5417 est

505 5438 564 5482 de
587 5432 884 5487 eleemosyna
918 5424 1136 5490 scripta,_
1157 5425 1279 5474 sicut
1317 5424 1523 5490 loquitur
1553 5424 2082 5489 scriptura.'l)ebitum

504 5496 626 5543 en'm
649 5502 788 5541 suum
811 5488 1033 5546 reposcit,
1059 5488 1430 5549 chirographum
1460 5488 1667 5548 gestans
1689 5496 1906 5539 sanctum
1938 5499 2088 5540 Evan-

504 5555 881 5620 gelium._tpstus
919 5549 1049 5620 enim
1084 5548 1377 5620 Dominiest
1406 5560 1512 5618 tut,
1541 5555 1636 5595 etc.
1678 5555 1726 5596 In
1763 5553 2090 5613 sequentibus

509 5610 626 5666 item
648 5611 777 5663 nulla
801 5622 931 5671 pene
954 5610 1169 5663 clausula
1195 5616 1289 5666 est,
1312 5611 1360 5658 in
1378 5622 1472 5673 qua
1492 5610 1623 5673 inter
1645 5610 1903 5673 utramque
1927 5614 2091 5662 discri-

511 5680 637 5728 tnina
661 5686 756 5724 non
774 5670 1042 5720 oceurrant.
1068 5673 1158 5720 Sed
1182 5670 1412 5721 sincerior
1432 5670 1621 5720 videtur
1646 5670 1937 5722 Morelli'anze
1974 5688 2089 5723 eon-

506 5745 687 5791 textns.
712 5745 822 5782 tum
844 5744 965 5805 γεινο
987 5734 1177 5802 nonnisi
1203 5733 1523 5805 exscribendo
1539 5738 1691 5802 totum
1713 5732 1960 5802 Sat-illanec
1975 5749 2092 5785 eon-

508 5809 712 5852 textuln,
729 5795 885 5843 omnia
902 5795 1138 5853 possimus
1160 5802 1410 5846 annotare.
1428 5795 1473 5843 id
1498 5796 1741 5842 monuisse
1759 5796 1879 5843 satis
1902 5806 2025 5846 esto.

567 5866 583 5888 δ
624 5862 693 5909 sic
715 5858 861 5907 habet
877 5863 980 5903 Sav.
1002 5856 1291 5914 Legebatur,
1315 5855 1612 5917 iuberentque
1636 5861 1847 5916 egermtt.
1874 5864 1972 5907 Mox
2000 5860 2089 5909 dc-

510 5931 614 5979 orat
632 5935 743 5983 vos,
762 5917 1058 5977 vocabantur,
1084 5930 1227 5979 quam
1249 5930 1308 5967 ex
1337 5917 1505 5968 Savilio
1531 5918 1843 5967 restinximus.

1616 462 1705 521 DE
1738 457 2217 517 ELEEMOSYNA.
2248 453 2477 513 HOMIL.
2518 453 2605 510 Ill.

3589 443 3695 502 990

2125 557 2239 602 runt
2266 546 2569 617 sapientibus
2595 560 2613 599 :
2640 542 2768 596 Date
2796 541 2936 595 nobis
2965 540 3128 595 oleum
3145 539 3206 593 de
3220 538 3351 592 rasis
3379 538 3566 591 vestris.
3605 535 3699 591 tlte

2123 648 2288 694 autem
2331 640 2565 693 dixerunt
2597 652 2616 691 :
2644 633 2765 689 Non
2816 649 3078 705 possumus
3128 633 3264 687 vobis
3312 632 3450 694 dare,
3482 646 3542 684 ne
3569 628 3699 697 forte

2124 748 2225 785 non
2250 730 2460 801 suﬁiciat
2495 727 2637 782 nobis
2661 734 2705 778 et
2729 726 2864 779 vobis
2889 725 2906 795 (
2935 722 3113 777 Matth.
3146 722 3235 778 25.
3270 721 3323 776 8.
3352 721 3385 775 9
3411 724 3428 788 )
3457 738 3470 772 :
3500 736 3601 773 non
3633 735 3698 773 ex

2126 822 2462 878 inclementia
2505 819 2590 874 vel
2638 815 2972 886 improbitate
3004 814 3053 869 id
3080 824 3295 883 agentes
3318 854 3334 877 ,
3363 810 3458 867 sed
3487 820 3698 879 pr0pter

2125 915 2380 984 temporis
2426 910 2695 981 angustias
2737 926 2750 960 :
2803 917 3057 962 venturus
3097 906 3237 959 enim
3286 912 3402 959 erat
3448 915 3694 970 sponsus.

2129 1006 2400 1060 Habebam
2421 1013 2475 1058 et
2502 1004 2629 1072 ipse
2656 999 2957 1068 lampades;
2986 996 3078 1053 sed
3108 996 3312 1050 illarum
3337 992 3550 1065 quidem
3579 1005 3705 1044 vasa

2130 1097 2305 1150 oleum
2336 1093 2621 1157 habebant,
2651 1090 2836 1144 harum
2866 1104 2994 1143 vero
3017 1103 3121 1142 non
3152 1085 3434 1140 habebant.
3465 1083 3604 1153 Ignis
3629 1090 3713 1135 est

2131 1186 2443 1255 virginitas.
2489 1182 2664 1237 oleum
2714 1190 2887 1233 autem
2933 1189 3014 1234 est
3060 1178 3402 1246 eleemosyna
3431 1191 3447 1240 ;
3477 1189 3599 1228 nam
3653 1182 3709 1226 ut

2134 1276 2268 1345 ignis
2288 1317 2302 1340 ,
2331 1273 2432 1328 nisi
2460 1272 2635 1326 oleum
2668 1268 2941 1323 deSIillans
2974 1267 3195 1330 habeat,
3230 1264 3370 1336 perit
3401 1280 3416 1329 ;
3446 1266 3523 1317 sic
3549 1262 3710 1331 virgi-

2134 1368 2271 1421 nitas
2290 1408 2305 1430 ,
2336 1365 2435 1420 nisi
2461 1364 2797 1433 conjunctam
2838 1360 3029 1415 habeat
3052 1359 3442 1429 eleemosyuam
3462 1397 3477 1417 ,
3508 1356 3712 1409 exstin-

2138 1458 2330 1529 guitur.
2363 1457 2489 1509 Date
2526 1456 2666 1509 nobis
2698 1454 2866 1507 oleum
2895 1451 2957 1505 de
2984 1450 3114 1504 vasis
3148 1450 3339 1503 vestris.
3371 1448 3441 1502 At
3466 1447 3570 1500 illze
3621 1459 3702 1499 re—

2139 1546 2467 1616 spondernnt
2507 1546 2634 1615 ipsis
2664 1563 2677 1597 :
2711 1543 2824 1598 Non
2857 1553 3140 1612 possumus
3171 1539 3322 1593 vobis
3336 1538 3482 1592 dare.
3512 1537 3579 1591 Et
3612 1552 3719 1589 non

2141 1638 2356 1693 malitiae
2383 1636 2508 1691 illud
2532 1638 2781 1697 verbum,
2812 1633 2903 1688 sed
2933 1632 3137 1685 timoris
3170 1648 3184 1683 :
3220 1628 3303 1683 Ne
3323 1633 3452 1700 forte
3479 1645 3581 1682 non
3604 1631 3718 1697 sup

2143 1728 2282 1797 ﬁciat
2320 1727 2461 1779 nobis
2488 1734 2533 1778 et
2572 1725 2707 1777 vobis
2735 1739 2839 1778 :ne
2883 1723 3018 1776 forte
3046 1718 3493 1791 quemadmodum
3536 1731 3723 1770 omnes

2146 1818 2345 1871 intrare
2382 1816 2668 1884 quaerimus
2688 1855 2703 1878 ,
2730 1828 2915 1865 omnes
2946 1823 3349 1875 remaneamus;
3376 1809 3466 1862 sed
3488 1808 3725 1861 abeuntes

2146 1909 2293 1961 emite
2338 1906 2474 1959 vobis
2514 1920 2546 1957 (ι
2582 1902 2926 1957 vendentibus.
2953 1902 3174 1967 Quinam
3230 1908 3354 1954 sunt
3402 1906 3729 1953 mercatores

2146 2000 2250 2053 olei
2299 1997 2783 2067 hujus?Pauperes
2829 1993 2894 2047 ad
2939 1993 3330 2063 eleemosynam
3381 2005 3478 2060 pro
3529 1987 3730 2043 foribus

2148 2088 2386 2144 ecclesia:
2408 2087 2674 2140 sedentes.
2704 2085 2770 2138 Et
2798 2084 2979 2153 quanti
3010 2080 3242 2137 emitur?
3270 2080 3460 2147 Quanti
3485 2078 3727 2132 libuerit:

2151 2181 2379 2248 pretium
2411 2194 2515 2230 non
2538 2191 2768 2245 appono,
2792 2190 2857 2229 ne
2886 2173 3107 2242 obiicias
3138 2171 3393 2241 inopiam.
3417 2170 3610 2238 Quanti
3641 2184 3734 2237 pn-

2155 2282 2256 2334 tes,
2285 2270 2413 2325 tanti
2441 2284 2580 2323 eme.
2612 2267 2784 2321 Habes
2806 2265 3052 2319 obolnm?
3077 2280 3193 2319 eme
3220 2263 3432 2326 ezelum,
3463 2279 3565 2315 non
3593 2261 3733 2331 quod

2156 2364 2243 2416 vili
2271 2362 2437 2429 pretio
2465 2361 2652 2414 venale
2699 2358 2768 2412 sit
2804 2357 3030 2423 caelum,
3073 2354 3167 2410 sed
3203 2355 3343 2426 quod
3390 2355 3625 2409 clemens
3669 2353 3737 2407 sit

2160 2451 2433 2504 Dominus.
2475 2449 2587 2502 Non
2641 2448 2805 2502 habes
2844 2446 3111 2501 obolum?
3156 2445 3221 2499 da
3271 2446 3487 2500 calicem
3538 2445 3739 2515 frigidm:

2158 2554 2312 2609 aquae
2341 2556 2354 2593 :
2386 2540 2557 2609 inquit
2583 2541 2723 2593 enim
2754 2558 2766 2593 :
2797 2538 3106 2607 Quicumque
3141 2536 3335 2591 dederit
3364 2538 3452 2590 uni
3488 2553 3551 2590 ea:
3592 2536 3733 2589 mini-

2160 2632 2254 2685 mis
2292 2631 2401 2685 istis
2430 2631 2638 2683 calicem
2662 2644 2805 2697 aqua:
2832 2627 3032 2699 frigida:
3060 2636 3262 2696 prapter
3301 2644 3410 2693 me,
3439 2644 3538 2680 non
3574 2627 3742 2696 perdet

2160 2721 2438 2775 mercedem
2481 2737 2629 2774 suam
2672 2720 2889 2793 (Matth.
2914 2716 3137 2785 10.42).
3176 2717 3468 2772 Mercatura
3500 2717 3738 2788 negotia-

2162 2810 2338 2880 tioque
2364 2811 2551 2864 caelum
2589 2820 2703 2875 est,
2734 2817 2788 2864 et
2826 2824 2925 2864 nos
2951 2808 3283 2878 pigritainur.
3321 2808 3393 2862 Da
3435 2824 3659 2878 panem,
3690 2814 3746 2859 et

2163 2904 2341 2972 accipe
2382 2902 2682 2972 paradisum
2717 2920 2731 2956 :
2775 2918 2932 2972 parva
2963 2902 3048 2966 da,
3081 2911 3134 2954 et
3175 2917 3362 2972 magna
3394 2904 3601 2971 suscipe
3632 2922 3643 2957 :
3676 2905 3742 2958 da

2166 2992 2405 3046 mortalia
2431 3033 2446 3057 ,
2492 2992 2807 3046 immortalia
2858 2992 3036 3060 recipe
3068 3009 3081 3045 :
3115 2991 3179 3046 da
3221 2994 3580 3061 corruptibilia
3605 3035 3620 3058 ,
3664 2995 3746 3048 in-

2167 3083 2527 3155 corruptibilia
2558 3085 2760 3153 accipe.
2789 3082 2846 3139 Si
2873 3092 3051 3138 essent
3080 3082 3328 3138 nundinae
3373 3093 3532 3153 atque
3580 3086 3630 3138 in
3684 3086 3748 3144 iis

2168 3190 2394 3229 annonae
2424 3174 2597 3228 vilitas
2635 3185 2689 3229 et
2734 3174 3055 3229 abundantia
3074 3214 3090 3239 ,
3116 3174 3384 3244 multaque
3413 3191 3575 3245 parvo
3604 3192 3749 3231 eme-

2170 3275 2392 3329 rentur,
2434 3281 2611 3319 annon
2665 3264 3013 3319 substantiam
3066 3263 3396 3329 vendentes,
3454 3275 3750 3336 cunctaque

2171 3364 2569 3426 postponeutes,
2595 3356 2648 3410 in
2683 3365 2881 3425 partem
2913 3354 3028 3424 ejus
3056 3355 3426 3424 negotiationis
3457 3357 3748 3412 veniretis?

2168 3446 2269 3501 Ubi
2298 3445 2658 3516 corruptibilia
2684 3421 2846 3508 sunt,
2872 3421 3019 3500 tanto
3057 3421 3231 3499 studio
3262 3444 3509 3499 laboratis
3536 3464 3549 3497 :
3579 3456 3636 3500 et
3661 3445 3750 3501 ubi
3824 3421 3830 3426 ’

2172 3539 2485 3594 innnortalis
2532 3548 2615 3595 est
2653 3540 2976 3608 negotiatio,
3026 3538 3377 3608 pigritamiui,
3420 3547 3577 3608 atque
3617 3539 3753 3593 adeo

2172 3633 2494 3688 conciditis?
2524 3632 2598 3685 Da
2649 3632 2831 3701 inopi,
2857 3639 2947 3696 ut,
2980 3630 3219 3700 quamvis
3264 3640 3317 3684 tu
3359 3631 3621 3697 tacueris,
3659 3647 3753 3688 ora

2176 3740 2272 3795 pro
2321 3734 2373 3780 te
2417 3724 2771 3794 respondeant
2815 3724 3034 3786 infinita,
3070 3723 3410 3793 eleemosyna
3454 3731 3539 3776 tua
3583 3731 3758 3778 stante

2173 3831 2235 3869 ac
2266 3816 2634 3885 patrocinante
2666 3831 2678 3867 :
2713 3814 2937 3883 pretium
2977 3812 3355 3881 redemptionis
3387 3813 3578 3866 anima:
3613 3813 3757 3868 elee-

2174 3923 2397 3979 mosyna
2440 3916 2541 3961 est.
2595 3906 2719 3961 Ideo
2745 3903 3192 3975 quemadmodum
3232 3919 3355 3958 vasa
3397 3919 3548 3973 aqua:
3600 3904 3756 3973 plena

2178 4014 2275 4069 pro
2301 3997 2499 4051 foribus
2521 3997 2760 4051 ecclesia:
2790 4000 2807 4027 ¹
2836 4006 2993 4059 sunt,
3025 4009 3130 4064 quo
3159 4009 3348 4048 manus
3388 3993 3533 4049 laves
3557 4036 3571 4059 ,
3603 3994 3680 4049 sic
3706 4002 3756 4049 et

2180 4103 2439 4158 pauperes
2468 4103 2562 4157 pro
2579 4087 2800 4142 ecclesia
2828 4086 3035 4147 sedent,
3051 4094 3107 4139 ut
3123 4086 3314 4140 animm
3344 4102 3532 4141 manus
3551 4085 3755 4140 abluas.

2181 4180 2330 4249 Aqua
2378 4195 2566 4232 manus
2612 4194 2898 4246 corporeus
2942 4177 3526 4247 Iavisti‘ieleemosyna
3570 4194 3753 4234 manus

2179 4270 2370 4322 animae
2411 4268 2545 4321 lava.
2591 4267 2670 4321 Ne
2720 4268 2950 4335 inopiam
3001 4266 3338 4335 prietendas:
3372 4267 3527 4320 vidua
3571 4268 3622 4320 in
3660 4283 3752 4322 ex-

2181 4366 2347 4412 trema
2376 4366 2681 4429 paupertate
2706 4358 2875 4411 Eliam
2908 4357 3275 4425 hospitabatur
3304 4360 3380 4430 (5.
3406 4359 3535 4429 Reg.
3556 4360 3667 4431 I7),
3700 4374 3750 4415 at

2180 4457 2463 4517 paupertas
2508 4463 2614 4500 non
2668 4446 2765 4500 fuit
2809 4446 3225 4516 impedimento,
3256 4447 3348 4501 sed
3401 4449 3600 4503 eximio
3641 4465 3749 4503 cun

2182 4539 2371 4609 gaudio
2397 4540 2631 4606 suscepit
2654 4555 2775 4593 cum
2798 4556 2809 4587 :
2839 4553 3001 4608 quare
3026 4547 3077 4591 et
3101 4538 3289 4607 dignos
3318 4540 3519 4607 recepit
3542 4539 3740 4595 fructus

2182 4638 2238 4684 et
2258 4638 2463 4685 metens
2493 4631 2843 4701 eleemosynte
2873 4629 3068 4697 spiCam
3103 4629 3246 4697 legit.
3278 4628 3382 4684 Sed
3424 4629 3649 4685 fortasse
3673 4646 3745 4683 au

2186 4718 2328 4773 ditor
2354 4720 2511 4785 dicet,
2543 4720 2616 4773 Da
2657 4730 2710 4772 et
2752 4718 2876 4771 mihi
2917 4718 3108 4775 Eliam.
3149 4719 3285 4785 Quid
3324 4720 3517 4789 qumris
3555 4721 3722 4774 Elium

2190 4810 2468 4864 Dominum
2502 4810 2625 4862 Elia:
2652 4808 2719 4861 do
2748 4808 2860 4875 tibi,
2886 4824 2985 4862 nec
3017 4811 3185 4877 ipsum
3213 4809 3358 4863 cibas
3388 4828 3401 4863 :
3433 4808 3601 4864 Ellam
3624 4812 3665 4864 si
3689 4811 3740 4865 in

2189 4900 2411 4964 veneris,
2436 4899 2702 4969 quomodo
2736 4899 3132 4970 hospitaberis?
3161 4898 3354 4955 Christi
3399 4901 3739 4955 univcrsorun

2188 4991 2393 5047 Domini
2434 4993 2694 5046 sententia
2726 5002 2806 5047 est
2833 5034 2848 5057 ,
2881 4993 3189 5061 Quicumque
3217 4993 3304 5045 uni
3339 5009 3402 5045 ex
3442 4994 3662 5047 minimis
3693 4998 3738 5065 fe

2187 5083 2331 5148 cerit,
2362 5081 2484 5134 mihi
2526 5084 2644 5153 fecit
2673 5083 2691 5153 (
2716 5082 2899 5136 Matth.
2928 5083 3016 5137 25.
3047 5082 3115 5136 40
3136 5086 3177 5152 ).
3211 5082 3266 5137 Si
3299 5084 3431 5137 forte
3461 5099 3554 5138 rex
3580 5100 3737 5153 quem

2190 5175 2329 5244 piam
2357 5174 2422 5229 ad
2449 5190 2657 5230 coenam
2688 5174 3064 5244 appellaverit,
3095 5183 3289 5244 atque,
3318 5172 3529 5229 famulis
3553 5175 3737 5230 adstan

2257 5375 2281 5443 ι,
2303 5370 2559 5443 _tll_u_d,.pro
2596 5370 2773 5443 roribus
2808 5370 3043 5443 ecclesia,
3083 5372 3226 5443 deest
3247 5374 3293 5422 in
3313 5371 3489 5443 isavilio
3511 5381 3563 5423 et
3586 5376 3634 5424 in
3656 5382 3733 5437 ne,

2191 5433 2333 5482 Codd.
2355 5439 2405 5481 Et
2426 5432 2496 5502 sic
2519 5435 2825 5495 prosequitur
2845 5432 3071 5482 savilius:
3101 5440 3153 5483 Et
3177 5442 3405 5495 quantum
3422 5432 3650 5502 tantum
3673 5432 3732 5485 en

2192 5501 2421 5556 quantum
2442 5494 2529 5552 vis,
2572 5502 2798 5554 quantum
2822 5502 2964 5556 potes,
2992 5506 3083 5556 non
3127 5494 3355 5554 quantum
3384 5494 3515 5556 Aulius
3554 5496 3669 5552 vult.
3690 5512 3731 5546 st

2194 5554 2422 5616 quantum
2445 5563 2576 5614 potes
2599 5564 2679 5615 tu;
2702 5569 2759 5604 ne
2789 5554 2982 5605 obiicias
3000 5554 3229 5616 inopiam.
3279 5554 3451 5612 obolis,
3480 5563 3588 5616 quot
3613 5556 3732 5607 habe

2194 5615 2373 5693 eiciunt
2388 5618 2768 5693 eme,_nou_quod
2790 5617 2870 5693 vili
2894 5616 3045 5693 prqtio
3071 5615 3230 5693 ventile
3253 5616 3311 5666 sit
3334 5615 3523 5693 cretum,
3541 5619 3626 5667 scd
3653 5632 3729 5680 qui

2198 5677 2400 5744 demens
2424 5678 2483 5726 sit
2512 5677 2751 5744 lgomiuus.
2781 5686 2879 5744 .Von
2899 5677 3045 5728 habes
3068 5680 3195 5744 unde
3215 5691 3387 5744 aurum
3412 5680 3580 5737 dones,
3604 5677 3730 5744 urge:

2198 5746 2297 5788 titm
2319 5737 2477 5807 dona;
2509 5737 2573 5787 da
2599 5736 2802 5807 obolum,
2848 5739 2912 5803 da
2955 5741 3177 5807 poculum
3217 5738 3415 5802 frigidae
3442 5751 3459 5789 .'
3490 5747 3617 5807 Deus
3656 5736 3729 5792 Eni

2197 5799 2561 5863 amplitudinem
2585 5806 2665 5847 aut
2689 5799 3002 5863 exiguitatem
3026 5799 3330 5863 deﬁniendis
3356 5802 3622 5852 secundum
3650 5817 3722 5852 me

2200 5874 2363 5931 surum
2388 5860 2628 5917 datorum,
2762 5860 3319 5931 seettndiun_facultalent
3360 5869 3511 5931 status
3543 5866 3727 5916 donanti

2204 5928 2255 5974 Et
2280 5922 2382 5973 alia:
2406 5933 2678 5986 sequuntur
2703 5924 2749 5973 iu
2774 5924 2941 5974 SQVIIIO
2965 5922 3104 5987 hujus
3126 5926 3329 5986 generis
3348 5926 3625 5980 varietates.
