4446 6710
753 446 861 502 295
923 504 926 507 .

746 559 916 620 tibus,
962 555 1028 612 ad
1077 570 1171 611 cos
1218 552 1409 609 dixerit
1448 569 1460 606 :
1506 549 1732 606 Reddite
1777 550 1977 619 gratias
2027 550 2147 605 huic
2199 565 2320 605 meo

744 649 960 703 nomine
985 645 1358 718 quamplures,
1387 642 1476 713 qui
1512 656 1599 696 me
1649 642 1824 710 inopia
1853 641 2178 696 laborantem
2219 657 2320 696 nu-

745 740 888 794 trivit
926 747 981 794 et
1020 737 1247 808 hospitio
1272 734 1512 803 excepit,
1535 732 1627 804 qui
1658 732 1789 788 mihi
1818 733 2074 789 beneficia
2100 735 2152 786 in
2184 742 2319 787 tem-

745 847 875 902 pore
924 832 1176 902 angustia:
1239 827 1503 899 permulta
1556 827 1782 880 contulit
1813 844 1826 879 :
1859 841 2034 880 annon
2079 826 2321 880 certatim

743 925 970 996 quisque
1012 935 1294 978 accurrens
1334 918 1588 990 pecunias
1617 933 1803 972 omnes
1846 932 1967 971 suas
2010 915 2324 987 expenderit

745 1017 862 1086 ejus
890 1029 1070 1078 causa,
1102 1013 1187 1067 eui
1211 1027 1306 1067 rex
1331 1012 1527 1083 gratias
1548 1010 1715 1080 egerit
1736 1012 1760 1062 Υ
1781 1023 1958 1063 annon
1988 1007 2104 1064 ham
2133 1009 2204 1062 illi
2232 1023 2321 1064 ac-

741 1120 892 1180 cepta
923 1106 1140 1163 tulerit?
1168 1120 1349 1160 annon
1389 1119 1447 1159 se
1487 1103 1562 1157 illi
1597 1103 1820 1171 quisque
1846 1100 2222 1156 commendare
2244 1110 2324 1154 at-

743 1217 846 1273 que
874 1199 1107 1255 amicitia
1131 1197 1356 1268 jungere
1384 1192 1689 1250 studuerit?

811 1292 864 1347 5.
893 1288 1241 1360 Eieemosynw
1283 1291 1496 1359 fructus.
1521 1314 1594 1325 —
1619 1283 1838 1339 Vidistis
1867 1283 2133 1339 sermonis
2158 1281 2326 1336 virtu-

742 1383 893 1439 tem?
919 1382 978 1439 Si
1024 1396 1152 1450 ergo
1176 1379 1315 1450 apud
1347 1378 1617 1432 hominem
1662 1392 1845 1447 regem
1877 1385 2076 1430 tantum
2105 1373 2326 1428 honoris

740 1491 829 1529 res
878 1475 991 1545 ipsa
1035 1471 1235 1538 tribuit,
1281 1471 1458 1539 cogita
1485 1468 1751 1524 Christum
1796 1468 1846 1521 in
1897 1467 1985 1520 illa
2025 1464 2113 1519 die
2142 1479 2326 1520 coram

739 1564 940 1634 angelis
958 1562 1311 1632 omnibusque
1329 1559 1625 1616 Virtutibus
1653 1566 1924 1611 vocantem
1949 1571 2013 1612 ac
2038 1555 2326 1612 dicentem:

741 1654 838 1709 llic
866 1669 952 1708 me
980 1653 1034 1707 in
1062 1663 1204 1707 terra
1230 1651 1461 1720 suscepit
1487 1648 1733 1717 hospitio,
1778 1647 1866 1703 hic
1893 1646 2023 1701 mihi
2053 1647 2328 1702 innumera

736 1745 964 1801 contulit
1006 1743 1291 1809 beneficia,
1339 1743 1422 1796 hic
1450 1755 1536 1795 me
1584 1739 1920 1809 peregrinum
1951 1739 2202 1808 excepit:
2233 1753 2328 1792 co-

737 1837 843 1905 gita
867 1835 937 1891 de
961 1845 1159 1891 caetero
1191 1833 1431 1888 fiduciam
1462 1831 1600 1886 inter
1638 1830 1876 1900 angelos,
1907 1829 2045 1882 inter
2084 1829 2326 1882 caelestes

736 1927 934 1982 choros
956 1924 1226 1996 gaudium.
1255 1923 1417 1992 Igitur
1440 1921 1524 1976 cui
1553 1919 1908 1975 testimonium
1935 1916 2177 1972 Christus
2206 1931 2326 1986 per-

739 2018 905 2084 hibet,
951 2032 1057 2072 non
1102 2014 1346 2070 fiduciam
1393 2028 1556 2081 super
1583 2011 1795 2081 angelos
1824 2008 2109 2063 habuerit?
2139 2007 2325 2077 Magna

736 2109 894 2177 igitur
935 2122 1025 2162 res
1063 2106 1424 2176 eleemosyna,
1456 2103 1664 2157 fratres.
1716 2101 1864 2156 Hane
1901 2101 2288 2171 amplectamur
2310 2141 2324 2165 ,

736 2199 822 2253 cui
860 2197 994 2252 nihil
1035 2196 1486 2267 arquale:potens
1530 2202 1611 2248 est
1658 2193 1802 2248 enim
1849 2203 2064 2263 peccata
2106 2193 2210 2246 alia
2235 2192 2329 2247 de-

735 2291 890 2359 lere,
929 2289 1291 2360 judiciumque
1339 2287 1654 2356 propulsare
1698 2302 1713 2339 :
1761 2295 1812 2340 te
1865 2293 2072 2340 tacente
2121 2293 2227 2338 stat
2274 2293 2329 2338 et

735 2381 1133 2450 patrocinatur;
1166 2378 1276 2432 imo
1321 2392 1453 2432 vero
1517 2385 1572 2432 te
1633 2385 1841 2432 tacente
1907 2376 2183 2429 innumera
2230 2389 2324 2429 ora

736 2486 831 2540 pro
878 2479 932 2525 te
971 2469 1169 2540 gratias
1195 2467 1448 2523 reddunt.
1491 2466 1592 2521 Tot
1629 2485 1694 2524 ex
1727 2465 2065 2536 eleemosyna
2114 2463 2324 2533 profici-

733 2570 954 2614 scuntur
982 2559 1140 2621 bona,
1189 2567 1241 2613 et
1290 2557 1387 2626 ipsi
1419 2555 1732 2627 pigritamur
1757 2562 1812 2609 et
1854 2554 2206 2609 concidimus.
2247 2553 2322 2607 Da

734 2665 922 2721 panem
971 2664 1066 2720 pro
1107 2647 1443 2703 facultatibus
1474 2647 1578 2701 tuis
1609 2662 1623 2699 :
1653 2661 1757 2699 non
1798 2643 1965 2700 habes
2003 2644 2232 2714 panem?
2260 2643 2326 2699 da

735 2744 949 2799 obolum
980 2759 994 2795 :
1023 2757 1127 2796 non
1156 2741 1319 2796 habes
1340 2739 1598 2794 obolum?
1626 2739 1692 2793 da
1715 2738 1800 2793 vel
1827 2737 2027 2808 frigida:
2052 2752 2203 2807 aqua:
2231 2751 2325 2791 ea-

735 2835 937 2890 licem:
987 2833 1133 2902 atqui
1187 2846 1363 2900 ncque
1415 2829 1465 2883 id
1510 2828 1822 2884 habes?vel
1869 2827 2020 2882 malis
2066 2841 2325 2898 oppresso

735 2933 1060 2994 compatere,
1106 2932 1264 2992 atque
1309 2935 1594 2990 appensam
1645 2917 1944 2973 mercedem
1991 2917 2174 2971 habes.
2205 2915 2322 2970 Non

735 3016 879 3072 enim
891 3013 1239 3077 necessitatis,
1259 3011 1351 3067 sed
1379 3010 1683 3065 intentionis
1708 3018 1791 3065 est
1816 3025 2042 3064 merces.
2068 3007 2172 3064 Sed
2199 3023 2324 3064 ecce

736 3111 862 3164 dum
893 3109 958 3164 de
987 3107 1072 3162 his
1094 3106 1428 3170 disserimus,
1459 3104 1724 3174 virginum
1750 3117 1877 3157 cura
1906 3102 2059 3156 nobis
2086 3100 2320 3166 excidit;

736 3217 833 3270 age
857 3215 984 3271 ergo
1010 3198 1077 3254 ad
1105 3201 1432 3268 propositum
1475 3196 1774 3252 redeamus.
1808 3194 1939 3249 Date
1982 3194 2124 3247 nobis
2156 3194 2324 3247 oleum

738 3295 805 3347 de
840 3293 970 3347 vasis
998 3291 1192 3346 vestris.
1223 3289 1340 3345 Non
1391 3304 1672 3359 possumus
1721 3287 1872 3341 vobis
1901 3286 2049 3352 dare,
2081 3284 2163 3339 Ne
2190 3289 2323 3355 forte

724 3370 834 3438 non
871 3383 1079 3454 sufﬁciat
1120 3381 1261 3436 nobis
1285 3390 1330 3436 et
1370 3381 1526 3444 vobis,
1556 3380 1644 3435 sed
1672 3388 1843 3433 euntes
1872 3379 2017 3431 emite
2041 3393 2072 3429 a
2102 3377 2320 3430 venden-

737 3473 886 3526 tibus.
929 3471 1236 3526 Abeuntibus
1283 3479 1451 3524 autem
1500 3469 1643 3539 ipsis,
1693 3468 1822 3521 venit
1856 3482 2091 3538 sponsus,
2119 3476 2167 3520 et
2213 3483 2325 3535 quae

739 3561 982 3616 habebant
1020 3561 1282 3631 lampades
1319 3560 1637 3630 splendidas,
1672 3559 1982 3612 intraverunt
2019 3575 2133 3611 cum
2162 3575 2238 3621 eo,
2279 3569 2326 3611 et

735 3653 907 3706 clausa
931 3661 1003 3706 est
1024 3652 1190 3722 janua
1218 3650 1428 3703 thalami
1458 3648 1666 3722 (Matth.
1698 3649 1788 3703 25.
1817 3648 1932 3718 10).
1958 3648 2201 3717 Quinque
2227 3665 2323 3702 att-

737 3756 842 3801 tem
873 3744 1029 3799 fatuae
1055 3741 1370 3798 accedentes
1393 3741 1611 3811 januam
1641 3739 1858 3794 thalami
1903 3740 2185 3810 pulsabant
2214 3741 2323 3792 cla-

737 3845 988 3894 mantes;
1021 3834 1170 3902 Aperi
1202 3833 1342 3886 nobis
1372 3831 1480 3903 (Ib.
1508 3847 1557 3886 υ.
1593 3831 1706 3902 ll).
1751 3830 1868 3886 Vox
1914 3840 2090 3886 autem
2139 3831 2322 3901 sponsi

735 3927 805 3981 ab
852 3929 986 3980 intra
1030 3925 1096 3980 ad
1123 3940 1214 3979 eas
1249 3943 1262 3977 ε
1293 3923 1527 3977 Recedite
1553 3939 1586 3976 α
1625 3940 1723 3988 me,
1753 3924 1919 3977 nescio
1965 3940 2050 3977 vos
2081 3921 2241 3994 (Ibid.
2272 3939 2320 3976 υ.

737 4019 849 4089 12).
898 4018 966 4072 Ει
1007 4027 1126 4088 post
1155 4025 1333 4071 tantos
1375 4015 1587 4071 labores
1622 4015 1749 4086 quid
1791 4015 2110 4070 audierunt?
2139 4015 2324 4069 Nescio

735 4125 842 4165 vos.
898 4109 951 4164 ld
979 4118 1062 4164 est
1103 4109 1244 4178 quod
1293 4107 1426 4177 dixi,
1479 4108 1674 4164 frustra
1700 4117 1752 4162 et
1783 4108 2048 4163 incassum
2081 4123 2325 4178 magnam

738 4201 1052 4272 virginitatis
1108 4201 1495 4272 possessionem
1550 4200 1925 4271 possederunt.
1963 4201 2145 4270 Cogita
2193 4215 2328 4269 quo-

742 4294 901 4349 modo
955 4300 1077 4362 post
1139 4299 1218 4346 tot
1279 4291 1490 4346 labores
1541 4292 1770 4346 exclusae
1825 4302 1980 4358 sunt,
2043 4299 2324 4360 postquam

743 4385 1014 4439 frenarent
1058 4381 1494 4436 incontinentiam
1520 4423 1536 4444 ,
1579 4395 1857 4449 postquam
1905 4381 2152 4450 supernis
2201 4394 2324 4433 cum

745 4473 1032 4528 Virtutibus
1056 4481 1330 4528 certamen
1360 4469 1677 4535 habuerant,
1727 4479 2003 4540 postquam
2049 4470 2170 4522 vitae
2223 4469 2324 4522 ltu-

738 4566 826 4636 jtts
877 4581 964 4619 res
1018 4571 1345 4635 spreverant,
1395 4571 1673 4632 postquam
1731 4571 1922 4616 aestum
1977 4561 2331 4616 toleraverant

746 4671 1013 4725 magnum,
1044 4665 1320 4723 postquam
1359 4662 1507 4724 septa
1535 4654 1912 4720 transilicrant,
1953 4661 2237 4723 postquam
2265 4652 2332 4705 de

745 4757 885 4801 terra
925 4744 992 4798 ad
1033 4743 1218 4798 caelum
1265 4743 1624 4810 evolaverant,
1670 4753 1947 4815 postquam
1995 4743 2238 4812 corporis
2263 4744 2333 4795 si-

741 4835 1024 4907 gnaculum
1080 4850 1186 4889 non
1245 4833 1554 4897 solverant,
1605 4849 1669 4888 ac
1721 4850 1970 4904 magnum
2018 4833 2333 4904 virginitatis

742 4925 1012 4996 specimen
1042 4924 1453 4995 acquisiverant,
1479 4932 1756 4994 postquam
1786 4933 2054 4978 certamen
2082 4939 2201 4978 cum
2231 4940 2332 4978 an-

744 5017 874 5089 gelis
901 5016 1152 5083 inierant,
1198 5025 1477 5088 postquam
1507 5014 1749 5084 corporis
1792 5015 2135 5070 necessitates
2175 5030 2332 5084 supe-

744 5118 1018 5172 raverant,
1050 5118 1325 5177 postquam
1359 5119 1558 5161 natura:
1584 5106 1764 5161 oblita:
1793 5105 2019 5169 fuerant,
2051 5115 2330 5177 postquam

747 5201 798 5255 in
829 5213 1076 5270 corpore,
1121 5213 1241 5268 qua:
1287 5198 1720 5266 ineorporeorum
1769 5205 1913 5265 sunt,
1967 5200 2330 5267 perfecerant,

749 5303 1025 5363 postquam
1055 5305 1305 5363 magnum
1332 5299 1492 5359 atque
1518 5291 1770 5345 invictum
1793 5291 2107 5361 virginitatis
2132 5292 2332 5346 bonum

749 5384 1116 5454 possederant,
1163 5393 1287 5439 tunc
1329 5382 1656 5438 audierunt:
1690 5382 1923 5437 Recedite
1955 5401 1988 5436 a
2029 5401 2127 5450 me,
2169 5385 2334 5438 nescio

750 5495 853 5532 vos.
885 5475 1069 5548 Neque
1089 5477 1229 5531 enim
1260 5477 1388 5531 mihi
1414 5476 1799 5531 existimaveris
1830 5475 2083 5529 tantillam
2115 5475 2332 5544 virgini-

751 5568 872 5623 tatis
897 5583 1018 5623 esse
1050 5566 1463 5638 magnitudinem
1492 5584 1506 5622 :
1539 5565 1659 5622 talis
1680 5566 1821 5622 enim
1846 5566 2119 5637 virginitas
2145 5577 2243 5631 cst,
2279 5575 2335 5619 ttt

749 5676 868 5716 eam
899 5661 1130 5730 potuerit
1173 5674 1332 5714 nemo
1375 5669 1612 5715 veterum
1658 5674 2000 5715 conservare.
2049 5659 2336 5728 l’r0ptetea

750 5750 893 5806 enim
924 5751 1089 5821 gratia
1141 5765 1352 5821 magna,
1380 5749 1520 5820 quod
1567 5765 1688 5821 qua:
1739 5750 2012 5806 tremenda
2064 5750 2336 5820 prophetis

753 5841 970 5897 fuerunt
1013 5852 1066 5899 et
1111 5842 1410 5906 veteribus,
1461 5841 1646 5897 eadem
1694 5856 1833 5896 nunc
1881 5841 2048 5896 facilia
2098 5840 2336 5912 leviaque

1493 437 1548 494 S.
1587 435 1864 494 JOANNIS
1900 435 2376 494 CllRVSOSTOMl
2413 435 2732 495 ARCHIEP.
2762 438 3300 499 CONSTANTINOP.

3905 456 4009 513 996

2428 551 2816 606 existimantur.
2866 553 3122 621 Quaanam
3154 555 3311 615 ,enim
3351 553 3562 612 fuerant
3602 563 3915 629 gravissima
3960 581 4017 624 et

2426 643 2698 697 violenta?
2722 642 3027 712 Virginitas,
3057 646 3347 717 mortisque
3365 647 3684 717 despectus;
3713 660 3768 706 at
3787 669 3848 708 ea
3877 674 4018 714 nunc

2425 732 2508 786 vel
2537 743 2731 789 tenera:
2774 734 2964 803 puella:
3006 736 3154 804 parvi
3190 738 3448 806 pendunt.
3482 737 3632 794 Adeo
3657 741 3800 796 enim
3837 750 4018 814 gravis

2428 831 2545 877 crat
2571 825 2884 895 virginitatis
2924 825 3213 896 possessio,
3259 837 3318 882 ut
3363 831 3460 886 hac
3485 847 3544 886 se
3573 847 3729 886 nemo
3772 842 4016 891 veterum

2426 913 2696 982 religaret.
2715 914 2828 970 Noe
2852 915 3030 985 justus
3053 925 3188 980 erat,
3205 926 3261 972 et
3285 933 3315 972 a
3346 919 3455 975 Deo
3477 922 3834 977 testimonium
3861 939 4019 980 acce-

2428 1002 2523 1072 pit,
2554 1004 2648 1058 sed
2675 1005 2886 1061 mulieri
2912 1006 3135 1062 adhaesit
3162 1024 3176 1062 :
3203 1009 3450 1065 similiter
3472 1012 3737 1071 Abraham
3766 1024 3820 1070 et
3845 1013 4015 1083 Isaac,

2431 1094 2670 1164 ejusdem
2714 1109 2779 1151 ac
2825 1097 2915 1152 ille
2957 1099 3322 1168 promissionis
3366 1100 3614 1171 heredes,
3644 1120 3766 1160 cum
3795 1105 4018 1163 muliere

2429 1186 2870 1242 consuetudinem
2897 1188 3212 1246 habuerant.
3237 1189 3438 1259 Ioseph
3463 1203 3644 1250 castus
3677 1196 3915 1252 adulterii
3938 1195 4018 1252 fa-

2428 1280 2580 1334 cinus
2623 1295 2684 1336 se
2710 1288 3036 1350 patraturum
3062 1283 3270 1353 negavit
3299 1281 3448 1355 (Gen.
3490 1283 3607 1355 59),
3659 1288 3754 1343 sed
3779 1288 3865 1344 hic
3891 1305 4013 1346 cum

2430 1372 2652 1428 muliere
2691 1375 3126 1430 consuetudinem
3173 1375 3400 1430 habuit:
3431 1378 3613 1447 gravis
3658 1384 3855 1437 etenim
3902 1393 4018 1440 erat

2431 1462 2753 1532 virginitatis
2776 1464 3057 1534 professio.
3088 1465 3169 1519 Ex
3212 1481 3277 1520 eo
3308 1475 3546 1536 tempore
3575 1467 3728 1524 firma
3771 1471 3906 1528 facta
3935 1483 4019 1531 est

2431 1553 2724 1623 virginitas,
2763 1568 2828 1608 ex
2857 1568 2963 1623 quo
3012 1551 3112 1608 flos
3141 1554 3459 1624 virginitatis
3487 1558 3818 1628 geminavit.
3849 1562 4020 1619 Nemo

2434 1643 2590 1712 igitur
2614 1653 2849 1697 veterum
2875 1653 3081 1712 poterat
3103 1645 3456 1714 virginitatem
3483 1663 3698 1703 servare
3725 1667 3738 1702 :
3769 1667 4018 1722 magnum

2431 1733 2627 1787 etenim
2656 1742 2738 1788 est
2764 1748 2956 1803 corpus
2978 1733 3208 1791 frenare.
3242 1735 3404 1807 Pinge
3429 1737 3558 1792 mihi
3584 1754 3831 1795 sermone
3858 1743 4021 1814 virgi-

2432 1825 2609 1880 nitatis
2639 1827 2946 1895 specimen;
2978 1836 3138 1898 atque
3163 1829 3374 1884 virtutis
3395 1831 3807 1900 magnitudinem
3828 1832 3976 1890 disce
4000 1855 4015 1888 :

2429 1917 2572 1988 quod
2620 1918 2817 1973 bellum
2847 1918 3040 1974 habeat
3067 1921 3301 1990 quotidie
3345 1921 3645 1976 nullatenus
3686 1922 4018 1990 sedandum,

2431 2010 2547 2080 ipso
2563 2010 2839 2066 barbarico
2859 2011 2999 2067 bello
3016 2011 3267 2067 deterius.
3299 2012 3431 2068 Nam
3455 2013 3800 2072 barbarorum
3822 2015 4019 2071 bellum

2431 2100 2517 2154 vel
2545 2110 2752 2170 tempus
2786 2101 2979 2172 quietis
3011 2102 3186 2168 habet,
3216 2118 3335 2157 eum
3365 2105 3738 2172 paciscuntur;
3767 2114 3821 2162 et
3847 2121 4022 2176 quan-

2431 2190 2606 2261 doque
2645 2193 2858 2262 quidem
2909 2203 3162 2264 pugnant,
3204 2195 3518 2264 quandoque
3550 2212 3693 2262 non;
3724 2206 3779 2252 et
3807 2201 4022 2254 ordines

2430 2291 2485 2337 et
2509 2293 2700 2338 statuta
2749 2293 2988 2352 tempora
3017 2294 3141 2340 sunt
3172 2303 3183 2337 :
3218 2285 3340 2339 belli
3389 2301 3517 2340 vero
3563 2303 3683 2341 cum
3722 2289 4022 2358 virginitate

2427 2374 2560 2442 gesti
2606 2375 2751 2428 nulla
2793 2375 2949 2428 datur
2993 2375 3164 2444 quies.
3197 2375 3447 2429 Diabolus
3493 2385 3576 2430 est
3616 2378 3760 2432 enim
3808 2395 4021 2448 semper

2429 2464 2625 2519 bellum
2654 2466 2905 2529 inferens,
2933 2466 3022 2538 qui
3053 2467 3306 2536 temporis
3335 2467 3758 2522 observationem
3789 2485 3894 2522 non
3925 2486 4023 2524 no-

2426 2558 2522 2622 vit,
2556 2572 2661 2612 non
2704 2566 2911 2626 tempus
2953 2565 3230 2626 exspectat
3254 2557 3321 2612 ad
3351 2558 3675 2624 conflictum,
3711 2558 3803 2613 sed
3831 2561 4023 2628 qumrit

2430 2664 2641 2718 semper
2668 2649 2922 2718 virginem
2954 2649 3148 2703 nudam
3180 2649 3450 2713 invenire,
3479 2667 3584 2718 quo
3627 2651 3848 2704 mortale
3877 2651 4022 2706 infli-

2429 2748 2518 2810 gat
2546 2740 2768 2799 vulnus;
2799 2755 2971 2809 neque
2995 2739 3062 2794 ab
3084 2739 3186 2794 hoc
3202 2739 3344 2795 bello
3371 2755 3620 2809 umquam
3640 2741 3786 2810 virgo
3811 2755 4022 2797 cessare

2431 2837 2628 2899 potest,
2661 2829 2752 2882 sed
2782 2829 2832 2881 in
2863 2843 2922 2883 se
2953 2830 3234 2882 tumultum
3262 2830 3575 2899 hostemque
3603 2831 3930 2900 circumagit.
3955 2830 4023 2885 Et

2426 2919 2657 2974 damnati
2688 2919 2900 2988 quidem
2931 2919 3139 2973 etiamsi
3164 2919 3231 2973 ad
3264 2929 3473 2989 tempus
3514 2919 3744 2989 judicent
3788 2921 4019 2984 videant,

2427 3028 2534 3067 non
2565 3013 2780 3082 paribus
2823 3019 2998 3065 tamen
3044 3009 3306 3066 molestiis
3351 3022 3700 3080 premuntur;
3747 3012 3895 3081 virgo
3922 3027 4020 3066 au-

2433 3115 2540 3161 tem
2568 3119 2902 3174 quocumque
2927 3104 3137 3169 abierit,
3163 3103 3466 3172 etjudiccm
3488 3104 3796 3174 circumagit
3815 3119 4019 3169 secum,

2427 3208 2480 3255 et
2506 3199 2709 3254 hostem
2739 3212 2916 3252 secum
2947 3204 3139 3267 portat,
3172 3196 3262 3266 qui
3309 3212 3480 3266 neque
3510 3196 3717 3267 vesperi
3762 3197 4019 3265 permittit

2426 3291 2714 3362 reSpirare,
2760 3306 2864 3343 non
2895 3297 3070 3354 nocte,
3096 3304 3201 3342 non
3233 3287 3485 3353 diluculo,
3518 3303 3622 3340 non
3657 3287 3896 3351 meridie,
3927 3286 4021 3342 sed

2425 3384 2626 3438 bellum
2653 3383 2787 3452 gerit
2808 3396 3040 3450 semper,
3063 3379 3488 3447 voluptatemque
3508 3379 3788 3442 submittit,
3814 3380 4024 3447 nuptias

2429 3474 2481 3527 in
2506 3472 2819 3527 memoriam
2848 3469 3136 3535 adducens,
3166 3485 3273 3538 quo
3310 3470 3554 3523 virtutem
3580 3469 3843 3532 excludat,
3873 3469 4021 3522 mali-

2431 3565 2663 3633 tiamque
2695 3562 2746 3615 in
2775 3576 2834 3615 ea
2861 3569 3099 3630 generet,
3146 3559 3523 3614 continentiam
3554 3560 3805 3626 expellat,
3853 3558 4018 3611 forni-

2428 3655 2690 3710 cationem
2722 3654 2909 3708 inferat
2941 3669 2955 3706 :
2985 3651 3287 3706 incenditur
3311 3653 3532 3721 singulis
3557 3651 3702 3706 horis
3731 3652 4014 3719 voluptatis

2429 3749 2610 3804 fornax
2639 3748 2872 3802 suaviter
2896 3761 3178 3801 succensa.
3224 3745 3408 3814 Cogita
3442 3753 3669 3814 quantus
3700 3746 3817 3797 talis
3860 3744 4020 3798 officii

2428 3840 2576 3894 labor
2601 3842 2685 3893 sit.
2731 3839 2800 3892 At
2829 3837 2933 3892 illa:
2971 3846 3093 3907 post
3130 3837 3246 3891 hmc
3274 3835 3450 3890 omnia
3477 3835 3786 3889 audiverunt
3816 3851 3830 3888 :
3864 3833 4023 3887 Rece-

2428 3932 2531 3986 dite
2560 3949 2590 3985 a
2611 3949 2708 3998 me,
2751 3931 2920 3984 nescio
2955 3946 3060 3984 eos.
3099 3929 3230 3984 Vide
3256 3943 3417 3998 quam
3445 3942 3630 3996 magna
3661 3943 3745 3981 res
3771 3927 3838 3980 sit
3861 3927 4021 3996 virgi-

2429 4026 2602 4088 nitas;
2651 4039 2772 4078 cum
2817 4037 3058 4077 sororem
3102 4019 3350 4075 habuerit
3379 4019 3793 4086 eleemosynam,
3822 4019 3872 4069 in
3899 4033 4018 4069 eam

2431 4116 2573 4169 nulla
2620 4114 2841 4168 adversa
2868 4122 3134 4182 poterunt,
3172 4112 3265 4166 sed
3310 4109 3557 4164 omnibus
3602 4107 3846 4176 superior
3873 4109 4017 4161 erit:

2432 4213 2712 4275 propterea
2738 4218 2843 4258 non
2874 4203 3223 4257 introiverunt
3251 4203 3372 4265 illm,
3401 4197 3541 4269 quod
3571 4214 3692 4252 cum
3722 4197 4021 4266 virginitate

2432 4296 2828 4364 eleemosynam
2859 4309 2964 4347 non
2995 4292 3292 4346 habuerint.
3337 4291 3503 4346 Multo
3539 4289 3734 4344 rubore
3755 4287 3910 4357 digna
3934 4302 4022 4340 res

2430 4395 2514 4441 est
2539 4403 2554 4439 :
2589 4385 2911 4454 voluptatent
2930 4399 3050 4438 cum
3078 4382 3418 4445 debellasses,
3443 4381 3718 4451 pecuniam
3743 4395 3845 4432 non
3870 4393 4023 4445 spre-

2431 4479 2591 4546 visti;
2624 4478 2719 4534 sed
2741 4479 2890 4549 virgo
2919 4493 3036 4546 qum
3064 4476 3183 4530 vitae
3216 4476 3549 4542 renuntiasti,
3581 4471 3830 4528 crucifixa
3863 4485 4021 4540 pecu-

2434 4569 2576 4623 niam
2605 4583 2772 4622 amas.
2803 4567 3015 4622 Utinam
3047 4567 3215 4620 virum
3245 4566 3631 4630 desiderasses,
3662 4573 3819 4632 atque
3847 4561 4021 4616 minus

2435 4659 2822 4714 criminandum
2872 4657 3044 4712 fuerat
3075 4674 3088 4710 :
3123 4672 3242 4709 nam
3287 4656 3525 4726 ejusdem
3567 4652 3877 4709 substantia:
3905 4667 4020 4706 rent

2436 4766 2499 4806 ac
2541 4753 2811 4806 materiam
2841 4750 3243 4814 desiderasses;
3269 4749 3378 4819 jam
3409 4764 3536 4805 vero
3582 4747 3754 4815 majus
3796 4754 3879 4800 est
3917 4747 4022 4800 cri-

2437 4857 2584 4909 men,
2631 4843 2771 4913 quod
2817 4843 3092 4897 materiam
3140 4839 3365 4894 alienam
3408 4837 3817 4895 desideraveris.
3849 4836 4019 4904 Esto,

2437 4951 2555 5004 quae
2581 4935 2678 4989 sub
2704 4936 2816 4990 viro
2861 4945 2987 4989 sunt
3013 4932 3268 4986 saevitiam
3298 4935 3438 4988 male
3463 4930 3752 4987 ostendunt
3792 4927 4020 4985 ﬁliorum

2438 5033 2694 5095 praetextu
2718 5043 2733 5080 :
2758 5024 2899 5095 quod
2922 5025 2966 5080 si
2993 5023 3042 5077 ei
3061 5023 3280 5086 dixeris,
3301 5024 3372 5076 Da
3399 5023 3811 5090 eleemosynam,
3837 5020 4020 5086 Filios,

2439 5119 2629 5188 inquit,
2660 5120 2850 5186 habeo,
2883 5126 2938 5171 et
2966 5131 3192 5184 nequeo.
3238 5115 3376 5170 Deus
3418 5115 3555 5169 filios
3585 5112 3676 5166 tibi
3715 5112 3877 5175 dedit,
3911 5113 4023 5168 fru-

2439 5221 2582 5264 ctum
2629 5211 2828 5265 ventris
2879 5207 3151 5276 accepisti,
3199 5221 3303 5261 non
3344 5221 3451 5277 quo
3492 5219 3655 5271 saeva,
3687 5204 3778 5259 sed
3804 5220 3910 5276 quo
3940 5207 4027 5276 pia

2439 5301 2848 5371 misericorsque
2877 5299 2992 5352 fias.
3023 5297 3101 5353 Ne
3131 5298 3286 5368 igitur
3302 5310 3516 5352 causam
3543 5295 3835 5350 clementiae
3859 5297 4022 5366 picta.

2442 5393 2611 5461 tisque
2640 5392 2856 5446 smvitim
2885 5403 3097 5443 causam
3129 5389 3335 5444 feceris.
3369 5387 3530 5455 Cupis
3557 5385 3900 5442 hereditatem
3934 5386 4025 5438 bo-

2443 5497 2562 5537 nam
2587 5483 2706 5538 liliis
2729 5482 2833 5538 tuis
2858 5480 3196 5551 relinquere?
3223 5480 3613 5548 cleemosynam
3637 5478 3897 5548 relinque,
3921 5490 4030 5544 quo

2443 5585 2494 5630 te
2523 5589 2709 5629 omnes
2750 5570 2994 5627 laudibus
3035 5571 3280 5633 efferant,
3310 5567 3682 5639 celebremque
3707 5569 3780 5623 tui
3821 5580 4027 5621 memo-

2443 5667 2572 5720 riam
2596 5665 2885 5734 relinquas.
2908 5663 2988 5716 Tu
3014 5676 3142 5717 vero
3164 5675 3268 5716 non
3295 5658 3495 5712 habens
3521 5658 3676 5723 filios,
3709 5661 3802 5714 scd
3824 5653 4025 5710 mundo

2443 5756 2714 5822 crucifixa,
2762 5755 2884 5825 qttid
2916 5754 3166 5825 pecunias
3190 5753 3520 5821 congregas?
