4408 6690
246 461 355 516 295

241 578 360 631 τῶν
393 577 739 648 θεραπόντων
771 581 1196 653 παρεστηκότων
1227 576 1344 631 εἷπε
1384 579 1519 650 πρὸς
1542 579 1768 644 αὐτούς·
1802 581 1903 634 E6-

244 677 613 746 χαριστήσατε
649 679 824 751 τούτῳ
851 679 1021 732 πολλὰ
1049 677 1164 731 ἀντ’
1194 675 1350 746 ἐμοῦ·
1384 668 1536 742 οὗτός
1573 695 1639 748 με
1665 679 1723 730 ἐν
1747 679 1907 748 πενίᾳ

241 772 374 826 δντα
401 772 648 846 διέθρεψε
680 777 774 831 καὶ
811 777 1071 843 ἐξένισεν,
1113 769 1268 836 οὗτος
1303 773 1425 842 ἐμοὶ
1449 773 1648 838 πολλὰς
1680 775 1906 844 εὐεργε-

243 868 366 933 σίας
388 872 447 923 ἐν
469 871 645 944 καιρῷ
667 870 1029 942 στενοχωρίας
1051 869 1314 939 παρέσχε·
1335 870 1449 934 πῶς
1469 872 1568 924 οὐκ
1589 872 1654 926 ἂν
1677 870 1906 933 ἕκαστος

240 966 310 1020 τά
341 970 598 1039 χρήματα
623 967 790 1023 αὐτοῦ
819 967 918 1021 ὅλα
936 965 1071 1036 πρὸς
1102 968 1308 1019 ἐκεῖνον
1333 959 1685 1039 ἀνήλωσεν,ᾦ
1702 969 1730 1020 ό
1752 966 1905 1036 βασι·

238 1047 369 1127 λεύς
395 1065 768 1136 ηὐχαρίστησε
791 1079 807 1128 ;
827 1062 946 1124 πῶς
959 1063 1058 1115 οὐκ
1085 1061 1152 1116 ἂν
1178 1062 1537 1132 ἀπελογίσατο
1556 1081 1570 1128 ;
1592 1062 1707 1128 πῶς
1724 1064 1824 1116 οὐκ
1840 1061 1904 1116 ἂν

237 1153 474 1223 ἕκαστος
509 1155 843 1214 ἐσπούδασεν
885 1157 1077 1210 ἐαυτὸν
1118 1157 1268 1228 αὐτῷ
1314 1158 1653 1228 παραθέσθαι
1691 1159 1785 1213 καὶ
1813 1174 1905 1226 φι-

236 1254 502 1326 λιωθῆναι
521 1273 537 1323 ;

309 1369 380 1431 γ’.
415 1364 596 1416 Είδετε
621 1359 718 1433 τήν
733 1359 963 1433 δύναμιν
977 1361 1070 1416 τοῦ
1087 1362 1244 1432 λόγου
1265 1381 1279 1430 ;
1297 1363 1358 1416 Εί
1377 1363 1431 1416 δέ
1450 1380 1512 1432 γε
1530 1363 1621 1416 ἐπὶ
1639 1362 1902 1433 βασιλέως

235 1457 533 1530 ἀνθρώπου
581 1456 850 1527 τοσαύτην
898 1459 1064 1530 τιμὴν
1113 1457 1226 1528 εχει
1265 1457 1327 1511 τὸ
1354 1460 1604 1530 πρᾶγμα,
1650 1459 1901 1528 ἐννόησον

235 1553 474 1625 Χριστὸν
503 1553 562 1605 ἐν
587 1553 769 1626 ἐκείνῃ
801 1557 867 1624 τῇ
897 1555 1078 1627 ήμέρα
1110 1555 1375 1609 καλοῦντα
1399 1554 1490 1608 ἐπὶ
1533 1555 1778 1622 ἀγγέλων
1807 1552 1901 1606 καὶ

234 1648 420 1717 πάσης
440 1647 742 1720 δυνάμεως,
762 1651 856 1703 καὶ
878 1649 1122 1719 λέγοντα·
1146 1643 1314 1714 Οὗτός
1350 1667 1416 1720 με
1449 1652 1506 1702 ἐν
1535 1652 1600 1720 τῇ
1633 1652 1702 1719 γῇ
1737 1648 1902 1713 ἐξένι-

233 1753 349 1796 σεν·
374 1738 532 1809 οὗτός
572 1763 640 1815 με
672 1747 842 1816 μυρία
870 1745 1260 1816 εὐηργέτησεν·
1292 1741 1448 1809 οὗτός
1489 1763 1556 1815 με
1591 1745 1740 1812 ξένον
1770 1744 1900 1796 ὄντα

233 1841 564 1909 συνήγαγεν·
599 1841 853 1912 ἐννόησον
875 1838 1060 1895 λοιπὸν
1085 1841 1184 1908 τὴν
1218 1841 1530 1910 παρρησίαν
1551 1839 1647 1909 τὴν
1671 1840 1764 1892 ἐπὶ
1789 1838 1899 1891 τῶν

229 1934 506 2002 ἀγγέλων,
537 1937 598 1990 τὸ
621 1936 884 2008 καύχημα
908 1937 969 1990 τὸ
1002 1937 1096 1989 ἐπὶ
1125 1936 1234 1988 τῶν
1255 1935 1444 2004 δήμων
1481 1934 1587 1987 τῶν
1611 1935 1742 1990 άνω.
1769 1928 1842 2004 ’ᾩ
1869 1934 1898 1987 6

226 2025 468 2100 Χριστὸς
497 2037 798 2104 μαρτυρεῖ,
852 2032 971 2096 πῶς
1021 2033 1122 2085 οὐκ
1151 2031 1217 2086 ἂν
1268 2034 1368 2102 σχῇ
1420 2033 1730 2102 παρρησίαν
1755 2031 1896 2102 ὑπὲρ

225 2129 532 2198 ἀγγέλουςς
583 2130 743 2198 Μέγα
795 2125 889 2184 οὖν
932 2133 1164 2200 πρᾶγμα
1215 2128 1589 2199 ἐλεημοσύνη,
1643 2126 1890 2197 ἀδελφοί·

222 2224 436 2296 ταύτην
462 2224 861 2296 ἀσπασώμεθα,
891 2220 957 2296 ἦς
987 2226 1138 2279 οὐδὲν
1172 2226 1305 2280 ῐσον·
1343 2227 1500 2297 ίκανή
1529 2227 1644 2278 ἐστι
1673 2225 1768 2278 καὶ
1796 2224 1891 2279 άλ-

222 2319 326 2383 λας
353 2319 629 2392 ἁμαρτίας
661 2321 960 2390 ἐξαλεῖψαι,
991 2323 1084 2375 καὶ
1117 2321 1214 2391 τήν
1254 2322 1434 2392 κρίσιν
1457 2320 1765 2375 ἀπελάσαι·
1798 2320 1892 2374 σοῦ

224 2415 544 2478 σιωπῶντος
579 2416 777 2487 ἔστηκε
803 2416 898 2470 καὶ
926 2420 1217 2488 συνηγορεϊ
1245 2433 1257 2445 ·
1292 2417 1493 2487 μᾶλλον
1521 2417 1578 2470 δὲ
1632 2415 1726 2470 σού
1761 2433 1892 2470 σιω-

224 2510 439 2576 πῶντος
471 2511 644 2584 μυρία
683 2513 929 2584 στόματα
966 2513 1284 2584 εὐχαριστεῖ
1314 2513 1454 2584 ὑπὲρ
1483 2512 1598 2567 σοῦ.
1639 2512 1890 2568 Τοσαῦτα

220 2606 408 2673 ἁγαθά
435 2609 500 2660 ἐκ
528 2607 626 2679 τῆς
673 2607 1065 2679 ἐλεημοσύνης,
1113 2610 1210 2662 καὶ
1262 2609 1424 2680 ήμείς
1463 2607 1770 2680 ἀμελοῦμεν
1797 2610 1890 2662 καὶ

221 2702 725 2774 ἀναπεπτώκαμεν.
764 2703 864 2768 Δὸς
908 2704 1052 2759 κατά
1099 2704 1330 2775 δύναμιν
1363 2705 1555 2776 ἄρτον·
1602 2705 1702 2758 οὐκ
1747 2705 1890 2775 ἔχεις

219 2797 432 2867 ἄρτον;
479 2797 567 2861 δὸς
622 2797 838 2852 όὸολόν·
883 2801 982 2854 οὐκ
1021 2800 1165 2871 ἔχεις
1214 2800 1433 2867 όὸολόν;
1492 2800 1582 2864 δὸς
1633 2802 1890 2871 ποτήριον

217 2891 436 2962 ψυχροῦ
467 2891 682 2957 ὓδατος·
722 2894 821 2948 οὐκ
855 2895 997 2966 ἔχεις
1018 2896 1204 2962 τούτο;
1235 2893 1618 2968 συμπένθησον
1658 2896 1736 2969 τῷ
1772 2897 1888 2952 θλι-

217 2989 457 3057 ὗομένῳ,
491 2989 580 3041 καὶ
607 2989 748 3059 ἔχεις
772 2991 981 3060 μισθόν.
1009 2995 1080 3044 Οὐ
1105 2993 1212 3063 γὰρ
1227 2994 1328 3063 τῆς
1351 2993 1597 3065 ἀνάγκης
1617 2994 1646 3048 ό
1674 2995 1886 3066 μισθὸς,

217 3083 360 3136 ἀλὶά
384 3083 486 3154 τῆς
515 3083 904 3156 προαιρέσεως.
944 3086 1082 3138 Ἀλλ’
1116 3087 1190 3151 ὡς
1223 3087 1302 3140 ἔτι
1331 3089 1458 3160 περὶ
1488 3089 1680 3142 τούτου
1711 3091 1888 3143 διαλε-

216 3181 430 3250 γόμεθα
451 3221 465 3244 ,
498 3179 723 3250 ἐξῆλθεν
771 3183 903 3252 ἡμῖν
950 3185 982 3254 ἡ
1020 3185 1238 3255 φροντὶς
1265 3185 1372 3238 τῶν
1411 3187 1716 3258 παρθένων·
1750 3187 1885 3258 φέρε

220 3273 315 3328 οὖν
345 3277 427 3338 εἰς
451 3276 511 3328 τὸ
543 3276 904 3347 προκείμενον
939 3280 1336 3353 ἐπανέλθωμον.
1359 3283 1497 3338 Δότε
1516 3284 1677 3353 ἡμῖν,
1698 3287 1880 3355 φησιν,

216 3375 430 3426 ἔλαιον
458 3374 526 3427 ἐκ
550 3373 675 3441 τῶν,
688 3368 942 3441 ἀγγείων
977 3381 1164 3449 ὑμῶν.
1233 3383 1314 3435 Οὐ
1347 3380 1645 3449 δυνάμεθα
1675 3381 1883 3436 δοῦναι

227 3465 391 3539 ὑμῖν,
406 3472 638 3541 μήποτε
664 3474 775 3526 οὐκ
801 3473 1028 3542 ἀρκέσῃ
1058 3475 1204 3542 ἡμῖν
1223 3475 1321 3529 καὶ
1347 3475 1507 3544 ὑμῖν·
1543 3477 1678 3530 ἀλλ’
1701 3475 1884 3530 ἀπενι-

218 3564 434 3619 θοῦσαι
462 3569 799 3636 ἀγοράσατε
822 3571 940 3623 ἀπὸ
974 3573 1093 3622 τῶν
1121 3574 1507 3628 πωλούντων.
1543 3573 1886 3642 Ἀπερχομέ-

218 3679 341 3713 νων
373 3661 439 3714 δὲ
464 3661 663 3716 αὐτῶν
714 3663 1023 3733 ἀγοράσαι,
1065 3662 1250 3734 ἦλθεν
1295 3670 1329 3720 ὀ
1381 3669 1662 3737 νυμφίος,
1689 3670 1785 3722 καί
1827 3672 1885 3724 al

217 3762 469 3826 ἔχουσαι
500 3760 609 3824 τὰς
631 3759 951 3829 λαμπάδας
972 3760 1228 3828 φαιδρᾶς
1264 3764 1680 3830 συνεισῆλθον
1698 3764 1880 3830 αὐτῷ,

218 3855 316 3906 καὶ
348 3855 720 3921 ἀπεκλείσθη
747 3856 784 3923 ἡ
815 3856 966 3924 θύρα
1017 3856 1355 3925 ημρῶνος.
1385 3853 1588 3912 Ἦλθον
1613 3859 1670 3912 δὲ
1697 3861 1792 3913 καὶ
1819 3863 1880 3914 αί

218 3955 383 4007 πέντε
423 3954 621 4025 μωραὶ,
672 3953 765 4007 καὶ
804 3955 1028 4026 έκρουον
1077 3955 1176 4026 τήν
1222 3956 1394 4028 θύραν
1441 3955 1537 4010 τοῦ
1595 3959 1882 4029 νυμφῶνος

217 4049 441 4118 βώηαι·
477 4048 756 4114 Ἀνοιξον
790 4050 952 4120 ἡμῖν·
986 4053 1080 4105 καὶ
1117 4052 1266 4122 φωνὴ
1313 4052 1514 4106 ἔσωθεν
1548 4054 1684 4124 πρὸς
1712 4055 1882 4120 αὐτάς

214 4146 310 4198 τοῦ
363 4146 616 4216 νυμφίου·
663 4146 978 4202 Ἀπέλθετε
1026 4148 1128 4203 ἀπ’
1160 4149 1340 4219 ἐμοῦ,
1379 4152 1490 4204 οὐκ
1538 4148 1670 4205 οἴδα
1702 4153 1877 4222 ὑμᾶς.

214 4243 326 4297 Καὶ
352 4243 492 4313 μετά
521 4243 804 4306 τοσούτους
855 4247 1142 4314 καμάτους
1189 4247 1243 4300 τί
1287 4248 1556 4318 ῆκουσανς
1593 4251 1713 4303 Οὐκ
1745 4245 1879 4304 οἴδα

214 4339 394 4408 ὑμᾶς.
413 4339 581 4393 Τοῦτό
609 4341 775 4402 ἐστιν,
807 4340 834 4393 ὂ
864 4339 1072 4409 ἔλεγον,
1106 4345 1226 4414 εῑκῆ
1256 4345 1350 4397 καὶ
1376 4349 1550 4415 μάτην
1587 4347 1880 4417 ἐκτήσαντο

211 4433 274 4487 16
302 4435 452 4504 μέγα
479 4435 668 4505 κτῆμα
693 4435 786 4504 τῆς
811 4435 1128 4506 παρθενίας.
1174 4437 1480 4510 Ἐννόησον,
1537 4441 1674 4510 μετὰ
1698 4441 1882 4495 τοσού-

208 4549 339 4594 τους
371 4533 650 4600 καμάτους
685 4531 1070 4602 ἐξεϐλήθησαν,
1100 4535 1189 4587 ὅτε
1224 4537 1494 4607 ἀκρασίαν
1527 4538 1880 4608 ἐχαλίνωσαν,

210 4621 370 4696 [398]
401 4625 488 4676 ὅτε
513 4625 650 4694 πρὸς
669 4625 765 4688 τὰς
800 4624 909 4678 ἀνω
937 4624 1194 4695 δυνάμεις
1227 4628 1324 4698 τὴν
1353 4628 1583 4699 ἅμιλλαν
1605 4627 1768 4698 εἶχον,
1790 4631 1878 4682 ὅτε

207 4721 320 4774 τῶν
356 4718 630 4788 βιωτικῶν
677 4721 1044 4790 κατεγέλασαν
1081 4724 1454 4794 πραγμάτων,
1488 4726 1574 4778 ὅτε
1609 4725 1698 4778 τὸν
1744 4725 1878 4778 καύ-

211 4836 360 4873 σωνα
404 4819 718 4890 ὑπήνεγκαν
773 4821 862 4874 τὸν
907 4819 1098 4891 μέγαν.
1135 4821 1226 4874 ὅτε
1264 4823 1334 4878 τά
1379 4823 1677 4896 σκάμματα
1713 4825 1879 4894 ὐπερ-

210 4915 442 4984 έῦησαν,
467 4915 554 4967 ὅτε
574 4916 683 4970 ἀπὸ
707 4917 811 4988 γῆς
837 4918 913 4979 εἰς
935 4914 1158 4987 οὐρανὸν
1183 4917 1655 4991 ἀνεπτερώθησαν.
1673 4922 1759 4974 ὅτε
1783 4920 1876 4973 τοῦ

215 5009 470 5080 σώματος
496 5010 595 5079 τὴν
627 5013 899 5082 σφραγῖδα
929 5011 987 5064 οὐ
1040 5011 1311 5078 διέλυσαν,
1350 5017 1438 5070 ὅτε
1467 5017 1526 5070 τὸ
1568 5017 1708 5088 μέγα
1742 5013 1878 5080 εἶδος

212 5110 313 5177 τῆς
343 5105 644 5176 παρθενίας
675 5111 992 5180 ἐκτήσαντο,
1020 5109 1108 5162 ὅτε
1155 5107 1254 5179 τῆν
1300 5111 1534 5182 ἅμιλλαν
1582 5114 1714 5185 πρὸς
1754 5115 1877 5177 τοὺς

213 5202 482 5274 ἀγγέλους
513 5200 691 5272 ἔσχον,
727 5206 816 5259 ὅτε
845 5205 939 5259 τοῦ
965 5205 1214 5275 σώματος
1246 5206 1344 5270 τὰς
1373 5208 1619 5278 ἀνάγκας
1644 5210 1878 5263 κατεπά-

214 5317 407 5372 τησαν,
432 5299 518 5352 ὅτε
546 5299 644 5367 τῆς
673 5300 889 5367 φύσεως
920 5301 1320 5373 ἐπελήσθησαν,
1351 5303 1440 5356 ὅτε
1479 5307 1537 5358 ἐν
1573 5307 1782 5378 σώματι
1811 5306 1879 5360 τά

213 5397 483 5470 ἀσώματα
515 5395 841 5452 ἐπετέλεσαν
861 5435 876 5464 ,
924 5402 1012 5455 ὅτε
1038 5399 1100 5454 τὸ
1144 5398 1285 5471 μέγα
1325 5401 1420 5454 καὶ
1453 5402 1879 5476 ἀκαταμάχητον

215 5495 405 5565 κτῆμα
434 5489 531 5563 τῆς
562 5491 856 5562 παρθενίας
884 5498 1204 5568 ἐκτήσαντο·
1227 5497 1346 5550 τότε
1378 5498 1639 5568 ήκουσαν,
1681 5503 1881 5556 Ἀπέλ-

214 5593 350 5644 θετε
379 5591 480 5646 ἀπ’
511 5587 675 5658 ἐμοῦ,
701 5591 814 5642 οὐκ
841 5587 974 5645 οἶδα
1006 5594 1181 5664 ὑμᾶς.
1225 5595 1314 5665 Μὴ
1353 5594 1461 5666 γάρ
1499 5597 1624 5665 ἐμοὶ
1652 5600 1879 5673 νομίσῃς

213 5688 274 5738 τὸ
307 5687 409 5756 τῆς
450 5684 747 5758 παρθενίας
781 5685 1010 5756 μέγεθος
1049 5691 1246 5762 μικρὸν
1275 5685 1432 5746 εἶναι·
1468 5691 1708 5747 τοιοῦτόν
1732 5697 1880 5750 ἐστιν

217 5785 248 5854 ﬁ
288 5784 576 5853 παρθενία,
608 5785 688 5838 ὅτι
713 5783 889 5845 οὐδεὶς
916 5784 1158 5860 ἠδυνήθη
1186 5790 1293 5844 τῶν
1332 5791 1572 5862 ἀρχαίων
1600 5790 1757 5844 τοῦτο
1786 5811 1880 5864 τη-

221 5879 402 5951 ρῆσαι.
431 5883 530 5936 Διά
565 5883 719 5939 τοῦτο
739 5880 845 5954 γάρ
875 5883 908 5953 ή
948 5884 1104 5955 χάρις
1143 5890 1374 5962 μεγάλη.
1408 5893 1486 5945 ὅτι
1521 5891 1550 5945 ά
1669 5892 1873 5964 ςοεερά

1415 461 1501 517 ΒΕ
1534 462 2018 522 ELEEMOSYNA.
2063 461 2295 521 IIOMIL.
2331 461 2414 519 Ill.

3574 459 3677 518 29G

2017 586 2074 635 ἐν
2107 584 2218 644 τοῖς
2259 579 2571 652 προφήταις
2611 575 2705 631 καὶ
2736 579 2793 630 ἐν
2823 579 2934 641 τοῖς
2959 577 3224 650 ἀρχαίοις,
3254 580 3420 632 ταῦτα
3463 578 3677 646 ἐγένετο

2014 665 2110 720 νύν
2153 665 2626 736 εὐκαταφρόνητα.
2683 664 2817 716 Τίνα
2871 665 2980 736 γὰρ
3017 661 3084 736 ῆν
3132 665 3202 719 τά
3258 663 3534 735 βαρύτατα
3581 665 3676 718 καὶ

2014 755 2322 822 ἀναγκαίας
2348 751 2644 821 Παρθενία,
2676 750 2769 803 καὶ
2805 750 3033 804 θανάτου
3069 751 3362 824 ὑπεροψία·
3395 750 3530 803 ἀλλά
3553 750 3676 804 τούο

2011 859 2119 895 των
2153 841 2248 895 νῦν
2297 840 2392 893 καὶ
2431 839 2588 909 κόραι
2637 838 2874 901 εὐτελεῖς
2916 838 3334 909 καταφρονοῦσι.
3387 838 3534 909 Βαρύ
3566 839 3676 908 γάρ

2009 923 2078 999 ἦν
2107 928 2167 982 τὺ
2191 929 2290 996 τῆς
2318 925 2615 997 παρθενίας
2643 925 2826 995 κτῆμα
2856 923 3048 988 οὕτως,
3077 925 3153 986 ὡς
3189 925 3394 997 μηδένα
3419 925 3674 978 δύνασθαι

2010 1017 2217 1086 ταύτην
2247 1013 2488 1083 ἀσκῆσαι
2517 1012 2626 1066 τῶν
2654 1012 2922 1067 παλαιῶν.
2953 1013 3074 1065 Νῶε
3100 1013 3307 1076 δίκαιος
3337 1013 3431 1066 καὶ
3463 1029 3675 1084 μαρτυ-

2015 1103 2197 1173 ρηθεὶς
2217 1101 2323 1154 ὑπὸ
2345 1099 2438 1154 τοῦ
2451 1100 2607 1163 Θεοῦ,
2622 1101 2756 1154 ἀλλὰ
2778 1101 2998 1169 γυναικὶ
3022 1101 3455 1171 προσωμίλησεν·
3474 1101 3675 1170 ὁμοίως

2010 1187 2066 1240 δὲ
2095 1189 2345 1258 Ἀϐραάμ
2367 1189 2461 1240 καὶ
2488 1186 2669 1239 Ἰσαὰκ
2685 1191 2732 1240 οἱ
2757 1187 3191 1258 συγκληρονόμοι
3215 1187 3378 1240 αὐτοῦ
3393 1187 3491 1256 τῆς
3510 1190 3676 1254 ἐπαγο

2010 1275 2194 1342 γελίας
2217 1276 2439 1344 γυναικὶ
2460 1274 2902 1345 προσωμίλησαν.
2933 1274 3131 1344 Ἰωσήφ
3149 1275 3177 1326 6
3198 1273 3429 1342 σώφρων
3451 1275 3510 1326 τὸ
3535 1273 3677 1342 μέγα

2009 1359 2191 1430 δρᾶμα
2223 1361 2324 1429 τῆς
2373 1361 2619 1430 μοιχείας
2653 1362 2947 1430 ἠρνήσατο·
2975 1361 3114 1413 ἀλλά
3144 1359 3240 1413 καὶ
3274 1354 3430 1423 οὗτος
3451 1359 3675 1428 γυναικὶ

1962 1467 1969 1475 ·
2010 1447 2450 1517 προσωμίλησεν·
2483 1447 2623 1518 βαρύ
2659 1447 2769 1518 γάρ
2797 1442 2864 1518 ἦν
2893 1446 2954 1500 τὸ
2985 1447 3310 1517 ἐπάγγελμα
3339 1447 3438 1515 τῆς
3467 1445 3676 1518 παρθε-

2008 1534 2144 1595 νίας.
2181 1535 2404 1588 Ἐκτοτε
2440 1535 2637 1606 ἰσχυρά
2674 1537 2708 1606 ή
2742 1534 3013 1606 παρθενία
3046 1534 3286 1603 ἐγένετο,
3322 1533 3472 1598 ἐξότε
3493 1534 3555 1586 τὸ
3579 1534 3675 1589 ἇν-

2009 1618 2098 1683 θος
2128 1621 2187 1674 τὸ
2218 1622 2315 1691 τῆς
2365 1621 2664 1692 παρθενίας
2707 1620 3059 1690 ἐϐλάστησεν.
3109 1621 3298 1685 Οὐδεὶς
3341 1620 3523 1674 τοίνυν
3564 1619 3674 1674 τῶν

2008 1707 2248 1761 παλαιῶν
2265 1707 2504 1778 ήδυνήθη
2529 1709 2823 1779 παρθενίαν
2851 1709 3112 1777 ἀσκῆσαι·
3138 1708 3282 1777 μέγα
3301 1707 3413 1778 γάρ
3441 1708 3674 1778 πρᾶγμα

2008 1793 2165 1862 σῶμα
2214 1793 2531 1864 χαλινῶσαι.
2591 1794 3090 1866 Ἀναζωγράφησον
3144 1792 3222 1864 τῷ
3267 1793 3412 1863 λόγῳ
3465 1793 3526 1846 τὸ
3571 1794 3672 1864 τῆς

2006 1878 2306 1948 παρθενίας
2330 1875 2471 1944 εἶδος
2491 1919 2506 1945 ,
2543 1881 2640 1933 καὶ
2677 1879 2964 1950 κατάμαθε
2990 1879 3050 1932 τὸ
3083 1879 3312 1950 μέγεθος
3342 1881 3441 1950 τῆς
3469 1881 3673 1952 ἀρετῆς

2005 1966 2195 2035 αὐτῆς·
2231 1967 2311 2020 ἑτι
2344 1968 2581 2038 πόλεμον
2620 1967 2733 2038 ἔχει
2774 1967 2862 2036 ἐφ’
2896 1967 3133 2038 ἑκάστης
3169 1967 3383 2037 ἡμέρας
3412 1967 3671 2021 οὐδέποτε

2003 2052 2298 2123 δυνάμενον
2326 2055 2624 2125 ήσυχάσαι·
2666 2053 2866 2124 χείρων
2912 2053 3006 2105 τοῦ
3054 2053 3391 2123 βαρεαρικοῦ
3429 2051 3670 2122 πολέμου

2005 2134 2159 2203 οὗτος
2185 2142 2213 2193 ὁ
2241 2140 2495 2210 πόλεμος.
2546 2140 2602 2194 '0
2634 2140 2734 2210 μὲν
2773 2141 2881 2211 γάρ
2932 2139 3043 2193 τῶν
3094 2139 3388 2210 βαρϐάρων
3437 2139 3672 2209 πόλεμος

2004 2230 2194 2299 καιρόν
2214 2246 2334 2282 τινα
2361 2230 2473 2300 ἔχει
2500 2231 2700 2300 ἀνοχῆς
2721 2229 2779 2282 ἐν
2801 2233 2919 2292 ταῖς
2951 2230 3269 2301 συνθήκαις,
3296 2230 3390 2283 καὶ
3417 2229 3547 2284 ποτὲ
3571 2229 3672 2299 μὲν

2005 2316 2406 2386 συμϐάλλουσι,
2444 2318 2575 2370 ποτέ
2601 2317 2658 2370 δὲ
2690 2316 2775 2380 οὒ,
2799 2321 2894 2370 καὶ
2927 2317 3112 2382 τάξεις
3149 2318 3243 2371 καὶ
3284 2318 3468 2389 χρόνοι
3507 2317 3667 2370 είσίν·

2000 2404 2094 2457 ἐπὶ
2124 2404 2182 2457 δὲ
2216 2403 2308 2457 τοῦ
2333 2404 2572 2474 πολέμου
2610 2403 2704 2457 τοῦ
2746 2404 2881 2477 πρὸς
2916 2409 3014 2477 τὴν
3060 2406 3363 2478 παρθενίαν
3399 2407 3498 2458 οὐκ
3523 2405 3671 2458 ἔστιν

1997 2491 2190 2561 ἀνοχή·
2219 2490 2467 2556 διάϐολος
2487 2492 2594 2564 γάρ
2626 2494 2771 2546 ἐστιν
2797 2495 2825 2546 6
2855 2493 3129 2564 πολεμῶν,
3172 2493 3233 2546 οὐ
3261 2493 3453 2564 καιρὸν
3478 2495 3670 2562 ἐπιτη-

1998 2582 2111 2649 ρεῖν
2142 2577 2438 2643 ἐπιθέσεως
2462 2579 2637 2643 εἰδὼς,
2675 2579 2737 2632 οὐ
2777 2579 3030 2645 σύνταξιν
3073 2581 3212 2651 πρὸς
3251 2581 3352 2651 τήν
3389 2579 3668 2650 συμθολήν

1997 2666 2386 2736 ἐκδεχόμενος,
2439 2665 2554 2720 ἀλλ’
2609 2667 2842 2738 ἕστηκεν
2892 2668 2982 2721 ἀεὶ
3019 2667 3200 2739 ζητῶν
3245 2667 3346 2737 τήν
3400 2666 3668 2738 παρθένον

1999 2753 2211 2824 γυμνήν
2242 2750 2454 2823 εὑρεῖν,
2502 2754 2590 2805 ἵνα
2625 2755 2844 2824 καιρίαν
2894 2756 3150 2826 ἐπαγάγῃ
3174 2754 3272 2824 τήν
3307 2755 3541 2825 πληγήν·
3575 2754 3670 2807 καὶ

1997 2841 2254 2893 οὐδέποτε
2283 2840 2506 2895 δύναται
2549 2842 2581 2910 ή
2619 2841 2886 2911 παρθένος
2929 2841 3023 2895 τοῦ
3067 2843 3305 2912 πολέμου
3355 2840 3667 2894 παύσασθαι

1996 2927 2210 2986 τούτου.
2244 2927 2362 2982 ἀλλ’
2397 2929 2454 2981 ἐν
2474 2927 2611 2999 αὐτῇ
2648 2929 2738 2981 τὸν
2758 2929 2998 3000 τάραχον
3029 2930 3282 3000 περιάγει
3314 2929 3408 2982 καὶ
3441 2927 3532 2981 τὸν
3565 2944 3666 2980 πο-

2000 3015 2288 3086 λεμιστήν.
2331 3015 2440 3069 Καὶ
2467 3016 2517 3068 οἱ
2557 3015 2657 3084 μὲν
2680 3016 2960 3069 κατάδικοι
2995 3016 3098 3070 κᾶν
3122 3016 3259 3086 πρὸς
3294 3015 3486 3088 καιρὸν
3512 3013 3660 3073 ἴδωσι

1996 3102 2085 3156 τὸν
2111 3103 2379 3174 ἄρχοντα,
2427 3103 2528 3173 οὐχ
2570 3102 2714 3156 οὕτω
2761 3102 3151 3174 χειμάζονται·
3206 3105 3240 3173 ή
3289 3103 3346 3157 δὲ
3393 3103 3666 3173 παρθένος
3706 3134 3708 3136 ,

1993 3191 2239 3261 ὅπουπερ
2263 3190 2329 3244 ἀν
2362 3190 2690 3262 ἀπέρχηται,
2710 3190 2800 3242 τὸν
2825 3189 3083 3260 δικαστήν
3115 3190 3369 3261 περιάγει
3393 3190 3511 3260 μεθ’
3538 3191 3666 3242 ἐαυ-

1994 3277 2112 3348 τῆς,
2143 3278 2240 3332 καὶ
2262 3277 2354 3330 τὸν
2389 3277 2648 3348 πολέμιον
2693 3279 2981 3348 περιφέρει
3003 3317 3017 3341 ,
3071 3277 3166 3331 καὶ
3203 3280 3231 3331 6
3277 3277 3540 3348 πολέμιος
3567 3277 3666 3348 οὐχ

1991 3365 2233 3435 ἑσπέρας
2259 3365 2394 3436 αὐτῇ
2435 3365 2648 3418 δίδωσιν
2680 3365 2881 3428 ἄνεσιν,
2909 3366 3008 3418 οὐκ
3035 3367 3092 3418 ἐν
3121 3365 3294 3427 νυκτὶ,
3317 3365 3416 3418 οὐκ
3444 3364 3664 3435 δρθρου,

1989 3453 2090 3505 οὐκ
2124 3455 2180 3506 ἐν
2223 3452 2562 3524 μεσημϐρία·
2596 3451 2733 3506 ἀλλὰ
2759 3452 2988 3521 πολεμεῖ
3016 3451 3269 3515 πάντοτε,
3309 3451 3500 3522 ἡδονήν
3534 3453 3667 3505 ὐπο-

1990 3539 2296 3608 τιθέμενος,
2320 3539 2500 3609 γάμον
2542 3536 2782 3610 μηνύων,
2831 3539 2978 3602 ὅπως
3010 3539 3110 3609 τὴν
3164 3539 3365 3610 ἀρετήν
3406 3539 3466 3606 ἐξ
3493 3540 3665 3611 αὐτῆς

1994 3625 2287 3701 ἀποδιώξῃ,
2316 3626 2409 3680 καὶ
2441 3627 2588 3689 ὅπως
2636 3627 2736 3698 τὴν
2765 3626 2967 3679 κακίαν
3014 3627 3071 3678 ἐν
3125 3626 3260 3695 αὐτῇ
3319 3628 3660 3700 ἐγγεννήσῃ·

1993 3715 2142 3778 ὅπως
2169 3714 2269 3786 τὴν
2305 3715 2660 3786 σωφροσύνην
2688 3715 2856 3784 αὐτῆς
2888 3713 3155 3786 ἀπελάσῃ.
3217 3715 3365 3777 ὅπως
3404 3715 3665 3784 πορνείαν

1991 3801 2286 3874 ἐνσπείρῃ·
2330 3803 2613 3856 ἐκκαίεται
2661 3803 2746 3870 ἐφ’
2796 3801 3035 3872 ἑκάστης
3077 3800 3228 3872 ὠρας
3275 3801 3371 3872 τῆς
3398 3801 3593 3870 ἡδονῆς
3630 3802 3666 3872 ἠ

1989 3887 2222 3958 κάμινος
2257 3887 2552 3959 μαλθακῶς
2591 3888 2984 3958 ὐποκαιομένη.
3037 3888 3322 3958 Ἐννόησον
3369 3887 3533 3951 πόσος
3569 3888 3666 3940 τοῦ

1989 3973 2416 4044 κατορθώματος
2469 3977 2496 4028 6
2548 3975 2815 4044 κάματος.
2880 3974 3021 4027 ’Δλλ’
3066 3976 3270 4027 ἐκεῖναι
3309 3973 3449 4044 μετά
3489 3973 3666 4028 ταῦτα

1990 4059 2170 4114 πάντα
2194 4061 2457 4130 ἥκουσαν,
2504 4061 2810 4115 Ἀπέλθετε
2843 4061 2944 4114 ἀπ’
2976 4061 3144 4129 ἐμοῦ,
3172 4063 3283 4114 οὐκ
3319 4057 3454 4114 οῖδα
3481 4060 3664 4130 ὑμᾶς.

1993 4146 2135 4216 Ὅρα
2160 4147 2278 4210 πῶς
2311 4148 2456 4218 μέγα
2477 4151 2713 4218 πρᾶγμα
2735 4152 2766 4217 ή
2803 4148 3092 4216 παρθενία·
3117 4149 3248 4200 ὅταν
3273 4147 3374 4220 ἔχῃ
3392 4148 3493 4219 τὴν
3514 4147 3666 4201 ἀδελο

1987 4232 2094 4303 φήν
2122 4235 2292 4303 αὐτῆς
2329 4234 2426 4305 τήν
2469 4233 2876 4305 ἐλεημοσύνην,
2917 4235 3073 4287 οὐδὲν
3111 4235 3281 4305 αὐτῆς
3324 4235 3662 4306 περιγίνεται

1985 4321 2095 4374 τῶν
2127 4321 2276 4393 [299]
2309 4321 2519 4382 δεινῶν,
2551 4323 2666 4376 ἀλλ’
2694 4321 2944 4392 ἀνωτέρα
2973 4323 3192 4377 πάντων
3225 4323 3362 4376 ἐστί.
3386 4323 3486 4377 Διά
3504 4322 3664 4376 τοῦτο

1987 4409 2196 4463 ἐκεῖναι
2225 4409 2324 4462 οὐκ
2371 4409 2641 4478 εἰσῆλθον,
2666 4409 2858 4482 ἐπειδὴ
2895 4409 3036 4480 μετά
3075 4411 3174 4480 τῆς
3217 4410 3516 4478 παρθενίας
3557 4412 3658 4480 τὴν

1989 4495 2358 4567 ἐλεημοσύνην
2390 4497 2490 4549 οὐκ
2514 4492 2676 4567 εἶχον.
2707 4496 2915 4565 Πολλῆς
2944 4495 3203 4566 αἰσχύνης
3231 4496 3292 4548 τὸ
3311 4495 3463 4566 ῥῆμα
3487 4495 3656 4560 ἄξιον·

1988 4583 2184 4654 ήδονήν
2211 4585 2704 4647 καταπαλαίσασα,
2755 4585 3053 4655 χρημάτων
3105 4584 3167 4636 οὐ
3207 4583 3658 4655 κατεφρόνησας·

1986 4670 2124 4723 ἀλλὰ
2161 4670 2431 4740 παρθένος
2458 4672 2841 4740 ἀποταξαμένη
2869 4670 2946 4740 τῷ
2988 4671 3110 4741 βίῳ,
3149 4672 3243 4725 καὶ
3281 4671 3659 4742 σταυρωθείσα

1987 4756 2284 4827 χρημάτων
2322 4758 2472 4827 ἐρᾷς.
2525 4757 2650 4809 Εἴθε
2688 4757 2879 4826 ἀνδρὸς
2912 4758 3303 4829 ἐπεθύμησας,
3354 4759 3448 4813 καὶ
3485 4759 3546 4810 οὐ
3572 4775 3658 4810 10-

1988 4841 2175 4895 σοῦτον
2206 4841 2268 4894 τὸ
2307 4841 2559 4912 ἔγκλημα
2590 4836 2677 4913 ἦν·
2710 4843 2809 4914 τῆς
2842 4843 2952 4915 γὰρ
2972 4844 3257 4914 ὁμοουσίου
3297 4843 3428 4912 ὐλης
3453 4842 3654 4895 ἐπεθύο

1938 4946 2130 5002 Ιεςνμεις·
2167 4928 2262 4981 νῦν
2303 4929 2360 4982 δὲ
2395 4929 2596 4999 μείζων
2641 4931 2673 4998 ή
2724 4931 3049 5002 κατηγορία,
3095 4931 3178 4982 ὅτι
3205 4928 3492 4998 ἀλλοτρίας
3524 4928 3655 4998 ὕλης

1986 5016 2359 5087 ἐπεθύμησας.
2394 5019 2593 5080 Ἔστω,
2628 5019 2684 5070 αί
2733 5017 2990 5086 ὓπανδροι
3020 5019 3224 5069 ἐκεῖναι
3263 5015 3452 5080 κακῶς
3475 5017 3657 5070 ἀπαν-

1985 5103 2232 5176 θρωπίαν
2264 5105 2679 5168 ἐπιδείκνυνται,
2725 5105 2814 5157 διά
2847 5105 2946 5176 τήν
2971 5103 3080 5157 τῶν
3109 5105 3317 5158 τέκνων
3345 5105 3618 5174 πρόφασιν
3636 5121 3652 5136 ·

1985 5194 2080 5246 καὶ
2111 5193 2208 5247 ἐάν
2238 5195 2398 5264 εἴπῃς
2425 5193 2634 5255 αὐταῖς,
2663 5193 2762 5255 Δός
2785 5211 2875 5262 μοι.
2907 5191 3299 5263 ἐλεημοσύνην·
3318 5191 3495 5244 Τέκνα
3523 5192 3651 5262 ἔχω,

1985 5282 2142 5352 φησὶ,
2176 5283 2272 5336 καὶ⁵
2296 5283 2355 5334 οὐ
2383 5280 2638 5350 δύναμαι.
2671 5281 2732 5334 Ὀ
2759 5281 2892 5344 Θεός
2927 5299 3006 5334 σοι
3037 5281 3203 5334 ἔδωκε
3234 5281 3418 5342 τέκνα,
3442 5281 3654 5351 καρπὸν

1985 5369 2196 5434 κοιλίας
2229 5369 2453 5433 ἔλαϐες,
2491 5369 2578 5422 ῐνα
2615 5368 2998 5440 φιλάνθρωπος
3037 5368 3190 5438 γένη,
3223 5368 3322 5437 οὐχ
3362 5367 3451 5420 ἵνα
3479 5368 3654 5421 ἀπάν-

1986 5456 2224 5528 θρωπος·
2254 5459 2327 5530 μὴ
2360 5458 2458 5527 τήν
2503 5456 2762 5512 ὑπόθεσιν
2796 5457 2898 5527 τῆς
2930 5456 3342 5526 φιλανθρωπίας
3377 5458 3458 5520 είς
3485 5457 3655 5528 ἀφορ-

1991 5546 2095 5616 μὴν
2117 5544 2512 5616 ἀπανθρωπίας
2534 5545 2866 5616 ἐκλάμῦανε.
2885 5543 3070 5606 Θέλεις
3090 5543 3458 5614 κληρονομίαν
3480 5545 3652 5614 καλὴν

1987 5633 2307 5702 καταλεῖψαι
2339 5634 2450 5694 τοῖς
2486 5633 2696 5697 τέκνοις
2717 5648 2809 5686 σου
2833 5649 2847 5696 ;
2889 5632 3214 5702 κατάλειύον
3243 5632 3614 5702 ἐλεημοσύνην
3635 5673 3650 5696 ,

1988 5721 2072 5774 ἴνα
2105 5722 2304 5784 πάντες
2355 5720 2744 5791 ὲγκωμιάσωσί
2783 5737 2876 5783 σε,
2932 5721 3026 5773 καὶ
3076 5719 3511 5790 πολυθρύλλητον
3553 5720 3651 5789 τὴν

1991 5811 2210 5878 μνήμην
2246 5825 2337 5860 σου
2366 5807 2721 5880 καταλείπῃς.
2762 5807 2832 5859 Συ
2871 5806 2928 5858 δὲ
2971 5807 3046 5877 μή
3083 5806 3250 5859 τέκνα
3281 5809 3499 5878 ἔχουσα,
3533 5807 3649 5862 ἀλλ’

1989 5893 2370 5965 ὲττα·);,ιι,›μένη
2406 5892 2484 5964 τῷ
2517 5893 2633 5964 βίῳ,
2661 5894 2745 5946 ἵνα
2773 5891 2824 5944 τί
2845 5893 3100 5964 χρήματα
3123 5893 3400 5961 συλλέγεις
