4446 6716
439 508 541 563 ἳ97

503 627 559 682 ι.
586 625 902 682 Ρωηὶιεηιίω
926 627 1020 679 via:
1041 623 1209 688 varia,
1243 638 1433 693 preces.
1465 622 1703 689 tacryma:
1722 620 1891 688 (a).——
1910 616 2015 672 Sed

441 718 587 772 rivus
614 718 769 773 nobis
817 729 996 771 sermo
1026 722 1107 767 est
1146 721 1199 767 et
1244 714 1384 767 circa
1426 710 1750 781 preuitentiae
1778 720 1833 763 et
1876 710 2018 763 circa

432 812 786 883 eleemosyna:
836 808 997 861 viam.
1056 804 1297 859 Diximus
1342 804 1736 870 eleemosynam
1771 812 2017 870 magnam

436 902 828 973 possessionem
848 898 898 950 δε
921 895 1042 949 inde
1068 896 1298 964 suscepit
1324 908 1424 949 nos
1439 889 1752 961 virginitatis
1780 891 2016 961 pelagus.

434 994 609 1051 Habes
657 994 816 1063 igitur
866 987 1231 1057 penitentiam
1282 983 1625 1056 principalem
1671 991 1726 1037 et
1772 994 2019 1049 magnam

435 1088 857 1154 eleetnosyuam,
887 1080 1150 1132 valentem
1184 1078 1383 1146 peccati
1413 1086 1654 1129 catenam
1684 1072 1976 1127 dissolvere
2001 1085 2015 1121 :

437 1179 600 1231 habes
647 1183 698 1227 et
746 1171 882 1224 viam
929 1169 1083 1223 aliam
1129 1170 1455 1238 paenitentia:
1496 1176 1869 1234 opportunam,
1915 1176 2019 1231 qua

437 1266 634 1335 poteris
665 1277 691 1314 a
727 1261 956 1330 peccatis
985 1268 1038 1314 te
1063 1260 1350 1314 vindicare.
1396 1256 1502 1312 Ora
1533 1271 1627 1326 per
1652 1255 1884 1322 singulas
1925 1253 2022 1305 ho-

435 1372 544 1421 ras,
577 1368 749 1422 neque
798 1366 957 1406 orans
983 1351 1197 1407 deficias
1226 1366 1399 1418 neque
1443 1348 1769 1417 negligenter
1795 1346 1886 1400 Dei
1916 1345 2025 1399 ele-

436 1446 691 1501 mentiam
717 1444 938 1511 implora
961 1460 975 1508 ;
1008 1458 1112 1497 non
1133 1443 1355 1511 repellet
1380 1448 1431 1495 te
1456 1446 1902 1509 perseverantem,
1929 1434 2023 1489 sed

438 1545 654 1605 peccata
682 1533 928 1599 dimittet,
965 1543 1018 1587 et
1041 1534 1201 1602 petita
1229 1531 1506 1587 concedet.
1539 1528 1710 1583 Orans
1737 1526 1948 1596 quidem
1975 1526 2022 1579 si

439 1623 721 1678 exauditus
745 1624 927 1688 fueris,
961 1638 1213 1694 permane
1239 1623 1435 1693 gratias
1462 1634 1623 1689 agens
1652 1618 1704 1672 in
1744 1617 1983 1672 oratione
2007 1632 2021 1668 :

440 1730 545 1769 non
571 1715 867 1780 exauditus,
909 1730 1062 1769 mane
1105 1730 1264 1769 orans
1302 1724 1359 1767 ut
1388 1709 1707 1766 exaudiaris.
1736 1708 1918 1777 Neque
1944 1707 2027 1761 di-

440 1806 605 1870 xeris,
657 1806 879 1859 multum
928 1806 1094 1871 oravi,
1144 1813 1302 1874 atque
1347 1801 1487 1855 haud
1531 1799 1810 1854 exauditus
1860 1811 2023 1851 sum:

445 1896 642 1949 cteuiru
676 1894 759 1949 vel
809 1894 859 1949 id
905 1911 1046 1964 smpe
1092 1904 1194 1948 tuae
1238 1892 1479 1947 utilitatis
1528 1889 1586 1943 fit
1629 1888 1819 1959 gratia.
1871 1886 2029 1941 Novit

439 1987 581 2039 enim
611 1985 750 2054 quod
790 1987 936 2054 piger
966 1986 1058 2047 sis,
1088 1994 1143 2039 et
1170 1986 1348 2038 animo
1374 1983 1591 2037 deficias
1615 1998 1630 2047 ;
1659 1990 1711 2035 et
1740 1979 1783 2034 si
1809 1992 2029 2048 compos

440 2078 549 2131 voti
593 2077 776 2143 fueris,
810 2078 968 2130 abeas
997 2077 1240 2129 oratiouna
1282 2075 1499 2128 dimissa
1531 2091 1543 2125 :
1574 2082 1627 2125 et
1657 2086 1754 2140 per
1780 2068 2019 2123 occasio-

441 2184 562 2223 nem
591 2167 930 2223 necessitatis
970 2166 1142 2220 difl‘ert
1175 2175 1248 2231 te,
1281 2181 1385 2233 quo
1429 2164 1668 2217 crebrius
1699 2161 1867 2215 Deum
1894 2158 2030 2213 allo.

442 2259 641 2327 quaris,
670 2257 1003 2326 orationiquc
1054 2270 1227 2309 vaces.
1274 2252 1404 2307 Nam
1443 2254 1485 2306 si
1516 2268 1576 2307 ea
1621 2253 1672 2306 in
1716 2250 2033 2305 necessitate

446 2351 729 2416 exsistcns,
780 2358 940 2417 atque
987 2346 1230 2415 indigens
1276 2344 1556 2413 pigritaris,
1592 2358 1761 2412 neque
1803 2340 2033 2396 orationi

449 2441 650 2494 insistis
683 2458 694 2493 :
728 2439 980 2508 quidnam
1009 2438 1206 2507 egeris.
1237 2436 1424 2489 horum
1452 2436 1495 2489 si
1526 2434 1671 2488 nullo
1700 2432 1988 2502 indigneris
2007 2432 2033 2486 τ

444 2529 625 2597 itaque
656 2528 705 2581 id
740 2529 829 2582 tibi
878 2528 999 2581 facit
1028 2527 1094 2581 ad
1127 2526 1409 2579 utilitatem
1441 2533 1602 2588 tuam,
1635 2522 1823 2576 nolens
1854 2533 1904 2576 te
1933 2521 2031 2576 ab-

445 2618 633 2672 sistere
656 2618 722 2671 ab
748 2618 1005 2672 oratione.
1037 2616 1189 2671 Mane
1217 2630 1345 2685 ergo
1371 2624 1425 2669 et
1450 2629 1567 2679 ora,
1598 2613 1813 2677 dilecte,
1859 2626 2033 2681 neque

444 2709 622 2776 segnis
654 2717 768 2761 esto
798 2725 813 2760 :
846 2708 1067 2761 multum
1098 2707 1240 2761 enim
1267 2706 1441 2760 oratio
1474 2712 1668 2774 potest,
1698 2718 1869 2772 neque
1896 2712 2032 2756 tam-

446 2814 605 2868 quam
652 2815 763 2853 rem
790 2815 1003 2866 parvam
1047 2797 1380 2868 aggrediens,
1422 2795 1649 2851 orationi
1678 2810 1850 2849 vaces.
1880 2792 2033 2859 Quod

444 2902 621 2944 autem
688 2892 859 2943 oratio
916 2900 1189 2958 peccatum
1255 2888 1527 2955 dimittat,
1585 2887 1667 2941 vel
1721 2902 1786 2941 ex
1843 2885 2036 2940 divinis

445 2982 739 3051 evangeliis
792 2982 939 3035 disce
994 2998 1006 3033 :
1059 2980 1184 3050 quid
1246 2981 1388 3034 enim
1455 2978 1667 3047 inquit?
1720 2977 1905 3032 Simile
1954 2985 2037 3031 est

448 3087 669 3141 regnum
708 3072 959 3126 caelorum
1004 3069 1237 3131 homini,
1294 3069 1383 3139 qui
1429 3084 1579 3121 suam
1642 3068 1857 3137 ianuam
1885 3067 2035 3122 clau-

446 3165 536 3224 sit,
567 3170 623 3217 et
674 3162 914 3216 recubuit
964 3177 1084 3216 cum
1141 3161 1263 3214 filiis
1317 3160 1641 3214 suiszvcnit
1693 3167 1869 3213 autem
1911 3156 2035 3227 qui-

447 3253 566 3306 dam
608 3266 844 3321 veSpere,
874 3254 1115 3323 accipere
1154 3252 1338 3306 volens
1380 3252 1446 3305 ab
1491 3266 1555 3306 eo
1599 3264 1792 3320 panes,
1817 3259 1871 3304 et
1917 3249 2034 3318 pul-

449 3351 533 3396 sat
578 3342 803 3397 dicens:
835 3344 995 3409 Aperi
1045 3342 1208 3407 inibi,
1243 3342 1492 3409 quoniam
1536 3340 1749 3408 indigeo
1794 3340 2033 3409 panibus.

451 3433 549 3488 llic
569 3433 633 3485 ad
659 3448 777 3487 eum
805 3451 817 3484 :
847 3433 963 3486 Non
992 3447 1207 3500 possum
1231 3432 1357 3487 dare
1382 3430 1472 3485 tibi
1498 3450 1511 3483 :
1536 3431 1879 3486 recnbuimus
1897 3432 2037 3484 enim

450 3532 506 3578 et
550 3538 647 3578 nos
676 3532 729 3578 et
762 3523 908 3593 pueri
948 3525 1136 3576 nostri.
1172 3525 1240 3577 At
1282 3522 1371 3577 ille
1417 3521 1788 3591 perseverabat
1824 3523 2039 3589 jauuuu

452 3614 690 3683 pulsans.
716 3613 783 3667 Et
806 3613 877 3666 ait
905 3627 1086 3666 rursus
1108 3611 1175 3665 ad
1197 3627 1315 3665 eum
1343 3629 1355 3663 :
1386 3610 1498 3664 Non
1528 3625 1738 3680 possum
1763 3609 1852 3663 tibi
1880 3608 2036 3666 dare:

453 3706 795 3759 recubnimus
839 3705 979 3759 enim
1008 3714 1062 3758 et
1097 3718 1195 3756 nos
1221 3712 1275 3757 et
1310 3703 1456 3773 pueri
1496 3702 1682 3757 nostri.
1725 3700 1817 3755 llle
1861 3709 2037 3753 autem

455 3796 537 3849 his
560 3796 757 3850 auditis
784 3795 1061 3850 insistebat
1088 3794 1322 3860 pulsans,
1345 3809 1518 3862 neque
1546 3791 1846 3855 recedebat,
1870 3790 2041 3845 donec

454 3885 588 3938 dixit
615 3885 993 3953 paterfamilias
1024 3902 1035 3935 :
1066 3882 1295 3951 Surgite,
1320 3890 1371 3935 et
1394 3881 1514 3934 date
1540 3881 1609 3944 ei,
1643 3891 1695 3934 ct
1722 3880 1876 3934 sinite
1896 3880 2042 3934 abire

460 3973 609 4044 (Luc.
635 3976 722 4028 11.
746 3974 800 4028 5.
832 3972 986 4044 sqq.).
1012 3973 1173 4027 Docet
1200 3987 1326 4041 ergo
1353 3979 1403 4024 te
1428 3986 1581 4024 orarc
1609 3985 1842 4038 semper,
1874 3984 2044 4039 neque

456 4065 835 4132 obtorpescere
864 4082 879 4120 :
910 4073 965 4119 et
1012 4065 1054 4117 si
1099 4064 1271 4117 minus
1322 4060 1592 4129 acceperis
1616 4102 1631 4124 ,
1689 4074 2002 4127 permanere
2024 4100 2040 4124 ,

456 4154 629 4224 quoad
656 4157 949 4223 acceperis.
975 4156 1160 4209 Plures
1185 4154 1317 4207 alias
1347 4151 1671 4220 paenitentiae
1699 4152 1814 4205 vias
1837 4152 1889 4205 in
1912 4151 2046 4206 Scri-

457 4246 625 4314 pturis
656 4245 910 4298 invenies.
944 4247 1059 4316 Ipsa
1091 4245 1391 4315 pmuitentia
1435 4252 1489 4298 et
1534 4251 1659 4296 ante
1705 4241 1902 4296 Christi
1945 4240 2044 4296 ad-

458 4345 673 4391 ventum
704 4352 795 4406 per
821 4337 938 4405 ejus
970 4339 1282 4407 prophetam
1325 4337 1607 4392 Jeremiam
1654 4335 2044 4404 praedicabatur

457 4431 723 4485 dicentem
748 4446 761 4482 :
789 4428 1052 4500 Numquid
1076 4433 1260 4487 cadens
1287 4450 1387 4485 non
1423 4431 1635 4507 resurgit
1658 4471 1674 4497 ,
1701 4440 1789 4483 aut
1816 4439 2043 4484 avertens

457 4539 510 4575 se
538 4538 640 4576 non
666 4523 927 4577 revertitur
946 4522 1074 4591 (Jer.
1100 4524 1153 4578 8.
1178 4525 1271 4594 6)?
1294 4535 1346 4580 et
1376 4526 1583 4587 iterum,
1618 4522 1802 4577 Postea
1826 4525 1934 4577 dixi
1961 4525 2045 4578 ei:

460 4612 737 4683 Postquam
766 4614 1013 4683 fornicata
1040 4630 1091 4666 es
1110 4656 1124 4677 ,
1153 4616 1336 4670 accede
1355 4658 1370 4681 ,
1402 4623 1679 4669 convertere
1703 4614 1770 4665 ad
1808 4631 1885 4667 me
1908 4615 2039 4681 (Jer.

460 4705 515 4757 5.
542 4706 620 4775 7).
644 4706 931 4775 Propterea
962 4713 1014 4758 ct
1041 4706 1235 4761 multas
1271 4709 1384 4762 vias
1413 4708 1543 4762 alias
1578 4706 1903 4776 pmuitcutize
1942 4707 2039 4761 de-

461 4795 559 4859 dit,
591 4811 697 4865 quo
724 4797 880 4851 nobis
909 4811 1118 4850 omnem
1149 4797 1368 4853 desidiae
1395 4800 1728 4853 occasionem
1765 4807 2000 4866 amputet
2025 4816 2038 4852 :

464 4902 585 4941 nam
612 4888 654 4941 si
684 4903 841 4941 unam
876 4888 1187 4941 haberemus
1214 4889 1405 4955 solam,
1439 4891 1535 4944 hac
1564 4889 1758 4943 vadere
1802 4889 2046 4958 nequire-

467 4995 604 5034 mus.
634 4979 939 5036 Mucronem
969 4981 1105 5033 hunc
1120 4979 1359 5033 diabolus
1375 4996 1585 5048 semper
1607 4982 1754 5050 fugit.
1776 4981 2046 5035 Peccasti?

467 5069 747 5124 ecclesiam
800 5069 1117 5140 ingredere,
1167 5078 1324 5138 atque
1372 5077 1518 5122 tuuut
1572 5070 1691 5123 dele
1747 5081 2042 5138 peccatum.

468 5161 684 5229 Quoties
708 5161 964 5215 cecideris
994 5162 1043 5217 in
1074 5163 1187 5215 foro
1207 5204 1219 5221 ,
1249 5160 1402 5215 toties
1429 5160 1668 5229 exsurgis
1692 5176 1705 5213 :
1732 5161 1810 5215 sic
1839 5163 2044 5230 quoties

470 5251 790 5324 peccaveris,
814 5254 1013 5317 peccati
1046 5255 1318 5321 pteuiteat,
1339 5266 1508 5320 neque
1525 5250 1777 5320 desperes
1801 5267 1813 5303 :
1833 5252 2042 5305 tametsi

470 5342 702 5402 secundo
735 5345 1057 5410 peccaveris,
1094 5345 1327 5400 secundo
1352 5345 1623 5413 pteuiteat,
1661 5359 1833 5413 neque
1870 5344 2045 5398 animo

471 5444 833 5494 consternatus
854 5447 882 5484 a
900 5448 993 5501 spe
1014 5438 1367 5503 repositorum
1390 5437 1647 5489 bonorum
1670 5436 2048 5503 cadas.eram-

472 5530 552 5585 vis
580 5530 632 5584 in
657 5534 889 5583 extrema
914 5522 1105 5577 canitie
1133 5526 1449 5594 peccaveris,
1471 5524 1765 5594 ingredere,
1789 5527 2050 5595 paeniten-

538 5722 554 5750 ³
581 5725 684 5770 sav.
700 5726 752 5769 et
766 5726 881 5780 Reg.
898 5727 1043 5780 unus:
1060 5717 1149 5766 Sed
1174 5716 1303 5768 rivus
1322 5720 1453 5771 nobis
1469 5720 1624 5771 adhuc
1642 5734 1796 5770 sermo
1806 5728 1875 5771 est
1899 5726 1959 5771 de
1974 5727 2050 5775 via

474 5780 783 5889 mentite.
814 5790 880 5829 De
895 5779 1190 5842 eleemosyna
1210 5780 1336 5829 enim
1360 5782 1726 5845 diximus,tpwd
1750 5796 1923 5846 magna
1945 5798 2043 5847 pos-

633 5856 682 5889 es
707 5878 718 5888 .

633 5856 718 5889 (’81.

510 5901 586 5961 (α)
622 5906 733 5953 vide
750 5908 841 5955 sub
860 5908 999 5959 linem
1022 5906 1341 5968 praecedentis
1364 5909 1588 5965 homihe.

1604 496 1690 557 DF.
1724 495 2204 557 ELEEMOSYNA.
2241 494 2469 553 llOMlL.
2514 495 2599 551 lll.

3597 498 3698 551 208

2124 615 2246 669 tiam
2275 628 2371 684 age
2398 631 2413 668 :
2436 611 2710 667 medicina:
2736 612 2882 667 locus
2902 623 2982 668 est
3017 613 3120 674 hic.
3168 629 3270 668 non
3310 615 3490 684 judicii
3519 618 3697 677 ';ttuts

2121 716 2305 770 pinnas
2316 703 2557 772 exigens,
2580 702 2673 757 sed
2701 714 3033 771 peccatorum
3054 706 3419 759 remissionem
3438 706 3694 759 tribuens.

2121 793 2231 846 Deo
2248 793 2344 846 soli
2362 792 2448 846 dic
2469 801 2740 861 peccatum
2770 804 2911 846 tuum
2931 809 2946 847 :
2968 793 3077 848 Tibi
3091 796 3187 849 soli
3201 796 3421 865 peccavi,
3443 806 3489 849 et
3510 802 3695 853 nrt-lum

2119 901 2286 937 coram
2314 896 2361 937 te
2383 884 2480 954 feci
2502 885 2519 951 (
2541 882 2686 937 Paul.
2717 883 2806 939 59.
2832 884 2904 953 6)
2931 902 2946 951 ;
2978 895 3031 940 et
3054 887 3334 941 dimittitur
3374 887 3464 941 tibi
3511 902 3696 954 pecea-

2121 985 2250 1029 tum.
2282 975 2455 1028 Habes
2480 985 2534 1029 et
2560 975 2712 1028 aliam
2736 976 3060 1044 poenitentia:
3084 978 3215 1029 viam
3243 977 3382 1032 haud
3403 976 3698 1040 difficilem,

2121 1068 2211 1122 sed
2239 1069 2458 1122 omnino
2478 1068 3101 1123 accommodatissimam.
3120 1071 3335 1134 Qualem
3360 1070 3534 1124 hanc?
3558 1069 3701 1123 Defle

2120 1171 2279 1225 super
2323 1167 2593 1226 peccatum
2639 1160 2849 1223 tuum',
2891 1158 3048 1228 idque
3077 1174 3139 1212 ex
3172 1160 3337 1212 sacris
3364 1159 3507 1213 disce
3535 1175 3700 1212 evan-

2119 1248 2289 1323 geliis.
2322 1249 2511 1303 Petrus
2538 1249 2626 1304 ille
2661 1250 3017 1319 apostolorum
3048 1251 3325 1319 princeps,
3374 1252 3424 1304 in
3468 1252 3702 1306 Ecclesia

2123 1339 2344 1408 primus,
2369 1341 2572 1395 amicus
2597 1338 2830 1404 Christi,
2857 1341 2946 1408 qui
2978 1341 3357 1395 revelationem
3389 1343 3455 1395 ab
3479 1343 3701 1396 homini-

2123 1431 2223 1487 bus
2252 1447 2354 1486 non
2380 1433 2624 1503 accepit,
2654 1433 2749 1488 sed
2777 1448 2806 1485 a
2836 1433 2993 1488 Patre
3012 1474 3026 1498 ,
3056 1434 3193 1488 sicut
3219 1436 3315 1503 ipsi
3344 1437 3703 1489 testimonium

2122 1523 2377 1577 Dominus
2397 1524 2606 1579 reddit:
2634 1522 2823 1577 Beatus
2849 1540 2901 1577 es
2923 1524 3105 1579 Simon
3132 1524 3422 1592 Bar-Jona,
3444 1529 3561 1595 quia
3589 1544 3706 1581 caro

2122 1622 2169 1666 et
2195 1614 2400 1683 sanguis
2428 1630 2527 1667 non
2550 1614 2786 1667 reuelauit
2816 1614 2923 1677 tibi,
2952 1616 3042 1668 sed
3065 1612 3224 1667 Pater
3250 1632 3387 1668 meus
3412 1617 3497 1685 qui
3525 1617 3577 1669 in
3604 1634 3707 1671 ca:-

2121 1706 2186 1758 lis
2214 1714 2283 1756 est
2311 1702 2523 1770 (Matth.
2549 1706 2635 1757 16.
2665 1706 2752 1773 17)
2787 1724 2800 1757 :
2834 1706 2919 1762 hic
2943 1706 3133 1762 Petrus
3154 1706 3391 1778 (Petrum
3418 1722 3538 1761 cum
3566 1708 3706 1770 dico,

2127 1806 2330 1863 petram
2364 1795 2582 1848 nomino
2613 1794 2901 1865 iufragilem
2922 1840 2936 1863 ,
2973 1798 3298 1867 crepidinem
3346 1799 3670 1854 immobilem
3693 1842 3707 1861 ,

2122 1886 2419 1954 apostolum
2465 1899 2737 1954 maguum,
2774 1889 3000 1956 primum
3031 1889 3437 1958 discipulorum,
3482 1892 3709 1960 primum

2124 1986 2395 2040 vocatum,
2423 1988 2475 2033 et
2504 1982 2733 2050 primum
2774 1978 3132 2047 obedientem)
3168 1980 3297 2033 :ille
3337 1995 3445 2035 non
3491 1996 3709 2051 parvum

2126 2064 2330 2123 facinus
2350 2069 2584 2138 admisit,
2608 2072 2702 2126 sed
2726 2072 3036 2138 maximum,
3060 2071 3149 2140 qui
3169 2070 3445 2125 Dominum
3468 2072 3709 2141 negavit:

2127 2157 2231 2212 hoc
2272 2159 2391 2213 dico
2410 2202 2425 2227 ,
2465 2176 2569 2216 nou
2607 2162 2807 2232 justum
2838 2177 3117 2225 accusans,
3146 2161 3239 2217 sed
3268 2162 3358 2217 tibi
3388 2162 3714 2231 paenitentia:

2130 2249 2374 2321 praebens
2400 2253 2733 2308 occasionem
2760 2273 2771 2307 :
2804 2254 2974 2323 ipsum
3002 2252 3148 2308 orbis
3171 2254 3449 2307 Dominum
3481 2254 3710 2323 negavit,

2129 2351 2552 2414 procuratorem,
2580 2344 2905 2400 Salvatorcm
2931 2346 3192 2400 omnium.
3219 2344 3289 2399 Ut
3314 2359 3442 2400 vero
3463 2344 3617 2399 altius
3639 2361 3716 2400 re-

2130 2443 2391 2503 petamus,
2409 2434 2540 2489 vidit
2560 2435 2808 2490 Salvator
2824 2436 3077 2505 quosdam
3098 2434 3354 2489 abeuntes
3372 2444 3514 2489 retro
3534 2435 3716 2507 (Joan.

2129 2525 2182 2578 6.
2212 2525 2279 2579 67
2298 2524 2335 2595 ),
2364 2534 2419 2579 et
2446 2525 2578 2579 dixit
2606 2526 2763 2580 Petro
2796 2544 2809 2580 :
2845 2525 3110 2595 Numquid
3139 2536 3185 2580 et
3215 2537 3267 2579 tu
3292 2526 3429 2579 abire
3465 2526 3580 2580 vis?
3614 2526 3715 2579 Pe-

2126 2623 2235 2667 trus
2262 2624 2429 2667 autem
2458 2616 2584 2669 dixit
2613 2632 2631 2669 :
2661 2616 2873 2670 Etiamsi
2912 2616 3187 2686 aportuerit
3225 2632 3303 2669 me
3342 2617 3472 2669 mori
3518 2626 3717 2684 lerunt,

2127 2723 2228 2758 non
2259 2717 2306 2760 te
2334 2707 2525 2777 negabo
2553 2706 2765 2777 (Matth.
2786 2707 2875 2761 26.
2899 2708 3014 2778 35).
3039 2706 3175 2772 Quid
3193 2707 3346 2773 dicis,
3369 2707 3557 2761 Petro?
3580 2706 3718 2763 Dens

2127 2804 2209 2850 est
2234 2797 2324 2866 qui
2346 2797 2644 2864 denuntiat,
2670 2797 2793 2867 quid
2819 2799 2931 2866 ipse
2954 2797 3269 2852 reluctaris?
3291 2798 3393 2852 Sed
3425 2806 3598 2851 tamen
3630 2798 3715 2850 iu-

2131 2889 2319 2955 tentio,
2347 2887 2487 2957 quod
2518 2903 2671 2942 suum
2699 2899 2814 2942 erat
2842 2886 3094 2953 ostendit,
3123 2896 3324 2941 natura:
3346 2904 3471 2941 vero
3499 2888 3718 2941 infirmi-

2132 2987 2212 3032 tas
2237 2979 2588 3046 redarguitur.
2613 2978 2738 3032 11.υο
2764 2993 2893 3032 vero
2921 2978 3167 3047 quando?
3187 2977 3353 3032 Nocte
3371 2993 3475 3047 qua
3499 2978 3719 3031 traditus

2130 3080 2212 3125 est
2234 3068 2479 3124 Christus
2509 3087 2521 3123 :
2554 3078 2678 3124 tunc
2704 3068 2881 3139 igitur,
2932 3069 3136 3138 inquit,
3186 3069 3331 3122 stetit
3368 3069 3561 3123 Petrus
3597 3079 3720 3123 ante

2130 3174 2329 3229 prunas
2354 3160 2672 3215 calefaciens
2694 3176 2773 3225 se,
2798 3160 2972 3230 puella
2994 3159 3236 3229 quaedam
3255 3160 3497 3223 accessit,
3517 3168 3573 3215 et
3591 3161 3722 3214 dixit

2129 3252 2177 3305 ei
2210 3268 2223 3303 :
2259 3250 2390 3305 Heri
2413 3260 2459 3306 et
2485 3262 2539 3305 tu
2570 3268 2683 3305 cum
2724 3252 2925 3305 homine
2949 3252 3046 3305 isto
3078 3266 3190 3304 eras
3220 3249 3443 3324 (Matth.
3474 3250 3565 3308 26.
3597 3250 3720 3321 69).

2131 3342 2231 3399 Ille
2258 3353 2428 3398 autem
2454 3360 2475 3398 :
2504 3344 2624 3398 Non
2654 3346 2772 3398 novi
2796 3345 3047 3398 hominem
3078 3343 3210 3396 hunc
3236 3343 3253 3411 (
3277 3340 3443 3397 Marc.
3475 3343 3563 3397 14.
3593 3343 3722 3414 68).

2135 3435 2333 3489 Deinde
2367 3435 2605 3490 secundo
2630 3444 2684 3490 et
2711 3436 2900 3497 tertio,
2934 3442 2991 3488 et
3017 3434 3232 3503 impleta
3262 3441 3347 3489 est
3371 3433 3721 3488 denuntiatio.

2135 3524 2270 3579 Hine
2286 3524 2530 3579 Christus
2553 3526 2843 3594 respiciens
2865 3526 2916 3578 iu
2939 3524 3177 3589 Petrum,
3200 3538 3385 3579 vocem
3406 3524 3608 3578 dimisit
3632 3540 3721 3594 per

2134 3618 2308 3688 ipsum
2342 3618 2585 3670 intuitum
2617 3614 2873 3685 (Luc.22.
2905 3615 3000 3685 61)
3025 3633 3038 3668 :
3064 3630 3170 3669 non
3192 3615 3331 3669 enim
3354 3629 3448 3670 ore
3473 3615 3720 3685 loquutus

2134 3719 2234 3773 est,
2269 3721 2337 3761 ne
2363 3708 2531 3775 ipsum
2560 3721 2739 3761 coram
2765 3705 2963 3760 Judzris
2988 3705 3346 3774 redargueret,
3373 3716 3427 3759 et
3451 3708 3722 3776 proprium

2136 3800 2481 3854 confunderet
2526 3798 2882 3868 discipulum,
2929 3799 3023 3854 sed
3066 3815 3162 3869 per
3204 3800 3415 3854 oculum
3451 3800 3725 3855 dimittens

2137 3906 2354 3955 vocem,
2385 3890 2534 3960 quasi
2567 3890 2767 3945 diceret
2787 3931 2801 3955 ,
2834 3889 2993 3944 Petro
3014 3930 3029 3954 ,
3055 3889 3194 3959 quod
3222 3891 3366 3956 dixi,
3396 3890 3588 3946 factum
3619 3905 3722 3947 est.

2141 3981 2303 4049 lgitur
2331 3979 2519 4034 Petrus
2544 3990 2667 4035 tunc
2692 3980 2927 4035 sentiens
2962 3981 3123 4048 cmpit
3158 3981 3285 4035 ﬂere
3311 3998 3324 4035 :
3350 3991 3405 4035 et
3444 3997 3548 4035 non
3581 3982 3725 4036 flevit

2141 4070 2299 4124 modo
2319 4111 2333 4133 ,
2365 4070 2457 4125 sed
2485 4085 2699 4136 amare,
2731 4070 3019 4124 secundum
3053 4070 3309 4139 baptisma
3338 4087 3433 4140 per
3462 4072 3725 4142 lacrymas

2140 4180 2201 4217 ex
2244 4163 2411 4217 oculis
2447 4162 2684 4218 efficiens
2709 4181 2722 4214 :
2747 4178 2971 4233 cumque
3000 4161 3236 4218 flevisset
3279 4178 3487 4229 amare,
3532 4164 3725 4219 delevit

2141 4264 2415 4325 peccatum
2442 4272 2455 4308 :
2486 4264 2607 4324 post
2629 4254 2743 4308 haec
2762 4255 2904 4309 enim
2926 4255 3104 4309 claves
3129 4255 3201 4308 illi
3229 4256 3479 4308 caelorum
3499 4254 3725 4310 credun-

2145 4357 2246 4400 tur.
2269 4344 2421 4413 Quod
2457 4345 2501 4399 si
2542 4345 2683 4400 Petri
2729 4344 2885 4399 fletus
2931 4354 3134 4399 tantum
3175 4346 3371 4400 delevit
3408 4356 3680 4414 peccatum
3706 4388 3722 4411 ,

2140 4436 2228 4505 qui
2251 4435 2366 4490 fieri
2396 4435 2610 4505 poterit,
2644 4445 2699 4489 ut
2728 4436 2771 4488 si
2803 4434 3031 4497 fleveris,
3066 4446 3338 4502 peccatum
3367 4452 3471 4489 non
3497 4437 3722 4495 deleas?

2139 4526 2251 4579 Non
2278 4528 2420 4580 enim
2453 4541 2645 4594 parvus
2668 4524 2763 4578 fuit
2790 4532 2985 4587 reatus,
3011 4524 3283 4592 proprium
3314 4526 3594 4581 Dominutn
3624 4545 3720 4584 ne-
3800 4524 3807 4531 ’

2138 4630 2311 4684 gasse,
2335 4614 2429 4669 sed
2451 4629 2669 4683 magnus
2695 4622 2751 4668 et
2775 4617 2986 4683 gravis;
3009 4628 3127 4668 eum
3153 4622 3326 4669 tamen
3352 4615 3603 4688 lacrymze
3627 4619 3723 4673 de-

2141 4708 2342 4763 levere.
2387 4705 2535 4761 Delie
2580 4706 2741 4776 igitur
2784 4716 2838 4760 et
2880 4706 2992 4776 ipse
3030 4720 3188 4774 super
3219 4717 3526 4776 peccatum,
3550 4726 3725 4781 neque

2142 4814 2354 4869 quoquo
2380 4798 2537 4853 modo
2562 4798 2700 4853 defle
2725 4807 2815 4851 aut
2844 4798 3018 4865 specie
3045 4806 3245 4852 tantum
3265 4841 3279 4865 ,
3304 4799 3399 4855 sed
3421 4800 3558 4856 delle
3578 4817 3724 4857 ama-

2145 4905 2223 4952 re,
2245 4890 2688 4959 quemadmodum
2712 4899 2763 4941 et
2788 4888 2973 4941 Petrus
3000 4907 3011 4940 :
3039 4904 3104 4943 ex
3129 4889 3245 4957 ipso
3274 4891 3532 4960 profundo
3552 4892 3721 4948 deduc

2144 4980 2315 5035 fontes
2342 4979 2712 5050 lacrymarnm,
2737 4994 2841 5048 quo
2864 4978 3117 5034 Dominus
3141 4982 3498 5037 misericordia
3521 4994 3723 5053 motus,

2146 5072 2237 5126 tibi
2258 5081 2528 5140 peccatum
2550 5070 2779 5124 dimittat
2802 5089 2815 5123 :
2834 5071 3069 5126 clemens
3089 5073 3282 5126 etenim
3302 5080 3384 5126 est
3405 5091 3418 5126 :
3440 5073 3553 5141 ipse
3578 5077 3721 5130 enim

2144 5160 2277 5215 dixit
2300 5178 2314 5214 :
2341 5160 2479 5215 Nolo
2503 5171 2710 5215 mortem
2738 5162 3030 5231 peccatoris,
3056 5164 3184 5215 sicut
3212 5164 3427 5216 converti
3456 5164 3644 5233 ipsum,
3674 5177 3721 5220 et

2146 5254 2487 5323 paznitentiam
2509 5270 2673 5322 agere,
2696 5264 2740 5307 et
2768 5254 2925 5307 vivere
2952 5251 3169 5323 (Ezech.
3198 5254 3283 5308 18.
3310 5253 3433 5325 25).
3465 5256 3722 5326 Exiguum

2147 5346 2347 5414 expetit
2374 5360 2403 5397 a
2437 5355 2485 5399 te
2514 5345 2747 5398 laborem
2769 5384 2783 5406 ,
2841 5353 2894 5398 et
2922 5359 3104 5411 magna
3134 5344 3245 5411 ipse
3272 5344 3490 5413 largitur
3517 5364 3529 5398 :
3563 5362 3718 5401 occa-

2150 5437 2351 5490 sionem
2383 5450 2411 5487 a
2443 5445 2493 5487 te
2523 5434 2729 5502 quaerit,
2761 5443 2817 5487 ut
2844 5433 2932 5486 tibi
2962 5434 3146 5486 salutis
3178 5434 3480 5489 thesaurum
3504 5438 3720 5494 tribuat.

2149 5528 2335 5583 Profer
2377 5528 2667 5597 lacrymas,
2714 5535 2772 5579 et
2815 5525 2926 5593 ipse
2975 5523 3346 5596 indulgentiam
3383 5526 3721 5596 impertitur:

2213 5726 2224 5754 ¹
2262 5730 2311 5772 tu
2334 5723 2500 5772 savilio
2528 5738 2538 5770 :
2564 5730 2609 5771 et
2633 5722 2823 5781 indicit,
2850 5738 2954 5785 pro.
2979 5738 3070 5774 non
3077 5725 3272 5784 iudicis.

2206 5814 2241 5890 ’ν
2263 5824 2312 5890 In
2337 5817 2499 5890 savil.,
2528 5817 2657 5890 Delie
2679 5833 2834 5890 super.
2859 5828 3111 5890 peccatum
3133 5827 3282 5875 tuum.
3324 5826 3605 5890 Deﬂemsti,’
3627 5835 3720 5890 ini.

2148 5889 2292 5953 quttut
2311 5894 2367 5929 'm
2392 5886 2520 5930 tua."
2545 5880 2759 5931 deleristi
2785 5893 2803 5930 .'
2818 5880 2977 5941 idque,
2994 5889 3091 5930 etc.
