4446 6688
793 415 895 470 23⁸)

795 529 972 600 profer
998 523 1382 597 pmnitentiam,
1413 530 1466 576 et
1496 522 1609 590 ipse
1638 519 2004 576 remissionem
2035 521 2215 575 tribuit
2249 535 2370 590 pec-

792 630 1032 672 catorum
1058 635 1072 670 :
1100 613 1432 670 occasionem
1473 620 1529 665 tu
1557 612 1800 681 exiguam
1838 611 2038 676 confer,
2067 619 2125 664 ut
2163 612 2370 679 specio-

794 724 908 764 sam
935 708 1128 761 habeas
1147 703 1543 759 excusationem
1565 719 1578 756 :
1601 702 1844 772 quasdam
1867 703 2007 758 enim
2028 701 2204 755 abillo
2227 710 2368 766 sunt,

793 798 1032 869 qu:edam
1056 812 1084 848 a
1112 794 1263 848 nobis
1291 811 1305 847 :
1331 807 1447 863 qua:
1472 808 1500 846 a
1532 792 1687 847 nobis
1715 801 1839 847 sunt
1877 794 1922 847 si
1950 792 2330 848 contulerimus
2353 832 2368 855 ,

791 899 846 946 et
871 889 984 958 ipse
1007 901 1190 940 rursus
1224 899 1342 954 qua:
1370 892 1492 938 sunt
1515 883 1581 939 ab
1607 885 1721 953 ipso
1748 884 2023 954 praebebit.
2060 883 2175 938 Jam
2216 883 2372 953 igitur

789 994 908 1048 qua:
929 977 998 1030 ab
1028 977 1116 1030 illo
1146 984 1292 1038 sunt,
1326 976 1440 1043 ipse
1475 974 1695 1042 prtebuit
1723 993 1735 1028 :
1765 975 1933 1028 solem
1977 974 2224 1028 nimirum
2245 1015 2260 1038 ,
2291 972 2373 1026 lu-

791 1083 936 1133 nam,
961 1067 1166 1120 varium
1193 1065 1467 1119 stellarum
1495 1063 1714 1117 chorum
1745 1063 1995 1126 fundavit,
2020 1077 2196 1117 acrem
2217 1062 2372 1116 ditiu-

787 1159 888 1225 dit,
919 1167 1116 1212 terram
1144 1156 1412 1225 expandit,
1453 1169 1596 1208 mare
1625 1154 1928 1220 obvallavit,
1956 1164 2165 1208 montes
2193 1153 2366 1219 dedit,

787 1249 978 1313 saltus,
1005 1248 1189 1311 colles,
1221 1244 1394 1299 fontes
1413 1283 1429 1310 ,
1453 1244 1597 1297 lacus
1619 1284 1632 1308 ,
1667 1242 1877 1308 ﬂuvios,
1909 1245 2184 1298 innumera
2215 1243 2371 1313 plan-

789 1352 960 1396 tarum
986 1353 1198 1410 genera,
1231 1337 1503 1404 viridario,
1527 1347 1719 1392 caetera
1744 1337 1920 1392 omnia
1945 1354 1957 1390 :
1984 1346 2038 1391 tu
2061 1351 2248 1391 rursus
2275 1335 2374 1391 ali-

785 1431 911 1503 quid
940 1431 1188 1500 exiguum
1215 1427 1421 1493 confer,
1448 1438 1504 1483 ut
1525 1430 1598 1482 ita
1625 1430 1857 1484 caelestia
1882 1429 1973 1484 tibi
1999 1429 2270 1498 largiatur.
2294 1429 2372 1484 Ne

785 1525 947 1595 igitur
991 1538 1088 1578 nos
1137 1521 1280 1590 ipsos
1323 1520 1647 1590 uegligamus
1670 1562 1685 1586 ,
1718 1535 1888 1587 neque
1926 1535 1955 1573 a
1991 1521 2162 1574 salute
2190 1528 2367 1573 nostra

785 1615 1117 1689 procuranda
1157 1613 1473 1667 desistamus
1497 1651 1512 1676 ,
1555 1626 1675 1665 cum
1721 1619 1923 1664 tantum
1970 1610 2124 1664 nobis
2154 1609 2370 1679 pelagus

784 1707 1125 1777 benignitatis
1140 1705 1375 1760 omnium
1403 1703 1610 1756 Domini
1635 1711 1829 1772 pateat,
1851 1702 1939 1772 qui
1961 1717 2121 1772 super
2141 1702 2372 1771 peccatis

786 1799 982 1854 nostris
1011 1797 1323 1869 pmnitentia
1366 1795 1598 1851 ducitur.
1640 1796 1978 1865 Pr0positum
2029 1805 2110 1849 cst
2152 1811 2368 1864 regnum

786 1891 1040 1946 ca'lorum
1071 1898 1125 1943 et
1152 1888 1426 1958 paradisus
1447 1928 1460 1950 ,
1505 1900 1672 1954 eaque
1712 1886 1875 1948 bona,
1905 1901 2021 1955 qua:
2055 1899 2156 1938 nec
2183 1885 2367 1937 oculus

782 1983 934 2044 vidit,
965 1997 1065 2036 nec
1089 1981 1234 2035 auris
1262 1979 1484 2042 audivit,
1515 1993 1612 2032 nec
1642 1977 1694 2030 in
1720 1991 1814 2029 cor
1843 1976 2072 2030 hominis
2101 1975 2362 2031 ascende-

783 2084 922 2138 runt,
953 2089 1070 2142 quae
1098 2071 1420 2143 praeparavit
1445 2071 1583 2126 Deus
1610 2071 1692 2135 iis,
1723 2071 1811 2142 qui
1840 2071 2011 2139 ipsum
2038 2069 2262 2138 diligunt
2289 2070 2365 2138 ll.

783 2166 902 2220 Cor.
929 2165 984 2219 2.
1013 2165 1108 2234 9);
1133 2173 1187 2220 et
1209 2179 1312 2218 non
1335 2162 1590 2218 debemus
1610 2178 1823 2217 omnem
1849 2178 2066 2230 cperam
2090 2161 2362 2225 adhibere,

781 2268 837 2312 ut
866 2257 1064 2328 aliquid
1086 2255 1444 2320 conferamus,
1467 2271 1535 2310 ne
1561 2255 1627 2308 ab
1649 2255 1728 2307 his
1749 2255 2052 2309 excidamus
2071 2255 2093 2306 ?
2110 2256 2189 2306 An
2214 2255 2366 2321 igno-

781 2364 868 2404 ras
893 2348 1015 2418 quid
1039 2347 1181 2402 dicat
1205 2345 1444 2400 Paulus?
1471 2346 1559 2414 qui
1594 2345 1788 2399 multos
1809 2345 2018 2398 labores
2039 2342 2325 2396 exautlavit
2346 2382 2360 2404 ,

778 2448 834 2494 et
862 2438 1171 2493 innumeros
1196 2437 1263 2491 de
1294 2437 1505 2490 diabolo
1537 2436 1831 2504 triumphos
1854 2435 2164 2504 reportavit,
2190 2435 2280 2502 qui
2307 2434 2356 2487 in

1496 409 1551 464 S.
1591 407 1866 464 JOANNIS
1889 406 2361 465 CHRYSOSTOMI
2401 403 2714 463 ARClllEP.
2747 405 3278 467 CONSTANTlNOP.

3957 425 4062 480 300

2478 533 2700 588 corpore
2751 520 2937 575 orbem
2991 531 3251 577 terrarum
3310 521 3642 592 peragravit,
3689 528 3778 594 qui
3823 538 4056 600 terram,

2479 624 2645 676 mare,
2674 623 2957 678 acremque
2986 614 3252 678 percurrit
3281 655 3295 680 ,
3324 613 3413 684 qui
3442 622 3708 683 tamquam
3743 615 3843 670 alis
3869 623 4062 676 subve-

2476 710 2593 758 ctus
2623 702 2816 773 aliquis
2840 701 3024 756 orbem
3056 711 3316 760 terrarum
3342 705 3740 777 perambulavit,
3771 707 4057 780 lapidatus,

2476 809 2666 861 CtBSllS,
2695 794 3041 857 verberatus,
3078 795 3166 864 qui
3208 798 3389 852 omnia
3419 814 3514 868 pro
3538 797 3630 852 Dei
3654 798 3868 854 nomine
3899 802 4057 866 tulit,

2475 887 2562 956 qui
2593 887 2790 940 caelesti
2817 899 2946 940 voce
2973 884 3202 953 desuper
3221 891 3572 958 compellatus
3589 932 3605 957 ,
3633 889 3720 945 hic
3743 889 3868 961 quid
3892 890 4056 956 dicat,

2475 984 2529 1028 et
2558 975 2766 1045 qualem
2793 974 3030 1030 emiserit
3065 988 3252 1028 vocem
3290 977 3411 1032 vide
3437 997 3450 1034 :
3475 980 3818 1050 Accepimus,
3851 980 4055 1050 inquit,

2473 1067 2696 1134 gratiam
2725 1080 2754 1118 a
2785 1065 2914 1131 Deo,
2947 1064 3040 1119 sed
3067 1075 3118 1118 et
3145 1078 3244 1134 ego
3269 1064 3542 1134 laboravi,
3576 1080 3627 1126 et
3650 1070 3806 1126 simul
3825 1072 4054 1134 contuli,

2475 1153 2544 1208 Et
2565 1156 2731 1226 gratia
2753 1157 2882 1225 ejus,
2911 1170 3024 1226 qua:
3055 1155 3105 1208 in
3134 1170 3210 1208 me
3239 1163 3334 1220 est,
3362 1171 3522 1211 uacua
3546 1176 3646 1215 non
3670 1161 3800 1229 fuit,
3828 1161 3915 1214 sed
3941 1163 4060 1228 plus

2474 1264 2626 1317 quant
2659 1247 2760 1317 ipsi
2796 1264 2966 1300 omnes
2994 1247 3213 1300 laboraui
3253 1256 3299 1299 et
3336 1246 3489 1302 simul
3513 1253 3706 1306 contuli
3731 1254 3804 1324 (1.
3826 1254 3943 1307 (ἔον.
3968 1253 4056 1307 15.

2477 1337 2589 1406 10).
2618 1336 2892 1400 Novimus,
2924 1337 3122 1406 inquit,
3155 1337 3400 1390 novimus
3430 1340 3614 1406 gratim
3642 1344 4058 1413 magnitudinem

2474 1442 2628 1494 quam
2655 1427 2988 1495 accepimus,
3022 1427 3117 1482 sed
3147 1444 3252 1482 non
3280 1427 3519 1484 desidem
3551 1446 3635 1486 me
3666 1435 3865 1490 invenit
3894 1454 3908 1489 :
3940 1451 4059 1490 ma-

2471 1516 2665 1572 nifesta
2694 1525 2819 1572 sunt
2847 1533 2965 1588 qua:
2994 1533 3025 1572 a
3054 1533 3140 1572 me
3164 1517 3378 1573 fuerunt
3408 1520 3572 1574 illata.
3600 1521 3688 1576 Sic
3709 1534 3763 1578 et
3792 1526 3920 1594 ipsi,
3949 1529 4059 1581 fra-

2473 1617 2613 1674 tres,
2665 1625 2854 1664 manus
2896 1609 2962 1664 ad
2993 1610 3385 1682 eleemosynam
3417 1611 3706 1667 doceamus
3727 1656 3741 1678 ,
3773 1625 3829 1670 ut
3872 1634 4059 1686 parum

2473 1700 2598 1771 quid
2627 1701 2913 1755 inferamus
2942 1718 2956 1754 :
2989 1702 3257 1770 plorcmus
3285 1716 3444 1772 super
3488 1712 3762 1772 peccatum
3784 1747 3798 1772 ,
3832 1707 4061 1778 ingenii.

2473 1808 2682 1848 scamus
2712 1807 2873 1860 super
2900 1794 3230 1863 iniquitatem
3252 1836 3266 1859 ,
3309 1811 3416 1865 quo
3452 1796 3726 1851 videamur
3755 1799 3839 1851 Vel
3872 1815 4060 1867 parum

2471 1885 2594 1954 quid
2624 1883 2820 1939 inferre
2855 1903 2866 1936 :
2899 1887 3334 1956 quandoquidem
3378 1905 3566 1959 magna
3611 1891 3764 1945 nobis
3791 1891 3843 1945 in
3875 1891 4057 1948 futuro

2469 1976 2698 2044 reposita
2739 1983 2884 2042 sunt,
2913 1991 3031 2045 qua:
3072 1986 3390 2045 potestatem
3432 1991 3667 2034 nostram
3697 1993 4056 2050 exsuperant:

2471 2066 2748 2135 paradisus
2775 2067 2914 2121 enim
2940 2073 3043 2132 est,
3070 2074 3124 2121 et
3145 2070 3399 2122 caelorum
3423 2086 3644 2138 regnum
3675 2087 3688 2124 :
3715 2073 3865 2141 cujus
3887 2083 3939 2127 et
3962 2073 4062 2141 ipsi

2471 2174 2656 2212 omnes
2703 2159 2982 2228 participes
3024 2158 3190 2211 simus
3212 2199 3227 2222 ,
3259 2159 3428 2228 gratia
3467 2170 3521 2214 et
3545 2162 3823 2215 clementia
3853 2164 4060 2217 Domini

2470 2249 2634 2302 nostri
2661 2247 2788 2302 Jesu
2815 2247 3042 2312 Christi,
3069 2247 3154 2302 cui
3183 2262 3303 2301 cum
3332 2247 3485 2302 Patre
3512 2259 3566 2302 et
3595 2250 3749 2303 simul
3776 2265 3898 2305 eum
3929 2250 4058 2320 Spi-

2468 2340 2570 2394 ritu
2596 2349 2782 2394 saneto
2802 2339 2992 2410 gloria,
3021 2339 3299 2408 imperium
3313 2347 3366 2394 et
3393 2339 3580 2404 honor,
3605 2347 3658 2394 et
3686 2355 3827 2395 nunc
3842 2350 3895 2395 et
3918 2355 4061 2394 scm-

2469 2447 2582 2499 per,
2613 2439 2666 2484 et
2694 2430 2746 2484 in
2775 2431 2969 2485 sarcula
2993 2429 3334 2484 satculorum.
3361 2432 3551 2486 Amen.

1571 2704 1710 2771 DE
1765 2703 2440 2772 ΡΟΞΝΙΤΕΝΤΙΑ
2494 2703 2630 2772 ΕΤ
2683 2700 3266 2774 ΟΒΑΤΙΟΝΕ.

2088 2897 2308 2907 ——_

1407 3011 1621 3052 HOMILIA
1660 3012 1731 3052 IV.

853 3135 905 3188 1.
945 3132 1194 3188 Pastorcs
1222 3132 1317 3186 illo
1344 3128 1673 3200 frequentius
1703 3128 1904 3183 ducunt
1931 3142 2079 3193 oves,
2106 3127 2192 3182 ubi
2223 3127 2357 3181 den-

777 3224 972 3280 siorem
999 3222 1215 3277 herbam
1237 3237 1356 3276 esse
1383 3221 1583 3288 vident,
1610 3235 1783 3290 neque
1803 3219 1951 3288 prius
1977 3218 2100 3272 inde
2119 3218 2355 3286 abigunt,

705 3314 707 3316 ’
777 3329 936 3385 quam
981 3322 1144 3368 totam
1193 3328 1318 3382 grex
1371 3313 1678 3365 totonderit.
1719 3310 1829 3364 Hos
1866 3325 1994 3364 vero
2021 3323 2118 3363 nos
2145 3323 2359 3380 quoque

776 3405 994 3468 hnitati,
1027 3405 1124 3458 hac
1150 3413 1333 3473 quarta
1353 3403 1463 3472 jam
1497 3403 1583 3457 die
1605 3402 1679 3474 (α)
1701 3401 1764 3455 ad
1792 3403 2116 3472 pmuitentite
2139 3401 2356 3454 modum

783 3498 917 3553 hunc
941 3495 1212 3567 pascimus
1233 3508 1470 3563 gregem,
1503 3507 1674 3558 neque
1701 3493 1784 3546 vel
1816 3491 1992 3555 hodie,
2023 3491 2230 3560 digredi
2259 3506 2357 3558 pa-

777 3605 954 3644 ramus
979 3605 993 3641 :
1021 3587 1242 3640 multum
1274 3599 1504 3652 namque
1527 3584 1702 3638 adhuc
1730 3583 1904 3652 pabuli
1932 3597 2053 3638 esse
2089 3581 2356 3647 videmus,

771 3680 997 3736 ntultum
1029 3664 1226 3732 lititia:
1251 3683 1303 3729 et
1331 3675 1591 3729 utilitatis.

840 3767 1144 3823 Pwnitcntia
1172 3764 1511 3819 omnimodam
1540 3765 1932 3818 consolationem
1958 3762 2127 3831 affert.
2150 3792 2223 3803 —
2251 3762 2358 3817 Ne-

771 3874 876 3931 que
905 3859 1047 3913 enim
1083 3857 1335 3910 arborum
1364 3869 1531 3910 coma:
1549 3895 1564 3920 ,
1602 3870 1720 3923 qua:
1748 3854 1814 3908 ad
1843 3853 2163 3909 meridianas
2197 3853 2359 3911 horas

770 3951 894 4006 tecti
921 3950 1039 4004 vice
1063 3958 1184 4002 sunt
1205 3947 1394 4002 ovibus
1411 3987 1427 4008 .
1456 3947 1530 4001 ita
1559 3961 1652 4001 eas
1679 3952 1959 4014 recreant,
1985 3945 2055 4004 ita
2080 3944 2359 4004 desidera-

771 4042 931 4101 bilem
969 4040 1260 4112 utilemque
1302 4037 1546 4097 umbram
1585 4041 1859 4112 praebcnt,
1894 4041 1960 4095 ad
2010 4055 2360 4111 somnumque

769 4151 957 4205 magna
985 4151 1106 4190 cum
1135 4136 1404 4204 voluptate
1431 4136 1762 4204 pertrahunt,
1797 4143 1855 4188 ut
1879 4134 2179 4189 divinarum
2210 4135 2356 4188 Serio

769 4238 1044 4299 pturarum
1074 4227 1234 4280 lectio
1264 4236 1551 4281 merentes
1594 4237 1648 4281 et
1683 4241 1880 4297 angore
1909 4227 2070 4280 animi
2115 4226 2358 4281 detentas

768 4321 974 4373 animas
1003 4328 1210 4373 recreat
1251 4335 1314 4372 ac
1356 4317 1668 4387 refrigerat,
1704 4318 1827 4372 dum
1857 4320 2244 4373 vehementiam
2273 4333 2359 4371 ar-

769 4409 1062 4478 doremque
1090 4407 1291 4462 doloris
1335 4407 1466 4463 lenit
1487 4449 1499 4472 ,
1531 4407 1884 4476 solatiumque
1911 4409 2142 4478 qualibet
2167 4409 2352 4463 umbra

769 4499 983 4552 suavius
1004 4499 1371 4566 amoeniusque
1412 4499 1666 4568 impertit.
1698 4497 1882 4567 Neque
1924 4499 2063 4552 enim
2092 4500 2261 4552 solum
2301 4500 2350 4551 iu

770 4591 1112 4660 pecuniarum
1135 4590 1340 4657 jactura
1361 4633 1374 4653 ,
1403 4601 1493 4644 aut
1519 4592 1568 4645 iu
1600 4591 1887 4646 liberarunt
1917 4593 2204 4646 amissione
2223 4634 2238 4658 ,
2266 4605 2355 4646 aut

768 4684 821 4737 in
849 4683 968 4736 aliis
994 4682 1258 4737 similibus
1277 4725 1290 4746 ,
1320 4683 1413 4736 sed
1441 4683 1598 4737 etiam
1629 4685 1680 4737 in
1707 4694 2052 4754 peccatorum
2079 4684 2352 4738 calamita-

768 4775 909 4828 tibus
938 4789 1183 4844 magnam
1233 4774 1321 4827 illa
1369 4773 1525 4827 nobis
1559 4775 1712 4828 affert
1749 4777 2192 4830 consolationem.
2217 4775 2352 4829 Cum

763 4867 907 4920 enim
935 4867 1094 4917 homo
1114 4873 1333 4932 peccato
1362 4866 1686 4933 interceptus
1717 4874 1772 4920 et
1795 4867 2189 4923 circntrxtentus
2209 4866 2353 4920 ceci-

761 4956 874 5021 dit,
915 4963 1206 5026 posteaque
1249 4956 1521 5010 mordetur
1557 4971 1588 5010 a
1628 4956 1952 5011 conscientia
1982 4998 1998 5022 ,
2039 4957 2353 5028 peccatique

761 5049 976 5104 assidue
1015 5063 1244 5113 memor,
1294 5062 1412 5103 sese
1456 5051 1704 5105 maeroris
1743 5049 2109 5120 magnitudine
2153 5051 2349 5115 obruit,

763 5154 964 5209 perque
984 5139 1224 5209 singulos
1247 5138 1361 5194 dies
1383 5139 1685 5195 incenditur
1711 5159 1726 5195 :
1755 5141 2156 5211 inuumerisque
2178 5142 2348 5211 ipsum

760 5229 1196 5294 consolantibus,
1227 5231 1269 5283 si
1300 5230 1724 5284 consolationem
1767 5248 1870 5286 non
1910 5231 2229 5297 admiserit,
2260 5232 2347 5286 in-

759 5338 977 5393 gressus
1022 5323 1074 5376 in
1126 5323 1437 5386 ecclesiam,
1482 5333 1763 5393 postquam
1806 5325 2009 5380 audivit
2043 5334 2348 5380 sanctorum

764 5413 1019 5482 plurimos
1047 5414 1222 5482 lapsos
1250 5415 1564 5480 surrexisse,
1593 5423 1753 5484 atque
1773 5415 1838 5470 ad
1869 5417 2102 5486 priorem
2125 5415 2351 5471 rediisse

761 5503 1098 5572 dignitatem,
1126 5503 1264 5557 clam
1310 5505 1477 5559 multo
1517 5506 1709 5559 solatio
1736 5505 1924 5575 plenus
1963 5506 2254 5577 egreditur.
2285 5507 2350 5559 Et

759 5594 851 5662 qui
897 5594 948 5646 in
993 5595 1238 5650 homines
1284 5595 1596 5666 plerumque
1642 5611 1954 5665 peccamus,
1995 5613 2064 5652 ne
2108 5597 2346 5652 revelare

758 5683 973 5756 quidem
999 5696 1270 5755 peccatum
1289 5685 1547 5742 audemus
1568 5689 1766 5759 pudore
1788 5689 2086 5762 ruboreque
2107 5689 2343 5758 detenti;

819 5841 892 5903 (α)
918 5840 1033 5891 \‘ide
1057 5843 1107 5892 in
1122 5845 1293 5892 Moaito
1317 5844 1632 5906 praecedentl.

2464 2995 2604 3064 quod
2630 2997 2674 3050 si
2704 2998 3010 3053 revelemus
3029 3041 3042 3064 ,
3081 2999 3211 3053 nihil
3241 3008 3442 3055 tantum
3486 3005 3865 3074 consequimur
3890 3023 3904 3061 :
3933 3021 4055 3061 cum

2462 3095 2640 3140 autem
2665 3087 2805 3142 Deus
2831 3089 3164 3152 exhortatur,
3197 3105 3394 3161 corque
3420 3103 3659 3147 nostrum
3685 3095 3874 3165 tangit,
3900 3107 4046 3150 sata-

2463 3178 2579 3233 nica
2603 3178 2779 3234 omnis
2810 3180 3023 3234 tristitia
3047 3182 3230 3235 statim
3271 3181 3499 3252 fugatur.
3524 3183 3650 3240 ideo
3673 3186 3943 3255 justorum
3976 3190 4056 3242 la-

2464 3283 2592 3338 psus
2618 3269 2773 3324 nobis
2803 3272 3097 3342 conscripti
3128 3282 3255 3326 sunt
3285 3291 3299 3328 :
3325 3289 3432 3343 quo
3473 3283 3528 3328 et
3565 3276 3653 3345 qui
3702 3286 3851 3332 recte
3886 3286 3942 3333 et
3963 3279 4056 3348 qui

2468 3358 2712 3428 improbe
2735 3360 2922 3415 vivunt
2953 3361 3077 3419 hinc
3117 3363 3347 3418 maxime
3381 3365 3732 3422 lucrifaciant.
3764 3368 3894 3423 Nam
3925 3384 4055 3438 pec-

2464 3459 2613 3502 cator
2644 3450 2694 3504 in
2723 3449 3151 3521 desperationem
3207 3469 3312 3508 non
3343 3454 3474 3520 abit,
3524 3471 3643 3510 cum
3701 3458 3845 3513 videt
3888 3459 4054 3514 alium

2465 3543 2692 3611 lapsum,
2717 3544 2804 3612 qui
2837 3559 3118 3614 resurgere
3146 3545 3356 3614 potuit;
3389 3547 3477 3616 qui
3517 3563 3645 3602 vero
3667 3548 3927 3616 justitiam
3958 3565 4056 3608 co-

2465 3634 2556 3699 lit,
2587 3634 2888 3704 diligentior
2916 3637 3020 3692 erit
3048 3645 3102 3691 et
3142 3637 3368 3697 firmior.
3419 3638 3554 3698 Cum
3596 3640 3734 3698 enim
3777 3647 3972 3700 multos
3998 3662 4057 3701 se

2464 3724 2714 3779 meliores
2761 3725 2938 3798 lapsos
2976 3728 3207 3798 viderit,
3237 3733 3450 3788 illorum
3480 3748 3606 3788 casu
3634 3733 3802 3789 factus
3826 3737 4052 3801 cautior,

2458 3831 2676 3892 semper
2695 3820 2955 3876 sollicitus
2981 3825 3105 3889 erit,
3145 3825 3420 3895 multaque
3451 3842 3510 3881 se
3540 3828 3788 3883 cautione
3826 3831 4051 3884 muniet.

2461 3909 2551 3966 Sic
2577 3914 2753 3982 itaque
2783 3915 2827 3969 is
2847 3953 2862 3978 ,
2892 3915 2981 3983 qui
3011 3915 3262 3972 virtutem
3295 3917 3457 3983 colit,
3493 3921 3776 3988 persistct;
3806 3932 4057 3988 peccator

2463 4018 2590 4057 vero
2620 4019 2650 4057 a
2681 4003 3060 4074 desperatione
3089 4005 3397 4061 liberabitur
3426 4025 3440 4062 :
3474 4009 3559 4062 ille
3600 4008 3824 4063 firmiter
3853 4011 4051 4075 stabit,

2464 4093 2549 4149 hic
2578 4095 2630 4149 in
2661 4096 2916 4165 priorem,
2944 4113 2975 4150 a
3005 4113 3113 4166 quo
3141 4098 3365 4164 excidit,
3412 4111 3608 4155 statum
3639 4103 3923 4157 confestim
3964 4118 4056 4156 re—

2461 4195 2717 4242 vertetur.
2746 4188 2876 4242 Nam
2909 4204 3029 4245 cum
3063 4189 3226 4244 homo
3255 4190 3517 4260 quispiam
3549 4209 3646 4248 nos
3668 4203 3889 4249 mmstos
3917 4208 4048 4249 con-

2461 4276 2680 4341 solatur,
2711 4278 2920 4333 etiamsi
2947 4279 3015 4334 ad
3044 4280 3313 4334 modicum
3348 4289 3558 4349 tempus
3583 4283 3706 4351 quid
3747 4284 3922 4338 solatii
3955 4284 4051 4338 ha-

2464 4365 2590 4420 bere
2619 4366 2910 4432 videamur,
2942 4370 2994 4423 in
3025 4371 3271 4424 eamdem
3322 4380 3499 4425 tamen
3545 4387 3729 4427 rursus
3779 4375 4049 4429 tristitiam

2459 4455 2789 4521 delabimur;
2822 4456 2944 4512 c'um
2973 4475 3102 4515 vero
3143 4460 3287 4516 Deus
3333 4477 3429 4531 per
3475 4461 3609 4517 alios
3653 4463 3917 4529 hortatur,
3958 4468 4050 4536 qui

2459 4557 2580 4618 post
2611 4559 2886 4618 peccatum
2918 4553 3303 4622 resipiscentes
3339 4555 3566 4609 salutem
3619 4569 4045 4627 consequuntur,

2458 4655 2607 4695 suam
2642 4642 2796 4697 nobis
2827 4643 3117 4698 bonitatem
3161 4645 3501 4701 manifestam
3548 4645 3707 4712 facit,
3742 4662 3810 4702 ne
3834 4651 4047 4716 propria

2459 4735 2524 4788 de
2551 4735 2722 4790 salute
2750 4735 3077 4801 dubitemus,
3113 4735 3320 4790 firmam
3344 4747 3654 4807 certamque
3694 4738 3830 4792 nacti
3857 4753 4050 4794 conso-

2457 4825 2724 4880 lationem,
2757 4827 3222 4893 Quemadmodum
3249 4829 3408 4898 igitur
3435 4830 3489 4884 in
3529 4837 3872 4898 peccatorum
3908 4835 4050 4889 casi-

2457 4915 2579 4982 bus,
2610 4919 2688 4971 sic
2719 4919 2878 4972 etiam
2909 4919 2960 4972 in
2993 4920 3245 4988 periculis
3271 4921 3724 4991 contingentibus,
3755 4937 4055 4996 congruen-

2459 5017 2564 5061 tem
2628 5011 2976 5064 maerentibus
3050 5009 3311 5064 medelam
3385 5022 3593 5066 veteres
3653 5011 4045 5084 Scripturarum

2458 5099 2696 5154 historia:
2725 5101 2958 5155 animum
2985 5100 3240 5156 adhibere
3281 5103 3578 5158 volentibus
3602 5105 4006 5162 subministrant
4033 5127 4046 5161 :

2455 5206 2518 5245 ac
2542 5191 2654 5246 sive
2697 5190 3002 5248 facultatum
3049 5193 3377 5264 publicatio,
3433 5195 3544 5248 sive
3597 5198 4045 5269 sycophantarum

2455 5285 2726 5346 molestia.
2758 5286 2871 5342 sive
2899 5301 3166 5353 carceres,
3199 5287 3310 5341 sive
3341 5286 3564 5357 ﬂagella,
3593 5290 3705 5346 sive
3728 5291 3872 5345 aliud
3894 5290 4048 5360 quid-

2455 5377 2598 5447 piam
2621 5376 2744 5431 mali
2774 5393 2870 5433 nos
2900 5378 3203 5446 intercipiat
3235 5395 3247 5430 :
3280 5376 3343 5430 ad
3365 5376 3538 5446 justos
3565 5382 3928 5451 reSpieientes,
3956 5379 4044 5448 qui

2453 5467 2637 5522 eadem
2669 5468 2780 5538 ipsa
2809 5470 2947 5540 passi
2981 5479 3103 5523 sunt
3127 5484 3190 5521 ac
3219 5469 3533 5536 toleravere,
3570 5471 3636 5526 ad
3686 5469 4041 5538 nosmetipsos

2452 5560 2630 5614 statim
2651 5560 2825 5615 redire
2854 5560 3168 5630 poterimus.
3192 5559 3244 5612 lu
3275 5563 3546 5630 corporeis
3561 5575 3789 5629 namque
3819 5561 4040 5626 morbis,

2452 5653 2496 5708 si
2527 5669 2667 5723 ager
2694 5653 2830 5708 alios
2861 5661 3088 5721 argi-otes
3110 5653 3377 5723 reSpiciat,
3413 5669 3568 5708 suum
3593 5660 3750 5722 auget
3774 5652 4039 5721 morbum,

2450 5745 2774 5814 quandoque
2819 5744 2982 5798 etiam
3038 5759 3195 5814 quam
3245 5762 3346 5798 non
3403 5745 3631 5799 habebat
3681 5742 4040 5802 infirmitatem

2449 5834 2722 5891 contrahit
2753 5853 2764 5888 :
2794 5834 3022 5906 exempli
3044 5851 3202 5890 causa
3235 5876 3252 5904 ,
3275 5851 3396 5891 cum
3439 5835 3682 5892 nonnulli
3709 5835 3843 5893 alios
3866 5835 4037 5893 oculis
