4446 6692
269 487 374 543 299

272 606 369 658 καὶ
405 606 567 671 αὑτός
600 624 682 661 σοι
717 606 947 679 παρέχει
974 606 1168 673 ἄφεσιν
1198 603 1478 676 ἁμαρτιῶν
1498 622 1512 637 ο
1545 606 1822 677 πρόφασιν
1856 622 1947 674 μι-

272 693 417 765 κράν
440 697 503 750 σύ
527 697 831 764 εἰσένεγκε,
853 697 941 749 ἴνα
959 692 1317 761 εὐπρόσωπον
1343 692 1470 765 ἔχῃς
1491 693 1587 765 τὴν
1611 692 1908 759 ἀπολογίαν
1925 708 1940 723 ⁸

271 783 338 836 τά
378 784 478 854 μὲν
507 786 616 857 γάρ
647 784 777 855 παρ’
810 779 978 837 αὐτοῦ
1016 781 1155 843 ἐστι,
1184 780 1250 834 τὰ
1272 781 1326 835 δέ
1345 784 1476 853 παρ’
1506 781 1691 852 ἡμῶν
1716 778 1786 833 τά
1816 780 1945 850 παρ’

270 870 432 941 ήμῶν
478 872 571 925 ἐὰν
621 870 1049 937 είσενέγκωμεν,
1098 868 1259 922 πάλιν
1292 869 1386 922 καὶ
1428 868 1591 930 αὐτὸς
1620 867 1849 937 παρέχει
1881 866 1948 921 τά

275 962 407 1030 παρ’
434 960 653 1014 ἐαυτοῦ.
693 957 832 1025 ’Ἡδη
868 956 965 1026 μὲν
1007 952 1099 1009 οῦν
1128 956 1197 1010 τά
1238 958 1368 1028 παρ’
1397 954 1590 1009 ἐαυτοῦ
1628 954 1791 1016 αὐτὸς
1818 971 1949 1024 παρα

277 1047 460 1119 έσχεν,
493 1048 667 1118 ἥλιον,
703 1044 956 1113 σελήνην,
996 1044 1237 1097 ποικίλον
1267 1043 1428 1115 χορὸν
1474 1043 1717 1113 ἀστέρων
1758 1041 1949 1110 ἐθεμε-

270 1135 488 1200 λίωσεν,
519 1135 655 1204 ἀέρα
681 1132 885 1199 ἐξέχεε,
920 1132 1023 1203 γῆν
1054 1132 1295 1203 ήπλωσε,
1336 1131 1613 1187 θάλασσαν
1648 1130 1947 1199 ἐτείχισεν,

269 1222 473 1276 ἔδωκεν
500 1222 623 1291 ὅρη.
654 1222 849 1281 νάπας,
883 1218 1125 1288 βουνοὺς,
1158 1220 1361 1289 πηγὰς,
1391 1220 1610 1289 λίμνας,
1644 1216 1947 1286 ποταμοὺς,

268 1310 338 1362 τά
369 1308 542 1379 μυρία
561 1306 693 1375 γένη
719 1305 828 1357 τῶν
857 1306 1057 1374 φυτῶν,
1083 1308 1467 1378 παραδείσους,
1483 1305 1552 1358 τὰ
1578 1304 1712 1357 ἄλλα
1736 1304 1946 1357 πάντα*

270 1396 438 1449 πάλιν
472 1395 536 1445 σὺ
593 1391 972 1460 συνεισένεγκε
1017 1394 1231 1464 μικρὸν,
1267 1394 1355 1446 ῖνα
1397 1392 1541 1445 οὑτω
1580 1392 1676 1445 καὶ
1723 1390 1792 1443 τὰ
1833 1389 1951 1444 ἅνω

272 1498 356 1536 σοι
386 1479 704 1549 χαρίσηται.
742 1478 833 1549 Μὴ
857 1475 951 1533 οῦν
983 1479 1349 1551 ἀμελήσωμεν
1380 1477 1613 1540 ἑαυτῶν,
1647 1476 1781 1547 μηδέ
1814 1477 1952 1528 ἁπο-

274 1567 495 1638 στῶμεν
541 1568 641 1637 τῆς
705 1568 980 1640 ήμετέρας
1029 1570 1338 1641 σωτηρίας,
1397 1566 1652 1620 τοσοῦτον
1712 1568 1951 1637 πέλαγος

273 1654 697 1725 φιλανθρωπίας
722 1655 936 1724 ἔχοντες
963 1657 1056 1710 τοῦ
1085 1658 1304 1714 πάντων
1331 1656 1625 1721 Δεσπότου,
1656 1656 1749 1709 καὶ
1782 1672 1950 1725 μετα-

271 1741 527 1804 νοοῦντος
560 1742 654 1794 ἐπὶ
704 1745 826 1804 ταῖς
860 1744 1159 1815 ἡμετέραις
1207 1743 1529 1814 ἁμαρτίαις.
1570 1740 1825 1795 Βασιλεία
1853 1742 1949 1794 οὑ-

276 1830 457 1899 ρανῶν
507 1828 792 1899 πρόκειται
843 1830 936 1881 καὶ
999 1832 1349 1901 παράδεισος,
1404 1830 1499 1881 καὶ
1560 1830 1628 1881 τά
1680 1827 1859 1895 ἁγαθά
1912 1826 1952 1881 (2

272 1916 587 1983 ὀφθαλμὸς
617 1915 727 1967 οὐκ
763 1909 907 1978 εἶδε,
943 1916 1039 1968 καὶ
1086 1912 1195 1982 οὖς
1247 1918 1360 1970 οὐκ
1406 1914 1659 1983 ἤκουσε,
1706 1912 1805 1966 καὶ
1851 1912 1952 1965 ἐπὶ

271 2001 531 2070 καρδίαν
568 2000 883 2069 ἀνθρώπου
911 2003 1019 2055 οὐκ
1054 2004 1257 2072 ἀνέϐη,
1298 2002 1336 2057 ἂ
1369 2002 1701 2071 ἡτοίμασεν
1728 2003 1761 2054 ό
1807 2000 1950 2062 Θεὸς

270 2089 401 2155 τοῖς
457 2087 776 2157 ἀγαπῶσιν
828 2090 1042 2142 αὐτόν·
1094 2092 1189 2144 καὶ
1234 2093 1334 2144 οὑκ
1384 2090 1676 2161 ὀφείλομεν
1736 2087 1954 2141 ἅπαντα

272 2177 524 2245 ποιῆσαι,
548 2176 634 2228 ἵνα
662 2192 715 2227 τι
739 2178 1257 2249 συνεισενέγκωμεν,
1278 2178 1418 2231 ὥστε
1443 2177 1651 2231 τούτων
1684 2174 1759 2246 μὴ
1790 2176 1955 2226 ἐκπε-

279 2269 429 2329 σεῖν;
464 2265 533 2317 Ἦ
570 2264 670 2316 οὑκ
699 2258 847 2327 οἶδας
878 2264 1087 2329 Παῦλος
1123 2267 1174 2317 τί
1202 2266 1370 2334 λέγει,
1405 2269 1433 2319 6
1466 2264 1635 2319 πολλά
1654 2261 1945 2324 κοπιάσας,

273 2356 371 2407 καὶ
404 2352 574 2424 μυρία
597 2352 834 2423 τρόπαια
870 2353 1011 2407 κατὰ
1044 2354 1136 2406 τοῦ
1163 2354 1409 2407 διαϐόλου
1442 2355 1665 2424 στήσας,
1692 2352 1719 2403 6
1745 2350 1803 2403 ἐν
1833 2344 1947 2399 σώ-

278 2459 410 2511 ματι
454 2442 553 2510 τὴν
574 2440 903 2511 οἰκουμένην
934 2442 1226 2504 πεζεῦσας,
1258 2443 1286 2493 ὀ
1314 2441 1417 2511 γῆν
1441 2442 1535 2494 καὶ
1559 2439 1829 2494 θάλατταν
1853 2434 1946 2489 καὶ

274 2530 417 2599 ἀέρα
456 2526 827 2599 περιδραμὼν,
854 2529 883 2579 6
918 2528 1169 2601 καθάπερ
1196 2528 1501 2599 ὑπόπτερός
1528 2546 1611 2589 τις
1640 2526 1740 2596 τὴν
1770 2526 1948 2577 οίκου-

1459 488 1547 545 DE
1588 488 2059 546 PGENITENTIA.
2101 490 2335 546 HOMIL.
2376 491 2466 547 IV.

3613 493 3717 553 300

2054 607 2221 679 μέν-ην
2250 606 2570 679 περιελθὼν,
2602 608 2630 660 6
2652 606 2949 671 λιθασθεὶς,
2972 611 2999 662 ὀ
3021 609 3321 679 φονευθεὶς.
3353 610 3380 662 6
3404 610 3714 681 τυπτηθεὶς.

2048 699 2077 750 6
2111 696 2287 751 πάντα
2307 695 2396 750 διὰ
2420 695 2480 748 16
2508 697 2677 766 δνομα
2705 696 2801 749 τοῦ
2833 695 2967 750 Θεοῦ
2995 696 3202 762 παθὼν,
3235 698 3264 749 6
3298 697 3529 768 οὐρανία
3560 699 3711 769 (ρωνῇ

2048 785 2271 856 κληθεὶς
2317 784 2553 840 ἀνωθεν·
2603 786 2740 855 ὅρα,
2789 780 2942 849 οὗτος
2990 786 3041 838 τί
3090 784 3271 853 λέγει,
3322 786 3484 839 ποίαν
3536 787 3719 857 φωνὴν

2047 873 2309 945 ἔρρηξεν·
2350 872 2651 942 Ἐλὰϐομεν
2678 884 2702 912 ι
2723 873 2902 943 χάριν,
2938 874 3124 943 φησὶν,
3153 872 3262 927 ἀπὸ
3288 872 3382 925 τοῦ
3410 872 3567 935 Θεοῦ,
3586 872 3720 927 ἀλλὰ

2046 962 2201 1029 κάγὼ
2225 959 2514 1021 ἐκοπίασα,
2542 961 2635 1013 καὶ
2671 962 3070 1030 συνεισήνεγκα
3089 978 3103 992 ·
3131 960 3245 1015 Καὶ
3270 961 3307 1029 ἡ
3328 959 3500 1029 χάρις
3534 959 3720 1014 αὐτοῦ

2044 1051 2083 1116 7'}
2104 1052 2189 1116 εὶς
2212 1048 2318 1118 ἐμὲ
2339 1047 2487 1115 κενὴ
2514 1051 2623 1101 οὐκ
2649 1048 2901 1117 ἐγενήθη
2921 1066 2934 1080 ·
2973 1050 3133 1103 ἀλλὰ
3161 1049 3257 1101 καί
3291 1050 3724 1117 περισσότερον

2055 1135 2245 1190 αὐτῶν
2265 1135 2511 1189 πάντων
2529 1136 2831 1188 ἐκοπίασα
2854 1138 2949 1188 καὶ
2974 1136 3441 1204 συνεισήνεγκα.
3466 1135 3593 1187 Οἶδα
3604 1152 3720 1205 μεν,

2050 1227 2237 1294 φησὶν,
2272 1225 2494 1293 οἴδαμεν
2533 1224 2631 1294 τῆς
2660 1224 2884 1293 χάριτος
2919 1224 2981 1275 16
3004 1222 3153 1295 [502]
3202 1224 3451 1294 μέγεθος,
3486 1224 3513 1275 ὃ
3542 1223 3726 1275 ἐλάϐο-

2052 1330 2170 1382 μεν,
2210 1312 2323 1365 ἀλλ’
2362 1312 2462 1364 οὐκ
2511 1311 2681 1381 ἀργόν
2718 1327 2784 1381 με
2828 1302 2992 1381 εὗρε·
3044 1311 3255 1381 φανερὰ
3301 1311 3371 1363 τὰ
3407 1310 3533 1381 παρ’
3587 1310 3724 1380 ἐμοῦ

2051 1401 2442 1470 είσενεχθέντα.
2492 1400 2678 1463 Οῦτως
2723 1396 2817 1453 οῦν
2867 1401 2959 1453 καὶ
3002 1400 3163 1469 ἡμεῖς
3214 1398 3311 1461 τὰς
3350 1400 3536 1469 χεῖρας
3590 1398 3726 1468 πρὸς

2051 1489 2418 1561 ἐλεημοσύνην
2466 1490 2789 1560 διδάξωμεν,
2836 1490 2923 1541 ἵνα
2974 1486 3481 1557 συνεισενέγκωμεν
3530 1486 3726 1556 μικρόν

2052 1598 2140 1634 τι’
2191 1581 2517 1651 κλαύσωμεν
2558 1582 2652 1633 ἐπὶ
2699 1584 2766 1650 τῇ
2802 1578 3069 1651 ἁμαρτίᾳ,
3122 1578 3484 1649 θρηνήσωμεν
3516 1578 3607 1630 ἐπὶ
3659 1581 3723 1649 τῇ

2052 1667 2280 1739 ἀνομία,
2312 1668 2399 1721 ἵνα
2424 1668 2666 1738 δόξωμεν
2689 1667 2884 1737 μικρόν
2910 1684 2962 1719 τι
2992 1665 3389 1735 συνεισφέρειν,
3417 1665 3605 1735 ἐπειδὴ
3634 1667 3727 1718 καὶ

2056 1756 2271 1828 μεγάλα
2294 1755 2361 1808 τὰ
2400 1755 2664 1824 μέλλοντα
2694 1753 2933 1807 δίδοσθαι
2967 1755 3118 1825 ήμῖν,
3154 1753 3250 1805 καλ⁹
3285 1752 3603 1823 ὑπερϐαίνει
3630 1753 3728 1821 τὴν

2053 1843 2330 1915 ἡμετέραν
2364 1842 2622 1911 δύναμινσ
2658 1842 2983 1911 παράδεισος
3018 1841 3126 1911 γάρ
3170 1843 3307 1903 ἐστι,
3349 1840 3443 1892 καὶ
3483 1839 3731 1909 βασιλεία

2052 1933 2329 2003 οὐρανῶν·
2363 1928 2430 2001 ἧς
2455 1932 2664 1997 γένοιτο
2693 1930 2900 1992 πάντας
2928 1930 3073 1997 ἡμᾶς
3098 1930 3395 1996 ἐπιτυχεῖν,
3421 1927 3609 1998 χάριτι
3640 1928 3733 1980 καὶ

2054 2020 2439 2091 φιλανθρωπία
2486 2019 2580 2071 τοῦ
2638 2018 2845 2089 Κυρίου
2890 2016 3047 2087 ήμῶν
3092 2015 3264 2086 Ἰησοῦ
3300 2014 3561 2084 Χριστοῦ,
3613 2015 3729 2083 μεθ’

2054 2103 2114 2161 οὐ
2148 2109 2225 2178 τῷ
2264 2110 2439 2178 Πατρὶ
2473 2107 2588 2177 ἁμα
2624 2105 2701 2177 τῷ
2764 2105 2906 2174 ἁγίῳ
2958 2102 3259 2173 Πνεύματι,
3296 2101 3444 2165 δόξα,
3511 2101 3731 2172 κράτος,

2055 2196 2210 2266 τιμὴ,
2246 2195 2342 2248 νῦν
2380 2197 2475 2248 καὶ
2528 2196 2634 2257 ἀεὶ,
2673 2194 2769 2247 καὶ
2822 2194 2903 2256 εἰς
2936 2193 3062 2254 τοὺς
3100 2190 3303 2253 αἰῶνας
3340 2190 3446 2242 τῶν
3496 2188 3731 2246 αἰώνων.

2066 2284 2260 2355 Ἀμήν.

2118 2467 2142 2495 ι
2167 2458 2280 2506 SaV.
2317 2459 2343 2505 6
2368 2456 2571 2519 οὐρανίῳ
2601 2459 2731 2518 φωνῇ
2760 2454 2965 2512 κληθεὶς,
2995 2453 3082 2515 δρα
3106 2452 3249 2499 ποίαν
3274 2449 3430 2513 φωνῆν
3452 2450 3595 2498 εἶπεν·
3623 2450 3733 2500 ἐλά-

2054 2524 2213 2587 ϐομεν.

384 2658 3564 2700 ______________________________,__________________._

1439 2781 1600 2834 ΠΕΡΙ
1630 2775 2032 2833 ΜΕΤΑΝΟΙΑΣ
2068 2773 2190 2827 ΚΑΙ
2229 2770 2483 2826 ΕΥΧΗΣ.

960 3013 1189 3081 Ὀμιλιά
1213 3007 1287 3064 δ’.

348 3110 421 3158 α’.
454 3103 517 3155 υἱ
552 3099 806 3171 ποιμένες
831 3101 897 3153 τά
932 3098 1181 3168 πρόϐατα
1214 3096 1341 3149 ἔνθα
1374 3094 1439 3149 ἂν
1469 3096 1615 3149 ἴδωσι
1648 3096 1954 3169 βαθυτέραν

278 3189 449 3246 οὖσαν
472 3190 570 3261 τὴν
598 3190 758 3253 πόαν,
794 3187 1036 3257 συνεχῶς
1065 3187 1280 3255 ἄγουσι,
1310 3188 1402 3239 καὶ
1425 3186 1484 3238 οὐ
1517 3186 1782 3257 πρότερον
1808 3187 1953 3238 ἐκεῖ·

279 3279 376 3333 θεν
411 3277 733 3349 ἐγείρουσιν,
768 3276 875 3339 ἕως
917 3276 982 3330 ἂν
1027 3275 1198 3345 αὐτὴν
1240 3277 1418 3328 πᾶσαν
1449 3275 1720 3346 ἁποκείρῃ
1745 3273 1813 3326 τὰ
1842 3272 1955 3326 ποί-

282 3384 435 3438 μνια.
471 3365 707 3428 Τούτους
737 3365 793 3418 δέ
822 3364 916 3417 καὶ
940 3365 1099 3433 ἡμεῖς
1138 3362 1487 3433 μιμούμενοι,
1521 3362 1789 3433 τετάρτην
1818 3357 1951 3414 ταύ-

280 3470 382 3523 την
416 3451 515 3522 ήδη
548 3450 760 3521 ἡμέραν
791 3452 869 3512 είς
896 3450 986 3501 τὸν
1009 3448 1110 3516 τῆς
1136 3448 1426 3518 μετανοίας
1455 3448 1654 3518 τρόπον
1688 3446 1953 3517 βόσκομεν

280 3538 444 3593 τοῦτο
480 3538 540 3589 16
580 3536 846 3606 ποίμνιον,
881 3536 977 3587 καὶ
1009 3535 1221 3587 οὐδέπω
1251 3535 1344 3586 καί
1383 3536 1623 3605 σήμερον
1655 3536 1955 3604 ἀναστῆσαι

280 3622 813 3697 παρασκευαζόμεθα
836 3639 847 3651 ·
877 3620 1092 3693 δρῶμεν
1120 3620 1227 3690 γάρ
1262 3620 1460 3690 πολλὴν
1492 3618 1657 3673 οὖσαν
1683 3621 1761 3674 ἔτι
1784 3621 1956 3691 νομῆς

282 3712 567 3783 εὐπορίαν,
602 3712 695 3764 καὶ
724 3709 922 3780 πολλὴν
951 3708 1140 3780 τέρψιν
1166 3707 1301 3778 ὁμοῦ
1334 3710 1425 3760 καί
1447 3709 1738 3777 ὠιρέλειαν.

354 3799 492 3854 Οὑδέ
534 3798 640 3869 γάρ
673 3796 843 3860 οῦτως
879 3797 934 3849 αἱ
979 3795 1148 3865 κόμαι
1190 3794 1299 3847 τῶν
1332 3795 1564 3866 δένδρων
1597 3796 1717 3849 ἀντὶ
1753 3797 1953 3864 στέγης

278 3891 396 3951 τοῖς
451 3886 740 3958 προϐάτοις
786 3884 1065 3955 γινόμεναι
1122 3884 1262 3935 κατά
1322 3882 1382 3934 16
1437 3883 1806 3955 μεσημϐρινὸν
1855 3885 1953 3953 τῆς

282 3975 498 4046 ἡμέρας
529 3972 869 4027 ἁναπαύουσι
904 3972 969 4024 τά
999 3970 1270 4042 πρόϐατα,
1308 3970 1563 4040 ποθεινὴν
1594 3988 1653 4023 τε
1691 3974 1786 4024 καὶ
1808 3970 1955 4040 ὼφέο

280 4062 441 4130 λιμον
478 4062 778 4131 παρέχουσι
803 4060 901 4130 τήν
933 4058 1111 4121 σλιάν,
1149 4058 1243 4110 καὶ
1289 4056 1425 4126 μετὰ
1454 4056 1657 4125 πολλῆς
1688 4074 1953 4111 κατακοι-

284 4148 500 4219 μίζουσι
534 4148 635 4216 τῆς
660 4148 872 4219 ήδονῆς,
903 4145 977 4209 ὼς
1006 4147 1039 4216 ή
1072 4146 1179 4197 τῶν
1204 4143 1360 4197 θείων
1392 4144 1623 4214 Ι’ρα;ρῶν
1645 4145 1953 4213 ἀνάγνωσις

278 4237 381 4298 τάς
410 4235 757 4304 ὀδυνωμένας
780 4234 958 4305 ψυχὰς
984 4236 1077 4287 καὶ
1096 4233 1300 4303 ἀθυμία
1318 4231 1693 4302 κατεχομένας
1710 4235 1951 4287 ἀνακτᾶ-

278 4341 373 4378 ται
408 4324 503 4375 καὶ
548 4322 875 4393 καταψύχει,
925 4323 988 4374 16
1036 4322 1135 4392 μὲν
1172 4320 1397 4390 σφοδρὸν
1440 4321 1535 4374 καὶ
1581 4320 1806 4385 διακαὲς
1850 4322 1950 4393 τῆς

280 4408 475 4477 ὀδύνης
502 4408 899 4477 ἁποχριομένη,
932 4408 1285 4478 παραμυθίαν
1306 4407 1361 4460 δὲ
1390 4409 1545 4470 σκιᾶς
1573 4408 1793 4478 ἁπάσης
1816 4410 1949 4480 ἡδίω

278 4496 373 4551 καὶ
406 4494 774 4568 τερπνοτέραν
799 4494 1132 4565 παρέχουσα.
1165 4496 1240 4547 Οὐ
1276 4496 1383 4567 γὰρ
1421 4495 1576 4565 μόνον
1606 4495 1663 4547 ἐν
1684 4498 1807 4559 ταῖς
1839 4497 1948 4549 τῶν

277 4582 579 4655 χρημάτων
608 4580 854 4651 ζημίαις,
882 4580 1005 4632 οὑδέ
1031 4582 1088 4632 ἐν
1114 4584 1234 4645 ταῖς
1265 4582 1372 4635 τῶν
1396 4584 1598 4635 τέκνων
1628 4582 1942 4649 ἀποϐολαῖς,

276 4668 404 4722 οῦτε
432 4670 489 4721 ἐν
512 4669 624 4730 τοῖς
661 4666 839 4729 ἀλλοις
868 4669 980 4729 τοῖς
1017 4669 1302 4732 τοιούτοις,
1334 4670 1465 4723 ἀλλὰ
1491 4669 1583 4723 καὶ
1614 4670 1669 4722 ἐν
1693 4672 1811 4734 ταῖς
1838 4670 1946 4723 τῶν

282 4755 570 4827 ἁμαρτιῶν
611 4754 963 4826 περιστάσεσι
998 4754 1201 4827 πολλὴν
1243 4760 1373 4829 ημῖν
1404 4758 1539 4828 αὐτὴ
1590 4758 1818 4829 παρέχει
1846 4760 1947 4830 τὴν

280 4842 657 4915 παραμυθίαν.
692 4844 860 4897 Ὅταν
898 4842 1006 4913 γὰρ
1030 4841 1317 4914 ἄνθρωπος
1341 4846 1443 4899 ὑπὸ
1478 4846 1750 4917 ἁμαρτίας
1784 4846 1947 4912 ἁλοὺς

280 4933 378 4986 καὶ
416 4931 830 4994 ὑποσκελισθεὶς
867 4930 1171 5001 καταπέσῃ,
1221 4930 1340 4987 εἶτα
1390 4934 1648 5007 κατεσθίῃ
1682 4936 1847 4989 αὐτὸν
1886 4938 1947 4991 16

284 5018 541 5083 συνειδὸς,
582 5020 676 5072 καὶ
711 5020 811 5089 τῆς
860 5017 1133 5089 ἁμαρτίας
1188 5022 1428 5092 συνεχῶς
1485 5025 1941 5095 ἀναμιμνήσκων,

282 5107 473 5164 ἐαυτὸν
520 5106 799 5177 ἀποπνίγῃ
842 5110 909 5177 τῇ
951 5107 1047 5177 τῆς
1074 5106 1314 5177 ἀθυμίας
1344 5110 1639 5183 ὑπερϐολῇ,
1687 5112 1781 5164 καὶ
1820 5111 1944 5165 καθ’

282 5200 517 5267 ἑκάστην
555 5196 927 5266 ἐμπυρίζηται
974 5196 1069 5268 τὴν
1102 5197 1337 5266 ἡμέραν,
1387 5202 1484 5253 καὶ
1521 5200 1729 5272 μυρίων
1762 5218 1943 5270 παρα-

280 5285 610 5347 καλούντων,
634 5282 699 5335 ἃν
730 5283 803 5354 μὴ
828 5286 1155 5357 προσίηταιιι
1177 5284 1271 5355 τὴν
1298 5289 1667 5358 παράκλησιν,
1689 5288 1942 5342 εἰσελθὼν

279 5378 363 5441 είς
391 5376 487 5447 τὴν
516 5372 831 5441 ἐκκλησίαν,
875 5375 968 5427 καὶ
1014 5374 1249 5437 ἀκούσας
1278 5375 1359 5426 ὅτι
1406 5378 1591 5431 πολλοὶ
1620 5378 1727 5431 τῶν
1769 5379 1939 5447 ἁγίων

278 5465 535 5525 πεσόντες
564 5460 887 5531 ἀνέστησαν,
924 5464 1019 5515 καὶ
1048 5466 1126 5526 εἰς
1158 5464 1251 5533 τὴν
1286 5464 1554 5535 προτέραν
1584 5466 1745 5519 πάλιν
1773 5469 1943 5520 ἐπαν-

277 5550 442 5618 ῆλθον
468 5549 849 5618 εὐδοκίμησιν,
897 5548 1265 5613 λανθανόντως
1304 5550 1482 5603 λαϐὼν
1525 5552 1625 5623 τήν
1683 5572 1940 5625 παραμυ-

278 5635 403 5689 θίαν
437 5637 754 5709 ἀπέρχεται.
774 5633 886 5687 Καὶ
912 5634 1222 5706 ἀνθρώποις
1253 5637 1349 5708 μὲν
1376 5635 1633 5701 πολλάκις
1665 5641 1941 5711 ἁμαρτόν-

275 5737 369 5784 τες
394 5724 519 5777 οῦτε
550 5722 849 5791 ἐκκαλύψαι
881 5721 940 5774 τὸ
964 5722 1342 5796 πλημμέλημα
1377 5726 1717 5796 ὑπομένομεν
1746 5732 1941 5798 αἰσχυ-

275 5808 491 5879 νόμενοι
539 5813 632 5864 καὶ
664 5808 1039 5883 ἐρυθριῶντες,
1088 5812 1190 5864 κᾶν
1223 5814 1278 5866 δέ
1317 5814 1729 5885 ἐκκαλύψωμεν,
1784 5818 1938 5871 οὐδὲν

340 5913 523 5991 εῇεηο
546 5914 991 5991 s_c_rip19ram_nobis
1029 5920 1361 5991 suppeqitnvit
1384 5922 1553 5980 SaviL,
1589 5924 1671 5984 qui
1708 5924 1931 5975 ediderat

274 5977 517 6031 προσίεται
565 5977 732 6027 Mumf.
769 5986 933 6028 autem
963 5977 1179 6040 προσείη.
1210 5982 1340 6033 lion.

2058 2995 2465 3071 καρπωσόμεθα
2506 2994 2788 3047 τοσοῦτον⁸
2836 2994 2961 3047 ὅταν
2994 2992 3051 3045 δὲ
3096 2990 3230 3054 Θεὸς
3277 2990 3592 3062 παρακαλῇ,
3638 2990 3735 3045 καὶ

2055 3091 2155 3160 τῆς
2219 3086 2448 3157 καρδίας
2500 3084 2761 3152 ἅπτηται,
2810 3083 2960 3135 πᾶσα
3000 3080 3210 3150 ταχέως
3261 3078 3733 3149 φυγαδευθήσεται

2058 3174 2327 3245 σατανικὴ
2379 3172 2547 3241 λύπη.
2576 3171 2673 3223 Διά
2719 3169 2878 3221 τοῦτο
2917 3169 3011 3221 καλ⁵
3064 3166 3337 3237 πτώματα
3365 3166 3474 3219 τῶν
3507 3165 3733 3219 δικαίων

2054 3264 2203 3318 ἐστὶν
2241 3263 2375 3333 ἡμῖν
2418 3260 2767 3329 άνάγραπτα,
2798 3257 2886 3311 ἵνα
2929 3256 2981 3308 οῖ
3021 3271 3081 3308 τε
3123 3253 3539 3325 κατορθοῦντες,
3590 3252 3732 3305 οἵτε

2056 3352 2464 3423 ἁμαρτάνοντες
2512 3349 2581 3403 τὰ
2619 3347 2851 3418 μέγιστα
2895 3347 2959 3399 ἐκ
3006 3343 3214 3397 τούτων
3264 3343 3617 3414 κερδάνωσιν.
3674 3342 3734 3395 Ὀ

2055 3440 2163 3511 γὰρ
2206 3438 2541 3509 ἁμαρτάνων
2569 3436 2670 3489 οὐκ
2697 3435 2917 3505 ἐρχεται
2945 3434 3025 3496 είς
3047 3432 3362 3500 ἀπόγνωσιν
3385 3432 3479 3485 καὶ
3500 3430 3733 3485 ἀπελπι-

2059 3528 2192 3597 σμδν
2215 3525 2393 3598 [505],
2428 3523 2552 3577 ίδὼν
2588 3524 2776 3593 ἓτερον
2817 3521 3078 3583 πεσόντα,
3110 3521 3205 3576 καὶ
3239 3520 3403 3573 παλιν
3433 3519 3734 3591 ἀναστῆναι

2056 3614 2354 3684 δυνηθέντα
2376 3630 2389 3644 ο
2414 3614 2442 3665 6
2484 3612 2539 3664 δέ
2572 3609 2923 3680 δικαιοσύνην
2953 3608 3344 3679 ἐργαζόμενος,
3378 3606 3701 3661 σπουδαιότε
3726 3638 3735 3647 -

2058 3720 2150 3773 ρος
2176 3702 2330 3755 ἔσται
2356 3702 2452 3754 καῖ
2478 3700 2903 3770 ἀσφαλέστερος.
2934 3699 3108 3751 ’Ὅταν
3135 3696 3243 3767 γὰρ
3268 3696 3376 3748 τῶν
3406 3695 3572 3749 αὑτοῦ
3597 3696 3734 3749 πολὺ

2056 3789 2343 3860 βελτιόνων
2369 3789 2601 3851 πολλοὺς
2626 3786 3042 3849 καταπεσόντας
3067 3786 3173 3856 ίδη,
3196 3784 3275 3854 τῷ
3298 3785 3449 3855 φόϐῳ
3474 3786 3571 3855 τῆς
3592 3785 3737 3837 ἐκεί-

2053 3895 2158 3929 νων
2185 3876 2446 3939 πτώσεως
2467 3875 2957 3946 σωφρονιζόμενος,
2983 3872 3277 3941 ἐναγώνιος
3296 3873 3451 3926 ἐσται
3478 3873 3732 3937 πάντοτε,

2054 3966 2151 4019 καὶ
2181 3964 2381 4035 πολλὴν
2407 3964 2537 4035 περὶ
2558 3963 2750 4019 ἐαυτὸν
2780 3963 3113 4027 ἐπιδείξεται
3142 3961 3243 4034 τὴν
3268 3962 3574 4032 ἀσφάλειαν
3593 3979 3607 3994 ⁸
3640 3964 3735 4016 καὶ

2055 4052 2229 4116 οὕτως
2255 4053 2283 4105 ὁ
2312 4053 2410 4123 μὲν
2436 4052 2536 4122 τὴν
2561 4050 2766 4123 ἀρετὴν
2793 4050 3099 4121 κατορθῶν,
3134 4052 3162 4103 6
3183 4052 3240 4103 δὲ
3271 4052 3604 4120 ἁμαρτάνων
3633 4051 3734 4121 τῆς

2056 4139 2423 4209 ἀπογνώσεως
2443 4139 2801 4207 ἀπαλλαγεὶς,
2832 4139 2861 4190 6
2890 4138 2990 4208 μὲν
3017 4139 3276 4208 στήσεται
3304 4138 3589 4207 ἀσφαλῶς,
3623 4140 3651 4190 6
3675 4138 3733 4192 δέ

2053 4227 2310 4298 ἐπανήξει
2338 4227 2572 4297 ταχέως,
2588 4227 2711 4279 ὅθεν
2736 4226 3017 4293 ἐξέπεσεν.
3042 4227 3213 4279 Ὅταν
3228 4227 3339 4297 γὰρ
3354 4228 3503 4297 ἡμᾶς
3519 4226 3731 4297 ἄνθρω-

2052 4332 2154 4377 πος
2202 4314 2497 4385 παρακαλῇ
2555 4314 2953 4386 λυπουμένους,
2990 4316 3088 4370 καὶ
3114 4313 3357 4387 δόξωμεν
3389 4315 3527 4385 πρδς
3552 4315 3732 4384 ὀλίγον

2048 4403 2520 4473 παραμυθεῖσθαι,
2571 4404 2734 4458 πάλιν
2768 4406 2851 4467 εἰς
2900 4405 2999 4474 τὴν
3051 4404 3222 4473 αὐτὴν
3271 4402 3513 4473 ἀθυμίαν
3561 4420 3732 4457 κατα·-

2048 4493 2359 4564 πίπτομενο
2421 4494 2561 4549 ἐπὰν
2613 4495 2669 4547 δὲ
2711 4498 2739 4548 6
2786 4493 2919 4557 Θεὸς
2972 4493 3351 4564 προτρέπηται
3401 4493 3467 4547 δι’
3525 4494 3727 4564 ἐτέρων

2049 4581 2513 4653 ἁμαρτησάντων,
2567 4582 2661 4634 καὶ
2716 4581 3200 4651 μετανοησάντων,
3260 4581 3355 4635 καὶ
3409 4581 3723 4641 σωθέντων.

2050 4668 2293 4739 φανερὰν
2320 4671 2454 4741 ἡμῖν
2486 4668 2750 4739 ποιεῖτὴν
2778 4667 2945 4723 αὐτοῦ
2973 4668 3306 4739 ἀγαθότητα,
3341 4669 3426 4721 ἵνα
3459 4668 3533 4739 μὴ
3555 4670 3726 4738 ἀμφι-

2049 4756 2333 4827 ϐάλλωμεν
2365 4756 2493 4825 περὶ
2543 4755 2644 4826 τῆς
2686 4756 2896 4809 ἐαυτῶν
2943 4758 3239 4827 σωτηρίας,
3284 4757 3724 4828 ὁμολογουμένην

2050 4847 2144 4899 καὶ
2191 4844 2406 4913 ἀσφαλῆ
2439 4843 2723 4916 δεχόμενοι
2755 4846 2856 4916 τὴν
2892 4845 3258 4916 παράκλησιν.
3297 4845 3511 4916 Ὥσπερ
3543 4841 3635 4899 οῦν
3664 4848 3723 4899 ἐν

2046 4936 2166 4996 ταῖς
2193 4932 2300 4983 τῶν
2340 4933 2758 5003 ἁμαρτημάτων
2788 4932 3193 5001 περιστάσεσιν,
3227 4930 3370 4985 οὔτω
3392 4934 3486 4985 καὶ
3519 4933 3577 4985 ἐν
3603 4936 3720 4998 ταῖς

2045 5020 2151 5072 τῶν
2182 5020 2445 5073 κινδύνων
2468 5022 2807 5089 ἐπαγωγαῖς,
2839 5020 3022 5075 ἱκανὸν
3049 5021 3164 5083 τοῖς
3198 5019 3467 5090 ἀθυμοῦσι
3504 5022 3721 5093 φάρμα-

2044 5126 2139 5162 κον
2168 5111 2225 5163 αἱ
2261 5110 2489 5163 παλαιαὶ
2536 5110 2642 5164 τῶν
2688 5110 2921 5181 Γραφῶν
2965 5110 3201 5182 ἱστορίαι
3235 5110 3534 5181 παρέχουσι
3584 5114 3717 5165 πᾶσι

2042 5201 2157 5263 τοῖς
2190 5199 2530 5270 βουλομένοις
2564 5199 2874 5271 προσέχειν.
2911 5201 3023 5254 Καὶ
3050 5202 3159 5254 εἴτε
3186 5202 3486 5271 χρημάτων
3513 5202 3717 5274 δήμευο

2046 5302 2151 5350 σις,
2192 5288 2301 5341 εἴτε
2349 5287 2701 5354 συκοφαντῶν
2744 5289 3018 5359 ἐπήρειαι,
3051 5288 3159 5340 εἴτε
3191 5287 3563 5359 δεσμωτήρια,
3604 5291 3714 5344 εἴτε

2048 5374 2329 5443 μάστιγες,
2357 5373 2457 5427 κᾶν
2481 5374 2660 5427 ὀτιοῦν
2683 5376 2769 5427 έτε
2779 5393 2869 5447 ρον
2898 5375 3003 5427 τῶν
3024 5375 3213 5428 δεινῶν
3231 5378 3380 5447 ἡμᾶς
3408 5378 3710 5453 καταλάϐῃ,

2046 5460 2447 5524 ἀποϐλέποντες
2478 5464 2558 5524 είς
2588 5464 2714 5525 106;
2740 5463 2983 5526 δικαίους
3008 5465 3136 5527 τοὺς
3170 5471 3240 5517 τά
3276 5466 3413 5517 αὐτά
3444 5466 3713 5531 παθόντας

2046 5550 2136 5599 καὶ
2183 5548 2605 5617 ὑπομείναντας,
2651 5551 2861 5620 ταχέως
2892 5552 2973 5614 εἰς
3003 5552 3231 5615 ἑαυτοὺς
3274 5552 3449 5604 ἐλθεῖν
3492 5553 3713 5624 δυνησό-

2049 5634 2208 5703 μεθα.
2258 5635 2380 5688 Ἐπὶ
2417 5638 2515 5706 μὲν
2559 5638 2667 5707 γάρ
2701 5638 2806 5691 τῶν
2837 5636 2932 5692 τοῦ
2966 5638 3217 5709 σώματος
3262 5638 3454 5693 παθῶν
3486 5641 3547 5694 16
3577 5642 3712 5714 πρὸς

2040 5724 2165 5784 1:06;
2201 5724 2505 5791 πάσχοντας
2540 5726 2749 5795 άφορᾷν
2784 5727 3044 5780 ἐπιτείνει
3088 5728 3185 5797 τὴν
3229 5728 3385 5782 νόσον
3408 5730 3501 5782 τοῦ
3531 5731 3711 5801 ἀρρω-

2046 5804 2318 5867 στοῦντος,
2353 5805 2610 5869 πολλάκις
2657 5809 2712 5861 δὲ
2758 5812 2851 5862 καὶ
2881 5813 2979 5864 οὐκ
3010 5806 3175 5865 οὖσαν
3226 5813 3553 5882 ἐργάζεταιο
3598 5808 3711 5867 οἷον

2043 5894 2353 5963 ὀφθαλμοὺς
2395 5897 2701 5967 πάσχοντας
2734 5901 2930 5963 ἰδόντες
2957 5902 3120 5967 τινὲς,
3161 5902 3455 5972 μετέλαϐον
3486 5902 3579 5955 τοῦ
3618 5920 3705 5955 νοο

2040 5981 2282 6052 σήματος
2313 5982 2420 6037 ἀπὸ
2444 5985 2544 6055 τῆς
2575 5985 2702 6051 θέας
2732 5988 2897 6059 μόνης
2918 6004 2932 6017 ο
2966 5988 3057 6042 ἐπὶ
3086 5989 3142 6043 δέ
3176 5990 3353 6060 ψυχῆς
3385 5991 3483 6061 οὐχ
3511 5987 3704 6057 οὕτως,
