4446 6724
740 423 838 477 τοι

738 535 877 592 ἀλλά
902 531 964 585 τὸ
990 529 1232 586 ἐναντίον
1277 527 1504 596 γίνεται,
1539 522 1633 575 καὶ
1672 519 1732 573 τδ
1776 514 2014 587 συνεχῶς
2048 512 2250 566 ἐννοεῖν
2276 509 2402 571 τούς

739 623 811 676 τά
846 620 1074 674 τοιαῦτα
1105 613 1458 675 πεπονθότας,
1505 611 1636 681 ἡμῖν
1673 605 2012 675 κουφοτέραν
2050 601 2283 653 ποιεῖται
2307 596 2406 666 τὴν

740 711 836 762 ἐπί
875 710 988 771 τοῖς
1016 703 1304 777 ἡμετέροις
1346 700 1536 761 κακοῖς
1582 694 1839 764 ἀθυμίαν.
1889 691 1989 744 Διά
2033 687 2204 777 τοῦτοΔ
2237 684 2331 736 καὶ
2366 685 2408 777 ⁸ό

741 795 955 858 Παῦλος
989 771 1114 856 τόύς
1137 771 1298 852 ὄντας
1337 786 1563 848 πιστοὺς
1594 781 1786 836 τοῦτον
1819 776 2130 850 παρακαλεῖ
2160 772 2250 825 τὸν
2284 771 2411 842 τρόο-

739 902 866 946 πον,
901 883 997 950 οὐχ
1035 881 1117 933 ὅτι
1141 879 1269 940 τούς
1295 875 1505 940 ζῶντας
1557 872 1716 942 μόνον
1741 867 1954 936 ἀγίους,
1993 862 2131 917 ἀλλὰ
2161 859 2256 912 καὶ
2285 860 2412 922 τούς

741 946 1117 1029 ἀποθανόντας
1170 965 1248 1027 εἰς
1310 962 1476 1032 μέσον
1528 957 1817 1026 παράγων.
1862 951 2134 1024 Ἑϐραίοις
2167 947 2265 1017 μὲν
2300 946 2392 1016 γάρ

740 1056 1118 1126 διαλεγόμενος
1179 1050 1466 1122 μέλλουσιν
1524 1040 1974 1107 ὑποσκελίζεσθαι
2030 1037 2126 1091 καὶ
2171 1033 2408 1126 καταπί-

741 1121 920 1207 πτειν,
947 1121 1076 1204 τοὺς
1106 1121 1298 1207 ἁγίους
1330 1137 1530 1202 ἀνδρας
1565 1134 1644 1196 είς
1683 1130 1848 1202 μέσον
1887 1125 2148 1198 παράγει,
2187 1121 2279 1174 τὸν
2308 1122 2412 1172 Δα-

743 1231 886 1297 νιὴλ,
930 1229 1060 1291 τοὺς
1114 1226 1312 1286 παῖδας
1344 1224 1470 1285 τοὺς
1521 1223 1692 1290 τρεῖς,
1723 1217 1814 1269 τὸν
1857 1213 2064 1273 Ἠλίαν,
2101 1209 2195 1262 τὸν
2235 1207 2414 1260 Ἐλισ-

743 1321 924 1380 σαῖον,
948 1315 1144 1369 οὑτωσὶ
1187 1312 1360 1380 λέγων
1385 1327 1399 1340 ·
1435 1306 1746 1376 Ἔφμιξαν
1793 1303 2062 1370 στόματα
2111 1297 2410 1359 λεόντων,

739 1406 1006 1459 ἔσϐεσαν
1026 1395 1507 1468 δύναμινπυρὸς,
1541 1394 1768 1462 ἔφυγον
1789 1391 2059 1458 στόματα
2086 1383 2410 1456 μαχαίρας,

739 1489 1176 1554 ἐλιθάσθησαν,
1198 1479 1545 1552 ἐμπαιγμῶν
1583 1479 1675 1533 καί
1700 1478 2012 1547 μαστίγων
2035 1473 2246 1542 πεῖραν
2271 1471 2414 1524 ἕλα-

742 1578 872 1641 ϐον,
903 1575 990 1630 ἔτι
1022 1573 1091 1627 δέ
1117 1570 1359 1640 δεσμῶν
1397 1569 1495 1622 καί
1531 1565 1840 1637 φυλακῆς·
1872 1562 2200 1633 περιῆλθον
2220 1560 2290 1612 ἐν
2304 1573 2418 1626 μη-

739 1661 981 1728 λωταῖς,
1012 1662 1082 1714 ἐν
1109 1659 1357 1728 αἰγείοις
1386 1656 1699 1726 δέρμασιν,
1727 1653 2180 1721 ὑστερούμενοι,
2223 1647 2418 1702 θλιϐό-

736 1767 928 1820 μενοι,
963 1747 1455 1813 κακουχούμενοι,
1484 1735 1572 1794 ὧν
1595 1744 1706 1794 οὐκ
1728 1737 1807 1810 ἦν
1833 1740 2002 1804 ἄξιος
2030 1741 2063 1791 ό
2092 1737 2342 1804 κόσμος.

825 1838 889 1892 Ἦ
925 1836 983 1888 δὲ
1029 1833 1285 1886 κοινωνία
1313 1829 1423 1882 τῶν
1457 1827 1645 1882 παθῶν
1676 1839 1700 1867 ι
1738 1829 1851 1889 τοῖς
1881 1824 2240 1894 ὀδυνωμένοις
2269 1839 2412 1892 παρ-

741 1928 854 1998 έχει
888 1921 1245 1994 παραμυθίαν
1265 1936 1276 1948 ’
1306 1919 1400 1971 καὶ
1431 1915 1682 1986 καθάπερ
1706 1914 1768 1967 τὸ
1803 1914 1967 1984 μόνον
1999 1911 2194 1965 παθεῖν
2223 1927 2276 1963 τι
2305 1909 2415 1962 δει-

741 2017 852 2078 νὺν,
876 2008 1310 2082 ἀπαραμύθητον
1338 2007 1450 2076 ἔχει
1476 2006 1536 2058 τὸ
1562 2005 1750 2068 κακὸν,
1778 2002 1920 2057 οῦτω
1940 2002 2002 2054 τὸ
2019 2002 2199 2071 εὑρεῖν
2226 2000 2415 2069 ἕτερον

737 2106 852 2165 τοῖς
883 2102 1066 2161 αὐτοῖς
1099 2095 1466 2169 περιπεσόντα
1513 2095 1702 2157 κακοῖς
1741 2091 2084 2162 κουφοτέραν
2125 2088 2416 2160 ἐργάζεται

738 2190 840 2243 τίαν
867 2188 1100 2257 πληγήν.

816 2268 880 2340 β’.
917 2275 1014 2328 ’Ὶν’
1043 2269 1137 2328 οῦν
1168 2275 1225 2326 ἐν
1269 2274 1402 2326 πᾶσι
1437 2272 1548 2333 τοῖς
1589 2266 1840 2320 δοκοῦσιν
1879 2266 2024 2336 ἡμᾶς
2056 2262 2294 2332 ἐνοχλεῖν
2340 2263 2415 2332 μὴ

743 2361 1202 2432 καταπίπτωμεν,
1250 2359 1388 2430 μετά
1435 2356 1716 2426 ἀκριϐείας
1759 2353 2118 2423 προσέχωμεν
2151 2353 2272 2411 ταῖς
2303 2349 2413 2400 τῶν

742 2448 976 2521 Γραφῶν
1007 2447 1302 2518 ἱστορίαις·
1335 2443 1537 2512 πολλῆς
1569 2442 1679 2511 γὰρ
1713 2439 1990 2510 ὑπομονῆς
2038 2436 2289 2490 ἐντεῦθεν
2321 2435 2416 2504 λη-

739 2535 952 2606 ψόμεθα
995 2533 1274 2604 ἀφορμὴν,
1317 2531 1378 2584 οὐ
1409 2532 1477 2599 τῇ
1510 2527 1764 2597 κοινωνία
1807 2525 1916 2578 τῶν
1948 2525 2016 2579 τά
2048 2526 2190 2579 αὐτά
2219 2523 2419 2577 παθόν-

739 2643 847 2678 των
873 2620 1358 2695 παραμυθούμενοι
1389 2619 1573 2688 μόνον,
1601 2615 1738 2668 ἀλλὰ
1769 2615 1863 2667 καὶ
1884 2613 1962 2684 τῷ
1994 2613 2287 2683 μανθάνειν
2326 2613 2418 2666 τὸν

739 2694 966 2784 τρόπον
989 2711 1088 2780 τῆς
1136 2707 1455 2775 ἀπαλλαγῆς
1487 2703 1598 2756 τῶν
1629 2701 1985 2772 ἐπαγομένων
2027 2703 2163 2771 ήμῖν
2205 2699 2418 2762 δεινῶν,
2449 2694 2453 2699 ’

741 2801 838 2854 καὶ
872 2798 1011 2868 μετά
1043 2798 1142 2866 τὴν
1174 2796 1358 2850 ἄνεσιν
1406 2793 1586 2862 μένειν
1626 2789 1788 2842 πάλιν
1820 2788 1914 2841 ἐπὶ
1950 2788 2050 2857 τῆς
2095 2788 2289 2858 αὐτῆς,
2325 2791 2421 2841 καὶ

745 2899 882 2957 μήτε
910 2887 990 2947 είς
1024 2881 1293 2954 ρᾳθυμίαν
1334 2878 1646 2938 ἐκπίπτειν,
1699 2877 1836 2945 μήτε
1867 2875 1947 2934 είς
1981 2873 2240 2926 ἀπόνοιαν
2268 2873 2423 2943 αἴρε-

747 2973 894 3027 σθαι.
923 2971 997 3024 Τδ
1031 2969 1128 3038 μὲν
1153 2967 1266 3038 γὰρ
1298 2964 1486 3028 κακῶς
1539 2963 1880 3035 πράττοντας
1910 2959 2295 3014 συστέλλεσθαι
2325 2963 2420 3013 καὶ

744 3057 1138 3116 ταπεινοῦσθαι
1201 3055 1300 3108 καὶ
1356 3051 1557 3122 πολλὴν
1630 3049 1918 3102 εὐλάϐειαν
1987 3047 2418 3110 ἐπιδείκνυσθαι,

745 3146 1062 3220 θαυμαστὸν
1093 3142 1276 3198 οὐδέν·
1324 3141 1463 3211 αῦτη
1506 3139 1616 3209 γὰρ
1655 3140 1689 3209 ἡ
1737 3137 1846 3190 τῶν
1895 3135 2220 3207 πειρασμῶν
2261 3135 2423 3204 φύσις

745 3236 842 3291 καὶ
874 3235 1001 3296 τούς
1042 3230 1252 3299 λιθίνην
1293 3225 1444 3300 [504]
1487 3226 1712 3296 ἔχοντας
1743 3223 1971 3294 καρδίαν
2015 3224 2423 3291 καταναγκάζει

707 3328 709 3330 ’
745 3323 906 3377 τοῦτο
939 3321 1134 3382 ποιεῖν,
1179 3316 1243 3370 τδ
1276 3313 1598 3368 λυπεῖσθαι·
1647 3311 1824 3383 ψυχῆς
1855 3310 1912 3364 δέ
1943 3313 2092 3364 ἐστιν
2135 3311 2420 3377 εὐλαϐοῦς,

746 3412 840 3465 καὶ
865 3410 955 3463 τὸν
975 3407 1107 3460 Θεὸν
1134 3403 1366 3476 ἐχούσης
1395 3401 1658 3472 διηνεκῶς
1679 3399 1786 3472 πρὸ
1813 3397 2130 3469 ὀφθαλμῶν,
2161 3398 2258 3450 καὶ
2284 3398 2426 3468 μετὰ

746 3499 847 3570 τὴν
891 3497 1000 3550 τῶν
1041 3491 1367 3564 πειρασμῶν
1423 3487 1744 3558 ἀπαλλαγὴν
1802 3486 2076 3557 μηδέποτε
2120 3489 2203 3548 είς
2252 3485 2424 3556 λήθην

746 3587 1037 3658 ἐμπεσεῖν·
1091 3582 1230 3650 ὅπερ
1283 3577 1528 3630 Ἰουδαῖοι
1575 3573 1816 3644 συνεχῶς
1876 3573 2135 3644 ἔπασχον.
2180 3574 2274 3627 Διὸ
2330 3575 2424 3627 καὶ

746 3675 1017 3728 σκώπτων
1039 3667 1236 3730 αὑτούς
1260 3666 1288 3717 6
1321 3664 1606 3734 προφήτης
1634 3661 1822 3730 ἔλεγεν
1843 3679 1856 3691 ·
1879 3659 2425 3715 Ὄτανὰπέκτεινεν

745 3760 990 3824 αὐτοὺς,
1022 3757 1156 3810 τότε
1188 3753 1439 3820 ἐζήτουν
1491 3749 1701 3813 αὐτὸν,
1744 3749 1841 3802 καὶ
1871 3747 2279 3818 ἐπέστρεφον,
2321 3749 2420 3802 καὶ

743 3844 1026 3918 ὢρθριζον
1054 3843 1206 3912 πρὸς
1241 3841 1350 3894 τὸν
1378 3839 1547 3893 Θεόν.
1568 3838 1679 3890 Καὶ
1705 3837 1948 3906 Μωῦσῆς
1975 3835 2030 3888 δὲ
2054 3837 2238 3900 αὐτοῖς
2264 3836 2425 3890 τοῦτο

745 3935 882 3991 αὐτὸ
929 3929 1211 3992 συνειδὼς,
1266 3927 1502 3998 παρῄνει
1545 3923 1785 3994 συνεχῶς
1834 3923 2041 3990 λέγων·
2080 3922 2293 3994 Φαγὼν
2321 3925 2423 3978 καί

745 4024 902 4078 πιὼν
929 4019 1028 4074 καί
1054 4015 1450 4088 ἐμπλησθεὶς,
1484 4013 1747 4082 πρόσεχε
1774 4009 2028 4074 σεαυτῷ,
2051 4010 2137 4080 μὴ
2165 4011 2423 4082 ἐπιλείοῃ

746 4110 970 4179 Κυρίου
992 4104 1099 4160 τοῦ
1123 4103 1270 4158 Θεοῦ
1291 4119 1433 4156 σου.
1465 4099 1637 4154 Τοῦτο
1663 4098 1796 4169 γοῦν
1823 4098 1918 4151 καὶ
1934 4097 2149 4166 ἐγένετο
2167 4115 2181 4129 ·
2202 4100 2422 4169 Ἕφαγε

752 4199 880 4268 γὰρ,
926 4193 1112 4264 φησὶν,
1177 4187 1398 4252 Ἰακὼϐ,
1439 4189 1536 4244 καί
1577 4183 1896 4252 ἐλιπάνθη,
1944 4184 2043 4238 καί
2087 4185 2420 4253 ἐπαχύνθη,

745 4285 845 4338 καί
876 4279 1286 4336 ἀπελάκτισεν
1318 4279 1351 4330 ό
1375 4272 1778 4345 ήγαπημένος.
1809 4273 2014 4344 Διόπερ
2045 4273 2107 4325 οὑ
2139 4272 2228 4326 διὰ
2265 4273 2421 4328 τοῦτο

744 4372 855 4443 χρὴ
905 4364 1212 4434 θαυμάζειν
1258 4365 1385 4426 τούς
1433 4363 1642 4430 ἁγίους,
1691 4363 1774 4414 ὅτι
1819 4361 1920 4430 τῆς
1969 4360 2202 4430 θλίψεως
2250 4361 2420 4432 αὐτῆς

744 4455 1127 4529 ἀκμαζούσης,
1158 4451 1334 4514 οὕτως
1365 4445 1508 4520 ἦσαν
1556 4448 1804 4512 εὐλαϐεῖς
1833 4449 1931 4501 καὶ
1972 4448 2276 4517 φιλόσοφοι,
2307 4449 2420 4502 ἀλλ’

744 4549 828 4601 ὅτι
862 4545 959 4598 καὶ
987 4541 1080 4596 τοῦ
1111 4538 1383 4612 χειμῶνος
1414 4536 1776 4610 παρελθόντος
1803 4537 1900 4589 καὶ
1928 4536 2171 4606 γαλήνης
2200 4539 2420 4608 γινομέ-

745 4651 865 4705 νης,
895 4631 990 4684 ἐπὶ
1016 4629 1117 4700 τῆς
1155 4627 1328 4698 αὐτῆς
1360 4625 1549 4696 ἔμενον
1577 4623 1880 4688 ἐπιεικείας
1907 4624 2004 4678 καὶ
2034 4625 2289 4696 σπουδῆς.
2313 4628 2420 4680 Καὶ

749 4724 916 4777 ῖππον
949 4719 1006 4772 δὲ
1036 4719 1246 4771 ἐκεῖνον
1271 4713 1572 4784 θαυμάζειν
1607 4713 1841 4783 μάλιστα
1872 4712 1980 4784 χρὴ
2008 4711 2100 4766 τὸν
2128 4714 2297 4784 χωρίς
2323 4733 2421 4784 χα-

746 4807 894 4864 λινοῦ
938 4805 1235 4876 δυνάμενον
1265 4799 1518 4873 εὐρυθμα
1564 4798 1828 4870 βαδίζειν·
1869 4799 1936 4852 ἀν
1969 4799 2049 4864 δέ,
2097 4799 2280 4871 κημοῦ
2330 4803 2422 4856 καὶ

748 4892 969 4971 χαλινοῦ
1017 4892 1339 4962 κατέχοντος
1375 4887 1560 4950 αὐτὸν,
1592 4886 1854 4957 εὐτακτῇ,
1881 4885 2198 4957 θαυμαστὸν
2232 4887 2418 4942 οὐδέν·

747 4984 810 5038 οὐ
843 4983 953 5054 γάρ
978 4983 1046 5052 τῇ
1081 4977 1330 5047 εὐγενείᾳ
1365 4975 1460 5030 τοῦ
1489 4974 1652 5041 ζῶον,
1690 4973 1828 5028 ἀλλά
1851 4975 1918 5044 τῇ
1948 4975 2164 5048 ἀνάγκη
2189 4975 2286 5031 τοῦ
2322 4995 2420 5048 χα-

745 5069 892 5124 λινοῦ
917 5067 1017 5138 τὴν
1039 5063 1296 5129 εὐταξίαν
1315 5063 1634 5132 λογίσασθαι
1656 5061 1788 5132 χρή.
1817 5059 1990 5113 Τοῦτο
2013 5063 2106 5114 καὶ
2121 5064 2214 5116 ἐπὶ
2239 5064 2423 5134 ψυχῆς

749 5158 896 5211 ἐστιν
928 5157 1124 5220 εἰπεῖν,
1156 5153 1239 5206 ὅτι
1277 5151 1443 5221 φόϐου
1491 5149 1588 5220 μέν
1623 5147 1975 5220 ἐπικειμένου
2005 5149 2258 5220 ἠρεμεῖν,
2291 5152 2422 5205 θαυ-

751 5243 957 5317 μαστὸν
983 5241 1162 5296 οὐδέν·
1203 5241 1335 5293 ὅταν
1371 5238 1430 5292 δέ
1463 5235 1806 5307 παρέλθωσιν
1853 5237 1904 5289 οί
1953 5239 2273 5307 πειρασμοὶ,
2325 5240 2419 5293 καὶ

745 5333 837 5385 τὸν
878 5328 1096 5402 χαλινὸν
1119 5327 1212 5380 τοῦ
1244 5328 1409 5395 φόϐου
1451 5323 1678 5395 περιέλῃ
1713 5341 1815 5386 τις,
1843 5323 1965 5376 τότε
1997 5340 2090 5394 μοι
2125 5323 2298 5388 δεῖξον
2329 5345 2417 5396 φι-

745 5417 1004 5487 λοσοφίαν
1044 5414 1246 5486 ψυχῆς.
1275 5414 1369 5466 καὶ
1394 5413 1495 5484 τὴν
1536 5408 1790 5474 εὐταξίαν
1827 5409 2070 5465 ἃπασαν.
2115 5411 2279 5465 Ἀλλά
2325 5433 2418 5483 φορ

746 5507 948 5578 ϐοῦμαι
973 5505 1068 5577 μὴ,
1105 5503 1429 5575 βουλόμενος
1464 5500 1732 5554 Ἰουδαίων
1763 5503 2113 5572 κατηγορεῖν,
2148 5500 2250 5570 τῆς
2281 5503 2417 5572 ἠμε-

745 5592 911 5665 τέρας
963 5591 1330 5662 κατηγορήσω
1375 5587 1682 5652 πολιτείας·
1731 5585 1856 5640 ἐπεὶ
1901 5586 1995 5639 καὶ
2035 5589 2202 5659 ἡμεῖς
2251 5589 2416 5658 ήνίκα

748 5677 1117 5749 ἐσαλενόμεθα
1148 5677 1256 5732 ἀπὸ
1292 5693 1353 5731 τε
1378 5675 1536 5748 λιμοῦ
1568 5676 1662 5730 καὶ
1691 5671 1882 5747 λοιμοῦ
1911 5675 2004 5731 καὶ
2037 5674 2281 5747 χαλάζης
2320 5676 2414 5728 καὶ

797 5869 823 5897 ⁸
847 5865 996 5917 Sam.
1023 5867 1128 5914 τῶν
1149 5867 1412 5918 παθόντων.

1508 415 1566 470 S.
1604 415 1884 472 JOANNIS
1923 408 2406 469 CIIRYSOSTOMI
2447 409 2766 464 ARUIIIEP.
2808 405 3358 466 CONSTANTINOP.

2508 509 2777 581 ἀϐροχίας
2815 515 2912 566 καὶ
2961 515 3306 587 ἐμπρησμῶν
3348 513 3441 567 καλ⁸
3483 512 3905 578 ἐπαναστάσεως
3947 518 4179 589 ἐχθρῶν,

2509 599 2628 670 οὐχὶ
2681 598 2805 652 καθ’
2848 599 3088 671 ἑκάστην
3120 602 3338 674 ἡμέραν
3359 603 3394 673 ή
3433 598 3696 670 ἐκκλησία
3721 599 3800 669 τῷ
3830 601 4029 673 πλήθει
4075 607 4184 660 τῶν

2513 689 2894 759 συναγομένων
2929 691 3384 762 ἐστενοχωρεῖτο;
3415 689 3511 744 καὶ
3541 687 3709 758 πολλή
3748 704 3838 751 τις
3865 684 3931 759 ἦν
3962 694 4126 762 ἡμῶν
4154 697 4186 766 ἡ

2512 775 2802 846 φιλοσοφία
2835 777 2928 829 καὶ
2961 776 3234 846 ὑπεροψία
3261 778 3372 830 τῶν
3405 774 3675 848 βιωτικῶν
3703 775 4072 845 πραγμάτων,
4098 785 4189 835 καὶ

2508 859 2632 914 οὐτε
2662 864 2964 935 χρημάτων
3014 862 3198 927 πόθος,
3227 861 3351 916 οὔτε
3377 864 3534 935 δόξης
3555 861 3842 932 ἐπιθυμία,
3859 860 3982 914 οὐτε
4008 865 4189 934 ὄρεξις

2510 948 2605 1000 καὶ
2635 950 2776 1020 ἔρως
2820 951 3126 1022 ἀσελγείας,
3165 951 3289 1004 οὔτε
3322 952 3482 1015 ἀλλος
3519 971 3603 1016 τις
3649 950 3908 1021 λογισμὸς
3950 955 4188 1024 πονηρὸς

2513 1037 2633 1089 τότε
2660 1037 2918 1108 ἠνώχλει,
2951 1041 3089 1094 ἀλλά
3113 1041 3312 1104 πάντες
3354 1042 3436 1104 είς
3485 1040 3799 1095 θεοσέϐειαν
3825 1041 4054 1104 ἐαυτοῦς
4090 1044 4191 1096 ἐπα

2512 1122 2772 1187 ἐδώκατε,
2808 1128 2948 1195 μετά
2969 1129 3207 1200 δεήσεως
3244 1128 3336 1182 καλ⁵
3361 1127 3616 1198 δακρύων
3638 1146 3652 1158 ·
3682 1129 3778 1182 καὶ
3802 1131 3830 1181 6
3859 1127 4063 1198 πόρνος
4092 1129 4194 1198 μὲν

2513 1212 2814 1283 ἐσωφρόνει
2854 1213 2999 1277 τότε,
3042 1219 3070 1268 ὀ
3109 1216 3164 1269 δὲ
3208 1217 3544 1287 μνησίκακος
3590 1215 3686 1267 ἐπὶ
3711 1214 3810 1278 τὰς
3841 1213 4192 1284 καταλλαγὰς

2515 1301 2796 1370 ἐτρέπετο,
2828 1302 2856 1353 6
2889 1301 3222 1374 πλεονέκτης
3248 1303 3384 1374 πρὸς
3407 1301 3780 1372 ἐλεημοσύνην
3805 1300 4146 1371 ἐκάμπτετο,
4167 1303 4195 1353 6

2515 1387 2728 1460 ὀργίλος
2756 1388 2850 1441 καὶ
2879 1387 3088 1459 θρασὺς
3117 1393 3198 1452 είς
3229 1389 3734 1462 ταπεινοφροσύνην
3775 1391 3871 1443 καὶ
3909 1389 4198 1460 πραότητα

2525 1474 2889 1545 μετεϐάλλετο
2909 1491 2922 1504 ⁸
2961 1477 3055 1528 καὶ
3081 1477 3221 1530 ἐπάν
3241 1481 3270 1532 6
3297 1479 3429 1543 Θεὸς
3445 1477 3544 1549 τὴν
3563 1475 3734 1548 ὀργὴν
3753 1477 3970 1548 ἐκείνην
3986 1476 4172 1532 διεσκέ

2516 1563 2670 1628 δασε,
2723 1567 2816 1618 καὶ
2869 1564 2964 1618 τόν
2995 1563 3242 1634 χειμῶνα
3279 1567 3589 1638 παρήγαγε,
3624 1564 3715 1618 καὶ
3743 1564 3986 1634 γαλήνην
4017 1567 4199 1634 ἐποίηο

2520 1667 2609 1704 σεν
2663 1653 2730 1706 ἐκ
2779 1650 3050 1705 τοσούτων
3109 1651 3394 1721 κυμάτων,
3452 1656 3534 1718 είς
3569 1653 3669 1717 τὰς
3721 1651 3986 1724 πρότερον
4033 1653 4200 1707 πάλιν

2517 1739 2898 1811 ἐπανήλθομεν
2936 1739 3257 1812 προλήψεις.
3310 1740 3502 1796 Καίτοι
3529 1760 3592 1812 γε
3617 1742 3717 1796 οὐκ
3749 1742 4039 1812 ἐπαυόμην
4073 1742 4198 1796 τότε

2518 1827 2650 1898 παρ’
2673 1828 2838 1880 αὐτὸν
2862 1829 2954 1881 τὸν
2975 1827 3164 1898 καιρὸν
3193 1825 3304 1879 τῶν
3332 1829 3661 1900 πειρασμῶν
3687 1829 3970 1900 προλέγων
3999 1827 4197 1892 ταῦτα,

2517 1915 2614 1968 καὶ
2643 1915 2840 1986 προδια
2849 1915 3261 1988 μαρτυρόμενος
3281 1929 3294 1944 ·
3320 1913 3437 1968 ἀλλ’
3467 1917 3619 1986 ὅμως
3643 1917 3793 1970 οὐδὲν
3821 1918 3952 1987 ἡμῖν
3978 1916 4202 1984 ἐγένετό

2518 2020 2572 2057 τι
2612 2003 2799 2066 πλέον,
2833 2003 2948 2057 ἀλλ’
2981 2003 3057 2066 ὡς
3089 2001 3220 2072 δναρ
3253 2001 3350 2055 καλ⁸
3387 2003 3550 2057 σκιάν
3593 2005 3996 2077 παρελθοῦσαν,
4023 2005 4201 2068 οὑτως

2519 2089 2739 2144 ἅπαντα
2771 2093 2957 2144 ἐκεῖνα
2995 2090 3094 2161 τῆς
3119 2089 3356 2154 διανοίας
3389 2089 3678 2155 ἐξεϐάλετε
3718 2094 3770 2147 ιν.
3813 2093 3913 2146 Διά
3935 2093 4002 2164 δὴ
4044 2091 4206 2146 τοῦτο

2518 2177 2735 2232 δέδοικα
2769 2178 2865 2232 νῦν
2903 2179 3104 2250 μᾶλλον
3138 2179 3171 2249 ἢ
3211 2178 3357 2244 τότε,
3393 2178 3492 2231 καὶ
3528 2178 3558 2230 ὃ
3581 2178 3704 2231 τότε
3738 2180 3946 2250 ἔλεγον,
3981 2181 4077 2234 νῦν
4114 2181 4203 2233 δέ·-

2518 2265 2673 2319 δοικα
2708 2265 2995 2337 μειζόνως,
3023 2267 3099 2337 μὴ
3131 2264 3489 2336 χαλεπώτερα
3516 2263 3626 2317 τῶν
3653 2268 3940 2336 προτέρων
3966 2270 4205 2322 ἐπισπαο

2519 2351 2744 2422 σώμεθα
2789 2353 2960 2415 κακά,
3006 2354 3103 2407 καὶ
3143 2353 3265 2406 τότε
3298 2351 3581 2423 δεξώμεθα
3625 2352 3841 2423 πληγὴν
3876 2355 4096 2409 ἀνίατον
4141 2359 4207 2410 ἐκ

2517 2441 2611 2494 τοῦ
2643 2441 2801 2496 Θεοῦ.
2835 2441 2968 2494 Ὅτε
2997 2439 3107 2511 γάρ
3130 2457 3214 2502 τις
3237 2439 3476 2510 συνεχῶς
3504 2440 3838 2511 ἁμαρτάνων
3871 2443 4209 2514 συγγνώμης

2517 2531 2780 2600 τυγχάνει
2797 2529 2948 2599 παρὰ
2965 2526 3062 2580 τοῦ
3086 2526 3247 2587 Θεοῦ,
3271 2521 3394 2580 εἶτα
3413 2527 3581 2597 μηδὲν
3603 2527 3713 2579 ἀπὸ
3735 2527 3834 2597 τῆς
3851 2527 4211 2592 ἀνεξικακίας

2522 2618 2726 2689 ταύτης
2758 2616 2995 2689 κερδάνῃ
3017 2616 3046 2667 6
3082 2614 3371 2686 ἄνθρωπος
3402 2616 3483 2677 είς
3507 2615 3610 2684 τὴν
3653 2615 3750 2686 τῆς
3793 2614 3994 2678 κακίας
4037 2617 4214 2668 ἀπαλ-

2523 2705 2719 2777 λαγὴν,
2771 2704 2960 2757 λοιπὸν
3019 2701 3208 2755 τοῦτον
3264 2701 3712 2774 παρασκευάζει,
3779 2701 3920 2755 ὥστε
3982 2705 4084 2757 καὶ
4136 2706 4213 2778 μὴ

2526 2794 2677 2866 [505]
2711 2791 3033 2863 βουλόμενον
3076 2789 3240 2844 αὐτὸν
3281 2790 3374 2843 τὸν
3405 2790 3688 2859 κολοφῶνα
3728 2790 3838 2843 τῶν
3887 2793 4076 2844 κακῶν
4116 2794 4215 2846 ἐπ-

2523 2886 2772 2952 αγαγεῖν,
2805 2882 2899 2934 καὶ
2923 2879 3178 2951 ἐκτρίψαι
3217 2880 3381 2932 αὐτὸν
3411 2879 3593 2932 τέλεον
3613 2919 3628 2943 ,
3663 2881 3758 2934 καὶ¹
3802 2882 3996 2950 μηκέτι
4027 2880 4216 2934 δοῦναι

2526 2970 2815 3041 μετανοίας
2844 2967 2971 3020 τινὰ
3001 2965 3344 3037 προθεσμίαν
3367 3007 3382 3032 ,
3411 2967 3440 3018 δ
3474 2967 3568 3018 καὶ
3606 2968 3698 3019 ἐπὶ
3731 2967 3822 3019 τοῦ
3853 2968 4057 3038 Φαραὼ
4089 2986 4216 3021 συν-

2524 3059 2643 3128 έϐη.
2693 3054 2911 3127 Ἐπειδὴ
2953 3053 3064 3126 γὰρ
3118 3053 3363 3124 προτέρα
3391 3093 3405 3116 ,
3453 3053 3549 3106 καὶ
3592 3053 3856 3124 δευτέρᾳ,
3896 3057 3989 3109 καὶ
4027 3056 4213 3128 τρίτῃ,

2527 3147 2619 3200 καὶ
2675 3145 2910 3216 τετάρτη
2941 3184 2956 3208 ,
2991 3143 3086 3196 καὶ
3116 3143 3238 3205 ταῖς
3289 3141 3409 3213 μετ’
3441 3141 3657 3206 ἐκείνας
3689 3143 3924 3213 πληγαῖς
3943 3184 3959 3206 ,
4008 3145 4217 3214 πολλῆς

2527 3233 2809 3302 ἀπήλαυσε
2847 3227 3232 3301 μακροθυμίας
3271 3227 3426 3299 παρά
3470 3228 3566 3282 τοῦ
3604 3228 3740 3282 Θεοῦ
3763 3272 3776 3295 ,
3812 3229 3963 3284 οὐδὲν
3997 3232 4218 3299 ἐγένετο

2527 3318 2676 3389 αὐτῷ
2704 3335 2756 3370 τι
2779 3318 3050 3389 χρήσιμον
3070 3355 3086 3382 ,
3120 3314 3375 3384 ἐξετρίϐη
3414 3314 3602 3369 λοιπὸν
3629 3317 3726 3369 καὶ
3766 3317 4040 3388 ἠφανίσθη
4075 3319 4218 3389 μετὰ

2526 3409 2626 3478 τῆς
2653 3407 2860 3468 πόλεως
2891 3404 3080 3475 ἄρδην.
3132 3402 3306 3455 Τοῦτο
3343 3403 3438 3455 καὶ
3479 3403 3723 3456 Ἰουδαῖοι
3755 3405 4077 3459 πεπόνθασι.
4125 3406 4218 3459 Διὸ

2528 3495 2623 3549 καὶ
2668 3497 2696 3548 ὀ
2724 3493 2958 3565 Χριστὸς
3019 3491 3228 3563 μέλλων
3281 3492 3478 3554 αὐτοὺς
3519 3491 3805 3558 ἀφανίζειν
3848 3493 3942 3546 καὶ
3975 3494 4219 3564 ἐρημίαν

2527 3584 2754 3652 ἐπάγειν
2809 3581 2992 3643 αὐτοῖς
3047 3576 3374 3650 ἀδιόρθωτον
3400 3617 3416 3641 ,
3469 3576 3642 3642 οὕτως
3696 3578 3849 3648 ἔλεγε
3876 3595 3892 3610 ·
3947 3579 4220 3645 Ποσὰκις

2525 3672 2800 3740 ἠθέλησα
2818 3665 3288 3737 ἐπισυναγαγεῖν
3319 3666 3390 3720 τὰ
3424 3666 3603 3720 τέκνα
3633 3683 3770 3730 σου,
3801 3668 3899 3722 καὶ
3930 3671 4044 3723 οὐκ
4076 3670 4218 3737 ἠθε-

2524 3759 2795 3827 λήσατε,
2840 3757 2995 3810 Ἰδοὺ
3037 3757 3273 3825 ἀφίεται
3331 3757 3365 3808 ό
3411 3751 3575 3820 οἶκος
3608 3754 3775 3824 ὑμῶν
3813 3756 4058 3826 ἕρημος,
4116 3759 4217 3812 Ag-

2525 3849 2679 3902 δοικα
2709 3842 2803 3900 οῦν
2835 3844 2910 3916 μὴ
2943 3845 3038 3897 καὶ
3066 3845 3226 3914 ἡμεῖς
3247 3843 3318 3895 τά
3347 3841 3488 3896 αὐτά
3521 3842 3805 3914 πάθωμεν,
3841 3844 3924 3898 δτι
3944 3845 4071 3898 οῦτε
4103 3849 4217 3904 τοῖς

2527 3933 2860 4004 ἀλλοτρίοις,
2885 3930 3008 3984 οὐτε
3042 3933 3155 3993 τοῖς
3185 3930 3478 4000 ἡμετέροις
3506 3930 3972 4000 σωφρονιζώμεθα
3999 3936 4215 4005 κακοῖς.

2529 4024 2604 4078 Οὑ
2635 4023 2772 4093 πρὸς
2811 4020 2956 4090 ὑμᾶς
2983 4019 3041 4072 δέ
3074 4018 3234 4088 μόνον
3259 4017 3408 4084 λέγω
3433 4017 3606 4070 ταῦτα
3629 4019 3758 4081 τούς
3785 4019 3880 4072 νῦν
3913 4021 4214 4091 παρόντας,

2527 4112 2665 4167 6116
2696 4111 2792 4165 καὶ
2846 4108 2984 4180 πρὸς
3036 4107 3164 4169 τούς
3224 4106 3641 4178 ἀπορραγέντας
3688 4107 3789 4175 τῆς
3837 4108 4218 4180 καθημερινῆς

2532 4200 2767 4270 σπουδῆς
2789 4239 2804 4263 ,
2846 4197 2940 4252 καὶ
2973 4194 3083 4248 τῶν
3115 4195 3400 4264 προτέρων
3443 4193 3676 4262 θλίψεων
3723 4193 4214 4265 ἐπιλελησμένους·

2528 4287 2664 4357 πρὸς
2707 4285 2801 4349 οὒς
2846 4284 2908 4337 οὐ
2940 4280 3180 4336 διέλιπον
3217 4280 3308 4333 ἀεὶ⁵
3345 4278 3846 4352 διαρρηγνύμενος,
3886 4280 3983 4332 καὶ
4015 4280 4214 4348 λέγων.

2525 4377 2607 4430 ὅτι
2635 4375 2684 4428 εί
2719 4373 2812 4427 καὶ
2843 4369 3122 4443 παρῆλθον
3165 4369 3214 4421 οί
3248 4367 3545 4438 πειρασμοὶ
3571 4407 3586 4431 ,
3621 4367 3830 4438 μενέτω
3859 4367 3915 4420 ἐν
3963 4371 4085 4430 ταῖς
4114 4367 4218 4437 ψυ-

2525 4467 2647 4534 χαῖς
2677 4460 2837 4532 ἡμῶν
2864 4459 2972 4512 τῶν
3009 4456 3333 4527 πειρασμῶν
3364 4457 3397 4527 ή
3433 4455 3622 4526 μνήμη
3643 4493 3657 4516 ,
3689 4453 3778 4507 ἴνα
3812 4456 3904 4506 καί
3933 4455 4032 4524 τῆς
4058 4455 4217 4526 εὐερο

2524 4553 2712 4622 γεσίας
2744 4548 2981 4618 συνεχῶς
3016 4545 3468 4619 μνημονεύοντες,
3496 4543 3759 4614 διηνεκῶς
3792 4544 4216 4615 εὐχαριστῶμεν

2522 4640 2601 4712 τῷ
2631 4636 2838 4705 ταύτην
2860 4636 3196 4704 παρασχόντι
3228 4632 3368 4704 Θεῷ.

2592 4749 2661 4812 γ’.
2686 4738 2872 4794 Ταῦτα
2905 4735 3000 4789 καὶ
3027 4734 3147 4788 τότε
3173 4735 3380 4805 ἔλεγον,
3411 4736 3506 4791 καὶ
3530 4734 3626 4788 νῦν
3657 4733 3802 4802 λέγω
3832 4734 3980 4805 ὑμῖν,
4015 4735 4112 4788 καὶ
4141 4734 4211 4789 δι’

2525 4831 2676 4903 ὑμῶν
2712 4829 2970 4891 ἐκείνοις·
3016 4823 3386 4897 μιμησώμεθα
3431 4827 3560 4883 τοὺς
3605 4824 3816 4890 ἁγίους,
3854 4824 4048 4888 οἵτινες
4085 4824 4211 4880 οὔτε

2526 4921 2628 4975 ὑπὸ
2663 4919 2774 4973 τῶν
2817 4914 3051 4984 θλίψεων
3099 4914 3499 4986 κατεπόθησαν,
3543 4910 3668 4964 οὔτε
3702 4912 3806 4965 ὑπὸ
3846 4912 3945 4983 τῆς
3967 4914 4212 4978 ἀνέσεως

2525 5009 2835 5082 χαυνότεροι
2857 5002 3164 5072 γεγόνασιν,
3184 5004 3320 5073 ὅπερ
3343 5001 3528 5055 πολλοὶ⁵
3550 4997 3658 5052 τῶν
3671 4999 3768 5052 ἀνθ
3777 4998 3972 5072 ρώπων
3989 4999 4085 5055 νῦν
4103 5005 4211 5057 πά-

2523 5113 2743 5166 σχομεν,
2777 5091 3031 5161 καθάπερ
3062 5089 3131 5142 τὰ
3148 5089 3325 5158 κοῦφα
3347 5089 3455 5141 τῶν
3489 5085 3690 5139 πλοίων
3713 5087 3817 5140 ὑπὸ
3846 5089 4026 5160 πάσης
4057 5107 4209 5160 περι·

2522 5183 2766 5243 στάσεως
2797 5178 3057 5249 κυμάτων
3090 5173 3556 5248 περιαντλούμενα
3590 5173 3928 5243 βαπτίζεται.
3956 5177 4068 5230 Καὶ
4097 5178 4206 5249 γὰρ

2521 5269 2681 5322 πενία
2731 5266 2988 5330 πολλάκις
3025 5267 3154 5337 ήμῖν
3201 5261 3500 5317 ἐπελθοῦσα
3536 5261 3794 5317 ἐϐάπτισε
3830 5265 3926 5318 καὶ
3963 5263 4208 5334 ὑποϐρυ-

2520 5356 2670 5426 χίους
2695 5355 2841 5426 ἡμᾶς
2870 5353 3114 5424 ἐποίησε,
3157 5352 3252 5406 καὶ
3293 5349 3520 5414 πλοῦτος
3558 5351 4008 5425 προσγενόμενος,
4039 5350 4207 5403 πάλιν

2522 5443 2793 5514 ἐφὺσησεν
2827 5443 2993 5514 ἡμᾶς,
3016 5443 3110 5496 καὶ
3143 5443 3220 5504 εἰς
3261 5440 3497 5511 ἐσχάτην
3519 5442 3808 5514 ὀλιγωρίαν
3835 5439 4078 5493 ἐνέϐαλε.
4114 5440 4207 5492 Διὸ

2521 5524 2844 5597 παρακαλῶ,
2894 5526 3298 5597 παραλιπόντες
3346 5523 3579 5591 ἅπαντα,
3621 5526 3720 5591 τὰς
3768 5523 3976 5578 ἐαυτῶν
4020 5521 4203 5593 ψυχάς

2521 5613 2872 5686 ρυθμίσωμεν
2909 5615 3046 5685 πρὸς
3081 5610 3355 5683 σωτηρίαν
3383 5612 3609 5679 ἕκαστος
3642 5613 3826 5686 ήμῶν·
3859 5609 4063 5682 ταύτης
4093 5612 4204 5683 γάρ

2581 5863 2609 5907 ι
2632 5861 2782 5914 Savil.
2810 5863 3105 5927 ἐξεϐάλομεν.
