4408 6676
344 446 444 503 3m

341 564 651 623 laborantes
699 574 1045 640 respicerent,
1105 581 1131 618 a
1180 564 1294 618 solo
1344 565 1531 621 intuitu
1582 569 1824 624 eumdem
1880 569 1930 620 in

345 657 594 715 morbum
626 661 963 724 inciderunt;
995 661 1045 713 in
1078 658 1250 709 anima
1281 672 1408 713 vero
1437 677 1538 714 non
1572 663 1817 731 idipsum,
1841 659 1935 716 sed

340 754 673 808 contrarium
705 768 921 824 prorsus
950 749 1127 804 evenit
1156 766 1167 800 :
1198 748 1240 802 si
1285 750 1426 805 enim
1472 753 1684 808 assidue
1728 754 1931 822 Cogite-

342 856 466 897 mus
492 859 604 909 eos,
635 846 721 915 qui
754 842 938 897 eadem
969 840 1078 907 ipsa
1104 841 1337 908 perpessi
1364 852 1505 907 sunt,
1530 845 1649 898 hinc
1672 844 1932 897 malorum

342 947 651 991 nostrorum
682 937 876 991 lenitur
904 932 1076 985 dolor.
1110 930 1230 987 Ideo
1256 933 1447 990 Paulus
1476 936 1657 991 ﬁdeles
1678 936 1778 989 hoc
1805 934 1931 986 bor-

342 1034 489 1081 tatur
519 1027 695 1090 modo,
731 1040 837 1079 non
869 1023 1040 1077 solum
1068 1034 1279 1080 sanctos
1308 1028 1394 1097 qui
1428 1029 1479 1081 in
1513 1029 1646 1082 vivis
1672 1035 1813 1087 sunt,
1838 1026 1931 1078 sed

340 1118 506 1171 etiam
541 1127 775 1172 mortuos
814 1114 864 1166 in
915 1114 1144 1169 medium
1176 1116 1461 1174 adducens.
1494 1120 1747 1175 Hebrmos
1789 1118 1930 1171 enim

337 1207 640 1276 alloquens,
673 1204 762 1273 qui
802 1205 1059 1261 nutabant
1104 1224 1331 1280 moxque
1362 1211 1562 1281 lapsuri
1606 1219 1777 1274 erant,
1827 1210 1929 1263 Da-

342 1297 541 1351 nielem
573 1296 622 1347 in
653 1294 887 1348 medium
921 1296 1153 1363 adducit,
1201 1308 1308 1356 tres
1340 1318 1554 1372 pueros,
1590 1300 1779 1364 Eliam,
1817 1299 1929 1355 Eli-

340 1401 530 1449 unum,
562 1386 642 1438 his
671 1386 848 1440 verbis
883 1403 895 1438 :
933 1386 1299 1446 Obluruverunt
1341 1411 1431 1448 ora
1471 1395 1690 1456 leonum,
1736 1393 1928 1446 exstin—

336 1487 523 1531 rerunt
567 1478 795 1530 virtutem
841 1480 988 1550 ignis,
1026 1481 1307 1555 effugerunt
1352 1501 1442 1539 ora
1486 1484 1667 1555 gladii,
1717 1483 1931 1551 lapidati

335 1575 476 1630 sunt,
505 1564 720 1619 ludibria
739 1577 787 1620 et
813 1572 1010 1623 verbera
1038 1575 1229 1642 experti
1267 1584 1404 1640 sunt,
1436 1574 1736 1642 insuperque
1760 1583 1927 1627 custo-

340 1659 480 1710 .liaut
508 1674 784 1713 carcerum.
815 1660 1127 1719 Circuierunt
1155 1668 1205 1720 in
1232 1665 1426 1721 melotis
1451 1675 1499 1720 et
1524 1666 1744 1735 caprinis
1779 1666 1927 1736 pelli-

336 1748 453 1814 bus,
483 1760 700 1819 egentes,
734 1757 1025 1823 angustiati,
1056 1759 1241 1828 amicti,
1273 1758 1449 1826 quibus
1492 1757 1674 1827 dignus
1698 1773 1796 1810 non
1822 1768 1931 1811 erat

334 1840 557 1892 mundus
588 1840 769 1909 (llebr.
800 1846 856 1899 ll
872 1887 883 1899 .
902 1848 968 1901 54
985 1857 1030 1902 et
1056 1849 1216 1918 seqq.)
1236 1888 1248 1901 .

414 1928 789 1987 £rumnarum
817 1939 1102 1991 communio
1132 1939 1367 1992 solatium
1396 1938 1582 2007 prwbet
1619 1938 1831 2008 aﬂiiclis.
1852 1967 1924 1978 —

336 2019 719 2079 Erumnarum
758 2037 934 2083 autem
961 2030 1266 2083 communio
1292 2030 1537 2083 solatiutn
1568 2030 1765 2097 przebet
1788 2029 1927 2083 aflli-

336 2113 443 2167 ctis
470 2129 486 2166 :
516 2129 580 2170 ac
604 2119 1043 2186 quemadmodum
1070 2121 1114 2175 si
1144 2120 1261 2191 quis
1301 2120 1444 2174 solus
1470 2136 1635 2189 grave
1659 2120 1927 2190 quidpiam

338 2205 595 2271 patiatur,
624 2207 820 2264 nullam
851 2210 1007 2265 habet
1049 2212 1099 2265 in
1142 2212 1281 2265 malo
1300 2211 1713 2266 consolationem
1739 2228 1752 2275 ;
1788 2213 1855 2265 ita
1881 2212 1926 2267 si

337 2297 464 2365 quis
494 2298 727 2355 inveniat
755 2303 914 2356 alium
946 2304 996 2357 iu
1035 2304 1170 2359 mala
1199 2303 1492 2374 delapsum,
1523 2304 1643 2358 hinc
1676 2305 1923 2359 leviorem

338 2390 615 2457 experitur
638 2392 864 2462 plagam.

408 2479 463 2532 2.
496 2479 563 2536 Ut
590 2482 744 2551 igitur
780 2486 832 2539 in
863 2487 1127 2551 omnibus,
1184 2504 1299 2557 quae
1340 2488 1493 2543 nobis
1521 2490 1743 2544 molesta
1773 2491 1916 2545 acci-

334 2567 599 2634 dunt,nou
620 2575 1377 2646 concidamus,Scripturarum
1397 2579 1629 2633 historiis
1647 2581 1926 2650 diligenter

334 2664 672 2718 attendamus
720 2685 733 2719 :
780 2670 998 2722 multam
1040 2671 1180 2723 cnim
1228 2670 1349 2724 hinc
1390 2672 1657 2740 patientia.-
1686 2675 1925 2727 occasio-

339 2767 466 2805 nem
500 2757 873 2824 mutuabimur,
907 2778 1008 2813 non
1037 2763 1207 2814 solum
1227 2778 1289 2815 cx
1319 2764 1570 2817 societate
1596 2764 1780 2819 eadem
1806 2781 1925 2833 pas-

337 2860 519 2900 sorum
545 2851 956 2907 consolationem
987 2854 1145 2917 nacti,
1180 2854 1270 2907 sed
1295 2854 1465 2908 educti
1495 2856 1653 2910 etiam
1684 2856 1920 2923 modum,

337 2951 446 3005 quo
469 2938 533 2991 ab
555 2942 799 2994 :crumni.
828 2942 931 2995 illis
957 2942 1261 3010 liberemur,
1285 2953 1337 2999 et
1366 2944 1539 3015 adepti
1571 2948 1921 3017 tranquillita-

341 3037 450 3081 tcm
477 3030 663 3084 eodem
708 3033 758 3086 in
806 3044 945 3087 statu
976 3051 1303 3103 maneamus,
1336 3054 1435 3093 nec
1460 3040 1537 3093 vel
1571 3040 1621 3092 in
1663 3041 1919 3096 desidiam

338 3120 601 3186 labantur,
642 3124 725 3178 vel
773 3127 1075 3195 arrogantia
1125 3128 1425 3184 efferamur.
1471 3130 1599 3184 Nam
1628 3132 1767 3201 quod
1797 3148 1919 3188 cum

338 3211 494 3264 malis
516 3212 816 3283 affligimur,
837 3216 1054 3273 demissi
1082 3217 1411 3289 humilesque
1441 3223 1626 3289 simus,
1652 3239 1921 3293 magnam-

336 3315 443 3369 que
474 3303 716 3370 pietatem
743 3306 1106 3372 exbiheamus,
1145 3310 1273 3363 nihil
1305 3312 1493 3365 mirum
1526 3329 1537 3365 :
1586 3314 1696 3369 haec
1725 3315 1921 3384 quippe

338 3402 421 3446 est
447 3396 791 3450 tentationum
842 3410 1043 3464 natura,
1076 3410 1128 3455 ut
1152 3403 1228 3456 vel
1256 3418 1369 3469 eos,
1409 3405 1496 3474 qui
1524 3406 1729 3475 lapideo
1756 3413 1920 3463 corde

335 3492 480 3548 sunt,
509 3487 572 3539 ad
619 3487 759 3545 hunc
803 3501 995 3545 statum
1026 3508 1135 3561 pne
1172 3492 1461 3551 afﬂictione
1489 3497 1752 3554 deducant
1783 3519 1796 3555 :
1824 3503 1915 3556 sed

335 3576 528 3631 anima:
562 3591 641 3634 est
670 3582 957 3651 religioszc,
1001 3582 1267 3653 Deumque
1306 3588 1559 3641 Continuo
1603 3605 1710 3658 prin
1750 3594 1919 3647 oculis

334 3664 599 3732 habentis,
632 3671 790 3725 etiam
842 3683 1118 3743 postquam
1167 3675 1384 3731 liberata
1427 3688 1508 3731 est
1546 3694 1577 3732 a
1610 3683 1916 3736 teutationi-

334 3757 459 3823 bus,
493 3760 545 3814 in
572 3762 891 3819 oblivionem
924 3767 1141 3821 minime
1167 3769 1359 3823 cadere
1389 3771 1566 3839 :quod
1596 3771 1915 3829 Judaeisfre-

334 3859 559 3918 quenter
583 3853 793 3907 accidit.
818 3855 993 3923 Quare
1019 3857 1246 3913 irridens
1262 3874 1354 3915 eos
1386 3863 1644 3930 propheta
1671 3863 1914 3920 dicebat:

332 3937 460 3993 Cum
486 3941 728 3997 occideret
757 3961 861 4011 eos,
889 3946 1178 4012 quwrebant
1224 3965 1359 4011 eum,
1390 3962 1439 4003 et
1458 3952 1843 4021 revertebantur,
1874 3968 1920 4010 et

333 4029 561 4083 diluculo
580 4033 835 4089 veniebant
859 4036 927 4088 ad
963 4036 1125 4091 Deum
1151 4037 1317 4108 (Ptol.
1345 4041 1432 4095 77.
1461 4041 1572 4113 δι).
1607 4043 1668 4097 Et
1711 4044 1919 4117 Moyses

334 4121 524 4176 horttm
554 4125 799 4180 conscius
829 4168 844 4193 ,
886 4127 1189 4198 frequenter
1232 4130 1538 4186 hortabatur
1585 4133 1667 4187 his
1694 4136 1869 4190 verbis
1901 4155 1915 4190 :

335 4211 461 4266 Cum
499 4216 798 4281 comederis,
822 4229 867 4272 et
907 4218 1105 4282 biberis,
1138 4230 1183 4273 et
1221 4234 1479 4276 saturatas
1515 4223 1690 4292 fueris,
1719 4229 1920 4281 attende

332 4304 442 4369 tibi,
488 4322 551 4358 ne
592 4308 901 4362 obliviscaris
938 4309 1143 4364 Domini
1174 4312 1267 4366 Dei
1290 4314 1362 4365 tui
1390 4313 1563 4384 (Deut.
1591 4318 1644 4370 6.
1683 4318 1769 4371 12.
1804 4320 1911 4388 l5).

333 4395 467 4449 Illud
514 4398 671 4466 igitur
710 4402 931 4454 evenit:
980 4402 1207 4456 Comedil
1254 4407 1418 4470 enim,
1448 4406 1636 4475 inquit,
1656 4406 1835 4474 Iacob,
1869 4421 1916 4463 et

330 4486 675 4555 impinguatus
704 4497 794 4549 est,
821 4498 867 4542 et
889 4490 1197 4545 iucrassatus
1216 4502 1307 4561 est,
1338 4504 1383 4548 et
1408 4497 1740 4550 recalcitravit
1780 4498 1911 4551 dite-

330 4588 442 4628 ctus
468 4574 643 4645 (Deut.
676 4577 763 4632 52.
792 4579 900 4648 l5).
933 4580 1287 4647 Quamobrem
1314 4597 1527 4642 sanctos
1552 4604 1654 4643 non
1682 4587 1798 4641 ideo
1817 4589 1915 4641 mi-

334 4665 441 4719 rari
472 4681 566 4735 par
590 4680 691 4734 est,
720 4670 859 4737 quod
891 4680 1112 4739 urgente
1145 4673 1504 4742 tribulatione,
1530 4679 1597 4731 ita
1624 4679 1695 4747 pii
1721 4687 1773 4732 et
1800 4677 1914 4747 phi-

329 4758 539 4826 l05oplii
570 4757 799 4824 fuerint;
848 4760 939 4813 sed
966 4762 1103 4829 quod
1130 4772 1391 4820 transacta
1420 4767 1628 4837 hyeme,
1656 4778 1707 4821 et
1746 4768 1908 4823 adve-

331 4848 512 4901 niente
534 4850 937 4915 tranquillitate,
970 4850 1020 4905 in
1043 4853 1228 4909 eadem
1249 4856 1508 4912 modestia
1535 4859 1910 4928 diligentiaque

330 4941 641 4993 manserint.
679 4942 881 5010 Equum
911 4954 1057 4999 certe
1086 4946 1231 5001 illum
1273 4952 1501 5005 maxime
1542 4951 1718 5004 mirari
1748 4967 1909 5020 opor-

330 5039 426 5091 tet,
449 5030 536 5099 qui
583 5031 698 5084 sine
729 5030 877 5085 freno
906 5036 1164 5091 concinne
1192 5040 1293 5093 iter
1327 5038 1498 5095 facere
1529 5048 1699 5108 pOtest
1727 5056 1741 5105 ;
1766 5042 1909 5109 quod

326 5122 373 5175 si
426 5120 575 5175 freno
601 5120 929 5193 babenisque
958 5130 1268 5197 cogentibus
1297 5132 1482 5186 ordine
1522 5132 1748 5195 incedat,
1778 5133 1908 5187 nihil

330 5212 563 5267 mirum:
599 5227 701 5265 non
734 5214 875 5268 enim
914 5221 1256 5287 generositati
1300 5223 1563 5288 animalis,
1595 5222 1687 5277 sed
1716 5239 1909 5279 neces-

328 5307 470 5361 sitati
498 5322 526 5359 a
556 5305 704 5359 freno
729 5305 953 5362 inducta:
982 5310 1067 5365 illa
1088 5328 1301 5381 gressus
1330 5316 1908 5371 concinnitastrihueu-

325 5398 393 5450 da
422 5406 524 5451 est.
554 5396 782 5465 ldipsum
814 5397 879 5449 de
896 5400 1069 5453 anima
1096 5403 1400 5471 dicendum,
1432 5407 1475 5461 si
1513 5406 1739 5461 instante
1764 5417 1905 5462 metu

330 5490 605 5544 moderate
632 5497 773 5560 agat,
805 5488 932 5543 nihil
960 5492 1149 5549 mirum
1182 5513 1301 5553 esse
1328 5514 1342 5564 ;
1375 5515 1495 5555 cum
1525 5509 1699 5555 autem
1731 5508 1907 5554 tenta-

328 5584 505 5636 tioaes
533 5581 857 5644 transierint,
882 5590 935 5636 et
962 5585 1165 5639 timoris
1196 5586 1403 5644 frenum
1431 5602 1691 5646 remotum
1726 5591 1901 5658 fuerit,

328 5683 455 5726 tunc
477 5672 605 5727 mihi
624 5672 786 5729 animi
817 5671 1203 5744 philosophiam
1222 5679 1415 5737 exhibe
1434 5724 1448 5749 ,
1472 5697 1789 5753 omnemque
1822 5682 1906 5736 di-

329 5766 634 5835 sciplinain.
688 5766 793 5823 Sed
840 5781 1028 5821 vereor
1076 5784 1141 5823 ne
1183 5769 1396 5829 Judaeos
1423 5791 1673 5831 accusare
1701 5776 1905 5841 volens,

340 5870 577 5912 nostrum
606 5875 851 5913 accusem
883 5862 1001 5914 \itte
1031 5860 1323 5917 institutum
1360 5883 1372 5918 :
1401 5868 1827 5941 quandoquidem
1854 5878 1909 5923 et

629 5945 896 6003 PATRHL.
946 5948 1061 6003 tiu.
1108 5945 1327 6005 XLlX.

1430 451 1517 503 DE
1564 449 2023 507 l‘OENITFNTIA.
2068 450 2292 505 li0\llL.
2340 452 2422 510 IV.

3516 458 3619 514 502'.

2048 579 2141 616 nos
2169 580 2287 619 cum
2316 566 2729 638 cxagitabamur,
2759 569 2929 623 vexati
2958 566 3118 633 fame,
3150 577 3316 638 peste,
3340 570 3618 638 grandine,

2042 653 2297 719 siccitate,
2348 656 2623 721 incendiis,
2656 657 2886 712 hostium
2922 658 3157 725 incurSu,
3192 674 3366 711 nonne
3387 658 3621 727 quotidie

2039 744 2261 797 ecclesia
2314 747 2646 801 multitudine
2704 748 3132 802 convenientium
3189 748 3619 819 angustabatur?

2041 841 2169 889 tunc
2214 852 2401 907 magna
2434 838 2585 891 nobis
2626 838 2794 892 iuerat
2825 839 3179 909 philosophia,
3203 850 3257 895 et
3284 839 3619 894 srrcularium

2038 942 2216 981 rerum
2266 939 2600 999 contemptus
2649 948 2663 983 :
2711 946 2815 985 non
2858 934 3200 1002 pecuniarum
3242 934 3456 1003 cupido,
3512 949 3617 987 nou

2037 1018 2217 1087 gloria:
2246 1019 2591 1087 desiderium,
2636 1035 2740 1075 non
2782 1022 3045 1092 appetitus
3071 1031 3125 1076 et
3166 1037 3316 1075 amor
3366 1024 3613 1085 lasciviae,

2038 1124 2209 1178 neque
2254 1111 2390 1164 alius
2426 1128 2617 1181 pravus
2649 1112 2909 1183 cogitatus
2934 1121 3057 1167 tunc
3085 1127 3183 1167 nos
3229 1111 3459 1182 agitabat
3483 1128 3498 1175 ;
3521 1113 3617 1168 sed

2037 1202 2266 1255 universi
2295 1218 2388 1257 vos
2415 1203 2481 1257 ad
2525 1204 2619 1258 Dei
2671 1206 2869 1259 cultum
2907 1204 3205 1260 contulistis
3230 1219 3351 1259 cuni
3378 1204 3619 1259 oratione

2035 1302 2085 1347 et
2117 1293 2379 1365 lacrymis.
2416 1295 2564 1350 Tunc
2595 1295 2886 1350 fornicator
2917 1305 3278 1365 temperanter
3298 1295 3507 1366 agebat,
3536 1295 3625 1348 ἱνα

2032 1385 2288 1455 juriarum
2354 1402 2559 1441 memor
2611 1386 2677 1440 ad
2726 1387 3208 1440 reconciliationem
3257 1385 3616 1455 properabat.

2036 1492 2226 1531 avarus
2256 1476 2319 1531 ad
2349 1477 2739 1549 eleemosynam
2766 1477 3094 1543 ﬂectebatur,
3124 1476 3406 1531 iracundus
3432 1486 3485 1531 et
3507 1486 3618 1531 tru-

2036 1568 2277 1623 culentus
2298 1568 2361 1623 ad
2392 1568 2740 1624 humilitatem
2761 1579 2814 1624 et
2842 1568 3299 1624 mansuetudinem
3331 1576 3616 1623 converte-

2036 1661 2210 1716 batur.
2239 1661 2521 1727 Postquam
2551 1674 2724 1717 amem
2760 1664 2896 1717 Deus
2926 1663 3060 1717 iram
3091 1662 3230 1716 illam
3256 1661 3522 1729 deposuit,
3552 1676 3615 1715 ac

2034 1751 2319 1820 procellam
2341 1752 2534 1823 abegit,
2561 1762 2720 1824 atque
2750 1763 2866 1823 post
2889 1763 3065 1809 tantos
3092 1753 3282 1809 fluctus
3308 1754 3611 1824 tranquilli-

2037 1850 2198 1894 tatem
2229 1843 2430 1911 paravit
2456 1884 2468 1906 ,
2493 1843 2558 1897 ad
2587 1844 2842 1912 pristinos
2876 1844 3064 1899 iterum
3094 1859 3270 1899 mores
3293 1845 3492 1898 reversi
3519 1859 3613 1898 su-

2036 1949 2174 1987 mus.
2214 1934 2370 2003 Atqui
2402 1934 2452 1987 in
2486 1935 2601 2004 ipso
2629 1936 2978 1990 teutationum
3012 1946 3251 2005 tempore
3277 1937 3391 1991 haec
3422 1936 3615 2006 pra'di-

2035 2038 2155 2077 cere
2178 2032 2231 2078 et
2259 2024 2527 2080 testificari
2559 2042 2664 2079 non
2687 2025 3005 2082 dcsistcbam
3034 2046 3045 2081 :
3075 2036 3313 2082 attamen
3334 2026 3463 2082 nihil
3492 2042 3615 2095 pro-

2037 2115 2292 2182 fecimus;
2339 2117 2430 2171 sed
2461 2118 2601 2172 velut
2643 2118 2907 2173 somnium
2938 2128 2992 2173 et
3039 2119 3280 2174 umbram
3332 2128 3610 2174 transeun-

2034 2221 2159 2275 tem,
2187 2210 2262 2263 sic
2288 2210 2374 2263 illa
2397 2212 2570 2264 omnia
2592 2211 2659 2265 ab
2684 2212 2874 2266 animis
2911 2212 3100 2267 vestris
3120 2212 3439 2268 removistis.
3485 2211 3613 2266 Pro-

2033 2312 2210 2369 pterea
2235 2318 2371 2356 nunc
2390 2303 2549 2358 timeo
2566 2305 2702 2374 plus,
2720 2321 2875 2375 quam
2903 2315 3026 2361 tunc
3052 2305 3372 2371 metuebam,
3395 2314 3450 2361 et
3473 2305 3613 2375 quod

2032 2401 2156 2445 tunc
2185 2391 2448 2459 dicebam,
2483 2409 2621 2447 nunc
2642 2395 2807 2465 magis
2827 2394 3073 2460 formido,
3109 2411 3174 2450 ue
3203 2395 3447 2466 graviora
3472 2396 3614 2465 prio-

2030 2482 2179 2534 ribus
2228 2482 2380 2537 nobis
2407 2483 2734 2538 attrabamus
2761 2486 2895 2538 mala
2926 2527 2941 2549 ,
2974 2494 3203 2553 tuncque
3234 2486 3438 2555 plagam
3466 2486 3613 2540 incu-
3674 2469 3679 2473 ’

2032 2571 2249 2625 rabiletn
2277 2586 2305 2624 a
2335 2572 2443 2625 Deo
2468 2573 2811 2641 accipiamus.
2840 2573 2974 2628 Cum
2997 2575 3137 2629 enim
3165 2576 3282 2645 quis
3309 2576 3613 2645 frequenter

2032 2677 2258 2729 peccans
2279 2677 2306 2714 a
2337 2662 2446 2717 Deo
2476 2664 2680 2718 veniam
2708 2666 3068 2735 consequitur,
3098 2675 3151 2719 et
3183 2674 3365 2734 postea
3387 2666 3517 2720 nihil
3540 2667 3607 2720 ab

2030 2752 2292 2821 ejusmodi
2334 2754 2611 2809 tolerantia
2646 2756 2737 2810 Dei
2770 2756 3004 2812 lucratur
3028 2757 3093 2811 ad
3125 2759 3413 2828 nequitiam
3443 2758 3609 2827 depu-

2030 2843 2279 2907 ucudam,
2311 2844 2523 2898 demum
2558 2845 2626 2898 ita
2653 2860 2775 2899 cum
2805 2846 2893 2900 illo
2922 2848 3028 2917 agit
3068 2848 3228 2913 Deus,
3260 2857 3317 2902 ut
3346 2849 3425 2904 vel
3446 2848 3609 2902 invito

2031 2936 2105 2989 illi
2135 2936 2396 2991 malorum
2428 2937 2783 3007 colophonem
2828 2939 3098 3005 immittat,
3125 2954 3355 3010 euntque
3398 2940 3611 3010 penitus

2026 3039 2284 3095 conterat,
2339 3046 2511 3099 neque
2557 3032 2693 3084 ultra
2748 3031 2821 3085 illi
2864 3031 3100 3086 inducias
3146 3031 3211 3085 ad
3245 3032 3607 3101 paenitentiam

2026 3118 2302 3183 concedat,
2332 3119 2471 3188 quod
2501 3129 2556 3174 et
2599 3120 2697 3188 ipsi
2746 3120 3006 3175 Pharaoni
3054 3123 3294 3190 contigit.
3327 3122 3428 3178 Ubi
3468 3123 3608 3177 enim

2030 3210 2213 3279 priori,
2270 3210 2523 3274 secunda,
2557 3212 2727 3275 tertia,
2762 3220 2946 3280 quarta
2990 3211 3212 3281 aliisque
3258 3213 3604 3282 sequentibus

2028 3302 2216 3371 plagis,
2251 3301 2339 3357 Dei
2374 3302 2827 3372 longanimitatem
2870 3312 3119 3372 expertus
3145 3345 3159 3367 ,
3190 3303 3322 3358 nihil
3352 3303 3476 3359 hinc
3503 3304 3607 3357 uti-

2027 3392 2193 3448 litatis
2217 3394 2530 3463 accepisset,
2566 3394 2777 3447 attritus
2821 3392 3033 3447 demum
3079 3402 3160 3447 est
3186 3410 3305 3447 cum
3330 3403 3437 3447 tota
3481 3393 3606 3448 civis

2026 3496 2154 3553 tate,
2191 3485 2530 3555 funditusque
2580 3484 2805 3540 deletus.
2862 3483 3095 3554 ldipsum
3148 3496 3201 3539 et
3246 3484 3415 3540 Judzci
3465 3486 3607 3553 passi

2023 3589 2167 3634 sunt.
2199 3579 2556 3647 Quamobrem
2588 3577 2833 3633 Christus
2860 3593 2979 3633 cum
3006 3592 3099 3632 eos
3123 3576 3423 3646 perditurus
3448 3577 3607 3630 vastiv

2026 3682 2293 3742 talemque
2333 3671 2461 3739 ipsis
2508 3679 2813 3740 perpetuam
2840 3670 3147 3724 inducturus
3176 3659 3439 3732 essetfsic
3459 3668 3605 3725 dice-

2025 3762 2113 3815 bat
2140 3778 2153 3814 :
2201 3761 2401 3827 Quoties
2447 3762 2582 3813 volui
2625 3776 2927 3830 congregare
2942 3760 3074 3827 filios
3097 3769 3230 3824 tuos,
3253 3768 3297 3812 et
3325 3760 3562 3813 noluistis
3580 3760 3607 3813 1

2027 3853 2157 3908 Ecce
2181 3854 2487 3924 relinquetur
2517 3853 2693 3906 domus
2722 3862 2881 3907 vestra
2927 3851 3122 3906 deserta
3150 3850 3299 3922 (Luc.
3348 3851 3440 3905 15.
3488 3851 3599 3915 54).

2025 3945 2210 3999 Timeo
2255 3944 2411 4013 igitur
2458 3958 2525 3998 ne
2576 3959 2673 3997 nos
2712 3958 2923 4014 quoque
2965 3942 3152 3997 eadem
3182 3943 3294 4011 ipsa
3324 3942 3606 4012 patiamur,

2026 4038 2147 4106 quia
2176 4052 2273 4090 nec
2302 4036 2505 4098 alienis,
2538 4050 2633 4089 nec
2678 4034 2873 4089 nostris
2910 4033 3065 4087 malis
3086 4032 3151 4087 ad
3183 4032 3460 4087 meliorem
3493 4031 3607 4085 fru-

2025 4143 2145 4197 gem
2196 4126 2519 4181 reducimur.
2567 4124 2683 4180 Non
2709 4125 2863 4179 vobis
2891 4125 3062 4180 solum
3093 4138 3230 4178 nunc
3260 4123 3608 4192 prmsentibus

2028 4219 2141 4272 litec
2169 4218 2308 4282 dico,
2342 4217 2433 4271 sed
2482 4218 2545 4272 iis
2583 4218 2762 4280 etiam,
2791 4217 2878 4287 qui
2909 4232 2937 4269 a
2978 4216 3280 4285 quotidiana
3328 4215 3602 4284 diligentia

2025 4310 2274 4363 abstracti
2324 4317 2465 4375 sunt,
2499 4317 2549 4362 et
2590 4309 2823 4377 priorum
2854 4307 3213 4360 calamitatum
3245 4306 3393 4360 obliti
3426 4323 3439 4357 :
3470 4321 3605 4375 quos

2023 4415 2127 4453 non
2155 4399 2428 4453 cessabam
2471 4414 2702 4467 semper,
2729 4413 2814 4452 me
2860 4398 3031 4468 ipsum
3062 4399 3213 4468 quasi
3242 4399 3601 4468 disrumpens,

2022 4490 2099 4544 sic
2126 4490 2320 4560 alloqui
2355 4506 2371 4545 :
2422 4490 2643 4545 Etiamsi
2674 4491 2992 4547 tentationes
3018 4492 3343 4558 transierint,
3394 4502 3605 4547 maneat

2021 4580 2072 4633 in
2101 4581 2293 4636 animis
2320 4582 2511 4636 vestris
2540 4584 2886 4637 tcntationum
2939 4584 3220 4647 memoria,
3264 4592 3321 4636 ut
3363 4582 3605 4638 beneficii

2020 4673 2327 4740 frequenter
2379 4672 2745 4738 recordantes,
2794 4675 2989 4745 gratias
3029 4683 3286 4744 perpetuo
3312 4674 3604 4729 referamus

2020 4764 2145 4819 illud
2173 4766 2465 4821 conferenti
2492 4767 2622 4821 Deo.

2090 4858 2141 4911 '5.
2190 4857 2365 4912 Sancti
2387 4874 2542 4927 neque
2568 4860 2826 4922 wrumnis,
2848 4875 3005 4927 neque
3031 4860 3258 4913 secundis
3284 4859 3429 4912 rebus
3457 4859 3600 4926 [ran-

2018 4958 2221 5019 gmuur.
2250 4978 2323 4991 -—-
2350 4950 2469 5002 llzec
2498 4960 2550 5002 et
2582 4960 2703 5003 tum:
2737 4950 2999 5013 dicebam,
3031 4959 3083 5005 et
3114 4966 3250 5003 nunc
3279 4949 3399 5003 dico
3426 4950 3595 5016 Vobis,

2018 5056 2080 5094 ac
2111 5057 2204 5110 per
2234 5056 2329 5094 vos
2373 5041 2489 5093 illis.
2526 5038 2797 5093 Imitentur
2824 5050 3055 5101 sanctos,
3085 5040 3172 5108 qui
3203 5056 3371 5109 neque
3396 5056 3424 5092 a
3450 5041 3593 5093 cala-

2020 5132 2287 5187 tuitatibus
2308 5132 2537 5200 absorpti
2562 5140 2704 5197 sunt,
2734 5147 2903 5200 neque
2932 5133 3175 5187 secundis
3204 5132 3361 5187 rebus
3391 5132 3596 5186 mollio-

2019 5238 2103 5277 res
2133 5237 2367 5286 evasere,
2414 5231 2469 5274 ut
2497 5223 2797 5291 complures
2845 5221 3116 5276 hominum
3161 5238 3302 5277 nunc
3343 5223 3596 5285 facimus;

2016 5313 2151 5367 sicut
2178 5312 2401 5367 latiores
2440 5314 2663 5381 cymba),
2701 5329 2817 5382 qua:
2862 5314 3093 5383 qualibet
3131 5314 3480 5382 procellarum
3514 5315 3595 5367 iii-

2016 5414 2239 5473 gruente
2290 5404 2336 5456 vi
2380 5404 2753 5457 circumventa
2799 5402 3196 5472 demerguntur.
3260 5404 3389 5458 Nam
3453 5420 3594 5473 sa-pe

2020 5507 2299 5566 paupertas
2328 5496 2576 5567 ingruens
2604 5512 2700 5549 nos
2731 5497 2780 5549 in
2823 5496 3138 5565 profundum
3177 5497 3372 5566 deiecit
3398 5512 3461 5552 ac
3499 5496 3593 5547 ilc-

2017 5590 2200 5644 mersit
2229 5607 2242 5641 :
2272 5590 2565 5657 iterumque
2591 5586 2869 5642 afﬂuentes
2896 5587 3090 5643 divitiae
3131 5604 3229 5643 nos
3255 5588 3588 5648 inﬂaverunt,

2014 5692 2065 5736 et
2096 5684 2147 5737 in
2189 5692 2479 5737 extremam
2521 5680 2790 5736 deduxere
2826 5682 3218 5753 negligentiam.
3265 5683 3591 5752 Quapropter

2015 5789 2166 5845 rogo,
2198 5774 2372 5829 omnia
2404 5774 2782 5844 relinquentes,
2814 5775 3019 5831 animas
3039 5784 3247 5831 nostras
3272 5775 3338 5830 ad
3366 5773 3593 5828 salutem

2014 5867 2203 5939 singuli
2245 5881 2665 5937 componamus:
2697 5866 2793 5924 hac
2830 5868 2970 5923 enim
3014 5866 3149 5923 bene
3188 5881 3306 5921 sese
3346 5862 3591 5923 habente.

3189 5957 3261 6013 19
