4446 6716
850 483 955 542 503

844 598 1217 668 quodcumque
1258 597 1461 670 ingruet
1491 599 1635 666 mali,
1678 602 1791 655 sive
1832 601 2018 664 fames,
2049 614 2142 655 seu
2182 602 2420 667 morbus,

844 702 940 742 seu
971 688 1334 759 sycophantia,
1365 703 1459 743 seu
1493 690 1831 757 pecuniarum
1874 689 2099 759 direptio
2119 730 2133 754 ,
2164 704 2257 743 seu
2288 689 2429 745 aliud

846 776 1078 847 quidvis,
1108 777 1382 832 tolerabile
1409 778 1510 832 erit
1555 793 1618 833 ac
1660 778 1775 834 leve
1818 787 2031 848 propter
2057 778 2266 832 Domini
2301 794 2434 848 pra:-

847 877 1063 939 ceptum
1092 884 1155 924 ac
1180 883 1350 939 spem,
1379 886 1535 941 quam
1581 872 1631 925 in
1665 871 1810 925 illum
1842 871 2097 925 habemus
2131 886 2143 923 :
2175 868 2435 940 quemad-

849 958 1069 1014 modum
1097 976 1279 1015 rursus
1305 962 1478 1017 auima
1508 977 1631 1031 erga
1663 963 1825 1017 Deum
1854 978 1956 1015 non
1984 970 2127 1015 recte
2156 960 2433 1029 disposita,

847 1050 949 1105 etsi
979 1049 1174 1106 divitiae
1205 1052 1446 1119 afﬂuant,
1478 1054 1654 1107 adsint
1682 1052 1854 1119 liberi,
1887 1054 2248 1121 immensaque
2279 1066 2439 1121 pecu-

853 1142 963 1208 nia,
1014 1158 1233 1212 magnos
1271 1144 1369 1197 sibi
1408 1158 1669 1197 maerores
1702 1152 1755 1195 et
1792 1141 2172 1196 sollicitudines
2208 1140 2439 1194 attrahet

854 1235 939 1300 is,
991 1236 1079 1304 qui
1130 1235 1337 1289 illorum
1387 1235 1603 1303 potitur.
1647 1234 1723 1288 Ne
1761 1235 1939 1303 itaque
1980 1233 2190 1288 divitias
2233 1248 2440 1303 qurera-

855 1339 994 1391 mus,
1024 1340 1089 1380 ne
1120 1334 1483 1394 paupertatem
1511 1324 1804 1396 fugiamus;
1828 1325 1921 1381 sed
1944 1340 2050 1395 prze
2073 1325 2316 1379 omnibus
2346 1342 2442 1378 no-

857 1426 1020 1472 stram
1050 1417 1238 1488 singuli
1271 1433 1518 1473 curemus
1540 1419 1793 1484 animam,
1823 1433 2046 1488 eamque
2070 1417 2311 1471 idoneam
2342 1434 2439 1488 pa-

861 1526 1041 1567 remus
1068 1522 1175 1565 tum
1202 1511 1265 1565 ad
1290 1512 1567 1581 persentis
1590 1512 1711 1566 vita:
1739 1510 2209 1581 dispensationem,
2234 1521 2342 1565 tum
2375 1512 2440 1565 ad

860 1602 1155 1674 profectum
1181 1619 1245 1659 ex
1279 1603 1376 1658 hac
1399 1604 1502 1657 vita
1542 1603 1608 1657 ad
1637 1604 1883 1658 futuram.
1931 1602 2117 1656 Adhuc
2144 1603 2287 1657 enim
2331 1618 2446 1657 mo-

860 1696 1061 1759 dicum,
1092 1704 1145 1748 et
1172 1694 1411 1764 probatio
1440 1694 1852 1763 uniuscujusque
1891 1703 2130 1748 nostrum
2174 1694 2283 1758 fiet,
2323 1710 2445 1749 cum

864 1798 1050 1839 omnes
1095 1784 1424 1838 adstabimus
1479 1794 1603 1839 ante
1657 1784 1979 1840 horrendum
2040 1784 2168 1839 illud
2218 1786 2447 1840 tribunal

868 1872 1069 1929 Christi
1096 1876 1324 1944 propriis
1350 1875 1644 1930 actionibus
1670 1876 2002 1943 circumdati,
2030 1885 2085 1931 et
2121 1877 2347 1946 propriis
2367 1878 2449 1930 vi-

866 1965 1054 2021 dentes
1090 1967 1259 2022 oculis
1285 2008 1299 2030 .
1324 1967 1447 2023 hinc
1482 1968 1745 2039 lacrymas
1770 1968 2109 2037 pupillorum,
2131 1968 2251 2023 inde
2272 1976 2451 2037 turpes

870 2057 1135 2123 lascivias,
1158 2058 1351 2127 quibus
1378 2061 1582 2113 animas
1624 2066 1833 2114 nostras
1860 2060 2279 2130 inquiuavimus;
2301 2062 2453 2116 item-

866 2162 972 2217 que
1013 2148 1293 2204 viduarum
1346 2152 1595 2220 gemitus,
1651 2152 1863 2221 inepum
1911 2152 2183 2221 colaphos,
2241 2155 2453 2223 rapinas

872 2253 1192 2310 pauperum;
1224 2256 1328 2295 non
1358 2241 1470 2295 hmc
1498 2253 1671 2295 autem
1702 2242 1871 2295 solum
1900 2250 1957 2296 et
1996 2243 2079 2297 his
2114 2244 2329 2311 similia,
2360 2248 2452 2300 sed

870 2330 1030 2384 etiam
1056 2331 1101 2385 si
1128 2330 1255 2401 quid
1294 2346 1513 2401 pravum
1546 2342 1723 2387 mente
1762 2333 1979 2388 fecimus
2014 2352 2029 2388 :
2058 2336 2306 2404 quoniam
2344 2338 2457 2406 ipse

872 2427 953 2473 cst
974 2418 1344 2491 Cogitationum
1369 2422 1632 2485 discretor,
1664 2431 1709 2477 et
1732 2424 2063 2477 intentionum
2078 2426 2247 2495 judex
2268 2425 2452 2498 (Hebr.

874 2512 928 2565 4.
953 2511 1081 2583 12);
1131 2528 1193 2569 ac
1226 2529 1459 2577 rursum,
1494 2514 1743 2570 Scrutaris
1772 2516 1927 2569 corda
1956 2526 2002 2570 et
2030 2534 2172 2572 rencs
2203 2517 2375 2591 (Psal.
2402 2520 2456 2573 7.

876 2602 990 2676 10),
1017 2612 1089 2668 et,
1112 2602 1343 2659 Reddam
1362 2606 1633 2677 unicuique
1646 2608 1917 2662 secundum
1938 2625 2064 2679 opus
2078 2625 2225 2663 suum
2245 2608 2457 2683 (Matth.

879 2693 968 2749 is.
995 2694 1110 2767 27).

958 2783 1090 2840 Vera
1115 2787 1373 2857 virginitas
1400 2802 1533 2858 quae.
1596 2818 1666 2829 —-
1695 2789 1791 2845 llic
1816 2806 1977 2861 porro
2014 2807 2191 2847 sermo
2228 2809 2332 2848 non
2370 2808 2465 2849 eos

878 2874 1053 2931 solum
1083 2879 1315 2946 respicit,
1335 2880 1421 2949 qui
1448 2880 1499 2933 in
1516 2881 1710 2935 saeculo
1722 2880 1921 2945 vivunt,
1942 2882 2033 2936 sed
2058 2884 2217 2937 etiam
2239 2898 2351 2947 eos,
2376 2885 2463 2953 qui

884 2967 1191 3022 monasticae
1230 2970 1352 3023 vita:
1381 2985 1536 3024 causa
1568 2972 1775 3040 tuguria
1803 2971 1900 3026 sibi
1932 2972 1985 3026 in
2016 2974 2283 3027 montibus
2318 2984 2461 3028 stru-

882 3067 1077 3113 xerunt
1105 3076 1120 3112 :
1146 3059 1267 3129 quia
1295 3075 1399 3115 non
1430 3061 1589 3116 modo
1614 3077 1837 3132 corpora
1876 3078 1968 3118 sua
2013 3063 2079 3119 ab
2106 3066 2251 3119 omni
2298 3064 2465 3120 forni-

882 3147 1109 3203 cationis
1134 3149 1251 3205 labe
1276 3166 1404 3220 pura
1436 3161 1651 3208 servent
1688 3163 1913 3222 oportet,
1947 3155 2038 3209 sed
2065 3164 2118 3208 et
2145 3156 2373 3209 animam
2400 3158 2468 3212 ab

884 3239 1029 3292 omni
1061 3240 1291 3294 satanica
1320 3240 1546 3296 habendi
1577 3244 1882 3312 cupiditate.
1909 3244 2025 3299 Non
2052 3246 2193 3300 enim
2222 3248 2468 3302 mulieres

886 3337 1091 3384 tantum
1121 3330 1410 3400 alloquitur
1448 3332 1641 3387 Paulus
1666 3336 1958 3404 apos10lus,
1997 3336 2089 3391 sed
2131 3338 2289 3392 etiam
2329 3340 2470 3393 viros

887 3421 1295 3493 universamque
1324 3424 1639 3491 Ecclesiam,
1681 3441 1801 3481 eum
1832 3427 1959 3482 dicit
1997 3428 2228 3482 animam
2275 3428 2325 3483 in
2362 3430 2472 3484 vir-

884 3512 1104 3581 ginitate
1133 3525 1558 3582 perseverantem
1581 3526 1828 3585 oportere
1848 3528 2083 3573 sanctam
2106 3535 2224 3574 esse
2246 3535 2470 3591 corpore

886 3610 943 3657 et
962 3603 1147 3672 spiritu
1175 3602 1251 3673 (ί.
1273 3602 1390 3658 Cor.
1419 3606 1471 3659 7.
1495 3606 1587 3675 54)
1608 3621 1621 3671 ;
1644 3621 1705 3661 ac
1734 3622 1964 3675 rursum,
1999 3608 2242 3665 Exltibete
2262 3627 2475 3681 corpora

890 3703 1057 3747 uestra
1079 3694 1318 3765 virginem
1344 3706 1532 3750 castam
1559 3698 1617 3765 (2
1642 3696 1854 3754 CorJl.
1872 3699 1927 3771 2)
1954 3700 2161 3756 Castam
2182 3703 2476 3773 quomodo?

891 3782 1017 3839 Non
1071 3786 1333 3840 habentem
1373 3789 1625 3842 maculam
1669 3791 1745 3843 rel
1782 3807 1957 3861 rugam
1993 3791 2205 3865 (Ep/tes.
2255 3795 2308 3850 5.
2358 3794 2476 3865 27).

890 3876 1328 3947 Quandoquidem
1359 3880 1589 3949 virgines
1621 3882 1741 3946 illae,
1766 3898 1883 3952 qua:
1902 3886 2189 3941 exstinctas
2210 3885 2481 3942 habebant

892 3966 1164 4036 lampades
1191 3967 1400 4035 (Matth.
1433 3969 1525 4025 25.
1564 3972 1615 4025 8.
1647 3982 1689 4025 et
1712 3972 1868 4045 sqq.),
1900 3974 2132 4045 virgines
2165 3985 2319 4031 erant
2359 3993 2479 4031 cor-

896 4072 1046 4125 pore,
1088 4059 1181 4113 sed
1226 4074 1330 4115 non
1361 4061 1520 4117 corde
1559 4077 1742 4133 pune;
1789 4081 1971 4120 verum
2018 4068 2225 4123 tametsi
2271 4070 2354 4123 vir
2392 4086 2485 4125 eas

898 4162 1007 4202 non
1057 4158 1404 4219 corruperat,
1459 4161 1514 4207 at
1568 4154 1907 4222 pecuniarum
1954 4172 2107 4231 amor
2151 4168 2478 4227 corruperat.

897 4238 1106 4309 C0rpus
1132 4256 1315 4297 earum
1360 4259 1550 4313 pttrum
1577 4254 1708 4308 erat,
1755 4246 1848 4300 sed
1878 4247 2053 4303 anima
2090 4248 2350 4303 adulterio
2391 4250 2485 4303 ad-

902 4330 1114 4385 modum
1143 4331 1319 4402 plena,
1351 4338 1526 4402 pravis
1545 4338 1949 4407 cogitationibus
1969 4354 2059 4393 eas
2081 4340 2483 4408 occupantibus,

910 4422 1148 4489 pecunia:
1177 4423 1300 4477 item
1327 4438 1529 4492 amore,
1568 4428 1972 4495 inhumanitate,
2021 4430 2119 4497 ira,
2156 4430 2370 4497 invidia,
2393 4431 2488 4486 de-

906 4510 1067 4577 sidia,
1111 4511 1409 4579 oblivione,
1456 4518 1719 4585 superbia,
1763 4520 2008 4574 omnibus
2048 4521 2245 4589 pariter
2270 4522 2488 4591 virgini-

909 4603 1033 4659 tatis
1073 4618 1253 4660 earum
1296 4606 1605 4678 dignitatem
1634 4610 2091 4667 labefactantibus.
2132 4612 2256 4668 ldeo
2283 4614 2489 4669 dicebat

908 4693 1140 4751 Paulus:
1172 4696 1239 4752 Ut
1276 4699 1415 4769 uirgo
1440 4698 1506 4753 sit
1542 4711 1715 4753 sancta
1744 4717 1955 4770 corpore
1994 4711 2040 4755 et
2065 4703 2247 4773 spiritu
2270 4703 2344 4775 (l.
2369 4705 2486 4760 Cor.

911 4788 964 4840 7.
995 4788 1119 4858 ‘5‘);
1146 4797 1200 4843 et
1230 4790 1442 4858 iterum,
1497 4791 1747 4863 Virginem
1786 4804 1977 4847 castam
2020 4794 2250 4849 exhibere
2291 4795 2490 4851 Christo

914 4880 990 4947 (9..
1018 4879 1134 4936 Cor.
1166 4883 1250 4938 ii.
1276 4883 1355 4954 2).
1385 4884 1840 4952 Quemadmodum
1868 4887 2010 4940 enim
2032 4902 2223 4957 corpus
2263 4888 2491 4945 fornica-

916 4971 1059 5027 tione
1098 4978 1473 5045 corrumpitur,
1521 4978 1591 5033 ita
1633 4988 1686 5033 et
1728 4979 1904 5033 anima
1949 4994 1977 5031 a
2019 4980 2266 5036 satanicis
2291 4982 2494 5051 cogita-

916 5062 1150 5119 tionibus
1181 5064 1428 5131 fmdatur,
1466 5083 1494 5121 a
1520 5070 1782 5136 corruptis
1811 5070 2164 5139 dogmatibus,
2197 5072 2263 5125 ab
2304 5073 2495 5125 absur-

916 5157 997 5210 dis
1013 5158 1442 5228 cogitationibus.
1469 5158 1600 5212 Nam
1627 5162 1715 5227 qui
1745 5161 1893 5226 dicit,
1927 5162 2085 5231 Virgo
2105 5177 2219 5216 sum
2250 5177 2495 5232 corpore,

921 5248 1093 5303 anima
1119 5264 1248 5304 vero
1274 5248 1479 5304 invidet
1508 5248 1680 5313 fratri,
1710 5251 1795 5305 hic
1824 5253 1971 5321 virgo
2001 5270 2102 5307 non
2131 5264 2211 5308 est
2238 5272 2251 5308 :
2281 5254 2499 5323 virgini-

923 5351 1081 5395 tatem
1105 5342 1243 5396 enim
1274 5341 1389 5411 ejus
1424 5342 1632 5396 vitiavit
1659 5341 1843 5396 livoris
1868 5345 2194 5399 commixtio.
2230 5345 2358 5399 Item
2389 5346 2502 5398 ina-

924 5432 1006 5485 nis
1056 5434 1234 5500 gloria:
1281 5443 1555 5503 appetens,
1604 5449 1709 5488 nou
1760 5442 1845 5488 est
1896 5435 2044 5504 virgo
2089 5453 2101 5489 :
2147 5438 2498 5505 virginitatem

921 5524 1119 5594 quippe
1148 5524 1263 5590 ejus
1297 5527 1533 5594 corrupit
1578 5525 1757 5580 livoris
1786 5526 1976 5597 cupido
2008 5544 2019 5580 :
2052 5527 2246 5580 etenim
2286 5527 2503 5580 morbus

925 5614 1012 5671 ille
1057 5614 1219 5669 animi
1276 5614 1563 5685 ingressus,
1612 5616 1729 5685 ejus
1778 5619 2131 5686 virginitatem
2173 5617 2353 5670 solvit.
2403 5617 2502 5683 Qui

927 5720 1053 5760 vero
1078 5706 1189 5761 odit
1217 5704 1437 5762 fratrem
1464 5722 1640 5775 suum,
1672 5708 1761 5763 ille
1802 5708 2063 5766 homicida
2111 5710 2303 5779 potius,
2345 5726 2500 5781 quam

928 5797 1076 5866 virgo
1102 5809 1201 5854 est.
1231 5798 1403 5869 thue
1446 5798 1748 5854 summatim
1776 5798 1969 5865 dicam,
2009 5802 2233 5872 quisque
2269 5817 2359 5867 eo,
2397 5816 2503 5872 quo

931 5895 1141 5943 tenetur
1166 5890 1327 5947 animi
1366 5891 1588 5959 morbo,
1612 5890 1967 5964 virginitatem
2007 5906 2153 5947 suam
2178 5894 2495 5963 corrumpit.

1550 486 1605 543 S.
1646 484 1923 543 JOANNIS
1961 484 2431 544 CHRYSOSTOMI
2473 482 2789 550 ARCHIEP.
2830 488 3370 553 CUNSTAN‘I‘INOP.

4006 494 4109 549 τιοι

2538 597 2738 653 Idcirco
2785 599 2980 658 Paulus
3028 603 3188 661 hasce
3237 616 3421 674 pravas
3473 615 3658 655 omnes
3708 604 4116 662 comtuixtiones

2535 690 2715 760 abigit,
2765 704 2924 762 atque
2966 695 3118 763 jubet
3160 712 3259 752 nos
3312 698 3380 751 ita
3426 694 3657 765 virgines
3700 707 3842 759 esse,
3888 706 3949 749 ut
3995 700 4114 752 nul-

2538 780 2638 835 Iam
2666 782 2985 836 contrariam
3013 787 3389 855 cogitationem
3417 787 3471 843 in
3500 784 3673 841 anima
3709 794 3902 854 Sponte
3944 789 4118 843 susci-

2544 872 2763 943 piatnus.

2612 965 2664 1018 4.
2693 963 2825 1030 Quid
2855 964 3011 1035 igitur
3037 966 3101 1020 ad
3150 968 3265 1025 hmc
3296 971 3573 1027 dicemus?
3614 966 3877 1040 quomodo
3913 968 4125 1023 miseri-

2544 1054 2775 1108 cordiam
2819 1058 3247 1123 consequemur?
3276 1060 3543 1128 quomodo
3583 1058 3843 1115 salutem?
3886 1057 4001 1129 Ego
4044 1056 4127 1112 di-

2547 1162 2700 1201 cam:
2732 1146 3023 1200 urationem
3068 1145 3119 1199 in
3150 1148 3311 1202 corde
3336 1164 3548 1221 semper
3582 1149 3951 1221 suscipiamus,
3976 1148 4128 1217 ejus-

2546 1254 2649 1306 que
2674 1238 2895 1301 fructus,
2932 1250 3123 1305 nempe
3164 1236 3538 1307 humilitatem,
3561 1252 3615 1298 et
3642 1240 4126 1305 mansuetudinem;

2550 1327 2737 1382 Discite
2768 1328 2930 1390 enim,
2960 1327 3145 1396 inquit,
3173 1342 3204 1379 a
3231 1344 3310 1381 me
3351 1332 3467 1399 quia
3514 1334 3648 1388 milis
3684 1350 3797 1388 sum
3839 1343 3884 1387 et
3923 1331 4131 1385 humilis

2548 1420 2717 1485 corde,
2748 1428 2792 1473 et
2819 1418 3073 1471 invenietis
3088 1418 3305 1486 requiem
3325 1420 3587 1476 animabus
3613 1426 3783 1477 vestris
3807 1421 4019 1491 (Matth.
4044 1423 4129 1476 Η.

2552 1508 2675 1578 29);
2708 1524 3022 1579 rursumque
3044 1508 3211 1563 David
3236 1525 3249 1561 :
3279 1508 3604 1577 Sacri/icium
3642 1513 3750 1568 Deo
3773 1516 3982 1585 spiritus
4008 1530 4134 1568 con-

2552 1601 2817 1656 tribulalus
2848 1618 2865 1656 :
2892 1618 2978 1655 cor
3001 1602 3268 1655 contritum
3296 1611 3343 1655 et
3369 1602 3689 1657 humiliatum
3717 1605 3855 1662 Deus
3898 1625 4001 1661 non
4042 1608 4134 1661 de-

2552 1694 2726 1761 spiciet
2749 1693 2866 1764 (l’s.
2896 1693 2983 1750 50.
3017 1693 3128 1764 i9).
3155 1691 3296 1747 Nihil
3322 1693 3464 1747 enim
3508 1694 3574 1747 ita
3622 1695 3761 1749 Deus
3792 1698 4136 1767 amplectitur

2553 1795 2607 1838 et
2641 1797 2806 1850 amat,
2844 1795 2901 1840 ut
2945 1786 3176 1840 animam
3218 1786 3397 1839 mitem
3448 1794 3503 1838 et
3546 1783 3798 1840 humilem
3826 1798 3881 1842 et
3906 1800 4134 1858 gratam.

2560 1874 2791 1930 Adverte
2823 1877 2980 1946 igitur
2998 1886 3051 1929 et
3078 1884 3152 1941 tu,
3184 1874 3375 1939 frater;
3405 1890 3525 1928 cum
3557 1876 3681 1943 quid
3711 1876 4135 1947 inexspectatum

2562 1965 2655 2019 tibi
2687 1966 2939 2021 acciderit
2982 1966 3383 2036 molestiamque
3426 1966 3641 2033 crearit,
3685 1983 3751 2022 ne
3787 1969 3852 2022 ad
3894 1971 4141 2025 homines

2558 2058 2853 2128 eoufttgias,
2882 2074 2947 2113 ne
2974 2058 3038 2112 ad
3067 2059 3289 2113 mortale
3316 2058 3573 2112 auxiliqu
3602 2061 3889 2129 respicias;
3912 2064 4005 2116 sed
4034 2078 4144 2115 om-

2560 2165 2656 2204 nes
2679 2161 3061 2213 transcurrens,
3092 2161 3269 2206 mente
3308 2160 3396 2203 tua
3438 2150 3502 2205 ad
3541 2152 3833 2206 animarum
3875 2154 4141 2207 medicum

2564 2250 2614 2294 te
2642 2239 2845 2294 confer.
2874 2239 3003 2294 Nam
3042 2240 3154 2308 ipse
3184 2240 3329 2293 solus
3354 2239 3499 2293 cordi
3533 2240 3794 2294 medelam
3825 2241 4019 2295 afferre
4047 2258 4142 2309 pn-

2565 2339 2685 2394 test,
2712 2331 2802 2400 qui
2850 2330 2998 2384 tinxit
3041 2329 3348 2398 singillatim
3393 2330 3553 2384 corda
3594 2340 3770 2385 nostra
3812 2342 3867 2385 et
3898 2333 4146 2402 intelligit

2563 2426 2738 2478 omnia
2768 2437 2927 2492 opera
2961 2434 3137 2475 nostra
3170 2421 3285 2492 (Ps.
3317 2422 3405 2475 52.
3440 2421 3525 2492 l5)
3552 2440 3564 2476 :
3595 2423 3708 2492 ipse
3733 2431 3905 2491 potest
3934 2423 3987 2477 in
4013 2438 4145 2477 cou-

2565 2516 2836 2569 scientiam
2866 2523 3098 2567 nostram
3126 2512 3350 2580 ingredi,
3384 2522 3612 2568 mentem
3646 2522 3861 2583 tangere
3887 2515 4149 2567 animam-

2566 2619 2669 2672 que
2695 2603 2977 2658 cohortari.
3008 2602 3158 2668 Quod
3190 2603 3232 2656 si
3259 2602 3372 2673 ipse
3395 2618 3497 2657 non
3524 2603 3831 2658 cohortetur
3851 2603 4016 2658 corda
4041 2619 4142 2657 no-

2569 2704 2699 2758 stra,
2733 2710 2849 2764 qua:
2876 2693 2942 2746 ab
2970 2692 3273 2747 hominibus
3308 2692 3585 2759 accedent,
3616 2694 3877 2761 superflua
3904 2702 3958 2747 et
3990 2693 4151 2747 inuti-

2570 2785 2635 2839 lia
2660 2793 2814 2840 erunt
2843 2803 2855 2839 :
2881 2783 3327 2856 quemadmodum
3359 2784 3592 2837 vicissim
3622 2784 3729 2839 Deo
3757 2783 4072 2838 cohortante
4097 2792 4153 2837 et

2571 2876 2901 2938 consolante,
2925 2875 3131 2929 etiamsi
3162 2882 3441 2929 sexcentas
3471 2873 3713 2928 homines
3739 2874 4009 2927 molestias
4027 2889 4151 2926 creo

2570 2967 2795 3033 averint,
2829 2981 2893 3020 ne
2921 2966 3196 3019 minimum
3225 2965 3439 3035 quidem
3462 2965 3617 3018 nobis
3647 2980 3836 3019 nocere
3860 2973 4111 3033 poterunt
4135 2978 4148 3015 :

2571 3073 2690 3113 cum
2740 3058 2881 3113 enim
2930 3057 3017 3111 ille
3060 3070 3154 3110 cor
3198 3064 3437 3109 nostrum
3486 3054 3794 3120 firmaverit,
3828 3068 3983 3107 nemo
4022 3052 4155 3106 illud

2573 3147 2836 3217 exagitare
2863 3146 3078 3201 valebit.

2649 3241 2813 3307 Quam
2845 3239 3010 3306 facilis
3031 3237 3097 3290 ad
3125 3235 3285 3291 Deunt
3309 3237 3494 3290 aditus.
3514 3266 3583 3276 —
3611 3236 3734 3291 llaec
3758 3249 3877 3289 cum
3899 3235 4152 3297 sciamus,

2576 3332 2775 3392 dilecti.
2807 3331 2873 3385 ad
2901 3330 3067 3385 Deum
3098 3344 3307 3399 semper
3323 3327 3710 3397 confugiamus,
3742 3328 3829 3397 qui
3856 3326 3969 3380 vult
3994 3336 4047 3381 et
4068 3340 4159 3397 po-

2579 3433 2683 3480 test
2705 3425 3036 3478 calamitates
3064 3421 3271 3476 solvere
3301 3430 3528 3475 nostras.
3558 3422 3625 3473 At
3652 3420 3793 3473 enim
3820 3419 4033 3487 quando
4065 3420 4162 3471 bn-

2580 3517 2749 3569 mines
2774 3528 2997 3569 exorare
3021 3521 3245 3582 oportet,
3273 3512 3516 3566 ostiarios
3550 3512 3693 3581 prius
3712 3510 3909 3580 alloqui
3942 3522 4162 3564 necesse

2584 3608 2736 3662 nobis
2762 3616 2863 3671 est,
2893 3607 3147 3674 parasitos
3177 3606 3298 3659 item
3323 3604 3729 3674 adulatore~que
3761 3602 3982 3672 precari,
4020 3601 4163 3655 mul-

2583 3708 2801 3768 tumque
2826 3696 3027 3751 itineris
3050 3709 3329 3765 Capessere
3358 3713 3369 3748 :
3399 3693 3535 3763 apud
3566 3694 3731 3749 Deum
3760 3708 3884 3749 vero
3929 3692 4061 3746 nihil
4090 3691 4164 3745 si-

2586 3791 2732 3855 mile,
2761 3789 2851 3842 sed
2880 3788 2993 3844 sine
3021 3790 3368 3843 intercessore
3400 3786 3682 3841 exorabilis
3722 3794 3823 3846 est,
3855 3786 3970 3839 sine
3997 3798 4165 3853 pecu.

2587 3884 2708 3947 niis,
2756 3882 2868 3936 sine
2914 3881 3207 3951 sumptibus
3248 3879 3486 3950 petitioni
3532 3879 3766 3931 annuit:
3804 3875 3998 3930 sufficit
4048 3875 4166 3929 solo

2589 3975 2746 4027 corde
2768 3973 3016 4037 clamare,
3044 3981 3098 4028 et
3125 3973 3383 4043 lacrymas
3408 3970 3623 4033 offerre,
3651 3975 3703 4022 et
3744 3966 3920 4020 statim
3956 3966 4164 4034 ingres-

2589 4082 2699 4131 sus,
2723 4080 2841 4120 eum
2865 4065 3165 4119 attraxeris.
3191 4066 3259 4118 At
3281 4063 3549 4116 hominem
3576 4075 3696 4114 cum
3728 4071 3995 4127 rogamus,
4023 4070 4168 4125 sape

2589 4159 2894 4221 metuimus,
2930 4173 2993 4209 ne
3028 4157 3146 4225 quis
3176 4170 3240 4209 ex
3294 4153 3540 4218 inimicis,
3589 4161 3680 4205 aut
3716 4151 3917 4204 amicus
3956 4166 4164 4211 eorum,

2588 4258 2677 4302 aut
2706 4245 3042 4302 adversarius
3072 4243 3331 4312 quispiam
3361 4258 3473 4295 rem
3513 4240 3711 4306 audiat,
3738 4239 3944 4294 aliusve
3969 4238 4169 4294 referat

2590 4354 2672 4403 ea,
2703 4352 2821 4408 quae
2852 4335 2987 4389 dicta
3017 4340 3160 4397 sunt,
3192 4342 3245 4385 et
3286 4332 3375 4401 jus
3418 4339 3683 4401 pervertat
3719 4349 3732 4384 :
3775 4330 3825 4384 in
3855 4330 3962 4384 Deo
3988 4337 4167 4384 autem

2591 4434 2720 4487 nihil
2748 4432 2852 4486 tale
2882 4426 3140 4496 suspicari
3173 4425 3315 4479 licet.
3342 4423 3474 4478 Cum
3504 4424 3646 4478 enim
3678 4438 3763 4477 me
3791 4422 4024 4478 volueris
4045 4438 4167 4492 pre-

2590 4525 2721 4589 cari,
2765 4520 2954 4589 inquit,
2987 4516 3132 4570 solus
3161 4514 3377 4581 accede,
3404 4514 3615 4569 nemine
3654 4521 3951 4583 praesente;
3984 4512 4035 4565 id
4067 4522 4169 4572 est,

2592 4613 2755 4669 corde
2774 4610 2965 4673 clama,
2998 4621 3168 4675 neque
3196 4605 3328 4660 labia
3347 4620 3565 4659 movens
3590 4622 3602 4657 ε
3627 4620 3747 4658 nam
3782 4603 3949 4668 Intra,
3978 4602 4169 4671 inquit,

2593 4706 2644 4758 in
2675 4700 2954 4756 cubiculum
2976 4708 3136 4762 tuum,
3165 4697 3343 4751 claude
3370 4698 3549 4751 ostium
3579 4707 3733 4759 tuum,
3774 4705 3822 4750 et
3847 4711 3937 4749 ora
3962 4692 4173 4747 Patrem

2598 4805 2759 4855 tuum,
2786 4790 2872 4859 qui
2900 4797 2971 4843 est
2996 4789 3047 4841 in
3076 4786 3363 4841 abscondito
3388 4802 3409 4841 :
3434 4796 3477 4841 et
3508 4787 3663 4840 Pater
3686 4796 3821 4853 tuus,
3852 4784 3937 4856 qui
3965 4784 4094 4836 uidet
4118 4783 4172 4834 in

2598 4880 2911 4943 abscondito,
2939 4879 3108 4932 reddet
3150 4878 3234 4932 tibi
3267 4880 3318 4932 in
3350 4878 3547 4947 publica
3594 4877 3809 4947 (Matth.
3837 4878 3889 4929 6.
3920 4874 3997 4945 6).
4041 4872 4174 4926 Vide

2602 4972 2818 5027 honoris
2846 4969 3229 5025 excellentiam.
3256 4970 3383 5025 Cum
3433 4984 3519 5024 me
3564 4982 3739 5037 rogas,
3784 4966 3971 5035 inquit,
4015 4976 4177 5017 nemo

2602 5064 2808 5127 videat;
2842 5078 2961 5116 eum
2996 5073 3173 5116 autem
3212 5071 3264 5117 te
3310 5063 3514 5117 honore
3557 5059 3750 5121 afficio,
3786 5056 3967 5109 orbem
4007 5065 4177 5105 evoco

2602 5153 2843 5210 beneficii
2868 5161 3071 5208 testem.
3094 5154 3532 5221 Obtemperemus
3553 5162 3699 5213 ergo,
3725 5158 3894 5211 neque
3914 5142 3978 5194 ad
4001 5149 4181 5193 osten-

2606 5246 2855 5300 tationem
2888 5259 3184 5313 precemur,
3227 5256 3397 5311 neque
3436 5247 3617 5293 contra
3664 5235 3907 5288 inimicos
3941 5238 4179 5295 nostros,

2606 5352 2708 5390 neu
2739 5336 2947 5389 modum
2977 5336 3153 5389 auxilii
3178 5334 3462 5387 doceamus
3489 5342 3629 5381 eum.
3676 5324 3803 5377 Nam
3832 5322 3874 5375 si
3899 5319 4179 5374 causidicis

2608 5438 2660 5482 et
2686 5427 2981 5483 rhetoribus
3010 5426 3147 5496 apud
3180 5425 3419 5478 forenses
3445 5418 3650 5487 iudices
3678 5412 3944 5467 tractanda
3973 5412 4182 5479 negotia

2606 5528 2783 5573 nostra
2802 5520 3026 5574 dicimus
3046 5528 3272 5573 tantum,
3289 5508 3502 5563 modum
3524 5514 3697 5558 autem
3716 5499 4035 5556 defensionis
4052 5500 4183 5569 ipsis

2604 5614 2972 5685 relinquimus,
3007 5620 3063 5665 ut
3116 5621 3212 5677 pro
3265 5602 3430 5657 lubito
3476 5613 3565 5653 res
3609 5605 3816 5650 nostras
3852 5593 4179 5685 dis-ponant;

2607 5680 2774 5762 multo
2804 5704 2969 5774 magis
2992 5714 3117 5767 erga
3150 5697 3314 5750 Deum
3358 5692 3425 5745 ita
3466 5687 3760 5743 faciendum
3788 5695 3889 5739 est.
3924 5681 4113 5774 Dixisti
4128 5680 4183 5774 rei

2608 5814 2822 5856 causam
2854 5772 3020 5857 tuam,
3052 5788 3229 5845 dixisti
3258 5801 3376 5857 quae
3417 5796 3603 5852 passus
3639 5779 3735 5835 es?
3768 5791 3895 5831 cave
3929 5772 4079 5828 dicas
4106 5773 4183 5827 illi

2613 5904 2719 5962 quo
2737 5897 2889 5960 pacto
2917 5883 3007 5938 tibi
3030 5878 3281 5936 auxilium
3310 5876 3379 5931 sit
3405 5872 3679 5931 ferendum
3704 5887 3717 5924 τ
3750 5867 3838 5923 ille
3870 5864 4063 5939 quippe
4088 5877 4176 5917 no-
