4446 6690
213 438 321 496 303

213 556 397 622 καλῶς
421 564 785 634 διακειμένης,
816 563 951 630 ὅπερ
982 559 1046 611 ἂν
1074 556 1286 627 ἐμπέσῃ
1308 556 1414 611 τῶν
1441 559 1649 621 δεινῶν,
1680 559 1779 611 κᾶν
1802 556 1881 607 λιο

212 645 339 715 μός,
367 648 471 702 κᾶν
508 650 682 715 νόσος,
726 651 828 704 κᾶν
870 644 1215 712 συκοφαντία,
1256 645 1358 699 κᾶν
1400 648 1695 718 χρημάτων
1735 646 1884 712 διαρ-

210 733 386 805 παγὴ.
419 737 520 791 κᾶν
544 740 571 792 ὅ
601 756 653 791 τι
680 738 806 790 ἄλλο
837 732 950 795 οὖν,
974 732 1209 802 φορητὸν
1236 733 1384 787 ἔσται
1414 737 1503 788 καὶ
1540 732 1761 800 κοῦφον,
1796 729 1884 781 διὰ

210 822 310 890 τὴν
337 824 431 877 τοῦ
466 827 734 879 Δεσπότου
779 820 997 889 ἐντολὴν
1045 820 1136 873 καὶ
1184 820 1279 892 τὴν
1324 824 1404 884 είς
1456 821 1616 874 αὐτὸν
1661 817 1879 871 ἐλπίδα·

207 910 402 984 ῶσπερ
451 913 612 967 πάλιν
649 913 749 979 τῆς
796 908 969 977 ψυχῆς
1016 909 1149 979 προς
1192 910 1282 962 τὸν
1333 910 1465 962 Θεὸν
1515 910 1614 960 ούκ
1656 904 1882 975 ἐχούσης

208 1000 417 1065 καλῶς.
451 1003 558 1056 κᾶν
586 998 813 1059 πλοῦτος
856 996 1106 1068 ὲπιῤῥέῃ.
1144 998 1246 1051 κᾶν
1279 998 1462 1058 παῖδες
1508 994 1745 1065 παρῶσι,
1782 991 1882 1045 κᾶν

211 1090 422 1159 μυρίων
466 1088 759 1147 ἀπόλαυσις
883 1085 1198 1155 χρημάτων,
1229 1084 1467 1153 ἀθυμίας
1514 1081 1710 1144 πολλάς
1757 1084 1878 1134 ἑπι-

209 1178 481 1231 σπάσεται
517 1176 545 1227 6
573 1170 809 1233 τοιοῦτος
846 1172 939 1224 καὶ
970 1172 1272 1243 φροντίδας.
1312 1169 1404 1240 Μὴ
1444 1169 1622 1222 τοίνυν
1654 1167 1879 1223 πλοῦτον

206 1265 484 1334 ζητῶμεν,
534 1260 608 1330 μὴ
651 1257 842 1310 πενίαν
868 1258 1175 1330 φεύγωμεν,
1227 1258 1364 1313 ἀλλά
1402 1256 1509 1328 πρὸ
1538 1257 1752 1310 πάντων
1781 1258 1878 1326 τῆς

207 1351 422 1405 ἑαυτῶν
446 1345 831 1415 ἐπιμελώμεθα
855 1346 1029 1417 ψυχῆς
1062 1348 1312 1409 ἕκαστος,
1352 1346 1447 1400 καὶ
1480 1344 1721 1415 ποιῶμεν
1756 1345 1878 1396 ἑπι-

205 1438 426 1507 τηδείαν
464 1433 631 1503 αὐτὴν
671 1434 806 1503 πρός
846 1451 905 1488 τε
941 1434 1037 1506 τήν
1083 1434 1176 1488 τοῦ
1218 1434 1483 1505 παρόντος
1521 1432 1634 1502 βίου
1676 1431 1880 1483 οἰκονο-

208 1524 361 1592 μίαν,
392 1522 486 1573 καὶ
519 1520 655 1590 πρὸς
676 1521 773 1591 τὴν
801 1521 1050 1575 ἐντεῦθεν
1071 1523 1245 1575 ἐκεῖσε
1271 1518 1597 1588 ἀποδημίαν.
1627 1517 1748 1569 Ἔτι
1771 1516 1877 1587 γὰρ

207 1609 444 1679 μικρὸν,
500 1607 593 1660 καὶ
650 1608 684 1677 ἡ
737 1608 1027 1676 δοκιμασία
1084 1609 1313 1661 ἑκάστου
1357 1604 1515 1675 ήμῶν
1564 1603 1873 1673 γενήσεται,

202 1696 370 1764 ἡνίκα
404 1694 605 1758 πάντες
637 1695 1002 1766 παραστῶμεν
1041 1694 1119 1764 τῷ
1147 1691 1360 1762 φοϐερῷ
1391 1690 1592 1760 βήματι
1625 1687 1720 1741 τοῦ
1744 1690 1877 1760 Χρι-

203 1782 355 1842 στοῦ.
404 1782 857 1855 περιϐεϐλημένοι
902 1784 1002 1846 τὰς
1048 1781 1255 1835 ἑαυτῶν
1306 1779 1553 1850 πράξεις,
1611 1779 1705 1831 καὶ
1761 1781 1878 1842 τοῖς

200 1872 502 1941 ὀφθαλμοῖς
532 1873 685 1942 ἡμῶν
717 1873 969 1945 ὁρῶντες,
996 1869 1155 1923 τοῦτο
1185 1869 1284 1939 μὲν
1313 1868 1383 1921 τά
1408 1867 1617 1939 δάκρυα
1653 1867 1761 1921 τῶν
1792 1869 1875 1938 6p-

200 1962 412 2031 φανῶν,
446 1960 604 2014 τοῦτο
632 1962 689 2015 δὲ
719 1963 817 2025 τὰς
848 1959 1078 2030 αἰσχρὰς
1113 1957 1417 2025 ἀσελγείας,
1450 1958 1510 2010 ἑν
1538 1953 1625 2021 αἷς
1650 1958 1876 2021 ἑμιάνα-

205 2069 306 2122 μεν
350 2049 450 2115 τάς
494 2051 700 2105 ἑαυτῶν
726 2049 924 2121 ψυχὰς,
974 2045 1133 2099 τοῦτο
1157 2045 1214 2098 δὲ
1243 2044 1368 2105 τοὺς
1401 2046 1735 2116 στεναγμοὺς
1766 2044 1874 2097 τῶν

201 2138 410 2209 χηρῶν,
452 2138 607 2192 τοῦτο
652 2139 709 2191 δὲ
747 2140 871 2198 τοὺς
906 2133 1292 2203 κονδυλισμοὺς
1328 2133 1435 2186 τῶν
1474 2133 1742 2203 πενήτων,
1776 2134 1874 2195 τὰς

201 2226 461 2295 ἁρπαγὰς
492 2226 601 2279 τῶν
634 2223 887 2294 πτωχῶν·
920 2223 980 2274 οὐ
1012 2221 1167 2291 μόνον
1200 2220 1256 2272 δὲ
1296 2219 1489 2281 ταῦτα,
1534 2222 1627 2273 καὶ
1657 2220 1726 2273 τά
1753 2220 1873 2273 τού-

198 2330 317 2376 τοις
352 2314 535 2382 ὅμοια,
570 2314 684 2366 ἀλλ’
712 2311 765 2364 εί
797 2329 849 2363 τι
892 2311 985 2363 καὶ
1028 2311 1084 2361 ὲν
1113 2306 1319 2378 διανοίᾳ
1349 2307 1547 2361 ἄτοπον
1585 2306 1874 2377 διεπράξα-

206 2415 308 2468 μεν
328 2414 341 2427 ·
373 2398 455 2449 ὅτι
486 2396 646 2459 αὑτός
672 2397 818 2448 ἑστιν
856 2391 1275 2461 Ἐνθυμήσεων
1299 2394 1611 2462 δικαστὴς,
1646 2396 1740 2451 και
1779 2395 1874 2451 ἐν.

202 2483 384 2538 νοιῶν
397 2483 621 2551 κριτής·
647 2482 740 2536 καὶ
756 2482 933 2535 πάλιν·
953 2479 1201 2540 Ἐτάζων
1216 2479 1360 2548 καρίῗ
1362 2480 1385 2533 ί
1389 2498 1455 2543 ας
1475 2482 1572 2534 καὶ
1587 2484 1865 2552 νεφροὺς,

204 2573 298 2623 καὶ
327 2612 341 2631 ,
374 2570 525 2641 [5061
566 2569 903 2634 Ἀποδιδοὺς
930 2567 1162 2633 ἑκάστῳ
1198 2571 1345 2621 κατὰ
1365 2567 1431 2620 τὸ
1458 2572 1635 2639 ἔργον
1656 2571 1861 2627 αὐτοῦ.

270 2654 440 2719 Οὗτος
475 2657 532 2708 δέ
567 2674 655 2727 μοι
689 2658 717 2707 ό
745 2655 901 2722 λόγος
930 2656 991 2706 ού
1027 2654 1163 2725 πρός
1188 2658 1312 2719 τοὺς
1352 2657 1410 2709 ἑν
1453 2657 1532 2726 τῷ
1560 2657 1659 2727 βίῳ
1688 2657 1869 2724 ἐξετα-

197 2744 462 2813 ζομένους
498 2745 655 2811 μόνον
692 2743 860 2803 ἐστὶν,
889 2740 1023 2794 ἀλλά
1051 2743 1145 2795 καὶ
1181 2744 1317 2813 πρὸς
1342 2745 1467 2807 τοὺς
1495 2745 1554 2796 ἑν
1588 2746 1699 2803 τοῖς
1721 2744 1869 2815 ὄρεσι

195 2833 295 2894 τάς
344 2829 554 2884 ἑαυτῶν
587 2828 827 2891 καλύϐας
860 2829 1204 2899 πηξαμένους
1242 2830 1335 2882 τοῦ
1374 2830 1659 2901 μοναδικοῦ
1686 2833 1870 2886 ἕνεκεν

198 2918 340 2985 βίου,
370 2918 452 2969 ὅτι
476 2916 538 2968 ού
576 2915 732 2985 μόνον
776 2914 845 2967 τὰ
872 2913 1101 2985 σώματα
1125 2915 1303 2968 αὐτῶν
1337 2918 1385 2969 οί
1410 2917 1641 2970 τοιοῦτοι
1674 2919 1869 2985 φυλάτ-

193 3022 309 3059 τειν
341 3005 647 3075 ὀφείλουσιν
688 3005 795 3059 ἀπὸ
841 3004 1117 3074 μολυσμοῦ
1153 3006 1430 3075 πορνείας.
1467 3006 1602 3060 ἀλλά
1643 3009 1737 3060 καὶ
1773 3007 1871 3077 τὴν

192 3092 377 3163 ψυχὴν
400 3093 506 3145 ἀπὸ
540 3093 720 3162 πάσης
746 3094 1040 3161 σατανικῆς
1069 3091 1398 3157 πλεονεξίας.
1427 3094 1501 3147 Ού
1528 3094 1635 3163 γὰρ
1659 3094 1871 3161 γυναιξὶ

196 3181 362 3248 μόνον
394 3179 693 3247 διαλέγεται
714 3182 743 3232 ό
772 3180 1065 3242 ἀπόστολος
1091 3180 1318 3243 Παῦλος,
1351 3181 1487 3234 ἀλλά
1514 3182 1606 3233 καὶ
1645 3183 1869 3251 ἀνδράσι

196 3267 291 3320 καὶ
318 3266 597 3336 ὁλοκλήρῳ
622 3270 689 3337 τῇ
734 3267 1047 3337 Ἐκκλησία,
1074 3268 1175 3326 ὅτι.
1210 3270 1363 3336 φησὶ,
1410 3270 1510 3340 τὴν
1546 3268 1869 3340 παρθενεύο-

197 3353 368 3423 μένην
394 3353 571 3423 ψυχὴν
600 3351 740 3406 εἶναι
765 3354 844 3407 δεῖ
882 3355 1041 3421 ἁγίαν
1074 3354 1167 3407 καὶ
1201 3354 1412 3425 σώματι
1445 3356 1539 3409 καὶ
1564 3356 1831 3427 πνεύματι
1852 3372 1865 3386 ’

192 3440 291 3493 καὶ
316 3440 499 3496 πάλιν.
538 3440 973 3504 Παραστήσατε
1003 3439 1075 3492 τὰ
1102 3439 1346 3508 σώματα
1374 3441 1536 3509 ὑμῶν
1572 3443 1870 3511 παρθένον

194 3527 423 3595 ἁγνήν·
449 3527 619 3597 ἁγνὴν
638 3527 695 3580 δὲ
727 3527 843 3589 πῶς
865 3543 881 3590 ;
908 3525 1005 3593 Μὴ
1035 3526 1303 3595 ἔχουσαν
1321 3529 1549 3582 σπίλον
1567 3528 1605 3596 ἣ
1631 3530 1864 3595 ῥυτίδα.

205 3615 359 3667 Ἐπεὶ
429 3615 679 3668 κάκεῖναι
734 3616 790 3667 αί
839 3612 1095 3684 παρθένοι
1143 3616 1197 3667 αἱ
1241 3615 1341 3678 τὰς
1388 3614 1673 3681 λαμπάδας
1716 3616 1868 3686 ἐχου-

200 3718 296 3755 σαι
334 3702 691 3772 ἑσϐεσμένας,
742 3701 1001 3771 παρθένοι
1045 3697 1185 3772 ἦσαν
1230 3702 1309 3771 τῷ
1352 3701 1584 3772 σώματι,
1623 3703 1736 3755 ἀλλ’
1769 3705 1867 3775 οὐχ

190 3790 359 3854 ἁγναὶ
388 3789 452 3857 τῇ
485 3786 701 3858 καρδία,
728 3787 843 3840 ἀλλ’
874 3789 923 3841 εί
956 3789 1049 3841 καὶ
1089 3790 1165 3859 μὴ
1194 3787 1333 3858 ἀνὴρ
1361 3789 1530 3852 αύτάς
1571 3789 1865 3859 διέφθειρε,

189 3875 307 3927 ἀλλ’
334 3875 365 3927 6
396 3872 503 3926 τῶν
524 3873 823 3944 χρημάτων
859 3874 1161 3945 διέφθειρεν
1195 3874 1361 3947 ἔρως·
1392 3876 1453 3929 τὺ
1497 3875 1657 3946 σῶμα
1689 3877 1867 3931 αὐτῶν

188 3956 257 4029 ἦν
283 3959 541 4029 καθαρὸν,
576 3960 689 4014 ἀλλ’
733 3963 766 4029 ἡ
822 3960 967 4032 ψυχὴ
1014 3960 1192 4015 αὐτῶν
1238 3961 1439 4032 πολλῆς
1473 3958 1542 4033 ἦν
1583 3965 1865 4035 ἐμπεπλη-

190 4047 368 4118 σμένη
394 4048 490 4118 τῆς
521 4047 782 4118 μοιχείας,
832 4049 1082 4120 πονηρῶν
1125 4048 1399 4119 λογισμῶν
1429 4051 1508 4109 είς
1546 4050 1716 4115 αὑτὰς
1758 4070 1867 4121 χω-

195 4134 501 4203 ρησάντων,
530 4134 631 4203 τῆς
656 4152 717 4187 τε
738 4134 1190 4207 φιλοχρηματίας,
1219 4136 1312 4190 καὶ
1351 4137 1741 4207 ἀσπλαγχνίας,
1774 4142 1868 4193 καὶ

186 4221 382 4290 ὁρτῆς,
409 4222 504 4275 καὶ
533 4222 749 4289 φθόνου,
790 4223 880 4275 κα¹ι
917 4223 1151 4292 ἀργίας,
1188 4223 1283 4278 καὶ
1319 4221 1521 4294 λήθης,
1561 4225 1654 4278 καὶ
1693 4228 1861 4295 ὑπερ-

189 4307 447 4375 ηφανίας,
477 4306 883 4377 λυμαινομένων
898 4309 1114 4362 πάντων
1136 4304 1231 4373 τὴν
1272 4308 1574 4376 σεμνότητα
1601 4310 1699 4379 τῆς
1728 4326 1865 4382 παρ-

190 4389 378 4449 θενίας
408 4390 603 4441 αὐτῶν.
638 4392 729 4443 Διὸ
760 4393 849 4443 καὶ
878 4394 905 4443 ό
937 4391 1144 4453 Παῦλος
1168 4392 1377 4459 ἔλεγεν·
1415 4393 1545 4447 Ἵνα
1576 4397 1611 4461 ἠ
1648 4398 1862 4465 παρθέ-

189 4492 301 4541 νος
337 4470 377 4546 ᾖ
424 4476 563 4544 ἁγία
610 4477 709 4530 καί
756 4476 981 4544 σώματι
1033 4478 1130 4530 καί
1179 4479 1489 4546 πνεύματι·
1532 4483 1623 4533 καὶ
1679 4484 1859 4547 πάλιν,

189 4563 500 4633 Παρθένον
548 4562 742 4631 ἁγνὴν
796 4563 1180 4631 παραστῆσαι
1229 4565 1307 4629 τῷ
1362 4567 1607 4633 Χριστῷ.
1653 4571 1862 4641 Ὥσπερ

189 4651 301 4721 γάρ
333 4652 394 4705 τὸ
424 4653 581 4723 σῶμα
619 4653 722 4707 ὑπὸ
757 4652 1009 4724 μοιχειῶν
1036 4662 1054 4683 ⁸
1078 4653 1474 4724 διαφθείρεται,
1522 4656 1664 4710 οὕτω
1697 4659 1788 4711 καὶ
1828 4661 1862 4731 ή

375 4739 479 4792 ὑπὸ
528 4741 802 4812 λογισμῶν
844 4740 1146 4794 σατανικῶν
1192 4742 1483 4811 μιαίνεται,
1517 4744 1621 4798 ὑπὸ
1658 4746 1863 4814 δογμάοι

187 4838 301 4878 των
341 4826 770 4899 διεφθαρμένων,
797 4829 901 4881 ὑπὸ
940 4828 1222 4897 νοημάτων
1254 4830 1490 4885 ἀτόπων.
1535 4833 1592 4886 Ὀ
1626 4834 1735 4904 γάρ
1774 4836 1862 4890 λέ-

192 4928 325 4979 γων,
357 4912 629 4997 Παρθένος
658 4918 774 4986 είμὶ
803 4916 879 4986 τῷ
904 4914 1148 4987 σώματι,
1178 4920 1244 4988 τῇ
1284 4917 1340 4970 δὲ
1381 4918 1524 4993 ψυχῇ
1564 4922 1749 4991 φθονεῖ
1786 4925 1863 4997 τῷ

188 4998 429 5068 ἀδελφῷ,
474 4994 630 5063 οὗτος
674 5006 775 5057 οὐκ
806 5005 921 5057 ἐστι
955 5004 1218 5075 παρθένος
1242 5025 1254 5035 ·
1290 5006 1390 5075 τὴν
1418 5008 1526 5078 γάρ
1568 4994 1863 5082 παρθενίαν

193 5087 361 5142 αὑτοῦ
396 5086 698 5157 διέφθειρεν
729 5093 761 5161 ή
790 5091 883 5143 τοῦ
915 5092 1104 5160 φθόνου
1142 5090 1304 5161 μίξις.
1342 5094 1507 5149 Πάλιν
1531 5099 1559 5149 ὁ
1592 5099 1862 5164 κενόδοξος

192 5175 293 5228 οὐκ
321 5172 437 5225 ἐστι
467 5174 730 5243 παρθένος
749 5193 763 5207 ·
787 5178 882 5247 τὴν
906 5180 1012 5249 γὰρ
1038 5178 1328 5249 παρθενίαν
1361 5182 1524 5234 αὑτοῦ
1559 5185 1861 5257 διέφθειρεν

200 5262 230 5313 6
255 5261 356 5330 τῆς
389 5259 680 5329 βασκανίας
705 5262 843 5333 ἔρως
864 5282 877 5294 ·
910 5266 971 5319 τὸ
1000 5268 1106 5337 γὰρ
1138 5266 1304 5332 πάθος
1343 5269 1597 5334 εἰσελθὸν,
1630 5274 1729 5341 τῆς
1761 5276 1863 5342 ψυ-
1905 5308 1914 5315 ο

192 5349 296 5423 χῆς
335 5347 520 5402 ἔλυσεν
542 5349 705 5402 αὑτοῦ
731 5351 829 5420 τὴν
861 5354 1174 5421 παρθενίαν.
1211 5357 1269 5410 ’0
1297 5356 1351 5410 δὲ
1390 5357 1560 5427 μισῶν
1590 5360 1681 5413 τὸν
1711 5362 1859 5415 ἀδελ·
1886 5346 1941 5382 θ

192 5439 294 5508 φδν
325 5438 513 5499 αὐτοῦ,
544 5429 697 5501 οὗτος
729 5436 1170 5509 ἀνθρωποκτόνος
1206 5446 1321 5498 ἐστὶ
1354 5445 1550 5515 μᾶλλον
1587 5446 1619 5516 ἦ
1654 5449 1857 5519 παρθέ-

189 5540 311 5588 νος·
341 5526 435 5579 καὶ
469 5522 822 5590 ἁπαξαπλῶς,
852 5525 1077 5591 ἕκαστος
1105 5533 1182 5596 είς
1212 5531 1240 5585 ὃ
1263 5536 1540 5603 κρατεῖται
1567 5534 1735 5597 πάθος
1765 5554 1859 5589 πο-

188 5613 381 5684 νηρὸν,
419 5616 478 5667 ὲν
511 5613 682 5684 τούτῳ
717 5612 814 5684 τὴν
849 5613 1142 5684 παρθενίαν
1192 5620 1353 5674 αὑτοῦ
1401 5620 1716 5691 διαφθείρει.
1759 5625 1857 5677 Διά

190 5696 351 5752 τοῦτο
373 5701 402 5753 6
430 5699 640 5765 Παῦλος
670 5700 845 5763 πάσας
868 5699 967 5764 τάς
1003 5704 1244 5773 πονηρὰς
1269 5707 1470 5773 ταύτας
1511 5708 1730 5780 ἐξώρισε
1766 5710 1855 5781 μί-

251 5850 278 5879 ·
303 5847 389 5899 Sic
411 5846 558 5899 Savil.
581 5854 723 5901 recte
740 5861 831 5915 pro
855 5848 983 5913 vulg.
1005 5851 1200 5913 μόιχῶν.
1223 5852 1357 5907 Em.

1380 440 1465 495 DF.
1502 439 1966 497 ΡαῦΝΙΤΕΝΤΙΑ.
2010 436 2246 496 1101111..
2290 443 2378 498 IV.

3548 455 3651 511 ΒΜ

1994 554 2121 619 ξεις,
2158 559 2246 611 καὶ
2279 560 2483 614 κελεύει
2530 561 2829 632 παρθένους
2862 563 3009 633 ἡμᾶς
3051 559 3188 615 εἶναι
3226 562 3415 626 οὕτως.
3451 564 3523 629 ὡς
3554 585 3655 636 μη-

1990 643 2112 696 δένα
2177 645 2431 717 λογισμὸν
2506 650 2741 703 ἐναντίον
2811 650 3210 721 παραδέχεσθαι
3272 652 3531 715 ἑκουσίως
3585 657 3650 724 τῇ

1990 730 2156 803 ψυχῇ·

2059 939 2121 993 δ’.
2153 939 2217 991 Τί
2246 934 2338 993 οῦν
2362 942 2495 1011 πρὸς
2516 942 2688 995 ταῦτα
2724 943 3003 1014 λέγωμεν;
3039 947 3153 1009 πῶς
3182 948 3517 1017 ἑλεηθῶμεν;
3542 948 3656 1012 πῶς

1990 1025 2249 1097 σωθῶμεν
2269 1044 2282 1092 ;
2318 1026 2457 1096 Ἐγὼ
2476 1029 2633 1098 λέγω·
2646 1028 2743 1099 τὴν
2754 1030 2917 1101 εὐχὴν
2937 1033 2995 1085 ἑν
3011 1034 3075 1103 τῇ
3096 1034 3287 1104 καρδίᾳ
3303 1034 3658 1105 ἀναλάϐωμεν

1987 1116 2240 1178 πάντοτε,
2265 1117 2356 1169 καὶ
2387 1118 2513 1181 τοὺς
2536 1119 2736 1189 ταύτης
2762 1121 3027 1191 καρποὺς,
3046 1120 3188 1190 λέγω
3210 1121 3272 1192 δὴ
3292 1121 3388 1192 τὴν
3411 1140 3659 1176 ταπεινο-

1987 1204 2258 1275 φροσύνην
2291 1206 2383 1257 καὶ
2422 1206 2719 1275 πραότητα.
2756 1207 2979 1262 Μάθετε
3005 1208 3132 1280 γὰρ,
3158 1210 3339 1279 φησὶν,
3361 1210 3459 1265 ἀπ’
3487 1212 3654 1280 ἐμοῦ,

1987 1293 2074 1345 ὅτι
2107 1292 2293 1360 πρᾶός
2316 1294 2429 1361 ειμι
2458 1294 2555 1345 καί
2586 1294 2861 1360 ταπεινὸς
2882 1293 2954 1362 τῇ
2980 1295 3208 1364 καρδίᾳ,
3242 1296 3335 1351 καί
3372 1296 3657 1364 εὑρήσετε

1986 1378 2333 1433 ἀνάπαυσιν
2352 1379 2480 1447 ταῖς
2502 1380 2728 1448 ψυχαῖς
2752 1381 2917 1449 ὑμῶν
2934 1399 2946 1411 ·
2981 1383 3074 1434 καὶ
3097 1383 3257 1437 πάλιν
3286 1385 3313 1436 6
3346 1384 3523 1437 Δαυῖδ·
3553 1387 3657 1439 Θυ-

1985 1467 2091 1518 σιά
2118 1465 2195 1531 τῷ
2222 1465 2343 1531 Θεῷ
2374 1467 2607 1537 πνεῦμα
2630 1468 3160 1538 συντετριμμένον·
3182 1471 3431 1539 καρδίαν
3451 1487 3658 1525 συντε-

1986 1552 2311 1621 τριμμένην
2342 1554 2440 1607 καὶ
2471 1555 2983 1624 τεταπεινωμένην
3013 1559 3046 1609 ό
3092 1555 3236 1622 Θεὸς
3274 1558 3383 1611 οὐκ
3420 1556 3656 1622 ἐξουδε-

1982 1640 2181 1694 νώσει.
2216 1640 2381 1693 οὐδὲν
2400 1640 2506 1710 γὰρ
2534 1642 2704 1704 οὕτως
2730 1642 3050 1712 ἀποδέχεται
3091 1646 3118 1694 ὁ
3146 1643 3271 1706 Οεδς
3318 1646 3412 1698 καὶ
3446 1646 3653 1718 ἀγαπᾷ,

1983 1728 2058 1789 ὡς
2078 1727 2254 1797 ψυχὴν
2285 1730 2457 1800 πρᾶον
2481 1729 2575 1781 καὶ
2600 1730 2988 1797 ταπεινόφρονα
3016 1732 3106 1783 καὶ
3128 1732 3465 1801 εὐχάριστον,
3484 1734 3655 1788 Βλέπε

1981 1813 2075 1869 οῦν
2103 1819 2196 1870 καὶ
2236 1817 2322 1881 σὺ,
2369 1817 2582 1885 ἀδελφέ,
2632 1818 2769 1870 ἑπάν
2816 1818 2932 1888 ἴδῃς
2959 1835 3010 1870 τι
3042 1817 3149 1870 τῶν
3179 1820 3453 1890 ἀδοκήτων
3488 1839 3655 1892 προσ-

1983 1902 2147 1955 πεσὸν
2172 1902 2266 1955 καὶ
2297 1900 2543 1971 ἑνοχλοῦν
2570 1918 2673 1964 σοι,
2709 1902 2783 1972 μὴ
2809 1902 2942 1973 πρὸς
2972 1902 3287 1973 ἀνθρώπους
3315 1907 3653 1977 καταφύγης,

1983 1989 2077 2042 καὶ
2106 1988 2242 2059 πρὸς
2265 1988 2464 2059 θνητὴν
2494 1988 2611 2059 ἴδῃς
2658 1988 2927 2058 βοήθειαν,
2962 1991 3094 2043 ἀλλά
3136 1994 3338 2056 πάντας
3378 1995 3656 2065 παραδρα-

1986 2075 2103 2145 μὼν
2131 2074 2408 2145 ἀνάδραμε
2447 2077 2514 2145 τῇ
2554 2075 2761 2145 διανοίᾳ
2792 2093 2882 2128 σου
2913 2078 3048 2147 πρὸς
3092 2078 3182 2130 τὶν
3222 2078 3329 2131 τῶν
3353 2079 3538 2148 ψυχῶν
3572 2082 3653 2134 ία-

1981 2161 2129 2231 τρόν.
2160 2162 2401 2233 Καρδίαν
2430 2160 2537 2232 γὰρ
2571 2161 2901 2231 θεραπεῦσαι
2942 2166 3145 2228 ἐκεῖνος
3182 2166 3339 2233 μόνος
3370 2167 3590 2221 δύναται
3624 2170 3655 2221 6

1983 2250 2190 2313 πλάσας
2220 2249 2527 2321 καταμόνας
2548 2249 2645 2312 τὰς
2674 2249 2900 2319 καρδίας
2927 2251 3105 2321 ήμῶν,
3138 2254 3230 2304 καὶ
3254 2255 3453 2316 συνιεὶς
3478 2256 3653 2308 πάντα

1979 2339 2046 2391 τά
2073 2338 2207 2408 ἔργα
2235 2336 2389 2409 ήμῶν
2408 2355 2421 2368 ·
2458 2338 2619 2401 αὐτὸς
2649 2336 2866 2390 δύναται
2891 2340 2969 2401 είς
2997 2339 3055 2392 τὸ
3086 2340 3320 2403 συνειδὸς
3356 2341 3511 2410 ἡμῶν
3540 2343 3652 2394 είσ-

1981 2425 2172 2487 ελθεῖν,
2202 2426 2295 2479 καὶ
2325 2425 2421 2496 τῆς
2456 2425 2691 2487 διανοίας
2726 2424 2984 2494 ἅψασθαι,
3017 2426 3108 2479 καὶ
3148 2428 3524 2498 παρακαλέσαι
3556 2428 3653 2499 τὴν

1979 2514 2177 2584 ψυχήν.
2219 2512 2344 2565 Ἐὰν
2385 2512 2441 2567 δὲ
2490 2514 2692 2576 ἐκεῖνος
2755 2512 2827 2583 μὴ
2878 2514 3236 2586 παρακαλέσῃ
3282 2516 3379 2579 τὰς
3426 2516 3653 2587 καρδίας

1980 2602 2011 2669 ἡ
2023 2600 2158 2670 μῶν,
2189 2598 2259 2653 τὰ
2306 2600 2455 2670 παρὰ
2496 2598 2793 2667 ἀνθρώπων
2822 2598 2969 2670 [3071
2997 2602 3223 2671 περιττὰ
3259 2603 3350 2654 καὶ
3386 2603 3649 2673 ἀνόνητα·

1980 2687 2168 2755 ῶσπερ
2196 2686 2355 2739 πάλιν
2386 2684 2481 2738 τοῦ
2509 2684 2641 2737 Θεοῦ
2679 2686 3115 2756 παρακαλοῦντος
3165 2689 3259 2739 καὶ
3302 2688 3654 2758 παραμυθου-

1984 2774 2167 2841 μένου,
2198 2772 2299 2826 xiv
2333 2772 2499 2843 μυρία
2546 2772 2818 2843 ἄνθρωποι
2855 2773 3274 2846 παρενοχλῶσιν,
3321 2774 3440 2828 οὐδὲ
3487 2777 3563 2838 είς
3591 2776 3653 2829 τδ

1977 2861 2136 2929 τυχὸν
2164 2862 2311 2928 ἡμᾶς
2356 2859 2707 2930 παραϐλάψαι
2752 2858 3098 2929 δυνήσονται·
3134 2861 3262 2914 ὅταν
3296 2860 3403 2932 γάρ
3445 2863 3653 2927 ἐκεῖνος

1982 2946 2256 3017 στερεὼσῃ
2279 2946 2525 3015 καρδίαν,
2562 2945 2733 3010 οὐδεὶς
2762 2944 2930 3015 αὐτὴν
2959 2945 3222 2999 διασεῖσαι
3255 2946 3495 3002 δύναται.

2052 3143 2235 3198 Ταῦτα
2263 3139 2356 3197 οῦν
2386 3143 2603 3204 εἰδότες,
2625 3143 2916 3211 ἀγαπητοὶ,
2945 3144 3031 3197 ἀεὶ
3061 3143 3193 3214 πρὸς
3220 3144 3309 3196 τὸν
3334 3144 3466 3197 Θεὸν
3487 3162 3650 3198 κατα-

1981 3233 2294 3303 φεύγωμεν,
2346 3231 2436 3284 τὸν
2493 3231 2586 3283 καὶ
2633 3229 2954 3300 βουλόμενον
2997 3232 3089 3284 καὶ
3144 3232 3441 3301 δυνάμενον
3494 3232 3650 3286 λῦσαι

1979 3318 2132 3389 ήμῶν
2174 3320 2271 3382 τὰς
2322 3317 2623 3387 συμφοράς.
2680 3317 3022 3387 Ἀνορίῦπους
3082 3318 3179 3387 μὲν
3230 3318 3340 3389 γὰρ
3386 3319 3514 3373 ὅταν
3554 3320 3650 3392 δέη

1979 3404 2372 3477 παρακαλέσαι,
2412 3404 2507 3456 καὶ
2571 3403 2834 3473 πυλωροῖς
2890 3405 3037 3472 ἡμεῖς
3104 3408 3381 3475 συντυχεῖν
3434 3404 3646 3477 ἀνάγκη

1979 3495 2259 3565 πρότερον,
2308 3493 2400 3545 καὶ
2448 3491 2778 3562 παρασίτους
2819 3491 2911 3542 καὶ
2962 3491 3197 3553 κόλακας
3246 3493 3647 3562 παρακαλέσαι,

1978 3582 2071 3634 καὶ
2102 3580 2220 3633 όδδν
2260 3578 2458 3648 πολλὴν
2482 3576 2731 3630 ἀπελθεῖν
2755 3594 2768 3605 ·
2803 3577 2895 3629 ἐπὶ
2920 3576 2976 3629 δὲ
3017 3577 3106 3629 τοῦ
3141 3577 3276 3631 Θεοῦ
3302 3579 3453 3633 οὐδὲν
3475 3580 3649 3634 τοιοῦ-

1975 3669 2066 3720 τόν
2116 3668 2283 3730 ἑστιν,
2331 3664 2466 3717 ἀλλὰ
2522 3664 2687 3733 χωρὶς
2740 3664 2959 3733 μεσίτου
3012 3664 3428 3733 παρακαλεῖται,
3485 3668 3647 3738 χωρὶς

1976 3754 2291 3824 χρημάτων,
2338 3752 2504 3820 χωρὶς
2550 3750 2793 3819 δαπάνης
2833 3750 3068 3803 ἐπινεύει
3123 3754 3189 3821 τῇ
3239 3751 3445 3821 δεήσει·
3489 3755 3652 3822 ἀρκεῖ

1980 3843 2137 3911 μόνον
2174 3840 2367 3910 βοῆσαι
2404 3841 2469 3909 τῇ
2512 3838 2707 3908 καρδίᾳ
2750 3836 2843 3889 καὶ
2889 3836 3096 3906 δάκρυα
3140 3839 3523 3908 προσενέγκαι,
3554 3841 3649 3893 καὶ

1976 3928 2176 3992 ευθέως
2202 3926 2456 3980 εἰσελθὼν
2509 3925 2669 3977 αὐτὸν
2716 3925 3015 3995 ὲπισπάσῃ.
3061 3927 3168 3978 Καὶ
3216 3926 3500 3997 ἄνθρωπον
3548 3926 3648 3998 μὲν

1978 4013 2419 4087 παρακαλοῦντες
2450 4010 2705 4073 πολλάκις
2731 4011 3066 4079 δεδοίκαμεν,
3091 4012 3164 4081 μή
3196 4030 3278 4073 τις
3308 4012 3416 4065 τῶν
3439 4011 3649 4084 ἑχθρῶν

1979 4103 2191 4177 παρὼν,
2218 4103 2251 4173 ἢ
2283 4101 2453 4171 φίλος.
2488 4101 2520 4169 ἥ
2549 4116 2631 4161 τις
2667 4098 2772 4150 τῶν
2805 4098 3090 4149 ἀντιδίκων
3131 4099 3335 4169 ἀκούσῃ
3367 4098 3460 4152 τοῦ
3501 4101 3645 4170 πρά-

1976 4207 2200 4261 γματος,
2242 4190 2335 4242 καὶ
2364 4186 2519 4248 ἄλλος
2547 4185 2753 4253 ἑκφάνῃ
2791 4184 2857 4236 τὰ
2900 4183 3184 4252 λεγόμενα,
3227 4186 3319 4237 καὶ
3358 4185 3645 4258 διαφθείρῃ

1974 4277 2034 4330 τὸ
2071 4278 2307 4330 δίκαιον·
2358 4275 2450 4327 ἐπὶ
2486 4273 2541 4326 δὲ
2581 4271 2672 4325 τοῦ
2718 4270 2851 4323 Θεοῦ
2896 4271 3045 4324 οὐδὲν
3084 4271 3284 4324 τούτων
3310 4273 3639 4329 ὑποπτεῦσαι

1974 4363 2072 4416 ενι,
2107 4366 2272 4416 Ὅταν
2301 4361 2408 4430 γὰρ
2439 4359 2603 4432 βούλῃ
2634 4376 2721 4429 με,
2754 4360 2909 4428 φησὶ,
2939 4358 3335 4428 παρακαλέσαι,
3363 4361 3523 4429 μόνος
3555 4380 3644 4431 μοι

1972 4448 2231 4519 πρόσελθε
2280 4448 2503 4519 μηδενὸς
2553 4446 2837 4517 παρόντος,
2875 4447 3135 4505 τουτέστι,
3182 4449 3248 4515 τῇ
3293 4447 3488 4518 καρδίᾳ
3518 4448 3645 4519 βόηα

1974 4557 2083 4602 σον,
2118 4540 2192 4609 μὴ
2227 4539 2388 4591 κινῶν
2419 4538 2489 4590 τά
2534 4538 2706 4607 χείλη.
2751 4539 3003 4593 Εἶσελθε
3058 4537 3185 4608 γὰρ,
3234 4540 3416 4608 φησὶν,
3460 4543 3545 4604 είς
3576 4543 3640 4593 τὸ

1972 4626 2212 4695 ταμεῖόν
2238 4642 2355 4679 σου
2377 4641 2389 4653 ·
2421 4625 2788 4678 ἀπόκλεισον
2819 4623 2934 4691 τὴν
2961 4624 3148 4691 θύραν
3174 4640 3310 4685 σου,
3334 4625 3429 4677 καί
3456 4629 3641 4692 πρόσ-

1971 4715 2140 4777 ευξαι
2166 4713 2245 4779 τῷ
2277 4714 2461 4781 Πατρί
2491 4729 2607 4766 σου
2639 4710 2718 4775 τῷ
2745 4712 2813 4764 ἐν
2836 4710 2915 4775 τῷ
2947 4706 3185 4776 κρυπτῷ
3206 4726 3218 4738 ·
3251 4710 3349 4764 καὶ
3380 4713 3411 4764 ό
3438 4712 3641 4780 Πατήρ

1972 4820 2088 4858 σου
2120 4807 2151 4857 ὀ
2175 4802 2424 4867 βλέπων
2452 4800 2523 4854 ἐν
2552 4797 2629 4862 τῷ
2679 4795 2937 4864 κρυπτῷ.
2969 4796 3265 4850 ἀποδώσει
3312 4812 3410 4851 σοι
3447 4799 3517 4851 ἐν
3560 4798 3641 4865 τῷ

1972 4888 2225 4960 φανερῷ.
2260 4889 2398 4957 Ὅρα
2441 4885 2605 4953 τιμῆς
2656 4883 2989 4953 ὑπερϐολήν·
3021 4884 3146 4936 ὅταν
3190 4900 3257 4953 με
3292 4886 3635 4957 παρακαλῇς,

1973 4979 2124 5049 φησὶ,
2164 4975 2346 5046 μηδεὶς
2385 4972 2653 5046 βλεπέτω·
2688 4972 2815 5023 ὅταν
2858 4970 2915 5022 δὲ
2958 4968 3067 5037 ἑγὼ
3113 4988 3172 5023 σε
3210 4972 3375 5041 τιμῶ,
3420 4973 3518 5041 τὴν
3559 4977 3638 5026 οἰ-

1969 5065 2239 5136 κουμένην
2287 5060 2437 5130 φέρω
2491 5058 2742 5129 μάρτυρα
2782 5058 2880 5127 τῆς
2926 5058 3262 5128 εὐεργεσίας.
3318 5057 3636 5128 Πειθὼμεθα

1969 5153 2165 5211 τοίνυν,
2202 5152 2289 5205 καὶ
2344 5151 2418 5220 μὴ
2471 5149 2607 5219 πρὸς
2660 5146 2915 5211 ἐπίδειξιν
2968 5144 3270 5216 εὐχώμεθα,
3320 5145 3452 5214 μηδὲ
3494 5148 3636 5200 κατά

1969 5242 2074 5295 τῶν
2102 5238 2307 5310 ἐχθρῶν
2333 5236 2439 5290 τῶν
2463 5234 2766 5306 ἡμετέρων.
2801 5235 2892 5285 καὶ
2928 5233 3000 5303 μὴ
3026 5233 3117 5285 τὸν
3149 5232 3347 5301 τρόπον
3375 5232 3471 5302 τῆς
3505 5232 3633 5305 βοη-

1969 5328 2116 5389 θείας
2154 5324 2489 5393 διδάσκωμεν
2526 5321 2707 5374 αύτόν.
2756 5320 2817 5372 Εἰ
2857 5320 2962 5388 γὰρ
3009 5316 3312 5387 ἀνθρώποις
3348 5320 3461 5381 τοῖς
3508 5337 3634 5373 συν..

1968 5412 2225 5484 ηγοροῦσι
2253 5410 2346 5465 καὶ
2384 5407 2760 5481 ῥητορεύουσιν
2786 5405 2875 5457 ἐπὶ
2914 5403 3020 5456 τῶν
3048 5402 3243 5468 ἔξωθεν
3264 5403 3529 5458 δικαστῶν
3565 5407 3635 5459 τε

1970 5502 2267 5573 πράγματα
2297 5498 2364 5551 τὰ
2389 5496 2629 5567 ἡμέτερα
2653 5494 2878 5562 λέγομεν
2904 5490 3081 5561 μόνον,
3111 5489 3201 5543 τὸν
3232 5490 3287 5544 δὲ
3312 5492 3506 5561 τρόπον
3534 5495 3635 5564 τῆς

1970 5586 2282 5657 συμμαχίας
2307 5582 2532 5644 ἐκείνοις
2557 5576 3052 5647 καταλιμπάνομεν,
3082 5578 3229 5639 ὅπως
3261 5576 3327 5630 ἂν
3365 5577 3634 5646 βούλοιντο

1966 5674 2222 5729 διαθεῖναι
2250 5670 2318 5724 τὰ
2352 5669 2609 5740 ἡμέτερα,
2639 5665 2815 5735 πολλῷ
2844 5666 3040 5734 μᾶλλον
3071 5666 3161 5717 ἑπὶ
3192 5663 3285 5717 τοῦ
3318 5664 3451 5717 Θεοῦ
3478 5667 3635 5722 τοῦτο

1966 5761 2070 5832 χρὴ
2105 5760 2295 5811 ποιεῖν.
2333 5755 2497 5817 Εἷπες
2525 5752 2671 5823 αύτῷ
2721 5752 2818 5823 τὴν
2863 5752 3017 5822 δίκην
3046 5751 3143 5820 τὴν
3171 5752 3287 5819 σὴν,
3309 5746 3461 5814 εἶπες
3488 5753 3633 5823 ἅπερ

1967 5846 2194 5911 ῑπαθες;
2230 5844 2423 5917 μηκέτι
2462 5842 2586 5912 λέγε
2626 5839 2685 5895 τδ
2718 5840 2825 5913 ,καὶ
2862 5839 2974 5903 πῶς
3004 5837 3295 5909 βποῆπαι·
3332 5838 3490 5900 αὖτδς
3522 5842 3628 5909 γὰρ
