4446 6698
845 460 953 517 505

838 572 978 630 οἶδεν
1003 574 1240 646 ἀκριϐῶς
1289 575 1349 627 τὸ
1394 575 1668 647 συμφέρον
1702 593 1800 629 σοι.
1836 577 1954 629 Εἰσὶ
1986 576 2039 629 δὲ
2080 575 2262 628 πολλοὶ
2307 574 2498 636 οἵτινες

843 659 1065 729 μυρίους
1087 649 1298 727 στίχους
1330 657 1727 725 ἀπαγγέλλουσι
1772 658 1868 729 τῆς
1909 659 2069 727 εὐχῆς
2104 658 2285 710 ἕνεκεν
2316 655 2498 722 λέγον-

840 757 960 804 τες·
1001 739 1188 810 Κύριε,
1214 740 1301 803 δός
1336 757 1424 810 μοι
1470 741 1675 810 ὑγίειαν
1707 740 1972 811 σώματος,
2015 738 2367 793 διπλασίασόν
2398 753 2499 807 μου

838 823 907 878 τά
950 824 1281 894 ὑπάρχοντα.
1324 823 1530 894 ἀμύνου
1582 842 1683 895 μου
1726 826 1816 877 τὸν
1857 824 2078 893 ἐχθρόν’
2128 824 2263 895 ὅπερ
2303 821 2501 892 πολλῆς

839 911 1057 979 ἀλογίας
1080 912 1194 964 ἐστὶ
1216 912 1663 984 πεπληρωμένον.
1692 912 1782 965 Διὸ
1807 911 1911 983 χρὴ
1944 912 2115 966 ταῦτα
2144 913 2316 966 πάντα
2340 911 2504 979 ἀφέν-

836 1014 934 1061 τας
959 997 1218 1051 ἱκετεύειν
1263 998 1359 1053 καὶ
1406 999 1741 1068 παρακαλεῖν
1772 999 1930 1067 μόνον
1969 1002 2108 1052 κατά
2149 1000 2238 1051 τὸν
2266 998 2503 1068 τελώνην

835 1083 926 1136 τὸν
973 1082 1229 1151 λέγονταο
1276 1086 1337 1137 '0
1373 1085 1843 1152 Θεὸς,ίλάσθητί
1885 1102 1987 1153 μοι
2027 1085 2105 1150 τῷ
2142 1082 2499 1153 άμαρτωλῷ’

835 1170 928 1223 καὶ
959 1170 1121 1234 αὐτὸς
1152 1167 1259 1223 οἶδε
1316 1172 1500 1225 λοιπὸν
1546 1172 1664 1235 πῶς
1717 1188 1811 1224 σου
1853 1172 2237 1241 ἀντιλάϐηται·
2266 1170 2504 1237 Ζητεῐτε

833 1256 960 1326 γὰρ,
1005 1256 1159 1327 φησὶ,
1202 1254 1438 1325 πρῶτον
1486 1256 1603 1326 τὴν
1645 1258 1972 1324 βασιλείαν
2013 1257 2117 1310 τοῦ
2175 1256 2346 1320 Θεοῦ,
2406 1257 2504 1311 καὶ

834 1340 1017 1395 ταῦτα
1049 1339 1244 1395 πάντα
1288 1343 1758 1411 προστεθήσεται
1801 1342 1959 1411 ὑμῖν.
1997 1340 2181 1404 Οὐτως
2216 1338 2328 1407 οὖν,
2363 1343 2503 1410 ἀγα-

834 1427 1015 1497 πητοὶ,
1044 1427 1421 1499 φιλοσοφῶμεν
1461 1431 1601 1499 μετά
1638 1429 1797 1481 πόνου
1850 1429 1942 1480 καὶ
1974 1427 2373 1492 ταπεινώσεως,
2409 1427 2503 1480 τύ·

833 1529 1053 1577 πτοντες
1080 1513 1285 1568 ἐαυτῶν
1323 1514 1391 1567 τά
1443 1514 1634 1584 στήθη,
1691 1514 1939 1585 καθάπερ
1984 1516 2207 1579 ἐκεῖνος,
2248 1516 2343 1569 καί⁵
2383 1517 2503 1567 ἐπι-

830 1599 1132 1670 τευξόμεθα
1171 1594 1355 1672 ὧνπερ
1400 1601 1684 1671 αἰτοῦμεν’
1734 1602 1830 1654 ἐὰν
1871 1602 1931 1655 δὲ
1982 1600 2155 1673 θυμοῦ
2198 1602 2292 1656 καὶ
2335 1600 2504 1672 ὀργῆς

832 1684 1246 1755 πεπληρωμένοι
1297 1685 1749 1758 προσευχώμεθα,
1812 1686 2087 1758 βδελυκτοὶ
2142 1688 2237 1740 καὶ
2288 1684 2504 1757 μισητοὶ

830 1768 980 1839 παρά
1029 1770 1149 1840 Θεῷ
1194 1770 1577 1841 εὑρισκόμεθα.
1632 1771 2016 1843 Συντρίψωμεν
2070 1768 2163 1826 οὖν
2203 1771 2358 1841 ήμῶν
2403 1768 2501 1839 τὴν

828 1855 1083 1921 διάνοιαν,
1114 1854 1210 1909 καὶ
1248 1857 1672 1927 ταπεινώσωμεν
1719 1857 1877 1927 ὴμῶν
1913 1856 2011 1922 τὰς
2049 1857 2247 1928 ψυχὰς,
2276 1856 2373 1911 xal
2413 1855 2503 1909 εῦ-

828 1940 1050 2013 χώμεθα
1094 1941 1235 2015 ύπέρ
1280 1959 1341 1996 τε
1391 1943 1615 2004 ἑαυτῶν,
1657 1943 1751 1996 xal
1796 1943 1938 2016 ὑπὲρ
1984 1944 2095 1998 τῶν
2144 1943 2501 2015 λυπησάντων

828 2030 993 2099 ἡμᾶς.
1034 2029 1097 2082 Εἰ
1140 2030 1248 2102 γὰρ
1286 2027 1465 2100 βούλει
1507 2029 1597 2083 τὸν
1631 2030 1890 2101 δικαστὴν
1920 2029 2326 2085 ἐπισπάσασθαι
2363 2028 2501 2101 πρὸς

828 2115 1079 2188 βοήθειαν
1122 2116 1224 2188 τῆς
1271 2116 1371 2189 σῆς
1413 2116 1613 2187 ψυχῆς,
1666 2116 1759 2170 καὶ
1802 2116 1897 2171 τοῦ
1951 2116 2045 2171 σοῦ
2103 2116 2301 2187 μέρους
2335 2114 2500 2171 αὐτὸν

828 2206 1070 2275 ποιῆσαι,
1100 2202 1362 2284 μηδέποτε
1393 2203 1540 2273 αὐτῷ
1572 2203 1863 2274 ἐντύγχανε
1904 2202 2046 2257 κατά
2079 2201 2228 2275 [508]
2274 2201 2367 2255 τοῦ
2410 2202 2501 2255 λε-

824 2287 1145 2360 λυπηκότος.
1181 2288 1431 2353 Τοιοῦτος
1459 2289 1567 2359 γάρ
1618 2291 1733 2342 ἐστι
1780 2288 1874 2342 τοῦ
1923 2289 2172 2342 δικαστοῦ
2206 2291 2233 2341 6
2263 2289 2497 2362 τρόποςο

826 2376 1052 2439 ἐκείνοις
1079 2375 1312 2446 μάλιστα
1356 2376 1591 2429 ἐπινεύει
1627 2376 1720 2428 καὶ
1746 2374 1926 2428 δίδωσι
1970 2374 2039 2427 τά
2069 2376 2367 2447 αἰτήματα,
2388 2378 2499 2442 τοῖς

824 2463 963 2534 ὑπὲρ
1011 2463 1122 2516 τῶν
1160 2461 1371 2535 ἐχθρῶν
1419 2462 1749 2535 εὐχομένοις,
1798 2465 1908 2526 τοῖς
1958 2461 2033 2532 μὴ
2075 2461 2495 2534 μνησικακοῦσι,

823 2551 935 2612 τοῖς
979 2549 1057 2621 μὴ
1097 2548 1475 2621 ἐπαιρομένοις
1507 2562 1535 2590 ι
1556 2550 1669 2612 τοῖς
1711 2550 1923 2619 ἐχθροῖς
1964 2548 2165 2605 αὐτῶν.
2216 2550 2325 2603 Kal
2374 2550 2497 2603 ὅσον

824 2628 969 2691 οὗτοι
997 2636 1211 2691 ποιοῦσι
1234 2635 1410 2701 τοῦτο,
1451 2634 1702 2690 τοσοῦτον
1733 2636 1959 2701 ἐκείνοις
1987 2638 2016 2690 6
2048 2637 2181 2702 Θεὸς
2208 2636 2495 2708 ἐπεξέρχε-

824 2743 932 2789 ται,
970 2725 1065 2779 ἐάν
1105 2725 1179 2797 μὴ
1213 2725 1623 2797 μεταϐληθῶσιν
1653 2728 1731 2789 εἰς
1766 2726 2072 2796 μετάνοιαν.

893 2818 951 2867 ε’.
978 2812 1211 2867 Βλέπετε
1232 2808 1344 2877 οὖν,
1366 2813 1604 2883 ἀδελφοὶ,
1628 2814 1753 2867 ὅταν
1774 2832 1856 2877 τις
1874 2815 2063 2885 ἀτιμία
2087 2815 2217 2886 ἡμῖν
2231 2814 2492 2887 ἐπενεχθῇ

823 2896 975 2970 παρά
1012 2914 1177 2962 τινος,
1221 2898 1296 2970 μὴ
1337 2898 1539 2962 εὐθέως
1575 2898 1987 2970 δυσχεράνωμεν
2032 2899 2126 2953 καὶ
2172 2899 2491 2971 ἀθυμῶμεν,

822 2985 939 3039 ἀλλ’
965 2984 1374 3057 εὐχαριστῶμεν
1405 2984 1837 3054 φιλοσοφοῦντες,
1869 2987 1963 3038 καὶ
2009 2986 2368 3057 ἀναμένοντες
2394 2987 2495 3059 τὴν

824 3068 1079 3140 βοήθειαν
1108 3068 1200 3121 τοῦ
1234 3068 1460 3139 Κυρίου.
1496 3070 1587 3140 Μὴ
1616 3070 1723 3141 γὰρ
1758 3071 1857 3123 οὐκ
1886 3069 2121 3139 ἠδύνατο
2156 3072 2183 3124 6
2215 3070 2351 3135 Θεὸς
2390 3072 2495 3142 πρὸ

819 3154 920 3225 τῆς
957 3154 1222 3225 αἰτήσεως
1267 3154 1463 3208 διδόναι
1500 3156 1631 3225 ἡμῖν
1676 3156 1743 3208 τά
1789 3155 2000 3223 ἀγαθά;
2061 3155 2136 3227 μὴ
2190 3154 2303 3226 βίον
2365 3157 2496 3228 ήμῖν

819 3241 1087 3296 ἀνώδυνον
1125 3239 1472 3311 χαρίσασθαι,
1514 3242 1610 3295 καὶ
1658 3242 1838 3311 πάσης
1880 3242 2111 3311 θλίψεως
2150 3243 2493 3315 κεχωρισμέ-

821 3345 943 3392 νον;
982 3327 1144 3381 Ἀλλά
1175 3327 1459 3399 ἀμφότερα
1488 3328 1596 3382 ἀπὸ
1623 3327 1842 3400 φίλτρου
1872 3330 2036 3383 ποιεῖ.
2066 3326 2132 3381 Τί
2167 3328 2277 3400 7&9
2316 3346 2494 3401 παρα-

820 3419 986 3487 χωρεῖ
1017 3416 1261 3487 θλιδῆναι
1291 3418 1460 3486 ἡμᾶς,
1491 3417 1584 3470 καὶ
1626 3417 1727 3470 οὐκ
1764 3417 1958 3486 ἐπάγει
2008 3414 2220 3489 ταχέως
2250 3417 2496 3471 ἀπαλλα-

821 3506 959 3574 γήν;
1002 3505 1100 3557 Διά
1145 3505 1238 3568 τί;
1278 3506 1398 3558 Ἵνα
1449 3503 1595 3573 αὐτῷ
1651 3503 2097 3575 προσεδρεύωμεν
2144 3503 2494 3574 ἀντεχόμενοι

820 3591 921 3657 τῆς
950 3592 1079 3660 παρ’
1109 3590 1271 3644 αὐτοῦ
1304 3588 1573 3661 βοηθείας,
1603 3591 1694 3643 καὶ
1726 3591 1874 3661 αὐτῷ
1916 3589 2366 3661 προσφεύγωμεν,
2398 3590 2493 3644 καὶ

821 3677 1061 3748 συνεχῶς
1089 3677 1250 3733 αὐτὸν
1287 3676 1541 3748 καλῶμεν
1566 3680 1645 3741 είς
1680 3678 1959 3749 ἀντίληψιν
1986 3677 2165 3750 ήμῶν.
2202 3678 2301 3732 Διά
2335 3678 2491 3733 τοῦτο

819 3759 913 3817 οὖν
942 3763 1230 3835 ἀλγηδόνες
1259 3764 1524 3835 σώματος,
1556 3766 1643 3819 διὰ
1680 3766 1837 3819 τοῦτο
1865 3764 2085 3836 ἀφορίαι
2122 3764 2372 3836 καρπῶν,
2399 3766 2489 3821 διά

820 3849 977 3904 τοῦτο
1006 3849 1175 3921 λιμοὶ,
1211 3851 1298 3903 ἵνα
1326 3851 1433 3904 ἀπὸ
1459 3852 1565 3905 τῶν
1594 3851 1823 3921 θλίψεων
1859 3852 2061 3905 τούτων
2095 3852 2323 3907 πάντοτε
2352 3854 2488 3923 πρὸς

818 3937 980 3992 αὐτὸν
1009 3937 1431 4009 ἐκκρεμωμεθα,
1455 3938 1547 3991 καὶ
1579 3938 1720 3991 οὕτω
1748 3938 1837 3991 διά
1863 3938 1968 3991 τῶν
1991 3938 2342 4012 προσκαίρων
2376 3939 2488 3991 θλί-

817 4024 965 4094 ψεων
991 4023 1091 4096 τὴν
1120 4024 1334 4080 αἰώνιον
1366 4024 1508 4097 ζωὴν
1537 4026 2051 4098 κληρονομήσωμεν.
2088 4028 2249 4081 Ὥστε
2273 4023 2366 4081 οὖν
2394 4029 2487 4083 καὶ

819 4113 958 4185 ὑπὲρ
1003 4112 1202 4166 τούτων
1244 4113 1581 4184 εὐχαριστεῖν
1624 4113 1908 4184 ὀφείλομεν
1962 4113 2041 4185 τῷ
2091 4113 2229 4185 Θεῷ,
2280 4114 2357 4185 τῷ
2400 4116 2487 4170 διά

818 4198 1026 4252 πολλῶν
1057 4199 1341 4270 μεθοδειῶν
1367 4200 1579 4271 ἰωμένῳ
1607 4202 1700 4254 καὶ
1726 4200 1948 4264 σώζοντι
1977 4202 2075 4266 τὰς
2101 4202 2278 4272 ψυχάς
2306 4204 2481 4274 ήμῶν.

822 4286 1125 4358 Ἄνθρωποι
1188 4287 1284 4356 μὲν
1331 4286 1439 4357 γὰρ
1486 4287 1579 4339 ἐὰν
1637 4288 1794 4357 τυχὸν
1850 4289 2279 4361 εὐεργετήσωσιν
2333 4293 2479 4361 ἡμᾶς

818 4389 967 4438 ποτε,
996 4369 1113 4427 εἶτα
1146 4373 1366 4436 ἄκοντες
1390 4373 1583 4436 αὐτοὺς
1612 4373 1937 4445 λυπήσωμέν
1973 4392 2024 4427 τι
2069 4377 2280 4447 μικρὸν,
2316 4378 2477 4440 εὐθὺς

815 4457 1128 4522 ὀνειδίζουσι
1187 4459 1284 4529 τὴν
1334 4458 1646 4530 εὐεργεσίαν
1689 4461 2047 4531 προφέροντες
2123 4461 2197 4525 ώς
2252 4462 2477 4525 πολλοὺς

883 4582 908 4611 ι
929 4582 1075 4631 smn.
1104 4582 1433 4643 ἀπαρωμένοις.

1665 472 2021 533 8.]ΟΑΝΝ18
2058 471 2541 530 CHRYSOSTOMI
2577 468 2894 526 ARCHIEP.
2935 468 3481 528 CONSTANTINOP.

4166 450 4268 507 506

2603 572 2941 643 καταρᾶσθαι
2971 574 3200 638 ἑαυτοῖς,
3240 575 3321 628 δτι
3360 572 3493 634 ὅλως
3525 568 3651 638 παρ’
3686 566 3861 619 αὖτῶν
3903 568 4273 639 εὐηργετήθη-

2603 682 2735 719 σαν·
2776 667 2803 719 6
2839 664 2894 717 δὲ
2925 664 3055 728 Θεὸς
3098 666 3197 734 οὐχ
3239 664 3431 726 οὓτως,
3468 659 3601 716 ἀλλά
3635 656 3774 729 μετά
3814 655 3913 719 τάς
3954 658 4273 727 εὐεργεσίας

2602 751 3101 825 καταφρονούμενος
3166 750 3260 804 καὶ
3316 748 3701 821 ὑϐριζόμενος,
3756 743 3941 813 ἀκμὴν
3999 745 4096 795 καὶ
4144 746 4276 797 ἀπο-

2602 842 2857 910 λογεῖται,
2908 839 2999 891 καὶ
3043 836 3271 899 εὐθύνας
3320 838 3549 907 παρέχει
3594 836 3706 897 τοῖς
3764 829 4048 901 ὑδρικόσιν
4093 831 4275 891 αὐτὸν,

2601 928 2799 981 οὐτωσὶ
2826 926 3023 993 λέγων·
3055 925 3210 986 Λαός
3238 939 3378 989 μου,
3406 923 3461 975 τί
3492 917 3751 987 ἐποίησὰ
3782 931 3880 970 σοι
3904 931 3924 978 ;
3953 914 4122 967 Αὐτοὶ
4149 914 4279 969 Θεὸν

2602 1015 2699 1067 οὐκ
2734 1012 3012 1066 ἐδούλοντο
3043 1008 3202 1063 αὐτὸν
3231 1007 3431 1073 καλεῖν,
3470 1010 3564 1062 καί⁵
3597 1006 3757 1068 αὐτὸς
3784 1004 3845 1057 ού
3877 1002 4114 1056 διέλειπε
4152 1000 4278 1054 λαὸν

2604 1095 2798 1157 αὐτοὺς
2826 1091 3132 1164 ὀνομάζεινο
3158 1090 3311 1144 αὐτοὶ
3339 1089 3680 1160 παρῃτοῦντο
3701 1088 3799 1158 τὴν
3821 1084 4166 1147 δεσποτείαν,
4181 1084 4278 1137 αύ-

2603 1181 2693 1244 τὸς
2724 1181 2781 1234 δὲ
2824 1181 2925 1234 οὐκ
2979 1180 3199 1250 ἠρνεῖτο
3246 1176 3465 1241 αὐτοὺς,
3517 1177 3632 1231 ἀλλ’
3682 1174 3963 1247 ᾠκειοῦτο,
4000 1172 4097 1225 καὶ
4142 1170 4277 1240 πρὸς

2604 1267 2791 1321 ἐαυτὸν
2817 1262 2967 1320 εἷλκε
3000 1264 3195 1334 λέγων’
3244 1264 3403 1329 Λαός
3431 1281 3572 1332 μου,
3624 1265 3684 1317 τί
3714 1259 3976 1329 ἐποίησὰ
4022 1273 4158 1321 σοις
4185 1257 4273 1326 Μὴ

2604 1352 2862 1424 φορτικός
2892 1369 2997 1414 σοι,
3034 1351 3221 1422 φησὶν,
3264 1349 3555 1420 ἐγενόμην,
3594 1351 3628 1421 ἦ
3676 1350 3845 1421 βαρὺς
3873 1349 3967 1400 καὶ
3994 1343 4272 1414 ἐπαχθήςς

2616 1438 2755 1492 Ἀλλ’
2788 1439 2910 1494 οὐδὲ
2942 1437 3101 1492 τοῦτο
3130 1437 3274 1508 ἔχεις
3299 1438 3494 1489 εἰπεῖν’
3529 1438 3577 1489 εἰ
3607 1436 3714 1505 7&9
3747 1432 4023 1488 καὶτοῦτο
4046 1428 4274 1502 ἧν,οὐδέ

2602 1525 2776 1591 οὕτως
2809 1525 2918 1580 ἔδει
2953 1542 3014 1579 σε
3047 1524 3472 1596 ἀποσκιρτῆσαι.
3529 1523 3628 1588 Τίς
3660 1522 3769 1590 γάρ
3796 1522 3969 1575 ἐστιν
4004 1520 4160 1583 υίὸς,
4204 1515 4275 1570 ὃν

2603 1615 2676 1668 οὐ
2703 1612 2970 1668 παιδεύει
2993 1610 3187 1681 πατήρ
3205 1626 3223 1675 ;
3238 1609 3378 1665 Ἀλλ’
3400 1612 3549 1680 ὅμως
3581 1609 3703 1662 οὐδὲ
3728 1607 3887 1660 τοῦτο
3906 1607 4057 1676 ἔχετε
4076 1607 4269 1658 εἰπεῖν.

2602 1701 2714 1754 Kal
2738 1699 2902 1754 πάλιν
2942 1698 3196 1770 ἀλλαχοῦ·
3236 1698 3297 1754 Τί
3347 1697 3612 1766 εὖροσαν
3650 1698 3702 1748 οι
3732 1693 3985 1761 πατέρες
4007 1692 4181 1762 ὑμῶν
4208 1691 4274 1745 ἐν

2604 1786 2733 1855 ἐμοὶ
2757 1788 3201 1856 πλῃμμέλημας
3239 1785 3402 1853 Μέγα
3432 1784 3527 1837 καὶ
3541 1781 3853 1852 θαυμαστὸν
3875 1780 3935 1832 τὸ
3960 1779 4270 1852 εἰρημένον·

2604 1853 2644 1926 δ-
2676 1871 2785 1944 7&9
2810 1853 2958 1939 λέγει
2983 1853 3223 1926 τοιοῦτόν
3248 1873 3385 1923 ἐστι·
3413 1869 3479 1922 Τί
3512 1868 3779 1938 ἥμαρτον,
3812 1865 4011 1935 φησίνς
4052 1865 4115 1919 ’0
4143 1864 4274 1928 Θεὸς

2603 1957 2754 2028 λέγει
2790 1960 2903 2023 τοῖς
2949 1958 3280 2029 ἀνθρώποις,
3332 1956 3399 2011 Τί
3433 1956 3711 2026 ἧμαρτονς
3762 1954 3897 2024 ὅπερ
3935 1953 4054 2006 οὐδέ
4095 1951 4273 2005 δοῦλοι

2602 2041 2695 2097 τὸν
2725 2041 2992 2112 δεσπότην
3019 2040 3357 2111 φθέγξασθαι
3402 2039 3704 2109 ἀνέχονται.
3748 2036 3858 2090 Kal
3894 2036 3954 2088 οὐ
3986 2035 4160 2103 λέγει,
4208 2031 4273 2086 Τί

2602 2128 2848 2200 ἥμαρτον
2873 2130 2951 2191 εἰς
2981 2127 3145 2198 ὑμᾶς,
3178 2126 3314 2189 ἀλλ’,
3348 2127 3428 2189 είς
3469 2126 3597 2187 τούς
3635 2123 3875 2192 πατέρας
3905 2120 4080 2191 ὑμῶν.
4133 2118 4271 2172 Ἀλλ’

2603 2212 2723 2267 οὐδὲ
2769 2211 2944 2276 τοῦτο,
2994 2212 3175 2282 φησὶν,
3211 2209 3362 2279 ἔχετε
3390 2210 3584 2268 είπεῖν,
3637 2206 3721 2258 ὅτι
3761 2204 4031 2273 πατρικὴν
4062 2202 4147 2263 είς
4174 2200 4273 2271 ἐμὲ

2603 2303 2820 2371 τηρεῖτε
2852 2298 3071 2368 ἔχθραν·
3093 2295 3214 2351 οὐδὲ
3249 2295 3358 2364 γὰρ
3388 2295 3516 2353 τούς
3542 2293 3838 2362 προγόνους
3861 2289 4016 2359 ὐμῶν
4041 2287 4274 2357 ἐγκαλέ-

2606 2404 2695 2442 σαι
2725 2386 2853 2439 ποτὲ
2880 2386 3068 2455 ἀφῆκα
3118 2385 3186 2452 τῇ
3236 2383 3344 2451 ἐμῇ
3376 2379 3624 2450 προνοίᾳ,
3661 2380 3718 2429 ἐν
3767 2377 3948 2447 μικρῷ
3978 2377 4011 2446 ἦ
4048 2375 4271 2446 μεγάλῳ

2603 2472 2846 2546 παριδὼν
2873 2471 3088 2534 αὐτούς.
3123 2469 3234 2524 Kal
3255 2468 3355 2521 οὐκ
3390 2463 3541 2519 εἶπεν
3569 2464 3782 2528 ἁπλῶς,
3812 2465 3875 2516 Τί
3899 2463 4057 2533 ἔσχον
4085 2465 4138 2516 οἰ
4167 2480 4271 2516 πα-

2599 2565 2757 2636 τέρες
2783 2561 2957 2633 ὑμῶν,
2986 2559 3143 2625 ἀλλὰ,
3171 2559 3234 2613 Τί
3272 2552 3489 2627 εὗρονς
3516 2554 3690 2609 Πολλά
3722 2553 4075 2624 ζητήσαντες,
4098 2552 4269 2605 πολὶά

2600 2651 2976 2724 περιελθόντες
3022 2650 3079 2702 ἐν
3124 2645 3398 2709 τοσούτοις
3426 2642 3599 2698 ἔτεσιν
3648 2642 3753 2696 ὐπὸ
3792 2643 3893 2713 τὴν
3920 2641 4061 2712 ἐμὴν
4095 2640 4268 2711 ἀρχὴν

2599 2740 2902 2811 γενόμενοι,
2926 2736 3077 2791 οὐδὲν
3099 2731 3255 2807 εῦρον
3284 2737 3341 2788 ἐν
3366 2735 3490 2805 ἐμοί
3514 2732 3900 2802 πλημμέλημα.
3930 2731 4030 2783 Διά
4046 2729 4114 2800 δὴ
4137 2729 4267 2783 ταῦ-

2597 2845 2667 2883 τα
2709 2827 2888 2882 πάντα
2930 2823 3168 2895 συνεχῶς
3220 2822 3356 2894 πρὸς
3395 2820 3554 2874 αὐτὸν
3606 2817 4060 2887 καταφεύγωμεν,
4114 2815 4263 2885 [509]

2598 2917 2695 2970 καὶ
2720 2918 2778 2969 ἐν
2809 2914 2958 2985 πάσῃ
2987 2912 3195 2983 ἀθυμία
3216 2909 3466 2979 ζητῶμεν
3481 2908 3579 2977 τὴν
3606 2904 3956 2976 παραμυθίαν
3981 2903 4175 2966 αὐτοῦ,
4208 2904 4264 2958 ἑν

2601 3006 2749 3076 πάσῃ
2789 3004 3043 3074 συμφορᾷ
3085 3001 3184 3072 τὴν
3230 2998 3395 3053 αὐτοῦ
3448 2997 3619 3061 λύσιν,
3674 2995 3762 3047 τὸν
3798 2992 3960 3047 αὐτοῦ
4011 2992 4183 3053 ἔλεον.
4209 2994 4265 3044 ἐν

2597 3094 2757 3146 παντί
2777 3088 3068 3162 πειρασμῷ
3097 3088 3193 3159 τὴν
3215 3085 3377 3140 αὐτοῦ
3408 3084 3677 3156 βοήθειανο
3707 3078 3817 3135 οίον
3836 3082 3944 3151 γὰρ
3972 3082 4071 3134 ἐάν
4099 3076 4137 3151 ᾖ
4157 3080 4263 3133 δει-

2596 3178 2705 3243 νὸν,
2736 3172 2848 3231 οἷον
2873 3170 3022 3249 ἐάνῇ
3056 3174 3285 3246 μέγεθος
3320 3173 3625 3242 συμφορᾶς,
3653 3170 3829 3224 πάντα
3856 3169 3950 3221 καὶ
3972 3166 4139 3221 λῦσαι
4170 3168 4264 3221 καὶ

2596 3266 2943 3338 παραγαγεῖν
2961 3263 3205 3316 δύναταιο
3224 3261 3287 3314 οὐ
3320 3260 3479 3331 μόνον
3506 3259 3584 3320 δὲ,
3610 3256 3746 3310 ἀλλά
3775 3257 3869 3308 καὶ
3896 3257 4078 3309 πᾶσαν
4093 3255 4265 3323 ἀσφά-

2593 3352 2745 3407 λειαν
2773 3352 2869 3405 xal
2904 3350 3133 3419 δύναμιν
3167 3348 3261 3401 καὶ
3314 3345 3471 3410 δόξαν
3516 3342 3747 3413 ἀγαθὴν,
3773 3342 3868 3396 καὶ
3907 3342 4122 3410 ὑγίειαν
4156 3340 4262 3394 σώ-

2595 3455 2784 3511 ματος,
2816 3439 2910 3491 καὶ
2941 3434 3259 3505 φιλοσοφίαν
3278 3432 3478 3503 ψυχῆς,
3507 3431 3603 3485 καὶ
3625 3429 3843 3493 ἐλπίδας
3876 3427 4142 3499 χρηστὰς,
4169 3426 4262 3482 καὶ

2591 3526 2747 3596 τὸμὴ
2778 3523 2989 3595 ταχέως
3020 3520 3376 3593 ἁμαρτάνειν,
3422 3521 3457 3589 ἡ
3504 3518 3776 3587 ἀγαθότης
3821 3514 3986 3569 αὐτοῦ
4032 3513 4262 3584 παρέξει

2589 3614 2743 3684 ἡμῖν.
2772 3613 2863 3683 Μὴ
2891 3608 2986 3666 οὖν
3023 3608 3166 3664 κατὰ
3210 3608 3336 3671 τοὺς
3380 3605 3700 3678 ἀγνώμονας
3730 3603 3945 3667 δούλους
3977 3603 4261 3672 70776;»-

2592 3717 2712 3770 μεν,
2753 3699 2888 3771 μηδέ
2912 3697 3006 3751 τοῦ
3040 3696 3308 3750 Δεσπότου
3337 3695 3821 3766 κατηγορήσωμεν,
3856 3690 3969 3744 ἀλλ’
3999 3693 4058 3744 ἐν
4096 3691 4260 3744 πᾶσιν

2587 3789 3017 3862 εὐχαριστῶμεν,
3041 3788 3133 3842 καὶ
3174 3788 3231 3840 ἓν
3266 3787 3424 3857 μόνον
3450 3785 3618 3838 δεινὸν
3653 3778 3792 3836 εἶναι
3828 3781 4165 3851 νομίζωμεν,
4195 3780 4259 3833 τὸ

2587 3882 2667 3944 εἰς
2720 3880 2883 3933 αὐτὸν
2921 3876 3336 3948 ἐξαμαρτάνειν.
3388 3874 3499 3928 Kal
3528 3873 3624 3925 ἐὰν
3651 3870 3794 3924 οὕτω
3824 3870 3960 3939 πρὸς
3993 3870 4087 3921 τὸν
4124 3866 4257 3920 Θεὸν

2586 3967 2939 4039 διατεθῶμεν,
2972 3967 3034 4019 οὐ
3063 3965 3238 4028 νόσος,
3266 3963 3324 4015 οὐ
3352 3961 3533 4025 πενία,
3561 3960 3659 4011 οὐκ
3689 3957 3897 4027 ἀτιμία,
3924 3957 4025 4008 οὐκ
4051 3955 4255 4025 ἀφορία

2586 4054 2836 4125 καρπῶν,
2861 4054 2961 4106 οὐκ
2994 4052 3121 4106 ἄλλο
3154 4050 3305 4103 οὐδὲν
3342 4047 3451 4099 τῶν
3475 4044 3774 4099 δοκούντων
3805 4039 3942 4095 εἶναι
3989 4040 4254 4110 λυπηρῶν

2584 4141 2883 4207 διαδέξεται
2912 4141 3083 4209 ἡμᾶς,
3122 4136 3258 4191 ἀλλά
3287 4134 3532 4204 καθαρὰν
3556 4131 3749 4203 ἡδονὴν
3776 4130 3870 4183 καὶ
3894 4129 4066 4199 ἁγνὴν
4100 4146 4253 4198 καρ-

2585 4229 2845 4298 πούμενοι
2874 4223 3184 4288 διαπαντὸς,
3227 4223 3320 4275 καὶ
3369 4220 3477 4272 τῶν
3534 4218 3832 4287 μελλόντων
3863 4215 4085 4284 ἀγαθῶν
4130 4220 4252 4271 ἐπι-

2582 4312 2906 4383 τευξόμεθα,
2930 4311 3018 4364 διά
3051 4310 3147 4379 τῆς
3193 4309 3411 4379 χάριτος
3442 4307 3534 4359 καί⁵
3566 4304 3971 4374 φιλανθρωπίας
3999 4303 4096 4358 τοῦ
4131 4305 4247 4358 Κυ-

2587 4403 2704 4472 ρίου
2748 4399 2904 4470 ήμῶν
2948 4396 3119 4467 Ἰησοῦ
3161 4394 3418 4467 Χριστοῦ,
3471 4392 3587 4463 μεθ’
3613 4387 3674 4446 οὗ
3703 4391 3781 4461 τῷ
3806 4392 3981 4463 Πατρί
4014 4394 4048 4463 ή
4095 4394 4243 4458 δόξα,

2584 4488 2701 4555 ἅμα
2720 4486 2797 4556 τῷ
2824 4486 2962 4556 ἀγίῳ
2984 4482 3279 4555 Πνεύματι,
3309 4481 3400 4535 νῦν
3421 4480 3514 4533 καί
3536 4479 3642 4545 ἀεὶ,
3671 4480 3764 4532 καὶ
3785 4481 3863 4543 εἰς
3886 4481 4011 4543 τοὺς
4043 4482 4244 4545 αἰῶνας

2584 4574 2691 4627 τῶν
2715 4573 2945 4627 αἰώνων.
2988 4572 3045 4625 ’Δ
3053 4573 3177 4641 μήν.

890 4902 1000 4959 Τοῦ
1019 4905 1202 4960 αὑτοῦ
1230 4908 1431 4977 ὁμιλία
1462 4909 1591 4977 περὶ
1629 4910 1911 4977 νηστείας
1944 4909 2043 4964 καί
2070 4911 2157 4975 εἰς
2195 4908 2302 4962 τὸν
2328 4907 2643 4977 προφήτην
2697 4912 2915 4977 ’1ωνᾶν,
2961 4910 3059 4965 καί
3111 4906 3353 4976 Δανιὴλ,
3410 4909 3508 4963 καί
3548 4911 3689 4977 τοὺς
3733 4910 3889 4979 τρεῖς
3926 4909 4163 4975 παῖδας.

1734 5000 1983 5069 Ἔλέχθη
2014 5000 2082 5053 δὲ
2114 5002 2199 5064 εἰς
2231 5000 2346 5067 τὴν
2364 4998 2611 5055 εισοδον
2642 5002 2760 5056 τῶν
2789 5004 2975 5073 ἁγίων
2996 4998 3309 5068 νηστειῶν.

1478 5373 1705 5427 Ὀιιιλία
1741 5384 1805 5427 ε’.

1478 5378 1537 5426 '0
1583 5378 1705 5427 ιλία
1741 5384 1805 5427 ε’.

875 5456 1162 5527 α’.Φαιδρά
1186 5458 1423 5528 σήμερον
1441 5392 1578 5530 ἠμῖς
1605 5463 1637 5525 ἠ
1684 5462 2006 5532 πανήγυρις,
2033 5465 2124 5517 καὶ
2161 5463 2463 5535 λαμπρό·ι;ε⁹

811 5561 900 5609 ως
935 5544 1031 5598 τοῦ
1069 5542 1329 5615 συνήθους
1356 5546 1385 5598 6
1416 5544 1685 5614 σύλλογος.
1744 5548 1809 5600 Τί
1854 5565 1982 5601 ποτε
2013 5551 2122 5620 ἄρα
2152 5549 2213 5602 τὸ
2256 5551 2456 5616 αἴτιον;

808 5630 1071 5699 Νηστείας
1092 5631 1153 5684 τὸ
1184 5631 1511 5702 κατόρθωμα
1536 5633 1708 5688 τοῦτο’
1737 5631 1852 5689 οἶδα
1874 5636 2043 5705 κάγώ·
2070 5638 2322 5707 νηστείας
2340 5639 2459 5708 οὐχ)⁸

2566 5390 2658 5426 του
2688 5371 3108 5448 ρᾳθυμοτέρους,
3136 5382 3373 5451 σήμερον
3402 5383 3538 5453 πρὸς
3563 5382 3659 5447 τάς
3694 5380 3963 5453 μητρικάς
3985 5388 4003 5409 ⁸
4026 5381 4233 5453 ἐπανήσ

2566 5477 2703 5529 γαγε
2736 5465 2941 5533 χεῖρας.
2975 5466 3036 5519 Et
3067 5468 3123 5520 δὲ
3171 5470 3265 5523 καὶ
3301 5469 3726 5540 προσδοκωμένη
3772 5467 3929 5535 μόνον
3960 5470 4232 5540 τοσαύτην

2563 5548 2694 5617 ἡμῖν
2739 5551 3020 5624 ἐνεποίησε
3068 5557 3324 5627 σπουδὴν,
3388 5559 3619 5627 φανεῖσα
3668 5552 3760 5607 καὶ
3811 5558 4229 5627 παραγενομένη

2564 5635 2735 5709 πόσην
2761 5641 2818 5693 ἑν
2842 5641 2973 5711 ήμῖν
3005 5643 3296 5711 ἐργάσεται
3331 5645 3431 5715 τὴν
3461 5642 3780 5707 εὐλάϐειαν;
3816 5639 3972 5694 Οὕτω
3998 5644 4088 5697 καὶ
4129 5645 4223 5699 πό·

807 5716 1098 5787 παρούσης,
1120 5717 1253 5771 ἀλλά
1282 5718 1748 5792 προσδοκωμένης.
1776 5722 1986 5793 Ἐκείνη
2008 5723 2117 5795 7&9
2142 5724 2288 5794 ἡμᾶς
2322 5724 2458 5797 πρὸς
2560 5722 2642 5787 λις
2664 5724 2923 5796 ἄρχοντος
2944 5730 3274 5784 είσελαύνειν
3300 5731 3585 5801 μέλλοντος
3600 5726 3851 5798 φοδεροῦ,
3875 5731 4055 5785 πᾶσαν
4090 5731 4229 5783 ἀπσ-

812 5802 894 5855 εὸν
911 5802 1158 5870 πατρῷον
1185 5806 1484 5871 συνήγαγεν
1516 5801 1681 5861 οἷκον·
1713 5809 1893 5873 ἐκείνη
1922 5811 2014 5865 καὶ
2037 5810 2160 5875 τοὺς
2191 5809 2295 5877 πρὸ
2323 5812 2445 5866 τού-

2617 5833 2640 5857 ·
2665 5822 2812 5875 Savil.
2836 5830 2889 5874 el
2916 5839 3040 5877 unus
3063 5826 3248 5885 Regius
3280 5825 3363 5881 τὰς
3385 5823 3629 5884 πατρικάς.
