4446 6682
402 416 505 471 505

402 534 480 584 vit
505 529 629 601 quid
662 530 752 587 tibi
780 542 1065 605 competat.
1097 533 1231 587 Sunt
1254 537 1431 585 autem
1460 528 1690 599 plurimi,
1721 531 1809 601 qui
1838 527 1981 583 mille

403 635 591 675 versus
618 621 753 678 inter
772 625 1030 679 orandum
1061 620 1352 691 proferunt,
1379 618 1664 691 dicuntque
1690 639 1704 674 :
1734 618 1979 682 Domine,

405 710 472 764 da
500 710 627 766 mihi
666 714 906 783 corporis
934 712 1235 773 sanitatem,
1265 708 1426 779 duplo
1470 710 1667 781 plures,
1707 722 1864 778 quam
1892 705 1986 760 ha-

407 800 529 868 beo,
555 802 852 869 facultates,
876 802 1133 856 ulciscere
1167 799 1435 855 inimicum
1479 815 1655 855 meum
1688 816 1701 851 :
1733 795 1875 867 quod
1903 804 1987 851 est

408 892 607 963 ingenti
635 895 847 965 plenum
873 888 1218 945 absurditate.
1247 889 1601 956 Quamobrem
1630 888 1712 940 his
1737 884 1985 939 omnibus

407 988 620 1041 omissis
647 987 716 1041 ita
745 982 1003 1039 orandum
1023 982 1450 1052 precandumque
1470 990 1571 1046 est,
1596 989 1653 1033 ut
1674 977 1987 1049 publicanus

409 1078 497 1135 ille
522 1080 609 1150 qui
650 1078 905 1132 dicebat:
951 1073 1088 1127 Deus
1125 1076 1371 1145 propitius
1412 1082 1515 1128 esto
1562 1070 1684 1125 mihi
1737 1070 1988 1141 peccatori

409 1168 560 1240 (Luc.
595 1168 681 1223 18.
713 1167 817 1235 l5);
848 1173 901 1217 et
926 1163 1037 1233 ipse
1063 1165 1205 1218 novit
1238 1180 1343 1235 quo
1368 1172 1523 1233 pacto
1566 1159 1660 1215 tibi
1708 1161 1778 1215 sit
1815 1161 1987 1230 Opitu-

408 1263 622 1319 laudum
654 1281 666 1316 :
696 1276 815 1313 nam
847 1258 1084 1323 Quterite,
1112 1260 1300 1330 inquit,
1332 1259 1551 1328 primum
1570 1272 1776 1326 regnum
1801 1254 1917 1320 Dei,
1940 1263 1986 1307 rt

409 1356 518 1408 haec
545 1352 712 1406 omnia
731 1350 1030 1419 adﬁcientur
1058 1352 1191 1404 vobis
1219 1348 1430 1421 (Matth.
1451 1345 1505 1402 6.
1532 1346 1645 1416 53).
1678 1345 1767 1401 Sic
1788 1346 1983 1413 itaque,

408 1444 610 1507 dilecti,
632 1457 751 1495 cum
780 1440 959 1495 labore
981 1450 1035 1496 et
1059 1441 1358 1495 humilitate
1384 1438 1845 1508 philosophemur,
1868 1451 1994 1503 per-

408 1535 667 1589 cutientes
703 1541 914 1603 pectora
938 1544 1139 1600 nostra,
1178 1530 1625 1602 quemadmodum
1653 1528 1761 1591 ille,
1794 1536 1991 1595 etquae.

412 1628 636 1698 petimus
675 1640 1064 1695 consequemur
1100 1644 1115 1679 :
1160 1625 1243 1679 sin
1275 1625 1350 1677 ira
1382 1623 1666 1688 furoreque
1695 1618 1836 1688 pleni
1865 1631 1987 1687 pre-

410 1732 613 1779 centur,
644 1716 1029 1771 abominabiles
1067 1724 1123 1770 et
1160 1713 1328 1768 odiosi
1367 1710 1507 1781 apud
1550 1710 1716 1764 Deum
1759 1708 1991 1777 reperie-

412 1822 549 1861 mur.
580 1807 929 1862 Conteramus
959 1807 1115 1875 igitur
1157 1812 1390 1857 mentem
1430 1809 1688 1863 nostram,
1744 1798 1989 1853 humilie-

412 1913 529 1951 ntus
555 1898 761 1951 animas
786 1906 1018 1959 nostras,
1046 1906 1429 1965 precemurque
1464 1906 1561 1962 pro
1588 1891 1761 1955 nobis,
1794 1905 1991 1959 proque

412 1986 477 2041 iis
501 1987 589 2056 qui
617 2001 713 2039 nos
738 1984 977 2039 molestia
1005 1982 1315 2038 affecerunt.
1359 1980 1414 2036 Si
1443 1996 1669 2049 namque
1700 1980 1829 2034 velis
1854 1980 1995 2047 judi-

409 2094 526 2133 rem
560 2077 626 2130 ad
671 2076 928 2130 auxilium
957 2075 1150 2128 anima:
1196 2083 1301 2128 tua:
1328 2072 1650 2138 demulcere,
1686 2082 1739 2126 et
1777 2072 1842 2125 ad
1879 2080 1995 2125 tuas

410 2178 588 2238 partes
616 2166 904 2232 attrahere,
946 2179 1231 2235 numquam
1261 2179 1383 2220 eum
1422 2175 1607 2217 contra
1633 2163 1996 2216 adversarium

412 2270 559 2314 tuum
602 2256 1025 2327 compellaveris.
1074 2256 1280 2310 Etenim
1323 2255 1518 2325 judicis
1562 2254 1700 2307 illius
1750 2252 1869 2307 talis
1916 2261 1998 2306 est

416 2367 567 2405 nios:
597 2352 699 2405 iliis
727 2350 957 2405 maxime
986 2349 1170 2403 annuit
1206 2358 1260 2403 et
1298 2347 1559 2416 postulata
1601 2343 1864 2408 concedit,
1906 2342 1995 2413 qui

417 2458 512 2511 pro
542 2441 770 2496 inimicis
803 2448 975 2504 arant,
1007 2439 1093 2507 qui
1134 2454 1239 2493 non
1287 2446 1412 2492 sunt
1455 2436 1663 2504 injuria:
1707 2450 1992 2496 memores,

413 2533 503 2603 qtti
524 2541 706 2587 contra
738 2532 982 2586 inimicos
1026 2545 1153 2585 suos
1192 2544 1295 2583 non
1340 2528 1656 2583 eﬂ'eruntur.
1688 2525 1756 2579 Et
1798 2535 1998 2595 quanto

415 2624 583 2691 magis
611 2622 663 2675 hi
716 2636 775 2676 se
820 2622 894 2675 ita
942 2631 1151 2691 gerunt,
1205 2628 1353 2673 tanto
1403 2618 1570 2687 magis
1622 2617 1758 2669 Deus
1812 2630 1996 2668 eorum

416 2712 657 2767 inimicos
683 2712 951 2766 ulciscitur
974 2754 987 2776 ,
1017 2711 1114 2765 nisi
1131 2712 1197 2765 ad
1226 2710 1585 2779 paenitentiam
1600 2714 1996 2762 convertantur.

488 2803 539 2855 5.
570 2801 672 2855 Cur
695 2800 833 2855 Deus
871 2818 961 2855 nos
985 2801 1187 2854 assidue
1213 2801 1383 2854 vexari
1410 2800 1683 2868 permittat.
1712 2827 1783 2837 —
1815 2796 2001 2850 Videte

417 2906 544 2961 ergo
570 2932 586 2957 ,
618 2894 805 2945 fratres
826 2932 840 2955 ,
877 2907 944 2945 ne
983 2892 1173 2960 injuria
1202 2906 1233 2944 a
1262 2889 1509 2960 qu0piam
1548 2888 1778 2943 lacessiti
1822 2888 2000 2941 statim

420 2982 755 3051 indignemur
769 2992 823 3036 et
841 2983 892 3036 itt
922 2982 1187 3037 tristitiam
1216 2981 1475 3045 labamur,
1507 2980 1600 3035 sed
1624 2978 2001 3049 philosophan-

420 3083 498 3127 tes
542 3074 740 3143 gratias
782 3086 1018 3142 agamus,
1063 3080 1433 3139 exspectantes
1462 3070 1717 3123 auxilium
1752 3068 1980 3123 Domini.

422 3163 609 3215 Annon
656 3172 864 3231 poterat
908 3162 1046 3216 Deus
1093 3170 1217 3216 ante
1263 3162 1624 3230 precationem
1668 3160 1803 3215 bona
1845 3158 2000 3213 nobis

420 3255 699 3307 c0nferreT
726 3268 902 3307 annon
931 3253 1089 3307 vitam
1120 3253 1305 3307 dolore
1332 3266 1551 3305 vacuam
1579 3250 1894 3314 concedere,
1927 3260 2004 3303 at-

419 3360 522 3415 que
572 3360 602 3400 a
650 3345 834 3413 quavis
872 3360 1107 3399 mrumua
1159 3345 1464 3399 remotam?
1503 3344 1608 3399 Sed
1648 3354 1867 3413 utraque
1917 3343 2001 3398 ille

420 3452 629 3491 summo
658 3452 840 3491 amore
872 3437 1011 3491 facit.
1046 3437 1153 3490 Cur
1182 3438 1325 3491 enim
1358 3450 1455 3489 nos
1498 3436 1677 3490 vexari
1720 3435 1995 3503 permittit,

421 3544 518 3585 nec
549 3531 689 3584 illico
709 3530 959 3583 auxilium
984 3529 1271 3583 admovet?
1298 3529 1412 3594 Qua
1425 3527 1491 3582 de
1516 3528 1713 3582 causa?
1743 3526 1809 3581 Ut
1828 3528 1997 3595 ipsum

420 3620 629 3673 assidue
649 3619 901 3673 adeamus
920 3660 933 3683 ,
959 3619 1073 3687 ejus
1101 3620 1428 3687 postulantes
1458 3634 1612 3688 opem
1644 3659 1657 3681 ,
1688 3617 1753 3671 ad
1797 3618 1993 3685 ipsum-

418 3725 521 3779 que
548 3709 929 3779 Confugiatnus,
954 3719 1008 3763 et
1032 3708 1336 3777 frequenter
1358 3710 1527 3777 ipsum
1544 3709 1611 3762 ad
1632 3708 1884 3762 auxilium
1902 3722 1998 3762 vo-

420 3814 621 3853 cemus.
649 3798 770 3853 Ideo
785 3800 1024 3868 corporis
1045 3799 1276 3863 dolores,
1299 3799 1416 3853 ideo
1435 3801 1668 3868 penuria:
1699 3799 1960 3853 fructuum
1981 3839 1995 3865 ,

422 3892 543 3945 ideo
564 3891 763 3946 fames:
793 3901 847 3945 ttt
874 3907 940 3947 ex
964 3892 1307 3945 ltiszerumnis
1334 3894 1399 3945 ab
1423 3892 1510 3945 illo
1533 3906 1743 3961 semper
1766 3891 1999 3960 pendea-

422 3998 539 4036 ntus
565 4023 579 4043 .
610 3992 767 4051 atque
797 3983 874 4036 sic
902 3998 995 4051 per
1025 3982 1346 4053 temporales
1370 3996 1635 4036 mrutnnas
1659 3982 1820 4036 vitam
1848 3991 2005 4035 aeter-

420 4090 542 4129 nam
592 4074 642 4128 in
690 4074 1053 4129 hzereditatem
1109 4090 1517 4145 consequamur.
1568 4074 1747 4145 Itaque
1786 4090 1883 4144 pro
1921 4075 2002 4129 his

424 4170 582 4222 etiam
615 4169 724 4223 Deo
752 4170 949 4239 gratias
977 4185 1135 4239 agere
1176 4169 1431 4224 debemus
1456 4211 1470 4235 ,
1499 4170 1587 4239 qui
1625 4168 1806 4223 multis
1831 4169 2003 4224 modis

426 4260 707 4314 sanitatem
736 4270 787 4314 et
809 4261 1033 4314 salutem
1060 4261 1264 4315 confert
1292 4261 1565 4315 animabus
1584 4261 1798 4314 nostris.
1830 4260 2003 4313 llomi-

421 4368 516 4407 nes
542 4353 683 4405 enim
726 4352 768 4405 si
814 4352 1089 4406 minimum
1122 4352 1387 4420 quidpiam
1421 4353 1571 4407 nobis
1596 4353 1835 4407 beneficii
1865 4368 1995 4406 con-

424 4442 636 4495 tulerint
661 4482 674 4505 ,
706 4442 873 4511 iisque
900 4454 1081 4510 postea
1104 4443 1183 4495 vel
1212 4442 1358 4495 inviti
1388 4444 1773 4511 aliquantulum
1834 4444 1999 4498 mole-

420 4534 537 4587 stire
566 4533 845 4587 afferamus
866 4575 882 4598 ,
910 4532 1084 4587 statim
1123 4534 1447 4600 exprobrant
1478 4534 1814 4600 beneficium,
1846 4538 1913 4589 ita
1943 4545 2000 4590 ttt

422 4626 571 4679 multi
600 4625 701 4679 sihi
732 4627 860 4695 ipsis
898 4625 1210 4680 maledicam
1244 4668 1259 4690 ,
1289 4626 1427 4695 qttod
1463 4628 1530 4681 ab
1572 4628 1637 4681 iis
1681 4629 1994 4683 beneﬁcium

421 4717 644 4785 quodvis
670 4718 1002 4787 acceperint:
1038 4718 1173 4772 Deus
1213 4733 1341 4772 vero
1370 4734 1474 4773 non
1522 4720 1631 4783 sic;
1662 4720 1755 4775 sed
1805 4722 1996 4777 etiam-

424 4851 461 4861 σο
494 4854 505 4859 -

654 4854 866 4861 .____-._——.

1424 4854 1619 4861 δ’*

1626 4855 1955 4864 ———.——.__

1603 416 1689 473 DE
1728 413 2192 474 PCENITENTIA.
2236 412 2462 472 HOMIL.
2504 416 2570 473 ‘l.

1973 4856 2179 4863 —-——-————

3554 422 3655 476 506

2090 526 2135 581 si
2164 526 2339 582 statim
2386 534 2506 599 post
2542 528 2733 585 collata
2769 527 3024 586 beneficia
3065 538 3427 586 contemnatur
3462 530 3658 585 amcis.

2092 628 2281 688 turque
2328 620 2646 674 contumelia
2666 660 2682 686 ,
2711 619 2885 675 adhuc
2913 636 3031 676 sese
3059 631 3244 691 purgat
3272 662 3287 685 ,
3324 622 3661 689 rationesque

2091 706 2188 766 init
2214 727 2334 767 cum
2363 712 2427 766 iis
2450 753 2465 777 ,
2494 711 2584 782 qui
2628 726 2688 766 se
2734 712 2923 780 injuria
2967 712 3297 777 affecerunt,
3325 712 3407 767 his
3446 712 3658 767 verbis:

2094 800 2291 873 Popute
2310 819 2469 867 meus,
2490 800 2613 873 quid
2631 802 2728 871 feci
2752 801 2840 855 tibi
2866 801 3051 871 (Mich.
3082 804 3134 859 6.
3157 805 3252 875 3)?
3280 804 3380 874 Ipsi
3410 803 3659 859 nolebant

2092 910 2214 950 eum
2245 909 2437 949 vocare
2471 894 2635 948 Deum
2664 934 2681 960 ,
2711 893 2800 948 ille
2834 909 2961 949 vero
2988 910 3091 949 non
3120 896 3361 951 cessabat
3389 896 3533 966 ipsos
3563 909 3658 963 po.

2090 986 2270 1054 pulum
2301 1000 2455 1039 suum
2477 984 2786 1039 nominare:
2818 984 2916 1053 ipsi
2942 983 3228 1039 dominium
3260 986 3623 1041 detrectabant
3644 1025 3661 1049 ,

2091 1077 2181 1131 ille
2210 1091 2339 1131 vero
2364 1091 2467 1130 non
2497 1076 2720 1139 negabat
2753 1092 2849 1131 eos
2877 1118 2892 1142 ,
2923 1076 3017 1131 sed
3048 1085 3103 1131 ut
3128 1091 3255 1132 suos
3281 1078 3537 1133 tractabat
3563 1119 3577 1140 ,
3607 1086 3663 1135 et

2090 1167 2159 1222 ad
2183 1182 2241 1222 se
2268 1165 2509 1221 trahebat
2527 1168 2728 1231 dicens,
2750 1166 2949 1238 Popule
2972 1184 3131 1233 meus,
3160 1168 3283 1239 quid
3309 1169 3407 1240 feci
3432 1168 3555 1222 tibi?
3580 1174 3659 1222 An

2093 1258 2184 1314 tibi
2215 1272 2475 1313 onerosus
2499 1258 2605 1325 fui,
2640 1259 2809 1329 inquit
2839 1301 2854 1325 ,
2882 1276 2950 1313 an
2974 1262 3150 1329 gravis
3191 1270 3245 1316 et
3274 1261 3567 1317 molestus?
3597 1264 3664 1317 At

2091 1349 2194 1403 hoe
2222 1364 2325 1402 non
2351 1358 2499 1417 potes
2528 1348 2746 1402 dicere:
2778 1349 2903 1417 quin
2933 1351 3138 1403 etiamsi
3168 1349 3268 1405 hoc
3298 1361 3459 1417 esset,
3494 1368 3664 1419 neque

2091 1441 2169 1495 sic
2189 1440 2421 1509 oportuit
2446 1440 2652 1494 resilire
2681 1456 2693 1492 :
2730 1438 2854 1506 Quis
2878 1440 3011 1494 enim
3042 1450 3115 1494 est
3143 1442 3279 1508 ﬁlius
3301 1482 3316 1505 ,
3346 1458 3490 1511 quem
3526 1452 3668 1511 pater

2093 1546 2193 1583 non
2222 1531 2441 1599 corrigat
2471 1528 2655 1598 (Hebr.
2688 1529 2774 1584 l2.
2805 1530 2858 1602 7)
2878 1528 3158 1585 ’Attamen
3183 1530 3286 1586 hoc
3315 1547 3419 1586 non
3449 1533 3667 1601 potestis

2093 1619 2290 1675 dicere.
2322 1622 2388 1674 Et
2428 1621 2618 1674 iterum
2647 1620 2805 1675 alibi:
2840 1620 2986 1685 Quod
3010 1622 3303 1676 invenerunt
3330 1632 3497 1689 patres
3522 1622 3671 1674 uestri

2094 1708 2148 1762 in
2176 1726 2253 1762 me
2280 1710 2515 1763 delictum
2540 1706 2670 1776 (Jer.
2701 1708 2754 1761 2.
2782 1709 2881 1777 5)?
2911 1709 3150 1780 Magnum
3191 1719 3247 1765 et
3284 1710 3527 1765 mirabile
3578 1711 3663 1764 tli-

2092 1801 2437 1870 ctumzquod
2490 1802 2629 1854 enim
2689 1802 2815 1856 dicit
2859 1800 3157 1870 hujusmodi
3212 1814 3324 1856 est:
3357 1801 3493 1869 Quid
3547 1816 3674 1870 pec-

2095 1897 2261 1951 cavi?
2312 1897 2483 1965 inquit
2521 1895 2661 1951 Deus
2700 1892 3198 1959 hominibuszQuid
3245 1893 3493 1962 peccavi?
3535 1893 3677 1962 quod

2096 2002 2267 2056 neque
2304 1988 2445 2041 servi
2488 2002 2516 2040 a
2565 1985 2794 2041 dominis
2823 1985 2924 2040 dici
2950 1985 3268 2041 concedunt.
3302 1985 3482 2054 Neque
3526 1984 3674 2049 dicit,

2097 2076 2233 2143 Quid
2273 2077 2483 2145 peccavi
2528 2077 2579 2129 in
2606 2091 2740 2137 vos;
2784 2075 2915 2139 sed,
2954 2075 3008 2128 ln
3056 2085 3233 2144 patres
3288 2084 3512 2129 vestros.
3559 2073 3668 2129 Ve-

2102 2184 2216 2222 rum
2249 2184 2421 2237 neque
2453 2172 2585 2231 hoc,
2616 2168 2724 2233 ait,
2755 2168 2977 2237 potestis
3004 2167 3202 2231 dicere,
3230 2168 3368 2237 quod
3402 2178 3675 2236 paternam

2099 2272 2228 2328 erga
2252 2274 2338 2312 nte
2367 2257 2693 2311 inimicitiam
2719 2257 2959 2311 servetis.
2999 2256 3181 2326 Neque
3216 2256 3356 2311 enim
3380 2256 3682 2325 pt-Ogenito-

2102 2364 2189 2404 res
2210 2356 2419 2402 vestros
2440 2347 2655 2417 permisi
2679 2362 2929 2415 umquam
2960 2347 3343 2416 providentiam
3377 2362 3547 2400 meam
3598 2347 3679 2399 in-

2100 2456 2308 2503 cusare,
2336 2441 2387 2493 in
2436 2454 2597 2509 parvo
2634 2450 2726 2495 aut
2776 2454 2968 2509 magno
3010 2439 3308 2509 despiciens
3346 2454 3459 2494 eos.
3500 2437 3683 2507 Neque

2101 2538 2410 2605 simpliciter
2436 2538 2570 2590 dixit
2608 2551 2622 2586 :
2661 2535 2797 2601 Quid
2826 2536 3125 2588 habuerunt
3154 2543 3333 2601 patres
3359 2532 3539 2594 vestri,
3563 2529 3680 2593 sed,

2106 2626 2241 2691 Quid
2278 2626 2613 2679 invenerunt?
2664 2624 2917 2693 Quamvis
2954 2624 3119 2678 multa
3160 2622 3487 2691 quaesierint,
3516 2620 3679 2673 multa

2103 2717 2516 2786 circumquaque
2565 2716 2829 2770 moverint
2872 2722 2951 2769 tot
2992 2712 3144 2767 annis
3174 2726 3294 2766 meo
3331 2709 3431 2765 sub
3459 2709 3685 2776 imperio

2104 2808 2375 2876 degentes,
2406 2806 2609 2860 nullum
2640 2806 2957 2860 invenerunt
2994 2804 3047 2857 in
3086 2817 3173 2857 me
3210 2801 3485 2856 delictum.
3525 2798 3685 2869 Igitur

2104 2896 2292 2951 horum
2311 2898 2546 2951 omnium
2562 2909 2719 2950 causa
2747 2894 3053 2964 frequenter
3075 2892 3140 2947 ad
3158 2907 3279 2946 eum
3294 2890 3681 2959 confugiamus.

2102 3000 2156 3046 et
2182 2992 2235 3045 in
2263 2990 2409 3045 omni
2433 3004 2662 3045 maerore
2685 2986 3098 3042 consolationem
3127 2984 3244 3052 ejus
3268 2996 3599 3051 qumramus.
3630 2979 3682 3033 in

2103 3082 2248 3137 omni
2276 3082 2578 3137 calamitate
2608 3082 2723 3150 ejus
2748 3077 3085 3141 solutionem,
3109 3074 3224 3145 ejus
3244 3071 3682 3134 misericordiam,

2106 3173 2159 3227 in
2184 3172 2328 3226 omni
2372 3170 2663 3226 tentatione
2706 3169 2823 3239 ejus
2870 3166 3121 3220 auxilium
3161 3171 3687 3233 :quantumcumque

2104 3264 2245 3318 enim
2275 3264 2471 3317 malum
2502 3262 2677 3325 fuerit,
2726 3266 3152 3329 quantacumque
3201 3250 3515 3309 calamitatis
3568 3266 3683 3303 ma-

2103 3355 2342 3425 gnitudo,
2370 3357 2546 3408 omnia
2578 3351 2667 3404 ille
2693 3350 2903 3405 solvere
2925 3355 2980 3401 et
2997 3359 3244 3400 amovere
3273 3352 3478 3412 potest:
3514 3354 3686 3410 neque

2104 3446 2207 3500 hoc
2232 3454 2453 3507 tantum,
2483 3442 2575 3496 sed
2601 3455 2813 3496 omnem
2833 3438 3190 3498 securitatem,
3211 3434 3481 3498 virtutem,
3506 3446 3683 3487 veram

2103 3535 2349 3605 gloriam,
2382 3531 2798 3587 incolumitatem
2828 3528 3067 3596 corporis
3089 3566 3103 3591 ρ
3133 3523 3523 3595 philosophiam
3574 3520 3688 3575 ani-

2104 3642 2227 3692 mae,
2254 3640 2403 3693 spem
2432 3624 2643 3685 bonam,
2676 3630 2730 3675 et
2748 3632 2804 3673 ut
2829 3635 2931 3674 non
2959 3617 3113 3672 facile
3143 3629 3438 3685 peccemus,
3460 3613 3511 3667 id
3536 3612 3690 3667 nobis

2105 3715 2221 3783 ejus
2246 3713 2453 3767 bonitas
2482 3709 2739 3766 conferet.
2781 3708 2859 3763 Ne
2910 3710 3087 3771 itaque
3139 3706 3465 3773 ingratorum
3505 3717 3687 3757 servo—

2104 3820 2222 3859 rum
2250 3818 2398 3858 more
2416 3815 2828 3865 murmuremus,
2850 3813 3021 3868 neque
3040 3796 3318 3851 Dominum
3348 3796 3646 3848 incusamus
3669 3809 3686 3857 ;

2106 3896 2198 3951 sed
2223 3896 2275 3951 itt
2305 3894 2552 3949 omnibus
2576 3892 2771 3961 gratias
2800 3904 3017 3959 agamus
3036 3929 3051 3953 ,
3084 3896 3138 3941 et
3172 3902 3332 3938 unum
3361 3885 3529 3939 solum
3572 3898 3688 3937 nta-

2107 3989 2217 4044 lum
2246 4001 2366 4042 esse
2399 3994 2665 4054 putemus,
2707 3996 2898 4049 nempe
2929 3980 2982 4033 in
3012 3994 3132 4034 eum
3164 3992 3407 4048 peccare.
3448 3977 3621 4044 Atque
3644 3973 3689 4028 si

2108 4082 2177 4135 ita
2204 4094 2327 4149 erga
2371 4079 2536 4132 Deum
2584 4074 2760 4129 affecti
2816 4073 3002 4135 simus,
3030 4086 3134 4125 non
3159 4070 3396 4133 morbus,
3428 4082 3531 4121 non
3560 4080 3691 4135 pau-

2108 4180 2289 4242 pertas
2310 4209 2324 4234 ,
2358 4184 2462 4222 non
2493 4164 2774 4238 ignominia
2798 4205 2813 4230 ,
2845 4178 2950 4217 non
2977 4162 3226 4217 sterilitas
3267 4160 3553 4221 fructuum,
3587 4172 3690 4209 non

2108 4261 2250 4315 aliud
2272 4259 2544 4331 quidpiam
2566 4270 2774 4321 eorum,
2797 4269 2914 4323 quas
2943 4255 3081 4307 inter
3112 4251 3249 4305 mala
3278 4256 3654 4317 computantur
3673 4287 3689 4311 ,

2107 4369 2206 4408 nos
2234 4354 2495 4420 excipiet;
2525 4348 2617 4405 sed
2650 4364 2834 4418 puram
2863 4356 3171 4416 castamque
3195 4344 3513 4412 voluptatem
3546 4356 3691 4395 sem-

2108 4459 2201 4513 per
2231 4442 2394 4509 nacti,
2428 4442 2587 4496 etiam
2620 4441 2791 4494 futura
2819 4437 2955 4492 bona
2983 4450 3374 4505 consequemur
3411 4452 3423 4485 :
3448 4432 3613 4502 gratia
3643 4438 3696 4484 ct

2107 4536 2433 4605 benignitate
2472 4532 2681 4588 Domini
2711 4530 2875 4585 nostri
2902 4529 3026 4584 Jesu
3060 4525 3292 4591 Christi,
3315 4526 3522 4595 quicum
3554 4522 3692 4575 Patri

2106 4629 2294 4698 gloria,
2325 4642 2428 4681 una
2455 4641 2576 4682 cum
2598 4634 2780 4678 sancto
2802 4622 3019 4691 Spiritu,
3047 4635 3185 4673 nunc
3214 4628 3268 4672 et
3302 4631 3532 4684 semper,
3566 4624 3617 4668 et
3644 4613 3694 4667 itt

2110 4722 2303 4777 smcula
2333 4719 2666 4775 saeculorum.
2698 4717 2884 4768 Amen.

3370 4841 3543 4849 ..ο-υ

3008 4844 3363 4853 __——.--———~

2750 4848 2913 4855 ——__—_-

2188 4858 2195 4859 κ
2210 4849 2741 4861 ῌμ-ςσ---

424 4944 705 4989 EIUSDEM
761 4945 1029 4989 HOMILIA
1077 4945 1158 4987 DE
1185 4944 1445 4987 JEJUNIO
1490 4946 1571 4987 ET
1614 4946 1679 4988 IN
1721 4947 1929 4991 JONAM
1976 4947 2177 4990 PROPR

1976 4946 2382 4993 PROPHETAM,
2429 4944 2509 4985 ΕΤ
2552 4942 2903 4994 νΔΝιειΕΜ,
2950 4940 3031 4981 ΕΤ
3071 4936 3226 4979 τιιεε
3281 4931 3554 4987 PUEROS,
3617 4931 3695 4973 ET

776 5046 858 5087 DE
903 5044 1334 5089 POENITENTIA.
1381 5044 1569 5087 DICTA
1615 5046 1726 5089 EST
1771 5048 1986 5089 AUTEM
2030 5046 2093 5089 IN
2120 5043 2455 5089 SACBORUM
2497 5043 2524 5085 ,ι

1556 5056 1569 5086 t
1615 5046 1726 5089 EST
1771 5048 1986 5089 AUTEM
2030 5046 2093 5089 IN
2120 5043 2455 5089 SACBORUM
2497 5040 2893 5085 JEJUNIORUM
2937 5034 3312 5080 INGRESSUM.

1810 5191 2039 5206 ψ

1003 5332 1218 5371 nomn
1257 5332 1288 5369 v
1335 5313 1435 5385 (α).

500 5410 553 5465 1.
585 5408 727 5463 Lmta
755 5405 906 5459 nobis
932 5406 1090 5462 hodie
1114 5424 1176 5463 ac
1203 5409 1387 5463 festiva
1414 5405 1712 5465 celebritas.
1742 5406 2005 5475 solitoque

430 5502 682 5558 illustrior
707 5508 898 5553 cattus.
927 5496 1179 5564 Quantam
1203 5515 1331 5569 ergo
1352 5496 1544 5552 causa?
1568 5495 1762 5565 Jt-junii
1788 5499 2007 5564 prmcla-

430 5610 545 5648 runt
572 5608 704 5663 opus
734 5591 835 5645 hoc
861 5603 978 5643 esse
1007 5590 1163 5653 novi,
1195 5590 1382 5660 jejunii
1424 5603 1527 5643 non
1576 5588 1878 5658 praesentis,
1916 5588 2007 5642 sed

427 5686 747 5757 exspectati.
785 5680 915 5737 lllttd
950 5695 1178 5749 namque
1212 5697 1312 5736 nos
1354 5681 1455 5737 huc
1481 5679 1545 5735 ad
1575 5691 1843 5749 paternam
1878 5692 2008 5732 con-

496 5824 566 5884 fa)
590 5822 767 5875 collata
790 5833 899 5873 cum
922 5826 1026 5871 τάδε.
1044 5820 1202 5882 Regiis
1222 5819 1357 5882 1828,
1388 5821 1522 5880 1829,
1546 5820 1695 5871 2121.

2042 5171 2118 5221 ο.

2136 5188 2337 5204 ’ἔ

2117 5310 2351 5381 gregavit
2369 5308 2584 5362 domum
2608 5324 2618 5358 ε
2644 5304 2771 5359 illud
2793 5304 2950 5358 etiam
2972 5316 3064 5357 eos
3084 5300 3171 5371 qui
3193 5297 3415 5353 antehac
3440 5297 3697 5366 pigriores

2116 5404 2326 5456 fuerunt
2350 5440 2365 5465 ,
2394 5398 2458 5451 ad
2493 5404 2759 5451 maternas
2779 5396 2795 5426 ί
2826 5392 3033 5449 reduxit
3062 5403 3267 5443 manus.
3314 5388 3370 5442 Si
3398 5401 3526 5441 vero
3556 5384 3695 5455 quod

2116 5500 2455 5562 esspectetur
2482 5490 2674 5554 solum,
2707 5496 2908 5542 tantum
2935 5483 3090 5539 studii
3120 5482 3271 5535 nobis
3300 5478 3542 5551 ingessit,
3574 5494 3695 5532 cunt

2117 5587 2419 5659 apparuerit
2447 5584 2844 5649 adveneritque,
2865 5586 3116 5649 quantam
3140 5576 3191 5631 in
3224 5576 3376 5631 nobis
3402 5584 3698 5629 venermu-

2120 5696 2239 5733 uem
2271 5675 2503 5733 efliciet?
2527 5674 2612 5729 Sic
2632 5681 2685 5726 et
2709 5672 2917 5733 civitas.
2941 5670 3176 5740 principe
3201 5666 3477 5724 tremendo
3498 5666 3698 5734 ingres-

2189 5815 2200 5842 '
2232 5816 2342 5861 Sat.
2370 5817 2419 5858 et
2447 5820 2569 5858 unus
2594 5814 2727 5867 negq
2756 5813 2999 5867 paternas.
