4446 6706
787 438 886 493 307

787 566 935 619 suro,
962 563 1172 607 omnem
1212 545 1406 603 omittit
1441 542 1720 610 desidiam,
1767 541 2060 614 majorique
2106 541 2366 597 excitatur

787 641 988 697 studio.

860 730 1123 787 Damone:
1162 728 1414 799 jejunium
1459 725 1860 781 Christianorum
1897 732 2141 777 metuunt.
2167 753 2236 763 -
2262 721 2368 777 Sed

789 823 931 879 haud
958 823 1141 878 timete
1170 819 1502 875 tremendum
1532 817 1823 887 principem
1850 816 2109 886 jejunium
2148 815 2370 869 audien-

791 924 874 968 tes
903 930 917 966 :
946 927 1051 965 non
1084 911 1226 965 enim
1257 908 1428 973 vobis,
1457 906 1550 961 sed
1590 905 1977 961 daemoniorum
2019 913 2221 958 natura:
2262 914 2371 958 tre—

790 1002 1045 1059 mendum
1065 1010 1166 1057 est.
1196 1000 1404 1055 Etenim
1426 998 1469 1053 si
1492 998 1752 1052 lunaticus
1773 996 1931 1051 fuerit
1953 996 2090 1066 quis,
2111 995 2297 1063 jejunii
2324 995 2374 1047 ei

790 1092 977 1148 faciem
1003 1090 1248 1157 ostende,
1275 1101 1432 1159 atque
1460 1086 1723 1156 lapidibus
1753 1086 1882 1157 ipsis
1908 1084 2229 1140 immobilior
2255 1100 2375 1138 ma-

793 1196 884 1236 net
925 1182 1117 1236 timore
1151 1179 1489 1244 constrictus,
1516 1186 1571 1233 et
1596 1177 1756 1232 veluti
1787 1176 1997 1231 vinculo
2020 1174 2246 1245 quodam
2276 1175 2376 1229 de-

792 1282 971 1327 tentus
1001 1288 1017 1327 :
1045 1272 1201 1340 idque
1230 1270 1586 1339 potissimum,
1609 1283 1729 1324 cum
1750 1267 1938 1321 viderit
1960 1266 2164 1335 jejunio
2192 1264 2379 1335 adjun-

790 1374 930 1416 ctam
971 1376 1209 1417 sororem
1227 1359 1769 1428 contubernalemque
1789 1356 2002 1426 jejunii,
2034 1356 2329 1409 orationem
2362 1373 2374 1407 :

792 1451 915 1509 ideo
941 1452 1182 1509 Christus
1203 1451 1330 1506 dicit
1354 1468 1367 1505 :
1397 1449 1508 1503 Hoc
1525 1464 1682 1520 genus
1707 1464 1808 1501 non
1836 1447 2037 1516 ejicitur
2059 1447 2155 1500 nisi
2184 1447 2236 1500 in
2266 1464 2381 1501 ora-

791 1546 925 1599 tione
964 1553 1010 1599 et
1044 1544 1245 1614 jejunio
1272 1541 1484 1615 (Matth.
1514 1541 1599 1595 l7.
1630 1537 1745 1610 20).
1786 1540 1919 1595 Cum
1964 1541 2140 1610 itaque
2184 1549 2381 1595 nostne

791 1634 977 1688 salutis
1006 1633 1188 1687 hostes
1208 1634 1283 1686 sic
1306 1640 1670 1701 persequatur,
1694 1638 1853 1701 atque
1879 1630 2106 1685 inimicis
2133 1631 2251 1685 vita:
2278 1646 2381 1683 n0-

791 1734 919 1778 stra:
949 1733 1054 1777 tam
1086 1724 1156 1778 sit
1184 1721 1477 1776 timendum
1499 1764 1513 1785 ,
1542 1736 1724 1776 amare
1754 1730 1808 1776 et
1827 1720 2047 1791 diligere
2073 1720 2125 1776 id
2150 1731 2380 1791 Oportet,

794 1828 899 1868 non
930 1812 1118 1869 timere
1148 1829 1162 1865 :
1190 1813 1234 1865 si
1265 1812 1407 1867 enim
1440 1811 1731 1866 timendum
1757 1820 1839 1866 est
1864 1853 1878 1879 ,
1923 1811 2151 1867 ebrietas
2181 1820 2235 1865 et
2262 1826 2381 1865 cra-

792 1904 939 1975 pula,
959 1919 1062 1958 non
1084 1902 1344 1973 jejunium
1372 1902 1545 1957 timeri
1570 1901 1748 1957 debet.
1778 1902 1869 1957 Illa
1890 1902 2149 1972 siquidem
2172 1912 2381 1956 nostras

796 2003 917 2063 post
962 2002 1103 2064 terga
1151 1994 1318 2063 ligans
1361 2007 1568 2058 manus,
1609 1992 1857 2046 vitiorum
1905 1992 2188 2063 tyrannidi,
2222 1992 2382 2046 veluti

795 2084 1004 2138 cuidam
1025 2098 1197 2152 pravae
1216 2082 1467 2147 dominae,
1486 2095 1675 2136 servos
1699 2096 1798 2135 nos
1816 2084 2153 2151 captivosque
2171 2080 2341 2136 reddit
2368 2099 2379 2135 :

793 2174 1051 2244 jejunium
1083 2187 1208 2227 vero
1233 2187 1419 2227 servos
1447 2172 1747 2227 existentes
1773 2187 1870 2225 nos
1897 2181 2055 2241 atque
2086 2171 2272 2239 ligatos
2300 2171 2381 2224 in-

798 2266 1043 2331 veniens,
1060 2264 1269 2319 vincula
1291 2264 1449 2318 solvit
1473 2272 1526 2318 et
1548 2262 1826 2333 tyrannide
1848 2262 2052 2327 liberat,
2079 2264 2387 2332 pristinam-

798 2370 904 2425 que
928 2354 982 2409 in
1009 2355 1302 2410 libertatem
1334 2352 1556 2407 reducit.
1588 2352 1749 2422 Igitur
1776 2353 1989 2422 quando
2017 2354 2258 2408 inimicus
2282 2369 2382 2408 no-

795 2455 937 2500 stros
983 2453 1268 2515 expugnat,
1308 2444 1667 2513 servituteque
1711 2458 1808 2499 nos
1850 2443 2072 2506 liberat,
2115 2454 2275 2514 atque
2319 2444 2385 2498 ad

797 2538 1029 2607 priorem
1052 2537 1255 2592 reducit
1278 2536 1600 2602 libertatem,
1618 2551 1774 2607 quam
1805 2536 1963 2591 aliam
1988 2537 2241 2606 majorem
2267 2538 2385 2605 eius

799 2642 925 2698 erga
956 2637 1195 2682 nostrum
1217 2641 1384 2697 genus
1410 2628 1661 2682 amicitiae
1689 2628 1951 2682 rationem
1982 2628 2254 2697 exquiris?
2284 2628 2381 2682 Et-

804 2721 946 2775 enim
989 2719 1276 2773 maximum
1323 2719 1521 2773 amoris
1556 2718 1809 2775 indicium
1849 2718 1898 2773 id
1939 2734 2059 2774 esse
2088 2719 2312 2783 videtur,
2340 2721 2385 2773 si

802 2811 1016 2867 eosdem
1048 2812 1322 2867 nobiscum
1349 2820 1491 2866 amet
1515 2813 1656 2881 quis,
1683 2821 1736 2866 et
1756 2812 1881 2867 odio
1908 2823 2272 2883 prosequatur.

874 2901 1240 2957 Manaclrorum
1267 2904 1397 2956 laus.
1423 2931 1496 2942 —
1528 2902 1616 2957 Vis
1642 2902 1869 2968 discere,
1896 2913 2124 2973 quantus
2151 2906 2380 2959 homini-

806 2994 903 3048 bus
928 3003 1146 3047 urnatus
1174 2994 1243 3048 sit
1269 2994 1549 3062 jejunium,
1579 3003 1832 3063 quantum
1861 3004 2097 3049 tutamen
2127 3011 2189 3050 ac
2217 3007 2390 3051 custo-

801 3087 923 3142 dia?
948 3087 1226 3143 considera
1252 3088 1459 3142 beatum
1490 3096 1648 3157 atque
1673 3086 1983 3143 admirabile
2006 3089 2384 3144 monachorum

803 3195 991 3248 genus.
1033 3179 1094 3233 lli
1138 3194 1366 3249 namque
1404 3178 1685 3233 tumultum
1713 3179 1890 3234 szeculi
1922 3180 2200 3249 fugientes,
2230 3191 2387 3250 atque

802 3272 867 3327 ad
897 3274 1007 3341 ipsa
1031 3271 1289 3325 montium
1314 3271 1586 3324 cacumina
1606 3280 1901 3337 currentes,
1923 3271 2127 3339 tuguria
2151 3272 2199 3324 in
2218 3273 2384 3327 eremi

801 3363 980 3430 quiete
1029 3361 1185 3415 veluti
1236 3361 1287 3414 in
1337 3360 1621 3429 tranquillo
1662 3360 1891 3430 quodam
1936 3371 2091 3431 portu
2142 3360 2382 3431 ﬁgentes,

802 3453 1060 3523 jejunium
1083 3467 1181 3508 ceu
1207 3452 1515 3506 commercii
1542 3452 1769 3521 vitaeque
1791 3451 1992 3506 socium
2018 3462 2384 3521 susceperunt.

805 3547 981 3613 Quare
1020 3545 1237 3614 angelos
1286 3560 1352 3598 ex
1398 3544 1699 3597 hominibus
1742 3544 1861 3596 illus
1906 3542 2029 3597 fecit
2069 3561 2081 3595 :
2125 3559 2229 3597 non
2272 3544 2390 3597 illus

804 3639 995 3699 modo,
1022 3637 1115 3691 sed
1139 3646 1191 3691 et
1221 3636 1273 3690 in
1302 3635 1518 3690 urbibus
1553 3644 1811 3704 quotquot
1836 3649 1895 3689 se
1924 3635 2210 3689 tolerantes
2238 3635 2387 3689 inve-

806 3730 906 3794 nit,
952 3727 1017 3782 ad
1064 3729 1234 3797 ipsum
1282 3725 1629 3796 phiIOSOphim
1673 3726 1879 3779 culmen
1924 3725 2120 3781 evehit.
2161 3725 2292 3779 Nam
2336 3738 2387 3780 et

807 3819 978 3873 Moses
1022 3828 1076 3873 et
1122 3817 1283 3879 Elias,
1328 3816 1707 3886 pmphetarum
1745 3818 1796 3871 in
1831 3816 2007 3871 Veteri
2045 3815 2389 3872 Testamento

808 3920 1002 3971 turres,
1032 3908 1237 3962 tametsi
1259 3923 1321 3960 ex
1345 3907 1460 3961 aliis
1487 3906 1719 3961 illustres
1738 3907 2018 3976 magnique
2042 3906 2385 3973 haberentur,

809 4015 873 4054 ac
900 3999 1064 4053 multa
1098 3996 1289 4051 fiducia
1317 3995 1633 4065 gauderent;
1678 4005 1854 4050 tamen
1895 3996 1940 4049 si
1978 3996 2189 4065 quando
2224 3997 2389 4051 Deum

810 4088 1058 4144 volebant
1103 4087 1249 4141 adire
1287 4096 1342 4141 et
1384 4086 1600 4156 alloqui,
1633 4094 1885 4156 quantum
1914 4085 2112 4141 homini
2141 4087 2392 4156 possibile

809 4191 948 4245 erat,
979 4179 1045 4235 ad
1076 4179 1176 4235 hoc
1201 4178 1592 4248 confugiebant,
1621 4189 1777 4247 atque
1808 4192 1902 4246 per
1926 4176 2085 4247 hujus
2109 4192 2297 4231 manus
2325 4177 2390 4230 ad

810 4273 975 4327 Deum
997 4272 1343 4327 ducebantur.
1379 4270 1584 4325 Idcirco
1610 4268 1748 4322 Deus
1784 4268 2052 4322 hominem
2076 4282 2106 4321 a
2134 4267 2392 4337 principio

812 4362 1027 4426 faciens,
1060 4362 1197 4417 illico
1227 4361 1457 4417 delatum
1488 4376 1608 4415 eum
1636 4359 1825 4429 jejunii
1850 4359 2094 4413 manibus
2121 4374 2395 4414 commen-

816 4452 978 4516 davit,
1004 4452 1159 4506 veluti
1191 4452 1290 4519 piae
1310 4449 1627 4518 amabilique
1647 4449 1802 4502 matri
1823 4457 1878 4502 et
1896 4449 2160 4519 magistra:
2174 4449 2391 4518 optimm

814 4545 1170 4598 committens.
1200 4541 1330 4597 Nam
1360 4542 1434 4595 Ab
1461 4542 1594 4594 omni
1628 4540 1765 4610 ligno
1799 4541 2023 4607 paradisi
2058 4540 2306 4603 eomedes,
2330 4540 2394 4594 de

812 4635 949 4703 ligno
986 4649 1099 4686 vero
1135 4631 1356 4686 scientite
1378 4631 1496 4684 boni
1515 4641 1560 4683 et
1586 4629 1708 4683 mali
1737 4646 1835 4682 non
1860 4630 2122 4683 comedetis
2156 4630 2306 4699 (Gen.
2333 4634 2388 4688 9..

813 4726 902 4783 ili.
939 4724 1024 4796 l7)
1051 4744 1064 4779 :
1092 4722 1143 4778 id
1168 4722 1375 4793 species
1401 4720 1593 4793 jejunii
1626 4728 1729 4776 est.
1766 4723 1821 4777 Si
1872 4728 2045 4774 autem
2074 4721 2124 4774 in
2149 4721 2394 4789 paradiso

811 4815 1066 4883 jejunium
1113 4814 1472 4869 necessarium
1518 4812 1633 4877 fuit,
1685 4822 1833 4866 extra
1880 4810 2181 4880 paradisum
2228 4812 2395 4865 multo

812 4905 981 4974 magis
1012 4922 1025 4959 :
1051 4903 1095 4957 sl
1134 4914 1257 4958 ante
1294 4904 1501 4973 plagam
1542 4904 1685 4957 utilis
1720 4902 1981 4959 medicina
2008 4902 2200 4968 fuerat,
2230 4902 2395 4957 multo

814 4998 986 5068 magis
1022 5005 1139 5066 post
1166 4996 1371 5066 plagam
1405 5013 1417 5048 :
1450 4996 1495 5049 si
1526 4996 1748 5050 necdum
1778 4996 1914 5051 bello
1939 4995 2281 5065 cupiditatum
2314 4996 2394 5049 in-

812 5100 1064 5161 surgente
1084 5088 1238 5145 nobis
1268 5103 1413 5142 arma
1442 5086 1652 5143 fuerant
1679 5098 1995 5156 opportuna,
2030 5089 2197 5143 multo
2223 5089 2392 5158 magis

816 5192 937 5251 post
965 5191 1165 5237 tantum
1193 5180 1539 5251 cupiditatum
1568 5180 1805 5250 praelium
1833 5196 1859 5233 a
1888 5180 2216 5236 daemonibus
2242 5181 2395 5236 nobis

816 5274 1040 5335 illatum,
1069 5275 1425 5329 necessarium
1468 5273 1622 5329 nobis
1669 5281 1749 5327 est
1792 5272 1975 5341 jejunii
2004 5273 2392 5328 commilitium.

816 5366 872 5420 Si
900 5365 1037 5419 hanc
1057 5365 1289 5421 audisset
1309 5381 1491 5421 vocem
1524 5364 1715 5428 Adam,
1749 5378 2076 5432 nequaquam
2108 5364 2394 5419 secundam

816 5456 1052 5513 audisset
1081 5475 1095 5511 :
1127 5455 1286 5511 Terra
1309 5474 1378 5519 es,
1403 5460 1519 5511 etin
1542 5469 1725 5510 terram
1748 5456 2004 5509 reverteris
2027 5454 2175 5526 (Cen.
2203 5458 2256 5512 5.
2287 5456 2394 5525 19).

816 5552 919 5607 Sed
947 5551 1195 5622 quoniam
1218 5549 1354 5604 hanc
1373 5549 1583 5619 quidem
1608 5560 1969 5620 transgressus
1989 5558 2089 5614 est,
2116 5559 2397 5619 propterea

820 5658 963 5702 mors
991 5652 1047 5698 et
1073 5656 1216 5697 i-urte
1256 5649 1311 5699 et
1346 5656 1599 5696 aerumna:
1640 5649 1693 5695 et
1736 5640 1965 5695 tristitia:
2008 5648 2063 5694 et
2104 5640 2207 5693 vita
2252 5641 2396 5694 omni

821 5744 989 5794 morte
1016 5732 1227 5804 gravior
1256 5752 1269 5787 :
1302 5742 1581 5804 propterea
1612 5732 1779 5802 spinte
1806 5742 1859 5787 et
1889 5732 2087 5796 tribuli,
2114 5741 2395 5805 propterea

820 5825 1024 5887 labores
1053 5837 1104 5884 et
1130 5826 1357 5898 dolores,
1386 5826 1593 5899 vitaque
1620 5825 1873 5897 angustiis
1898 5824 2070 5898 plena.

1488 430 1546 487 8.
1587 428 1864 487 JOANNIS
1899 422 2373 483 CHRYSOSTOMI
2413 422 2725 481 ARCIIIEP.
2765 423 3305 484 CONSTANTINOP.

3960 425 4064 481 308

2547 538 2626 595 De
2654 542 2857 613 jejunio
2894 544 3097 598 [letatur
3139 540 3295 597 Deus.
3355 538 3662 595 Penitentia
3707 541 3921 611 fervens,
3950 544 4065 598 licet

2475 631 2653 699 brevis,
2686 635 2846 689 multa
2871 645 3076 705 peccata
3100 634 3249 688 delet.
3272 662 3313 672 —
3332 663 3345 677 -
3370 630 3560 686 Vidisti
3584 633 3851 700 quomodo
3871 635 4066 688 irasci-

2479 735 2563 780 tur
2590 726 2731 780 Deus
2761 727 2965 796 jejunio
3001 726 3223 797 spreto?
3263 724 3408 781 disce
3449 732 3501 779 et
3542 724 3810 793 quomodo
3853 723 4069 780 lzetatur

2473 816 2673 888 jejunio
2698 816 2980 873 honorato.
3008 816 3463 884 Quemadmodum
3480 813 3621 870 enim
3642 812 3845 883 jejunio
3859 824 4066 883 spreto,

2479 908 2749 980 spernenti
2776 908 3093 977 supplicium
3124 908 3314 964 inﬂixit
3339 916 3562 962 mortem
3592 923 3605 959 :
3637 905 3715 959 sic
3751 904 3943 958 iterum
3973 919 4071 959 eo-

2480 1003 2601 1056 dem
2641 999 2923 1065 honorato,
2955 1001 3023 1054 de
3065 1008 3236 1055 morte
3266 1006 3499 1055 revocat.
3526 997 3657 1053 Nam
3684 1004 3737 1051 et
3758 994 3943 1049 volens
3970 994 4067 1050 tibi

2481 1090 2761 1147 ostendere
2787 1091 2862 1144 rei
2887 1091 3155 1156 virtutem,
3181 1100 3494 1160 potestatem
3521 1088 3618 1160 ipsi
3640 1087 3783 1143 dedit
3803 1095 3924 1155 post
3942 1100 4070 1141 sen-

2484 1186 2725 1249 tentiam,
2754 1190 2874 1252 post
2900 1182 3295 1247 abductionem,
3325 1185 3580 1238 abductos
3606 1182 3672 1237 ad
3701 1190 3926 1237 mortem
3953 1195 4073 1235 me-

2483 1276 2567 1329 dia
2593 1275 2659 1329 de
2688 1274 2770 1328 via
2800 1287 3018 1343 rapere,
3062 1282 3220 1341 atque
3264 1274 3519 1329 reducere
3558 1274 3625 1329 ad
3667 1274 3864 1338 vitam;
3908 1271 4073 1341 idque

2485 1382 2590 1420 non
2620 1366 2671 1420 in
2701 1365 2906 1420 duobus
2938 1363 3191 1428 tribusve,
3220 1372 3311 1417 aut
3332 1365 3514 1435 viginti
3542 1365 3865 1431 hominibus,
3892 1364 3988 1421 sed
4014 1365 4071 1419 in

2486 1457 2733 1511 universo
2760 1455 3104 1510 Ninivitarum
3132 1454 3325 1523 populo
3350 1470 3365 1519 ;
3393 1465 3447 1511 et
3483 1457 3669 1511 urbem
3700 1474 3944 1529 magnam
3971 1457 4073 1513 ad-

2488 1553 2885 1622 mirabilemqne
2922 1566 2985 1605 ac
3026 1550 3251 1622 genibus
3295 1551 3450 1606 ﬂexis
3478 1551 3769 1622 jacentem,
3800 1553 3866 1606 ad
3896 1553 4073 1622 ipsum

2488 1644 2793 1698 barathrum
2820 1644 2930 1714 jam
2961 1644 3300 1699 inclinantem
3318 1654 3496 1714 caput,
3520 1644 3821 1699 venientem
3843 1645 4077 1713 desuper

2489 1734 2693 1804 plagam
2718 1744 3075 1803 accepturam,
3102 1734 3260 1789 veluti
3283 1733 3526 1803 qumdam
3546 1734 3711 1789 virtus
3736 1733 3968 1802 desuper
3987 1734 4080 1787 ad-

2487 1825 2669 1879 volans
2715 1840 2779 1879 ex
2828 1836 2977 1894 porta
3026 1825 3212 1880 mortis
3254 1826 3468 1895 eripuit,
3506 1835 3665 1895 atque
3698 1824 3766 1879 ad
3795 1825 3954 1880 vitam
3984 1840 4076 1881 re-

2489 1913 2658 1969 duxit.
2706 1914 2808 1969 Sed
2855 1916 2899 1968 si
2931 1916 3155 1974 videtur,
3193 1925 3247 1971 et
3269 1918 3436 1987 ipsam
3465 1916 3743 1970 audiamus
3774 1915 4074 1971 historiam.

2491 2005 2708 2061 Factum
2740 2018 2831 2073 est,
2863 2009 3049 2077 inquit,
3080 2010 3279 2063 verbum
3308 2008 3513 2063 Domini
3537 2009 3604 2061 ad
3633 2008 3840 2073 Ionam,
3865 2009 4036 2062 dicens
4058 2022 4078 2062 :

2491 2099 2657 2170 Surge
2680 2111 2727 2153 et
2754 2103 2879 2155 vade
2907 2102 2958 2156 in
2982 2101 3200 2156 Niniven
3226 2102 3474 2155 ciuitatem
3496 2102 3737 2172 grandem
3765 2100 3911 2167 (Jan.
3942 2102 3993 2156 l.
4018 2102 4075 2155 1.

2489 2188 2568 2261 2).
2612 2192 2803 2246 Statim
2833 2208 2898 2246 ex
2931 2193 3042 2263 ipsa
3084 2192 3228 2245 urhis
3268 2192 3629 2261 magnitudine
3658 2193 3770 2245 vult
3797 2192 3941 2245 illum
3974 2190 4077 2245 ﬂc—

2490 2296 2634 2341 ctere
2654 2328 2668 2351 ,
2702 2286 2930 2340 futuram
2960 2284 3255 2355 pra-videns
3284 2284 3555 2353 propheta:
3582 2282 3779 2353 fugam.
3806 2282 3911 2337 Sed
3939 2298 4079 2352 pne-

2490 2377 2807 2433 dicationem
2834 2373 3111 2430 audiamus
3135 2375 3349 2430 :Adltuc
3369 2385 3467 2428 tres
3483 2374 3588 2429 dies
3608 2376 3647 2439 ¹,
3674 2385 3721 2428 et
3750 2372 3934 2427 Ninive
3955 2374 4079 2427 sub-

2490 2477 2702 2522 vertetur
2729 2464 2875 2535 (Jan.
2898 2462 2952 2515 ὅ.
2972 2460 3048 2532 4).
3090 2466 3154 2520 Et
3181 2465 3333 2535 cujus
3359 2465 3435 2519 rei
3465 2464 3630 2534 gratia
3652 2505 3667 2530 ,
3696 2478 3814 2534 qua:
3838 2463 4079 2519 facturus

2490 2574 2547 2612 es
2569 2558 2704 2611 mala
2733 2556 3008 2626 pnndicis?
3053 2556 3118 2613 Ut
3155 2572 3259 2610 non
3298 2554 3485 2611 faciam
3512 2570 3631 2625 quae
3658 2553 3910 2624 prredico.
3941 2553 4079 2608 Pro-

2491 2660 2669 2719 pterea
2688 2657 2744 2703 et
2762 2649 3057 2718 gehennam
3082 2647 3310 2702 minatus
3330 2657 3430 2711 est,
3449 2662 3555 2716 quo
3567 2644 3631 2700 ad
3653 2646 3947 2716 gehennam
3968 2661 4080 2700 non

2490 2742 2733 2796 abducat.
2756 2741 3036 2807 Terreaut,
3054 2741 3342 2811 inquit,vos
3357 2741 3513 2796 verba
3524 2782 3538 2807 ,
3559 2755 3623 2794 nc
3638 2754 3724 2794 res
3734 2739 4075 2795 conturbent.

2489 2833 2652 2903 Cujus
2678 2842 2853 2888 autem
2893 2834 2967 2887 rei
3007 2833 3171 2902 gratia
3218 2831 3535 2902 praefinitum
3587 2832 3814 2900 spatium
3855 2831 3921 2885 ad
3967 2841 4075 2886 tam

2492 2925 2651 2980 breve
2679 2934 2884 2995 tempus
2912 2924 3149 2995 redegit?
3174 2925 3289 2993 Quo
3319 2934 3373 2979 et
3393 2924 3736 2978 barbarorum
3765 2924 3940 2979 discas
3968 2925 4077 2979 vir-

2492 3026 2679 3081 tutem,
2709 3017 2827 3071 dico
2847 3027 3022 3070 autem
3050 3016 3424 3078 Ninivitarum,
3449 3013 3538 3083 qui
3566 3014 3732 3069 tribus
3755 3014 3940 3068 diebus
3962 3024 4080 3067 tan-

2493 3119 2597 3160 tam
2633 3118 2967 3176 pecvatorum
3014 3107 3146 3161 iram
3190 3107 3397 3161 solvere
3427 3114 3709 3175 potuerunt
3742 3123 3753 3157 :
3786 3115 3944 3174 atque
3983 3106 4078 3159 Dei

2491 3200 2829 3254 clementiam
2855 3200 3156 3265 admireris,
3190 3198 3344 3251 trium
3374 3197 3577 3251 dierum
3609 3198 3917 3266 paenitentia
3944 3210 4079 3251 con-

2492 3290 2623 3343 tenti
2652 3299 2727 3344 t0t
2757 3305 2852 3358 pro
2883 3289 3112 3358 peccatis
3145 3306 3157 3341 :
3189 3298 3350 3356 tuque
3392 3286 3764 3355 desperatione
3805 3301 3909 3339 non
3950 3300 4079 3339 coro

2494 3395 2652 3445 ruas,
2695 3382 2793 3434 etsi
2839 3380 3032 3434 millies
3072 3379 3394 3448 peccaveris.
3438 3375 3894 3445 Quemadmodum
3932 3376 4078 3430 enim

2494 3472 2670 3525 anima
2698 3470 2953 3540 pigritans
2991 3478 3150 3539 atque
3192 3470 3480 3539 negligens,
3507 3482 3823 3538 quamquam
3851 3466 4078 3521 multum

2495 3566 2561 3620 ad
2589 3566 2951 3635 paenitentiam
2984 3565 3235 3633 temporis
3263 3563 3503 3634 accipiat,
3525 3562 3654 3617 nihil
3686 3569 3937 3630 operatur
3965 3574 4078 3612 ma-

2492 3673 2675 3727 gnum,
2709 3672 2880 3727 neque
2907 3656 3009 3711 sibi
3050 3656 3149 3727 ipsi
3194 3656 3362 3711 Deum
3401 3653 3649 3710 conciliat
3676 3652 3745 3706 ob
3772 3650 4029 3707 desidiam
4060 3667 4075 3703 :

2493 3751 2569 3803 sic
2612 3750 2700 3819 qui
2751 3750 3023 3818 proposito
3064 3747 3250 3812 fervet,
3280 3756 3441 3818 atque
3480 3747 3643 3801 multa
3685 3760 3807 3800 cum
3847 3744 4078 3814 diligen-

2496 3842 2565 3893 tia
2613 3840 2978 3910 paruitentiam
3017 3839 3250 3895 ostendit
3277 3880 3291 3904 ,
3322 3839 3467 3893 brevi
3511 3837 3762 3906 temporis
3799 3845 4073 3890 momento

2496 3933 2717 4003 longaevi
2786 3934 3040 4003 temporis
3103 3942 3316 4002 peccata
3384 3931 3567 3985 delere
3617 3929 3829 3999 poterit.
3886 3928 4076 3982 Nonne

2496 4026 2652 4080 tertio
2690 4026 2878 4081 Petrus
2917 4024 3160 4094 negavit?
3200 4037 3376 4076 nonne
3407 4022 3563 4076 tertio
3588 4035 3708 4074 cum
3737 4020 4081 4088 jurameuto?

2496 4131 2671 4171 nonne
2699 4116 2815 4168 vilis
2842 4114 3117 4183 cujusdam
3158 4111 3364 4166 ancilla:
3406 4111 3566 4165 verba
3618 4109 3809 4164 timens
3865 4108 4079 4179 (Matth.

2494 4208 2584 4263 ‘26.
2631 4206 2719 4262 69.
2761 4205 2907 4275 70)?
2951 4204 3088 4271 Quid
3131 4204 3295 4272 ergo?
3332 4201 3635 4272 oportuitne
3670 4202 3815 4254 illum
3857 4200 3923 4255 ad
3966 4215 4082 4270 poe-

2497 4298 2771 4352 nitentiam
2827 4294 3023 4349 mulos
3077 4308 3245 4347 annos
3301 4292 3513 4346 terere?
3554 4289 3934 4359 Nequaquam,
3985 4289 4082 4345 sed

2495 4388 2682 4442 eadem
2709 4394 2864 4440 nocte
2889 4383 3068 4453 lapsus
3098 4390 3180 4436 est
3206 4390 3260 4435 et
3283 4389 3492 4436 erectus
3516 4422 3530 4447 ,
3562 4379 3858 4449 vulnusque
3882 4389 3938 4435 et
3959 4394 4078 4433 me-

2496 4478 2725 4533 dicinam
2760 4474 2965 4543 accepit
3001 4491 3014 4526 :
3045 4472 3319 4543 argrotavit
3341 4514 3355 4537 ,
3385 4481 3545 4542 atque
3568 4472 3634 4524 ad
3663 4472 3893 4541 priorem
3923 4471 4083 4525 rediit

2498 4568 2799 4622 sanitatem.
2845 4563 3083 4634 Qualiter
3128 4574 3181 4617 et
3220 4562 3524 4633 quomodo?
3572 4562 3729 4615 Flens
3771 4570 3825 4615 et
3871 4561 4081 4630 lugens,

2498 4659 2607 4713 imo
2629 4672 2735 4711 non
2758 4655 2915 4708 modo
2942 4654 3095 4719 ﬂens,
3120 4655 3210 4710 sed
3234 4656 3397 4708 multo
3421 4670 3540 4707 cum
3564 4650 3736 4706 studio
3760 4659 3814 4704 et
3842 4650 4029 4705 aﬂ‘ectu
4061 4667 4079 4708 :

2500 4758 2778 4820 prOptcrea
2801 4746 3121 4816 evangelista
3150 4761 3251 4800 non
3279 4746 3411 4800 dixit
3431 4743 3679 4813 quoniam
3710 4742 3879 4795 solum
3901 4742 4079 4808 ﬂevit;

2498 4842 2591 4896 sed
2619 4882 2632 4904 ,
2688 4838 2848 4893 Flevit
2913 4856 3085 4893 amare
3137 4837 3295 4913 (Ibid.
3330 4856 3379 4893 υ.
3420 4835 3546 4905 75).
3577 4834 3642 4888 Et
3666 4834 3855 4903 qualis,
3887 4833 4079 4905 inquit,

2500 4945 2804 5005 quantaque
2830 4933 2984 4988 fuerit
3014 4934 3363 5005 lacrymarum
3386 4930 3485 4995 vis,
3518 4941 3697 4982 sermo
3727 4927 3897 4983 nullus
3927 4938 4080 4997 pote-

2498 5028 2568 5082 rit
2618 5028 2885 5095 explicare
2923 5044 2936 5081 :
2974 5026 3084 5097 ipse
3134 5036 3311 5080 autem
3358 5035 3535 5075 rerum
3578 5020 3755 5075 exitus
3801 5019 4083 5074 manifeste

2499 5119 2748 5174 ostendit.
2777 5119 2985 5175 Etenim
3009 5132 3224 5190 gravem
3253 5122 3372 5185 post
3399 5112 3546 5167 illum
3569 5126 3778 5177 casum;
3808 5128 3928 5167 nam
3958 5111 4081 5164 nul-

2499 5214 2610 5267 lum
2655 5211 2920 5280 negationi
2963 5227 3061 5281 par
3103 5208 3298 5263 malum
3334 5202 3467 5259 :sed
3501 5211 3673 5258 tamen
3714 5214 3834 5273 post
3876 5208 4078 5256 tantum

2502 5304 2717 5367 malum,
2753 5304 2939 5357 iterum
2962 5318 3082 5359 eum
3104 5300 3168 5355 ad
3192 5299 3422 5369 priorem
3454 5295 3705 5351 honorem
3728 5294 3950 5357 revexit,
3980 5290 4084 5344 Ec-

2501 5399 2678 5454 clesia:
2707 5397 3075 5469 praefecturam
3114 5392 3211 5463 ipsi
3241 5404 3335 5461 per
3355 5390 3655 5444 universum
3688 5385 3941 5442 mundum
3969 5393 4081 5434 tra-

2498 5490 2631 5546 didit
2665 5507 2679 5544 :
2706 5490 2955 5562 quodque
2978 5486 3213 5539 omnium
3245 5490 3326 5536 est
3352 5480 3648 5545 sublimius,
3678 5474 3909 5533 ostendit
3929 5470 4081 5524 nobis

2565 5652 2579 5680 ¹
2617 5648 2690 5696 sic
2702 5645 2882 5714 legitur
2905 5656 2933 5692 a
2958 5640 3125 5714 primis
3142 5634 3373 5714 ecclesias
3384 5634 3574 5714 steculis
3591 5635 3649 5714 iJn_

2502 5684 2933 5770 bus."{-I.i;3if;;'uz
2959 5684 3267 5770 teriam,
3290 5684 4081 5770 natiue:‘quadrqgintg‘gictﬁﬁtﬁ

2500 5743 3884 5831 machaera"insignissimae."usus..."manu,
3924 5743 4089 5797 adhuc

2502 5821 2825 5907 quddrugi'tta
2852 5836 2947 5877 tres
2972 5823 3111 5886 dies;
3134 5821 3219 5874 sed
3241 5822 3433 5874 labitur.
