4408 6674
157 384 264 438 307

157 503 377 559 τίθεται
414 501 703 575 ῥαθυμίαν,
724 503 815 555 καὶ
843 501 901 553 ἐν
925 498 1126 551 πλείονι
1157 492 1480 546 καθίσταται
1513 494 1577 563 τῇ
1612 489 1835 559 σπουδῇ.

1388 374 1477 430 DE
1515 368 1992 430 ΗΕΝΠΕΝΤΙΑ.
2026 371 2258 429 IIOMIL.
2298 375 2364 431 ν.

3514 382 3617 440 508

1946 486 2107 541 τοῦτο
2143 490 2374 544 ἄκανθαι
2404 491 2495 543 καὶ
2518 491 2776 562 τρίϐολοι,
2814 492 2904 547 διά
2932 493 3089 550 τοῦτο
3120 496 3270 551 πόνοι
3302 498 3398 554 καὶ⁸
3429 499 3614 570 ὠδῖνες

249 591 416 644 Ἀλλά
580 592 821 662 πτήξητε
865 585 1093 656 φοϐερὸν
1142 582 1377 652 ἄρχοντα
1430 579 1527 651 τὴν
1585 578 1841 644 νηστείαν
1945 573 2039 625 καὶ
2060 573 2182 662 ᾲβίος
2206 574 2522 646 ἐπίμοχθος.

156 680 522 743 ἀκούσαντες·
559 680 620 733 οὐ
646 680 755 748 γὰρ
781 679 911 746 ἡμῖν
940 676 1064 767 ἐστι.
1085 668 1310 767 φοϐερά,
1336 668 1582 767 mag-9’
1596 666 1705 719 τῶν
1720 665 1838 767 δαιί

160 768 349 837 μόνων
384 768 563 838 φύσει.
613 768 737 820 Ἐάν
784 753 1290 832 σεληνιαζόμενοςῇ
1336 774 1444 823 τις,
1474 754 1645 818 δεῖξον
1689 753 1840 821 αύτῷ

154 857 419 926 νηστείας
446 857 753 928 πρόσωπον.
790 849 883 903 καὶ
907 847 1018 899 τῶν
1045 847 1206 941 λίθων
1243 845 1420 941 αὐτῶν
1446 840 1737 941 ἀκινητότε
1748 857 1836 911 ρος

156 944 317 1011 μένει
348 944 427 1013 τῷ
475 942 623 1011 φόϐῳ
674 934 1038 1007 πηγνύμενος,
1086 935 1180 987 καὶ
1230 933 1481 1000 καθάπερ
1520 931 1705 1000 δεσμῷ
1732 946 1836 982 τινι

153 1033 548 1103 κατεχόμενος,
585 1028 678 1081 καὶ
704 1023 937 1096 μάλιστα
966 1024 1092 1077 ὅταν
1134 1023 1217 1092 ίδῃ
1265 1023 1330 1091 τῇ
1367 1018 1589 1089 νηστεία
1633 1017 1836 1089 συμϐε-

153 1118 443 1189 ϐλημένην
472 1117 569 1185 τὴν
603 1111 840 1181 ἀδελφὴν
869 1111 967 1179 τῆς
986 1109 1238 1205 νηστείας
1272 1104 1681 1205 καὶύμόςυγον,
1734 1111 1834 1205 τὴν

150 1208 345 1276 εὐχήν.
381 1204 479 1257 Διά
515 1200 671 1255 τοῦτο
703 1200 795 1253 καὶ
834 1201 862 1252 6
889 1198 1121 1269 Χριστός
1161 1213 1314 1267 φησι’
1350 1194 1421 1250 Τὸ
1454 1196 1627 1265 γένος
1657 1195 1833 1249 τοῦτο

150 1298 269 1347 οὐκ
327 1292 656 1359 ἐξέρχεται,
691 1290 744 1341 εί
786 1286 873 1357 μὴ
916 1287 986 1340 ἐν
1028 1284 1341 1355 προσευχῇ
1396 1285 1495 1339 καί
1553 1284 1828 1351 νηστείᾳ.

150 1381 331 1433 Ὅταν
357 1375 451 1431 οὖν
493 1377 617 1441 τοὺς
661 1373 951 1445 πολεμίους
989 1375 1085 1445 τῆς
1131 1374 1405 1445 σωτηρίας
1434 1374 1533 1443 τῆς
1555 1373 1831 1443 ἡμετέρας

147 1466 334 1529 οὕτως
356 1463 576 1534 ἐλαύνῃ,
606 1463 700 1517 καὶ
733 1466 844 1527 τοῖς
871 1462 1083 1533 ἐχθροῖς
1111 1462 1207 1532 τῆς
1234 1461 1379 1532 ζωῆς
1408 1461 1568 1530 ἡμῶν
1596 1460 1768 1522 οὕτως

147 1552 389 1623 φοϐερά,
430 1551 602 1620 φιλεῖν
647 1551 817 1622 αὐτὴν
850 1550 943 1604 καὶ
988 1548 1352 1614 ἀσπάζεσθαι,
1384 1550 1507 1617 οὐχὶ
1533 1548 1831 1601 δεδοικέναι

148 1642 284 1711 χρή·
312 1642 362 1693 εί
406 1640 514 1710 γὰρ
545 1638 822 1709 φοϐεῖσθαι
867 1640 948 1693 δεῖ
988 1637 1158 1709 μέθην
1194 1638 1289 1691 καὶ
1320 1635 1653 1704 ἀδηφαγίαν,
1712 1633 1833 1702 οὐχὶ

146 1728 411 1798 νηστείαν
438 1726 718 1795 φοϐεῖσθαι
752 1727 879 1798 χρή.
916 1726 1127 1795 Ἐκείνη
1152 1726 1249 1795 μὲν
1273 1723 1382 1793 γάρ
1402 1722 1577 1774 ὀπίσω
1606 1720 1705 1784 τὰς
1722 1724 1834 1790 χεῖ·

149 1832 258 1886 ρας
314 1814 470 1884 ἡμῶν
506 1815 737 1886 δήσασα,
787 1815 853 1883 τῇ
888 1811 1159 1881 τυραννίδι
1185 1810 1291 1862 τῶν
1340 1808 1548 1870 παθῶν,
1578 1808 1830 1879 καθάπερ

144 1904 257 1954 τινὶ
303 1902 558 1973 δεσποίνῃ
612 1902 846 1971 χαλεπῇ,
887 1899 1105 1960 δούλους
1139 1899 1232 1950 καὶ
1274 1894 1654 1967 αἰχμαλώτους
1686 1897 1830 1950 ἐκδί-

143 1989 334 2040 δωσιν·
375 1991 408 2058 ἡ
429 1988 484 2039 δὲ
507 1988 731 2057 νηστεία
752 1985 905 2058 [510]
932 1984 1282 2046 δουλεύοντας
1314 1985 1463 2053 ἡμᾶς
1485 1983 1578 2036 καὶ
1608 1982 1830 2054 δεδεμέ-

146 2096 277 2141 νους
329 2077 586 2146 εὑροῦσα,
624 2077 809 2146 ἀνίησι
836 2074 946 2127 τῶν
985 2072 1222 2143 δεσμῶν,
1252 2073 1586 2127 ἀπαλλάττει
1614 2072 1714 2142 τῆς
1735 2090 1829 2126 τυ·-

148 2166 419 2235 ραννίδος,
444 2165 541 2217 καὶ
572 2164 708 2235 πρὸς
737 2163 833 2233 τὴν
865 2161 1181 2233 ἐλευθερίαν
1207 2162 1470 2229 ἐπανάγει
1499 2160 1599 2230 τὴν
1629 2162 1828 2231 προτέ-

149 2272 277 2324 ραν.
318 2252 489 2306 Ὅταν
516 2247 610 2304 οὖν
643 2252 736 2305 καὶ
772 2253 884 2313 τοῖς
908 2248 1121 2320 ἐχθροῖς
1143 2251 1176 2319 ἡ
1186 2249 1301 2319 μῶν
1329 2249 1561 2319 πολεμῇ,
1590 2249 1682 2302 καὶ
1710 2249 1830 2301 δου-

143 2340 302 2402 λείας
333 2338 669 2409 άπαλλάττῃ,
704 2338 799 2391 καὶ
833 2337 968 2407 πρὸς
1009 2334 1322 2406 ἐλευθερίαν
1352 2336 1624 2406 ἐπανάγῃ,
1668 2335 1827 2388 ποίαν

149 2428 347 2497 ἑτέραν
378 2424 599 2495 μείζονα
626 2424 808 2492 ζητεῖς
851 2421 1125 2486 ἀπόδειξιν
1151 2422 1250 2492 τῆς
1277 2422 1458 2489 φίλιας
1496 2421 1686 2485 αὐτοῦ,
1728 2423 1827 2492 τῆς

142 2514 287 2583 πρὸς
312 2514 375 2565 τὸ
402 2514 557 2580 γένος
582 2512 642 2564 τὸ
677 2511 976 2581 ἡμέτερον;
1005 2510 1252 2581 Μεγίστη
1281 2510 1388 2579 γὰρ
1415 2509 1594 2577 φιλίας
1612 2509 1828 2562 ἀπόδει-

143 2601 229 2665 ξις
257 2597 400 2654 εἶναι
424 2600 573 2653 δοκεί
598 2599 660 2652 τὸ
688 2600 817 2662 τοὺς
841 2599 1038 2661 αὐτοὺς
1072 2599 1201 2668 ἡμῖν
1224 2597 1399 2665 φιλεῖν
1438 2596 1531 2650 καὶ
1562 2600 1761 2666 μισεῖν.

218 2740 413 2793 Βούλει
447 2739 799 2809 μαθεῖν,ὃσος
834 2739 1037 2808 κόσμος
1068 2737 1376 2809 ἀνθρώποις
1406 2740 1438 2810 ἡ
1468 2741 1824 2812 νηστεία,ὄση

141 2827 367 2897 φυλακὴ
432 2827 527 2879 καὶ
577 2825 886 2894 ἀσφάλεια;
951 2826 1203 2895 ἐννόησόν
1281 2843 1372 2896 μοι
1440 2826 1502 2879 τὸ
1554 2828 1824 2899 μακάριον

143 2916 243 2967 καὶ
277 2913 593 2983 θαυμαστὸν
626 2913 735 2965 τῶν
775 2911 1119 2982 μοναζὸντων
1148 2912 1324 2980 γένος.
1365 2906 1526 2967 Οὗτοι
1560 2916 1668 2988 γὰρ
1696 2920 1826 2981 τοὺς

140 3004 202 3052 ἐν
229 3001 384 3068 μέσκρ
414 2998 676 3069 θορύϐους
706 3000 991 3068 φυγόντες,
1021 3001 1117 3052 καὶ
1153 2999 1288 3070 πρὸς
1314 3000 1411 3065 τὰς
1444 3002 1690 3072 κορυφὰς
1716 3005 1824 3058 τῶν

140 3086 321 3154 ὀρέων
363 3086 766 3154 ἀναδραμόντες
787 3126 801 3145 ,
832 3087 926 3139 καὶ
961 3086 1059 3149 τὰς
1095 3085 1336 3149 καλύϐας
1371 3088 1430 3137 ἐν
1465 3090 1531 3157 τῇ
1560 3089 1660 3159 τῆς
1692 3091 1825 3161 ἐρη-

142 3173 277 3243 μίας
310 3172 535 3242 ἡσυχία,
572 3172 825 3243 καθάπερ
856 3174 914 3226 ἐν
949 3172 1193 3242 εὐδιεινῷ
1225 3190 1329 3225 τινι
1355 3173 1538 3243 λιμένι
1577 3178 1826 3247 πηξάμε-

138 3278 243 3323 νοι,
274 3258 483 3327 ταύτην
528 3257 867 3329 συνέμπορον
894 3260 989 3311 καὶ
1024 3260 1385 3325 συγκοινωνὸν
1413 3260 1507 3313 τοῦ
1539 3261 1656 3330 βίου
1691 3281 1825 3317 παν-

136 3346 230 3411 26;
268 3345 480 3397 ἔλαϐον.
530 3342 831 3414 Τοιγαροῦν
868 3345 961 3398 καὶ
995 3345 1260 3413 ἀγγέλους
1290 3346 1486 3409 αὐτοὺς
1514 3348 1573 3412 ἐξ
1614 3349 1824 3421 ἀνθρὼ⁶

139 3452 263 3486 πων
296 3432 576 3501 ἐποίησεν,
611 3433 711 3485 οὐκ
738 3431 979 3495 ἐκείνους
1000 3432 1055 3485 δέ
1084 3433 1303 3504 μόνους,
1334 3434 1471 3487 ἀλλά
1495 3437 1589 3488 καὶ
1611 3438 1669 3488 ἐν
1701 3442 1822 3501 ταῖς

138 3522 369 3574 πόλεσιν
398 3523 554 3581 ὅσους
590 3519 656 3572 ἂν
681 3518 816 3591 ε’ύρῃ
866 3521 1256 3591 προσιεμένους
1290 3522 1481 3592 αὐτὴν,
1515 3524 1650 3594 πρὸς
1689 3526 1822 3579 αὐτὸ

136 3609 241 3678 τῆς
279 3606 604 3675 φιλοσοφίας
651 3606 842 3673 ἀνάγει
874 3607 936 3658 τὸ
970 3605 1122 3675 ὕψος.
1166 3608 1276 3661 Καὶ
1300 3608 1408 3680 γὰρ
1451 3611 1694 3681 Μωῦσῆς
1728 3614 1823 3667 καὶ

149 3704 368 3765 Ἠλίας,
394 3702 446 3754 οί
485 3700 685 3771 πύργοι
718 3701 827 3754 τῶν
869 3703 926 3753 ἐν
959 3705 1023 3772 τῇ
1056 3702 1269 3773 Παλαιᾷ
1307 3706 1821 3776 προφητῶν,καίτοι

135 3792 235 3843 καὶ
264 3789 376 3844 ἀπὸ
390 3788 498 3842 τῶν
522 3789 698 3844 ἄλλων
730 3789 882 3853 ὄντες
910 3789 1153 3860 λαμπροὶ
1180 3791 1273 3844 καὶ
1299 3793 1542 3861 μεγάλοι,
1564 3796 1657 3849 καὶ
1693 3797 1823 3850 πολ-

134 3880 237 3948 λὴν
286 3878 507 3947 ἔχοντες
552 3877 889 3948 παρρησίαν,
917 3877 1005 3929 ὅτε
1043 3876 1328 3931 ἐϐούλοντο
1381 3880 1704 3950 προσελθεῖν
1745 3886 1822 3957 τῷ

134 3966 260 4036 Θεῷ
301 3967 398 4018 καὶ
438 3963 817 4033 διαλεχθῆναι,
851 3963 926 4023 ῶς
977 3962 1250 4035 ἀνθρώπῳ
1292 3965 1516 4021 δυνατὸν
1545 3965 1649 4040 ἦν,
1684 3973 1822 4043 πρὸς

131 4048 348 4118 ταύτην
380 4046 687 4115 κατέφυγον
708 4087 723 4113 ,
756 4046 850 4099 καὶ
882 4045 969 4098 διὰ
998 4046 1106 4100 τῶν
1138 4047 1345 4119 ταύτης
1372 4051 1525 4122 αὐτῷ
1553 4057 1823 4125 προσεφέ-

133 4153 298 4205 ροντο
328 4133 548 4205 χειρῶν,
576 4132 677 4187 Διά
702 4133 862 4187 τοῦτο
893 4133 988 4188 καὶ
1012 4134 1041 4187 6
1065 4133 1196 4199 Θεὸς
1216 4135 1308 4189 τὸν
1334 4138 1620 4209 ἄνθρωπον
1652 4146 1820 4199 ποιῶν

133 4227 194 4290 ἐξ
226 4225 431 4296 ἀρχῆς,
453 4223 654 4287 εὐθέως
679 4224 842 4277 αὐτὸν
870 4226 988 4288 ταῖς
1012 4224 1114 4295 τῆς
1140 4225 1395 4297 νηστείας
1424 4228 1606 4301 φέρων
1641 4247 1820 4305 παρα-

131 4312 406 4367 κατέθετο
436 4310 645 4382 χερσὶν,
677 4309 869 4382 ὥσπερ
904 4312 1245 4384 φιλοστόργῳ
1276 4314 1447 4386 μητρὶ
1486 4319 1579 4371 καὶ
1617 4320 1816 4395 ἀρίστῃ

129 4398 447 4467 διδασκάλῳ
472 4396 572 4466 τὴν
619 4396 828 4449 ἐκείνου
869 4399 1144 4470 σωτηρίαν
1188 4403 1510 4472 ἐγχειρίζων
1555 4408 1714 4479 αὐτῇ.
1744 4410 1819 4462 Τὸ

129 4489 265 4559 γὰρ,
315 4486 459 4540 Ἀπὸ
502 4483 727 4550 παντὸς
767 4484 959 4549 ξύλου
995 4486 1100 4541 τοῦ
1139 4488 1511 4557 παραδείσου
1542 4496 1817 4565 ιβρώσει

129 4572 323 4644 φανῇ.
360 4571 480 4626 ἀπ’)
512 4569 579 4622 δὲ
608 4570 712 4623 τοῦ
744 4572 935 4635 ξύλου
983 4573 1091 4628 τοῦ
1133 4574 1453 4644 γινώσκειν
1496 4582 1691 4636 καλὸν
1714 4586 1811 4638 καὶ

128 4659 409 4729 goranr
438 4662 510 4713 οὐ
563 4657 859 4727 φάγεσθε·
903 4661 1157 4733 νηστείας
1196 4660 1337 4728 εἶδός
1364 4668 1533 4722 ἐστιν.
1572 4671 1635 4725 El
1670 4672 1726 4726 δὲ
1752 4675 1811 4726 ἐν

132 4749 454 4823 παραδείσῳ
478 4749 751 4815 ἀναγκαία
775 4751 807 4818 ἡ
834 4752 1077 4821 νηστεία,
1102 4753 1282 4826 πολλῷ
1309 4756 1515 4826 μᾶλλον
1537 4760 1695 4824 ἐκτὸς
1712 4762 1807 4816 τοῦ

128 4836 471 4908 παραδείσου
506 4850 520 4865 ·
554 4836 604 4887 εί
636 4835 747 4905 πρὸ
779 4837 876 4909 τῆς
926 4839 1141 4910 πληγῆς
1173 4844 1443 4915 χρήσιμον
1484 4846 1546 4898 τὸ
1591 4846 1808 4920 φάρμα-

126 4942 250 4987 κον,
295 4921 480 4990 πολλῷ
525 4920 724 4992 μᾶλλον
762 4925 903 4993 μετά
944 4927 1044 4997 τὴν
1082 4928 1328 4998 πληγήν·
1361 4932 1409 4983 εί
1457 4933 1683 5002 μηδέπω
1711 4938 1805 4991 τοῦ

126 5012 375 5083 πολέμου
404 5007 511 5062 τῶν
544 5007 850 5078 ἐπιθυμιῶν
876 5013 1205 5078 ἀναστάντος
1240 5016 1544 5086 ἐπιτήδειον
1575 5022 1709 5092 ἡμῖν
1746 5026 1807 5078 τὸ

124 5098 296 5152 ὅπλον
338 5091 428 5168 ἦν,
458 5094 634 5165 πολλῴ
674 5097 874 5165 μᾶλλον
906 5100 1046 5169 μετά
1070 5102 1168 5173 τὴν
1194 5102 1465 5174 τοσαύτην
1494 5106 1675 5178 μάχην
1705 5112 1806 5183 τὴν

122 5187 237 5239 ἀπὸ
269 5184 383 5238 τῶν
412 5182 717 5251 ἐπιθυμιῶν
738 5222 753 5246 ,
776 5184 875 5255 τὴν
904 5188 1010 5241 ἀπὸ
1039 5188 1147 5242 τῶν
1191 5188 1462 5259 δαιμόνων
1481 5234 1497 5257 ,
1523 5194 1801 5265 ἀναγκαία

123 5276 157 5344 η
191 5272 349 5344 παρὰ
378 5272 476 5342 τῆς
499 5268 751 5339 νηστείας
797 5275 1105 5344 συμμαχία.
1138 5275 1197 5329 EE
1232 5276 1433 5347 ταύτης
1458 5279 1660 5349 ἢκουσε
1703 5287 1803 5356 τῆς

122 5363 315 5431 φωνῆς
350 5360 379 5410 6
416 5357 605 5428 Ἀδὰμ,
638 5356 736 5409 οὐκ
769 5356 834 5410 ἂν
863 5359 1061 5428 ἢκουσε
1088 5364 1184 5434 τῆς
1215 5363 1471 5437 δευτέρας
1490 5366 1589 5438 τῆς
1612 5368 1801 5439 λεγού-

122 5465 254 5518 σης·
277 5443 371 5514 Γῆ
392 5441 465 5510 εἷ,
494 5443 590 5497 καί
611 5445 697 5510 είς
719 5442 837 5513 γῆν
859 5445 1170 5519 ἀπελεύσῃ
1199 5470 1213 5484 ο
1239 5452 1354 5507 ἀλλ’
1376 5453 1563 5525 ἐπειδὴ
1593 5458 1797 5531 ταύτης

120 5539 471 5608 παρήκουσε,
507 5534 595 5588 διὰ
621 5532 777 5587 τοῦτο
805 5533 1032 5601 θάνατος
1070 5543 1162 5594 καὶ
1196 5542 1476 5613 φροντίδες
1517 5546 1610 5597 καὶ
1644 5548 1796 5603 πόνοι

121 5624 220 5679 καὶ
271 5623 502 5695 ἀθυμίαι
549 5623 641 5677 καὶ
683 5620 797 5694 ζωὴ
840 5621 1070 5679 θανάτου
1121 5631 1320 5695 παντὸς
1370 5630 1675 5705 βαρυτέρα·
1707 5634 1793 5691 διὰ

182 5775 210 5803 ⁸
241 5784 378 5835 Unus
412 5787 591 5850 Regius
614 5792 669 5839 el.
690 5786 837 5839 εει-η.
870 5784 954 5835 τοῦ
976 5787 1022 5837 ἐν
1042 5790 1109 5856 τῷ
1134 5792 1424 5855 παραδείσῳ.

2016 658 2171 726 Εἶδες
2208 664 2325 728 πῶς
2355 666 2384 717 6
2413 664 2545 728 Θεὸς
2584 668 2883 733 ἀγανακτεῖ
2912 673 3169 743 νηστείας
3206 671 3570 746 ὑϐριζομένης
3599 694 3614 740 ς

1944 747 2083 815 μάθε
2113 752 2207 803 καὶ
2234 751 2351 814 πῶς
2378 752 2725 823 εὐφραίνεται
2757 759 3009 825 νηστείας
3045 762 3385 833 τιμωμένης.
3408 762 3619 836 Ὠσπερ

1940 836 2047 907 γὰρ
2071 837 2426 908 ὑϐρισθείσης
2460 841 2630 912 αὐτῆς
2660 842 2893 898 θάνατον
2939 848 3178 918 ἐπέθηκε
3220 848 3297 920 τῷ
3331 848 3617 920 ὑϐρίσαντι

1936 920 1998 973 τὸ
2043 923 2353 992 ἐπιτίμιον,
2399 924 2543 979 οὕτω
2593 928 2756 981 πάλιν
2792 931 3116 1003 τιμηθείσης
3163 934 3337 1005 αὐτῆς
3384 934 3618 990 θάνατον

1937 1007 2324 1066 ἀνεκαλέσατο.
2367 1013 2476 1066 Καὶ
2514 1014 2624 1085 γάρ
2652 1014 2978 1087 βουλόμενός
3016 1036 3098 1072 σοι
3131 1020 3302 1085 δεῖξαι
3330 1022 3425 1076 τοῦ
3471 1024 3616 1094 πρά-

1938 1108 2151 1161 γματος
2179 1095 2280 1166 τὴν
2326 1097 2577 1169 δύναμιν,
2614 1100 2817 1154 ἔδωκεν
2846 1100 3099 1167 ἐξουσίαν
3132 1106 3269 1176 αὐτῇ
3308 1108 3450 1175 μετά
3481 1110 3617 1162 ἀπό-

1937 1196 2123 1248 φασιν,
2153 1184 2291 1252 μετά
2339 1186 2662 1259 ἀπαγωγὴν,
2693 1192 2822 1254 τοὺς
2853 1193 3237 1263 ἀπαγομένους
3268 1194 3367 1264 τὴν
3395 1194 3487 1247 ἐπὶ
3516 1196 3614 1249 θά-

1938 1284 2097 1321 νατον
2126 1271 2189 1322 ἐκ
2218 1271 2389 1342 μέσης
2415 1274 2727 1345 ἀναρπάσαι
2749 1278 2848 1347 τῆς
2868 1279 3012 1343 ὁδοῦ,
3038 1281 3285 1353 καὶπρὸς
3312 1281 3457 1353 ζωὴν
3480 1299 3612 1352 μετ-

1933 1358 2193 1425 αγαγεῖν·
2226 1358 2319 1411 καὶ
2354 1358 2512 1413 τοῦτο
2538 1363 2638 1415 οὐκ
2669 1364 2760 1416 ἐπὶ
2794 1365 2906 1430 δύο,
2944 1367 2977 1437 ἢ
3007 1369 3102 1421 καλ⁸
3130 1369 3296 1439 τριῶν
3331 1372 3427 1423 καὶ
3464 1370 3610 1423 εἶκο-

1936 1459 2022 1494 σιν
2050 1442 2353 1517 ἀνθρώπων
2388 1447 2665 1519 ἐποίησεν,
2697 1450 2832 1504 ἀλλά
2862 1452 2956 1505 καὶ
2980 1453 3147 1524 δῆμον
3171 1457 3485 1528 ὀλόκληρον,
3513 1457 3612 1529 τὴν

1933 1529 2040 1581 τῶν
2072 1532 2374 1587 Νινευῖτῶν
2404 1535 2555 1590 πόλιν
2587 1538 2832 1610 μεγάλην
2872 1541 2967 1594 καὶ
3003 1539 3323 1613 θαυμαστὴν
3360 1545 3453 1597 ἐπὶ
3480 1545 3608 1613 γόνυ

1935 1620 2213 1689 κειμένην,
2238 1625 2369 1693 παρ’
2390 1625 2522 1677 αὐτὸ
2548 1626 2608 1679 τὸ
2641 1625 2915 1700 βάραθρον
2944 1628 3042 1700 τὴν
3070 1629 3309 1700 κεφαλὴν
3332 1631 3607 1697 κλίνασαν,

1936 1704 2028 1756 καὶ
2061 1706 2358 1774 μέλλουσαν
2387 1712 2484 1782 τὴν
2512 1713 2719 1767 ἄνωθεν
2746 1716 3052 1787 φερομένην
3086 1718 3337 1789 δέχεσθαι
3370 1720 3608 1791 πληγὴν,

1934 1790 2186 1864 καθάπερ
2216 1811 2300 1859 τις
2342 1797 2549 1850 ἀνωθεν
2579 1800 2855 1853 ἐπιπτᾶσα
2900 1801 3159 1873 δύναμις,
3187 1806 3281 1857 καὶ
3325 1804 3386 1870 ἐξ
3427 1790 3610 1860 αὐτῶν

1930 1886 2145 1953 ἡρπασε
2200 1886 2308 1939 τῶν
2341 1888 2434 1941 τοῦ
2470 1889 2704 1943 θανάτου
2753 1889 2904 1964 [5H]
2948 1892 3130 1947 πυλῶν
3152 1932 3168 1958 ,
3197 1896 3293 1949 καὶ
3328 1896 3464 1967 πρὸς
3509 1898 3609 1969 τὴν

1931 1970 2073 2039 ζωὴν
2105 1972 2473 2041 ἐπανήγαγεν.
2528 1976 2668 2028 Ἀλλ’
2711 1981 2757 2031 εί
2787 1979 2954 2043 δοκεῖ,
2980 1981 3073 2033 καὶ
3107 1980 3207 2050 τῆς
3236 1983 3477 2053 ἱστορίας
3510 1984 3609 2038 αὐο

1930 2057 2029 2125 τῆς
2067 2060 2483 2129 ἐπακούσωμεν.
2513 2064 2617 2115 Καὶ
2646 2064 2882 2133 ἐγένετο
2901 2107 2914 2129 ,
2942 2068 3096 2137 φησὶ,
3130 2070 3314 2136 λόγος
3360 2073 3606 2139 Κυρίου.

1931 2142 2081 2209 πρτῗις
2124 2144 2331 2197 Ἰωνᾶν
2361 2147 2554 2215 λέγων
2588 2166 2602 2179 ο
2653 2149 2974 2219 Ἀνάστηθι
3018 2155 3114 2208 καί
3155 2159 3474 2225 πορεύθητι
3518 2161 3607 2224 είς

1930 2229 2136 2282 Νινευῒ
2187 2230 2302 2297 τὴν
2379 2237 2561 2287 πάλιν
2628 2236 2743 2303 τὴν
2808 2238 3104 2309 μεγάλην.
3164 2241 3379 2306 Εὐθέως
3444 2244 3607 2299 αὐτὸν

1928 2316 2034 2369 ἀπὸ
2086 2318 2181 2370 τοῦ
2236 2319 2501 2389 μεγέθους
2565 2322 2667 2392 τῆς
2713 2325 2921 2390 πόλεως
2969 2326 3289 2400 δυσωπῆσαι
3333 2329 3604 2400 βούλεται,

1928 2404 2023 2475 τὴν
2065 2405 2365 2474 μέλλουσαν
2409 2408 2677 2478 προειδὼς
2733 2411 2828 2465 τοῦ
2880 2414 3160 2485 προφήτου
3219 2418 3421 2491 φυγήν.
3463 2420 3605 2473 Ἀλλ’

1929 2492 2254 2561 ἀκούσωμεν
2288 2496 2381 2547 καὶ
2412 2495 2506 2547 τοῦ
2535 2497 2888 2567 κηρύγματος
2912 2515 2928 2531 ·

2004 2656 2126 2709 Ἔτι
2156 2656 2312 2725 τρεῖς
2349 2660 2587 2728 ἡμέραι,
2619 2662 2715 2716 καί
2770 2663 2977 2718 Mrst
3018 2670 3600 2739 καταστραφήσεται.

1928 2742 2037 2795 Καὶ
2062 2743 2205 2807 τίνος
2234 2746 2421 2799 ἕνεκεν
2453 2746 2489 2801 ἀ
2508 2748 2724 2818 μέλλεις
2758 2750 2907 2805 δεινά
2933 2756 3109 2807 ποιεῖν
3142 2757 3464 2827 προλέγεις;
3488 2762 3604 2814 Ἵνα

1929 2828 2002 2899 μὴ
2038 2832 2248 2901 ποιήσω
2302 2832 2339 2887 ἃ
2372 2834 2643 2904 προλέγω.
2690 2838 2790 2892 Διά
2823 2837 2982 2893 τοῦτο
3013 2843 3107 2896 καὶ
3134 2844 3356 2912 γέενναν
3374 2848 3606 2918 ⁴Ιιπείληει

1927 2933 2039 2979 σεν,
2080 2918 2169 2971 ἵνα
2205 2920 2279 2990 μὴ
2331 2922 2597 2995 ἀπαγάγῃ
2645 2926 2726 2987 είς
2775 2926 3002 2994 γέενναν
3039 2945 3053 2959 ·
3092 2930 3363 2998 Φοϐείτω,
3397 2936 3599 3006 φησιν,

1927 3004 2073 3075 ὑμᾶς
2102 3006 2173 3059 τά
2196 3008 2439 3076 ῥήματα,
2470 3010 2565 3062 καὶ
2599 3011 2675 3080 μὴ
2721 3011 2964 3069 λυπείτω
2993 3015 3062 3069 τὰ
3090 3018 3412 3088 πράγματα.
3445 3004 3602 3089 Τίνος

1925 3090 1981 3143 δὲ
2009 3091 2197 3145 ’ἐνεκεν
2236 3094 2333 3145 καὶ
2364 3096 2466 3167 τὴν
2503 3096 2843 3167 προθεσμίαν
2875 3103 2955 3165 είς
2988 3102 3130 3156 οὕτω
3167 3107 3353 3161 στενὸν
3379 3110 3600 3180 συνάγει

1925 3179 2149 3249 χρόνονς
2176 3181 2293 3234 Ἵνα
2317 3184 2408 3271 καὶ
2441 3184 2540 3255 τὴν
2567 3186 2675 3239 τῶν
2701 3185 2994 3260 βαρϐάρων
3020 3191 3198 3266 μάθῃς
3222 3194 3445 3267 ἀρετὴν,
3469 3179 3602 3271 βαρ-

1924 3266 2107 3329 ϐάρων
2143 3267 2286 3336 λέγω
2317 3270 2425 3323 τῶν
2449 3272 2751 3328 Νινευῖτῶν
2782 3277 2841 3328 ἐν
2870 3278 3048 3347 τρισὶν
3076 3266 3310 3352 ἡμέραις
3341 3266 3599 3357 δυνηθένο

1922 3370 2031 3407 των
2052 3355 2323 3427 τοσαύτην
2355 3358 2772 3431 ἁμαρτημάτων
2808 3362 2977 3435 ὀργὴν
3003 3367 3325 3433 καταλῦσαι,
3379 3355 3476 3425 καί
3499 3373 3599 3445 τὴν

1921 3440 2016 3494 τοῦ
2044 3441 2181 3494 Θεοῦ
2218 3443 2629 3516 φιλανθρωπίαν
2658 3447 2944 3522 θαυμάσῃς
2975 3455 3230 3525 μετανοίᾳ
3259 3458 3428 3528 τριῶν
3457 3440 3596 3533 ἠμε-

1926 3528 2035 3600 ρῶν
2073 3530 2433 3600 ἀρκεσθέντος
2474 3534 2614 3605 ὑπὲρ
2665 3537 2936 3592 τοσούτων
2964 3528 3598 3615 πλημμελημάτωνξκαὶ

1922 3617 2089 3709 αὐτὸς
2115 3618 2190 3688 μὴ
2215 3620 2530 3693 καταπέσῃς
2560 3624 2642 3686 είς
2666 3624 2999 3693 ἀπόγνωσιν,
3022 3628 3125 3682 κᾶν
3162 3633 3331 3702 μυρία
3351 3636 3599 3709 ἡμαρτη-

1924 3701 2035 3765 κὼς
2062 3698 2148 3775 ᾖς.
2178 3704 2394 3794 Ὠσπερ
2420 3706 2527 3778 γὰρ
2554 3708 2584 3759 6
2613 3709 2821 3782 νωθρὸς
2847 3711 2946 3781 τὴν
2976 3698 3282 3785 ψυχὴνήκαὶ
3312 3698 3595 3794 ὀλίγωρος,

1924 3789 2028 3843 κᾶν
2085 3790 2249 3843 πολὺν
2294 3790 2433 3863 λάϐῃ
2484 3794 2621 3865 πρὸς
2670 3797 2960 3865 μετάνοιαν
3016 3802 3226 3872 χρόνον,
3268 3805 3419 3860 οὐδὲν
3451 3789 3597 3878 μέγα

1924 3878 2232 3948 ἐργάζεται,
2261 3878 2385 3932 οὐδέ
2431 3882 2760 3950 καταλλάξει
2792 3886 2885 3939 τὸν
2917 3887 3050 3942 Θεὸν
3083 3890 3258 3962 ἐαυτῷ
3301 3892 3392 3948 διά
3421 3896 3595 3966 ῥαθυ-

1926 3965 2055 4034 μίαν
2078 3980 2091 3993 ο
2125 3964 2299 4029 οὕτως
2326 3969 2356 4020 6
2391 3966 2814 4043 διεγηγερμένος
2863 3975 2956 4028 καὶ
3002 3979 3069 4048 τῇ
3117 3980 3396 4055 προθυμίᾳ
3423 3964 3593 4051 ζέων,

1922 4052 2016 4105 καὶ
2045 4052 2184 4122 μετὰ
2212 4054 2415 4125 πολλῆς
2438 4056 2540 4127 τῆς
2561 4058 2798 4131 σπουδῆς
2829 4061 2929 4132 τὴν
2965 4066 3256 4132 μετάνοιαν
3284 4052 3593 4125 ἐπιδεικνύ-

1926 4156 2101 4208 μενος,
2132 4141 2227 4193 καὶ
2260 4142 2319 4195 ἐν
2350 4142 2581 4216 βραχείᾳ
2616 4146 2809 4217 καιροῦ
2846 4150 2985 4220 ῥοπῇ
3018 4150 3215 4206 πολλοῦ
3245 4155 3439 4226 χρόνον
3485 4174 3594 4213 πα-

1922 4223 2263 4298 ραπτώματα
2291 4228 2556 4297 ἀφανίσαι
2598 4230 2904 4302 δυνήσεται.
2946 4236 3081 4306 Οὐχὶ
3115 4223 3295 4309 τρίτον
3320 4241 3351 4293 6
3388 4241 3591 4315 Πέτρος

1920 4312 2221 4380 ὴρνήσατο;
2244 4314 2365 4384 οὐχὶ⁵
2389 4315 2508 4384 μεθ’
2526 4317 2691 4387 ὅρκου
2720 4319 2780 4371 τὸ
2801 4321 2984 4389 τρίτον
3004 4339 3018 4387 ;
3040 4324 3160 4395 οὐχὶ
3186 4312 3589 4398 θεραπαινιδίου

1918 4398 2059 4459 τινὸς
2086 4398 2339 4465 εὐτελοῦς
2362 4404 2580 4473 ῥήματα
2606 4403 2824 4471 δείσας;
2848 4409 2913 4461 Τί
2938 4406 3030 4464 οῦν
3050 4427 3065 4477 ;
3086 4413 3349 4469 ἐνιαυτῶν
3375 4417 3590 4476 πολλῶν

1917 4478 2134 4548 ἐδέησεν
2163 4482 2314 4552 αὐτῷ
2346 4486 2482 4555 πρὸς
2514 4487 2840 4557 μετάνοιαν;
2886 4492 3182 4564 Οὐδαμῶςο
3209 4496 3328 4551 ἀλλ’
3348 4499 3486 4573 αὐτῇ
3516 4507 3584 4576 τῇ

1915 4566 2067 4619 νυκτὶ
2098 4570 2194 4622 καὶ
2213 4570 2482 4644 ὠλίσθησε
2514 4574 2609 4627 καὶ
2640 4574 2863 4648 ἀνέστη,
2896 4580 2989 4635 καὶ
3018 4581 3117 4651 τὴν
3143 4582 3356 4656 πληγὴν
3389 4566 3485 4642 καί
3524 4566 3585 4644 τὸ

1912 4654 2205 4725 φάρμακον
2232 4657 2467 4725 ἐδέξατο,
2482 4661 2575 4713 καὶ
2601 4663 3055 4734 ἠρρώστησε,καἰ
3084 4670 3221 4741 πρὸς
3239 4654 3344 4743 τὴν
3371 4675 3583 4747 ὑγίειαν

1910 4742 2197 4815 ἐπανῆλθε.
2225 4746 2349 4813 Πῶς
2392 4750 2485 4802 καὶ
2506 4751 2628 4806 τίνα
2648 4755 2846 4824 τρόπον
2866 4773 2879 4820 ;
2908 4756 3163 4823 κλαύσας
3184 4764 3277 4816 καὶ
3307 4742 3581 4841 ἀποδυρά-

1913 4845 2100 4898 μενος·
2136 4834 2337 4904 μᾶλλον
2365 4834 2421 4889 δὲ
2440 4838 2502 4890 οὐ
2537 4838 2777 4904 κλαύσας
2806 4842 3010 4909 ἀπλῶς,
3042 4844 3177 4901 ἀλλά
3200 4849 3343 4920 μετὰ
3376 4834 3579 4926 πολλῆς

1910 4918 2145 5011 σπουδῆς
2160 4922 2251 4974 καὶ
2264 4921 2555 4987 διαθέσεως
2573 4942 2588 4957 ο
2610 4927 2705 4978 καὶ⁵
2725 4928 2813 4981 διὰ
2841 4928 2996 4983 τοῦτο
3018 4933 3046 4984 6
3069 4918 3464 5011 εὐαγγελιστὴς
3478 4918 3577 4996 οὐκ

1908 5000 2081 5071 εἶπεν,
2112 5008 2193 5061 ὅτι
2235 5009 2498 5064 ἔκλαυσεν
2544 5013 2751 5080 ἁπλῶς,
2790 5016 2925 5081 ἀλλ’,
2973 5000 3285 5079 Ἕκλαὺονε
3328 5000 3570 5099 πικρῶς.

1908 5094 2014 5148 Καὶ
2037 5098 2251 5166 ποταπὴ
2282 5099 2390 5152 τῶν
2420 5099 2671 5172 δακρύων
2703 5106 2931 5163 ἐκείνων
2964 5111 3264 5183 ήδύναμις,
3298 5094 3451 5184 φησὶ,
3487 5094 3575 5173 λδ-

1905 5199 2011 5280 γος.
2046 5184 2361 5280 μὲν-οὐδεὶς
2392 5193 2742 5265 παραστῆσαι
2776 5197 3093 5270 δυνήσεται·
3121 5204 3151 5272 ή
3186 5203 3243 5256 δὲ
3275 5204 3383 5261 τῶν
3431 5225 3571 5280 πρα.

1902 5270 2127 5341 γμάτων
2154 5272 2379 5340 ἔκϐασις
2410 5277 2653 5334 δείκνυσι
2693 5284 2897 5352 σαφῶς.
2928 5286 3081 5341 Μετά
3108 5270 3217 5361 γάρ
3250 5292 3311 5346 τὸ
3334 5270 3573 5365 χαλεπὸν

1902 5359 2076 5411 ἐκεῖνο
2110 5360 2309 5432 πτῶμα
2345 5378 2358 5392 ο
2389 5367 2673 5438 ἀρνήσεως
2717 5370 2824 5442 γὰρ
2867 5373 3018 5426 οὐδὲν
3068 5359 3198 5429 ἴσον-
3221 5359 3393 5436 κακδν
3417 5401 3431 5415 ·
3452 5386 3569 5441 ἀλλ’

1900 5445 2049 5515 ὅμως
2085 5447 2225 5518 μετά
2252 5453 2504 5508 τοσοῦτον
2534 5456 2702 5510 κακὸν
2730 5457 2890 5512 πάλιν
2932 5462 3095 5517 αὐτὸν
3131 5467 3267 5538 πρὸς
3283 5470 3383 5541 τὴν
3422 5491 3564 5545 προ-

1898 5536 2062 5606 τέραν
2082 5538 2397 5610 ἐπανήγαγε
2432 5544 2613 5614 τιμὴν,
2645 5548 2737 5600 καὶ
2767 5549 2867 5622 τὴν
2905 5536 3226 5610 ἐπιστασίαν
3388 5536 3569 5619 οίκουο

1901 5626 2128 5693 μενικῆς
2186 5626 2509 5700 Ἐκκλησίας
2560 5633 2860 5707 ἐνεχείρισε
2893 5658 2904 5671 ο
2934 5642 3027 5694 καί
3058 5640 3087 5694 δ
3120 5626 3337 5701 πάντων
3381 5654 3567 5720 μεῖζόν

1896 5710 2063 5771 ἐστιν,
2089 5713 2367 5781 ἀπέδειξεν
2394 5719 2524 5788 ἡμῖν
2544 5721 2706 5775 αὐτὸν
2730 5724 2900 5782 πλείω
2926 5729 3034 5783 τῶν
3057 5732 3370 5790 ἀποστόλων
3381 5710 3568 5797 ’ἀπάν-

1896 5811 2003 5850 των
2034 5796 2221 5871 Ξχοντα
2253 5803 2352 5875 τὴν
2380 5808 2469 5877 είς
2498 5807 2588 5862 τὸν
2618 5810 2894 5885 Aen-:6qu
2947 5818 3187 5891 ἀγάπην.
3222 5822 3405 5888 Πέτρε
3435 5830 3567 5893 γάρ.
