4408 6670
442 434 546 489 309

441 563 564 602 eum
592 563 711 621 erga
745 552 1023 611 Dominum
1059 556 1313 626 majorem
1343 573 1497 627 quam
1527 574 1712 617 omnes
1749 561 2022 632 aposmlos

439 639 713 697 caritatem
752 644 1021 703 habuisse.
1066 648 1237 714 Petre,
1272 648 1473 720 inquit,
1501 652 1670 724 diligis
1700 670 1780 707 me
1804 651 1918 724 plus
1945 654 2022 707 Itis

442 728 619 799 (Joan.
647 734 736 788 2t.
763 735 1045 807 l5)?lluic
1069 748 1245 793 autem
1273 739 1336 794 ad
1366 742 1573 797 virtutis
1603 744 1863 796 rationem
1892 742 2019 797 nihil

437 838 568 880 sane
595 842 691 896 par
716 828 894 883 fuerit.
928 830 1046 896 Quo
1065 843 1193 884 vero
1218 831 1434 888 minime
1462 833 1608 889 dlcas
1632 833 1823 888 merito
1855 833 2017 888 Deum

437 915 683 973 Ninivitis
713 920 997 989 ignovisse,
1027 918 1266 977 barbaris
1293 922 1594 979 hominibus
1636 933 1690 979 et
1728 924 2020 993 insipienti-

438 1006 536 1061 hus
566 1026 580 1061 :
612 1009 800 1064 Servus
824 1010 977 1071 enim,
1009 1009 1196 1080 inquit,
1228 1018 1450 1069 nesciens
1474 1015 1780 1069 voluntatem
1806 1016 2013 1083 domini,

434 1108 480 1150 et
510 1115 609 1150 non
641 1099 851 1168 faciens,
881 1099 1133 1167 vapulabit
1159 1106 1333 1171 paucis
1354 1104 1501 1175 (Luc.
1534 1104 1621 1159 η.
1651 1104 1775 1173 68)ε
1806 1113 1862 1159 ιιι
1890 1121 2017 1175 ergo

436 1186 538 1240 hoc
589 1201 694 1241 non
749 1187 915 1253 dicas,
960 1188 1169 1246 Petrum
1216 1195 1308 1248 tibi
1354 1196 1407 1249 in
1450 1196 1685 1249 medium
1734 1207 2016 1265 propterea

434 1276 583 1330 duxit
602 1277 643 1339 ί,
667 1291 878 1330 servum
904 1280 1226 1337 voluntatem
1254 1284 1462 1339 Domini
1484 1285 1713 1338 maxime
1733 1285 2012 1339 scientem.

433 1364 540 1421 Sed
575 1374 751 1419 tamen
780 1365 866 1420 hic
888 1368 1024 1423 idem
1047 1387 1271 1440 peccans
1292 1374 1526 1427 maximo
1549 1384 1787 1444 peccato,
1812 1376 2017 1446 respice

436 1467 691 1526 quantum
716 1457 782 1511 ad
807 1456 1010 1515 ﬁducia:
1045 1463 1255 1518 culmen
1285 1464 1460 1519 rediit.

508 1568 585 1621 οὺ
609 1579 810 1638 peccata
830 1588 1098 1644 numquam
1127 1576 1517 1647 desperandum.
1548 1576 1799 1648 —lgitur
1826 1588 1878 1633 et
1903 1579 2017 1648 ipse

435 1662 667 1733 peccatis
686 1661 935 1719 admissis
968 1682 1035 1721 ne
1057 1668 1290 1721 animum
1314 1668 1666 1738 despondeas.
1700 1669 1852 1736 Quod
1874 1670 2013 1725 enim

433 1753 487 1807 in
514 1764 732 1822 peccato
756 1758 987 1825 gravius,
1012 1769 1091 1813 est
1119 1760 1170 1813 in
1204 1772 1422 1830 peccato
1450 1773 1592 1815 stare
1626 1779 1638 1813 :
1670 1770 1723 1815 et
1758 1763 1895 1830 quod
1927 1778 2015 1830 pe-

430 1844 520 1915 jus
543 1846 593 1897 in
621 1859 745 1899 casu
764 1888 779 1913 ,
808 1857 887 1902 est
910 1850 1089 1918 jacere
1111 1852 1160 1904 in
1190 1867 1274 1906 eo.
1317 1852 1427 1907 lloc
1456 1861 1510 1908 et
1539 1853 1732 1907 Paulus
1770 1854 1926 1907 dellet
1963 1863 2015 1908 et

433 1937 768 2006 ingemiscit,
804 1938 905 1992 hoc
942 1939 1071 1994 lletu
1118 1942 1334 2011 dignum
1370 1958 1491 1998 esse
1539 1943 1668 1997 dicit
1698 1960 1710 1996 :
1741 1941 1825 1996 Ne
1845 1947 1973 2013 forte
1997 1984 2013 2008 ,

432 2028 621 2099 inquit,
650 2045 763 2081 cum
793 2046 968 2084 venero
994 2032 1060 2083 ad
1085 2048 1186 2095 vos,
1209 2033 1433 2088 humiliet
1462 2050 1540 2088 nte
1566 2033 1723 2101 Deus,
1755 2043 1801 2087 et
1818 2034 2015 2104 lugeam

433 2125 619 2175 multos
644 2137 706 2174 ea:
745 2123 807 2174 iis
837 2123 922 2192 qui
958 2138 1063 2176 non
1112 2124 1283 2177 solum
1325 2139 1702 2194 peccaverunt,
1732 2124 1825 2179 sed
1857 2140 1923 2181 ex
1952 2126 2016 2179 iis

427 2210 520 2282 qui
565 2213 905 2282 paenitentiam
942 2230 1040 2265 non
1078 2222 1285 2284 egerunt
1318 2232 1467 2285 super
1505 2216 1819 2286 impudicitia
1848 2225 1893 2269 et
1918 2216 2017 2269 im-

427 2304 678 2357 ntunditia
704 2313 751 2357 et
773 2305 1124 2374 fornicatione,
1144 2321 1295 2375 quant
1322 2308 1544 2376 fecerunt
1571 2306 1625 2377 (2
1640 2306 1754 2361 Cor.
1779 2306 1860 2361 12.
1895 2305 2011 2376 21).

426 2394 508 2447 Ad
559 2396 922 2463 pmoitentiatn
978 2411 1107 2450 vero
1172 2398 1329 2466 quale
1373 2400 1748 2467 congruentius
1800 2407 2012 2468 tempus

428 2494 606 2552 posset
630 2484 885 2539 accedere
905 2484 1091 2555 jejunii
1124 2494 1362 2556 tempore
1387 2487 1411 2541 ‘l

498 2594 549 2648 3.
596 2595 701 2649 Sed
743 2595 809 2649 ad
856 2596 1133 2652 historiam
1182 2610 1529 2654 revertamur.
1581 2600 1804 2656 Audiens
1845 2612 2012 2657 autem

428 2686 670 2751 prop/tcta
692 2687 838 2738 verba
867 2687 1005 2753 haec,
1050 2688 1301 2742 descendit
1324 2691 1375 2743 in
1403 2690 1627 2761 Joppen,
1659 2702 1709 2746 ut
1741 2696 1935 2764 fugeret
1960 2697 2011 2748 in

425 2772 637 2829 Tltursis
678 2793 709 2828 a
736 2778 868 2846 facie
901 2776 1104 2831 Domini
1154 2778 1297 2850 (1οη.
1338 2781 1390 2834 1.
1433 2782 1511 2852 ὅ).
1544 2781 1783 2849 Quonam
1837 2783 2006 2852 fugis,

426 2864 625 2918 homo?
652 2868 907 2936 numquid
934 2868 1180 2922 audivisti
1210 2870 1522 2939 prophetam
1550 2872 1819 2927 dicentem
1854 2892 1867 2927 :
1896 2874 2010 2939 Quo

423 2954 503 3006 ibo
519 2955 743 3023 aspiritu
763 2966 931 3020 tuo,et
955 2974 1053 3026 quo
1074 2974 1105 3010 a
1133 2958 1261 3027 [acie
1282 2968 1367 3011 tua
1383 2962 1575 3029 fugiam
1593 2960 1753 3031 (Psal.
1781 2964 1899 3017 158.
1924 2964 2007 3032 7)?

421 3047 479 3101 lu
506 3049 727 3102 terrain?
750 3050 854 3104 Sed
884 3050 1090 3104 Domini
1116 3062 1189 3105 est
1212 3064 1343 3105 terra
1357 3064 1401 3106 et
1428 3054 1685 3123 plenitudo
1703 3058 1808 3126 ejus
1830 3055 2002 3125 (l’sul.

420 3139 511 3193 25.
539 3142 609 3207 1).
636 3141 715 3194 Ad
744 3141 1049 3194 infernum?
1082 3142 1142 3195 Si
1171 3142 1505 3211 descendero,
1534 3146 1725 3214 inquit,
1760 3148 1811 3198 in
1838 3148 2000 3217 infir-

422 3249 564 3296 num,
599 3232 739 3285 ades.
774 3232 827 3285 In
855 3233 1152 3287 cazlutnne?
1176 3233 1237 3287 Si
1259 3235 1532 3288 ascendere
1561 3237 1613 3289 in
1637 3236 1837 3303 catlnm,
1868 3238 2001 3290 tuil-

421 3322 880 3393 lices(Psal.138.
907 3325 984 3395 8).
1003 3328 1080 3378 An
1108 3328 1157 3378 in
1190 3328 1377 3380 mare?
1408 3326 1476 3380 Et
1497 3328 1623 3393 illic,
1654 3329 1841 3398 inquit,
1871 3340 2005 3382 tene-

420 3414 488 3466 bit
520 3430 597 3468 me
623 3415 826 3468 dextera
868 3425 953 3468 tua
982 3414 1085 3487 (Ib.
1135 3432 1179 3470 υ.
1209 3418 1317 3486 10).
1361 3418 1519 3485 Quod
1562 3431 1615 3472 et
1642 3420 1762 3473 huic
1804 3422 1999 3475 evenit.

420 3504 525 3557 Sed
553 3506 654 3559 tale
679 3514 761 3559 est
791 3515 1080 3574 peccatum,
1106 3517 1161 3559 ut
1185 3507 1249 3560 ad
1276 3508 1626 3575 ignorantiam
1648 3510 1866 3562 multam
1891 3510 2008 3564 red-

420 3596 526 3664 igat
567 3596 821 3649 animam.
862 3597 990 3651 Nam
1031 3599 1166 3651 sicut
1190 3601 1276 3667 qui
1305 3599 1563 3667 gravitate
1608 3602 1796 3667 capitis
1823 3602 2001 3656 ebrie-

420 3696 629 3755 tateque
659 3696 924 3754 tenentur,
954 3688 1113 3742 stulte
1142 3703 1203 3743 ac
1234 3700 1431 3743 temere
1475 3692 1734 3758 fet'untnr,
1759 3696 2002 3763 quamvis

420 3779 790 3847 pra-cipitium,
820 3782 1058 3851 quamvis
1081 3781 1413 3849 barathrum,
1438 3793 1489 3836 et
1514 3786 1655 3838 aliud
1677 3787 1799 3855 quid
1826 3788 1999 3843 simile

416 3868 913 3933 subsit,concidunt
934 3872 1138 3926 incaute
1170 3890 1183 3925 :
1218 3873 1295 3927 sic
1325 3875 1411 3943 qui
1432 3890 1687 3931 corruunt
1728 3880 1779 3932 in
1812 3895 1999 3949 pecca-

417 3966 565 4023 tum,
586 3958 748 4012 veluti
780 3961 1035 4016 ebrietate
1068 3963 1295 4017 actionis
1337 3965 1603 4021 desiderio
1629 3967 1834 4024 detenti
1857 4012 1871 4035 ,
1904 3988 2002 4027 ne—

413 4048 585 4101 sciunt
612 4051 738 4118 quid
763 4052 983 4119 iaciunt,
1016 4068 1121 4107 non
1143 4058 1445 4124 prmseutia,
1474 4072 1579 4111 non
1608 4058 1781 4115 futura
1804 4065 1999 4133 prazvi-

412 4138 616 4192 dentrs.

508 4254 801 4309 Sintilitudo
841 4260 1202 4327 pulcherrima.
1245 4292 1315 4301 —
1341 4264 1660 4331 Dominum,
1697 4267 1784 4322 dic
1824 4268 1952 4322 mihi
1979 4310 1992 4333 ,

412 4343 583 4412 fugis?
612 4344 903 4413 Parumper
933 4351 1089 4417 igitur
1116 4368 1291 4418 mane,
1316 4365 1474 4422 atque
1497 4370 1590 4425 per
1614 4373 1789 4411 rerum
1820 4357 1995 4413 disces

411 4446 663 4489 eventnnt
684 4478 699 4496 .
732 4449 780 4491 te
808 4455 980 4509 neque
1014 4444 1211 4509 maris,
1244 4448 1384 4498 servi
1411 4448 1526 4516 ejus
1552 4490 1567 4515 ,
1606 4465 1760 4519 posse
1808 4466 1995 4506 manus

410 4528 659 4598 effugere.
690 4530 783 4584 Vix
821 4534 961 4585 enim
994 4537 1169 4587 navim
1200 4536 1299 4589 iste
1320 4541 1740 4605 Conscenderat.
1780 4559 1898 4597 cmn
1932 4545 1993 4597 il-

410 4622 498 4676 lu;
529 4620 717 4673 ﬂuctus
739 4624 945 4687 extulit,
978 4624 1027 4677 in
1055 4624 1324 4696 altumque
1347 4629 1556 4695 levavit,
1589 4642 1644 4685 et
1675 4637 1832 4688 veluti
1860 4637 1987 4691 tide-

412 4711 479 4765 lis
526 4712 716 4765 ancilla
757 4727 1078 4769 conservum
1126 4716 1402 4772 inveniens
1439 4719 1765 4790 fugientem,
1795 4728 1883 4796 qui
1926 4745 1991 4781 ex

409 4803 609 4856 domini
640 4802 789 4856 bonis
832 4804 1101 4873 quidpiam
1143 4809 1493 4876 surripuerit,
1522 4828 1780 4881 llUStlllalll
1828 4818 1895 4870 ab
1925 4834 1989 4871 eo

410 4894 645 4959 recedit,
672 4892 920 4960 inilleque
966 4896 1345 4963 impedimenta
1392 4902 1582 4971 ingerit
1607 4906 1987 4973 recipientibus

407 4986 591 5052 illum,
618 4987 788 5059 quoad
824 4987 993 5056 ipsum
1036 4989 1308 5045 vindicans
1340 4997 1555 5049 reducat
1587 4997 1700 5049 :sic
1741 5007 1796 5050 et
1840 5014 1987 5053 mare

405 5091 724 5135 conServum
768 5082 1042 5136 inveniens
1090 5093 1141 5136 et
1185 5098 1512 5154 agnoscens,
1562 5088 1709 5145 mille
1761 5091 1986 5159 impedi-

406 5178 585 5222 tnenta
615 5174 792 5227 nautis
819 5174 1041 5238 excitat,
1072 5174 1289 5229 turbans
1309 5217 1324 5241 ,
1350 5178 1616 5247 clamans,
1645 5196 1749 5236 non
1777 5182 1827 5235 in
1848 5182 1981 5250 judi-

404 5260 545 5312 cium
578 5262 823 5328 trahens,
853 5265 947 5320 sed
970 5267 1297 5320 comminans
1325 5284 1511 5324 navem
1539 5273 1847 5345 demergere
1864 5291 1982 5329 cum

405 5353 614 5417 nautis,
644 5356 743 5408 nisi
781 5373 1099 5415 conservum
1138 5375 1290 5415 suum
1327 5362 1427 5415 sibi
1471 5365 1819 5422 reddiderint.
1853 5368 1988 5434 Quid

405 5461 533 5516 ergo
561 5455 754 5508 nauttr,
787 5446 868 5501 his
885 5451 1334 5520 contingentibus?
1354 5453 1560 5505 laetum
1583 5494 1596 5517 ,
1631 5455 1819 5525 inquit,
1841 5474 1986 5511 vaso.

404 5554 517 5591 rum
547 5538 799 5606 fecerunt,
828 5541 969 5591 navis
1011 5556 1125 5594 vero
1156 5558 1466 5612 nequaquam
1489 5543 1816 5599 «(lavabatur
1840 5547 1986 5618 (Jon.

410 5632 460 5687 t.
485 5631 540 5697 5)
571 5638 771 5686 :totum
818 5633 960 5685 enim
998 5633 1172 5691 adhuc
1213 5650 1349 5692 onus
1388 5636 1674 5703 manebat,
1707 5642 1985 5707 pr0plieta:

470 5832 485 5860 ³
526 5827 672 5886 Duri,
695 5828 830 5890 juxta
849 5832 926 5876 Sat
939 5827 967 5876 ii
987 5868 995 5878 .

1651 445 1738 502 DE
1777 444 2248 503 ΜΕΝΙΤΕΝΤΙΑ.
2292 445 2523 505 1103111..
2571 448 2629 504 ν.

3608 451 3713 506 310

2137 578 2334 633 corpus
2363 563 2596 630 scilicet,
2616 579 2752 620 onus
2772 580 2962 636 grave,
2994 581 3099 622 non
3128 581 3192 624 ex
3222 576 3409 625 natura
3436 580 3708 641 corporis.

2128 655 2223 711 sed
2251 656 2321 710 ob
2362 655 2567 724 pondus
2594 659 2828 725 peccati;
2860 658 2989 712 nihil
3030 660 3172 715 enim
3196 670 3302 715 tam
3329 676 3615 717 onerosum
3659 672 3712 717 et

2126 763 2305 816 grave,
2337 763 2494 818 quam
2532 757 2804 817 peccatum
2837 761 2889 805 et
2920 752 3297 809 inobedientia.
3330 753 3612 824 Propterea
3663 768 3716 811 et

2128 836 2413 891 Zacharias
2443 838 2493 892 id
2528 840 2723 907 plumbi
2766 840 3009 908 ﬁguravit
3053 844 3398 900 similitudine
3432 844 3627 916 (lactt.
3663 845 3715 903 5.

2127 930 2180 1001 7)
2205 950 2220 986 :
2249 931 2414 985 David
2444 946 2573 987 vero
2601 932 2855 989 describit
2877 935 2993 1004 ejus
3032 944 3309 1004 naturam,
3335 937 3524 993 dicens
3556 954 3571 993 :
3599 936 3715 992 Ini-

2124 1022 2338 1091 quitates
2382 1038 2511 1077 mete
2554 1039 2894 1094 supergressa
2931 1036 3046 1079 sunt
3074 1037 3225 1096 caput
3263 1046 3462 1095 meum,
3493 1037 3544 1083 et
3584 1030 3714 1084 sicut

2122 1130 2251 1167 onus
2271 1129 2424 1185 grave
2446 1125 2670 1186 gravata
2694 1126 2811 1169 sunt
2836 1132 2989 1185 super
3015 1132 3094 1169 nte
3129 1117 3299 1185 (Psal.
3333 1119 3420 1173 57.
3452 1118 3529 1189 5).
3554 1119 3713 1175 Cltrio

2122 1214 2237 1260 stus
2285 1216 2460 1261 autem
2509 1208 2573 1262 iis
2601 1209 2690 1278 qui
2730 1209 2783 1263 in
2817 1210 3050 1278 peccatis
3087 1211 3268 1264 multis
3294 1212 3566 1279 vixerant,
3598 1215 3712 1269 cla-

2125 1297 2301 1351 mabat
2332 1316 2344 1351 :
2379 1298 2551 1355 Venite
2597 1300 2666 1353 ad
2707 1317 2788 1355 me
2828 1318 3000 1355 omnes
3038 1303 3123 1372 qui
3167 1302 3407 1357 laboratis
3429 1315 3474 1358 et
3517 1305 3711 1359 onerati

2123 1391 2260 1454 estis,
2300 1400 2344 1444 et
2370 1408 2459 1463 ego
2488 1394 2714 1460 reﬁciam
2736 1411 2820 1447 vos
2844 1393 3057 1465 (Matth.
3095 1395 3179 1451 11.
3208 1395 3326 1467 28).
3364 1395 3539 1463 Ipsum
3582 1412 3710 1466 ergo

2123 1490 2396 1549 peccatum
2416 1483 2665 1551 scapham
2685 1491 2808 1537 tunc
2824 1485 3094 1552 gravabat,
3112 1495 3168 1541 et
3182 1484 3552 1540 demersurum
3568 1496 3707 1541 erat:

2120 1568 2285 1625 Jonas
2328 1586 2457 1626 vero
2493 1571 2794 1627 dormiebat
2833 1581 2889 1627 et
2916 1573 3191 1628 stertebat.
3242 1574 3431 1630 Gravis
3476 1577 3566 1630 ille
3603 1590 3709 1631 non

2120 1661 2405 1731 voluptatis
2430 1672 2545 1718 erat
2573 1678 2794 1718 somnus
2816 1704 2829 1727 ,
2859 1662 2953 1718 sed
3003 1664 3250 1718 mteroris
3269 1706 3283 1728 ,
3316 1680 3419 1718 non
3446 1666 3669 1735 pigritim
3689 1707 3706 1732 ,

2119 1752 2213 1806 sed
2233 1753 2556 1807 afﬂictionis.
2600 1753 2730 1807 Nam
2774 1754 2863 1824 qui
2906 1770 2972 1808 ex
3002 1754 3315 1810 domesticis
3360 1756 3501 1810 bene
3534 1755 3708 1810 affecti

2120 1854 2261 1909 sunt,
2290 1845 2399 1899 cito
2426 1855 2640 1914 peccata
2678 1847 2911 1899 sentiunt
2937 1864 2950 1900 :
2976 1847 3118 1917 quod
3154 1856 3210 1901 et
3236 1846 3310 1900 illi
3339 1848 3549 1901 accidit.
3583 1847 3710 1902 Post

2119 1935 2463 1988 commissum
2504 1936 2645 1988 enim
2688 1947 2965 2002 peccatum
2989 1976 3003 2003 ,
3049 1936 3254 2005 peccati
3291 1938 3438 1990 novit
3477 1937 3711 2007 gravita-

2123 2033 2266 2077 tem:
2302 2039 2423 2078 nam
2465 2024 2724 2093 ejusmodi
2755 2034 2858 2079 est.
2910 2026 3043 2079 Cum
3100 2026 3242 2080 enim
3282 2025 3479 2082 factum
3519 2028 3709 2093 fuerit,

2121 2125 2247 2170 tunc
2276 2115 2487 2170 dolores
2520 2117 2833 2184 parturienti
2874 2118 3068 2171 anima:
3116 2119 3313 2172 excitat
3353 2126 3537 2172 contra
3568 2119 3711 2186 leges

2121 2218 2315 2263 nostra:
2364 2209 2670 2263 nativitatis.
2703 2210 2814 2265 Nos
2856 2211 2999 2265 enim
3044 2226 3165 2264 cum
3208 2211 3436 2280 primum
3482 2211 3590 2265 nati
3621 2227 3713 2264 su-

2120 2315 2259 2365 mus,
2294 2303 2605 2369 parturienti
2655 2301 2871 2357 dolores
2915 2303 3174 2357 solvimus
3204 2322 3216 2355 :
3248 2303 3377 2357 illud
3407 2311 3587 2357 autem
3637 2304 3711 2358 si-

2118 2392 2226 2444 mul
2273 2391 2474 2446 editum
2518 2392 2766 2447 distrahit
2803 2393 3079 2448 doloribus
3108 2395 3376 2464 parientes
3407 2395 3578 2464 ipsum
3608 2411 3706 2449 co-

2115 2482 2423 2553 gitationes.
2485 2483 2623 2549 Quid
2692 2500 2853 2554 porro
2910 2484 3284 2552 gubernator?
3336 2486 3605 2551 Accessit,
3654 2494 3711 2539 et

2113 2574 2223 2627 ait:
2254 2573 2453 2645 Surge,
2477 2583 2523 2629 et
2562 2574 2737 2627 invoca
2781 2574 3051 2628 Dominum
3098 2574 3261 2628 Deum
3311 2586 3450 2629 tuum
3479 2574 3625 2647 (Jan.
3654 2578 3703 2630 I.

2115 2667 2193 2732 ϐ).
2223 2666 2358 2720 Novi
2387 2666 2602 2721 demum
2633 2668 2742 2736 ipsa
2765 2667 3093 2735 experientia
3122 2668 3383 2721 insuetam
3416 2668 3561 2722 illam
3585 2683 3708 2723 esse

2118 2758 2400 2827 procellam
2429 2799 2444 2823 ,
2487 2769 2651 2825 atque
2679 2758 2815 2811 adeo
2850 2757 3048 2811 illatam
3078 2758 3283 2826 plagam
3336 2758 3563 2825 majores
3603 2757 3706 2811 ltu-

2116 2864 2267 2902 mana
2314 2850 2570 2904 industria
2616 2849 2826 2914 ﬂuctus,
2861 2850 2950 2903 ubi
2977 2850 3353 2920 gubernatoris
3385 2866 3573 2904 manus
3600 2868 3704 2904 non

2116 2940 2471 3007 prodessent:
2502 2939 2721 2994 alterius
2758 2939 2901 2994 enim
2948 2939 3167 3008 majoris
3209 2941 3579 3005 gubernatoris
3625 2940 3706 2995 rei

2113 3029 2256 3083 illius
2298 3044 2487 3095 casus,
2542 3029 2684 3083 hunc
2739 3031 3046 3084 universum
3104 3030 3311 3083 scilicet
3355 3031 3702 3098 gubernantis

2112 3120 2367 3173 mundum
2394 3160 2409 3186 ,
2435 3136 2537 3189 Ope
2562 3129 2719 3186 atque
2744 3135 2978 3189 superno
3021 3120 3290 3190 indigebat
3314 3122 3529 3175 auxilio.
3575 3122 3703 3175 Pro-

2112 3222 2293 3280 pterea
2324 3222 2382 3265 et
2422 3212 2496 3266 illi
2526 3227 2699 3266 remos
2746 3224 2799 3267 et
2826 3213 2941 3266 vela
2968 3222 3019 3266 et
3050 3211 3204 3265 funes
3249 3221 3410 3282 atque
3452 3215 3700 3268 universa

2108 3302 2459 3367 dimittentes,
2490 3318 2678 3356 manus
2703 3318 2732 3355 a
2758 3303 3103 3372 remigatione
3129 3302 3397 3358 traductas
3428 3304 3479 3357 in
3509 3305 3699 3360 ca'lum

2110 3392 2435 3456 tendebant,
2468 3393 2741 3461 Deumque
2787 3394 3029 3446 orabant.
3085 3392 3186 3448 Ubi
3226 3408 3355 3447 vero
3404 3409 3577 3463 neque
3622 3394 3701 3449 sic

2111 3485 2449 3555 profecerunt
2472 3528 2487 3550 ,
2523 3485 2814 3551 Miscrunt,
2861 3485 3057 3555 inquit,
3097 3494 3302 3549 sortes;
3339 3499 3457 3539 sors
3483 3486 3698 3540 demum

2114 3575 2343 3645 prodidit
2372 3576 2609 3629 noxium.
2650 3575 2714 3629 lli
2736 3590 2864 3630 vero
2904 3590 3078 3645 neque
3102 3575 3178 3628 sie
3207 3575 3530 3644 arripientes
3574 3593 3697 3630 eum

2107 3667 2497 3727 demersernnt,
2526 3666 2620 3720 scd
2649 3674 2794 3719 tanto
2816 3665 3064 3729 tumultu,
3097 3674 3238 3719 tanta
3272 3673 3588 3734 tempestate
3617 3666 3700 3720 in-

2105 3758 2409 3821 cumbente,
2430 3757 2592 3810 veluti
2622 3757 2784 3809 multa
2810 3757 2860 3809 in
2887 3756 3089 3825 quiete.
3113 3756 3191 3810 sic
3212 3755 3471 3824 judicium
3499 3755 3550 3809 in
3576 3757 3695 3809 navi

2105 3856 2431 3913 statuentes,
2462 3856 2520 3900 ut
2565 3863 2659 3915 pro
2707 3861 2767 3901 se
2791 3846 3121 3916 loqueretur,
3148 3861 3311 3917 seque
3352 3845 3694 3914 defenderet,

2106 3940 2152 3995 ei
2175 3940 2547 4009 permiserunt,
2566 3948 2727 4009 atque
2750 3948 2940 3993 cuncta
2970 3938 3150 3992 subtili
3180 3952 3299 3991 cum
3332 3938 3579 4007 indagine
3603 3954 3697 3993 ex.

2107 4032 2406 4101 quirebant,
2436 4031 2599 4085 veluti
2648 4031 2880 4083 rationes
2924 4045 3108 4083 eorum
3129 4070 3144 4094 ,
3176 4044 3296 4097 qua:
3322 4029 3692 4096 decreverint,

2106 4124 2264 4178 alicui
2308 4123 2584 4177 reddituri.
2614 4122 2748 4175 Audi
2792 4122 2953 4190 igitur
2974 4137 3069 4175 eos
3100 4122 3239 4175 sicut
3262 4122 3315 4175 in
3343 4122 3545 4191 judicio
3573 4139 3695 4177 cun-

2103 4223 2185 4267 cta
2216 4214 2601 4280 perquirentes.
2645 4210 2797 4276 Quod
2824 4225 2961 4281 opus
3002 4221 3084 4265 est
3117 4212 3304 4266 tuum?
3341 4214 3481 4267 unde
3510 4215 3695 4267 venis?

2100 4319 2206 4373 quo
2247 4302 2433 4358 vadis?
2453 4320 2557 4373 qua
2587 4303 2654 4358 de
2680 4305 2900 4372 regione
2923 4303 2945 4342 9
2972 4318 3080 4374 quo
3108 4305 3178 4360 de
3204 4307 3398 4375 popqu
3421 4323 3479 4361 es
3505 4307 3599 4361 tu?
3626 4308 3693 4363 Et

2100 4393 2315 4463 quidem
2369 4394 2656 4449 accusabat
2704 4410 2892 4461 mare,
2949 4396 3251 4449 acclamans
3300 4409 3484 4451 contra
3533 4414 3692 4453 :sors

2101 4487 2388 4542 damnabat
2425 4498 2471 4541 et
2507 4488 2869 4541 testimonium
2901 4496 3082 4541 contra
3126 4488 3357 4552 ferebat;
3388 4490 3482 4543 sed
3512 4500 3688 4545 tamen

2102 4597 2276 4650 neque
2324 4580 2454 4633 mari
2484 4590 2669 4632 contra
2698 4578 3031 4632 exclamantc
3053 4619 3065 4640 ,
3101 4593 3275 4648 neque
3319 4591 3463 4635 sorte
3503 4598 3565 4634 ex
3596 4583 3689 4636 ad-

2100 4689 2254 4728 verso
2283 4671 2637 4726 testimOnium
2685 4670 2974 4734 reddente,
3010 4673 3335 4725 sententiam
3384 4672 3560 4727 adhuc
3594 4675 3687 4728 da-

2097 4767 2258 4830 bant,
2288 4764 2380 4816 sed
2413 4763 2571 4815 veluti
2608 4763 2660 4815 in
2683 4761 2885 4831 judicio
2926 4770 2979 4816 et
3019 4763 3422 4817 accusatoribus
3454 4779 3689 4832 praesen-

2098 4857 2258 4918 tibus,
2290 4866 2343 4909 et
2368 4855 2593 4908 testibus
2622 4854 2965 4919 instantibus,
2991 4854 3200 4909 indiciis
3223 4864 3379 4924 atque
3400 4869 3684 4924 argumen-

2095 4947 2163 5000 tis
2189 4945 2473 5009 veridicis,
2505 4960 2609 4999 non
2660 4946 2804 5013 prius
2848 4945 3055 5013 jntliees
3098 4948 3415 5000 sententiam
3468 4945 3679 5010 ferunt,

2094 5052 2249 5107 quam
2272 5036 2606 5090 damnandus
2625 5037 2736 5106 ipse
2756 5036 2983 5103 promite
3000 5036 3069 5089 sit
3086 5047 3359 5089 accusator
3380 5036 3546 5103 culpze
3567 5052 3579 5088 :
3604 5037 3683 5091 sic

2094 5141 2147 5184 et
2172 5130 2220 5183 lii
2245 5141 2441 5195 nautm,
2466 5129 2708 5183 homines
2730 5127 2940 5182 barbari
2963 5138 3013 5182 et
3044 5127 3321 5187 insensati.
3347 5143 3490 5192 eum,
3513 5129 3601 5198 qui
3629 5132 3681 5184 in

2089 5219 2306 5286 judiciis
2321 5229 2426 5282 est,
2442 5218 2682 5273 ordinem
2707 5218 3007 5272 imitantur:
3023 5225 3075 5270 et
3093 5216 3141 5270 id
3163 5217 3398 5286 quidem.
3417 5226 3687 5274 tantome—

2095 5320 2171 5373 tn,
2199 5318 2275 5361 tot
2292 5308 2569 5373 ﬂuctibus,
2595 5317 2735 5362 tanta
2760 5309 2903 5377 ipsos
2924 5307 3309 5362 circumstante
3336 5310 3567 5377 procella
3589 5351 3603 5369 .
3628 5319 3684 5364 et

2094 5402 2228 5454 mari
2260 5415 2433 5470 neque
2459 5401 2538 5454 vel
2587 5398 2847 5468 respirare
2886 5398 3230 5467 permittente
3262 5418 3274 5454 :
3308 5409 3506 5453 tantum
3539 5399 3683 5456 lurco

2097 5494 2187 5545 bat
2232 5493 2559 5559 sonabatque
2588 5494 2974 5559 continuusque
2999 5488 3194 5544 ﬂuctus
3223 5489 3502 5545 excitabat.
3531 5491 3682 5547 Unde

2097 5584 2257 5653 igitur
2298 5593 2438 5637 tanta
2467 5583 2569 5637 fuit
2597 5582 2930 5652 providentia
2980 5598 3103 5651 erga
3138 5582 3550 5651 prophetam?A
3588 5584 3681 5640 Dei

2096 5675 2510 5743 dispensatione.
2564 5673 2771 5727 Etenim
2820 5671 2922 5728 hoc
2953 5673 3067 5727 ﬁeri
3122 5673 3258 5725 Deus
3301 5674 3676 5742 permittebat,

2097 5766 2406 5833 prophetam
2429 5763 2510 5815 vel
2536 5777 2601 5816 ex
2633 5763 2717 5817 his
2746 5761 3041 5817 admonens
3062 5802 3075 5823 ,
3110 5774 3164 5814 ut
3198 5772 3506 5818 mansuetus
3536 5774 3679 5819 esset

2096 5871 2155 5909 ac
2188 5855 2329 5910 mitis
2348 5894 2363 5922 ,
2392 5854 2543 5924 quasi
2565 5854 2630 5910 ad
2658 5870 2779 5912 eum
2820 5855 3057 5911 clamans
3081 5893 3096 5921 ,
3128 5861 3183 5909 et
3211 5852 3395 5909 dicens
3425 5871 3439 5907 :
3468 5853 3678 5910 Imitare
