4446 6708
717 394 811 446 ΞΗ

723 538 952 597 nautas,
999 531 1243 591 homines
1295 538 1591 597 insensatos
1642 561 1656 595 :
1710 546 1972 616 siquidem
2022 546 2074 605 hi
2122 566 2293 623 neque

717 632 876 672 unam
904 634 1162 691 spernunt
1184 629 1413 683 animam
1434 673 1449 693 ,
1484 648 1655 702 neque
1681 637 1770 690 uni
1804 649 1893 692 tuo
1924 658 2028 695 non
2071 653 2294 713 parcunt

715 716 960 780 corpori;
988 726 1038 770 tu
1068 730 1189 772 vero
1211 721 1508 777 universam
1536 728 1718 783 urbem
1744 739 1817 785 tot
1840 734 1999 787 millia
2020 734 2291 791 hominum

718 797 1027 870 lubentem,
1050 818 1303 875 quantum
1333 811 1385 865 in
1418 823 1467 867 te
1495 815 1588 868 iuit
1610 859 1626 882 ,
1648 825 1939 888 exposuisti
1972 845 1985 877 :
2018 836 2071 880 et
2094 826 2144 880 hi
2172 829 2290 897 qui-

718 890 869 957 dem,
914 909 1181 964 comperta
1212 900 1471 957 malorum
1500 920 1716 963 suorum
1738 927 1895 967 causa
1916 955 1931 978 ,
1962 932 2068 970 non
2096 918 2292 987 impetu

717 984 783 1034 ad
832 984 1226 1046 damnationem
1271 993 1512 1059 irrunnt;
1543 1008 1597 1055 tu
1628 1018 1754 1057 vero
1777 1046 1793 1070 ,
1826 1006 1877 1059 in
1924 1009 2072 1063 nullo
2112 1012 2293 1066 valens

716 1072 973 1131 Ninivitas
1010 1095 1262 1139 accusare
1286 1087 1618 1150 ,dcmersisti
1656 1110 1751 1150 eos
1796 1108 1954 1167 atque
1997 1103 2292 1170 perdidisti.

717 1164 835 1233 'l‘n,
872 1185 958 1224 me
1004 1177 1347 1243 praecipiente
1390 1196 1484 1235 eos
1533 1184 1598 1236 ad
1630 1187 1854 1242 salutem
1903 1202 1987 1246 tua
2041 1196 2295 1262 praedica-

717 1257 862 1313 tione
889 1276 1138 1318 revocare
1163 1308 1176 1330 ,
1210 1284 1312 1321 non
1348 1274 1605 1339 paruisti;
1638 1277 1687 1331 hi
1717 1289 1893 1334 autem
1940 1288 2151 1341 nemine
2193 1304 2293 1344 au-

714 1345 828 1400 dito
858 1350 988 1404 nihil
1015 1370 1115 1406 non
1160 1370 1323 1425 agunt
1364 1372 1418 1415 et
1456 1366 1767 1434 moliuntur,
1796 1388 1901 1442 quo
1930 1384 1981 1431 te
2011 1378 2227 1434 noxium
2263 1397 2293 1435 a

714 1438 971 1507 supplicio
1000 1458 1273 1501 revocent.
1308 1450 1518 1508 Etenim
1548 1468 1669 1527 post
1698 1461 1866 1530 ipsam
1894 1470 2054 1523 maris
2079 1485 2295 1526 accusa-

716 1527 934 1596 tionem,
968 1544 1088 1601 post
1118 1537 1373 1595 indicium
1403 1548 1582 1612 sortis,
1612 1565 1730 1603 cum
1758 1554 2026 1612 incusaret
2068 1576 2186 1616 sese
2215 1563 2294 1617 lu-

712 1630 941 1689 gamque
984 1624 1259 1693 fati-retur,
1290 1648 1460 1700 neque
1498 1638 1575 1692 sic
1612 1637 1879 1696 irruerunt
1909 1648 1974 1699 ad
2016 1651 2292 1719 propheta).

714 1720 899 1763 necem
923 1752 938 1774 ,
970 1714 1063 1767 sed
1108 1718 1408 1776 nitebantur
1435 1733 1594 1793 atque
1630 1733 1806 1785 omnia
1854 1714 2149 1804 faciebant,
2184 1760 2291 1812 quo

712 1811 833 1852 cum
858 1815 1030 1870 neque
1057 1816 1177 1872 post
1202 1809 1317 1877 ejus
1342 1816 1825 1877 manifestissimam
1856 1829 2064 1898 culpam
2087 1809 2293 1887 violen-

714 1888 798 1992 tize
840 1894 1003 1946 maris
1052 1912 1404 1967 exponerent.
1438 1907 1543 1965 Sed
1572 1929 1675 1968 non
1725 1921 2063 1985 permittebat
2112 1942 2289 1992 mare,

710 1980 795 2033 vel
828 1986 1001 2051 potius
1031 1988 1190 2055 Deus,
1221 1995 1373 2049 sicuti
1401 2015 1494 2067 per
1521 2015 1710 2060 nautas
1732 2024 1851 2063 eum
1875 2052 1890 2075 ,
1918 2014 1985 2065 ita
2016 2024 2070 2069 et
2092 2033 2186 2085 per
2206 2034 2294 2073 ce-

713 2077 821 2123 tum
844 2073 910 2126 ad
937 2090 1122 2131 sanum
1152 2085 1435 2140 consilium
1465 2092 1725 2151 reducere
1751 2073 1951 2156 volens.
1978 2073 2106 2159 Nan;
2147 2120 2293 2177 post-

709 2177 867 2230 quam
896 2169 1133 2224 auditum
1161 2183 1242 2227 est
1260 2217 1275 2240 ,
1308 2175 1489 2233 Tollite
1528 2200 1634 2248 me,
1661 2198 1706 2239 et
1727 2191 1906 2244 mittite
1930 2211 2008 2246 me
2033 2197 2085 2248 in
2116 2169 2289 2265 mare,

709 2257 983 2349 fumab“
1031 2277 1168 2315 mare
1194 2280 1226 2317 ⁸
1268 2268 1403 2322 υ⁰⁶ί³
1462 2270 1608 2341 (Jan.
1656 2277 1706 2330 l.
1743 2280 1870 2349 12),
1901 2285 2103 2341 viribus
2127 2257 2290 2343 cuna;

708 2342 903 2445 bantur
928 2349 979 2401 in
1011 2352 1215 2410 aridam
1247 2358 1493 2427 evadere,
1520 2365 1613 2421 sed
1643 2342 1976 2441 nequaquam
2008 2380 2289 2445 permitte—

708 2434 837 2490 bant
864 2439 1077 2498 ﬂuctus.

776 2530 951 2627 L-Tu
1001 2548 1215 2606 autem,
1274 2548 1719 2612 quemadmodum
1769 2556 2057 2627 fugientem
2105 2565 2286 2622 vidisti

708 2623 1018 2691 prophetam
1039 2669 1055 2693 ,
1104 2633 1227 2686 audi
1256 2650 1375 2689 eum
1406 2649 1459 2693 et
1484 2643 1822 2703 confitentem
1849 2667 1917 2705 ex
1950 2654 2289 2715 inferioribus

706 2713 773 2817 de
795 2717 896 2769 ceti
921 2730 1122 2776 ventre.
1162 2723 1294 2780 lllud
1319 2731 1531 2797 quidem
1561 2737 1723 2792 veluti
1766 2740 1928 2796 homo
1972 2763 2156 2813 passus
2181 2762 2284 2817 est,

705 2802 807 2860 hoc
853 2823 979 2863 vero
1003 2816 1152 2882 quasi
1196 2820 1453 2887 prapheta
1495 2831 1746 2884 ostendit.
1800 2802 2079 2905 Accipiens
2129 2802 2289 2911 igitur

703 2911 823 2951 eum
852 2915 1018 2970 mare,
1050 2908 1212 2962 veluti
1258 2912 1308 2967 in
1353 2917 1581 2984 quodam
1608 2936 1824 2981 carcere
1867 2928 1920 2984 in
1962 2934 2064 2988 ceti
2097 2908 2284 2994 ventre

699 3364 870 3410 turam
916 3360 1387 3439 obtemperarunt,
1421 3391 1528 3446 quo
1563 3394 1659 3448 per
1696 3386 1874 3439 omnia
1907 3390 2166 3459 propheta
2195 3395 2281 3448 in-

696 3457 1009 3508 strueretur.
1048 3456 1277 3515 Veniens
1329 3464 1489 3533 igitur
1535 3470 1587 3524 in
1628 3473 1919 3541 civitatem,
1961 3456 2281 3539 sententiam

696 3538 841 3609 legit,
862 3545 1021 3600 veluti
1046 3552 1279 3620 regalem
1308 3558 1609 3628 epistolam,
1636 3579 1821 3632 poenas
1844 3586 1872 3621 a
1902 3538 2028 3641 rege
2057 3538 2282 3632 indictas

696 3630 979 3701 ferentem,
1028 3648 1081 3693 et
1122 3642 1385 3700 clamabat
1430 3630 1863 3713 dicensiAd/mc
1910 3630 2008 3717 (res
2056 3630 2281 3733 dies,et

697 3721 884 3778 Ninive
907 3727 1215 3786 subvertetur
1241 3736 1385 3807 (Jan.
1411 3741 1462 3795 5.
1498 3744 1573 3813 4).

770 3812 1082 3873 Ρωηὶιεηίίίε
1114 3839 1175 3875 ac
1205 3826 1400 3895 jejunii
1427 3832 1499 3884 vis
1535 3852 1743 3905 magna;
1775 3841 2095 3913 abstinentia,
2120 3864 2278 3905 mater

691 3905 941 3962 sanitatis.
974 3940 1047 3952 —
1077 3915 1377 3973 Audierunt
1406 3922 1481 3977 illi
1514 3926 1647 3991 haec,
1686 3947 1859 4000 neque
1901 3952 2003 3990 non
2030 3905 2278 3999 credide-

691 4011 836 4063 runt,
870 4015 1042 4070 neque
1071 4007 1456 4079 neglexerunt,
1491 4018 1586 4071 sed
1630 4020 1769 4076 illico
1803 4040 1992 4084 cursus
2039 4037 2277 4091 onmimn

694 4102 832 4143 nitus
856 4090 922 4143 ad
944 4092 1227 4161 jejunium,
1260 4102 1491 4159 virorum
1518 4110 1909 4186 mulierumque
1929 4161 1942 4183 ,
1973 4136 2273 4192 servorum,

690 4179 961 4249 berorum,
992 4189 1315 4260 principum,
1344 4196 1700 4271 subditorum,
1733 4207 1988 4275 juvenum
2012 4255 2028 4281 ,
2064 4232 2272 4286 senum,

688 4286 1010 4342 puerorum;
1036 4296 1206 4351 neque
1233 4287 1674 4352 irrationabilium
1706 4311 1894 4357 natura
1927 4306 2179 4365 immunis
2208 4315 2276 4368 ab

686 4374 753 4474 go
774 4366 1089 4474 eratoftieio
1122 4390 1134 4423 :
1167 4376 1361 4444 ubique
1407 4396 1610 4451 saccus,
1654 4390 1849 4462 ubique
1889 4397 2047 4464 cinis,
2079 4366 2272 4474 ubique

686 4450 842 4507 ﬂetus
863 4466 917 4509 et
945 4458 1196 4527 ejulatus.
1248 4466 1379 4522 Nam
1412 4482 1465 4526 et
1495 4474 1609 4543 ipse
1639 4450 1937 4542 diademate
1967 4450 2127 4560 caput
2173 4450 2267 4549 dr-

687 4557 861 4613 natus,
894 4566 924 4603 a
954 4556 1115 4622 regali
1146 4559 1479 4619 descendens
1520 4568 1727 4634 throno,
1771 4591 1981 4635 saccum
2011 4556 2111 4639 sibi
2139 4588 2267 4643 sub-

684 4644 1161 4706 Stravit,cinerem
1209 4657 1425 4723 sparsit,
1473 4669 1634 4730 atque
1676 4665 1753 4719 sic
1802 4670 1985 4726 urbem
2022 4680 2270 4743 periculis

683 4836 842 4877 sacco
885 4827 1183 4886 cedentem.
1241 4836 1389 4903 Quod
1439 4844 1580 4899 enim
1625 4864 1859 4919 purpura
1910 4858 2167 4926 nequivit,
2218 4862 2268 4915 id

682 4929 872 4971 Saccus
929 4924 1101 4988 potuit
1160 4943 1172 4978 :
1218 4932 1357 4997 quod
1422 4949 1794 4998 consummare
1848 4924 2093 5006 diadema
2154 4924 2267 5008 rnon

685 5008 883 5075 valuit,
929 5012 1032 5067 hoc
1062 5017 1197 5073 cinis
1228 5021 1468 5089 perfecit.
1514 5028 1673 5085 Vides
1701 5040 1969 5103 quomodo
2020 5043 2159 5097 haud
2216 5048 2266 5099 in

683 5114 906 5158 vacuum
952 5106 1078 5172 dixi,
1109 5128 1213 5167 non
1258 5114 1540 5184 jejunium,
1592 5126 1683 5179 sed
1727 5129 2033 5189 ebrietatem
2076 5154 2267 5208 crapu-

683 5194 897 5267 lamque
948 5202 1486 5275 timerivoportuisse?
1521 5215 1651 5271 Nam
1696 5220 1929 5278 ebrietas
1955 5238 2007 5281 et
2048 5194 2263 5301 crap'ula

683 5289 865 5344 urbem
895 5299 1123 5349 stantem
1150 5306 1451 5371 concussit,
1483 5309 1549 5362 ad
1576 5323 1866 5382 casumque
1894 5327 2081 5374 nutare
2120 5289 2267 5379 clom-

683 5381 849 5448 pulit:
888 5385 1148 5454 jejunium
1195 5403 1464 5452 nutantem
1497 5402 1663 5471 ipsam
1703 5422 2055 5480 casuramque
2084 5414 2261 5471 firma-

681 5474 774 5526 vit.
827 5477 958 5533 Cum
1007 5478 1111 5535 hoc
1159 5491 1209 5537 et
1254 5486 1433 5544 Daniel
1478 5492 1688 5551 leonum
1732 5500 2005 5571 ingressus
2055 5506 2260 5576 lacmn,

678 5569 829 5634 quasi
878 5586 995 5625 cum
1045 5575 1234 5631 ovibus
1278 5587 1564 5641 mansuetis
1605 5569 1845 5649 versatus
1894 5597 2077 5651 exivit.
2130 5600 2261 5656 Nam

677 5666 966 5717 aestuantes
987 5665 1083 5729 ira,
1100 5676 1306 5724 torvum
1328 5676 1765 5751 mortiferumque
1784 5688 2147 5756 respicientes,
2168 5708 2262 5761 ap-

680 5753 907 5819 positam
939 5770 1046 5814 non
1093 5764 1376 5835 tangebam
1420 5783 1679 5841 mensam,
1711 5777 1804 5832 sed
1849 5753 1959 5850 ipsa
1988 5753 2260 5844 excitauit:

1499 403 1538 461 S
1592 406 1869 466 JOANNIS
1905 410 2379 470 CIIRYSOSTOMI
2416 414 2728 473 ARClllEP.
2772 419 3298 483 CONSTANTINOP.

3876 441 3982 499 312

2404 546 2588 591 natura
2619 536 2769 610 (nihil
2793 544 2934 597 enim
2959 546 3187 605 ferocius
3213 552 3315 607 illis
3333 552 3558 624 bestiis),
3588 564 3641 610 et
3671 556 3809 614 fame
3832 561 3978 630 (nam

2401 637 2453 681 et
2484 640 2684 697 septem
2729 632 2915 688 diebus
2944 652 3051 691 non
3093 653 3406 713 acceperant
3431 644 3627 715 cibum)
3670 647 3831 702 veluti
3858 668 3987 705 car-

2404 719 2560 775 niiice
2588 724 2816 792 quodam
2870 725 3188 786 intrinsecus
3218 745 3458 804 urgente,
3506 746 3665 806 utque
3710 753 3814 792 non
3860 755 3986 808 pro-

2403 810 2577 880 pheta:
2601 817 2800 869 viscera
2830 816 3197 887 discerperent
3237 826 3500 883 clamante
3528 830 3569 893 ⁸,
3613 827 3787 882 cibum
3826 844 3984 884 reve-

2403 901 2488 953 riti
2515 912 2657 957 sunt.
2679 904 2812 960 Cum
2836 907 2934 963 hoc
2950 916 3059 963 tres
3070 912 3220 979 pueri
3240 911 3293 967 in
3314 913 3690 986 Babylonicum
3707 918 3976 973 caminum

2404 991 2629 1061 ingressi
2648 1036 2662 1057 ,
2692 1005 2847 1066 atque
2877 998 2928 1051 in
2962 998 3078 1067 igne
3109 1001 3275 1053 multo
3299 1006 3462 1060 etiam
3494 1015 3730 1076 tempore
3757 1009 3981 1073 versati,

2402 1086 2520 1155 igne
2548 1087 2663 1155 ipso
2691 1087 2972 1159 fulgidiora
3000 1106 3220 1160 corpora
3248 1093 3527 1163 habentes,
3567 1115 3766 1171 egresst
3814 1110 3980 1155 sunt:

2402 1192 2720 1245 quamquam
2753 1180 2797 1233 si
2828 1197 2951 1236 vere
2979 1183 3112 1251 ignis
3143 1192 3255 1236 erat
3277 1184 3413 1253 ignis
3443 1187 3551 1255 ille,
3581 1192 3847 1259 quomodo
3862 1207 3983 1260 qua:

2403 1266 2537 1335 ignis
2562 1276 2687 1321 sunt
2712 1280 2887 1338 partes
2912 1288 3015 1325 non
3054 1273 3342 1343 implebat?
3368 1276 3411 1328 si
3433 1291 3663 1348 corpora
3689 1290 3839 1337 erant
3869 1280 3979 1346 illa,

2401 1357 2669 1426 quomodo
2709 1359 2794 1427 iis,
2817 1377 2936 1430 qua:
2986 1364 3298 1432 corporibus
3326 1367 3635 1437 contingere
3675 1386 3980 1429 consueve-

2400 1457 2555 1512 runt,
2590 1463 2695 1502 non
2731 1452 3145 1521 contingebant?
3183 1453 3501 1521 Quomodo?
3530 1457 3792 1527 jejunium
3820 1462 3985 1517 inter-

2399 1554 2523 1609 roga
2545 1580 2559 1603 ,
2585 1551 2638 1594 et
2677 1544 3050 1612 respondebit,
3101 1546 3301 1615 tibique
3341 1548 3563 1617 muigma
3608 1552 3779 1607 solvet
3814 1571 3827 1607 :
3858 1571 3983 1611 vero

2398 1648 2627 1702 namque
2665 1634 2761 1689 fuit
2802 1639 3044 1708 a-nigma.
3072 1640 3278 1694 Etenim
3310 1656 3592 1711 corporum
3641 1656 3828 1701 natura
3857 1663 3982 1703 cum

2399 1734 2586 1778 natura
2632 1726 2767 1794 ignis
2797 1729 3055 1797 certabat,
3080 1746 3470 1803 corporumque
3508 1734 3727 1788 victoria
3781 1740 3979 1793 evenit.

2400 1818 2584 1871 Vidisti
2632 1835 2861 1890 pugnam
2902 1824 3252 1881 admiratione
3299 1827 3547 1896 dignam?
3595 1827 3776 1883 vidisti
3812 1831 3984 1900 magis

2397 1908 2761 1964 admirabilem
2790 1912 3108 1967 victoriam?
3143 1914 3305 1984 Igitur
3326 1916 3583 1985 jejunium
3614 1918 3825 1983 mirare,
3852 1934 3981 1988 pro-

2400 1998 2586 2067 nisque
2618 2001 2859 2056 manibus
2905 2004 3117 2073 suscipe
3145 2023 3157 2058 :
3192 2007 3403 2075 quando
3428 2008 3569 2062 enim
3608 2017 3662 2062 et
3688 2009 3740 2063 in
3769 2010 3983 2063 camino

2398 2088 2500 2143 fert
2522 2106 2709 2158 opem,
2741 2100 2899 2161 atque
2926 2094 2976 2147 in
3001 2094 3215 2149 leonum
3245 2097 3474 2151 custodit
3503 2100 3652 2163 lacu,
3676 2098 3977 2154 dmmones-

2396 2196 2499 2247 que
2545 2182 2721 2249 fugat,
2762 2194 2815 2236 et
2867 2185 2955 2238 Dei
3000 2196 3214 2240 revocat
3239 2188 3587 2252 sententiam,
3629 2190 3983 2259 vitiorumque

2397 2269 2629 2324 furorem
2658 2274 2975 2341 supprimit,
3006 2284 3063 2327 et
3099 2277 3164 2328 ad
3203 2277 3372 2345 ipsam
3402 2293 3498 2331 nos
3525 2278 3732 2333 reducit
3761 2280 3982 2335 liberta-

2396 2372 2529 2425 tem,
2560 2364 2946 2434 plurimamquc
2985 2368 3038 2419 in
3081 2367 3276 2421 nostris
3314 2369 3721 2439 cogitationibus
3745 2372 3978 2439 quietem

2394 2456 2660 2519 insinuat;
2688 2457 2955 2524 quomodo
2980 2472 3085 2511 non
3114 2467 3369 2513 extrema:
3390 2459 3548 2516 fuerit
3570 2461 3789 2515 insaniae
3810 2461 3938 2514 illud
3960 2502 3977 2525 ,

2396 2554 2471 2599 tot
2516 2556 2767 2616 tantaque
2794 2549 2844 2601 in
2877 2549 3122 2602 manibus
3162 2548 3365 2604 habens
3397 2550 3557 2616 bona,
3604 2550 3784 2621 fugere
3813 2560 3869 2607 et
3915 2553 3981 2605 ti-

2396 2638 2581 2693 mere?
2610 2639 2867 2705 Macerat,
2894 2641 3090 2710 inquis,
3120 2656 3312 2712 corpus
3340 2652 3577 2697 nostrum
3608 2642 3979 2713 infirmumque

2395 2730 2635 2783 reddit’.
2688 2731 2789 2784 Sed
2841 2742 3097 2801 quantum
3138 2734 3376 2788 exterior
3413 2734 3572 2789 homo
3600 2736 3978 2804 corrumpitur.

2395 2833 2597 2877 tantum
2629 2825 2849 2879 interior
2895 2826 3056 2879 homo
3092 2840 3379 2881 renovatur
3426 2828 3493 2882 de
3518 2828 3605 2883 die
3646 2829 3699 2883 in
3728 2829 3866 2883 diem
3897 2829 3975 2897 (‘2.

2391 2915 2509 2972 Cor.
2534 2918 2586 2971 4.
2619 2918 2708 2987 16)
2732 2934 2745 2969 :
2768 2917 2875 2971 imo
2895 2918 2938 2971 si
2962 2934 3072 2972 rem
3101 2919 3406 2988 diligentius
3429 2921 3660 2975 volueris
3688 2919 3899 2985 intueri,
3922 2932 3979 2974 et

2390 3008 2632 3064 sanitatis
2661 3009 2917 3079 bonreque
2950 3010 3274 3066 habitudinis
3311 3022 3534 3065 matrem
3553 3027 3671 3067 esse
3696 3013 3865 3082 ipsum
3889 3014 3976 3067 in-

2390 3100 2593 3153 venies.
2620 3100 2792 3168 Atque
2834 3101 2877 3152 si
2900 3101 3032 3154 meis
3062 3102 3400 3156 sermonibns
3429 3103 3655 3171 derogas
3686 3102 3863 3165 tidem,
3906 3103 3975 3158 de

2394 3192 2474 3244 bis
2496 3190 2729 3245 medicos
2759 3199 3097 3258 percontare,
3145 3192 3348 3261 ipsique
3386 3194 3571 3246 eadem
3602 3193 3693 3247 tibi
3740 3194 3967 3248 manife-

2388 3283 2522 3335 stius
2548 3282 2911 3351 explicabunt,
2942 3284 3035 3353 qui
3070 3284 3441 3337 abstinentiam
3472 3297 3696 3338 matrem
3734 3284 3975 3339 sanitatis

2387 3374 2657 3443 appellant
2688 3391 2701 3426 :
2752 3376 2944 3443 pedum
2988 3392 3114 3429 vero
3143 3375 3376 3439 dolores,
3399 3386 3455 3431 et
3508 3377 3848 3446 gravedinem
3879 3392 3973 3432 ca-

2389 3465 2906 3534 pitis,apoplcxiam,
2962 3466 3245 3530 vomicam,
3294 3465 3644 3537 hydropisim,
3676 3467 3974 3523 inﬂamma-

2390 3557 2559 3609 tiones
2585 3572 2647 3611 ac
2677 3565 2933 3621 tumores,
2968 3557 3215 3626 milleque
3244 3559 3548 3610 morborum
3595 3558 3821 3612 aliorum
3864 3569 3974 3612 tor-

2386 3656 2583 3709 rentes,
2617 3662 2645 3699 a
2674 3647 2913 3701 delicatis
2943 3648 3075 3701 cibis
3104 3648 3424 3717 crapulaque
3452 3649 3738 3718 provenire
3762 3649 3968 3714 dicunt,

2383 3738 2533 3807 quasi
2562 3753 2589 3789 a
2618 3739 2846 3806 pessimo
2869 3738 3098 3808 quodam
3128 3736 3272 3792 fonte
3303 3754 3493 3807 pravos
3517 3738 3742 3806 rivulos,
3772 3740 3968 3793 bonam

2382 3829 2623 3897 corporis
2690 3828 3096 3896 habitudinem,
3148 3838 3202 3884 et
3247 3830 3439 3884 anima:
3494 3844 3677 3884 sanam
3733 3837 3968 3886 mentem

2382 3920 2659 3974 lscdentcs.

2454 4012 2507 4065 5.
2541 4011 2617 4065 Ne
2646 4012 2803 4080 igitur
2824 4011 3085 4080 jejunium
3114 4013 3394 4068 timeamus
3416 4054 3431 4078 ,
3459 4022 3582 4067 tota
3613 4014 3765 4067 nobis
3786 4013 3968 4068 excluo

2381 4102 2515 4157 dens
2539 4103 2695 4156 mala.
2730 4102 2910 4171 Neque
2936 4104 3077 4156 enim
3101 4118 3200 4172 ego
3226 4118 3320 4157 vos
3340 4105 3455 4155 sine
3484 4118 3642 4157 causa
3662 4104 3712 4156 id
3734 4117 3926 4158 moneo
3944 4142 3961 4167 ,

2380 4194 2475 4248 sed
2506 4194 2756 4265 quoniam
2779 4194 2996 4263 quidem
3027 4194 3283 4263 plurimos
3317 4194 3472 4250 video
3520 4195 3763 4248 homines
3802 4194 3964 4264 pigri-

2382 4297 2550 4342 tantes
2572 4298 2625 4343 et
2645 4288 3011 4342 detrectantes
3036 4303 3139 4341 non
3170 4303 3329 4342 secus
3356 4303 3419 4342 ac
3448 4289 3491 4342 si
3511 4287 3740 4342 horrida:
3755 4287 3963 4341 cuidam

2377 4378 2585 4432 mulieri
2609 4377 2767 4431 dandi
2798 4378 2851 4431 in
2882 4392 3068 4430 manus
3096 4376 3290 4441 forent,
3317 4377 3579 4431 ebrietate
3600 4376 3758 4431 hodie
3778 4391 3967 4445 crapu-

2378 4470 2535 4538 laque
2561 4470 2764 4537 seipsos
2811 4478 3237 4538 corrumpentes,
3271 4469 3390 4523 ideo
3420 4484 3612 4524 moneo
3640 4483 3708 4523 ne
3736 4470 3853 4539 quis
3881 4467 3964 4522 fu-

2378 4574 2549 4615 turam
2581 4576 2609 4614 a
2636 4561 2841 4630 jejunio
2880 4562 3162 4614 utilitatem
3190 4562 3307 4629 gula
3348 4562 3685 4631 ingluvieque
3712 4561 3957 4630 perimat.

2374 4653 2508 4707 Nam
2539 4651 2629 4721 qui
2650 4650 2912 4705 stomachi
2946 4651 3072 4702 vitio
3098 4651 3248 4704 cibos
3275 4651 3571 4715 fastidiunt,
3595 4667 3714 4704 cum
3742 4665 3961 4719 asperas

2374 4754 2494 4799 sunt
2520 4742 2814 4797 medicinas
2838 4741 3131 4810 accepturi,
3158 4743 3201 4794 si
3229 4744 3386 4795 nimia
3418 4756 3537 4796 sese
3553 4756 3674 4795 esca
3696 4741 3958 4811 repleant,

2374 4843 2535 4902 atque
2571 4833 2647 4885 sic
2671 4832 2989 4885 medicinam
3038 4829 3329 4901 accipiant,
3358 4833 3700 4887 acerbitatem
3745 4831 3958 4902 quidem

2376 4925 2521 4978 illam
2553 4923 2917 4990 pertulerunt,
2952 4922 3178 4976 utilitate
3224 4938 3349 4974 vero
3376 4924 3731 4988 exciderunt,
3780 4938 3955 4978 reme-

2374 5018 2463 5068 dio
2503 5015 2861 5069 difﬁciliorem
2904 5016 3162 5069 adversus
3215 5029 3406 5082 pravos
3436 5016 3685 5069 humores
3728 5031 3958 5085 pugnam

2377 5116 2643 5175 parantes.
2677 5106 3036 5174 Quamobrem
3063 5104 3254 5159 medici
3283 5119 3376 5158 eos
3407 5107 3698 5159 increnatos
3722 5106 3957 5160 dormire

2367 5202 2589 5272 jubent,
2618 5215 2725 5270 quo
2751 5200 2915 5254 virtus
2947 5201 3108 5254 totius
3147 5198 3427 5253 medicina:
3471 5198 3649 5252 statim
3693 5200 3956 5253 morbosi:

2372 5301 2619 5347 occurrat
2646 5291 2976 5347 humoribus.
3017 5291 3104 5345 Sic
3132 5297 3187 5344 et
3211 5288 3415 5357 jejunio
3442 5291 3733 5359 contingit:
3772 5290 3817 5346 si
3871 5301 3952 5343 te-

2374 5383 2546 5451 ipsmn
2580 5379 2736 5435 hodie
2766 5382 2928 5435 multa
2955 5379 3199 5435 obrueris
3227 5379 3484 5433 ebrietate
3503 5420 3518 5445 ,
3550 5382 3777 5435 crastina
3828 5393 3954 5432 vero

2371 5489 2488 5528 eam
2520 5473 2791 5542 acceperis
2818 5472 3171 5535 medicinam,
3199 5468 3334 5522 hanc
3365 5467 3456 5525 tibi
3483 5470 3724 5541 profecto
3763 5483 3949 5521 vanam

2434 5678 2448 5709 ⁸
2486 5678 2556 5726 sic
2586 5675 2726 5725 Savil.
2755 5680 2806 5724 et
2849 5686 2975 5721 unus
3014 5680 3130 5732 neg.
3164 5670 3327 5721 Morel.
3354 5684 3491 5732 vero,
3528 5678 3673 5735 atque
3710 5668 3951 5731 propth

2369 5740 2548 5789 tisrrm
2571 5740 2895 5806 discerperent
2920 5736 3171 5806 clamante:
3213 5792 3239 5806 ρ
3327 5798 3352 5806 ,μ
3392 5803 3400 5806 Α
3675 5794 3685 5804 .

2433 5804 2452 5834 ³
2486 5811 2589 5852 sar.
2619 5808 2666 5850 et
2693 5792 2818 5848 unus
2844 5805 2978 5860 Reg,
3002 5804 3134 5859 urget
3154 5792 3476 5859 inﬁrmitatem
3495 5792 3884 5855 (ογροτίυιοειγί.
