4446 6722
761 407 870 462 813

759 541 885 580 στον
925 521 1057 577 αὐτὸ
1105 521 1201 576 καὶ
1249 521 1505 594 ἀνόνητον
1537 522 1819 594 ἐποίησας,
1849 524 1942 577 καὶ
1979 523 2072 578 τὸν
2127 525 2226 596 μὲν
2273 524 2434 578 πόνον

758 614 1062 685 ὑπέμεινας
1083 653 1100 679 ,
1133 614 1194 666 τὸ
1225 613 1282 668 δέ
1320 612 1512 684 κέρδος
1555 613 1656 665 οὐκ
1689 611 1999 683 ἐκαρπώσω
2037 613 2131 666 τοῦ
2178 612 2435 684 πράγμα-

756 719 870 767 τος,
905 701 1057 775 [316]
1083 703 1165 765 είς
1179 701 1279 773 τὴν
1303 699 1613 771 πρόσφατον
1645 701 1710 754 ἐκ
1737 701 1834 769 τῆς
1869 698 2040 770 μέθης
2073 701 2434 772 ἐγγινομένην

684 810 686 812 ⁷
757 791 957 846 κακίαν
1004 789 1221 845 ἅπασαν
1261 786 1425 842 αὐτοῦ
1468 785 1956 850 καταδαπανῶντος
1995 787 2094 857 τὴν
2124 803 2143 824 ι
2171 785 2428 858 δύναμινο

757 878 857 932 ἐὰν
881 879 938 933 δὲ
964 877 1162 946 κοῦφον
1191 877 1328 947 αὐτῇ
1357 875 1419 928 τὸ
1444 873 1602 945 σῶμα
1630 874 2060 946 παρασκευάσῃς
2080 875 2177 929 κα)⁵
2205 875 2431 946 νήφοντι

757 965 1001 1036 λογισμῷ
1022 967 1082 1018 τὺ
1099 963 1387 1034 φάρμακον
1405 962 1554 1035 δέξῃ,
1573 961 1747 1016 πολλά
1765 963 1872 1016 τῶν
1901 963 2148 1016 παλαιῶν
2177 963 2292 1032 άμα
2302 979 2431 1034 ρτη-

760 1051 944 1124 μάτων
966 1049 1316 1121 ἀωκαθᾶραι
1346 1050 1572 1121 δυνήσῃ.
1605 1051 1698 1122 Μὴ
1731 1050 1909 1103 τοίνυν
1942 1050 2029 1103 διὰ
2057 1049 2227 1121 μέθης
2262 1050 2430 1120 ἴωμεν

755 1140 836 1201 είς
885 1137 983 1208 τὴν
1011 1137 1286 1208 νηστείαν,
1327 1136 1460 1208 μηδὲ
1506 1137 1614 1190 ἀπὸ
1645 1137 1898 1206 νηστείας
1927 1138 2006 1199 είς
2047 1135 2219 1205 μέθην
2255 1153 2428 1188 κατα-

755 1226 1006 1296 λύσωμεν
1069 1227 1252 1289 πάλιν,
1306 1227 1393 1280 ἵνα
1427 1225 1500 1294 μὴ
1547 1225 1743 1277 ταύτὸν
1781 1224 2029 1292 γένηται,
2087 1219 2201 1276 οἷον
2243 1225 2296 1276 εῐ
2343 1239 2428 1284 τις

754 1313 1126 1385 ἀρῤωστοῦντι
1180 1313 1390 1382 σώματι
1445 1313 1540 1365 καί⁵
1597 1311 1972 1365 διανίστασθαι
2040 1310 2284 1382 μέλλοντι
2328 1309 2428 1376 λάξ

755 1399 1007 1471 ἐμδαλὼν
1041 1400 1394 1471 σφοδρότερον
1432 1399 1729 1454 καταϐάλοι
1777 1399 1961 1454 πάλιν.
1995 1401 2062 1452 Ὀ
2095 1399 2188 1454 καὶ
2218 1399 2312 1452 ἐπὶ
2330 1399 2428 1467 τῆς

751 1488 932 1558 ψυχῆς
957 1489 1056 1559 τῆς
1091 1488 1368 1559 ἡμετέρας
1392 1489 1620 1557 γίνεται,
1651 1490 1779 1543 ὅταν
1810 1489 1869 1555 ἐξ
1910 1488 2172 1558 ἐκατέρου
2208 1488 2428 1559 μέρους,

755 1555 862 1630 καί
875 1555 976 1644 τῆς
1009 1555 1183 1647 ἀρχῆς
1216 1555 1309 1629 καὶ
1356 1555 1450 1629 τοῦ
1483 1577 1672 1638 τέλους
1695 1575 1795 1644 τῆς
1818 1555 2094 1644 νηστείας,
2125 1577 2191 1642 τῇ
2211 1555 2428 1642 νεφέλῃ

751 1662 852 1733 τῆς
879 1663 1048 1733 μέθης
1097 1662 1196 1734 τὴν
1244 1666 1308 1716 ἐκ
1339 1664 1438 1730 τῆς
1483 1661 1696 1723 ἀσιτίας
1746 1660 2046 1730 γενομένην
2089 1660 2222 1730 ἡμῖν
2266 1657 2428 1727 νῆψιν

755 1749 1160 1819 συσκιάσωμεν.
1203 1749 1469 1820 Καθάπερ
1514 1749 1626 1819 γὰρ
1654 1748 1704 1800 οἱ
1734 1747 1944 1819 θηρίοις
1975 1745 2265 1800 πυκτεύειν
2303 1744 2425 1816 μέλ·

753 1835 955 1900 λοντες,
991 1835 1205 1899 πολλοῖς
1231 1836 1418 1900 ὅπλοις
1447 1837 1543 1890 καὶ
1581 1834 1956 1905 ἀσφαλίσμασι
1990 1834 2058 1887 τά
2092 1833 2282 1903 καίρια
2319 1831 2426 1884 τῶν

756 1922 936 1995 μελῶν
989 1926 1460 1996 περιφράξαντες,
1509 1924 1608 1994 τὴν
1645 1923 1783 1995 πρὸς
1834 1925 2017 1976 ἐκεῖνα
2075 1920 2425 1989 ἀναδέχονται

756 2013 967 2083 μάχην·
1017 2012 1159 2066 οὕτω
1207 2013 1302 2064 καὶ
1329 2011 1423 2064 νῦν
1451 2011 1637 2064 πολλοὶ
1684 2009 1793 2062 τῶν
1843 2008 2144 2079 ἀνθρώπων
2183 2009 2341 2070 εἰσιν,
2375 2007 2426 2059 οἳ

755 2100 1011 2170 καθάπερ
1043 2099 1218 2169 θηρίῳ
1259 2102 1324 2170 τῇ
1356 2099 1582 2168 νηστείᾳ
1610 2095 1903 2149 πυκτεύειν
1939 2095 2258 2166 μέλλοντες,
2285 2093 2428 2147 οὐτω

755 2190 820 2259 τῇ
880 2187 1296 2258 γαστριμαργίᾳ
1349 2183 1804 2250 καθοπλίζονται,
1870 2184 1964 2236 καὶ⁸
2033 2184 2427 2254 διαρρήξαντες

755 2275 982 2335 ἐαυτούς
1029 2277 1125 2328 καὶ
1177 2272 1552 2336 σκοτώσαντες
1584 2272 1723 2343 μετὰ
1767 2271 1968 2341 πολλῆς
1998 2273 2096 2338 τῆς
2139 2287 2428 2341 παραφρο-

755 2363 922 2433 σύνης
962 2362 1310 2433 ὑποδέχονται
1339 2361 1402 2414 τὸ
1420 2362 1672 2430 γαλήνιον
1698 2362 1792 2413 καί⁵
1819 2359 2024 2430 ἥμερον
2048 2350 2152 2428 τῆς
2178 2358 2429 2428 νηστείας

751 2452 925 2520 ιμμα.
950 2451 1067 2506 Κάν
1095 2451 1191 2521 μὲν
1231 2451 1492 2518 ἐρωτήσω
1522 2465 1604 2512 σε,
1634 2448 1788 2509 Τίνος
1816 2448 2000 2500 ἕνεκεν
2033 2449 2114 2510 είς
2147 2447 2429 2516 βαλανεῖον

751 2538 967 2609 τρέχεις
991 2539 1266 2609 σήμερον;
1308 2539 1423 2592 Ἰνα
1443 2534 1666 2605 καθαρῷ
1693 2533 1770 2603 τῷ
1801 2533 2014 2603 σώματι
2040 2533 2139 2603 τὴν
2168 2533 2428 2602 νηστείαν

817 2643 846 2672 ⁸
873 2641 991 2690 Hac
1014 2647 1091 2688 est
1116 2641 1285 2690 Savilii
1307 2641 1475 2695 lectio,
1501 2653 1595 2699 qua
1626 2639 1850 2699 admisq,
1877 2638 2218 2699 grayissimum
2242 2637 2424 2685 edilioo

751 2706 831 2751 nis
852 2703 1190 2752 Benediclinaa
1214 2702 1442 2750 mendum
1470 2697 1610 2749 nabis
1628 2697 1904 2748 corroxissé
1932 2697 2172 2746 videmur.
2200 2699 2423 2759 Legeba-

753 2770 834 2812 ‘uir
851 2764 1043 2812 enim...
1066 2763 1256 2811 ἅπασαν
1276 2763 1446 2817 αὐτοὺς
1467 2762 1887 2818 καταδαπανήσας,
1913 2759 2180 2809 deﬁciente
2202 2768 2286 2808 aut
2307 2772 2424 2809 sane

754 2829 922 2875 trace
944 2826 1139 2874 doctum
1165 2825 1388 2886 fugiente
1411 2837 1582 2872 sensu.
1607 2823 1745 2872 Eorr.

1542 408 1598 464 S.
1640 406 1923 464 JOANNIS
1958 405 2450 464 CIIRYSOSTOMI
2487 403 2810 461 ARCHIEP.
2845 401 3408 463 CONSTANTINOP.

4104 411 4212 469 οη

2535 517 2917 589 ὐποδέξωμαι,
2959 522 3152 592 φήσεις
3170 537 3185 552 ·
3219 520 3286 575 ἀν
3316 517 3373 574 δέ
3402 518 3684 592 ἐρωτήσω,
3720 520 3877 587 Τίνος
3897 525 4085 581 ἕνεκεν
4113 545 4213 596 με·

2537 606 2717 672 θύεις;
2763 606 2984 678 Ἐπειδὴ
3008 609 3085 670 είς
3110 608 3365 680 νηστείαν
3391 605 3572 678 μέλλω
3593 607 3836 670 εἰσιέναι,
3855 609 4018 666 πάλιν
4043 615 4212 684 ἀρεῖς.

2535 693 2646 748 Καὶ
2671 693 2788 756 πῶς
2822 693 2922 746 οὐκ
2954 692 3156 747 ἄτοπόν
3182 697 3298 748 ἐστι
3321 737 3337 762 ,
3373 693 3584 764 σώματι
3623 694 3720 764 μὲν
3765 695 4014 766 καθαρῷ,
4063 700 4212 773 ψυχῇ

2534 781 2591 835 δὲ
2617 779 2912 851 ἀκαθάρτῳ
2941 779 3034 832 καὶ
3063 780 3339 856 μεθυούσῃ
3363 824 3378 848 ,
3418 781 3515 854 τὴν
3541 781 3832 852 καλλίστην
3857 784 4062 855 ταύτην
4094 791 4214 862 ἐορ-

2533 870 2634 941 τὴν
2664 869 2691 909 b
2727 866 3122 939 ύποδέχεσθαι;
3170 869 3328 938 Ἐνῆν
3376 871 3475 941 μὲν
3508 867 3600 926 οὖν
3632 871 3725 925 καὶ
3755 871 3980 925 πλείονα
4007 874 4214 929 τούτων

2533 959 2729 1022 εἰπεῖν,
2775 956 2914 1012 ἀλλά
2953 958 3066 1019 τοῖς
3114 958 3454 1025 σωφρονοῦσι
3499 958 3793 1014 καὶταῦτα
3857 959 4022 1031 ἀρκεῖ
4077 962 4212 1031 πρὸς

2533 1045 2840 1117 διόρθωσιν.
2886 1046 3086 1115 Διόπερ
3117 1044 3332 1114 ἀνάγκη
3368 1047 3724 1102 καταπαῦσαι
3749 1049 3840 1103 τὸν
3891 1047 4082 1116 λόγον·
4122 1050 4214 1104 καὶ

2535 1133 2644 1201 γάρ
2677 1131 2778 1202 τῆς
2822 1131 2919 1184 τοῦ
2961 1130 3165 1202 πατρὸς
3203 1130 3386 1201 φωνῆς
3435 1133 3690 1204 ἐπιθυμῶ
3732 1135 3981 1190 ἀκοῦσαι.
4022 1135 4213 1204 Ἡμεῖς

2533 1217 2631 1285 μὲν
2663 1218 2772 1287 γάρ
2795 1257 2809 1281 ,
2842 1218 2985 1271 κατά
3029 1218 3099 1272 τὰ
3127 1217 3316 1271 παιδία
3344 1216 3412 1269 τά
3445 1221 3739 1288 ποιμενικά
3757 1261 3774 1286 ,
3806 1222 3986 1293 λεπτῷ
4011 1221 4089 1292 τῷ
4117 1239 4214 1275 κα-

2529 1302 2687 1373 λάμῳ
2723 1304 3042 1376 συρίζομεν,
3092 1307 3280 1375 ὥσπερ
3323 1305 3428 1357 ὑπό
3473 1321 3598 1358 τινα
3629 1307 3758 1379 δρῦν
3791 1310 3824 1380 ἢ
3861 1310 4095 1380 λεύκην,
4142 1311 4208 1380 τῇ

2531 1396 2659 1465 σκιᾷ
2689 1393 2797 1447 τῶν
2847 1394 3010 1466 ιερῶν
3058 1405 3080 1434 ο
3126 1395 3331 1449 τούτων
3377 1394 3708 1466 καθήμενοι·
3755 1396 3912 1465 οὗτος
3961 1401 4021 1455 δὲ
4071 1401 4213 1454 καθά

2536 1482 2796 1552 μουσικός
2830 1498 2914 1544 τις
2941 1481 3162 1552 ἀριστος
3198 1482 3405 1553 χρυσῆν
3435 1483 3819 1554 ἁρμοσάμενος
3849 1488 4083 1560 κιθάραν
4103 1528 4118 1551 ,
4147 1491 4212 1558 τῇ

2533 1569 2825 1640 συμφωνίᾳ
2844 1569 2951 1624 τῶν
2973 1571 3335 1642 κρουσμάτων
3351 1570 3644 1643 ὀλόκληρον
3667 1573 3918 1645 ἀνίστησι
3941 1576 4173 1648 θέατρον
4200 1595 4214 1606 ·

2530 1654 2675 1709 οὓτω
2722 1657 2787 1727 δὴ
2833 1657 2928 1712 καὶ
2976 1652 3150 1721 οὗτος,
3180 1657 3241 1710 οὐ
3290 1658 3579 1729 συμφωνίᾳ
3627 1663 4018 1730 κρουσμάτων,
4075 1664 4214 1718 ἀλλά

2533 1745 2826 1815 συμφωνίᾳ
2879 1745 3052 1814 λόγων
3095 1745 3191 1798 καὶ
3226 1743 3490 1816 Ιπράξεων
3545 1746 3747 1817 πολλὴν
3793 1749 3928 1818 ήμῖν
3971 1752 4212 1820 ἐντίθησι

2531 1827 2629 1898 τὴν
2659 1828 2953 1897 ὠφέλειαν.
2986 1832 3273 1896 Τοιούτους
3303 1834 3396 1886 καὶ
3429 1835 3457 1886 ὁ
3497 1833 3733 1904 Χριστὸς
3758 1833 3913 1903 ζητεῖ
3958 1836 4214 1890 διδασκά-

2528 1914 2686 1979 λουςο
2756 1917 2818 1969 '0
2876 1918 2986 1986 γὰρ
3034 1920 3314 1986 ποιήσας,
3352 1920 3508 1992 φησὶ,
3543 1920 3642 1974 καὶ
3699 1919 3969 1986 διδάξας,
4031 1919 4214 1990 οὗτος

2523 2001 2713 2070 μέγας
2765 2004 3140 2070 κληθήσεται
3192 2008 3262 2060 ἐν
3298 2006 3372 2074 τῇ
3415 2007 3706 2074 ,Βασιλείᾳ
3754 2006 3872 2061 τῶν
3911 2007 4208 2076 οίιρανῶν.

2530 2087 2782 2152 Τοιοῦτος
2817 2082 2977 2154 οὗτός
3008 2093 3153 2145 ἐστι·
3186 2091 3268 2145 διὸ
3291 2094 3384 2147 καὶ
3415 2094 3588 2162 μέγας
3618 2095 3676 2147 ἐν
3708 2097 3774 2165 τῇ
3817 2094 4065 2165 βασιλείᾳ
4104 2096 4212 2148 τῶν

2529 2176 2773 2248 οὐρανῶν
2797 2179 2935 2232 ἐστι.
2978 2178 3016 2229 Γ
3021 2179 3196 2231 ένοιτο
3239 2179 3296 2231 δὲ
3336 2182 3484 2250 ἡμᾶς
3537 2182 3724 2252 εὐχαῖς
3768 2183 3932 2237 αὐτοῦ
3967 2185 4063 2237 καὶ
4104 2184 4213 2236 τῶν

2534 2263 2856 2336 συνέδρωνδ
2891 2265 3148 2318 ἁπάντων
3193 2265 3487 2334 δυνηθῆναι
3528 2269 3930 2338 καταξιωθῆναι
3975 2270 4078 2339 τῆς
4121 2269 4213 2339 βα-

2533 2350 2739 2413 σιλείας
2769 2350 2877 2404 τῶν
2906 2348 3151 2422 οὐρανῶν
3170 2391 3186 2416 ,
3214 2351 3397 2420 χάριτι
3433 2353 3525 2406 καὶ
3562 2354 3946 2426 φιλανθρωπίᾳ
3971 2355 4069 2408 τοῦ
4100 2357 4214 2409 Κυ-

2535 2437 2650 2506 ρίου
2681 2437 2838 2508 ήμῶν
2890 2437 3064 2508 Ἰησοῦ
3108 2436 3346 2508 Χριστοῦ
3372 2477 3386 2502 ,
3419 2440 3537 2507 μεθ’
3570 2433 3632 2492 οὗ
3671 2440 3748 2512 τῷ
3776 2441 3951 2512 Πατρὶ
3988 2440 4170 2511 ήδόξα
4193 2481 4210 2508 ,

2533 2523 2748 2592 ἆματῷ
2772 2523 2912 2595 ἀγίῳ
2936 2523 3231 2594 Πνεύματι,
3258 2523 3353 2576 νῦν
3377 2526 3470 2578 καὶ
3490 2525 3599 2593 ἀεὶ,
3626 2529 3720 2582 καὶ
3747 2531 3827 2594 εἰς
3850 2531 3978 2594 τούς
4007 2529 4215 2595 αἰῶνας

2531 2606 2640 2658 τῶν
2669 2609 2906 2663 αίὼνων.
2952 2611 3148 2681 Ἀμήν.

2592 2694 2620 2766 13
2651 2695 2835 2766 310:3].
2860 2697 3050 2766 ἀρετήν,
3072 2699 3232 2766 Savil;
3262 2705 3316 2766 ei
3339 2713 3465 2766 opus
3486 2700 3611 2764 Reg.
3639 2704 3822 2766 ἑορτήν.

2597 2759 2619 2824 ς
2641 2757 2766 2824 ξεν-ί
2771 2760 2862 2804 lius
2888 2757 2982 2824 iiqn
3009 2759 3156 2808 habet
3173 2762 3269 2808 τῶν
3291 2764 3450 2824 ἱερῶν.

2591 2816 2615 2855 ἀ
2638 2818 2788 2866 Savil.
2814 2820 3073 2880 προέδρων.

872 2935 4110 2966 ww

1837 3017 2079 3070 υΜῐΛῐΑ
2113 3016 2457 3070 ΛΕΧΘΕῙΣΑ
2490 3018 2649 3069 ΠΕΡΙ
2681 3019 3025 3072 ΝΗΣΤΕΙΔΣ

1699 3106 1776 3177 τῇ
1800 3108 1944 3176 ἕκτῃ
1976 3108 2254 3178 ἐϐδομάδι
2285 3108 2394 3178 τῆς
2414 3109 2589 3177 ἁγίας
2633 3110 3132 3178 τεσσαρακοστῆς
3148 3121 3188 3164 ⁸.

1417 3270 1658 3340 Ὀμιλία
1691 3275 1766 3334 ς’.

825 3374 896 3422 α’.
944 3364 1032 3429 Ὠς
1046 3361 1256 3435 τερπνά
1274 3362 1374 3432 τῆς
1394 3358 1771 3428 πνευματικῆς
1789 3356 1992 3427 ταύτης
2007 3357 2038 3426 ἠ
2049 3359 2140 3427 μῖν
2157 3355 2431 3426 θαλάσσης

753 3453 824 3507 τά
847 3453 1096 3523 κύματα,
1132 3450 1228 3504 καὶ
1267 3447 1447 3502 αὐτῶν
1469 3445 1578 3500 τῶν
1607 3447 1664 3498 ἐν
1692 3444 1770 3515 τῷ
1803 3444 2032 3512 πελάγει
2065 3442 2427 3514 τερπνότερα.

768 3543 980 3595 Ἐκεῖνα
1011 3539 1108 3609 μὲν
1143 3536 1252 3608 γάρ
1281 3536 1499 3606 ἀνέμων
1540 3532 1770 3600 ἀταξία,
1798 3532 1972 3584 ταῦτα
2007 3531 2064 3584 δέ
2110 3530 2431 3600 ἀκροάσεως

754 3628 1016 3698 ἐπιθυμία
1058 3625 1390 3694 διανίστησιο
1438 3622 1669 3674 κάκεῖνα
1722 3621 1820 3690 μὲν
1852 3618 2004 3692 [517]
2040 3617 2432 3690 κορυφούμενα

752 3716 956 3787 πολλὴν
1000 3713 1081 3784 τῷ
1125 3711 1436 3781 κυδερνήτῃ
1460 3710 1561 3779 τὴν
1597 3708 1834 3776 ἀγωνίαν
1867 3707 2129 3778 παρέχει,
2161 3704 2335 3758 ταῦτα
2373 3704 2432 3758 δέ

753 3803 1058 3875 φαινόμενα
1091 3798 1292 3869 πολλὴν
1322 3796 1401 3868 τῷ
1431 3796 1644 3864 λέγοντι
1674 3796 1772 3866 τὴν
1803 3795 2122 3866 παρρησίαν
2161 3791 2426 3863 ἐντίθησι.

753 3892 838 3946 Τά
880 3892 979 3961 μὲν
1029 3887 1139 3960 γάρ
1186 3889 1303 3940 ἐστι
1350 3883 1756 3956 χειμαζομένης
1800 3882 2077 3951 θαλάσσης
2112 3882 2429 3952 τεκμήρια,

754 3979 926 4033 ταῦτα
967 3977 1024 4030 δὲ
1057 3974 1238 4046 ψυχῆς
1287 3971 1725 4044 εὐφραινομένης
1775 3972 2012 4039 σημεῖαο
2065 3969 2295 4021 κάκεῖνα
2333 3969 2430 4038 μὲν

752 4069 874 4129 ταῖς
904 4065 1130 4134 πέτραις
1155 4059 1649 4132 προσαραττόμενα
1683 4058 1894 4126 ἀσημον
1924 4056 2014 4108 τὸν
2043 4051 2178 4126 ἦχον
2213 4056 2426 4126 ἀφίησι,

754 4152 929 4208 ταῦτα
990 4151 1048 4204 δέ
1091 4147 1170 4218 τῷ
1216 4147 1360 4216 λόγῳ
1405 4145 1507 4214 τῆς
1563 4143 1913 4206 διδασκαλίας
1967 4143 2430 4214 προσρηγνύμενα

755 4239 1004 4313 προσηνῆ
1033 4236 1134 4308 τὴν
1165 4234 1349 4306 φωνὴν
1383 4232 1627 4303 ἀφίησιν.
1667 4230 1824 4284 οὕτω
1855 4232 1949 4284 καὶ
1983 4229 2226 4302 ζεφύρου
2273 4231 2430 4283 πνοαὶ

754 4329 883 4384 ὅταν
918 4323 1231 4396 ἐμπέσωσιν
1277 4323 1357 4383 είς
1387 4317 1546 4389 λήῖα,
1583 4317 1678 4370 καὶ
1715 4316 1817 4380 τὰς
1847 4317 2088 4386 κεφαλάς
2122 4315 2232 4371 τῶν
2263 4316 2433 4369 ἀστα-

756 4415 903 4487 χύων
933 4411 1250 4466 ἐπικλίνωσι
1282 4409 1379 4459 καὶ
1404 4405 1790 4469 διανιστῶσιὶ),
1835 4405 1906 4458 τὰ
1947 4406 2166 4476 κύματα
2200 4406 2300 4476 τῆς
2332 4403 2432 4457 θα-

755 4503 964 4574 λάσσης
991 4499 1083 4551 ἐπὶ
1100 4497 1199 4567 τῆς
1215 4495 1414 4566 χέρσου
1433 4490 1746 4563 μιμοῦνται.
1783 4492 1943 4544 Ἀλλά
1964 4493 2058 4546 καὶ
2081 4492 2304 4546 ἐκείνων
2323 4491 2430 4545 τῶν

759 4593 928 4663 ληῖων
957 4586 1131 4641 ταῦτα
1169 4581 1508 4652 τερπνότερα
1529 4597 1543 4611 ο
1572 4579 1632 4632 οὐ
1673 4579 1779 4650 γάρ
1817 4578 2053 4649 ζεφύρου
2085 4582 2265 4642 πνοαὶ,
2297 4579 2432 4632 άλλά

760 4677 1077 4749 ιινεύματος
1117 4673 1277 4744 χάρις
1307 4669 1404 4732 τὰς
1445 4668 1718 4739 ὑμετέρας
1763 4667 2086 4737 διανέστησε
2123 4668 2302 4737 ψυχὰς
2338 4670 2431 4722 καὶ

759 4768 1052 4839 ἐθέρμανε,
1081 4763 1176 4815 καὶ
1202 4760 1264 4813 τὸ
1293 4759 1405 4830 πῦρ
1437 4760 1634 4822 ἐκεῖνο,
1665 4755 1694 4808 ὃ
1727 4755 1893 4808 πάλαι
1919 4757 1946 4808 ό
1968 4757 2199 4824 Χριστὸς
2226 4757 2431 4823 ἔλεγεν,

759 4859 844 4910 ὅτι
871 4853 997 4922 Πῦρ
1031 4850 1226 4919 ἦλθον
1247 4845 1470 4912 ,ϐαλεῖν
1496 4847 1583 4910 εις
1610 4843 1725 4911 τὴν
1765 4841 1898 4911 γῆν,
1941 4841 2037 4895 καὶ
2069 4842 2125 4895 τί
2155 4841 2308 4896 θέλω
2328 4884 2342 4906 ,
2383 4846 2436 4895 εί

761 4943 880 5013 ἤδη
907 4939 1146 5008 ἀνήφθη
1167 4953 1184 5002 ;
1205 4934 1364 4990 τοῦτο
1388 4931 1500 5004 όρῶ
1523 4929 2003 4998 καταϐεϐλημένον
2032 4930 2125 4982 καὶ
2146 4928 2435 4998 καιόμενον

763 5034 822 5084 ἐν
855 5032 974 5092 ταῖς
1025 5027 1318 5097 ὑμετέραις
1369 5021 1596 5093 ψυχαῖς.
1651 5019 1806 5072 Ἐπεὶ
1850 5014 1940 5073 οὖν
1986 5017 2255 5081 τοσαύτας
2304 5019 2437 5086 ἡμῖν

764 5115 1051 5188 λαμπάδας
1088 5115 1118 5166 ό
1161 5110 1255 5164 τοῦ
1295 5108 1534 5180 Χριστοῦ
1577 5106 1741 5177 φόϐος
1783 5105 1988 5176 ἀνῆψε,
2023 5106 2155 5176 φέρε
2186 5103 2438 5158 ἐντεῦθεν

766 5207 827 5258 τὸ
863 5204 962 5275 τῆς
1007 5197 1355 5260 διδασκαλίας
1384 5196 1556 5249 ἔλαιον
1587 5193 1974 5264 ἐπιστάξωμεν
1996 5232 2010 5254 ,
2041 5193 2180 5246 ὥστε
2213 5193 2436 5265 διαρκέ-

768 5311 956 5364 στερον
975 5301 996 5329 ε
1030 5292 1164 5362 ημῖν
1192 5284 1449 5355 γενέσθαι
1480 5283 1541 5336 τὸ
1581 5282 1715 5352 φῶς.

843 5382 902 5436 '0
940 5379 1050 5449 γάρ
1093 5377 1283 5450 καιρὸς
1328 5374 1424 5444 τῆς
1481 5372 1733 5442 νηστείας
1769 5372 1900 5441 ἡμῖν
1954 5369 2143 5423 λοιπὸν
2179 5371 2315 5440 πρὸς
2377 5371 2440 5424 τὸ

764 5471 917 5533 τέλος
965 5466 1273 5534 ἐπείγεται·
1321 5464 1401 5525 εἰς
1439 5461 1549 5531 γὰρ
1583 5457 1653 5511 τὰ
1702 5458 1843 5529 μέσα
1879 5457 1985 5512 τῶν
2027 5456 2256 5512 σταδίων
2305 5457 2439 5527 φθά-

766 5573 957 5620 σαντες
985 5554 1124 5628 πρὸς
1154 5551 1214 5605 τὸ
1243 5550 1391 5613 τέλος
1417 5549 1604 5603 λοιπὸν
1631 5547 2053 5616 ἀπηντήκαμεν.
2087 5547 2299 5616 Ὠσπερ
2328 5548 2438 5617 γάρ

764 5650 793 5699 ό
824 5644 1123 5716 ἀρχόμενος
1154 5639 1424 5712 ἐμέσασεν
1443 5677 1456 5700 ,
1482 5636 1656 5698 οὓτως
1691 5638 1720 5689 ό
1759 5635 1896 5705 πρὸς
1944 5635 2108 5706 μέσον
2139 5633 2310 5688 ἐλθὼν
2343 5635 2438 5688 τοῦ

763 5735 951 5796 τέλους
983 5730 1330 5802 ἐπείληπται.
1391 5725 1448 5778 '0
1496 5723 1592 5795 μὲν
1635 5718 1728 5776 οῦν
1778 5721 1969 5792 καιρὸς
2011 5721 2147 5794 πρὸς
2193 5721 2254 5775 τὸ
2284 5722 2440 5787 τέλος

823 5851 852 5881 ⁸
890 5850 973 5900 Sic
990 5846 1165 5900 titulus
1201 5854 1254 5895 in
1294 5857 1385 5893 ms.
1412 5840 1662 5890 Olioboni.
1688 5838 1851 5888 EdiL:
1890 5839 2039 5900 Λόγος
2056 5841 2159 5902 περ³
2197 5841 2426 5898 νηστείας.

763 5915 963 5966 Βιτοεο.
990 5910 1054 5964 εἰς
1084 5911 1168 5964 τὴν
1185 5907 1321 5967 ἀγίαν
1343 5902 1746 5963 Τεσσαρακοστήν
1764 5904 1867 5963 περὶ
1900 5903 2134 5957 νηστείας.

825 5975 852 6015 b
873 5971 1040 6024 Ollob.
1065 5969 1434 6024 διαναστήσωσι.

829 6039 852 6069 ⁸
873 6023 952 6085 Sic
979 6032 1212 6083 Ottobon.
1236 6023 1287 6076 ci
1311 6029 1672 6076 Harmarecle.
1702 6023 1872 6073 Morel.
1907 6037 2021 6073 vero
2045 6025 2227 6087 διαρκὲς
2250 6025 2421 6088 ἓτερον.

2455 3208 2518 3230 ..-

2536 3271 2846 3340 ἐπείγεται,
2897 3275 2994 3327 καὶ
3041 3273 3180 3345 πρὸς
3233 3274 3324 3328 τὸν
3393 3275 3589 3345 λιμένα
3647 3277 3832 3347 βλέπει
3889 3279 3950 3333 τδ
4005 3283 4216 3351 σκάφος

2533 3358 2750 3421 λοιπὸν,
2784 3359 2920 3413 ἀλλά
2947 3361 3007 3413 τὸ
3038 3361 3375 3431 ζητούμενον
3401 3364 3462 3416 οὐ
3495 3365 3634 3435 πρὸς
3667 3367 3758 3418 τὸν
3785 3367 3984 3438 λιμένα
4013 3370 4213 3435 ἐλθεῖν,

2533 3445 2669 3498 ἀλλά
2694 3448 2767 3516 μὴ
2791 3449 2948 3500 κενὸν
2971 3449 3073 3518 τῆς
3095 3449 3369 3518 ἐμπορίας
3388 3451 3614 3505 ἑλκύσαι
3632 3453 3693 3505 τὸ
3719 3455 3924 3523 σκάφος
3941 3455 3989 3509 ἀ.
4012 3459 4217 3528 Δέομαι

2536 3535 2754 3588 πάντων
2777 3536 2806 3586 ὐ
2816 3536 2932 3605 μῶν
2953 3537 3048 3588 καὶ
3083 3537 3376 3601 ἀντιϐολῶ,
3402 3540 3482 3601 εἰς
3507 3540 3568 3591 τὸ
3599 3541 3835 3606 συνειδὸς
3857 3543 4090 3608 ἕκαστος
4117 3548 4215 3599 αὐ·-

2534 3620 2629 3673 τοῦ
2661 3622 3068 3690 ἀναλογιζέσθω
3113 3625 3213 3695 τὴν
3244 3626 3351 3678 ἀπὸ
3382 3627 3480 3696 τῆς
3524 3628 3776 3696 νηστείας
3808 3634 4218 3702 πραγματείαν,

2533 3709 2638 3762 κᾶν
2677 3710 2776 3779 μὲν
2804 3711 2940 3783 εὕρῃ
2967 3712 3158 3783 κέρδος
3177 3713 3311 3765 πολύ
3353 3715 3742 3785 γεγενημένον,
3769 3719 4112 3788 προστιθέτω
4145 3723 4216 3793 τῇ

2531 3801 2910 3872 πραγματείᾳ·
2963 3801 3030 3855 ἂν
3078 3801 3132 3854 δὲ
3167 3802 3334 3873 μηδὲν
3429 3805 3876 3875 συνειλεγμένον,
3918 3807 3997 3878 τῷ
4030 3809 4219 3862 λειπο-

2537 3887 2681 3957 μένῳ
2725 3887 2820 3940 τοῦ
2856 3888 3052 3958 χρόνου
3097 3890 3390 3959 κεχρήσθω
3434 3891 3570 3961 πρὸς
3601 3893 3699 3963 τὴν
3735 3895 4030 3966 ἐμπορίαν.
4069 3898 4220 3961 Ἕως

2531 3974 2764 4043 ἕστηκεν
2800 3975 2833 4043 η
2879 3977 3220 4046 πανήγυρις,
3251 3976 3392 4046 μέγα
3432 3981 3985 4050 πραγματευσάμενοι
4024 3985 4218 4054 κέρδος

2530 4061 3010 4132 ἀναχωρήσωμεν,
3041 4062 3130 4114 ἵνα
3162 4062 3236 4133 μὴ
3265 4065 3450 4127 κεναῖς
3481 4065 3972 4136 ἀναχωρήσωμενο
4000 4071 4216 4140 χερσὶν,

2532 4146 2620 4200 ἴνα
2651 4148 2725 4218 μὴ
2771 4147 2934 4200 πόνον
2969 4147 3367 4218 ὑπομείναντες
3405 4151 3684 4218 νηστείας,
3738 4154 3926 4222 μισθὸν
3960 4156 4221 4224 νηστείας

2531 4233 2906 4305 ἀπολέσωμεν.
2944 4235 3105 4288 Ἔστι
3147 4235 3258 4306 γὰρ
3289 4237 3384 4289 καὶ
3415 4237 3576 4291 πόνον
3608 4240 3900 4309 ὑπομεῖναι
3933 4244 4216 4311 νηστείας,

2531 4322 2626 4374 καὶ
2657 4322 2848 4391 μισθὸν
2871 4322 3128 4394 νηστείας
3160 4323 3234 4394 μὴ
3262 4323 3446 4378 λαϐεῖν
3475 4343 3488 4355 ·
3523 4324 3673 4391 πῶς;
3706 4327 3874 4380 Ὅταν
3903 4327 4218 4399 βρωμάτων

2539 4409 2637 4478 μὲν
2686 4409 3060 4480 ἀπεχώμεθα.
3121 4413 3540 4483 ἁμαρτημάτων
3592 4414 3650 4467 δὲ
3705 4415 3779 4487 μὴ
3837 4416 4214 4487 ἀπεχώμεθα*

2534 4498 2664 4549 ὃταν
2719 4498 2859 4566 κρέα
2902 4498 3000 4566 μὲν
3045 4499 3119 4569 μὴ
3150 4499 3453 4571 ἐσθίωμεν,
3484 4502 3861 4573 κατεσθίωμεν
3893 4503 3950 4556 δὲ
3978 4505 4080 4568 τὰς
4105 4505 4219 4558 τῶν

2537 4585 2784 4655 πενήτων
2806 4585 3018 4647 οἰκίας·
3048 4585 3177 4639 ὅταν
3203 4585 3332 4656 οἴνῳ
3359 4588 3457 4657 μὲν
3485 4589 3558 4658 μὴ
3580 4589 3891 4659 μεθύωμεν,
3922 4591 4218 4662 μεθύωμεν

2533 4673 2591 4725 δὲ
2642 4671 2912 4742 ἐπιθυμία
2965 4673 3214 4742 πονηρᾷο
3261 4673 3390 4726 ὅταν
3439 4676 3619 4727 πᾶσαν
3647 4675 3748 4744 τήν
3781 4677 3997 4746 ἡμέραν
4037 4679 4216 4732 ἄσιτοι

2533 4759 2889 4827 διατελῶμεν,
2921 4759 3106 4811 πᾶσαν
3135 4758 3193 4810 δέ
3217 4757 3635 4831 διημερεύωμεν
3660 4763 3717 4814 ἐν
3743 4761 4065 4827 ἀκολάστοις
4089 4764 4217 4819 θεάο

2539 4865 2724 4919 μασιν.
2771 4847 2904 4900 Ἰδοὺ
2944 4846 3040 4899 καὶ
3083 4846 3245 4909 πόνος
3278 4847 3565 4917 νηστείας,
3612 4848 3708 4902 καὶ
3744 4849 3933 4918 μισθὸς
3959 4852 4216 4921 νηστ;ίας

2535 4935 2771 5007 οὐδαμοῦ
2792 4935 2837 5000 ί,
2866 4937 2995 4989 ὃταν
3023 4935 3105 4998 είς
3137 4935 3206 4988 τά
3236 4935 3442 5005 θέατρα
3466 4936 3565 5005 τῆς
3601 4940 3947 5008 παρανομίας
3981 4940 4217 4995 ἀναϐαί-

2537 5042 2736 5094 νωμεν.
2779 5024 2853 5076 Οὐ
2889 5023 3026 5094 πρὸς
3069 5023 3214 5093 ὑμᾶς
3243 5025 3271 5076 ό
3320 5023 3513 5089 λόγος·
3559 5016 3678 5076 οἶδα
3720 5026 3827 5094 γὰρ
3856 5026 3936 5079 ὅτι
3983 5027 4216 5098 καθαροὶ

2537 5111 2636 5180 τῆς
2663 5109 3001 5180 κατηγορίας
3028 5111 3180 5176 ἐστὲ,
3211 5109 3328 5163 ἀλλ’
3371 5109 3497 5170 ἔθος
3525 5111 3641 5172 τοῖς
3673 5109 4048 5183 ὀδυνωμένοις.
4085 5114 4217 5168 ὅταν

2539 5201 2666 5262 τοὺς
2689 5199 2896 5261 αἰτίους
2928 5199 3002 5269 μὴ
3029 5199 3286 5262 λάϐωσιν,
3317 5201 3399 5256 είς
3421 5198 3549 5260 τοὺς
3573 5201 3845 5272 παρόντας
3869 5204 4086 5272 ἀφιέναι
4116 5205 4218 5273 τὴν

2539 5288 2728 5359 ὀργήν.
2766 5287 2924 5339 Ποῖον
2955 5286 3145 5359 κέρδος
3179 5286 3541 5355 νηστεύοντας
3573 5290 3654 5350 είς
3691 5289 3759 5342 τά
3800 5289 4005 5359 θέατρα
4031 5306 4217 5359 παρα·-

2541 5376 2736 5446 νομίας
2778 5375 3089 5430 ἀναϐαίνειν
3111 5417 3124 5440 ,
3157 5377 3240 5438 εἰς
3285 5375 3347 5428 τὸ
3385 5375 3563 5428 κοινὸν
3612 5378 3710 5448 τῆς
3747 5378 4039 5447 ἀσελγείας
4069 5376 4219 5430 διδασ-

2543 5463 2792 5518 σκαλεῖον
2825 5465 3083 5526 εἰσιέναι,
3118 5466 3197 5524 είς
3228 5463 3288 5516 τὸ
3353 5462 3605 5532 δημόσιον
3635 5467 3734 5536 τῆς
3779 5464 4077 5527 ἀκολασίας
4115 5480 4218 5532 γυ-

2546 5553 2791 5621 μνάσιον.
2811 5553 2905 5606 ἐπὶ
2927 5554 3027 5622 τὴν
3054 5550 3327 5622 καθέδραν
3349 5550 3673 5617 καθέζεσθαι
3705 5553 3814 5606 τῶν
3833 5549 4071 5619 λοιμῶν;
4106 5552 4217 5604 Καὶ

2541 5639 2648 5710 γὰρ
2671 5639 2765 5692 καὶ
2793 5639 3063 5710 καθέδραν
3089 5634 3300 5706 λοιμοῦ,
3323 5639 3416 5692 καὶ
3437 5639 3735 5701 ἀκολασίας
3766 5635 4089 5706 γυμνάσιον,
4121 5639 4216 5689 καὶ

2539 5726 2910 5781 διδασκαλεῖον
2960 5723 3282 5791 ἀσελγείας,
3344 5727 3440 5780 καὶ
3476 5727 3660 5780 πάντα
3709 5725 3777 5777 τά
3809 5723 4065 5793 αἴσχιστα
4116 5725 4216 5795 τὴν

2546 5815 2856 5885 ὀρχήστραν
2885 5831 2969 5875 τις
3000 5812 3310 5884 προσειπὼν
3336 5815 3436 5868 οὐκ
3471 5815 3538 5869 ἀν
3569 5812 3839 5883 ἁμάρτοι,
3882 5811 3943 5862 τὸ
3983 5813 4217 5882 πονηρό-

2600 5901 2627 5939 d
2654 5903 2808 5951 Ambo
2842 5915 2958 5950 mss.
2981 5901 3036 5948 τὸ
3053 5901 3236 5950 πλοῖον.

2606 5966 2627 5992 ε
2654 5964 2737 6011 Sic
2761 5963 2904 6012 ambo
2931 5977 3050 6012 mss.
3086 5963 3214 6012 Ediii
3242 5975 3359 6012 vero
3381 5962 3756 6020 ἀπελευσόμεθα.

2607 6022 2624 6062 ί
2655 6027 2734 6075 Sic
2757 6025 2896 6076 ambo
2920 6039 3030 6077 mss.
3059 6023 3190 6090 Editi
3215 6032 3380 6076 autem
3401 6023 3638 6084 οὐδαμῶς,
3666 6025 3826 6072 minus
3845 6021 4117 6071 commodo.
