  <div class='ocr_page' id='page_1' title='image "/cluster/home/n/w/nwhite01/storage/ocr_20150623/49/hvd.32044025239823/310.png"; bbox 0 0 4446 6750; ppageno 0'>
   <div class='ocr_carea' id='block_1_1' title="bbox 464 487 3740 552">
    <p class='ocr_par' dir='ltr' id='par_1_1' title="bbox 464 487 3740 552">
     <span class='ocr_line' id='line_1_1' title="bbox 464 487 3740 552; baseline 0.001 -4"><span class='ocrx_word' id='word_1_1' title='bbox 464 491 569 549; x_wconf 63' lang='grc' dir='ltr'><strong>διδ</strong></span> <span class='ocrx_word' id='word_1_2' title='bbox 1619 488 1705 546; x_wconf 86' lang='lat' dir='ltr'><strong>DE</strong></span> <span class='ocrx_word' id='word_1_3' title='bbox 1745 487 2210 547; x_wconf 71' lang='lat' dir='ltr'><strong>PCENITENTIA.</strong></span> <span class='ocrx_word' id='word_1_4' title='bbox 2248 488 2472 544; x_wconf 79' lang='lat' dir='ltr'><strong>HOMIL.</strong></span> <span class='ocrx_word' id='word_1_5' title='bbox 2519 488 2606 545; x_wconf 82' lang='lat' dir='ltr'><strong>Vl.</strong></span> <span class='ocrx_word' id='word_1_6' title='bbox 3635 495 3740 552; x_wconf 70' lang='grc' dir='ltr'>δη</span> 
     </span>
    </p>
   </div>
   <div class='ocr_carea' id='block_1_2' title="bbox 467 599 3737 677">
    <p class='ocr_par' dir='ltr' id='par_1_2' title="bbox 467 599 3737 677">
     <span class='ocr_line' id='line_1_2' title="bbox 467 599 3737 677; baseline 0 -20"><span class='ocrx_word' id='word_1_7' title='bbox 467 604 810 677; x_wconf 85' lang='lat' dir='ltr'><strong>inutilemque</strong></span> <span class='ocrx_word' id='word_1_8' title='bbox 835 603 1094 669; x_wconf 74' lang='lat' dir='ltr'><strong>effeceris,</strong></span> <span class='ocrx_word' id='word_1_9' title='bbox 1124 612 1178 658; x_wconf 90' lang='lat' dir='ltr'><strong>et</strong></span> <span class='ocrx_word' id='word_1_10' title='bbox 1217 600 1455 656; x_wconf 84' lang='lat' dir='ltr'><strong>laborem</strong></span> <span class='ocrx_word' id='word_1_11' title='bbox 1481 599 1692 670; x_wconf 86' lang='lat' dir='ltr'><strong>quidem</strong></span> <span class='ocrx_word' id='word_1_12' title='bbox 1719 602 2040 674; x_wconf 76' lang='lat' dir='ltr'><strong>pertuleris,</strong></span> <span class='ocrx_word' id='word_1_13' title='bbox 2152 600 2342 656; x_wconf 90' lang='lat' dir='ltr'><strong>iterum</strong></span> <span class='ocrx_word' id='word_1_14' title='bbox 2398 600 2566 667; x_wconf 88' lang='lat' dir='ltr'><strong>dices,</strong></span> <span class='ocrx_word' id='word_1_15' title='bbox 2615 601 2876 669; x_wconf 80' lang='lat' dir='ltr'><strong>Quoniam</strong></span> <span class='ocrx_word' id='word_1_16' title='bbox 2913 599 3173 673; x_wconf 83' lang='lat' dir='ltr'><strong>jejunium</strong></span> <span class='ocrx_word' id='word_1_17' title='bbox 3216 618 3333 659; x_wconf 88' lang='lat' dir='ltr'><strong>sum</strong></span> <span class='ocrx_word' id='word_1_18' title='bbox 3377 601 3737 673; x_wconf 76' lang='lat' dir='ltr'><strong>ingressurus.</strong></span> 
     </span>
    </p>
   </div>
   <div class='ocr_carea' id='block_1_3' title="bbox 467 692 3734 767">
    <p class='ocr_par' dir='ltr' id='par_1_3' title="bbox 467 692 3734 767">
     <span class='ocr_line' id='line_1_3' title="bbox 467 692 3734 767; baseline 0.002 -20"><span class='ocrx_word' id='word_1_19' title='bbox 467 694 669 750; x_wconf 80' lang='lat' dir='ltr'><strong>lucrum</strong></span> <span class='ocrx_word' id='word_1_20' title='bbox 697 694 820 751; x_wconf 89' lang='lat' dir='ltr'><strong>inde</strong></span> <span class='ocrx_word' id='word_1_21' title='bbox 849 694 1082 750; x_wconf 83' lang='lat' dir='ltr'><strong>futurum</strong></span> <span class='ocrx_word' id='word_1_22' title='bbox 1109 707 1216 746; x_wconf 92' lang='lat' dir='ltr'><strong>non</strong></span> <span class='ocrx_word' id='word_1_23' title='bbox 1258 692 1587 761; x_wconf 85' lang='lat' dir='ltr'><strong>assequeris,</strong></span> <span class='ocrx_word' id='word_1_24' title='bbox 1618 692 1744 748; x_wconf 90' lang='lat' dir='ltr'><strong>dum</strong></span> <span class='ocrx_word' id='word_1_25' title='bbox 1774 692 1893 763; x_wconf 86' lang='lat' dir='ltr'><strong>ejus</strong></span> <span class='ocrx_word' id='word_1_26' title='bbox 1936 692 2043 746; x_wconf 93' lang='lat' dir='ltr'><strong>vim</strong></span> <span class='ocrx_word' id='word_1_27' title='bbox 2149 692 2429 759; x_wconf 85' lang='lat' dir='ltr'><strong>Quomodo</strong></span> <span class='ocrx_word' id='word_1_28' title='bbox 2459 693 2614 763; x_wconf 79' lang='lat' dir='ltr'><strong>igitur</strong></span> <span class='ocrx_word' id='word_1_29' title='bbox 2636 708 2741 746; x_wconf 88' lang='lat' dir='ltr'><strong>non</strong></span> <span class='ocrx_word' id='word_1_30' title='bbox 2767 707 3074 760; x_wconf 90' lang='lat' dir='ltr'><strong>erroneum,</strong></span> <span class='ocrx_word' id='word_1_31' title='bbox 3104 711 3329 765; x_wconf 88' lang='lat' dir='ltr'><strong>corpore</strong></span> <span class='ocrx_word' id='word_1_32' title='bbox 3346 696 3561 767; x_wconf 85' lang='lat' dir='ltr'><strong>quidem</strong></span> <span class='ocrx_word' id='word_1_33' title='bbox 3579 712 3734 767; x_wconf 92' lang='lat' dir='ltr'><strong>puro,</strong></span> 
     </span>
    </p>
   </div>
   <div class='ocr_carea' id='block_1_4' title="bbox 465 781 3735 855">
    <p class='ocr_par' dir='ltr' id='par_1_4' title="bbox 465 781 3735 855">
     <span class='ocr_line' id='line_1_4' title="bbox 465 781 3735 855; baseline 0.001 -17"><span class='ocrx_word' id='word_1_34' title='bbox 465 795 627 841; x_wconf 89' lang='lat' dir='ltr'><strong>totam</strong></span> <span class='ocrx_word' id='word_1_35' title='bbox 658 786 709 842; x_wconf 90' lang='lat' dir='ltr'><strong>in</strong></span> <span class='ocrx_word' id='word_1_36' title='bbox 738 787 936 842; x_wconf 91' lang='lat' dir='ltr'><strong>malum</strong></span> <span class='ocrx_word' id='word_1_37' title='bbox 975 782 1179 840; x_wconf 89' lang='lat' dir='ltr'><strong>recenti</strong></span> <span class='ocrx_word' id='word_1_38' title='bbox 1210 781 1467 838; x_wconf 79' lang='lat' dir='ltr'><strong>ebrietate</strong></span> <span class='ocrx_word' id='word_1_39' title='bbox 1497 793 1704 853; x_wconf 90' lang='lat' dir='ltr'><strong>partum</strong></span> <span class='ocrx_word' id='word_1_40' title='bbox 1736 782 1995 852; x_wconf 87' lang='lat' dir='ltr'><strong>impendis</strong></span> <span class='ocrx_word' id='word_1_41' title='bbox 2025 801 2038 838; x_wconf 90' lang='lat'><strong>:</strong></span> <span class='ocrx_word' id='word_1_42' title='bbox 2149 784 2355 855; x_wconf 89' lang='lat' dir='ltr'><strong>impura</strong></span> <span class='ocrx_word' id='word_1_43' title='bbox 2379 784 2767 853; x_wconf 86' lang='lat' dir='ltr'><strong>veroebriaqne</strong></span> <span class='ocrx_word' id='word_1_44' title='bbox 2782 785 3407 855; x_wconf 89' lang='lat' dir='ltr'><strong>anima,pulcherrimum</strong></span> <span class='ocrx_word' id='word_1_45' title='bbox 3424 787 3522 843; x_wconf 92' lang='lat' dir='ltr'><strong>hoc</strong></span> <span class='ocrx_word' id='word_1_46' title='bbox 3539 785 3735 843; x_wconf 74' lang='lat' dir='ltr'><strong>festum</strong></span> 
     </span>
    </p>
   </div>
   <div class='ocr_carea' id='block_1_5' title="bbox 460 874 3743 947">
    <p class='ocr_par' dir='ltr' id='par_1_5' title="bbox 460 874 3743 947">
     <span class='ocr_line' id='line_1_5' title="bbox 460 874 3743 947; baseline 0.001 -17"><span class='ocrx_word' id='word_1_47' title='bbox 460 878 504 932; x_wconf 89' lang='lat' dir='ltr'><strong>si</strong></span> <span class='ocrx_word' id='word_1_48' title='bbox 554 894 681 933; x_wconf 88' lang='lat' dir='ltr'><strong>vero</strong></span> <span class='ocrx_word' id='word_1_49' title='bbox 719 878 834 933; x_wconf 90' lang='lat' dir='ltr'><strong>leve</strong></span> <span class='ocrx_word' id='word_1_50' title='bbox 866 875 1246 947; x_wconf 82' lang='lat' dir='ltr'><strong>praeparaveris</strong></span> <span class='ocrx_word' id='word_1_51' title='bbox 1284 890 1476 945; x_wconf 82' lang='lat' dir='ltr'><strong>corpus</strong></span> <span class='ocrx_word' id='word_1_52' title='bbox 1495 918 1509 941; x_wconf 95' lang='lat'><strong>,</strong></span> <span class='ocrx_word' id='word_1_53' title='bbox 1540 876 1825 945; x_wconf 89' lang='lat' dir='ltr'><strong>sobriaque</strong></span> <span class='ocrx_word' id='word_1_54' title='bbox 1866 887 2043 933; x_wconf 90' lang='lat' dir='ltr'><strong>mente</strong></span> <span class='ocrx_word' id='word_1_55' title='bbox 2147 875 2394 943; x_wconf 80' lang='lat' dir='ltr'><strong>excipere</strong></span> <span class='ocrx_word' id='word_1_56' title='bbox 2413 874 2641 929; x_wconf 67' lang='lat' dir='ltr'><strong>‘?Plura</strong></span> <span class='ocrx_word' id='word_1_57' title='bbox 2667 874 2892 929; x_wconf 90' lang='lat' dir='ltr'><strong>dicenda</strong></span> <span class='ocrx_word' id='word_1_58' title='bbox 2918 884 3255 945; x_wconf 83' lang='lat' dir='ltr'><strong>supererant,</strong></span> <span class='ocrx_word' id='word_1_59' title='bbox 3284 878 3379 932; x_wconf 89' lang='lat' dir='ltr'><strong>sed</strong></span> <span class='ocrx_word' id='word_1_60' title='bbox 3407 877 3522 933; x_wconf 67' lang='lat' dir='ltr'><strong>haec</strong></span> <span class='ocrx_word' id='word_1_61' title='bbox 3546 877 3743 934; x_wconf 77' lang='lat' dir='ltr'><strong>sobriis</strong></span> 
     </span>
    </p>
   </div>
   <div class='ocr_carea' id='block_1_6' title="bbox 461 964 3740 1041">
    <p class='ocr_par' dir='ltr' id='par_1_6' title="bbox 461 964 3740 1041">
     <span class='ocr_line' id='line_1_6' title="bbox 461 964 3740 1041; baseline -0 -16"><span class='ocrx_word' id='word_1_62' title='bbox 461 972 759 1041; x_wconf 83' lang='lat' dir='ltr'><strong>susceperis</strong></span> <span class='ocrx_word' id='word_1_63' title='bbox 810 968 1127 1024; x_wconf 84' lang='lat' dir='ltr'><strong>medicinam</strong></span> <span class='ocrx_word' id='word_1_64' title='bbox 1150 1010 1164 1031; x_wconf 87' lang='lat'><strong>,</strong></span> <span class='ocrx_word' id='word_1_65' title='bbox 1207 983 1271 1023; x_wconf 86' lang='lat' dir='ltr'><strong>ex</strong></span> <span class='ocrx_word' id='word_1_66' title='bbox 1319 969 1531 1024; x_wconf 88' lang='lat' dir='ltr'><strong>delictis</strong></span> <span class='ocrx_word' id='word_1_67' title='bbox 1568 967 1837 1023; x_wconf 83' lang='lat' dir='ltr'><strong>veteribus</strong></span> <span class='ocrx_word' id='word_1_68' title='bbox 1878 969 2040 1024; x_wconf 89' lang='lat' dir='ltr'><strong>multa</strong></span> <span class='ocrx_word' id='word_1_69' title='bbox 2148 964 2217 1019; x_wconf 93' lang='lat' dir='ltr'><strong>ad</strong></span> <span class='ocrx_word' id='word_1_70' title='bbox 2241 966 2628 1021; x_wconf 90' lang='lat' dir='ltr'><strong>correctionem</strong></span> <span class='ocrx_word' id='word_1_71' title='bbox 2659 966 2947 1022; x_wconf 78' lang='lat' dir='ltr'><strong>sufﬁciunt.</strong></span> <span class='ocrx_word' id='word_1_72' title='bbox 2971 970 3149 1036; x_wconf 82' lang='lat' dir='ltr'><strong>Quare</strong></span> <span class='ocrx_word' id='word_1_73' title='bbox 3176 984 3393 1025; x_wconf 86' lang='lat' dir='ltr'><strong>necesse</strong></span> <span class='ocrx_word' id='word_1_74' title='bbox 3416 981 3498 1025; x_wconf 90' lang='lat' dir='ltr'><strong>est</strong></span> <span class='ocrx_word' id='word_1_75' title='bbox 3525 971 3740 1027; x_wconf 86' lang='lat' dir='ltr'><strong>dicendi</strong></span> 
     </span>
    </p>
   </div>
   <div class='ocr_carea' id='block_1_7' title="bbox 462 1056 3737 1133">
    <p class='ocr_par' dir='ltr' id='par_1_7' title="bbox 462 1056 3737 1133">
     <span class='ocr_line' id='line_1_7' title="bbox 462 1056 3737 1133; baseline 0.001 -20"><span class='ocrx_word' id='word_1_76' title='bbox 462 1060 662 1130; x_wconf 87' lang='lat' dir='ltr'><strong>poteris</strong></span> <span class='ocrx_word' id='word_1_77' title='bbox 685 1074 1000 1129; x_wconf 79' lang='lat' dir='ltr'><strong>expurgare.</strong></span> <span class='ocrx_word' id='word_1_78' title='bbox 1051 1057 1127 1111; x_wconf 86' lang='lat' dir='ltr'><strong>Ne</strong></span> <span class='ocrx_word' id='word_1_79' title='bbox 1157 1059 1314 1127; x_wconf 82' lang='lat' dir='ltr'><strong>igitur</strong></span> <span class='ocrx_word' id='word_1_80' title='bbox 1345 1075 1440 1128; x_wconf 91' lang='lat' dir='ltr'><strong>per</strong></span> <span class='ocrx_word' id='word_1_81' title='bbox 1459 1059 1772 1113; x_wconf 83' lang='lat' dir='ltr'><strong>ebrietatem</strong></span> <span class='ocrx_word' id='word_1_82' title='bbox 1801 1057 1866 1112; x_wconf 91' lang='lat' dir='ltr'><strong>ad</strong></span> <span class='ocrx_word' id='word_1_83' title='bbox 1900 1058 2039 1129; x_wconf 84' lang='lat' dir='ltr'><strong>jeju-</strong></span> <span class='ocrx_word' id='word_1_84' title='bbox 2149 1058 2307 1111; x_wconf 87' lang='lat' dir='ltr'><strong>linem</strong></span> <span class='ocrx_word' id='word_1_85' title='bbox 2337 1056 2545 1113; x_wconf 77' lang='lat' dir='ltr'><strong>facere:</strong></span> <span class='ocrx_word' id='word_1_86' title='bbox 2576 1074 2699 1112; x_wconf 88' lang='lat' dir='ltr'><strong>nam</strong></span> <span class='ocrx_word' id='word_1_87' title='bbox 2724 1059 2880 1127; x_wconf 90' lang='lat' dir='ltr'><strong>cupio</strong></span> <span class='ocrx_word' id='word_1_88' title='bbox 2912 1061 3079 1128; x_wconf 87' lang='lat' dir='ltr'><strong>patris</strong></span> <span class='ocrx_word' id='word_1_89' title='bbox 3117 1060 3305 1116; x_wconf 90' lang='lat' dir='ltr'><strong>audire</strong></span> <span class='ocrx_word' id='word_1_90' title='bbox 3344 1077 3525 1116; x_wconf 79' lang='lat' dir='ltr'><strong>vocem</strong></span> <span class='ocrx_word' id='word_1_91' title='bbox 3559 1082 3570 1116; x_wconf 95' lang='lat'><strong>:</strong></span> <span class='ocrx_word' id='word_1_92' title='bbox 3602 1078 3737 1133; x_wconf 83' lang='lat' dir='ltr'><strong>quo-</strong></span> 
     </span>
    </p>
   </div>
   <div class='ocr_carea' id='block_1_8' title="bbox 460 1147 3739 1222">
    <p class='ocr_par' dir='ltr' id='par_1_8' title="bbox 460 1147 3739 1222">
     <span class='ocr_line' id='line_1_8' title="bbox 460 1147 3739 1222; baseline 0.001 -14"><span class='ocrx_word' id='word_1_93' title='bbox 460 1156 605 1208; x_wconf 88' lang='lat' dir='ltr'><strong>nium</strong></span> <span class='ocrx_word' id='word_1_94' title='bbox 652 1164 933 1221; x_wconf 87' lang='lat' dir='ltr'><strong>pergamus</strong></span> <span class='ocrx_word' id='word_1_95' title='bbox 956 1191 970 1214; x_wconf 92' lang='lat'><strong>,</strong></span> <span class='ocrx_word' id='word_1_96' title='bbox 1021 1165 1188 1219; x_wconf 88' lang='lat' dir='ltr'><strong>neque</strong></span> <span class='ocrx_word' id='word_1_97' title='bbox 1218 1166 1245 1203; x_wconf 92' lang='lat' dir='ltr'><strong>a</strong></span> <span class='ocrx_word' id='word_1_98' title='bbox 1269 1147 1473 1220; x_wconf 83' lang='lat' dir='ltr'><strong>jejunio</strong></span> <span class='ocrx_word' id='word_1_99' title='bbox 1505 1150 1556 1203; x_wconf 92' lang='lat' dir='ltr'><strong>in</strong></span> <span class='ocrx_word' id='word_1_100' title='bbox 1596 1148 1909 1205; x_wconf 81' lang='lat' dir='ltr'><strong>ebrietatem</strong></span> <span class='ocrx_word' id='word_1_101' title='bbox 1939 1150 2033 1204; x_wconf 84' lang='lat' dir='ltr'><strong>de-</strong></span> <span class='ocrx_word' id='word_1_102' title='bbox 2150 1150 2291 1203; x_wconf 89' lang='lat' dir='ltr'><strong>niam</strong></span> <span class='ocrx_word' id='word_1_103' title='bbox 2316 1150 2412 1219; x_wconf 91' lang='lat' dir='ltr'><strong>ipsi</strong></span> <span class='ocrx_word' id='word_1_104' title='bbox 2429 1150 2641 1221; x_wconf 89' lang='lat' dir='ltr'><strong>quidem</strong></span> <span class='ocrx_word' id='word_1_105' title='bbox 2665 1150 2819 1220; x_wconf 89' lang='lat' dir='ltr'><strong>quasi</strong></span> <span class='ocrx_word' id='word_1_106' title='bbox 2845 1153 3134 1219; x_wconf 79' lang='lat' dir='ltr'><strong>pastorales</strong></span> <span class='ocrx_word' id='word_1_107' title='bbox 3156 1152 3308 1222; x_wconf 90' lang='lat' dir='ltr'><strong>pueri</strong></span> <span class='ocrx_word' id='word_1_108' title='bbox 3331 1152 3508 1207; x_wconf 88' lang='lat' dir='ltr'><strong>subtili</strong></span> <span class='ocrx_word' id='word_1_109' title='bbox 3530 1155 3739 1211; x_wconf 86' lang='lat' dir='ltr'><strong>calamo</strong></span> 
     </span>
    </p>
   </div>
   <div class='ocr_carea' id='block_1_9' title="bbox 458 1239 3737 1314">
    <p class='ocr_par' dir='ltr' id='par_1_9' title="bbox 458 1239 3737 1314">
     <span class='ocr_line' id='line_1_9' title="bbox 458 1239 3737 1314; baseline 0 -13"><span class='ocrx_word' id='word_1_110' title='bbox 458 1248 723 1301; x_wconf 89' lang='lat' dir='ltr'><strong>clinemus</strong></span> <span class='ocrx_word' id='word_1_111' title='bbox 749 1284 763 1307; x_wconf 95' lang='lat'><strong>,</strong></span> <span class='ocrx_word' id='word_1_112' title='bbox 790 1258 855 1297; x_wconf 91' lang='lat' dir='ltr'><strong>ne</strong></span> <span class='ocrx_word' id='word_1_113' title='bbox 889 1242 1023 1296; x_wconf 78' lang='lat' dir='ltr'><strong>forte</strong></span> <span class='ocrx_word' id='word_1_114' title='bbox 1046 1242 1265 1311; x_wconf 85' lang='lat' dir='ltr'><strong>perinde</strong></span> <span class='ocrx_word' id='word_1_115' title='bbox 1290 1242 1497 1297; x_wconf 85' lang='lat' dir='ltr'><strong>accidat</strong></span> <span class='ocrx_word' id='word_1_116' title='bbox 1521 1256 1584 1295; x_wconf 90' lang='lat' dir='ltr'><strong>ac</strong></span> <span class='ocrx_word' id='word_1_117' title='bbox 1618 1242 1662 1295; x_wconf 89' lang='lat' dir='ltr'><strong>si</strong></span> <span class='ocrx_word' id='word_1_118' title='bbox 1693 1243 1811 1311; x_wconf 90' lang='lat' dir='ltr'><strong>quis</strong></span> <span class='ocrx_word' id='word_1_119' title='bbox 1840 1258 2039 1313; x_wconf 73' lang='lat' dir='ltr'><strong>aegrum</strong></span> <span class='ocrx_word' id='word_1_120' title='bbox 2148 1239 2423 1294; x_wconf 88' lang='lat' dir='ltr'><strong>sibilamus</strong></span> <span class='ocrx_word' id='word_1_121' title='bbox 2445 1283 2458 1307; x_wconf 95' lang='lat'><strong>,</strong></span> <span class='ocrx_word' id='word_1_122' title='bbox 2493 1242 2657 1296; x_wconf 90' lang='lat' dir='ltr'><strong>veluti</strong></span> <span class='ocrx_word' id='word_1_123' title='bbox 2682 1242 2782 1297; x_wconf 90' lang='lat' dir='ltr'><strong>sub</strong></span> <span class='ocrx_word' id='word_1_124' title='bbox 2805 1258 3002 1311; x_wconf 84' lang='lat' dir='ltr'><strong>quercu</strong></span> <span class='ocrx_word' id='word_1_125' title='bbox 3028 1254 3117 1297; x_wconf 89' lang='lat' dir='ltr'><strong>aut</strong></span> <span class='ocrx_word' id='word_1_126' title='bbox 3138 1242 3261 1313; x_wconf 81' lang='lat' dir='ltr'><strong>fago</strong></span> <span class='ocrx_word' id='word_1_127' title='bbox 3288 1245 3515 1314; x_wconf 89' lang='lat' dir='ltr'><strong>quadam</strong></span> <span class='ocrx_word' id='word_1_128' title='bbox 3537 1246 3603 1300; x_wconf 89' lang='lat' dir='ltr'><strong>ad</strong></span> <span class='ocrx_word' id='word_1_129' title='bbox 3626 1262 3737 1302; x_wconf 87' lang='lat' dir='ltr'><strong>um-</strong></span> 
     </span>
    </p>
   </div>
   <div class='ocr_carea' id='block_1_10' title="bbox 459 1331 3740 1404">
    <p class='ocr_par' dir='ltr' id='par_1_10' title="bbox 459 1331 3740 1404">
     <span class='ocr_line' id='line_1_10' title="bbox 459 1331 3740 1404; baseline 0.001 -15"><span class='ocrx_word' id='word_1_130' title='bbox 459 1350 655 1404; x_wconf 90' lang='lat' dir='ltr'><strong>eorpus</strong></span> <span class='ocrx_word' id='word_1_131' title='bbox 681 1342 838 1403; x_wconf 89' lang='lat' dir='ltr'><strong>atque</strong></span> <span class='ocrx_word' id='word_1_132' title='bbox 885 1347 1166 1404; x_wconf 78' lang='lat' dir='ltr'><strong>resurgens</strong></span> <span class='ocrx_word' id='word_1_133' title='bbox 1195 1350 1223 1388; x_wconf 92' lang='lat' dir='ltr'><strong>a</strong></span> <span class='ocrx_word' id='word_1_134' title='bbox 1254 1333 1558 1388; x_wconf 87' lang='lat' dir='ltr'><strong>valetudine</strong></span> <span class='ocrx_word' id='word_1_135' title='bbox 1597 1331 1833 1388; x_wconf 83' lang='lat' dir='ltr'><strong>calcibus</strong></span> <span class='ocrx_word' id='word_1_136' title='bbox 1874 1335 2043 1404; x_wconf 86' lang='lat' dir='ltr'><strong>impe—</strong></span> <span class='ocrx_word' id='word_1_137' title='bbox 2148 1332 2299 1386; x_wconf 90' lang='lat' dir='ltr'><strong>bram</strong></span> <span class='ocrx_word' id='word_1_138' title='bbox 2318 1346 2588 1387; x_wconf 91' lang='lat' dir='ltr'><strong>sacrorum</strong></span> <span class='ocrx_word' id='word_1_139' title='bbox 2609 1334 2800 1387; x_wconf 89' lang='lat' dir='ltr'><strong>horum</strong></span> <span class='ocrx_word' id='word_1_140' title='bbox 2825 1334 3104 1399; x_wconf 87' lang='lat' dir='ltr'><strong>sedentes;</strong></span> <span class='ocrx_word' id='word_1_141' title='bbox 3136 1334 3415 1390; x_wconf 86' lang='lat' dir='ltr'><strong>hicautem</strong></span> <span class='ocrx_word' id='word_1_142' title='bbox 3438 1337 3605 1393; x_wconf 89' lang='lat' dir='ltr'><strong>veluti</strong></span> <span class='ocrx_word' id='word_1_143' title='bbox 3624 1354 3740 1392; x_wconf 81' lang='lat' dir='ltr'><strong>tnu-</strong></span> 
     </span>
    </p>
   </div>
   <div class='ocr_carea' id='block_1_11' title="bbox 464 1421 3735 1494">
    <p class='ocr_par' dir='ltr' id='par_1_11' title="bbox 464 1421 3735 1494">
     <span class='ocr_line' id='line_1_11' title="bbox 464 1421 3735 1494; baseline 0.002 -16"><span class='ocrx_word' id='word_1_144' title='bbox 464 1435 582 1478; x_wconf 90' lang='lat' dir='ltr'><strong>tens</strong></span> <span class='ocrx_word' id='word_1_145' title='bbox 638 1423 873 1477; x_wconf 78' lang='lat' dir='ltr'><strong>velocius</strong></span> <span class='ocrx_word' id='word_1_146' title='bbox 902 1422 1132 1492; x_wconf 87' lang='lat' dir='ltr'><strong>dejiciat.</strong></span> <span class='ocrx_word' id='word_1_147' title='bbox 1167 1424 1319 1491; x_wconf 80' lang='lat' dir='ltr'><strong>Quod</strong></span> <span class='ocrx_word' id='word_1_148' title='bbox 1346 1435 1398 1479; x_wconf 79' lang='lat' dir='ltr'><strong>et</strong></span> <span class='ocrx_word' id='word_1_149' title='bbox 1424 1424 1478 1478; x_wconf 93' lang='lat' dir='ltr'><strong>in</strong></span> <span class='ocrx_word' id='word_1_150' title='bbox 1508 1432 1691 1477; x_wconf 87' lang='lat' dir='ltr'><strong>nostra</strong></span> <span class='ocrx_word' id='word_1_151' title='bbox 1734 1421 1793 1476; x_wconf 82' lang='lat' dir='ltr'><strong>ﬁt</strong></span> <span class='ocrx_word' id='word_1_152' title='bbox 1826 1425 1998 1478; x_wconf 87' lang='lat' dir='ltr'><strong>anima</strong></span> <span class='ocrx_word' id='word_1_153' title='bbox 2019 1465 2036 1492; x_wconf 96' lang='lat'><strong>,</strong></span> <span class='ocrx_word' id='word_1_154' title='bbox 2149 1423 2294 1478; x_wconf 91' lang='lat' dir='ltr'><strong>sicus</strong></span> <span class='ocrx_word' id='word_1_155' title='bbox 2320 1425 2552 1492; x_wconf 88' lang='lat' dir='ltr'><strong>optimus</strong></span> <span class='ocrx_word' id='word_1_156' title='bbox 2578 1441 2793 1481; x_wconf 88' lang='lat' dir='ltr'><strong>auream</strong></span> <span class='ocrx_word' id='word_1_157' title='bbox 2822 1425 3083 1481; x_wconf 85' lang='lat' dir='ltr'><strong>citharam</strong></span> <span class='ocrx_word' id='word_1_158' title='bbox 3114 1427 3440 1494; x_wconf 89' lang='lat' dir='ltr'><strong>modulatus,</strong></span> <span class='ocrx_word' id='word_1_159' title='bbox 3481 1445 3735 1486; x_wconf 88' lang='lat' dir='ltr'><strong>sonorum</strong></span> 
     </span>
    </p>
   </div>
   <div class='ocr_carea' id='block_1_12' title="bbox 459 1514 3738 1592">
    <p class='ocr_par' dir='ltr' id='par_1_12' title="bbox 459 1514 3738 1592">
     <span class='ocr_line' id='line_1_12' title="bbox 459 1514 3738 1592; baseline 0.001 -19"><span class='ocrx_word' id='word_1_160' title='bbox 459 1530 582 1573; x_wconf 79' lang='lat' dir='ltr'><strong>eum</strong></span> <span class='ocrx_word' id='word_1_161' title='bbox 611 1523 833 1585; x_wconf 90' lang='lat' dir='ltr'><strong>utraque</strong></span> <span class='ocrx_word' id='word_1_162' title='bbox 852 1514 1037 1585; x_wconf 89' lang='lat' dir='ltr'><strong>jejunii</strong></span> <span class='ocrx_word' id='word_1_163' title='bbox 1080 1531 1142 1572; x_wconf 79' lang='lat' dir='ltr'><strong>ex</strong></span> <span class='ocrx_word' id='word_1_164' title='bbox 1186 1527 1335 1585; x_wconf 90' lang='lat' dir='ltr'><strong>parte</strong></span> <span class='ocrx_word' id='word_1_165' title='bbox 1356 1557 1370 1582; x_wconf 97' lang='lat'><strong>,</strong></span> <span class='ocrx_word' id='word_1_166' title='bbox 1402 1515 1664 1586; x_wconf 92' lang='lat' dir='ltr'><strong>principio</strong></span> <span class='ocrx_word' id='word_1_167' title='bbox 1690 1514 1939 1571; x_wconf 86' lang='lat' dir='ltr'><strong>videlicet</strong></span> <span class='ocrx_word' id='word_1_168' title='bbox 1979 1531 2042 1572; x_wconf 91' lang='lat' dir='ltr'><strong>ac</strong></span> <span class='ocrx_word' id='word_1_169' title='bbox 2147 1526 2409 1572; x_wconf 89' lang='lat' dir='ltr'><strong>concentu</strong></span> <span class='ocrx_word' id='word_1_170' title='bbox 2449 1519 2759 1574; x_wconf 89' lang='lat' dir='ltr'><strong>universum</strong></span> <span class='ocrx_word' id='word_1_171' title='bbox 2788 1521 2982 1574; x_wconf 83' lang='lat' dir='ltr'><strong>excitat</strong></span> <span class='ocrx_word' id='word_1_172' title='bbox 3015 1519 3281 1575; x_wconf 85' lang='lat' dir='ltr'><strong>theatrum</strong></span> <span class='ocrx_word' id='word_1_173' title='bbox 3311 1538 3326 1573; x_wconf 91' lang='lat'><strong>:</strong></span> <span class='ocrx_word' id='word_1_174' title='bbox 3369 1521 3447 1575; x_wconf 82' lang='lat' dir='ltr'><strong>sic</strong></span> <span class='ocrx_word' id='word_1_175' title='bbox 3472 1530 3527 1576; x_wconf 88' lang='lat' dir='ltr'><strong>et</strong></span> <span class='ocrx_word' id='word_1_176' title='bbox 3579 1521 3738 1592; x_wconf 84' lang='lat' dir='ltr'><strong>hujus</strong></span> 
     </span>
    </p>
   </div>
   <div class='ocr_carea' id='block_1_13' title="bbox 461 1600 3734 1677">
    <p class='ocr_par' dir='ltr' id='par_1_13' title="bbox 461 1600 3734 1677">
     <span class='ocr_line' id='line_1_13' title="bbox 461 1600 3734 1677; baseline -0 -16"><span class='ocrx_word' id='word_1_177' title='bbox 461 1607 567 1663; x_wconf 87' lang='lat' dir='ltr'><strong>line</strong></span> <span class='ocrx_word' id='word_1_178' title='bbox 583 1649 597 1673; x_wconf 95' lang='lat'><strong>,</strong></span> <span class='ocrx_word' id='word_1_179' title='bbox 628 1608 900 1663; x_wconf 86' lang='lat' dir='ltr'><strong>ebrietatis</strong></span> <span class='ocrx_word' id='word_1_180' title='bbox 923 1608 1061 1664; x_wconf 89' lang='lat' dir='ltr'><strong>nube</strong></span> <span class='ocrx_word' id='word_1_181' title='bbox 1083 1608 1478 1677; x_wconf 86' lang='lat' dir='ltr'><strong>mundaliouem</strong></span> <span class='ocrx_word' id='word_1_182' title='bbox 1522 1608 1575 1662; x_wconf 90' lang='lat' dir='ltr'><strong>in</strong></span> <span class='ocrx_word' id='word_1_183' title='bbox 1598 1608 1754 1665; x_wconf 88' lang='lat' dir='ltr'><strong>nobis</strong></span> <span class='ocrx_word' id='word_1_184' title='bbox 1782 1609 1848 1664; x_wconf 88' lang='lat' dir='ltr'><strong>ab</strong></span> <span class='ocrx_word' id='word_1_185' title='bbox 1873 1609 2041 1664; x_wconf 91' lang='lat' dir='ltr'><strong>absti-</strong></span> <span class='ocrx_word' id='word_1_186' title='bbox 2149 1614 2255 1654; x_wconf 82' lang='lat' dir='ltr'><strong>non</strong></span> <span class='ocrx_word' id='word_1_187' title='bbox 2280 1600 2627 1669; x_wconf 75' lang='lat' dir='ltr'><strong>pulsalionum</strong></span> <span class='ocrx_word' id='word_1_188' title='bbox 2645 1646 2659 1667; x_wconf 86' lang='lat'><strong>.</strong></span> <span class='ocrx_word' id='word_1_189' title='bbox 2684 1603 2779 1657; x_wconf 83' lang='lat' dir='ltr'><strong>sed</strong></span> <span class='ocrx_word' id='word_1_190' title='bbox 2806 1603 3088 1658; x_wconf 79' lang='lat' dir='ltr'><strong>verborum</strong></span> <span class='ocrx_word' id='word_1_191' title='bbox 3119 1612 3175 1659; x_wconf 83' lang='lat' dir='ltr'><strong>et</strong></span> <span class='ocrx_word' id='word_1_192' title='bbox 3203 1618 3424 1673; x_wconf 91' lang='lat' dir='ltr'><strong>operum</strong></span> <span class='ocrx_word' id='word_1_193' title='bbox 3443 1610 3734 1659; x_wconf 78' lang='lat' dir='ltr'><strong>concentus</strong></span> 
     </span>
    </p>
   </div>
   <div class='ocr_carea' id='block_1_14' title="bbox 459 1691 3738 1770">
    <p class='ocr_par' dir='ltr' id='par_1_14' title="bbox 459 1691 3738 1770">
     <span class='ocr_line' id='line_1_14' title="bbox 459 1691 3738 1770; baseline 0.001 -25"><span class='ocrx_word' id='word_1_194' title='bbox 459 1700 637 1753; x_wconf 80' lang='lat' dir='ltr'><strong>nentia</strong></span> <span class='ocrx_word' id='word_1_195' title='bbox 668 1697 857 1752; x_wconf 78' lang='lat' dir='ltr'><strong>factam</strong></span> <span class='ocrx_word' id='word_1_196' title='bbox 884 1698 1223 1754; x_wconf 75' lang='lat' dir='ltr'><strong>offuscamus,</strong></span> <span class='ocrx_word' id='word_1_197' title='bbox 1253 1698 1429 1753; x_wconf 80' lang='lat' dir='ltr'><strong>Veluti</strong></span> <span class='ocrx_word' id='word_1_198' title='bbox 1460 1699 1602 1752; x_wconf 82' lang='lat' dir='ltr'><strong>enim</strong></span> <span class='ocrx_word' id='word_1_199' title='bbox 1631 1700 1719 1770; x_wconf 80' lang='lat' dir='ltr'><strong>qui</strong></span> <span class='ocrx_word' id='word_1_200' title='bbox 1747 1715 1866 1755; x_wconf 84' lang='lat' dir='ltr'><strong>cum</strong></span> <span class='ocrx_word' id='word_1_201' title='bbox 1915 1700 2041 1755; x_wconf 78' lang='lat' dir='ltr'><strong>feris</strong></span> <span class='ocrx_word' id='word_1_202' title='bbox 2146 1691 2430 1761; x_wconf 79' lang='lat' dir='ltr'><strong>plurimam</strong></span> <span class='ocrx_word' id='word_1_203' title='bbox 2469 1693 2622 1748; x_wconf 89' lang='lat' dir='ltr'><strong>nobis</strong></span> <span class='ocrx_word' id='word_1_204' title='bbox 2656 1693 2810 1747; x_wconf 78' lang='lat' dir='ltr'><strong>aﬂ‘ert</strong></span> <span class='ocrx_word' id='word_1_205' title='bbox 2837 1694 3141 1750; x_wconf 72' lang='lat' dir='ltr'><strong>utilitatem.</strong></span> <span class='ocrx_word' id='word_1_206' title='bbox 3178 1694 3455 1765; x_wconf 81' lang='lat' dir='ltr'><strong>Ejusmodi</strong></span> <span class='ocrx_word' id='word_1_207' title='bbox 3483 1704 3537 1750; x_wconf 89' lang='lat' dir='ltr'><strong>et</strong></span> <span class='ocrx_word' id='word_1_208' title='bbox 3577 1695 3738 1749; x_wconf 77' lang='lat' dir='ltr'><strong>Chri-</strong></span> 
     </span>
    </p>
   </div>
   <div class='ocr_carea' id='block_1_15' title="bbox 460 1782 3736 1860">
    <p class='ocr_par' dir='ltr' id='par_1_15' title="bbox 460 1782 3736 1860">
     <span class='ocr_line' id='line_1_15' title="bbox 460 1782 3736 1860; baseline -0.001 -17"><span class='ocrx_word' id='word_1_209' title='bbox 460 1788 792 1851; x_wconf 82' lang='lat' dir='ltr'><strong>diinieaturi,</strong></span> <span class='ocrx_word' id='word_1_210' title='bbox 820 1789 982 1843; x_wconf 89' lang='lat' dir='ltr'><strong>armis</strong></span> <span class='ocrx_word' id='word_1_211' title='bbox 1003 1790 1181 1844; x_wconf 90' lang='lat' dir='ltr'><strong>multis</strong></span> <span class='ocrx_word' id='word_1_212' title='bbox 1202 1830 1217 1854; x_wconf 94' lang='lat'><strong>,</strong></span> <span class='ocrx_word' id='word_1_213' title='bbox 1256 1789 1704 1858; x_wconf 89' lang='lat' dir='ltr'><strong>munimentisque</strong></span> <span class='ocrx_word' id='word_1_214' title='bbox 1733 1790 2040 1860; x_wconf 88' lang='lat' dir='ltr'><strong>principalia</strong></span> <span class='ocrx_word' id='word_1_215' title='bbox 2146 1792 2260 1837; x_wconf 86' lang='lat' dir='ltr'><strong>slus</strong></span> <span class='ocrx_word' id='word_1_216' title='bbox 2285 1782 2531 1837; x_wconf 84' lang='lat' dir='ltr'><strong>doctores</strong></span> <span class='ocrx_word' id='word_1_217' title='bbox 2556 1785 2747 1853; x_wconf 66' lang='lat' dir='ltr'><strong>quatrit</strong></span> <span class='ocrx_word' id='word_1_218' title='bbox 2772 1801 2782 1835; x_wconf 85' lang='lat'>:</span> <span class='ocrx_word' id='word_1_219' title='bbox 2813 1784 2912 1850; x_wconf 82' lang='lat' dir='ltr'><strong>Qui</strong></span> <span class='ocrx_word' id='word_1_220' title='bbox 2938 1785 3068 1837; x_wconf 83' lang='lat' dir='ltr'><strong>enim</strong></span> <span class='ocrx_word' id='word_1_221' title='bbox 3090 1787 3260 1855; x_wconf 77' lang='lat' dir='ltr'><strong>fecerit</strong></span> <span class='ocrx_word' id='word_1_222' title='bbox 3290 1795 3336 1838; x_wconf 84' lang='lat' dir='ltr'><strong>et</strong></span> <span class='ocrx_word' id='word_1_223' title='bbox 3361 1785 3606 1850; x_wconf 79' lang='lat' dir='ltr'><strong>docuerit,</strong></span> <span class='ocrx_word' id='word_1_224' title='bbox 3651 1785 3736 1839; x_wconf 86' lang='lat' dir='ltr'><strong>in-</strong></span> 
     </span>
    </p>
   </div>
   <div class='ocr_carea' id='block_1_16' title="bbox 458 1873 3734 1949">
    <p class='ocr_par' dir='ltr' id='par_1_16' title="bbox 458 1873 3734 1949">
     <span class='ocr_line' id='line_1_16' title="bbox 458 1873 3734 1949; baseline -0 -17"><span class='ocrx_word' id='word_1_225' title='bbox 458 1894 681 1949; x_wconf 69' lang='lat' dir='ltr'><strong>qumque</strong></span> <span class='ocrx_word' id='word_1_226' title='bbox 709 1878 945 1933; x_wconf 89' lang='lat' dir='ltr'><strong>membra</strong></span> <span class='ocrx_word' id='word_1_227' title='bbox 972 1879 1334 1942; x_wconf 87' lang='lat' dir='ltr'><strong>circumdant,</strong></span> <span class='ocrx_word' id='word_1_228' title='bbox 1366 1887 1527 1947; x_wconf 90' lang='lat' dir='ltr'><strong>atque</strong></span> <span class='ocrx_word' id='word_1_229' title='bbox 1556 1878 1623 1933; x_wconf 86' lang='lat' dir='ltr'><strong>ita</strong></span> <span class='ocrx_word' id='word_1_230' title='bbox 1651 1895 1771 1934; x_wconf 91' lang='lat' dir='ltr'><strong>cum</strong></span> <span class='ocrx_word' id='word_1_231' title='bbox 1804 1880 1906 1935; x_wconf 89' lang='lat' dir='ltr'><strong>illis</strong></span> <span class='ocrx_word' id='word_1_232' title='bbox 1930 1880 2042 1935; x_wconf 86' lang='lat' dir='ltr'><strong>bel-</strong></span> <span class='ocrx_word' id='word_1_233' title='bbox 2146 1874 2281 1943; x_wconf 87' lang='lat' dir='ltr'><strong>quit,</strong></span> <span class='ocrx_word' id='word_1_234' title='bbox 2303 1874 2382 1927; x_wconf 85' lang='lat' dir='ltr'><strong>hic</strong></span> <span class='ocrx_word' id='word_1_235' title='bbox 2408 1891 2618 1945; x_wconf 76' lang='lat' dir='ltr'><strong>magnus</strong></span> <span class='ocrx_word' id='word_1_236' title='bbox 2638 1874 2895 1928; x_wconf 80' lang='lat' dir='ltr'><strong>vocabitur</strong></span> <span class='ocrx_word' id='word_1_237' title='bbox 2920 1876 2972 1927; x_wconf 84' lang='lat' dir='ltr'><strong>in</strong></span> <span class='ocrx_word' id='word_1_238' title='bbox 2997 1891 3153 1944; x_wconf 88' lang='lat' dir='ltr'><strong>regno</strong></span> <span class='ocrx_word' id='word_1_239' title='bbox 3175 1875 3413 1927; x_wconf 64' lang='lat' dir='ltr'><strong>calorum</strong></span> <span class='ocrx_word' id='word_1_240' title='bbox 3442 1873 3653 1945; x_wconf 81' lang='lat' dir='ltr'><strong>(Matth.</strong></span> <span class='ocrx_word' id='word_1_241' title='bbox 3675 1875 3734 1931; x_wconf 85' lang='lat'><strong>5.</strong></span> 
     </span>
    </p>
   </div>
   <div class='ocr_carea' id='block_1_17' title="bbox 461 1963 3737 2041">
    <p class='ocr_par' dir='ltr' id='par_1_17' title="bbox 461 1963 3737 2041">
     <span class='ocr_line' id='line_1_17' title="bbox 461 1963 3737 2041; baseline -0.002 -16"><span class='ocrx_word' id='word_1_242' title='bbox 461 1972 569 2025; x_wconf 91' lang='lat' dir='ltr'><strong>lum</strong></span> <span class='ocrx_word' id='word_1_243' title='bbox 592 1970 888 2040; x_wconf 88' lang='lat' dir='ltr'><strong>suscipiunt</strong></span> <span class='ocrx_word' id='word_1_244' title='bbox 916 1988 929 2023; x_wconf 91' lang='lat'><strong>:</strong></span> <span class='ocrx_word' id='word_1_245' title='bbox 958 1972 1035 2024; x_wconf 86' lang='lat' dir='ltr'><strong>sic</strong></span> <span class='ocrx_word' id='word_1_246' title='bbox 1060 1979 1113 2025; x_wconf 91' lang='lat' dir='ltr'><strong>et</strong></span> <span class='ocrx_word' id='word_1_247' title='bbox 1142 1985 1282 2024; x_wconf 93' lang='lat' dir='ltr'><strong>nunc</strong></span> <span class='ocrx_word' id='word_1_248' title='bbox 1306 1968 1549 2024; x_wconf 90' lang='lat' dir='ltr'><strong>homines</strong></span> <span class='ocrx_word' id='word_1_249' title='bbox 1576 1971 1727 2025; x_wconf 90' lang='lat' dir='ltr'><strong>multi</strong></span> <span class='ocrx_word' id='word_1_250' title='bbox 1756 1987 1876 2026; x_wconf 92' lang='lat' dir='ltr'><strong>cum</strong></span> <span class='ocrx_word' id='word_1_251' title='bbox 1897 1971 2036 2041; x_wconf 84' lang='lat' dir='ltr'><strong>jeju-</strong></span> <span class='ocrx_word' id='word_1_252' title='bbox 2149 1963 2261 2033; x_wconf 87' lang='grc'><strong>19).</strong></span> <span class='ocrx_word' id='word_1_253' title='bbox 2294 1965 2567 2034; x_wconf 86' lang='lat' dir='ltr'><strong>Ejusmodi</strong></span> <span class='ocrx_word' id='word_1_254' title='bbox 2592 1974 2675 2019; x_wconf 86' lang='lat' dir='ltr'><strong>est</strong></span> <span class='ocrx_word' id='word_1_255' title='bbox 2719 1966 2819 2020; x_wconf 87' lang='lat' dir='ltr'><strong>iste</strong></span> <span class='ocrx_word' id='word_1_256' title='bbox 2850 1984 2862 2018; x_wconf 90' lang='lat'>:</span> <span class='ocrx_word' id='word_1_257' title='bbox 2891 1974 3221 2034; x_wconf 86' lang='lat' dir='ltr'><strong>quapropter</strong></span> <span class='ocrx_word' id='word_1_258' title='bbox 3247 1974 3303 2019; x_wconf 91' lang='lat' dir='ltr'><strong>et</strong></span> <span class='ocrx_word' id='word_1_259' title='bbox 3331 1979 3554 2035; x_wconf 89' lang='lat' dir='ltr'><strong>magnus</strong></span> <span class='ocrx_word' id='word_1_260' title='bbox 3574 1971 3657 2018; x_wconf 88' lang='lat' dir='ltr'><strong>est</strong></span> <span class='ocrx_word' id='word_1_261' title='bbox 3682 1963 3737 2018; x_wconf 91' lang='lat' dir='ltr'><strong>in</strong></span> 
     </span>
    </p>
   </div>
   <div class='ocr_carea' id='block_1_18' title="bbox 460 2056 3741 2134">
    <p class='ocr_par' dir='ltr' id='par_1_18' title="bbox 460 2056 3741 2134">
     <span class='ocr_line' id='line_1_18' title="bbox 460 2056 3741 2134; baseline -0.003 -17"><span class='ocrx_word' id='word_1_262' title='bbox 460 2064 549 2117; x_wconf 89' lang='lat' dir='ltr'><strong>nio</strong></span> <span class='ocrx_word' id='word_1_263' title='bbox 602 2063 751 2134; x_wconf 84' lang='lat' dir='ltr'><strong>quasi</strong></span> <span class='ocrx_word' id='word_1_264' title='bbox 793 2079 912 2118; x_wconf 91' lang='lat' dir='ltr'><strong>cum</strong></span> <span class='ocrx_word' id='word_1_265' title='bbox 956 2063 1063 2118; x_wconf 79' lang='lat' dir='ltr'><strong>fera</strong></span> <span class='ocrx_word' id='word_1_266' title='bbox 1098 2063 1327 2133; x_wconf 85' lang='lat' dir='ltr'><strong>quadam</strong></span> <span class='ocrx_word' id='word_1_267' title='bbox 1370 2063 1682 2133; x_wconf 79' lang='lat' dir='ltr'><strong>pugnaturi,</strong></span> <span class='ocrx_word' id='word_1_268' title='bbox 1726 2064 1925 2117; x_wconf 84' lang='lat' dir='ltr'><strong>ventris</strong></span> <span class='ocrx_word' id='word_1_269' title='bbox 1977 2078 2037 2118; x_wconf 91' lang='lat' dir='ltr'><strong>se</strong></span> <span class='ocrx_word' id='word_1_270' title='bbox 2144 2073 2310 2129; x_wconf 84' lang='lat' dir='ltr'><strong>regno</strong></span> <span class='ocrx_word' id='word_1_271' title='bbox 2338 2058 2618 2112; x_wconf 68' lang='lat' dir='ltr'><strong>caslorum.</strong></span> <span class='ocrx_word' id='word_1_272' title='bbox 2648 2058 2932 2126; x_wconf 79' lang='lat' dir='ltr'><strong>Contingat</strong></span> <span class='ocrx_word' id='word_1_273' title='bbox 2980 2065 3160 2111; x_wconf 79' lang='lat' dir='ltr'><strong>autent</strong></span> <span class='ocrx_word' id='word_1_274' title='bbox 3201 2065 3258 2112; x_wconf 92' lang='lat' dir='ltr'><strong>et</strong></span> <span class='ocrx_word' id='word_1_275' title='bbox 3285 2071 3384 2110; x_wconf 91' lang='lat' dir='ltr'><strong>nos</strong></span> <span class='ocrx_word' id='word_1_276' title='bbox 3426 2056 3575 2125; x_wconf 89' lang='lat' dir='ltr'><strong>ejus,</strong></span> <span class='ocrx_word' id='word_1_277' title='bbox 3621 2070 3741 2108; x_wconf 87' lang='lat' dir='ltr'><strong>om-</strong></span> 
     </span>
    </p>
   </div>
   <div class='ocr_carea' id='block_1_19' title="bbox 456 2145 3740 2224">
    <p class='ocr_par' dir='ltr' id='par_1_19' title="bbox 456 2145 3740 2224">
     <span class='ocr_line' id='line_1_19' title="bbox 456 2145 3740 2224; baseline -0.003 -15"><span class='ocrx_word' id='word_1_278' title='bbox 456 2155 673 2224; x_wconf 87' lang='lat' dir='ltr'><strong>crapula</strong></span> <span class='ocrx_word' id='word_1_279' title='bbox 700 2157 976 2222; x_wconf 89' lang='lat' dir='ltr'><strong>mttniunt,</strong></span> <span class='ocrx_word' id='word_1_280' title='bbox 1028 2155 1528 2224; x_wconf 87' lang='lat' dir='ltr'><strong>disrumpentesque</strong></span> <span class='ocrx_word' id='word_1_281' title='bbox 1575 2169 1695 2209; x_wconf 88' lang='lat' dir='ltr'><strong>sese</strong></span> <span class='ocrx_word' id='word_1_282' title='bbox 1739 2165 1792 2210; x_wconf 92' lang='lat' dir='ltr'><strong>et</strong></span> <span class='ocrx_word' id='word_1_283' title='bbox 1818 2155 2043 2210; x_wconf 82' lang='lat' dir='ltr'><strong>obtene-</strong></span> <span class='ocrx_word' id='word_1_284' title='bbox 2141 2152 2396 2219; x_wconf 76' lang='lat' dir='ltr'><strong>niquUe</strong></span> <span class='ocrx_word' id='word_1_285' title='bbox 2436 2148 2722 2218; x_wconf 65' lang='lat' dir='ltr'><strong>prmsulum</strong></span> <span class='ocrx_word' id='word_1_286' title='bbox 2746 2148 3073 2201; x_wconf 78' lang='lat' dir='ltr'><strong>orationibus</strong></span> <span class='ocrx_word' id='word_1_287' title='bbox 3096 2162 3261 2217; x_wconf 87' lang='lat' dir='ltr'><strong>regno</strong></span> <span class='ocrx_word' id='word_1_288' title='bbox 3281 2146 3531 2201; x_wconf 70' lang='lat' dir='ltr'><strong>ctelorum</strong></span> <span class='ocrx_word' id='word_1_289' title='bbox 3549 2145 3740 2215; x_wconf 84' lang='lat' dir='ltr'><strong>dignos</strong></span> 
     </span>
    </p>
   </div>
   <div class='ocr_carea' id='block_1_20' title="bbox 455 2236 3731 2314">
    <p class='ocr_par' dir='ltr' id='par_1_20' title="bbox 455 2236 3731 2314">
     <span class='ocr_line' id='line_1_20' title="bbox 455 2236 3731 2314; baseline -0.003 -17"><span class='ocrx_word' id='word_1_290' title='bbox 455 2244 671 2298; x_wconf 75' lang='lat' dir='ltr'><strong>hiantes</strong></span> <span class='ocrx_word' id='word_1_291' title='bbox 691 2285 707 2310; x_wconf 96' lang='lat'><strong>,</strong></span> <span class='ocrx_word' id='word_1_292' title='bbox 736 2246 900 2299; x_wconf 90' lang='lat' dir='ltr'><strong>multa</strong></span> <span class='ocrx_word' id='word_1_293' title='bbox 928 2261 1050 2301; x_wconf 90' lang='lat' dir='ltr'><strong>cum</strong></span> <span class='ocrx_word' id='word_1_294' title='bbox 1084 2244 1441 2314; x_wconf 90' lang='lat' dir='ltr'><strong>imprudentia</strong></span> <span class='ocrx_word' id='word_1_295' title='bbox 1472 2246 1654 2300; x_wconf 91' lang='lat' dir='ltr'><strong>mitem</strong></span> <span class='ocrx_word' id='word_1_296' title='bbox 1700 2260 1765 2300; x_wconf 93' lang='lat' dir='ltr'><strong>ac</strong></span> <span class='ocrx_word' id='word_1_297' title='bbox 1802 2246 2036 2314; x_wconf 89' lang='lat' dir='ltr'><strong>quietum</strong></span> <span class='ocrx_word' id='word_1_298' title='bbox 2142 2240 2281 2307; x_wconf 81' lang='lat' dir='ltr'><strong>ﬁeri,</strong></span> <span class='ocrx_word' id='word_1_299' title='bbox 2305 2240 2473 2309; x_wconf 85' lang='lat' dir='ltr'><strong>gratia</strong></span> <span class='ocrx_word' id='word_1_300' title='bbox 2504 2248 2558 2294; x_wconf 91' lang='lat' dir='ltr'><strong>et</strong></span> <span class='ocrx_word' id='word_1_301' title='bbox 2579 2239 2905 2306; x_wconf 83' lang='lat' dir='ltr'><strong>benignitate</strong></span> <span class='ocrx_word' id='word_1_302' title='bbox 2934 2238 3141 2291; x_wconf 86' lang='lat' dir='ltr'><strong>Domini</strong></span> <span class='ocrx_word' id='word_1_303' title='bbox 3164 2238 3329 2291; x_wconf 88' lang='lat' dir='ltr'><strong>nostri</strong></span> <span class='ocrx_word' id='word_1_304' title='bbox 3359 2237 3486 2292; x_wconf 83' lang='lat' dir='ltr'><strong>Jesu</strong></span> <span class='ocrx_word' id='word_1_305' title='bbox 3506 2236 3731 2299; x_wconf 86' lang='lat' dir='ltr'><strong>Christi,</strong></span> 
     </span>
    </p>
   </div>
   <div class='ocr_carea' id='block_1_21' title="bbox 448 2331 3731 2409">
    <p class='ocr_par' dir='ltr' id='par_1_21' title="bbox 448 2331 3731 2409">
     <span class='ocr_line' id='line_1_21' title="bbox 448 2331 3731 2409; baseline -0.002 -19"><span class='ocrx_word' id='word_1_306' title='bbox 448 2337 635 2407; x_wconf 90' lang='lat' dir='ltr'><strong>jejunii</strong></span> <span class='ocrx_word' id='word_1_307' title='bbox 665 2348 937 2408; x_wconf 90' lang='lat' dir='ltr'><strong>aspectum</strong></span> <span class='ocrx_word' id='word_1_308' title='bbox 985 2339 1300 2408; x_wconf 89' lang='lat' dir='ltr'><strong>suscipiunt.</strong></span> <span class='ocrx_word' id='word_1_309' title='bbox 1329 2339 1501 2409; x_wconf 85' lang='lat' dir='ltr'><strong>Atque</strong></span> <span class='ocrx_word' id='word_1_310' title='bbox 1531 2339 1576 2393; x_wconf 89' lang='lat' dir='ltr'><strong>si</strong></span> <span class='ocrx_word' id='word_1_311' title='bbox 1606 2337 1912 2409; x_wconf 85' lang='lat' dir='ltr'><strong>quempiam</strong></span> <span class='ocrx_word' id='word_1_312' title='bbox 1960 2340 2037 2392; x_wconf 73' lang='lat' dir='ltr'><strong>in~</strong></span> <span class='ocrx_word' id='word_1_313' title='bbox 2140 2348 2261 2388; x_wconf 90' lang='lat' dir='ltr'><strong>cum</strong></span> <span class='ocrx_word' id='word_1_314' title='bbox 2290 2349 2395 2403; x_wconf 91' lang='lat' dir='ltr'><strong>quo</strong></span> <span class='ocrx_word' id='word_1_315' title='bbox 2422 2333 2565 2387; x_wconf 88' lang='lat' dir='ltr'><strong>Patri</strong></span> <span class='ocrx_word' id='word_1_316' title='bbox 2598 2332 2761 2402; x_wconf 79' lang='lat' dir='ltr'><strong>gloria</strong></span> <span class='ocrx_word' id='word_1_317' title='bbox 2785 2373 2799 2397; x_wconf 93' lang='lat'><strong>,</strong></span> <span class='ocrx_word' id='word_1_318' title='bbox 2832 2345 2953 2384; x_wconf 87' lang='lat' dir='ltr'><strong>cum</strong></span> <span class='ocrx_word' id='word_1_319' title='bbox 2983 2338 3169 2384; x_wconf 84' lang='lat' dir='ltr'><strong>sancto</strong></span> <span class='ocrx_word' id='word_1_320' title='bbox 3216 2331 3449 2399; x_wconf 88' lang='lat' dir='ltr'><strong>Spiritu,‘</strong></span> <span class='ocrx_word' id='word_1_321' title='bbox 3488 2344 3631 2384; x_wconf 91' lang='lat' dir='ltr'><strong>nunc</strong></span> <span class='ocrx_word' id='word_1_322' title='bbox 3675 2338 3731 2383; x_wconf 89' lang='lat' dir='ltr'><strong>et</strong></span> 
     </span>
    </p>
   </div>
   <div class='ocr_carea' id='block_1_22' title="bbox 453 2426 3339 2500">
    <p class='ocr_par' dir='ltr' id='par_1_22' title="bbox 453 2426 3339 2500">
     <span class='ocr_line' id='line_1_22' title="bbox 453 2426 3339 2500; baseline -0 -21"><span class='ocrx_word' id='word_1_323' title='bbox 453 2438 791 2498; x_wconf 82' lang='lat' dir='ltr'><strong>terrogavero</strong></span> <span class='ocrx_word' id='word_1_324' title='bbox 811 2471 826 2495; x_wconf 95' lang='lat'><strong>,</strong></span> <span class='ocrx_word' id='word_1_325' title='bbox 848 2429 1014 2498; x_wconf 89' lang='lat' dir='ltr'><strong>Cujus</strong></span> <span class='ocrx_word' id='word_1_326' title='bbox 1039 2431 1117 2484; x_wconf 86' lang='lat' dir='ltr'><strong>rei</strong></span> <span class='ocrx_word' id='word_1_327' title='bbox 1164 2430 1334 2500; x_wconf 86' lang='lat' dir='ltr'><strong>gratia</strong></span> <span class='ocrx_word' id='word_1_328' title='bbox 1359 2430 1425 2484; x_wconf 92' lang='lat' dir='ltr'><strong>ad</strong></span> <span class='ocrx_word' id='word_1_329' title='bbox 1456 2430 1691 2485; x_wconf 91' lang='lat' dir='ltr'><strong>thermas</strong></span> <span class='ocrx_word' id='word_1_330' title='bbox 1718 2430 1875 2485; x_wconf 93' lang='lat' dir='ltr'><strong>hodie</strong></span> <span class='ocrx_word' id='word_1_331' title='bbox 1915 2445 2037 2498; x_wconf 86' lang='lat' dir='ltr'><strong>pro-</strong></span> <span class='ocrx_word' id='word_1_332' title='bbox 2137 2443 2369 2499; x_wconf 90' lang='lat' dir='ltr'><strong>semper,</strong></span> <span class='ocrx_word' id='word_1_333' title='bbox 2401 2438 2455 2484; x_wconf 91' lang='lat' dir='ltr'><strong>et</strong></span> <span class='ocrx_word' id='word_1_334' title='bbox 2478 2430 2528 2483; x_wconf 92' lang='lat' dir='ltr'><strong>in</strong></span> <span class='ocrx_word' id='word_1_335' title='bbox 2552 2429 2744 2484; x_wconf 59' lang='lat' dir='ltr'><strong>saecula</strong></span> <span class='ocrx_word' id='word_1_336' title='bbox 2771 2426 3115 2481; x_wconf 64' lang='lat' dir='ltr'><strong>seculorum.</strong></span> <span class='ocrx_word' id='word_1_337' title='bbox 3145 2428 3339 2481; x_wconf 86' lang='lat' dir='ltr'><strong>Amen.</strong></span> 
     </span>
    </p>
   </div>
   <div class='ocr_carea' id='block_1_23' title="bbox 454 2520 3731 2627">
    <p class='ocr_par' dir='ltr' id='par_1_23' title="bbox 454 2520 3731 2627">
     <span class='ocr_line' id='line_1_23' title="bbox 454 2520 3731 2627; baseline -0.001 -20"><span class='ocrx_word' id='word_1_338' title='bbox 454 2533 606 2622; x_wconf 31' lang='lat'><strong>“‘8&#39;.”</strong></span> <span class='ocrx_word' id='word_1_339' title='bbox 634 2520 748 2627; x_wconf 50' lang='lat' dir='ltr'><strong>:B‘</strong></span> <span class='ocrx_word' id='word_1_340' title='bbox 772 2522 951 2576; x_wconf 68' lang='lat' dir='ltr'><strong>ammo</strong></span> <span class='ocrx_word' id='word_1_341' title='bbox 979 2536 1203 2625; x_wconf 56' lang='lat' dir='ltr'><strong>cf’rpore</strong></span> <span class='ocrx_word' id='word_1_342' title='bbox 1228 2564 1241 2585; x_wconf 72' lang='grc' dir='ltr'><strong>ν</strong></span> <span class='ocrx_word' id='word_1_343' title='bbox 1293 2523 1535 2627; x_wconf 54' lang='lat' dir='ltr'><strong>inquies,&quot;</strong></span> <span class='ocrx_word' id='word_1_344' title='bbox 1550 2522 1816 2627; x_wconf 38' lang='lat' dir='ltr'><strong>jejunium.</strong></span> <span class='ocrx_word' id='word_1_345' title='bbox 1866 2522 2037 2624; x_wconf 43' lang='lat' dir='ltr'><strong>.S&quot;S.Ci&#39;</strong></span> <span class='ocrx_word' id='word_1_346' title='bbox 2203 2560 2220 2591; x_wconf 78' lang='grc' dir='ltr'>ι</span> <span class='ocrx_word' id='word_1_347' title='bbox 2255 2560 2328 2608; x_wconf 83' lang='lat' dir='ltr'><strong>sic</strong></span> <span class='ocrx_word' id='word_1_348' title='bbox 2348 2565 2451 2607; x_wconf 81' lang='lat' dir='ltr'><strong>Sav.</strong></span> <span class='ocrx_word' id='word_1_349' title='bbox 2481 2565 2532 2607; x_wconf 86' lang='lat' dir='ltr'><strong>et</strong></span> <span class='ocrx_word' id='word_1_350' title='bbox 2562 2571 2687 2607; x_wconf 87' lang='lat' dir='ltr'><strong>unus</strong></span> <span class='ocrx_word' id='word_1_351' title='bbox 2723 2564 2839 2627; x_wconf 72' lang='lat' dir='ltr'><strong>Reg.</strong></span> <span class='ocrx_word' id='word_1_352' title='bbox 2880 2563 2933 2605; x_wconf 84' lang='grc' dir='ltr'>ιιι</span> <span class='ocrx_word' id='word_1_353' title='bbox 2954 2562 3004 2605; x_wconf 83' lang='lat' dir='ltr'><strong>B.</strong></span> <span class='ocrx_word' id='word_1_354' title='bbox 3028 2562 3081 2608; x_wconf 92' lang='lat' dir='ltr'><strong>et</strong></span> <span class='ocrx_word' id='word_1_355' title='bbox 3100 2557 3226 2620; x_wconf 86' lang='lat' dir='ltr'><strong>apud</strong></span> <span class='ocrx_word' id='word_1_356' title='bbox 3250 2554 3437 2616; x_wconf 73' lang='lat' dir='ltr'><strong>uorel.,</strong></span> <span class='ocrx_word' id='word_1_357' title='bbox 3460 2552 3731 2618; x_wconf 65' lang='lat' dir='ltr'><strong>pulcherri-</strong></span> 
     </span>
    </p>
   </div>
   <div class='ocr_carea' id='block_1_24' title="bbox 453 2612 2939 2682">
    <p class='ocr_par' dir='ltr' id='par_1_24' title="bbox 453 2612 2939 2682">
     <span class='ocr_line' id='line_1_24' title="bbox 453 2612 2939 2682; baseline 0.002 -20"><span class='ocrx_word' id='word_1_358' title='bbox 453 2613 611 2679; x_wconf 89' lang='lat' dir='ltr'><strong>piam.</strong></span> <span class='ocrx_word' id='word_1_359' title='bbox 662 2612 718 2667; x_wconf 91' lang='lat' dir='ltr'><strong>Si</strong></span> <span class='ocrx_word' id='word_1_360' title='bbox 747 2628 872 2667; x_wconf 88' lang='lat' dir='ltr'><strong>vero</strong></span> <span class='ocrx_word' id='word_1_361' title='bbox 922 2622 972 2667; x_wconf 90' lang='lat' dir='ltr'><strong>te</strong></span> <span class='ocrx_word' id='word_1_362' title='bbox 1017 2614 1423 2682; x_wconf 86' lang='lat' dir='ltr'><strong>interrogavero</strong></span> <span class='ocrx_word' id='word_1_363' title='bbox 1445 2654 1459 2679; x_wconf 95' lang='lat'><strong>,</strong></span> <span class='ocrx_word' id='word_1_364' title='bbox 1495 2612 1672 2680; x_wconf 85' lang='lat' dir='ltr'><strong>Quare</strong></span> <span class='ocrx_word' id='word_1_365' title='bbox 1712 2614 2028 2679; x_wconf 89' lang='lat' dir='ltr'><strong>inebriaris,</strong></span> <span class='ocrx_word' id='word_1_366' title='bbox 2136 2621 2410 2671; x_wconf 82' lang='lat' dir='ltr'><strong>mamltanc</strong></span> <span class='ocrx_word' id='word_1_367' title='bbox 2434 2620 2656 2669; x_wconf 83' lang='lat' dir='ltr'><strong>virtutem</strong></span> <span class='ocrx_word' id='word_1_368' title='bbox 2677 2612 2939 2681; x_wconf 69' lang='lat' dir='ltr'><strong>suscipere.</strong></span> 
     </span>
    </p>
   </div>
   <div class='ocr_carea' id='block_1_25' title="bbox 1652 2832 2567 2920">
    <p class='ocr_par' dir='ltr' id='par_1_25' title="bbox 1652 2832 2567 2920">
     <span class='ocr_line' id='line_1_25' title="bbox 1652 2832 2567 2920; baseline -0.003 -16"><span class='ocrx_word' id='word_1_369' title='bbox 1652 2835 1794 2904; x_wconf 87' lang='lat' dir='ltr'><strong>DE</strong></span> <span class='ocrx_word' id='word_1_370' title='bbox 1858 2832 2567 2920; x_wconf 77' lang='lat' dir='ltr'><strong>PtENITENTIA,</strong></span> 
     </span>
    </p>
   </div>
   <div class='ocr_carea' id='block_1_26' title="bbox 1319 3002 2834 3056">
    <p class='ocr_par' dir='ltr' id='par_1_26' title="bbox 1319 3002 2834 3056">
     <span class='ocr_line' id='line_1_26' title="bbox 1319 3002 2834 3056; baseline -0.003 -9"><span class='ocrx_word' id='word_1_371' title='bbox 1319 3002 1567 3056; x_wconf 70' lang='lat' dir='ltr'><strong>QUABTA</strong></span> <span class='ocrx_word' id='word_1_372' title='bbox 1604 3006 1998 3049; x_wconf 71' lang='lat' dir='ltr'><strong>HEBDOMADA</strong></span> <span class='ocrx_word' id='word_1_373' title='bbox 2041 3004 2254 3049; x_wconf 72' lang='lat' dir='ltr'><strong>SACRB</strong></span> <span class='ocrx_word' id='word_1_374' title='bbox 2296 3002 2834 3056; x_wconf 69' lang='lat' dir='ltr'><strong>QUADRAGESIME.</strong></span> 
     </span>
    </p>
   </div>
   <div class='ocr_carea' id='block_1_27' title="bbox 2044 3147 2132 3162">
    <p class='ocr_par' dir='ltr' id='par_1_27' title="bbox 2044 3147 2132 3162">
     <span class='ocr_line' id='line_1_27' title="bbox 2044 3147 2132 3162; baseline 0.023 -4"><span class='ocrx_word' id='word_1_375' title='bbox 2044 3147 2132 3162; x_wconf 58' lang='lat'><strong>~1-</strong></span> 
     </span>
    </p>
   </div>
   <div class='ocr_carea' id='block_1_28' title="bbox 1018 3244 3724 3322">
    <p class='ocr_par' dir='ltr' id='par_1_28' title="bbox 1018 3244 3724 3322">
     <span class='ocr_line' id='line_1_28' title="bbox 1018 3244 3724 3322; baseline -0.001 -15"><span class='ocrx_word' id='word_1_376' title='bbox 1018 3268 1231 3308; x_wconf 71' lang='grc' dir='ltr'><strong>ηοιιιιιΑ</strong></span> <span class='ocrx_word' id='word_1_377' title='bbox 1273 3268 1325 3307; x_wconf 77' lang='lat' dir='ltr'><strong>vi</strong></span> <span class='ocrx_word' id='word_1_378' title='bbox 1376 3250 1473 3322; x_wconf 91' lang='lat' dir='ltr'><strong>(o).</strong></span> <span class='ocrx_word' id='word_1_379' title='bbox 2136 3247 2298 3318; x_wconf 88' lang='lat' dir='ltr'><strong>cepit,</strong></span> <span class='ocrx_word' id='word_1_380' title='bbox 2328 3248 2380 3301; x_wconf 92' lang='lat' dir='ltr'><strong>in</strong></span> <span class='ocrx_word' id='word_1_381' title='bbox 2410 3246 2585 3301; x_wconf 91' lang='lat' dir='ltr'><strong>medio</strong></span> <span class='ocrx_word' id='word_1_382' title='bbox 2608 3256 2721 3300; x_wconf 89' lang='lat' dir='ltr'><strong>est:</strong></span> <span class='ocrx_word' id='word_1_383' title='bbox 2755 3248 2825 3299; x_wconf 90' lang='lat' dir='ltr'><strong>ita</strong></span> <span class='ocrx_word' id='word_1_384' title='bbox 2845 3245 2931 3315; x_wconf 91' lang='lat' dir='ltr'><strong>qni</strong></span> <span class='ocrx_word' id='word_1_385' title='bbox 2964 3244 3029 3298; x_wconf 91' lang='lat' dir='ltr'><strong>ad</strong></span> <span class='ocrx_word' id='word_1_386' title='bbox 3057 3245 3288 3300; x_wconf 89' lang='lat' dir='ltr'><strong>medium</strong></span> <span class='ocrx_word' id='word_1_387' title='bbox 3307 3246 3539 3311; x_wconf 87' lang='lat' dir='ltr'><strong>devenit,</strong></span> <span class='ocrx_word' id='word_1_388' title='bbox 3564 3246 3724 3304; x_wconf 75' lang='lat' dir='ltr'><strong>tinem</strong></span> 
     </span>
    </p>
   </div>
   <div class='ocr_carea' id='block_1_29' title="bbox 519 3334 3730 3414">
    <p class='ocr_par' dir='ltr' id='par_1_29' title="bbox 519 3334 3730 3414">
     <span class='ocr_line' id='line_1_29' title="bbox 519 3334 3730 3414; baseline -0.002 -15"><span class='ocrx_word' id='word_1_389' title='bbox 519 3345 567 3399; x_wconf 83' lang='lat' dir='ltr'><strong>l.</strong></span> <span class='ocrx_word' id='word_1_390' title='bbox 609 3344 776 3411; x_wconf 87' lang='lat' dir='ltr'><strong>Quam</strong></span> <span class='ocrx_word' id='word_1_391' title='bbox 795 3343 1011 3413; x_wconf 87' lang='lat' dir='ltr'><strong>jucundi</strong></span> <span class='ocrx_word' id='word_1_392' title='bbox 1043 3343 1335 3414; x_wconf 88' lang='lat' dir='ltr'><strong>spiritualis</strong></span> <span class='ocrx_word' id='word_1_393' title='bbox 1356 3343 1516 3412; x_wconf 88' lang='lat' dir='ltr'><strong>hujus</strong></span> <span class='ocrx_word' id='word_1_394' title='bbox 1536 3340 1690 3397; x_wconf 91' lang='lat' dir='ltr'><strong>nobis</strong></span> <span class='ocrx_word' id='word_1_395' title='bbox 1714 3340 1874 3394; x_wconf 85' lang='lat' dir='ltr'><strong>maris</strong></span> <span class='ocrx_word' id='word_1_396' title='bbox 1898 3346 2022 3391; x_wconf 90' lang='lat' dir='ltr'><strong>sunt</strong></span> <span class='ocrx_word' id='word_1_397' title='bbox 2135 3336 2503 3407; x_wconf 88' lang='lat' dir='ltr'><strong>apprehendit.</strong></span> <span class='ocrx_word' id='word_1_398' title='bbox 2537 3336 2700 3405; x_wconf 86' lang='lat' dir='ltr'><strong>Igitur</strong></span> <span class='ocrx_word' id='word_1_399' title='bbox 2729 3347 2939 3405; x_wconf 82' lang='lat' dir='ltr'><strong>tempus</strong></span> <span class='ocrx_word' id='word_1_400' title='bbox 2964 3334 3030 3390; x_wconf 90' lang='lat' dir='ltr'><strong>ad</strong></span> <span class='ocrx_word' id='word_1_401' title='bbox 3056 3336 3213 3389; x_wconf 77' lang='lat' dir='ltr'><strong>tinem</strong></span> <span class='ocrx_word' id='word_1_402' title='bbox 3246 3338 3435 3406; x_wconf 87' lang='lat' dir='ltr'><strong>vergit,</strong></span> <span class='ocrx_word' id='word_1_403' title='bbox 3472 3348 3632 3407; x_wconf 87' lang='lat' dir='ltr'><strong>atque</strong></span> <span class='ocrx_word' id='word_1_404' title='bbox 3660 3337 3730 3393; x_wconf 83' lang='lat' dir='ltr'><strong>de</strong></span> 
     </span>
    </p>
   </div>
   <div class='ocr_carea' id='block_1_30' title="bbox 446 3425 3727 3504">
    <p class='ocr_par' dir='ltr' id='par_1_30' title="bbox 446 3425 3727 3504">
     <span class='ocr_line' id='line_1_30' title="bbox 446 3425 3727 3504; baseline -0.003 -15"><span class='ocrx_word' id='word_1_405' title='bbox 446 3435 657 3502; x_wconf 80' lang='lat' dir='ltr'><strong>ﬂuctus,</strong></span> <span class='ocrx_word' id='word_1_406' title='bbox 679 3444 733 3489; x_wconf 91' lang='lat' dir='ltr'><strong>et</strong></span> <span class='ocrx_word' id='word_1_407' title='bbox 762 3434 908 3504; x_wconf 78' lang='lat' dir='ltr'><strong>ipsis,</strong></span> <span class='ocrx_word' id='word_1_408' title='bbox 937 3435 1023 3504; x_wconf 90' lang='lat' dir='ltr'><strong>qui</strong></span> <span class='ocrx_word' id='word_1_409' title='bbox 1048 3434 1098 3488; x_wconf 93' lang='lat' dir='ltr'><strong>in</strong></span> <span class='ocrx_word' id='word_1_410' title='bbox 1122 3435 1310 3503; x_wconf 83' lang='lat' dir='ltr'><strong>pelago</strong></span> <span class='ocrx_word' id='word_1_411' title='bbox 1337 3443 1480 3499; x_wconf 91' lang='lat' dir='ltr'><strong>sunt,</strong></span> <span class='ocrx_word' id='word_1_412' title='bbox 1500 3431 1867 3503; x_wconf 80' lang='lat' dir='ltr'><strong>jucundiores.</strong></span> <span class='ocrx_word' id='word_1_413' title='bbox 1897 3429 2028 3484; x_wconf 83' lang='lat' dir='ltr'><strong>Nam</strong></span> <span class='ocrx_word' id='word_1_414' title='bbox 2134 3439 2331 3484; x_wconf 71' lang='lat' dir='ltr'><strong>canere</strong></span> <span class='ocrx_word' id='word_1_415' title='bbox 2371 3437 2580 3498; x_wconf 88' lang='lat' dir='ltr'><strong>portum</strong></span> <span class='ocrx_word' id='word_1_416' title='bbox 2616 3427 2804 3498; x_wconf 86' lang='lat' dir='ltr'><strong>cymba</strong></span> <span class='ocrx_word' id='word_1_417' title='bbox 2835 3426 3120 3495; x_wconf 85' lang='lat' dir='ltr'><strong>prospicit;</strong></span> <span class='ocrx_word' id='word_1_418' title='bbox 3143 3426 3237 3480; x_wconf 92' lang='lat' dir='ltr'><strong>sed</strong></span> <span class='ocrx_word' id='word_1_419' title='bbox 3284 3425 3423 3496; x_wconf 90' lang='lat' dir='ltr'><strong>quod</strong></span> <span class='ocrx_word' id='word_1_420' title='bbox 3448 3427 3727 3498; x_wconf 67' lang='lat' dir='ltr'><strong>quieritur,</strong></span> 
     </span>
    </p>
   </div>
   <div class='ocr_carea' id='block_1_31' title="bbox 446 3516 3728 3595">
    <p class='ocr_par' dir='ltr' id='par_1_31' title="bbox 446 3516 3728 3595">
     <span class='ocr_line' id='line_1_31' title="bbox 446 3516 3728 3595; baseline -0.002 -16"><span class='ocrx_word' id='word_1_421' title='bbox 446 3526 519 3579; x_wconf 88' lang='lat' dir='ltr'><strong>illi</strong></span> <span class='ocrx_word' id='word_1_422' title='bbox 546 3524 760 3595; x_wconf 79' lang='lat' dir='ltr'><strong>quidem</strong></span> <span class='ocrx_word' id='word_1_423' title='bbox 789 3535 1064 3580; x_wconf 90' lang='lat' dir='ltr'><strong>ventorum</strong></span> <span class='ocrx_word' id='word_1_424' title='bbox 1096 3525 1404 3588; x_wconf 84' lang='lat' dir='ltr'><strong>insolentia,</strong></span> <span class='ocrx_word' id='word_1_425' title='bbox 1440 3524 1492 3577; x_wconf 89' lang='lat' dir='ltr'><strong>hi</strong></span> <span class='ocrx_word' id='word_1_426' title='bbox 1522 3524 1734 3578; x_wconf 86' lang='lat' dir='ltr'><strong>auditus</strong></span> <span class='ocrx_word' id='word_1_427' title='bbox 1765 3523 2031 3577; x_wconf 83' lang='lat' dir='ltr'><strong>desiderio</strong></span> <span class='ocrx_word' id='word_1_428' title='bbox 2137 3533 2243 3572; x_wconf 93' lang='lat' dir='ltr'><strong>non</strong></span> <span class='ocrx_word' id='word_1_429' title='bbox 2278 3517 2385 3587; x_wconf 86' lang='lat' dir='ltr'><strong>jam</strong></span> <span class='ocrx_word' id='word_1_430' title='bbox 2416 3527 2498 3572; x_wconf 92' lang='lat' dir='ltr'><strong>est</strong></span> <span class='ocrx_word' id='word_1_431' title='bbox 2526 3517 2593 3571; x_wconf 90' lang='lat' dir='ltr'><strong>ad</strong></span> <span class='ocrx_word' id='word_1_432' title='bbox 2628 3527 2840 3586; x_wconf 90' lang='lat' dir='ltr'><strong>portum</strong></span> <span class='ocrx_word' id='word_1_433' title='bbox 2869 3516 3173 3586; x_wconf 87' lang='lat' dir='ltr'><strong>pervenire,</strong></span> <span class='ocrx_word' id='word_1_434' title='bbox 3203 3517 3297 3571; x_wconf 87' lang='lat' dir='ltr'><strong>sed</strong></span> <span class='ocrx_word' id='word_1_435' title='bbox 3346 3533 3537 3572; x_wconf 87' lang='lat' dir='ltr'><strong>navem</strong></span> <span class='ocrx_word' id='word_1_436' title='bbox 3586 3517 3728 3573; x_wconf 88' lang='lat' dir='ltr'><strong>haud</strong></span> 
     </span>
    </p>
   </div>
   <div class='ocr_carea' id='block_1_32' title="bbox 444 3609 3727 3686">
    <p class='ocr_par' dir='ltr' id='par_1_32' title="bbox 444 3609 3727 3686">
     <span class='ocr_line' id='line_1_32' title="bbox 444 3609 3727 3686; baseline -0.002 -15"><span class='ocrx_word' id='word_1_437' title='bbox 444 3619 742 3672; x_wconf 86' lang='lat' dir='ltr'><strong>excitantur</strong></span> <span class='ocrx_word' id='word_1_438' title='bbox 781 3626 883 3672; x_wconf 86' lang='lat' dir='ltr'><strong>:et</strong></span> <span class='ocrx_word' id='word_1_439' title='bbox 938 3616 1011 3671; x_wconf 91' lang='lat' dir='ltr'><strong>illi</strong></span> <span class='ocrx_word' id='word_1_440' title='bbox 1056 3616 1271 3686; x_wconf 87' lang='lat' dir='ltr'><strong>quidem</strong></span> <span class='ocrx_word' id='word_1_441' title='bbox 1324 3615 1606 3671; x_wconf 88' lang='lat' dir='ltr'><strong>sublimius</strong></span> <span class='ocrx_word' id='word_1_442' title='bbox 1660 3614 2025 3685; x_wconf 80' lang='lat' dir='ltr'><strong>agglomerati,</strong></span> <span class='ocrx_word' id='word_1_443' title='bbox 2137 3610 2268 3663; x_wconf 91' lang='lat' dir='ltr'><strong>lucri</strong></span> <span class='ocrx_word' id='word_1_444' title='bbox 2291 3624 2508 3663; x_wconf 79' lang='lat' dir='ltr'><strong>vacuam</strong></span> <span class='ocrx_word' id='word_1_445' title='bbox 2535 3609 2765 3664; x_wconf 80' lang='lat' dir='ltr'><strong>trahere.</strong></span> <span class='ocrx_word' id='word_1_446' title='bbox 2788 3610 2897 3664; x_wconf 90' lang='lat' dir='ltr'><strong>Oro</strong></span> <span class='ocrx_word' id='word_1_447' title='bbox 2922 3624 3017 3662; x_wconf 91' lang='lat' dir='ltr'><strong>vos</strong></span> <span class='ocrx_word' id='word_1_448' title='bbox 3034 3624 3220 3663; x_wconf 86' lang='lat' dir='ltr'><strong>omnes</strong></span> <span class='ocrx_word' id='word_1_449' title='bbox 3240 3621 3294 3663; x_wconf 92' lang='lat' dir='ltr'><strong>et</strong></span> <span class='ocrx_word' id='word_1_450' title='bbox 3315 3611 3558 3674; x_wconf 84' lang='lat' dir='ltr'><strong>obsecro,</strong></span> <span class='ocrx_word' id='word_1_451' title='bbox 3576 3625 3727 3665; x_wconf 89' lang='lat' dir='ltr'><strong>suam</strong></span> 
     </span>
    </p>
   </div>
   <div class='ocr_carea' id='block_1_33' title="bbox 448 3700 3723 3778">
    <p class='ocr_par' dir='ltr' id='par_1_33' title="bbox 448 3700 3723 3778">
     <span class='ocr_line' id='line_1_33' title="bbox 448 3700 3723 3778; baseline -0.002 -18"><span class='ocrx_word' id='word_1_452' title='bbox 448 3707 853 3776; x_wconf 89' lang='lat' dir='ltr'><strong>trepidationem</strong></span> <span class='ocrx_word' id='word_1_453' title='bbox 881 3707 1219 3778; x_wconf 85' lang='lat' dir='ltr'><strong>gubernatori</strong></span> <span class='ocrx_word' id='word_1_454' title='bbox 1244 3706 1523 3775; x_wconf 88' lang='lat' dir='ltr'><strong>plurimam</strong></span> <span class='ocrx_word' id='word_1_455' title='bbox 1558 3704 1829 3759; x_wconf 83' lang='lat' dir='ltr'><strong>inferunt:</strong></span> <span class='ocrx_word' id='word_1_456' title='bbox 1864 3704 1914 3757; x_wconf 91' lang='lat' dir='ltr'><strong>hi</strong></span> <span class='ocrx_word' id='word_1_457' title='bbox 1938 3704 2028 3757; x_wconf 92' lang='lat' dir='ltr'><strong>ubi</strong></span> <span class='ocrx_word' id='word_1_458' title='bbox 2135 3701 2356 3770; x_wconf 89' lang='lat' dir='ltr'><strong>quisque</strong></span> <span class='ocrx_word' id='word_1_459' title='bbox 2373 3700 3038 3769; x_wconf 89' lang='lat' dir='ltr'><strong>adeonscientiamjejunii</strong></span> <span class='ocrx_word' id='word_1_460' title='bbox 3066 3701 3475 3770; x_wconf 82' lang='lat' dir='ltr'><strong>negotiationem</strong></span> <span class='ocrx_word' id='word_1_461' title='bbox 3494 3710 3723 3771; x_wconf 85' lang='lat' dir='ltr'><strong>reputet,</strong></span> 
     </span>
    </p>
   </div>
   <div class='ocr_carea' id='block_1_34' title="bbox 445 3794 3722 3871">
    <p class='ocr_par' dir='ltr' id='par_1_34' title="bbox 445 3794 3722 3871">
     <span class='ocr_line' id='line_1_34' title="bbox 445 3794 3722 3871; baseline -0 -21"><span class='ocrx_word' id='word_1_462' title='bbox 445 3811 818 3871; x_wconf 85' lang='lat' dir='ltr'><strong>apparuerunt,</strong></span> <span class='ocrx_word' id='word_1_463' title='bbox 843 3801 1103 3855; x_wconf 82' lang='lat' dir='ltr'><strong>dicentem</strong></span> <span class='ocrx_word' id='word_1_464' title='bbox 1126 3798 1312 3854; x_wconf 80' lang='lat' dir='ltr'><strong>ﬁducia</strong></span> <span class='ocrx_word' id='word_1_465' title='bbox 1335 3799 1499 3853; x_wconf 90' lang='lat' dir='ltr'><strong>multa</strong></span> <span class='ocrx_word' id='word_1_466' title='bbox 1524 3799 1750 3869; x_wconf 84' lang='lat' dir='ltr'><strong>replent.</strong></span> <span class='ocrx_word' id='word_1_467' title='bbox 1779 3796 1854 3850; x_wconf 93' lang='lat' dir='ltr'><strong>Illi</strong></span> <span class='ocrx_word' id='word_1_468' title='bbox 1886 3799 2027 3848; x_wconf 76' lang='lat' dir='ltr'><strong>enim</strong></span> <span class='ocrx_word' id='word_1_469' title='bbox 2134 3812 2195 3852; x_wconf 92' lang='lat' dir='ltr'><strong>ac</strong></span> <span class='ocrx_word' id='word_1_470' title='bbox 2222 3797 2267 3850; x_wconf 95' lang='lat' dir='ltr'><strong>si</strong></span> <span class='ocrx_word' id='word_1_471' title='bbox 2292 3797 2504 3867; x_wconf 89' lang='lat' dir='ltr'><strong>quidem</strong></span> <span class='ocrx_word' id='word_1_472' title='bbox 2534 3796 2743 3851; x_wconf 86' lang='lat' dir='ltr'><strong>lucrum</strong></span> <span class='ocrx_word' id='word_1_473' title='bbox 2772 3795 2996 3850; x_wconf 88' lang='lat' dir='ltr'><strong>multum</strong></span> <span class='ocrx_word' id='word_1_474' title='bbox 3018 3796 3406 3850; x_wconf 87' lang='lat' dir='ltr'><strong>accumulattun</strong></span> <span class='ocrx_word' id='word_1_475' title='bbox 3435 3794 3722 3861; x_wconf 89' lang='lat' dir='ltr'><strong>invenerit,</strong></span> 
     </span>
    </p>
   </div>
   <div class='ocr_carea' id='block_1_35' title="bbox 448 3887 3720 3961">
    <p class='ocr_par' dir='ltr' id='par_1_35' title="bbox 448 3887 3720 3961">
     <span class='ocr_line' id='line_1_35' title="bbox 448 3887 3720 3961; baseline -0 -18"><span class='ocrx_word' id='word_1_476' title='bbox 448 3890 711 3945; x_wconf 82' lang='lat' dir='ltr'><strong>furibundi</strong></span> <span class='ocrx_word' id='word_1_477' title='bbox 740 3892 901 3945; x_wconf 90' lang='lat' dir='ltr'><strong>maris</strong></span> <span class='ocrx_word' id='word_1_478' title='bbox 917 3900 1249 3961; x_wconf 84' lang='lat' dir='ltr'><strong>argumenta,</strong></span> <span class='ocrx_word' id='word_1_479' title='bbox 1276 3889 1328 3943; x_wconf 89' lang='lat' dir='ltr'><strong>hi</strong></span> <span class='ocrx_word' id='word_1_480' title='bbox 1355 3889 1545 3943; x_wconf 71' lang='lat' dir='ltr'><strong>anima:</strong></span> <span class='ocrx_word' id='word_1_481' title='bbox 1575 3887 1887 3943; x_wconf 59' lang='lat' dir='ltr'><strong>laetabunda:</strong></span> <span class='ocrx_word' id='word_1_482' title='bbox 1906 3895 2030 3940; x_wconf 91' lang='lat' dir='ltr'><strong>sunt</strong></span> <span class='ocrx_word' id='word_1_483' title='bbox 2136 3888 2481 3958; x_wconf 84' lang='lat' dir='ltr'><strong>negetiationi</strong></span> <span class='ocrx_word' id='word_1_484' title='bbox 2518 3888 2679 3944; x_wconf 88' lang='lat' dir='ltr'><strong>addat</strong></span> <span class='ocrx_word' id='word_1_485' title='bbox 2707 3906 2720 3942; x_wconf 87' lang='lat'><strong>:</strong></span> <span class='ocrx_word' id='word_1_486' title='bbox 2754 3888 2799 3943; x_wconf 88' lang='lat' dir='ltr'><strong>si</strong></span> <span class='ocrx_word' id='word_1_487' title='bbox 2832 3888 2963 3943; x_wconf 91' lang='lat' dir='ltr'><strong>nihil</strong></span> <span class='ocrx_word' id='word_1_488' title='bbox 3001 3898 3406 3959; x_wconf 86' lang='lat' dir='ltr'><strong>congregatum,</strong></span> <span class='ocrx_word' id='word_1_489' title='bbox 3451 3888 3720 3957; x_wconf 87' lang='lat' dir='ltr'><strong>reliquum</strong></span> 
     </span>
    </p>
   </div>
   <div class='ocr_carea' id='block_1_36' title="bbox 450 3977 3724 4052">
    <p class='ocr_par' dir='ltr' id='par_1_36' title="bbox 450 3977 3724 4052">
     <span class='ocr_line' id='line_1_36' title="bbox 450 3977 3724 4052; baseline 0 -18"><span class='ocrx_word' id='word_1_490' title='bbox 450 3980 683 4035; x_wconf 90' lang='lat' dir='ltr'><strong>indicia:</strong></span> <span class='ocrx_word' id='word_1_491' title='bbox 719 3980 792 4034; x_wconf 88' lang='lat' dir='ltr'><strong>illi</strong></span> <span class='ocrx_word' id='word_1_492' title='bbox 824 3982 987 4050; x_wconf 91' lang='lat' dir='ltr'><strong>petris</strong></span> <span class='ocrx_word' id='word_1_493' title='bbox 1038 3981 1157 4036; x_wconf 88' lang='lat' dir='ltr'><strong>illisi</strong></span> <span class='ocrx_word' id='word_1_494' title='bbox 1188 3980 1471 4052; x_wconf 88' lang='lat' dir='ltr'><strong>ignobilem</strong></span> <span class='ocrx_word' id='word_1_495' title='bbox 1500 3982 1731 4034; x_wconf 86' lang='lat' dir='ltr'><strong>sonitum</strong></span> <span class='ocrx_word' id='word_1_496' title='bbox 1778 3977 2024 4042; x_wconf 89' lang='lat' dir='ltr'><strong>reddunt,</strong></span> <span class='ocrx_word' id='word_1_497' title='bbox 2134 3983 2390 4051; x_wconf 88' lang='lat' dir='ltr'><strong>temporis</strong></span> <span class='ocrx_word' id='word_1_498' title='bbox 2446 3982 2795 4052; x_wconf 83' lang='lat' dir='ltr'><strong>negotiationi</strong></span> <span class='ocrx_word' id='word_1_499' title='bbox 2848 3980 3141 4052; x_wconf 87' lang='lat' dir='ltr'><strong>impendat.</strong></span> <span class='ocrx_word' id='word_1_500' title='bbox 3174 3980 3530 4050; x_wconf 80' lang='lat' dir='ltr'><strong>Quoadusque</strong></span> <span class='ocrx_word' id='word_1_501' title='bbox 3579 3988 3724 4035; x_wconf 87' lang='lat' dir='ltr'><strong>stant</strong></span> 
     </span>
    </p>
   </div>
   <div class='ocr_carea' id='block_1_37' title="bbox 450 4069 3722 4143">
    <p class='ocr_par' dir='ltr' id='par_1_37' title="bbox 450 4069 3722 4143">
     <span class='ocr_line' id='line_1_37' title="bbox 450 4069 3722 4143; baseline -0.001 -17"><span class='ocrx_word' id='word_1_502' title='bbox 450 4073 502 4127; x_wconf 93' lang='lat' dir='ltr'><strong>hi</strong></span> <span class='ocrx_word' id='word_1_503' title='bbox 526 4087 652 4127; x_wconf 86' lang='lat' dir='ltr'><strong>vero</strong></span> <span class='ocrx_word' id='word_1_504' title='bbox 679 4072 935 4126; x_wconf 67' lang='lat' dir='ltr'><strong>doctrina:</strong></span> <span class='ocrx_word' id='word_1_505' title='bbox 967 4074 1132 4129; x_wconf 87' lang='lat' dir='ltr'><strong>verbo</strong></span> <span class='ocrx_word' id='word_1_506' title='bbox 1160 4073 1373 4128; x_wconf 88' lang='lat' dir='ltr'><strong>contriti</strong></span> <span class='ocrx_word' id='word_1_507' title='bbox 1394 4072 1639 4127; x_wconf 89' lang='lat' dir='ltr'><strong>blandam</strong></span> <span class='ocrx_word' id='word_1_508' title='bbox 1663 4086 1846 4126; x_wconf 86' lang='lat' dir='ltr'><strong>vocem</strong></span> <span class='ocrx_word' id='word_1_509' title='bbox 1871 4069 2030 4124; x_wconf 85' lang='lat' dir='ltr'><strong>emit-</strong></span> <span class='ocrx_word' id='word_1_510' title='bbox 2138 4074 2410 4138; x_wconf 67' lang='lat' dir='ltr'><strong>nundinae,</strong></span> <span class='ocrx_word' id='word_1_511' title='bbox 2455 4073 2787 4143; x_wconf 82' lang='lat' dir='ltr'><strong>negotiantes</strong></span> <span class='ocrx_word' id='word_1_512' title='bbox 2816 4072 2885 4128; x_wconf 91' lang='lat' dir='ltr'><strong>de</strong></span> <span class='ocrx_word' id='word_1_513' title='bbox 2921 4087 3114 4143; x_wconf 86' lang='lat' dir='ltr'><strong>magno</strong></span> <span class='ocrx_word' id='word_1_514' title='bbox 3141 4073 3293 4127; x_wconf 90' lang='lat' dir='ltr'><strong>lucro</strong></span> <span class='ocrx_word' id='word_1_515' title='bbox 3320 4071 3722 4138; x_wconf 87' lang='lat' dir='ltr'><strong>contendamus,</strong></span> 
     </span>
    </p>
   </div>
   <div class='ocr_carea' id='block_1_38' title="bbox 450 4160 3723 4235">
    <p class='ocr_par' dir='ltr' id='par_1_38' title="bbox 450 4160 3723 4235">
     <span class='ocr_line' id='line_1_38' title="bbox 450 4160 3723 4235; baseline 0 -17"><span class='ocrx_word' id='word_1_516' title='bbox 450 4173 583 4218; x_wconf 88' lang='lat' dir='ltr'><strong>tunt.</strong></span> <span class='ocrx_word' id='word_1_517' title='bbox 613 4164 699 4218; x_wconf 85' lang='lat' dir='ltr'><strong>Sic</strong></span> <span class='ocrx_word' id='word_1_518' title='bbox 718 4172 771 4217; x_wconf 91' lang='lat' dir='ltr'><strong>et</strong></span> <span class='ocrx_word' id='word_1_519' title='bbox 798 4164 1016 4235; x_wconf 84' lang='lat' dir='ltr'><strong>zephyri</strong></span> <span class='ocrx_word' id='word_1_520' title='bbox 1045 4165 1201 4219; x_wconf 78' lang='lat' dir='ltr'><strong>ﬂatus</strong></span> <span class='ocrx_word' id='word_1_521' title='bbox 1228 4165 1278 4218; x_wconf 90' lang='lat' dir='ltr'><strong>in</strong></span> <span class='ocrx_word' id='word_1_522' title='bbox 1301 4173 1413 4217; x_wconf 84' lang='lat' dir='ltr'><strong>sata</strong></span> <span class='ocrx_word' id='word_1_523' title='bbox 1434 4163 1705 4225; x_wconf 90' lang='lat' dir='ltr'><strong>cadentes,</strong></span> <span class='ocrx_word' id='word_1_524' title='bbox 1735 4170 1895 4233; x_wconf 91' lang='lat' dir='ltr'><strong>atque</strong></span> <span class='ocrx_word' id='word_1_525' title='bbox 1917 4160 2030 4229; x_wconf 83' lang='lat' dir='ltr'><strong>ipsa</strong></span> <span class='ocrx_word' id='word_1_526' title='bbox 2136 4182 2204 4221; x_wconf 91' lang='lat' dir='ltr'><strong>ne</strong></span> <span class='ocrx_word' id='word_1_527' title='bbox 2233 4167 2411 4220; x_wconf 83' lang='lat' dir='ltr'><strong>vacuis</strong></span> <span class='ocrx_word' id='word_1_528' title='bbox 2438 4165 2747 4220; x_wconf 88' lang='lat' dir='ltr'><strong>recedamus</strong></span> <span class='ocrx_word' id='word_1_529' title='bbox 2780 4164 3043 4227; x_wconf 87' lang='lat' dir='ltr'><strong>manibus,</strong></span> <span class='ocrx_word' id='word_1_530' title='bbox 3076 4181 3143 4219; x_wconf 91' lang='lat' dir='ltr'><strong>ne</strong></span> <span class='ocrx_word' id='word_1_531' title='bbox 3156 4165 3342 4234; x_wconf 90' lang='lat' dir='ltr'><strong>jejunii</strong></span> <span class='ocrx_word' id='word_1_532' title='bbox 3371 4164 3608 4219; x_wconf 84' lang='lat' dir='ltr'><strong>laborem</strong></span> <span class='ocrx_word' id='word_1_533' title='bbox 3637 4173 3723 4220; x_wconf 81' lang='lat' dir='ltr'><strong>to-</strong></span> 
     </span>
    </p>
   </div>
   <div class='ocr_carea' id='block_1_39' title="bbox 450 4254 3724 4325">
    <p class='ocr_par' dir='ltr' id='par_1_39' title="bbox 450 4254 3724 4325">
     <span class='ocr_line' id='line_1_39' title="bbox 450 4254 3724 4325; baseline 0 -16"><span class='ocrx_word' id='word_1_534' title='bbox 450 4256 712 4325; x_wconf 88' lang='lat' dir='ltr'><strong>spicarum</strong></span> <span class='ocrx_word' id='word_1_535' title='bbox 750 4254 921 4323; x_wconf 88' lang='lat' dir='ltr'><strong>capita</strong></span> <span class='ocrx_word' id='word_1_536' title='bbox 966 4255 1285 4311; x_wconf 89' lang='lat' dir='ltr'><strong>inclinantes</strong></span> <span class='ocrx_word' id='word_1_537' title='bbox 1323 4270 1386 4311; x_wconf 91' lang='lat' dir='ltr'><strong>ac</strong></span> <span class='ocrx_word' id='word_1_538' title='bbox 1420 4255 1758 4319; x_wconf 88' lang='lat' dir='ltr'><strong>relevantes,</strong></span> <span class='ocrx_word' id='word_1_539' title='bbox 1792 4254 1844 4308; x_wconf 90' lang='lat' dir='ltr'><strong>in</strong></span> <span class='ocrx_word' id='word_1_540' title='bbox 1891 4263 2031 4307; x_wconf 91' lang='lat' dir='ltr'><strong>terra</strong></span> <span class='ocrx_word' id='word_1_541' title='bbox 2137 4256 2386 4320; x_wconf 88' lang='lat' dir='ltr'><strong>lerantes,</strong></span> <span class='ocrx_word' id='word_1_542' title='bbox 2413 4254 2599 4324; x_wconf 89' lang='lat' dir='ltr'><strong>jejunii</strong></span> <span class='ocrx_word' id='word_1_543' title='bbox 2641 4255 2946 4308; x_wconf 88' lang='lat' dir='ltr'><strong>amittamus</strong></span> <span class='ocrx_word' id='word_1_544' title='bbox 2978 4256 3276 4325; x_wconf 64' lang='lat' dir='ltr'><strong>praemium.</strong></span> <span class='ocrx_word' id='word_1_545' title='bbox 3307 4254 3455 4309; x_wconf 88' lang='lat' dir='ltr'><strong>Licet</strong></span> <span class='ocrx_word' id='word_1_546' title='bbox 3499 4256 3641 4310; x_wconf 92' lang='lat' dir='ltr'><strong>enim</strong></span> <span class='ocrx_word' id='word_1_547' title='bbox 3668 4264 3724 4310; x_wconf 91' lang='lat' dir='ltr'><strong>et</strong></span> 
     </span>
    </p>
   </div>
   <div class='ocr_carea' id='block_1_40' title="bbox 452 4345 3720 4417">
    <p class='ocr_par' dir='ltr' id='par_1_40' title="bbox 452 4345 3720 4417">
     <span class='ocr_line' id='line_1_40' title="bbox 452 4345 3720 4417; baseline 0 -17"><span class='ocrx_word' id='word_1_548' title='bbox 452 4347 612 4401; x_wconf 91' lang='lat' dir='ltr'><strong>maris</strong></span> <span class='ocrx_word' id='word_1_549' title='bbox 641 4348 827 4401; x_wconf 81' lang='lat' dir='ltr'><strong>ﬂuctus</strong></span> <span class='ocrx_word' id='word_1_550' title='bbox 874 4346 1167 4400; x_wconf 86' lang='lat' dir='ltr'><strong>imitantur.</strong></span> <span class='ocrx_word' id='word_1_551' title='bbox 1199 4348 1303 4403; x_wconf 89' lang='lat' dir='ltr'><strong>Sed</strong></span> <span class='ocrx_word' id='word_1_552' title='bbox 1343 4358 1396 4403; x_wconf 89' lang='lat' dir='ltr'><strong>et</strong></span> <span class='ocrx_word' id='word_1_553' title='bbox 1434 4348 1536 4402; x_wconf 89' lang='lat' dir='ltr'><strong>illis</strong></span> <span class='ocrx_word' id='word_1_554' title='bbox 1563 4347 1692 4401; x_wconf 86' lang='lat' dir='ltr'><strong>satis</strong></span> <span class='ocrx_word' id='word_1_555' title='bbox 1712 4345 2030 4416; x_wconf 88' lang='lat' dir='ltr'><strong>jucundiora</strong></span> <span class='ocrx_word' id='word_1_556' title='bbox 2126 4347 2316 4417; x_wconf 89' lang='lat' dir='ltr'><strong>jejunii</strong></span> <span class='ocrx_word' id='word_1_557' title='bbox 2346 4347 2582 4402; x_wconf 86' lang='lat' dir='ltr'><strong>laborem</strong></span> <span class='ocrx_word' id='word_1_558' title='bbox 2612 4345 2854 4411; x_wconf 81' lang='lat' dir='ltr'><strong>suﬂ&#39;erre,</strong></span> <span class='ocrx_word' id='word_1_559' title='bbox 2887 4356 2943 4401; x_wconf 87' lang='lat' dir='ltr'><strong>et</strong></span> <span class='ocrx_word' id='word_1_560' title='bbox 2960 4345 3146 4417; x_wconf 88' lang='lat' dir='ltr'><strong>jejunii</strong></span> <span class='ocrx_word' id='word_1_561' title='bbox 3173 4345 3401 4401; x_wconf 82' lang='lat' dir='ltr'><strong>fructum</strong></span> <span class='ocrx_word' id='word_1_562' title='bbox 3437 4362 3543 4401; x_wconf 89' lang='lat' dir='ltr'><strong>non</strong></span> <span class='ocrx_word' id='word_1_563' title='bbox 3586 4362 3720 4403; x_wconf 86' lang='lat' dir='ltr'><strong>con-</strong></span> 
     </span>
    </p>
   </div>
   <div class='ocr_carea' id='block_1_41' title="bbox 448 4435 3719 4507">
    <p class='ocr_par' dir='ltr' id='par_1_41' title="bbox 448 4435 3719 4507">
     <span class='ocr_line' id='line_1_41' title="bbox 448 4435 3719 4507; baseline 0 -16"><span class='ocrx_word' id='word_1_564' title='bbox 448 4447 572 4491; x_wconf 82' lang='lat' dir='ltr'><strong>sunt</strong></span> <span class='ocrx_word' id='word_1_565' title='bbox 598 4436 709 4492; x_wconf 61' lang='lat' dir='ltr'><strong>haec</strong></span> <span class='ocrx_word' id='word_1_566' title='bbox 733 4454 745 4489; x_wconf 89' lang='lat'><strong>:</strong></span> <span class='ocrx_word' id='word_1_567' title='bbox 775 4451 876 4490; x_wconf 93' lang='lat' dir='ltr'><strong>non</strong></span> <span class='ocrx_word' id='word_1_568' title='bbox 898 4436 1037 4490; x_wconf 89' lang='lat' dir='ltr'><strong>enim</strong></span> <span class='ocrx_word' id='word_1_569' title='bbox 1060 4437 1276 4507; x_wconf 81' lang='lat' dir='ltr'><strong>zephyri</strong></span> <span class='ocrx_word' id='word_1_570' title='bbox 1302 4438 1478 4505; x_wconf 83' lang='lat' dir='ltr'><strong>ﬂatus,</strong></span> <span class='ocrx_word' id='word_1_571' title='bbox 1504 4438 1595 4493; x_wconf 73' lang='lat' dir='ltr'><strong>sed</strong></span> <span class='ocrx_word' id='word_1_572' title='bbox 1615 4437 1842 4507; x_wconf 86' lang='lat' dir='ltr'><strong>Spiritus</strong></span> <span class='ocrx_word' id='word_1_573' title='bbox 1856 4437 2023 4505; x_wconf 85' lang='lat' dir='ltr'><strong>gratia</strong></span> <span class='ocrx_word' id='word_1_574' title='bbox 2131 4438 2280 4506; x_wconf 89' lang='lat' dir='ltr'><strong>sequi</strong></span> <span class='ocrx_word' id='word_1_575' title='bbox 2311 4456 2325 4491; x_wconf 91' lang='lat'><strong>:</strong></span> <span class='ocrx_word' id='word_1_576' title='bbox 2350 4436 2663 4507; x_wconf 85' lang='lat' dir='ltr'><strong>quomodo?</strong></span> <span class='ocrx_word' id='word_1_577' title='bbox 2686 4435 2819 4492; x_wconf 88' lang='lat' dir='ltr'><strong>Cum</strong></span> <span class='ocrx_word' id='word_1_578' title='bbox 2844 4436 3048 4491; x_wconf 90' lang='lat' dir='ltr'><strong>scilicet</strong></span> <span class='ocrx_word' id='word_1_579' title='bbox 3072 4450 3195 4491; x_wconf 86' lang='lat' dir='ltr'><strong>esca</strong></span> <span class='ocrx_word' id='word_1_580' title='bbox 3221 4438 3568 4501; x_wconf 89' lang='lat' dir='ltr'><strong>abstinemus,</strong></span> <span class='ocrx_word' id='word_1_581' title='bbox 3594 4452 3719 4507; x_wconf 85' lang='lat' dir='ltr'><strong>pec-</strong></span> 
     </span>
    </p>
   </div>
   <div class='ocr_carea' id='block_1_42' title="bbox 451 4527 3718 4599">
    <p class='ocr_par' dir='ltr' id='par_1_42' title="bbox 451 4527 3718 4599">
     <span class='ocr_line' id='line_1_42' title="bbox 451 4527 3718 4599; baseline 0.001 -19"><span class='ocrx_word' id='word_1_582' title='bbox 451 4538 654 4585; x_wconf 84' lang='lat' dir='ltr'><strong>vestras</strong></span> <span class='ocrx_word' id='word_1_583' title='bbox 685 4530 887 4584; x_wconf 91' lang='lat' dir='ltr'><strong>animas</strong></span> <span class='ocrx_word' id='word_1_584' title='bbox 921 4532 1119 4582; x_wconf 75' lang='lat' dir='ltr'><strong>excitat</strong></span> <span class='ocrx_word' id='word_1_585' title='bbox 1146 4539 1200 4583; x_wconf 90' lang='lat' dir='ltr'><strong>et</strong></span> <span class='ocrx_word' id='word_1_586' title='bbox 1230 4529 1545 4597; x_wconf 84' lang='lat' dir='ltr'><strong>inﬂammat,</strong></span> <span class='ocrx_word' id='word_1_587' title='bbox 1574 4539 1628 4585; x_wconf 89' lang='lat' dir='ltr'><strong>et</strong></span> <span class='ocrx_word' id='word_1_588' title='bbox 1656 4530 1828 4599; x_wconf 87' lang='lat' dir='ltr'><strong>ignem</strong></span> <span class='ocrx_word' id='word_1_589' title='bbox 1857 4528 2024 4591; x_wconf 77' lang='lat' dir='ltr'><strong>illum,</strong></span> <span class='ocrx_word' id='word_1_590' title='bbox 2130 4538 2251 4580; x_wconf 84' lang='lat' dir='ltr'><strong>cato</strong></span> <span class='ocrx_word' id='word_1_591' title='bbox 2274 4544 2377 4581; x_wconf 91' lang='lat' dir='ltr'><strong>non</strong></span> <span class='ocrx_word' id='word_1_592' title='bbox 2407 4528 2738 4583; x_wconf 89' lang='lat' dir='ltr'><strong>abstinemus</strong></span> <span class='ocrx_word' id='word_1_593' title='bbox 2764 4546 2777 4579; x_wconf 91' lang='lat'><strong><em>:</em></strong></span> <span class='ocrx_word' id='word_1_594' title='bbox 2807 4542 2927 4581; x_wconf 90' lang='lat' dir='ltr'><strong>cum</strong></span> <span class='ocrx_word' id='word_1_595' title='bbox 2946 4527 3196 4582; x_wconf 83' lang='lat' dir='ltr'><strong>carnibus</strong></span> <span class='ocrx_word' id='word_1_596' title='bbox 3221 4529 3436 4598; x_wconf 88' lang='lat' dir='ltr'><strong>quidem</strong></span> <span class='ocrx_word' id='word_1_597' title='bbox 3466 4543 3573 4584; x_wconf 91' lang='lat' dir='ltr'><strong>non</strong></span> <span class='ocrx_word' id='word_1_598' title='bbox 3626 4544 3718 4584; x_wconf 84' lang='lat' dir='ltr'><strong>ve-</strong></span> 
     </span>
    </p>
   </div>
   <div class='ocr_carea' id='block_1_43' title="bbox 448 4616 3719 4691">
    <p class='ocr_par' dir='ltr' id='par_1_43' title="bbox 448 4616 3719 4691">
     <span class='ocr_line' id='line_1_43' title="bbox 448 4616 3719 4691; baseline -0.001 -16"><span class='ocrx_word' id='word_1_599' title='bbox 448 4620 516 4676; x_wconf 90' lang='lat' dir='ltr'><strong>de</strong></span> <span class='ocrx_word' id='word_1_600' title='bbox 539 4638 645 4691; x_wconf 86' lang='lat' dir='ltr'><strong>quo</strong></span> <span class='ocrx_word' id='word_1_601' title='bbox 683 4622 808 4677; x_wconf 90' lang='lat' dir='ltr'><strong>olim</strong></span> <span class='ocrx_word' id='word_1_602' title='bbox 836 4620 1074 4676; x_wconf 89' lang='lat' dir='ltr'><strong>Christus</strong></span> <span class='ocrx_word' id='word_1_603' title='bbox 1109 4638 1121 4672; x_wconf 95' lang='lat'>:</span> <span class='ocrx_word' id='word_1_604' title='bbox 1156 4619 1339 4689; x_wconf 85' lang='lat' dir='ltr'><strong>Ignem</strong></span> <span class='ocrx_word' id='word_1_605' title='bbox 1379 4623 1488 4676; x_wconf 82' lang='lat' dir='ltr'><strong>veni</strong></span> <span class='ocrx_word' id='word_1_606' title='bbox 1517 4624 1708 4677; x_wconf 80' lang='lat' dir='ltr'><strong>mittere</strong></span> <span class='ocrx_word' id='word_1_607' title='bbox 1735 4623 1788 4675; x_wconf 76' lang='lat' dir='ltr'><strong>in</strong></span> <span class='ocrx_word' id='word_1_608' title='bbox 1818 4630 2021 4684; x_wconf 87' lang='lat' dir='ltr'><strong>terram,</strong></span> <span class='ocrx_word' id='word_1_609' title='bbox 2129 4618 2345 4681; x_wconf 90' lang='lat' dir='ltr'><strong>scimur,</strong></span> <span class='ocrx_word' id='word_1_610' title='bbox 2366 4616 2686 4671; x_wconf 90' lang='lat' dir='ltr'><strong>devoramus</strong></span> <span class='ocrx_word' id='word_1_611' title='bbox 2707 4626 2883 4670; x_wconf 86' lang='lat' dir='ltr'><strong>tamen</strong></span> <span class='ocrx_word' id='word_1_612' title='bbox 2908 4631 3196 4685; x_wconf 89' lang='lat' dir='ltr'><strong>pauperum</strong></span> <span class='ocrx_word' id='word_1_613' title='bbox 3219 4617 3571 4674; x_wconf 90' lang='lat' dir='ltr'><strong>domos:cum</strong></span> <span class='ocrx_word' id='word_1_614' title='bbox 3594 4618 3719 4674; x_wconf 86' lang='lat' dir='ltr'><strong>vino</strong></span> 
     </span>
    </p>
   </div>
   <div class='ocr_carea' id='block_1_44' title="bbox 446 4705 3718 4783">
    <p class='ocr_par' dir='ltr' id='par_1_44' title="bbox 446 4705 3718 4783">
     <span class='ocr_line' id='line_1_44' title="bbox 446 4705 3718 4783; baseline -0 -19"><span class='ocrx_word' id='word_1_615' title='bbox 446 4721 495 4764; x_wconf 86' lang='lat' dir='ltr'><strong>et</strong></span> <span class='ocrx_word' id='word_1_616' title='bbox 521 4712 642 4783; x_wconf 83' lang='lat' dir='ltr'><strong>quid</strong></span> <span class='ocrx_word' id='word_1_617' title='bbox 665 4715 798 4779; x_wconf 85' lang='lat' dir='ltr'><strong>uolo,</strong></span> <span class='ocrx_word' id='word_1_618' title='bbox 828 4712 925 4766; x_wconf 74' lang='lat' dir='ltr'><strong>nisi</strong></span> <span class='ocrx_word' id='word_1_619' title='bbox 954 4720 1006 4764; x_wconf 89' lang='lat' dir='ltr'><strong>ut</strong></span> <span class='ocrx_word' id='word_1_620' title='bbox 1034 4710 1341 4763; x_wconf 82' lang='lat' dir='ltr'><strong>accendatur</strong></span> <span class='ocrx_word' id='word_1_621' title='bbox 1367 4713 1385 4781; x_wconf 90' lang='lat'><strong>(</strong></span> <span class='ocrx_word' id='word_1_622' title='bbox 1410 4711 1540 4766; x_wconf 88' lang='lat' dir='ltr'><strong>Luc.</strong></span> <span class='ocrx_word' id='word_1_623' title='bbox 1575 4712 1659 4767; x_wconf 71' lang='lat' dir='ltr'><strong>l2.</strong></span> <span class='ocrx_word' id='word_1_624' title='bbox 1693 4711 1760 4767; x_wconf 70' lang='lat' dir='ltr'><strong>t9</strong></span> <span class='ocrx_word' id='word_1_625' title='bbox 1781 4715 1799 4783; x_wconf 85' lang='lat'><strong>)</strong></span> <span class='ocrx_word' id='word_1_626' title='bbox 1823 4712 1848 4765; x_wconf 88' lang='lat'><strong>?</strong></span> <span class='ocrx_word' id='word_1_627' title='bbox 1875 4710 2027 4765; x_wconf 77' lang='lat' dir='ltr'><strong>Hune</strong></span> <span class='ocrx_word' id='word_1_628' title='bbox 2128 4707 2341 4778; x_wconf 89' lang='lat' dir='ltr'><strong>quidem</strong></span> <span class='ocrx_word' id='word_1_629' title='bbox 2370 4706 2514 4761; x_wconf 91' lang='lat' dir='ltr'><strong>haud</strong></span> <span class='ocrx_word' id='word_1_630' title='bbox 2540 4707 2888 4773; x_wconf 88' lang='lat' dir='ltr'><strong>inebriamur,</strong></span> <span class='ocrx_word' id='word_1_631' title='bbox 2919 4705 3249 4762; x_wconf 88' lang='lat' dir='ltr'><strong>inebriamnr</strong></span> <span class='ocrx_word' id='word_1_632' title='bbox 3277 4722 3404 4762; x_wconf 76' lang='lat' dir='ltr'><strong>vero</strong></span> <span class='ocrx_word' id='word_1_633' title='bbox 3433 4707 3718 4764; x_wconf 85' lang='lat' dir='ltr'><strong>desideriis</strong></span> 
     </span>
    </p>
   </div>
   <div class='ocr_carea' id='block_1_45' title="bbox 448 4797 3714 4871">
    <p class='ocr_par' dir='ltr' id='par_1_45' title="bbox 448 4797 3714 4871">
     <span class='ocr_line' id='line_1_45' title="bbox 448 4797 3714 4871; baseline 0.001 -18"><span class='ocrx_word' id='word_1_634' title='bbox 448 4802 603 4857; x_wconf 85' lang='lat' dir='ltr'><strong>video</strong></span> <span class='ocrx_word' id='word_1_635' title='bbox 652 4804 947 4858; x_wconf 85' lang='lat' dir='ltr'><strong>immissum</strong></span> <span class='ocrx_word' id='word_1_636' title='bbox 978 4803 1360 4871; x_wconf 88' lang='lat' dir='ltr'><strong>incensumque</strong></span> <span class='ocrx_word' id='word_1_637' title='bbox 1404 4804 1455 4857; x_wconf 93' lang='lat' dir='ltr'><strong>in</strong></span> <span class='ocrx_word' id='word_1_638' title='bbox 1505 4806 1785 4860; x_wconf 85' lang='lat' dir='ltr'><strong>animabus</strong></span> <span class='ocrx_word' id='word_1_639' title='bbox 1814 4804 2022 4865; x_wconf 83' lang='lat' dir='ltr'><strong>vestris.</strong></span> <span class='ocrx_word' id='word_1_640' title='bbox 2128 4798 2308 4868; x_wconf 89' lang='lat' dir='ltr'><strong>pravis</strong></span> <span class='ocrx_word' id='word_1_641' title='bbox 2334 4816 2347 4851; x_wconf 89' lang='lat'>:</span> <span class='ocrx_word' id='word_1_642' title='bbox 2378 4813 2498 4853; x_wconf 92' lang='lat' dir='ltr'><strong>cum</strong></span> <span class='ocrx_word' id='word_1_643' title='bbox 2528 4797 2743 4869; x_wconf 89' lang='lat' dir='ltr'><strong>quidem</strong></span> <span class='ocrx_word' id='word_1_644' title='bbox 2771 4798 2946 4854; x_wconf 88' lang='lat' dir='ltr'><strong>inedia</strong></span> <span class='ocrx_word' id='word_1_645' title='bbox 2989 4808 3154 4855; x_wconf 86' lang='lat' dir='ltr'><strong>totam</strong></span> <span class='ocrx_word' id='word_1_646' title='bbox 3185 4800 3523 4870; x_wconf 81' lang='lat' dir='ltr'><strong>transigimus</strong></span> <span class='ocrx_word' id='word_1_647' title='bbox 3550 4799 3714 4865; x_wconf 83' lang='lat' dir='ltr'><strong>diem.</strong></span> 
     </span>
    </p>
   </div>
   <div class='ocr_carea' id='block_1_46' title="bbox 445 4889 3713 4968">
    <p class='ocr_par' dir='ltr' id='par_1_46' title="bbox 445 4889 3713 4968">
     <span class='ocr_line' id='line_1_46' title="bbox 445 4889 3713 4968; baseline -0.001 -19"><span class='ocrx_word' id='word_1_648' title='bbox 445 4896 706 4961; x_wconf 85' lang='lat' dir='ltr'><strong>Quoniam</strong></span> <span class='ocrx_word' id='word_1_649' title='bbox 755 4898 912 4968; x_wconf 89' lang='lat' dir='ltr'><strong>igitur</strong></span> <span class='ocrx_word' id='word_1_650' title='bbox 958 4905 1033 4951; x_wconf 91' lang='lat' dir='ltr'><strong>tot</strong></span> <span class='ocrx_word' id='word_1_651' title='bbox 1060 4896 1329 4964; x_wconf 80' lang='lat' dir='ltr'><strong>lampades</strong></span> <span class='ocrx_word' id='word_1_652' title='bbox 1359 4897 1514 4951; x_wconf 86' lang='lat' dir='ltr'><strong>nobis</strong></span> <span class='ocrx_word' id='word_1_653' title='bbox 1534 4896 1733 4952; x_wconf 89' lang='lat' dir='ltr'><strong>Christi</strong></span> <span class='ocrx_word' id='word_1_654' title='bbox 1757 4900 1914 4953; x_wconf 88' lang='lat' dir='ltr'><strong>timor</strong></span> <span class='ocrx_word' id='word_1_655' title='bbox 1940 4911 2027 4950; x_wconf 88' lang='lat' dir='ltr'><strong>ac-</strong></span> <span class='ocrx_word' id='word_1_656' title='bbox 2126 4898 2285 4958; x_wconf 77' lang='lat' dir='ltr'><strong>atque</strong></span> <span class='ocrx_word' id='word_1_657' title='bbox 2304 4889 2547 4945; x_wconf 86' lang='lat' dir='ltr'><strong>eamdem</strong></span> <span class='ocrx_word' id='word_1_658' title='bbox 2578 4889 2862 4961; x_wconf 85' lang='lat' dir='ltr'><strong>impudicis</strong></span> <span class='ocrx_word' id='word_1_659' title='bbox 2895 4892 2948 4945; x_wconf 72' lang='lat' dir='ltr'><strong>in</strong></span> <span class='ocrx_word' id='word_1_660' title='bbox 2976 4890 3295 4960; x_wconf 86' lang='lat' dir='ltr'><strong>spectaculis</strong></span> <span class='ocrx_word' id='word_1_661' title='bbox 3328 4890 3713 4957; x_wconf 79' lang='lat' dir='ltr'><strong>consumimus,</strong></span> 
     </span>
    </p>
   </div>
   <div class='ocr_carea' id='block_1_47' title="bbox 443 4981 3711 5059">
    <p class='ocr_par' dir='ltr' id='par_1_47' title="bbox 443 4981 3711 5059">
     <span class='ocr_line' id='line_1_47' title="bbox 443 4981 3711 5059; baseline -0.003 -17"><span class='ocrx_word' id='word_1_662' title='bbox 443 4987 641 5052; x_wconf 89' lang='lat' dir='ltr'><strong>cendit,</strong></span> <span class='ocrx_word' id='word_1_663' title='bbox 679 4989 819 5058; x_wconf 88' lang='lat' dir='ltr'><strong>agite</strong></span> <span class='ocrx_word' id='word_1_664' title='bbox 859 4990 981 5045; x_wconf 91' lang='lat' dir='ltr'><strong>hinc</strong></span> <span class='ocrx_word' id='word_1_665' title='bbox 1028 4988 1282 5045; x_wconf 76' lang='lat' dir='ltr'><strong>doctrina:</strong></span> <span class='ocrx_word' id='word_1_666' title='bbox 1324 4987 1502 5043; x_wconf 89' lang='lat' dir='ltr'><strong>oleum</strong></span> <span class='ocrx_word' id='word_1_667' title='bbox 1540 4990 1879 5058; x_wconf 88' lang='lat' dir='ltr'><strong>instillemus,</strong></span> <span class='ocrx_word' id='word_1_668' title='bbox 1921 5004 2027 5059; x_wconf 91' lang='lat' dir='ltr'><strong>quo</strong></span> <span class='ocrx_word' id='word_1_669' title='bbox 2128 4982 2266 5037; x_wconf 86' lang='lat' dir='ltr'><strong>Ecce</strong></span> <span class='ocrx_word' id='word_1_670' title='bbox 2305 4983 2491 5052; x_wconf 82' lang='lat' dir='ltr'><strong>jejunii</strong></span> <span class='ocrx_word' id='word_1_671' title='bbox 2534 4983 2708 5053; x_wconf 79' lang='lat' dir='ltr'><strong>labor,</strong></span> <span class='ocrx_word' id='word_1_672' title='bbox 2737 4992 2793 5039; x_wconf 88' lang='lat' dir='ltr'><strong>et</strong></span> <span class='ocrx_word' id='word_1_673' title='bbox 2835 4983 3026 5054; x_wconf 75' lang='lat' dir='ltr'><strong>jejunii</strong></span> <span class='ocrx_word' id='word_1_674' title='bbox 3072 4981 3274 5038; x_wconf 82' lang='lat' dir='ltr'><strong>fructus</strong></span> <span class='ocrx_word' id='word_1_675' title='bbox 3309 4997 3566 5053; x_wconf 83' lang='lat' dir='ltr'><strong>nusquam</strong></span> <span class='ocrx_word' id='word_1_676' title='bbox 3608 4996 3711 5050; x_wconf 73' lang='lat' dir='ltr'><strong>est,</strong></span> 
     </span>
    </p>
   </div>
   <div class='ocr_carea' id='block_1_48' title="bbox 444 5073 3715 5147">
    <p class='ocr_par' dir='ltr' id='par_1_48' title="bbox 444 5073 3715 5147">
     <span class='ocr_line' id='line_1_48' title="bbox 444 5073 3715 5147; baseline -0.002 -12"><span class='ocrx_word' id='word_1_677' title='bbox 444 5079 599 5135; x_wconf 85' lang='lat' dir='ltr'><strong>nobis</strong></span> <span class='ocrx_word' id='word_1_678' title='bbox 623 5079 928 5137; x_wconf 89' lang='lat' dir='ltr'><strong>diuturnior</strong></span> <span class='ocrx_word' id='word_1_679' title='bbox 995 5082 1085 5137; x_wconf 87' lang='lat' dir='ltr'><strong>lux</strong></span> <span class='ocrx_word' id='word_1_680' title='bbox 1113 5083 1218 5134; x_wconf 84' lang='lat' dir='ltr'><strong>tiat.</strong></span> <span class='ocrx_word' id='word_1_681' title='bbox 2125 5089 2246 5131; x_wconf 91' lang='lat' dir='ltr'><strong>cum</strong></span> <span class='ocrx_word' id='word_1_682' title='bbox 2288 5075 2578 5147; x_wconf 88' lang='lat' dir='ltr'><strong>iniquitatis</strong></span> <span class='ocrx_word' id='word_1_683' title='bbox 2626 5080 2833 5131; x_wconf 89' lang='lat' dir='ltr'><strong>theatra</strong></span> <span class='ocrx_word' id='word_1_684' title='bbox 2872 5074 3301 5129; x_wconf 83' lang='lat' dir='ltr'><strong>conscendimus.</strong></span> <span class='ocrx_word' id='word_1_685' title='bbox 3351 5074 3466 5129; x_wconf 86' lang='lat' dir='ltr'><strong>Non</strong></span> <span class='ocrx_word' id='word_1_686' title='bbox 3505 5073 3571 5130; x_wconf 94' lang='lat' dir='ltr'><strong>ad</strong></span> <span class='ocrx_word' id='word_1_687' title='bbox 3616 5089 3715 5129; x_wconf 82' lang='lat' dir='ltr'><strong>vos</strong></span> 
     </span>
    </p>
   </div>
   <div class='ocr_carea' id='block_1_49' title="bbox 514 5165 3713 5247">
    <p class='ocr_par' dir='ltr' id='par_1_49' title="bbox 514 5165 3713 5247">
     <span class='ocr_line' id='line_1_49' title="bbox 514 5165 3713 5247; baseline -0.002 -21"><span class='ocrx_word' id='word_1_688' title='bbox 514 5171 708 5239; x_wconf 81' lang='lat' dir='ltr'><strong>Jejunii</strong></span> <span class='ocrx_word' id='word_1_689' title='bbox 728 5177 923 5242; x_wconf 76' lang='lat' dir='ltr'><strong>[ructus</strong></span> <span class='ocrx_word' id='word_1_690' title='bbox 947 5174 1242 5245; x_wconf 71' lang='grc' dir='ltr'><strong>ιμιωνεηάαδ</strong></span> <span class='ocrx_word' id='word_1_691' title='bbox 1264 5191 1282 5241; x_wconf 85' lang='grc'><strong><em>;</em></strong></span> <span class='ocrx_word' id='word_1_692' title='bbox 1303 5173 1357 5227; x_wconf 84' lang='lat' dir='ltr'><strong>in</strong></span> <span class='ocrx_word' id='word_1_693' title='bbox 1382 5174 1609 5228; x_wconf 82' lang='lat' dir='ltr'><strong>studium</strong></span> <span class='ocrx_word' id='word_1_694' title='bbox 1629 5174 2029 5247; x_wconf 77' lang='lat' dir='ltr'><strong>spectaculorum</strong></span> <span class='ocrx_word' id='word_1_695' title='bbox 2130 5166 2261 5222; x_wconf 91' lang='lat' dir='ltr'><strong>mihi</strong></span> <span class='ocrx_word' id='word_1_696' title='bbox 2286 5176 2370 5223; x_wconf 89' lang='lat' dir='ltr'><strong>est</strong></span> <span class='ocrx_word' id='word_1_697' title='bbox 2407 5184 2606 5234; x_wconf 91' lang='lat' dir='ltr'><strong>sermo,</strong></span> <span class='ocrx_word' id='word_1_698' title='bbox 2640 5167 2759 5222; x_wconf 89' lang='lat' dir='ltr'><strong>novi</strong></span> <span class='ocrx_word' id='word_1_699' title='bbox 2783 5166 2925 5220; x_wconf 92' lang='lat' dir='ltr'><strong>enim</strong></span> <span class='ocrx_word' id='word_1_700' title='bbox 2955 5165 3024 5220; x_wconf 93' lang='lat' dir='ltr'><strong>ab</strong></span> <span class='ocrx_word' id='word_1_701' title='bbox 3043 5182 3106 5221; x_wconf 91' lang='lat' dir='ltr'><strong>ea</strong></span> <span class='ocrx_word' id='word_1_702' title='bbox 3137 5166 3475 5222; x_wconf 90' lang='lat' dir='ltr'><strong>accusatione</strong></span> <span class='ocrx_word' id='word_1_703' title='bbox 3499 5179 3596 5219; x_wconf 91' lang='lat' dir='ltr'><strong>vos</strong></span> <span class='ocrx_word' id='word_1_704' title='bbox 3616 5181 3713 5219; x_wconf 73' lang='lat' dir='ltr'><strong>va~</strong></span> 
     </span>
    </p>
   </div>
   <div class='ocr_carea' id='block_1_50' title="bbox 448 5256 3713 5340">
    <p class='ocr_par' dir='ltr' id='par_1_50' title="bbox 448 5256 3713 5340">
     <span class='ocr_line' id='line_1_50' title="bbox 448 5256 3713 5340; baseline -0.002 -21"><span class='ocrx_word' id='word_1_705' title='bbox 448 5266 721 5321; x_wconf 72' lang='lat' dir='ltr'><strong>inae/titur.</strong></span> <span class='ocrx_word' id='word_1_706' title='bbox 751 5294 823 5305; x_wconf 89' lang='lat'><strong>-—</strong></span> <span class='ocrx_word' id='word_1_707' title='bbox 852 5266 1062 5322; x_wconf 85' lang='lat' dir='ltr'><strong>Etenim</strong></span> <span class='ocrx_word' id='word_1_708' title='bbox 1084 5268 1235 5324; x_wconf 79' lang='lat' dir='ltr'><strong>nobis</strong></span> <span class='ocrx_word' id='word_1_709' title='bbox 1261 5266 1327 5322; x_wconf 84' lang='lat' dir='ltr'><strong>de</strong></span> <span class='ocrx_word' id='word_1_710' title='bbox 1369 5276 1564 5321; x_wconf 64' lang='lat' dir='ltr'><strong>emero</strong></span> <span class='ocrx_word' id='word_1_711' title='bbox 1589 5268 1776 5338; x_wconf 76' lang='lat' dir='ltr'><strong>jejunii</strong></span> <span class='ocrx_word' id='word_1_712' title='bbox 1820 5279 2027 5340; x_wconf 61' lang='lat' dir='ltr'><strong>tempus</strong></span> <span class='ocrx_word' id='word_1_713' title='bbox 2126 5273 2255 5314; x_wconf 85' lang='lat' dir='ltr'><strong>cuos</strong></span> <span class='ocrx_word' id='word_1_714' title='bbox 2285 5275 2444 5326; x_wconf 87' lang='lat' dir='ltr'><strong>esse;</strong></span> <span class='ocrx_word' id='word_1_715' title='bbox 2474 5259 2568 5315; x_wconf 91' lang='lat' dir='ltr'><strong>sed</strong></span> <span class='ocrx_word' id='word_1_716' title='bbox 2610 5272 2725 5313; x_wconf 89' lang='lat' dir='ltr'><strong>mos</strong></span> <span class='ocrx_word' id='word_1_717' title='bbox 2769 5256 2956 5312; x_wconf 91' lang='lat' dir='ltr'><strong>dolore</strong></span> <span class='ocrx_word' id='word_1_718' title='bbox 2982 5258 3185 5328; x_wconf 89' lang='lat' dir='ltr'><strong>pressis</strong></span> <span class='ocrx_word' id='word_1_719' title='bbox 3209 5265 3309 5323; x_wconf 91' lang='lat' dir='ltr'><strong>est,</strong></span> <span class='ocrx_word' id='word_1_720' title='bbox 3340 5270 3460 5311; x_wconf 90' lang='lat' dir='ltr'><strong>cum</strong></span> <span class='ocrx_word' id='word_1_721' title='bbox 3488 5256 3567 5311; x_wconf 88' lang='lat' dir='ltr'><strong>eis</strong></span> <span class='ocrx_word' id='word_1_722' title='bbox 3606 5272 3713 5312; x_wconf 73' lang='lat' dir='ltr'><strong>non</strong></span> 
     </span>
    </p>
   </div>
   <div class='ocr_carea' id='block_1_51' title="bbox 443 5349 2199 5431">
    <p class='ocr_par' dir='ltr' id='par_1_51' title="bbox 443 5350 2199 5431">
     <span class='ocr_line' id='line_1_51' title="bbox 443 5350 2199 5431; baseline 0.001 -16"><span class='ocrx_word' id='word_1_723' title='bbox 443 5360 508 5415; x_wconf 90' lang='lat' dir='ltr'><strong>ad</strong></span> <span class='ocrx_word' id='word_1_724' title='bbox 526 5359 682 5413; x_wconf 82' lang='lat' dir='ltr'><strong>linem</strong></span> <span class='ocrx_word' id='word_1_725' title='bbox 700 5366 855 5427; x_wconf 88' lang='lat' dir='ltr'><strong>urget</strong></span> <span class='ocrx_word' id='word_1_726' title='bbox 876 5375 891 5412; x_wconf 89' lang='lat'><strong>:</strong></span> <span class='ocrx_word' id='word_1_727' title='bbox 915 5375 1037 5415; x_wconf 88' lang='lat' dir='ltr'><strong>nam</strong></span> <span class='ocrx_word' id='word_1_728' title='bbox 1054 5363 1119 5415; x_wconf 92' lang='lat' dir='ltr'><strong>ad</strong></span> <span class='ocrx_word' id='word_1_729' title='bbox 1143 5360 1296 5417; x_wconf 89' lang='lat' dir='ltr'><strong>stadii</strong></span> <span class='ocrx_word' id='word_1_730' title='bbox 1318 5358 1547 5414; x_wconf 90' lang='lat' dir='ltr'><strong>medium</strong></span> <span class='ocrx_word' id='word_1_731' title='bbox 1568 5361 1855 5431; x_wconf 89' lang='lat' dir='ltr'><strong>progressi,</strong></span> <span class='ocrx_word' id='word_1_732' title='bbox 1870 5363 2025 5417; x_wconf 86' lang='lat' dir='ltr'><strong>dein-</strong></span> <span class='ocrx_word' id='word_1_733' title='bbox 2126 5350 2199 5404; x_wconf 69' lang='lat' dir='ltr'><strong>ad!</strong></span> 
     </span>
    </p>
   </div>
   <div class='ocr_carea' id='block_1_52' title="bbox 1947 5349 3703 5431">
    <p class='ocr_par' dir='ltr' id='par_1_52' title="bbox 1947 5349 3703 5422">
     <span class='ocr_line' id='line_1_52' title="bbox 1947 5349 3703 5422; baseline 0.001 -19"><span class='ocrx_word' id='word_1_734' title='bbox 1947 5363 2025 5417; x_wconf 71' lang='lat' dir='ltr'><strong>in-</strong></span> <span class='ocrx_word' id='word_1_735' title='bbox 2126 5350 2338 5417; x_wconf 91' lang='lat' dir='ltr'><strong>adsunt,</strong></span> <span class='ocrx_word' id='word_1_736' title='bbox 2367 5351 2455 5422; x_wconf 91' lang='lat' dir='ltr'><strong>qui</strong></span> <span class='ocrx_word' id='word_1_737' title='bbox 2485 5350 2684 5405; x_wconf 88' lang='lat' dir='ltr'><strong>doloris</strong></span> <span class='ocrx_word' id='word_1_738' title='bbox 2729 5349 2857 5404; x_wconf 87' lang='lat' dir='ltr'><strong>dant</strong></span> <span class='ocrx_word' id='word_1_739' title='bbox 2882 5364 3120 5414; x_wconf 90' lang='lat' dir='ltr'><strong>causam,</strong></span> <span class='ocrx_word' id='word_1_740' title='bbox 3152 5350 3203 5403; x_wconf 92' lang='lat' dir='ltr'><strong>in</strong></span> <span class='ocrx_word' id='word_1_741' title='bbox 3235 5358 3527 5417; x_wconf 71' lang='lat' dir='ltr'><strong>praesentes</strong></span> <span class='ocrx_word' id='word_1_742' title='bbox 3580 5350 3703 5404; x_wconf 66' lang='lat' dir='ltr'><strong>iram</strong></span> 
     </span>
    </p>
   </div>
   <div class='ocr_carea' id='block_1_53' title="bbox 442 5439 2198 5524">
    <p class='ocr_par' dir='ltr' id='par_1_53' title="bbox 442 5448 2198 5524">
     <span class='ocr_line' id='line_1_53' title="bbox 442 5448 2198 5524; baseline 0 -16"><span class='ocrx_word' id='word_1_743' title='bbox 442 5467 568 5523; x_wconf 87' lang='lat' dir='ltr'><strong>ceps</strong></span> <span class='ocrx_word' id='word_1_744' title='bbox 596 5449 660 5506; x_wconf 90' lang='lat' dir='ltr'><strong>ad</strong></span> <span class='ocrx_word' id='word_1_745' title='bbox 685 5449 856 5520; x_wconf 89' lang='lat' dir='ltr'><strong>ipsum</strong></span> <span class='ocrx_word' id='word_1_746' title='bbox 883 5448 1042 5505; x_wconf 76' lang='lat' dir='ltr'><strong>tinem</strong></span> <span class='ocrx_word' id='word_1_747' title='bbox 1070 5452 1430 5510; x_wconf 89' lang='lat' dir='ltr'><strong>concedimus.</strong></span> <span class='ocrx_word' id='word_1_748' title='bbox 1471 5449 1617 5507; x_wconf 84' lang='lat' dir='ltr'><strong>Sicut</strong></span> <span class='ocrx_word' id='word_1_749' title='bbox 1644 5454 1786 5508; x_wconf 93' lang='lat' dir='ltr'><strong>enim</strong></span> <span class='ocrx_word' id='word_1_750' title='bbox 1812 5456 1901 5524; x_wconf 89' lang='lat' dir='ltr'><strong>qui</strong></span> <span class='ocrx_word' id='word_1_751' title='bbox 1944 5453 2021 5508; x_wconf 84' lang='lat' dir='ltr'><strong>in-</strong></span> <span class='ocrx_word' id='word_1_752' title='bbox 2127 5457 2198 5497; x_wconf 63' lang='lat' dir='ltr'><strong>6V“</strong></span> 
     </span>
    </p>
   </div>
   <div class='ocr_carea' id='block_1_54' title="bbox 1952 5439 3708 5524">
    <p class='ocr_par' dir='ltr' id='par_1_54' title="bbox 1952 5439 3708 5510">
     <span class='ocr_line' id='line_1_54' title="bbox 1952 5439 3708 5510; baseline -0.009 -2"><span class='ocrx_word' id='word_1_753' title='bbox 1952 5453 2021 5508; x_wconf 84' lang='lat' dir='ltr'><strong>in-</strong></span> <span class='ocrx_word' id='word_1_754' title='bbox 2127 5457 2400 5497; x_wconf 89' lang='lat' dir='ltr'><strong>evomere.</strong></span> <span class='ocrx_word' id='word_1_755' title='bbox 2445 5440 2596 5509; x_wconf 91' lang='lat' dir='ltr'><strong>Quod</strong></span> <span class='ocrx_word' id='word_1_756' title='bbox 2636 5441 2780 5496; x_wconf 89' lang='lat' dir='ltr'><strong>enim</strong></span> <span class='ocrx_word' id='word_1_757' title='bbox 2807 5442 3010 5497; x_wconf 89' lang='lat' dir='ltr'><strong>lucrum</strong></span> <span class='ocrx_word' id='word_1_758' title='bbox 3036 5442 3335 5510; x_wconf 87' lang='lat' dir='ltr'><strong>jejunantes</strong></span> <span class='ocrx_word' id='word_1_759' title='bbox 3367 5439 3574 5495; x_wconf 88' lang='lat' dir='ltr'><strong>theatra</strong></span> <span class='ocrx_word' id='word_1_760' title='bbox 3607 5442 3708 5495; x_wconf 70' lang='lat' dir='ltr'><strong>ini-</strong></span> 
     </span>
    </p>
   </div>
   <div class='ocr_carea' id='block_1_55' title="bbox 2126 5532 3708 5603">
    <p class='ocr_par' dir='ltr' id='par_1_55' title="bbox 2126 5532 3708 5603">
     <span class='ocr_line' id='line_1_55' title="bbox 2126 5532 3708 5603; baseline -0.001 -15"><span class='ocrx_word' id='word_1_761' title='bbox 2126 5534 2342 5603; x_wconf 89' lang='lat' dir='ltr'><strong>quitatis</strong></span> <span class='ocrx_word' id='word_1_762' title='bbox 2373 5533 2682 5600; x_wconf 89' lang='lat' dir='ltr'><strong>ascendere,</strong></span> <span class='ocrx_word' id='word_1_763' title='bbox 2729 5534 2797 5588; x_wconf 93' lang='lat' dir='ltr'><strong>ad</strong></span> <span class='ocrx_word' id='word_1_764' title='bbox 2834 5547 3171 5589; x_wconf 89' lang='lat' dir='ltr'><strong>communem</strong></span> <span class='ocrx_word' id='word_1_765' title='bbox 3198 5532 3423 5591; x_wconf 83' lang='lat' dir='ltr'><strong>luxuriae</strong></span> <span class='ocrx_word' id='word_1_766' title='bbox 3468 5532 3708 5588; x_wconf 83' lang='lat' dir='ltr'><strong>scholant</strong></span> 
     </span>
    </p>
   </div>
   <div class='ocr_carea' id='block_1_56' title="bbox 2128 5624 3708 5698">
    <p class='ocr_par' dir='ltr' id='par_1_56' title="bbox 2128 5624 3708 5698">
     <span class='ocr_line' id='line_1_56' title="bbox 2128 5624 3708 5698; baseline -0.001 -18"><span class='ocrx_word' id='word_1_767' title='bbox 2128 5626 2367 5690; x_wconf 84' lang='lat' dir='ltr'><strong>introire,</strong></span> <span class='ocrx_word' id='word_1_768' title='bbox 2387 5627 2451 5681; x_wconf 88' lang='lat' dir='ltr'><strong>ad</strong></span> <span class='ocrx_word' id='word_1_769' title='bbox 2472 5627 2740 5698; x_wconf 89' lang='lat' dir='ltr'><strong>publicum</strong></span> <span class='ocrx_word' id='word_1_770' title='bbox 2760 5624 3154 5681; x_wconf 67' lang='lat' dir='ltr'><strong>incontinentiae</strong></span> <span class='ocrx_word' id='word_1_771' title='bbox 3168 5626 3525 5696; x_wconf 80' lang='lat' dir='ltr'><strong>gymnasium,</strong></span> <span class='ocrx_word' id='word_1_772' title='bbox 3547 5639 3708 5694; x_wconf 82' lang='lat' dir='ltr'><strong>super</strong></span> 
     </span>
    </p>
   </div>
   <div class='ocr_carea' id='block_1_57' title="bbox 2124 5715 3705 5788">
    <p class='ocr_par' dir='ltr' id='par_1_57' title="bbox 2124 5715 3705 5788">
     <span class='ocr_line' id='line_1_57' title="bbox 2124 5715 3705 5788; baseline -0.001 -16"><span class='ocrx_word' id='word_1_773' title='bbox 2124 5718 2431 5772; x_wconf 88' lang='lat' dir='ltr'><strong>cathedram</strong></span> <span class='ocrx_word' id='word_1_774' title='bbox 2481 5718 2667 5773; x_wconf 89' lang='lat' dir='ltr'><strong>sedere</strong></span> <span class='ocrx_word' id='word_1_775' title='bbox 2697 5716 3157 5788; x_wconf 84' lang='lat' dir='ltr'><strong>pestilentiarum?</strong></span> <span class='ocrx_word' id='word_1_776' title='bbox 3186 5715 3400 5773; x_wconf 86' lang='lat' dir='ltr'><strong>Etenim</strong></span> <span class='ocrx_word' id='word_1_777' title='bbox 3434 5726 3488 5773; x_wconf 91' lang='lat' dir='ltr'><strong>et</strong></span> <span class='ocrx_word' id='word_1_778' title='bbox 3519 5717 3705 5772; x_wconf 78' lang='lat' dir='ltr'><strong>cathe-</strong></span> 
     </span>
    </p>
   </div>
   <div class='ocr_carea' id='block_1_58' title="bbox 443 5785 2199 5913">
    <p class='ocr_par' dir='ltr' id='par_1_58' title="bbox 443 5785 2199 5913">
     <span class='ocr_line' id='line_1_58' title="bbox 511 5785 2199 5864; baseline 0 -25"><span class='ocrx_word' id='word_1_779' title='bbox 511 5790 584 5855; x_wconf 73' lang='grc' dir='ltr'><strong>(τι)</strong></span> <span class='ocrx_word' id='word_1_780' title='bbox 616 5790 790 5841; x_wconf 78' lang='lat' dir='ltr'><strong>Collata</strong></span> <span class='ocrx_word' id='word_1_781' title='bbox 813 5799 922 5839; x_wconf 91' lang='lat' dir='ltr'><strong>cum</strong></span> <span class='ocrx_word' id='word_1_782' title='bbox 944 5785 1115 5836; x_wconf 84' lang='lat' dir='ltr'><strong>Codice</strong></span> <span class='ocrx_word' id='word_1_783' title='bbox 1139 5790 1391 5860; x_wconf 80' lang='lat' dir='ltr'><strong>Em._Card.</strong></span> <span class='ocrx_word' id='word_1_784' title='bbox 1416 5791 1638 5843; x_wconf 82' lang='lat' dir='ltr'><strong>Ottoboni</strong></span> <span class='ocrx_word' id='word_1_785' title='bbox 1663 5791 1798 5852; x_wconf 76' lang='lat' dir='ltr'><strong>utjus</strong></span> <span class='ocrx_word' id='word_1_786' title='bbox 1814 5797 1924 5863; x_wconf 73' lang='lat' dir='ltr'><strong>uota</strong></span> <span class='ocrx_word' id='word_1_787' title='bbox 1948 5796 2025 5861; x_wconf 76' lang='lat' dir='ltr'><strong>est</strong></span> <span class='ocrx_word' id='word_1_788' title='bbox 2122 5810 2199 5864; x_wconf 63' lang='grc' dir='ltr'><strong>δη</strong></span> 
     </span>
     <span class='ocr_line' id='line_1_59' title="bbox 443 5850 2137 5913; baseline 0.002 -15"><span class='ocrx_word' id='word_1_789' title='bbox 443 5856 494 5913; x_wconf 70' lang='lat' dir='ltr'><strong>tt.</strong></span> <span class='ocrx_word' id='word_1_790' title='bbox 520 5860 585 5899; x_wconf 68' lang='grc' dir='ltr'><strong>ιι.</strong></span> <span class='ocrx_word' id='word_1_791' title='bbox 618 5852 690 5913; x_wconf 85' lang='lat' dir='ltr'><strong>l6,</strong></span> <span class='ocrx_word' id='word_1_792' title='bbox 717 5862 769 5902; x_wconf 91' lang='lat' dir='ltr'><strong>et</strong></span> <span class='ocrx_word' id='word_1_793' title='bbox 797 5865 905 5902; x_wconf 90' lang='lat' dir='ltr'><strong>cum</strong></span> <span class='ocrx_word' id='word_1_794' title='bbox 935 5850 1042 5898; x_wconf 80' lang='lat' dir='ltr'><strong>God.</strong></span> <span class='ocrx_word' id='word_1_795' title='bbox 1071 5855 1349 5900; x_wconf 77' lang='lat' dir='ltr'><strong>Barocetano</strong></span> <span class='ocrx_word' id='word_1_796' title='bbox 1372 5852 1467 5902; x_wconf 77' lang='lat'><strong>212</strong></span> <span class='ocrx_word' id='word_1_797' title='bbox 1488 5866 1515 5902; x_wconf 85' lang='lat' dir='ltr'><strong>a</strong></span> <span class='ocrx_word' id='word_1_798' title='bbox 1538 5860 1590 5903; x_wconf 82' lang='grc' dir='ltr'><strong>ι).</strong></span> <span class='ocrx_word' id='word_1_799' title='bbox 1610 5860 1876 5908; x_wconf 76' lang='lat' dir='ltr'><strong>Wetstemo</strong></span> <span class='ocrx_word' id='word_1_800' title='bbox 1900 5860 2027 5901; x_wconf 72' lang='lat' dir='ltr'><strong>Basi-</strong></span> <span class='ocrx_word' id='word_1_801' title='bbox 2126 5904 2137 5913; x_wconf 91' lang='lat'><strong>_</strong></span> 
     </span>
    </p>
   </div>
   <div class='ocr_carea' id='block_1_59' title="bbox 1947 5785 3703 5913">
    <p class='ocr_par' dir='ltr' id='par_1_59' title="bbox 1947 5785 3703 5901">
     <span class='ocr_line' id='line_1_60' title="bbox 1947 5785 3703 5901; baseline 0.005 -42"><span class='ocrx_word' id='word_1_802' title='bbox 2122 5810 2272 5864; x_wconf 87' lang='lat' dir='ltr'><strong>dram</strong></span> <span class='ocrx_word' id='word_1_803' title='bbox 2295 5810 2630 5878; x_wconf 60' lang='lat' dir='ltr'><strong>pestilentiae,</strong></span> <span class='ocrx_word' id='word_1_804' title='bbox 2660 5785 2716 5867; x_wconf 72' lang='lat' dir='ltr'><strong>et</strong></span> <span class='ocrx_word' id='word_1_805' title='bbox 2742 5807 3140 5866; x_wconf 77' lang='lat' dir='ltr'><strong>incontinentite</strong></span> <span class='ocrx_word' id='word_1_806' title='bbox 3164 5810 3522 5881; x_wconf 79' lang='lat' dir='ltr'><strong>gymnasium,</strong></span> <span class='ocrx_word' id='word_1_807' title='bbox 3545 5807 3703 5864; x_wconf 80' lang='lat' dir='ltr'><strong>scho-</strong></span> 
     </span>
    </p>
   </div>
   <div class='ocr_carea' id='block_1_60' title="bbox 442 5900 3703 5973">
    <p class='ocr_par' dir='ltr' id='par_1_60' title="bbox 442 5900 3703 5973">
     <span class='ocr_line' id='line_1_61' title="bbox 442 5900 3703 5973; baseline -0.002 -11"><span class='ocrx_word' id='word_1_808' title='bbox 442 5909 616 5962; x_wconf 70' lang='lat' dir='ltr'><strong>leeusi.</strong></span> <span class='ocrx_word' id='word_1_809' title='bbox 656 5900 690 5913; x_wconf 16' lang='lat'><strong>7&#39;</strong></span> <span class='ocrx_word' id='word_1_810' title='bbox 728 5900 764 5902; x_wconf 11' lang='grc' dir='ltr'><strong>’ἡ</strong></span> <span class='ocrx_word' id='word_1_811' title='bbox 805 5900 820 5902; x_wconf 60' lang='grc'><strong><em>“</em></strong></span> <span class='ocrx_word' id='word_1_812' title='bbox 1412 5900 1464 5902; x_wconf 34' lang='grc' dir='ltr'>Ἰ</span> <span class='ocrx_word' id='word_1_813' title='bbox 1490 5900 1515 5902; x_wconf 70' lang='grc'><strong><em>“</em></strong></span> <span class='ocrx_word' id='word_1_814' title='bbox 1539 5900 1587 5903; x_wconf 52' lang='grc'><strong>’⁷</strong></span> <span class='ocrx_word' id='word_1_815' title='bbox 1624 5900 1649 5902; x_wconf 50' lang='grc'><strong>⁷⁷</strong></span> <span class='ocrx_word' id='word_1_816' title='bbox 1820 5900 1823 5901; x_wconf 52' lang='grc'><strong><em>⁷</em></strong></span> <span class='ocrx_word' id='word_1_817' title='bbox 1858 5900 1863 5901; x_wconf 45' lang='grc'><strong>“</strong></span> <span class='ocrx_word' id='word_1_818' title='bbox 1904 5900 1907 5901; x_wconf 54' lang='grc'><strong><em>⁷</em></strong></span> <span class='ocrx_word' id='word_1_819' title='bbox 1940 5900 1979 5901; x_wconf 26' lang='lat' dir='ltr'>ﬂ</span> <span class='ocrx_word' id='word_1_820' title='bbox 2125 5904 2336 5972; x_wconf 87' lang='lat' dir='ltr'><strong>latnqne</strong></span> <span class='ocrx_word' id='word_1_821' title='bbox 2384 5903 2625 5971; x_wconf 65' lang='lat' dir='ltr'><strong>luxuria&#39;,</strong></span> <span class='ocrx_word' id='word_1_822' title='bbox 2657 5913 2707 5959; x_wconf 87' lang='lat' dir='ltr'><strong>et</strong></span> <span class='ocrx_word' id='word_1_823' title='bbox 2736 5903 2911 5959; x_wconf 88' lang='lat' dir='ltr'><strong>omnia</strong></span> <span class='ocrx_word' id='word_1_824' title='bbox 2945 5900 3250 5973; x_wconf 84' lang='lat' dir='ltr'><strong>turpissima</strong></span> <span class='ocrx_word' id='word_1_825' title='bbox 3291 5900 3618 5957; x_wconf 87' lang='lat' dir='ltr'><strong>orchestram</strong></span> <span class='ocrx_word' id='word_1_826' title='bbox 3657 5900 3703 5954; x_wconf 73' lang='lat' dir='ltr'><strong>Ii</strong></span> 
     </span>
    </p>
   </div>
  </div>
