4446 6720
783 442 888 499 515

784 560 907 623 quis
930 555 1144 623 dixerit,
1172 555 1308 611 haud
1335 554 1651 627 peccaverit,
1680 559 1967 627 pessimum
1996 558 2137 613 illum
2160 558 2355 620 locum,

785 648 1238 720 plurimorumque
1258 649 1565 704 morborum
1595 650 1830 720 plenum,
1854 651 2227 723 Babylonicam
2258 648 2365 703 for-

784 753 992 793 nacem.
1018 739 1149 793 Nam
1180 740 1322 795 velut
1346 741 1397 794 in
1429 743 1693 795 fornacem
1725 742 2009 809 quamdam
2030 741 2359 811 compellens

786 828 842 883 in
872 827 1133 883 theatrum
1175 829 1420 885 diabolus
1448 830 1654 894 urbem,
1704 830 1782 885 sie
1808 831 1877 885 ab
1908 830 2017 885 imo
2059 830 2361 898 succendit,

787 935 892 974 non
926 922 1037 990 jam
1066 923 1341 977 malleolos
1366 922 1684 977 submittens
1705 965 1719 988 ,
1747 924 1909 979 veluti
1946 934 2070 979 tunc
2110 924 2369 979 barbarus

788 1010 900 1075 ille,
931 1026 1106 1081 neque
1134 1013 1446 1083 naphtham,
1479 1029 1654 1083 neque
1696 1026 1927 1085 stupam,
1960 1031 2133 1085 neque
2154 1016 2322 1085 picem
2348 1030 2364 1082 ;

783 1100 878 1154 sed
899 1100 984 1155 his
1008 1102 1176 1157 multo
1202 1103 1425 1173 pejora‘,
1460 1105 1773 1159 fornicarios
1798 1106 1964 1170 visus,
1990 1107 2160 1175 turpia
2182 1107 2364 1173 verba,

783 1191 1021 1247 membra
1053 1194 1283 1248 molliter
1317 1193 1456 1249 ﬂexa
1480 1237 1494 1261 ,
1543 1205 1703 1266 atque
1741 1197 1914 1250 omnis
1937 1196 2120 1264 plenos
2150 1198 2367 1250 malitia:

781 1292 990 1338 cantus.
1019 1284 1169 1340 Illam
1226 1286 1385 1355 igitur
1426 1286 1691 1341 fornacem
1731 1286 2020 1341 barbarica:
2059 1302 2247 1341 manus
2280 1303 2367 1342 ac—

782 1374 1100 1442 cenderunt,
1117 1376 1252 1431 hanc
1269 1388 1446 1432 autem
1465 1378 1731 1432 fornacem
1762 1378 2111 1447 cegitationes
2127 1379 2367 1434 barbaris

782 1466 1182 1537 insipientiores
1211 1470 1507 1526 accendunt
1536 1487 1549 1522 :
1586 1471 1697 1523 hzec
1727 1470 1813 1524 illa
1844 1472 2017 1540 pejor,
2045 1473 2370 1543 quandoqui-

782 1557 906 1612 dem
952 1560 1089 1629 ignis
1114 1560 1364 1625 deterior,
1417 1576 1521 1614 non
1551 1562 1637 1629 qui
1669 1562 1914 1629 corporis
1958 1572 2225 1625 naturam,
2273 1564 2365 1617 sed

786 1650 875 1719 qni
899 1650 1091 1705 bonam
1117 1652 1307 1705 anima:
1328 1651 1681 1723 depopulatur
1706 1654 2068 1709 habitudinem
2101 1674 2113 1709 :
2139 1667 2192 1710 et
2226 1656 2366 1722 quod

782 1741 1062 1796 nocentius
1105 1750 1207 1806 est,
1244 1758 1419 1812 neque
1450 1744 1549 1812 ipsi
1577 1745 1666 1813 qui
1702 1745 2105 1811 comburuntur,
2139 1748 2363 1814 idipsum

782 1831 1056 1895 sentiunt;
1083 1833 1127 1887 si
1155 1834 1299 1887 enim
1322 1835 1600 1898 sentirent,
1632 1850 1733 1888 non
1751 1834 1859 1903 jam
1892 1834 2114 1887 effusum
2135 1836 2281 1888 illum
2311 1837 2362 1889 in

782 1920 869 1975 his
888 1922 1052 1977 risum
1096 1925 1421 1979 emitterent.
1455 1926 1615 1993 Igitur
1644 1926 1695 1979 id
1724 1926 1803 1978 vel
1830 1927 2116 1993 pessimum
2145 1938 2223 1983 est
2255 1943 2366 1982 ma-

780 2012 912 2079 lum,
944 2030 1064 2069 cum
1089 2016 1210 2085 quis
1231 2016 1545 2083 infirmatur,
1575 2032 1746 2085 neque
1774 2016 2000 2086 idipsnm
2028 2019 2168 2088 quod
2216 2021 2366 2072 infir-

778 2113 957 2158 matur
997 2105 1186 2159 novit:
1226 2113 1281 2159 et
1319 2105 1515 2161 misere
1560 2105 1756 2159 ardens
1789 2115 1845 2161 et
1882 2123 2219 2170 aerutnnose,
2263 2126 2365 2163 non

779 2196 943 2251 sentit
972 2195 1300 2251 incendium.
1343 2198 1598 2265 anenam
1622 2197 1808 2266 jejunii
1849 2199 2065 2261 utilitas,
2099 2200 2184 2254 dic
2214 2201 2361 2263 mihi,

780 2300 903 2339 cum
935 2285 1151 2356 quidem
1177 2302 1371 2355 corpus
1391 2303 1543 2342 arces
1566 2288 1800 2357 legitimo
1825 2304 1854 2341 a
1883 2290 2228 2353 nutrimento,
2263 2290 2365 2342 ini-

780 2392 942 2444 quum
971 2395 1099 2434 vero
1128 2382 1513 2434 nutrimentum
1554 2381 1746 2433 anima:
1778 2379 2029 2434 inducis?
2058 2396 2176 2435 cum
2222 2382 2363 2436 diem

780 2468 889 2523 illic
915 2470 1081 2525 trahis
1122 2471 1334 2535 sedens,
1376 2486 1711 2525 communem
1754 2481 1997 2525 naturam
2031 2473 2363 2542 delurpatam

780 2563 995 2619 intuens
1044 2580 1107 2620 ac
1137 2566 1455 2632 traductam,
1487 2566 1843 2636 mulieresque
1866 2566 2200 2631 fornicarias,
2227 2566 2368 2619 adul-

782 2655 917 2708 teria
966 2666 1411 2724 repraesentantes
1463 2657 1569 2711 illic
1598 2672 1712 2723 eos,
1744 2658 1831 2726 qui
1880 2657 2139 2728 cujusque
2176 2658 2368 2711 domus

780 2746 918 2799 mala
949 2746 1203 2815 colligunt
1230 2748 1253 2800 7
1281 2746 1414 2801 Nam
1444 2756 1497 2802 et
1546 2748 1927 2802 fornicationes
1958 2748 2141 2802 videre
2187 2748 2366 2813 datur,

780 2845 835 2888 et
856 2835 1044 2890 audire
1071 2836 1447 2906 blasphemias,
1478 2852 1584 2907 quo
1612 2846 1667 2892 et
1696 2853 1789 2906 per
1815 2839 2019 2902 oculos,
2048 2848 2101 2891 et
2142 2853 2238 2906 per
2266 2853 2364 2890 au-

778 2927 947 2983 ditum
977 2930 1074 2999 ipsi
1103 2931 1295 2985 animae
1318 2931 1536 2985 morbus
1558 2932 1837 3000 procedat:
1862 2932 2063 2985 alienas
2091 2930 2367 2985 imitantur

778 3020 1128 3087 calamitates,
1179 3022 1319 3077 unde
1345 3032 1400 3076 et
1428 3022 1557 3093 ipsis
1584 3022 1924 3091 turpitudinis
1962 3038 2156 3077 nomen
2196 3025 2368 3092 impo-

780 3112 942 3166 situm
994 3112 1275 3180 est.Qnod
1322 3113 1481 3183 igitur
1518 3115 1707 3183 jejunii
1762 3115 1964 3169 lucrum
2010 3117 2185 3169 anima
2236 3117 2368 3171 cibis

780 3202 1041 3271 ejusmodi
1066 3205 1264 3257 nutrita
1290 3204 1313 3257 ?
1336 3204 1528 3271 quibus
1556 3204 1728 3258 oculis
1764 3220 1987 3259 uxorem
2016 3205 2119 3259 illis
2164 3220 2194 3259 a
2241 3222 2368 3275 spe-

780 3291 1004 3345 ctaculis
1030 3291 1234 3347 videbis
1259 3292 1283 3345 ?
1309 3292 1499 3362 quibus
1526 3296 1695 3350 oculis
1723 3294 1927 3349 videbis
1957 3294 2123 3351 filium
2140 3296 2368 3366 ?quibus

781 3382 1177 3438 domesticum?
1207 3384 1399 3455 quibus
1427 3386 1656 3440 amicum
1683 3386 1706 3440 ?
1729 3385 1960 3441 Necesse
1980 3396 2158 3441 autem
2185 3388 2370 3442 dicen-

783 3481 887 3524 tem
922 3471 1028 3526 illic
1054 3482 1201 3543 gesta
1228 3475 1569 3544 turpitudine,
1602 3486 1694 3529 aut
1719 3485 1981 3531 tacentem
2013 3478 2209 3532 rubore
2238 3494 2367 3531 con-

780 3559 946 3614 fundi.
980 3560 1086 3617 Sed
1117 3562 1241 3617 hinc
1270 3580 1376 3617 non
1404 3564 1481 3618 sic
1501 3564 1616 3617 abis
1642 3582 1656 3617 :
1680 3565 1859 3618 licebit
1880 3581 2008 3620 vero
2032 3567 2175 3620 domi
2204 3568 2365 3621 multa

778 3666 901 3706 cum
951 3651 1148 3707 fiducia
1204 3653 1447 3708 universa
1497 3670 1735 3717 narrare,
1796 3654 2135 3725 prejiheticas
2187 3671 2363 3721 voces,

776 3744 1068 3813 apostolica
1095 3744 1361 3815 dogmata,
1396 3745 1539 3813 leges
1563 3745 1883 3811 Dominicas,
1912 3760 2126 3800 omnem
2152 3746 2365 3801 virtutis

778 3849 1014 3887 mensam
1032 3850 1320 3904 apponere,
1340 3849 1667 3905 uxoremque
1689 3834 2081 3889 narrationibus
2100 3835 2364 3904 ejusmodi

778 3926 1109 3994 pudiciorem
1159 3926 1403 3992 reddere,
1460 3927 1862 3995 prudentiorem
1913 3925 2363 3990 lilium,bcnevo-

778 4016 1061 4070 lentiorem
1117 4016 1493 4080 domesticum,
1548 4016 1857 4070 amiciorem
1914 4017 2168 4081 amicum,
2208 4025 2366 4087 atque

780 4106 954 4178 ipsum
1000 4106 1272 4161 inimicum
1306 4107 1651 4177 persuadebis
1677 4106 1857 4160 odium
1896 4105 2185 4176 deponere.

846 4198 903 4251 2.
953 4196 1081 4251 Vera
1106 4199 1287 4268 iejunii
1326 4198 1458 4252 ratio
1485 4213 1619 4267 qua.
1668 4227 1739 4237 —
1769 4196 1929 4251 Vides
1958 4196 2227 4267 quomodo
2254 4196 2368 4252 hrcc

776 4291 991 4362 quidem
1042 4291 1243 4360 ubique
1292 4292 1544 4345 salutaria
1593 4290 1866 4360 dogmata,
1900 4289 1987 4343 illa
2020 4304 2148 4344 vero
2175 4304 2367 4343 acroa-

779 4391 921 4437 mata
970 4382 1162 4453 nbique
1213 4381 1465 4436 inutilia?
1508 4382 1637 4448 Qu:e
1685 4382 1843 4450 igitur
1886 4380 2072 4450 jejunii
2126 4381 2363 4444 utilitas,

777 4489 981 4543 quaeso,
1034 4488 1156 4527 Cum
1207 4486 1434 4541 corpore
1483 4469 1696 4539 quidem
1737 4469 1967 4538 jejunus,
2020 4470 2189 4525 oculis
2238 4487 2367 4525 veto

781 4565 1069 4621 mmcharis
1090 4564 1113 4618 ἲ
1136 4562 1471 4618 Adulterium
1500 4562 1642 4616 enim
1666 4569 1747 4615 est
1774 4575 1880 4614 non
1913 4559 2023 4630 ipsa
2054 4560 2213 4615 modo
2234 4576 2368 4615 con-

780 4655 1059 4727 glutinatio
1102 4666 1193 4711 aut
1236 4654 1428 4725 copula
1476 4650 1722 4722 corporis
1751 4692 1766 4716 ,
1822 4650 1919 4705 sed
1964 4660 2019 4703 et
2074 4649 2372 4720 impudicus

780 4751 945 4803 visus.
974 4748 1104 4814 Qum
1127 4748 1326 4800 utilitas
1346 4760 1467 4800 cum
1496 4744 1619 4798 illuc
1645 4742 1769 4797 hinc
1793 4742 1910 4796 abis
1934 4741 1958 4794 ἲ
1991 4740 2104 4810 Ego
2140 4741 2368 4808 corrigo,

780 4840 871 4895 ille
911 4838 1207 4905 corrumpit
1240 4854 1252 4889 :
1281 4850 1381 4905 ego
1429 4832 1721 4888 medicinas
1768 4833 1958 4887 morbo
1999 4830 2254 4897 adhibeo,
2284 4830 2372 4885 ille

779 4942 999 4984 causam
1041 4927 1211 4983 morbi
1262 4924 1570 4981 ministrat:
1602 4937 1700 4991 ego
1730 4933 1933 4977 natura:
1960 4921 2231 4977 ﬂammam
2275 4937 2371 4976 ex-

780 5024 1029 5092 stinguo,
1082 5020 1173 5074 ille
1220 5016 1453 5073 libidinis
1483 5014 1748 5069 flammam
1797 5014 2057 5067 accendit.
2111 5013 2241 5079 Qua:
2264 5012 2372 5066 uti-

782 5114 902 5167 litas
929 5153 946 5180 ,
996 5111 1083 5168 dic
1127 5108 1310 5167 mihi?
1356 5106 1497 5162 Unus
1522 5106 1783 5174 aediﬁcata
1834 5112 1880 5157 et
1905 5120 2033 5158 unus
2056 5105 2316 5158 destructis
2353 5120 2371 5157 :

782 5205 903 5275 quid
953 5204 1141 5259 lucrati
1188 5211 1308 5258 sunt
1368 5201 1484 5271 plus
1544 5214 1696 5268 quam
1766 5194 1960 5249 labores
2009 5194 2220 5267 (Ercli.
2278 5197 2368 5250 54.

782 5295 921 5367 28).
974 5295 1091 5350 Non
1132 5310 1259 5365 ergo
1286 5291 1373 5348 hic
1426 5299 1482 5347 et
1508 5289 1657 5355 illic,
1728 5286 1823 5343 sed
1876 5286 1964 5341 hic
2019 5287 2190 5341 solum
2241 5302 2372 5341 cono

783 5400 1081 5450 versemur,
1102 5400 1206 5454 quo
1235 5383 1526 5446 fructuose,
1555 5395 1660 5451 quo
1685 5395 1791 5433 non
1822 5379 1874 5433 in
1902 5392 2096 5431 vanum
2126 5376 2233 5441 hic,
2266 5391 2373 5447 quo

784 5492 893 5533 non
919 5474 1195 5538 inutiliter.
1215 5490 1386 5545 neque
1408 5473 1474 5529 ad
1491 5472 1885 5527 damnationem
1910 5489 1922 5526 :
1947 5469 2091 5526 Unus
2111 5469 2373 5538 mdi/icans

784 5581 831 5625 et
857 5585 990 5624 unus
1004 5569 1267 5623 destructis
1290 5582 1307 5621 :
1335 5565 1454 5635 quid
1485 5563 1666 5619 lurrati
1685 5572 1801 5618 sunt
1829 5563 1941 5631 plus
1961 5578 2113 5634 quam
2136 5561 2329 5615 labores
2347 5560 2374 5613 .7

790 5663 857 5718 Et
882 5661 1123 5734 quamvis
1151 5659 1303 5716 multi
1333 5658 1653 5714 mdilicantes
1681 5655 1877 5723 forent,
1902 5670 2038 5711 unus
2086 5668 2219 5711 vero
2269 5652 2368 5708 de—

852 5820 869 5851 '
906 5818 1061 5868 verba
1079 5830 1239 5880 usque
1260 5814 1340 5875 ad,
1358 5814 1463 5867 hac
1490 5811 1577 5864 illa
1598 5812 1752 5880 pejor,
1770 5810 2172 5864 desiderabantur
2191 5823 2241 5861 tn
2265 5806 2371 5860 Edi-

784 5881 877 5943 tls;
900 5880 990 5931 sed
1007 5891 1073 5931 ex
1094 5877 1254 5931 Otiob.
1279 5886 1332 5930 et
1351 5884 1538 5930 Bai-occ.
1562 5877 1788 5928 restituta
1810 5881 1941 5926 sunt.

1453 444 1508 501 S.
1550 443 1826 501 JOANNIS
1864 444 2328 502 CIIRYSOSTUMI
2368 446 2679 503 ARCIIIEP.
2719 450 3248 511 CONSTANTINUP.

3951 458 4061 517 326⁷

2473 571 2704 625 struens,
2730 560 2978 620 facilitate
2998 569 3362 625 subversionis
3386 570 3759 625 mdiftcantium
3776 575 4059 630 multitudo

2471 652 2719 705 vincitur.
2753 653 2953 724 Magna:
2995 660 3236 726 profecto
3269 662 3607 733 turpitudinis
3651 672 3705 717 et
3742 662 3968 731 juvenes
4004 681 4058 722 et

2475 758 2632 797 senes
2661 744 2728 799 ad
2771 748 2876 800 tale
2929 748 3167 801 studium
3216 750 3491 809 festinare.
3523 752 3627 808 Sed
3658 753 3856 806 utinam
3890 770 4058 824 usque

2476 832 2542 886 ad
2576 836 2951 904 turpitudinem
2980 847 3121 892 esset
3152 842 3351 897 malum
3382 862 3396 900 :
3423 845 3630 900 tametsi
3674 844 3723 898 id
3756 844 3958 897 homini
3988 847 4056 899 li-

2471 923 2603 978 bero
2631 926 2961 983 intolerabile
2986 928 3208 983 fortasse
3236 934 3464 1001 videtur,
3484 947 3537 992 et
3565 936 3816 991 damnum
3832 935 4059 991 cordato

2471 1016 2786 1083 maximum,
2809 1020 2852 1073 si
2879 1019 3198 1089 turpitudine
3219 1031 3272 1073 et
3291 1022 3578 1091 ignominia
3600 1036 3844 1087 notetur;
3869 1040 4057 1081 verum

2471 1118 2575 1156 non
2603 1105 2667 1157 ad
2696 1106 3035 1174 ignominiam
3057 1124 3222 1179 usque
3252 1119 3455 1168 tantum
3484 1131 3636 1183 paena
3664 1114 3921 1187 procedit,
3960 1118 4057 1170 sed

2474 1193 2602 1247 ultio
2630 1195 2814 1264 ingens
2842 1213 2905 1253 ac
2932 1201 3245 1269 supplicium
3271 1200 3512 1257 imminet
3541 1223 3555 1259 :
3578 1222 3796 1263 necesse
3814 1206 4054 1262 estenim

2472 1284 2578 1338 illic
2598 1285 2846 1342 sedentes
2864 1301 3079 1356 peccato
3092 1291 3336 1346 adulterii
3353 1308 3541 1349 onmes
3562 1299 3749 1362 teneri,
3775 1313 3878 1353 non
3906 1295 4051 1368 quod

2473 1374 2542 1428 ibi
2596 1376 2908 1432 mulieribus
2955 1381 3289 1449 cepulentur,
3332 1381 3425 1436 sed
3453 1383 3597 1452 quod
3639 1387 3917 1455 impudicis
3961 1399 4058 1442 eas

2474 1465 2776 1521 intueantur
2815 1468 3004 1522 oculis.
3050 1469 3259 1526 Etenim
3309 1471 3405 1525 bos
3428 1487 3640 1541 quoque
3676 1489 3897 1531 necesse
3934 1490 4059 1532 esse

2473 1560 2736 1614 adulterio
2757 1562 2921 1615 teneri
2950 1570 3008 1615 ut
3029 1562 3353 1633 intelligetis.
3376 1579 3477 1617 non
3500 1579 3675 1619 meum
3700 1568 3853 1621 vobis
3880 1568 4057 1624 dicam

2473 1666 2795 1719 sermonem,
2833 1668 2901 1710 ne
2948 1654 3080 1709 forte
3110 1655 3437 1726 despiciatis,
3477 1657 3569 1712 sed
3614 1656 3845 1711 divinam
3884 1660 4057 1729 legem

2471 1742 2769 1809 explicabo,
2790 1744 2875 1795 ubi
2904 1743 3177 1812 despectui
3207 1762 3533 1816 nequaquam
3566 1746 3735 1799 locus.
3766 1745 3900 1812 Quid
3925 1762 4059 1816 ergo

2469 1830 2644 1885 divina
2664 1833 2749 1885 lex
2772 1834 2969 1903 inquit?
2989 1834 3214 1888 Audistis
3228 1838 3345 1906 quia
3370 1838 3553 1890 dictum
3571 1847 3639 1890 est
3658 1835 3873 1903 antiquis
3892 1852 3910 1889 :
3934 1836 3986 1889 Ν
3991 1854 4060 1891 οη

2469 1922 2790 1976 mter/iuberis
2815 1923 3005 1993 (Exod.
3028 1924 3117 1979 20.
3149 1926 3241 1995 N)
3265 1943 3279 1991 ;
3307 1944 3401 1997 ego
3425 1938 3589 1981 autem
3614 1928 3724 1981 dico
3746 1926 3899 1992 vobis,
3922 1928 4061 1995 quod

2471 2014 2770 2083 quicumque
2817 2014 2995 2068 viderit
3034 2017 3290 2071 mulierem
3333 2019 3400 2070 ad
3442 2019 3895 2087 concupiscendum
3918 2036 4056 2082 eant,

2461 2105 2576 2173 jam
2606 2107 2879 2162 moechatus
2906 2118 2977 2162 est
3001 2125 3112 2162 eam
3137 2111 3189 2162 in
3217 2112 3368 2165 corde
3392 2128 3483 2165 suo
3524 2112 3731 2180 (Matth.
3762 2114 3814 2167 5.
3835 2109 4054 2182 27.28).

2474 2194 2662 2250 Vidisti
2684 2197 3005 2253 adulterium
3022 2210 3447 2253 consummatum
3478 2201 3501 2253 ?
3530 2201 3702 2255 vidisti
3733 2203 4057 2269 completum

2470 2298 2742 2355 peceatum
2763 2292 2785 2340 ζ’
2806 2298 2860 2342 et
2875 2291 3012 2357 quod
3035 2290 3290 2355 deterius,
3316 2292 3366 2345 in
3389 2292 3649 2347 adulterio
3667 2292 4059 2362 deprehensum

2468 2379 2787 2446 adulterum,
2818 2396 2922 2435 non
2956 2383 3206 2448 humano,
3222 2384 3313 2437 sed
3346 2384 3526 2437 divino
3552 2386 3651 2439 Sub
3676 2385 3875 2452 judicio
3899 2385 4059 2438 adul-

2469 2470 2588 2524 terii
2610 2486 2757 2525 reum
2785 2486 2925 2535 esse,
2956 2473 3043 2527 ubi
3086 2474 3410 2528 immortales
3436 2485 3559 2529 sunt
3588 2490 3777 2545 panum.
3813 2475 4061 2541 Quicum-

2470 2578 2562 2629 que
2592 2563 2723 2615 enim
2752 2564 2926 2617 viderit
2952 2564 3207 2618 mulierem
3230 2566 3295 2618 ad
3313 2566 3763 2634 concupiscendum
3790 2583 3919 2628 eum,
3940 2568 4060 2636 jam

2471 2652 2745 2706 moechatus
2786 2664 2856 2705 est
2890 2670 3003 2707 eam
3041 2655 3091 2707 in
3121 2656 3269 2709 corde
3290 2673 3408 2709 suo.
3438 2656 3551 2710 Non
3591 2658 3749 2710 modo
3788 2656 4055 2720 morbum,

2472 2744 2565 2797 sed
2605 2753 2659 2796 et
2698 2745 2868 2797 morbi
2921 2745 3154 2801 radicem
3195 2747 3409 2812 evellit;
3440 2748 3590 2801 radix
3623 2748 3763 2802 enim
3810 2747 4058 2802 adulterii

2470 2833 2896 2903 concupiscentia
2938 2835 3201 2903 impudica
3249 2854 3262 2888 :
3314 2853 3479 2906 quare
3520 2852 3623 2892 non
3667 2838 3824 2892 modo
3876 2838 4061 2907 plectit

2469 2923 2807 2989 adulterium,
2824 2926 2915 2981 sed
2938 2936 2991 2981 et
3007 2929 3486 2998 concupiscentiam
3504 2970 3519 2995 ,
3547 2930 3785 2983 adulterii
3811 2941 4056 2984 matrem.

2468 3016 2557 3073 Sic
2576 3027 2628 3073 et
2654 3018 2843 3073 medici
2892 3018 3114 3085 faciunt,
3148 3037 3251 3074 non
3278 3022 3344 3075 ad
3375 3021 3591 3075 morbos
3626 3021 3823 3075 instant
3860 3024 4058 3086 Solum,

2470 3110 2565 3165 sed
2603 3110 2668 3164 ad
2696 3125 2885 3166 causas
2910 3112 3070 3165 etiam
3114 3112 3377 3168 tollendas
3404 3129 3416 3165 :
3447 3113 3588 3182 quod
3618 3113 3662 3166 si
3710 3122 4057 3180 aegrotantem

2472 3200 2680 3255 oculum
2706 3201 2954 3267 viderint,
2983 3216 3203 3271 pravum
3234 3203 3509 3256 humorem
3538 3202 3769 3273 desuper
3793 3218 3823 3256 a
3852 3212 4062 3271 tempo-

2470 3289 2618 3345 ribus
2638 3301 2983 3360 compescuut
3007 3308 3020 3344 :
3053 3292 3128 3345 sic
3151 3302 3206 3345 et
3230 3291 3477 3346 Christus
3498 3290 3639 3345 facit.
3671 3292 3893 3346 Caecitas
3919 3291 4059 3346 mala

2472 3390 2554 3434 est
2590 3380 2940 3446 adulterium;
2982 3382 3258 3435 oculorum
3287 3392 3369 3435 est
3400 3381 3638 3441 morbus.
3670 3396 3775 3435 non
3816 3382 4059 3450 corporis

2472 3472 2667 3534 solum,
2715 3470 2808 3525 sed
2847 3471 3035 3525 anima:
3065 3473 3241 3541 prius:
3274 3471 3472 3525 idcirco
3498 3471 3619 3525 inde
3644 3472 3935 3541 compescit
3967 3471 4060 3525 hu-

2471 3576 2675 3616 morem
2709 3561 3053 3629 impudicitia:
3098 3578 3190 3631 per
3237 3562 3479 3615 timorem
3521 3561 3688 3631 legis;
3735 3576 3899 3630 quare
3950 3577 4057 3615 non

2469 3652 2630 3708 modo
2656 3652 2974 3707 adulterium
2996 3652 3172 3722 punit,
3216 3652 3307 3706 sed
3335 3652 3822 3722 concupiscentiam
3846 3666 4060 3720 quoque

2469 3746 2757 3799 ulciscitur.
2792 3742 2913 3797 Jam
2939 3744 3215 3798 moechatus
3254 3754 3326 3798 est
3354 3762 3462 3797 eam
3487 3746 3536 3797 in
3564 3746 3713 3798 corde
3737 3761 3846 3797 suo.
3879 3743 4061 3799 Corde

2468 3846 2645 3890 autem
2670 3845 2942 3906 corrupto,
2969 3853 3088 3906 qua:
3119 3836 3371 3907 deinceps
3396 3837 3595 3890 utilitas
3623 3838 3674 3890 in
3705 3838 3907 3905 reliquo
3935 3853 4058 3891 cor-

2470 3924 3123 3995 pore?Quemadmodum
3177 3926 3318 3979 enim
3367 3927 3417 3980 in
3446 3926 3639 3995 plantis
3679 3936 3733 3980 et
3779 3928 3955 3997 lignis,
4009 3927 4057 3981 si

2468 4016 2685 4087 quando
2715 4031 2808 4069 cor
2832 4031 3049 4070 exesum
3076 4016 3337 4079 videmus,
3366 4017 3622 4085 reliquam
3644 4016 3710 4071 de
3741 4028 3936 4071 czetero
3965 4032 4059 4072 re-

2473 4107 2757 4177 pudiamus
2789 4116 2995 4175 partem
3022 4124 3034 4159 :
3060 4106 3138 4161 sic
3164 4115 3218 4159 et
3246 4108 3296 4159 in
3326 4108 3537 4160 homine
3566 4121 3684 4160 cum
3728 4106 3779 4159 id
3816 4109 4054 4175 perierit,

2473 4198 2737 4253 incassum
2751 4208 2832 4251 est
2848 4196 2969 4251 inde
2982 4197 3183 4266 reliqua
3200 4196 3438 4265 corporis
3450 4198 3666 4252 sanitas.
3688 4198 3725 4250 A
3736 4198 3878 4266 uriga
3898 4199 4057 4266 perit,

2472 4289 2690 4356 fractus,
2705 4290 2942 4360 dejeClus
2959 4298 3060 4355 est,
3077 4288 3270 4343 frustra
3298 4290 3349 4343 in
3368 4298 3637 4359 posterum
3659 4289 3777 4358 equi
3800 4298 4019 4342 currunt
4041 4307 4055 4342 :

2472 4382 2736 4437 laboriosa
2782 4382 2866 4437 lex
2902 4390 2956 4435 et
3003 4380 3228 4435 multum
3253 4381 3433 4435 oneris
3474 4380 3633 4435 habet
3664 4398 3677 4434 :
3704 4380 3781 4433 sic
3820 4380 3976 4451 igitur
4005 4391 4061 4436 et

2471 4490 2717 4544 magnam
2753 4473 2913 4529 habet
2936 4489 3211 4528 coronam.
3252 4471 3526 4541 Ejusmodi
3554 4480 3676 4526 sunt
3700 4472 3840 4525 enim
3871 4487 3957 4526 res
3986 4472 4062 4525 la-

2474 4565 2701 4619 boriosa:
2725 4581 2740 4629 ;
2765 4580 2985 4634 magnas
3031 4564 3231 4617 habent
3275 4564 3675 4617 retributiones.
3705 4561 3786 4616 Tu
3810 4576 3938 4615 vero
3967 4578 4062 4617 ne-

2473 4672 2735 4727 quaquam
2750 4656 2983 4709 laborem
3002 4655 3216 4709 attende
3233 4696 3246 4718 ,
3280 4655 3371 4710 sed
3392 4655 3793 4709 retributionem
3810 4654 4059 4707 conside-

2476 4766 2533 4805 ra
2560 4767 2576 4805 :
2608 4750 2685 4803 sic
2710 4758 2761 4804 et
2788 4748 2841 4802 in
2865 4749 2986 4802 vita:
3007 4748 3164 4803 rebus
3186 4748 3262 4801 fit.
3291 4749 3344 4802 Si
3371 4746 3513 4800 enim
3542 4745 3775 4797 laborem
3802 4743 4063 4799 bonorum

2475 4862 2698 4914 operum
2732 4843 3089 4913 prospexeris,
3120 4858 3279 4912 grave
3306 4852 3467 4912 atque
3491 4852 3775 4892 onerosum
3807 4852 3826 4901 ;
3856 4837 3900 4891 si
3932 4852 4065 4892 vero

2477 4936 2883 4991 retributionem
2913 4934 3247 5004 cogitaveris,
3272 4934 3392 4987 leve
3414 4941 3469 4985 et
3506 4928 3659 4983 facile
3688 4926 3826 4997 quod
3854 4928 4061 4983 subest.

2476 5029 2566 5084 Sic
2594 5036 2649 5083 et
2671 5025 3014 5097 gubernator,
3037 5024 3080 5078 si
3104 5023 3299 5080 fluctus
3329 5020 3523 5075 viderit
3549 5018 3743 5082 solum,
3769 5032 4063 5088 numquam

2477 5138 2509 5176 e
2537 5130 2689 5191 portu
2732 5117 2927 5188 scapha
2976 5116 3325 5189 digredietur,
3367 5112 3462 5167 sed
3507 5111 3551 5165 si
3591 5120 3851 5181 quaestum
3891 5110 4059 5180 prius,

2477 5227 2635 5283 quam
2654 5209 2844 5265 fluctus
2864 5209 3177 5280 rcSpexerit,
3198 5217 3324 5261 tunc
3342 5206 3653 5258 immensum
3673 5203 3820 5258 adire
3839 5201 4063 5275 polagus

2478 5303 2658 5359 audet.
2688 5304 2776 5359 Sic
2811 5311 2865 5359 et
2891 5304 3041 5358 miles
3067 5302 3110 5356 si
3140 5300 3356 5355 vulnera
3390 5296 3669 5366 caedesque
3692 5294 3903 5359 viderit,
3934 5306 4065 5346 nus-

2478 5412 2635 5468 quam
2656 5397 2836 5452 induet
2853 5395 3126 5451 thoracem
3149 5411 3164 5459 ;
3189 5392 3231 5446 si
3247 5406 3374 5444 vero
3394 5390 3686 5460 triumphos
3704 5386 4063 5452 victoriasque

2481 5490 2647 5560 prius,
2672 5504 2829 5561 quam
2860 5490 3098 5551 vulnera,
3133 5494 3402 5553 tamquam
3451 5482 3516 5537 ad
3557 5489 3764 5554 pratum
3791 5478 3957 5532 currit
3995 5474 4063 5528 ad

2480 5582 2743 5651 prmlium.
2774 5582 2905 5649 Quae
2946 5578 3086 5633 enim
3129 5584 3315 5629 natura
3352 5576 3554 5646 gravia,
3602 5575 3680 5627 sic
3711 5569 3850 5625 levia
3906 5570 4057 5631 fiunt,

2477 5688 2597 5729 cum
2616 5673 2726 5744 jam
2758 5686 2865 5726 non
2896 5668 3106 5723 labores
3152 5668 3465 5737 cogitamus,
3519 5662 3615 5720 sed
3645 5662 3792 5731 ipsos
3817 5658 4058 5713 laborum

2477 5766 2678 5821 fructus
2702 5759 3127 5819 consideramus.
3153 5759 3438 5814 Discerene
3465 5755 3550 5812 vis
3574 5749 3841 5823 quomodo
3872 5759 4059 5806 natura

2480 5857 2680 5928 gravia,
2713 5852 2849 5909 levia
2882 5849 3052 5907 ﬁunt?
3080 5850 3300 5908 Paulum
3334 5846 3457 5903 audi
3501 5844 3798 5901 dicentem:
3830 5838 3964 5895 Nam
4012 5852 4059 5896 α
