4446 6720
300 509 406 562 315

301 639 468 677 τατον
513 623 689 677 ἐκεῖνο
738 623 936 696 χωρίον
984 619 1074 675 καὶ
1118 618 1438 690 νοσημάτων
1488 619 1653 688 γέμον
1699 616 1964 672 παντοδα-

305 709 454 773 πῶν,
489 709 638 784 [318]
670 713 768 783 τὴν
803 707 1193 766 Βαϐυλωνίανει
1252 706 1499 776 κάμινον.
1553 706 1816 776 Καθάπερ
1858 703 1966 772 γάρ

303 798 388 862 εἰς
419 797 647 871 κάμινόν
690 819 814 855 τινα
856 803 936 863 είς
973 799 1033 850 16
1062 796 1292 867 θέατρον
1319 797 1415 867 τὴν
1455 797 1606 850 πόλιν
1653 794 1905 866 ἐμϐαλὼν
1942 795 1969 845 ὀ

302 886 572 953 διάϐολος,
606 889 749 942 οὓτω
787 886 1033 941 κάτωθεν
1063 883 1335 945 ύποκαίει,
1371 885 1432 938 οὐ
1462 885 1794 956 κληματίδας
1838 882 1968 932 ὐπο-

302 973 492 1040 τιθεὶς,
525 977 777 1048 καθάπερ
805 977 834 1028 6
866 972 1141 1044 βάρϐαρος
1173 971 1292 1024 τότε
1319 973 1554 1039 ἐκεῖνος,
1587 973 1705 1027 οὐδὲ
1737 969 1964 1038 νάφθαν,

303 1063 424 1116 οὐδὲ
455 1067 780 1125 στυππεῖον,
822 1060 945 1114 οὐδὲ
989 1059 1223 1124 πίσσαν,
1259 1059 1391 1113 ἀλλά
1433 1061 1500 1114 τά
1548 1059 1727 1130 πολλῷ
1764 1056 1967 1109 τούτων

305 1151 660 1224 χαλεπώτερα
689 1153 738 1212 ι’.
773 1147 1038 1217 πορνικάς
1065 1146 1219 1216 ὄψεις
1238 1189 1252 1212 ,
1283 1149 1482 1219 αἰσχρά
1507 1150 1757 1220 ῥήματα,
1787 1147 1967 1198 διακε-

306 1239 587 1310 κλασμένα
646 1239 820 1309 μέλη,
879 1235 1061 1302 πάσης
1119 1233 1358 1305 γέμοντα
1403 1237 1668 1307 πονηρίας
1727 1235 1966 1305 ᾄσματα.

318 1324 564 1397 Ἐκείνην
603 1328 701 1397 μὲν
745 1322 838 1378 οὐν
870 1322 1204 1393 βαρϐαρικαὶ
1243 1322 1342 1394 τὴν
1391 1324 1623 1395 κάμινον
1657 1325 1838 1392 χεῖρες
1878 1322 1971 1372 ἀνο

305 1411 474 1482 ἧψαν,
493 1415 696 1483 ταύτην
713 1413 770 1465 δὲ
797 1411 896 1479 την
926 1410 1156 1479 κάμινον
1187 1411 1526 1482 ἀνοητότεροι
1552 1411 1661 1464 τῶν
1681 1410 1972 1480 βαρϐάρων

307 1498 535 1554 ἀπτουσι
559 1498 805 1569 λογισμοί
823 1513 838 1527 ⁸
869 1496 1224 1566 χαλεπωτέρα
1243 1497 1381 1568 αῦτη
1398 1498 1633 1568 ἐκείνης,
1663 1495 1852 1566 ἐπειδὴ
1878 1495 1973 1548 καὶ

307 1584 370 1636 16
407 1587 515 1657 πῦρ
557 1585 964 1657 χαλεπώτερον·
1015 1585 1076 1636 οὐ
1115 1585 1225 1656 γάρ
1280 1586 1548 1656 σωμάτων
1598 1584 1743 1637 καίει
1789 1585 1970 1650 φύσιν,

307 1672 443 1726 ἀλλά
485 1674 665 1744 ψυχῆς
707 1671 922 1736 εὐεξίαν
955 1670 1304 1740 λυμαίνεται·
1331 1674 1426 1727 καὶ
1463 1673 1526 1726 16
1568 1669 1972 1742 χαλεπώτερον,

309 1759 394 1813 ὅτι
437 1762 558 1815 οὐδὲ
599 1760 942 1814 αἰσθάνονται
985 1760 1035 1811 οἱ
1072 1759 1379 1832 καιόμενοι·
1416 1762 1465 1814 εἰ
1501 1761 1610 1833 γάρ
1653 1759 1970 1831 ᾐσθάνοντο,

308 1849 412 1902 οὐκ
458 1849 525 1904 ἀν
559 1849 767 1902 πλατὺν
803 1848 1019 1916 γέλωτα
1066 1847 1158 1900 ἐπὶ
1205 1853 1320 1912 τοῖς
1359 1849 1671 1918 γενομένοις
1712 1848 1972 1918 ἠφίεσαν·

309 1937 448 2007 ὅπερ
478 1932 569 1990 οὖν
594 1938 708 1989 ἐστι
742 1934 1156 2005 χαλεπώτατον,
1189 1937 1316 1990 ὅταν
1360 1955 1445 2000 τις
1481 1937 1650 1991 νοσῶν
1680 1937 1812 2008 μηδὲ
1845 1937 1977 1990 αὐτὸ

308 2022 470 2077 τοῦτο
493 2019 633 2076 οἶδεν
669 2024 750 2076 ὅτι
781 2025 958 2084 νοσεῖ,
987 2023 1080 2075 καὶ
1112 2023 1399 2094 καιόμενος
1428 2023 1626 2087 ἀθλίως
1658 2025 1753 2078 καὶ
1783 2023 1976 2078 ταλαι-

309 2109 546 2182 πώρως,
579 2111 678 2163 οὐκ
708 2109 1021 2162 αἰσθάνεται
1054 2109 1162 2162 τῶν
1200 2109 1566 2180 ἐμπρησμῶν.
1604 2110 1668 2162 Τί
1701 2110 1761 2163 16
1788 2109 1977 2180 ὄφελος

308 2200 410 2266 τῆς
439 2198 694 2270 νηστείας
715 2239 730 2261 ,
763 2200 891 2251 ὅταν
940 2197 1000 2250 16
1035 2196 1135 2268 μὲν
1169 2197 1326 2267 σῶμα
1353 2197 1602 2270 κωλύσῃς
1632 2198 1732 2265 τῆς
1769 2215 1981 2268 νενομι-

312 2287 519 2357 σμένης
559 2286 783 2356 τροφῆς,
825 2288 889 2356 τῇ
940 2284 995 2337 δέ
1047 2284 1192 2356 ψυχῇ
1235 2285 1518 2358 προσάγῃς
1538 2285 1634 2356 τὴν
1668 2285 1983 2356 παράνομον

307 2376 552 2446 τροφήν;
583 2377 709 2428 ὅταν
740 2374 1108 2446 διημερεύσῃς
1139 2376 1256 2428 ἐκεῖ
1285 2374 1616 2442 καθήμενος,
1649 2372 1862 2443 βλέπων
1886 2373 1985 2444 τὴν

308 2461 501 2533 κοινὴν
535 2461 697 2530 φύσιν
726 2459 1146 2532 ἀσχημονοῦσαν
1177 2461 1272 2514 καὶ
1311 2459 1980 2532 παραδειγματιζομένην,

311 2551 580 2615 γυναῖκας
610 2550 1014 2620 πορνευομένας
1034 2591 1048 2613 ,
1089 2550 1332 2622 μοιχείας
1373 2548 1835 2621 ὑποκρινομένους
1867 2550 1986 2602 ἐκεῖ

307 2637 483 2698 τοὺςε
512 2636 578 2688 τά
613 2635 848 2706 ἑκάστης
890 2637 1066 2699 οἰκίας
1109 2637 1254 2690 κακά
1291 2635 1684 2703 συλλέγοντας;
1733 2637 1846 2690 Καὶ
1872 2637 1982 2708 γάρ

313 2724 410 2774 καὶ
450 2721 701 2791 πορνείας
740 2725 832 2775 καὶ
875 2723 1119 2792 μοιχείας
1153 2729 1300 2784 ἔστιν
1334 2726 1492 2788 ἰδεῖν,
1519 2721 1612 2779 καὶ
1639 2721 1982 2792 βλασφημίας

311 2807 579 2870 ἀκοῦσαι,
626 2809 715 2861 ἴνα
743 2811 836 2862 καὶ
873 2811 939 2863 δι’
982 2810 1277 2881 ὀφθαλμῶν
1309 2811 1406 2863 καὶ
1438 2813 1506 2864 δι’
1540 2811 1714 2880 ἀκοῆς
1763 2810 1795 2881 ἡ
1828 2811 1983 2875 νόσος

315 2895 534 2963 ἐπεισίῃ
579 2898 646 2966 τῃ
674 2894 816 2964 ψυχῇ
836 2913 848 2926 ·
882 2896 1174 2966 μιμοῦνται
1205 2897 1303 2960 τάς
1333 2897 1622 2968 ἀλλοτρίας
1663 2895 1982 2967 συμφοράς,

315 2980 439 3032 ὅθεν
468 2981 650 3044 αὐτοῖς
698 2981 887 3035 καὶτὸ
928 2982 1099 3052 ϐνομα
1144 2983 1242 3053 τῆς
1272 2983 1536 3054 αἰσχύνης
1582 2983 1877 3038 ἐπίκειται.
1918 2983 1985 3036 Τί

314 3063 411 3120 οῦν
438 3067 501 3120 16
538 3068 726 3139 κέρδος
754 3068 855 3137 τῆς
898 3070 1150 3139 νηστείας
1168 3111 1182 3131 ,
1215 3070 1439 3124 τοιαῦτα
1465 3071 1566 3140 τῆς
1595 3070 1776 3141 ψυχῆς
1806 3087 1986 3124 σιτου-

318 3155 522 3226 μένης;
577 3154 756 3219 ποίοις
795 3154 1096 3225 ὀφθαλμοῖς
1142 3157 1264 3227 δψει
1313 3157 1411 3228 τὴν
1456 3161 1692 3226 γυναῖκα
1732 3157 1840 3212 ἀπὸ
1875 3157 1988 3210 τῶν

315 3241 607 3313 θεαμάτων
665 3243 925 3308 ἐκείνωνς
974 3245 1144 3309 ποίοις
1197 3244 1479 3318 ὄμμασινά
1509 3245 1631 3316 ὄψει
1685 3246 1779 3300 τὸν
1838 3245 1983 3310 υἰδν,

318 3328 497 3394 ποίοις
523 3329 616 3383 τὸν
638 3329 886 3402 οἰκέτην,
935 3330 1106 3395 ποίοις
1128 3332 1220 3385 τὸν
1253 3333 1434 3402 φίλον,
1489 3335 1722 3405 Ἀνάγκη
1758 3335 1866 3406 γὰρ
1891 3334 1986 3388 λέ-

317 3431 488 3484 γοντα
513 3416 582 3471 τά
606 3418 725 3471 ἐκεῖ
761 3419 1024 3490 γινόμενα
1049 3420 1382 3491 ἀσχημονεῖν
1398 3462 1412 3485 ,
1445 3421 1477 3492 ἢ
1505 3424 1662 3494 σιγᾷν
1699 3423 1794 3476 καὶ
1816 3439 1985 3477 κατα·

316 3502 542 3557 δύεσθαι
573 3504 931 3575 ἐρυθριῶντα.
979 3506 1120 3559 Ἀλλ’
1155 3509 1255 3559 οὐκ
1287 3507 1535 3562 ἐντεῦθεν
1563 3509 1733 3574 οὐτως
1776 3511 1987 3581 ἀναχω-

321 3591 436 3661 ρεῖς
455 3632 471 3656 ν
500 3591 614 3644 ἀλλ’
645 3592 788 3658 ἕξεις
833 3591 892 3645 ἐν
923 3595 990 3663 τῇ
1033 3595 1182 3665 οἰκίᾳ
1226 3596 1365 3663 μετά
1401 3596 1603 3664 πολλῆς
1643 3596 1743 3666 τῆς
1773 3599 1988 3668 παρρη-

321 3677 443 3741 σίας
471 3678 650 3734 πάντα
670 3679 739 3732 τά
759 3680 1026 3748 λεγόμενα
1048 3680 1375 3749 διηγεῖσθαι,
1409 3683 1754 3752 πῳφητικάς
1780 3683 1989 3753 φωνάς,

319 3765 656 3820 ἀποστολικά
686 3766 957 3838 δόγματα.
991 3767 1194 3836 νόμους
1225 3768 1604 3835 δεσποτικοὺς,
1634 3771 1850 3826 ἅπασαν
1888 3773 1990 3843 τῆς

321 3851 528 3922 ἀρετῆς
550 3854 906 3924 παρατιθέναι
931 3852 1028 3923 τὴν
1054 3852 1362 3924 τράπεζαν,
1394 3855 1488 3908 καί
1521 3859 1753 3924 γυναῖκα
1781 3875 1991 3930 σωφρο-

321 3940 581 4011 νεστέραν
603 3944 776 4004 ποιεῖς
800 3943 911 4004 τοῖς
942 3940 1190 3994 ἐντεῦθεν
1211 3941 1565 4014 διηγήμασιν,
1594 3947 1688 4000 καί
1721 3945 1836 3999 υἱὸν
1865 3964 1991 4000 συν-

322 4027 590 4099 ετώτερον
629 4028 866 4101 ἐργάζῃ,
898 4030 991 4082 καὶ
1033 4029 1250 4101 οἰκέτην
1291 4031 1671 4102 εὐνούστερον,
1720 4037 1812 4088 καὶ
1841 4035 1994 4104 φίλον

325 4112 708 4187 φιλικώτερον,
739 4117 835 4170 καὶ
863 4116 954 4170 τὸν
987 4116 1177 4188 ἐχθρὸν
1194 4117 1250 4171 δέ
1278 4117 1442 4171 αὐτὸν
1463 4118 1670 4184 πείθεις
1692 4121 1994 4177 καταλῦσαι

323 4203 428 4272 τὴν
454 4202 676 4275 ἔχθραν.

397 4289 465 4359 β’.
495 4290 656 4362 Ὁρᾷς
672 4291 748 4355 ώς
763 4291 934 4345 ταῦτα
966 4293 1067 4361 μὲν
1085 4291 1358 4363 πανταχοῦ
1387 4295 1625 4366 σωτήρια
1639 4295 1707 4350 τά
1721 4295 1990 4366 δόγματα,

325 4378 512 4430 ἐκεῖνα
558 4378 614 4431 δὲ
657 4379 905 4451 ἀχρηστα
937 4381 1214 4450 πανταχοῦ
1247 4382 1315 4436 τά
1343 4382 1693 4454 ἀκούσματα;
1723 4384 1788 4436 Τί
1814 4386 1993 4438 τοίνυν

324 4461 519 4530 ὄφελος
568 4465 854 4532 νηστείας,
904 4463 1026 4516 εἰπέ
1071 4482 1196 4534 μοι,
1247 4467 1376 4520 ὅταν
1405 4467 1482 4538 τῷ
1511 4467 1719 4539 σώματι
1759 4469 1858 4538 μὲν
1896 4487 1995 4540 νη-

328 4548 560 4620 στεύῃς,
603 4551 690 4603 διά
733 4551 790 4602 δὲ
831 4549 940 4602 τῶν
981 4551 1279 4624 ὀφθαλμῶν
1325 4555 1616 4628 μοιχεύῃς;
1648 4556 1858 4628 μοιχεία
1885 4557 1993 4629 γάρ

326 4639 477 4690 ἐστιν
519 4638 580 4689 οὐ
613 4638 899 4708 συμπλοκὴ
946 4638 1140 4708 μόνον,
1173 4642 1294 4696 οὐδὲ
1337 4643 1523 4715 ὁμιλία
1554 4645 1833 4715 σώματος,
1860 4646 1995 4700 ἀλλά

329 4725 426 4778 καὶ
456 4723 576 4792 ϐψις
605 4723 930 4788 ἀκόλαστος·
979 4726 1033 4778 τί
1062 4728 1124 4781 16
1169 4728 1362 4798 ὄφελος
1391 4731 1520 4783 ὅταν
1549 4741 1573 4770 ο
1606 4732 1842 4786 ἐνταῦθα
1888 4751 1997 4786 πα-

331 4811 532 4884 ραγίνῃ
570 4813 763 4875 κάκεῖ;
811 4812 953 4881 Ἐγὼ
987 4815 1250 4880 παιδεύω,
1282 4817 1488 4878 ἐκεῖνος
1516 4818 1815 4892 διαφθείρει
1839 4838 1852 4850 ·
1887 4823 2000 4890 ἐγὼ

330 4903 600 4972 φάρμακα
635 4902 824 4970 ἐπάγω
857 4905 921 4973 τῇ
957 4903 1133 4974 νόσῳ,
1166 4906 1373 4970 ἐκεῖνος
1407 4908 1762 4980 προστίθησιν
1800 4911 1997 4964 ὑπόθε-

333 5008 420 5044 σιν
461 4993 527 5060 τῇ
589 4990 760 5058 νόσῳο
813 4989 924 5057 ἐγὼ
973 4991 1216 5046 σϐεννύω
1259 4996 1361 5064 τὴν
1391 4996 1565 5066 φλόγα
1603 4997 1702 5067 τῆς
1745 4999 1995 5066 φύσεως,

333 5079 540 5141 ἐκεῖνος
567 5075 791 5129 ἀνάπτει
821 5075 920 5146 τὴν
949 5076 1122 5145 φλόγα
1147 5079 1248 5149 τῆς
1275 5083 1591 5154 ἐπιθυμίας.
1619 5084 1758 5137 Τίτδ
1784 5085 1998 5152 ὄφελος,

333 5165 460 5220 εἰπέ
505 5180 629 5236 μοι;
665 5157 765 5230 Εἷς
785 5161 1118 5232 οικοδομῶν
1147 5166 1246 5219 καὶ
1285 5169 1366 5234 εἷς
1413 5170 1737 5239 καθαιρῶν·
1771 5173 1828 5224 τί
1854 5171 2000 5241 ώερέ-

333 5257 546 5323 λησαν
600 5251 790 5307 ,πλέον
833 5250 872 5318 ἢ
923 5251 1188 5317 κόπους;
1248 5253 1339 5325 Μὴ
1392 5257 1572 5311 τοίνυν
1622 5259 1854 5314 ἐνταῦθα
1909 5259 2004 5312 καὶ

335 5345 490 5406 ἐκεῖ,
521 5341 635 5395 ἀλλ’
667 5339 904 5395 ἐνταῦθα
937 5339 1094 5410 μόνον
1142 5339 1539 5411 διατρίϐωμεν,
1587 5346 1674 5399 ῖνα
1718 5347 2002 5418 χρησίμως

338 5429 602 5497 ἐνταῦθα,
628 5430 716 5485 ῖνα
735 5430 808 5501 μὴ
843 5429 1016 5500 μάτην
1052 5427 1305 5491 ἐνταῦθα,
1338 5428 1425 5481 ἴνα
1451 5431 1525 5503 μὴ
1561 5434 1704 5504 εἰκῆ,
1747 5436 1882 5506 μηδὲ
1911 5436 2002 5489 ἐπὶ

338 5517 667 5588 κατακρίσει
689 5535 702 5547 ·
733 5513 837 5583 Εἷς
862 5513 1186 5584 οἰκοδομῶν
1207 5517 1305 5570 καί
1327 5512 1415 5583 εἷς
1433 5519 1729 5587 καθαιρῶν
1746 5539 1760 5554 ο
1788 5525 1846 5576 τί
1859 5523 2006 5592 ὠφέ-

337 5610 545 5673 λησαν
568 5607 758 5662 πλέον
778 5609 815 5676 ἣ
843 5606 992 5680 [519]
1018 5607 1276 5674 κόπους;
1308 5607 1501 5662 Καίτοι
1529 5625 1591 5677 γε
1622 5611 1671 5662 εἰ
1697 5612 1792 5664 καὶ
1819 5613 2006 5668 πολλοὶ

403 5721 422 5786 ξ
445 5722 606 5786 Ambo
627 5724 1008 5782 Βαϐυλωνιακήν.
1029 5723 1244 5785 Utraque
1266 5721 1416 5773 lectio
1439 5726 1664 5786 quadrat.

404 5781 434 5821 1»
455 5783 572 5850 Βαζο
594 5797 751 5850 usque
772 5787 829 5850 _ad
850 5781 1812 5850 χαλεπωτέραεθιιυειιε,όὲεἰόεηίιεηιυι·
1832 5790 1879 5837 in
1905 5791 2008 5838 edi-

341 5843 826 5952 εἳεθξέριιοί).
850 5843 907 5895 ει
931 5843 1128 5897 Barocé.
1157 5843 1540 5938 τεεζίιυιλέυηι,
1565 5855 1617 5898 el
1637 5849 1695 5899 ab
1728 5852 2006 5913 interprete

407 5965 431 6033 ξ
462 5962 738 6033 ἔριθοι-ρος.
765 5968 990 6033 ἐκεῖίτούς
1007 5970 1170 6020 deest.
1195 5970 1363 6024 Ollob.
1389 5976 1552 6026 autem
1591 5971 1741 6025 habet
1783 5973 1999 6033 ἐκείνους.

405 6020 432 6062 δ
459 6022 623 6088 ρίἰοι).
645 6026 917 6088 ῥφθαλμοῖς.

410 6089 435 6116 ο
460 6083 541 6134 Sic
567 6083 733 6145 ambo;
755 6083 867 6137 ὅταν
886 6083 1029 6143 deest
1057 6090 1106 6141 in
1133 6092 1296 6145 editis.

1533 499 1621 556 DE
1657 495 2125 557 ΡίΕΝΙΤΕΝΤίᾹ.
2160 492 2387 548 ιιοιιιι.
2431 494 2519 548 Vl.

3633 489 3736 544 516

2076 613 2122 664 οἱ
2150 609 2556 680 οἰκοδομοῦντες
2579 603 2688 660 εἶεν
2705 647 2718 671 ,
2745 603 2824 668 είς
2848 605 2902 657 δέ
2923 607 2949 657 ὁ
2975 605 3272 676 καθαιρῶν,
3306 607 3430 676 νικᾷ
3456 606 3552 677 τὴν
3574 605 3741 658 πολυ-

2076 697 2285 768 χειρίαν
2311 697 2419 749 τῶν
2443 691 2869 764 οἰκοδομούντων
2897 695 2931 764 ἡ
2966 692 3183 746 εὐκολία
3211 692 3310 762 τῆς
3337 691 3736 762 καταστροφῆς.

2077 785 2299 854 Μεγάλη
2333 785 2503 846 ὅντως
2536 781 2766 852 αἰσχύνη
2798 781 2891 833 καὶ
2920 780 3208 844 νεάζοντας
3235 781 3331 833 καὶ
3360 779 3737 850 γεγηρακότας

2079 874 2172 923 ἐπὶ
2198 871 2296 938 τὴν
2344 870 2599 939 τοιαύτην
2647 868 2865 940 τρέχειν
2915 867 3164 937 σπουδήν.
3212 867 3350 919 Ἀλλ’
3385 865 3497 919 εἴθε
3548 866 3740 936 μέχρις

2075 957 2337 1027 αἰσχύνης
2381 953 2448 1027 ἦν
2488 957 2549 1010 16
2600 955 2803 1010 κακόνο
2841 955 3019 1009 καίτοι
3065 971 3126 1022 γε
3171 954 3290 1006 οὐδὲ
3316 953 3475 1007 τοῦτο
3507 951 3740 1023 φορητὸν

2076 1045 2229 1114 ἀνδρὶ
2256 1042 2528 1113 ἐλευθέρῳ
2551 1083 2565 1103 ,
2610 1042 2722 1094 ἀλλ’
2753 1042 2952 1112 ἐσχάτη
2991 1041 3164 1111 ζημία
3190 1040 3266 1110 τῷ
3291 1039 3415 1093 νοῦν
3445 1040 3623 1110 ἔχοντι
3649 1040 3742 1091 καὶ

2078 1132 2422 1199 κατάγνωσις
2455 1130 2548 1182 καὶ
2597 1129 2826 1199 αἰσχύνη
2850 1146 2863 1160 ο
2901 1129 3016 1181 ἀλλ’
3054 1129 3116 1181 οὐ
3153 1127 3314 1198 μέχρι
3355 1128 3452 1196 τῆς
3483 1125 3743 1196 αἰσχύνης

2073 1218 2135 1271 τὸ
2176 1218 2484 1288 ἐπιτίμιον,
2526 1214 2663 1268 ἀλλά
2708 1215 2802 1268 καὶ
2840 1216 3058 1277 κόλασις
3096 1215 3371 1267 ἐπίκειται
3405 1213 3613 1283 μεγάλη
3648 1214 3744 1265 καὶ

2075 1307 2332 1376 τιμωρία.
2384 1306 2621 1374 Ἀνάγκη
2675 1303 2784 1372 γάρ
2829 1303 2954 1366 τοῦς
2980 1305 3096 1354 ἐκεῖ
3129 1301 3472 1371 καθημένους
3501 1299 3744 1370 μοιχείας

2079 1392 2322 1463 ἁμαρτία
2369 1392 2578 1456 πάντας
2616 1388 2968 1453 ἁλίσκεσθαι,
2994 1389 3095 1441 οὐκ
3131 1388 3317 1457 ἐπειδὴ
3343 1388 3742 1458 συμπλέκονται

2077 1491 2199 1551 ταῖς
2231 1490 2346 1541 ἐκεῖ
2382 1488 2659 1557 γυναιξὶν,
2702 1487 2816 1540 ἀλλ’
2862 1485 3052 1557 ἐπειδὴ
3085 1483 3403 1546 ἀκολάστοις
3459 1483 3746 1552 βλέπουσιν

2081 1584 2250 1646 αὐτάς
2293 1583 2609 1654 ὀφθαλμοῖς.
2656 1585 2779 1638 Ὀτι
2813 1583 2923 1655 γάρ
2973 1581 3070 1635 καὶ
3111 1578 3333 1642 τούτους
3379 1580 3590 1650 ἀνάγκη
3632 1597 3748 1650 μοι·

2083 1681 2205 1752 χείᾳ
2237 1679 2586 1742 ἁλίσκεσθαι,
2627 1681 2724 1731 οὐκ
2754 1680 2883 1748 ἐμὸν
2915 1679 3047 1749 ὐμῖν
3080 1675 3191 1748 ἐρῶ
3217 1674 3393 1744 λόγον,
3431 1674 3517 1728 ἵνα
3544 1674 3620 1745 μὴ
3649 1692 3750 1728 κα-

2081 1769 2500 1840 ταφρονήσητε,
2542 1765 2678 1819 ἀλλά
2731 1766 2875 1817 θεῖον
2935 1766 3063 1835 ὑμῖν
3115 1761 3504 1832 ἀναγνώσομαι
3555 1761 3748 1832 νόμον·

2084 1854 2319 1909 ἐνταῦθα
2370 1855 2478 1925 γάρ
2534 1853 2717 1907 οὐκέτι
2769 1851 3130 1920 καταφρονεῖν
3177 1848 3421 1902 δυνατόν.
3471 1849 3537 1903 Τί
3585 1845 3678 1903 οὖν
3724 1852 3753 1902 6

2083 1934 2224 2008 θεῖοξ
2269 1943 2434 2014 νόμος
2478 1941 2675 2011 φησίν;
2731 1939 3052 1993 Ἠκούσατε
3102 1936 3192 1989 ὅτι
3244 1935 3445 2003 ἐῤῥέθη
3503 1936 3626 2003 τοῖς
3653 1937 3755 2004 ἀρ-

2083 2032 2296 2101 χαίοις,
2332 2033 2414 2084 Οὐ
2433 2029 2781 2099 μοιχεύσεις
2805 2043 2817 2057 ⁸
2851 2026 2966 2096 ἐγὼ
2987 2025 3054 2078 δέ
3075 2023 3232 2093 λέγω
3266 2023 3430 2093 ὑμῖν,
3467 2023 3555 2076 ἴτι
3583 2023 3700 2088 πᾶς
3723 2027 3755 2077 ό

2084 2117 2388 2186 ἐμϐλέψας
2418 2116 2672 2187 γυναῖκα
2711 2115 2860 2184 πρὸς
2889 2114 2954 2168 τὸ
2984 2111 3353 2182 ἐπιθυμῆσαι
3378 2108 3600 2178 αὐτῆς,
3638 2109 3754 2178 ἤδη

2086 2207 2442 2274 ἐμοίχευσεν
2474 2205 2670 2268 αὐτὴν
2704 2203 2773 2255 ἐν
2811 2201 2884 2269 τῇ
2923 2201 3133 2268 καρδίᾳ
3163 2200 3370 2254 αὐτοῦ.
3399 2196 3550 2262 Εἶδες
3577 2200 3758 2267 ἀπηρ-

2088 2291 2337 2361 τισμένον
2371 2290 2461 2343 16v
2493 2289 2722 2360 μοιχόν;
2772 2283 2909 2350 εἶδες
2944 2284 3383 2356 πεπληρωμένην
3431 2285 3529 2354 τὴν
3581 2284 3760 2353 ἀμαρ-

2089 2378 2244 2442 τίαν;
2293 2375 2468 2430 καὶτὸ
2490 2373 2905 2447 χαλεπώτερον,
2933 2372 3028 2426 τὸν
3061 2371 3251 2442 μοιχὸν
3286 2370 3532 2441 μοιχείας
3565 2370 3759 2424 ἁλόντα

2090 2464 2191 2516 οὐκ
2214 2464 2271 2517 ἐν
2302 2462 2657 2534 ἀνθρωπίνῳ,
2702 2461 2819 2515 ἀλλ’
2857 2462 2916 2514 ἐν
2966 2459 3097 2529 θείῳ
3129 2459 3466 2528 δικαστηρίῳ
3499 2457 3602 2527 τῆς
3639 2476 3727 2528 μοι

2091 2551 2244 2621 χείας
2276 2551 2558 2620 γινόμενον
2592 2549 2909 2612 ὑπεύθυνον,
2942 2548 3069 2600 ἔνθα
3093 2547 3337 2600 ἀθάνατα
3363 2546 3428 2598 τά
3452 2545 3560 2598 τῶν
3590 2563 3760 2614 τιμωο

2092 2637 2245 2708 ριῶν.
2278 2635 2407 2701 Πᾶς
2438 2639 2471 2690 ό
2498 2635 2806 2704 ἐμϐλέψας
2837 2634 3091 2705 γυναῖκα
3119 2633 3267 2700 πρὸς
3300 2633 3366 2685 τὸ
3395 2631 3760 2700 ἐπιθυμῆσαι

2090 2723 2302 2793 αὐτῆς,
2331 2723 2453 2791 ἤδη
2495 2723 2858 2792 ἐμοίχευσεν
2887 2721 3084 2788 αὐτὴν
3110 2721 3181 2772 ἐν
3207 2719 3280 2787 τῇ
3314 2719 3525 2788 καρδίᾳ
3552 2719 3758 2773 αὐτοῦ.

2090 2811 2166 2864 υύ
2196 2814 2257 2864 τὸ
2297 2811 2544 2881 νόσημα,
2576 2809 2712 2863 ἀλλά
2759 2809 2854 2862 καὶ
2898 2809 2997 2878 τὴν
3043 2807 3197 2877 ῥίζαν
3231 2808 3444 2876 ἀναιρεί
3486 2805 3578 2859 τοῦ
3608 2807 3764 2876 νοσή-

2094 2915 2295 2969 ματος·
2331 2897 2457 2969 ρίζα
2499 2898 2610 2968 γάρ
2641 2897 2888 2968 μοιχείας
2924 2895 3190 2964 ἐπιθυμία
3222 2895 3546 2955 ἀκόλαστος·
3593 2893 3673 2946 διὸ
3700 2895 3760 2946 οὐ

2096 2986 2339 3056 μοιχείαν
2368 2984 2587 3047 κολάζει
2639 2983 2800 3054 μόνον
2821 3024 2835 3048 ,
2865 2981 3000 3034 ἀλλά
3041 2982 3135 3034 καὶ
3176 2981 3468 3050 ἐπιθυμίαν
3489 3019 3504 3044 ,
3535 2979 3634 3049 τὴν
3663 2978 3766 3049 τῆς

2097 3073 2341 3142 μοιχείας
2367 3072 2600 3143 μητέρα.
2630 3071 2788 3124 Οὐτω
2813 3070 2910 3122 καὶ
2933 3071 2981 3121 οἰ
3011 3067 3187 3139 ἰατροὶ
3216 3067 3461 3120 ποιοῦσιν
3481 3083 3496 3097 ⁸
3526 3066 3588 3119 οὐ
3626 3064 3764 3136 πρὸς

2093 3160 2161 3214 τά
2185 3161 2468 3231 νοσήματα
2507 3160 2754 3212 ἵστανται
2789 3156 2948 3228 μόνον
2965 3196 2980 3220 ,
3013 3153 3151 3207 ἀλλά
3177 3154 3274 3207 καί⁵
3297 3153 3435 3226 πρὸς
3463 3152 3562 3217 τὰς
3590 3153 3764 3216 αἰτίας

2092 3248 2263 3311 αὐτάς
2286 3265 2302 3281 ο
2342 3248 2446 3301 κᾶν
2478 3246 2659 3300 ἴδωσιν
2703 3243 3014 3315 ὀφθαλμοὺς
3063 3241 3355 3305 νοσοῦντας
3377 3281 3392 3306 ,
3423 3241 3484 3294 16
3533 3241 3767 3312 πονηρὸν

2094 3335 2273 3409 ῥεῦμα
2320 3334 2527 3389 ἀνωθεν
2577 3334 2686 3387 ἀπὸ
2733 3331 2843 3385 τῶν
2896 3329 3190 3400 κροτάφων
3251 3327 3666 3382 ἀναστέλλουσιν
3699 3328 3718 3367 ί
3748 3345 3764 3362 ο

2092 3422 2233 3475 οὓτω
2264 3423 2358 3475 καὶ
2385 3423 2413 3474 ό
2440 3420 2676 3492 Χριστὸς
2719 3421 2879 3472 ποιεῖ.
2923 3416 3228 3486 Ὀφθαλμία
3265 3416 3478 3487 χαλεπὴ
3515 3417 3764 3487 μοιχείαο

2092 3508 2203 3560 τῶν
2252 3507 2547 3579 ὀφθαλμῶν
2589 3509 2706 3560 ἐστι
2753 3506 2814 3558 16
2860 3505 3097 3576 νόσημα,
3123 3503 3184 3555 ού
3214 3502 3324 3555 τῶν
3349 3503 3442 3556 τοῦ
3471 3504 3766 3573 σώματος,

2095 3595 2231 3649 άλλά
2270 3595 2536 3665 πρότερον
2572 3594 2681 3646 τῶν
2715 3593 2811 3660 τῆς
2845 3591 3061 3661 ψυχῆς·
3099 3589 3188 3642 διά
3221 3588 3379 3642 τοῦτο
3435 3590 3642 3643 ἐκεῖθεν
3675 3593 3771 3644 άν-

2096 3680 2303 3735 έστειλε
2344 3681 2408 3734 τὸ
2440 3679 2621 3752 ῥεῦμα
2656 3679 2757 3750 τῆς
2788 3678 3119 3741 ἀκολασίας,
3141 3675 3220 3745 τῷ
3253 3675 3403 3746 φόϐῳ
3443 3675 3538 3729 τοῦ
3565 3677 3730 3748 νόμου
3754 3692 3769 3706 °

2095 3770 2182 3823 διά
2209 3769 2367 3822 τοῦτο
2398 3768 2521 3840 οὐχὶ
2562 3767 2812 3838 μοιχείαν
2848 3768 3009 3836 μόνον
3039 3765 3321 3826 ἐκόλασεν,
3353 3763 3494 3818 ἀλλά
3525 3765 3618 3820 καὶ
3653 3767 3774 3817 ἐπι-

2098 3857 2298 3928 θυμίαν
2353 3856 2756 3926 ἐτιμωρήσατο.
2792 3851 2937 3919 Ἤδη
2963 3851 3322 3920 ἐμοίχευσεν
3355 3851 3554 3920 αὐτὴν
3597 3852 3668 3905 ἐν
3698 3851 3774 3921 τῇ

2098 3944 2312 4013 καρδίᾳ
2338 3943 2523 3997 αὐτοῦ
2544 3957 2559 3973 ⁸
2609 3941 2708 4011 τῆς
2740 3940 2797 3993 δέ
2837 3939 3066 4010 καρδίας
3107 3938 3512 4011 διεφθαρμένης
3533 3979 3548 4004 ,
3581 3941 3637 3993 τί
3666 3939 3775 3993 λοι·

2102 4032 2202 4084 πδν
2235 4031 2424 4098 δφελος
2456 4028 2551 4082 τοῦ
2574 4026 2764 4080 λοιποῦ
2797 4025 3048 4096 σώματος
3069 4042 3083 4091 ;
3107 4025 3320 4096 Ὠσπερ
3341 4026 3450 4098 γάρ
3470 4028 3564 4080 ἐπὶ
3590 4028 3774 4096 φυτῶν

2105 4120 2198 4172 καὶ
2234 4117 2435 4184 ξύλων,
2466 4118 2595 4170 ὅταν
2627 4116 2828 4185 ἴδωμεν
2871 4114 2970 4186 τὴν
3000 4114 3228 4186 καρδίαν
3261 4114 3679 4186 διαϐρωθεῖσαν,
3712 4117 3775 4168 16

2103 4208 2287 4259 λοιπδν
2311 4203 2789 4272 ἀποδοκιμάζομεν
2813 4203 2984 4273 μέρος
3002 4218 3016 4232 ο
3035 4201 3178 4254 οῦτω
3197 4201 3293 4254 καὶ
3323 4203 3415 4255 ἐπὶ
3443 4201 3537 4255 τοῦ
3565 4202 3774 4274 ἀνθρώ-

2103 4312 2206 4348 που
2241 4294 2368 4344 ὅταν
2410 4291 2592 4360 ἐκείνη
2629 4289 2933 4356 ἀπόληται,
2966 4289 3087 4359 εἰκῆ
3118 4288 3305 4343 λοιπὸν
3337 4291 3369 4360 ή
3406 4288 3499 4343 τοῦ
3523 4289 3774 4360 σώματος

2104 4381 2299 4449 ὐγίεια.
2343 4379 2401 4432 'O
2427 4377 2633 4449 ἡνίοχος
2659 4376 2925 4439 ἀπόλωλε,
2956 4376 3277 4447 διέφθαρται
3311 4379 3406 4431 καὶ
3434 4379 3774 4450 καταϐέϐληο

2100 4484 2216 4530 ται,
2254 4465 2428 4536 μάτην
2466 4464 2751 4536 τρέχουσιν
2777 4465 2826 4517 οἰ
2858 4465 3012 4517 ἵπποι
3037 4462 3222 4517 λοιπόν
3241 4481 3256 4495 ο
3283 4465 3540 4529 ἐπίπονος
3562 4467 3592 4518 6
3614 4467 3776 4536 νόμος

2103 4557 2196 4609 καί
2218 4554 2350 4609 πολὺ
2391 4553 2452 4605 16
2467 4553 2726 4624 φορτικὸν
2758 4553 2892 4624 ἔχει,
2915 4552 3065 4606 ῶσπε
3073 4570 3104 4624 ρ
3125 4547 3219 4607 οῦν
3240 4552 3334 4606 καὶ
3361 4553 3534 4623 μέγαν
3555 4553 3777 4625 ἔχειτὸν

2110 4643 2393 4711 στέφανον.
2425 4639 2665 4693 Τοιαῦτα
2694 4641 2804 4710 γὰρ
2850 4638 2918 4692 τά
2946 4640 3175 4692 ἐπίπονα
3197 4677 3211 4702 ,
3264 4640 3506 4708 μεγάλας
3539 4641 3650 4710 ἔχει
3678 4643 3777 4704 τάς

2109 4730 2361 4801 ἀμοιϐάς.
2387 4729 2459 4781 Σὺ
2479 4727 2535 4780 δὲ
2561 4727 2636 4799 μὴ
2665 4726 2743 4798 τῷ
2774 4728 2919 4796 πόνῳ
2947 4726 3180 4796 πρόσεχε
3199 4765 3212 4788 ,
3250 4726 3388 4779 ἀλλά
3418 4726 3514 4795 τὴν
3544 4726 3776 4798 ἀμοιϐὴν

2110 4819 2278 4871 ἐννόει
2300 4835 2311 4847 ·
2339 4814 2479 4868 οὕτω
2505 4814 2615 4886 γὰρ
2638 4817 2733 4868 καὶ
2752 4815 2844 4866 ἐπὶ
2863 4813 2968 4866 τῶν
2992 4812 3260 4883 βιωτικῶν
3285 4813 3494 4880 γίνεται
3518 4816 3777 4885 πραγμά-

2107 4922 2236 4958 των.
2276 4905 2373 4956 Ἂν
2405 4903 2505 4973 μὲν
2545 4903 2656 4972 γὰρ
2688 4904 2778 4955 τὸν
2806 4901 2962 4954 πόνον
3004 4899 3119 4970 ῐδῃς
3161 4899 3269 4953 τῶν
3303 4900 3775 4972 κατορθωμάτων,

2111 4992 2248 5062 βαρύ
2275 4991 2367 5044 καὶ
2400 4991 2659 5063 φορτικόν
2678 5008 2692 5021 ·
2719 4989 2785 5042 ἂν
2812 4988 2866 5041 δὲ
2889 4988 2990 5059 τὴν
3011 4987 3247 5059 ἀμοιϐὴν
3285 4989 3423 5061 ἴδῃς,
3454 4988 3654 5058 κοῦφον
3683 4991 3777 5043 καὶ

2110 5082 2305 5151 ῥᾷστον
2343 5079 2406 5131 16
2453 5080 2828 5151 προκείμενον.
2885 5075 3042 5129 Οῦτω
3087 5076 3184 5129 καὶ
3227 5075 3568 5148 κυϐερνήτης
3598 5077 3664 5131 ἂν
3707 5080 3776 5131 τά

2108 5169 2332 5238 κύματα
2370 5168 2542 5238 βλέπῃ
2582 5167 2773 5236 μόνον,
2802 5164 3058 5217 οὐδέποτε
3102 5163 3311 5230 ἐξέλκει
3349 5163 3440 5216 τοῦ
3473 5164 3693 5234 λιμένος
3717 5165 3780 5218 16

2112 5257 2354 5324 σκάφος,
2404 5254 2537 5308 ἀλλά
2578 5252 2684 5324 πρὸ
2715 5251 2827 5306 τῶν
2884 5251 3143 5322 κυμάτων
3191 5251 3289 5320 την
3323 5248 3469 5321 [3‘20]
3506 5250 3779 5321 ἐμπορίαν

2109 5344 2276 5415 ὁρῶν,
2310 5343 2450 5396 οῦτω
2491 5341 2584 5393 καὶ
2631 5338 2868 5393 ἀπλέτου
2919 5339 3234 5408 κατατολμᾷ
3279 5338 3569 5406 πελάγους.
3621 5340 3778 5392 Οῦτω

2111 5432 2206 5485 καὶ
2234 5428 2572 5502 στρατιώτης
2600 5427 2666 5480 ἂν
2686 5429 2755 5480 τά
2775 5428 3063 5500 τραύματα
3081 5425 3272 5496 βλέπῃ,
3302 5424 3396 5478 καὶ
3418 5424 3518 5489 τάς
3543 5429 3776 5495 σφαγάς,

2115 5519 2371 5573 οὐδέποτε
2405 5515 2683 5569 ἐνδύσεται
2713 5515 2939 5588 θώρακα
2960 5531 2973 5544 ·
3003 5513 3068 5566 ἂν
3095 5513 3152 5566 δέ
3184 5513 3290 5582 πρὸ
3320 5512 3428 5566 τῶν
3448 5517 3778 5585 τραυμάτων

2112 5608 2181 5662 τά
2214 5609 2448 5678 τρόπαια
2496 5605 2673 5674 σκοπῇ
2719 5605 2813 5656 καὶ
2859 5603 2955 5665 τάς
2986 5601 3169 5663 νίκας,
3213 5600 3403 5671 ὥσπερ
3430 5603 3510 5665 εἰς
3540 5601 3779 5672 λειμῶνα

2113 5697 2402 5767 δραμεῖται
2437 5691 2532 5762 τὴν
2581 5691 2908 5762 παράταξιν.
2961 5689 3041 5741 Τά
3065 5688 3173 5757 γάρ
3207 5687 3368 5757 φύσει
3405 5688 3600 5760 βαρέα,
3639 5687 3780 5742 οῦτω

2115 5782 2295 5851 κοῦφα
2323 5782 2554 5850 γίνεται,
2588 5779 2716 5832 ὅταν
2750 5779 2825 5849 μὴ
2857 5777 2980 5839 τοὺς
3019 5776 3216 5840 πόνους
3248 5776 3616 5847 λογιζώμεθα,
3648 5775 3782 5831 ἀλλά

2114 5869 2334 5932 καὶτὰς
2374 5867 2610 5938 ἀμοιϐάς
2647 5867 2824 5921 αὐτῶν
2859 5863 3169 5935 σκοπῶμεν.
3211 5865 3399 5918 Βούλει
3441 5865 3634 5936 μαθεῖν
3661 5862 3779 5927 πῶς

2117 5957 2186 6012 τά
2226 5956 2385 6026 φύσει
2434 5955 2605 6028 βαρέα
2636 5954 2815 6025 κοῦφα
2853 5954 3101 6023 γίνεται;
3155 5953 3385 6009 ἄκουσον
3433 5952 3525 6008 τοῦ
3569 5949 3782 6006 Παύλου

2180 6096 2200 6136 ί
2227 6095 2381 6148 Ambo
2416 6109 2528 6144 mss.
2560 6095 2841 6146 ἀνέστειλεν.
