  <div class='ocr_page' id='page_1' title='image "/cluster/home/n/w/nwhite01/storage/ocr_20150623/49/hvd.32044025239823/313.png"; bbox 0 0 4408 6692; ppageno 0'>
   <div class='ocr_carea' id='block_1_1' title="bbox 793 432 899 488">
    <p class='ocr_par' dir='ltr' id='par_1_1' title="bbox 793 432 899 488">
     <span class='ocr_line' id='line_1_1' title="bbox 793 432 899 488; baseline -0.028 0"><span class='ocrx_word' id='word_1_1' title='bbox 793 432 899 488; x_wconf 72' lang='grc'>317</span> 
     </span>
    </p>
   </div>
   <div class='ocr_carea' id='block_1_2' title="bbox 794 545 2449 617">
    <p class='ocr_par' dir='ltr' id='par_1_2' title="bbox 794 545 2449 617">
     <span class='ocr_line' id='line_1_2' title="bbox 794 545 2449 617; baseline -0.001 -17"><span class='ocrx_word' id='word_1_2' title='bbox 794 546 1044 614; x_wconf 78' lang='grc' dir='ltr'>λέγοντος</span> <span class='ocrx_word' id='word_1_3' title='bbox 1063 562 1078 578; x_wconf 89' lang='grc'><strong>·</strong></span> <span class='ocrx_word' id='word_1_4' title='bbox 1131 545 1200 602; x_wconf 84' lang='grc' dir='ltr'>Τό</span> <span class='ocrx_word' id='word_1_5' title='bbox 1233 547 1340 617; x_wconf 78' lang='grc' dir='ltr'>γὰρ</span> <span class='ocrx_word' id='word_1_6' title='bbox 1367 547 1702 614; x_wconf 78' lang='grc' dir='ltr'>παραυτίκα</span> <span class='ocrx_word' id='word_1_7' title='bbox 1729 547 1995 615; x_wconf 67' lang='grc' dir='ltr'>ἐλαφρὸν</span> <span class='ocrx_word' id='word_1_8' title='bbox 2024 545 2132 613; x_wconf 86' lang='grc' dir='ltr'>τῆς</span> <span class='ocrx_word' id='word_1_9' title='bbox 2166 549 2449 614; x_wconf 70' lang='grc' dir='ltr'>θλίψεως,</span> 
     </span>
    </p>
   </div>
   <div class='ocr_carea' id='block_1_3' title="bbox 793 631 2456 702">
    <p class='ocr_par' dir='ltr' id='par_1_3' title="bbox 793 631 2456 702">
     <span class='ocr_line' id='line_1_3' title="bbox 793 631 2456 702; baseline 0 -15"><span class='ocrx_word' id='word_1_10' title='bbox 793 633 924 688; x_wconf 80' lang='grc' dir='ltr'>καθ’</span> <span class='ocrx_word' id='word_1_11' title='bbox 954 634 1298 702; x_wconf 64' lang='grc' dir='ltr'>ὑπερϐολὴν</span> <span class='ocrx_word' id='word_1_12' title='bbox 1320 637 1406 698; x_wconf 89' lang='grc' dir='ltr'>εἰς</span> <span class='ocrx_word' id='word_1_13' title='bbox 1427 633 1774 702; x_wconf 72' lang='grc' dir='ltr'>ὑπερϐολὴν</span> <span class='ocrx_word' id='word_1_14' title='bbox 1798 634 2036 687; x_wconf 69' lang='grc' dir='ltr'>αἰώνιον</span> <span class='ocrx_word' id='word_1_15' title='bbox 2055 631 2244 700; x_wconf 80' lang='grc' dir='ltr'><em>βάρος</em></span> <span class='ocrx_word' id='word_1_16' title='bbox 2271 633 2456 698; x_wconf 71' lang='grc' dir='ltr'>δόξης</span> 
     </span>
    </p>
   </div>
   <div class='ocr_carea' id='block_1_4' title="bbox 791 722 2454 796">
    <p class='ocr_par' dir='ltr' id='par_1_4' title="bbox 791 722 2454 796">
     <span class='ocr_line' id='line_1_4' title="bbox 791 722 2454 796; baseline -0.003 -18"><span class='ocrx_word' id='word_1_17' title='bbox 791 725 941 795; x_wconf 76' lang='grc' dir='ltr'>ἡμῖν</span> <span class='ocrx_word' id='word_1_18' title='bbox 985 724 1410 794; x_wconf 76' lang='grc' dir='ltr'>κατεργάζεται.</span> <span class='ocrx_word' id='word_1_19' title='bbox 1459 724 1698 796; x_wconf 76' lang='grc' dir='ltr'>Αἴνιγμα</span> <span class='ocrx_word' id='word_1_20' title='bbox 1748 723 1810 778; x_wconf 77' lang='grc' dir='ltr'>τὸ</span> <span class='ocrx_word' id='word_1_21' title='bbox 1849 722 2139 795; x_wconf 74' lang='grc' dir='ltr'>εἰρημένον</span> <span class='ocrx_word' id='word_1_22' title='bbox 2191 722 2372 775; x_wconf 66' lang='grc' dir='ltr'>ἐστίν*</span> <span class='ocrx_word' id='word_1_23' title='bbox 2407 724 2454 774; x_wconf 91' lang='grc' dir='ltr'>εἰ</span> 
     </span>
    </p>
   </div>
   <div class='ocr_carea' id='block_1_5' title="bbox 793 812 2452 886">
    <p class='ocr_par' dir='ltr' id='par_1_5' title="bbox 793 812 2452 886">
     <span class='ocr_line' id='line_1_5' title="bbox 793 812 2452 886; baseline -0.002 -19"><span class='ocrx_word' id='word_1_24' title='bbox 793 813 1057 884; x_wconf 73' lang='grc' dir='ltr'>θλίψεως,</span> <span class='ocrx_word' id='word_1_25' title='bbox 1091 814 1209 878; x_wconf 83' lang='grc' dir='ltr'>πῶς</span> <span class='ocrx_word' id='word_1_26' title='bbox 1248 813 1518 886; x_wconf 80' lang='grc' dir='ltr'>ἐλαφρόν;</span> <span class='ocrx_word' id='word_1_27' title='bbox 1559 816 1610 866; x_wconf 93' lang='grc' dir='ltr'>εἰ</span> <span class='ocrx_word' id='word_1_28' title='bbox 1659 813 1925 885; x_wconf 76' lang='grc' dir='ltr'>ἐλαφρὸν,</span> <span class='ocrx_word' id='word_1_29' title='bbox 1972 813 2092 876; x_wconf 87' lang='grc' dir='ltr'>πῶς</span> <span class='ocrx_word' id='word_1_30' title='bbox 2137 812 2366 882; x_wconf 71' lang='grc' dir='ltr'>θλίψεως</span> <span class='ocrx_word' id='word_1_31' title='bbox 2391 823 2452 875; x_wconf 77' lang='grc' dir='ltr'>ι;</span> 
     </span>
    </p>
   </div>
   <div class='ocr_carea' id='block_1_6' title="bbox 791 901 2454 974">
    <p class='ocr_par' dir='ltr' id='par_1_6' title="bbox 791 901 2454 974">
     <span class='ocr_line' id='line_1_6' title="bbox 791 901 2454 974; baseline -0.001 -19"><span class='ocrx_word' id='word_1_32' title='bbox 791 901 966 956; x_wconf 79' lang='grc' dir='ltr'>ταῦτα</span> <span class='ocrx_word' id='word_1_33' title='bbox 992 901 1101 974; x_wconf 90' lang='grc' dir='ltr'>γάρ</span> <span class='ocrx_word' id='word_1_34' title='bbox 1126 901 1363 956; x_wconf 82' lang='grc' dir='ltr'>ἐναντία.</span> <span class='ocrx_word' id='word_1_35' title='bbox 1406 901 1545 955; x_wconf 82' lang='grc' dir='ltr'>Ἀλλ’</span> <span class='ocrx_word' id='word_1_36' title='bbox 1578 902 1734 955; x_wconf 80' lang='grc' dir='ltr'>ἐλυσε</span> <span class='ocrx_word' id='word_1_37' title='bbox 1758 902 1820 956; x_wconf 74' lang='grc' dir='ltr'>τὸ</span> <span class='ocrx_word' id='word_1_38' title='bbox 1841 901 2069 970; x_wconf 78' lang='grc' dir='ltr'>αἴνιγμα</span> <span class='ocrx_word' id='word_1_39' title='bbox 2100 903 2166 972; x_wconf 79' lang='grc' dir='ltr'>τῇ</span> <span class='ocrx_word' id='word_1_40' title='bbox 2195 901 2454 968; x_wconf 76' lang='grc' dir='ltr'>ἐπαγωγῇ</span> 
     </span>
    </p>
   </div>
   <div class='ocr_carea' id='block_1_7' title="bbox 795 985 2458 1059">
    <p class='ocr_par' dir='ltr' id='par_1_7' title="bbox 795 985 2458 1059">
     <span class='ocr_line' id='line_1_7' title="bbox 795 985 2458 1059; baseline -0.002 -18"><span class='ocrx_word' id='word_1_41' title='bbox 795 986 974 1053; x_wconf 76' lang='grc' dir='ltr'>δείξας</span> <span class='ocrx_word' id='word_1_42' title='bbox 1030 988 1292 1059; x_wconf 74' lang='grc' dir='ltr'>ἐλαφρόνο</span> <span class='ocrx_word' id='word_1_43' title='bbox 1352 988 1510 1056; x_wconf 84' lang='grc' dir='ltr'>πῶς;</span> <span class='ocrx_word' id='word_1_44' title='bbox 1566 988 1662 1057; x_wconf 81' lang='grc' dir='ltr'>Μὴ</span> <span class='ocrx_word' id='word_1_45' title='bbox 1713 989 2108 1042; x_wconf 75' lang='grc' dir='ltr'>σκοπούντων</span> <span class='ocrx_word' id='word_1_46' title='bbox 2160 985 2332 1054; x_wconf 75' lang='grc' dir='ltr'>ἡμῶν</span> <span class='ocrx_word' id='word_1_47' title='bbox 2387 986 2458 1038; x_wconf 77' lang='grc' dir='ltr'>τὰ</span> 
     </span>
    </p>
   </div>
   <div class='ocr_carea' id='block_1_8' title="bbox 791 1072 2456 1148">
    <p class='ocr_par' dir='ltr' id='par_1_8' title="bbox 791 1072 2456 1148">
     <span class='ocr_line' id='line_1_8' title="bbox 791 1072 2456 1148; baseline -0.002 -20"><span class='ocrx_word' id='word_1_48' title='bbox 791 1075 1165 1143; x_wconf 73' lang='grc' dir='ltr'>βλεπόμενα.</span> <span class='ocrx_word' id='word_1_49' title='bbox 1205 1076 1408 1148; x_wconf 87' lang='grc' dir='ltr'>Ἔθηκε</span> <span class='ocrx_word' id='word_1_50' title='bbox 1435 1078 1527 1130; x_wconf 84' lang='grc' dir='ltr'>τὸν</span> <span class='ocrx_word' id='word_1_51' title='bbox 1550 1077 1810 1146; x_wconf 88' lang='grc' dir='ltr'>στέφανον</span> <span class='ocrx_word' id='word_1_52' title='bbox 1829 1117 1844 1140; x_wconf 94' lang='grc'>,</span> <span class='ocrx_word' id='word_1_53' title='bbox 1873 1079 1964 1130; x_wconf 80' lang='grc' dir='ltr'>καὶ</span> <span class='ocrx_word' id='word_1_54' title='bbox 2001 1073 2201 1142; x_wconf 86' lang='grc' dir='ltr'>κοῦφον</span> <span class='ocrx_word' id='word_1_55' title='bbox 2235 1072 2456 1142; x_wconf 82' lang='grc' dir='ltr'>ἐποίησε</span> 
     </span>
    </p>
   </div>
   <div class='ocr_carea' id='block_1_9' title="bbox 793 1159 2456 1234">
    <p class='ocr_par' dir='ltr' id='par_1_9' title="bbox 793 1159 2456 1234">
     <span class='ocr_line' id='line_1_9' title="bbox 793 1159 2456 1234; baseline -0.004 -18"><span class='ocrx_word' id='word_1_56' title='bbox 793 1162 888 1217; x_wconf 79' lang='grc' dir='ltr'>τὸν</span> <span class='ocrx_word' id='word_1_57' title='bbox 920 1162 1110 1231; x_wconf 83' lang='grc' dir='ltr'>ἀγῶνα</span> <span class='ocrx_word' id='word_1_58' title='bbox 1128 1183 1142 1195; x_wconf 90' lang='grc'><strong>·</strong></span> <span class='ocrx_word' id='word_1_59' title='bbox 1177 1164 1344 1228; x_wconf 75' lang='grc' dir='ltr'>ἔδειξε</span> <span class='ocrx_word' id='word_1_60' title='bbox 1373 1165 1433 1217; x_wconf 84' lang='grc' dir='ltr'>τὸ</span> <span class='ocrx_word' id='word_1_61' title='bbox 1462 1164 1734 1234; x_wconf 84' lang='grc' dir='ltr'>βραϐεῖον,</span> <span class='ocrx_word' id='word_1_62' title='bbox 1765 1165 1857 1216; x_wconf 77' lang='grc' dir='ltr'>καὶ</span> <span class='ocrx_word' id='word_1_63' title='bbox 1881 1161 2306 1232; x_wconf 81' lang='grc' dir='ltr'>παρεμυθήσατο</span> <span class='ocrx_word' id='word_1_64' title='bbox 2331 1159 2456 1220; x_wconf 82' lang='grc' dir='ltr'>τοὺς</span> 
     </span>
    </p>
   </div>
   <div class='ocr_carea' id='block_1_10' title="bbox 800 1246 2454 1322">
    <p class='ocr_par' dir='ltr' id='par_1_10' title="bbox 800 1246 2454 1322">
     <span class='ocr_line' id='line_1_10' title="bbox 800 1246 2454 1322; baseline -0.002 -21"><span class='ocrx_word' id='word_1_65' title='bbox 800 1250 1046 1320; x_wconf 86' lang='grc' dir='ltr'>ἰδρῶτας.</span> <span class='ocrx_word' id='word_1_66' title='bbox 1085 1251 1195 1304; x_wconf 74' lang='grc' dir='ltr'>Καὶ</span> <span class='ocrx_word' id='word_1_67' title='bbox 1238 1250 1302 1303; x_wconf 86' lang='grc' dir='ltr'>σὺ</span> <span class='ocrx_word' id='word_1_68' title='bbox 1336 1251 1511 1303; x_wconf 80' lang='grc' dir='ltr'>τοίνυν</span> <span class='ocrx_word' id='word_1_69' title='bbox 1539 1252 1668 1304; x_wconf 84' lang='grc' dir='ltr'>ὅταν</span> <span class='ocrx_word' id='word_1_70' title='bbox 1713 1250 1826 1322; x_wconf 83' lang='grc' dir='ltr'>ίδῃς</span> <span class='ocrx_word' id='word_1_71' title='bbox 1855 1252 2088 1316; x_wconf 87' lang='grc' dir='ltr'>γυναῖκα</span> <span class='ocrx_word' id='word_1_72' title='bbox 2137 1246 2454 1318; x_wconf 84' lang='grc' dir='ltr'>λάμπουσαν</span> 
     </span>
    </p>
   </div>
   <div class='ocr_carea' id='block_1_11' title="bbox 795 1333 2456 1408">
    <p class='ocr_par' dir='ltr' id='par_1_11' title="bbox 795 1333 2456 1408">
     <span class='ocr_line' id='line_1_11' title="bbox 795 1333 2456 1408; baseline -0.003 -17"><span class='ocrx_word' id='word_1_73' title='bbox 795 1338 904 1391; x_wconf 83' lang='grc' dir='ltr'>ἀπὸ</span> <span class='ocrx_word' id='word_1_74' title='bbox 929 1337 1030 1406; x_wconf 86' lang='grc' dir='ltr'>τῆς</span> <span class='ocrx_word' id='word_1_75' title='bbox 1075 1337 1250 1406; x_wconf 75' lang='grc' dir='ltr'>ὅψεως</span> <span class='ocrx_word' id='word_1_76' title='bbox 1271 1379 1286 1403; x_wconf 95' lang='grc'>,</span> <span class='ocrx_word' id='word_1_77' title='bbox 1327 1337 1559 1408; x_wconf 77' lang='grc' dir='ltr'>φαιδρὰν</span> <span class='ocrx_word' id='word_1_78' title='bbox 1600 1337 1707 1391; x_wconf 80' lang='grc' dir='ltr'>ἀπὸ</span> <span class='ocrx_word' id='word_1_79' title='bbox 1733 1337 1832 1406; x_wconf 88' lang='grc' dir='ltr'>τῆς</span> <span class='ocrx_word' id='word_1_80' title='bbox 1869 1335 2080 1406; x_wconf 86' lang='grc' dir='ltr'>στολῆς,</span> <span class='ocrx_word' id='word_1_81' title='bbox 2114 1334 2231 1406; x_wconf 79' lang='grc' dir='ltr'>ίδῃς</span> <span class='ocrx_word' id='word_1_82' title='bbox 2264 1333 2456 1388; x_wconf 78' lang='grc' dir='ltr'>ἐπιθυ-</span> 
     </span>
    </p>
   </div>
   <div class='ocr_carea' id='block_1_12' title="bbox 799 1422 2456 1498">
    <p class='ocr_par' dir='ltr' id='par_1_12' title="bbox 799 1422 2456 1498">
     <span class='ocr_line' id='line_1_12' title="bbox 799 1422 2456 1498; baseline -0.001 -22"><span class='ocrx_word' id='word_1_83' title='bbox 799 1423 929 1494; x_wconf 77' lang='grc' dir='ltr'>μίαν</span> <span class='ocrx_word' id='word_1_84' title='bbox 974 1425 1414 1494; x_wconf 70' lang='grc' dir='ltr'>γαργαλίζουσαν</span> <span class='ocrx_word' id='word_1_85' title='bbox 1434 1425 1483 1489; x_wconf 71' lang='grc' dir='ltr'>δ,</span> <span class='ocrx_word' id='word_1_86' title='bbox 1548 1425 1664 1498; x_wconf 81' lang='grc' dir='ltr'>ίδῃς</span> <span class='ocrx_word' id='word_1_87' title='bbox 1707 1425 1806 1496; x_wconf 80' lang='grc' dir='ltr'>τὴν</span> <span class='ocrx_word' id='word_1_88' title='bbox 1859 1424 2037 1496; x_wconf 72' lang='grc' dir='ltr'>ψυχὴν</span> <span class='ocrx_word' id='word_1_89' title='bbox 2086 1422 2456 1493; x_wconf 75' lang='grc' dir='ltr'>ἐπιθυμοῦσαν</span> 
     </span>
    </p>
   </div>
   <div class='ocr_carea' id='block_1_13' title="bbox 794 1511 2457 1582">
    <p class='ocr_par' dir='ltr' id='par_1_13' title="bbox 794 1511 2457 1582">
     <span class='ocr_line' id='line_1_13' title="bbox 794 1511 2457 1582; baseline -0.002 -18"><span class='ocrx_word' id='word_1_90' title='bbox 794 1511 896 1581; x_wconf 85' lang='grc' dir='ltr'>τῆς</span> <span class='ocrx_word' id='word_1_91' title='bbox 939 1511 1206 1582; x_wconf 84' lang='grc' dir='ltr'>θεωρίας’</span> <span class='ocrx_word' id='word_1_92' title='bbox 1266 1512 1568 1582; x_wconf 76' lang='grc' dir='ltr'>ἀνάϐλεψον</span> <span class='ocrx_word' id='word_1_93' title='bbox 1624 1514 1760 1582; x_wconf 82' lang='grc' dir='ltr'>πρὸς</span> <span class='ocrx_word' id='word_1_94' title='bbox 1811 1513 1902 1565; x_wconf 85' lang='grc' dir='ltr'>τὸν</span> <span class='ocrx_word' id='word_1_95' title='bbox 1949 1514 2060 1567; x_wconf 85' lang='grc' dir='ltr'>ἀνω</span> <span class='ocrx_word' id='word_1_96' title='bbox 2093 1528 2174 1564; x_wconf 94' lang='grc' dir='ltr'>σοι</span> <span class='ocrx_word' id='word_1_97' title='bbox 2210 1511 2457 1579; x_wconf 88' lang='grc' dir='ltr'>κείμενον</span> 
     </span>
    </p>
   </div>
   <div class='ocr_carea' id='block_1_14' title="bbox 796 1593 2456 1670">
    <p class='ocr_par' dir='ltr' id='par_1_14' title="bbox 796 1593 2456 1670">
     <span class='ocr_line' id='line_1_14' title="bbox 796 1593 2456 1670; baseline -0.001 -19"><span class='ocrx_word' id='word_1_98' title='bbox 796 1599 1092 1667; x_wconf 83' lang='grc' dir='ltr'>στέφανον,</span> <span class='ocrx_word' id='word_1_99' title='bbox 1147 1600 1232 1652; x_wconf 79' lang='grc' dir='ltr'>ἵνα</span> <span class='ocrx_word' id='word_1_100' title='bbox 1276 1599 1642 1670; x_wconf 78' lang='grc' dir='ltr'>παραδράμῃς</span> <span class='ocrx_word' id='word_1_101' title='bbox 1685 1599 1785 1670; x_wconf 74' lang='grc' dir='ltr'>τὴν</span> <span class='ocrx_word' id='word_1_102' title='bbox 1836 1598 2089 1668; x_wconf 80' lang='grc' dir='ltr'>τοιαύτην</span> <span class='ocrx_word' id='word_1_103' title='bbox 2123 1598 2265 1666; x_wconf 66' lang='grc' dir='ltr'>ὄψιν.</span> <span class='ocrx_word' id='word_1_104' title='bbox 2305 1593 2456 1658; x_wconf 79' lang='grc' dir='ltr'>Εἶδες</span> 
     </span>
    </p>
   </div>
   <div class='ocr_carea' id='block_1_15' title="bbox 794 1684 2458 1756">
    <p class='ocr_par' dir='ltr' id='par_1_15' title="bbox 794 1684 2458 1756">
     <span class='ocr_line' id='line_1_15' title="bbox 794 1684 2458 1756; baseline -0.002 -19"><span class='ocrx_word' id='word_1_105' title='bbox 794 1684 1123 1755; x_wconf 86' lang='grc' dir='ltr'>συνδούλην;</span> <span class='ocrx_word' id='word_1_106' title='bbox 1163 1686 1416 1756; x_wconf 77' lang='grc' dir='ltr'>ἐννόησον</span> <span class='ocrx_word' id='word_1_107' title='bbox 1443 1685 1534 1738; x_wconf 86' lang='grc' dir='ltr'>τὸν</span> <span class='ocrx_word' id='word_1_108' title='bbox 1561 1686 1838 1755; x_wconf 85' lang='grc' dir='ltr'>Δεσπότην</span> <span class='ocrx_word' id='word_1_109' title='bbox 1859 1726 1872 1750; x_wconf 95' lang='grc'>,</span> <span class='ocrx_word' id='word_1_110' title='bbox 1925 1685 2020 1738; x_wconf 73' lang='grc' dir='ltr'>καὶ</span> <span class='ocrx_word' id='word_1_111' title='bbox 2049 1685 2262 1746; x_wconf 88' lang='grc' dir='ltr'>πάντως</span> <span class='ocrx_word' id='word_1_112' title='bbox 2291 1700 2458 1736; x_wconf 87' lang='grc' dir='ltr'>κατα-</span> 
     </span>
    </p>
   </div>
   <div class='ocr_carea' id='block_1_16' title="bbox 794 1769 2456 1843">
    <p class='ocr_par' dir='ltr' id='par_1_16' title="bbox 794 1769 2456 1843">
     <span class='ocr_line' id='line_1_16' title="bbox 794 1769 2456 1843; baseline -0.001 -19"><span class='ocrx_word' id='word_1_113' title='bbox 794 1771 1025 1834; x_wconf 87' lang='grc' dir='ltr'>παύσεις</span> <span class='ocrx_word' id='word_1_114' title='bbox 1072 1771 1134 1824; x_wconf 82' lang='grc' dir='ltr'>τὸ</span> <span class='ocrx_word' id='word_1_115' title='bbox 1181 1772 1415 1842; x_wconf 85' lang='grc' dir='ltr'>νόσημα.</span> <span class='ocrx_word' id='word_1_116' title='bbox 1461 1773 1528 1826; x_wconf 87' lang='grc' dir='ltr'>Εἰ</span> <span class='ocrx_word' id='word_1_117' title='bbox 1557 1773 1665 1843; x_wconf 88' lang='grc' dir='ltr'>γάρ</span> <span class='ocrx_word' id='word_1_118' title='bbox 1718 1772 1898 1825; x_wconf 90' lang='grc' dir='ltr'>παιδία</span> <span class='ocrx_word' id='word_1_119' title='bbox 1947 1769 2280 1838; x_wconf 82' lang='grc' dir='ltr'>παιδαγωγῷ</span> <span class='ocrx_word' id='word_1_120' title='bbox 2327 1771 2456 1823; x_wconf 82' lang='grc' dir='ltr'>ἀκο-</span> 
     </span>
    </p>
   </div>
   <div class='ocr_carea' id='block_1_17' title="bbox 791 1859 2457 1934">
    <p class='ocr_par' dir='ltr' id='par_1_17' title="bbox 791 1859 2457 1934">
     <span class='ocr_line' id='line_1_17' title="bbox 791 1859 2457 1934; baseline -0.002 -19"><span class='ocrx_word' id='word_1_121' title='bbox 791 1860 1084 1916; x_wconf 82' lang='grc' dir='ltr'>λουθοῦντα</span> <span class='ocrx_word' id='word_1_122' title='bbox 1105 1863 1164 1914; x_wconf 88' lang='grc' dir='ltr'>οὑ</span> <span class='ocrx_word' id='word_1_123' title='bbox 1190 1863 1660 1934; x_wconf 79' lang='grc' dir='ltr'>περιστρέφονται,</span> <span class='ocrx_word' id='word_1_124' title='bbox 1685 1863 1744 1915; x_wconf 89' lang='grc' dir='ltr'>οὑ</span> <span class='ocrx_word' id='word_1_125' title='bbox 1768 1863 2079 1930; x_wconf 84' lang='grc' dir='ltr'>κεχήνασιν,</span> <span class='ocrx_word' id='word_1_126' title='bbox 2102 1860 2200 1913; x_wconf 88' lang='grc' dir='ltr'>οὑκ</span> <span class='ocrx_word' id='word_1_127' title='bbox 2227 1859 2457 1930; x_wconf 83' lang='grc' dir='ltr'>ἐπτόην-</span> 
     </span>
    </p>
   </div>
   <div class='ocr_carea' id='block_1_18' title="bbox 791 1946 2458 2020">
    <p class='ocr_par' dir='ltr' id='par_1_18' title="bbox 791 1946 2458 2020">
     <span class='ocr_line' id='line_1_18' title="bbox 791 1946 2458 2020; baseline -0.002 -17"><span class='ocrx_word' id='word_1_128' title='bbox 791 1967 904 2012; x_wconf 92' lang='grc' dir='ltr'>ται,</span> <span class='ocrx_word' id='word_1_129' title='bbox 947 1949 1125 2020; x_wconf 86' lang='grc' dir='ltr'>πολλῷ</span> <span class='ocrx_word' id='word_1_130' title='bbox 1175 1951 1373 2020; x_wconf 81' lang='grc' dir='ltr'>μᾶλλον</span> <span class='ocrx_word' id='word_1_131' title='bbox 1415 1951 1478 2002; x_wconf 86' lang='grc' dir='ltr'>σὺ</span> <span class='ocrx_word' id='word_1_132' title='bbox 1507 1950 1597 2002; x_wconf 85' lang='grc' dir='ltr'>τὸν</span> <span class='ocrx_word' id='word_1_133' title='bbox 1643 1948 1875 2020; x_wconf 85' lang='grc' dir='ltr'>Χριστὸν</span> <span class='ocrx_word' id='word_1_134' title='bbox 1906 1948 1971 2001; x_wconf 84' lang='grc' dir='ltr'>ἀν</span> <span class='ocrx_word' id='word_1_135' title='bbox 2002 1947 2117 2020; x_wconf 74' lang='grc' dir='ltr'>ἴδῃς</span> <span class='ocrx_word' id='word_1_136' title='bbox 2153 1949 2266 2009; x_wconf 85' lang='grc' dir='ltr'>τοῖς</span> <span class='ocrx_word' id='word_1_137' title='bbox 2307 1946 2458 2014; x_wconf 86' lang='grc' dir='ltr'>λογι-</span> 
     </span>
    </p>
   </div>
   <div class='ocr_carea' id='block_1_19' title="bbox 795 2034 2457 2108">
    <p class='ocr_par' dir='ltr' id='par_1_19' title="bbox 795 2034 2457 2108">
     <span class='ocr_line' id='line_1_19' title="bbox 795 2034 2457 2108; baseline 0.001 -20"><span class='ocrx_word' id='word_1_138' title='bbox 795 2038 953 2106; x_wconf 87' lang='grc' dir='ltr'>σμοῖς</span> <span class='ocrx_word' id='word_1_139' title='bbox 987 2036 1251 2106; x_wconf 88' lang='grc' dir='ltr'>παρόντα,</span> <span class='ocrx_word' id='word_1_140' title='bbox 1273 2036 1421 2088; x_wconf 88' lang='grc' dir='ltr'>οὑδέν</span> <span class='ocrx_word' id='word_1_141' title='bbox 1452 2037 1613 2106; x_wconf 80' lang='grc' dir='ltr'>πείσῃ</span> <span class='ocrx_word' id='word_1_142' title='bbox 1630 2034 1892 2090; x_wconf 87' lang='grc' dir='ltr'>τοιοῦτον.</span> <span class='ocrx_word' id='word_1_143' title='bbox 1937 2037 1992 2086; x_wconf 90' lang='lat'>&#39;0</span> <span class='ocrx_word' id='word_1_144' title='bbox 2014 2035 2321 2105; x_wconf 73' lang='grc' dir='ltr'>ἐμϐλέψας</span> <span class='ocrx_word' id='word_1_145' title='bbox 2350 2055 2457 2108; x_wconf 70' lang='grc' dir='ltr'>γυ-</span> 
     </span>
    </p>
   </div>
   <div class='ocr_carea' id='block_1_20' title="bbox 791 2122 2459 2194">
    <p class='ocr_par' dir='ltr' id='par_1_20' title="bbox 791 2122 2459 2194">
     <span class='ocr_line' id='line_1_20' title="bbox 791 2122 2459 2194; baseline 0.003 -18"><span class='ocrx_word' id='word_1_146' title='bbox 791 2123 971 2177; x_wconf 74' lang='grc' dir='ltr'>ναῖκα</span> <span class='ocrx_word' id='word_1_147' title='bbox 1003 2123 1154 2192; x_wconf 83' lang='grc' dir='ltr'>πρὸς</span> <span class='ocrx_word' id='word_1_148' title='bbox 1189 2124 1256 2176; x_wconf 88' lang='grc' dir='ltr'>τὸ</span> <span class='ocrx_word' id='word_1_149' title='bbox 1284 2122 1654 2193; x_wconf 84' lang='grc' dir='ltr'>ἐπιθυμῆσαι</span> <span class='ocrx_word' id='word_1_150' title='bbox 1673 2164 1687 2189; x_wconf 95' lang='grc'>,</span> <span class='ocrx_word' id='word_1_151' title='bbox 1719 2123 1836 2192; x_wconf 80' lang='grc' dir='ltr'>ἤδη</span> <span class='ocrx_word' id='word_1_152' title='bbox 1864 2124 2220 2194; x_wconf 78' lang='grc' dir='ltr'>ἐμοίχευσεν</span> <span class='ocrx_word' id='word_1_153' title='bbox 2263 2127 2459 2194; x_wconf 83' lang='grc' dir='ltr'>αὐτὴν</span> 
     </span>
    </p>
   </div>
   <div class='ocr_carea' id='block_1_21' title="bbox 791 2210 2458 2284">
    <p class='ocr_par' dir='ltr' id='par_1_21' title="bbox 791 2210 2458 2284">
     <span class='ocr_line' id='line_1_21' title="bbox 791 2210 2458 2284; baseline 0.002 -21"><span class='ocrx_word' id='word_1_154' title='bbox 791 2211 862 2263; x_wconf 79' lang='grc' dir='ltr'>ἐν</span> <span class='ocrx_word' id='word_1_155' title='bbox 889 2210 964 2278; x_wconf 81' lang='grc' dir='ltr'>τῇ</span> <span class='ocrx_word' id='word_1_156' title='bbox 997 2212 1210 2278; x_wconf 81' lang='grc' dir='ltr'>καρδίᾳ</span> <span class='ocrx_word' id='word_1_157' title='bbox 1235 2212 1446 2266; x_wconf 81' lang='grc' dir='ltr'>αὑτοῦ.</span> <span class='ocrx_word' id='word_1_158' title='bbox 1499 2211 1701 2276; x_wconf 84' lang='grc' dir='ltr'>Ἡδέως</span> <span class='ocrx_word' id='word_1_159' title='bbox 1733 2213 1826 2264; x_wconf 80' lang='grc' dir='ltr'>καὶ</span> <span class='ocrx_word' id='word_1_160' title='bbox 1861 2215 2240 2284; x_wconf 80' lang='grc' dir='ltr'>συνεχέστερον</span> <span class='ocrx_word' id='word_1_161' title='bbox 2270 2216 2458 2282; x_wconf 87' lang='grc' dir='ltr'>ἀναγι-</span> 
     </span>
    </p>
   </div>
   <div class='ocr_carea' id='block_1_22' title="bbox 791 2296 2455 2370">
    <p class='ocr_par' dir='ltr' id='par_1_22' title="bbox 791 2296 2455 2370">
     <span class='ocr_line' id='line_1_22' title="bbox 791 2296 2455 2370; baseline 0.002 -20"><span class='ocrx_word' id='word_1_162' title='bbox 791 2296 988 2352; x_wconf 86' lang='grc' dir='ltr'>νώσκω</span> <span class='ocrx_word' id='word_1_163' title='bbox 1032 2298 1129 2351; x_wconf 89' lang='grc' dir='ltr'>τοῦ</span> <span class='ocrx_word' id='word_1_164' title='bbox 1176 2299 1340 2368; x_wconf 81' lang='grc' dir='ltr'>νόμου</span> <span class='ocrx_word' id='word_1_165' title='bbox 1378 2297 1448 2350; x_wconf 87' lang='grc' dir='ltr'>τά</span> <span class='ocrx_word' id='word_1_166' title='bbox 1496 2299 1829 2368; x_wconf 88' lang='grc' dir='ltr'>γράμματα·</span> <span class='ocrx_word' id='word_1_167' title='bbox 1873 2299 1983 2350; x_wconf 80' lang='grc' dir='ltr'>εἴθε</span> <span class='ocrx_word' id='word_1_168' title='bbox 2019 2301 2111 2352; x_wconf 80' lang='grc' dir='ltr'>καὶ</span> <span class='ocrx_word' id='word_1_169' title='bbox 2147 2299 2234 2352; x_wconf 83' lang='grc' dir='ltr'>διά</span> <span class='ocrx_word' id='word_1_170' title='bbox 2274 2303 2455 2370; x_wconf 83' lang='grc' dir='ltr'>πάσης</span> 
     </span>
    </p>
   </div>
   <div class='ocr_carea' id='block_1_23' title="bbox 789 2382 2453 2460">
    <p class='ocr_par' dir='ltr' id='par_1_23' title="bbox 789 2382 2453 2460">
     <span class='ocr_line' id='line_1_23' title="bbox 789 2382 2453 2460; baseline 0.004 -23"><span class='ocrx_word' id='word_1_171' title='bbox 789 2387 890 2456; x_wconf 88' lang='grc' dir='ltr'>τῆς</span> <span class='ocrx_word' id='word_1_172' title='bbox 917 2386 1132 2457; x_wconf 75' lang='grc' dir='ltr'>ἡμέρας</span> <span class='ocrx_word' id='word_1_173' title='bbox 1169 2382 1238 2457; x_wconf 77' lang='grc' dir='ltr'>ῆν</span> <span class='ocrx_word' id='word_1_174' title='bbox 1261 2387 1418 2439; x_wconf 85' lang='grc' dir='ltr'>τοῦτο</span> <span class='ocrx_word' id='word_1_175' title='bbox 1445 2385 1621 2454; x_wconf 87' lang='grc' dir='ltr'>λέγειν</span> <span class='ocrx_word' id='word_1_176' title='bbox 1649 2387 1782 2452; x_wconf 85' lang='grc' dir='ltr'>πρὸς</span> <span class='ocrx_word' id='word_1_177' title='bbox 1823 2388 1996 2457; x_wconf 81' lang='grc' dir='ltr'>ὑμᾶς,</span> <span class='ocrx_word' id='word_1_178' title='bbox 2025 2388 2225 2458; x_wconf 84' lang='grc' dir='ltr'>μᾶλλον</span> <span class='ocrx_word' id='word_1_179' title='bbox 2249 2389 2306 2442; x_wconf 86' lang='grc' dir='ltr'>δέ</span> <span class='ocrx_word' id='word_1_180' title='bbox 2330 2392 2453 2460; x_wconf 77' lang='grc' dir='ltr'>οὐχὶ</span> 
     </span>
    </p>
   </div>
   <div class='ocr_carea' id='block_1_24' title="bbox 793 2472 2454 2548">
    <p class='ocr_par' dir='ltr' id='par_1_24' title="bbox 793 2472 2454 2548">
     <span class='ocr_line' id='line_1_24' title="bbox 793 2472 2454 2548; baseline 0.003 -23"><span class='ocrx_word' id='word_1_181' title='bbox 793 2473 928 2542; x_wconf 76' lang='grc' dir='ltr'>πρὸς</span> <span class='ocrx_word' id='word_1_182' title='bbox 957 2474 1134 2543; x_wconf 80' lang='grc' dir='ltr'>ὑμᾶς,</span> <span class='ocrx_word' id='word_1_183' title='bbox 1181 2472 1317 2525; x_wconf 87' lang='grc' dir='ltr'>ἀλλά</span> <span class='ocrx_word' id='word_1_184' title='bbox 1349 2473 1484 2543; x_wconf 84' lang='grc' dir='ltr'>πρὸς</span> <span class='ocrx_word' id='word_1_185' title='bbox 1521 2474 1646 2536; x_wconf 80' lang='grc' dir='ltr'>τοὺς</span> <span class='ocrx_word' id='word_1_186' title='bbox 1681 2474 2011 2538; x_wconf 81' lang='grc' dir='ltr'>ὑπευθύνους</span> <span class='ocrx_word' id='word_1_187' title='bbox 2051 2479 2165 2540; x_wconf 88' lang='grc' dir='ltr'>τοῖς</span> <span class='ocrx_word' id='word_1_188' title='bbox 2203 2478 2454 2548; x_wconf 85' lang='grc' dir='ltr'>ἁμαρτή-</span> 
     </span>
    </p>
   </div>
   <div class='ocr_carea' id='block_1_25' title="bbox 795 2559 2455 2636">
    <p class='ocr_par' dir='ltr' id='par_1_25' title="bbox 795 2559 2455 2636">
     <span class='ocr_line' id='line_1_25' title="bbox 795 2559 2455 2636; baseline 0.004 -24"><span class='ocrx_word' id='word_1_189' title='bbox 795 2576 958 2627; x_wconf 73' lang='grc' dir='ltr'>μασιν</span> <span class='ocrx_word' id='word_1_190' title='bbox 981 2559 1171 2622; x_wconf 69' lang='grc' dir='ltr'>ὄντας*</span> <span class='ocrx_word' id='word_1_191' title='bbox 1208 2559 1406 2630; x_wconf 77' lang='grc' dir='ltr'>μᾶλλον</span> <span class='ocrx_word' id='word_1_192' title='bbox 1433 2559 1489 2612; x_wconf 88' lang='grc' dir='ltr'>δέ</span> <span class='ocrx_word' id='word_1_193' title='bbox 1523 2559 1617 2612; x_wconf 64' lang='grc' dir='ltr'>καὶ⁴</span> <span class='ocrx_word' id='word_1_194' title='bbox 1655 2561 1790 2629; x_wconf 85' lang='grc' dir='ltr'>πρὸς</span> <span class='ocrx_word' id='word_1_195' title='bbox 1820 2561 1966 2632; x_wconf 83' lang='grc' dir='ltr'>ὑμᾶς</span> <span class='ocrx_word' id='word_1_196' title='bbox 1986 2579 1999 2593; x_wconf 93' lang='grc'><strong>·</strong></span> <span class='ocrx_word' id='word_1_197' title='bbox 2029 2564 2124 2616; x_wconf 76' lang='grc' dir='ltr'>καὶ</span> <span class='ocrx_word' id='word_1_198' title='bbox 2160 2565 2269 2636; x_wconf 86' lang='grc' dir='ltr'>γὰρ</span> <span class='ocrx_word' id='word_1_199' title='bbox 2299 2566 2455 2636; x_wconf 81' lang='grc' dir='ltr'>ὑμεῖς</span> 
     </span>
    </p>
   </div>
   <div class='ocr_carea' id='block_1_26' title="bbox 790 2644 2458 2722">
    <p class='ocr_par' dir='ltr' id='par_1_26' title="bbox 790 2644 2458 2722">
     <span class='ocr_line' id='line_1_26' title="bbox 790 2644 2458 2722; baseline 0.004 -24"><span class='ocrx_word' id='word_1_200' title='bbox 790 2645 1186 2714; x_wconf 79' lang='grc' dir='ltr'>ἀσφαλέστεροι</span> <span class='ocrx_word' id='word_1_201' title='bbox 1246 2644 1466 2712; x_wconf 71' lang='grc' dir='ltr'>ἔσεσθε,</span> <span class='ocrx_word' id='word_1_202' title='bbox 1514 2647 1564 2698; x_wconf 79' lang='grc' dir='ltr'>οἱ</span> <span class='ocrx_word' id='word_1_203' title='bbox 1601 2646 1657 2699; x_wconf 84' lang='grc' dir='ltr'>δὲ</span> <span class='ocrx_word' id='word_1_204' title='bbox 1701 2649 1759 2699; x_wconf 88' lang='grc' dir='ltr'>ἐν</span> <span class='ocrx_word' id='word_1_205' title='bbox 1785 2651 1850 2719; x_wconf 79' lang='grc' dir='ltr'>τῇ</span> <span class='ocrx_word' id='word_1_206' title='bbox 1885 2649 2024 2720; x_wconf 85' lang='grc' dir='ltr'>νόσῳ</span> <span class='ocrx_word' id='word_1_207' title='bbox 2059 2651 2210 2714; x_wconf 76' lang='grc' dir='ltr'>ὄντες</span> <span class='ocrx_word' id='word_1_208' title='bbox 2249 2653 2458 2722; x_wconf 85' lang='grc' dir='ltr'>ταχέως</span> 
     </span>
    </p>
   </div>
   <div class='ocr_carea' id='block_1_27' title="bbox 794 2731 2458 2806">
    <p class='ocr_par' dir='ltr' id='par_1_27' title="bbox 794 2731 2458 2806">
     <span class='ocr_line' id='line_1_27' title="bbox 794 2731 2458 2806; baseline 0.005 -23"><span class='ocrx_word' id='word_1_209' title='bbox 794 2733 930 2801; x_wconf 75' lang='grc' dir='ltr'>πρὸς</span> <span class='ocrx_word' id='word_1_210' title='bbox 964 2733 1063 2802; x_wconf 83' lang='grc' dir='ltr'>τὴν</span> <span class='ocrx_word' id='word_1_211' title='bbox 1096 2733 1306 2800; x_wconf 85' lang='grc' dir='ltr'>ὑγίειαν</span> <span class='ocrx_word' id='word_1_212' title='bbox 1339 2731 1714 2803; x_wconf 80' lang='grc' dir='ltr'>ἐπανήξουσιν.</span> <span class='ocrx_word' id='word_1_213' title='bbox 1769 2735 1830 2787; x_wconf 90' lang='lat'>&#39;0</span> <span class='ocrx_word' id='word_1_214' title='bbox 1872 2735 2177 2804; x_wconf 69' lang='grc' dir='ltr'>ἐμϐλέψας</span> <span class='ocrx_word' id='word_1_215' title='bbox 2204 2740 2458 2806; x_wconf 76' lang='grc' dir='ltr'>γυναῖκα</span> 
     </span>
    </p>
   </div>
   <div class='ocr_carea' id='block_1_28' title="bbox 791 2813 2456 2888">
    <p class='ocr_par' dir='ltr' id='par_1_28' title="bbox 791 2813 2456 2888">
     <span class='ocr_line' id='line_1_28' title="bbox 791 2813 2456 2888; baseline 0.004 -22"><span class='ocrx_word' id='word_1_216' title='bbox 791 2816 940 2882; x_wconf 82' lang='grc' dir='ltr'>πρὸς</span> <span class='ocrx_word' id='word_1_217' title='bbox 977 2814 1043 2867; x_wconf 86' lang='grc' dir='ltr'><em>τὸ</em></span> <span class='ocrx_word' id='word_1_218' title='bbox 1080 2813 1444 2882; x_wconf 81' lang='grc' dir='ltr'>ἐπιθυμῆσαι</span> <span class='ocrx_word' id='word_1_219' title='bbox 1476 2815 1692 2884; x_wconf 83' lang='grc' dir='ltr'>αὐτῆς,</span> <span class='ocrx_word' id='word_1_220' title='bbox 1727 2816 1845 2885; x_wconf 82' lang='grc' dir='ltr'>ἤδη</span> <span class='ocrx_word' id='word_1_221' title='bbox 1876 2817 2234 2887; x_wconf 78' lang='grc' dir='ltr'>ἐμοίχευσεν</span> <span class='ocrx_word' id='word_1_222' title='bbox 2263 2819 2456 2888; x_wconf 84' lang='grc' dir='ltr'>αὐτὴν</span> 
     </span>
    </p>
   </div>
   <div class='ocr_carea' id='block_1_29' title="bbox 788 2900 1421 2970">
    <p class='ocr_par' dir='ltr' id='par_1_29' title="bbox 788 2900 1421 2970">
     <span class='ocr_line' id='line_1_29' title="bbox 788 2900 1421 2970; baseline 0.002 -16"><span class='ocrx_word' id='word_1_223' title='bbox 788 2901 859 2954; x_wconf 66' lang='grc' dir='ltr'>ἐν</span> <span class='ocrx_word' id='word_1_224' title='bbox 884 2900 956 2969; x_wconf 77' lang='grc' dir='ltr'><em>τῇ</em></span> <span class='ocrx_word' id='word_1_225' title='bbox 982 2901 1192 2970; x_wconf 81' lang='grc' dir='ltr'>καρδίᾳ</span> <span class='ocrx_word' id='word_1_226' title='bbox 1216 2903 1421 2956; x_wconf 86' lang='grc' dir='ltr'>αὐτοῦ.</span> 
     </span>
    </p>
   </div>
   <div class='ocr_carea' id='block_1_30' title="bbox 860 2989 2454 3068">
    <p class='ocr_par' dir='ltr' id='par_1_30' title="bbox 860 2989 2454 3068">
     <span class='ocr_line' id='line_1_30' title="bbox 860 2989 2454 3068; baseline 0.007 -29"><span class='ocrx_word' id='word_1_227' title='bbox 860 2995 930 3056; x_wconf 86' lang='grc' dir='ltr'>γ’.</span> <span class='ocrx_word' id='word_1_228' title='bbox 964 2990 1149 3061; x_wconf 83' lang='grc' dir='ltr'>Ἀρκεί</span> <span class='ocrx_word' id='word_1_229' title='bbox 1169 2991 1347 3042; x_wconf 81' lang='grc' dir='ltr'>πᾶσαν</span> <span class='ocrx_word' id='word_1_230' title='bbox 1371 2989 1470 3060; x_wconf 87' lang='grc' dir='ltr'>τῆς</span> <span class='ocrx_word' id='word_1_231' title='bbox 1501 2991 1774 3062; x_wconf 81' lang='grc' dir='ltr'>ἁμαρτίας</span> <span class='ocrx_word' id='word_1_232' title='bbox 1796 2991 1894 3062; x_wconf 76' lang='grc' dir='ltr'>τὴν</span> <span class='ocrx_word' id='word_1_233' title='bbox 1924 2995 2195 3068; x_wconf 80' lang='grc' dir='ltr'>σηπεδόνα</span> <span class='ocrx_word' id='word_1_234' title='bbox 2217 2997 2454 3067; x_wconf 80' lang='grc' dir='ltr'>καθᾶραι</span> 
     </span>
    </p>
   </div>
   <div class='ocr_carea' id='block_1_31' title="bbox 789 3074 2458 3153">
    <p class='ocr_par' dir='ltr' id='par_1_31' title="bbox 789 3074 2458 3153">
     <span class='ocr_line' id='line_1_31' title="bbox 789 3074 2458 3153; baseline 0.005 -25"><span class='ocrx_word' id='word_1_235' title='bbox 789 3074 922 3143; x_wconf 66' lang='grc' dir='ltr'>ψιλά</span> <span class='ocrx_word' id='word_1_236' title='bbox 952 3075 1365 3144; x_wconf 81' lang='grc' dir='ltr'>ἀναγνωσθέντα</span> <span class='ocrx_word' id='word_1_237' title='bbox 1389 3076 1460 3128; x_wconf 86' lang='grc' dir='ltr'>τά</span> <span class='ocrx_word' id='word_1_238' title='bbox 1495 3079 1730 3147; x_wconf 78' lang='grc' dir='ltr'>ῥήματα.</span> <span class='ocrx_word' id='word_1_239' title='bbox 1771 3078 1930 3132; x_wconf 84' lang='grc' dir='ltr'>Ἀλλά</span> <span class='ocrx_word' id='word_1_240' title='bbox 1961 3081 2267 3148; x_wconf 75' lang='grc' dir='ltr'>σύγγνωτεο</span> <span class='ocrx_word' id='word_1_241' title='bbox 2294 3083 2458 3153; x_wconf 82' lang='grc' dir='ltr'>τραύ-</span> 
     </span>
    </p>
   </div>
   <div class='ocr_carea' id='block_1_32' title="bbox 794 3163 2457 3242">
    <p class='ocr_par' dir='ltr' id='par_1_32' title="bbox 794 3163 2457 3242">
     <span class='ocr_line' id='line_1_32' title="bbox 794 3163 2457 3242; baseline 0.005 -28"><span class='ocrx_word' id='word_1_242' title='bbox 794 3179 942 3232; x_wconf 88' lang='grc' dir='ltr'>ματα</span> <span class='ocrx_word' id='word_1_243' title='bbox 975 3163 1331 3234; x_wconf 89' lang='grc' dir='ltr'>καθαίρομεν,</span> <span class='ocrx_word' id='word_1_244' title='bbox 1365 3163 1456 3216; x_wconf 82' lang='grc' dir='ltr'>τὸν</span> <span class='ocrx_word' id='word_1_245' title='bbox 1476 3163 1532 3215; x_wconf 81' lang='grc' dir='ltr'>δέ</span> <span class='ocrx_word' id='word_1_246' title='bbox 1555 3164 1846 3235; x_wconf 89' lang='grc' dir='ltr'>τραύματα</span> <span class='ocrx_word' id='word_1_247' title='bbox 1867 3167 2217 3238; x_wconf 85' lang='grc' dir='ltr'>καθαίροντα,</span> <span class='ocrx_word' id='word_1_248' title='bbox 2245 3170 2457 3242; x_wconf 81' lang='grc' dir='ltr'>ἀνάγκη</span> 
     </span>
    </p>
   </div>
   <div class='ocr_carea' id='block_1_33' title="bbox 791 3249 2459 3326">
    <p class='ocr_par' dir='ltr' id='par_1_33' title="bbox 791 3249 2459 3326">
     <span class='ocr_line' id='line_1_33' title="bbox 791 3249 2459 3326; baseline 0.005 -24"><span class='ocrx_word' id='word_1_249' title='bbox 791 3249 887 3302; x_wconf 79' lang='grc' dir='ltr'>καὶ</span> <span class='ocrx_word' id='word_1_250' title='bbox 906 3249 1078 3320; x_wconf 78' lang='grc' dir='ltr'>πικρὰ</span> <span class='ocrx_word' id='word_1_251' title='bbox 1107 3249 1405 3303; x_wconf 78' lang='grc' dir='ltr'>ἐπιτιθέναι</span> <span class='ocrx_word' id='word_1_252' title='bbox 1434 3252 1733 3322; x_wconf 81' lang='grc' dir='ltr'>φάρμακα·</span> <span class='ocrx_word' id='word_1_253' title='bbox 1764 3253 1981 3324; x_wconf 83' lang='grc' dir='ltr'>ὅσῳπερ</span> <span class='ocrx_word' id='word_1_254' title='bbox 2006 3253 2073 3308; x_wconf 83' lang='grc' dir='ltr'>ἃν</span> <span class='ocrx_word' id='word_1_255' title='bbox 2096 3255 2354 3326; x_wconf 83' lang='grc' dir='ltr'>ἐνέγκητε</span> <span class='ocrx_word' id='word_1_256' title='bbox 2390 3259 2459 3311; x_wconf 83' lang='grc' dir='ltr'>τά</span> 
     </span>
    </p>
   </div>
   <div class='ocr_carea' id='block_1_34' title="bbox 717 3335 2460 3417">
    <p class='ocr_par' dir='ltr' id='par_1_34' title="bbox 717 3335 2460 3417">
     <span class='ocr_line' id='line_1_34' title="bbox 717 3335 2460 3417; baseline 0.006 -29"><span class='ocrx_word' id='word_1_257' title='bbox 717 3338 720 3342; x_wconf 82' lang='grc'><em>’</em></span> <span class='ocrx_word' id='word_1_258' title='bbox 793 3335 1043 3406; x_wconf 79' lang='grc' dir='ltr'>ῥήματα,</span> <span class='ocrx_word' id='word_1_259' title='bbox 1077 3335 1329 3390; x_wconf 89' lang='grc' dir='ltr'>τοσοῦτον</span> <span class='ocrx_word' id='word_1_260' title='bbox 1375 3337 1576 3408; x_wconf 77' lang='grc' dir='ltr'>μᾶλλον</span> <span class='ocrx_word' id='word_1_261' title='bbox 1616 3339 2002 3411; x_wconf 90' lang='grc' dir='ltr'>ἐκκαθαίρεται</span> <span class='ocrx_word' id='word_1_262' title='bbox 2035 3342 2062 3392; x_wconf 97' lang='lat'>6</span> <span class='ocrx_word' id='word_1_263' title='bbox 2113 3342 2208 3406; x_wconf 88' lang='grc' dir='ltr'>ἰός.</span> <span class='ocrx_word' id='word_1_264' title='bbox 2248 3343 2460 3417; x_wconf 83' lang='grc' dir='ltr'>’Ὠσπερ</span> 
     </span>
    </p>
   </div>
   <div class='ocr_carea' id='block_1_35' title="bbox 792 3421 2460 3505">
    <p class='ocr_par' dir='ltr' id='par_1_35' title="bbox 792 3421 2460 3505">
     <span class='ocr_line' id='line_1_35' title="bbox 792 3421 2460 3505; baseline 0.007 -32"><span class='ocrx_word' id='word_1_265' title='bbox 792 3421 900 3492; x_wconf 82' lang='grc' dir='ltr'>γάρ</span> <span class='ocrx_word' id='word_1_266' title='bbox 925 3422 1019 3475; x_wconf 88' lang='grc' dir='ltr'>τοῦ</span> <span class='ocrx_word' id='word_1_267' title='bbox 1047 3425 1218 3493; x_wconf 82' lang='grc' dir='ltr'>πυρὸς</span> <span class='ocrx_word' id='word_1_268' title='bbox 1243 3426 1275 3494; x_wconf 87' lang='grc' dir='ltr'>ή</span> <span class='ocrx_word' id='word_1_269' title='bbox 1317 3425 1505 3494; x_wconf 85' lang='grc' dir='ltr'>φύσις,</span> <span class='ocrx_word' id='word_1_270' title='bbox 1540 3426 1758 3497; x_wconf 81' lang='grc' dir='ltr'>ὅσῳπερ</span> <span class='ocrx_word' id='word_1_271' title='bbox 1793 3427 1858 3480; x_wconf 84' lang='grc' dir='ltr'>ἂν</span> <span class='ocrx_word' id='word_1_272' title='bbox 1885 3428 2142 3482; x_wconf 86' lang='grc' dir='ltr'>ἐπιπλέον</span> <span class='ocrx_word' id='word_1_273' title='bbox 2165 3441 2188 3470; x_wconf 73' lang='grc' dir='ltr'>ε</span> <span class='ocrx_word' id='word_1_274' title='bbox 2219 3431 2460 3505; x_wconf 76' lang='grc' dir='ltr'>ὁμιλήσῃ</span> 
     </span>
    </p>
   </div>
   <div class='ocr_carea' id='block_1_36' title="bbox 792 3509 2454 3589">
    <p class='ocr_par' dir='ltr' id='par_1_36' title="bbox 792 3509 2454 3589">
     <span class='ocr_line' id='line_1_36' title="bbox 792 3509 2454 3589; baseline 0.005 -28"><span class='ocrx_word' id='word_1_275' title='bbox 792 3511 858 3580; x_wconf 74' lang='grc' dir='ltr'>τῇ</span> <span class='ocrx_word' id='word_1_276' title='bbox 887 3509 982 3562; x_wconf 86' lang='grc' dir='ltr'>τοῦ</span> <span class='ocrx_word' id='word_1_277' title='bbox 1015 3510 1218 3582; x_wconf 78' lang='grc' dir='ltr'>χρυσοῦ</span> <span class='ocrx_word' id='word_1_278' title='bbox 1245 3511 1426 3581; x_wconf 90' lang='grc' dir='ltr'>φύσει,</span> <span class='ocrx_word' id='word_1_279' title='bbox 1466 3513 1719 3567; x_wconf 86' lang='grc' dir='ltr'>τοσοῦτον</span> <span class='ocrx_word' id='word_1_280' title='bbox 1751 3515 1951 3584; x_wconf 78' lang='grc' dir='ltr'>μᾶλλον</span> <span class='ocrx_word' id='word_1_281' title='bbox 1983 3517 2199 3589; x_wconf 87' lang='grc' dir='ltr'>δαπανᾷ</span> <span class='ocrx_word' id='word_1_282' title='bbox 2229 3520 2320 3572; x_wconf 86' lang='grc' dir='ltr'>τὸν</span> <span class='ocrx_word' id='word_1_283' title='bbox 2347 3520 2421 3573; x_wconf 79' lang='grc' dir='ltr'>ἰόν</span> <span class='ocrx_word' id='word_1_284' title='bbox 2442 3536 2454 3548; x_wconf 78' lang='grc' dir='ltr'><strong>ο</strong></span> 
     </span>
    </p>
   </div>
   <div class='ocr_carea' id='block_1_37' title="bbox 791 3597 2462 3677">
    <p class='ocr_par' dir='ltr' id='par_1_37' title="bbox 791 3597 2462 3677">
     <span class='ocr_line' id='line_1_37' title="bbox 791 3597 2462 3677; baseline 0.007 -27"><span class='ocrx_word' id='word_1_285' title='bbox 791 3597 933 3651; x_wconf 73' lang='grc' dir='ltr'>οὕτω</span> <span class='ocrx_word' id='word_1_286' title='bbox 959 3600 1055 3652; x_wconf 76' lang='grc' dir='ltr'>καὶ</span> <span class='ocrx_word' id='word_1_287' title='bbox 1081 3599 1189 3654; x_wconf 84' lang='grc' dir='ltr'>τῶν</span> <span class='ocrx_word' id='word_1_288' title='bbox 1215 3601 1474 3671; x_wconf 81' lang='grc' dir='ltr'>ῥημάτων</span> <span class='ocrx_word' id='word_1_289' title='bbox 1509 3601 1712 3656; x_wconf 87' lang='grc' dir='ltr'>τούτων</span> <span class='ocrx_word' id='word_1_290' title='bbox 1747 3606 1774 3657; x_wconf 91' lang='lat'>6</span> <span class='ocrx_word' id='word_1_291' title='bbox 1801 3603 1984 3673; x_wconf 88' lang='grc' dir='ltr'>φόϐος,</span> <span class='ocrx_word' id='word_1_292' title='bbox 2009 3606 2225 3677; x_wconf 82' lang='grc' dir='ltr'>ὅσῳπερ</span> <span class='ocrx_word' id='word_1_293' title='bbox 2262 3607 2329 3661; x_wconf 83' lang='grc' dir='ltr'>ἂν</span> <span class='ocrx_word' id='word_1_294' title='bbox 2375 3610 2462 3662; x_wconf 80' lang='grc' dir='ltr'>ἐνο</span> 
     </span>
    </p>
   </div>
   <div class='ocr_carea' id='block_1_38' title="bbox 789 3683 2453 3761">
    <p class='ocr_par' dir='ltr' id='par_1_38' title="bbox 789 3683 2453 3761">
     <span class='ocr_line' id='line_1_38' title="bbox 789 3683 2453 3761; baseline 0.007 -25"><span class='ocrx_word' id='word_1_295' title='bbox 789 3683 969 3756; x_wconf 80' lang='grc' dir='ltr'>ηχηθῇ</span> <span class='ocrx_word' id='word_1_296' title='bbox 994 3687 1061 3756; x_wconf 78' lang='grc' dir='ltr'>τῇ</span> <span class='ocrx_word' id='word_1_297' title='bbox 1089 3687 1332 3758; x_wconf 80' lang='grc' dir='ltr'>ὑμετέρᾳ</span> <span class='ocrx_word' id='word_1_298' title='bbox 1355 3688 1593 3759; x_wconf 85' lang='grc' dir='ltr'>διανοίᾳ,</span> <span class='ocrx_word' id='word_1_299' title='bbox 1621 3689 1858 3761; x_wconf 86' lang='grc' dir='ltr'>τοσούτῳ</span> <span class='ocrx_word' id='word_1_300' title='bbox 1891 3692 2089 3761; x_wconf 80' lang='grc' dir='ltr'>μᾶλλον</span> <span class='ocrx_word' id='word_1_301' title='bbox 2121 3694 2340 3746; x_wconf 80' lang='grc' dir='ltr'>ἅπασαν</span> <span class='ocrx_word' id='word_1_302' title='bbox 2362 3697 2453 3747; x_wconf 85' lang='grc' dir='ltr'>ὲκ-</span> 
     </span>
    </p>
   </div>
   <div class='ocr_carea' id='block_1_39' title="bbox 790 3772 2455 3850">
    <p class='ocr_par' dir='ltr' id='par_1_39' title="bbox 790 3772 2455 3850">
     <span class='ocr_line' id='line_1_39' title="bbox 790 3772 2455 3850; baseline 0.004 -24"><span class='ocrx_word' id='word_1_303' title='bbox 790 3772 1046 3844; x_wconf 82' lang='grc' dir='ltr'>καθαριεῖ</span> <span class='ocrx_word' id='word_1_304' title='bbox 1069 3775 1168 3845; x_wconf 87' lang='grc' dir='ltr'>τῆς</span> <span class='ocrx_word' id='word_1_305' title='bbox 1196 3774 1488 3836; x_wconf 83' lang='grc' dir='ltr'>ἀκολασίας</span> <span class='ocrx_word' id='word_1_306' title='bbox 1516 3775 1613 3847; x_wconf 80' lang='grc' dir='ltr'>τὴν</span> <span class='ocrx_word' id='word_1_307' title='bbox 1647 3776 1943 3848; x_wconf 86' lang='grc' dir='ltr'>ἁμαρτίαν.</span> <span class='ocrx_word' id='word_1_308' title='bbox 1976 3777 2325 3850; x_wconf 84' lang='grc' dir='ltr'>Πυρώσωμεν</span> <span class='ocrx_word' id='word_1_309' title='bbox 2355 3781 2455 3833; x_wconf 87' lang='grc' dir='ltr'>αὑ-</span> 
     </span>
    </p>
   </div>
   <div class='ocr_carea' id='block_1_40' title="bbox 789 3854 2456 3936">
    <p class='ocr_par' dir='ltr' id='par_1_40' title="bbox 789 3854 2456 3936">
     <span class='ocr_line' id='line_1_40' title="bbox 789 3854 2456 3936; baseline 0.004 -24"><span class='ocrx_word' id='word_1_310' title='bbox 789 3862 891 3933; x_wconf 84' lang='grc' dir='ltr'>τὴν</span> <span class='ocrx_word' id='word_1_311' title='bbox 913 3854 1017 3915; x_wconf 81' lang='grc' dir='ltr'>ὧδε</span> <span class='ocrx_word' id='word_1_312' title='bbox 1052 3862 1131 3933; x_wconf 85' lang='grc' dir='ltr'>τῷ</span> <span class='ocrx_word' id='word_1_313' title='bbox 1161 3863 1305 3932; x_wconf 85' lang='grc' dir='ltr'>λόγῳ</span> <span class='ocrx_word' id='word_1_314' title='bbox 1333 3861 1432 3932; x_wconf 84' lang='grc' dir='ltr'>τῆς</span> <span class='ocrx_word' id='word_1_315' title='bbox 1460 3862 1841 3930; x_wconf 81' lang='grc' dir='ltr'>διδασκαλίας’,</span> <span class='ocrx_word' id='word_1_316' title='bbox 1867 3865 1953 3918; x_wconf 82' lang='grc' dir='ltr'>ἴνα</span> <span class='ocrx_word' id='word_1_317' title='bbox 1995 3865 2068 3936; x_wconf 82' lang='grc' dir='ltr'>μὴ</span> <span class='ocrx_word' id='word_1_318' title='bbox 2095 3866 2456 3934; x_wconf 73' lang='grc' dir='ltr'>ἀναγκασθῶ-</span> 
     </span>
    </p>
   </div>
   <div class='ocr_carea' id='block_1_41' title="bbox 793 3948 2457 4024">
    <p class='ocr_par' dir='ltr' id='par_1_41' title="bbox 793 3948 2457 4024">
     <span class='ocr_line' id='line_1_41' title="bbox 793 3948 2457 4024; baseline 0.003 -22"><span class='ocrx_word' id='word_1_319' title='bbox 793 3964 894 4019; x_wconf 85' lang='grc' dir='ltr'>μεν</span> <span class='ocrx_word' id='word_1_320' title='bbox 915 3948 1085 4019; x_wconf 83' lang='grc' dir='ltr'>αὑτήν</span> <span class='ocrx_word' id='word_1_321' title='bbox 1113 3951 1231 4003; x_wconf 87' lang='grc' dir='ltr'>ἐκεῖ</span> <span class='ocrx_word' id='word_1_322' title='bbox 1259 3951 1508 4020; x_wconf 85' lang='grc' dir='ltr'>πυρῶσαι</span> <span class='ocrx_word' id='word_1_323' title='bbox 1533 3949 1612 4021; x_wconf 82' lang='grc' dir='ltr'>τῷ</span> <span class='ocrx_word' id='word_1_324' title='bbox 1645 3952 1780 4022; x_wconf 73' lang='grc' dir='ltr'>πυρὶ</span> <span class='ocrx_word' id='word_1_325' title='bbox 1806 3951 1906 4020; x_wconf 86' lang='grc' dir='ltr'>τῆς</span> <span class='ocrx_word' id='word_1_326' title='bbox 1941 3953 2187 4024; x_wconf 85' lang='grc' dir='ltr'>γεέννης.</span> <span class='ocrx_word' id='word_1_327' title='bbox 2225 3953 2336 4024; x_wconf 84' lang='grc' dir='ltr'>Τὴν</span> <span class='ocrx_word' id='word_1_328' title='bbox 2361 3955 2457 4024; x_wconf 83' lang='grc' dir='ltr'>μὲν</span> 
     </span>
    </p>
   </div>
   <div class='ocr_carea' id='block_1_42' title="bbox 789 4035 2458 4110">
    <p class='ocr_par' dir='ltr' id='par_1_42' title="bbox 789 4035 2458 4110">
     <span class='ocr_line' id='line_1_42' title="bbox 789 4035 2458 4110; baseline 0.003 -20"><span class='ocrx_word' id='word_1_329' title='bbox 789 4036 898 4109; x_wconf 89' lang='grc' dir='ltr'>γάρ</span> <span class='ocrx_word' id='word_1_330' title='bbox 928 4036 1178 4090; x_wconf 85' lang='grc' dir='ltr'>ἐντεῦθεν</span> <span class='ocrx_word' id='word_1_331' title='bbox 1213 4035 1555 4090; x_wconf 80' lang='grc' dir='ltr'>ἀπελθοῦσαν</span> <span class='ocrx_word' id='word_1_332' title='bbox 1590 4037 1838 4107; x_wconf 82' lang='grc' dir='ltr'>καθαράν</span> <span class='ocrx_word' id='word_1_333' title='bbox 1866 4039 2022 4091; x_wconf 83' lang='grc' dir='ltr'>οὑδέν</span> <span class='ocrx_word' id='word_1_334' title='bbox 2057 4040 2232 4092; x_wconf 90' lang='grc' dir='ltr'>ἐκεῖνο</span> <span class='ocrx_word' id='word_1_335' title='bbox 2267 4040 2458 4110; x_wconf 75' lang='grc' dir='ltr'>βλάψει</span> 
     </span>
    </p>
   </div>
   <div class='ocr_carea' id='block_1_43' title="bbox 788 4121 2458 4195">
    <p class='ocr_par' dir='ltr' id='par_1_43' title="bbox 788 4121 2458 4195">
     <span class='ocr_line' id='line_1_43' title="bbox 788 4121 2458 4195; baseline 0.004 -19"><span class='ocrx_word' id='word_1_336' title='bbox 788 4123 851 4177; x_wconf 79' lang='grc' dir='ltr'>τὸ</span> <span class='ocrx_word' id='word_1_337' title='bbox 878 4122 991 4195; x_wconf 86' lang='grc' dir='ltr'>πῦρ</span> <span class='ocrx_word' id='word_1_338' title='bbox 1011 4141 1026 4154; x_wconf 89' lang='grc'><strong>·</strong></span> <span class='ocrx_word' id='word_1_339' title='bbox 1059 4123 1157 4195; x_wconf 80' lang='grc' dir='ltr'>τὴν</span> <span class='ocrx_word' id='word_1_340' title='bbox 1186 4121 1243 4176; x_wconf 85' lang='grc' dir='ltr'>δὲ</span> <span class='ocrx_word' id='word_1_341' title='bbox 1281 4123 1420 4193; x_wconf 88' lang='grc' dir='ltr'>μετά</span> <span class='ocrx_word' id='word_1_342' title='bbox 1454 4124 1868 4194; x_wconf 83' lang='grc' dir='ltr'>ἁμαρτημάτων</span> <span class='ocrx_word' id='word_1_343' title='bbox 1905 4124 2246 4180; x_wconf 89' lang='grc' dir='ltr'>ἀπελθοῦσαν</span> <span class='ocrx_word' id='word_1_344' title='bbox 2275 4127 2458 4182; x_wconf 85' lang='grc' dir='ltr'>ἐντεῦ-</span> 
     </span>
    </p>
   </div>
   <div class='ocr_carea' id='block_1_44' title="bbox 789 4211 2458 4286">
    <p class='ocr_par' dir='ltr' id='par_1_44' title="bbox 789 4211 2458 4286">
     <span class='ocr_line' id='line_1_44' title="bbox 789 4211 2458 4286; baseline 0.003 -21"><span class='ocrx_word' id='word_1_345' title='bbox 789 4212 882 4265; x_wconf 84' lang='grc' dir='ltr'>θεν</span> <span class='ocrx_word' id='word_1_346' title='bbox 920 4212 1095 4266; x_wconf 89' lang='grc' dir='ltr'>ἐκεῖνο</span> <span class='ocrx_word' id='word_1_347' title='bbox 1127 4211 1336 4278; x_wconf 78' lang='grc' dir='ltr'>δέξεται</span> <span class='ocrx_word' id='word_1_348' title='bbox 1380 4212 1443 4265; x_wconf 80' lang='grc' dir='ltr'>τὸ</span> <span class='ocrx_word' id='word_1_349' title='bbox 1493 4211 1624 4282; x_wconf 85' lang='grc' dir='ltr'>πῦρ.</span> <span class='ocrx_word' id='word_1_350' title='bbox 1685 4212 1978 4268; x_wconf 77' lang='grc' dir='ltr'>Ἑκάστου</span> <span class='ocrx_word' id='word_1_351' title='bbox 2014 4212 2146 4284; x_wconf 74' lang='grc' dir='ltr'>γὰρ,</span> <span class='ocrx_word' id='word_1_352' title='bbox 2185 4217 2351 4286; x_wconf 80' lang='grc' dir='ltr'>φησὶ,</span> <span class='ocrx_word' id='word_1_353' title='bbox 2392 4216 2458 4270; x_wconf 87' lang='grc' dir='ltr'>τὸ</span> 
     </span>
    </p>
   </div>
   <div class='ocr_carea' id='block_1_45' title="bbox 788 4299 2458 4376">
    <p class='ocr_par' dir='ltr' id='par_1_45' title="bbox 788 4299 2458 4376">
     <span class='ocr_line' id='line_1_45' title="bbox 788 4299 2458 4376; baseline 0.005 -27"><span class='ocrx_word' id='word_1_354' title='bbox 788 4300 968 4369; x_wconf 69' lang='grc' dir='ltr'>ἔργον</span> <span class='ocrx_word' id='word_1_355' title='bbox 1004 4299 1217 4355; x_wconf 78' lang='grc' dir='ltr'>ὁποῖόν</span> <span class='ocrx_word' id='word_1_356' title='bbox 1246 4301 1377 4354; x_wconf 87' lang='grc' dir='ltr'>ἐστι</span> <span class='ocrx_word' id='word_1_357' title='bbox 1419 4301 1486 4354; x_wconf 83' lang='grc' dir='ltr'>τὸ</span> <span class='ocrx_word' id='word_1_358' title='bbox 1523 4301 1644 4371; x_wconf 80' lang='grc' dir='ltr'>πῦρ</span> <span class='ocrx_word' id='word_1_359' title='bbox 1676 4300 2012 4370; x_wconf 81' lang='grc' dir='ltr'>δοκιμάσει.</span> <span class='ocrx_word' id='word_1_360' title='bbox 2062 4303 2458 4376; x_wconf 86' lang='grc' dir='ltr'>Δοκιμάσωμεν</span> 
     </span>
    </p>
   </div>
   <div class='ocr_carea' id='block_1_46' title="bbox 790 4383 2459 4458">
    <p class='ocr_par' dir='ltr' id='par_1_46' title="bbox 790 4383 2459 4458">
     <span class='ocr_line' id='line_1_46' title="bbox 790 4383 2459 4458; baseline 0.003 -23"><span class='ocrx_word' id='word_1_361' title='bbox 790 4385 1016 4445; x_wconf 75' lang='grc' dir='ltr'>ἑαυτοὺς</span> <span class='ocrx_word' id='word_1_362' title='bbox 1030 4383 1126 4437; x_wconf 87' lang='grc' dir='ltr'>νῦν</span> <span class='ocrx_word' id='word_1_363' title='bbox 1140 4384 1307 4454; x_wconf 75' lang='grc' dir='ltr'>χωρὶς</span> <span class='ocrx_word' id='word_1_364' title='bbox 1328 4383 1542 4453; x_wconf 81' lang='grc' dir='ltr'>ὀδύνης,</span> <span class='ocrx_word' id='word_1_365' title='bbox 1559 4385 1646 4438; x_wconf 84' lang='grc' dir='ltr'>ἵνα</span> <span class='ocrx_word' id='word_1_366' title='bbox 1665 4383 1740 4455; x_wconf 85' lang='grc' dir='ltr'>μὴ</span> <span class='ocrx_word' id='word_1_367' title='bbox 1752 4384 2165 4455; x_wconf 66' lang='grc' dir='ltr'>ὼκιμασθῶμεν</span> <span class='ocrx_word' id='word_1_368' title='bbox 2181 4387 2299 4440; x_wconf 88' lang='grc' dir='ltr'>τότε</span> <span class='ocrx_word' id='word_1_369' title='bbox 2320 4386 2459 4458; x_wconf 82' lang='grc' dir='ltr'>μετὰ</span> 
     </span>
    </p>
   </div>
   <div class='ocr_carea' id='block_1_47' title="bbox 788 4467 2452 4543">
    <p class='ocr_par' dir='ltr' id='par_1_47' title="bbox 788 4467 2452 4543">
     <span class='ocr_line' id='line_1_47' title="bbox 788 4467 2452 4543; baseline 0.005 -23"><span class='ocrx_word' id='word_1_370' title='bbox 788 4467 1003 4536; x_wconf 80' lang='grc' dir='ltr'>ὀδύνης.</span> <span class='ocrx_word' id='word_1_371' title='bbox 1039 4467 1192 4540; x_wconf 72' lang='grc'>[321]</span> <span class='ocrx_word' id='word_1_372' title='bbox 1215 4469 1356 4522; x_wconf 87' lang='grc' dir='ltr'>Ὅσα</span> <span class='ocrx_word' id='word_1_373' title='bbox 1396 4468 1463 4522; x_wconf 80' lang='grc' dir='ltr'>ἂν</span> <span class='ocrx_word' id='word_1_374' title='bbox 1493 4469 1676 4540; x_wconf 82' lang='grc' dir='ltr'>εἴπῃς,</span> <span class='ocrx_word' id='word_1_375' title='bbox 1708 4470 1902 4540; x_wconf 74' lang='grc' dir='ltr'>φησὶν,</span> <span class='ocrx_word' id='word_1_376' title='bbox 1932 4471 2186 4535; x_wconf 87' lang='grc' dir='ltr'>ἐπίπονος</span> <span class='ocrx_word' id='word_1_377' title='bbox 2211 4474 2240 4525; x_wconf 92' lang='lat'>6</span> <span class='ocrx_word' id='word_1_378' title='bbox 2270 4473 2452 4543; x_wconf 86' lang='grc' dir='ltr'>νόμος.</span> 
     </span>
    </p>
   </div>
   <div class='ocr_carea' id='block_1_48' title="bbox 789 4552 2455 4632">
    <p class='ocr_par' dir='ltr' id='par_1_48' title="bbox 789 4552 2455 4632">
     <span class='ocr_line' id='line_1_48' title="bbox 789 4552 2455 4632; baseline 0.003 -23"><span class='ocrx_word' id='word_1_379' title='bbox 789 4557 857 4609; x_wconf 80' lang='grc' dir='ltr'>Τί</span> <span class='ocrx_word' id='word_1_380' title='bbox 901 4552 1026 4622; x_wconf 79' lang='grc' dir='ltr'>οὗνς</span> <span class='ocrx_word' id='word_1_381' title='bbox 1063 4554 1301 4611; x_wconf 88' lang='grc' dir='ltr'>ἀδύνατα</span> <span class='ocrx_word' id='word_1_382' title='bbox 1342 4557 1472 4628; x_wconf 77' lang='grc' dir='ltr'>ἡμῖν</span> <span class='ocrx_word' id='word_1_383' title='bbox 1503 4559 1533 4612; x_wconf 91' lang='lat'>6</span> <span class='ocrx_word' id='word_1_384' title='bbox 1573 4557 1706 4622; x_wconf 84' lang='grc' dir='ltr'>Θεὸς</span> <span class='ocrx_word' id='word_1_385' title='bbox 1746 4561 2106 4629; x_wconf 73' lang='grc' dir='ltr'>προστάττεις</span> <span class='ocrx_word' id='word_1_386' title='bbox 2153 4559 2228 4613; x_wconf 81' lang='grc' dir='ltr'>Οῦ</span> <span class='ocrx_word' id='word_1_387' title='bbox 2273 4577 2455 4632; x_wconf 88' lang='grc' dir='ltr'>φημι·</span> 
     </span>
    </p>
   </div>
   <div class='ocr_carea' id='block_1_49' title="bbox 788 4641 2459 4720">
    <p class='ocr_par' dir='ltr' id='par_1_49' title="bbox 788 4641 2459 4720">
     <span class='ocr_line' id='line_1_49' title="bbox 788 4641 2459 4720; baseline 0.003 -23"><span class='ocrx_word' id='word_1_388' title='bbox 788 4641 1212 4714; x_wconf 74' lang='grc' dir='ltr'>ἐπιστομίξουδ,</span> <span class='ocrx_word' id='word_1_389' title='bbox 1238 4643 1312 4716; x_wconf 79' lang='grc' dir='ltr'>μή</span> <span class='ocrx_word' id='word_1_390' title='bbox 1342 4645 1639 4716; x_wconf 88' lang='grc' dir='ltr'>κατηγόρει</span> <span class='ocrx_word' id='word_1_391' title='bbox 1657 4644 1751 4699; x_wconf 87' lang='grc' dir='ltr'>τοῦ</span> <span class='ocrx_word' id='word_1_392' title='bbox 1773 4647 2045 4702; x_wconf 87' lang='grc' dir='ltr'>Δεσπότου</span> <span class='ocrx_word' id='word_1_393' title='bbox 2061 4664 2076 4679; x_wconf 76' lang='grc' dir='ltr'><strong>ο</strong></span> <span class='ocrx_word' id='word_1_394' title='bbox 2103 4648 2166 4701; x_wconf 83' lang='grc' dir='ltr'>οὑ</span> <span class='ocrx_word' id='word_1_395' title='bbox 2182 4647 2290 4720; x_wconf 87' lang='grc' dir='ltr'>γάρ</span> <span class='ocrx_word' id='word_1_396' title='bbox 2313 4651 2459 4703; x_wconf 89' lang='grc' dir='ltr'>ἐστιν</span> 
     </span>
    </p>
   </div>
   <div class='ocr_carea' id='block_1_50' title="bbox 791 4729 2460 4807">
    <p class='ocr_par' dir='ltr' id='par_1_50' title="bbox 791 4729 2460 4807">
     <span class='ocr_line' id='line_1_50' title="bbox 791 4729 2460 4807; baseline 0.001 -20"><span class='ocrx_word' id='word_1_397' title='bbox 791 4729 1089 4798; x_wconf 83' lang='grc' dir='ltr'>ἀπολογίας</span> <span class='ocrx_word' id='word_1_398' title='bbox 1108 4729 1309 4800; x_wconf 87' lang='grc' dir='ltr'>τρόπος</span> <span class='ocrx_word' id='word_1_399' title='bbox 1329 4770 1345 4795; x_wconf 93' lang='grc'>,</span> <span class='ocrx_word' id='word_1_400' title='bbox 1384 4730 1520 4784; x_wconf 89' lang='grc' dir='ltr'>ἀλλά</span> <span class='ocrx_word' id='word_1_401' title='bbox 1551 4733 1824 4802; x_wconf 82' lang='grc' dir='ltr'>ἁμαρτίας</span> <span class='ocrx_word' id='word_1_402' title='bbox 1850 4733 2136 4805; x_wconf 84' lang='grc' dir='ltr'>προσθήκη</span> <span class='ocrx_word' id='word_1_403' title='bbox 2179 4735 2280 4804; x_wconf 89' lang='grc' dir='ltr'>τῆς</span> <span class='ocrx_word' id='word_1_404' title='bbox 2327 4752 2460 4807; x_wconf 83' lang='grc' dir='ltr'>προ-</span> 
     </span>
    </p>
   </div>
   <div class='ocr_carea' id='block_1_51' title="bbox 786 4817 2460 4892">
    <p class='ocr_par' dir='ltr' id='par_1_51' title="bbox 786 4817 2460 4892">
     <span class='ocr_line' id='line_1_51' title="bbox 786 4817 2460 4892; baseline 0.004 -23"><span class='ocrx_word' id='word_1_405' title='bbox 786 4818 954 4887; x_wconf 84' lang='grc' dir='ltr'>τέρας</span> <span class='ocrx_word' id='word_1_406' title='bbox 991 4817 1370 4889; x_wconf 83' lang='grc' dir='ltr'>χαλεπωτέρα.</span> <span class='ocrx_word' id='word_1_407' title='bbox 1426 4817 1549 4871; x_wconf 83' lang='grc' dir='ltr'>ὀτι</span> <span class='ocrx_word' id='word_1_408' title='bbox 1580 4817 1635 4872; x_wconf 76' lang='grc' dir='ltr'>δέ</span> <span class='ocrx_word' id='word_1_409' title='bbox 1679 4821 1791 4882; x_wconf 85' lang='grc' dir='ltr'>τοῖς</span> <span class='ocrx_word' id='word_1_410' title='bbox 1835 4818 2044 4884; x_wconf 81' lang='grc' dir='ltr'>πολλοῖς</span> <span class='ocrx_word' id='word_1_411' title='bbox 2071 4819 2180 4874; x_wconf 86' lang='grc' dir='ltr'>τῶν</span> <span class='ocrx_word' id='word_1_412' title='bbox 2207 4821 2460 4892; x_wconf 83' lang='grc' dir='ltr'>ἁμαρτα-</span> 
     </span>
    </p>
   </div>
   <div class='ocr_carea' id='block_1_52' title="bbox 787 4901 2454 4980">
    <p class='ocr_par' dir='ltr' id='par_1_52' title="bbox 787 4901 2454 4980">
     <span class='ocr_line' id='line_1_52' title="bbox 787 4901 2454 4980; baseline 0.004 -23"><span class='ocrx_word' id='word_1_413' title='bbox 787 4904 992 4957; x_wconf 87' lang='grc' dir='ltr'>νόντων</span> <span class='ocrx_word' id='word_1_414' title='bbox 1020 4902 1140 4967; x_wconf 77' lang='grc' dir='ltr'>ῐθος</span> <span class='ocrx_word' id='word_1_415' title='bbox 1165 4901 1259 4956; x_wconf 81' lang='grc' dir='ltr'>ἐπὶ</span> <span class='ocrx_word' id='word_1_416' title='bbox 1299 4904 1391 4958; x_wconf 87' lang='grc' dir='ltr'>τὸν</span> <span class='ocrx_word' id='word_1_417' title='bbox 1427 4905 1704 4978; x_wconf 84' lang='grc' dir='ltr'>Δεσπότην</span> <span class='ocrx_word' id='word_1_418' title='bbox 1750 4905 1929 4975; x_wconf 87' lang='grc' dir='ltr'>ἀφίειν</span> <span class='ocrx_word' id='word_1_419' title='bbox 1955 4918 1979 4945; x_wconf 78' lang='grc' dir='ltr'><strong>ο</strong></span> <span class='ocrx_word' id='word_1_420' title='bbox 2005 4905 2072 4962; x_wconf 88' lang='grc' dir='ltr'>τά</span> <span class='ocrx_word' id='word_1_421' title='bbox 2113 4908 2454 4980; x_wconf 88' lang='grc' dir='ltr'>ἐγκλήματα,</span> 
     </span>
    </p>
   </div>
   <div class='ocr_carea' id='block_1_53' title="bbox 787 4991 2458 5065">
    <p class='ocr_par' dir='ltr' id='par_1_53' title="bbox 787 4991 2458 5065">
     <span class='ocr_line' id='line_1_53' title="bbox 787 4991 2458 5065; baseline 0.004 -18"><span class='ocrx_word' id='word_1_422' title='bbox 787 4992 1042 5048; x_wconf 77' lang='grc' dir='ltr'>ἄκουσον.</span> <span class='ocrx_word' id='word_1_423' title='bbox 1091 4991 1405 5065; x_wconf 83' lang='grc' dir='ltr'>Προσῆλθεν</span> <span class='ocrx_word' id='word_1_424' title='bbox 1445 4995 1654 5059; x_wconf 86' lang='grc' dir='ltr'>ἐκεῖνος</span> <span class='ocrx_word' id='word_1_425' title='bbox 1691 4996 1722 5048; x_wconf 88' lang='lat'>6</span> <span class='ocrx_word' id='word_1_426' title='bbox 1770 4994 1840 5050; x_wconf 91' lang='grc' dir='ltr'>τά</span> <span class='ocrx_word' id='word_1_427' title='bbox 1880 4995 2041 5050; x_wconf 88' lang='grc' dir='ltr'>πέντε</span> <span class='ocrx_word' id='word_1_428' title='bbox 2087 4996 2327 5053; x_wconf 87' lang='grc' dir='ltr'>τάλαντα</span> <span class='ocrx_word' id='word_1_429' title='bbox 2368 5016 2458 5052; x_wconf 83' lang='grc' dir='ltr'>πι-</span> 
     </span>
    </p>
   </div>
   <div class='ocr_carea' id='block_1_54' title="bbox 790 5080 2458 5156">
    <p class='ocr_par' dir='ltr' id='par_1_54' title="bbox 790 5080 2458 5156">
     <span class='ocr_line' id='line_1_54' title="bbox 790 5080 2458 5156; baseline 0.004 -23"><span class='ocrx_word' id='word_1_430' title='bbox 790 5080 1068 5146; x_wconf 78' lang='grc' dir='ltr'>στευθεὶς,</span> <span class='ocrx_word' id='word_1_431' title='bbox 1104 5082 1201 5136; x_wconf 76' lang='grc' dir='ltr'>καὶ</span> <span class='ocrx_word' id='word_1_432' title='bbox 1241 5082 1615 5152; x_wconf 82' lang='grc' dir='ltr'>προσήνεγκεν</span> <span class='ocrx_word' id='word_1_433' title='bbox 1660 5081 1798 5136; x_wconf 83' lang='grc' dir='ltr'>ἀλλα</span> <span class='ocrx_word' id='word_1_434' title='bbox 1846 5083 2007 5137; x_wconf 87' lang='grc' dir='ltr'>πέντε</span> <span class='ocrx_word' id='word_1_435' title='bbox 2031 5099 2046 5115; x_wconf 91' lang='grc'><strong>·</strong></span> <span class='ocrx_word' id='word_1_436' title='bbox 2093 5085 2400 5156; x_wconf 79' lang='grc' dir='ltr'>προσῆλθεν</span> <span class='ocrx_word' id='word_1_437' title='bbox 2429 5088 2458 5140; x_wconf 93' lang='lat'>6</span> 
     </span>
    </p>
   </div>
   <div class='ocr_carea' id='block_1_55' title="bbox 786 5171 2452 5244">
    <p class='ocr_par' dir='ltr' id='par_1_55' title="bbox 786 5171 2452 5244">
     <span class='ocr_line' id='line_1_55' title="bbox 786 5171 2452 5244; baseline 0.003 -20"><span class='ocrx_word' id='word_1_438' title='bbox 786 5171 856 5224; x_wconf 69' lang='grc' dir='ltr'>τὰ</span> <span class='ocrx_word' id='word_1_439' title='bbox 885 5171 979 5226; x_wconf 89' lang='grc' dir='ltr'>δύο</span> <span class='ocrx_word' id='word_1_440' title='bbox 1003 5171 1243 5227; x_wconf 86' lang='grc' dir='ltr'>τάλαντα</span> <span class='ocrx_word' id='word_1_441' title='bbox 1275 5171 1604 5237; x_wconf 67' lang='grc' dir='ltr'>πιστευθεὶς,</span> <span class='ocrx_word' id='word_1_442' title='bbox 1637 5173 1730 5226; x_wconf 75' lang='grc' dir='ltr'>καὶ</span> <span class='ocrx_word' id='word_1_443' title='bbox 1757 5177 2133 5244; x_wconf 82' lang='grc' dir='ltr'>προσήνεγκεν</span> <span class='ocrx_word' id='word_1_444' title='bbox 2161 5175 2296 5229; x_wconf 80' lang='grc' dir='ltr'>ἀλλα</span> <span class='ocrx_word' id='word_1_445' title='bbox 2325 5176 2419 5229; x_wconf 91' lang='grc' dir='ltr'>δύο</span> <span class='ocrx_word' id='word_1_446' title='bbox 2439 5193 2452 5205; x_wconf 89' lang='grc'><strong>·</strong></span> 
     </span>
    </p>
   </div>
   <div class='ocr_carea' id='block_1_56' title="bbox 789 5258 2456 5334">
    <p class='ocr_par' dir='ltr' id='par_1_56' title="bbox 789 5258 2456 5334">
     <span class='ocr_line' id='line_1_56' title="bbox 789 5258 2456 5334; baseline 0.003 -23"><span class='ocrx_word' id='word_1_447' title='bbox 789 5258 1093 5330; x_wconf 78' lang='grc' dir='ltr'>προσῆλθεν</span> <span class='ocrx_word' id='word_1_448' title='bbox 1143 5259 1173 5312; x_wconf 97' lang='lat'>6</span> <span class='ocrx_word' id='word_1_449' title='bbox 1199 5261 1260 5314; x_wconf 83' lang='grc' dir='ltr'>τὸ</span> <span class='ocrx_word' id='word_1_450' title='bbox 1290 5259 1553 5314; x_wconf 84' lang='grc' dir='ltr'>τάλαντον</span> <span class='ocrx_word' id='word_1_451' title='bbox 1586 5260 1920 5327; x_wconf 74' lang='grc' dir='ltr'>πιστευθεὶς,</span> <span class='ocrx_word' id='word_1_452' title='bbox 1959 5262 2054 5315; x_wconf 73' lang='grc' dir='ltr'>καὶ</span> <span class='ocrx_word' id='word_1_453' title='bbox 2095 5262 2284 5334; x_wconf 81' lang='grc' dir='ltr'>ἐπειδὴ</span> <span class='ocrx_word' id='word_1_454' title='bbox 2328 5261 2456 5317; x_wconf 81' lang='grc' dir='ltr'>ἀλλο</span> 
     </span>
    </p>
   </div>
   <div class='ocr_carea' id='block_1_57' title="bbox 849 5413 2457 5481">
    <p class='ocr_par' dir='ltr' id='par_1_57' title="bbox 849 5413 2457 5481">
     <span class='ocr_line' id='line_1_57' title="bbox 849 5413 2457 5481; baseline 0.004 -18"><span class='ocrx_word' id='word_1_455' title='bbox 849 5415 878 5444; x_wconf 82' lang='grc'>⁸</span> <span class='ocrx_word' id='word_1_456' title='bbox 899 5413 1056 5481; x_wconf 69' lang='grc' dir='ltr'>Λιιὼο</span> <span class='ocrx_word' id='word_1_457' title='bbox 1072 5416 1175 5481; x_wconf 69' lang='grc' dir='ltr'>πῶς</span> <span class='ocrx_word' id='word_1_458' title='bbox 1193 5416 1359 5481; x_wconf 81' lang='grc' dir='ltr'>θλῖψις.</span> <span class='ocrx_word' id='word_1_459' title='bbox 1388 5414 1507 5481; x_wconf 71' lang='grc' dir='ltr'>Μοέ</span> <span class='ocrx_word' id='word_1_460' title='bbox 1527 5421 1636 5481; x_wconf 77' lang='grc' dir='ltr'>ροει</span> <span class='ocrx_word' id='word_1_461' title='bbox 1675 5415 1872 5481; x_wconf 75' lang='grc' dir='ltr'>ἐλαφρόν</span> <span class='ocrx_word' id='word_1_462' title='bbox 1899 5429 2117 5479; x_wconf 82' lang='lat' dir='ltr'>sequens</span> <span class='ocrx_word' id='word_1_463' title='bbox 2138 5423 2348 5480; x_wconf 78' lang='lat' dir='ltr'>uterque</span> <span class='ocrx_word' id='word_1_464' title='bbox 2373 5432 2457 5469; x_wconf 84' lang='grc' dir='ltr'>οο-</span> 
     </span>
    </p>
   </div>
   <div class='ocr_carea' id='block_1_58' title="bbox 787 5476 2065 5546">
    <p class='ocr_par' dir='ltr' id='par_1_58' title="bbox 787 5476 2065 5546">
     <span class='ocr_line' id='line_1_58' title="bbox 787 5476 2065 5546; baseline 0.001 0"><span class='ocrx_word' id='word_1_465' title='bbox 787 5476 886 5546; x_wconf 59' lang='grc' dir='ltr'>ειεὲ</span> <span class='ocrx_word' id='word_1_466' title='bbox 911 5476 968 5546; x_wconf 57' lang='grc' dir='ltr'>εδ</span> <span class='ocrx_word' id='word_1_467' title='bbox 988 5483 1072 5546; x_wconf 66' lang='grc' dir='ltr'>τῆς</span> <span class='ocrx_word' id='word_1_468' title='bbox 1092 5476 1307 5542; x_wconf 60' lang='lat' dir='ltr'>eum.</span> <span class='ocrx_word' id='word_1_469' title='bbox 1330 5481 1434 5546; x_wconf 59' lang='grc' dir='ltr'>πῶς</span> <span class='ocrx_word' id='word_1_470' title='bbox 1452 5477 1536 5529; x_wconf 74' lang='grc' dir='ltr'>οὖν</span> <span class='ocrx_word' id='word_1_471' title='bbox 1555 5476 1920 5546; x_wconf 59' lang='grc' dir='ltr'>έσῖιγὲλάφρὸν»</span> <span class='ocrx_word' id='word_1_472' title='bbox 1935 5476 2065 5546; x_wconf 55' lang='grc' dir='ltr'>πῶς</span> 
     </span>
    </p>
   </div>
   <div class='ocr_carea' id='block_1_59' title="bbox 849 5537 2456 5616">
    <p class='ocr_par' dir='ltr' id='par_1_59' title="bbox 849 5537 2456 5616">
     <span class='ocr_line' id='line_1_59' title="bbox 849 5537 2456 5616; baseline 0.004 -29"><span class='ocrx_word' id='word_1_473' title='bbox 849 5537 878 5616; x_wconf 55' lang='grc' dir='ltr'><em>ξ</em></span> <span class='ocrx_word' id='word_1_474' title='bbox 899 5538 1052 5588; x_wconf 81' lang='lat' dir='ltr'>Ambo</span> <span class='ocrx_word' id='word_1_475' title='bbox 1071 5537 1189 5616; x_wconf 60' lang='grc' dir='ltr'>ωξεζ</span> <span class='ocrx_word' id='word_1_476' title='bbox 1208 5537 1581 5616; x_wconf 62' lang='grc' dir='ltr'>γαργαλίζουσιν.</span> <span class='ocrx_word' id='word_1_477' title='bbox 1627 5537 1758 5616; x_wconf 59' lang='grc' dir='ltr'>Εόίξζ</span> <span class='ocrx_word' id='word_1_478' title='bbox 1781 5537 2194 5616; x_wconf 64' lang='grc' dir='ltr'>γαργαλιζομένην.</span> <span class='ocrx_word' id='word_1_479' title='bbox 2218 5540 2342 5592; x_wconf 78' lang='lat' dir='ltr'>Infra</span> <span class='ocrx_word' id='word_1_480' title='bbox 2365 5541 2456 5616; x_wconf 74' lang='lat' dir='ltr'>Qt-</span> 
     </span>
    </p>
   </div>
   <div class='ocr_carea' id='block_1_60' title="bbox 789 5598 2448 5666">
    <p class='ocr_par' dir='ltr' id='par_1_60' title="bbox 789 5598 2448 5666">
     <span class='ocr_line' id='line_1_60' title="bbox 789 5598 2448 5666; baseline 0.004 -19"><span class='ocrx_word' id='word_1_481' title='bbox 789 5598 891 5666; x_wconf 55' lang='lat' dir='ltr'>gpb:</span> <span class='ocrx_word' id='word_1_482' title='bbox 919 5598 1284 5666; x_wconf 63' lang='grc' dir='ltr'>καταπαύσετὲ</span> <span class='ocrx_word' id='word_1_483' title='bbox 1307 5598 1391 5666; x_wconf 71' lang='grc' dir='ltr'>σοι</span> <span class='ocrx_word' id='word_1_484' title='bbox 1409 5601 1465 5649; x_wconf 84' lang='grc' dir='ltr'>τὸ</span> <span class='ocrx_word' id='word_1_485' title='bbox 1490 5601 1694 5664; x_wconf 83' lang='grc' dir='ltr'>νόσημα.</span> <span class='ocrx_word' id='word_1_486' title='bbox 1719 5598 2011 5663; x_wconf 58' lang='lat' dir='ltr'>Qu&#39;e&#39;léclio</span> <span class='ocrx_word' id='word_1_487' title='bbox 2036 5598 2131 5652; x_wconf 82' lang='lat' dir='ltr'><strong>hon</strong></span> <span class='ocrx_word' id='word_1_488' title='bbox 2153 5605 2448 5666; x_wconf 85' lang='lat' dir='ltr'>spernenda.</span> 
     </span>
    </p>
   </div>
   <div class='ocr_carea' id='block_1_61' title="bbox 788 5659 1994 5738">
    <p class='ocr_par' dir='ltr' id='par_1_61' title="bbox 788 5659 1994 5738">
     <span class='ocr_line' id='line_1_61' title="bbox 788 5659 1994 5738; baseline 0.002 -2"><span class='ocrx_word' id='word_1_489' title='bbox 788 5659 1097 5738; x_wconf 34' lang='lat' dir='ltr'>thy-“9:21,.</span> <span class='ocrx_word' id='word_1_490' title='bbox 1121 5664 1436 5738; x_wconf 62' lang='grc' dir='ltr'>ειειιδατφγδν·</span> <span class='ocrx_word' id='word_1_491' title='bbox 1600 5659 1624 5738; x_wconf 74' lang='grc' dir='ltr'><em>ὅ</em></span> <span class='ocrx_word' id='word_1_492' title='bbox 1887 5725 1912 5737; x_wconf 93' lang='grc'>..</span> <span class='ocrx_word' id='word_1_493' title='bbox 1981 5726 1994 5738; x_wconf 89' lang='grc'>.</span> 
     </span>
    </p>
   </div>
   <div class='ocr_carea' id='block_1_62' title="bbox 848 5721 2082 5848">
    <p class='ocr_par' dir='ltr' id='par_1_62' title="bbox 848 5721 2082 5848">
     <span class='ocr_line' id='line_1_62' title="bbox 848 5721 2082 5789; baseline -0.001 -17"><span class='ocrx_word' id='word_1_494' title='bbox 848 5724 874 5754; x_wconf 72' lang='grc' dir='ltr'><strong><em>ο</em></strong></span> <span class='ocrx_word' id='word_1_495' title='bbox 897 5721 1066 5774; x_wconf 78' lang='lat' dir='ltr'>Ouob.</span> <span class='ocrx_word' id='word_1_496' title='bbox 1085 5724 1244 5772; x_wconf 76' lang='grc' dir='ltr'>πλέον.</span> <span class='ocrx_word' id='word_1_497' title='bbox 1271 5721 1329 5774; x_wconf 74' lang='lat' dir='ltr'>Et</span> <span class='ocrx_word' id='word_1_498' title='bbox 1347 5721 1459 5774; x_wconf 80' lang='lat' dir='ltr'>inox</span> <span class='ocrx_word' id='word_1_499' title='bbox 1483 5724 1633 5780; x_wconf 81' lang='lat' dir='ltr'><strong>idem,</strong></span> <span class='ocrx_word' id='word_1_500' title='bbox 1654 5725 1736 5773; x_wconf 81' lang='grc' dir='ltr'>καί</span> <span class='ocrx_word' id='word_1_501' title='bbox 1758 5723 1834 5772; x_wconf 80' lang='grc' dir='ltr'>ἐπὶ</span> <span class='ocrx_word' id='word_1_502' title='bbox 1851 5725 1947 5773; x_wconf 80' lang='grc' dir='ltr'>τῶν</span> <span class='ocrx_word' id='word_1_503' title='bbox 1973 5726 2082 5789; x_wconf 71' lang='grc' dir='ltr'>ῥημ.</span> 
     </span>
     <span class='ocr_line' id='line_1_63' title="bbox 848 5781 2044 5848; baseline 0.002 -16"><span class='ocrx_word' id='word_1_504' title='bbox 848 5781 878 5824; x_wconf 75' lang='grc' dir='ltr'>ἀ</span> <span class='ocrx_word' id='word_1_505' title='bbox 902 5782 1068 5848; x_wconf 64' lang='grc' dir='ltr'>ρῑιοζι.</span> <span class='ocrx_word' id='word_1_506' title='bbox 1094 5785 1312 5848; x_wconf 75' lang='grc' dir='ltr'>εὐφήμει,</span> <span class='ocrx_word' id='word_1_507' title='bbox 1335 5788 1416 5834; x_wconf 83' lang='grc' dir='ltr'>καὶ</span> <span class='ocrx_word' id='word_1_508' title='bbox 1436 5785 1756 5848; x_wconf 75' lang='grc' dir='ltr'>έπιστομίζου.</span> <span class='ocrx_word' id='word_1_509' title='bbox 1783 5798 1878 5834; x_wconf 87' lang='lat' dir='ltr'>non</span> <span class='ocrx_word' id='word_1_510' title='bbox 1889 5789 2044 5848; x_wconf 72' lang='lat' dir='ltr'>male.</span> 
     </span>
    </p>
   </div>
   <div class='ocr_carea' id='block_1_63' title="bbox 849 5845 2017 5912">
    <p class='ocr_par' dir='ltr' id='par_1_63' title="bbox 849 5845 2017 5912">
     <span class='ocr_line' id='line_1_64' title="bbox 849 5845 2017 5912; baseline -0.001 -15"><span class='ocrx_word' id='word_1_511' title='bbox 849 5851 875 5880; x_wconf 77' lang='grc'><strong><em>⁸</em></strong></span> <span class='ocrx_word' id='word_1_512' title='bbox 897 5845 1049 5897; x_wconf 67' lang='lat' dir='ltr'>Sull.</span> <span class='ocrx_word' id='word_1_513' title='bbox 1091 5845 1358 5910; x_wconf 55' lang='lat' dir='ltr'>legendam</span> <span class='ocrx_word' id='word_1_514' title='bbox 1385 5847 1580 5909; x_wconf 71' lang='lat' dir='ltr'>conﬁcit</span> <span class='ocrx_word' id='word_1_515' title='bbox 1600 5845 1857 5912; x_wconf 74' lang='grc' dir='ltr'>ἀναφέρειν.</span> <span class='ocrx_word' id='word_1_516' title='bbox 1887 5847 2017 5897; x_wconf 74' lang='lat' dir='ltr'>Enn.</span> 
     </span>
    </p>
   </div>
   <div class='ocr_carea' id='block_1_64' title="bbox 1550 428 3388 498">
    <p class='ocr_par' dir='ltr' id='par_1_64' title="bbox 1550 428 3388 498">
     <span class='ocr_line' id='line_1_65' title="bbox 1550 428 3388 498; baseline 0.004 -10"><span class='ocrx_word' id='word_1_517' title='bbox 1550 433 1610 488; x_wconf 87' lang='lat' dir='ltr'>S.</span> <span class='ocrx_word' id='word_1_518' title='bbox 1647 432 1929 488; x_wconf 71' lang='lat' dir='ltr'>JOANNIS</span> <span class='ocrx_word' id='word_1_519' title='bbox 1966 430 2450 488; x_wconf 74' lang='lat' dir='ltr'>(IHRYSOSTOMI</span> <span class='ocrx_word' id='word_1_520' title='bbox 2488 428 2806 489; x_wconf 76' lang='lat' dir='ltr'>ARCHIEP.</span> <span class='ocrx_word' id='word_1_521' title='bbox 2842 437 3388 498; x_wconf 74' lang='lat' dir='ltr'>CONSTANTINOP.</span> 
     </span>
    </p>
   </div>
   <div class='ocr_carea' id='block_1_65' title="bbox 4121 450 4227 508">
    <p class='ocr_par' dir='ltr' id='par_1_65' title="bbox 4121 450 4227 508">
     <span class='ocr_line' id='line_1_66' title="bbox 4121 450 4227 508; baseline -0.019 -1"><span class='ocrx_word' id='word_1_522' title='bbox 4121 450 4227 508; x_wconf 75' lang='grc'>318</span> 
     </span>
    </p>
   </div>
   <div class='ocr_carea' id='block_1_66' title="bbox 2567 546 4226 634">
    <p class='ocr_par' dir='ltr' id='par_1_66' title="bbox 2567 546 4226 634">
     <span class='ocr_line' id='line_1_67' title="bbox 2567 546 4226 634; baseline 0.01 -34"><span class='ocrx_word' id='word_1_523' title='bbox 2567 546 2829 602; x_wconf 87' lang='grc' dir='ltr'>τάλαντον</span> <span class='ocrx_word' id='word_1_524' title='bbox 2862 561 3252 624; x_wconf 88' lang='grc' dir='ltr'>προσενεγκεῖν</span> <span class='ocrx_word' id='word_1_525' title='bbox 3271 557 3371 611; x_wconf 86' lang='grc' dir='ltr'>οὑκ</span> <span class='ocrx_word' id='word_1_526' title='bbox 3389 552 3551 629; x_wconf 73' lang='grc' dir='ltr'>εἶχεν,</span> <span class='ocrx_word' id='word_1_527' title='bbox 3569 553 3689 609; x_wconf 78' lang='grc' dir='ltr'>ἀντί⁸</span> <span class='ocrx_word' id='word_1_528' title='bbox 3706 555 3968 612; x_wconf 78' lang='grc' dir='ltr'>ταλάντου</span> <span class='ocrx_word' id='word_1_529' title='bbox 3990 578 4226 634; x_wconf 81' lang='grc' dir='ltr'>κατηγο-</span> 
     </span>
    </p>
   </div>
   <div class='ocr_carea' id='block_1_67' title="bbox 2567 635 4227 716">
    <p class='ocr_par' dir='ltr' id='par_1_67' title="bbox 2567 635 4227 716">
     <span class='ocr_line' id='line_1_68' title="bbox 2567 635 4227 716; baseline 0.011 -30"><span class='ocrx_word' id='word_1_530' title='bbox 2567 635 2688 705; x_wconf 90' lang='grc' dir='ltr'>ρίαν</span> <span class='ocrx_word' id='word_1_531' title='bbox 2731 639 3096 708; x_wconf 78' lang='grc' dir='ltr'>προσήνεγκε.</span> <span class='ocrx_word' id='word_1_532' title='bbox 3129 645 3255 707; x_wconf 85' lang='grc' dir='ltr'>Πῶς</span> <span class='ocrx_word' id='word_1_533' title='bbox 3296 661 3490 716; x_wconf 90' lang='grc' dir='ltr'>φησιν;</span> <span class='ocrx_word' id='word_1_534' title='bbox 3524 645 3747 712; x_wconf 80' lang='grc' dir='ltr'>Ἕγνων</span> <span class='ocrx_word' id='word_1_535' title='bbox 3768 656 3844 697; x_wconf 85' lang='grc' dir='ltr'>σε</span> <span class='ocrx_word' id='word_1_536' title='bbox 3866 643 3887 682; x_wconf 73' lang='grc' dir='ltr'>ί</span> <span class='ocrx_word' id='word_1_537' title='bbox 3917 644 4010 698; x_wconf 81' lang='grc' dir='ltr'>ὅτι</span> <span class='ocrx_word' id='word_1_538' title='bbox 4033 653 4227 716; x_wconf 66' lang='grc' dir='ltr'>σκλη-</span> 
     </span>
    </p>
   </div>
   <div class='ocr_carea' id='block_1_68' title="bbox 2557 721 4224 807">
    <p class='ocr_par' dir='ltr' id='par_1_68' title="bbox 2557 721 4224 807">
     <span class='ocr_line' id='line_1_69' title="bbox 2557 721 4224 807; baseline 0.008 -33"><span class='ocrx_word' id='word_1_539' title='bbox 2557 721 2671 788; x_wconf 83' lang='grc' dir='ltr'>ρὸς</span> <span class='ocrx_word' id='word_1_540' title='bbox 2723 723 2797 776; x_wconf 79' lang='grc' dir='ltr'>εί.</span> <span class='ocrx_word' id='word_1_541' title='bbox 2850 724 2915 776; x_wconf 86' lang='grc' dir='ltr'>Ὢ</span> <span class='ocrx_word' id='word_1_542' title='bbox 2965 726 3360 800; x_wconf 86' lang='grc' dir='ltr'>ἀγνωμοσύνης</span> <span class='ocrx_word' id='word_1_543' title='bbox 3407 731 3645 784; x_wconf 87' lang='grc' dir='ltr'>οἰκέτου·</span> <span class='ocrx_word' id='word_1_544' title='bbox 3693 729 3792 782; x_wconf 79' lang='grc' dir='ltr'>οὐκ</span> <span class='ocrx_word' id='word_1_545' title='bbox 3847 731 4100 799; x_wconf 82' lang='grc' dir='ltr'>ἀρκεῖται</span> <span class='ocrx_word' id='word_1_546' title='bbox 4155 739 4224 807; x_wconf 73' lang='grc' dir='ltr'>τῇ</span> 
     </span>
    </p>
   </div>
   <div class='ocr_carea' id='block_1_69' title="bbox 2566 810 4226 888">
    <p class='ocr_par' dir='ltr' id='par_1_69' title="bbox 2566 810 4226 888">
     <span class='ocr_line' id='line_1_70' title="bbox 2566 810 4226 888; baseline 0.007 -26"><span class='ocrx_word' id='word_1_547' title='bbox 2566 811 2833 884; x_wconf 77' lang='grc' dir='ltr'>ἁμαρτία,</span> <span class='ocrx_word' id='word_1_548' title='bbox 2865 810 2998 864; x_wconf 87' lang='grc' dir='ltr'>ἀλλά</span> <span class='ocrx_word' id='word_1_549' title='bbox 3027 813 3120 865; x_wconf 78' lang='grc' dir='ltr'>καὶ</span> <span class='ocrx_word' id='word_1_550' title='bbox 3159 819 3494 887; x_wconf 87' lang='grc' dir='ltr'>κατηγορίαν</span> <span class='ocrx_word' id='word_1_551' title='bbox 3519 819 3723 888; x_wconf 78' lang='grc' dir='ltr'>εἰσάγει</span> <span class='ocrx_word' id='word_1_552' title='bbox 3746 817 3880 870; x_wconf 78' lang='grc' dir='ltr'>κατὰ</span> <span class='ocrx_word' id='word_1_553' title='bbox 3910 816 4004 870; x_wconf 90' lang='grc' dir='ltr'>τοῦ</span> <span class='ocrx_word' id='word_1_554' title='bbox 4031 817 4226 874; x_wconf 81' lang='grc' dir='ltr'>δεσπό-</span> 
     </span>
    </p>
   </div>
   <div class='ocr_carea' id='block_1_70' title="bbox 2563 899 4226 974">
    <p class='ocr_par' dir='ltr' id='par_1_70' title="bbox 2563 899 4226 974">
     <span class='ocr_line' id='line_1_71' title="bbox 2563 899 4226 974; baseline 0.007 -25"><span class='ocrx_word' id='word_1_555' title='bbox 2563 914 2658 950; x_wconf 88' lang='grc' dir='ltr'>του</span> <span class='ocrx_word' id='word_1_556' title='bbox 2679 914 2693 926; x_wconf 91' lang='grc'><strong>·</strong></span> <span class='ocrx_word' id='word_1_557' title='bbox 2727 899 2970 968; x_wconf 82' lang='grc' dir='ltr'>Θερίζων</span> <span class='ocrx_word' id='word_1_558' title='bbox 2996 899 3146 953; x_wconf 86' lang='grc' dir='ltr'>ὅπου</span> <span class='ocrx_word' id='word_1_559' title='bbox 3172 903 3282 954; x_wconf 85' lang='grc' dir='ltr'>οὐκ</span> <span class='ocrx_word' id='word_1_560' title='bbox 3312 904 3616 974; x_wconf 77' lang='grc' dir='ltr'>ἔσπειρας,</span> <span class='ocrx_word' id='word_1_561' title='bbox 3646 905 3743 960; x_wconf 76' lang='grc' dir='ltr'>καὶ</span> <span class='ocrx_word' id='word_1_562' title='bbox 3772 903 4056 974; x_wconf 65' lang='grc' dir='ltr'>συνάγων</span> <span class='ocrx_word' id='word_1_563' title='bbox 4085 905 4226 961; x_wconf 79' lang='grc' dir='ltr'>ὅθεν</span> 
     </span>
    </p>
   </div>
   <div class='ocr_carea' id='block_1_71' title="bbox 2495 985 4225 1066">
    <p class='ocr_par' dir='ltr' id='par_1_71' title="bbox 2495 985 4225 1066">
     <span class='ocr_line' id='line_1_72' title="bbox 2495 985 4225 1066; baseline 0.005 -28"><span class='ocrx_word' id='word_1_564' title='bbox 2561 987 2633 1038; x_wconf 86' lang='grc' dir='ltr'>οὐ</span> <span class='ocrx_word' id='word_1_565' title='bbox 2672 985 3124 1054; x_wconf 80' lang='grc' dir='ltr'>διεσκόρπισας.</span> <span class='ocrx_word' id='word_1_566' title='bbox 3167 988 3324 1041; x_wconf 78' lang='grc' dir='ltr'>Οὕτω</span> <span class='ocrx_word' id='word_1_567' title='bbox 3367 993 3461 1044; x_wconf 82' lang='grc' dir='ltr'>καὶ</span> <span class='ocrx_word' id='word_1_568' title='bbox 3514 996 3572 1046; x_wconf 84' lang='grc' dir='ltr'>ἐν</span> <span class='ocrx_word' id='word_1_569' title='bbox 3611 994 3688 1066; x_wconf 80' lang='grc' dir='ltr'>τῷ</span> <span class='ocrx_word' id='word_1_570' title='bbox 3727 995 3951 1065; x_wconf 80' lang='grc' dir='ltr'>παρόντι</span> <span class='ocrx_word' id='word_1_571' title='bbox 3979 993 4080 1063; x_wconf 84' lang='grc' dir='ltr'>βίῳ</span> <span class='ocrx_word' id='word_1_572' title='bbox 4107 995 4225 1050; x_wconf 77' lang='grc' dir='ltr'>ὅσοι</span> 
     </span>
    </p>
   </div>
   <div class='ocr_carea' id='block_1_72' title="bbox 2570 1073 4224 1152">
    <p class='ocr_par' dir='ltr' id='par_1_72' title="bbox 2570 1073 4224 1152">
     <span class='ocr_line' id='line_1_73' title="bbox 2570 1073 4224 1152; baseline 0.006 -29"><span class='ocrx_word' id='word_1_573' title='bbox 2570 1073 2739 1141; x_wconf 76' lang='grc' dir='ltr'>μηδὲν</span> <span class='ocrx_word' id='word_1_574' title='bbox 2767 1073 3088 1142; x_wconf 81' lang='grc' dir='ltr'>ἐργάζονται</span> <span class='ocrx_word' id='word_1_575' title='bbox 3119 1075 3341 1144; x_wconf 75' lang='grc' dir='ltr'>ἀγαθὸν,</span> <span class='ocrx_word' id='word_1_576' title='bbox 3376 1080 3694 1152; x_wconf 86' lang='grc' dir='ltr'>προσθήκην</span> <span class='ocrx_word' id='word_1_577' title='bbox 3735 1083 3842 1136; x_wconf 82' lang='grc' dir='ltr'>τῶν</span> <span class='ocrx_word' id='word_1_578' title='bbox 3875 1081 4060 1135; x_wconf 82' lang='grc' dir='ltr'>κακῶν</span> <span class='ocrx_word' id='word_1_579' title='bbox 4093 1082 4224 1134; x_wconf 82' lang='grc' dir='ltr'>ἐαυ-</span> 
     </span>
    </p>
   </div>
   <div class='ocr_carea' id='block_1_73' title="bbox 2566 1157 3924 1233">
    <p class='ocr_par' dir='ltr' id='par_1_73' title="bbox 2566 1157 3924 1233">
     <span class='ocr_line' id='line_1_74' title="bbox 2566 1157 3924 1233; baseline 0.012 -26"><span class='ocrx_word' id='word_1_580' title='bbox 2566 1157 2674 1208; x_wconf 82' lang='grc' dir='ltr'>τὼν</span> <span class='ocrx_word' id='word_1_581' title='bbox 2710 1159 2988 1214; x_wconf 87' lang='grc' dir='ltr'>ποιοῦνται</span> <span class='ocrx_word' id='word_1_582' title='bbox 3017 1161 3114 1232; x_wconf 76' lang='grc' dir='ltr'>τὴν</span> <span class='ocrx_word' id='word_1_583' title='bbox 3149 1163 3481 1233; x_wconf 88' lang='grc' dir='ltr'>κατηγορίαν</span> <span class='ocrx_word' id='word_1_584' title='bbox 3507 1165 3600 1218; x_wconf 90' lang='grc' dir='ltr'>τοῦ</span> <span class='ocrx_word' id='word_1_585' title='bbox 3633 1169 3924 1223; x_wconf 86' lang='grc' dir='ltr'>Δεσπότου.</span> 
     </span>
    </p>
   </div>
   <div class='ocr_carea' id='block_1_74' title="bbox 2639 1240 4226 1318">
    <p class='ocr_par' dir='ltr' id='par_1_74' title="bbox 2639 1240 4226 1318">
     <span class='ocr_line' id='line_1_75' title="bbox 2639 1240 4226 1318; baseline 0.006 -24"><span class='ocrx_word' id='word_1_586' title='bbox 2639 1240 2726 1312; x_wconf 82' lang='grc' dir='ltr'>Μὴ</span> <span class='ocrx_word' id='word_1_587' title='bbox 2773 1245 2952 1298; x_wconf 89' lang='grc' dir='ltr'>τοίνυν</span> <span class='ocrx_word' id='word_1_588' title='bbox 3000 1248 3292 1318; x_wconf 85' lang='grc' dir='ltr'>κατηγόρει</span> <span class='ocrx_word' id='word_1_589' title='bbox 3342 1249 3436 1301; x_wconf 87' lang='grc' dir='ltr'>τοῦ</span> <span class='ocrx_word' id='word_1_590' title='bbox 3484 1250 3780 1306; x_wconf 78' lang='grc' dir='ltr'>Δεσπότουο</span> <span class='ocrx_word' id='word_1_591' title='bbox 3821 1256 3923 1308; x_wconf 82' lang='grc' dir='ltr'>οὐκ</span> <span class='ocrx_word' id='word_1_592' title='bbox 3965 1253 4226 1318; x_wconf 80' lang='grc' dir='ltr'>ἐπέταξεν</span> 
     </span>
    </p>
   </div>
   <div class='ocr_carea' id='block_1_75' title="bbox 2567 1328 4222 1406">
    <p class='ocr_par' dir='ltr' id='par_1_75' title="bbox 2567 1328 4222 1406">
     <span class='ocr_line' id='line_1_76' title="bbox 2567 1328 4222 1406; baseline 0.008 -24"><span class='ocrx_word' id='word_1_593' title='bbox 2567 1328 2826 1386; x_wconf 87' lang='grc' dir='ltr'>ἀδύνατα.</span> <span class='ocrx_word' id='word_1_594' title='bbox 2873 1332 3060 1387; x_wconf 88' lang='grc' dir='ltr'>Βούλει</span> <span class='ocrx_word' id='word_1_595' title='bbox 3111 1335 3300 1405; x_wconf 86' lang='grc' dir='ltr'>μαθεῖν</span> <span class='ocrx_word' id='word_1_596' title='bbox 3347 1335 3428 1389; x_wconf 83' lang='grc' dir='ltr'>ὅτι</span> <span class='ocrx_word' id='word_1_597' title='bbox 3479 1336 3578 1389; x_wconf 88' lang='grc' dir='ltr'>οὑκ</span> <span class='ocrx_word' id='word_1_598' title='bbox 3629 1341 3886 1406; x_wconf 75' lang='grc' dir='ltr'>ἐπέταξεν</span> <span class='ocrx_word' id='word_1_599' title='bbox 3951 1341 4222 1403; x_wconf 84' lang='grc' dir='ltr'>ἀδύνατα;</span> 
     </span>
    </p>
   </div>
   <div class='ocr_carea' id='block_1_76' title="bbox 2565 1417 4226 1493">
    <p class='ocr_par' dir='ltr' id='par_1_76' title="bbox 2565 1417 4226 1493">
     <span class='ocr_line' id='line_1_77' title="bbox 2565 1417 4226 1493; baseline 0.008 -23"><span class='ocrx_word' id='word_1_600' title='bbox 2565 1417 2756 1472; x_wconf 75' lang='grc' dir='ltr'>Πολλοὶ</span> <span class='ocrx_word' id='word_1_601' title='bbox 2799 1419 2866 1473; x_wconf 83' lang='grc' dir='ltr'>τὰ</span> <span class='ocrx_word' id='word_1_602' title='bbox 2905 1422 3299 1491; x_wconf 88' lang='grc' dir='ltr'>προστάγματα</span> <span class='ocrx_word' id='word_1_603' title='bbox 3342 1422 3789 1493; x_wconf 88' lang='grc' dir='ltr'>ὑπερϐαίνουσιν,</span> <span class='ocrx_word' id='word_1_604' title='bbox 3836 1431 3938 1482; x_wconf 86' lang='grc' dir='ltr'>οὑκ</span> <span class='ocrx_word' id='word_1_605' title='bbox 3964 1429 4030 1482; x_wconf 77' lang='grc' dir='ltr'>ἂν</span> <span class='ocrx_word' id='word_1_606' title='bbox 4062 1428 4150 1493; x_wconf 83' lang='grc' dir='ltr'>δέ,</span> <span class='ocrx_word' id='word_1_607' title='bbox 4180 1429 4226 1482; x_wconf 82' lang='grc' dir='ltr'>εἰ</span> 
     </span>
    </p>
   </div>
   <div class='ocr_carea' id='block_1_77' title="bbox 2567 1501 4228 1586">
    <p class='ocr_par' dir='ltr' id='par_1_77' title="bbox 2567 1501 4228 1586">
     <span class='ocr_line' id='line_1_78' title="bbox 2567 1501 4228 1586; baseline 0.007 -29"><span class='ocrx_word' id='word_1_608' title='bbox 2567 1505 2802 1560; x_wconf 82' lang='grc' dir='ltr'>ἀδύνατα</span> <span class='ocrx_word' id='word_1_609' title='bbox 2842 1501 2940 1578; x_wconf 77' lang='grc' dir='ltr'>ἦν,</span> <span class='ocrx_word' id='word_1_610' title='bbox 2968 1509 3312 1580; x_wconf 86' lang='grc' dir='ltr'>ὑπερέϐησαν</span> <span class='ocrx_word' id='word_1_611' title='bbox 3336 1509 3395 1574; x_wconf 79' lang='grc' dir='ltr'>ἐξ</span> <span class='ocrx_word' id='word_1_612' title='bbox 3423 1509 3626 1573; x_wconf 89' lang='grc' dir='ltr'>οἰκείας</span> <span class='ocrx_word' id='word_1_613' title='bbox 3657 1515 4051 1583; x_wconf 84' lang='grc' dir='ltr'>προαιρέσεως.</span> <span class='ocrx_word' id='word_1_614' title='bbox 4081 1515 4228 1586; x_wconf 84' lang='grc' dir='ltr'>Παρ-</span> 
     </span>
    </p>
   </div>
   <div class='ocr_carea' id='block_1_78' title="bbox 2567 1589 4228 1672">
    <p class='ocr_par' dir='ltr' id='par_1_78' title="bbox 2567 1589 4228 1672">
     <span class='ocr_line' id='line_1_79' title="bbox 2567 1589 4228 1672; baseline 0.009 -31"><span class='ocrx_word' id='word_1_615' title='bbox 2567 1589 2748 1645; x_wconf 88' lang='grc' dir='ltr'>θενίαν</span> <span class='ocrx_word' id='word_1_616' title='bbox 2787 1595 2886 1647; x_wconf 89' lang='grc' dir='ltr'>οὑκ</span> <span class='ocrx_word' id='word_1_617' title='bbox 2931 1596 3182 1662; x_wconf 79' lang='grc' dir='ltr'>ἐπέταξε,</span> <span class='ocrx_word' id='word_1_618' title='bbox 3233 1597 3326 1650; x_wconf 75' lang='grc' dir='ltr'>καὶ</span> <span class='ocrx_word' id='word_1_619' title='bbox 3367 1596 3685 1666; x_wconf 86' lang='grc' dir='ltr'>κατορθοῦσι</span> <span class='ocrx_word' id='word_1_620' title='bbox 3723 1598 3937 1651; x_wconf 80' lang='grc' dir='ltr'>πολλοί·</span> <span class='ocrx_word' id='word_1_621' title='bbox 3982 1604 4228 1672; x_wconf 82' lang='grc' dir='ltr'>ἀκτημο·</span> 
     </span>
    </p>
   </div>
   <div class='ocr_carea' id='block_1_79' title="bbox 2566 1676 4225 1758">
    <p class='ocr_par' dir='ltr' id='par_1_79' title="bbox 2566 1676 4225 1758">
     <span class='ocr_line' id='line_1_80' title="bbox 2566 1676 4225 1758; baseline 0.007 -31"><span class='ocrx_word' id='word_1_622' title='bbox 2566 1676 2732 1748; x_wconf 89' lang='grc' dir='ltr'>σύνην</span> <span class='ocrx_word' id='word_1_623' title='bbox 2780 1682 2879 1735; x_wconf 84' lang='grc' dir='ltr'>οὑκ</span> <span class='ocrx_word' id='word_1_624' title='bbox 2918 1683 3183 1748; x_wconf 79' lang='grc' dir='ltr'>ἐπέταξε,</span> <span class='ocrx_word' id='word_1_625' title='bbox 3232 1686 3325 1737; x_wconf 77' lang='grc' dir='ltr'>καὶ</span> <span class='ocrx_word' id='word_1_626' title='bbox 3364 1683 3547 1737; x_wconf 71' lang='grc' dir='ltr'>πολλοὶ</span> <span class='ocrx_word' id='word_1_627' title='bbox 3579 1683 3647 1736; x_wconf 83' lang='grc' dir='ltr'>τά</span> <span class='ocrx_word' id='word_1_628' title='bbox 3697 1685 3904 1737; x_wconf 83' lang='grc' dir='ltr'>ἐαυτῶν</span> <span class='ocrx_word' id='word_1_629' title='bbox 3949 1689 4225 1758; x_wconf 76' lang='grc' dir='ltr'>ῥίπτουσι,</span> 
     </span>
    </p>
   </div>
   <div class='ocr_carea' id='block_1_80' title="bbox 2565 1765 4226 1845">
    <p class='ocr_par' dir='ltr' id='par_1_80' title="bbox 2565 1765 4226 1845">
     <span class='ocr_line' id='line_1_81' title="bbox 2565 1765 4226 1845; baseline 0.006 -29"><span class='ocrx_word' id='word_1_630' title='bbox 2565 1765 2653 1817; x_wconf 77' lang='grc' dir='ltr'>διὰ</span> <span class='ocrx_word' id='word_1_631' title='bbox 2685 1767 2793 1819; x_wconf 85' lang='grc' dir='ltr'>τῶν</span> <span class='ocrx_word' id='word_1_632' title='bbox 2827 1769 3005 1840; x_wconf 77' lang='grc' dir='ltr'>ἔργων</span> <span class='ocrx_word' id='word_1_633' title='bbox 3042 1772 3441 1844; x_wconf 86' lang='grc' dir='ltr'>μαρτυροῦντες</span> <span class='ocrx_word' id='word_1_634' title='bbox 3481 1770 3676 1841; x_wconf 80' lang='grc' dir='ltr'>πολλὴν</span> <span class='ocrx_word' id='word_1_635' title='bbox 3710 1769 3959 1822; x_wconf 82' lang='grc' dir='ltr'>εὐκολίαν</span> <span class='ocrx_word' id='word_1_636' title='bbox 3983 1776 4097 1836; x_wconf 86' lang='grc' dir='ltr'>τοῖς</span> <span class='ocrx_word' id='word_1_637' title='bbox 4125 1777 4226 1845; x_wconf 73' lang='grc' dir='ltr'>τῆς</span> 
     </span>
    </p>
   </div>
   <div class='ocr_carea' id='block_1_81' title="bbox 2564 1851 4229 1928">
    <p class='ocr_par' dir='ltr' id='par_1_81' title="bbox 2564 1851 4229 1928">
     <span class='ocr_line' id='line_1_82' title="bbox 2564 1851 4229 1928; baseline 0.005 -28"><span class='ocrx_word' id='word_1_638' title='bbox 2564 1851 2836 1922; x_wconf 83' lang='grc' dir='ltr'>ἐπιταγῆς</span> <span class='ocrx_word' id='word_1_639' title='bbox 2876 1856 3092 1926; x_wconf 87' lang='grc' dir='ltr'>νόμοις·</span> <span class='ocrx_word' id='word_1_640' title='bbox 3135 1859 3194 1910; x_wconf 85' lang='grc' dir='ltr'>οὑ</span> <span class='ocrx_word' id='word_1_641' title='bbox 3224 1858 3331 1928; x_wconf 88' lang='grc' dir='ltr'>γάρ</span> <span class='ocrx_word' id='word_1_642' title='bbox 3381 1857 3446 1911; x_wconf 79' lang='grc' dir='ltr'>ἂν</span> <span class='ocrx_word' id='word_1_643' title='bbox 3488 1855 3830 1926; x_wconf 85' lang='grc' dir='ltr'>ὑπερέϐησαν</span> <span class='ocrx_word' id='word_1_644' title='bbox 3859 1855 4032 1918; x_wconf 80' lang='grc' dir='ltr'>αὑτά,</span> <span class='ocrx_word' id='word_1_645' title='bbox 4074 1859 4122 1908; x_wconf 91' lang='grc' dir='ltr'>εἰ</span> <span class='ocrx_word' id='word_1_646' title='bbox 4153 1859 4229 1928; x_wconf 75' lang='grc' dir='ltr'>μὴ</span> 
     </span>
    </p>
   </div>
   <div class='ocr_carea' id='block_1_82' title="bbox 2564 1937 4226 2016">
    <p class='ocr_par' dir='ltr' id='par_1_82' title="bbox 2564 1937 4226 2016">
     <span class='ocr_line' id='line_1_83' title="bbox 2564 1937 4226 2016; baseline 0.004 -28"><span class='ocrx_word' id='word_1_647' title='bbox 2564 1937 2706 1991; x_wconf 87' lang='grc' dir='ltr'>αὑτά</span> <span class='ocrx_word' id='word_1_648' title='bbox 2747 1939 2818 1992; x_wconf 84' lang='grc' dir='ltr'>τά</span> <span class='ocrx_word' id='word_1_649' title='bbox 2851 1943 3179 2012; x_wconf 89' lang='grc' dir='ltr'>ἐπιταγέντα</span> <span class='ocrx_word' id='word_1_650' title='bbox 3223 1945 3419 1999; x_wconf 80' lang='grc' dir='ltr'>εῦκολα</span> <span class='ocrx_word' id='word_1_651' title='bbox 3464 1941 3551 2016; x_wconf 82' lang='grc' dir='ltr'>ἦν.</span> <span class='ocrx_word' id='word_1_652' title='bbox 3594 1945 3707 1996; x_wconf 87' lang='grc' dir='ltr'>Οὑκ</span> <span class='ocrx_word' id='word_1_653' title='bbox 3744 1942 3971 2008; x_wconf 81' lang='grc' dir='ltr'>ἐπέταξε</span> <span class='ocrx_word' id='word_1_654' title='bbox 4020 1943 4226 2012; x_wconf 84' lang='grc' dir='ltr'>παρθε-</span> 
     </span>
    </p>
   </div>
   <div class='ocr_carea' id='block_1_83' title="bbox 2563 2023 4228 2102">
    <p class='ocr_par' dir='ltr' id='par_1_83' title="bbox 2563 2023 4228 2102">
     <span class='ocr_line' id='line_1_84' title="bbox 2563 2023 4228 2102; baseline 0.004 -27"><span class='ocrx_word' id='word_1_655' title='bbox 2563 2023 2717 2078; x_wconf 86' lang='grc' dir='ltr'>νίαν⁶</span> <span class='ocrx_word' id='word_1_656' title='bbox 2756 2029 2784 2079; x_wconf 89' lang='lat'>6</span> <span class='ocrx_word' id='word_1_657' title='bbox 2827 2028 2928 2098; x_wconf 84' lang='grc' dir='ltr'>μὲν</span> <span class='ocrx_word' id='word_1_658' title='bbox 2967 2031 3072 2102; x_wconf 84' lang='grc' dir='ltr'>γὰρ</span> <span class='ocrx_word' id='word_1_659' title='bbox 3109 2031 3366 2096; x_wconf 81' lang='grc' dir='ltr'>ἐπιτάξας</span> <span class='ocrx_word' id='word_1_660' title='bbox 3407 2033 3700 2102; x_wconf 87' lang='grc' dir='ltr'>παρθενίαν</span> <span class='ocrx_word' id='word_1_661' title='bbox 3731 2029 3834 2082; x_wconf 88' lang='grc' dir='ltr'>ὑπὸ</span> <span class='ocrx_word' id='word_1_662' title='bbox 3854 2029 3950 2098; x_wconf 77' lang='grc' dir='ltr'>τὴν</span> <span class='ocrx_word' id='word_1_663' title='bbox 3978 2027 4228 2098; x_wconf 74' lang='grc' dir='ltr'>ἀνάγκην</span> 
     </span>
    </p>
   </div>
   <div class='ocr_carea' id='block_1_84' title="bbox 2564 2111 4228 2189">
    <p class='ocr_par' dir='ltr' id='par_1_84' title="bbox 2564 2111 4228 2189">
     <span class='ocr_line' id='line_1_85' title="bbox 2564 2111 4228 2189; baseline 0.003 -26"><span class='ocrx_word' id='word_1_664' title='bbox 2564 2111 2687 2180; x_wconf 79' lang='grc' dir='ltr'>ἄγει</span> <span class='ocrx_word' id='word_1_665' title='bbox 2719 2115 2814 2166; x_wconf 90' lang='grc' dir='ltr'>τοῦ</span> <span class='ocrx_word' id='word_1_666' title='bbox 2843 2117 3007 2186; x_wconf 88' lang='grc' dir='ltr'>νόμου</span> <span class='ocrx_word' id='word_1_667' title='bbox 3031 2119 3123 2170; x_wconf 76' lang='grc' dir='ltr'>καὶ</span> <span class='ocrx_word' id='word_1_668' title='bbox 3143 2119 3233 2171; x_wconf 84' lang='grc' dir='ltr'>τὸν</span> <span class='ocrx_word' id='word_1_669' title='bbox 3265 2119 3341 2189; x_wconf 84' lang='grc' dir='ltr'>μὴ</span> <span class='ocrx_word' id='word_1_670' title='bbox 3370 2119 3689 2188; x_wconf 85' lang='grc' dir='ltr'>βουλόμενον</span> <span class='ocrx_word' id='word_1_671' title='bbox 3707 2135 3723 2149; x_wconf 79' lang='grc' dir='ltr'><strong>ο</strong></span> <span class='ocrx_word' id='word_1_672' title='bbox 3748 2120 3776 2170; x_wconf 86' lang='lat'>6</span> <span class='ocrx_word' id='word_1_673' title='bbox 3803 2117 3858 2169; x_wconf 92' lang='grc' dir='ltr'>δέ</span> <span class='ocrx_word' id='word_1_674' title='bbox 3887 2115 4228 2186; x_wconf 84' lang='grc' dir='ltr'>παραινέσας</span> 
     </span>
    </p>
   </div>
   <div class='ocr_carea' id='block_1_85' title="bbox 2564 2199 4229 2276">
    <p class='ocr_par' dir='ltr' id='par_1_85' title="bbox 2564 2199 4229 2276">
     <span class='ocr_line' id='line_1_86' title="bbox 2564 2199 4229 2276; baseline 0.003 -25"><span class='ocrx_word' id='word_1_675' title='bbox 2564 2199 2752 2270; x_wconf 84' lang='grc' dir='ltr'>κύριον</span> <span class='ocrx_word' id='word_1_676' title='bbox 2789 2204 2983 2272; x_wconf 85' lang='grc' dir='ltr'>ἀφίησι</span> <span class='ocrx_word' id='word_1_677' title='bbox 3027 2206 3123 2276; x_wconf 87' lang='grc' dir='ltr'>τῆς</span> <span class='ocrx_word' id='word_1_678' title='bbox 3165 2207 3426 2274; x_wconf 83' lang='grc' dir='ltr'>αἱρέσεως</span> <span class='ocrx_word' id='word_1_679' title='bbox 3468 2206 3558 2258; x_wconf 81' lang='grc' dir='ltr'>τὸν</span> <span class='ocrx_word' id='word_1_680' title='bbox 3604 2205 3901 2274; x_wconf 87' lang='grc' dir='ltr'>ἀκροατήν.</span> <span class='ocrx_word' id='word_1_681' title='bbox 3933 2203 4034 2256; x_wconf 81' lang='grc' dir='ltr'>Διά</span> <span class='ocrx_word' id='word_1_682' title='bbox 4070 2201 4229 2256; x_wconf 80' lang='grc' dir='ltr'>τοῦτο</span> 
     </span>
    </p>
   </div>
   <div class='ocr_carea' id='block_1_86' title="bbox 2562 2287 4228 2360">
    <p class='ocr_par' dir='ltr' id='par_1_86' title="bbox 2562 2287 4228 2360">
     <span class='ocr_line' id='line_1_87' title="bbox 2562 2287 4228 2360; baseline 0.004 -24"><span class='ocrx_word' id='word_1_683' title='bbox 2562 2287 2654 2337; x_wconf 81' lang='grc' dir='ltr'>καὶ</span> <span class='ocrx_word' id='word_1_684' title='bbox 2694 2287 2722 2338; x_wconf 89' lang='lat'>6</span> <span class='ocrx_word' id='word_1_685' title='bbox 2755 2289 2966 2352; x_wconf 86' lang='grc' dir='ltr'>Παῦλός</span> <span class='ocrx_word' id='word_1_686' title='bbox 3010 2307 3164 2360; x_wconf 84' lang='grc' dir='ltr'>φησι,</span> <span class='ocrx_word' id='word_1_687' title='bbox 3188 2291 3325 2357; x_wconf 88' lang='grc' dir='ltr'>Περί</span> <span class='ocrx_word' id='word_1_688' title='bbox 3353 2291 3420 2342; x_wconf 84' lang='grc' dir='ltr'>δὲ</span> <span class='ocrx_word' id='word_1_689' title='bbox 3444 2289 3561 2342; x_wconf 84' lang='grc' dir='ltr'>τῶν</span> <span class='ocrx_word' id='word_1_690' title='bbox 3597 2291 3905 2356; x_wconf 81' lang='grc' dir='ltr'>παρθένων</span> <span class='ocrx_word' id='word_1_691' title='bbox 3934 2288 4228 2356; x_wconf 78' lang='grc' dir='ltr'>έπιτατὴν</span> 
     </span>
    </p>
   </div>
   <div class='ocr_carea' id='block_1_87' title="bbox 2561 2373 4227 2445">
    <p class='ocr_par' dir='ltr' id='par_1_87' title="bbox 2561 2373 4227 2445">
     <span class='ocr_line' id='line_1_88' title="bbox 2561 2373 4227 2445; baseline 0.002 -22"><span class='ocrx_word' id='word_1_692' title='bbox 2561 2373 2783 2438; x_wconf 79' lang='grc' dir='ltr'>Κυρίου</span> <span class='ocrx_word' id='word_1_693' title='bbox 2824 2376 2935 2428; x_wconf 82' lang='grc' dir='ltr'>οὐκ</span> <span class='ocrx_word' id='word_1_694' title='bbox 2969 2376 3117 2444; x_wconf 84' lang='grc' dir='ltr'>ἕχω,</span> <span class='ocrx_word' id='word_1_695' title='bbox 3148 2375 3390 2445; x_wconf 75' lang='grc' dir='ltr'>γνώμην</span> <span class='ocrx_word' id='word_1_696' title='bbox 3421 2375 3490 2427; x_wconf 85' lang='grc' dir='ltr'>δὲ</span> <span class='ocrx_word' id='word_1_697' title='bbox 3519 2374 3745 2443; x_wconf 82' lang='grc' dir='ltr'>δίδωμι.</span> <span class='ocrx_word' id='word_1_698' title='bbox 3792 2374 3952 2444; x_wconf 80' lang='grc' dir='ltr'>Ὁρᾷς</span> <span class='ocrx_word' id='word_1_699' title='bbox 3976 2375 4081 2427; x_wconf 84' lang='grc' dir='ltr'>οὑκ</span> <span class='ocrx_word' id='word_1_700' title='bbox 4105 2373 4227 2426; x_wconf 80' lang='grc' dir='ltr'>ἐπι·</span> 
     </span>
    </p>
   </div>
   <div class='ocr_carea' id='block_1_88' title="bbox 2561 2459 4226 2533">
    <p class='ocr_par' dir='ltr' id='par_1_88' title="bbox 2561 2459 4226 2533">
     <span class='ocr_line' id='line_1_89' title="bbox 2561 2459 4226 2533; baseline 0.002 -24"><span class='ocrx_word' id='word_1_701' title='bbox 2561 2459 2904 2529; x_wconf 79' lang='grc' dir='ltr'>ταγὴν,ἀλλά</span> <span class='ocrx_word' id='word_1_702' title='bbox 2938 2463 3280 2532; x_wconf 88' lang='grc' dir='ltr'>συμϐουλήν;</span> <span class='ocrx_word' id='word_1_703' title='bbox 3309 2464 3438 2533; x_wconf 79' lang='grc' dir='ltr'>ὁρᾷς</span> <span class='ocrx_word' id='word_1_704' title='bbox 3460 2461 3518 2514; x_wconf 88' lang='grc' dir='ltr'>οὑ</span> <span class='ocrx_word' id='word_1_705' title='bbox 3542 2461 3886 2532; x_wconf 84' lang='grc' dir='ltr'>πρόσταγμα,</span> <span class='ocrx_word' id='word_1_706' title='bbox 3914 2459 4055 2514; x_wconf 81' lang='grc' dir='ltr'>ἀλλά</span> <span class='ocrx_word' id='word_1_707' title='bbox 4085 2477 4226 2530; x_wconf 65' lang='grc' dir='ltr'>παρα</span> 
     </span>
    </p>
   </div>
   <div class='ocr_carea' id='block_1_89' title="bbox 2561 2545 4225 2620">
    <p class='ocr_par' dir='ltr' id='par_1_89' title="bbox 2561 2545 4225 2620">
     <span class='ocr_line' id='line_1_90' title="bbox 2561 2545 4225 2620; baseline 0.007 -23"><span class='ocrx_word' id='word_1_708' title='bbox 2561 2545 2801 2612; x_wconf 90' lang='grc' dir='ltr'>αίνεσιν;</span> <span class='ocrx_word' id='word_1_709' title='bbox 2858 2547 3000 2602; x_wconf 87' lang='grc' dir='ltr'>Πολὺ</span> <span class='ocrx_word' id='word_1_710' title='bbox 3049 2550 3107 2603; x_wconf 88' lang='grc' dir='ltr'>δέ</span> <span class='ocrx_word' id='word_1_711' title='bbox 3178 2549 3251 2618; x_wconf 59' lang='grc' dir='ltr'>τδ;</span> <span class='ocrx_word' id='word_1_712' title='bbox 3303 2550 3496 2620; x_wconf 86' lang='grc' dir='ltr'>μέσον·</span> <span class='ocrx_word' id='word_1_713' title='bbox 3557 2549 3618 2601; x_wconf 82' lang='grc' dir='ltr'>τὸ</span> <span class='ocrx_word' id='word_1_714' title='bbox 3675 2549 3773 2618; x_wconf 83' lang='grc' dir='ltr'>μὲν</span> <span class='ocrx_word' id='word_1_715' title='bbox 3822 2549 3930 2619; x_wconf 80' lang='grc' dir='ltr'>γὰρ</span> <span class='ocrx_word' id='word_1_716' title='bbox 3975 2548 4225 2617; x_wconf 74' lang='grc' dir='ltr'>ἀνάγκης</span> 
     </span>
    </p>
   </div>
   <div class='ocr_carea' id='block_1_90' title="bbox 2565 2632 4219 2708">
    <p class='ocr_par' dir='ltr' id='par_1_90' title="bbox 2565 2632 4219 2708">
     <span class='ocr_line' id='line_1_91' title="bbox 2565 2632 4219 2708; baseline 0.004 -25"><span class='ocrx_word' id='word_1_717' title='bbox 2565 2632 2733 2697; x_wconf 69' lang='grc' dir='ltr'>ἐστὶν,</span> <span class='ocrx_word' id='word_1_718' title='bbox 2761 2633 2822 2687; x_wconf 78' lang='grc' dir='ltr'>τὸ</span> <span class='ocrx_word' id='word_1_719' title='bbox 2850 2634 2907 2687; x_wconf 91' lang='grc' dir='ltr'>δέ</span> <span class='ocrx_word' id='word_1_720' title='bbox 2933 2636 3318 2708; x_wconf 86' lang='grc' dir='ltr'>προαιρέσεως.</span> <span class='ocrx_word' id='word_1_721' title='bbox 3351 2638 3464 2690; x_wconf 88' lang='grc' dir='ltr'>Οὑκ</span> <span class='ocrx_word' id='word_1_722' title='bbox 3487 2637 3782 2699; x_wconf 77' lang='grc' dir='ltr'>ἐπιτάσσω,</span> <span class='ocrx_word' id='word_1_723' title='bbox 3809 2635 3995 2706; x_wconf 77' lang='grc' dir='ltr'>φησὶν,</span> <span class='ocrx_word' id='word_1_724' title='bbox 4039 2635 4127 2687; x_wconf 83' lang='grc' dir='ltr'>ῖνα</span> <span class='ocrx_word' id='word_1_725' title='bbox 4151 2635 4219 2704; x_wconf 74' lang='grc' dir='ltr'>μὴ</span> 
     </span>
    </p>
   </div>
   <div class='ocr_carea' id='block_1_91' title="bbox 2566 2717 4218 2794">
    <p class='ocr_par' dir='ltr' id='par_1_91' title="bbox 2566 2717 4218 2794">
     <span class='ocr_line' id='line_1_92' title="bbox 2566 2717 4218 2794; baseline 0.003 -23"><span class='ocrx_word' id='word_1_726' title='bbox 2566 2717 2791 2790; x_wconf 85' lang='grc' dir='ltr'>βαρήσω</span> <span class='ocrx_word' id='word_1_727' title='bbox 2814 2735 2827 2751; x_wconf 82' lang='lat'><strong><em>°</em></strong></span> <span class='ocrx_word' id='word_1_728' title='bbox 2889 2723 3140 2793; x_wconf 83' lang='grc' dir='ltr'>παραινῶ</span> <span class='ocrx_word' id='word_1_729' title='bbox 3189 2725 3281 2777; x_wconf 79' lang='grc' dir='ltr'>καὶ</span> <span class='ocrx_word' id='word_1_730' title='bbox 3324 2723 3672 2794; x_wconf 86' lang='grc' dir='ltr'>συμϐουλεύω</span> <span class='ocrx_word' id='word_1_731' title='bbox 3693 2725 3749 2787; x_wconf 75' lang='grc' dir='ltr'>ε,</span> <span class='ocrx_word' id='word_1_732' title='bbox 3813 2723 3900 2775; x_wconf 85' lang='grc' dir='ltr'>ἵνα</span> <span class='ocrx_word' id='word_1_733' title='bbox 3943 2724 4218 2789; x_wconf 82' lang='grc' dir='ltr'>ἐναγάγω.</span> 
     </span>
    </p>
   </div>
   <div class='ocr_carea' id='block_1_92' title="bbox 2563 2803 4220 2878">
    <p class='ocr_par' dir='ltr' id='par_1_92' title="bbox 2563 2803 4220 2878">
     <span class='ocr_line' id='line_1_93' title="bbox 2563 2803 4220 2878; baseline 0.004 -24"><span class='ocrx_word' id='word_1_734' title='bbox 2563 2803 2720 2858; x_wconf 80' lang='grc' dir='ltr'>οὕτω</span> <span class='ocrx_word' id='word_1_735' title='bbox 2744 2807 2837 2859; x_wconf 74' lang='grc' dir='ltr'>καὶ</span> <span class='ocrx_word' id='word_1_736' title='bbox 2863 2809 2890 2860; x_wconf 88' lang='lat'>6</span> <span class='ocrx_word' id='word_1_737' title='bbox 2913 2809 3146 2878; x_wconf 85' lang='grc' dir='ltr'>Χριστός</span> <span class='ocrx_word' id='word_1_738' title='bbox 3170 2826 3185 2840; x_wconf 77' lang='grc'><em>’</em></span> <span class='ocrx_word' id='word_1_739' title='bbox 3213 2811 3314 2862; x_wconf 89' lang='grc' dir='ltr'>οὑκ</span> <span class='ocrx_word' id='word_1_740' title='bbox 3336 2806 3477 2875; x_wconf 88' lang='grc' dir='ltr'>εἷπε,</span> <span class='ocrx_word' id='word_1_741' title='bbox 3509 2811 3715 2874; x_wconf 85' lang='grc' dir='ltr'>Πάντες</span> <span class='ocrx_word' id='word_1_742' title='bbox 3744 2810 3800 2862; x_wconf 83' lang='grc' dir='ltr'>δὲ</span> <span class='ocrx_word' id='word_1_743' title='bbox 3823 2808 4189 2878; x_wconf 71' lang='grc' dir='ltr'>παρθενεύετε</span> <span class='ocrx_word' id='word_1_744' title='bbox 4207 2825 4220 2836; x_wconf 90' lang='grc'>·</span> 
     </span>
    </p>
   </div>
   <div class='ocr_carea' id='block_1_93' title="bbox 2562 2891 4224 2966">
    <p class='ocr_par' dir='ltr' id='par_1_93' title="bbox 2562 2891 4224 2966">
     <span class='ocr_line' id='line_1_94' title="bbox 2562 2891 4224 2966; baseline 0.002 -25"><span class='ocrx_word' id='word_1_745' title='bbox 2562 2891 2611 2942; x_wconf 92' lang='grc' dir='ltr'>εἰ</span> <span class='ocrx_word' id='word_1_746' title='bbox 2664 2892 2764 2960; x_wconf 87' lang='grc' dir='ltr'>μὲν</span> <span class='ocrx_word' id='word_1_747' title='bbox 2825 2893 2934 2964; x_wconf 88' lang='grc' dir='ltr'>γάρ</span> <span class='ocrx_word' id='word_1_748' title='bbox 2984 2894 3216 2960; x_wconf 80' lang='grc' dir='ltr'>ἐπέταξε</span> <span class='ocrx_word' id='word_1_749' title='bbox 3269 2897 3617 2966; x_wconf 77' lang='grc' dir='ltr'>παρθενεύειν</span> <span class='ocrx_word' id='word_1_750' title='bbox 3648 2901 3888 2959; x_wconf 74' lang='grc' dir='ltr'>ἅπαντας</span> <span class='ocrx_word' id='word_1_751' title='bbox 3936 2897 4029 2949; x_wconf 74' lang='grc' dir='ltr'>καὶ</span> <span class='ocrx_word' id='word_1_752' title='bbox 4063 2896 4224 2965; x_wconf 80' lang='grc' dir='ltr'>νόμον</span> 
     </span>
    </p>
   </div>
   <div class='ocr_carea' id='block_1_94' title="bbox 2561 2977 4224 3056">
    <p class='ocr_par' dir='ltr' id='par_1_94' title="bbox 2561 2977 4224 3056">
     <span class='ocr_line' id='line_1_95' title="bbox 2561 2977 4224 3056; baseline 0.006 -27"><span class='ocrx_word' id='word_1_753' title='bbox 2561 2977 2782 3049; x_wconf 85' lang='grc' dir='ltr'>ἐποίησε</span> <span class='ocrx_word' id='word_1_754' title='bbox 2825 2982 2886 3033; x_wconf 85' lang='grc' dir='ltr'>τὸ</span> <span class='ocrx_word' id='word_1_755' title='bbox 2926 2983 3286 3054; x_wconf 84' lang='grc' dir='ltr'>πρόσταγμα,</span> <span class='ocrx_word' id='word_1_756' title='bbox 3325 2983 3450 3038; x_wconf 80' lang='grc' dir='ltr'>οὔτε</span> <span class='ocrx_word' id='word_1_757' title='bbox 3507 2985 3855 3056; x_wconf 80' lang='grc' dir='ltr'>κατορθώσας</span> <span class='ocrx_word' id='word_1_758' title='bbox 3907 2986 3973 3039; x_wconf 78' lang='grc' dir='ltr'>ἂν</span> <span class='ocrx_word' id='word_1_759' title='bbox 4025 2985 4224 3053; x_wconf 80' lang='grc' dir='ltr'>πολλῆς</span> 
     </span>
    </p>
   </div>
   <div class='ocr_carea' id='block_1_95' title="bbox 2562 3067 4224 3146">
    <p class='ocr_par' dir='ltr' id='par_1_95' title="bbox 2562 3067 4224 3146">
     <span class='ocr_line' id='line_1_96' title="bbox 2562 3067 4224 3146; baseline 0.005 -28"><span class='ocrx_word' id='word_1_760' title='bbox 2562 3067 2838 3122; x_wconf 85' lang='grc' dir='ltr'>ἀπέλαυσε</span> <span class='ocrx_word' id='word_1_761' title='bbox 2867 3071 3034 3141; x_wconf 86' lang='grc' dir='ltr'>τιμῆς</span> <span class='ocrx_word' id='word_1_762' title='bbox 3069 3074 3202 3143; x_wconf 84' lang='grc' dir='ltr'>ὅσης</span> <span class='ocrx_word' id='word_1_763' title='bbox 3236 3074 3360 3138; x_wconf 93' lang='grc' dir='ltr'>νῦν,</span> <span class='ocrx_word' id='word_1_764' title='bbox 3387 3076 3479 3128; x_wconf 75' lang='grc' dir='ltr'>καὶ</span> <span class='ocrx_word' id='word_1_765' title='bbox 3502 3076 3531 3127; x_wconf 90' lang='grc' dir='ltr'><strong>ὁ</strong></span> <span class='ocrx_word' id='word_1_766' title='bbox 3565 3076 3911 3146; x_wconf 82' lang='grc' dir='ltr'>παρακούσας</span> <span class='ocrx_word' id='word_1_767' title='bbox 3941 3076 4041 3144; x_wconf 77' lang='grc' dir='ltr'>τὴν</span> <span class='ocrx_word' id='word_1_768' title='bbox 4063 3075 4224 3143; x_wconf 81' lang='grc' dir='ltr'>ἐσχάο</span> 
     </span>
    </p>
   </div>
   <div class='ocr_carea' id='block_1_96' title="bbox 2563 3161 4223 3238">
    <p class='ocr_par' dir='ltr' id='par_1_96' title="bbox 2563 3161 4223 3238">
     <span class='ocr_line' id='line_1_97' title="bbox 2563 3161 4223 3238; baseline 0.002 -27"><span class='ocrx_word' id='word_1_769' title='bbox 2563 3175 2661 3224; x_wconf 88' lang='grc' dir='ltr'>την</span> <span class='ocrx_word' id='word_1_770' title='bbox 2685 3161 2749 3213; x_wconf 81' lang='grc' dir='ltr'>ἂν</span> <span class='ocrx_word' id='word_1_771' title='bbox 2783 3161 2949 3215; x_wconf 82' lang='grc' dir='ltr'>ἔδωκε</span> <span class='ocrx_word' id='word_1_772' title='bbox 2986 3163 3162 3235; x_wconf 89' lang='grc' dir='ltr'>δίκην.</span> <span class='ocrx_word' id='word_1_773' title='bbox 3202 3161 3354 3229; x_wconf 83' lang='grc' dir='ltr'>Εἶδες</span> <span class='ocrx_word' id='word_1_774' title='bbox 3383 3167 3500 3230; x_wconf 85' lang='grc' dir='ltr'>πῶς</span> <span class='ocrx_word' id='word_1_775' title='bbox 3527 3166 3682 3238; x_wconf 82' lang='grc' dir='ltr'>ήμῶν</span> <span class='ocrx_word' id='word_1_776' title='bbox 3721 3169 3750 3220; x_wconf 86' lang='lat'>6</span> <span class='ocrx_word' id='word_1_777' title='bbox 3776 3165 4074 3235; x_wconf 82' lang='grc' dir='ltr'>νομοθέτης</span> <span class='ocrx_word' id='word_1_778' title='bbox 4111 3164 4223 3232; x_wconf 79' lang='grc' dir='ltr'>φεί-</span> 
     </span>
    </p>
   </div>
   <div class='ocr_carea' id='block_1_97' title="bbox 2563 3245 4223 3324">
    <p class='ocr_par' dir='ltr' id='par_1_97' title="bbox 2563 3245 4223 3324">
     <span class='ocr_line' id='line_1_98' title="bbox 2563 3245 4223 3324; baseline 0.003 -25"><span class='ocrx_word' id='word_1_779' title='bbox 2563 3245 2742 3314; x_wconf 87' lang='grc' dir='ltr'>δεται;</span> <span class='ocrx_word' id='word_1_780' title='bbox 2785 3249 2902 3313; x_wconf 84' lang='grc' dir='ltr'>πῶς</span> <span class='ocrx_word' id='word_1_781' title='bbox 2946 3251 3168 3322; x_wconf 80' lang='grc' dir='ltr'>κήδεται</span> <span class='ocrx_word' id='word_1_782' title='bbox 3213 3253 3311 3324; x_wconf 87' lang='grc' dir='ltr'>τῆς</span> <span class='ocrx_word' id='word_1_783' title='bbox 3345 3255 3613 3324; x_wconf 82' lang='grc' dir='ltr'>ἡμετέρας</span> <span class='ocrx_word' id='word_1_784' title='bbox 3655 3254 3953 3324; x_wconf 57' lang='grc' dir='ltr'>σωτηρίας</span> <span class='ocrx_word' id='word_1_785' title='bbox 3987 3251 4086 3321; x_wconf 73' lang='grc' dir='ltr'><strong>Μὴ</strong></span> <span class='ocrx_word' id='word_1_786' title='bbox 4119 3253 4223 3322; x_wconf 77' lang='grc' dir='ltr'>γὰρ</span> 
     </span>
    </p>
   </div>
   <div class='ocr_carea' id='block_1_98' title="bbox 2566 3336 4223 3410">
    <p class='ocr_par' dir='ltr' id='par_1_98' title="bbox 2566 3336 4223 3410">
     <span class='ocr_line' id='line_1_99' title="bbox 2566 3336 4223 3410; baseline 0.003 -24"><span class='ocrx_word' id='word_1_787' title='bbox 2566 3336 2665 3388; x_wconf 88' lang='grc' dir='ltr'>οὑκ</span> <span class='ocrx_word' id='word_1_788' title='bbox 2697 3337 2917 3391; x_wconf 86' lang='grc' dir='ltr'>ἐδύνατο</span> <span class='ocrx_word' id='word_1_789' title='bbox 2963 3339 3054 3392; x_wconf 76' lang='grc' dir='ltr'>καὶ</span> <span class='ocrx_word' id='word_1_790' title='bbox 3093 3339 3248 3392; x_wconf 90' lang='grc' dir='ltr'>τοῦτο</span> <span class='ocrx_word' id='word_1_791' title='bbox 3292 3339 3574 3410; x_wconf 87' lang='grc' dir='ltr'>ἐπίταγμα</span> <span class='ocrx_word' id='word_1_792' title='bbox 3609 3340 3865 3410; x_wconf 88' lang='grc' dir='ltr'>ποιῆσαι,</span> <span class='ocrx_word' id='word_1_793' title='bbox 3906 3339 4001 3392; x_wconf 75' lang='grc' dir='ltr'>καὶ</span> <span class='ocrx_word' id='word_1_794' title='bbox 4053 3341 4223 3392; x_wconf 71' lang='grc' dir='ltr'>εἰπεῖν</span> 
     </span>
    </p>
   </div>
   <div class='ocr_carea' id='block_1_99' title="bbox 2564 3419 4224 3498">
    <p class='ocr_par' dir='ltr' id='par_1_99' title="bbox 2564 3419 4224 3498">
     <span class='ocr_line' id='line_1_100' title="bbox 2564 3419 4224 3498; baseline 0.002 -22"><span class='ocrx_word' id='word_1_795' title='bbox 2564 3423 2645 3476; x_wconf 84' lang='grc' dir='ltr'>ὅτι</span> <span class='ocrx_word' id='word_1_796' title='bbox 2676 3419 2741 3478; x_wconf 77' lang='grc' dir='ltr'>Οἱ</span> <span class='ocrx_word' id='word_1_797' title='bbox 2775 3424 2876 3494; x_wconf 83' lang='grc' dir='ltr'>μὲν</span> <span class='ocrx_word' id='word_1_798' title='bbox 2919 3427 3340 3498; x_wconf 84' lang='grc' dir='ltr'>παρθενεύοντες</span> <span class='ocrx_word' id='word_1_799' title='bbox 3379 3427 3760 3498; x_wconf 90' lang='grc' dir='ltr'>τιμάσθωσαν,</span> <span class='ocrx_word' id='word_1_800' title='bbox 3789 3428 3840 3480; x_wconf 80' lang='grc' dir='ltr'>οι</span> <span class='ocrx_word' id='word_1_801' title='bbox 3883 3427 3942 3480; x_wconf 86' lang='grc' dir='ltr'>δέ</span> <span class='ocrx_word' id='word_1_802' title='bbox 3973 3426 4052 3498; x_wconf 83' lang='grc' dir='ltr'>μὴ</span> <span class='ocrx_word' id='word_1_803' title='bbox 4087 3442 4224 3498; x_wconf 74' lang='grc' dir='ltr'>παρ·</span> 
     </span>
    </p>
   </div>
   <div class='ocr_carea' id='block_1_100' title="bbox 2566 3509 4222 3585">
    <p class='ocr_par' dir='ltr' id='par_1_100' title="bbox 2566 3509 4222 3585">
     <span class='ocr_line' id='line_1_101' title="bbox 2566 3509 4222 3585; baseline 0.001 -22"><span class='ocrx_word' id='word_1_804' title='bbox 2566 3509 2876 3576; x_wconf 89' lang='grc' dir='ltr'>θενεύοντες</span> <span class='ocrx_word' id='word_1_805' title='bbox 2925 3514 3362 3581; x_wconf 75' lang='grc' dir='ltr'>κολαζέσθωσαν;</span> <span class='ocrx_word' id='word_1_806' title='bbox 3429 3515 3568 3568; x_wconf 82' lang='grc' dir='ltr'>Ἀλλ’</span> <span class='ocrx_word' id='word_1_807' title='bbox 3625 3515 3811 3584; x_wconf 84' lang='grc' dir='ltr'>ἐϐάρει</span> <span class='ocrx_word' id='word_1_808' title='bbox 3868 3515 3968 3585; x_wconf 79' lang='grc' dir='ltr'>τὴν</span> <span class='ocrx_word' id='word_1_809' title='bbox 4027 3515 4222 3582; x_wconf 71' lang='grc' dir='ltr'>φύσινο</span> 
     </span>
    </p>
   </div>
   <div class='ocr_carea' id='block_1_101' title="bbox 2564 3598 4224 3672">
    <p class='ocr_par' dir='ltr' id='par_1_101' title="bbox 2564 3598 4224 3672">
     <span class='ocr_line' id='line_1_102' title="bbox 2564 3598 4224 3672; baseline -0.001 -21"><span class='ocrx_word' id='word_1_810' title='bbox 2564 3598 2801 3667; x_wconf 75' lang='grc' dir='ltr'>φείδεται</span> <span class='ocrx_word' id='word_1_811' title='bbox 2843 3599 2941 3671; x_wconf 85' lang='grc' dir='ltr'>τῆς</span> <span class='ocrx_word' id='word_1_812' title='bbox 2981 3601 3194 3670; x_wconf 87' lang='grc' dir='ltr'>φύσεως</span> <span class='ocrx_word' id='word_1_813' title='bbox 3227 3602 3325 3672; x_wconf 84' lang='grc' dir='ltr'>τῆς</span> <span class='ocrx_word' id='word_1_814' title='bbox 3359 3602 3651 3672; x_wconf 82' lang='grc' dir='ltr'>ἡμετέρας.</span> <span class='ocrx_word' id='word_1_815' title='bbox 3713 3601 3948 3670; x_wconf 79' lang='grc' dir='ltr'>Ἀφῆκεν</span> <span class='ocrx_word' id='word_1_816' title='bbox 3989 3598 4224 3666; x_wconf 74' lang='grc' dir='ltr'>ἐξαιτῶν</span> 
     </span>
    </p>
   </div>
   <div class='ocr_carea' id='block_1_102' title="bbox 2565 3685 4221 3760">
    <p class='ocr_par' dir='ltr' id='par_1_102' title="bbox 2565 3685 4221 3760">
     <span class='ocr_line' id='line_1_103' title="bbox 2565 3685 4221 3760; baseline -0.001 -22"><span class='ocrx_word' id='word_1_817' title='bbox 2565 3685 2811 3751; x_wconf 89' lang='grc' dir='ltr'>σταδίων,</span> <span class='ocrx_word' id='word_1_818' title='bbox 2836 3689 3045 3758; x_wconf 80' lang='grc' dir='ltr'>ἀφῆκεν</span> <span class='ocrx_word' id='word_1_819' title='bbox 3069 3689 3326 3760; x_wconf 86' lang='grc' dir='ltr'>ἀνωτέρω</span> <span class='ocrx_word' id='word_1_820' title='bbox 3365 3688 3472 3742; x_wconf 84' lang='grc' dir='ltr'>τῶν</span> <span class='ocrx_word' id='word_1_821' title='bbox 3507 3687 3733 3757; x_wconf 83' lang='grc' dir='ltr'>ἀγώνων</span> <span class='ocrx_word' id='word_1_822' title='bbox 3750 3688 3848 3759; x_wconf 83' lang='grc' dir='ltr'>τὴν</span> <span class='ocrx_word' id='word_1_823' title='bbox 3889 3685 4188 3757; x_wconf 86' lang='grc' dir='ltr'>παρθενίαν</span> <span class='ocrx_word' id='word_1_824' title='bbox 4207 3726 4221 3748; x_wconf 94' lang='grc'>,</span> 
     </span>
    </p>
   </div>
   <div class='ocr_carea' id='block_1_103' title="bbox 2563 3773 4224 3846">
    <p class='ocr_par' dir='ltr' id='par_1_103' title="bbox 2563 3773 4224 3846">
     <span class='ocr_line' id='line_1_104' title="bbox 2563 3773 4224 3846; baseline -0.002 -20"><span class='ocrx_word' id='word_1_825' title='bbox 2563 3773 2649 3826; x_wconf 82' lang='grc' dir='ltr'>ἵνα</span> <span class='ocrx_word' id='word_1_826' title='bbox 2702 3775 2796 3828; x_wconf 79' lang='grc' dir='ltr'>καὶ</span> <span class='ocrx_word' id='word_1_827' title='bbox 2843 3775 2894 3827; x_wconf 91' lang='grc' dir='ltr'>οἰ</span> <span class='ocrx_word' id='word_1_828' title='bbox 2944 3775 3336 3846; x_wconf 89' lang='grc' dir='ltr'>κατορθοῦντες</span> <span class='ocrx_word' id='word_1_829' title='bbox 3397 3775 3493 3846; x_wconf 81' lang='grc' dir='ltr'>τὴν</span> <span class='ocrx_word' id='word_1_830' title='bbox 3543 3776 3750 3828; x_wconf 81' lang='grc' dir='ltr'>οἰκείαν</span> <span class='ocrx_word' id='word_1_831' title='bbox 3816 3773 4224 3844; x_wconf 63' lang='grc' dir='ltr'>μεγαλοψυχίαν</span> 
     </span>
    </p>
   </div>
   <div class='ocr_carea' id='block_1_104' title="bbox 2563 3858 4227 3934">
    <p class='ocr_par' dir='ltr' id='par_1_104' title="bbox 2563 3858 4227 3934">
     <span class='ocr_line' id='line_1_105' title="bbox 2563 3858 4227 3934; baseline 0.002 -23"><span class='ocrx_word' id='word_1_832' title='bbox 2563 3859 2962 3926; x_wconf 81' lang='grc' dir='ltr'>ἐπιδείξωνται,</span> <span class='ocrx_word' id='word_1_833' title='bbox 3022 3863 3115 3915; x_wconf 81' lang='grc' dir='ltr'>καὶ</span> <span class='ocrx_word' id='word_1_834' title='bbox 3162 3864 3213 3915; x_wconf 88' lang='grc' dir='ltr'>οἰ</span> <span class='ocrx_word' id='word_1_835' title='bbox 3264 3863 3339 3933; x_wconf 78' lang='grc' dir='ltr'>μὴ</span> <span class='ocrx_word' id='word_1_836' title='bbox 3391 3861 3782 3934; x_wconf 89' lang='grc' dir='ltr'>κατορθοῦντες</span> <span class='ocrx_word' id='word_1_837' title='bbox 3827 3864 3928 3932; x_wconf 78' lang='grc' dir='ltr'>τῆς</span> <span class='ocrx_word' id='word_1_838' title='bbox 3976 3858 4227 3928; x_wconf 86' lang='grc' dir='ltr'>συγγνὼ-</span> 
     </span>
    </p>
   </div>
   <div class='ocr_carea' id='block_1_105' title="bbox 2569 3945 4224 4018">
    <p class='ocr_par' dir='ltr' id='par_1_105' title="bbox 2569 3945 4224 4018">
     <span class='ocr_line' id='line_1_106' title="bbox 2569 3945 4224 4018; baseline 0.005 -20"><span class='ocrx_word' id='word_1_839' title='bbox 2569 3959 2673 4016; x_wconf 80' lang='grc' dir='ltr'>μης</span> <span class='ocrx_word' id='word_1_840' title='bbox 2720 3946 3065 4000; x_wconf 84' lang='grc' dir='ltr'>ἀπολαύσωσι</span> <span class='ocrx_word' id='word_1_841' title='bbox 3112 3948 3207 4002; x_wconf 90' lang='grc' dir='ltr'>τοῦ</span> <span class='ocrx_word' id='word_1_842' title='bbox 3258 3950 3550 4002; x_wconf 84' lang='grc' dir='ltr'>Δεσπότου.</span> <span class='ocrx_word' id='word_1_843' title='bbox 3599 3947 3754 4002; x_wconf 75' lang='grc' dir='ltr'>Οὕτω</span> <span class='ocrx_word' id='word_1_844' title='bbox 3802 3947 3895 4000; x_wconf 71' lang='grc' dir='ltr'>κιιί⁵</span> <span class='ocrx_word' id='word_1_845' title='bbox 3951 3947 4084 4018; x_wconf 76' lang='grc' dir='ltr'>περὶ</span> <span class='ocrx_word' id='word_1_846' title='bbox 4125 3945 4224 4015; x_wconf 80' lang='grc' dir='ltr'>τῆς</span> 
     </span>
    </p>
   </div>
   <div class='ocr_carea' id='block_1_106' title="bbox 2565 4032 4226 4105">
    <p class='ocr_par' dir='ltr' id='par_1_106' title="bbox 2565 4032 4226 4105">
     <span class='ocr_line' id='line_1_107' title="bbox 2565 4032 4226 4105; baseline 0 -21"><span class='ocrx_word' id='word_1_847' title='bbox 2565 4032 2950 4103; x_wconf 81' lang='grc' dir='ltr'>ἀκτημοσύνης</span> <span class='ocrx_word' id='word_1_848' title='bbox 2974 4034 3073 4087; x_wconf 82' lang='grc' dir='ltr'>οὑκ</span> <span class='ocrx_word' id='word_1_849' title='bbox 3098 4035 3318 4103; x_wconf 83' lang='grc' dir='ltr'>ἐποίησε</span> <span class='ocrx_word' id='word_1_850' title='bbox 3343 4036 3402 4087; x_wconf 85' lang='grc' dir='ltr'>τὸ</span> <span class='ocrx_word' id='word_1_851' title='bbox 3431 4037 3664 4105; x_wconf 82' lang='grc' dir='ltr'>πρᾶγμα</span> <span class='ocrx_word' id='word_1_852' title='bbox 3696 4035 3992 4103; x_wconf 86' lang='grc' dir='ltr'>ἐπίταγμα.</span> <span class='ocrx_word' id='word_1_853' title='bbox 4018 4035 4094 4087; x_wconf 84' lang='grc' dir='ltr'>Οὑ</span> <span class='ocrx_word' id='word_1_854' title='bbox 4116 4035 4226 4102; x_wconf 79' lang='grc' dir='ltr'>γὰρ</span> 
     </span>
    </p>
   </div>
   <div class='ocr_carea' id='block_1_107' title="bbox 2569 4115 4226 4190">
    <p class='ocr_par' dir='ltr' id='par_1_107' title="bbox 2569 4115 4226 4190">
     <span class='ocr_line' id='line_1_108' title="bbox 2569 4115 4226 4190; baseline 0 -18"><span class='ocrx_word' id='word_1_855' title='bbox 2569 4119 2756 4183; x_wconf 82' lang='grc' dir='ltr'>ἁπλῶς</span> <span class='ocrx_word' id='word_1_856' title='bbox 2783 4115 2904 4173; x_wconf 80' lang='grc' dir='ltr'>εἰπε</span> <span class='ocrx_word' id='word_1_857' title='bbox 2925 4160 2938 4183; x_wconf 92' lang='grc'>,</span> <span class='ocrx_word' id='word_1_858' title='bbox 2973 4121 3277 4188; x_wconf 74' lang='grc' dir='ltr'>Πώλησόν</span> <span class='ocrx_word' id='word_1_859' title='bbox 3309 4137 3425 4175; x_wconf 92' lang='grc' dir='ltr'>σου</span> <span class='ocrx_word' id='word_1_860' title='bbox 3457 4123 3530 4174; x_wconf 85' lang='grc' dir='ltr'><em>τὰ</em></span> <span class='ocrx_word' id='word_1_861' title='bbox 3573 4120 3950 4190; x_wconf 82' lang='grc' dir='ltr'>ὑπάρχοντα,</span> <span class='ocrx_word' id='word_1_862' title='bbox 3977 4119 4125 4185; x_wconf 84' lang='grc' dir='ltr'>ἀλλ’,</span> <span class='ocrx_word' id='word_1_863' title='bbox 4157 4122 4226 4173; x_wconf 79' lang='grc' dir='ltr'>Εἰ</span> 
     </span>
    </p>
   </div>
   <div class='ocr_carea' id='block_1_108' title="bbox 2564 4204 4224 4276">
    <p class='ocr_par' dir='ltr' id='par_1_108' title="bbox 2564 4204 4224 4276">
     <span class='ocr_line' id='line_1_109' title="bbox 2564 4204 4224 4276; baseline 0.001 -15"><span class='ocrx_word' id='word_1_864' title='bbox 2564 4205 2757 4273; x_wconf 78' lang='grc' dir='ltr'>θέλεις</span> <span class='ocrx_word' id='word_1_865' title='bbox 2782 4208 3011 4273; x_wconf 83' lang='grc' dir='ltr'>τέλειος</span> <span class='ocrx_word' id='word_1_866' title='bbox 3038 4204 3210 4270; x_wconf 76' lang='grc' dir='ltr'>εἶναι,</span> <span class='ocrx_word' id='word_1_867' title='bbox 3236 4209 3446 4276; x_wconf 81' lang='grc' dir='ltr'>ὕπαγε,</span> <span class='ocrx_word' id='word_1_868' title='bbox 3479 4208 3768 4275; x_wconf 77' lang='grc' dir='ltr'>πώλησόν</span> <span class='ocrx_word' id='word_1_869' title='bbox 3795 4222 3912 4262; x_wconf 91' lang='grc' dir='ltr'>σου</span> <span class='ocrx_word' id='word_1_870' title='bbox 3943 4207 4018 4260; x_wconf 86' lang='grc' dir='ltr'>τά</span> <span class='ocrx_word' id='word_1_871' title='bbox 4039 4207 4224 4274; x_wconf 77' lang='grc' dir='ltr'>ὑπάρ-</span> 
     </span>
    </p>
   </div>
   <div class='ocr_carea' id='block_1_109' title="bbox 2562 4293 4223 4368">
    <p class='ocr_par' dir='ltr' id='par_1_109' title="bbox 2562 4293 4223 4368">
     <span class='ocr_line' id='line_1_110' title="bbox 2562 4293 4223 4368; baseline -0.001 -20"><span class='ocrx_word' id='word_1_872' title='bbox 2562 4312 2767 4363; x_wconf 83' lang='grc' dir='ltr'>χοντα.</span> <span class='ocrx_word' id='word_1_873' title='bbox 2827 4295 2916 4348; x_wconf 84' lang='grc' dir='ltr'>Ἐν</span> <span class='ocrx_word' id='word_1_874' title='bbox 2964 4299 3030 4368; x_wconf 76' lang='grc' dir='ltr'>τῇ</span> <span class='ocrx_word' id='word_1_875' title='bbox 3076 4294 3238 4368; x_wconf 78' lang='grc' dir='ltr'>βουλῇ</span> <span class='ocrx_word' id='word_1_876' title='bbox 3290 4296 3490 4350; x_wconf 89' lang='grc' dir='ltr'>κείσθω</span> <span class='ocrx_word' id='word_1_877' title='bbox 3524 4299 3590 4366; x_wconf 84' lang='grc' dir='ltr'>τῇ</span> <span class='ocrx_word' id='word_1_878' title='bbox 3639 4297 3740 4366; x_wconf 80' lang='grc' dir='ltr'>σῇ,</span> <span class='ocrx_word' id='word_1_879' title='bbox 3772 4293 3962 4365; x_wconf 88' lang='grc' dir='ltr'>κύριος</span> <span class='ocrx_word' id='word_1_880' title='bbox 4000 4294 4094 4347; x_wconf 79' lang='grc' dir='ltr'>εσο</span> <span class='ocrx_word' id='word_1_881' title='bbox 4125 4293 4223 4362; x_wconf 83' lang='grc' dir='ltr'>τῆς</span> 
     </span>
    </p>
   </div>
   <div class='ocr_carea' id='block_1_110' title="bbox 2562 4379 4225 4452">
    <p class='ocr_par' dir='ltr' id='par_1_110' title="bbox 2562 4379 4225 4452">
     <span class='ocr_line' id='line_1_111' title="bbox 2562 4379 4225 4452; baseline -0.001 -18"><span class='ocrx_word' id='word_1_882' title='bbox 2562 4381 2786 4452; x_wconf 86' lang='grc' dir='ltr'>γνώμης</span> <span class='ocrx_word' id='word_1_883' title='bbox 2805 4397 2819 4411; x_wconf 85' lang='grc'>⁶</span> <span class='ocrx_word' id='word_1_884' title='bbox 2849 4382 2950 4436; x_wconf 89' lang='grc' dir='ltr'>οὑκ</span> <span class='ocrx_word' id='word_1_885' title='bbox 2976 4381 3288 4451; x_wconf 77' lang='grc' dir='ltr'>ἀναγκάζω,</span> <span class='ocrx_word' id='word_1_886' title='bbox 3313 4383 3431 4436; x_wconf 88' lang='grc' dir='ltr'>οὑδὲ</span> <span class='ocrx_word' id='word_1_887' title='bbox 3452 4381 3623 4452; x_wconf 87' lang='grc' dir='ltr'>βαρῶ,</span> <span class='ocrx_word' id='word_1_888' title='bbox 3647 4380 3781 4434; x_wconf 79' lang='grc' dir='ltr'>ἀλλὰ</span> <span class='ocrx_word' id='word_1_889' title='bbox 3803 4379 4225 4451; x_wconf 83' lang='grc' dir='ltr'>κατορθώσαντα</span> 
     </span>
    </p>
   </div>
   <div class='ocr_carea' id='block_1_111' title="bbox 2567 4467 4220 4542">
    <p class='ocr_par' dir='ltr' id='par_1_111' title="bbox 2567 4467 4220 4542">
     <span class='ocr_line' id='line_1_112' title="bbox 2567 4467 4220 4542; baseline -0.001 -20"><span class='ocrx_word' id='word_1_890' title='bbox 2567 4470 2666 4540; x_wconf 80' lang='grc' dir='ltr'>μὲν</span> <span class='ocrx_word' id='word_1_891' title='bbox 2715 4470 2998 4539; x_wconf 85' lang='grc' dir='ltr'>στεφανῶ,</span> <span class='ocrx_word' id='word_1_892' title='bbox 3051 4472 3124 4541; x_wconf 79' lang='grc' dir='ltr'>μὴ</span> <span class='ocrx_word' id='word_1_893' title='bbox 3161 4469 3580 4542; x_wconf 88' lang='grc' dir='ltr'>κατορθώσαντα</span> <span class='ocrx_word' id='word_1_894' title='bbox 3601 4468 3754 4542; x_wconf 69' lang='lat'>[3&#39;22]</span> <span class='ocrx_word' id='word_1_895' title='bbox 3787 4468 3846 4522; x_wconf 86' lang='grc' dir='ltr'>δέ</span> <span class='ocrx_word' id='word_1_896' title='bbox 3883 4468 3948 4521; x_wconf 85' lang='grc' dir='ltr'>οὑ</span> <span class='ocrx_word' id='word_1_897' title='bbox 3986 4467 4220 4530; x_wconf 79' lang='grc' dir='ltr'>κολάζω.</span> 
     </span>
    </p>
   </div>
   <div class='ocr_carea' id='block_1_112' title="bbox 2567 4555 4218 4629">
    <p class='ocr_par' dir='ltr' id='par_1_112' title="bbox 2567 4555 4218 4629">
     <span class='ocr_line' id='line_1_113' title="bbox 2567 4555 4218 4629; baseline -0.002 -20"><span class='ocrx_word' id='word_1_898' title='bbox 2567 4559 2609 4609; x_wconf 87' lang='grc' dir='ltr'>Τ</span> <span class='ocrx_word' id='word_1_899' title='bbox 2613 4557 2647 4610; x_wconf 90' lang='grc' dir='ltr'>ἀ</span> <span class='ocrx_word' id='word_1_900' title='bbox 2689 4558 2788 4625; x_wconf 88' lang='grc' dir='ltr'>μέν</span> <span class='ocrx_word' id='word_1_901' title='bbox 2819 4559 2926 4629; x_wconf 88' lang='grc' dir='ltr'>γάρ</span> <span class='ocrx_word' id='word_1_902' title='bbox 2961 4558 3021 4622; x_wconf 82' lang='grc' dir='ltr'>ἐξ</span> <span class='ocrx_word' id='word_1_903' title='bbox 3050 4561 3314 4629; x_wconf 81' lang='grc' dir='ltr'>ἐπιταγῆς</span> <span class='ocrx_word' id='word_1_904' title='bbox 3352 4559 3609 4629; x_wconf 89' lang='grc' dir='ltr'>γινόμενα</span> <span class='ocrx_word' id='word_1_905' title='bbox 3653 4557 3747 4611; x_wconf 69' lang='grc' dir='ltr'>καὶ</span> <span class='ocrx_word' id='word_1_906' title='bbox 3774 4557 3832 4623; x_wconf 83' lang='grc' dir='ltr'>ἐξ</span> <span class='ocrx_word' id='word_1_907' title='bbox 3866 4555 4112 4625; x_wconf 81' lang='grc' dir='ltr'>ὀφειλῆς,</span> <span class='ocrx_word' id='word_1_908' title='bbox 4158 4557 4218 4606; x_wconf 84' lang='grc' dir='ltr'>οὑ</span> 
     </span>
    </p>
   </div>
   <div class='ocr_carea' id='block_1_113' title="bbox 2565 4640 4220 4715">
    <p class='ocr_par' dir='ltr' id='par_1_113' title="bbox 2565 4640 4220 4715">
     <span class='ocr_line' id='line_1_114' title="bbox 2565 4640 4220 4715; baseline -0.002 -20"><span class='ocrx_word' id='word_1_909' title='bbox 2565 4644 2819 4697; x_wconf 92' lang='grc' dir='ltr'>τοσοῦτον</span> <span class='ocrx_word' id='word_1_910' title='bbox 2866 4644 2979 4713; x_wconf 83' lang='grc' dir='ltr'>ἔχει</span> <span class='ocrx_word' id='word_1_911' title='bbox 3018 4645 3207 4715; x_wconf 89' lang='grc' dir='ltr'>μισθόν</span> <span class='ocrx_word' id='word_1_912' title='bbox 3224 4663 3238 4675; x_wconf 89' lang='grc'><strong>·</strong></span> <span class='ocrx_word' id='word_1_913' title='bbox 3278 4646 3346 4698; x_wconf 80' lang='grc' dir='ltr'>τὰ</span> <span class='ocrx_word' id='word_1_914' title='bbox 3378 4646 3435 4699; x_wconf 86' lang='grc' dir='ltr'>δὲ</span> <span class='ocrx_word' id='word_1_915' title='bbox 3459 4647 3524 4697; x_wconf 89' lang='grc' dir='ltr'>ἐκ</span> <span class='ocrx_word' id='word_1_916' title='bbox 3549 4643 3920 4715; x_wconf 88' lang='grc' dir='ltr'>προαιρέσεως</span> <span class='ocrx_word' id='word_1_917' title='bbox 3944 4643 4040 4694; x_wconf 71' lang='grc' dir='ltr'>καὶ</span> <span class='ocrx_word' id='word_1_918' title='bbox 4061 4640 4119 4706; x_wconf 80' lang='grc' dir='ltr'>ἐξ</span> <span class='ocrx_word' id='word_1_919' title='bbox 4140 4641 4220 4692; x_wconf 81' lang='grc' dir='ltr'>οἰ-</span> 
     </span>
    </p>
   </div>
   <div class='ocr_carea' id='block_1_114' title="bbox 2566 4727 4223 4804">
    <p class='ocr_par' dir='ltr' id='par_1_114' title="bbox 2566 4727 4223 4804">
     <span class='ocr_line' id='line_1_115' title="bbox 2566 4727 4223 4804; baseline -0.004 -20"><span class='ocrx_word' id='word_1_920' title='bbox 2566 4733 2722 4795; x_wconf 86' lang='grc' dir='ltr'>κείας</span> <span class='ocrx_word' id='word_1_921' title='bbox 2763 4731 3073 4801; x_wconf 85' lang='grc' dir='ltr'>φιλοτιμίας</span> <span class='ocrx_word' id='word_1_922' title='bbox 3118 4732 3404 4804; x_wconf 82' lang='grc' dir='ltr'>λαμπροὺς</span> <span class='ocrx_word' id='word_1_923' title='bbox 3442 4732 3555 4803; x_wconf 70' lang='grc' dir='ltr'>ἔχει</span> <span class='ocrx_word' id='word_1_924' title='bbox 3593 4730 3718 4791; x_wconf 74' lang='grc' dir='ltr'>τοὺς</span> <span class='ocrx_word' id='word_1_925' title='bbox 3765 4728 4076 4794; x_wconf 81' lang='grc' dir='ltr'>στεφάνους.</span> <span class='ocrx_word' id='word_1_926' title='bbox 4114 4727 4223 4780; x_wconf 81' lang='grc' dir='ltr'>Καὶ</span> 
     </span>
    </p>
   </div>
   <div class='ocr_carea' id='block_1_115' title="bbox 2565 4813 4223 4890">
    <p class='ocr_par' dir='ltr' id='par_1_115' title="bbox 2565 4813 4223 4890">
     <span class='ocr_line' id='line_1_116' title="bbox 2565 4813 4223 4890; baseline -0.004 -18"><span class='ocrx_word' id='word_1_927' title='bbox 2565 4819 2771 4874; x_wconf 84' lang='grc' dir='ltr'>τούτων</span> <span class='ocrx_word' id='word_1_928' title='bbox 2806 4818 3021 4873; x_wconf 88' lang='grc' dir='ltr'>Παῦλον</span> <span class='ocrx_word' id='word_1_929' title='bbox 3061 4820 3292 4890; x_wconf 87' lang='grc' dir='ltr'>παράγω</span> <span class='ocrx_word' id='word_1_930' title='bbox 3337 4819 3616 4890; x_wconf 76' lang='grc' dir='ltr'>μάρτυραο</span> <span class='ocrx_word' id='word_1_931' title='bbox 3675 4815 3810 4870; x_wconf 82' lang='grc' dir='ltr'>Ἐὰν</span> <span class='ocrx_word' id='word_1_932' title='bbox 3845 4813 4223 4883; x_wconf 63' lang='grc' dir='ltr'>εὐαγγελίζω-</span> 
     </span>
    </p>
   </div>
   <div class='ocr_carea' id='block_1_116' title="bbox 2557 4901 4219 4980">
    <p class='ocr_par' dir='ltr' id='par_1_116' title="bbox 2557 4901 4219 4980">
     <span class='ocr_line' id='line_1_117' title="bbox 2557 4901 4219 4980; baseline -0.007 -17"><span class='ocrx_word' id='word_1_933' title='bbox 2557 4927 2687 4980; x_wconf 88' lang='grc' dir='ltr'>μαι,</span> <span class='ocrx_word' id='word_1_934' title='bbox 2723 4909 2922 4979; x_wconf 67' lang='grc' dir='ltr'>φησιν,</span> <span class='ocrx_word' id='word_1_935' title='bbox 2947 4909 3057 4962; x_wconf 85' lang='grc' dir='ltr'>οὐκ</span> <span class='ocrx_word' id='word_1_936' title='bbox 3081 4907 3212 4961; x_wconf 79' lang='grc' dir='ltr'>ἐστι</span> <span class='ocrx_word' id='word_1_937' title='bbox 3237 4925 3339 4977; x_wconf 85' lang='grc' dir='ltr'>μοι</span> <span class='ocrx_word' id='word_1_938' title='bbox 3377 4909 3679 4976; x_wconf 81' lang='grc' dir='ltr'>καύχημα.</span> <span class='ocrx_word' id='word_1_939' title='bbox 3710 4902 3809 4956; x_wconf 89' lang='grc' dir='ltr'>Διά</span> <span class='ocrx_word' id='word_1_940' title='bbox 3837 4902 3925 4969; x_wconf 76' lang='grc' dir='ltr'>τίς</span> <span class='ocrx_word' id='word_1_941' title='bbox 3967 4901 4219 4969; x_wconf 71' lang='grc' dir='ltr'>Ἀνάγκη</span> 
     </span>
    </p>
   </div>
   <div class='ocr_carea' id='block_1_117' title="bbox 2565 4988 4219 5068">
    <p class='ocr_par' dir='ltr' id='par_1_117' title="bbox 2565 4988 4219 5068">
     <span class='ocr_line' id='line_1_118' title="bbox 2565 4988 4219 5068; baseline -0.015 -16"><span class='ocrx_word' id='word_1_942' title='bbox 2565 4997 2677 5068; x_wconf 76' lang='grc' dir='ltr'>γάρ</span> <span class='ocrx_word' id='word_1_943' title='bbox 2700 5015 2803 5066; x_wconf 85' lang='grc' dir='ltr'>μοι</span> <span class='ocrx_word' id='word_1_944' title='bbox 2823 4997 3126 5049; x_wconf 83' lang='grc' dir='ltr'>ἐπίκειται.</span> <span class='ocrx_word' id='word_1_945' title='bbox 3151 4995 3294 5051; x_wconf 78' lang='grc' dir='ltr'>Οὐαί</span> <span class='ocrx_word' id='word_1_946' title='bbox 3322 4995 3388 5049; x_wconf 85' lang='grc' dir='ltr'>δέ</span> <span class='ocrx_word' id='word_1_947' title='bbox 3404 4995 3509 5064; x_wconf 84' lang='grc' dir='ltr'>μοί</span> <span class='ocrx_word' id='word_1_948' title='bbox 3531 4994 3720 5054; x_wconf 81' lang='grc' dir='ltr'>ἐστιν,</span> <span class='ocrx_word' id='word_1_949' title='bbox 3740 4990 3847 5043; x_wconf 80' lang='grc' dir='ltr'>ἐὰν</span> <span class='ocrx_word' id='word_1_950' title='bbox 3869 4988 3956 5059; x_wconf 78' lang='grc' dir='ltr'>μὴ</span> <span class='ocrx_word' id='word_1_951' title='bbox 3985 4993 4219 5058; x_wconf 52' lang='lat' dir='ltr'>eoum-3.</span> 
     </span>
    </p>
   </div>
   <div class='ocr_carea' id='block_1_118' title="bbox 2563 5075 4217 5154">
    <p class='ocr_par' dir='ltr' id='par_1_118' title="bbox 2563 5075 4217 5154">
     <span class='ocr_line' id='line_1_119' title="bbox 2563 5075 4217 5154; baseline -0.008 -14"><span class='ocrx_word' id='word_1_952' title='bbox 2563 5085 2828 5153; x_wconf 77' lang='grc' dir='ltr'>λίζωμαι.</span> <span class='ocrx_word' id='word_1_953' title='bbox 2866 5083 3060 5154; x_wconf 78' lang='grc' dir='ltr'>Ὀρᾷς,</span> <span class='ocrx_word' id='word_1_954' title='bbox 3103 5083 3161 5136; x_wconf 89' lang='grc' dir='ltr'>ἐν</span> <span class='ocrx_word' id='word_1_955' title='bbox 3205 5085 3317 5146; x_wconf 86' lang='grc' dir='ltr'>τοῖς</span> <span class='ocrx_word' id='word_1_956' title='bbox 3347 5082 3532 5152; x_wconf 85' lang='grc' dir='ltr'>νόμοις</span> <span class='ocrx_word' id='word_1_957' title='bbox 3557 5078 3586 5129; x_wconf 87' lang='lat'>6</span> <span class='ocrx_word' id='word_1_958' title='bbox 3611 5075 3711 5147; x_wconf 73' lang='grc' dir='ltr'>μὲν</span> <span class='ocrx_word' id='word_1_959' title='bbox 3742 5075 4086 5147; x_wconf 86' lang='grc' dir='ltr'>κατορθώσας</span> <span class='ocrx_word' id='word_1_960' title='bbox 4118 5076 4217 5128; x_wconf 84' lang='grc' dir='ltr'>οὑκ</span> 
     </span>
    </p>
   </div>
   <div class='ocr_carea' id='block_1_119' title="bbox 2564 5163 4215 5243">
    <p class='ocr_par' dir='ltr' id='par_1_119' title="bbox 2564 5163 4215 5243">
     <span class='ocr_line' id='line_1_120' title="bbox 2564 5163 4215 5243; baseline -0.007 -19"><span class='ocrx_word' id='word_1_961' title='bbox 2564 5172 2677 5243; x_wconf 75' lang='grc' dir='ltr'>ἔχει</span> <span class='ocrx_word' id='word_1_962' title='bbox 2705 5170 2873 5224; x_wconf 76' lang='grc' dir='ltr'>πολὺν</span> <span class='ocrx_word' id='word_1_963' title='bbox 2913 5170 3130 5240; x_wconf 76' lang='grc' dir='ltr'>μισθόνο</span> <span class='ocrx_word' id='word_1_964' title='bbox 3177 5170 3390 5238; x_wconf 88' lang='grc' dir='ltr'>ἀνάγκη</span> <span class='ocrx_word' id='word_1_965' title='bbox 3426 5167 3533 5235; x_wconf 86' lang='grc' dir='ltr'>γάρ</span> <span class='ocrx_word' id='word_1_966' title='bbox 3557 5165 3738 5217; x_wconf 68' lang='grc' dir='ltr'>ἐστιν’</span> <span class='ocrx_word' id='word_1_967' title='bbox 3769 5165 3798 5217; x_wconf 89' lang='lat'>6</span> <span class='ocrx_word' id='word_1_968' title='bbox 3835 5163 3892 5218; x_wconf 88' lang='grc' dir='ltr'>δέ</span> <span class='ocrx_word' id='word_1_969' title='bbox 3926 5165 4002 5234; x_wconf 78' lang='grc' dir='ltr'>μὴ</span> <span class='ocrx_word' id='word_1_970' title='bbox 4026 5178 4215 5231; x_wconf 74' lang='grc' dir='ltr'>κατορ-</span> 
     </span>
    </p>
   </div>
   <div class='ocr_carea' id='block_1_120' title="bbox 2564 5248 4214 5326">
    <p class='ocr_par' dir='ltr' id='par_1_120' title="bbox 2564 5248 4214 5326">
     <span class='ocr_line' id='line_1_121' title="bbox 2564 5248 4214 5326; baseline -0.008 -14"><span class='ocrx_word' id='word_1_971' title='bbox 2564 5259 2740 5323; x_wconf 87' lang='grc' dir='ltr'>θώσας</span> <span class='ocrx_word' id='word_1_972' title='bbox 2767 5257 3065 5321; x_wconf 83' lang='grc' dir='ltr'>ὑπεύθυνός</span> <span class='ocrx_word' id='word_1_973' title='bbox 3089 5259 3205 5310; x_wconf 84' lang='grc' dir='ltr'>ἐστι</span> <span class='ocrx_word' id='word_1_974' title='bbox 3231 5258 3299 5326; x_wconf 82' lang='grc' dir='ltr'>τῇ</span> <span class='ocrx_word' id='word_1_975' title='bbox 3326 5253 3544 5308; x_wconf 89' lang='grc' dir='ltr'>κολάσει</span> <span class='ocrx_word' id='word_1_976' title='bbox 3571 5250 3664 5305; x_wconf 73' lang='grc' dir='ltr'>καὶ</span> <span class='ocrx_word' id='word_1_977' title='bbox 3695 5253 3759 5323; x_wconf 79' lang='grc' dir='ltr'>τῇ</span> <span class='ocrx_word' id='word_1_978' title='bbox 3780 5251 4038 5322; x_wconf 68' lang='grc' dir='ltr'>τιμωρίᾳ.</span> <span class='ocrx_word' id='word_1_979' title='bbox 4072 5248 4214 5300; x_wconf 77' lang='grc' dir='ltr'>οὐαί</span> 
     </span>
    </p>
   </div>
   <div class='ocr_carea' id='block_1_121' title="bbox 2563 5333 4213 5419">
    <p class='ocr_par' dir='ltr' id='par_1_121' title="bbox 2563 5333 4213 5419">
     <span class='ocr_line' id='line_1_122' title="bbox 2563 5333 4213 5419; baseline -0.012 -17"><span class='ocrx_word' id='word_1_980' title='bbox 2563 5347 2672 5419; x_wconf 89' lang='grc' dir='ltr'>γάρ</span> <span class='ocrx_word' id='word_1_981' title='bbox 2691 5365 2794 5417; x_wconf 88' lang='grc' dir='ltr'>μοι</span> <span class='ocrx_word' id='word_1_982' title='bbox 2813 5389 2828 5412; x_wconf 94' lang='grc'>,</span> <span class='ocrx_word' id='word_1_983' title='bbox 2857 5345 3019 5418; x_wconf 74' lang='grc' dir='ltr'>φησὶν</span> <span class='ocrx_word' id='word_1_984' title='bbox 3040 5387 3056 5412; x_wconf 90' lang='grc'>,</span> <span class='ocrx_word' id='word_1_985' title='bbox 3083 5345 3191 5400; x_wconf 79' lang='grc' dir='ltr'>ἐὰν</span> <span class='ocrx_word' id='word_1_986' title='bbox 3222 5342 3310 5411; x_wconf 78' lang='grc' dir='ltr'>μὴ</span> <span class='ocrx_word' id='word_1_987' title='bbox 3351 5337 3820 5410; x_wconf 60' lang='grc' dir='ltr'>εὐαγγελίζωμαι.</span> <span class='ocrx_word' id='word_1_988' title='bbox 3866 5338 3991 5391; x_wconf 71' lang='grc' dir='ltr'>Ἐπὶ</span> <span class='ocrx_word' id='word_1_989' title='bbox 4023 5336 4076 5388; x_wconf 84' lang='grc' dir='ltr'>δὲ</span> <span class='ocrx_word' id='word_1_990' title='bbox 4105 5333 4213 5384; x_wconf 67' lang='grc' dir='ltr'>τῶν</span> 
     </span>
    </p>
   </div>
   <div class='ocr_carea' id='block_1_122' title="bbox 2564 5422 4209 5508">
    <p class='ocr_par' dir='ltr' id='par_1_122' title="bbox 2564 5422 4209 5508">
     <span class='ocr_line' id='line_1_123' title="bbox 2564 5422 4209 5508; baseline -0.013 -16"><span class='ocrx_word' id='word_1_991' title='bbox 2564 5436 2737 5492; x_wconf 75' lang='grc' dir='ltr'>ἄλλων</span> <span class='ocrx_word' id='word_1_992' title='bbox 2770 5437 2867 5508; x_wconf 80' lang='grc' dir='ltr'>οὐχ</span> <span class='ocrx_word' id='word_1_993' title='bbox 2896 5435 3096 5501; x_wconf 76' lang='grc' dir='ltr'>οὕτως,</span> <span class='ocrx_word' id='word_1_994' title='bbox 3135 5431 3231 5486; x_wconf 75' lang='grc' dir='ltr'>ἐπὶ</span> <span class='ocrx_word' id='word_1_995' title='bbox 3263 5429 3372 5484; x_wconf 87' lang='grc' dir='ltr'>τῶν</span> <span class='ocrx_word' id='word_1_996' title='bbox 3415 5430 3480 5481; x_wconf 84' lang='grc' dir='ltr'>ἐκ</span> <span class='ocrx_word' id='word_1_997' title='bbox 3514 5429 3900 5500; x_wconf 83' lang='grc' dir='ltr'>προαιρέσεως,</span> <span class='ocrx_word' id='word_1_998' title='bbox 3939 5422 4072 5477; x_wconf 85' lang='grc' dir='ltr'>ἀλλά</span> <span class='ocrx_word' id='word_1_999' title='bbox 4130 5422 4209 5484; x_wconf 69' lang='lat' dir='ltr'>tl;</span> 
     </span>
    </p>
   </div>
   <div class='ocr_carea' id='block_1_123' title="bbox 2570 5511 4215 5596">
    <p class='ocr_par' dir='ltr' id='par_1_123' title="bbox 2570 5511 4215 5596">
     <span class='ocr_line' id='line_1_124' title="bbox 2570 5511 4215 5596; baseline -0.013 -14"><span class='ocrx_word' id='word_1_1000' title='bbox 2570 5526 2656 5592; x_wconf 77' lang='grc' dir='ltr'>Τίς</span> <span class='ocrx_word' id='word_1_1001' title='bbox 2689 5521 2803 5582; x_wconf 85' lang='grc' dir='ltr'>οὖν</span> <span class='ocrx_word' id='word_1_1002' title='bbox 2830 5525 2938 5596; x_wconf 89' lang='grc' dir='ltr'>μοί</span> <span class='ocrx_word' id='word_1_1003' title='bbox 2977 5523 3150 5577; x_wconf 84' lang='grc' dir='ltr'>ἐστιν</span> <span class='ocrx_word' id='word_1_1004' title='bbox 3184 5522 3218 5573; x_wconf 83' lang='grc' dir='ltr'><em>ὀ</em></span> <span class='ocrx_word' id='word_1_1005' title='bbox 3252 5517 3503 5589; x_wconf 80' lang='grc' dir='ltr'>μισθός;</span> <span class='ocrx_word' id='word_1_1006' title='bbox 3536 5519 3666 5575; x_wconf 85' lang='grc' dir='ltr'>Ἵνα</span> <span class='ocrx_word' id='word_1_1007' title='bbox 3699 5511 4215 5584; x_wconf 72' lang='grc' dir='ltr'>εὐαγγελιζόμενος</span> 
     </span>
    </p>
   </div>
   <div class='ocr_carea' id='block_1_124' title="bbox 2561 5597 4208 5678">
    <p class='ocr_par' dir='ltr' id='par_1_124' title="bbox 2561 5597 4208 5678">
     <span class='ocr_line' id='line_1_125' title="bbox 2561 5597 4208 5678; baseline -0.013 -10"><span class='ocrx_word' id='word_1_1008' title='bbox 2561 5613 2874 5668; x_wconf 77' lang='grc' dir='ltr'>ἀδάπανον</span> <span class='ocrx_word' id='word_1_1009' title='bbox 2899 5614 3066 5678; x_wconf 82' lang='grc' dir='ltr'>θήσω</span> <span class='ocrx_word' id='word_1_1010' title='bbox 3096 5607 3163 5662; x_wconf 86' lang='grc' dir='ltr'>τὸ</span> <span class='ocrx_word' id='word_1_1011' title='bbox 3185 5604 3549 5678; x_wconf 73' lang='grc' dir='ltr'>Εὑαγγέλιον</span> <span class='ocrx_word' id='word_1_1012' title='bbox 3575 5605 3683 5660; x_wconf 86' lang='grc' dir='ltr'>τοῦ</span> <span class='ocrx_word' id='word_1_1013' title='bbox 3713 5601 3882 5663; x_wconf 82' lang='grc' dir='ltr'>Θεοῦ,</span> <span class='ocrx_word' id='word_1_1014' title='bbox 3906 5601 3992 5663; x_wconf 86' lang='grc' dir='ltr'>είς</span> <span class='ocrx_word' id='word_1_1015' title='bbox 4027 5597 4087 5650; x_wconf 78' lang='grc' dir='ltr'><em>τὸ</em></span> <span class='ocrx_word' id='word_1_1016' title='bbox 4123 5598 4208 5666; x_wconf 67' lang='grc' dir='ltr'>μὴ</span> 
     </span>
    </p>
   </div>
   <div class='ocr_carea' id='block_1_125' title="bbox 2625 5776 3540 5842">
    <p class='ocr_par' dir='ltr' id='par_1_125' title="bbox 2625 5776 3540 5842">
     <span class='ocr_line' id='line_1_126' title="bbox 2625 5776 3540 5842; baseline -0.011 -8"><span class='ocrx_word' id='word_1_1017' title='bbox 2625 5783 2644 5823; x_wconf 78' lang='grc' dir='ltr'>ί</span> <span class='ocrx_word' id='word_1_1018' title='bbox 2675 5783 2840 5834; x_wconf 77' lang='grc' dir='ltr'>Οἰίοι).</span> <span class='ocrx_word' id='word_1_1019' title='bbox 2869 5787 2922 5829; x_wconf 76' lang='lat' dir='ltr'>et</span> <span class='ocrx_word' id='word_1_1020' title='bbox 2949 5779 3151 5842; x_wconf 71' lang='lat' dir='ltr'>Barocc._</span> <span class='ocrx_word' id='word_1_1021' title='bbox 3185 5776 3344 5842; x_wconf 81' lang='grc' dir='ltr'>ᾝδειν</span> <span class='ocrx_word' id='word_1_1022' title='bbox 3370 5795 3424 5842; x_wconf 78' lang='grc' dir='ltr'>σε</span> <span class='ocrx_word' id='word_1_1023' title='bbox 3448 5778 3540 5826; x_wconf 79' lang='grc' dir='ltr'>ὅτι.</span> 
     </span>
    </p>
   </div>
   <div class='ocr_carea' id='block_1_126' title="bbox 2625 5840 3428 5898">
    <p class='ocr_par' dir='ltr' id='par_1_126' title="bbox 2625 5840 3428 5898">
     <span class='ocr_line' id='line_1_127' title="bbox 2625 5840 3428 5898; baseline -0.01 -2"><span class='ocrx_word' id='word_1_1024' title='bbox 2625 5849 2653 5888; x_wconf 73' lang='grc' dir='ltr'><strong>Ι</strong></span> <span class='ocrx_word' id='word_1_1025' title='bbox 2677 5844 2846 5897; x_wconf 81' lang='grc' dir='ltr'>Οἰίοἰ).</span> <span class='ocrx_word' id='word_1_1026' title='bbox 2873 5842 3088 5898; x_wconf 74' lang='grc' dir='ltr'>παραινῶ</span> <span class='ocrx_word' id='word_1_1027' title='bbox 3112 5840 3163 5889; x_wconf 77' lang='grc' dir='ltr'>δέ</span> <span class='ocrx_word' id='word_1_1028' title='bbox 3184 5840 3262 5889; x_wconf 67' lang='grc' dir='ltr'>καὶ</span> <span class='ocrx_word' id='word_1_1029' title='bbox 3288 5841 3428 5889; x_wconf 79' lang='grc' dir='ltr'>συαϐ.</span> 
     </span>
    </p>
   </div>
  </div>
