4432 6694
379 457 481 510 517

380 574 546 639 ipsum
572 577 969 623 momentaneunt
997 570 1042 615 et
1068 561 1172 613 leve
1197 546 1530 607 tribulationis
1560 557 1743 600 nostra:
1791 563 1944 616 supra

382 665 584 718 modum
607 665 657 716 in
683 660 1004 718 sublimitate,
1029 660 1268 705 trternunt
1297 641 1474 711 gloria?
1500 639 1694 704 pondus
1715 649 1948 708 operatur

378 762 433 812 in
453 759 589 812 nobis
612 755 688 828 (2.
713 756 835 812 Cor.
861 753 914 805 4.
946 747 1054 814 17).
1086 738 1334 805 Enigma
1361 741 1442 786 est
1467 731 1609 800 quod
1634 731 1824 786 dicitur
1858 751 1870 783 :
1903 730 1948 785 si

381 821 750 912 tribulationis,
779 836 1044 913 quomodo
1074 833 1190 884 leve
1215 829 1238 880 ‘!
1259 827 1303 881 si
1335 826 1466 889 leve,
1498 823 1759 893 quomodo
1777 821 1936 876 tribu-

381 942 633 996 lationis?
673 941 787 993 lucc
825 929 965 986 enim
992 925 1306 990 repugnant.
1369 915 1473 969 Sed
1502 914 1657 968 solvit
1697 914 1946 981 aenigma,

377 1049 499 1088 cum
538 1047 628 1102 per
662 1023 984 1081 additionem
1023 1008 1256 1065 ostendit
1284 1006 1565 1060 levitatem.
1590 1003 1866 1070 Quomodo
1891 1001 1948 1052 ‘?

379 1125 504 1178 Non
528 1097 632 1177 iure
660 1132 770 1188 qua:
802 1111 1030 1166 videntur
1051 1104 1190 1157 nobis
1216 1103 1475 1155 dunttaxat
1495 1097 1945 1153 considerantibus.

379 1218 639 1271 Coronam
673 1186 1001 1275 proposuit.
1053 1211 1117 1248 ac
1172 1204 1439 1248 certamen
1496 1192 1611 1246 leve
1654 1186 1885 1242 reddidit
1931 1200 1943 1235 :

379 1305 611 1363 ostendit
634 1296 892 1354 bravium,
910 1298 963 1342 et
985 1285 1328 1341 desudantem
1354 1283 1552 1338 solatus
1571 1289 1671 1334 est.
1691 1277 1769 1330 Tu
1795 1287 1944 1340 ergo,

377 1413 500 1453 cum
529 1391 798 1445 mulierem
830 1380 1024 1434 videris
1050 1377 1353 1440 formosam,
1388 1373 1534 1426 vultu
1556 1367 1944 1438 splendentem,

379 1494 620 1540 ornatam
668 1473 824 1535 stola,
857 1485 975 1523 cum
1011 1467 1203 1520 videris
1231 1465 1498 1518 libidinem
1546 1459 1864 1514 titillantem,
1895 1459 1949 1504 et

377 1579 593 1640 aspectu
637 1562 1095 1629 concupiscentem
1150 1556 1378 1610 animam
1426 1568 1439 1603 :
1483 1547 1686 1616 respice
1719 1545 1949 1611 desuper

375 1669 601 1714 stantem
639 1667 910 1714 coronam,
944 1663 1048 1718 quo
1075 1650 1174 1701 tale
1228 1642 1585 1715 spectaculum
1638 1643 1944 1704 prartereas.

383 1751 562 1806 Vidisti
589 1744 920 1800 conservam?
941 1742 1215 1794 Dominum
1229 1735 1527 1796 considera,
1548 1739 1705 1797 atque
1730 1724 1947 1780 omnino

383 1841 628 1895 morbum
660 1835 888 1890 curabis.
935 1832 988 1886 Si
1036 1831 1175 1884 enim
1207 1827 1294 1895 qui
1338 1820 1581 1890 discipuli
1609 1818 1943 1888 paedagogum

373 1938 686 1998 sequuntur,
712 1940 818 1980 non
843 1930 1112 1991 vagantur,
1131 1933 1231 1970 non
1261 1917 1367 1968 otio
1390 1920 1618 1980 torpent,
1648 1926 1752 1962 non
1771 1907 1945 1960 studio

374 2022 672 2075 desistunt:
705 2016 868 2068 multo
923 2012 1087 2082 magis
1119 2019 1191 2070 tu,
1235 2008 1278 2058 si
1310 2003 1582 2058 Christum
1628 1999 1774 2068 quasi
1806 2010 1945 2065 prae-

378 2121 587 2166 sentem
609 2106 1015 2177 cogitationibus
1044 2100 1314 2162 intuearis,
1340 2095 1466 2149 nihil
1495 2093 1684 2146 horum
1711 2087 1944 2156 patieris.

385 2204 486 2266 Qui
505 2202 754 2254 mulierem
780 2197 953 2250 uiderit
979 2194 1044 2246 ad
1065 2187 1511 2259 concupiscendum
1537 2198 1668 2242 eam,
1691 2180 1805 2247 jam
1829 2190 1950 2226 ma:-

373 2297 553 2348 cltatus
581 2303 650 2346 est
679 2307 786 2343 eam
810 2290 861 2340 in
885 2288 1033 2339 corde
1058 2300 1146 2335 suo
1170 2281 1376 2353 (Matth.
1398 2280 1451 2330 5.
1477 2275 1590 2341 28).
1618 2267 1857 2324 iucunde
1887 2281 1950 2318 ac

380 2386 576 2453 saepius
603 2383 731 2451 legis
764 2381 959 2447 scripta
997 2377 1112 2443 lego
1139 2389 1152 2425 :
1187 2371 1383 2425 utinam
1416 2377 1469 2420 et
1499 2379 1593 2433 per
1619 2371 1785 2415 totum
1807 2360 1948 2412 diem

375 2478 444 2530 ad
462 2451 562 2528 vos
591 2472 776 2528 eadem
818 2468 974 2522 verba
1007 2465 1180 2518 facere
1205 2473 1448 2529 possem:
1481 2456 1588 2507 imo
1616 2466 1720 2506 non
1746 2451 1812 2504 ad
1833 2463 1945 2512 vos,

376 2568 473 2620 sed
524 2564 590 2618 ad
617 2577 709 2618 eos
733 2561 824 2630 qui
874 2556 1102 2627 peccatis
1151 2559 1277 2605 sunt
1307 2545 1523 2602 obnoxii
1554 2563 1566 2609 ;
1600 2545 1707 2597 imo
1759 2542 1825 2594 ad
1856 2556 1948 2594 Vos

377 2669 621 2725 quoque:
647 2666 767 2704 nam
790 2664 885 2703 vos
910 2646 1169 2699 firmiores
1197 2639 1409 2702 essetis,
1443 2645 1496 2690 et
1524 2635 1610 2704 qui
1642 2633 1830 2687 morbo
1872 2631 1950 2684 la-

379 2723 589 2810 borant,
617 2743 685 2797 ad
712 2744 994 2794 sanitatem
1025 2734 1180 2787 citius
1220 2730 1475 2784 redirent.
1511 2727 1608 2792 Qui
1633 2723 1808 2778 viderit
1833 2738 1947 2773 ma-

379 2838 548 2889 lierent
575 2834 639 2885 ad
659 2829 1106 2899 concupiscendum
1127 2838 1256 2886 eam,
1294 2822 1409 2889 jam
1449 2818 1719 2870 moechatus
1743 2822 1814 2867 est
1841 2828 1948 2865 eam

378 2932 428 2981 in
451 2927 600 2980 corde
624 2939 734 2977 suo.

453 3020 507 3072 5.
549 3014 828 3070 Sufﬁciunt
860 3010 928 3064 ad
962 3021 1170 3062 onmem
1203 3002 1400 3074 peccati
1430 3001 1671 3055 morbum
1716 3013 1948 3068 purgan-

380 3113 506 3165 dum
538 3106 675 3160 nuda
701 3105 813 3157 haec
835 3100 991 3154 verba
1022 3099 1258 3153 recitata.
1285 3094 1387 3149 Sed
1415 3091 1670 3161 ignoscite
1697 3089 1952 3142 :vulnera

386 3215 688 3272 purgamus,
721 3197 937 3249 vulnera
968 3205 1089 3245 vero
1117 3195 1421 3258 purgantem
1453 3196 1672 3237 necesse
1701 3190 1783 3235 est
1807 3194 1952 3233 ama-

384 3310 471 3350 ras
510 3293 796 3346 medicinas
840 3288 1130 3354 imponere.
1176 3281 1381 3346 Quanto
1410 3290 1536 3328 vero
1565 3273 1731 3342 magis
1775 3280 1953 3340 porta-

383 3386 506 3440 bitis
534 3383 692 3436 verba
717 3420 733 3444 ,
767 3387 912 3432 tanto
955 3372 1118 3442 magis
1145 3368 1452 3439 purgabitur
1479 3365 1643 3418 virus.
1688 3361 1953 3430 Quemad-

386 3475 599 3528 modum
628 3472 766 3524 enim
800 3467 933 3536 ignis
962 3473 1145 3517 natura
1175 3466 1371 3528 quanto
1411 3456 1577 3525 magis
1605 3454 1717 3508 auri
1755 3462 1956 3506 natura:

384 3563 694 3620 cohterebit,
743 3565 888 3611 tanto
921 3554 1087 3622 magis
1133 3549 1427 3618 rubiginem
1466 3548 1729 3601 consumit
1760 3563 1774 3598 :
1801 3545 1878 3599 sic
1904 3554 1959 3598 et

388 3654 639 3705 horumce
666 3647 944 3701 verborum
977 3644 1134 3695 timor
1163 3648 1358 3709 quanto
1387 3638 1553 3706 magis
1579 3647 1767 3690 vestra:
1795 3633 1956 3688 menti

389 3742 736 3809 impritnetur,
771 3744 915 3789 tanto
956 3733 1121 3800 magis
1162 3739 1433 3800 peccatum
1469 3727 1807 3796 impudicitia:
1835 3741 1957 3794 pur-

387 3831 548 3900 gahit.
582 3829 675 3881 llic
705 3827 823 3895 igne
849 3827 1232 3885 examinemus,
1264 3821 1425 3874 verbo
1452 3820 1653 3873 scilicet
1678 3818 1952 3880 doctrina),

389 3936 493 3990 quo
523 3920 693 3972 minus
733 3917 902 3984 ipsum
928 3929 1176 3983 cogamur
1204 3910 1505 3966 examinare
1531 3909 1786 3978 gehennae
1819 3909 1952 3976 igne.

389 4016 520 4067 Nam
549 4021 816 4081 purgatam
840 4010 1068 4061 animam
1095 4006 1216 4060 hinc
1243 4006 1524 4059 abeuntem
1555 4003 1640 4055 ille
1669 4016 1771 4054 non
1803 4001 1958 4054 lmdet

392 4106 526 4174 ignis
551 4121 564 4167 ;
591 4117 706 4156 eam
737 4110 910 4153 autem
939 4114 1056 4167 quae
1079 4113 1199 4152 cum
1231 4097 1460 4166 peccatis
1487 4095 1607 4148 hinc
1632 4093 1839 4156 abierit,
1873 4093 1957 4148 ille

393 4196 527 4265 ignis
556 4194 802 4262 excipiet.
839 4189 1240 4257 Uniuscujusque
1267 4188 1397 4240 enim
1422 4203 1546 4255 opus
1574 4187 1741 4255 quale,
1768 4185 1953 4252 inquit,

391 4288 490 4351 sit,
523 4284 650 4354 ignis
680 4280 904 4351 probabit
931 4278 949 4351 (
957 4278 1008 4331 1.
1033 4278 1150 4331 Cor.
1173 4278 1226 4331 5.
1254 4278 1319 4332 15
1337 4281 1378 4346 ).
1413 4275 1700 4329 Probemus
1728 4283 1959 4328 nOstnct-

393 4381 537 4449 ipsos
580 4388 716 4428 nunc
760 4371 875 4426 sine
917 4369 1134 4432 dolore,
1165 4383 1268 4437 quo
1316 4383 1413 4421 nec
1455 4382 1574 4420 cum
1612 4366 1793 4419 dolore
1837 4373 1960 4417 tunc

397 4467 696 4535 probemur.
721 4458 983 4528 Quidquid
1002 4457 1223 4519 dixeris,
1247 4457 1432 4525 inquit,
1458 4456 1715 4509 laboriosa
1742 4463 1823 4507 est
1849 4454 1958 4506 lex.

392 4557 527 4625 Quid
569 4554 765 4624 igitur?
812 4549 1152 4619 impossibilia
1195 4550 1404 4601 mandat
1444 4550 1594 4602 nobis
1622 4544 1959 4610 Deus?Non,

394 4653 605 4718 inquam
629 4663 643 4710 ;
663 4645 966 4698 obmutesce
990 4642 1032 4702 ',
1065 4653 1234 4706 neque
1264 4639 1538 4692 Dominum
1567 4651 1778 4692 accuses
1808 4654 1820 4688 :
1855 4650 1958 4689 non

394 4742 536 4793 enim
564 4738 648 4790 hic
671 4731 1026 4789 excusationis
1054 4728 1259 4792 modus,
1285 4729 1378 4783 sed
1410 4729 1610 4797 peccati
1635 4727 1961 4781 additamen-

399 4841 507 4882 tum
554 4827 713 4895 priori
760 4823 926 4892 pejus.
971 4818 1122 4884 Quod
1169 4826 1344 4872 autem
1375 4829 1708 4888 peccatorum
1753 4815 1962 4884 plurimi

397 4914 770 4971 ecusncverint
814 4912 863 4964 in
896 4911 1172 4963 Dominum
1220 4923 1343 4963 suas
1388 4908 1749 4963 accusationes
1789 4915 1959 4960 retor-

395 5022 574 5076 quere,
607 5004 749 5057 audi.
797 5001 1033 5054 Accessit
1059 4999 1148 5053 ille
1188 5001 1270 5053 cui
1302 5000 1492 5053 talenta
1521 5001 1746 5066 quinque
1774 4998 1962 5051 tradita

398 5100 632 5160 fuerant,
661 5105 714 5148 et
737 5094 837 5146 alia
877 5093 1106 5161 quinque
1133 5091 1306 5145 attulit
1336 5110 1348 5145 :
1376 5089 1597 5143 accessit
1624 5089 1704 5141 cui
1743 5088 1880 5153 duo,
1911 5099 1965 5142 et

396 5190 498 5243 alia
522 5187 626 5240 duo
650 5184 824 5236 attulit
857 5201 868 5235 :
901 5185 1125 5237 accessit
1149 5184 1231 5236 cui
1265 5197 1423 5235 unum
1454 5180 1547 5233 fuit
1575 5179 1833 5233 creditum
1855 5220 1870 5244 ,
1911 5190 1965 5234 et

401 5278 646 5345 quoiiiam
678 5288 783 5326 non
815 5272 996 5326 habuit
1024 5273 1275 5326 talentum
1303 5269 1441 5324 aliud
1468 5269 1604 5338 quod
1632 5269 1824 5334 ferret,
1870 5286 1966 5338 pro

400 5370 596 5422 talento
620 5362 1007 5419 accusationem
1029 5363 1223 5414 attulit.
1253 5359 1564 5428 Quomodo?
1592 5357 1746 5423 Novi,
1776 5359 1963 5428 inquit,

396 5458 529 5526 quod
554 5465 780 5509 austeras
805 5453 873 5506 sis
895 5450 1104 5516 (Matth.
1126 5452 1214 5506 25.
1237 5453 1350 5522 24).
1379 5451 1423 5505 0
1448 5449 1584 5504 servi
1613 5450 1961 5518 prolerviam!

464 5632 479 5660 ¹
516 5636 614 5679 Duo
632 5627 821 5688 assiste
841 5622 1012 5688 legunt
1034 5622 1162 5688 hunc
1181 5621 1336 5688 locum
1363 5637 1374 5671 :
1394 5621 1604 5688 Ostendit
1627 5618 1874 5688 levitatem,
1898 5621 1966 5669 te-

399 5681 938 5798 xtm
955 5683 1191 5745 quonde
1206 5683 1351 5744 igitur
1370 5691 1437 5733 est
1454 5682 1766 5733 tribulationis
1787 5681 1965 5741 levitas,

400 5763 630 5809 quomodo
647 5763 671 5799 ."

463 5813 485 5841 ⁸
515 5814 692 5869 υιωῡ..
714 5806 851 5859 obedi
872 5812 916 5856 et
937 5803 1226 5862 obmutesce;
1244 5816 1338 5852 non
1362 5805 1507 5856 male.

724 5892 992 5951 Parnoc.
1040 5892 1155 5950 Gn.
1202 5893 1418 5953 XLIX.

1507 434 1592 486 DE
1629 431 2088 491 ΡΟΕΝΙΤΕΝΤΙΑ.
2133 435 2358 491 1101111..
2408 433 2492 487 Vl.

3518 430 3619 483 5H

2057 562 2163 602 non
2189 553 2468 601 contentus
2498 553 2712 613 peccato
2738 543 2894 598 etiam
2924 553 3106 597 contra
3135 542 3407 596 dominum
3447 553 3624 595 statuit

2056 641 2445 695 accusationem
2477 657 2489 694 :
2521 637 2714 690 Metens
2755 639 2838 690 ubi
2883 654 2982 690 non
3028 635 3318 699 seminasti,
3359 644 3402 686 et
3450 633 3624 685 tollens

2055 731 2188 800 quod
2213 746 2310 782 non
2341 727 2616 796 dispersisti
2642 726 2788 796 (Luc.
2816 728 2899 781 l9.
2921 725 3032 796 2i).
3077 725 3162 780 Sic
3201 733 3256 779 et
3298 724 3348 776 in
3382 719 3627 790 prmsenti

2055 821 2159 874 vita
2207 827 2464 888 quotquot
2512 817 2639 870 nihil
2689 827 2971 884 cperantur
3017 816 3158 878 b0ili,
3209 813 3626 868 additamentum

2055 911 2312 963 malorum
2365 921 2581 960 suorum
2638 904 2879 971 faciunt,
2929 906 3318 960 accusationem
3368 903 3627 957 adversus

2054 1000 2359 1054 Dominum.

2126 1089 2264 1141 Deus
2295 1089 2491 1141 nonnisi
2528 1087 2782 1158 possibilia
2810 1086 3035 1139 mandat.
3058 1114 3127 1124 -—
3152 1083 3492 1152 Nequaquam
3528 1083 3625 1152 igio

2055 1188 2140 1231 tur
2181 1177 2460 1232 Dominum
2513 1180 2720 1232 incuses
2758 1195 2770 1230 :
2809 1177 2945 1230 haud
2996 1174 3209 1229 mandat
3262 1174 3622 1240 impossibilia.

2057 1267 2146 1322 Vis
2182 1269 2388 1323 discere
2419 1270 2587 1338 ipsum
2628 1284 2730 1321 non
2763 1267 3014 1320 mandare
3055 1263 3443 1334 impossibilia?
3480 1264 3625 1316 Multi

2053 1368 2106 1413 et
2134 1361 2242 1428 ipsa
2270 1369 2520 1428 superant
2544 1362 2788 1411 mandata
2811 1375 2824 1422 ;
2856 1369 2910 1410 at
2935 1359 2978 1411 si
3004 1358 3347 1424 impossibilia
3377 1357 3622 1418 fuissent,

2054 1467 2157 1505 non
2203 1467 2298 1506 sua
2339 1458 2528 1520 sponte
2567 1457 2924 1518 superassent.
2957 1447 3321 1516 Virginitatem
3365 1461 3622 1514 nusquam

2054 1543 2287 1608 mandat,
2322 1552 2376 1597 et
2400 1542 2541 1596 illam
2571 1541 2718 1595 multi
2749 1549 2960 1595 servant
2995 1559 3007 1594 :
3042 1540 3093 1592 in
3125 1539 3280 1592 bonis
3304 1537 3429 1590 nihil
3460 1539 3626 1605 possi-

2049 1633 2176 1688 dere
2204 1648 2460 1700 nusquam
2489 1632 2736 1696 mandat,
2768 1641 2821 1684 et
2843 1646 2872 1683 a
2902 1644 2960 1684 se
2986 1631 3249 1699 propriam
3279 1628 3624 1682 substantiam

2052 1723 2200 1775 multi
2227 1723 2499 1790 abjiciunt,
2529 1722 2659 1788 ipsis
2683 1721 2932 1788 cperibus
2955 1720 3234 1773 reddentes
3264 1718 3622 1772 testimonium

2049 1813 2251 1882 legibus
2273 1811 2639 1863 mandatorum
2664 1811 2838 1863 inesse
2860 1809 3076 1862 multum
3101 1809 3362 1862 facilitatis
3386 1825 3400 1859 :
3427 1824 3625 1876 nequa-

2049 1917 2205 1971 quam
2234 1901 2373 1953 enim
2405 1910 2742 1967 superassent
2772 1914 2854 1963 ea,
2885 1900 2983 1952 nisi
3010 1898 3198 1962 facilia,
3228 1913 3345 1967 qua:
3376 1899 3625 1950 mandata

2052 2000 2197 2054 sunt,
2223 2000 2422 2044 essent.
2455 1989 2569 2043 Non
2597 1990 2861 2043 mandavit
2885 1989 3237 2058 virginitatem
3274 2006 3286 2040 :
3317 2002 3437 2040 nam
3469 1987 3626 2055 virgi-

2054 2083 2273 2133 nitatem
2317 2082 2403 2148 qni
2449 2082 2681 2144 mandat,
2716 2081 3013 2134 necessitati
3058 2080 3186 2148 legis
3227 2079 3436 2146 suhjicit
3461 2078 3621 2130 etiam

2055 2184 2158 2222 non
2190 2170 2451 2223 volentem
2477 2186 2490 2232 ;
2532 2171 2620 2237 qui
2652 2184 2776 2222 vero
2818 2169 3100 2231 admonet,
3131 2168 3422 2221 auditorem
3459 2167 3622 2219 relin-

2055 2263 2167 2330 quit
2205 2261 2474 2315 dominum
2513 2261 2738 2330 proprite
2767 2260 3066 2313 voluntatis.
3110 2259 3392 2326 Propterea
3432 2256 3625 2310 Paulus

2055 2353 2218 2421 inquit
2252 2369 2265 2404 :
2300 2351 2377 2405 De
2420 2353 2690 2422 virginibus
2735 2361 2899 2402 autent
2938 2360 3239 2419 pra'ceptum
3285 2347 3488 2399 Domini
3525 2365 3624 2399 non

2052 2445 2242 2507 habeo;
2269 2443 2532 2495 consilium
2561 2451 2724 2494 autent
2751 2443 2814 2493 do
2845 2441 2916 2510 (1.
2944 2439 3060 2494 Cor.
3084 2441 3134 2493 7.
3158 2439 3272 2509 25).
3304 2439 3491 2493 Cernis
3517 2454 3622 2492 non

2054 2534 2376 2594 tuandatum,
2423 2531 2517 2586 sed
2561 2532 2882 2585 Consilium?
2933 2532 3105 2585 cernis
3145 2548 3246 2583 non
3279 2539 3620 2599 praeceptum,

2051 2623 2146 2676 sed
2176 2622 2628 2675 admonitionem?
2667 2621 2883 2674 Multum
2927 2630 3008 2675 est
3051 2621 3424 2674 intermedium
3454 2637 3466 2673 :
3496 2622 3627 2673 alte-

2051 2729 2165 2766 rum
2194 2696 2527 2767 necessitatis
2553 2723 2666 2777 est,
2706 2714 2928 2767 alterum
2963 2717 3268 2772 voluntatis.
3296 2719 3414 2774 Non
3444 2727 3627 2790 βπ·ωοὶ-

2053 2804 2164 2872 pio,
2196 2802 2395 2870 inquit,
2433 2811 2486 2854 ut
2516 2817 2620 2857 non
2646 2818 2858 2857 onerent
2892 2821 2905 2856 :
2934 2820 3126 2860 moneo
3153 2817 3207 2861 et
3230 2811 3508 2865 consilium
3533 2814 3624 2882 do,

2053 2902 2111 2946 ut
2148 2893 2396 2946 alliciam.
2439 2892 2525 2948 Sic
2553 2901 2606 2947 et
2633 2892 2872 2947 Christus
2905 2913 2917 2947 :
2951 2910 3054 2949 non
3084 2897 3214 2950 dixit
3246 2918 3258 2951 :
3293 2901 3489 2956 Omnes
3515 2905 3626 2956 vir-

2053 2982 2324 3050 ginitatem
2351 2991 2582 3036 servate.
2614 2982 2744 3036 Nam
2773 2983 2816 3036 si
2858 2985 3162 3040 mandasset
3189 3003 3378 3044 omnes
3409 2994 3625 3061 virgini-

2058 3084 2217 3128 tatem
2269 3084 2470 3138 tenere,
2517 3083 2570 3127 et
2613 3074 2782 3144 legem
2827 3077 3079 3131 voluisset
3123 3093 3242 3133 eSse
3288 3095 3626 3153 prmceptum,

2056 3167 2139 3222 his
2178 3167 2434 3221 obediens
2472 3167 2579 3235 jam
2627 3182 2732 3220 non
2771 3168 2974 3224 honore
3019 3179 3163 3224 tanto
3191 3173 3532 3242 dignaretur,
3577 3187 3631 3230 et

2059 3259 2369 3313 inobediens
2400 3273 2582 3326 pinnas
2610 3259 2843 3313 dedisset
2868 3261 3124 3329 ingentes.
3157 3263 3342 3319 Vidisti
3371 3268 3628 3335 quemad-

2058 3350 2270 3402 modum
2298 3349 2448 3402 nobis
2475 3350 2641 3417 parcit
2669 3350 2979 3419 legislator?
3008 3355 3270 3421 quomodo
3312 3369 3488 3412 nostra
3520 3361 3628 3413 sol-

2059 3441 2230 3495 licitus
2253 3452 2334 3495 est
2360 3457 2456 3510 pro
2482 3441 2692 3495 salute?
2731 3442 2996 3511 Numquid
3026 3459 3129 3497 non
3163 3459 3368 3513 porerat
3397 3457 3451 3502 et
3491 3466 3628 3519 prte-

2060 3541 2269 3600 ceptum
2315 3536 2416 3586 hoc
2469 3547 2699 3600 ponere,
2747 3547 2810 3586 ac
2856 3534 3034 3588 dicere
3077 3553 3090 3588 :
3135 3536 3233 3602 Qui
3277 3538 3630 3608 virginitatem

2061 3631 2348 3690 sequentur
2367 3662 2381 3686 ,
2433 3621 2761 3676 honorentur
2789 3640 2801 3674 :
2831 3624 2919 3691 qui
2953 3638 3076 3678 vero
3121 3641 3224 3680 non
3247 3668 3261 3694 ,
3307 3630 3632 3698 puniantur?

2060 3711 2162 3765 Sed
2189 3722 2464 3766 onerasset
2511 3721 2751 3765 naturam
2783 3731 2794 3765 :
2824 3713 2991 3780 parcit
3032 3730 3159 3783 ergo
3188 3726 3390 3772 natura:
3415 3731 3632 3775 nostrae.

2061 3801 2269 3854 Dimisit
2306 3813 2451 3855 extra
2477 3803 2725 3867 stadium,
2753 3803 2951 3856 dimisit
2976 3805 3303 3872 superiorem
3331 3812 3633 3865 certamini-

2060 3894 2158 3948 bus
2204 3894 2596 3962 virginitatem,
2643 3909 2746 3962 quo
2796 3902 2850 3948 et
2895 3909 3011 3948 eam
3064 3898 3313 3964 prazclare
3361 3911 3631 3957 servantes

2060 4001 2210 4040 suam
2239 3985 2722 4054 magnanimitatem
2753 3985 3034 4039 ostendant
3063 4003 3075 4040 :
3104 4003 3209 4042 non
3238 4001 3514 4046 servantes
3547 4008 3630 4048 vo-

2060 4094 2120 4131 ro
2141 4118 2156 4143 ,
2191 4077 2400 4131 Domini
2446 4075 2769 4144 indulgentia
2794 4075 2936 4145 digni
2967 4076 3276 4132 habeantur.
3313 4080 3403 4135 Sic
3427 4091 3479 4135 et
3505 4097 3635 4151 pan.

2063 4177 2324 4236 pertatem
2354 4183 2459 4220 non
2505 4167 2680 4236 posui:
2709 4167 2760 4220 in
2792 4177 3091 4236 praecepto,
3121 4183 3292 4237 neque
3331 4171 3638 4239 simpliciter

2061 4259 2194 4312 dixit
2225 4277 2236 4311 :
2269 4259 2451 4315 Vende
2489 4275 2604 4328 qua:
2632 4258 2795 4314 habes
2828 4277 2838 4311 :
2870 4259 2962 4312 sed
2984 4299 2998 4321 ,
3033 4259 3092 4312 Si
3122 4259 3194 4312 vis
3231 4264 3476 4330 perfectus
3511 4280 3634 4326 esse,

2061 4350 2206 4413 vade,
2226 4361 2272 4403 et
2317 4351 2472 4404 vende
2507 4366 2616 4419 qua:
2653 4349 2801 4404 habes
2840 4349 3063 4417 (Matth.
3090 4349 3175 4404 19.
3200 4350 3322 4419 21).
3366 4352 3421 4405 ln
3453 4361 3540 4406 tua
3569 4355 3637 4408 sit

2064 4439 2336 4498 voluntate
2361 4440 2543 4503 situm,
2567 4441 2814 4494 dominus
2838 4448 2952 4494 esto
2975 4440 3182 4495 consilii
3211 4443 3284 4495 tui
3311 4459 3323 4494 :
3352 4456 3455 4496 non
3482 4457 3636 4513 cogo,

2063 4544 2169 4582 non
2213 4545 2377 4598 gravo
2399 4572 2415 4596 ,
2462 4531 2553 4584 sed
2596 4529 2979 4584 custodientem
3021 4530 3230 4597 quidem
3262 4546 3498 4597 corono,
3532 4550 3638 4588 non

2063 4621 2446 4674 custodientem
2470 4628 2646 4673 autem
2669 4635 2772 4672 non
2799 4620 2979 4688 punio.
3011 4619 3141 4672 Nam
3167 4634 3227 4673 ea
3254 4637 3372 4689 quae
3397 4637 3462 4676 ex
3489 4638 3638 4676 man-

2065 4711 2222 4777 dato,
2251 4727 2435 4780 quaeve
2459 4726 2525 4765 ex
2562 4711 2740 4765 debito
2772 4710 2898 4765 fiunt
2921 4751 2934 4773 ,
2967 4712 3240 4778 prtemium
3265 4713 3371 4781 jam
3403 4729 3507 4768 non
3535 4716 3638 4768 tale

2065 4811 2462 4870 consequuntur
2493 4819 2507 4855 :
2534 4817 2650 4869 quae
2679 4817 2742 4855 ex
2765 4802 3035 4855 voluntate
3064 4811 3118 4856 et
3144 4805 3432 4872 preposito,
3461 4805 3638 4875 splen-

2066 4889 2218 4946 didas
2246 4905 2469 4946 coronas
2515 4890 2826 4960 suscipiunt.
2875 4891 3046 4960 Atque
3077 4891 3263 4947 horum
3306 4894 3524 4949 Paulum
3555 4898 3640 4951 in-

2067 4982 2256 5036 ducam
2289 4991 2473 5035 testem
2509 4997 2522 5032 :
2552 4980 2612 5033 Si
2637 4981 3056 5051 evangelisavero,
3088 4984 3274 5052 inquit,
3297 5001 3394 5037 non
3421 4996 3493 5039 est
3518 4989 3641 5041 mihi

2068 5074 2319 5142 gloriatio.
2364 5070 2581 5138 Quare?
2620 5069 2907 5124 Necessitas
2937 5073 3066 5124 enim
3107 5072 3228 5124 mihi
3271 5073 3504 5141 imposita
3545 5086 3636 5128 est.

2080 5162 2166 5216 Va:
2190 5172 2352 5214 autem
2380 5161 2500 5213 miIti
2528 5170 2626 5225 est,
2656 5161 2751 5213 nisi
2781 5162 3177 5231 eoangelizavero
3202 5162 3276 5230 (1.
3299 5163 3415 5214 Cor.
3441 5163 3498 5216 9.
3527 5164 3636 5231 16).

2068 5253 2253 5306 Cernis
2280 5253 2328 5304 in
2359 5251 2559 5320 legibus
2587 5250 2728 5305 hunc
2747 5251 2957 5319 quidem
2987 5251 3352 5304 observantem
3379 5267 3483 5305 non
3506 5254 3639 5306 mul-

2071 5352 2179 5396 tum
2204 5342 2399 5394 habere
2425 5342 2626 5410 prmmii
2653 5359 2664 5392 :
2690 5341 2978 5395 necessitas
3000 5342 3142 5394 enim
3169 5351 3285 5406 est;
3317 5357 3437 5396 eum
3464 5353 3638 5397 autem

2071 5436 2160 5504 qui
2195 5450 2296 5488 non
2343 5434 2622 5498 observat,
2654 5448 2799 5486 reum
2839 5447 2958 5487 esse
3003 5434 3262 5502 supplicio
3290 5443 3343 5489 et
3368 5435 3594 5488 vindicta
3624 5452 3637 5488 :

2082 5522 2168 5577 Va:
2193 5525 2323 5576 enim
2350 5535 2420 5576 est
2450 5524 2570 5576 mihi
2596 5523 2692 5574 nisi
2722 5522 3140 5591 euangelizauero.
3179 5523 3231 5575 In
3261 5525 3465 5577 caneris
3491 5539 3637 5587 vero,

2072 5631 2188 5683 quae
2216 5630 2278 5667 ex
2309 5614 2574 5682 proliosito
2595 5653 2609 5677 ,
2652 5627 2756 5665 non
2786 5613 2863 5665 sic
2883 5652 2897 5677 ,
2938 5613 3030 5666 sed
3071 5613 3238 5682 quid?
3278 5613 3403 5679 Quae
3430 5624 3499 5668 est
3524 5631 3642 5685 ergo

2073 5720 2256 5756 merces
2295 5721 2403 5755 mea
2426 5704 2451 5756 ?
2498 5702 2564 5756 Ut
2605 5702 2913 5772 evangelium
2944 5704 3223 5772 praedicans
3246 5745 3261 5770 ,
3302 5706 3408 5759 sine
3443 5719 3642 5776 sumptu

2079 5809 2260 5863 ponam
2291 5795 2595 5863 evangelium
2627 5791 2759 5860 Dei,
2804 5803 2986 5848 utnon
3032 5795 3210 5847 abutar
3256 5804 3493 5858 potestate
3535 5813 3643 5851 mea

3202 5893 3280 5954 20
