4408 6704
751 429 853 484 3l9

751 547 824 617 (1.
852 542 966 598 Cor.
990 541 1044 599 9.
1074 540 1136 597 l8
1156 542 1195 608 ).
1215 540 1289 595 lbi
1321 539 1402 594 lex
1428 547 1564 604 erat,
1590 548 1867 608 prepterca
1895 537 2154 593 mercedis
2186 533 2321 590 mul-

752 648 862 691 tum
911 650 1015 690 non
1064 633 1247 687 habuit
1286 649 1298 686 :
1342 631 1426 685 hic
1468 632 1819 699 propositum,
1862 643 2026 699 quare
2068 627 2329 683 mercedis

751 730 975 784 multum
1012 726 1212 780 habuit.

824 820 877 873 4.
911 816 1016 871 Lex
1042 814 1137 869 Dei
1167 825 1328 884 potest
1368 814 1575 868 servari.
1603 844 1674 853 —
1702 814 1825 867 llmc
1854 828 1882 866 a
1911 826 1994 866 me
2021 811 2196 864 omnia
2226 824 2331 863 non

754 913 805 966 in
849 925 1067 965 vacuum
1113 908 1251 962 dicta
1299 916 1445 970 sunt,
1494 906 1588 961 sed
1634 904 1827 959 dit-inte
1876 905 2004 972 legis
2046 902 2235 970 gratia,
2279 911 2336 955 ut

756 1000 1030 1055 ostendam
1060 1014 1271 1069 gravem
1301 1014 1403 1051 non
1431 1010 1571 1063 esse,
1600 1012 1709 1050 non
1749 1010 1867 1050 esse
1894 1007 2195 1056 onerosam,
2229 1007 2335 1046 non

759 1094 1110 1155 laboriosam,
1155 1104 1325 1158 neque
1365 1088 1766 1157 impossibilem.
1798 1087 1909 1155 Age
1938 1099 2061 1137 vero
2106 1099 2169 1137 ex
2209 1082 2337 1149 ipsis

755 1183 950 1237 Christi
977 1181 1154 1236 verbis
1202 1181 1302 1233 hoc
1345 1180 1516 1248 ipsum
1545 1178 1985 1232 demonstremus.
2037 1173 2136 1240 Qui
2164 1173 2339 1225 viderit

759 1272 1019 1326 mulierem
1056 1271 1122 1322 ad
1162 1268 1618 1337 concupiscendum
1644 1282 1785 1330 eam,
1817 1266 1929 1333 jam
1966 1264 2239 1316 mwcltatus
2267 1270 2339 1313 est

761 1382 870 1419 eam
913 1364 965 1417 in
1005 1362 1153 1417 corde
1195 1379 1286 1415 suo
1333 1360 1549 1431 (Matth.
1573 1357 1780 1427 5.28).
1824 1356 1963 1410 Vidit
2005 1356 2159 1409 simul
2205 1365 2258 1409 et
2288 1354 2338 1408 id

764 1457 934 1524 ipsum
963 1453 1206 1508 Christus
1230 1494 1243 1515 ,
1275 1452 1471 1505 multos
1515 1449 1643 1518 legis
1669 1447 2034 1502 difﬁcultatem
2066 1454 2341 1499 accusatu-

764 1522 849 1599 ros
876 1563 889 1598 :
921 1554 1241 1613 quapropter
1266 1558 1381 1597 eam
1411 1540 1548 1594 haud
1575 1539 1772 1594 nudam
1790 1580 1804 1602 ,
1850 1553 2022 1608 neque
2046 1522 2353 1606 simplicem

764 1633 996 1699 induxit,
1030 1647 1203 1702 neque
1240 1632 1406 1685 solam
1440 1649 1452 1685 :
1493 1630 1587 1685 sed
1618 1630 1847 1698 antiquae
1873 1629 2005 1698 legis
2032 1627 2340 1681 memoriam

764 1723 995 1788 reduxit,
1018 1738 1047 1776 a
1068 1722 1465 1792 comparatione
1486 1720 1791 1775 facilitatem
1819 1720 1960 1773 illius
1985 1728 2141 1787 atque
2167 1718 2345 1771 huma-

767 1814 983 1867 nitatem
1010 1828 1161 1868 suam
1208 1812 1456 1867 ostendit.
1506 1810 1783 1879 Quomodo
1811 1818 2022 1875 autem,
2066 1808 2341 1863 attendite.

767 1903 879 1958 Non
910 1905 1050 1959 enim
1091 1904 1402 1972 simpliciter
1440 1902 1603 1965 dixit,
1638 1901 1738 1968 Qui
1777 1901 1955 1954 viderit
1994 1900 2251 1952 mulierem
2278 1899 2346 1952 ad

766 1993 1217 2062 concupiscendum
1248 2007 1358 2044 eam
1378 2032 1391 2056 ,
1428 1992 1542 2060 jam
1569 1991 1841 2045 mwchatus
1870 2000 1941 2043 est
1978 2005 2087 2042 eam
2116 1989 2168 2041 in
2196 1994 2346 2043 corde

764 2101 856 2139 suo
882 2084 991 2157 (hic
1014 2084 1299 2154 diligenter
1326 2081 1602 2155 attendite)
1629 2099 1643 2148 ;
1673 2082 1764 2137 sed
1792 2082 1936 2150 prius
1961 2081 2192 2150 antiqua:
2219 2081 2348 2149 legis

768 2176 1143 2240 reminiscitur,
1168 2174 1353 2229 dicens
1376 2190 1389 2225 :
1414 2174 1638 2227 Audistis
1663 2174 1780 2241 quia
1805 2172 1991 2224 dictum
2011 2180 2083 2224 est
2107 2172 2345 2241 antiquis,

772 2264 891 2319 Non
918 2266 1239 2320 maechaberis
1269 2263 1459 2334 (Exod.
1477 2264 1566 2317 20.
1592 2262 1715 2333 ll);
1743 2277 1833 2332 ego
1858 2273 2023 2315 autem
2044 2262 2157 2314 dico
2184 2263 2346 2315 vobis:

770 2356 946 2410 Omnis
986 2357 1073 2426 qui
1122 2356 1295 2409 uiderit
1328 2355 1585 2409 mulierem
1623 2354 1693 2407 ad
1734 2353 2188 2423 concupiscendum
2217 2369 2346 2417 eam,

765 2447 870 2513 iam
896 2446 1169 2500 moechatus
1196 2454 1269 2500 est
1296 2460 1406 2499 eam
1450 2445 1504 2498 in
1545 2445 1695 2498 corde
1742 2460 1834 2498 suo
1860 2443 2083 2514 (Matth.
2125 2444 2179 2496 5.
2219 2442 2347 2511 28).

769 2536 959 2592 Vidisti
986 2538 1226 2608 geminas
1253 2536 1419 2607 leges,
1450 2546 1684 2591 veterem
1722 2546 1778 2590 et
1804 2551 2015 2600 novam,
2053 2550 2211 2604 quam
2249 2549 2348 2603 po-

770 2630 877 2683 suit
915 2628 1123 2695 Moses,
1163 2638 1217 2684 et
1261 2643 1420 2698 quam
1465 2630 1577 2698 ipse
1620 2626 1956 2682 introduxit?
1999 2628 2108 2681 imo
2132 2640 2258 2679 vero
2297 2632 2351 2679 et

771 2720 911 2775 illam
942 2720 1154 2791 posuit;
1197 2722 1395 2775 etenim
1437 2735 1531 2789 per
1559 2719 1760 2774 Mosem
1804 2721 1917 2788 ipse
1961 2719 2206 2787 loquutus
2246 2726 2346 2772 cst.

776 2814 925 2870 Unde
950 2828 1079 2869 vero
1104 2814 1443 2883 perspicuum
1466 2822 1547 2866 est
1575 2826 1692 2866 eam
1731 2812 1798 2865 ab
1842 2812 1955 2880 ipso
2003 2809 2165 2864 fuisse
2210 2809 2353 2879 posi-

770 2905 930 2959 tam?
976 2904 1092 2959 Non
1136 2919 1202 2959 ex
1247 2902 1487 2966 Joanne,
1534 2910 1627 2956 aut
1678 2900 2044 2971 apostolorum
2087 2914 2352 2969 quoquam

773 2995 1136 3051 testimonium
1165 2994 1437 3063 usurpabo
1465 3010 1477 3047 :
1510 3007 1632 3047 nam
1662 3006 1784 3046 cum
1809 2991 2008 3046 iudicis
2047 2990 2177 3045 mihi
2214 3004 2354 3043 nunc

770 3086 1101 3142 concertatio
1120 3092 1244 3150 est;
1276 3082 1369 3138 sed
1399 3098 1429 3137 a
1459 3082 1729 3152 pr0phetis
1754 3081 1945 3151 quibus
1972 3079 2218 3135 videntur
2236 3093 2355 3134 cre-

772 3178 901 3233 dere
930 3195 943 3232 :
971 3176 1040 3231 ab
1078 3176 1206 3246 ipsis
1230 3174 1509 3230 ostendam
1535 3183 1591 3229 et
1614 3173 1859 3228 Veterem
1887 3181 1939 3238 et
1963 3170 2162 3227 Novam
2191 3184 2352 3224 unum

772 3269 968 3325 habere
1005 3252 1386 3338 legislaturem.
1432 3265 1566 3333 Quid
1615 3265 1776 3335 igitur
1828 3263 2087 3320 Jeremias
2143 3263 2355 3332 inquit?

776 3360 1052 3430 Disponam
1097 3358 1233 3413 vobis
1274 3365 1617 3412 testamentum
1665 3372 1846 3411 novum
1896 3356 1914 3426 (
1937 3354 2051 3409 Jer.
2091 3356 2179 3410 3i.
2218 3352 2350 3421 '51).

771 3450 938 3506 Vides
962 3457 1017 3505 et
1040 3448 1161 3503 novi
1190 3462 1384 3502 nomen
1412 3447 1466 3501 in
1488 3446 1649 3501 veteri
1673 3446 1696 3499 ?
1726 3445 1875 3500 vides
1898 3456 1952 3500 et
1987 3446 2152 3516 ipsam
2174 3443 2354 3513 appel-

775 3540 1026 3594 lationem
1069 3546 1148 3593 tot
1190 3548 1315 3591 ante
1361 3536 1514 3590 annis
1554 3535 1857 3591 effulsisse?
1900 3534 2179 3604 Disponam
2217 3534 2354 3588 vobis

777 3637 1123 3683 testamentum
1148 3643 1351 3681 novum.
1382 3626 1486 3681 Sed
1513 3625 1655 3681 unde
1676 3625 1918 3680 videmus
1942 3624 2083 3695 quod
2122 3635 2176 3680 et
2200 3632 2352 3680 vetus

766 3721 890 3790 ipse
913 3719 1162 3776 dederit?
1187 3717 1319 3774 Cum
1346 3717 1584 3781 dixisset,
1620 3716 1899 3786 Hispanam
1929 3716 2062 3770 vobis
2086 3723 2351 3769 testamen-

775 3824 880 3866 tum
925 3829 1144 3877 nobum,
1192 3812 1423 3882 adjecit,
1475 3810 1595 3865 Non
1632 3812 1785 3880 juxta
1831 3818 2178 3863 testamentum
2217 3810 2349 3877 quod

774 3903 999 3971 disposui
1026 3900 1250 3971 patribus
1293 3901 1467 3954 vestris
1508 3898 1667 3969 (Ibid.
1694 3898 1879 3967 v.52).
1924 3899 2034 3961 Ita;
2084 3897 2179 3952 sed
2218 3911 2350 3951 non-

775 3993 901 4046 dum
936 4006 1051 4046 rem
1094 3991 1465 4046 ostendimus:
1495 3998 1705 4058 oportet
1745 3990 1886 4044 enim
1928 3990 2172 4043 universa
2211 3988 2352 4057 ejus-

762 4080 918 4134 ‘modi
949 4079 1264 4150 refragantia
1290 4079 1555 4134 adducere
1584 4079 1635 4132 in
1662 4078 1927 4141 medium,
1970 4077 2350 4147 manifestaque

774 4172 984 4238 facere,
1015 4187 1120 4241 quo
1156 4186 1334 4227 sermo
1360 4171 1586 4241 undique
1626 4185 1789 4239 purus
1829 4170 1981 4225 nobis
2007 4172 2094 4233 sit.
2124 4171 2349 4225 nullam-

766 4276 875 4332 que
931 4260 1324 4331 impudentibus
1384 4260 1741 4329 relinquamus
1804 4275 2004 4314 ansam.
2066 4258 2349 4330 Disponam

768 4351 907 4406 vobis
934 4360 1281 4405 testamentum
1308 4366 1485 4404 novum
1506 4352 1682 4418 ,juxta
1711 4359 2051 4404 testamentum
2080 4351 2212 4420 quod
2240 4350 2349 4402 dis-

776 4444 919 4515 posui
977 4443 1200 4512 patribus
1242 4442 1435 4495 uestris.
1493 4441 1762 4511 Disposuit
1803 4450 2173 4495 testamentum
2216 4440 2346 4504 Noe,

774 4551 897 4589 cum
928 4534 1181 4588 diluvium
1212 4531 1340 4597 fuit,
1372 4531 1554 4586 volens
1584 4544 1682 4585 nos
1708 4545 1737 4583 a
1766 4532 1953 4585 timore
1992 4532 2249 4597 liberare,
2283 4545 2350 4585 ne

775 4627 1031 4683 diluvium
1078 4625 1411 4696 cogitantes,
1461 4632 1514 4678 et
1560 4622 1785 4677 imbrem
1834 4623 2042 4677 assidue
2086 4623 2345 4687 videntes,

772 4731 1060 4774 commune
1102 4714 1232 4771 illud
1275 4714 1497 4770 exitium
1545 4713 1854 4768 timeremus
1897 4729 1909 4764 :
1954 4721 2230 4781 propterea
2275 4714 2353 4767 in-

774 4810 929 4880 quit:
962 4808 1238 4876 Disponam
1268 4813 1615 4859 testamentum
1661 4812 1820 4857 tecum
1839 4844 1854 4867 ,
1898 4812 1946 4855 et
1974 4819 2086 4855 cum
2124 4804 2353 4857 universa

775 4914 928 4952 carne
956 4895 1117 4969 (Gen.
1141 4896 1197 4951 9.
1220 4896 1314 4964 9).
1345 4895 1538 4949 lterum
1577 4893 1644 4949 ad
1671 4893 1939 4948 Abraham
1978 4901 2352 4947 testamentum

774 4986 1194 5043 circumcisionis
1238 4986 1499 5055 disposuit
1530 5003 1544 5039 :
1571 4984 1833 5054 disposuit
1877 4995 1931 5038 et
1978 4993 2352 5039 testamentum

776 5096 872 5152 per
898 5079 1123 5145 Mosem,
1150 5078 1397 5133 omnibus
1425 5087 1630 5131 notum.
1675 5078 1814 5130 Dixit
1838 5076 2095 5131 Jeremias
2124 5093 2136 5130 :
2168 5075 2354 5147 Dispo-

776 5190 891 5227 nam
921 5170 1058 5226 vobis
1103 5179 1449 5224 testamentum
1490 5184 1706 5232 novum,
1753 5183 1852 5220 non
1897 5167 2170 5221 secundant
2200 5177 2352 5221 testa-

775 5275 997 5319 mentum
1045 5262 1181 5334 quod
1224 5260 1454 5330 disposui
1500 5259 1725 5329 patribus
1772 5260 1964 5314 uestris.
2008 5260 2120 5325 Dic,
2162 5260 2355 5331 quibus

777 5357 1056 5427 patribus?
1098 5371 1219 5410 nam
1250 5364 1304 5411 et
1332 5353 1445 5409 Noe
1472 5360 1623 5423 pater
1648 5351 1775 5416 fuit,
1819 5361 1872 5405 et
1900 5351 2163 5406 Abraham
2206 5362 2356 5421 pater

776 5449 875 5502 luit
904 5466 918 5504 :
950 5447 1263 5518 quibusnam
1296 5446 1453 5517 igitur
1480 5442 1758 5515 patribus?
1786 5444 1979 5498 etenim
2008 5456 2353 5513 personarum

779 5537 1207 5593 iudeterminatio
1254 5537 1613 5591 confusionem
1680 5534 1834 5604 parit.
1896 5533 1993 5589 llic
2052 5534 2353 5589 advertite:

781 5628 901 5685 Non
920 5632 1070 5701 juxta
1096 5638 1441 5685 testamentum
1478 5626 1611 5697 quod
1640 5626 1864 5696 disposui
1893 5627 2118 5696 patribus
2159 5625 2354 5679 vestris.

778 5724 857 5779 Nc
885 5723 1041 5794 igitur
1064 5723 1271 5779 diceres
1298 5720 1425 5777 illud
1468 5720 1580 5775 Noe
1622 5720 1947 5789 temporibus
1976 5722 2181 5784 datum,
2224 5731 2355 5771 neve

783 5814 1106 5876 temporibus
1131 5814 1395 5871 Abraham
1429 5812 1609 5869 datum
1637 5810 1992 5884 intelligercs,
2031 5808 2196 5879 ipsius
2225 5816 2355 5863 tem-

1467 427 1522 482 S.
1565 424 1842 481 JOANNIS
1879 418 2356 479 CHRYSOSTOMI
2396 416 2713 475 ARCHIEP.
2753 422 3280 482 CONSTANTINOP.

3908 435 4019 487 3'29

2440 530 2583 601 poris
2629 540 3065 593 testamentorum
3108 538 3391 594 meminit:
3422 552 3541 593 cum
3583 542 3722 595 enim
3766 546 4018 613 dixisset,

2438 622 2719 691 Disponam
2744 625 2879 679 vobis
2908 637 3252 684 testamentum
3280 646 3458 683 novum
3478 671 3491 694 ,
3538 646 3637 683 non
3671 634 3820 701 juxta
3858 647 4023 690 testa-

2442 723 2660 767 mentum
2703 717 2837 783 quod
2876 718 3104 785 disposui
3148 723 3372 791 patribus
3408 722 3579 776 vestris
3603 762 3618 787 ,
3662 724 3936 792 subiunxit
3962 738 4023 781 et

2444 813 2649 873 tempus
2668 845 2682 869 ,
2716 802 2780 857 In
2808 805 2891 858 die
2911 823 3012 874 qua
3036 812 3172 864 tenui
3214 829 3417 866 manum
3439 829 3608 866 eorum
3632 854 3644 875 ,
3674 822 3729 865 ut
3756 814 4021 868 educerem

2442 913 2526 949 eos
2564 897 2625 950 de
2670 906 2801 949 terra
2827 896 3065 968 digypti.
3115 902 3273 960 Vides
3315 913 3561 976 quantam
3590 906 4021 975 perspicuitatem

2443 987 2677 1041 attulerit
2723 988 2978 1056 temporis
3018 990 3434 1049 determinatio?
3476 995 3592 1051 Jam
3639 1010 3741 1049 non
3788 996 4025 1065 amplius

2445 1093 2513 1131 ne
2536 1078 2752 1133 Judmus
2789 1074 2999 1147 quidein
3030 1086 3346 1141 contradicit
3374 1106 3388 1142 :
3420 1088 3696 1143 recordare
3734 1088 4020 1157 temporis,

2445 1178 2498 1222 et
2540 1169 2922 1239 legislationem
2948 1173 3127 1241 accipe
3156 1192 3170 1227 :
3208 1174 3272 1230 In
3300 1179 3379 1232 die
3408 1195 3505 1247 qua
3542 1180 3673 1233 tenui
3701 1196 3903 1231 manum
3927 1194 4023 1231 ea-

2445 1276 2574 1313 rum.
2627 1262 2733 1315 Cur
2770 1268 2945 1314 autem
2998 1264 3155 1317 etiam
3206 1269 3418 1323 modum
3470 1272 3595 1325 dicit
3635 1271 3844 1325 exitus?
3886 1269 4029 1325 Cum

2447 1354 2711 1406 tenuissem
2739 1370 2942 1406 manum
2968 1372 3138 1409 eorum
3158 1400 3173 1424 ,
3206 1370 3262 1411 ut
3298 1362 3553 1416 educerent
3575 1381 3659 1417 eos
3682 1380 3744 1418 ea:
3764 1364 4021 1434 Egypto.

2450 1438 2563 1507 Quo
2594 1453 2867 1511 paternmn
2895 1446 3200 1501 ostenderet
3226 1464 3486 1517 amorem,
3525 1469 3629 1507 non
3655 1456 3804 1524 quasi
3833 1470 4028 1509 servus

2452 1536 2648 1601 eduxit,
2697 1537 2789 1591 sed
2816 1536 2977 1592 veluti
3025 1540 3299 1607 parvulum
3345 1542 3508 1596 ﬁlium
3552 1560 3708 1599 manu
3754 1547 4029 1616 accipiens

2450 1636 2619 1693 pater,
2653 1628 2729 1682 sic
2757 1629 2997 1683 liberavit
3026 1647 3038 1682 :
3068 1644 3172 1683 non
3204 1640 3320 1700 post
3348 1641 3549 1702 tergum
3578 1637 3726 1704 sequi
3754 1638 4032 1691 mandavit

2449 1717 2599 1783 quasi
2644 1732 2875 1784 servum,
2919 1718 3014 1773 sed
3040 1719 3199 1773 veluti
3232 1720 3397 1774 ﬁlium
3435 1721 3661 1777 nobilem
3701 1734 3755 1779 et
3795 1726 4028 1781 liberum

2451 1827 2610 1866 manu
2640 1822 2845 1874 tenens.
2878 1813 2955 1867 sic
2979 1812 3179 1867 eduxit.
3210 1810 3395 1867 Vidisti
3424 1821 3858 1870 testamentorum
3886 1818 4030 1872 duo-

2449 1920 2568 1960 rum
2596 1906 2950 1977 legislatorem
2977 1906 3233 1960 unicum?
3261 1906 3518 1972 Quoniam
3555 1906 3711 1975 igitur
3733 1912 4031 1965 certamine

2454 1996 2664 2051 liberati
2692 2012 2896 2063 sumus,
2918 2006 2974 2052 et
2998 2012 3063 2051 ex
3090 2012 3227 2051 novo
3254 1996 3304 2050 id
3334 1997 3423 2049 tibi
3452 1997 3750 2061 ostendam,
3778 2007 3835 2052 ut
3861 2009 4031 2055 tema-

2456 2100 2754 2143 mentorum
2785 2090 3186 2143 consonantiam
3221 2102 3429 2142 noscas.
3462 2087 3647 2143 Vidisti
3689 2091 4029 2160 prepbetiam

2452 2196 2571 2250 quze
2596 2196 2661 2235 ex
2688 2180 2864 2235 verbis
2890 2180 3008 2234 est?
3033 2180 3178 2234 disce
3203 2179 3286 2233 vel
3312 2194 3426 2233 eam
3452 2193 3569 2247 quae
3590 2179 3771 2249 ﬁguris
3792 2191 4028 2245 constat,

2454 2274 2695 2344 quamvis
2724 2274 2774 2327 id
2806 2274 2973 2342 ipsum
3002 2272 3123 2327 ideo
3155 2273 3488 2342 perspicuum
3516 2287 3619 2326 non
3645 2273 3743 2336 sit,
3775 2274 4030 2343 quidnam

2455 2369 2519 2419 sit
2548 2364 2823 2435 pmphctia
2862 2378 2959 2433 per
2983 2364 3228 2433 ﬁguram,
3258 2363 3449 2432 quidve
3479 2363 3749 2431 prophetia
3787 2378 3882 2433 per
3914 2379 4035 2418 ser-

2454 2468 2665 2507 monem
2695 2470 2707 2506 :
2742 2452 2921 2521 paucis
2949 2466 3077 2522 ergo
3115 2451 3340 2521 idipsum
3377 2452 3710 2507 manifestum
3751 2452 4031 2507 faciemus.

2456 2545 2735 2613 Pmphctia
2766 2560 2861 2613 per
2890 2543 3107 2613 figuram
3139 2552 3219 2597 est
3244 2558 3307 2597 ea
3330 2558 3447 2613 qua:
3472 2558 3571 2614 per
3603 2558 3690 2598 res
3718 2544 3827 2598 ﬁeri
3854 2546 3990 2597 solet
4015 2562 4029 2607 ;

2452 2636 2617 2691 altera
2639 2650 2767 2689 vero
2792 2643 2904 2699 est,
2934 2649 3053 2703 qua:
3080 2648 3178 2704 per
3202 2634 3360 2688 verba
3394 2634 3451 2688 ﬁt
3481 2652 3494 2687 :
3528 2650 3647 2687 nam
3675 2634 4027 2703 prudentiori-

2453 2726 2555 2781 bus
2594 2725 2897 2796 quibusque
2938 2724 3117 2779 verbis
3160 2725 3442 2793 persuasit,
3490 2725 3730 2779 rudtores
3768 2740 3893 2779 vero
3935 2740 4035 2793 per

2455 2831 2634 2871 rerum
2662 2816 2919 2871 visionem
2947 2815 3256 2871 cohortatus
3282 2824 3382 2871 est.
3424 2816 3682 2883 Quoniam
3719 2816 3857 2871 enim
3886 2815 4032 2870 futu-

2456 2923 2575 2963 rum
2617 2917 2730 2962 erat
2767 2924 2877 2962 rem
2924 2922 3165 2977 magnam
3214 2907 3266 2961 in
3310 2908 3480 2962 lucem
3520 2908 3762 2976 prodire,
3801 2918 3856 2961 et
3885 2907 4034 2962 Deus

2457 3013 2673 3053 carnem
2715 3007 3057 3066 suscepturus
3096 3007 3249 3053 crat:
3285 2997 3704 3067 quandoquidem
3744 3006 3880 3052 terra
3924 3013 4034 3052 crc-

2458 3088 2566 3142 lum
2596 3089 2612 3119 ¹
2644 3088 2756 3143 ﬁeri
2785 3086 3031 3152 debebat,
3076 3095 3357 3153 nostraque
3384 3095 3569 3139 natura
3613 3087 3678 3140 ad
3717 3089 4031 3156 angelorum

2459 3179 2786 3235 nobilitatem
2828 3178 3116 3232 ascendere
3146 3192 3161 3233 τ
3190 3176 3309 3245 quia
3355 3190 3503 3244 spem
3547 3178 3711 3245 ipsam
3761 3178 4033 3245 superavit

2458 3279 2513 3326 et
2558 3269 3005 3338 exspectationem
3054 3281 3230 3320 sermo
3277 3266 3571 3320 futurorum
3619 3266 3877 3321 bonorum
3904 3309 3918 3330 ,
3960 3282 4032 3323 ne

2458 3377 2650 3415 novum
2677 3370 2729 3414 et
2752 3358 3041 3412 inauditum
3065 3356 3211 3421 illud,
3232 3366 3446 3425 repente
3466 3371 3801 3426 comparens,
3815 3358 4032 3411 audien-

2457 3459 2538 3504 tes
2567 3448 2909 3517 videutesque
2941 3446 3195 3510 turbaret,
3228 3445 3469 3513 ﬁguravit
3496 3444 3621 3498 olim
3649 3460 3742 3513 per
3765 3460 3872 3509 res,
3901 3461 4029 3513 per-

2455 3554 2556 3609 que
2577 3539 2733 3592 verba
2768 3547 3007 3592 nostrum
3043 3534 3402 3591 assuefaciens
3426 3544 3480 3589 et
3499 3535 3733 3589 auditum
3756 3545 3810 3591 et
3829 3536 4026 3602 visum,

2452 3629 2699 3699 quodque
2739 3629 2790 3682 in
2825 3629 2998 3682 lucem
3042 3625 3373 3695 proditurum
3412 3632 3528 3678 erat
3564 3640 3881 3694 praeparans.
3910 3626 4031 3680 Hoc

2451 3732 2628 3777 autem
2659 3731 2773 3776 erat
2801 3719 2943 3789 quod
2970 3718 3219 3779 diximus,
3264 3714 3389 3785 quid
3427 3716 3496 3768 sit
3533 3731 3626 3784 per
3651 3716 3868 3786 ﬁguram
3894 3734 4027 3786 pro-

2453 3812 2629 3882 phetia
2648 3853 2660 3875 ,
2689 3820 2743 3866 et
2788 3810 2911 3880 quid
2941 3811 3009 3864 sit
3038 3824 3133 3877 per
3169 3821 3467 3861 sermonem
3510 3807 3779 3875 prophetia
3810 3826 3824 3860 :
3854 3809 4026 3863 altera

2453 3901 2663 3972 quidem
2708 3916 2911 3965 rerum,
2953 3900 3118 3952 altera
3158 3911 3481 3950 sermonum.
3515 3897 3689 3951 Dicam
3720 3899 3811 3952 tibi
3842 3915 4024 3952 rerum

2454 3992 2785 4061 prophetiam
2825 4000 2881 4042 et
2909 3987 3191 4041 verborum
3229 3988 3367 4041 circa
3412 4001 3521 4041 rem
3564 3988 3847 4043 eamdem?
3872 3989 4027 4043 Sicut

2452 4082 2556 4134 ovis
2584 4081 2652 4133 ad
2696 4078 2990 4133 occisionem
3034 4077 3210 4129 ductus
3254 4086 3359 4142 est,
3405 4089 3449 4131 et
3495 4080 3624 4132 sicut
3666 4096 3822 4149 agnus
3850 4097 4025 4132 curant

2453 4172 2684 4224 tondente
2722 4184 2775 4221 se
2805 4165 2954 4236 (Isai.
2982 4167 3070 4220 53.
3102 4166 3177 4235 7).
3227 4166 3351 4221 Haec
3388 4177 3467 4222 est
3510 4184 3606 4238 per
3651 4170 3863 4222 verbum
3897 4185 4027 4237 pro-

2453 4266 2652 4335 phetia.
2684 4262 2815 4317 Cum
2842 4260 2983 4315 enim
3009 4260 3272 4314 Abraham
3303 4262 3419 4317 tulit
3444 4261 3606 4327 Isaac,
3650 4273 3773 4317 tunc
3797 4264 4021 4316 arietem

2454 4356 2641 4410 videns
2704 4353 2996 4406 haerentem
3058 4350 3343 4415 cornibus.
3394 4352 3461 4407 ad
3509 4353 3818 4407 sacriﬁcium
3870 4350 4025 4404 duxit

2454 4462 2651 4519 opere,
2686 4445 2850 4499 veluti
2891 4458 2985 4513 per
3011 4443 3223 4513 ﬁguram
3252 4445 3583 4514 proclamans
3621 4444 3773 4496 nobis
3816 4442 4021 4494 saluta-

2454 4555 2570 4595 rem
2612 4536 2932 4606 passionem.

2528 4630 2579 4685 5.
2601 4627 2746 4683 Unus
2767 4626 3020 4696 legislator
3040 4626 3293 4693 utriusque
3314 4626 3682 4681 testamenti.—
3700 4621 3847 4685 Quod
3862 4622 4024 4689 igitur

2458 4723 2587 4787 dixi,
2616 4719 2698 4773 vis
2726 4718 2816 4771 tibi
2836 4716 2940 4771 duo
2961 4716 3071 4772 h.ec
3084 4725 3392 4772 testamenta
3416 4730 3511 4784 per
3529 4726 3687 4781 opera
3705 4710 3979 4763 ostendam
4001 4713 4024 4763 ?

2457 4807 2913 4877 Quemadmodum
2940 4806 3109 4862 vidisti
3138 4824 3290 4862 ovem
3318 4807 3368 4859 in
3400 4804 3580 4864 verbo,
3608 4800 3752 4855 disce
3780 4808 3833 4854 et
3858 4800 3910 4853 in
3938 4816 4019 4854 re.

2458 4902 2621 4957 Dicite
2645 4898 2796 4962 mihi,
2828 4899 2910 4967 qui
2938 4898 3027 4951 sub
3050 4900 3156 4969 lege
3181 4899 3329 4953 uultis
3354 4910 3457 4948 esse
3483 4890 3623 4961 (Gal.
3645 4891 3698 4944 4.
3732 4890 3847 4959 21).
3880 4890 4025 4943 Bene

2457 4993 2624 5057 dixit,
2647 4990 2813 5053 vultis,
2842 5005 2944 5044 non
2970 4990 3108 5045 enim
3154 4997 3305 5045 erant
3350 4984 3448 5038 sub
3475 4981 3591 5049 lege
3620 4999 3631 5033 :
3662 4981 3705 5033 si
3731 4982 3870 5035 enim
3899 4979 4025 5033 fuis-

2458 5096 2579 5141 sent
2603 5083 2702 5138 sub
2725 5083 2858 5151 lege,
2883 5099 2984 5137 non
3015 5082 3237 5137 fuissent
3261 5076 3358 5131 sub
3375 5075 3505 5142 lege.
3527 5072 3773 5127 Fortasse
3797 5073 4024 5141 amigma

2459 5189 2541 5235 est
2567 5176 2705 5248 quod
2734 5176 2922 5230 dicitur
2947 5194 2961 5230 :
2991 5191 3112 5229 nam
3138 5174 3224 5226 lex
3251 5167 3517 5221 auditores
3545 5165 3755 5220 Christo
3777 5166 4027 5219 transmi-

2461 5271 2529 5323 sit
2560 5285 2571 5320 :
2605 5269 2693 5338 qui
2731 5270 3038 5338 magistrum
3070 5268 3397 5331 aspernatur,
3450 5256 3655 5325 ignorat
3690 5265 3742 5311 et
3781 5255 4024 5323 pedago-

2460 5377 2602 5431 gum.
2632 5360 2824 5426 Quare,
2854 5359 3051 5429 inquit,
3085 5352 3243 5405 Dicite
3289 5348 3409 5400 mihi
3429 5389 3443 5414 ,
3474 5348 3558 5418 qui
3596 5348 3688 5403 sub
3729 5362 3835 5416 tege
3875 5344 4025 5397 vultis

2461 5470 2582 5519 esse,
2613 5454 2767 5525 legem
2792 5469 2891 5507 non
2920 5446 3133 5502 audistis
3157 5442 3183 5495 ?
3207 5440 3440 5510 quoniam
3467 5440 3718 5493 Abraham
3744 5439 3870 5488 duos
3894 5434 4028 5500 ﬁlios

2462 5546 2661 5615 habuit,
2689 5562 2847 5600 unum
2874 5542 2936 5594 de
2978 5534 3181 5595 ancilla,
3211 5531 3421 5584 alterum
3450 5531 3512 5585 de
3548 5530 3701 5585 libera
3727 5544 3745 5591 ;
3771 5539 3885 5593 qua
3910 5533 4029 5576 sunt

2460 5656 2547 5710 per
2571 5636 2863 5708 allegoriam
2893 5630 3025 5683 dicta
3055 5622 3213 5697 (Ibid.
3239 5639 3286 5677 υ.
3317 5622 3406 5677 22.
3435 5622 3544 5692 23).
3576 5616 3761 5676 Vidisti
3790 5629 3885 5684 per
3914 5628 4027 5669 rem

2524 5756 2540 5785 ⁸
2576 5752 2649 5800 sic
2669 5750 2892 5810 ptcrique
2918 5738 3033 5810 editi
3058 5744 3109 5810 et
3147 5738 3250 5810 ipse
3269 5733 3672 5810 Montefalconius.
3697 5739 3745 5810 In
3765 5727 4027 5780 recentiori

2463 5796 2683 5865 editionc'
2702 5796 2951 5859 t‘aris'ieusi
2974 5796 3179 5866 legitur;
3191 5806 3320 5850 terra
3341 5807 3385 5851 et
3407 5799 3577 5850 emtum
3606 5810 3621 5845 :
3645 5796 3785 5844 male.
