4432 6682
213 427 319 483 519

215 539 706 610 καταχρήσασθαι
741 539 813 608 τῇ
834 537 1084 602 ἐξουσίᾳ
1104 548 1243 601 μου.
1289 528 1436 579 Ἐκεῖ
1475 525 1634 597 νόμος
1663 520 1750 594 ἦν,
1777 520 1868 610 6:6

213 629 374 683 τοῦτο
401 628 589 699 μισθὸν
618 630 718 682 ούκ
742 605 853 697 είχε
887 624 1077 678 πολύν·
1108 614 1267 671 τοῦτο
1291 615 1347 668 δὲ
1370 614 1736 685 προαιρέσεως
1774 605 1865 677 ἦν,

214 712 297 768 6:6
315 714 485 767 πολὺν
514 715 635 786 ἔσχε
663 714 753 768 τὸν
781 710 987 782 μισθόν.

291 853 357 906 δ’.
392 854 578 908 Ταῦτά
601 870 688 925 μοι
711 852 886 903 πάντα
908 846 1008 913 οὐχ
1033 841 1216 905 ἀπλῶς
1244 833 1765 925 είρηται,ᾉάλλά.διά.
1780 830 1871 882 τὸν

216 935 381 1006 νόμον
410 937 502 990 τὸν
541 914 702 999 θεῖον,
753 932 843 983 ἵνα
869 927 1028 991 δείξω
1067 926 1167 979 ούκ
1210 924 1337 978 ὅντα
1372 923 1563 994 βαρὺν,
1601 917 1703 1006 ούκ
1741 914 1871 1006 ὄντα

217 1000 509 1095 φορτικὸν,
553 1023 652 1076 οὐκ
694 1019 825 1070 ὄντα
851 1013 1106 1065 ἐπίπονον
1146 1012 1266 1065 οὐδὲ
1307 1010 1588 1064 ἀδύνατον.
1622 1003 1759 1071 Φέρε
1776 1000 1868 1095 ’δὴ

217 1112 312 1163 καὶ
340 1112 437 1163 ἀπ’
475 1107 651 1162 αὐτῶν
680 1102 788 1156 τῶν
831 1098 926 1153 τοῦ
960 1098 1193 1169 Χριστοῦ
1239 1097 1497 1169 ῥημάτων
1535 1090 1667 1145 αὐτὸ
1711 1086 1870 1141 τοῦτο

216 1196 453 1264 φανερὸν
490 1193 832 1262 ποιήσωμεν·
885 1184 939 1236 ’0
972 1186 1275 1255 ἐμϐλέψας
1324 1180 1581 1253 γυναῖκα
1617 1176 1765 1244 πρὸς
1802 1174 1869 1264 τό

214 1262 583 1350 ἐπιθυμῆσαι
630 1272 848 1341 αὐτῆς,
891 1272 1006 1340 ήδη
1049 1273 1405 1342 ἐμοίχευσεν
1446 1264 1642 1334 αὐτὴν
1683 1265 1753 1319 ἐν
1793 1262 1869 1330 τῇ

215 1369 433 1435 καρδίᾳ
459 1360 663 1417 αὑτοῦ.
701 1358 912 1411 Συνείδε
942 1360 1034 1412 καὶ
1068 1360 1096 1411 6
1139 1356 1371 1428 Χριστὸς
1399 1354 1530 1408 αὐτὸ
1578 1352 1763 1435 τοῦτο,
1788 1350 1869 1401 ὅτι

217 1433 475 1524 μέλλουσι
508 1446 694 1500 πολλοὶ
719 1444 813 1498 τοῦ
849 1445 1015 1515 νόμου
1056 1444 1380 1513 κατηγορεῖν
1408 1440 1508 1508 τὴν
1547 1433 1864 1524 δυσκολίαν

213 1517 301 1592 διὰ
321 1538 484 1591 τοῦτο
510 1534 671 1588 αὑτὸν
700 1534 760 1585 ού
787 1532 990 1603 γυμνὸν
1015 1532 1352 1600 εἰσήνεγκεν,
1387 1525 1510 1578 οὐδέ
1538 1521 1715 1591 ψιλὸν,
1749 1517 1871 1571 ούδέ

213 1625 337 1678 καθ’
367 1621 581 1684 ἑαυτὸν,
612 1619 749 1673 ἀλλά
763 1620 856 1673 καὶ⁵
872 1618 965 1672 τοῦ
989 1616 1218 1673 παλαιοῦ
1249 1610 1656 1681 ἀναμιμνήσκει
1679 1606 1869 1676 νόμου,

211 1712 321 1765 ἀπὸ
344 1711 445 1779 τῆς
475 1709 811 1778 συγκρίσεως
860 1707 954 1760 καὶ
996 1705 1094 1775 τὴν
1140 1700 1390 1755 εὐκολίαν
1428 1697 1522 1749 καὶ
1563 1694 1660 1764 τὴν
1700 1692 1867 1746 αὑτοῦ

212 1796 622 1867 φιλανθρωπίαν
648 1793 1073 1863 ἐνδεικνύμενος.
1116 1790 1237 1851 Πῶς
1264 1786 1341 1847 δὲ,
1394 1781 1710 1852 προσέχετε.
1757 1782 1872 1835 Οὐκ

208 1883 331 1939 εἶπε
363 1884 473 1954 γὰρ
504 1883 713 1949 ἀπλῶς,
759 1883 821 1935 '0
843 1880 1149 1950 ἐμϐλέψας
1180 1872 1436 1944 γυναῖκα
1467 1871 1617 1938 πρὸς
1646 1868 1712 1922 τὸ
1746 1870 1872 1922 ἐπι-

208 1971 478 2038 θυμῆσαι
507 1969 715 2036 αὐτῆς,
742 1968 859 2035 ἤδη
882 1966 1238 2034 ἐμοίχευσεν
1260 1957 1455 2026 αὐτὴν
1471 1958 1541 2010 ἐν
1563 1956 1638 2025 τῇ
1661 1955 1874 2023 καρδίᾳ

208 2056 398 2109 αὐτοῦ
448 2054 725 2123 (ἐνταῦθα
779 2052 1076 2123 προσέχετε
1125 2046 1263 2118 μετά
1301 2044 1585 2116 ἀκριϐείας
1618 2044 1637 2111 )
1667 2058 1681 2073 ·
1736 2040 1874 2094 ἀλλὰ

209 2145 478 2213 πρότερον
515 2143 785 2212 ἀνέμνησε
833 2138 927 2193 τοῦ
967 2134 1199 2191 παλαιοῦ
1253 2134 1417 2203 νόμου
1464 2131 1609 2184 οὓτω
1661 2128 1868 2197 λέγων·

220 2233 546 2285 Ἠκούσατε
575 2232 663 2285 ὅτι
693 2229 902 2299 ἐρῤέθη
926 2225 1050 2289 τοῖς
1072 2223 1361 2292 ἀρχαίοις,
1393 2223 1475 2274 Οὐ
1502 2220 1868 2289 μοιχεύσεις·

208 2318 325 2386 ἐγὼ
344 2318 415 2371 δὲ
435 2319 589 2387 λέγω
612 2318 770 2385 ὑμῖν,
801 2313 920 2378 πᾶς
947 2317 979 2365 d
1002 2310 1307 2379 ἐμϐλέψας
1331 2308 1584 2377 γυναῖκα
1620 2306 1769 2373 πρὸς
1804 2305 1871 2359 τὸ

208 2403 575 2471 ἐπιθυμῆσαι
622 2401 833 2469 αὐτῆς,
888 2400 1005 2467 ήδη
1044 2398 1399 2465 ἐμοίχευσεν
1444 2394 1638 2461 αὐτὴν
1685 2394 1755 2446 ἐν
1796 2393 1873 2462 τῇ

209 2490 430 2558 καρδίᾳ
478 2489 683 2543 αὐτοῦ.
728 2486 883 2549 Εἶδες
926 2486 1053 2546 τοὺς
1096 2484 1189 2535 δύο
1225 2483 1449 2552 νόμους,
1502 2482 1593 2533 τὸν
1643 2480 1873 2534 παλαιὸν

211 2578 308 2628 καὶ
336 2576 428 2627 τὸν
461 2575 665 2633 καινὸν.
701 2574 760 2627 ὃν
806 2572 970 2641 ἔθηκε
1010 2570 1269 2638 Μωῦσῆς,
1310 2569 1402 2620 καὶ
1435 2568 1494 2620 ὃν
1534 2568 1744 2634 είσάγει
1777 2568 1876 2619 αύ-

211 2661 340 2723 16;;
383 2659 584 2729 μᾶλλον
618 2659 675 2711 δὲ
721 2658 815 2711 καὶ
857 2656 1044 2709 τοῦτον
1078 2656 1239 2717 αὐτὸς
1275 2653 1437 2723 ἔθηκε
1459 2670 1471 2682 ·
1507 2653 1602 2706 καὶ
1650 2652 1754 2722 γὰρ
1788 2651 1875 2704 6:6

212 2746 495 2806 Μωῦσέως
521 2744 680 2806 αὐτὸς
711 2743 959 2813 ἐλάλησε.
1002 2742 1107 2793 Καὶ
1140 2740 1301 2793 πόθεν
1324 2739 1482 2810 δῆλον
1508 2741 1586 2791 ὃτι
1624 2738 1877 2789 κάκεῖνον

213 2833 381 2895 αὐτὸς
426 2831 652 2901 ἑθηκεν;
697 2830 811 2882 Οὐκ
839 2830 947 2883 ἀπὸ
978 2828 1247 2889 Ἰωάννου,
1281 2828 1400 2879 ούδὲ
1441 2828 1548 2879 ἀπὸ
1591 2825 1700 2877 τῶν
1742 2826 1877 2877 ἀπο-

216 2920 421 2973 στόλων
449 2918 548 2986 τὴν
586 2917 888 2989 μαρτυρίαν
913 2916 1249 2984 παρέξομαι·
1285 2915 1419 2983 πρὸς
1442 2915 1551 2983 γὰρ
1589 2911 1878 2975 Ἰουδαίους

221 3022 312 3074 μοι
364 3004 461 3056 νῦν
498 3007 527 3056 6
560 3003 740 3070 ἀγών·
787 3001 903 3054 ἀλλ’
936 3002 1045 3053 ἀπὸ
1068 3000 1177 3052 τῶν
1209 2999 1506 3069 προφητῶν
1532 2993 1615 3061 οἷς
1662 2997 1878 3051 δοκοῦσι

216 3090 522 3152 πιστεύειν,
570 3090 663 3142 ἀπ’
694 3088 873 3141 αὐτῶν
908 3073 1193 3150 ἀποδείξω,
1245 3087 1329 3137 ὃτι
1383 3085 1478 3137 καὶ
1529 3085 1741 3139 Παλαιὰ
1788 3086 1881 3139 καὶ

218 3177 400 3246 Καινὴ
442 3176 738 3245 νομοθέτην
778 3176 874 3227 ἕνα
906 3174 1042 3243 ἔχει.
1087 3173 1151 3224 Τί
1187 3167 1281 3225 οῦν
1313 3175 1341 3225 6
1387 3173 1656 3242 Ἱερεμίας
1704 3172 1878 3241 φησί;

217 3263 583 3332 Διαθήσομαι
635 3262 778 3331 ὑμῖν
821 3260 1117 3328 διαθήκην
1164 3258 1399 3324 καινήν.
1453 3255 1608 3322 Εἶδες
1659 3260 1882 3329 καὶτῆς

221 3349 435 3418 Καινῆς
472 3350 532 3401 τὸ
558 3350 728 3417 ὄνομα
755 3348 813 3399 ἐν
836 3349 903 3417 τῇ
938 3346 1179 3415 Halani;
1208 3341 1347 3408 εἶδες
1382 3346 1475 3397 καὶ
1495 3345 1592 3414 τὴν
1610 3360 1882 3414 προσηγο-

226 3436 349 3506 ρίαν
379 3435 486 3504 πρὸ
518 3434 791 3487 τοσούτων
807 3434 1218 3501 διαλάμπουσαν
1252 3432 1493 3503 χρόνων;
1522 3430 1881 3499 Διαθήσομαι

220 3522 367 3589 ὑμῖν
391 3522 683 3588 διαθήκην
707 3520 945 3585 καινήν.
988 3518 1148 3571 Ἀλλά
1185 3519 1347 3570 πόθεν
1375 3518 1534 3586 δῆλον
1560 3518 1641 3570 ὅτι
1671 3518 1765 3569 καὶ
1786 3519 1884 3587 τὴν

224 3609 470 3661 Παλαιὰν
516 3608 677 3670 αὐτὸς
722 3606 958 3670 ἐδωκεν;
1006 3606 1211 3670 Είπὼν,
1246 3608 1327 3658 ὃτι
1358 3603 1717 3672 Διαθήσομαι
1744 3603 1886 3672 ὑμῖν

222 3694 523 3761 διαθήκην
561 3693 797 3759 καινὴν,
821 3694 1123 3761 ἐπήγαγεν,
1150 3694 1231 3745 Οὐ
1253 3691 1402 3745 κατὰ
1448 3690 1558 3758 τὴν
1589 3690 1887 3758 διαθήκην

226 3781 308 3847 ἢν
337 3781 614 3850 διεθέμην
644 3779 766 3845 τοῖς
790 3778 1088 3846 πατράσιν
1112 3776 1296 3847 ὑμῶν.
1340 3778 1477 3830 Ναί·
1513 3776 1626 3829 ἀλλ’
1655 3776 1807 3830 οῠπω
1828 3776 1888 3829 τὸ

227 3870 463 3938 πρᾶγμα
498 3867 857 3936 ἀπεδείξαμεν
880 3882 894 3895 ·
925 3866 1005 3919 δεῖ
1028 3865 1136 3936 γὰρ
1165 3865 1380 3918 ἅπαντα
1408 3865 1476 3917 τά
1503 3865 1889 3935 ἀντικρούοντα

228 3957 572 4025 παραγαγεῖν
603 3956 683 4016 εἰς
730 3953 893 4020 μέσον
926 3953 1021 4006 καὶ
1067 3951 1201 4020 δῆλα
1232 3953 1426 4014 ποιεῖν,
1462 3952 1548 4004 ἴνα
1576 3951 1838 4005 πάντοθεν
1862 3953 1891 4003 6

228 4044 389 4111 λόγος
426 4046 557 4113 ἡμῖν
590 4042 1008 4114 ἐκκαθαίρηται,
1039 4042 1133 4095 καὶ
1162 4042 1294 4114 μηδὲ
1322 4044 1432 4105 τοῖς
1476 4042 1892 4111 ἀναισχυντοῦσι

232 4130 627 4201 καταλείπηται
679 4130 971 4202 πρόφασις.
1035 4130 1398 4196 Διαθήσομαι
1422 4129 1563 4197 ὑμῖν
1598 4128 1895 4195 διαθήκην

231 4219 485 4285 καινήν,
534 4220 606 4272 οὺ
652 4216 800 4271 κατὰ
833 4216 949 4283 τὴν
990 4215 1283 4283 διαθήκην
1328 4216 1408 4283 ἣν
1454 4217 1733 4285 διεθέμην
1769 4217 1895 4282 τοῖς

231 4305 534 4373 πατράσιν
552 4301 738 4371 ὑμῶν.
768 4301 982 4353 Διέθετο
1011 4301 1274 4371 διαθήκην
1297 4301 1447 4372 [525]
1474 4302 1607 4370 πρὸς
1628 4302 1717 4353 τὸν
1746 4301 1891 4363 Νῶε,

229 4393 397 4451 ⁴ίινίκα
419 4393 448 4443 6
486 4387 867 4456 κατακλυσμὸς
896 4386 1131 4453 ἐγένετο,
1192 4387 1510 4456 βουλόμενος
1544 4388 1691 4456 ἡμᾶς
1718 4386 1893 4440 ἀπαλ-

232 4477 397 4543 λάξαι
447 4477 554 4531 τῶν
580 4476 781 4543 φόϐων,
820 4475 906 4527 ἴνα
952 4473 1024 4543 μὴ
1066 4473 1127 4542 δὴ
1168 4472 1550 4543 κατακλυσμὸν
1580 4473 1890 4542 βλέποντες,

235 4568 330 4618 καὶ
364 4567 565 4637 ὄμϐρον
595 4566 828 4638 ὁρῶντες
859 4565 975 4628 ἀεὶ,
1010 4563 1103 4615 καὶ
1144 4561 1241 4631 τήν
1279 4560 1656 4629 πανωλεθρίαν
1680 4560 1895 4628 ἐκείνην

236 4654 625 4724 προσδοκῶμεν
682 4651 934 4706 ἔσεσθαι·
987 4649 1076 4703 6:6
1115 4647 1293 4709 τοῦτο,
1346 4646 1894 4715 φησῖ,Διαθήσομιιι

236 4740 533 4808 διαθήκην
557 4742 707 4810 μετὰ
732 4740 869 4803 σοῦ,
891 4736 991 4791 καί
1016 4736 1162 4805 μετὰ
1189 4734 1390 4800 πάσης
1413 4736 1660 4800 σαρκός.
1679 4735 1898 4788 Διέθετο

239 4828 403 4881 πάλιν
443 4827 576 4897 πρὸς
605 4827 696 4878 τὸν
739 4824 987 4895 Ἀϐραὰμ
1008 4823 1274 4893 διαθήκην
1306 4821 1404 4893 τήν
1429 4821 1527 4890 τῆς
1557 4824 1860 4892 περιτομῆς
1880 4841 1893 4852 ·

240 4914 446 4967 διέθετο
465 4912 727 4982 διαθήκην
759 4911 847 4964 6:6
867 4910 1144 4973 Μωῦσέως
1176 4910 1273 4979 τὴν
1295 4908 1389 4961 καὶ
1426 4908 1558 4960 πᾶσι
1599 4909 1896 4978 γνώριμον.

243 4998 411 5053 Εἶπεν
436 5001 463 5051 6
492 4998 781 5070 Ἱερεμίας·
802 4998 1161 5067 Διαθήσομαι
1190 4997 1330 5066 ὑμῖν
1347 4994 1639 5060 διαθήκην
1659 4995 1897 5062 καινήν,

242 5092 316 5145 οὐ
362 5091 511 5143 κατὰ
551 5090 666 5155 τὴν
704 5088 997 5156 διαθήκην
1028 5086 1108 5155 ἣν
1135 5086 1411 5153 διεθέμην
1443 5083 1560 5146 τοῖς
1604 5083 1902 5150 πατράσιν

243 5176 433 5247 ὑμῶν.
464 5176 621 5244 Είπὲ,
654 5178 826 5238 ποίοις
851 5175 1088 5245 πατράσι
1122 5192 1135 5240 ;
1179 5174 1273 5226 καὶ
1305 5171 1412 5240 γάρ
1472 5172 1499 5222 ὁ
1561 5172 1681 5222 Νῶε
1722 5172 1903 5241 πατὴρ

250 5262 335 5340 ἦν,
364 5262 459 5317 καὶ
480 5263 509 5314 6
533 5259 781 5331 Ἀϐραάμ
810 5260 990 5330 πατὴρ
1014 5257 1081 5331 ἦν
1098 5278 1111 5290 ·
1138 5261 1311 5322 ποίοις
1330 5253 1421 5310 οὖν
1453 5256 1600 5323 λέγει
1625 5258 1864 5325 πατράσι
1885 5276 1899 5323 ;

245 5354 309 5405 τὸ
342 5351 453 5421 γὰρ
478 5348 778 5419 ἀδιόριστον
824 5346 918 5398 τοῦ
954 5347 1244 5417 προσώπου
1278 5345 1536 5415 σύγχυσιν
1582 5346 1744 5395 ποιεῖ.
1783 5344 1902 5396 Ἐν-

248 5438 424 5493 ταῦθα
454 5437 744 5509 προσέχετε
766 5451 783 5464 ·
807 5436 888 5487 Οὐ
911 5434 1059 5487 κατὰ
1078 5434 1193 5502 τὴν
1216 5432 1511 5499 διαθήκην
1527 5429 1604 5497 ἣν
1628 5429 1905 5498 διεθέμην

249 5525 376 5592 τοῖς
405 5524 701 5592 πατράσιν
728 5519 911 5591 ὑμῶν.
957 5520 1075 5574 Ἵνα
1097 5520 1206 5591 γάρ
1255 5522 1329 5592 μὴ
1381 5520 1543 5592 λέγῃς
1569 5520 1649 5571 ὅτι
1678 5517 1776 5587 τὴν
1815 5521 1905 5574 ἐπὶ

250 5613 380 5666 Νῶε
418 5613 585 5681 λέγει,
633 5613 718 5665 ἵνα
770 5609 845 5681 μὴ
881 5608 1046 5681 λέγῃς
1099 5609 1182 5662 ὃτι
1228 5610 1328 5679 τὴν
1375 5610 1466 5662 ἐπὶ
1503 5607 1599 5661 τοῦ
1656 5605 1908 5677 Ἀϐραὰμ

252 5700 431 5767 λέγει,
464 5700 625 5755 αὑτοῦ
650 5698 743 5752 τοῦ
776 5697 971 5768 χρόνου
1003 5694 1190 5748 λοιπὸν
1214 5696 1323 5749 τῶν
1360 5694 1634 5765 διαθηκῶν
1666 5695 1909 5764 ἐμνημόο

249 5804 444 5843 νευσεν
480 5788 683 5851 οὕτως·
724 5787 893 5843 είπὼν
917 5784 1042 5857 γὰρ,
1075 5785 1157 5838 ὅτι
1201 5783 1566 5853 Διαθήσομαι
1596 5780 1737 5851 ὑμῖν
1780 5781 1906 5835 δια-

1441 410 1528 465 DE
1567 405 1882 465 ΡίΕΝιΤΕθ

1987 404 2033 457 ί.
2080 401 2313 457 "OMIL.
2354 399 2438 454 Vl.
3518 384 3619 438 520

1973 516 2187 584 θήκην,
2218 518 2290 569 οὐ
2328 514 2476 569 κατὰ
2502 512 2616 581 τὴν
2636 510 2925 578 διαθήκην
2952 504 3031 574 ήν
3059 502 3334 571 διεθέμην
3366 496 3486 562 τοῖς
3514 511 3619 584 πα.-

1971 582 2184 671 τράσιν
2212 601 2395 671 ὑμῶν,
2429 602 2675 672 ἐπήγαγε
2725 598 2816 651 καὶ
2864 595 2953 648 τὸν
3004 592 3227 664 χρόνον·
3277 588 3378 640 Ἕν
3432 582 3621 672 ᾑμέρᾳ

1972 669 2404 757 ἐπιλαϐομένου
2433 669 2550 757 μου
2578 684 2687 752 τῆς
2728 682 2924 753 χειρὸς
2961 677 3156 734 αὐτῶν
3180 671 3492 743 ἐξαγαγεῖν
3516 669 3621 757 mf"

1972 774 2112 839 τοὺς
2136 754 2347 843 ἐκ-γῆς
2373 754 2691 841 Αίγύπτου.
2721 768 2870 831 Εἶδες
2922 770 2950 820 6
2998 764 3091 819 τοῦ
3124 759 3316 831 καιροῦ
3344 754 3620 826 διορισμὸς

1972 861 2144 931 πόσην
2163 861 2386 929 ἐποίησε
2417 859 2517 931 τὴν
2548 859 2871 927 σαφήνειανς
2902 852 3096 905 Ούκέτι
3114 848 3297 902 λοιπὸν
3326 845 3445 899 ούδέ
3485 843 3619 931 Ἰου-

1972 928 2117 1009 δαῖος
2145 928 2443 1014 ἀντιλέγει·
2474 928 2849 1014 ἀναμνήσθητι
2876 938 2970 993 τοῦ
3002 937 3216 1008 χρόνου,
3251 935 3345 986 καὶ
3362 931 3496 985 λάϐε
3519 928 3618 999 τὴν

1972 1033 2292 1103 νομοθεσίαν
2310 1051 2323 1064 ·
2370 1034 2472 1087 Ἕν
2502 1032 2689 1102 ήμέρᾳ
2718 1025 3146 1094 ἐπιλαϐομένου
3158 1039 3275 1091 μου
3297 1018 3402 1085 τῆς
3424 1015 3618 1103 χειρός

1969 1102 2187 1175 αὐτῶν.
2234 1121 2334 1175 Διά
2375 1121 2426 1174 τί
2472 1121 2528 1173 δέ
2578 1120 2671 1172 καὶ
2718 1117 2810 1170 τὸν
2842 1113 3042 1185 τρόπον
3077 1110 3226 1177 λέγει
3255 1106 3355 1175 τῆς
3393 1102 3614 1167 ἐξόδους

1980 1208 2444 1271 Ἐπιλαὸομένου
2461 1223 2579 1275 μου
2602 1205 2711 1273 τῆς
2745 1202 2942 1272 χειρὸς
2964 1197 3158 1254 αὐτῶν
3179 1191 3491 1263 ἐξαγαγεῖν
3514 1190 3619 1243 ab.

1966 1297 2105 1361 τοὺς
2128 1298 2197 1350 ἐκ
2230 1297 2344 1365 γῆς
2373 1296 2694 1363 Αἰγύπτου.
2727 1293 2844 1343 Ἵνα
2873 1287 3141 1357 πατρικὴν
3163 1283 3310 1353 δείξῃ
3340 1279 3620 1349 φιλοστορ-

1968 1384 2117 1451 γίαν,
2147 1364 2246 1453 ούχ
2276 1384 2350 1446 ὼς
2382 1381 2600 1444 δούλους
2639 1380 2925 1451 ἐξήγαγεν,
2958 1375 3071 1429 ἀλλ’
3099 1374 3174 1436 ῶς
3203 1371 3410 1425 παιδίον
3440 1364 3620 1421 λαϐὼν

1969 1470 2170 1541 πατὴρ,
2194 1469 2365 1533 οὓτως
2393 1469 2720 1540 ἀπήλλαξεν,
2746 1468 2845 1520 οὐκ
2872 1462 3093 1519 ὄπισθεν
3124 1459 3360 1531 βαδίζειν
3387 1454 3621 1509 κελεύων

1969 1556 2159 1627 ῶσπερ
2176 1556 2414 1628 οἰκέτην,
2453 1557 2569 1610 ἀλλ’
2590 1556 2664 1618 ὡς
2698 1554 2811 1607 υίδν
2842 1551 3034 1621 εὐγενῆ
3061 1549 3157 1601 καὶ
3192 1544 3497 1614 ἐλεύθερον,
3525 1542 3620 1612 τῆς

1969 1644 2145 1708 δεξιᾶς
2169 1644 2487 1715 λαϐόμενος,
2525 1643 2701 1705 οὔτως
2729 1641 3016 1711 ἐξήγαγεν.
3054 1632 3207 1700 Εἶδες
3232 1634 3324 1688 δύο
3347 1630 3620 1699 διαθηκῶν

1968 1730 2063 1783 ἕνα
2113 1730 2437 1800 νομοθέτην;
2486 1728 2698 1782 Οὐκοῦν
2754 1727 2938 1779 λοιπὸν
2988 1724 3175 1793 ἐπειδὴ
3227 1722 3332 1775 τῶν
3395 1718 3622 1786 ἀγώνων

1970 1816 2392 1885 ἀπηλλάγημεν,
2414 1816 2509 1868 καὶ
2541 1814 2651 1867 ἀπὸ
2667 1814 2766 1883 τῆς
2790 1812 3001 1881 Καινῆς
3028 1810 3182 1874 δείξω
3206 1825 3287 1860 σοι
3323 1806 3499 1869 τοῦτο,
3535 1805 3624 1856 ἵνα

1971 1903 2118 1973 εἰδῇς
2165 1903 2263 1972 τὴν
2300 1902 2618 1971 συμφωνίαν
2645 1900 2753 1953 τῶν
2790 1895 3084 1967 διαθηκῶν.
3112 1892 3263 1957 Εἶδες
3287 1894 3385 1962 τὴν
3410 1907 3624 1961 προφη-

1970 1991 2121 2043 τείαν
2144 1988 2233 2042 6:6
2255 1988 2364 2041 τῶν
2395 1989 2682 2060 ῥημάτων;
2714 1985 2852 2057 μάθε
2894 1984 2990 2055 τὴν
3024 1980 3358 2054 προφητείαν
3399 1979 3491 2031 καὶ
3537 1973 3627 2030 διὰ

1972 2073 2081 2127 τῶν
2119 2074 2322 2136 τύπων,
2371 2075 2418 2125 εί
2448 2073 2541 2125 καὶ
2583 2071 2670 2124 6:6
2698 2084 2723 2111 ει
2749 2069 2907 2123 τοῦτο
2946 2068 3107 2122 πάλιν
3135 2065 3343 2133 ἀσαφές
3369 2065 3537 2125 ἐστιν,
3572 2060 3625 2113 τί

1974 2160 2103 2213 ποτέ
2130 2162 2244 2212 ἐστι
2280 2158 2370 2212 6:6
2409 2157 2580 2211 τύπου
2614 2155 2941 2226 προφητεία,
2972 2155 3067 2206 καὶ
3119 2152 3172 2204 τί
3224 2150 3353 2203 ποτέ
3381 2151 3499 2201 ἐστι
3539 2148 3626 2200 6:6

1971 2247 2128 2315 λόγου
2164 2245 2499 2317 προφητεία·
2549 2242 2743 2297 οὐκοῦν
2770 2244 2826 2294 ἐν
2860 2240 3050 2311 βραχεῖ
3078 2238 3171 2291 καὶ
3216 2235 3374 2289 τοῦτο
3422 2234 3629 2304 ποιήσω

1975 2334 2163 2402 σαφές.
2212 2334 2277 2385 Ἠ
2300 2330 2605 2402 προφητεία
2625 2332 2657 2399 ἡ
2677 2329 2765 2381 6:6
2788 2327 2881 2381 τοῦ
2913 2327 3083 2380 τύπου
3119 2326 3152 2395 ή
3174 2323 3262 2377 6:6
3287 2322 3628 2392 πραγμάτων

1973 2420 2089 2471 ἐστὶ
2116 2411 2441 2489 προφητεία,
2466 2418 2498 2485 ἡ
2533 2415 2589 2468 δὲ
2619 2414 2753 2483 άλλη
2784 2410 3093 2484 προφητεία
3115 2412 3148 2480 ή
3196 2407 3283 2461 6:6
3309 2407 3417 2460 τῶν
3450 2406 3629 2477 ῥημά-

1970 2522 2080 2557 των
2109 2504 2224 2556 ἐστὶ
2259 2501 2593 2571 προφητεία·
2644 2501 2772 2561 τοὺς
2823 2499 2918 2567 μὲν
2958 2497 3066 2567 γὰρ
3099 2494 3500 2562 συνετωτέρους
3539 2492 3627 2544 διὰ

1973 2591 2082 2642 τῶν
2103 2589 2278 2657 λόγων
2306 2588 2510 2651 ἔπειθε,
2536 2587 2662 2648 τοὺς
2688 2586 2744 2637 δὲ
2773 2582 3255 2653 ἀναισθητοτέρους
3292 2580 3387 2632 καὶ
3412 2578 3499 2631 6:6
3531 2579 3632 2648 τῆς

1975 2676 2083 2729 τῶν
2144 2675 2485 2747 πραγμάτων
2537 2673 2711 2742 ὅψεως
2782 2669 3166 2741 ἐπληροφόρει.
3244 2664 3462 2735 Ἐπειδὴ
3524 2664 3632 2734 γάρ

1978 2765 2209 2833 πρᾶγμα
2240 2762 2461 2833 ἔμελλεν
2490 2758 2820 2830 ἐκϐήσεσθαι
2864 2758 3027 2828 μέγα,
3068 2755 3163 2809 καὶ
3213 2756 3241 2807 6
3274 2752 3407 2816 Θεὸς
3453 2752 3633 2820 σάρκα

1977 2851 2199 2921 ἔμελλεν
2242 2848 2678 2919 ἀναλαμϐάνειν·
2718 2845 2901 2915 ἐπειδὴ
2942 2847 2974 2913 ή
3028 2843 3097 2911 γῆ
3142 2841 3368 2911 οὐρανὸς
3410 2838 3634 2909 ἔμελλεν

1979 2937 2219 3001 ἔσεσθαι,
2269 2938 2361 2990 καὶ⁸
2394 2937 2427 3005 ή
2454 2935 2699 3006 ἡμετέρα
2751 2932 2912 3001 φύσις
2946 2930 3081 3000 πρὸς
3117 2927 3214 2998 τὴν
3244 2927 3351 2980 τῶν
3392 2925 3635 2993 ἀγγέλων

1980 3025 2257 3095 εὐγένειαν
2288 3023 2617 3091 ἀνάγεσθαι·
2670 3020 2856 3089 ἐπειδὴ
2912 3016 3269 3086 ὑπερέϐαινεν
3321 3012 3511 3066 ἐλπίδα
3543 3012 3640 3067 καὶ

1981 3111 2305 3183 προσδοκίαν
2330 3112 2357 3163 6
2381 3110 2537 3177 λόγος
2574 3107 2680 3161 τῶν
2705 3105 3001 3177 μελλόντων
3041 3101 3370 3173 ἐκϐήσεσθαι
3397 3099 3637 3169 ἀγαθῶν,

1984 3203 2073 3255 ἴνα
2100 3201 2174 3271 μὴ
2204 3201 2265 3252 τὸ
2292 3196 2475 3251 καινὸν
2504 3191 2598 3248 καί
2618 3190 2916 3263 παράδοξον
2945 3188 3155 3260 ἀθρόως
3173 3188 3338 3257 φανὲν
3369 3184 3639 3257 θορυϐήσῃ

1984 3289 2110 3350 τοὺς
2139 3288 2255 3339 τότε
2288 3284 2549 3355 ὁρῶντας,
2578 3282 2673 3334 καὶ
2697 3278 3013 3339 ἀκούοντας,
3043 3274 3252 3328 ἄνωθεν
3288 3272 3641 3344 προετύπωσε

1984 3375 2013 3412 δ
2050 3373 2139 3426 διὰ
2168 3373 2505 3444 πραγμάτων
2544 3370 2638 3422 καὶ
2680 3367 2769 3420 διὰ
2806 3367 3065 3437 ῥημάτων
3115 3361 3309 3425 ἐθίζων
3352 3359 3512 3430 ἡμῶν
3543 3358 3643 3429 τήν

1984 3461 2153 3531 ἀκοὴν
2187 3461 2282 3513 καὶ
2319 3460 2417 3529 τὴν
2449 3457 2593 3525 ὄψιν,
2623 3456 2717 3508 καὶ
2745 3454 2806 3506 1:6
2857 3451 3045 3523 μέλλον
3091 3446 3419 3520 ἐκϐήσεσθαι
3466 3463 3647 3515 παρα-

1988 3548 2288 3611 σκευάζων.
2328 3544 2498 3598 Τοῦτο
2529 3543 2586 3596 δὲ
2615 3537 2683 3613 ἦν
2733 3542 2869 3610 ὅπερ
2898 3539 3157 3607 ἐλέγομεν
3178 3577 3192 3600 ,
3227 3536 3280 3588 τί
3315 3537 3463 3587 ἐστιν
3494 3534 3527 3605 ή
3559 3532 3647 3586 6:6

1986 3635 2157 3687 τύπου
2188 3632 2515 3704 προφητεία,
2549 3630 2643 3683 καὶ
2676 3630 2729 3681 τί
2759 3630 2905 3681 ἐστιν
2936 3629 2969 3696 ή
2996 3626 3086 3678 6:6
3112 3624 3271 3691 λόγου
3307 3621 3645 3691 προφητεία·

1987 3723 2020 3791 ή
2060 3722 2157 3792 μὲν
2188 3721 2275 3773 διὰ
2310 3719 2671 3791 πραγμάτων,
2700 3719 2734 3786 ἡ
2760 3715 2817 3768 δὲ
2839 3714 2928 3767 διὰ
2959 3712 3237 3783 ῥημάτων.
3269 3710 3421 3763 Είπω
3456 3723 3537 3759 σοι
3562 3707 3650 3760 διὰ

1990 3809 2315 3879 πράγματος
2346 3804 2683 3876 προφητείαν
2701 3802 2794 3855 καὶ
2822 3800 2910 3854 6:6
2936 3800 3178 3870 ῥήματος
3207 3798 3287 3858 είς
3316 3794 3510 3859 αύτόν;
3551 3793 3651 3859 Ὠς

1991 3897 2287 3965 πρόϐατον
2316 3894 2413 3946 ἐπὶ
2449 3891 2696 3961 σφαγὴν
2728 3890 2907 3958 ἤχθη,
2942 3886 3037 3939 καί
3072 3886 3153 3948 ὡς
3170 3880 3357 3952 ἀμνὸς
3375 3881 3654 3933 ἐναντίον

1994 3985 2099 4038 τοῦ
2141 3981 2291 4055 [524]
2325 3983 2631 4051 κείροντος
2664 3980 2869 4035 αὐτόν.
2901 3974 3071 4028 Τοῦτο
3098 3972 3187 4026 διὰ
3223 3972 3465 4041 ῥήματος
3517 3985 3652 4039 προ-

1997 4072 2214 4140 φητεία.
2258 4070 2385 4121 Ὅτε
2431 4067 2539 4135 γὰρ
2574 4066 2665 4118 τὸν
2720 4062 2907 4116 Ἰσαὰκ
2950 4062 3248 4131 ἀνήνεγκεν
3293 4060 3321 4110 6
3368 4055 3650 4125 Ἀϐραὰμ,

1995 4158 2115 4210 τότε
2156 4155 2428 4225 πρόϐατον
2468 4152 2589 4205 ἰδὼν
2622 4150 3041 4220 ἐκκρεμάμενον
3095 4147 3159 4197 ἐκ
3212 4143 3321 4196 τῶν
3382 4141 3651 4211 κεράτων,

1996 4244 2133 4311 πρὸς
2190 4241 2286 4311 τὴν
2344 4238 2533 4291 θυσίαν
2586 4237 2791 4306 ήγαγεν
2848 4234 3025 4304 ἔργῳ,
3086 4230 3332 4300 καθάπερ
3390 4229 3448 4281 ἐν
3497 4226 3655 4297 τύπῳ

1999 4326 2407 4399 προαναφωνῶν
2436 4326 2568 4394 ἡμῖν
2601 4324 2662 4376 τὸ
2687 4323 2958 4392 σωτήριον
2988 4319 3179 4383 πάθος.

2065 4422 2126 4467 ε’.
2148 4416 2326 4484 Ὅπερ
2354 4408 2445 4466 οῦν
2464 4411 2667 4480 ἔλεγον,
2692 4409 2867 4479 βούλει
2892 4425 2973 4460 σοι
2993 4406 3150 4472 δείξω
3166 4405 3260 4467 τάς
3278 4402 3369 4455 δύο
3390 4400 3651 4471 διαθήκας

1996 4504 2197 4567 ταύτας
2225 4502 2314 4556 διὰ
2332 4501 2443 4554 τῶν
2465 4501 2678 4571 έργων;
2706 4500 2916 4569 Ὥσπερ
2943 4492 3082 4556 εἶδες
3104 4494 3165 4545 τὸ
3190 4490 3456 4562 πρόϐατον
3491 4492 3548 4542 ἐν
3579 4488 3654 4557 τῷ

1998 4594 2223 4663 ῥήματι,
2258 4590 2494 4661 μάνθανε
2528 4590 2622 4642 καὶ
2649 4591 2707 4640 ἐν
2746 4586 2822 4655 τῷ
2851 4584 3158 4654 πράγματι.
3188 4576 3402 4663 ᾼέγετέ
3441 4593 3545 4645 μοι
3600 4579 3654 4629 οἱ

2000 4661 2114 4732 ὑπὸ
2177 4680 2365 4746 νόμον
2402 4675 2676 4737 θέλοντες
2723 4668 2895 4725 εἷναι.
2946 4666 3142 4729 Καλῶς
3179 4661 3321 4726 εἷπε,
3368 4663 3657 4728 Θέλοντες

1998 4762 2181 4819 εἶναι·
2234 4767 2293 4817 ού
2333 4765 2441 4831 γὰρ
2480 4758 2646 4830 ἦσαν·
2697 4760 2744 4811 εί
2787 4758 2896 4827 γάρ
2924 4752 3064 4825 ἦσαν
3094 4754 3200 4807 ὑπὸ
3227 4753 3412 4821 νόμον,
3452 4751 3553 4803 οὐκ
3590 4749 3657 4802 ἂν

1999 4850 2138 4924 ἦσαν
2188 4853 2291 4906 ὑπὸ
2316 4852 2497 4918 νόμον.
2549 4848 2703 4916 Τάχα
2736 4844 2966 4915 αἴνιγμά
3005 4845 3118 4894 ἐστι
3150 4842 3210 4893 τὸ
3241 4840 3550 4908 λεγόμενον.
3599 4836 3656 4887 '0

2002 4942 2109 5012 γὰρ
2132 4942 2293 5010 νόμος
2320 4938 2399 5007 τῷ
2431 4934 2652 5004 Χριστῷ
2691 4933 3019 5003 παρέπεμπε
3050 4930 3174 4989 τοὺς
3196 4926 3560 5012 προσέχοντας
3581 4940 3593 4952 ·
3627 4924 3657 4974 6

2001 5010 2089 5082 τὸν
2122 5026 2437 5081 διδάσκαλον
2476 5022 2779 5092 ἀτιμάζων,
2824 5018 3009 5084 ἀγνοεῖ
3032 5015 3126 5067 καὶ
3163 5013 3253 5066 τὸν
3285 5010 3654 5081 παιδαγωγόν.

2004 5117 2113 5175 Διὸ.
2141 5115 2292 5186 φησὶ,
2326 5110 2540 5181 Λέγετέ
2574 5127 2674 5178 μοι
2708 5110 2760 5159 οἱ
2794 5104 2910 5159 ὑπὸ
2941 5102 3128 5171 νόμον
3162 5100 3438 5163 θέλοντες
3481 5095 3654 5161 εἶναι,

2002 5208 2107 5259 τὸν
2155 5184 2344 5271 νόμον
2378 5202 2487 5254 οὑκ
2520 5197 2766 5251 ἀκούετε
2788 5232 2801 5255 ,
2857 5191 2946 5245 ὅτι
2990 5194 3023 5245 ό
3064 5186 3316 5256 Ἀϐραὰμ
3348 5186 3456 5271 δύο
3488 5184 3657 5248 υἱοὺς

2004 5294 2208 5361 ἔσχεν,
2232 5270 2343 5343 ἕνα
2378 5289 2446 5341 ἐκ
2475 5285 2583 5353 τῆς
2617 5280 2962 5347 παιδίσκης,
2995 5276 3090 5331 καί
3113 5276 3219 5328 ἕνα
3240 5274 3316 5361 ἐκ
3340 5270 3449 5339 τῆς
3489 5272 3657 5324 ἐλευ-

2005 5356 2199 5446 θέρας,
2253 5374 2426 5431 ἅτινά
2469 5375 2637 5425 ἐστιν
2669 5365 3185 5437 ἀλληγορούμενα.
3234 5356 3387 5423 Εἶδες
3427 5358 3515 5412 6:6
3562 5357 3655 5409 τοῦ

2069 5608 2094 5636 ⁸
2123 5602 2609 5668 I.cgend::m_f0rs_an
2644 5597 2811 5668 ἐἶρξαί
2852 5595 2925 5651 δή·
2962 5584 3662 5668 ηοαῐονὶεξεί-*ουξῌη-ὶρςιιξςτίι

2006 5645 2804 5733 ρτεεροέῗιῖοἶειᾙδίᾶἐξῖιηρὶῖεἰιὲι·
2826 5645 3137 5717 exbutigere.
3158 5666 3247 5727 ρει·
3266 5663 3341 5699 me
3365 5645 3497 5698 Περι.
3524 5645 3658 5694 Em.

2069 5728 2097 5767 ι)
2123 5725 2284 5776 Oltob.
2319 5737 2724 5785 προανετυπωσεν.
2773 5717 2882 5767 Mox
2910 5716 3082 5767 Morel.
3127 5716 3303 5773 έθιζων,
3341 5710 3490 5759 Savﬂ.
3515 5705 3663 5767 ιριθί-

2010 5797 2117 5849 ζων.
2143 5786 2306 5839 Otlob.
2331 5784 2553 5839 ένεθίζων.
