4408 6712
823 442 918 498 521

823 554 1145 627 πράγματος
1167 558 1499 628 προφητείαν
1521 577 1534 624 ;
1561 559 1633 611 Τὸ
1647 561 1754 632 γὰρ
1774 566 2037 630 γυναῖκας
2057 562 2201 632 ἔχειν
2215 564 2276 616 οὐ
2302 562 2473 633 ῥῆμα.

825 643 961 698 ἀλλά
987 646 1217 715 πρᾶγμα
1240 659 1255 674 *
1296 645 1391 698 καὶ
1416 645 1610 715 δούλην
1639 648 1735 701 καὶ
1757 648 2048 720 ἐλευθέραν
2077 649 2256 716 ἔδειξά
2284 666 2366 711 σοι
2389 648 2478 701 διὰ

823 730 932 783 τῶν
985 731 1264 800 ῥημάτων,
1313 731 1396 784 ὅτι
1428 731 1522 784 δύο
1553 733 1827 804 διαθηκῶν
1857 730 1937 800 εἷς
1980 738 2096 789 ἐστι
2134 737 2432 806 νομοθέτης
2465 751 2479 768 ⁶

829 817 1064 888 μάνθανε
1084 819 1178 870 καί
1205 817 1293 871 διὰ
1317 819 1424 872 τῶν
1447 819 1631 873 τύπων
1661 824 1720 876 τὸ
1750 824 1882 877 αὐτὸ
1901 824 2076 878 τοῦτο.
2119 825 2368 895 Ἀϐραὰμ
2387 825 2480 877 δύο

825 905 1090 972 γυναῖκας
1139 903 1321 974 ἔσχεν*
1379 900 1540 960 αὗται
1596 908 1653 962 δέ
1703 912 1808 963 εἰσι
1844 911 1937 964 δύο
1973 910 2246 979 διαθῆκαι,
2283 912 2377 963 καὶ
2401 905 2480 974 εἷς

824 988 1147 1059 νομοθέτης*
1179 989 1365 1063 ῶσπερ
1389 994 1504 1046 ἐκεῖ
1527 995 1798 1065 πρόϐατον
1834 998 1925 1048 καὶ
1962 997 2249 1065 πρόϐατον.
2287 997 2347 1049 τὸ
2384 998 2481 1065 μὲν

823 1075 883 1126 ἐν
908 1077 1131 1145 ῥήματι,
1159 1077 1220 1130 τὸ
1257 1078 1312 1130 δέ
1344 1081 1402 1131 ἐν
1433 1081 1738 1151 πράγματι,
1773 1083 1939 1152 πολλὴ
1973 1083 2027 1135 δέ
2055 1084 2148 1134 καὶ
2170 1083 2278 1134 τῶν
2307 1084 2482 1154 ἔργων

823 1161 916 1213 καὶ
945 1161 1053 1214 τῶν
1083 1162 1252 1230 λόγων
1284 1165 1316 1234 ἡ
1351 1167 1636 1234 συμφωνία
1657 1185 1669 1196 ο
1697 1170 1837 1221 οὐτω
1857 1170 1949 1222 καὶ
1984 1169 2212 1222 ἐνταῦθα
2231 1169 2482 1239 διαθῆκαι

821 1246 933 1309 δύο,
964 1249 1056 1300 καί
1083 1249 1286 1313 ταύτας
1317 1252 1346 1304 ὁ
1377 1251 1476 1322 μὲν
1521 1253 1785 1324 Ἱερεμίας
1818 1255 1904 1307 διά
1929 1257 2168 1325 ῥήματος
2200 1259 2479 1326 προεῖπεν,

822 1335 849 1386 ό
874 1332 931 1387 δέ
964 1333 1211 1406 Ἀϐρααμ
1237 1337 1325 1390 διά
1359 1337 1462 1390 τῶν
1490 1339 1664 1408 ἔργων
1690 1340 1968 1393 ἐτύπωσεν
1990 1342 2046 1392 ἐν
2069 1339 2145 1409 τῷ
2173 1341 2266 1393 δύο
2292 1347 2480 1408 γυναῖ-

825 1435 924 1481 κάς
955 1419 1114 1488 ἐχειν.
1133 1422 1340 1491 Ὠσπερ
1369 1423 1475 1494 γὰρ
1496 1419 1574 1485 εἷς
1599 1424 1734 1493 ἀνηρ
1770 1426 1860 1476 καὶ
1892 1423 1982 1476 δύο
2010 1429 2285 1492 γυναῖκες,
2309 1427 2481 1492 οὕτως

823 1502 904 1570 εἷς
932 1507 1222 1578 νομοθέτης
1247 1511 1339 1560 καί
1366 1510 1458 1562 δύο
1488 1510 1761 1579 διαθῆκαι.
1801 1511 1939 1562 Ἀλλ’
1973 1513 2107 1583 ὅπερ
2149 1512 2352 1581 ἔλεγον,
2388 1517 2481 1568 καὶ

820 1596 886 1650 δι’
902 1595 930 1648 δ
956 1597 1132 1650 πάντα
1153 1596 1322 1651 ταῦτα
1345 1599 1642 1669 κεκίνηται.⁹
1664 1598 1783 1652 οὐδέ
1801 1599 1907 1670 γάρ
1923 1601 2027 1670 χρὴ
2054 1601 2151 1670 τῆς
2171 1602 2478 1667 ὐτωθέσεως

821 1684 1072 1735 ἐκπεσεῖν
1091 1699 1106 1714 *
1137 1683 1201 1736 '0
1232 1684 1536 1753 ἐμϐλέψας
1565 1686 1818 1753 γυναῖκα
1847 1686 1996 1753 πρὸς
2016 1688 2080 1738 τὸ
2111 1688 2477 1758 ἐπιθυμῆσαι

820 1768 1029 1838 αὐτῆς,
1060 1769 1174 1837 ἤδη
1209 1770 1564 1839 ἐμοίχευσεν
1590 1771 1784 1839 αὐτὴν
1813 1773 1883 1824 ἐν
1921 1771 1996 1839 τῇ
2029 1774 2243 1841 καρδίᾳ
2267 1777 2473 1829 αὑτοῦ.

821 1855 960 1907 Ναί*
986 1855 1141 1918 ἀλλά,
1170 1855 1237 1907 δι’
1272 1855 1301 1907 ὅ
1327 1855 1496 1908 ταῦτα
1539 1858 1714 1910 πάντα
1743 1860 2097 1930 ἐκινήσαμεν,
2125 1862 2268 1924 τίνος
2295 1863 2476 1914 ἐνεκεν

819 1940 999 2002 αὐτοῖς
1037 1939 1262 1992 παλαιὸν
1297 1940 1656 2007 ἀναγινώσκει
1681 1944 1872 2014 νόμον;
1926 1945 2074 2013 λέγει
2120 1947 2227 2017 γὰρ
2256 1948 2435 2010 αὐτοῖς
2458 1963 2472 1978 ·

831 2027 1153 2082 Ἠκούσατε
1181 2025 1269 2079 ὅτι
1294 2026 1500 2094 ἐρρέθη
1527 2028 1648 2092 τοῖς
1685 2030 1975 2097 ἀρχαίοις,
2001 2034 2083 2085 Οὐ
2106 2034 2471 2099 μοιχεύσεις.

819 2113 1057 2166 Συνεῖδεν
1085 2115 1165 2168 ὅτι
1192 2112 1445 2166 δύσκολόν
1494 2117 1610 2168 ἐστι
1657 2117 1718 2170 τδ
1749 2117 2056 2187 ἐπίταγμα,
2105 2119 2165 2172 οὐ
2200 2118 2347 2188 παρὰ
2374 2120 2473 2188 τὴν

816 2202 1022 2256 οἰκείαν
1051 2200 1230 2271 φύσιν,
1260 2202 1394 2256 ἀλλά
1423 2206 1575 2276 παρά
1593 2206 1689 2276 τὴν
1711 2206 1983 2278 ρᾳθυμίαν
2007 2208 2114 2260 τῶν
2144 2208 2470 2262 ἀκουόντων.

820 2288 997 2346 Πολλά
1023 2288 1132 2358 γὰρ
1164 2289 1258 2343 καὶ
1294 2289 1455 2359 φύσει
1487 2290 1684 2345 εὔκολα
1709 2292 1836 2346 ὄντα
1866 2292 2284 2364 δυσκατόρθωτα
2323 2297 2472 2364 γίνεο

817 2391 924 2440 ται,
974 2376 1102 2428 ὅταν
1128 2374 1516 2445 -ρᾳθυμῶμεν·
1560 2376 1748 2448 ὥσπερ
1779 2374 1870 2432 οῦν
1917 2380 2009 2431 καὶ
2059 2379 2291 2434 δύσκολα
2323 2383 2472 2448 ὄντα,

817 2460 994 2530 κοῦφα
1024 2463 1116 2514 καὶ
1146 2463 1320 2532 ῥᾷστα
1350 2463 1558 2530 γίνεται
1609 2464 2016 2528 σπουδαζόντων
2050 2467 2229 2536 ήμῶν.
2263 2469 2338 2520 Οὐ
2364 2468 2474 2540 γὰρ

815 2549 874 2600 ἐν
917 2550 984 2618 τῇ
1030 2546 1188 2616 φύσει
1216 2548 1324 2600 τῶν
1377 2549 1720 2620 πραγμάτων
1767 2554 1802 2622 ή
1850 2552 2129 2618 δυσκολία,
2177 2554 2291 2608 ἀλλ’
2323 2557 2382 2608 ἐν
2405 2559 2471 2626 τῇ

817 2635 1130 2705 προαιρέσει
1160 2633 1267 2688 τῶν
1306 2637 1619 2706 μετιόντων.
1662 2637 1772 2690 Καὶ
1804 2638 1888 2691 ὅτι
1915 2638 2070 2692 τοῦτό
2101 2643 2246 2693 ἐστιν
2277 2642 2473 2714 ἀληθὲς

817 2721 974 2792 δῆλον
995 2722 1240 2776 ἐντεῦθεν
1257 2739 1271 2753 ο
1295 2723 1355 2775 τδ
1380 2723 1504 2793 μέλι
1529 2723 1689 2792 φύσιν
1705 2725 1816 2796 ἔχει
1832 2727 2087 2794 γλυκεῖαν
2115 2729 2209 2783 καὶ
2229 2731 2468 2800 ἡδίστην,

817 2805 954 2860 ἀλλά
982 2809 1093 2870 τοῖς
1130 2807 1343 2861 νοσοῦσι
1396 2811 1490 2862 καὶ
1538 2811 1730 2881 πικρόν
1777 2813 1892 2865 ἐστι
1921 2815 2012 2867 καὶ
2042 2815 2223 2883 ἀηδὲς,
2260 2816 2374 2868 ἀλλ’
2408 2817 2469 2869 οὐ

817 2891 968 2962 παρά
1015 2891 1112 2963 τὴν
1151 2893 1358 2946 οἰκείαν
1400 2895 1589 2962 φύσιν,
1635 2896 1774 2948 ἀλλὰ
1828 2899 1976 2968 παρά
2015 2899 2112 2969 τήν
2161 2902 2470 2972 ἀρρωστίαν

817 2979 1068 3033 ἐκείνων*
1110 2978 1253 3032 οὕτω
1291 2982 1386 3033 καὶ
1425 2983 1453 3035 ὀ
1486 2982 1648 3051 νόμος
1678 2983 1743 3037 ἀν
1773 2983 1903 3055 δοκῇ
1936 2987 2187 3056 φορτικὸς
2220 2984 2378 3052 εἶναι,
2409 2991 2471 3042 οὐ

817 3065 969 3136 παρά
989 3067 1088 3137 τὴν
1110 3066 1316 3120 οἰκείαν
1342 3065 1524 3136 φύσιν,
1554 3068 1690 3122 ἀλλά
1711 3072 1864 3140 παρά
1894 3072 1992 3142 τήν
2013 3073 2287 3145 ἡμετέραν
2311 3074 2475 3144 ρᾳθυ-

819 3153 968 3223 μίαν.
1019 3153 1094 3206 Οὐ
1139 3153 1304 3217 πολύς
1355 3171 1446 3226 μοι
1493 3155 1654 3218 πόνος
1700 3156 1870 3222 δεῖξαι
1919 3156 2138 3212 εὐκολον
2186 3160 2334 3222 ὄντα,
2388 3162 2475 3215 ἵνα

815 3238 1132 3310 κατορθωθῇ
1151 3257 1164 3272 *
1199 3240 1260 3293 τὸ
1287 3241 1395 3312 γὰρ
1419 3239 1673 3294 δύσκολον
1696 3244 1857 3296 αὐτὸν
1899 3245 2083 3298 ποιοῦν
2110 3246 2171 3298 τὸ
2199 3247 2382 3317 ἕτερον
2407 3245 2474 3320 ἦν

813 3327 1005 3380 εἰπεῖν.
1035 3325 1148 3378 Νῦν
1179 3326 1276 3396 μὲν
1297 3327 1402 3397 γάρ
1426 3326 1593 3396 λέγει,
1624 3329 1765 3396 Φύγε
1795 3329 1893 3400 τήν
1920 3330 2040 3398 ὄψιν
2065 3332 2161 3401 τῆς
2195 3334 2471 3399 γυναικὸς,

811 3411 1083 3483 ἀπόστηθι
1114 3415 1212 3483 τῆς
1244 3413 1563 3481 ἀσελγείαςο
1599 3416 1658 3468 τὸ
1693 3415 1747 3468 δέ
1776 3417 2011 3485 χαλεπὸν
2042 3419 2103 3471 τὸ
2135 3419 2377 3472 ἐναντίον
2405 3416 2473 3489 ἦν

817 3501 1018 3552 εἰπεῖν*
1048 3499 1446 3568 Καταμάνθανε
1490 3502 1589 3562 τὰς
1642 3505 1936 3568 γυναῖκας,
1993 3505 2355 3574 περιεργάζου
2409 3507 2474 3559 τά

822 3581 996 3652 κάλλη
1040 3582 1108 3635 τὰ
1157 3582 1435 3654 ἀλλότρια,
1464 3586 1558 3638 καὶ
1603 3584 1746 3638 οὓτω
1789 3587 1886 3656 τῆς
1930 3587 2226 3657 ἐπιθυμίας
2258 3590 2468 3660 κράτει.

823 3669 994 3724 Τοῦτο
1010 3670 1074 3741 δὴ
1092 3669 1344 3724 δύσκολον
1362 3668 1430 3742 ἦν
1447 3687 1459 3700 ·
1482 3673 1543 3725 τὸ
1562 3673 1618 3726 δέ
1639 3675 1808 3726 εἰπεῖν
1828 3675 2007 3739 αὐτὸν,
2029 3675 2169 3743 Φύγε
2192 3675 2290 3746 τὴν
2311 3677 2474 3746 κάμι-

815 3773 926 3821 νον,
961 3756 1225 3827 ἀπόστηθι
1262 3757 1356 3811 τοῦ
1387 3759 1585 3829 πυρὸς,
1633 3760 1708 3829 μὴ
1759 3759 2122 3832 προσεγγίσῃς
2165 3763 2230 3831 τῇ
2284 3763 2467 3830 φλογὶ,

817 3842 906 3896 ἴνα
928 3841 1115 3914 μείνῃς
1148 3843 1364 3913 ἀσινὴς,
1388 3844 1586 3914 πολλὴν
1614 3844 1725 3914 ἔχει
1743 3845 1840 3915 τὴν
1868 3845 2136 3898 εὐκολίαν*
2159 3847 2299 3898 κατὰ
2321 3845 2467 3919 [525]

809 3927 978 3998 φύσιν
1017 3930 1124 3998 γάρ
1160 3929 1274 3982 ἐστι
1315 3929 1375 3982 τὸ
1430 3930 1729 4000 ἐπίταγμα.
1777 3931 2105 3984 Ἠκούσατε
2134 3932 2223 3986 ὅτι
2259 3933 2467 4002 ἐρρέθη

813 4013 941 4080 τοῖς
970 4013 1258 4082 ἀρχαίοις,
1288 4016 1369 4068 Οὐ
1390 4016 1752 4082 μοιχεύσεις.
1792 4015 1950 4078 Τίνος
1975 4013 2068 4069 οὐν
2097 4017 2281 4070 ἕνεκεν
2327 4021 2470 4088 ἡμᾶς

817 4101 1227 4170 ὑπομιμνήσκει
1278 4099 1371 4152 τοῦ
1424 4099 1653 4153 παλαιοῦ
1684 4103 1871 4171 νόμου,
1897 4103 2082 4172 ἕτερον
2115 4103 2324 4173 μέλλων
2355 4109 2461 4158 εἰσ-

819 4187 998 4256 άγειν;
1037 4188 1152 4239 Ἵνα
1194 4186 1302 4239 ἀπὸ
1328 4186 1428 4255 τῆς
1465 4189 1804 4257 συγκρίσεως
1852 4189 2047 4262 μάθῃς,
2082 4191 2166 4242 ὅτι
2207 4191 2308 4244 οὐκ
2355 4193 2469 4246 ἐστι

819 4274 965 4344 μάχη
1014 4273 1202 4327 τούτου
1252 4274 1542 4328 κάκείνου⁹
1582 4275 1711 4327 ὅταν
1760 4275 1866 4346 γάρ
1905 4275 2192 4347 σύγκρισις
2241 4271 2297 4348 ᾖ,
2350 4279 2468 4330 τότε

816 4361 1168 4432 φανερωτέρα
1212 4363 1246 4431 ή
1296 4361 1474 4429 κρίσις
1532 4364 1762 4429 γίνεται.
1817 4363 2032 4434 Ἐπειδὴ
2088 4364 2194 4434 γὰρ
2247 4364 2471 4434 ἔμελλον

816 4447 1068 4516 ἐγκαλεῖν
1095 4463 1259 4510 τινες,
1309 4447 1391 4499 ὅτι
1423 4447 1852 4518 ἀντινομοθετῶν
1886 4449 2058 4503 ταῦτα
2087 4449 2231 4518 λέγει
2255 4468 2267 4481 *
2315 4451 2468 4515 Ἰδοὺ,

818 4533 1004 4604 φησὶν,
1052 4533 1345 4604 ἑκατέρους
1405 4535 1721 4604 παράλληλα
1771 4536 1991 4606 τίθεμαι
2053 4539 2178 4600 τοὺς
2230 4541 2426 4608 νόμους
2455 4556 2467 4568 ·

816 4619 1106 4690 δοκίμασον
1147 4619 1239 4671 καὶ
1282 4618 1419 4688 μάθε
1463 4619 1559 4688 τὴν
1613 4623 1931 4689 συμφωνίαν
1957 4639 1968 4650 *
2017 4623 2078 4674 οὐ
2130 4623 2320 4677 τούτου
2361 4624 2417 4677 δὲ
2445 4637 2470 4665 ι

820 4707 1001 4776 μόνον,
1052 4705 1168 4760 ἀλλ’
1201 4705 1290 4758 ἵνα
1319 4704 1467 4776 δείξῃ
1501 4705 1594 4758 καὶ
1643 4704 1863 4759 εὔκολον
1892 4707 2042 4770 ὄντα,
2077 4709 2168 4760 καὶ
2202 4709 2474 4780 εὐκαίρως

816 4793 1189 4864 εἰσαγόμενον.
1224 4791 1325 4845 Διά
1344 4791 1505 4846 τυῦτό
1558 4808 1739 4862 φησιν,
1781 4792 2120 4855 Ἠκούσατε,
2147 4794 2235 4846 ὅτι
2263 4794 2471 4861 ἐρῤἐθη

813 4881 938 4947 τοῖς
979 4880 1268 4948 ἀρχαίοις,
1305 4879 1387 4932 Οὐ
1413 4879 1788 4948 μοιχεύσεις*
1819 4877 2072 4932 τοσοῦτον
2108 4879 2296 4951 χρόνον
2343 4885 2473 4950 ἐμε-

817 4967 1077 5037 λετήσατε
1127 4966 1217 5018 τὸν
1255 4965 1485 5018 παλαιὸν
1517 4966 1701 5035 νόμον.
1735 4966 1946 5036 Ὥσπερ
1976 4964 2294 5029 διδάσκαλος
2338 4967 2474 5036 πρὸς

813 5049 1028 5103 παιδίον
1052 5046 1224 5115 λέγων
1269 5047 1499 5116 ὀκνηρὸν
1541 5051 1653 5110 τοῖς
1692 5047 1856 5101 πάλαι
1894 5048 1921 5087 ιι
1955 5047 2274 5119 βουλόμενον
2302 5049 2473 5101 ἐνδια-

811 5135 1020 5208 τρίϐειν
1075 5133 1154 5187 ἔτι
1202 5134 1538 5206 μαθήμασιν,
1586 5135 1678 5187 ἐπὶ
1727 5135 1796 5186 τά
1830 5135 2138 5206 ὑψηλότερα
2177 5137 2473 5204 ἀναγαγεῖν

816 5224 984 5277 θέλων
1010 5224 1176 5294 λέγει,
1211 5223 1493 5292 Ἐννόησον
1525 5221 1688 5274 πόσον
1720 5223 1910 5294 χρόνον
1937 5223 1998 5274 τὺ
2045 5223 2274 5293 μάθημα
2317 5223 2473 5276 τοῦτο

815 5311 1078 5382 κατέσχες
1099 5329 1112 5342 υ
1133 5311 1274 5364 οὕτω
1302 5309 1396 5364 καὶ
1417 5311 1446 5363 ό
1475 5308 1706 5380 Χριστὸς
1726 5310 2174 5379 ἀναμιμνήσκων,
2194 5311 2274 5362 ὅτι
2308 5311 2472 5364 πολὺν

815 5399 1006 5472 χρόνον
1039 5399 1390 5470 ἐμελέτησαν,
1444 5400 1537 5452 καὶ
1583 5397 1848 5467 κατέσχον
1885 5396 1976 5450 τὸν
2017 5397 2242 5451 παλαιὸν
2285 5399 2470 5468 νόμον,

813 5488 908 5543 καὶ
938 5485 1126 5558 καιρὸς
1171 5485 1355 5538 λοιπδν
1388 5486 1524 5555 πρὸς
1567 5485 1658 5538 τὸν
1696 5485 2032 5556 ὑψηλότερον
2065 5484 2339 5549 ἀνελθεῖν,
2393 5487 2472 5550 εἰς

878 5746 904 5775 ι
937 5744 1121 5855 ςυρρίε
1144 5743 1317 5802 ενεκεν,
1339 5742 1436 5792 ιιἰεὶ
1466 5743 1611 5814 palis
1631 5743 1804 5816 legere
1828 5743 1972 5794 τοῦτο
1993 5744 2102 5794 loco
2120 5743 2304 5794 τούτου.
2331 5745 2466 5796 Enn.

879 5803 906 5846 δ
928 5806 1044 5855 Otto
1084 5841 1096 5852 .
1117 5810 1172 5854 ει
1195 5805 1391 5855 Barocc.
1413 5819 1510 5855 τοις
1529 5806 1760 5855 παλαιοις.

879 5803 906 5846 δ
928 5803 1096 5856 οιιοδ.
1117 5810 1172 5854 ει
1195 5805 1391 5855 Bai-occ.
1413 5803 1510 5860 τοῖς
1529 5803 1760 5862 παλαιοῖς.

1589 446 1646 500 S.
1676 445 1960 504 JOANNIS
1992 442 2482 505 CHRYSOSTOMI
2522 442 2836 501 ARCHIEP.
2867 445 3406 504 CONSTANTINOP.
4111 451 4194 504 32!

2578 558 2678 628 τήν
2738 575 2868 613 ποτε
2920 565 3117 627 αὐτοὺς
3170 560 3488 630 νομοθεσίαν
3535 560 3643 612 τῶν
3682 568 3925 633 πατέρων
3983 568 4192 633 ἁιήῖαζε

2576 648 2784 716 λέγων,
2840 651 3170 706 Ἠκούσατε
3220 652 3308 704 ὅτι
3359 648 3565 718 ἐρῤἐθη
3622 648 3745 713 τοῖς
3794 651 4089 719 ἀρχαίοις,
4131 657 4196 704 Οὐ

2572 737 2938 806 μοιχεύσεις.
2993 739 3200 792 Ἐκεῖνο
3241 741 3353 801 τοῖς
3401 735 3648 807 ἀρχαίοις
3697 735 3913 804 ὲρῥέθη,
3962 737 4102 804 Ἐγὼ
4145 737 4200 790 δέ

2581 823 2734 891 λέγω
2773 820 2932 889 ὑμῖν.
2969 822 3032 874 Εἰ
3066 825 3166 892 μὲν
3195 825 3303 896 γὰρ
3333 827 3443 887 τοῖς
3471 821 3717 892 ἀρχαίοις
3761 821 3962 887 ἔλεγεν,
4001 823 4199 885 εἰκότως

2581 907 2865 978 ᾕσχαλλες,
2910 906 3000 959 δτε
3047 909 3397 980 ἀτελέστερον
3422 909 3574 979 ὐμῶν
3595 910 3628 976 ή
3655 905 3815 976 φύσις
3840 905 4099 958 διέκειτο*
4128 910 4199 960 ὅτε

2580 993 2635 1046 δέ
2687 993 2956 1046 ἐπέδωκεν
3012 994 3045 1062 ή
3101 995 3300 1060 φύσις,
3352 998 3441 1049 ὅτε
3495 993 3799 1064 τελειοτέρα
3871 991 4079 1059 γέγονε,
4127 996 4203 1045 καὶ

2579 1079 2920 1149 διδαγμάτων
2954 1078 3302 1149 τελειοτέρων
3347 1081 3530 1134 λοιπὸν
3559 1080 3768 1152 καιρός.
3814 1077 3912 1130 Διά
3939 1077 4094 1129 τοῦτο
4129 1081 4205 1130 καί

2579 1167 2879 1236 ἀρχόμενος
2897 1164 2994 1233 τῆς
3022 1166 3361 1234 νομοθεσίας,
3392 1169 3478 1220 ῐνα
3496 1171 3568 1238 μή
3594 1185 3677 1231 τις
3701 1168 3799 1236 τὴν
3821 1165 4064 1218 ἐπίτασιν
4085 1165 4204 1233 δρῶν

2582 1256 2677 1321 τῆς
2713 1252 3029 1320 φιλοσοφίας
3061 1253 3192 1321 ὀκνῇ
3226 1254 3320 1304 καὶ
3366 1253 3679 1320 ἀναδύηται,
3721 1253 3883 1324 φησὶν
3905 1293 3923 1317 ,
3976 1250 4114 1304 Ἐὰν
4134 1251 4205 1317 μὴ

2580 1339 2952 1404 περισσεύσῃ
2983 1339 3022 1403 ή
3049 1337 3399 1405 δικαιοσύνη
3423 1339 3588 1408 ὑμῶν
3619 1340 3807 1393 πλέον
3831 1337 3940 1391 τῶν
3969 1353 4206 1406 γραμμα-

2579 1423 2728 1476 τέων
2753 1424 2851 1475 καί
2877 1425 3234 1491 Φαρισαίων,
3263 1428 3332 1478 οὺ
3350 1426 3436 1492 μὴ
3471 1425 3778 1492 εἰσέλθητε
3800 1428 3886 1490 εἰς
3914 1423 4030 1489 τὴν
4050 1423 4208 1485 ,ϐασι-

2577 1511 2749 1563 λείαν
2775 1509 2892 1562 τῶν
2924 1511 3213 1577 οὐρανῶν.
3267 1513 3494 1566 Πλείονά
3535 1530 3601 1581 με
3631 1515 3876 1575 ἀπαιτεῖς
3907 1513 4000 1564 τὸν
4035 1511 4205 1568 πόνονς

2578 1597 2663 1648 διὰ
2711 1596 2796 1659 τίς
2842 1597 2963 1666 οὐχὶ
2986 1597 3085 1664 τῆς
3113 1599 3283 1667 αὐτῆς
3327 1597 3569 1650 κοινωνῶ
3595 1598 3805 1664 φύσεως
3838 1597 4087 1659 ἐκείνοις,
4108 1593 4209 1662 οὐχὶ

2578 1681 2861 1750 ἄνθρωπός
2889 1684 3003 1751 εἰμι
3030 1683 3278 1754 καθάπερ
3312 1686 3541 1744 ἐκεῖνοι;
3567 1685 3683 1734 ἰνα
3711 1683 3783 1752 μὴ
3811 1683 3980 1734 ταῦτα
4008 1681 4209 1746 λέγωσι,

2577 1768 2718 1828 τίνος
2749 1767 2934 1820 ἐνεκεν
2999 1769 3271 1821 ἐπέτεινεν
3309 1772 3438 1838 ἡμῖν
3478 1768 3600 1828 τούς
3627 1768 3845 1831 πόνους;
3875 1768 4023 1828 τίνος
4045 1767 4210 1818 ἕνεκεν

2579 1851 2796 1920 μείζονα
2827 1853 2989 1921 ἔθηκε
3021 1855 3090 1906 τά
3143 1855 3470 1924 σκάμματα;
3521 1852 3800 1922 προανεῖλε
3832 1851 3925 1920 τήν
3957 1849 4212 1902 ἀντίθεσιν

2575 1938 2744 1991 εἰπὼν
2781 1941 2880 2011 τὴν
2907 1939 3179 2010 βασιλείαν
3203 1941 3310 1993 τῶν
3339 1939 3581 2011 οὐρανῶν
3598 1955 3610 1968 ·
3631 1937 3885 2001 Μείζονα,
3902 1940 4060 2007 φησι,
4080 1937 4213 2006 φέρω

2572 2025 2641 2078 τά
2672 2025 2915 2081 ἔπαθλαο
2964 2026 3132 2079 εἰπὼν
3166 2027 3293 2090 τούς
3327 2027 3542 2090 πόνους,
3594 2025 3759 2077 εἰπὼν
3802 2026 3925 2086 τοὺς
3978 2023 4212 2090 ἀγῶνας.

2574 2112 2743 2165 εἰπὼν
2791 2114 2888 2184 τήν
2918 2114 3166 2166 ἐπίτασιν
3196 2115 3294 2182 τῆς
3323 2112 3662 2182 νομοθεσίας,
3708 2111 4085 2180 ἐμνημόνευσε
4135 2111 4216 2160 καὶ

2572 2197 2683 2251 τῶν
2720 2199 2988 2253 ἐπάθλων.
3033 2199 3108 2251 Οὐ
3148 2199 3256 2267 γάρ
3302 2199 3402 2266 τὴν
3433 2196 3793 2264 Παλαιστίνην
3822 2195 3948 2265 ὐμῖν
3985 2195 4211 2253 δέδωκα,

2575 2285 2760 2354 φησὶν,
2789 2285 2911 2338 οὐδέ
2939 2286 3040 2354 τὴν
3065 2284 3167 2353 γῆν
3195 2283 3424 2352 ῥέουσαν
3448 2281 3590 2348 γάλα
3622 2283 3714 2334 καὶ
3745 2281 3886 2350 μέλι,
3926 2280 4048 2332 ἀλλ’
4073 2280 4214 2332 sint»:

2575 2371 2703 2440 ὐμῖν
2735 2371 2944 2440 κομίζω
2988 2369 3079 2421 τὸν
3120 2369 3366 2438 οὐρανόν.
3398 2369 3512 2420 Οὐκ
3551 2369 3610 2418 ἐν
3655 2367 3734 2435 τῷ
3781 2366 3956 2436 μισθῷ
4007 2366 4067 2419 δέ
4121 2367 4216 2418 τῶν

2576 2455 3009 2526 κατορθωμάτων
3031 2452 3456 2522 πλεονεκτοῦμεν
3475 2453 3654 2522 μόνον,
3683 2451 3820 2505 ἀλλά
3843 2453 3937 2507 καὶ
3967 2455 4028 2505 ἐν
4053 2469 4219 2522 παρα-

2573 2542 2726 2595 ϐάσει
2755 2541 2864 2592 τῶν
2887 2539 3294 2609 ἁμαρτημάτων
3319 2537 3541 2608 μείζονα
3568 2538 3664 2608 τὴν
3704 2538 3921 2592 κόλασιν
3955 2538 4215 2608 ὑπομένοι

2575 2643 2695 2696 μεν.
2729 2626 2937 2695 Ὥσπερ
2983 2623 3090 2694 γὰρ
3113 2626 3164 2677 οἱ
3197 2625 3301 2692 πρὸ
3337 2623 3431 2677 τοῦ
3469 2625 3637 2694 νόμου
3672 2625 3982 2697 πραοτέραν
4025 2625 4215 2678 διδόασι

2569 2712 2836 2782 τιμωρίαν
2865 2711 2972 2763 τῶν
3005 2714 3061 2763 ἐν
3090 2711 3167 2780 τῷ
3191 2711 3366 2779 νόμῳ*
3393 2713 3567 2764 Ὅσοι
3596 2712 3724 2780 γὰρ,
3747 2715 3905 2780 φησὶν
3925 2752 3939 2772 ,
3993 2713 4219 2780 ἀνόμως

2572 2797 2856 2866 ἥμαρτον,
2904 2798 3138 2864 ἀνόμως
3179 2797 3278 2848 καὶ
3316 2796 3707 2858 ἀπολοῦνται,
3763 2798 4074 2858 τουτέστιν,
4128 2796 4218 2848 οὐκ

2571 2883 2752 2951 έχουσι
2777 2883 2865 2934 τὸν
2886 2882 3049 2950 νόμον
3076 2882 3402 2951 κατήγορον,
3432 2881 3544 2934 ἀλλ’
3576 2882 3684 2934 ἀπὸ
3703 2883 3799 2951 τῆς
3818 2882 4033 2949 φύσεως
4060 2881 4220 2947 αὐτῆς

2571 2967 2703 3019 οῖσω
2728 2967 2826 3036 τήν
2870 2966 3070 3034 ψῆφον,
3104 2967 3258 3034 φησὶ,
3293 2965 3495 3035 μεταξύ
3524 2967 3632 3020 τῶν
3685 2965 3955 3036 λογισμῶν
3992 2983 4218 3034 κατηγο-

2575 3052 2834 3121 ρούντων,
2868 3054 2900 3122 ἢ
2931 3052 3023 3104 καὶ
3060 3051 3506 3120 ἀπολογουμένων
3525 3069 3538 3080 ·
3569 3051 3714 3104 οὕτω
3744 3051 3850 3104 τῶν
3877 3053 3934 3103 ἐν
3971 3053 4055 3120 τῷ
4079 3051 4219 3120 νόμῳ

2574 3138 2915 3191 πταισάντων
2948 3138 2996 3190 οἱ
3023 3136 3115 3189 ἐπὶ
3148 3138 3244 3207 τῆς
3273 3137 3493 3206 χάριτος
3523 3139 3926 3208 ἁμαρτάνοντες
3955 3139 4221 3205 ἀφορητό-

2573 3226 2740 3296 τέραν
2774 3225 3163 3292 ὐποστήσονται
3197 3223 3295 3294 τήν
3332 3223 3567 3276 κόλασιν.
3599 3225 3708 3277 Καὶ
3740 3224 3939 3276 τούτων
3968 3225 4072 3292 τὴν
4111 3224 4220 3275 δια·

2575 3312 2745 3380 φορὰν
2777 3310 2945 3373 οὐτως
2971 3308 3168 3371 ἔδειξεν
3213 3311 3241 3361 ὁ
3291 3308 3498 3372 Παῦλος
3535 3309 3734 3372 εἰπὼν,
3785 3310 4104 3374 Ἁθετήσας
4141 3325 4222 3372 τις

2573 3398 2760 3466 νόμον
2791 3395 3064 3457 Μωσέως,
3095 3395 3271 3462 χωρὶς
3310 3395 3624 3464 οἰκτιρμῶν
3652 3395 3752 3448 ἐπὶ
3791 3395 4029 3462 δυσίνῆ
4071 3395 4222 3462 τρισί

2567 3485 2868 3553 μάρτυσιν
2893 3482 3264 3548 ἀποθνήσκει
3281 3500 3294 3513 *
3314 3485 3485 3548 πόσῳ
3514 3483 3737 3536 δοκεῖτε
3764 3485 4036 3551 χείρονος
4050 3485 4221 3546 ἀξιω-

2572 3571 2815 3638 θήσεται
2846 3568 3117 3634 τιμωρίας
3134 3571 3165 3620 ὁ
3181 3569 3288 3620 τὸν
3306 3568 3438 3621 Υίὸν
3466 3568 3570 3622 τοῦ
3593 3569 3738 3622 Θεοῦ
3771 3571 4220 3636 καταπατήσας.

2571 3657 2666 3710 καὶ
2701 3657 2763 3708 τὸ
2787 3650 2929 3723 αἷμα
2957 3652 3101 3724 [326]
3135 3652 3242 3718 τῆς
3269 3652 3557 3718 διαθήκης
3587 3654 3792 3706 κοινὸν
3821 3653 4220 3722 ἡγησάμενος,

2570 3742 2667 3794 καὶ
2701 3741 2766 3793 τὸ
2793 3739 3034 3807 Πνεῦμα
3061 3736 3171 3802 τῆς
3192 3737 3425 3803 χάριτος
3442 3738 3797 3804 ἐνυϐρίσας;
3829 3740 3991 3809 Ὁρᾷς
4014 3741 4108 3791 ἐπὶ
4132 3741 4222 3806 τῆς

2569 3827 2789 3897 χάριτος
2811 3824 3032 3895 μείζονα
3055 3821 3150 3888 τὴν
3166 3823 3455 3891 τιμωρίαν,
3479 3821 3662 3892 ὥσπερ
3687 3819 3777 3875 οὖν
3805 3825 3899 3876 καὶ
3926 3825 3998 3876 τὰ
4013 3824 4223 3876 ἔπαθλα

2573 3913 2824 3984 μείζονα;
2875 3911 3012 3963 Ἀλλ’
3047 3911 3232 3980 ἐπειδὴ
3266 3908 3374 3960 τῶν
3407 3911 3717 3978 μυστηρίων
3766 3911 3907 3980 ὑμᾶς
3940 3910 4223 3978 ἀνέμνησα

2567 4000 2675 4052 τῶν
2705 3998 3154 4069 φρικωδεστάτων
3188 3997 3282 4048 καὶ
3339 3995 3741 4065 πνευματικῶν,
3792 3995 4102 4066 παρακαλῶ
4132 3996 4222 4046 καὶ

2569 4088 2829 4143 ἀντιϐολῶ
2855 4087 2949 4140 καὶ
2971 4085 3158 4154 δέομαι
3181 4085 3274 4138 καὶ
3297 4085 3432 4154 μετὰ
3451 4084 3629 4154 πάσης
3652 4085 3785 4148 ἀξιῶ
3808 4084 4069 4151 σπουδῆς,
4083 4083 4222 4135 ὥστε

2571 4177 2748 4227 πᾶσαν
2773 4171 3044 4241 ἁμαρτίαν
3065 4168 3428 4238 ἀποθεμένους
3456 4168 3596 4221 οὕτω
3612 4171 3891 4239 προσιέναι
3918 4170 3982 4235 τῇ
4018 4171 4220 4236 φρικτῇ

2569 4259 2742 4328 ταύτῃ
2785 4255 3050 4326 τραπέζῃ.
3105 4253 3366 4322 Εἰρήνην
3396 4255 3525 4326 γὰρ,
3578 4257 3730 4325 φησι,
3779 4253 4014 4306 διώκετε
4071 4254 4222 4318 μετὰ

2571 4345 2831 4408 πάντων,
2871 4341 2968 4394 καί
2997 4340 3100 4394 τὸν
3127 4341 3438 4410 ἁγιασμόν,
3460 4338 3530 4397 οὗ
3565 4342 3741 4410 χωρίς
3778 4337 3972 4401 οὐδεὶς
4009 4336 4223 4403 ὄψεται

2571 4432 2678 4484 τὸν
2703 4430 2940 4496 Κύριον.
2983 4428 3038 4478 Ὀ
3069 4427 3124 4479 δὲ
3158 4427 3244 4479 τὸν
3276 4427 3476 4498 Κύριον
3509 4429 3608 4480 οὐκ
3631 4426 3708 4478 ῶν
3733 4423 3878 4487 ἄξιος
3922 4422 4073 4486 ἰδεῖν,
4102 4422 4222 4475 οὐδέ

2570 4517 2671 4586 τῆς
2721 4513 3001 4576 κοινωνίας
3035 4513 3178 4576 ἄξιός
3205 4517 3318 4566 ἐστι
3347 4515 3438 4568 τοῦ
3471 4515 3718 4584 σώματος
3741 4509 3834 4562 τοῦ
3871 4507 4219 4562 δεσποτικοῦ.

2571 4603 2668 4656 Διά
2695 4600 2848 4654 τοῦτό
2877 4616 3038 4669 φησιν
3070 4601 3097 4651 ό
3127 4601 3351 4664 Παῦλος,
3389 4603 3686 4662 Ἕκαστος
3705 4595 3770 4652 δὲ
3805 4592 4158 4661 δοκιμαζέτω
4193 4606 4214 4633 ο

2571 4685 2806 4748 ἑαυτὸν,
2847 4685 2940 4738 καὶ
2979 4685 3162 4750 οὕτως
3186 4687 3252 4739 ἐκ
3279 4687 3381 4740 τοῦ
3411 4686 3591 4752 ἄρτου
3622 4677 3862 4733 ἐσθιέτω
3895 4679 3988 4730 καί
4018 4679 4091 4731 ἐκ
4113 4679 4218 4732 τοῦ

2573 4771 2858 4838 ποτηρίου
2905 4769 3154 4823 πινέτω.
3197 4773 3310 4824 Οὐκ
3359 4765 3670 4832 nume:
3710 4763 3770 4816 τὸ
3800 4763 3972 4825 ἐλκος,
4004 4764 4107 4815 οὐκ
4142 4767 4219 4828 εἰς

2573 4855 2748 4910 κοινὸν
2792 4853 3015 4924 θέατρον
3062 4857 3234 4925 ἤγαγε
3269 4857 3365 4926 τὴν
3398 4848 3748 4920 κατηγορίαν,
3801 4847 3861 4898 οὐ
3891 4848 4219 4919 περιέστησε

2575 4943 2857 5013 μάρτυρας
2885 4941 2989 4993 τῶν
3015 4943 3528 5014 πλημμελημάτων*
3564 4935 3708 4986 ἔνδον
3739 4935 3794 4987 ὲν
3824 4935 3900 5004 τῷ
3929 4935 4218 4996 συνειδότι,

2575 5027 2798 5099 μηδενὸς
2830 5028 3089 5098 παρόντος
3145 5031 3282 5100 πλὴν
3326 5026 3418 5080 τοῦ
3459 5022 3525 5076 τὰ
3577 5022 3750 5075 πάντα
3785 5021 4015 5091 δρῶντος
4049 5020 4216 5080 Θεοῦ,

2573 5112 2725 5166 ποιοῦ
2765 5111 2860 5184 τὴν
2893 5114 3089 5184 κρίσιν,
3127 5115 3219 5168 καὶ
3255 5113 3359 5166 τῶν
3404 5107 3798 5177 ἡμαρτημένων
3828 5107 3922 5176 τὴν
3950 5106 4215 5169 ἐξέτασιν,

2573 5202 2664 5254 καὶ
2715 5200 2887 5253 πάντα
2922 5203 3010 5254 τὸν
3055 5203 3167 5272 βίον
3219 5193 3666 5263 ἀναλογιζόμενος
3715 5194 3818 5246 ὐπὸ
3867 5194 3959 5246 τοῦ
4014 5195 4108 5244 νοῦ
4162 5193 4220 5246 τὸ

2573 5287 2850 5357 κριτήριον
2888 5289 2984 5356 ἆγε
3017 5290 3084 5341 τὰ
3115 5283 3483 5356 ἁμαρτήματα
3503 5296 3516 5309 °
3551 5280 3757 5351 διόρθου
3786 5281 3850 5333 τὰ
3888 5279 4212 5348 πλημμελήε

2577 5389 2740 5441 ματα,
2773 5375 2865 5428 καὶ
2883 5374 3025 5428 οὐτω
3051 5371 3188 5443 μετά
3236 5364 3473 5436 καθαροῦ
3497 5364 3586 5418 τοῦ
3613 5367 3908 5427 συνειδότος
3938 5365 4034 5432 τῆς
4068 5364 4219 5431 ἱερᾶς

2574 5461 2744 5515 ἅπτου
2777 5463 3072 5534 τραπέζης,
3107 5458 3199 5509 καὶ
3242 5455 3341 5522 τῆς
3381 5455 3540 5522 ἀγίας
3567 5457 3755 5526 μέτεχε
3786 5454 3992 5514 θυσίας.
4030 5450 4217 5504 Ταῦτα

2636 5814 2659 5842 ⁸
2688 5810 2904 5868 Uterque
2925 5804 3076 5855 codex
3092 5805 3370 5868 ἀηκρινὲτω
3394 5817 3483 5869 pro
3511 5802 3812 5866 δοκιμαζέτω.
