4432 6678
406 448 499 501 δίει
1374 507 1388 519 .
1423 434 1512 488 DE
1551 429 2013 487 PLENITENTIA.
2056 429 2286 486 HOMIL.
2334 429 2419 482 Vl.

408 556 733 626 prophetiam
762 556 787 610 l
821 554 878 611 In
916 569 980 611 eo
1008 553 1149 610 enim
1178 546 1319 619 quod
1348 544 1596 600 mulieres
1640 542 1830 609 habet,
1859 558 1966 598 non

406 650 655 715 verbum,
697 648 791 704 sed
839 661 925 702 res
949 655 1031 701 est
1060 663 1074 698 :
1102 651 1156 697 et
1193 650 1399 692 servam
1424 642 1478 688 et
1514 633 1731 689 liberam
1761 632 1969 689 ostendi

411 742 501 796 tibi
532 754 624 809 per
652 740 834 805 verba,
857 736 1105 806 quoniam
1135 729 1360 782 duorum
1386 732 1817 781 testamentorum
1836 736 1973 776 unus

406 837 487 883 est
521 828 822 898 legislator,
851 826 998 879 disce
1026 826 1080 873 et
1122 816 1294 883 ipsum
1334 828 1429 883 per
1458 814 1671 883 ﬁguras.
1702 809 1972 867 Abraham

404 920 534 975 duas
559 933 752 974 uxores
777 912 992 971 habuit;
1024 908 1105 960 ha:
1129 913 1305 958 autem
1334 912 1457 958 sunt
1484 904 1589 959 duo
1616 905 1927 956 testamenta
1953 937 1968 963 ,

402 1020 456 1065 et
488 1026 622 1067 unus
650 1006 919 1077 legislator
947 1016 959 1051 :
988 994 1431 1065 quemadmodum
1454 994 1561 1047 illic
1584 990 1699 1045 ovis
1732 996 1787 1043 et
1822 987 1935 1042 ovis
1954 1028 1968 1052 ,

406 1104 569 1159 altera
594 1098 805 1170 quidem
832 1093 884 1145 in
931 1087 1127 1152 verbo,
1157 1086 1321 1141 altera
1364 1094 1541 1139 autem
1584 1082 1639 1135 in
1685 1095 1744 1135 re
1768 1121 1782 1145 ,
1810 1080 1971 1134 multa

405 1208 533 1247 γει-ι)
555 1199 607 1245 et
627 1196 844 1255 operum
862 1186 918 1233 et
938 1176 1217 1232 verborum
1240 1170 1612 1231 eoneordantia
1635 1170 1768 1225 inest
1792 1188 1805 1225 :
1825 1174 1901 1225 sic
1920 1177 1973 1224 et

405 1284 492 1338 hic
516 1279 823 1335 testamenta
847 1269 978 1323 duo:
999 1276 1053 1322 et
1074 1268 1187 1321 haec
1208 1263 1468 1320 Jeremias
1490 1261 1702 1331 quidem
1730 1275 1822 1330 per
1850 1274 1972 1313 ver-

406 1378 470 1431 ba
490 1366 751 1442 prmdixit,
769 1361 1035 1416 Abraham
1055 1356 1385 1425 autemduas
1413 1354 1612 1408 habens
1631 1362 1975 1417 uxores,ope-

408 1465 551 1518 ribus
569 1453 827 1525 ﬁguravit.
840 1446 1291 1516 Quemadmodum
1308 1446 1449 1501 enim
1470 1459 1602 1498 unus
1614 1444 1695 1496 vir
1710 1453 1762 1495 et
1781 1451 1976 1493 uxores

406 1553 545 1613 dum,
560 1524 636 1600 sic
653 1552 854 1597 etuuus
872 1539 1155 1609 legislator,
1171 1546 1224 1592 et
1242 1543 1553 1591 testamenta
1570 1533 1697 1587 duo.
1716 1527 1819 1582 Sed
1834 1524 1974 1594 quod

407 1638 537 1698 dixi,
564 1644 617 1689 et
641 1632 793 1701 cujus
818 1644 975 1684 causa
1004 1629 1243 1682 universa
1276 1626 1388 1679 haec
1412 1621 1678 1693 pr0posita
1703 1625 1976 1671 suntznon

409 1728 548 1782 enim
587 1740 618 1778 a
647 1723 913 1792 pr0posito
933 1718 1306 1775 discedendum
1334 1724 1415 1769 est
1444 1732 1456 1765 :
1499 1710 1599 1776 Qui
1642 1708 1818 1761 viderit
1858 1722 1974 1759 ma-

408 1818 575 1869 lierem
596 1814 663 1865 ad
688 1809 1135 1879 concupiscendum
1174 1822 1283 1859 eam
1303 1844 1317 1867 ,
1339 1805 1451 1873 jam
1478 1799 1747 1850 mtechatus
1774 1806 1843 1849 est
1864 1811 1974 1848 eain

407 1909 461 1960 ἐκ
480 1906 629 1959 corde
648 1919 736 1957 suo
769 1901 977 1972 (Matth.
1009 1900 1060 1952 5.
1090 1897 1201 1965 28).
1234 1894 1309 1948 lta
1335 1900 1447 1953 est;
1488 1888 1581 1943 sed
1608 1886 1749 1955 quod
1772 1887 1821 1939 in
1848 1900 1973 1954 pro-

408 1995 581 2063 posito
606 1992 755 2045 nobis
782 2000 897 2044 erat
924 2002 1043 2042 cum
1067 1986 1182 2038 haec
1200 1980 1374 2035 omnia
1396 1980 1715 2047 agitaremus
1732 2016 1745 2039 ,
1769 1989 1862 2027 cur
1889 1988 1979 2027 ve-

410 2096 574 2137 terem
602 2080 729 2149 ipsis
755 2080 923 2149 legem
952 2074 1138 2129 recitat
1164 2068 1338 2123 ?dicit
1378 2067 1521 2119 enim
1552 2064 1681 2132 ipsis
1707 2082 1720 2115 :
1754 2062 1977 2116 Audistis

406 2172 638 2241 quoniam
663 2170 847 2223 dictant
874 2177 945 2220 est
970 2161 1207 2228 antiquis,
1244 2156 1363 2209 Non
1393 2154 1734 2208 mtecltaberis.
1763 2152 1976 2220 Cogno-

332 2246 341 2251 ’
408 2264 484 2316 vit
522 2261 735 2316 difﬁcile
763 2273 883 2314 esse
912 2252 1213 2309 mandatuut
1241 2287 1255 2312 ,
1285 2263 1389 2300 non
1421 2253 1606 2313 suapte
1634 2252 1817 2295 natura
1838 2282 1850 2301 ,
1882 2238 1975 2293 sed

408 2352 728 2407 audientium
780 2346 1002 2402 desidia.
1053 2340 1211 2395 Multa
1254 2338 1395 2390 enim
1426 2350 1542 2404 quae
1572 2341 1759 2387 natura
1808 2330 1973 2383 facilia

410 2454 567 2508 sunt,
594 2439 824 2495 difﬁcilia
853 2438 985 2490 ﬁunt
1025 2446 1146 2485 cum
1197 2428 1518 2498 pigritamur,
1567 2424 1704 2478 sicut
1742 2419 1973 2476 difficilia

408 2551 525 2603 qua:
550 2543 703 2595 sunt,
732 2530 868 2584 levia
890 2537 944 2581 et
974 2522 1140 2578 facilia
1168 2521 1299 2574 ﬁunt
1325 2518 1475 2572 nobis
1497 2523 1738 2569 accurate
1766 2514 1974 2583 prospi-

406 2626 684 2681 cientibus.
718 2622 833 2676 Non
860 2619 1001 2673 enim
1044 2614 1323 2669 difficultas
1363 2625 1536 2665 rerum
1564 2616 1767 2661 natura:
1803 2607 1972 2667 inest,

409 2716 501 2769 sed
542 2712 902 2769 exercentium
948 2705 1221 2776 proposito
1254 2719 1266 2754 :
1294 2700 1433 2770 quod
1481 2697 1816 2753 verissimum
1858 2706 1977 2746 esse

408 2806 493 2860 vel
530 2821 593 2859 ex
640 2805 738 2857 hoc
765 2808 1002 2869 apparet.
1035 2796 1135 2851 Mel
1180 2802 1363 2847 natura
1405 2789 1737 2845 dulcedinem
1782 2784 1973 2848 habet,

407 2906 565 2964 atque
590 2893 831 2949 eamdem
866 2886 1334 2959 jucundissimam,
1379 2882 1469 2935 sed
1500 2878 1712 2949 :rgrotis
1738 2889 1975 2928 amarum

408 2985 533 3055 quid
576 2994 736 3052 atque
784 2984 1042 3049 ingratum
1068 2984 1179 3040 est,
1236 2989 1340 3027 non
1380 2970 1612 3041 propria,
1644 2964 1736 3020 sed
1768 2964 1975 3018 illorum

407 3073 732 3145 aegritudinis
758 3078 942 3124 natura
976 3084 987 3119 :
1014 3068 1090 3121 sic
1118 3065 1207 3119 lex
1232 3062 1438 3116 tametsi
1463 3058 1702 3112 videatur
1726 3066 1974 3119 onerosa,

410 3182 515 3221 non
539 3180 632 3219 sua
656 3172 860 3223 natura,
880 3160 973 3214 sed
998 3166 1175 3212 nostra
1194 3155 1250 3209 ﬁt
1269 3154 1495 3223 pigritia.
1522 3148 1669 3203 llaud
1688 3146 1816 3201 mihi
1844 3145 1976 3199 mul-

410 3270 518 3310 tum
546 3255 759 3317 laboris,
783 3250 1062 3306 ostendere
1092 3247 1231 3301 factu
1262 3244 1464 3298 facilem
1493 3256 1613 3296 esse
1642 3257 1656 3293 :
1687 3251 1807 3292 nam
1835 3234 1974 3306 quod

407 3346 675 3399 difﬁcilem
704 3344 845 3395 illam
876 3339 1001 3393 facit
1028 3335 1168 3391 aliud
1193 3332 1472 3388 dicendum
1494 3338 1627 3385 erat.
1659 3327 1809 3381 Nunc
1834 3324 1973 3379 enim

407 3440 555 3501 dicit,
587 3436 729 3503 Fuge
761 3431 997 3486 mulieris
1040 3429 1240 3489 visum,
1269 3439 1297 3476 a
1330 3422 1533 3476 luxuria
1579 3418 1808 3473 recede:
1836 3414 1973 3484 quod

408 3540 584 3582 autem
616 3526 845 3587 difficile,
890 3520 1189 3589 oppositum
1236 3516 1412 3569 dicere
1454 3520 1696 3581 poterat,
1750 3507 1975 3575 Exquire

411 3622 659 3675 umliercs
684 3660 697 3679 ,
726 3625 962 3671 scrutare
988 3613 1188 3665 alienas
1220 3609 1435 3669 formas,
1468 3613 1624 3672 atque
1671 3601 1748 3653 sic
1801 3596 1972 3652 libidi.

409 3727 530 3766 nem
560 3710 729 3761 vince.
749 3704 805 3759 ω
830 3717 957 3772 ergo
982 3698 1196 3755 difﬁcile
1218 3696 1389 3749 fuerat
1422 3710 1435 3745 :
1465 3707 1584 3746 nam
1614 3690 1817 3751 dicere,
1842 3686 1975 3739 For-

413 3818 595 3856 narem
627 3799 768 3867 fuge,
801 3795 990 3850 recede
1014 3791 1219 3860 longius
1239 3789 1303 3842 ab
1329 3788 1479 3855 igne,
1510 3784 1732 3837 ﬂamma:
1763 3779 1975 3848 propius

412 3910 515 3946 non
544 3886 827 3942 accesseris
848 3926 861 3951 ,
900 3898 1005 3952 quo
1041 3883 1114 3935 sis
1144 3882 1429 3939 innocuus,
1464 3874 1683 3927 multum
1712 3868 1976 3922 facilitatis

413 3986 604 4037 habet:
634 3979 827 4033 ctenim
854 3976 1000 4044 juxta
1032 3982 1271 4026 naturam
1300 3968 1603 4023 mandatum
1626 3973 1723 4017 est.
1756 3961 1976 4014 Audistis

411 4076 529 4146 quia
572 4073 757 4125 dictant
801 4077 873 4121 est
920 4064 1171 4131 antiquis,
1214 4060 1333 4114 Non
1372 4056 1687 4111 marchaberis
1729 4054 1748 4120 (
1771 4052 1905 4105 Ibid.

414 4166 574 4232 Cujus
603 4161 759 4230 igitur
787 4157 862 4210 rei
891 4155 1053 4224 gratia
1085 4152 1350 4219 antiquam
1396 4150 1562 4216 legem
1591 4144 1741 4199 nobis
1769 4141 1833 4195 ad
1861 4156 1974 4193 me-

415 4254 635 4307 moriam
681 4247 902 4315 redegit,
934 4242 1153 4297 alteram
1180 4236 1615 4294 introducturus?
1643 4234 1755 4300 Quo
1780 4230 1976 4284 scilicet

414 4361 477 4398 cx
504 4339 893 4409 comparatione
913 4332 1085 4387 discas
1107 4347 1208 4384 non
1228 4346 1344 4384 esse
1368 4329 1523 4396 hujus
1547 4337 1701 4394 atque
1724 4322 1860 4375 illius
1883 4334 1979 4388 pu-

412 4449 568 4503 gnam
600 4448 612 4483 :
646 4446 763 4483 cum
788 4427 926 4481 enim
952 4424 1163 4494 ponitur
1190 4421 1515 4489 comparatio
1538 4462 1551 4485 ,
1577 4428 1699 4471 tunc
1727 4415 1782 4467 ﬁt
1810 4411 1977 4465 mani-

416 4502 599 4580 festius
638 4520 911 4590 judicium.
966 4513 1226 4583 Quoniam
1279 4511 1536 4580 objecturi
1566 4516 1717 4563 erant
1767 4502 1976 4572 quidam

416 4616 558 4687 quod
588 4623 643 4667 ut
664 4611 981 4667 contrariam
1003 4608 1169 4676 legem
1200 4603 1384 4665 ferret,
1410 4603 1523 4656 lucc
1549 4601 1750 4655 diceret
1775 4614 1785 4647 :
1821 4596 1975 4656 Ecce,

418 4683 611 4775 inquit,
641 4714 887 4769 utrasque
914 4695 1211 4752 alternatim
1242 4694 1386 4762 leges
1413 4706 1572 4761 pono,
1604 4699 1742 4743 tenta
1761 4683 1977 4739 etdisce

414 4794 811 4851 consonantiam
837 4805 851 4843 :
880 4804 984 4841 non
1024 4786 1091 4839 ob
1126 4784 1176 4837 id
1204 4784 1397 4847 solum,
1421 4781 1515 4836 sed
1538 4781 1692 4835 etiam
1716 4785 1770 4829 ut
1798 4781 1979 4827 osten-

415 4888 503 4938 dat
532 4883 731 4936 facilem
762 4884 1162 4945 opportuneque
1182 4875 1535 4927 introductam
1560 4889 1571 4920 :
1598 4876 1873 4938 propterea
1896 4862 1980 4916 in-

415 4977 526 5043 quit
553 4990 565 5024 :
595 4968 817 5024 Audistis
841 4966 956 5036 quia
977 4966 1162 5016 dictum
1191 4976 1261 5017 est
1292 4964 1525 5033 antiquis,
1556 4958 1674 5012 Non
1701 4952 1981 5007 nunc/tabe-

416 5061 741 5118 ris:tatndiu
787 5061 838 5113 in
874 5061 1085 5128 antiqua
1139 5060 1251 5128 lege
1302 5072 1395 5110 vos
1441 5048 1769 5107 ext-reuistis.
1821 5043 1982 5111 Quasi

414 5156 599 5210 doctor
625 5150 888 5219 pigritanti
934 5151 1149 5218 parvulo
1178 5145 1454 5218 pra-teritis
1482 5139 1654 5193 adhuc
1690 5134 1985 5203 disciplinis

418 5246 566 5300 inniti
610 5242 837 5303 volenti,
885 5251 1040 5309 atque
1083 5243 1147 5293 all
1198 5239 1381 5293 altiora
1410 5249 1528 5289 eum
1558 5231 1739 5283 tollere
1765 5227 1984 5295 cupiens

420 5338 591 5389 dicit:
633 5332 815 5401 Cogita
860 5339 1113 5397 quantum
1170 5328 1419 5399 temporis
1466 5325 1563 5376 hac
1610 5321 1662 5373 in
1711 5318 1985 5387 disciplina

418 5426 752 5482 contrivisti:
793 5424 871 5476 sie
916 5432 970 5475 et
1016 5420 1255 5474 Christus
1299 5430 1550 5473 revocans
1587 5414 1639 5467 in
1674 5409 1985 5464 memoriam

419 5534 510 5574 eos
532 5515 800 5589 prolixiori
823 5526 1059 5581 tempore
1085 5513 1319 5566 tenuisse
1337 5512 1505 5580 legem
1532 5506 1795 5575 antiquam
1814 5544 1829 5568 ,
1854 5512 1906 5555 ct
1935 5500 1985 5554 in

420 5626 478 5662 ra
502 5626 559 5665 se
580 5609 898 5669 exercuisse,
924 5616 1145 5670 esseque
1172 5609 1381 5670 tempus
1406 5600 1471 5655 de
1496 5607 1689 5654 cmtcro
1730 5592 1794 5647 ad
1833 5590 1987 5644 altio-

420 5725 531 5762 rem
571 5704 927 5762 “conscendere
949 5742 962 5766 ,
992 5698 1053 5752 ad
1084 5697 1249 5765 ipsam
1278 5710 1395 5764 qua:
1440 5700 1647 5762 patrum
1674 5681 1987 5757 quandoque

3545 434 3655 488 5ὶέ

2082 544 2274 607 fuerat,
2317 540 2697 610 legislationem
2742 542 2967 599 traducit
3011 542 3195 599 dicens
3228 560 3241 597 :
3275 542 3496 597 Audistis
3534 548 3650 613 quia

2079 632 2268 684 dictum
2297 641 2367 685 est
2391 632 2641 703 antiquis,
2683 631 2803 687 Non
2826 634 3164 689 nime/iuberis.
3196 632 3250 689 ld
3289 634 3519 704 antiquis
3564 633 3649 687 (ll-

2081 732 2224 774 ctum
2250 728 2366 785 est,
2408 720 2519 790 Ego
2562 731 2726 774 autem
2773 722 2884 775 dico
2924 724 3076 776 vobis.
3119 724 3173 779 Si
3226 723 3369 778 enim
3418 723 3651 791 antiquis

2080 811 2320 876 dixisset,
2351 812 2542 866 merito
2572 812 2871 880 querereris
2890 852 2903 874 ,
2936 828 3057 866 eum
3092 814 3451 881 imperfectior
3474 814 3651 868 adhuc

2080 915 2221 959 esset
2243 914 2422 959 nostra
2454 913 2662 958 natura.
2706 903 2782 956 Ea
2809 917 2933 957 vero
2958 917 3077 957 cum
3105 914 3278 971 aucta,
3317 920 3438 960 cum
3480 904 3652 973 perfe-

2080 996 2214 1049 ctior
2236 996 2368 1049 facta
2397 1005 2479 1050 est
2497 1036 2512 1060 ,
2541 994 2817 1063 disciplina
2844 994 3002 1048 etiam
3033 995 3329 1063 perfectiori
3355 996 3420 1049 de
3452 1005 3649 1051 castero

2079 1099 2214 1153 opus
2233 1094 2365 1138 erat.
2398 1085 2678 1153 Pr0pterea
2701 1086 2957 1155 incipiens
2987 1100 3017 1139 a
3044 1086 3406 1155 legislatione,
3437 1102 3502 1142 ne
3530 1088 3651 1156 quis

2081 1176 2293 1228 intuens
2323 1174 2665 1243 philosophia:
2685 1176 3059 1229 sublimitatem
3077 1176 3372 1245 pigritetur,
3392 1184 3484 1229 aut
3504 1192 3648 1230 mora

2083 1273 2345 1327 teneatur,
2378 1263 2545 1333 inquit
2578 1281 2591 1316 :
2627 1262 2744 1315 Nisi
2770 1264 3093 1317 abundaverit
3113 1268 3312 1335 justitia
3346 1276 3509 1321 vestra
3536 1284 3649 1336 ptas

2081 1369 2235 1424 quam
2260 1352 2536 1406 scribarum
2562 1362 2608 1407 et
2629 1352 3028 1417 Pltaristearum,
3059 1370 3158 1406 non
3194 1356 3441 1409 intrabitis
3477 1357 3528 1409 in
3566 1373 3648 1408 re-

2081 1460 2234 1513 gnum
2276 1446 2509 1498 cazlorum
2548 1445 2755 1514 (Matth.
2788 1447 2841 1502 5.
2870 1444 2983 1517 20).
3028 1446 3154 1500 Plus
3172 1462 3202 1499 a
3228 1461 3312 1501 me
3337 1448 3531 1501 laboris
3554 1462 3616 1502 ex
3636 1479 3649 1488 -

2084 1534 2404 1603 igis?quare
2437 1534 2460 1587 ?
2492 1552 2616 1590 num
2655 1552 2759 1590 una
2806 1553 2926 1592 cum
2967 1538 3074 1591 illis
3102 1544 3209 1591 non
3257 1552 3374 1591 sum
3423 1541 3649 1594 natura?

2084 1625 2336 1695 numquid
2364 1642 2469 1680 non
2512 1626 2670 1681 homo
2709 1628 2898 1683 similis
2939 1630 3043 1683 illis
3078 1630 3101 1682 Τ
3140 1630 3207 1685 Ut
3233 1646 3337 1684 non
3367 1632 3479 1684 haec
3507 1630 3649 1685 dice.-

2084 1724 2203 1770 rent
2229 1717 2328 1786 (a),
2365 1717 2540 1782 Quare
2570 1717 2723 1772 nobis
2752 1718 2961 1772 labores
2988 1719 3187 1773 addidit
3211 1720 3235 1772 ?
3258 1736 3420 1789 quare
3448 1722 3652 1789 majora

2081 1810 2366 1864 certamina
2402 1809 2610 1877 posuit?
2624 1810 2855 1863 occurrit
2870 1810 3148 1879 objectioni
3167 1825 3383 1879 regnum
3402 1812 3649 1866 caelorum

2084 1897 2356 1965 proferens
2375 1914 2389 1951 :
2406 1898 2619 1966 Majora,
2641 1899 2828 1967 inquit,
2848 1899 3058 1967 prmmia
3077 1898 3257 1953 defero
3277 1917 3288 1951 :
3310 1898 3490 1953 dicens
3504 1899 3650 1953 labo-

2083 2000 2189 2051 res,
2203 1985 2385 2039 dicens
2395 1996 2700 2052 certamina,
2718 1986 2899 2041 dicens
2914 1988 3272 2041 estensionem
3288 1988 3436 2057 legis,
3454 1997 3502 2043 et
3519 2004 3626 2057 pra:
3640 2020 3653 2028 —

2085 2075 2309 2127 miorutn
2341 2074 2599 2127 meminit.
2626 2074 2961 2143 Nequaquam
2988 2078 3126 2130 enim
3145 2118 3157 2139 ,
3190 2078 3390 2145 inquit,
3420 2079 3652 2133 Palaesti-

2085 2181 2204 2218 nam
2230 2166 2330 2231 do,
2366 2181 2537 2235 neque
2568 2174 2761 2220 terram
2800 2164 3047 2220 ﬂuentem
3092 2167 3225 2222 lacte
3260 2176 3315 2222 et
3348 2169 3531 2235 melle,
3560 2170 3653 2223 sed

2084 2257 2254 2324 ipsum
2280 2257 2430 2310 vobis
2449 2256 2637 2310 cmlum
2674 2256 2877 2311 defero.
2904 2256 3086 2326 Neque
3113 2258 3162 2311 in
3195 2257 3486 2313 ofﬁciorum
3516 2276 3656 2315 mer-

2081 2348 2265 2403 cedem
2294 2348 2439 2417 plura
2471 2349 2640 2402 solum
2672 2348 2975 2417 recipimus,
3004 2348 3096 2402 sed
3125 2350 3283 2403 etiam
3310 2352 3363 2405 in
3395 2346 3503 2420 ipsa
3528 2368 3653 2422 pee-

2080 2451 2319 2495 catorum
2366 2440 2785 2509 transgressione
2830 2442 3143 2509 supplicium
3176 2443 3344 2510 majus
3374 2445 3648 2499 trahimus.

2081 2529 2539 2597 Quemadmodum
2565 2531 2705 2582 enim
2728 2530 2818 2596 qui
2846 2529 3011 2597 legem
3037 2540 3440 2598 praecesserunt,
3480 2533 3655 2587 mitio-

2087 2634 2199 2672 rem
2231 2633 2441 2686 ptnnam
2489 2618 2554 2672 iis
2589 2618 2876 2683 dederunt,
2918 2619 3005 2687 qui
3052 2631 3395 2687 peccaverunt
3428 2622 3477 2674 in
3511 2623 3653 2691 lege,

2086 2706 2397 2773 Quicumque
2432 2708 2564 2760 enim
2603 2708 2709 2759 sine
2747 2708 2855 2777 lege
2888 2716 3225 2776 peccaverunt,
3255 2710 3364 2763 sine
3393 2709 3500 2778 lege
3537 2728 3655 2779 per-

2081 2796 2221 2849 ibunt
2251 2795 2425 2863 (Rom.
2448 2797 2501 2861 2,
2536 2796 2650 2867 η),
2685 2797 2736 2851 id
2765 2806 2847 2851 est
2869 2799 3039 2867 legem
3066 2807 3427 2853 accusatorem
3457 2814 3656 2870 nequa-

2082 2903 2239 2958 quam
2268 2888 2572 2952 habebunt;
2614 2887 2706 2942 sed
2736 2899 2919 2941 contra
2946 2888 3062 2941 illos
3088 2888 3153 2943 ab
3181 2889 3290 2957 ipsa
3320 2898 3505 2943 natura
3533 2904 3655 2945 sen-

2085 2977 2303 3032 tentiam
2320 3017 2335 3042 ,
2365 2977 2565 3046 inquit,
2590 2974 2752 3030 feram
2784 2976 2920 3029 inter
2941 2977 3285 3046 cogitationes
3310 2988 3619 3034 accusantes
3638 3020 3653 3044 ,

2083 3068 2167 3123 vel
2196 3066 2537 3123 defendentes
2586 3065 2741 3138 (Ibid.
2778 3080 2827 3119 υ.
2856 3065 2960 3136 15)
2992 3084 3003 3119 :
3036 3068 3112 3121 sic
3140 3076 3194 3121 et
3220 3067 3303 3130 iis,
3331 3070 3421 3138 qui
3452 3070 3503 3122 in
3544 3070 3657 3140 lege

2084 3165 2456 3228 peccaverunt,
2474 3156 2838 3226 delinquentes
2864 3156 2963 3211 sub
2984 3157 3147 3226 gratia
3168 3158 3499 3227 gravioribus
3527 3160 3655 3215 sub-

2081 3260 2237 3305 erunt
2268 3250 2563 3303 tormentis.
2614 3249 2683 3302 Et
2708 3250 2930 3303 istorum
2961 3248 3312 3304 differentiam
3341 3251 3453 3320 ipse
3478 3261 3656 3307 osten-

2080 3339 2158 3394 dit
2184 3338 2395 3403 Paulus,
2422 3337 2605 3392 diceus
2635 3356 2647 3392 :
2681 3336 2887 3390 lrritam
2912 3339 3022 3409 quis
3047 3338 3237 3409 faciens
3262 3339 3417 3409 legent
3449 3339 3618 3411 Moysi
3638 3383 3653 3407 ,

2079 3432 2188 3486 sine
2211 3431 2317 3484 ulla
2340 3430 2656 3483 miseratione
2678 3430 2873 3483 duobus
2896 3431 2972 3484 vel
2995 3429 3150 3484 tribus
3179 3432 3379 3486 testibus
3401 3434 3613 3487 moritur
3634 3450 3655 3489 :

2079 3530 2269 3590 quanta
2290 3521 2448 3590 magis
2476 3520 2662 3589 putatis
2692 3519 2938 3573 deteriora
2964 3521 3137 3574 mereri
3158 3522 3425 3589 supplicia,
3448 3524 3532 3591 qui
3560 3522 3657 3576 Fi-

2080 3614 2207 3667 lium
2236 3611 2332 3664 Dei
2355 3611 2717 3664 conculcaverit
2735 3652 2748 3675 ,
2773 3621 2819 3663 et
2843 3611 3135 3679 sanguinem
3173 3614 3449 3664 testamenti
3492 3612 3659 3681 pollu-

2083 3714 2189 3757 tum
2216 3704 2445 3767 duxerit,
2472 3703 2525 3755 in
2560 3718 2657 3771 quo
2683 3703 3021 3769 sanctiﬁcatus
3052 3710 3141 3767 est,
3170 3712 3216 3755 et
3242 3704 3460 3772 Spiritui
3482 3707 3659 3775 gratia:

2083 3793 2435 3847 contumeliam
2478 3792 2647 3860 fecerit
2700 3790 2879 3860 (Hebr.
2929 3791 3014 3846 10.
3045 3791 3132 3845 '28.
3164 3792 3279 3861 ‘29).
3326 3794 3511 3847 Cernis
3559 3796 3657 3848 sub

2085 3884 2253 3953 gratia
2285 3884 2541 3953 majorem
2574 3898 2781 3952 prauam
2805 3924 2819 3947 ,
2846 3883 3005 3936 veluti
3053 3892 3105 3936 et
3150 3884 3364 3951 prmmia
3410 3884 3605 3951 majora
3634 3886 3658 3938 'f

2084 3974 2187 4029 Sed
2210 3974 2462 4044 quoniam
2488 3982 2670 4028 sancta
2697 3972 2947 4043 mysteria
2977 3971 3041 4024 ad
3068 3972 3378 4025 memoriam
3410 3974 3559 4027 vobis
3581 3988 3660 4027 rc-

2086 4066 2180 4119 tuli
2203 4065 2479 4134 tremenda
2501 4078 2563 4118 ac
2600 4062 2912 4131 spiritualia,
2946 4077 3096 4128 rogo,
3125 4061 3369 4125 obsecro,
3401 4062 3659 4130 deprecor

2084 4164 2245 4223 atque
2286 4154 2427 4207 omni
2461 4168 2578 4206 eum
2622 4151 2868 4205 instantia
2912 4159 3123 4217 expeto,
3148 4164 3306 4203 omne
3332 4149 3657 4217 deponentes

2086 4254 2363 4313 peccatum
2383 4286 2398 4310 ,
2425 4244 2502 4298 sic
2530 4242 2594 4297 ad
2618 4240 2944 4295 tremendam
2967 4242 3099 4292 hanc
3121 4253 3357 4291 mensam
3379 4238 3652 4292 accedere.

2087 4334 2303 4398 Pacem,
2335 4334 2538 4403 inquit,
2568 4331 2825 4401 sequimini
2847 4346 2959 4382 cum
2980 4329 3208 4382 omnibus
3227 4338 3271 4380 et
3300 4328 3658 4394 sanctiﬁcatio-

2086 4443 2199 4480 uem
2222 4468 2237 4492 ,
2263 4428 2370 4479 sine
2398 4441 2495 4494 qua
2522 4440 2663 4476 nemo
2688 4423 2866 4475 videbit
2898 4421 3056 4473 Deum
3088 4418 3267 4491 (Hebr.
3300 4420 3386 4474 i2.
3412 4420 3525 4491 N).
3557 4419 3658 4488 Qui

2086 4529 2262 4574 autem
2307 4520 2583 4573 Dominum
2613 4514 2794 4569 videre
2820 4515 3009 4583 dignus
3039 4527 3145 4566 non
3174 4521 3284 4576 est,
3318 4526 3489 4581 neque
3513 4527 3660 4566 com-

2089 4611 2339 4663 munione
2377 4608 2565 4676 dignus
2613 4616 2696 4660 est
2748 4604 3002 4657 Dotniuiei
3058 4603 3313 4669 corporis.
3372 4602 3659 4670 PrOpterea

2091 4702 2282 4755 Paulus
2304 4701 2471 4769 inquit
2492 4717 2503 4751 :
2528 4698 2730 4751 f’rabet‘
2749 4707 2915 4748 autem
2936 4711 2986 4747 se
3005 4694 3171 4757 Imma,
3190 4702 3237 4746 et
3258 4694 3327 4746 sic
3343 4694 3404 4746 de
3419 4710 3549 4764 pane
3566 4694 3657 4749 illa
3706 4734 3709 4737 .

2090 4792 2336 4855 comedat,
2367 4801 2410 4843 et
2433 4790 2494 4841 de
2519 4789 2673 4842 calice
2703 4786 2832 4840 bibat
2861 4787 2935 4854 (ι.
2968 4785 3083 4838 Cor.
3113 4785 3199 4837 Η.
3222 4784 3338 4855 98).
3362 4783 3477 4838 Non
3504 4800 3656 4839 rere-

2092 4885 2219 4939 lavit
2248 4884 2412 4946 ulcus,
2447 4897 2549 4933 non
2578 4881 2630 4933 in
2660 4891 2941 4933 commune
2971 4874 3236 4929 theatrum
3267 4877 3655 4931 accusationem

2093 4977 2358 5046 produxit,
2391 4988 2492 5025 non
2519 4970 2832 5024 delictorum
2862 4976 3025 5021 testes
3052 4966 3232 5020 statuit
3256 4983 3271 5021 :
3300 4966 3436 5019 intus
3463 4966 3512 5018 in
3540 4980 3663 5018 con-

2093 5069 2310 5123 scientia
2328 5066 2576 5119 adstante
2599 5061 2829 5125 nemine,
2853 5069 3047 5129 printer
3065 5072 3183 5112 eum
3201 5056 3288 5125 qui
3308 5066 3493 5109 cuncta
3519 5054 3660 5109 videt

2095 5161 2290 5221 Deum,
2334 5154 2587 5224 judicium
2636 5162 2689 5208 et
2735 5166 2955 5206 examen
2996 5156 3329 5216 peccatorum
3366 5154 3573 5209 statue,
3608 5156 3661 5198 et

2093 5252 2251 5304 vitam
2282 5262 2494 5301 omnem
2537 5243 2832 5313 recogitans
2862 5240 2912 5293 in
2942 5238 3135 5293 mentis
3153 5236 3404 5307 judicium
3447 5247 3661 5307 peccata

2095 5342 2359 5403 deducito,
2408 5337 2635 5393 reforma
2682 5333 2821 5403 quod
2867 5330 3155 5398 deliquisti,
3209 5338 3365 5399 atque
3416 5328 3493 5383 sie
3532 5343 3659 5398 pura

2095 5432 2417 5490 conscientia
2465 5444 2668 5485 sacram
2726 5424 2924 5494 attinge
2977 5438 3253 5488 mensam,
3307 5429 3361 5475 et
3402 5420 3661 5491 particeps

2159 5570 2175 5601 ι
2212 5572 2423 5627 Uterque
2445 5562 2602 5627 Codex
2624 5572 2641 5627 _:
2675 5555 2931 5627 nijudicet,
2954 5568 3055 5618 pro,
3080 5555 3261 5627 probet.

2097 5700 2109 5727 ’
2160 5628 2233 5692 (a)
2255 5614 2584 5688 ittic'quaulatu
2606 5614 2829 5678 deerant,
2856 5614 2969 5681 quui
3000 5629 3063 5665 ex
3080 5614 3296 5679 utroque
3331 5622 3407 5663 ats.
3435 5614 3663 5677 supplen-

2098 5704 2192 5740 -ur.
