4432 6708
809 440 913 494 523

803 555 970 610 sancu
989 555 1230 611 sacriﬁcii
1259 556 1371 611 ﬁas.
1394 556 1516 612 Haec
1533 567 1710 612 mente
1734 560 2046 623 retinentes,
2068 556 2372 611 etomninm

803 659 920 715 qua:
964 646 1031 701 de
1078 646 1281 701 luxuria
1326 648 1555 703 diximus
1599 648 1893 715 recordati,
1942 657 2243 718 quantaque
2292 644 2376 700 his

802 752 957 807 ptcna
1005 738 1171 806 posita
1204 739 1312 804 sit,
1354 739 1441 809 qui
1474 741 1866 795 incontinenter
1894 748 1947 795 et
1988 741 2160 794 minus
2190 739 2375 808 pudice

802 827 1089 895 respiciunt
1128 828 1182 882 in
1214 830 1451 884 mulieris
1478 828 1663 886 faciem
1682 873 1696 897 ,
1724 842 1776 885 et
1804 846 1910 899 pra:
1938 831 2176 899 gehenna
2200 830 2289 884 Dei
2313 831 2375 884 ti-

802 931 1005 971 morem
1032 926 1084 973 et
1103 919 1378 974 caritatem
1423 921 1679 976 habentes
1730 930 1850 974 ante
1879 920 2087 982 oculos,
2135 929 2370 973 nosmet-

800 1007 943 1075 ipsos
972 1009 1204 1080 undique
1234 1021 1539 1083 purgantes,
1568 1013 1645 1067 sic
1676 1012 1841 1067 sacris
1864 1012 2130 1080 mysteriis
2156 1014 2374 1082 proniu-

799 1113 1039 1167 quemus,
1059 1116 1127 1156 ne
1153 1102 1204 1156 in
1230 1102 1483 1170 judicium
1511 1102 2014 1172 damnationemque
2042 1103 2193 1158 nobis
2221 1105 2368 1167 ﬁant,

2368 1241 2701 1253 ᾑῆ

1536 441 1593 495 S.
1633 440 1910 497 JOANNIS
1947 440 2413 497 CHRYSOSTOMI
2454 441 2770 499 ARCIIIEP.
2811 447 3347 507 CONSTANTINOP.

2481 553 2577 608 sed
2606 554 2657 608 in
2684 559 2931 629 salutem,
2956 573 3008 618 et
3024 566 3213 620 anima:
3233 567 3532 637 sanitatem,
3557 571 3910 648 ﬁduciamque
3934 596 4059 638 con-

2484 643 2679 698 tinuam
2725 648 2909 706 salutis
2963 654 3119 725 hujus
3157 659 3509 727 suscipiamus

2483 734 2709 790 Domino
2736 749 2919 797 nostro
2948 785 2963 809 ,
2995 748 3077 801 cui
3134 747 3302 819 gloria
3350 758 3404 805 et
3458 752 3736 821 imperium
3766 756 3818 810 in
3863 765 4057 818 smculz

2481 826 2816 883 saeculorum.
2846 831 3016 889 Amen
3047 836 3086 891 ί.

3959 466 4061 519 32!

3557 676 3571 713 :
3612 662 3663 715 in
3692 663 3906 724 Christo
3930 671 4061 728 Iesu

2545 1060 2560 1144 ξ
3061 1072 3394 1146 et_irrtpertum,
3410 1077 3687 1146 magnitudo
3701 1085 3745 1146 et
3761 1082 4064 1146 mgniﬁcm-

2480 1117 2547 1167 tia
2572 1132 2679 1169 cum
2687 1123 2832 1177 Patre
2853 1117 4062 1197 et‘szzit'c'ié'sﬂr’éifiii

2724 1250 2928 1262 -—____

1807 1344 2165 1415 SERMO
2211 1347 2348 1415 DE
2415 1350 3085 1439 PCENITENTIA

801 1510 880 1553 ΕΤ
924 1510 1430 1569 ΒΟΜΡῸΝΟΤΙΟΝΕ,
1479 1515 1558 1556 ET
1600 1513 1768 1565 QUOD
1798 1513 1957 1556 DEUS
2001 1512 2098 1557 SIT
2140 1515 2470 1560 PROMPTUS
2502 1524 2551 1563 Δ]

2319 1515 2470 1560 PTUS
2502 1524 2586 1564 ΔΙ)
2628 1528 2943 1594 SALUTEM,
2989 1541 3069 1585 ΕΤ
3112 1544 3358 1591 TARDUS
3402 1551 3487 1593 AD
3515 1552 3759 1600 POENAM
3791 1560 3806 1599 ἕ
3837 1558 3902 1601 ιη
3936 1558 4066 1612 QUO

1824 1612 1906 1653 ΕΤ
1948 1612 2269 1656 MIRABILIS
2312 1613 2393 1654 DE
2438 1616 2652 1668 RAHAB
2696 1631 3012 1681 HISTORIA.

1324 1863 1537 1903 nonius
1580 1864 1649 1902 vn
1669 1846 1765 1920 (a).

878 1960 930 2012 1.
983 1957 1204 2027 Semper
1224 1959 1436 2028 quidem
1462 1959 1671 2015 divinus
1696 1962 1968 2029 apostolus
1993 1964 2166 2017 divina
2207 1964 2367 2017 caele-

802 2047 976 2117 stique
1003 2046 1166 2101 utitur
1201 2047 1376 2116 lingua
1400 2089 1416 2113 ,
1462 2064 1526 2103 ac
1562 2050 1778 2105 scientia
1809 2053 1973 2106 multa
2015 2054 2371 2123 evangelicum

800 2139 931 2192 texit
957 2139 1176 2193 verbum
1210 2156 1224 2192 :
1258 2155 1364 2194 non
1394 2156 1461 2195 ex
1491 2156 1583 2196 sua
1611 2145 1870 2199 sententia
1904 2153 2103 2200 temere
2130 2146 2371 2215 loquens,

800 2227 894 2282 sed
922 2229 1087 2298 regali
1122 2231 1438 2285 auctoritate
1465 2230 1711 2301 dogmata
1742 2232 2035 2302 proferens.
2095 2234 2204 2290 Hac
2251 2249 2374 2291 vero

798 2317 1130 2387 potissimum
1153 2318 1316 2372 utitur
1341 2320 1585 2384 scientia,
1608 2321 1818 2389 quando
1845 2324 2182 2391 peccantibus
2208 2325 2376 2394 paeni-

798 2412 973 2465 tentite
1001 2410 1217 2464 verbum
1247 2411 1439 2481 ingerit
1466 2429 1480 2465 :
1509 2428 1612 2481 qua
1639 2412 1707 2468 de
1739 2430 1796 2469 re
1822 2429 1915 2468 vos
1939 2415 2045 2485 jam
2068 2416 2374 2472 admonitu-

798 2514 888 2553 rus
912 2514 1049 2553 sum.
1082 2500 1319 2555 Audistis
1347 2502 1557 2570 itaque,
1588 2512 1646 2557 ut
1684 2503 1947 2573 sigillatim
1993 2521 2053 2560 ea
2090 2522 2209 2576 quas
2234 2507 2372 2562 dicta

797 2596 921 2643 sunt
950 2599 1159 2658 tangam
1183 2630 1198 2656 ,
1234 2591 1499 2659 quomodo
1528 2591 1833 2649 Corinthios
1868 2595 2139 2665 alloquens
2168 2596 2377 2654 dicebat

799 2687 1047 2733 strenuus
1076 2678 1166 2734 ille
1191 2680 1271 2734 vir
1291 2689 1449 2749 atque
1475 2682 1818 2738 admirandus
1842 2700 1855 2735 :
1889 2684 1970 2740 Ne
1998 2693 2131 2756 forte
2154 2690 2374 2758 veniens,

798 2767 983 2821 multos
1016 2768 1230 2838 deﬂeant
1258 2785 1429 2824 eorum
1452 2773 1537 2840 qui
1566 2774 1706 2842 prius
1734 2786 2080 2843 peccaverunt,
2122 2789 2169 2832 et
2214 2782 2375 2848 poeni-

794 2856 1001 2911 tentiam
1023 2874 1124 2911 non
1149 2870 1354 2929 egerunt
1377 2860 1451 2931 (2.
1470 2859 1588 2916 Cor.
1614 2863 1697 2916 12.
1715 2863 1828 2936 21).
1853 2863 2025 2921 Homo
2041 2866 2253 2937 quidem
2278 2883 2374 2922 na-

796 2954 911 2998 tura
952 2961 1173 3017 magnus
1212 2947 1299 3002 hic
1322 2948 1511 3004 doctor
1538 2961 1653 3006 erat
1676 2992 1691 3017 ,
1721 2954 1815 3008 sed
1843 2957 2114 3025 proposito
2156 2958 2244 3013 Dei
2271 2960 2375 3014 mi-

795 3032 961 3087 nister
989 3052 1003 3089 :
1033 3034 1152 3089 ideo
1180 3036 1326 3091 velut
1369 3039 1569 3094 caelesti
1597 3042 1823 3109 quadam
1872 3046 2039 3098 utitur
2082 3045 2256 3117 lingua
2280 3088 2296 3113 ,
2322 3058 2376 3103 et

792 3124 947 3192 quasi
970 3140 1036 3178 ex
1059 3126 1185 3195 ipsis
1212 3128 1357 3182 caelis
1383 3128 1708 3199 loqueretur,
1740 3133 1819 3187 sic
1845 3133 2215 3191 interminatur
2242 3153 2371 3208 pec—

797 3216 1087 3282 catoribus,
1133 3226 1185 3271 et
1218 3219 1596 3287 paenitentibus
1636 3224 2060 3293 propitiationem
2087 3228 2366 3295 promittit.

790 3304 921 3359 Cum
964 3315 1140 3360 autem
1184 3308 1301 3361 tunc
1327 3307 1481 3377 dico,
1519 3326 1853 3382 nequaquam
1882 3314 2028 3369 Pauli
2055 3316 2247 3387 linguae
2276 3334 2370 3375 au-

790 3396 1090 3451 ctoritatem
1112 3398 1379 3466 adscribo,
1394 3400 1485 3456 sed
1514 3401 1582 3457 ad
1601 3403 1692 3457 Dei
1718 3405 1942 3473 gratiam
1961 3416 2128 3462 totum
2154 3409 2328 3464 refero
2355 3428 2368 3465 :

796 3486 863 3541 de
886 3503 994 3556 quo
1023 3488 1136 3557 ipse
1165 3489 1375 3545 dicebat
1405 3509 1417 3544 :
1459 3493 1538 3545 An
1565 3494 1962 3563 experimentum
1989 3498 2096 3565 ejus
2123 3501 2367 3567 quwritis,

792 3579 880 3649 qui
915 3579 969 3632 in
1018 3596 1097 3632 me
1135 3580 1355 3649 loquitur
1378 3622 1393 3647 ,
1426 3580 1615 3636 Christi
1642 3585 1661 3653 (
1694 3584 1749 3637 2.
1778 3584 1896 3639 Cor.
1938 3587 2023 3641 15.
2057 3588 2091 3643 5
2114 3588 2181 3657 )?
2210 3589 2372 3658 igitur

792 3670 1130 3738 peccantibus
1146 3670 1387 3726 beneﬁcii
1417 3673 1730 3729 medicinam
1753 3677 2017 3747 supponit,
2033 3688 2085 3733 et
2107 3682 2369 3748 poeniten-

788 3760 915 3812 tiam
966 3758 1032 3813 ad
1072 3760 1317 3815 salutem.
1349 3761 1634 3818 Concurrit
1662 3775 1840 3821 autem
1890 3768 2046 3823 hodie
2079 3785 2198 3825 cum
2237 3788 2368 3842 apo-

787 3850 971 3903 stolica
994 3849 1220 3904 lectione
1238 3852 1539 3920 evangelica
1557 3855 1716 3909 etiam
1737 3856 2029 3912 Salvatoris
2057 3865 2362 3927 auctoritas,

786 3952 903 4007 qua:
930 3949 1261 4006 peccatorum
1302 3943 1667 3998 remissionem
1699 3947 1915 4016 capiose
1952 3948 2186 4019 largitur.
2238 3953 2366 4007 Nam

787 4042 907 4081 cum
937 4030 1281 4101 paralyticum
1313 4043 1547 4099 sanaret,
1576 4035 1790 4091 dicebat
1826 4038 2089 4109 Salvator,
2120 4052 2178 4097 ut
2208 4046 2368 4101 modo

786 4118 1034 4173 audistis:
1062 4119 1189 4183 Fili,
1222 4123 1542 4177 remittuntur
1567 4127 1658 4179 tibi
1676 4138 1881 4196 peccata
1898 4138 1984 4183 tua
2005 4133 2192 4203 multa(
2203 4134 2364 4189 Marc.

783 4209 839 4261 2.
864 4210 955 4278 5):
987 4210 1229 4266 remissio
1277 4224 1453 4267 autem
1487 4228 1821 4284 peccatorum
1860 4230 1941 4275 est
1984 4222 2100 4277 fons
2137 4226 2321 4280 salutis
2346 4268 2364 4295 ,

784 4307 839 4351 ct
866 4300 1141 4367 praemium
1191 4303 1537 4369 pmnitentite.
1569 4305 1885 4363 Remedium
1915 4312 2107 4382 quippe
2145 4324 2226 4369 est
2250 4331 2365 4384 pa:-

787 4388 1031 4455 nitentia,
1060 4391 1201 4459 quod
1234 4402 1510 4461 peccatum
1553 4396 1692 4451 tollit
1721 4416 1734 4451 :
1770 4398 1966 4455 donum
2009 4405 2240 4471 caeleste,
2264 4408 2367 4461 vir-

786 4490 870 4531 tns
889 4478 1233 4548 admirabilis,
1256 4483 1422 4549 gratia
1448 4484 1621 4555 legum
1648 4500 1859 4543 cursum
1881 4495 2363 4563 superans.Qnam-

784 4569 969 4624 obrem
1005 4586 1108 4625 non
1132 4572 1507 4631 fornicatorem
1543 4579 1736 4647 renuit,
1755 4596 1861 4635 non
1884 4585 2149 4641 mtechum
2175 4589 2360 4660 abigit,

786 4678 890 4717 non
919 4663 1185 4719 ebriosum
1228 4678 1505 4723 aversatur
1525 4710 1540 4737 ,
1566 4685 1671 4725 non
1692 4671 2022 4730 idololatram
2049 4678 2362 4750 detestatur,

783 4773 888 4811 non
911 4758 1222 4813 maledicum
1241 4762 1467 4830 repellit,
1491 4778 1595 4818 non
1619 4764 1987 4835 blasphemum
2013 4775 2361 4843 persequitur,

785 4861 890 4899 tmu
921 4860 1255 4916 arrogantem
1282 4866 1297 4914 ;
1327 4851 1421 4906 sed
1457 4867 1647 4909 omnes
1690 4855 1958 4924 immutat,
1992 4864 2190 4928 peccati
2220 4865 2363 4919 enim

782 4935 1147 4991 conﬁatorium
1174 4949 1258 4995 est
1278 4945 1588 5009 paenitentia
1616 4948 1656 4999 ⁸.
1701 4947 1891 5018 Operae
1926 4953 2157 5021 pretium
2184 4966 2362 5011 autem

780 5036 861 5081 est
890 5029 1117 5095 primum
1152 5029 1245 5084 Dei
1271 5045 1488 5101 scopum
1511 5050 1865 5106 cognoscere,
1899 5057 2005 5097 non
2055 5059 2120 5098 ex
2162 5048 2361 5116 cogita-

780 5119 1011 5174 tionibus
1040 5122 1236 5175 nostris
1260 5123 1417 5177 talem
1434 5127 1847 5194 speculationem
1869 5131 2149 5200 adeuntes,
2171 5138 2265 5192 sed
2295 5154 2361 5193 ex

782 5207 910 5275 ipsis
931 5208 1124 5266 divinis
1148 5211 1443 5284 Scripturis
1471 5223 1779 5273 attestatam
1812 5224 2089 5280 veritatem
2131 5228 2358 5285 demon-

779 5308 1030 5356 strantes.

864 5387 1032 5444 Virtus
1054 5403 1317 5459 parentum
1355 5400 1569 5467 posteris
1607 5403 1826 5471 prodest.
1856 5436 1927 5446 —
1974 5407 2174 5478 Scopas
2216 5411 2352 5470 Deo.

777 5479 903 5533 dum
958 5482 1327 5552 longanimiter
1359 5491 1501 5558 agit,
1534 5492 1727 5561 duplex
1777 5506 1879 5560 est,
1909 5498 1974 5551 ad
2028 5501 2359 5571 salutemque

802 5654 856 5739 _.'
892 5656 1278 5739 ὶξηιιεὲεὲηὲςιζ
1296 5669 1456 5739 astute:
1479 5662 1914 5739 recipit‘omucsque
1938 5669 2189 5733 immutat;
2210 5674 2267 5723 rit
2282 5682 2332 5725 tu

776 5692 1731 5784 tssletttigrgémiioi‘tia"éiiwtiiié'itl’l

840 5776 913 5835 (α)
936 5774 1108 5826 conm
1133 5793 1242 5829 cum
1261 5789 1365 5831 Mss.
1389 5774 1546 5848 Regiis
1582 5774 1794 5849 1823,23
1806 5792 1875 5853 ιθ,
1892 5792 2031 5850 stet.
2053 5796 2196 5848 2809.

2400 1736 2780 1790 μ

2482 1861 2740 1928 propitius
2774 1885 2786 1920 :
2828 1870 2957 1939 ipsis
2986 1875 3235 1933 nimirum
3269 1880 3646 1948 panitentibus
3678 1886 3897 1941 salutem
3940 1906 4065 1959 pro-

2482 1959 2651 2017 curat,
2682 1968 2975 2028 eorumqne
3005 1968 3230 2032 posteris
3255 2010 3269 2035 ,
3302 1970 3388 2038 qui
3439 1971 3489 2024 in
3529 1972 3720 2029 virtute
3751 1992 4064 2047 progressus

2482 2036 2665 2095 facturi
2694 2058 2835 2111 sunt,
2870 2050 3181 2109 beneﬁcium
3210 2036 3464 2112 reservat.
3494 2060 3559 2114 Et
3608 2073 3662 2117 ut
3720 2065 3908 2123 iterum
3949 2086 4065 2127 ser-

2480 2143 2691 2185 monem
2722 2147 2978 2208 repetam,
3010 2144 3146 2198 Deus
3179 2146 3545 2216 longanimiter
3579 2154 3719 2222 agit,
3744 2166 3799 2211 ut
3836 2171 3889 2214 et
3931 2177 4061 2231 pec-

2479 2233 2628 2277 cator
2654 2228 2953 2297 resipiscat,
2987 2244 3038 2288 et
3068 2244 3123 2289 ut
3155 2240 3376 2304 posteris
3425 2242 3534 2296 suis
3568 2246 3751 2302 salutis
3775 2251 3912 2305 viam
3932 2228 4063 2309 vnon

2479 2310 2712 2368 claudat.
2739 2317 2888 2373 Licet
2917 2323 3056 2376 enim
3081 2336 3326 2392 peccator
3355 2329 3408 2383 in
3453 2329 3686 2398 lapsibus
3712 2351 4018 2405 perseveret
4042 2387 4061 2409 ,

2481 2403 2649 2469 parcit
2680 2420 2822 2476 saepe
2842 2410 3025 2473 radici,
3046 2422 3103 2466 ut
3123 2413 3323 2472 fructus
3350 2421 3614 2476 custodiat
3640 2441 3655 2490 ;
3689 2403 4061 2497 sinpenumero

2481 2494 2640 2548 etiam
2673 2496 2838 2565 ipsam
2864 2501 3094 2556 radicem
3118 2505 3378 2576 immutat,
3420 2521 3477 2565 ut
3503 2522 3627 2570 ante
3670 2494 3799 2572 dixi.
3842 2520 3946 2576 Sed
3974 2524 4062 2579 ubi

2483 2583 2569 2636 illa
2608 2584 2660 2639 in
2684 2589 3040 2645 omnimodam
3071 2597 3358 2664 nequitiam
3390 2600 3604 2669 delapsa
3633 2617 3714 2659 est
3734 2648 3748 2671 ,
3782 2608 3921 2665 Deus
3948 2614 4055 2667 uti-

2485 2670 2604 2727 liter
2650 2674 2825 2731 diﬁ‘ert
2850 2680 3194 2748 supplicium,
3229 2688 3597 2755 ptenitentium
3627 2670 3848 2752 saldtem
3876 2715 4062 2771 exspe-

2480 2770 2631 2818 ctans
2665 2782 2677 2818 :
2710 2770 2977 2836 quomodo
3004 2784 3180 2829 autem
3209 2817 3223 2841 ,
3258 2778 3399 2833 audi.
3428 2780 3629 2838 Tharra
3656 2795 3804 2855 pater
3834 2770 4063 2848 Abrahte

2480 2853 2739 2913 idolorum
2768 2860 2940 2917 cultor
2977 2874 3126 2932 erat;
3172 2868 3268 2922 sed
3299 2884 3404 2925 non
3453 2872 3541 2929 hic
3582 2853 3726 2931 dedit
3774 2880 4062 2950 impietatis

2479 2960 2685 3016 poenas,
2714 2959 2767 3005 et
2796 2953 3009 3021 quidem
3032 2956 3172 3024 jure.
3203 2958 3335 3014 Nam
3366 2964 3411 3017 si
3435 2962 3575 3019 Deus
3604 2968 3835 3024 radicem
3868 2975 4059 3040 pracci-

2477 3036 2666 3105 disset,
2696 3040 2960 3097 undenam
2985 3055 3163 3103 tantus
3184 3050 3306 3105 ﬁdei
3332 3052 3531 3109 fructus
3561 3036 3898 3125 pullulasset-l
3920 3063 4059 3131 Quid

2477 3125 2618 3183 Esaii
2651 3132 2917 3200 nequius?
2940 3135 3070 3192 Vide
3096 3139 3222 3194 mihi
3246 3152 3300 3195 et
3338 3144 3478 3198 aliud
3517 3146 3857 3218 benignitatis
3900 3125 4059 3226 argu-

2478 3227 2733 3273 mentum.
2762 3220 2897 3288 Quid
2925 3226 3011 3280 illa
3039 3229 3237 3285 malitia
3267 3232 3664 3301 impudentius?
3688 3256 3863 3299 nonne
3889 3220 4057 3301 feriri-

2475 3314 2626 3360 cator
2653 3316 2708 3362 et
2752 3312 3001 3378 profanus
3042 3315 3198 3385 (Heb.
3236 3320 3321 3375 12.
3360 3323 3425 3377 16
3451 3322 3471 3393 )
3498 3365 3513 3387 .
3546 3337 3603 3380 ιιι
3637 3330 3711 3382 ait
3746 3336 4059 3400 apostolus?

2477 3408 2655 3451 nonne
2703 3400 2962 3466 parricida
2988 3413 3041 3458 et
3078 3409 3573 3470 matricida‘tnonne
3594 3417 3868 3474 fratricida
3883 3441 4047 3494 quan-

2480 3491 2587 3538 tum
2613 3488 2678 3540 ad
2706 3494 3080 3560 propositum?
3110 3514 3287 3556 nonne
3327 3502 3436 3558 Deo
3463 3520 3713 3574 perosus,
3734 3521 3791 3567 ut
3816 3488 4057 3571 testiﬁcao

2477 3582 2562 3627 tur
2601 3575 2869 3646 Scriptura
2900 3583 3104 3649 dicens,
3164 3588 3326 3644 Iacob
3354 3594 3507 3648 dites:
3535 3636 3550 3660 ,
3576 3595 3717 3653 Esau
3746 3613 3910 3656 autem
3935 3606 4058 3662 odio

2479 3662 2830 3739 Itabui(Rom.
2872 3672 2924 3727 9.
2957 3676 3022 3731 15
3046 3678 3111 3743 )?
3164 3679 3219 3734 Si
3270 3696 3396 3752 ergo
3427 3684 3712 3743 iornicator
3736 3692 4053 3765 ,fratricida,

2483 3760 2738 3826 profanus
2767 3774 2821 3818 et
2846 3768 2970 3822 odio
3003 3770 3213 3825 habitus
3237 3814 3252 3839 ,
3284 3790 3381 3828 cur
3405 3791 3508 3830 non
3539 3793 3569 3833 e
3596 3781 3769 3836 medio
3804 3786 4004 3843 tollitur

2480 3865 2576 3904 cur
2608 3870 2711 3907 non
2732 3859 3083 3915 exscinditur?
3095 3877 3189 3917 cur
3216 3879 3319 3917 non
3346 3868 3521 3922 statim
3548 3875 3832 3939 promerito
3852 3881 4062 3949 suppli-

2482 3940 2564 3994 ciu
2581 3942 2846 4000 afﬁcitur?
2872 3948 3088 4016 Quare?
3115 3952 3393 4021 pulchrum
3429 3971 3559 4014 sane
3583 3971 3661 4016 est
3690 3979 3903 4039 causam
3928 3984 4055 4039 pro-

2473 4033 2636 4090 ferre.
2679 4036 2733 4092 Si
2782 4042 2995 4096 excisus
3027 4044 3242 4109 fuisset,
3275 4062 3519 4118 magnum
3565 4056 3793 4112 mundus
3831 4033 4053 4129 justitize

2472 4124 2696 4183 fructum
2724 4132 3031 4195 amisisset;
3070 4142 3123 4189 et
3151 4138 3359 4205 qualern
3390 4143 3531 4199 audi.
3563 4143 3701 4201 Esat‘t
3727 4124 3897 4218 genuit
3937 4149 4052 4205 Ra-

2470 4218 2666 4284 guelem
2692 4260 2706 4283 ,
2749 4220 2949 4290 Raguel
2994 4221 3214 4290 larum,
3242 4227 3378 4281 Zara
3406 4228 3504 4285 Job
3526 4234 3687 4303 (Gen.
3725 4238 3835 4308 56).
3873 4238 4055 4293 \‘iden'

2469 4318 2700 4375 quantus
2738 4310 3005 4377 patientia:
3051 4312 3148 4368 flos
3184 4316 3388 4375 deletus
3438 4332 3614 4392 esset,
3646 4326 3691 4380 si
3722 4329 4052 4397 prteveniens

2472 4397 2615 4452 Dens
2637 4413 2824 4468 poenas
2843 4415 2871 4453 a
2895 4403 3072 4459 radice
3098 4409 3402 4477 exegisset?

2539 4491 2594 4543 2.
2632 4492 2890 4547 Omnibus
2921 4495 3077 4565 igitur
3113 4500 3162 4553 in
3202 4505 3360 4558 rebus
3396 4506 3534 4561 hanc
3566 4506 4047 4566 considerationem

2469 4580 2711 4635 admitte.
2744 4582 2869 4637 ldeo
2893 4584 3261 4656 longanimiter
3287 4596 3394 4665 agit
3419 4612 3540 4650 cum
3569 4596 3832 4667 Egyptiis
3858 4598 4047 4657 intole-

2470 4671 2664 4725 rabiles
2709 4671 3065 4742 blasphemias
3094 4682 3483 4750 proferentibus
3500 4728 3514 4744 .
3538 4686 3607 4739 ob
3627 4686 3877 4741 ecclesias
3897 4706 4047 4744 nem~

2470 4776 2556 4830 pe,
2588 4778 2706 4831 quae
2735 4779 2875 4819 nunc
2908 4765 3097 4825 ﬂorent
3125 4773 3174 4827 in
3198 4774 3450 4846 Egypto,
3483 4774 3553 4827 ob
3615 4778 3933 4832 monasteria
3991 4792 4043 4835 et

2467 4865 2560 4905 eos
2589 4853 2676 4920 qui
2720 4856 3035 4924 angelicam‘
3076 4863 3234 4918 vitam
3268 4873 3391 4919 sunt
3417 4863 3663 4931 amplexi.
3713 4863 3956 4935 Etenim,
3991 4881 4037 4924 ut

2466 4941 2618 4997 aiunt
2654 4944 2790 5012 juris
2819 4950 3007 5016 publici
3038 4956 3231 5023 periti,
3263 4966 3316 5010 et
3348 4963 3405 5007 ut
3449 4954 3758 5023 praecipiunt
3788 4957 4043 5017 Romana:

2467 5033 2631 5102 leges,
2665 5051 2941 5108 prmgnans
2969 5046 3011 5097 si
3053 5048 3103 5099 in
3135 5047 3335 5101 crimen
3367 5044 3564 5098 incidat
3591 5058 3760 5104 morte
3788 5050 4042 5121 dignum,

2467 5141 2571 5180 non
2590 5128 2738 5197 prius
2766 5131 2985 5189 interﬁci
3000 5136 3236 5205 jubetur,
3251 5151 3407 5204 quam
3437 5140 3726 5205 pepererit:
3744 5140 3902 5211 idque
3924 5146 4044 5211 jure

2467 5220 2658 5274 merito
2690 5238 2703 5273 :
2736 5238 2838 5279 non
2872 5228 3013 5282 enim
3038 5229 3239 5296 justum
3272 5239 3595 5284 censuerunt
3621 5231 3791 5302 legum
3822 5234 4037 5299 latores,

2467 5310 2736 5367 innoxium
2777 5330 2896 5371 eum
2929 5320 3087 5373 noxia
3122 5318 3189 5370 de
3235 5316 3410 5371 medio
3435 5318 3567 5374 tolli.
3590 5321 3743 5390 Quod
3774 5324 3816 5378 si
3847 5323 4037 5378 Imma-

2466 5415 2547 5452 nae
2574 5400 2715 5472 leges
2745 5407 2876 5461 nihil
2898 5405 3239 5476 peccantibus
3265 5416 3501 5474 parcunt,
3526 5424 3702 5465 annon
3735 5412 3899 5465 multo
3920 5427 4037 5466 ma-

2462 5490 2541 5559 gis
2571 5492 2707 5549 Deus
2732 5497 2965 5552 radicem
3006 5496 3291 5561 custodiet,
3317 5495 3575 5557 fructibus
3597 5503 3917 5573 pmnitentia:
3947 5502 4036 5559 be-

2464 5581 2707 5640 neficium
2759 5586 3083 5642 reservans?
3139 5586 3333 5656 Accipe
3373 5588 3440 5646 de
3480 5604 3676 5647 caetero
3720 5606 3878 5661 super
3905 5591 4033 5660 ipsis

2464 5676 2804 5741 peccantibus
2848 5674 3174 5745 pmnitentiae
3218 5677 3531 5737 beneﬁcium
3559 5702 3570 5737 :
3600 5696 3720 5736 nam
3746 5690 3798 5736 et
3826 5679 3875 5734 in
3904 5680 4032 5751 ipsis

2525 5809 2537 5838 ⁸
2578 5814 2704 5855 Unus
2727 5814 2862 5868 “0.3.,
2894 5805 3237 5870 Evangelicum.
