4408 6674
142 444 259 502 323

146 564 370 634 ἔχοντες
392 562 451 612 ἐν
478 562 576 632 νῷ,
606 564 701 617 καὶ
739 563 847 617 τῶν
875 564 998 634 περὶ
1032 562 1329 625 ἀκολασίας
1357 564 1487 633 ἡμῖν
1519 565 1819 636 εἰρημένων

149 648 519 718 μεμνημένοι,
554 652 645 705 καὶ
682 652 782 721 ὅση
824 654 1000 705 κεῖται
1050 649 1295 720 τιμωρία
1340 652 1452 716 τοῖς
1498 653 1681 716 ἀπλῶς
1728 653 1821 705 καὶ

146 734 477 799 ἀκολάστως
502 738 667 809 ὁρῶσι
702 738 801 801 τάς
824 737 932 789 τῶν
953 736 1231 802 γυναικῶν
1261 736 1433 806 ὄψεις,
1462 740 1555 793 καὶ
1590 738 1696 809 πρὸ
1722 738 1820 806 τῆς

145 822 380 891 γεέννης
402 821 497 876 τοῦ
520 823 653 877 Θεοῦ
680 824 768 877 τὸν
800 822 963 891 φόϐον
992 821 1086 873 καὶ
1122 822 1219 894 τὴν
1246 825 1467 897 ἀγάπην
1494 825 1597 895 πρὸ
1624 823 1820 890 ὀφθαλ-

149 920 272 989 μῶν
302 921 538 991 ἔχοντες.
591 920 928 989 πανταχόθεν
984 922 1211 988 ἑαυτοὺς
1254 925 1628 995 καθαίροντες,
1680 922 1819 975 οὕτω

148 1010 247 1061 καὶ
278 1011 595 1081 προσίωμεν
620 1012 731 1070 τοῖς
758 1010 924 1077 ἰεροῖς
949 1010 1284 1081 μυστηρίοις,
1314 1012 1401 1064 ῖνα
1443 1009 1516 1079 μὴ
1546 1010 1626 1073 εἰς
1651 1016 1822 1082 κρῖμα

261 1222 319 1242 αξ

1384 448 1472 504 DE
1510 447 1979 507 ΡοεΝηέΝτιΑ.
2019 444 2253 500 llOMlL.
2296 444 2400 499 VII.

3469 447 3573 505 228

1916 560 2009 612 καὶ
2042 559 2382 629 κατάκριμα,
2413 558 2525 611 ἀλλ’
2562 559 2641 621 εἰς
2686 557 2960 629 σωτηρίαν
3003 558 3097 612 καὶ
3140 558 3350 626 ὑγίειαν
3378 558 3572 629 ψυχῆς,

1914 647 1995 707 εἰς
2042 647 2354 717 παρρησίαν
2391 645 2619 715 διηνεκῆ
2667 647 2763 715 τῆς
2813 647 3087 718 σωτηρίας
3116 645 3317 716 ταύτης
3368 645 3575 699 ἀπολά-

1917 733 2119 802 ϐωμεν,
2142 736 2201 787 ἐν
2226 731 2450 803 Χριστῷ
2484 732 2657 801 Ἰησοῦ
2688 732 2763 802 τῷ
2796 733 2983 804 Κυρίῳ
3005 734 3179 804 ἡμῶν,
3199 727 3294 804 ᾧή
3323 733 3469 797 δόξα,
3484 735 3574 786 καὶ

1914 817 1975 869 τὸ
2004 820 2227 889 κράτος,
2260 821 2340 882 εἰς
2368 820 2495 881 τοὺς
2520 819 2720 882 αἰῶνας
2741 819 2847 871 τῶν
2884 820 3110 873 αἰώνων.
3178 821 3349 891 ’Δμήν
3379 832 3429 873 ι.

1982 902 2203 968 ἐριιοι).
2242 906 2321 968 καί
2343 904 2399 968 τὸ
2418 905 2606 967 κράτος,
2634 906 2940 967 μεγαλωσύνη
2961 925 3039 955 και
3070 908 3458 968 μεγαλοπρέπεια,
3477 907 3577 968 ἅμα

1926 963 1994 1023 τῷ
2016 964 2266 1031 Πατρῖὲκαὶ
2294 967 2364 1027 τῷ
2381 963 2600 1031 ’παναγίῳ
2633 963 2713 1015 καί
2737 968 2955 1029 ζωοποιῷ
2982 963 3222 1029 Πνεύμξατι
3251 963 3313 1022 είς
3328 969 3436 1023 τοὺς
3450 963 3575 1020 ἀἰῶ-

1926 1038 2007 1078 νας
2028 1026 2124 1071 τῶν
2146 1026 2347 1077 αἰώνωνζ
2381 1026 2544 1089 Ἀμήν.

336 1221 2694 1250 MM

1469 1369 1692 1429 ΛΟΓΟΣ.
1725 1372 1878 1425 ΠΕΡΙ
1920 1372 2319 1427 ΜΕΤΑΝΟΙΑΣ

200 1544 301 1598 καί
335 1541 731 1609 κατανύξεως,
764 1544 859 1597 καί
891 1543 979 1597 ὅτι
1009 1547 1197 1615 ταχὺς
1225 1548 1258 1601 ό
1286 1548 1427 1613 Θεὸς
1452 1550 1538 1612 εἰς
1579 1549 1881 1613 σωτηρίαν
1910 1550 2007 1614 καὶ
2032 1553 2265 1619 ,βραδὺς
2291 1556 2377 1619 εἱς
2401 1558 2704 1634 τιμωρίανς
2733 1552 2865 1630 ἐνῷ
2927 1559 3021 1612 καί
3050 1559 3181 1628 περί
3210 1551 3318 1622 τῆς
3361 1560 3537 1615 Ῥειὰο

1563 1635 1899 1703 παράδοξος
1929 1642 2178 1706 ἱστορία.

826 1976 1055 2041 Ὀμιλίιι
1094 1974 1152 2031 ζ’.

221 2070 294 2113 a'.
339 2061 574 2113 Πάντοτε
612 2062 709 2131 μὲν
734 2065 761 2114 6
785 2061 925 2119 θεῖος
962 2060 1278 2121 ’Λπόστολος
1310 2060 1428 2130 θείᾳ
1466 2060 1558 2113 καὶ
1590 2060 1823 2129 οὐρανίῳ

147 2150 426 2218 κέχρηται
450 2147 682 2217 γλώττῃ,
709 2149 802 2200 καὶ
829 2146 967 2215 μετά
992 2145 1191 2215 πολλῆς
1216 2148 1523 2217 ἐπιστήμης
1552 2147 1642 2199 τὸν
1668 2147 1827 2213 εὐαγ-

146 2235 374 2301 γελικὸν
422 2235 637 2301 ὑφαίνει
679 2234 872 2300 λόγον·
916 2232 1015 2283 οὐκ
1058 2231 1116 2295 ἐξ
1154 2233 1359 2296 οἰκείας
1387 2232 1609 2304 γνώμης
1637 2232 1826 2295 ἁπλῶς

148 2321 552 2389 φθεγγόμενος,
589 2319 701 2372 ἀλλ’
732 2320 798 2370 ὲκ
849 2316 948 2386 τῆς
998 2318 1281 2388 βασιλικῆς
1325 2318 1491 2371 αὑτοῦ
1539 2319 1825 2381 αὑθεντίας

146 2405 450 2476 προφέρων
480 2408 548 2459 τά
575 2405 819 2473 δόγματα
838 2418 851 2433 °
885 2402 1176 2474 ἐξαιρέτως
1196 2404 1253 2457 δὲ
1278 2405 1446 2475 ταύτῃ
1470 2405 1735 2476 κέχρηται
1755 2408 1821 2475 τῇ

146 2495 462 2564 ἐπιστήμῃ,
494 2494 620 2546 ὃταν
669 2492 761 2544 τὸν
816 2491 917 2559 τῆς
966 2493 1250 2560 μετανοίας
1292 2493 1486 2563 εἰσάγῃ
1521 2493 1676 2560 λόγον
1712 2495 1824 2554 τοῖς

147 2581 533 2650 ἁμαρτάνουσι
558 2594 571 2609 ο
600 2577 726 2647 περὶ
752 2578 809 2631 δὲ
830 2578 994 2630 αὑτοῦ
1020 2579 1112 2630 τοῦ
1136 2579 1424 2647 κεφαλαίου
1449 2580 1657 2641 πάντας
1681 2580 1825 2646 ὑμᾶς

149 2666 481 2734 ὑπομνήσω.
525 2664 822 2716 Ἠκούσατε
876 2665 1077 2723 τοίνυν,
1115 2666 1200 2716 ἵνα
1246 2665 1310 2717 ἐκ
1362 2665 1559 2735 μέρους
1598 2664 1825 2733 ἅψωμαι

149 2755 264 2804 τῶν
291 2752 620 2820 εἰρημένων,
647 2751 723 2810 ὡς
751 2749 952 2819 ἀρτίως
975 2750 1351 2820 διαλεγόμενος
1380 2754 1491 2813 τοῖς
1518 2750 1827 2821 Κορινθίοις

151 2841 348 2907 ἔλεγεν
377 2841 407 2891 6
431 2840 679 2907 γενναῖος
700 2839 906 2900 ἐκεῖνος
934 2840 1029 2891 καὶ
1057 2838 1351 2907 θαυμάσιος
1376 2840 1547 2907 ἀνήρ·
1602 2837 1827 2905 Μήπως

146 2927 355 2980 ἐλθὼν
387 2926 661 2990 πολλοὺς
692 2924 973 2990 πενθήσω
1001 2924 1119 2977 τῶν
1146 2927 1699 2992 προημαρτηκότων,
1727 2925 1825 2977 καί

143 3014 238 3083 μὴ
267 3011 1126 3081 μετανοησάντων.⁹Ανθρωπος
1168 3012 1263 3081 μὲν
1291 3006 1359 3081 ἦν
1388 3014 1453 3080 τῇ
1488 3010 1648 3079 φύσει
1675 3013 1703 3062 ό
1729 3011 1825 3079 μέ-

149 3117 261 3166 γας
293 3092 451 3161 οὗτος
480 3098 819 3163 διδάσκαλος,
850 3096 986 3150 Θεοῦ
1018 3098 1061 3150 δ’
1088 3096 1363 3167 ὑπηρέτης
1394 3097 1491 3167 τὴν
1528 3096 1784 3167 πρόθεσιν
1808 3113 1820 3126 ·

147 3186 243 3238 διὰ
274 3186 437 3238 τοῦτο
468 3184 657 3255 ὥσπερ
694 3184 930 3255 οὐρανίῳ
970 3183 1230 3253 κέχρηται
1264 3182 1499 3255 γλώττῃ.
1530 3184 1624 3235 καὶ
1661 3182 1735 3245 ὼς
1768 3181 1825 3247 ἐξ

150 3271 339 3323 αὐτῶν
371 3271 481 3323 τῶν
508 3270 753 3340 οὐρανῶν
786 3270 1174 3339 φθεγγόμενος,
1209 3269 1350 3321 οὕτω
1387 3271 1479 3321 καὶ
1508 3272 1621 3331 τοῖς
1655 3270 1827 3339 ἀμαρ-

148 3359 415 3411 τάνουσιν
462 3357 708 3418 ἀπειλεῖ,
740 3358 835 3409 καὶ
868 3359 978 3418 τοῖς
1019 3355 1366 3424 μετανοοῦσιν
1402 3355 1627 3424 ἱλασμὸν
1661 3357 1831 3423 ἐπαγ-

148 3445 432 3512 γέλλεται.
479 3442 628 3514 [δεη
672 3445 840 3497 Ὅταν
886 3442 943 3495 δὲ
993 3441 1163 3494 ταῦτα
1217 3441 1375 3504 εἴπω,
1405 3442 1465 3493 ού
1508 3444 1575 3511 τῇ
1618 3441 1828 3494 Παύλου

150 3529 501 3600 γλώττῃ,.τὴν
537 3530 823 3582 αὑθεντίαν
848 3527 1157 3596 ἐπιγράψω,
1190 3527 1302 3579 ἀλλ’
1334 3528 1428 3579 ἐπὶ
1459 3527 1557 3597 τὴν
1579 3527 1674 3580 τοῦ
1696 3527 1829 3580 Θεοῦ

152 3618 324 3684 χάριν
356 3616 418 3666 τὸ
448 3617 553 3667 πᾶν
590 3614 872 3692 ἀναφέρωι
907 3615 1035 3684 περὶ
1078 3606 1139 3666 οὗ
1172 3614 1266 3666 νῦν
1310 3614 1469 3676 αὐτὸς
1506 3613 1691 3682 ἔλεγεν
1714 3630 1726 3642 ’
1763 3616 1833 3667 El

151 3704 425 3770 δοκιμὴν
468 3701 685 3767 ζητεῖτε
723 3700 830 3753 τοῦ
870 3701 940 3753 ἐν
984 3700 1112 3768 ἐμοὶ
1159 3699 1499 3765 λαλοῦντος
1532 3700 1831 3768 Χριστοῦ;

162 3788 523 3842 ’Υποτίθεται
558 3787 734 3839 τοίνυν
757 3788 873 3848 τοῖς
908 3786 1274 3857 ἁμαρτάνουσι
1304 3788 1594 3856 φάρμακον
1613 3788 1834 3858 εὐεργε-

153 3882 308 3941 σίας,
346 3878 444 3930 καὶ
476 3875 763 3945 μετάνοιαν
801 3875 881 3936 είς
914 3874 1208 3943 σωτηρίαν.
1245 3875 1556 3945 Συνέδραμε
1581 3875 1638 3929 δὲ
1666 3877 1833 3945 σήμε-

158 3984 254 4035 ρον
298 3967 366 4034 τῇ
406 3962 734 4031 ἀποστολικῇ
779 3960 1082 4029 ἀναγνώσει
1132 3962 1228 4014 καὶ
1279 3965 1310 4031 ἡ
1358 3964 1690 4033 εὐαγγελικὴ
1738 3963 1830 4015 τοῦ

154 4050 421 4120 Σωτῆρος
458 4046 730 4108 αὑθεντία,
761 4046 1047 4117 ἁμαρτιῶν
1091 4048 1283 4115 ἄφεσιν
1334 4048 1581 4116 ἀφθόνως
1624 4046 1834 4119 χαριζο-

157 4140 326 4207 μένη.
355 4136 460 4188 Τὸν
485 4134 593 4203 γὰρ
624 4133 989 4204 παραλυτικὸν
1015 4137 1042 4187 6
1064 4136 1254 4207 Σωτὴρ
1280 4136 1506 4205 ἰώμενος
1537 4136 1740 4203 ἔλεγεν,
1759 4136 1834 4197 ώς

154 4224 368 4294 ἀρτίως
404 4220 682 4287 ἀκηκόατε
704 4237 715 4248 ’
755 4217 993 4283 Τέκνον,
1025 4220 1322 4288 ἀφέωνταί
1347 4236 1444 4274 σοι
1476 4224 1535 4274 al
1561 4220 1832 4289 ἁμαρτίαι

155 4328 279 4363 σου
330 4312 390 4361 al
433 4307 683 4360 πολλαί·
732 4306 927 4373 ἄφεσις
969 4306 1025 4358 δὲ
1070 4307 1354 4376 ἁμαρτιῶν
1380 4307 1527 4377 πηγὴ
1560 4307 1832 4377 σωτηρίας

156 4400 254 4449 καὶ
283 4396 519 4449 ἔπαθλον
561 4391 873 4462 μετανοίας’
912 4392 1144 4461 ἰατρεῖον
1177 4396 1286 4464 γάρ
1315 4396 1460 4446 ἐστιν
1495 4394 1832 4461 ἀναιρετικὸν

155 4487 260 4552 ’ἧς
295 4482 578 4553 ἁμαρτίας
617 4483 650 4550 ή
696 4478 985 4548 μετάνοια·
1013 4478 1184 4548 δῶρόν
1209 4482 1356 4532 ἐστιν
1381 4480 1646 4549 οὐράνιον,
1671 4478 1831 4531 δύνα-

178 4588 256 4631 ιις
303 4570 616 4638 θαυμαστὴ,
648 4568 830 4637 χάριτι
876 4563 1082 4616 νικῶσα
1126 4566 1225 4633 τὴν
1257 4567 1365 4619 τῶν
1394 4567 1571 4635 νόμων
1612 4564 1832 4617 ἀκολου-

168 4656 306 4707 .“ίαν.
351 4656 450 4707 Διά
483 4654 643 4706 τοῦτο
671 4654 733 4705 οὺ
768 4652 965 4722 πόρνον
1004 4650 1339 4713 ἀποσείεται,
1378 4653 1437 4705 οὐ
1488 4650 1672 4719 μοιχὸν
1704 4651 1836 4703 ἀπο-

162 4740 334 4802 σοϐεῖ,
363 4740 425 4791 ού
458 4739 688 4809 μέθυσον
715 4736 1142 4806 ἀποστρέφεται,
1172 4738 1271 4791 οὐκ
1300 4736 1685 4805 εἰδωλολάτρην
1708 4734 1831 4804 βδε-

156 4825 449 4886 λύσσεται,
472 4825 531 4875 οὑ
564 4822 801 4892 λοίδορον
826 4820 1143 4884 ἀπελαύνει,
1174 4823 1233 4875 οὺ
1262 4822 1574 4892 βλάσφημον
1600 4820 1833 4874 ἀποδιώ-

157 4931 267 4977 κει,
290 4914 398 4965 οὐκ
431 4910 683 4974 ἀλαζόνα,
712 4910 848 4963 ἀλλά
874 4911 1085 4973 πάντας
1118 4916 1439 4981 μεταποιεῖ·
1472 4912 1833 4981 χωνευτήριον

154 5001 269 5070 γάρ
304 5001 424 5051 ἐστι
450 4997 550 5066 τῆς
580 4997 853 5067 ἁμαρτίας
872 4998 905 5067 ή
931 4998 1186 5065 μετάνοια
1206 5012 1253 5053 ι.
1274 5000 1588 5067 Ἀναγκαῖον
1609 4998 1665 5050 δὲ
1684 4998 1834 5069 πρῶ-

152 5104 249 5139 τον
285 5085 552 5153 γνωρίσαι
583 5084 676 5135 τοῦ
706 5085 841 5137 Θεοῦ
870 5085 962 5137 τὸν
994 5086 1217 5147 σκοπὸν,
1244 5089 1343 5139 οὐκ
1370 5088 1428 5152 ἐξ
1450 5086 1728 5157 ἡμετέρων
1748 5087 1834 5138 ἐν·

153 5173 319 5224 νιιιῶν
347 5169 737 5232 ἐπιϐάλλοντας
761 5171 935 5244 ταύτῃ
959 5174 1024 5243 τῇ
1060 5172 1281 5243 θεωρίᾳ,
1306 5174 1420 5226 ἀλλ’
1443 5172 1502 5236 ἐξ
1527 5172 1703 5225 αὐτῶν
1725 5172 1833 5226 τῶν

155 5262 325 5314 θείων
358 5256 589 5328 Γραφῶν
622 5259 1125 5330 μεμαρτυρημένην
1146 5261 1563 5321 ἀποδεικνύντας
1590 5258 1687 5330 τὴν
1710 5259 1837 5331 ἀλή-

156 5348 337 5400 θειαν.
374 5344 581 5407 Σκοπὸς
609 5344 686 5413 τῷ
726 5344 844 5414 Θεῷ
892 5347 1263 5418 μακροθυμεῖν
1306 5350 1418 5409 τοῖς
1459 5347 1833 5416 ἁμαρτάνουσι

153 5434 386 5495 διπλοῦς
417 5436 564 5486 ἐστιν
585 5432 661 5494 εἰς
687 5433 960 5501 σωτηρίαν
982 5434 1137 5498 ἵλεως
1155 5449 1170 5463 ⁶
1203 5434 1632 5504 μνηστευόμενος
1652 5436 1832 5501 αὐτοῖς

152 5522 258 5588 τὴν
288 5522 355 5571 ἐκ
383 5520 667 5589 μετανοίας
692 5520 984 5589 σωτηρίαν,
1016 5524 1109 5575 καὶ
1132 5525 1243 5586 τοῖς
1272 5521 1329 5587 ἐξ
1351 5520 1527 5575 αὐτῶν
1548 5521 1832 5589 ἀπογόνοις

153 5610 272 5670 ταῖς
325 5608 407 5670 είς
457 5607 655 5679 ἀρετὴν
698 5605 988 5660 ἐπιδιδόναι
1022 5609 1271 5679 μέλλουσι
1304 5608 1691 5679 ταμιευόμενος
1734 5611 1831 5681 τὴν

219 5722 247 5748 ⁸
284 5712 422 5777 limis
445 5712 568 5777 Reg:
593 5715 772 5767 πάντας
794 5712 979 5773 δέχεται
1004 5714 1085 5760 καὶ
1109 5715 1283 5770 πάντας
1309 5713 1565 5777 μεταποιεῖ
1593 5716 1829 5775 χωνευτήο

156 5795 260 5842 ρων
290 5774 380 5836 γάρ
402 5774 527 5821 ἐστιν
549 5776 711 5837 ἀρετῆς
731 5776 759 5832 ἡ
788 5776 1006 5837 μετάνοια

1934 1972 2273 2040 εὐεργεσίαν.
2307 1974 2414 2027 Καὶ
2457 1976 2539 2026 ἴνα
2584 1976 2745 2027 πάλιν
2792 1978 3046 2032 ἀναλάϐω
3074 1979 3168 2033 τὸν
3195 1980 3374 2052 λόγον,
3406 1986 3433 2037 6
3462 1984 3593 2049 Θεὸς

1935 2056 2293 2126 μακροθυμεῖ,
2330 2059 2415 2111 ἵνα
2456 2061 2548 2111 καὶ
2584 2062 2613 2112 6
2647 2063 2971 2130 ἁμαρτάνων
3001 2071 3324 2139 μετανοήσῃ,
3355 2072 3447 2123 καὶ
3480 2074 3590 2134 τοῖς

1932 2140 1992 2204 ἐξ
2014 2140 2179 2194 αὐτοῦ
2211 2143 2548 2212 τικτομένοις
2585 2146 2658 2216 μὴ
2693 2148 2993 2220 ἀποκλείσῃ
3018 2152 3115 2221 τὴν
3153 2156 3445 2223 σωτηρίαν.
3474 2156 3592 2211 Κᾶν

1930 2228 2039 2298 γάρ
2084 2227 2247 2290 αὐτὸς
2288 2230 2316 2281 6
2353 2230 2682 2300 ἁμαρτάνων
2732 2234 3074 2304 ἀμετανόητα
3122 2239 3307 2308 πταίῃ,
3358 2242 3593 2308 φείδεται

1931 2312 2189 2375 πολλάκις
2229 2313 2328 2382 τῆς
2353 2313 2528 2384 ῥίζης,
2563 2316 2649 2369 ἵνα
2679 2317 2889 2391 φυλάξῃ
2922 2323 3046 2385 τοὺς
3080 2324 3357 2392 καρπούςσ
3393 2326 3593 2378 πολλά»

1931 2417 2018 2463 κις
2056 2400 2156 2469 μὲν
2183 2396 2275 2453 οὖν
2307 2402 2401 2453 καὶ
2432 2402 2601 2472 αὐτὴν
2634 2404 2955 2473 μεταϐάλλει
2982 2408 3081 2478 τὴν
3114 2409 3291 2479 ῥίζαν,
3319 2411 3394 2474 ὼς
3423 2411 3593 2483 ἔφθην

1931 2485 2134 2571 εἰπών⁸
2167 2485 2286 2539 ἀλλ’
2312 2489 2531 2543 ἐπειδὰν
2564 2493 2642 2552 εἰς
2675 2495 2911 2564 παντελῆ
2945 2497 3143 2550 κακίαν
3173 2499 3353 2569 ἐκείνη
3382 2501 3543 2571 πέσῃ,
3566 2501 3595 2552 6

1930 2570 2063 2634 Θεὸς
2085 2573 2432 2643 ὑπερτίθεται
2456 2577 2740 2647 χρησίμως
2760 2580 2859 2651 τὴν
2881 2582 3172 2652 τιμωρίαν,
3188 2585 3468 2655 ἀναμένων
3488 2570 3595 2639 τῶν

1936 2661 2337 2728 μετανοούντων
2360 2662 2459 2733 τὴν
2493 2667 2769 2736 σωτηρίαν
2790 2684 2803 2698 ο
2834 2669 2927 2721 καὶ⁵
2961 2670 3128 2734 ὅπως,
3156 2672 3340 2727 ἀκουε.
3364 2674 3550 2743 Θάρῤα
3569 2675 3598 2727 6

1935 2748 2117 2818 πατὴρ
2151 2749 2403 2821 Ἀϐραὰμ
2430 2752 2664 2806 εἰδώλων
2689 2749 2758 2825 ἦν
2781 2758 3179 2829 προσκυνητὴς,
3210 2759 3323 2812 ἀλλ’
3349 2762 3411 2813 οὐ
3439 2761 3598 2814 δέδω-

1933 2851 2027 2887 κεν
2057 2836 2288 2889 ἐνταῦθα
2320 2841 2420 2907 τῆς
2455 2840 2709 2904 ἀσεϐείας
2751 2843 2852 2912 τὴν
2897 2843 3089 2913 δίκην·
3135 2847 3227 2899 καὶ
3261 2849 3503 2910 είκότως.
3534 2849 3597 2900 Εἰ

1933 2921 2040 2993 γάρ
2062 2922 2345 2992 προλαϐὼν
2374 2927 2403 2977 6
2432 2925 2565 2989 Θεὸς
2592 2928 2834 2997 ἀπέτεμε
2862 2929 2959 2999 τὴν
2984 2930 3157 3000 ῥίζαν,
3189 2932 3351 2985 πόθεν
3370 2936 3398 2986 6
3418 2932 3598 2987 τοσοῦο

1932 3024 2021 3070 τος
2054 3010 2263 3079 καρπὸς
2290 3011 2390 3080 τῆς
2415 3013 2649 3076 πίστεως
2672 3014 2967 3078 ἀνεδίδοτο;
2992 3016 3056 3068 Τί
3081 3016 3174 3069 τοῦ
3202 3018 3371 3071 Ἠσαῦ
3400 3020 3599 3090 μοχθη-

1937 3094 2183 3164 ρότερον;
2214 3095 2412 3149 Σκόπει
2436 3115 2523 3167 μοι
2544 3100 2637 3151 καὶ
2659 3100 2849 3170 ἐτέρας
2879 3101 3287 3173 φιλανθρωπίας
3322 3104 3596 3160 ὑπόθεσιν.

1935 3179 2000 3230 Τί
2027 3180 2127 3245 τῆς
2158 3180 2354 3243 κακίας
2383 3183 2599 3252 ἐκείνης
2625 3185 3032 3255 ἀναιδέστερον;
3060 3189 3119 3241 οὐ
3154 3189 3349 3259 πόρνος
3377 3190 3471 3243 καὶ⁵
3508 3189 3598 3257 βέ-

1933 3264 2115 3334 ϐηλος,
2155 3266 2230 3329 ὥς
2255 3284 2416 3337 φησιν
2438 3269 2466 3319 6
2503 3270 2850 3336 Ἀπόστολοςς
2886 3274 2947 3325 ού
2984 3275 3306 3345 μητρολοίας
3352 3277 3444 3329 καὶ
3490 3294 3597 3329 πα-

1929 3351 2219 3421 τρολοίας;
2256 3355 2355 3406 οὐκ
2401 3355 2630 3422 ἀδελφοῦ
2682 3360 2875 3425 φονεὺς
2901 3360 3022 3413 ὅσον
3048 3363 3127 3423 εἰς
3161 3362 3452 3431 πρόθεσιν;
3500 3364 3599 3433 οὐχ

1932 3438 2038 3489 ὑπὸ
2066 3438 2161 3491 τοῦ
2188 3439 2324 3492 Θεοῦ
2358 3440 2717 3511 μισούμενος;
2750 3446 2783 3514 ή
2814 3445 3004 3517 Γραφὴ
3036 3450 3299 3517 μαρτυρεῖ
3326 3447 3559 3515 λέγουσα
3582 3466 3595 3479 ·

1934 3522 2051 3577 Τὸν
2084 3526 2286 3579 Ἰακὼϐ
2312 3526 2620 3594 ἠγάπησα,
2649 3529 2757 3581 τὸν
2776 3529 2844 3582 δὲ
2876 3530 3066 3585 Ἠσαῦ
3096 3532 3382 3601 ἐμίσησα.
3412 3535 3474 3588 Εἰ
3495 3534 3600 3589 τοί-

1931 3628 2024 3665 νυν
2058 3613 2254 3681 πόρνος
2297 3614 2389 3666 καὶ
2419 3613 2803 3682 ἀδελφοκτόνος
2841 3618 2934 3668 καὶ
2982 3616 3206 3686 βέϐηλος
3237 3621 3331 3672 καὶ
3362 3638 3599 3691 μεμιση-

1934 3699 2112 3766 μένος,
2145 3698 2233 3751 διά
2261 3700 2312 3751 τί
2344 3699 2416 3769 μὴ
2442 3699 2799 3768 ἀφανίζεται;
2830 3702 2917 3755 διὰ
2945 3703 2998 3755 τί
3028 3704 3102 3774 μὴ
3131 3705 3455 3758 ἐκκόπτεται
3475 3724 3489 3772 ;
3513 3708 3601 3761 διά

1929 3784 1981 3835 τί
2020 3786 2356 3855 παραχρῆμα
2385 3786 2483 3857 τὴν
2517 3788 2897 3857 προσήκουσαν
2930 3791 3197 3859 τιμωρίαν
3241 3792 3301 3843 ού
3349 3791 3599 3861 δέχεται;

1933 3870 2030 3924 Διά
2064 3872 2150 3938 τί;
2182 3872 2347 3924 καλὸν
2375 3872 2449 3935 ώς
2485 3872 2704 3943 ἀληθῶς
2744 3875 2840 3927 καὶ
2865 3875 2965 3945 τὴν
2992 3876 3168 3931 αἰτίαν
3200 3878 3389 3931 εἰπεῖν.
3424 3879 3485 3930 Εἰ
3518 3877 3603 3943 ἐξ·

1932 3958 2128 4028 εκόπη,
2155 3958 2410 4026 μέγιστον
2440 3960 2649 4030 καρπὸν
2669 3959 3013 4029 δικαιοσύνης
3039 3963 3067 4015 6
3089 3962 3291 4032 κόσμος
3322 3962 3603 4017 ἀπώλεσεν

1933 4042 1999 4094 ἀν
2018 4058 2033 4071 '
2063 4044 2155 4096 καὶ
2188 4046 2389 4110 ὁποῖον,
2411 4044 2597 4099 ἄκουε.
2616 4046 2804 4100 Ἡσαῦ
2829 4046 3118 4115 ἐγέννησε
3145 4048 3253 4101 τὸν
3281 4050 3601 4119 Ῥαγπουὴλ,

1946 4128 2238 4197 Ῥαγουὴλ
2281 4130 2391 4183 τὸν
2436 4131 2615 4199 Ζαρὰ,
2662 4133 2821 4200 Ζαρὰ
2852 4132 2960 4184 τὸν
2994 4132 3136 4185 Ἰὼϐ.
3168 4132 3332 4204 Ὁρᾷς
3376 4134 3602 4205 πηλίκον

1935 4214 2215 4285 ὑπομονῆς
2252 4215 2410 4277 ἄνθος
2450 4214 2761 4285 ἠφανίζετο,
2793 4218 2843 4268 εἰ
2890 4216 3177 4286 προλαϐὼν
3216 4219 3247 4271 6
3285 4218 3416 4283 Θεὸς
3448 4219 3617 4290 δίκην.

1936 4299 2188 4368 ἀπῄτησε
2216 4301 2313 4371 τὴν
2347 4300 2537 4371 ρίζανς

2008 4385 2072 4454 β’.
2108 4386 2246 4439 Καθ’
2270 4386 2407 4439 ὅλων
2438 4382 2529 4439 οὖν
2550 4385 2658 4439 τῶν
2686 4388 3027 4458 πραγμάτων
3056 4390 3259 4461 ταύτην
3291 4392 3601 4463 ἐκλάμϐανε

1939 4470 2037 4539 τὴν
2061 4472 2314 4543 θεωρίαν.
2331 4472 2429 4526 Διά
2446 4472 2606 4525 τοῦτο
2631 4474 2976 4545 μακροθυμεῖ
2991 4478 3103 4539 τοῖς
3124 4478 3437 4545 Αἰγυπτίοις
3453 4477 3601 4550 [528]

1937 4558 2238 4612 ἀνύποιστα
2269 4558 2669 4629 βλασφημοῦσι,
2698 4561 2786 4615 διὰ
2815 4564 2915 4626 τὰς
2938 4562 3034 4616 νῦν
3065 4565 3332 4629 ἀνθούσας
3377 4567 3605 4637 Ἐκκλη-

1937 4642 2056 4706 σίας
2088 4646 2145 4696 ἐν
2177 4644 2458 4715 Αἰγύπτῳ,
2488 4645 2577 4698 διά
2605 4647 2673 4699 τά
2704 4649 3039 4718 μοναστήρια
3085 4651 3177 4703 καὶ
3229 4652 3357 4713 τοὺς
3385 4652 3603 4719 ἀγγελι-

1935 4730 2030 4781 κὸν
2061 4731 2559 4801 ι’ἐπανῃρημένους
2610 4732 2742 4802 βίον.
2794 4736 2904 4787 Καὶ
2954 4735 3085 4806 γάρ,
3119 4736 3194 4798 ὥς
3230 4754 3390 4804 φασιν
3415 4739 3465 4790 οί
3494 4738 3601 4792 τῶν

1934 4817 2113 4885 νόμων
2144 4816 2253 4869 τῶν
2282 4818 2477 4871 κοινῶν
2510 4819 2782 4889 ἔμπειροι,
2809 4822 2900 4872 καὶ
2931 4821 3005 4883 ώς
3031 4822 3079 4873 οί
3107 4822 3391 4892 Ῥωμαίων
3425 4841 3602 4897 παρα-

1936 4903 2248 4956 κελεύονται
2291 4904 2467 4973 νόμοι,
2496 4905 2592 4973 τὴν
2621 4905 3014 4975 κυοφοροῦσαν,
3049 4907 3104 4959 εί
3131 4925 3261 4961 ποτε
3312 4912 3599 4981 περιπέσοι

1935 4992 2235 5062 πταίσματι
2271 4990 2496 5045 θανάτου
2526 4992 2682 5061 δίκην
2715 4992 2993 5059 ἐπάγοντι,
3026 4994 3101 5064 μὴ
3149 4996 3411 5066 πρότερον
3455 4999 3601 5051 ἀναι-

1937 5078 2169 5148 ρεῖσθαι,
2208 5078 2338 5147 πρὶν
2368 5077 2434 5130 ἂν
2463 5078 2599 5148 τέκῃ
2636 5079 2696 5131 τὸ
2725 5081 3161 5152 κυοφορούμενον
3180 5099 3193 5113 ο
3225 5085 3316 5136 καὶ
3348 5083 3490 5152 μάλα
3523 5087 3600 5137 εἰ-

1936 5164 2107 5227 κότως
2126 5181 2138 5192 ’
2171 5164 2231 5215 οὐ
2259 5164 2366 5233 γάρ
2399 5164 2719 5219 ἐδικαίωσαν
2748 5168 2796 5218 οἰ
2825 5165 3004 5229 καλῶς
3028 5167 3326 5230 τεθεικότες
3357 5168 3482 5232 τοὺς
3513 5171 3598 5223 νό-

1939 5267 2070 5319 μους
2117 5251 2581 5321 συναφανισθῆναι
2608 5252 2668 5304 τὸ
2697 5253 3079 5323 ἀναμάρτητον
3113 5256 3177 5324 τῇ
3208 5255 3594 5330 ἀμαρτησάσῃ.

1936 5337 1998 5389 Εἰ
2027 5336 2083 5389 δὲ
2112 5338 2161 5388 οἰ
2186 5337 2517 5409 ἀνθρώπινοι
2544 5341 2696 5409 νόμοι
2728 5340 2995 5406 φείδονται
3016 5340 3126 5393 τῶν
3157 5341 3323 5413 μηδὲν
3343 5344 3596 5416 ἡμαρτη-

1936 5425 2129 5487 κότων,
2160 5427 2188 5477 6
2210 5425 2341 5489 Θεὸς
2366 5429 2427 5479 οὐ
2462 5427 2641 5497 πολλῷ
2668 5426 2863 5497 μᾶλλον
2886 5426 3109 5491 είκότως
3134 5429 3357 5497 φυλάξει
3388 5432 3485 5503 τὴν
3512 5432 3593 5503 ῥί-

1934 5511 2055 5576 ζαν,
2089 5516 2203 5577 τοῖς
2248 5517 2478 5585 καρποῖς
2508 5513 2899 5583 ταμιευόμενος
2929 5514 3027 5586 τὴν
3071 5517 3135 5568 ἐκ
3178 5518 3276 5587 τῆς
3316 5536 3597 5588 μετανοιας

1934 5602 2285 5672 εὐεργεσίαν;
2319 5601 2462 5655 Λάϐε
2498 5618 2585 5670 μοι
2625 5600 2809 5655 λοιπὸν
2834 5603 2930 5657 καὶ
2960 5603 3045 5656 ἐπ’
3074 5602 3251 5657 αὐτῶν
3279 5605 3386 5659 τῶν
3415 5605 3591 5676 ἀμαρ-

1933 5689 2202 5739 τανόντων
2230 5688 2325 5757 τὴν
2358 5690 2419 5739 ὲκ
2452 5687 2737 5756 μετανοίας
2762 5689 3111 5762 εὐεργεσίαν·
3138 5691 3231 5746 καὶ
3260 5692 3367 5764 γὰρ
3392 5693 3480 5748 καὶ
3502 5692 3592 5748 ἐπί

1998 5778 2024 5816 δ
2053 5777 2185 5825 l'uus
2205 5777 2327 5839 Reg.
2364 5776 2676 5838 εῦαγγελικόν.
3553 5808 3599 5829 υ
