4406 6694
807 411 912 468 535

805 529 1010 585 τούτων
1049 534 1078 586 6
1110 532 1270 596 αὐτὸς
1304 534 1402 603 τῆς
1434 534 1841 606 φιλανθρωπίας
1868 535 2174 591 ἀποδίδοται
2196 537 2371 605 λόγος.
2402 539 2466 590 Et

809 618 1216 690 προελάμϐανεν
1243 621 1275 690 ή
1301 621 1420 692 δίκη
1446 622 1546 694 τὴν
1572 621 1876 694 διόρθωσιν,
1907 625 1936 676 ό
1956 624 2156 694 κόσμος
2192 623 2470 688 παντελῶς

809 704 1091 758 ἀπώλλυτο
1117 707 1211 760 καὶ
1239 708 1600 780 διεφθείρετο·
1641 712 1689 764 εί
1720 711 1844 776 ὀξὺς
1871 707 1940 782 ἦν
1983 711 2118 781 πρὸς
2141 710 2408 781 τιμωρίαν
2440 713 2470 764 6

811 793 960 858 Θεὸς,
990 795 1088 847 ούκ
1108 795 1174 847 ἂν
1195 797 1464 866 ἐκτήσατο
1492 797 1701 851 Παῦλον
1729 800 1762 870 ή
1797 799 2110 869 Ἐκκλησία,
2134 799 2232 851 ούκ
2258 797 2470 867 ἐδέχετο

811 880 903 932 τὸν
937 880 1172 934 τοιοῦτον
1201 883 1294 936 κα)⁸
1325 883 1656 954 τηλικοῦτον.
1686 886 1786 938 Διά
1831 885 1988 938 τοῦτο
2036 882 2128 939 οῦν
2175 883 2468 954 ὑπερέθετο

815 965 1254 1036 βλασφημοῦντα,
1283 970 1370 1023 ἵνα
1413 971 1562 1043 δείξῃ
1595 972 1975 1042 μετανοοῦντα.
1993 974 2054 1024 'H
2081 971 2173 1024 τοῦ
2202 970 2334 1024 Θεοῦ
2367 987 2470 1040 μα·-

813 1053 1079 1123 κροθυμία
1121 1056 1211 1108 τὸν
1237 1055 1467 1126 διώκτην
1492 1059 1712 1128 ἐποίησε
1746 1061 1959 1128 κήρυκα
1981 1075 1995 1086 ⁸
2024 1060 2056 1126 ή
2083 1057 2174 1110 τοῦ
2199 1056 2334 1109 Θεοῦ
2369 1074 2469 1126 μα-

813 1137 1085 1208 κροθυμία
1112 1141 1201 1193 τὸν
1239 1141 1401 1194 λύκον
1438 1144 1727 1212 μετέϐαλεν
1756 1146 1836 1205 είς
1861 1144 2118 1213 ποιμένα·
2150 1147 2183 1212 ἡ
2214 1142 2308 1195 τοῦ
2336 1142 2468 1195 Θεοῦ

815 1226 1162 1296 μακροθυμία
1187 1228 1278 1280 τὸν
1309 1228 1545 1298 τελώνην
1576 1231 1828 1300 ἐποίησεν
1858 1230 2246 1302 εύαγγελιστήν
2265 1247 2280 1263 ·
2319 1233 2351 1301 ή
2375 1230 2468 1283 τοῦ

811 1312 945 1365 Θεοῦ
995 1315 1342 1386 μακροθυμία
1388 1319 1592 1382 πάντας
1641 1321 1786 1390 ἡμᾶς
1827 1320 2042 1389 ἠλέησε,
2085 1321 2292 1384 πάντας
2345 1336 2470 1389 μετ-

812 1399 1211 1464 έϐαλε,πάντας
1241 1403 1621 1474 μετέστρεψεν.
1640 1405 1763 1459 Ἐἀν
1795 1406 1909 1479 ἴδῃς
1941 1408 2029 1460 τόν
2056 1423 2182 1460 ποτε
2216 1406 2466 1477 μέθυσον,

810 1489 1127 1558 νηστευτὴν,
1157 1491 1250 1544 ἐὰν
1282 1491 1394 1562 ῖδῃς
1419 1493 1507 1545 τόν
1539 1511 1664 1546 ποτε
1699 1494 2038 1565 βλάσφημον,
2081 1495 2346 1564 θεολόγον,
2375 1497 2469 1548 ὲάν

815 1572 931 1644 ἴδῃς
977 1575 1068 1628 τόν
1110 1594 1236 1630 ποτε
1265 1580 1514 1649 αίσχραῖς
1538 1580 1698 1650 ᾠδαῖς
1722 1583 1782 1635 τὸ
1811 1583 1984 1652 στόμα
2015 1583 2336 1654 μολύναντα,
2375 1583 2469 1636 νῦν

810 1662 923 1722 τοῖς
952 1660 1113 1724 θείοις
1158 1662 1344 1732 ὕμνοις
1385 1665 1482 1736 τὴν
1509 1667 1684 1737 ψυχὴν
1719 1668 2067 1738 καθαίροντα,
2100 1669 2342 1740 θαύμαζε
2371 1670 2470 1740 τὴν

816 1745 1192 1816 μακροθυμίαν
1221 1749 1313 1802 τοῦ
1337 1750 1493 1818 Θεοῦ,
1529 1755 1625 1806 καὶ
1649 1755 1859 1808 ἐπαίνει
1896 1756 1993 1827 τὴν
2034 1756 2340 1826 μετάνοιαν,
2373 1757 2465 1808 καὶ

811 1831 876 1883 ἐκ
907 1831 1006 1901 τῆς
1030 1834 1364 1899 ἀλλοιώσεως
1400 1838 1522 1907 λέγε
1552 1839 1859 1894 ἀναλαϐών·
1892 1843 2053 1910 Αὕτη
2080 1844 2118 1910 ἡ
2147 1843 2468 1908 ἀλλοίωσις

812 1914 921 1984 τῆς
964 1918 1164 1988 δεξιᾶς
1199 1923 1305 1978 τοῦ
1339 1926 1647 1994 Ὑψίστου.
1668 1928 1893 1996 Ἀγαθὸς
1945 1930 2044 2000 μὲν
2087 1932 2116 1983 6
2155 1929 2287 1992 Θεὸς
2333 1930 2469 1999 πρὸς

813 2005 1039 2071 πάντας,
1062 2008 1352 2079 ἐξαιρέτως
1377 2012 1434 2065 δὲ
1456 2013 1554 2084 τήν
1582 2014 1775 2068 ἑαυτοῦ
1801 2016 2184 2086 μακροθυμίαν
2205 2017 2470 2069 ἐνδείκνυ-

813 2106 902 2144 ται
946 2093 1081 2162 πρὸς
1122 2099 1245 2160 τοὺς
1275 2100 1704 2170 ἁμαρτάνοντας.
1741 2105 1850 2157 Kal
1893 2106 1941 2155 εί
1976 2103 2151 2173 βούλει
2193 2103 2340 2170 ξένον
2373 2103 2469 2156 ἐπ-

813 2177 1040 2234 ακοῦσαι
1084 2181 1258 2251 λόγον,
1291 2185 1438 2250 ξένον
1483 2189 1579 2257 μὲν
1623 2191 1744 2243 ὅσον
1778 2191 1858 2253 είς
1891 2191 2193 2260 συνήθειαν,
2220 2189 2468 2259 ἀληθινὸν

812 2262 870 2314 δὲ
900 2265 1021 2319 ὅσον
1053 2270 1133 2331 εἰς
1157 2270 1458 2336 εὐσέϐειαν,
1490 2275 1742 2330 ἄκουσον.

883 2353 1064 2426 Βαρὺς
1106 2361 1134 2411 6
1167 2358 1297 2424 Θεὸς
1336 2365 1608 2434 πανταχοῦ
1639 2367 1886 2434 φαίνεται
1913 2369 2024 2430 τοῖς
2055 2366 2303 2430 δικαίοις,
2334 2384 2470 2438 χρη·

815 2440 936 2505 στδς
972 2442 1029 2496 δὲ
1056 2447 1166 2508 τοῖς
1208 2447 1568 2519 ἁμαρτωλοῖς,
1600 2452 1691 2506 καὶ
1716 2453 1881 2522 ταχὺς
1911 2454 1990 2516 είς
2025 2451 2432 2521 φιλανθρωπίαν
2452 2470 2466 2485 ·

812 2526 905 2581 τὸν
930 2529 1309 2600 ἁμαρτάνοντα
1332 2536 1426 2588 καὶ
1459 2535 1690 2592 πεσόντα
1709 2539 2028 2610 διανίστησι,
2059 2540 2150 2592 καί
2180 2555 2313 2610 φησι
2335 2540 2471 2610 πρὸς

815 2614 1002 2668 αὐτόν’
1038 2617 1134 2685 Μὴ
1168 2623 1200 2674 d
1235 2622 1468 2676 πίπτων
1507 2627 1617 2679 οὐκ
1645 2626 1996 2691 ἀνίσταται;
2040 2626 2077 2695 ἢ
2113 2628 2146 2680 6
2176 2625 2470 2694 ἀποστρέ-

815 2719 946 2771 φων
989 2708 1099 2761 οὐκ
1137 2709 1512 2780 ἐπιστρέφεις
1557 2715 1670 2767 καὶ·
1695 2715 1877 2769 Ἰνατί
1920 2715 2299 2784 ἀπέστρεψεν
2327 2717 2472 2770 ἀπο⁶

816 2793 1089 2861 στροφὴν
1137 2795 1350 2863 ἀναιδῆ
1398 2798 1436 2864 ἡ
1484 2799 1776 2866 ἀσύνετος
1809 2802 2068 2871 θυγάτηρ
2108 2802 2337 2865 Ἰούδα;
2380 2802 2474 2856 καὶ

817 2881 978 2934 πάλιν
1000 2897 1014 2911 ο
1060 2882 1488 2952 Ἐπιστράφητε
1517 2887 1666 2953 πρὸς
1697 2888 1796 2956 μὲ,
1831 2889 1930 2942 καὶ
1953 2889 2473 2958 ἐπιστραφήσομαι

815 2967 964 3035 πρὸς
989 2967 1162 3037 ὑμᾶς.
1191 2971 1301 3024 Kal
1331 2972 1556 3044 ἑτέρωθι
1585 2974 1641 3026 δὲ
1669 2976 1818 3046 ὅρκῳ
1851 2975 2055 3046 βεϐαιοῖ
2081 2977 2178 3047 τὴν
2211 2979 2275 3029 ὲκ
2313 2993 2475 3046 μετα-

816 3053 964 3118 νοίας
989 3058 1259 3128 σωτηρίαν
1283 3059 1372 3112 διὰ.
1400 3060 1594 3131 πολλὴν
1624 3062 2050 3134 φιλανθρωπίαν.
2086 3063 2178 3117 Ζῶ
2204 3064 2312 3134 γὰρ
2339 3063 2471 3133 ἐγὼ,

814 3142 975 3210 λέγει
1014 3143 1253 3210 Κύριος·
1287 3147 1358 3198 οὐ
1389 3146 1689 3216 ,βούλομαι
1722 3150 1829 3203 τὸν
1858 3149 2117 3204 θάνατον
2147 3151 2253 3204 τοῦ
2289 3152 2473 3219 ἀμαρ-

817 3227 1030 3292 τωλοῦ,
1061 3230 1141 3294 ὡς
1163 3230 1228 3283 τὸ
1259 3231 1613 3302 ἐπιστρέψαι
1640 3235 1737 3288 καί
1770 3235 1878 3304 ζῇν
1903 3239 2105 3291 αὐτόν.
2136 3237 2278 3309 Πρὸς
2305 3238 2360 3290 δὲ
2385 3237 2473 3290 τὸν

817 3311 1020 3367 δίκαιον
1048 3314 1194 3384 λέγει
1214 3335 1226 3346 ο
1277 3318 1418 3372 Ἐὰν
1441 3319 1667 3388 ποιήσῃ
1693 3321 2003 3387 ἄνθρωπος
2030 3321 2236 3376 πᾶσαν
2260 3322 2476 3376 δικαιο-

818 3399 1017 3466 σύνην
1056 3401 1154 3455 καί
1197 3400 1403 3458 πᾶσαν
1445 3404 1749 3470 ἀλήθειαν,
1778 3407 1875 3460 καί
1904 3409 2188 3477 στραφεὶς
2223 3410 2472 3477 ἁμάρτῃ,

817 3487 890 3539 οὐ
917 3484 1003 3553 μὴ
1035 3487 1285 3555 μνησθῶ
1329 3488 1438 3556 τῆς
1471 3490 1862 3560 δικαιοσύνης
1904 3493 2110 3558 αὑτοῦ,
2149 3495 2284 3548 ἀλλ’
2305 3495 2374 3547 ἐν
2400 3494 2475 3562 τῇ

817 3569 1069 3639 ἁμαρτίᾳ
1097 3573 1282 3627 αὑτοῦ
1319 3575 1791 3632 ἀποθανεῖται.“Ω
1819 3579 2016 3648 πολλῆς
2059 3580 2337 3651 ἀκριϐείας
2375 3581 2474 3650 τῆς

818 3659 956 3730 πρὸς
972 3660 1060 3713 τὸν
1084 3661 1288 3716 δίκαιον
1303 3679 1316 3692 ’
1339 3662 1384 3715 ὣ
1408 3664 1603 3735 πολλῆς
1622 3665 1897 3736 δαψιλείας
1916 3667 2013 3736 τῆς
2037 3667 2172 3738 πρὸς
2191 3668 2281 3721 τὸν
2299 3669 2476 3741 ἁμαρ-

818 3745 1064 3799 τάνοντα.
1105 3746 1259 3801 Οὕτω
1303 3749 1358 3802 δὲ
1404 3751 1662 3815 ποικίλως
1701 3753 1795 3805 καὶ
1821 3753 2091 3826 διαφόρως
2146 3757 2472 3826 μηχανᾶται,

818 3831 918 3884 ούκ
943 3832 1106 3896 αὐτὸς
1133 3835 1618 3908 μεταϐαλλόμενος,
1650 3838 1784 3892 ἀλλά
1811 3841 2094 3911 χρησίμως
2122 3842 2357 3912 μερίζων
2381 3845 2478 3914 τῆς

819 3916 1144 3988 άγαθότητος
1168 3920 1330 3973 αὐτοῦ
1353 3921 1452 3985 τὰς
1476 3924 1782 3994 οἰκονομίας
1803 3940 1816 3952 °
1848 3927 1942 3978 καὶ
1970 3927 2137 3988 ὅπως,
2169 3928 2351 3981 ἄκουε.
2377 3930 2480 3982 Τὸν

819 4002 1142 4073 ἁμαρτωλὸν
1171 4006 1267 4059 καὶ
1295 4008 1604 4077 ἐμμένοντα
1636 4013 1754 4074 ταῖς
1775 4012 2090 4081 ἁμαρτίαις,
2123 4013 2216 4066 ὲάν
2246 4013 2476 4085 φοϐήσῃ,

823 4091 903 4151 είς
927 4090 1234 4158 ἀπόγνωσιν
1277 4095 1438 4147 αὐτὸν
1471 4097 1564 4148 καὶ
1596 4097 1965 4167 ἀπαγόρευσιν
2000 4100 2102 4168 τῆς
2129 4099 2344 4164 ἐλπίδος
2389 4102 2482 4170 φέ-

825 4192 908 4246 ρει
927 4195 940 4209 ·
964 4178 1056 4231 τὸν
1082 4180 1138 4233 δὲ
1160 4181 1363 4234 δίκαιον
1385 4183 1480 4236 ἐὰν
1507 4186 1805 4256 μακαρίσῃ,
1837 4190 2026 4255 χαυνοῖ
2047 4185 2196 4256 [529]
2225 4189 2323 4257 τῆς
2352 4190 2483 4258 ἀρεο

821 4264 920 4333 τῆς
948 4267 1111 4318 αὐτοῦ
1155 4268 1247 4320 τὸν
1280 4270 1450 4334 τόνον,
1480 4273 1572 4324 καὶ
1617 4273 1692 4335 ὡς
1735 4273 1834 4343 ἤδη
1883 4275 2308 4345 μακαρισθέντα,
2340 4277 2480 4346 ἀμε-

821 4352 932 4406 λεῖν
969 4355 1128 4409 αὐτὸν
1172 4358 1269 4427 τῆς
1313 4359 1546 4430 σπουδῆς
1589 4362 2010 4431 παρασκευάζει.
2043 4363 2141 4415 Διὰ
2183 4362 2341 4416 τοῦτο
2389 4364 2480 4416 τὸν

827 4441 927 4508 μὲν
980 4443 1299 4512 ἁμαρτωλὸν
1343 4446 1501 4511 ἐλεεῖ,
1533 4447 1624 4499 τὸν
1662 4448 1720 4502 δὲ
1761 4449 1966 4502 δίκαιον
2007 4450 2190 4519 φοϐεῖ·
2227 4451 2481 4519 Φοϐερὸς

825 4526 934 4597 γάρ
976 4528 1074 4584 ἐπὶ
1122 4530 1350 4596 πάντας
1390 4532 1529 4598 τοὺς
1559 4537 2126 4602 περικύκλφαὺτοῦ·
2180 4539 2294 4602 καὶ,
2333 4541 2483 4606 Χρη-

825 4616 972 4681 στὸς
1021 4617 1229 4684 Κύριος
1277 4617 1398 4686 τοῖς
1429 4621 1725 4688 σύμπασι.
1770 4623 2041 4690 Φοϐερὸς,
2082 4624 2266 4695 φησὶν,
2313 4624 2484 4678 ἐστὶν

825 4700 923 4754 ἐπὶ
946 4701 1174 4768 πάντας
1202 4705 1344 4770 τοὺς
1371 4708 1711 4772 περικύκλῳ
1731 4709 1915 4762 αὐτοῦ
1933 4727 1946 4740 ι
1975 4710 2067 4763 καὶ
2089 4713 2232 4774 τίνες
2256 4711 2322 4764 ἂν
2351 4706 2479 4775 εἷεν,

826 4787 938 4840 ἀλλ’
971 4789 1004 4859 ἢ
1045 4791 1094 4842 οί
1130 4792 1305 4858 ἂγιοις
1349 4792 1409 4845 '0
1439 4792 1582 4859 Θεὸς
1614 4793 1742 4866 γὰρ,
1780 4796 1943 4866 φησὶν
1979 4797 2008 4849 6
2038 4795 2220 4860 Δαυῒδ,
2253 4800 2286 4850 ὁ
2317 4798 2483 4850 ἐνδο-

827 4873 1141 4944 ξαζόμενος
1164 4878 1232 4930 ἐν
1251 4879 1455 4948 βουλῇ
1480 4881 1681 4950 ἁγίων,
1699 4883 1888 4951 μέγας
1915 4884 2011 4937 καὶ
2043 4885 2292 4953 φοϐερός
2314 4884 2482 4937 ἐστιν

825 4961 921 5014 ἐπὶ
955 4961 1184 5028 πάντας
1210 4967 1350 5031 τοὺς
1380 4970 1716 5034 περικύκλῳ
1737 4970 1940 5024 αὐτοῦ.
1961 4972 2083 5024 Ἐὰν
2115 4971 2198 5045 ἴδῃ
2226 4972 2477 5036 πεσόντα,

828 5051 1055 5104 ἐκτείνει
1099 5052 1253 5121 χεῖρα
1285 5053 1720 5124 φιλανθρωπίας·
1755 5057 1848 5109 ἐὰν
1895 5056 1980 5130 ἴδῃ
2027 5059 2252 5121 ἑστῶτα,
2286 5059 2480 5126 ἐπάγει

827 5135 1020 5202 φόϐον·
1067 5138 1159 5192 καὶ
1205 5137 1358 5191 τοῦτο
1391 5139 1733 5210 δικαιοσύνης
1787 5143 1880 5194 καὶ
1931 5143 2341 5215 δικαιοκρισίας.
2377 5146 2480 5199 Τὸν

830 5223 930 5292 μὲν
963 5224 1067 5295 γὰρ
1113 5224 1318 5280 δίκαιον
1348 5225 1424 5296 τῷ
1464 5225 1612 5296 φόϐῳ
1639 5227 1899 5298 στηρίξει,
1928 5228 2017 5280 τὸν
2059 5230 2114 5282 δὲ
2163 5231 2484 5301 ἁμαρτωλὸν

826 5311 893 5378 τῇ
941 5311 1311 5384 φιλανθρωπίᾳ
1359 5313 1679 5384 διεγείρειο.
1722 5315 1828 5367 Kal
1861 5314 2033 5377 θέλεις
2071 5317 2236 5369 αὑτοῦ
2280 5319 2483 5385 γνῶναι

829 5398 926 5466 τὴν
963 5397 1214 5468 εὔκαιρον
1247 5401 1553 5472 ἁγαθότητα
1583 5402 1676 5456 καὶ
1724 5401 1821 5473 τὴν
1867 5401 2164 5473 εὔχρηστον
2193 5405 2286 5456 καὶ
2315 5406 2484 5474 ἁρμό⁴

829 5482 1026 5546 ζουσαν
1050 5487 1183 5555 ἡμῖν
1210 5487 1542 5556 ἀποτομίαν;
1585 5491 1822 5562 Πρόσεχε
1852 5489 2116 5561 ἀκριϐῶς,
2163 5491 2236 5560 μή
2281 5507 2339 5542 σε
2371 5491 2485 5543 δια-

831 5571 972 5644 φύγῃ
1000 5574 1098 5644 τῆς
1121 5571 1352 5644 θεωρίας
1389 5575 1449 5626 τὸ
1480 5576 1704 5644 μέγεθος
1725 5595 1738 5609 ’
1765 5581 1797 5650 ή
1831 5577 2148 5649 ἁμαρτωλὸς
2185 5577 2365 5646 ἐκείνη
2390 5594 2486 5645 γυ‹

892 5734 918 5801 ξ
944 5733 1074 5801 Unus:
1091 5734 1213 5801 Reg.
1239 5735 1399 5801 ὀηάγει
1425 5737 1885 5801 φόϐονᾷδικαιοσύνης
1919 5741 1999 5788 καὶ
2023 5739 2378 5801 δικαιοκρισίας·
2405 5742 2483 5789 καὶ

831 5791 998 5842 τοῦτον
1021 5799 1085 5861 τῷ
1108 5791 1238 5860 φόϐῳ
1261 5791 1508 5861 στηρίζων,
1534 5799 1747 5848 κάκεῖνον
1769 5808 1825 5864 τῇ
1843 5791 2155 5866 φῖλανθρωπίᾳ
2182 5791 2384 5864 ἐγείρων.

1581 418 1636 473 S.
1678 418 1960 474 JUANNIS
1991 416 2486 476 CHRYSOSTOMI
2519 416 2841 475 ARCHIEP.
2881 421 3424 480 CONSTANTINOP.

4123 436 4225 490 526

2569 531 2638 604 νὴ
2689 535 2721 604 ἡ
2754 542 3219 614 μεμαρτυρημένη
3249 543 3340 595 ἐπὶ
3374 541 3519 611 πάτῃ
3551 542 3792 612 διμιιρτίει
3818 549 3914 599 καὶ
3942 549 4222 620 ἀκμᾷ-ἡ

2567 626 2800 681 τοσαῦτα
2849 629 3237 700 ἁμαρτήσασα,
3270 633 3364 686 καὶ
3410 631 3677 695 τοσούτοις
3710 633 3995 702 ἁμαρτιῶν
4042 638 4226 707 ἔργοις

2568 714 2881 784 ὲνεχομένη,
2911 713 3181 784 διψήσασα
3207 721 3305 789 τὴν
3335 723 3397 773 ὲκ
3434 719 3715 790 μετανοίας
3737 721 4010 789 σωτηρίαν
4038 725 4226 778 ύπεισ·

2565 802 2695 871 ἦλθε
2714 801 2791 873 τῷ
2810 803 3092 872 συμποσίῳ
3108 804 3215 858 τῶν
3239 808 3406 875 ἁγίων
3425 826 3438 839 ·
3468 807 3616 861 καλῶ
3634 806 3690 859 δὲ
3711 807 4010 877 συμπόσιον
4031 812 4221 878 ἁγίων,

2567 889 2754 962 ἐπειδὴ
2788 890 2966 960 παρῆν
2987 891 3014 942 6
3038 890 3222 958 Ἄγιος
3245 894 3354 947 τῶν
3375 896 3561 964 ἁγίων.
3593 893 3699 949 Τοῦ
3731 893 3837 964 γὰρ
3861 894 4116 964 Σωτῆρος
4137 915 4228 949 κασ-

2566 977 2951 1046 τακεκλιμένου
2979 978 3036 1028 ὲν
3057 976 3134 1040 τῷ
3165 979 3298 1048 οῖκῳ
3325 980 3562 1050 Σίμωνος
3582 981 3675 1034 τοῦ
3701 980 4017 1051 Φαρισαίου,
4034 981 4228 1033 ὑπεισ-

2567 1061 2725 1129 ῆλθεν
2749 1065 2781 1134 ἡ
2805 1063 2938 1134 γυνὴ
2963 1065 2994 1133 ή
3016 1065 3334 1133 ἁμαρτωλὸς
3355 1069 3554 1138 ἐκείνη,
3580 1070 3672 1122 καὶ
3697 1067 3802 1122 τῶν
3824 1066 4002 1120 ποδῶν
4020 1067 4227 1136 ἥπτετο

2566 1147 2660 1200 τοῦ
2700 1150 2970 1221 Σωτῆρος,
2997 1150 3090 1202 καὶ
3131 1151 3241 1214 τοῖς
3277 1152 3534 1224 δάκρυσιν
3567 1155 3870 1210 ἀπέπλυνεν
3895 1153 4064 1208 αὐτοῦ
4097 1157 4227 1217 τοὺς

2571 1236 2754 1299 πόδας.
2786 1239 2879 1290 καὶ
2916 1239 3034 1300 ταῖς
3061 1236 3234 1307 θριξὶν
3262 1239 3522 1309 ὲξέματτε
3541 1261 3554 1273 ·
3584 1244 3678 1296 καὶ⁵
3700 1244 3798 1314 τὴν
3819 1241 4090 1304 τοσούτοις
4129 1258 4225 1292 κε-

2568 1324 2854 1394 χωσμένην
2888 1326 3242 1396 ἁμαρτήμασι
3275 1324 3606 1397 διανίστησιν
3633 1333 3662 1382 6
3703 1329 4100 1399 φιλάνθρωπος,
4139 1326 4228 1379 λέ-

2568 1424 2678 1474 γων
2695 1427 2709 1439 ·
2757 1412 3062 1479 Ἀφέωνται
3087 1410 3274 1478 αὐτῆς
3294 1415 3352 1464 αὶ
3376 1412 3670 1480 ἁμαρτίαι.
3698 1417 3772 1469 Οὐ
3803 1417 3910 1487 γὰρ
3936 1414 4227 1486 πρόκειταί

2573 1512 2660 1564 μοι
2690 1496 2784 1551 νῦν
2811 1500 3056 1562 ἐξετάσαι
3083 1499 3260 1551 πᾶσαν
3287 1498 3385 1567 τὴν
3412 1498 3669 1568 ἱστορίαν,
3697 1502 3831 1555 ἀλλὰ
3877 1503 4044 1571 μόνην
4080 1517 4228 1569 παρ-

2571 1588 2794 1652 αγαγεῖν
2810 1584 2838 1624 ι’
2859 1588 2956 1655 τὴν
2982 1584 3451 1656 μαρτυρίαν.”ορα
3476 1584 3650 1637 τοίνυν
3671 1586 3766 1655 τὴν
3795 1588 4071 1656 δαψίλειαν
4087 1604 4104 1618 ο
4141 1582 4226 1641 Οὖ

2570 1669 2744 1736 χάριν
2790 1671 2943 1740 λέγω
2991 1686 3109 1732 σοι,
3167 1669 3457 1738 ἀφέωνται
3501 1669 3691 1736 αὐτῆς
3735 1675 3793 1724 αι
3833 1673 4110 1739 ἁμαρτίαι
4167 1675 4226 1723 αλ

2569 1759 2810 1823 πολλαὶ,
2838 1759 2927 1812 ὅτι
2961 1759 3116 1812 πολὺ
3150 1758 3440 1828 ἠγάπησε.
3469 1756 3746 1810 Τοσούτων
3777 1755 3869 1812 οῦν
3889 1760 4227 1829 ἁμαρτημάο

2568 1859 2676 1895 των
2706 1845 3005 1914 ἀμνηστίαν
3038 1846 3329 1914 ἐκομίσατο
3365 1847 3397 1915 ή
3431 1842 3752 1914 ἁμαρτωλὸς
3778 1846 3935 1914 γυνή.
3968 1847 4077 1898 Kal
4106 1848 4228 1898 Μα-

2573 1928 2658 1998 ρία
2686 1929 2762 1994 δὲ,
2801 1934 2833 2000 ή
2870 1931 3070 2001 ἀδελφὴ
3105 1932 3396 1994 Μωῦσέως,
3440 1929 3528 1983 διά
3562 1929 3752 2000 μικρὸν
3784 1931 4096 1999 γογγυσμδν
4139 1932 4228 1982 λέ-

2569 2030 2682 2084 πρᾳ
2703 2016 3140 2080 καταδικάζεται.
3159 2018 3283 2080 Τοῖς
3301 2015 3667 2086 ἁμαρτάνουσι
3693 2014 3870 2080 λέγει·
3907 2015 4052 2070 Ἐὰν
4073 2012 4229 2069 ὦσιν

2567 2103 2626 2153 al
2658 2102 2932 2170 ἁμαρτίαι
2964 2104 3130 2172 ὑμῶν
3150 2105 3230 2168 ὼς
3258 2104 3556 2166 κόκκινον,
3577 2102 3656 2167 ὡς
3683 2101 3856 2168 χιόνα
3875 2112 3898 2140 ε
3925 2102 4224 2155 demeaer

2569 2190 2663 2242 καὶ
2691 2189 3010 2260 μεταϐάλλει
3060 2191 3120 2243 τὸ
3166 2191 3352 2252 σκότος
3398 2192 3475 2251 εὶς
3525 2189 3660 2258 φῶς,
3687 2190 3752 2257 τῇ
3805 2188 4077 2258 μεταϐολῇ
4127 2190 4228 2257 τῆς

2571 2278 2873 2346 μετανοίας,
2911 2279 3004 2330 καὶ
3049 2276 3314 2346 τοσαύτην
3357 2276 3542 2330 κακῶν
3587 2275 3844 2342 ἀφθονίαν
3898 2274 4103 2327 διαλύει
4157 2278 4224 2345 τῇ

2569 2366 2718 2434 φωνῇ
2758 2363 2858 2433 τῆς
2891 2363 3220 2434 ἀγαθότητος
3242 2380 3256 2394 ο
3289 2363 3424 2432 πρὸς
3449 2362 3505 2415 δὲ
3529 2361 3618 2414 τὸν
3647 2364 3705 2414 ὲν
3733 2360 4048 2433 δικαιοσύνῃ
4073 2361 4228 2431 βαδί-

2570 2449 2730 2511 ζοντά
2760 2465 2951 2518 φησιν·
2988 2451 3084 2513 "Oc
3116 2447 3192 2501 ἂν
3217 2448 3358 2515 ειπῃ
3399 2446 3479 2512 τῷ
3517 2446 3758 2515 ἀδελφῷ
3788 2447 3997 2512 αὐτοῦ,
4035 2448 4226 2514 Μωρέ,

2569 2535 2780 2603 ἔνοχός
2805 2536 2934 2588 ἐστι
2953 2534 3027 2602 τῇ
3052 2537 3265 2603 γεέννῃ
3298 2535 3402 2588 τοῦ
3427 2538 3637 2602 πυρός.
3653 2535 3766 2588 Ἑνὶ
3797 2537 3999 2605 ῥήματι
4031 2537 4230 2588 τοπά-

2568 2639 2668 2692 την
2693 2621 2956 2693 ἐπέθηκεν
2977 2623 3275 2693 ἀκρίϐειαν,
3302 2623 3394 2676 καὶ
3422 2621 3693 2686 τοσούτοις
3721 2624 4082 2694 ἁμαρτήμασι
4099 2638 4228 2675 τοσ-

2572 2709 2739 2778 αύτην
2767 2711 2955 2779 μετρεῖ
2976 2709 3072 2780 τὴν
3096 2709 3376 2777 ἀφθονίαν.

2639 2795 2742 2850 Καὶ
2770 2794 2955 2867 ἕτερόν
2980 2813 3068 2866 μοι
3087 2796 3357 2866 σκόπησον
3380 2796 3705 2866 θαυμαστόν.
3725 2797 3939 2867 Ἐπειδῆ
3958 2797 4026 2850 τὰ
4048 2797 4227 2868 ἀμαρ-

2572 2883 2788 2952 τήματα
2807 2881 2882 2945 ὡς
2905 2882 3193 2952 ὀφλήματα
3219 2883 3609 2954 ἁναγράφεται,
3631 2885 3742 2945 τοῖς
3764 2883 3862 2951 μὲν
3884 2883 4227 2953 ἀμαρτωλοξ

2572 2969 2664 3021 καὶ
2690 2969 2751 3021 τὸ
2781 2969 3068 3038 κεφάλαιον
3113 2971 3384 3039 συγχωρεῖ
3421 2969 3765 3039 μετανοοῦσι·
3819 2969 3966 3038 παρὰ
4011 2968 4070 3020 δὲ
4120 2969 4228 3021 τῶν

2570 3054 2790 3108 δικαίων
2820 3057 2912 3110 καὶ
2937 3057 3124 3120 τόκους
3149 3057 3388 3110 ἀπαιτεῖ.
3423 3056 3731 3126 Προσῆλθεν
3774 3055 3918 3125 αὐτῷ
3962 3073 4226 3126 χρεωφειο

2571 3142 2728 3211 λέτης
2775 3141 2982 3195 πολλῶν
3031 3142 3328 3204 ταλάντων,
3367 3144 3457 3196 καὶ
3510 3143 3584 3205 ὡς
3632 3145 3696 3212 τῇ
3753 3143 4010 3212 μετανοίᾳ
4035 3143 4133 3196 καὶ⁷
4161 3146 4224 3212 τῇ

2571 3228 2738 3299 πολλῇ
2778 3228 2956 3299 ἱκεσίᾳ
2994 3229 3308 3299 ὲδυσώπησε
3351 3230 3452 3300 τὴν
3492 3229 3665 3300 δίκην,
3702 3231 3795 3282 καὶ
3823 3227 3943 3282 εἷπε
3967 3245 3982 3257 ’
4029 3231 4226 3296 Κύριε.

2567 3317 3034 3384 μακροθύμησον
3076 3315 3169 3368 ἐπ’
3195 3317 3344 3384 ἐμοὶ,
3387 3316 3484 3369 καὶ
3535 3316 3729 3369 πάντα
3772 3314 4083 3369 ἀποδώσω.
4115 3316 4229 3368 Ούιι

2573 3403 2823 3472 ἀνέμεινε
2871 3407 2969 3470 τὴν
3012 3401 3262 3454 ἀπόδοσιν
3291 3404 3319 3454 6
3349 3402 3738 3471 φιλάνθρωπος,
3771 3401 3904 3455 ἀλλὰ
3927 3403 4028 3471 τὴν
4050 3402 4229 3470 ὲξομι»

2573 3487 2794 3557 λόγησιν
2820 3487 2972 3539 λύσιν
3004 3488 3222 3555 ἐποίησε
3250 3487 3342 3540 τοῦ
3371 3487 3678 3557 ὀφλήματος
3696 3505 3711 3519 ο
3743 3486 3819 3556 τῷ
3843 3487 4097 3557 όφειλέτῃ
4118 3488 4226 3540 τῶν

2579 3575 2786 3646 μυρίων
2815 3574 3089 3626 ταλάντων
3114 3574 3288 3627 πάντα
3317 3574 3654 3644 συνεχώρησε
3683 3575 3774 3627 καὶ
3799 3573 3930 3626 αύτὸ
3952 3573 4013 3626 τὸ
4057 3575 4226 3642 κεφά-

2574 3661 2744 3715 λαιον.
2780 3660 2939 3731 Παρά
2976 3661 3033 3713 δὲ
3075 3660 3183 3713 τῶν
3228 3660 3450 3713 δικαίων
3477 3661 3866 3729 ἐπαγγέλλεται
3908 3662 4003 3714 καὶ
4037 3661 4226 3722 τόκους

2575 3749 2824 3802 ἀπαιτεῖν
2847 3763 2858 3777 ·
2888 3747 2991 3801 Διὰ
3028 3748 3085 3800 τί
3129 3745 3237 3815 γὰρ
3271 3749 3381 3800 οὐκ
3415 3747 3670 3801 ἐδώκατε
3710 3749 3778 3801 τὸ
3805 3749 4090 3817 ἀργύριόν
4108 3765 4226 3816 μου

2576 3835 2702 3900 τοῖς
2729 3832 3134 3900 τραπεζῖταιςά
3162 3848 3176 3862 ·
3222 3833 3381 3902 κάγὼ
3404 3833 3596 3887 ἐλθὼν
3633 3834 3754 3886 σὺν
3777 3835 3976 3898 τόκοις
4001 3834 4227 3899 ἀπῄτη-

2578 3937 2695 3982 σα;
2730 3919 2913 3972 Ταῦτα
2956 3919 3118 3986 λέγω,
3148 3921 3244 3988 οὐχ
3270 3919 3345 3982 ὡς
3370 3919 3462 3972 τοῦ
3493 3919 3626 3972 Θεοῦ
3668 3919 3804 3990 πρὸς
3839 3920 3964 3980 τοὺς
3987 3918 4226 3981 δικαίους

2583 4005 2729 4076 [550]
2763 4004 3012 4074 ἀπεχθῶς
3037 4005 3403 4073 διακειμένουο
3431 4005 3583 4059 οὐδὲν
3611 4004 3721 4073 γὰρ
3765 4003 3843 4072 τῷ
3873 4002 3990 4071 Θεῷ
4034 4002 4128 4054 τοῦ
4151 4003 4227 4055 δι-

2581 4091 2733 4145 καίου
2764 4089 3130 4160 ποθεινότερον
3155 4106 3170 4120 ·
3209 4091 3344 4153 ἁλλ’,
3369 4090 3440 4154 ὼς
3469 4091 3638 4161 ἔφθην
3670 4088 3856 4147 εἰπὼν.
3892 4089 4225 4157 παραμυθεῖ-

2578 4195 2668 4230 ται
2691 4178 2781 4230 τὸν
2813 4175 3152 4246 ἁμαρτωλὸν,
3187 4178 3272 4229 ἴνα
3295 4177 3535 4250 διεγείρῃ
3554 4194 3568 4206 ·
3605 4175 3759 4245 φοϐεῖ
3781 4174 3870 4227 καὶ
3890 4175 3980 4226 τὸν
3999 4174 4223 4238 δίκαιον,

2580 4264 2667 4316 ἵνα
2701 4264 2926 4333 στηρίξῃ
2946 4278 2958 4291 ⁸
2990 4262 3083 4315 καὶ
3111 4264 3222 4322 τοῖς
3259 4264 3354 4332 μὲν
3379 4263 3447 4316 τὰ
3480 4262 3649 4316 πολλὰ
3681 4263 3948 4329 συγχωρεῖ
3976 4261 4226 4332 πλημμεο

2580 4348 2796 4418 λήματα
2824 4349 2898 4412 ώς
2923 4348 3132 4420 ἐχθροῖς
3157 4350 3248 4402 καὶ
3277 4349 3726 4418 πεφυσιωμένοις,
3753 4348 3865 4407 τοῖς
3890 4345 3948 4397 δὲ
3977 4347 4071 4398 καὶ
4101 4348 4222 4417 περὶ

2582 4435 2686 4486 τῶν
2713 4434 2977 4504 τυχόντων
3007 4435 3453 4506 ἀκριϐολογεῖται,
3498 4433 3663 4503 μηδὲν
3705 4432 3883 4493 αὐτοῖς
3919 4431 4128 4496 ἐλλιπὲς
4151 4429 4225 4486 εἴ·

2585 4540 2669 4574 ναι
2697 4520 3008 4591 βουλόμενος
3040 4525 3119 4585 είς
3142 4522 3511 4591 ἁκρότητα.⁹“0
3535 4518 3642 4589 γάρ
3678 4518 3822 4569 ἐστιν
3859 4519 3915 4570 ὲν
3944 4517 4022 4588 τῷ
4042 4520 4224 4590 κόσμῳ

2582 4607 2754 4676 τούτῳ
2793 4607 3060 4672 πλούσιος,
3091 4607 3248 4660 τοῦτο
3276 4605 3353 4672 τῷ
3385 4603 3501 4672 Θεῷ
3524 4603 3757 4665 δίκαιος·
3790 4603 3883 4656 καὶ
3926 4604 3955 4655 ὅ
3994 4606 4136 4658 ἐστιν
4163 4607 4222 4657 ὲν

2581 4692 2658 4762 τῷ
2686 4694 2873 4764 κόσμῳ
2898 4694 3085 4763 πένης,
3109 4691 3264 4744 τοῦτο
3291 4689 3369 4759 τῷ
3395 4687 3513 4758 Θεῷ
3535 4687 3879 4758 ἁμαρτωλός·
3906 4690 4055 4743 οὐδὲν
4083 4708 4217 4744 πτω-

2581 4784 2798 4853 χότερον
2821 4781 2912 4834 τοῦ
2949 4780 3368 4850 ἁμαρτάνοντος,
3402 4777 3494 4830 καὶ
3523 4776 3672 4829 οὐδὲν
3713 4774 4100 4848 πλουσιώτερον
4127 4780 4218 4832 τοῦ

2580 4868 3109 4940 δικαιοπραγοῦντος.
3142 4865 3238 4918 Διὰ
3267 4864 3424 4919 τοῦτο
3454 4866 3582 4935 περὶ
3621 4864 3717 4932 μὲν
3748 4862 3853 4916 τῶν
3896 4865 3955 4917 ὲν
3980 4866 4220 4934 εὐσεϐείᾳ

2581 4957 2674 5011 καὶ
2723 4955 2946 5025 εύθηνίᾳ
2989 4952 3279 5020 διαγόντων
3329 4953 3493 5022 φησὶν
3528 4954 3555 5004 6
3588 4950 3828 5013 Παῦλοςο
3878 4952 4220 5022 Εὑχαριστῶ

2581 5045 2660 5110 τῷ
2708 5044 2850 5106 Θεῷ,
2883 5043 2970 5096 ὅτι
3017 5041 3085 5095 ἐν
3132 5040 3308 5095 παντί
3351 5039 3780 5102 ἐπλουτίσθητε
3827 5041 3896 5093 ἐν
3936 5041 4114 5105 αὐτῷ,
4152 5041 4222 5092 ἐν

2582 5131 2758 5183 παντὶ
2791 5129 2949 5195 λόγῳ
2981 5128 3075 5180 καὶ
3118 5127 3285 5195 πάσῃ
3314 5126 3548 5196 γνώσει.
3579 5125 3712 5196 Περὶ
3748 5127 3804 5180 δὲ
3832 5129 3942 5183 τῶν
3971 5127 4215 5184 ἀισεϐούν⁸

2581 5236 2689 5270 των
2727 5219 2756 5268 6
2790 5217 3053 5287 μακάριος
3097 5215 3363 5288 Ἱερεμίας
3407 5213 3584 5280 λέγει·
3619 5215 3791 5282 Ἴσως
3827 5217 4050 5286 πτωχοί
4082 5217 4212 5274 εισι,

2584 5304 2680 5358 διὰ
2739 5303 2906 5358 τοῦτο
2952 5307 3061 5359 οὐκ
3109 5305 3407 5371 ἠδύναντο
3457 5301 3696 5356 ἀκούειν
3757 5305 3942 5373 λόγον
3986 5301 4211 5368 Κυρίου.

2597 5391 2756 5464 Ὁρᾷς
2785 5395 2927 5457 ὅπως
2961 5394 3205 5465 πτωχοὺς
3234 5389 3389 5443 καλεῖ
3433 5390 3555 5454 τους
3601 5389 4098 5463 ἀπεσχοινισμένους
4120 5382 4214 5452 τῆς

2647 5612 2789 5662 ιιΑΙὶἰ
2829 5610 3145 5674 παρεισάγειν.
3274 5666 3297 5674 _
3401 5671 3413 5674 _
3534 5669 3545 5674 _
3653 5667 3664 5674 _
3708 5665 3728 5674 _
3808 5664 3818 5674 ,

2649 5679 2670 5706 ε
2697 5658 2982 5733 ’ῡῇὶιέῑιὶιὲ-
3011 5658 3074 5725 eo}
3387 5669 3622 5733 «9mm.
3650 5665 3774 5733 ιρτη
3803 5661 3934 5712 idem
3959 5658 4209 5722 βιδίτσντατ

2583 5738 2626 5786 τί
2651 5753 2788 5792 φησιν
2813 5737 2839 5782 6
2860 5735 2918 5780 τὰ
2937 5727 3090 5779 πολλὰ
3112 5729 3378 5792 χαρίσματα
3401 5727 3570 5790 διδοὺς,
3590 5732 3640 5784 ὃς
3669 5727 3741 5774 άν.

2702 5791 2821 5857 Reg.
2850 5807 2974 5842 unus
2993 5793 3055 5846 εἰς
3071 5791 3312 5854 τράπεζαν,
