4432 6700
424 475 531 526 3‘25

422 586 608 639 eadem
644 584 941 640 clementiae
994 582 1239 638 redditur
1284 580 1440 635 ratio.
1480 580 1536 636 Si
1563 579 1988 636 emendationem

423 674 552 727 ultio
579 674 967 744 prmvertisset,
998 671 1227 726 mundus
1252 669 1460 726 deletus
1479 679 1623 726 esset
1652 670 1997 740 l‘uuditusque

420 765 666 835 periisset
697 785 711 820 :
738 767 783 822 si
802 766 951 820 velox
966 762 1033 817 ad
1058 776 1268 831 pinnam
1286 762 1597 817 sumendam
1622 761 1813 816 fuisset
1834 760 1995 827 Deus,

421 856 641 910 Paulum
668 854 907 910 Ecclesia
951 867 1058 906 nou
1104 851 1428 920 possedisset
1452 894 1466 917 ,
1502 854 1770 920 talemque
1796 865 1858 905 ac
1882 858 1997 904 tan-

420 956 529 1001 tum
556 948 727 1001 virum
768 959 875 998 non
900 941 1215 1012 accepisset.
1256 944 1544 1012 Pr0pterea
1594 942 1753 1010 igitur
1797 942 1998 996 distulit

418 1042 921 1109 olasphemantem,
988 1045 1044 1090 ut
1104 1036 1412 1091 ostenderet
1478 1034 1844 1104 paenitentem.
1904 1034 1994 1089 Dei

390 1126 789 1198 longanimitas
831 1136 1263 1196 persequutorem
1292 1124 1468 1180 eﬂ‘ecit
1517 1139 1817 1193 praeconem
1848 1143 1861 1178 :
1896 1125 1992 1179 Dei

416 1216 795 1286 longanimitas
825 1215 1002 1285 lupum
1041 1217 1268 1270 mutavit
1312 1215 1365 1268 in
1413 1225 1682 1282 pastorem
1710 1232 1722 1267 :
1749 1215 1840 1269 Dei
1871 1215 1991 1268 lon-

413 1307 694 1377 ganimitas
723 1307 1059 1375 publicanum
1088 1307 1213 1361 fecit
1237 1304 1619 1381 evangelistam
1652 1320 1667 1356 :
1695 1306 1785 1359 Dei
1809 1306 1990 1376 longa-

412 1399 629 1451 nimitas
644 1407 881 1453 nostrum
903 1400 1143 1453 omnium
1167 1398 1392 1452 miserta
1421 1406 1525 1463 est,
1540 1411 1727 1451 omnes
1748 1399 1988 1462 mutavit,

410 1506 599 1545 omnes
625 1495 907 1548 convertit.
948 1493 1003 1549 Si
1046 1492 1243 1548 videris
1268 1491 1538 1547 ebriosum
1569 1491 1697 1544 olim
1748 1505 1890 1545 nunc
1914 1490 1996 1560 je-

408 1580 600 1649 junare
624 1598 638 1645 ;
666 1582 714 1635 si
738 1582 936 1638 videris
965 1584 1092 1637 olim
1129 1584 1521 1652 blasphemum,
1567 1581 1907 1649 theologum;
1948 1580 1995 1634 si

414 1669 611 1724 videris
638 1686 789 1737 eum,
812 1674 900 1742 qui
937 1671 1205 1742 quondam
1232 1672 1477 1738 turpibus
1515 1670 1799 1725 cantilenis
1815 1684 1876 1723 os
1914 1669 1995 1722 in-

420 1761 680 1830 piinabat,
730 1778 870 1817 nunc
916 1763 1112 1816 divinis
1154 1761 1369 1832 hymnis
1420 1763 1657 1816 animum
1714 1776 1991 1832 purgare:

410 1851 603 1907 mirare
623 1853 715 1907 Dei
741 1851 1394 1923 longanimitatem,lauda
1424 1854 1810 1920 paenitentiam,
1842 1861 1897 1908 et
1925 1867 1989 1907 ex

407 1943 497 1998 illa
526 1945 819 1998 mutatione
842 1945 1181 1998 occasionem
1219 1942 1403 2012 accipe
1438 1944 1644 1999 dicendi
1677 1962 1689 1997 :
1717 1944 1844 1999 Hazc
1872 1962 1987 1998 mu-

406 2037 531 2089 tatio
577 2036 798 2089 dextera:
837 2034 1040 2088 Επειδὶ
1074 2032 1246 2103 (Psal.
1276 2034 1365 2089 76.
1393 2035 1498 2103 11).
1528 2035 1707 2090 Bonus
1728 2045 1809 2091 est
1846 2037 1987 2092 Deus

405 2140 531 2194 erga
553 2139 742 2179 omnes
761 2163 775 2188 ,
810 2124 1076 2193 praecipue
1103 2138 1232 2177 vero
1262 2124 1555 2179 bonitatem
1585 2139 1735 2179 suam
1766 2126 1989 2182 exhibet

404 2230 531 2284 erga
562 2223 895 2285 peccatores.
936 2214 1006 2269 Et
1030 2214 1075 2269 si
1103 2214 1338 2269 volueris
1358 2216 1697 2285 peregrinum
1719 2217 1987 2285 quidpiam

403 2307 609 2370 audire,
635 2307 970 2376 peregrinum
984 2305 1197 2375 quidem
1217 2305 1509 2360 secundum
1524 2306 1986 2374 consuetudinem,

402 2412 588 2451 verum
615 2409 795 2452 autem
826 2399 1120 2453 secundum
1150 2399 1405 2468 pietatem
1426 2439 1441 2463 ,
1474 2398 1622 2453 audi.

475 2485 579 2542 Cur
605 2504 717 2542 cum
738 2490 893 2558 justis
917 2506 1093 2558 aspere
1136 2499 1253 2559 agat
1292 2488 1449 2542 Deus.
1480 2518 1552 2529 —
1578 2488 1767 2545 Gravis
1823 2485 1990 2559 justis

401 2578 597 2646 ubique
625 2578 832 2633 videtur
862 2580 1022 2645 Deus,
1053 2580 1186 2634 lenis
1210 2588 1385 2633 autem
1412 2580 1797 2649 peccatoribus,
1825 2590 1990 2651 atque

400 2668 558 2722 velox
589 2667 653 2720 ad
681 2669 1050 2733 clementiam;
1071 2678 1382 2740 peccantem
1410 2680 1464 2724 et
1488 2669 1774 2724 cadentem
1797 2671 1983 2741 erigit,

399 2771 465 2810 ac
489 2757 567 2811 sic
590 2756 874 2826 alloquitur
898 2776 911 2811 :
947 2756 1211 2828 Numquid
1240 2761 1425 2813 cadens
1451 2776 1551 2813 non
1579 2763 1795 2831 resurgit
1825 2804 1841 2829 ,
1894 2771 1983 2817 aut

398 2861 601 2899 aversus
630 2862 733 2899 non
774 2849 1035 2901 revertitur
1068 2848 1199 2919 (Jer.
1229 2849 1283 2903 8.
1314 2848 1414 2919 4)?
1456 2859 1531 2917 et,
1585 2851 1759 2917 Quare
1810 2868 1984 2910 aversa

397 2946 471 2989 est
494 2936 750 2989 aversione
774 2936 1051 3006 impudenti
1082 2938 1374 3006 imprudens
1413 2940 1522 3007 filia
1546 2939 1686 2993 Juda
1723 2940 1881 3009 (Ibid.
1931 2958 1995 3007 νη

395 3025 508 3095 5)?
535 3040 597 3079 ac
622 3039 854 3091 rursum,
908 3025 1270 3080 Convertimini
1289 3028 1357 3080 ad
1394 3044 1492 3095 me,
1521 3039 1566 3082 et
1591 3045 1680 3099 ego
1723 3044 1984 3085 convertar

395 3116 465 3167 ad
489 3130 576 3168 vos
597 3114 783 3184 (Zach.
812 3115 863 3168 1.
893 3112 971 3186 5).
996 3115 1136 3169 Alibi
1157 3124 1334 3170 autem
1355 3133 1463 3185 pra:
1480 3118 1638 3171 nimia
1657 3118 1983 3189 benignitate

395 3204 619 3259 salutem
649 3220 712 3259 ex
737 3206 1048 3275 ptenitentia
1066 3207 1372 3275 juramento
1390 3208 1689 3264 conﬁrmat.
1732 3210 1851 3265 Vivo
1867 3229 1979 3283 ego,

395 3298 515 3350 dicit
538 3295 804 3360 Dominus,
838 3298 955 3351 nolo
990 3308 1198 3351 mortem
1225 3302 1524 3368 peccatoris,
1543 3301 1631 3355 sed
1654 3310 1707 3354 ut
1718 3313 1982 3356 converta-

394 3400 496 3454 tur,
548 3398 591 3443 et
614 3390 743 3442 vivat
765 3387 974 3458 (Ezech.
1005 3391 1095 3445 3'5.
1126 3391 1239 3461 11).
1272 3391 1352 3446 Ad
1374 3392 1575 3462 justum
1605 3402 1781 3448 autem
1810 3394 1972 3450 dicit:

394 3480 455 3534 Si
485 3481 655 3552 fecerit
682 3482 831 3534 homo
853 3497 1047 3535 onmem
1063 3483 1346 3549 justitiam,
1379 3492 1427 3536 et
1472 3502 1671 3538 omnem
1698 3488 1970 3548 veritatem,

394 3580 439 3624 et
464 3587 663 3625 aversus
684 3576 975 3641 peccaverit,
1006 3588 1105 3625 non
1127 3574 1657 3644 recordaborjustitite
1686 3576 1849 3640 illius,
1892 3578 1979 3633 sed

392 3662 443 3712 in
469 3670 670 3729 peccato
698 3664 940 3716 morietur
963 3662 1179 3731 (Ezech.
1213 3664 1299 3717 18.
1322 3662 1436 3735 24).
1463 3664 1508 3720 Ο
1558 3682 1803 3736 magnam
1849 3685 1975 3739 erga

390 3750 587 3819 justum
611 3753 914 3807 cautionem
937 3754 950 3807 l
980 3769 1012 3805 0
1040 3769 1283 3823 magnam
1306 3770 1429 3825 erga
1453 3765 1784 3825 peccatorem
1812 3758 1975 3828 largi-

392 3848 551 3893 tatem
574 3841 587 3894 !
616 3838 705 3895 Sic
731 3844 875 3897 varia
900 3852 955 3897 et
975 3843 1182 3898 diversa
1206 3845 1440 3913 molitur,
1470 3862 1573 3900 non
1591 3849 1702 3917 ipse
1720 3859 1970 3915 mutatus,

391 3929 484 3982 sed
515 3928 769 3984 bonitatis
800 3947 911 3987 suae
957 3933 1405 4002 dispensationem
1456 3937 1657 3992 utiliter
1707 3938 1970 3994 dividens.

391 4018 455 4072 Et
486 4021 775 4088 quomodo,
807 4023 952 4077 audi.
978 4024 1320 4080 Peccatorem
1346 4025 1473 4081 etin
1514 4029 1746 4096 peccatis
1790 4044 1972 4099 perse-

391 4117 658 4161 verantem
682 4111 727 4164 si
758 4114 1030 4180 terruerit,
1064 4113 1114 4167 in
1146 4113 1571 4183 desperationem
1605 4118 1693 4172 ille
1742 4118 1965 4173 labitur:

389 4198 590 4265 justum
618 4213 747 4253 vero
772 4202 816 4255 si
861 4202 1174 4271 laudaverit,
1212 4206 1314 4259 vim
1339 4205 1547 4261 virtutis
1592 4208 1708 4277 ejus
1742 4210 1977 4277 emollit;

390 4297 446 4343 et
487 4302 640 4351 eum,
692 4300 874 4359 utpote
906 4295 994 4363 qui
1020 4295 1130 4362 jam
1160 4299 1229 4349 sit
1258 4308 1615 4366 consequutus
1643 4300 1850 4354 laudem
1876 4341 1891 4365 ,
1920 4308 1971 4357 in

395 4378 769 4449 negligentiam
792 4379 895 4435 labi
923 4382 1103 4437 ellicit.
1134 4384 1492 4450 Quamobrem
1512 4395 1846 4455 peccatorem
1877 4390 1968 4442 mi-

388 4478 615 4532 seratur,
640 4468 840 4538 justum
882 4481 1049 4528 terret
1090 4491 1102 4526 :
1138 4474 1393 4531 Terribilis
1431 4477 1573 4530 enim
1598 4493 1749 4548 super
1773 4495 1963 4545 omnes,

388 4563 471 4633 qui
491 4563 542 4617 in
559 4562 766 4615 circuitu
789 4562 899 4631 ejus
926 4575 1041 4617 sunt
1060 4566 1227 4639 (Psal.
1247 4568 1336 4623 88.
1355 4566 1444 4637 8),
1477 4578 1547 4633 et,
1583 4568 1767 4623 Suavis
1790 4569 1959 4624 Domi-

389 4672 485 4709 nus
509 4654 749 4709 universis
770 4652 938 4724 (Psal.
958 4655 1081 4710 144.
1100 4657 1177 4726 9).
1205 4657 1485 4724 Terribilis,
1506 4658 1693 4726 inquit,
1719 4672 1793 4714 est
1817 4678 1960 4731 super

389 4762 582 4811 omnes,
613 4745 698 4815 qui
722 4745 774 4798 in
805 4744 1019 4798 circuitu
1047 4762 1156 4815 ejus
1180 4758 1319 4802 sunt.
1380 4748 1447 4803 Et
1474 4749 1685 4817 quinam
1718 4750 1831 4817 illi,
1865 4754 1965 4807 nisi

388 4837 591 4890 sancti?
620 4835 755 4889 Deus
781 4834 941 4899 enim,
985 4835 1155 4905 inquit
1185 4838 1347 4893 David
1378 4880 1392 4903 ,
1442 4840 1527 4909 qui
1567 4840 1880 4910 gloriﬁcatur
1916 4845 1969 4898 in

388 4928 601 4981 consilio
634 4940 940 4993 sanctorum,
963 4944 1177 4999 magnus
1197 4942 1242 4984 ct
1273 4934 1508 4988 terribilis
1521 4944 1591 4988 est
1605 4951 1757 5004 super
1774 4952 1965 5004 omnes,

386 5016 473 5084 qui
502 5016 553 5068 in
579 5020 789 5072 circuitu
804 5020 910 5090 ejus
925 5028 1040 5072 sunt
1063 5017 1232 5089 (Psal.
1258 5021 1346 5076 88.
1368 5023 1448 5093 8).
1467 5023 1523 5078 Si
1540 5023 1966 5094 videritlapsum,

389 5107 686 5162 clementia:
714 5126 927 5165 manum
955 5109 1204 5179 porrigit;
1238 5112 1281 5164 si
1312 5122 1542 5169 stantem
1570 5115 1777 5182 viderit,
1808 5116 1966 5170 timo-

390 5212 499 5250 rem
528 5196 716 5254 incutit
743 5220 756 5256 :
785 5211 841 5257 et
868 5203 967 5257 hoc
993 5211 1075 5256 est
1096 5202 1315 5269 iustitia:
1349 5204 1589 5276 justique
1632 5206 1836 5276 judicii.
1871 5206 1966 5261 Ju-

388 5298 526 5341 stum
548 5289 689 5343 enim
721 5294 908 5349 timore
934 5294 1126 5360 ﬁrmat,
1162 5302 1493 5363 peccatorem
1527 5315 1653 5355 vero
1690 5300 1967 5355 clementia

389 5380 609 5436 suscitat
635 5379 653 5411 ¹
672 5421 686 5434 .
717 5381 811 5438 Vis
840 5386 978 5441 scire
998 5396 1349 5457 opportunam
1384 5401 1502 5455 ejus
1544 5391 1922 5462 benignitatem
1949 5432 1964 5457 ,

390 5472 651 5541 simulque
670 5473 849 5529 utilem
873 5486 927 5532 et
946 5478 1397 5535 accommodatam
1422 5480 1575 5535 nobis
1598 5486 1970 5541 severitatem?

390 5560 618 5617 Attende
646 5560 949 5631 diligenter,
984 5583 1051 5623 ne
1082 5578 1134 5625 te
1169 5568 1635 5637 contemplationis
1665 5572 1821 5643 hujus
1854 5591 1968 5631 ma-

388 5653 607 5724 gnitudo
635 5653 816 5724 fugiat.
841 5654 1028 5713 Mulier
1066 5661 1153 5716 illa
1203 5661 1486 5733 peccatrix,
1534 5678 1693 5733 quam
1742 5666 1794 5720 in
1826 5668 1968 5723 omni

457 5784 1040 5863 [ριξιξξβββρδρῇηιρνεηε
1048 5790 1229 5863 incutit
1250 5793 1446 5863 iustitia
1466 5802 1511 5845 et
1524 5794 1651 5863 justi
1659 5799 1844 5859 jttdtcii
1862 5815 1879 5863 ;
1896 5803 1970 5854 at-

390 5852 544 5897 terum
567 5844 966 5910 timore—ﬁrmans,
992 5849 1194 5904 alterunt
1214 5844 1737 5912 ’clententia’st'tscitalts.

1626 469 1713 523 DE
1753 466 2220 524 PCENITENTIA.
2262 467 2488 524 HOMIL.
2531 469 2644 524 VII.

3578 483 3685 542 526

2111 588 2332 650 peccato
2351 589 2404 635 et
2430 581 2708 653 iniquitate
2736 582 3019 642 volutatam
3046 603 3167 647 esse
3194 591 3246 647 in
3277 593 3528 655 confesso
3550 613 3686 666 erat,

2108 679 2185 726 tot
2213 680 2549 740 peccatorum
2576 687 2696 741 rea,
2726 682 2781 728 et
2813 682 2891 729 tot
2935 679 3110 745 pravis
3154 682 3405 752 Operihus
3450 685 3683 752 detenta,

2110 761 2335 815 salutem
2359 776 2424 816 ex
2469 763 2783 832 poenitentia
2830 764 3052 834 sitiens,
3093 781 3399 829 sanctorum
3445 778 3690 832 convivio

2109 852 2414 921 subrepsit;
2441 864 2748 910 sanctorum
2773 857 3075 912 convivium
3119 876 3287 930 voco,
3336 866 3459 936 quia
3506 868 3691 924 aderat

2099 944 2334 999 Sanctus
2365 955 2692 1001 sanctormn.
2730 947 2863 1002 Nam
2910 948 3187 1006 Salvatore
3222 954 3588 1013 discumbente
3638 960 3691 1014 in

2105 1031 2266 1086 domo
2293 1033 2527 1089 Simonis
2552 1035 2828 1104 Pharisaei,
2858 1040 3199 1110 subingressa
3239 1054 3321 1099 est
3368 1048 3555 1103 mulier
3602 1052 3691 1104 illa
3766 1093 3771 1097 .

2100 1127 2390 1193 peccatrix,
2422 1126 2820 1198 Salvator-isque
2877 1133 3039 1200 pedes
3090 1136 3279 1205 tetigit,
3336 1138 3691 1210 Iacrymisque

2100 1215 2309 1271 lavabat
2337 1218 2501 1288 pedes
2527 1220 2664 1288 ejus,
2702 1231 2754 1275 et
2784 1224 2987 1290 capillis
3008 1228 3245 1297 tergebat
3281 1229 3491 1301 (Matth.
3516 1233 3604 1286 26.
3636 1236 3689 1289 6.

2102 1307 2262 1377 sqq.).
2287 1308 2353 1362 Et
2383 1319 2460 1363 tot
2486 1312 2719 1380 peccatis
2747 1312 2989 1366 obrutam
3012 1317 3164 1385 erigit
3192 1319 3279 1374 ille
3298 1320 3579 1393 benignus,
3610 1325 3692 1378 dio

2098 1416 2225 1455 cens
2245 1401 2729 1476 :Dimittunturejus
2744 1416 2950 1477 peccata
2966 1407 3118 1477 (Luc.
3139 1411 3191 1463 7.
3209 1412 3320 1483 47).
3344 1414 3525 1487 Neque
3546 1420 3687 1473 enim

2101 1491 2231 1545 mihi
2263 1494 2313 1544 in
2342 1496 2613 1563 proposito
2631 1513 2772 1552 nunc
2790 1508 2872 1553 est
2893 1507 3058 1553 totam
3089 1500 3357 1559 discutere
3373 1505 3646 1562 historiam
3670 1527 3685 1561 :

2098 1580 2193 1635 sed
2220 1583 2391 1635 solum
2438 1586 2798 1641 testimonium
2855 1590 3116 1657 proferre.
3165 1591 3458 1650 Considera
3512 1598 3688 1668 itaque

2100 1670 2398 1741 largitatem
2425 1690 2439 1727 :
2472 1673 2755 1745 Propterea
2782 1679 2893 1731 dico
2918 1682 3005 1734 tibi
3030 1724 3043 1746 ,
3078 1686 3403 1740 remittuntur
3425 1690 3472 1741 ei
3487 1702 3693 1758 peccata

2097 1763 2276 1827 multa,
2299 1764 2605 1832 quiadileazit
2626 1768 2837 1820 multum
2860 1767 3067 1839 (Ibid.).
3088 1774 3326 1846 Totcrgo
3348 1790 3686 1845 peccatorum

2099 1852 2422 1908 oblivionem
2484 1858 2668 1911 retulit
2699 1862 2968 1924 peccatrix
2999 1863 3083 1915 illa
3113 1866 3322 1920 mulier.
3376 1870 3445 1923 Et
3485 1871 3646 1925 Maria
3673 1913 3688 1942 ι

2096 1957 2255 1996 soror
2284 1944 2508 2016 Moysis,
2540 1948 2608 2002 ob
2636 1949 2881 2019 exiguum
2910 1968 3156 2008 murmur
3177 1955 3340 2025 lepra!
3385 1958 3689 2017 damnatio-

2099 2047 2224 2088 nem
2253 2034 2416 2090 rcfert
2445 2037 2627 2105 (Num.
2672 2040 2761 2094 12.
2805 2043 2918 2112 10).
2975 2044 3353 2103 Peccatoribns
3398 2050 3573 2106 dicit:
3626 2054 3689 2109 St

2093 2127 2282 2196 fuerint
2312 2139 2518 2195 peccata
2540 2139 2701 2183 vestra
2724 2133 2852 2185 sicut
2872 2136 3148 2199 coccinum,
3190 2140 3335 2207 quasi
3356 2142 3515 2195 nivem
3542 2143 3686 2198 deal-

2096 2217 2221 2271 babo
2238 2217 2389 2286 (Isai.
2419 2221 2581 2290 1.18)
2607 2238 2620 2274 :
2645 2231 2697 2275 et
2714 2224 2960 2279 tenebras
2982 2226 3032 2279 in
3061 2227 3233 2283 lucem
3251 2231 3504 2287 transfert
3519 2235 3686 2302 poeni-

2093 2306 2273 2362 tentiae
2296 2312 2613 2377 mutatione,
2646 2323 2830 2383 totque
2878 2316 3139 2371 malorum
3187 2321 3395 2389 copiam
3438 2323 3688 2382 bonitatis

2092 2413 2224 2455 voce
2243 2402 2421 2456 solvit.
2454 2405 2759 2460 Ambulanti
2791 2422 2920 2461 vero
2941 2409 3215 2478 injustitia
3236 2412 3405 2467 dicit:
3440 2415 3688 2482 Quicum-

2093 2506 2190 2558 que
2214 2492 2232 2523 ⁸
2264 2492 2453 2547 dixerit
2483 2497 2634 2565 fratri
2661 2513 2772 2563 suo,
2800 2497 2982 2566 Fatue,
3009 2518 3125 2555 reus
3146 2504 3241 2556 erit
3268 2506 3509 2574 gehennae
3552 2508 3687 2578 ignis

2098 2578 2310 2649 (Matth.
2336 2583 2390 2639 5.
2421 2583 2661 2653 22).Uni
2688 2588 2854 2641 verbo
2883 2598 3083 2644 tantam
3109 2593 3361 2660 imposuit
3387 2596 3638 2653 mulctam
3668 2639 3684 2664 ,

2091 2680 2142 2726 et
2178 2679 2259 2725 tot
2286 2675 2515 2741 peccatis
2539 2686 2739 2731 tantam
2766 2679 2984 2735 exhibet
3008 2681 3399 2740 liberalitatem.

2166 2762 2219 2816 5.
2262 2763 2436 2831 Atque
2452 2764 2592 2818 aliud
2619 2765 2988 2822 admirandum
3016 2772 3402 2830 animadverte.
3421 2777 3681 2844 Quoniam

2096 2863 2315 2923 peccata
2343 2856 2495 2924 quasi
2524 2856 2703 2912 debita
2732 2858 3129 2927 adscribuntur,
3155 2869 3521 2933 peccatoribus
3560 2873 3678 2940 qui-

2087 2942 2210 2997 dem
2249 2952 2411 2998 totam
2454 2960 2715 3001 summam
2758 2951 3037 3017 concedit,
3074 2968 3103 3006 a
3146 2957 3304 3023 justis
3350 2974 3478 3014 vero
3517 2962 3679 3016 etiam

2092 3047 2282 3087 usuras
2307 3035 2489 3099 exigit.
2524 3038 2765 3093 Accessit
2783 3040 2851 3094 ad
2881 3056 3002 3097 eum
3029 3046 3116 3113 qui
3146 3046 3376 3105 debebat
3404 3052 3569 3106 multa
3601 3064 3679 3107 Ia-
3752 3120 3755 3122 η

2084 3119 2250 3188 lenta,
2277 3132 2330 3178 et
2356 3126 2507 3193 quasi
2543 3143 2638 3195 per
2666 3131 3031 3198 paenitentiam
3062 3135 3448 3210 plurimamque
3476 3144 3676 3214 suppli-

2086 3214 2349 3270 cationem
2389 3217 2647 3283 judicium
2692 3223 2967 3292 mitigavit,
2998 3235 3052 3280 et
3089 3226 3222 3282 dixit
3250 3247 3264 3282 :
3297 3229 3548 3298 Domine,
3581 3252 3674 3304 pa-

2084 3304 2311 3358 tientiam
2346 3307 2475 3361 habe
2502 3309 2555 3362 in
2585 3327 2681 3374 me,
2714 3321 2763 3366 et
2788 3315 2959 3367 omnia
2988 3317 3197 3371 reddant
3222 3320 3313 3373 tibi
3339 3322 3555 3389 (blattis.
3588 3327 3674 3381 18.

2087 3389 2203 3459 26).
2229 3393 2345 3449 Non
2367 3401 2695 3465 exspcaavit
2720 3411 2776 3454 ut
2798 3403 3033 3458 solveret
3060 3406 3149 3461 ille
3177 3409 3437 3479 benignus
3465 3424 3518 3469 et
3559 3416 3675 3469 cle-

2088 3498 2262 3549 mens,
2290 3486 2385 3541 sed
2410 3488 2797 3545 confessionem
2825 3492 2990 3549 debiti
3008 3498 3325 3555 solutionem
3350 3502 3492 3558 fecit.
3517 3506 3677 3562 Debi-

2088 3573 2191 3628 tori
2223 3573 2407 3631 decem
2437 3578 2661 3633 millium
2694 3581 3015 3638 talentorum
3047 3590 3225 3642 omnia
3248 3592 3458 3648 remisit
3483 3604 3675 3651 totam-

2083 3679 2189 3733 que
2214 3680 2476 3721 summam
2509 3686 2523 3722 :
2552 3684 2583 3723 a
2606 3670 2766 3737 justis
2795 3688 2924 3728 vero
2959 3676 3120 3731 etiam
3151 3694 3363 3735 usuram
3393 3698 3452 3738 se
3474 3689 3674 3755 repeti-

2083 3761 2258 3809 turum
2287 3757 2449 3811 edicit
2478 3776 2491 3811 :
2525 3759 2698 3822 Quare
2713 3778 2813 3815 non
2831 3763 3038 3818 dedistis
3054 3779 3319 3837 argentum
3334 3789 3499 3828 meum
3525 3794 3676 3830 num-

2081 3844 2311 3898 mulariis
2333 3887 2348 3910 ,
2376 3857 2421 3899 et
2445 3864 2535 3917 ego
2564 3850 2765 3904 veniens
2784 3868 2899 3905 cum
2928 3856 3097 3909 usuris
3124 3859 3395 3928 exegissem
3413 3860 3565 3935 (Luc.
3583 3867 3673 3923 19.

2080 3933 2150 3988 25
2178 3950 2194 3997 ;
2229 3934 2415 3988 Matth.
2441 3936 2532 3990 25.
2558 3937 2651 4009 ετ)
2676 3939 2701 3992 ?

2154 4022 2428 4079 Peccatore
2451 4028 2580 4081 nihil
2608 4031 2902 4099 pauperius,
2921 4034 3066 4103 justo
3087 4037 3214 4091 nihil
3235 4039 3411 4096 ditius.
3443 4074 3516 4084 —
3542 4046 3669 4103 Haec

2085 4128 2246 4183 porro
2279 4116 2418 4179 dico,
2436 4131 2541 4169 non
2568 4119 2716 4187 quasi
2742 4120 2881 4175 Deus
2900 4137 3022 4192 erga
3040 4124 3214 4193 justos
3239 4122 3452 4187 inimico
3467 4134 3535 4186 sit
3554 4137 3674 4190 ani-

2083 4218 2206 4258 mo:
2232 4204 2339 4259 Deo
2360 4207 2501 4260 enim
2522 4207 2653 4261 nihil
2670 4209 2817 4276 justo
2841 4217 3111 4281 acceptius
3141 4236 3155 4271 :
3187 4220 3302 4285 sed,
3317 4232 3372 4274 ut
3390 4233 3513 4278 ante
3537 4226 3671 4294 dixi,

2080 4295 2385 4347 consolatur
2432 4306 2790 4364 peccatorem,
2824 4309 2879 4353 ut
2904 4304 3127 4370 excitet;
3152 4306 3354 4374 justum
3405 4322 3587 4382 terret,
3615 4327 3672 4371 ut

2076 4383 2373 4438 confirmet.
2396 4385 2459 4438 Et
2476 4387 2579 4440 illis
2604 4388 2836 4457 quidem,
2858 4401 2914 4445 ut
2942 4392 3168 4451 inimicis
3188 4408 3241 4451 et
3262 4399 3477 4468 inflatis,
3506 4406 3674 4460 multa

2076 4474 2295 4526 remittit
2337 4474 2559 4541 delicta;
2593 4477 2691 4533 hos
2736 4496 2864 4536 vero
2910 4486 3070 4539 etiam
3100 4487 3167 4542 dc
3194 4489 3473 4548 levissimis
3504 4499 3671 4553 ratio-

2076 4578 2196 4616 nem
2227 4564 2451 4621 reddere
2477 4570 2637 4639 cogit,
2668 4570 2800 4626 nihil
2824 4573 2886 4628 iis
2906 4576 2972 4629 ad
3000 4592 3260 4634 summam
3287 4584 3669 4651 perfectionem

2076 4653 2305 4710 deiicere
2329 4658 2535 4713 volens.
2570 4660 2723 4728 Quod
2769 4664 2910 4718 enim
2940 4676 3018 4721 est
3045 4668 3098 4722 in
3132 4670 3233 4725 hoc
3268 4676 3470 4729 mundo
3494 4679 3666 4745 dives,

2078 4741 2181 4797 hoc
2205 4752 2289 4799 est
2314 4746 2453 4815 apud
2473 4748 2636 4803 Deum
2658 4751 2834 4819 justus
2865 4769 2878 4806 :
2911 4768 2965 4807 et
2984 4757 3123 4823 quod
3152 4769 3234 4811 est
3261 4760 3311 4814 in
3340 4762 3442 4818 huc
3466 4741 3669 4824 mundo

2080 4849 2302 4903 pauper,
2338 4838 2438 4892 hoc
2463 4849 2544 4892 est
2567 4841 2705 4907 apud
2750 4842 2915 4895 Deum
2961 4854 3207 4912 peccator
3237 4867 3251 4902 :
3284 4852 3411 4907 nihil
3438 4867 3517 4909 est
3545 4874 3669 4926 pec-

2078 4938 2259 4984 catore
2302 4933 2602 4998 pauperius,
2627 4941 2681 4985 et
2712 4933 2840 4987 nihil
2865 4934 3011 5003 justo
3040 4938 3220 4993 ditius.
3246 4942 3581 5017 Quapropter
3602 4954 3675 5010 de

2078 5019 2165 5085 iis,
2196 5022 2284 5091 qui
2308 5022 2356 5075 in
2381 5023 2576 5091 pietate
2603 5035 2656 5078 et
2682 5026 2892 5081 virtutis
2919 5030 3073 5099 copia
3094 5032 3315 5102 degunt,
3338 5038 3409 5092 ait
3434 5040 3629 5097 Paulus
3650 5064 3666 5096 :

2078 5109 2281 5164 Gratias
2308 5128 2401 5181 ago
2427 5112 2535 5165 Deo
2559 5154 2574 5178 ,
2603 5115 2722 5184 quia
2749 5116 2803 5170 in
2824 5121 2962 5173 omni
2989 5122 3161 5177 diuites
3194 5128 3317 5194 facti
3340 5131 3457 5182 estis
3476 5132 3528 5184 in
3550 5134 3659 5195 illo,

2074 5200 2127 5252 in
2151 5202 2288 5254 omni
2309 5202 2448 5256 verba
2470 5212 2515 5255 et
2540 5203 2591 5256 in
2607 5207 2744 5259 omni
2759 5208 2994 5281 scientia(
3004 5213 3052 5265 1.
3078 5212 3192 5266 Cor.
3228 5217 3345 5271 1.4.
3367 5218 3444 5290 5).
3467 5221 3539 5277 De
3561 5223 3661 5279 im-

2078 5291 2178 5359 piis
2199 5308 2324 5347 vero
2348 5293 2529 5349 beatus
2547 5294 2805 5352 Jcremias
2818 5299 2945 5354 dicit
2971 5319 2983 5353 :
3009 5300 3247 5357 Fortasse
3268 5324 3513 5378 pauperes
3528 5325 3665 5382 sunt,

2072 5381 2187 5435 ideo
2213 5400 2313 5437 non
2343 5394 2611 5454 potuerunt
2652 5389 2828 5444 audire
2876 5390 3073 5445 verbum
3116 5393 3321 5451 Domini
3345 5398 3479 5473 (λεν.
3579 5381 3656 5472 4).

2081 5470 2241 5527 Vides
2281 5476 2549 5544 quomodo
2595 5494 2854 5549 pauperes
2900 5492 3055 5536 vocat
3082 5499 3196 5551 eos,
3228 5490 3317 5557 qui
3343 5470 3465 5544 sunt
3490 5508 3520 5546 a
3549 5470 3661 5562 pie-

2141 5562 2525 5645 fngnus‘ttegLE.
2549 5566 2823 5645 ambulanti
2841 5581 2951 5645 vero
2969 5570 3040 5645 hin
3072 5572 3279 5645 justitia,
3328 5583 3563 5639 quomodo
3584 5587 3666 5645 qui

2076 5620 2358 5733 plerumque
2397 5620 2579 5686 gratias
2619 5629 2824 5699 largitur
2842 5669 2856 5689 ,
2877 5620 2999 5682 dicit
3028 5620 3056 5683 ’:
3072 5620 3665 5700 ’ἷᾷὶὶίᾶιιῆᾱιὲῖῗὲιῖεἶ

2076 5691 2170 5733 MS!
2194 5698 2269 5732 ma
2292 5700 2331 5733 ts
2364 5695 2816 5733 tnternretalmnem
2851 5706 2964 5733 num
2988 5707 3050 5733 ιη
3078 5704 3254 5733 mutum
3280 5705 3467 5733 tantum
3493 5718 3665 5733 mm...

2076 5691 2170 5733 tusi
2194 5691 2821 5764 malisanterpretatiouem'
2851 5706 2964 5755 qua:
2988 5707 3053 5744 ex
3078 5691 3255 5745 mutata
3280 5691 3473 5751 tantum

2078 5747 2315 5817 versiouis
2345 5747 2987 5820 interpunctioneoriretur,
3012 5768 3187 5820 nempe
3212 5771 3320 5808 eam
3352 5774 3367 5809 :
3394 5747 3666 5820 )Witiuiii

2080 5819 2190 5885 vel"?
2210 5806 2613 5885 injustitia,'qu_id
2652 5811 2770 5864 dicit
2793 5814 2876 5878 qui
2902 5806 3086 5879 gratius
3108 5806 3389 5885 seruante

2090 5886 2107 5918 ι
2142 5873 2449 5938 Quicumque,
2480 5890 2497 5925 ι
2524 5881 2637 5926 etc.-
