4432 6692
776 440 875 494 527

773 563 878 606 tate
901 550 1109 607 dissiti?
1134 548 1441 604 Peccatorcs
1472 545 1628 616 igitur
1656 544 1805 616 quasi
1835 558 2094 613 pauperes
2121 544 2343 597 misera-

772 654 874 708 tur,
906 654 960 698 et
987 657 1017 695 a
1047 641 1203 710 justis
1223 639 1367 707 quasi
1390 653 1418 690 a
1445 637 1694 693 divitibus
1716 636 1974 689 rationem
1997 635 2194 703 exigit;
2221 632 2348 703 ipsis

768 734 979 804 quidem
997 733 1064 786 ob
1080 738 1445 801 paupertatem
1463 729 1739 797 elargiens,
1753 727 1820 780 ab
1836 727 1939 780 illis
1959 741 2087 781 vero
2101 726 2170 780 ob
2187 725 2349 794 pieta-

769 826 835 879 tis
863 825 1071 879 divitias
1090 837 1211 876 cum
1240 822 1403 876 multa
1424 820 1757 875 accuratione
1778 818 2011 874 rationes
2031 830 2344 887 exposcens.

764 916 917 982 Quod
942 923 1115 968 autem
1150 912 1277 967 facit
1320 912 1458 967 circa
1493 911 1664 979 justos
1688 916 1743 963 et
1770 918 2096 978 peccatores,
2120 906 2345 977 idipsum

767 1006 891 1061 facit
932 1006 1072 1060 circa
1116 1004 1306 1059 divites
1349 1012 1403 1057 et
1450 1014 1708 1069 pauperes
1748 1016 1762 1052 :
1799 1014 1862 1053 ac
1901 996 2345 1069 quemadmodum

767 1108 1096 1167 peccatorem
1117 1112 1211 1167 per
1227 1095 1560 1150 clementiam
1582 1091 2063 1160 excitat,etjustum
2079 1104 2172 1158 per
2197 1102 2349 1141 seve-

764 1191 973 1245 ritatem
1006 1200 1188 1255 terret,
1219 1188 1298 1242 sic
1324 1196 1378 1241 et
1408 1186 1460 1240 in
1486 1186 1673 1240 mundi
1706 1184 1931 1253 negotiis
1956 1197 2103 1236 suam
2128 1180 2346 1248 dispen-

763 1282 1020 1335 sationem
1053 1278 1379 1333 moderatur.
1402 1278 1459 1333 Si
1479 1277 1669 1332 viderit
1694 1274 2033 1344 dignitatibus
2062 1271 2344 1342 fulgentes,

763 1388 936 1443 reges,
955 1372 1244 1442 principes,
1269 1378 1526 1441 quotquot
1560 1366 1754 1422 divitiis
1780 1364 2022 1429 affluunt,
2052 1362 2150 1417 hos
2181 1371 2348 1417 terro-

765 1483 875 1518 rem
905 1466 1169 1520 incutiens
1197 1462 1676 1532 allequitur,atque
1700 1457 1896 1512 utiliter
1923 1456 2170 1525 potestati
2193 1456 2349 1511 timo-

765 1574 877 1613 rem
906 1558 1143 1613 immittit
1170 1575 1184 1610 :
1216 1555 1285 1607 Et
1311 1568 1441 1607 nunc
1463 1569 1601 1622 reges
1619 1551 1900 1621 intelligite,
1929 1550 2197 1604 erudimini
2235 1565 2346 1602 om-

765 1666 851 1702 nes
873 1650 962 1719 qui
990 1648 1238 1718 'judicatis
1281 1656 1485 1699 terram.
1519 1642 1713 1697 Servite
1757 1641 1975 1696 Domino
2001 1642 2053 1694 in
2081 1641 2276 1705 timore,
2302 1647 2349 1691 et

761 1742 1006 1795 easultate
1044 1740 1091 1794 ei
1128 1754 1243 1792 cum
1270 1748 1483 1792 tremore
1502 1734 1672 1807 (Psal.
1701 1735 1754 1789 2.
1788 1734 1904 1803 i0);
1937 1732 2185 1801 quoniam
2236 1729 2348 1783 Rea:

760 1842 832 1885 est
877 1847 1073 1901 regum,
1105 1840 1152 1884 et
1198 1829 1447 1883 Dominus
1491 1826 1855 1880 dominantium
1882 1824 1955 1891 (1.
1987 1820 2121 1875 Tim.
2145 1821 2197 1877 6.
2229 1820 2341 1891 15).

762 1920 861 1976 Ubi
908 1920 1188 1990 imperium
1231 1928 1312 1972 est
1354 1914 1648 1986 potestatis,
1682 1914 1751 1967 ibi
1798 1911 1945 1981 regni
1975 1911 2056 1965 sui
2084 1920 2341 1965 terrorem

760 2011 984 2077 imponit
1009 2026 1025 2065 :
1055 2009 1140 2062 ubi
1174 2022 1302 2060 vero
1329 2003 1601 2059 humilitas
1648 2003 1884 2068 vilitatis,
1935 2002 2005 2055 ibi
2048 1999 2343 2055 remedium

760 2099 961 2169 profert
985 2114 1096 2153 sure
1128 2096 1490 2165 benignitatis.
1516 2094 1659 2148 Deus
1693 2094 1834 2147 enim
1874 2102 1955 2147 est
1996 2091 2082 2144 hic
2124 2103 2346 2159 magnus

758 2192 871 2247 Rex
898 2205 1081 2261 regum
1108 2231 1124 2256 ,
1156 2202 1211 2242 et
1244 2189 1497 2243 Dominus
1526 2186 1930 2241 dominantium.
1980 2183 2073 2237 llic
2096 2183 2208 2250 ipse
2229 2198 2348 2235 rur-

756 2298 874 2337 sum
898 2281 965 2336 de
991 2296 1084 2335 sua
1114 2280 1367 2348 dignitate
1393 2276 1741 2336 descendens,
1763 2274 2027 2327 invenitur
2052 2271 2342 2325 secundum

755 2383 991 2425 sanctam
1016 2370 1338 2437 Scripturam
1371 2367 1526 2419 Pater
1566 2364 1946 2432 orphanorum,
1981 2370 2034 2416 et
2060 2360 2229 2416 Judex
2260 2360 2339 2412 vi-

755 2463 976 2516 duarum
1008 2460 1178 2533 (Psal.
1208 2461 1296 2513 67.
1327 2458 1407 2528 6),
1438 2457 1553 2511 Rex
1599 2470 1806 2526 regum.
1848 2454 2103 2522 Princeps
2144 2451 2341 2522 princi-

756 2570 901 2622 pum,
932 2553 1269 2607 dominorum
1301 2549 1574 2603 Dominus.
1608 2546 1771 2600 Vides
1796 2545 2016 2599 multam
2045 2544 2342 2599 clementia:

757 2644 1092 2698 ubertatem?
1120 2642 1267 2695 vides
1297 2640 1477 2693 utilem
1507 2647 1703 2691 metum
1736 2636 1943 2705 pietatis
1971 2644 2025 2688 et
2055 2633 2344 2703 potentiae?

763 2733 859 2788 Ubi
883 2748 1109 2804 namque
1139 2733 1269 2786 vidit
1300 2730 1586 2800 potentiam
1614 2726 1680 2782 ad
1708 2730 1945 2781 solamen
1970 2726 2237 2789 sufficere,
2271 2724 2340 2778 ibi

756 2839 953 2881 nutum
980 2825 1044 2879 ad
1070 2825 1344 2879 utilitatem
1369 2822 1619 2891 imposuit
1640 2838 1655 2874 :
1674 2820 1760 2873 ubi
1780 2835 1906 2872 vero
1930 2818 2060 2872 vidit
2085 2817 2340 2886 orphani-

757 2928 915 2972 tatem
960 2918 1179 2980 vilitate,
1211 2926 1264 2969 et
1290 2921 1654 2983 paupertatem
1704 2911 2069 2965 imbecillitate
2114 2908 2342 2962 viduita-

757 3012 851 3064 tis‘
880 3009 1233 3073 debilitatam,
1261 3007 1594 3062 clementiam
1628 3005 1691 3059 ad
1720 3005 2137 3059 consolationem
2184 3002 2339 3057 adhi-

755 3104 887 3157 buit.
930 3102 1042 3173 Ego
1090 3101 1245 3154 Pater
1284 3101 1648 3167 orplmnorum.
1696 3097 1813 3151 Duo
1852 3096 1996 3162 facit,
2024 3104 2077 3149 et
2102 3095 2344 3163 benigni-

755 3205 917 3249 tatem
962 3193 1217 3258 ostendit,
1260 3200 1316 3245 et
1365 3191 1650 3259 potentiam
1697 3189 1865 3257 punit.
1912 3187 2075 3239 Vocat
2107 3186 2339 3253 seipsum

712 3342 715 3343 ν
756 3285 964 3339 Patrem
1008 3282 1409 3351 orphanorum,
1457 3290 1514 3335 ut
1558 3288 1613 3332 et
1658 3293 1783 3343 eos,
1826 3277 1913 3345 qui
1950 3276 2001 3329 in
2039 3275 2341 3329 calamitate

753 3373 1024 3429 constituti
1079 3382 1241 3437 sunt,
1290 3372 1616 3432 consoletur,
1660 3378 1713 3423 et
1760 3376 2005 3437 potentes
2046 3366 2336 3429 deterreat,

754 3484 821 3521 ne
865 3464 1119 3533 orphanis
1158 3463 1434 3531 vidniSque
1477 3460 1685 3515 molesti
1725 3460 1866 3523 sint;
1912 3455 2340 3526 quandoquidem

754 3573 898 3610 mors
925 3556 1066 3610 hunc
1092 3564 1261 3625 patre,
1286 3554 1428 3607 illam
1459 3554 1574 3606 viro
1603 3551 1833 3615 orbavit,
1866 3560 1920 3603 et
1942 3564 2077 3617 quos
2102 3550 2342 3616 corrupit

752 3662 897 3702 mors
932 3646 1223 3709 naturalis,
1274 3643 1614 3712 benignitatis
1647 3641 1921 3695 decretum
1960 3641 2210 3694 restituit.
2244 3642 2342 3693 At-

750 3754 855 3808 que
893 3736 1078 3791 eadem
1112 3737 1223 3805 ipsa
1253 3736 1418 3803 gratia
1464 3732 1587 3787 huic
1626 3730 1842 3801 quidem
1887 3729 2033 3784 dedit
2080 3730 2333 3797 judicent,

752 3829 992 3897 orphano
1017 3836 1194 3880 autem
1236 3832 1437 3893 patrem
1467 3823 1669 3891 Regem
1713 3832 2037 3876 sanctorum.
2070 3820 2272 3890 itaque,
2303 3838 2336 3875 ο

750 3920 947 3989 inique,
976 3921 1071 3984 ait,
1098 3919 1142 3969 si
1172 3915 1385 3969 viduam
1418 3913 1601 3979 lwdas,
1631 3913 1907 3966 viduarum
1939 3919 2333 3978 procuratorem

750 4024 1043 4081 provocas;
1074 4008 1117 4061 si
1148 4006 1418 4074 orphanos
1463 4017 1647 4064 vexes,
1695 4016 1857 4055 vexas
1899 4001 2038 4054 filios
2082 4001 2195 4054 Dei.
2227 3999 2339 4066 Ego

750 4118 868 4157 sum
892 4103 1048 4155 Pater
1076 4099 1457 4168 orphanorum,
1487 4105 1540 4149 et
1564 4094 1737 4149 Judex
1764 4094 2060 4147 viduarum.
2089 4093 2218 4159 Quis
2246 4108 2341 4145 au-

753 4206 856 4250 tem
905 4195 982 4248 sic
1019 4191 1190 4246 audax
1233 4189 1299 4244 ad
1330 4190 1675 4258 impietatem,
1706 4195 1760 4239 ut
1786 4185 1923 4239 filios
1956 4185 2045 4238 Dei
2079 4184 2255 4247 hedat,
2287 4191 2344 4237 et

752 4286 923 4340 viduis
945 4284 1045 4339 sub
1076 4283 1171 4337 Dei
1198 4282 1361 4335 tutela
1389 4279 1574 4350 positis
1604 4277 1897 4331 molestiam
1931 4275 2139 4345 pariat?
2173 4273 2338 4328 Vides

753 4392 911 4445 quam
944 4373 1145 4427 utiliter
1174 4373 1382 4441 pietatis
1410 4369 1645 4424 remedia
1694 4376 1973 4436 prteparet,
2007 4376 2060 4421 et
2090 4367 2190 4419 hos
2217 4366 2338 4435 qni-

753 4470 876 4521 dem
909 4473 1127 4529 terreat,
1157 4465 1278 4517 illos
1321 4477 1451 4515 vero
1496 4461 1795 4522 miseretur,
1824 4473 1928 4511 non
1957 4458 2071 4526 ipse
2113 4456 2333 4521 divisus,

754 4559 848 4614 sed
877 4558 943 4611 ad
989 4556 1261 4609 hominum
1308 4551 1623 4605 sententiam
1671 4548 2135 4603 accommodatus?
2176 4546 2337 4600 Nobis

756 4653 930 4719 itaque
961 4650 1010 4703 in
1042 4646 1334 4702 remedium
1361 4644 1425 4698 ad
1450 4644 1676 4698 salutem
1710 4640 2053 4695 adhibeamus
2086 4640 2339 4709 pteniten-

757 4744 882 4796 tiam
905 4758 919 4806 ;
949 4741 1057 4794 imo
1084 4740 1259 4808 potius
1279 4752 1307 4789 a
1328 4737 1436 4789 Deo
1454 4733 1777 4802 accipiamus
1806 4732 2164 4799 ptenitentiam
2186 4729 2340 4783 nobis

758 4832 1080 4885 medentem.
1110 4828 1222 4882 Non
1245 4828 1389 4881 enim
1419 4841 1516 4879 nos
1544 4824 1681 4879 hanc
1708 4824 1780 4877 illi
1806 4822 2100 4885 offerimus,
2133 4822 2225 4875 sed
2254 4821 2340 4874 ille

758 4922 911 4975 nobis
931 4935 1046 4973 eam
1072 4917 1503 4979 subministravit.
1528 4915 1686 4969 Vides
1714 4915 1829 4983 ejus
1858 4915 1910 4967 in
1941 4915 2057 4983 lege
2086 4912 2341 4967 severita-

757 5012 910 5068 tem?
936 5011 1086 5065 vides
1122 5008 1238 5078 ejus
1271 5025 1322 5061 m
1349 5009 1513 5076 gratia
1544 5007 1962 5077 benignitatem?
1999 5006 2134 5059 Cum
2162 5014 2339 5058 autem

756 5108 876 5160 dico
917 5104 1254 5160 severitatem
1298 5103 1352 5156 in
1392 5102 1506 5170 lege
1532 5141 1544 5163 ,
1587 5116 1690 5154 non
1719 5100 1943 5154 detraho
1974 5099 2177 5168 judicio
2201 5140 2214 5161 ,
2246 5097 2340 5153 sed

754 5196 1072 5266 evangelicae
1099 5194 1283 5265 gratia:
1311 5190 1648 5246 clementiam
1676 5191 1907 5258 praedico
1936 5208 1949 5244 :
1979 5190 2230 5259 quoniam
2260 5190 2339 5243 lex

754 5290 871 5342 sine
890 5287 1202 5342 remissione
1223 5293 1536 5356 peccatores
1558 5282 1825 5349 puniebat,
1846 5283 2009 5351 gratia
2029 5297 2155 5334 vero
2179 5281 2340 5334 multa

756 5396 876 5435 cum
907 5379 1298 5449 longanimitate
1327 5376 1503 5431 dili'ert
1530 5373 1844 5444 supplicium
1871 5413 1885 5438 ,
1924 5384 1977 5427 ut
2010 5373 2341 5429 emendatio-

757 5487 879 5527 nem
902 5471 1133 5525 inducat.
1155 5470 1523 5523 Puenitentiam
1546 5467 1722 5535 itaque
1742 5466 2109 5533 suscipiamus,
2131 5464 2337 5531 fratres,

759 5566 1019 5621 medelam
1044 5562 1110 5616 ad
1139 5563 1381 5625 salutem,
1405 5560 1758 5629 suscipiamus
1784 5556 2097 5611 medicinam
2128 5565 2340 5626 peccata

757 5669 937 5713 nostra
959 5654 1245 5710 delentem.
1266 5652 1578 5707 l’mnitentia
1600 5661 1775 5705 autem
1798 5657 1898 5716 est,
1920 5665 2022 5705 non
2039 5664 2158 5720 quzc
2180 5647 2343 5702 viri-0

826 5856 844 5887 ⁸
883 5853 1044 5903 Morel.
1073 5862 1124 5903 et
1141 5850 1300 5910 savii"
1326 5850 1529 5901 unu'mizt
1556 5850 1810 5901 ritluitatts.

1497 433 1553 489 S.
1593 432 1869 489 JO.\NNIS
1903 424 2375 487 CllliYSOSTOMl
2416 426 2735 487 ARClllEP.
2776 431 3314 491 CONSTANTINOP.

3938 444 4041 497 328

2461 542 2812 609 pra-dicatur,
2852 549 2947 600 sed
2984 564 3104 617 quae
3132 552 3381 619 operibus
3418 550 3697 617 firmatur;
3732 559 4045 623 pmuitentia

2458 640 2558 696 est,
2580 650 2697 703 qua:
2716 650 2779 689 ex
2804 635 2919 704 ipso
2938 639 3100 692 corde
3120 640 3265 696 delet
3292 642 3553 697 maculam
3579 643 3885 713 impietatis.
3906 648 4043 704 Nam

2455 722 2739 789 Lavumini,
2763 727 2950 797 inquit,
2973 732 3150 783 mundi
3169 743 3346 801 estote,
3374 738 3567 805 auferte
3588 736 3831 803 nequitias
3845 753 3909 791 ex
3923 756 4043 792 cor-

2455 814 2601 869 dibus
2630 818 2803 872 vestris
2822 835 2854 872 a
2870 829 3137 887 conspectu
3162 826 3422 878 oculorum
3442 842 3665 880 meorum
3680 817 3835 898 '(lsai.
3852 829 3902 883 1.
3927 831 4044 897 16).

2454 903 2591 970 Quid
2620 907 2720 962 sibi
2750 909 2862 964 vult
2891 924 2951 963 ea
2987 909 3236 963 dictionis
3274 914 3668 971 redundantia?
3707 933 3827 972 nam
3866 919 4000 973 illud
4026 960 4043 986 ,

2456 995 2666 1065 Auferte
2706 1001 2949 1069 nequitias
2982 1016 3043 1054 ea:
3069 1001 3301 1055 cordibus
3329 1008 3500 1059 vestris
3525 1049 3538 1070 ,
3568 1024 3745 1065 nonne
3772 1012 3899 1065 satis
3926 1022 4047 1065 erat

2453 1086 2517 1139 ad
2550 1096 2714 1141 totum
2748 1091 3084 1147 iudicandum
3105 1092 3129 1145 ?
3154 1091 3260 1147 Cur
3285 1095 3527 1163 addidit,
3555 1101 3597 1152 Δ
3628 1114 3891 1173 conspectu
3917 1121 4045 1158 ocu-

2454 1176 2620 1230 lorum
2659 1195 2885 1234 meorum
2908 1183 2934 1236 ?
2962 1183 3222 1250 Quoniam
3251 1184 3356 1238 alio
3386 1187 3545 1241 modo
3572 1192 3749 1247 vident
3776 1194 3913 1249 oculi
3947 1194 4047 1248 ho-

2456 1267 2679 1333 minum,
2711 1271 2817 1325 alio
2845 1273 3032 1327 oculus
3062 1274 3154 1328 Dei
3186 1292 3199 1327 :
3233 1274 3401 1327 Homo
3425 1277 3567 1331 enim
3596 1282 3647 1333 in
3671 1287 3874 1350 faciem,
3904 1284 4044 1339 Deus

2455 1359 2506 1411 in
2525 1360 2716 1433 cor(l.
2738 1362 2864 1433 Reg.
2891 1366 2975 1419 16.
3006 1365 3078 1434 7).
3104 1367 3181 1420 Ne
3208 1369 3381 1436 specie
3404 1408 3419 1434 ,
3452 1370 3640 1439 inquit,
3676 1380 4043 1442 paenitentiam

2456 1453 2798 1520 atlulteretis,
2833 1456 2925 1510 sed
2960 1464 3015 1509 in
3059 1469 3345 1526 conspectu
3374 1460 3648 1514 oculorum
3680 1480 3922 1523 meorum
3950 1486 4042 1525 0c-

2455 1545 2595 1597 eulta
2622 1547 2967 1600 scrutantium
2998 1548 3260 1602 ostendite
3289 1549 3485 1605 fructus
3515 1554 3859 1621 pmniteutize.

2536 1636 2589 1688 4.
2631 1636 2851 1705 Oportet
2874 1645 3052 1691 autem
3100 1652 3198 1693 nos
3244 1655 3273 1693 a
3331 1642 3565 1710 peccatis
3623 1657 3877 1714 purgatos
3922 1650 4039 1720 ipsa

2453 1736 2668 1792 peccata
2699 1736 2822 1780 ante
2851 1730 3035 1784 oculos
3063 1731 3278 1787 habere.
3306 1732 3560 1801 Quamvis
3582 1737 3721 1790 enim
3755 1739 3892 1793 Deus
3922 1743 4040 1797 cle-

2450 1817 2645 1869 mentia
2688 1833 2780 1872 sua
2826 1831 3101 1889 peccatum
3142 1825 3443 1891 condom-t,
3493 1838 3545 1882 tu
3588 1829 3655 1882 ad
3698 1833 4040 1889 securitatem

2451 1907 2642 2006 animae
2680 1917 2783 1964 tua:
2830 1927 3107 1981 peceannn
3151 1927 3273 1971 ante
3303 1918 3485 1973 oculos
3516 1919 3653 1974 habe
3684 1940 3697 1975 :
3727 1924 4039 1991 praeceden-

2455 1999 2580 2049 tium
2606 1999 2750 2053 enim
2776 2006 3031 2057 memoria
3062 2003 3356 2060 futurorum
3380 2009 3813 2077 impedimentum
3840 2024 3957 2068 est:
3983 2024 4042 2070 et

2451 2090 2541 2156 qui
2570 2089 2638 2143 de
2680 2093 2946 2158 prioribus
2992 2094 3279 2159 mordetur,
3309 2097 3374 2149 ad
3420 2102 3696 2167 sequentia
3743 2105 4039 2160 cautiorem

2451 2180 2664 2278 exhibet
2691 2193 2942 2237 mentem.
2974 2182 3203 2252 ideoque
3229 2187 3419 2251 David,
3448 2186 3514 2239 Et
3537 2202 3794 2257 peccatum
3830 2211 3994 2247 nisum
4018 2235 4036 2259 ,

2448 2270 2648 2336 inquit,
2682 2282 2857 2323 contra
2884 2289 2961 2326 me
2984 2284 3056 2326 est
3093 2291 3287 2343 semper
3308 2275 3476 2343 (Psal.
3497 2278 3584 2331 50.
3617 2280 3695 2346 5),
3734 2292 3792 2334 ut
3828 2299 4036 2351 prame-

2445 2359 2623 2415 dentia
2644 2374 2767 2416 ante
2794 2365 2977 2418 oculos
3006 2365 3228 2432 habens,
3258 2382 3324 2421 ne
3351 2368 3547 2423 incidat
3575 2372 3625 2424 in
3655 2373 3849 2428 futura.
3881 2376 4035 2443 Quod

2446 2459 2623 2507 autem
2667 2452 2805 2509 hunc
2850 2471 2880 2509 a
2924 2456 3076 2509 nobis
3128 2457 3265 2511 Deus
3312 2469 3506 2513 statum
3558 2474 3814 2532 expetat,
3860 2467 4036 2536 ipsum

2448 2546 2569 2597 audi
2601 2545 2865 2600 dicentem
2899 2564 2912 2600 :
2947 2547 3057 2618 Ego
3086 2566 3196 2602 sum
3215 2551 3299 2621 qui
3327 2552 3467 2606 deleo
3496 2566 3700 2622 peccata
3724 2566 3831 2620 tua,
3861 2570 3906 2611 et
3933 2577 4037 2614 non

2449 2638 2790 2692 recordabar:
2835 2650 2889 2691 tu
2934 2650 3103 2693 autem
3149 2644 3448 2706 recordare,
3499 2656 3545 2698 et
3575 2648 3885 2715 judicemur,
3917 2653 4038 2704 dicit

2449 2729 2697 2783 Dominus
2719 2746 2737 2782 :
2758 2731 2839 2783 dic
2867 2742 2920 2783 tu
2945 2733 3085 2798 prius
3110 2744 3335 2801 peccala_
3358 2745 3461 2799 tua,
3492 2747 3546 2789 ut
3564 2740 3859 2807 justiﬁceris
3881 2741 4032 2810 (Isai.

2446 2821 2534 2874 45.
2555 2821 2643 2873 25.
2659 2820 2773 2885 26).
2802 2821 2916 2875 Non
2939 2834 3213 2889 exspectat
3239 2826 3380 2879 Deus
3412 2836 3618 2895 tempus
3646 2844 3674 2882 a
3700 2833 4042 2899 pwnitentia-

2448 2910 2632 2964 Dixisti
2660 2922 2933 2979 peccatum
2968 2924 3146 2980 tuum,
3174 2914 3499 2983 justiilcatus
3532 2934 3592 2973 es
3623 2938 3635 2973 :
3670 2923 4035 2989 paenitentiam

2446 3002 2637 3069 egisti,
2684 3003 3102 3058 misericordiam
3152 3020 3213 3060 es
3250 3016 3631 3075 consequutus.
3666 3010 3779 3064 Non
3826 3021 4037 3081 tempus

2446 3104 2684 3159 excusat,
2711 3096 2805 3151 sed
2833 3099 3137 3165 paenitentis
3163 3114 3342 3155 mores
3369 3114 3640 3170 peccatum
3668 3108 4034 3176 exstinguuut.

2448 3184 2587 3237 Fieri
2638 3194 2846 3253 potest,
2911 3199 2965 3241 ut
3023 3192 3108 3257 qui
3167 3191 3332 3243 multo
3379 3202 3618 3261 tempore
3666 3198 4033 3263 excubaverit,

2446 3277 2672 3330 salutem
2705 3292 2809 3331 non
2835 3290 3210 3349 consequatur,
3234 3293 3289 3337 et
3317 3284 3527 3339 modico
3553 3294 3791 3354 tempore
3826 3292 4037 3345 sincere

2448 3370 2760 3433 confessus,
2814 3379 3084 3439 peccatum
3141 3383 3319 3427 exuat.
3378 3373 3599 3428 Multum
3647 3380 3902 3447 temporis
3955 3382 4037 3434 in-

2448 3460 2674 3527 sumpsit
2730 3459 2947 3516 Samuel
2994 3478 3089 3530 pro
3142 3463 3299 3518 Saule
3346 3464 3679 3533 deprecans,
3732 3470 4034 3541 multasque

2448 3561 2632 3605 noctes
2659 3553 2929 3607 iusonmes
2961 3556 3217 3624 transegit
3247 3573 3340 3625 pro
3370 3560 3637 3626 peccantis
3663 3560 3864 3626 salute;
3894 3564 4035 3619 Deus

2444 3654 2619 3695 autem
2646 3644 2866 3711 tempori
2898 3659 3003 3698 non
3031 3646 3347 3712 attendens,
3371 3649 3493 3715 quia
3523 3650 3795 3718 propheta:
3828 3654 4031 3720 suppli-

2442 3735 2582 3788 catio
2620 3749 2727 3788 non
2770 3736 3121 3789 concurrebat
3176 3752 3295 3790 cum
3347 3742 3642 3807 peccatoris
3698 3744 4028 3809 pmnitentia,

2444 3826 2717 3893 propheta:
2747 3840 2845 3880 suo
2873 3826 3039 3881 dixit:
3077 3826 3347 3899 Usquequo
3386 3840 3439 3881 tu
3485 3832 3625 3901 luges
3689 3832 3838 3896 Saul,
3867 3846 3912 3888 et
3938 3853 4024 3905 eg:

2444 3915 2594 3985 reieci
2617 3931 2728 3967 eum
2753 3916 2829 3984 (1,
2866 3915 2993 3986 Reg.
3044 3918 3129 3971 16.
3161 3920 3212 3987 1)
3237 3921 3259 3971 ?
3289 3920 3417 3973 illud
3439 3962 3454 3985 ,
3484 3938 3735 3991 usquequo
3755 3966 3769 3989 ,
3823 3935 4032 3993 tempus

2446 4007 2715 4074 declarat,
2742 4017 2796 4061 et
2843 4010 3188 4077 supplicantis
3233 4016 3680 4079 perseverantiam
3709 4033 3722 4068 :
3751 4024 3805 4069 et
3838 4020 4024 4085 repulit

2446 4099 2587 4153 Deus
2619 4110 2823 4169 tempus
2849 4099 3239 4169 deprecationis
3266 4103 3538 4171 propheta:
3562 4124 3575 4157 :
3609 4121 3715 4159 non
3740 4109 3882 4159 enim
3907 4124 4014 4161 eun

2440 4190 2567 4260 justi
2618 4191 2918 4247 interventu
2978 4192 3117 4261 regis
3161 4194 3472 4261 pmuitentia
3530 4199 3815 4251 concurrit.
3868 4198 4031 4253 Beato

2444 4292 2620 4337 autem
2652 4285 2861 4351 Davidi,
2892 4285 2982 4355 qui
3012 4287 3407 4354 correptionem
3432 4291 3598 4340 sancti
3620 4288 3871 4345 Nathauis
3902 4306 4030 4360 pro-

2444 4377 2619 4445 pheta:
2667 4389 3009 4447 susceperat,
3050 4388 3106 4433 et
3152 4381 3331 4433 statim
3390 4388 3507 4447 post
3562 4382 4028 4437 comminationem

2443 4484 2624 4523 verant
2650 4471 3057 4524 conversionem
3085 4471 3413 4535 ostenderat,
3446 4470 3780 4541 dixeratque,
3812 4473 4029 4528 Peccavi

2443 4560 2666 4614 Domino
2697 4560 2770 4631 (2.
2798 4560 2923 4631 Reg.
2953 4562 3041 4615 i2.
3077 4562 3199 4627 l3);
3246 4563 3424 4613 statim
3473 4578 3578 4615 uno
3615 4565 3869 4632 temporis
3916 4581 4029 4617 mo-

2444 4658 2627 4706 mento
2648 4651 2869 4705 verbum
2899 4653 3107 4706 sincere
3144 4653 3409 4720 prolatum
3455 4654 3709 4723 integram
3750 4655 4031 4723 pmnitentl

2445 4743 2619 4795 attulit
2643 4742 2866 4797 salutem
2894 4761 2907 4796 :
2932 4743 3211 4797 confestim
3250 4758 3474 4814 namque
3499 4748 3815 4801 sententiam
3846 4763 4031 4801 emen-

2446 4831 2591 4885 datio
2616 4841 2838 4900 sequuta
2880 4844 2980 4888 est.
3012 4834 3101 4887 Ait
3127 4832 3285 4901 igitur
3308 4834 3379 4887 illi
3412 4834 3615 4891 Nathan
3648 4856 3662 4891 :
3691 4838 3755 4891 Et
3782 4837 4031 4893 Dominus

2447 4923 2640 4977 dimisit
2670 4925 2684 4955 ¹
2720 4936 2979 4993 peccatum
3009 4934 3152 4978 tuum
3182 4924 3388 4997 (lbid.).

2520 5016 2658 5070 Deus
2710 5018 2881 5072 tardus
2918 5018 2987 5071 ad
3017 5032 3215 5087 paruam
3234 5057 3249 5082 ,
3280 5017 3422 5071 velox
3445 5019 3513 5071 ad
3538 5020 3770 5075 salutem.
3798 5053 3870 5064 ——
3905 5023 4031 5078 Vide

2448 5108 2578 5163 mihi
2612 5108 2771 5161 Deum
2796 5110 3002 5163 tardum
3033 5108 3099 5161 ad
3125 5122 3335 5176 poenam
3366 5118 3418 5163 et
3444 5110 3675 5165 velocem
3701 5114 3765 5167 ad
3783 5117 4027 5168 salutem.

2450 5202 2515 5255 Et
2539 5201 2665 5255 mihi
2699 5205 2922 5271 primum
2952 5204 3124 5273 cogita
3155 5201 3424 5271 quomodo
3455 5204 3621 5257 nmlto
3653 5215 3771 5274 post
3792 5219 4034 5277 tempore

2450 5295 2831 5350 correctionem
2861 5296 3097 5351 clemens
3127 5295 3323 5350 intulit.
3347 5295 3587 5351 Peccavit
3612 5299 3793 5364 David,
3824 5309 4033 5353 uterum

2451 5388 2673 5457 gestavit
2700 5389 2909 5455 mulier,
2941 5388 3191 5457 nullaque
3218 5387 3480 5441 correctio
3508 5401 3782 5457 peccatum
3810 5398 4032 5457 sequuta

2452 5476 2567 5546 est;
2600 5480 2693 5535 sed
2725 5490 2841 5551 post
2873 5480 3093 5536 infantis
3119 5480 3186 5534 de
3216 5489 3433 5548 peccato
3460 5484 3565 5535 nati
3598 5490 3805 5551 partum
3826 5522 3840 5544 ,
3872 5479 4035 5532 mitti-

2454 5582 2537 5625 tur
2562 5575 2757 5642 peceati
2788 5573 3040 5627 medicus.
3071 5571 3181 5623 Cur
3216 5579 3391 5625 autem
3438 5584 3745 5641 peccantem
3792 5572 4033 5639 protinus

2460 5682 2553 5719 Jun
2610 5665 2884 5719 correxit?
2935 5664 3194 5730 Quoniam
3241 5662 3368 5718 vidit
3414 5664 3464 5718 in
3517 5665 3644 5734 ipsis
3694 5670 4032 5731 peccatorum

2518 5848 2528 5876 ³
2570 5852 2684 5906 urg.
2715 5856 2853 5902 unus,
2880 5850 3105 5892 nonanus
3130 5841 3331 5891 sustulit.
