4432 6688
284 470 390 524 327

287 589 597 656 εὐσεϐείας,
635 594 719 659 Ὦς
747 598 993 666 πτωχοὺς
1011 597 1191 649 τοίνυν
1211 597 1334 659 τοὺς
1364 596 1771 667 ἁμαρτάνοντας
1792 596 1948 663 ἐλεεῖ,

288 675 380 726 καὶ
406 677 484 740 ώς
513 679 796 745 πλουσίους
830 685 957 746 τοὺς
999 682 1521 753 δικαιοπραγοῦντας
1570 686 1810 745 ἀπαιτεῖ,
1839 686 1950 745 τοῖς

287 760 389 828 μὲν
426 762 513 817 διά
536 767 633 836 τήν
663 768 850 820 πενίαν
884 766 1257 836 χαριζόμενος,
1286 770 1397 832 τοῖς
1424 769 1479 822 δὲ
1507 768 1595 822 διὰ
1622 768 1713 820 τὸν
1737 768 1834 838 τῆς
1860 769 1948 820 εὐ-

285 848 501 915 σεϐείας
550 852 777 906 πλοῦτον
828 852 965 921 μετὰ
1015 852 1215 923 πολλῆς
1263 855 1545 926 ἀκριϐείας
1586 856 1713 917 τοὺς
1760 854 1946 923 λόγους

280 936 839 1008 είσπραττόμενος.⁶’0
870 938 927 989 δὲ
961 941 1101 991 ποιεῖ
1134 941 1225 994 ἐπὶ
1269 942 1491 995 δικαίων
1542 943 1636 994 καὶ
1686 941 1915 1011 ἁμαρτω

279 1018 410 1084 λῶν,
437 1024 595 1075 τοῦτο
627 1026 771 1075 ποιεῖ
806 1024 903 1076 καὶ
948 1025 1037 1077 ἐπὶ
1082 1027 1349 1081 πλουσίων
1402 1028 1497 1081 καλ⁸
1540 1028 1815 1094 πενήτων·
1853 1024 1945 1076 καὶ

276 1103 470 1177 ὥσπερ
496 1109 586 1161 τὸν
622 1110 999 1177 ἁμαρτάνοντα
1035 1113 1233 1184 ἐγείρει
1274 1114 1361 1167 διά
1391 1112 1814 1182 φιλανθρωπίαν,
1853 1110 1943 1162 τὸν

276 1189 332 1241 δὲ
374 1192 581 1245 δίκαιον
624 1192 779 1260 φοϐεῖ
816 1194 903 1248 διὰ
945 1197 1043 1267 τῆς
1087 1199 1387 1269 ἀποτομίας
1409 1212 1424 1227 ·
1457 1197 1597 1250 οὕτω
1626 1198 1716 1248 καὶ
1748 1197 1804 1249 ἐν
1831 1198 1941 1258 τοῖς

275 1280 565 1345 κοσμικοῖς
604 1280 920 1349 πράγμασιν
963 1285 1227 1357 διατίθησι
1259 1287 1356 1356 τήν
1385 1282 1579 1337 ἑαυτοῦ
1613 1282 1937 1353 οἰκονομίαν.

288 1361 417 1413 Ἐὰν
444 1362 525 1432 ίδῃ
558 1362 820 1428 δυναστάς
856 1368 1154 1440 ἀξιώμασιν
1176 1372 1650 1441 ὑπερλάμποντας,
1683 1369 1935 1437 βασιλεῖς,

272 1445 564 1513 ἄρχοντας,
598 1448 803 1513 πάντας
844 1453 969 1517 τοὺς
1014 1456 1072 1508 ἐν
1120 1457 1333 1527 πλούτῳ
1377 1456 1800 1525 διαπρέποντας·
1824 1453 1939 1505 τού-

270 1544 388 1592 τοις
414 1530 714 1600 διαλέγεται
747 1536 885 1605 μετὰ
921 1540 1105 1607 φόϐου,
1138 1543 1229 1595 καὶ
1262 1542 1536 1611 ἐπιτίθησι
1564 1540 1843 1610 χρησίμως
1867 1541 1933 1609 τῇ

269 1615 561 1691 δυναστείᾳ
606 1621 699 1676 τὸν
744 1624 938 1692 φόϐον·
987 1630 1097 1682 Καὶ
1147 1630 1285 1694 νῦν,
1327 1627 1645 1694 βασιλεῖς,
1697 1628 1931 1690 σύνετε,

268 1705 626 1774 παιδεύθητε
648 1710 871 1777 πάντες
909 1715 963 1766 οί
1006 1717 1308 1782 κρίνοντες
1347 1715 1463 1783 τὴν
1506 1713 1656 1784 γῆν·
1688 1712 1933 1765 δουλεύ-

267 1803 419 1843 cate
459 1792 539 1857 τῷ
579 1797 774 1862 Κυρίῳ
818 1797 890 1849 ἐν
927 1800 1105 1866 φόϐῳ,
1146 1803 1242 1853 καί
1270 1797 1641 1869 ἀγαλλιᾶσθε
1680 1796 1836 1860 αὐτῷ
1862 1798 1932 1849 ἐν

268 1877 497 1943 τρόμῳ·
542 1881 624 1933 ὃτι
650 1884 950 1948 Βασιλεύς
987 1884 1116 1937 ἐστι
1161 1886 1278 1939 τῶν
1309 1885 1785 1950 βασιλευόντων,
1831 1883 1928 1935 καὶ

264 1962 481 2029 Κύριος
510 1965 629 2017 τῶν
651 1969 1243 2035 κυριευόντων.”υπου
1282 1974 1424 2043 ἁρχὴ
1452 1970 1789 2031 δυναστείας,
1820 1972 1931 2022 ἐπι·

261 2044 445 2114 τίθησι
477 2050 567 2101 τὸν
590 2051 754 2117 φόϐον
776 2054 878 2122 τῆς
906 2055 1067 2107 αὐτοῦ
1094 2057 1362 2126 βασιλείας
1387 2075 1401 2092 ·
1442 2059 1576 2111 ὅπου
1608 2055 1929 2118 ταπείνωσις

262 2131 556 2197 εὐτελείας,
589 2138 929 2209 προσφέρειι
968 2142 1028 2194 τὸ
1062 2146 1345 2214 φάρμακον
1373 2148 1471 2215 τῆς
1506 2142 1700 2196 ἐαυτοῦ
1737 2141 1925 2210 φιλαν-

260 2216 605 2304 θρωπίας.⁸0
637 2224 744 2295 γὰρ
769 2226 898 2291 Θεὸς
928 2225 1078 2294 οὗτος
1123 2233 1293 2302 μέγας
1326 2235 1575 2304 βασιλεὺς
1621 2233 1728 2285 τῶν
1771 2232 1924 2301 βασι-

257 2300 542 2370 λευόντων,
568 2312 660 2363 καὶ
707 2314 909 2382 Κύριος
957 2317 1063 2370 τῶν
1111 2300 1499 2389 κυριευόντων·
1543 2313 1696 2383 οὗτος
1742 2300 1922 2384 αὐτὸς,

258 2389 423 2477 πάλιν
448 2394 753 2450 ὐποϐαίνων
776 2401 875 2469 τῆς
901 2404 1092 2456 ἑαυτοῦ
1117 2406 1291 2471 ἀξίας,
1320 2408 1633 2477 εὑρίσκεται
1662 2407 1801 2460 κατὰ
1826 2407 1923 2477 τὴν

254 2475 420 2563 ἁγίαν
454 2478 671 2552 Γραφήν
720 2488 903 2557 πατὴρ
930 2490 1176 2557 ὀρφανῶν
1205 2493 1297 2545 καὶ⁸
1328 2475 1519 2563 κριτὴς
1559 2494 1668 2547 τῶν
1714 2475 1919 2563 χηρῶν,

256 2558 523 2650 βασιλέων
564 2566 834 2637 βασιλεὺς,
879 2574 1155 2643 ἀρχόντων
1183 2558 1384 2647 ἄρχων,
1425 2558 1921 2650 κυριευόντων-Κῦ-

258 2662 391 2713 ριος.
413 2649 569 2721 Ὁρᾷς
614 2656 814 2727 πολλὴν
859 2660 1117 2727 ἀφθονίαν
1151 2649 1593 2734 φιλανθρωπίὰς;
1628 2670 1757 2737 ὁρᾷς
1789 2670 1916 2738 χρή·

256 2746 417 2800 σιμον
442 2738 531 2789 τὸν
561 2741 719 2805 φόϐον
742 2744 841 2813 τῆς
869 2747 1155 2811 εὐσεϐείας
1188 2750 1282 2801 καὶ
1313 2750 1410 2818 τῆς
1432 2750 1677 2814 ἐξουσίας
1700 2769 1715 2812 ;
1742 2754 1913 2806 Ὅπου

253 2817 500 2907 μὲνγὰρ
539 2821 673 2879 εἶδεν
705 2829 977 2898 ἀρκοῦσαν
1001 2834 1101 2903 τὴν
1138 2817 1382 2898 ἐξουσίαν
1417 2839 1495 2899 εἰς
1542 2840 1910 2907 παραμυθίαν,

251 2905 489 2994 ἐπέθηκε
518 2910 605 2962 τὸν
636 2914 795 2980 φόϐον
835 2919 912 2979 είς
945 2918 1244 2987 ὠφέλειαν·
1290 2923 1424 2974 ὃπου
1455 2923 1511 2976 δέ
1545 2905 1651 2977 εἶδε
1682 2905 1912 2994 παραλε·

249 2988 489 3083 λυμένην
517 3001 580 3069 τῇ
606 2999 846 3072 εὐτελείᾳ
874 3004 969 3073 τήν
993 3006 1278 3076 ὀρφανίαν,
1302 3010 1396 3061 καὶ
1422 3010 1520 3080 τὴν
1546 2988 1817 3080 πτωχείαν
1844 3016 1908 3083 τῇ

247 3078 437 3150 ἀτονίᾳ
456 3082 617 3167 δίτῆς
649 3089 893 3157 χηρείας,
929 3094 1243 3161 προσήγαγε
1271 3096 1371 3164 τὴν
1401 3078 1802 3167 φιλανθρωπίαν
1830 3078 1908 3163 είς

247 3166 619 3249 παραμυθίαν.
639 3172 784 3240 Ἐγὼ
810 3178 1004 3243 πατὴρ
1027 3177 1145 3231 τῶν
1170 3181 1465 3249 ὀρφανῶν.
1502 3166 1607 3235 Δύο
1630 3187 1787 3247 ποιεῖ,
1816 3187 1909 3237 καὶ

246 3247 345 3334 τήν
373 3250 775 3324 φιλανθρωπίαν
799 3260 1053 3325 δείκνυσι,
1082 3266 1176 3318 καὶ
1203 3268 1302 3334 τήν
1328 3267 1639 3321 δυναστείαν
1668 3270 1902 3333 κολάζει.

246 3333 422 3427 Καλεῖ
449 3338 634 3392 ἐαυτὸν
665 3345 876 3414 πατέρα
896 3348 1003 3401 τῶν
1024 3350 1292 3419 ὀρφανῶν,
1322 3356 1408 3407 ἵνα
1435 3356 1673 3419 καὶτοὺς
1697 3359 1753 3409 ἐν
1777 3375 1838 3409 συ
1846 3376 1905 3427 μ-

246 3424 392 3521 φορᾷ
411 3428 888 3521 παραμυθήσηται,
909 3435 1000 3486 καὶ
1023 3439 1148 3501 τοὺς
1176 3440 1231 3491 ἐν
1255 3440 1542 3513 δυναστείᾳ
1564 3424 1902 3518 καταπλήξῄ,

243 3513 385 3603 ῶστε
442 3513 515 3603 μή
560 3515 877 3603 ἐπηρεάζειν
908 3522 1162 3592 ὀρφανοῖς
1198 3542 1254 3577 τε
1286 3528 1380 3579 καὶ
1407 3529 1629 3597 χήραις·
1662 3513 1903 3603 ἐπειδή-’ὀ

241 3594 478 3691 Θάνατος
500 3601 779 3691 ἐγύμνωσε
802 3608 890 3658 τὸν
921 3610 1017 3677 μὲν
1049 3610 1142 3663 τοῦ
1177 3594 1530 3686 πατρὸςβτήν
1555 3617 1610 3669 δὲ
1644 3594 1901 3691 ἐστέρησε

238 3680 335 3773 τοῦ
384 3684 595 3773 ἀνδρὸς,
624 3690 717 3742 καὶ
761 3690 852 3755 οὓς
894 3694 1194 3765 διέφθειρεν
1242 3680 1422 3769 ὀντῆς
1476 3680 1689 3769 φύσεως
1716 3680 1894 3773 νόμος,

236 3766 581 3861 ἀνεκαίνισεν
608 3777 636 3828 0
660 3778 758 3847 τῆς
790 3779 1191 3851 φιλανθρωπίας
1212 3785 1334 3853 ὅρος
1356 3766 1549 3859 ’-καινή
1575 3790 1710 3860 αὐτὴ
1737 3766 1894 3861 χάρις

234 3859 301 3949 τῇ
346 3860 445 3949 μὲν
492 3863 657 3949 ἔδωκε
703 3869 794 3921 τὸν
840 3872 1047 3943 κριτὴν,
1078 3874 1153 3943 τῷ
1194 3875 1247 3927 δὲ
1288 3877 1504 3947 ὀρφανῷ
1541 3859 1770 3949 πατέρα,
1807 3859 1895 3933 τὸν

237 3943 463 4038 βασιλέα
484 3948 591 4038 τῶν
609 3952 767 4038 [551]
796 3959 1171 4025 ἁγίων.”Ωστε,
1199 3943 1379 4032 φησίν,
1410 3959 1455 4017 ῶ
1476 3943 1653 4031 νᾶδικε,
1680 3943 1772 4020 ἐὰν
1798 3969 1895 4038 χή-

237 4045 359 4122 ραις
386 4033 717 4122 ἐπηρεάζῃς,
744 4042 835 4095 τὸν
857 4045 963 4097 τῶν
995 4048 1175 4117 χηρῶν
1203 4051 1504 4121 προνοητὴν
1538 4033 1889 4122 παροξύνεις·

230 4116 329 4169 ἐὰν
351 4120 637 4210 Δὀρφανοὺς
666 4126 875 4198 ἀδικῇς,
920 4116 1079 4196 υίοὺςί
1114 4116 1319 4199 ἀδικεῖς
1367 4116 1520 4193 Θεοῦ.
1541 4116 1703 4207 Ἐγώ
1728 4143 1840 4210 είμι
1866 4144 1895 4193 0

230 4207 416 4295 πατὴρ
445 4209 549 4260 τῶν
573 4211 839 4279 ὀρφανῶν,
861 4221 952 4271 καὶ
979 4223 1171 4293 κριτὴς
1195 4225 1302 4277 τῶν
1329 4227 1511 4295 χηρῶν
1534 4245 1545 4257 ·
1579 4230 1659 4291 τίς
1674 4228 1729 4281 δὲ
1753 4207 1892 4281 οῦτω

226 4291 501 4363 τολμηρὸς
542 4298 676 4367 πρὸς
714 4301 989 4369 ἀσέϐειαν,
1021 4291 1161 4359 ὥστε
1197 4291 1575 4372 υἱοὺς-ἀδικεῖν
1605 4314 1759 4378 Θεοῦ,
1798 4320 1890 4371 καὶ

224 4380 349 4469 ταῖς
396 4381 499 4434 ὑπὸ
540 4384 634 4436 τοῦ
666 4385 797 4438 Θεοῦ
839 4393 1257 4460 προνοουμέναις
1291 4399 1487 4465 χήραις
1528 4402 1885 4469 ἐπηρεάζειν;

235 4462 399 4558 ’Θρᾷς
428 4469 569 4558 ’πῶς
618 4473 897 4542 χρησίμως
943 4462 1441 4543 κατασκευάζει-τα
1474 4462 1762 4553 φάρμακα*
1788 4462 1887 4558 τῆς

222 4551 525 4639 εὐσεϐείας,
554 4561 646 4611 καὶ
673 4562 796 4623 τοὺς
829 4562 925 4630 μὲν
954 4563 1123 4631 φοϐεῖ,
1158 4568 1282 4629 τοὺς
1315 4568 1369 4619 δὲ
1399 4551 1561 4633 ἐλεεῖ,
1591 4551 1693 4625 οὐκ
1724 4551 1886 4639 αὐτὸς

224 4636 603 4730 μεριζόμενος,
634 4647 768 4715 πρὸς
792 4647 845 4699 δὲ
874 4649 971 4711 τὰς
1000 4649 1222 4721 γνώμας
1251 4652 1359 4705 τῶν
1387 4655 1687 4725 ἀνθρώπων
1714 4636 1885 4730 ἀρμολ

222 4722 479 4816 ζόμεν-ος;
516 4728 885 4803 Προσάγωμεν
927 4736 1101 4787 τοίνυν
1144 4739 1370 4801 ἑαυτοῖς,
1399 4722 1634 4809 ἀδελφοὶ,
1664 4722 1882 4816 φάρμα-

219 4825 315 4860 κον
348 4811 427 4901 είς
459 4819 731 4901 σωτηρίαν
759 4821 855 4891 τὴν
901 4823 1216 4892 μετάνοιαν·
1273 4827 1465 4895 μᾶλλον
1506 4828 1562 4881 δὲ
1602 4811 1877 4901 δεξώμεθα

402 4896 494 4991 τοῦ
516 4899 649 4991 Θεοῦ
666 4905 773 4991 ,τὴν
806 4910 1091 4976 μετάνοιαν
1122 4894 1465 4983 ίατρεῦουσαν
1488 4918 1656 4984 ἡμᾶς.
1677 4894 1751 4971 Οῦ
1770 4920 1876 4991 γὰρ

216 4983 379 5076 ἡμεῖς
409 4983 558 5053 αὐτῷ
578 4989 781 5062 ταύτην
808 4996 1170 5067 προσάγομεν,
1202 5001 1312 5053 ἀλλ’
1338 5002 1494 5065 αὐτὸς
1524 5004 1651 5073 ἡμῖν
1672 4983 1875 5076 ταύτην

217 5071 753 5163 ἐχορήγησενηὈρᾷς
801 5082 963 5135 αὑτοῦ
1004 5085 1103 5154 τήν
1152 5088 1433 5158 ἀκρίϐειαν
1461 5071 1573 5159 τήν*
1604 5093 1660 5144 ἐν
1692 5093 1769 5163 τῷ
1798 5071 1877 5147 νό-

220 5174 343 5253 μᾉῳς
375 5159 505 5253 όρξς
543 5160 641 5253 ξῆν
675 5166 1076 5253 φιλανθρωπίαν
1114 5175 1276 5226 αὑτοῦ
1322 5178 1419 5247 τὴν
1454 5180 1511 5231 ἐν
1550 5183 1615 5251 τῇ
1659 5159 1871 5253 χάριτι;

220 5248 389 5298 Ὅταν
428 5244 483 5296 δὲ
512 5246 648 5298 είπω
675 5252 774 5321 τήν
805 5257 1087 5326 ἀκρίϐειαν
1116 5261 1213 5330 τήν
1247 5264 1303 5314 ἐν
1346 5266 1423 5334 τῷ
1464 5269 1633 5341 νόμῳ,
1661 5244 1745 5324 οὐ¹
1766 5272 1876 5327 δια-

215 5335 627 5432 ϐάλλωαρίσιν,
657 5338 793 5432 ἀ).λὰ
833 5345 934 5432 τῆς
967 5350 1319 5421 εὐαγγελικῆς
1371 5335 1595 5425 χάριτος.
1626 5362 1876 5432 κηρύττω

350 5422 779 5515 φιλανθρωπίαν·
826 5431 907 5484 ὅτι
952 5436 980 5487 0
1026 5436 1123 5507 μὲν
1156 5438 1313 5505 νόμος
1346 5422 1734 5515 ἀπαραιτήτως
1756 5451 1867 5502 ἐκόο

211 5511 347 5603 λαζε
379 5512 501 5603 τοὺς
531 5511 960 5603 ἁμαρτάνοντας,
994 5524 1027 5593 ή
1069 5524 1125 5577 δὲ
1169 5526 1325 5594 χάρις
1360 5527 1495 5594 μετὰ
1538 5511 1738 5601 πολλῆς
1769 5552 1874 5603 μα-

211 5602 518 5693 κροθυμὶας
546 5601 893 5693 Υἷξττξρτίθεται
919 5611 1017 5679 τήν
1045 5614 1330 5683 τιμωρίαν,
1364 5614 1448 5667 ἵνα
1490 5617 1745 5690 ἐπαγάγῃ

208 5688 518 5758 διόρθωσιν.
544 5686 832 5775 Δεξώμεθα
852 5694 1031 5748 τοίνυν
1066 5701 1371 5768 μετάνοιαν,
1391 5701 1622 5770 ἀδελφοὶ,
1652 5686 1871 5775 φάρμα-

210 5791 308 5825 κον
340 5776 418 5837 εἰς
449 5772 734 5843 σωτηρίαν,
766 5774 1043 5848 δεξώμεθα
1086 5786 1373 5857 φάρμακον
1406 5788 1679 5858 ἐξαλεῖφον
1711 5772 1869 5860 ήμῶν

208 5861 597 5983 ξίέεῗδῖῐέξνηη
619 5862 772 5923 magis
795 5870 987 5926 Proprie
1007 5884 1152 5931 qvam
1179 5875 1731 5941 Montf.,quiscripseral
1749 5897 1863 5945 προ-

211 5952 275 5981 γι·
298 5952 356 5971 ιι.
388 5952 512 5971 ..υ-ι.

270 5952 302 6021 ἵ)
330 5985 481 6034 Morel
508 5992 561 6035 ει
580 5983 708 6034 SaVil
755 5991 808 6043 τῆ
832 5987 1048 6057 ἀπονοίᾳ.
1076 5993 1209 6047 L'uus
1234 5998 1355 6065 Reg.
1380 6006 1434 6066 τῇ
1458 6003 1637 6071 ἀτονίᾳ,
1664 6005 1855 6056 melius.

1522 482 1606 536 DE
1646 480 2110 539 ροΕΜΤΕΝτιΑ.
2143 480 2374 537 HOMIL.
2416 481 2525 540 VII.

3599 488 3702 541 5‘28

2053 598 2122 650 τὰ
2175 599 2507 668 πταίσματα.
2536 596 2804 650 Μετάνοια
2852 597 2909 650 δέ
2945 599 3109 661 ἐστιν,
3139 597 3235 666 οὐχ
3264 598 3297 667 ή
3324 597 3464 668 λόγῳ
3499 617 3700 671 κηρυτ-

2046 683 2268 753 τομένη,
2305 684 2417 737 ἀλλ’
2452 688 2483 755 ή
2527 683 2813 753 πράγμασι
2846 681 3199 754 βεϐαιουμένη
3222 699 3235 712 ·
3274 685 3525 753 μετάνοια
3566 690 3598 758 ή
3639 690 3698 755 ἐξ

2044 770 2214 838 αὐτῆς
2240 770 2337 839 τῆς
2370 770 2595 841 καρδίας
2631 768 2981 836 ἐξαλείφουσα
3000 771 3091 822 τὸν
3113 769 3280 841 ῥύπον
3301 771 3398 841 τῆς
3424 773 3695 839 ἀσεϐείας.

2042 863 2359 915 Λούσασθε
2386 864 2515 931 γὰρ,
2546 861 2699 929 φησὶ,
2739 862 2977 926 καθαροὶ
3005 863 3241 929 γίνεσθε
3261 881 3272 893 ·
3305 862 3557 929 ἀφέλετε
3592 866 3698 930 τὰς

2039 948 2336 1015 πονηρίας
2386 949 2502 1001 ἀπὸ
2551 948 2668 1000 τῶν
2712 946 2965 1013 καρδιῶν
3011 949 3194 1016 ὑμῶν,
3250 950 3539 1002 ἀπέναντι
3578 949 3698 1003 τῶν

2037 1032 2359 1101 ὀφθαλμῶν
2379 1051 2517 1101 μου.
2554 1034 2618 1085 Τί
2645 1033 2891 1102 βούλεται
2912 1034 2971 1084 τὸ
2997 1034 3241 1103 περιττὸν
3270 1036 3367 1104 τῆς
3388 1034 3615 1099 λέξεως;
3636 1035 3696 1088 τὸ

2036 1118 2146 1187 γὰρ
2185 1118 2448 1187 Ἆφέλετε
2479 1119 2581 1184 τὰς
2609 1120 2897 1186 πονηρίας
2920 1119 3035 1172 ἀπὸ
3073 1120 3189 1171 τῶν
3219 1120 3472 1188 καρδιῶν
3503 1121 3691 1189 ὑμῶν,

2038 1205 2137 1274 οὐχ
2173 1206 2356 1258 ἱκανὸν
2389 1206 2623 1276 μηνῦσαι
2656 1208 2717 1260 τὸ
2741 1209 2881 1272 πάν;
2911 1206 3009 1259 Διά
3043 1206 3093 1258 τί
3126 1203 3217 1259 οὖν
3254 1208 3553 1261 Ἀπέναντι
3576 1208 3696 1263 τῶν

2037 1293 2360 1360 ὀφθαλμῶν
2398 1310 2546 1361 μου;
2592 1295 2804 1365 Ἐπειδὴ
2849 1295 3024 1357 άλλως
3069 1294 3267 1364 ὁρῶσιν
3304 1294 3567 1365 ὀφθαλμοὶ
3600 1298 3694 1350 ἀν-

2035 1377 2285 1448 θρώπων,
2316 1378 2411 1430 καὶ
2444 1380 2613 1442 άλλως
2652 1382 2753 1449 ὁρᾷ
2793 1380 3067 1449 ὀφθαλμὸς
3106 1379 3200 1433 τοῦ
3237 1380 3370 1432 Θεοῦ
3392 1397 3405 1407 ·
3442 1383 3691 1451 Ἀνθρω-

2033 1478 2147 1529 πος
2193 1466 2299 1533 γάρ
2344 1468 2430 1529 εἰς
2473 1467 2816 1533 πρόσωπον,
2857 1465 2999 1530 Θεὸς
3046 1465 3113 1517 δὲ
3157 1469 3242 1531 είς
3290 1467 3557 1534 καρδίαν.
3601 1468 3688 1541 Μὴ

2034 1553 2296 1623 σχήμασι,
2328 1556 2479 1622 φησὶ,
2496 1553 2780 1622 νοθεύσητε
2801 1563 2822 1590 ο
2842 1552 2939 1619 τὴν
2969 1552 3273 1621 μετάνοιαν,
3297 1554 3409 1605 ἀλλ’
3428 1555 3688 1608 ἀπέναντι

2029 1639 2136 1691 τῶν
2168 1640 2457 1710 ὀφθαλμῶν
2483 1657 2600 1710 μου,
2624 1639 2730 1692 τῶν
2760 1640 2828 1691 τά
2856 1639 3073 1708 κρυπτά
3100 1637 3458 1707 ἐρευνώντων,
3481 1640 3686 1705 δείξατε

2028 1726 2151 1789 τοὺς
2186 1729 2431 1796 καρποὺς
2452 1727 2552 1795 τῆς
2585 1726 2888 1795 μετανοίας.

2096 1813 2159 1866 δ’.
2181 1816 2269 1865 Δεῖ
2295 1814 2349 1865 δὲ
2376 1815 2522 1883 ἡμᾶς
2545 1813 2968 1884 καθαιρομένους
2997 1810 3120 1863 ’ἀπὸ
3141 1808 3249 1862 τῶν
3275 1808 3555 1880 ἁμαρτιῶν
3582 1811 3682 1881 πρὸ

2026 1899 2318 1968 ὀφθαλμῶν
2349 1900 2491 1969 ἔχειν
2526 1900 2666 1952 αῦτὰ
2696 1900 2762 1952 τά
2807 1899 3176 1969 ἁμαρτήματα
3197 1914 3209 1927 ·
3250 1897 3354 1949 κᾶν
3381 1900 3408 1949 ὀ
3438 1895 3567 1959 Θεὸς
3595 1897 3683 1950 διὰ

2026 1985 2435 2054 φιλανθρωπίαν
2482 1986 2809 2055 συγχωρήσῃ
2855 2001 2935 2036 σοι
2966 1984 3064 2053 τὴν
3108 1984 3398 2053 ἁμαρτίαν,
3448 1983 3583 2035 ἀλλὰ
3617 1985 3681 2037 σὺ

2027 2071 2163 2142 πρὸς
2196 2072 2295 2141 τὴν
2338 2072 2635 2139 ἀσφάλειαν
2677 2072 2776 2141 τῆς
2826 2070 3019 2122 ἑαυτοῦ
3049 2070 3222 2139 ψυχῆς
3258 2069 3363 2139 πρὸ
3391 2070 3682 2139 ὀφθαλμῶν

2022 2157 2113 2226 ἔχε
2164 2158 2262 2228 τὴν
2316 2158 2608 2228 ἁμαρτίαν.
2660 2157 2723 2211 Ἦ
2769 2158 2876 2227 γὰρ
2930 2157 3116 2225 μνήμη
3158 2156 3266 2207 τῶν
3305 2156 3680 2225 προλαϐόντων

2019 2243 2190 2314 ἐποχή
2225 2244 2432 2311 γίνεται
2458 2243 2567 2295 τῶν
2601 2242 2899 2313 μελλόντων
2919 2258 2932 2271 ·
2965 2242 3057 2293 καὶ
3082 2243 3110 2293 ὁ
3140 2241 3232 2293 ἐπὶ
3261 2244 3371 2303 τοῖς
3398 2241 3679 2311 προτέροις

2018 2328 2361 2399 δακνόμενος,
2391 2347 2457 2380 πε
2465 2330 2520 2397 ρὶ
2552 2330 2620 2381 τὰ
2648 2327 2876 2396 δεύτερα
2899 2326 3304 2397 ἀσφαλεστέραν
3333 2327 3431 2397 τήν
3457 2327 3678 2399 γνώμην

2018 2414 2273 2468 δείκνυσι.
2318 2415 2418 2467 Διὰ
2444 2416 2602 2468 τοῦτο
2632 2415 2725 2467 καὶ
2762 2415 2790 2466 0
2823 2413 3013 2467 Δαυϊδ·
3044 2414 3153 2466 Καὶ
3183 2415 3219 2480 ἡ
3253 2415 3506 2483 ἁμαρτία
3532 2433 3674 2483 μου,

2020 2503 2200 2571 φησὶν,
2234 2503 2488 2555 ἐνώπιόν
2512 2503 2629 2570 μού
2656 2502 2787 2554 ἐστι
2812 2501 2907 2553 διὰ
2935 2502 3160 2565 παντός
3180 2522 3193 2534 ·
3224 2502 3309 2553 ἵνα
3339 2502 3443 2572 πρὸ
3473 2503 3674 2569 ὀφθαλ-

2020 2589 2135 2657 μῶν
2170 2588 2306 2657 έχων
2332 2588 2399 2641 τὰ
2428 2587 2783 2657 προλαϐόντα,
2813 2586 2887 2655 μὴ
2924 2588 3197 2657 περιπέσῃ
3223 2591 3335 2649 τοῖς
3371 2588 3671 2657 μέλλουσιν.

2015 2675 2137 2728 ’Ότι
2166 2676 2223 2728 δὲ
2271 2675 2472 2744 ταύτην
2505 2674 2633 2743 παρ’
2668 2673 2822 2742 ήμῶν
2858 2676 2885 2725 0
2930 2672 3060 2735 Θεὸς
3104 2674 3324 2725 ἀπαιτεῖ
3370 2673 3467 2743 τήν
3506 2676 3674 2727 κατά-

2012 2778 2219 2825 στασιν,
2239 2762 2469 2814 ἄκουσον
2489 2759 2650 2811 αὐτοῦ
2672 2760 2918 2827 λέγοντος
2941 2776 2953 2789 ·
2987 2758 3131 2827 Ἐγώ
3156 2761 3269 2827 είλὶι
3290 2763 3321 2812 ό
3341 2759 3673 2828 ἐξαλείφω·

2007 2845 2114 2911 τὰς
2155 2847 2442 2914 ἁμαρτίας
2469 2861 2607 2905 σου.
2648 2845 2745 2897 καί
2784 2846 2854 2897 οὐ
2884 2845 2971 2913 μὴ
2998 2844 3426 2914 μνησθήσομαι
3447 2862 3459 2876 ·
3492 2846 3573 2898 σὺ
3601 2846 3670 2899 δὲ

2001 2932 2338 3000 μνήσθητι,
2385 2931 2486 2983 καὶ
2540 2931 2859 2998 κριθῶμεν,
2908 2931 3069 3000 λέγει
3124 2932 3368 2997 Κύριος·
3413 2932 3553 3001 λέγε
3584 2933 3666 2986 σὺ

2007 3018 2243 3086 πρῶτον
2272 3019 2378 3082 τὰς
2413 3018 2702 3085 ἁμαρτίας
2734 3028 2872 3080 σου,
2894 3018 2995 3070 ἵνα
3026 3016 3362 3085 δικαιωθῇς.
3392 3020 3504 3072 Οὐκ
3535 3022 3667 3073 ἀνα-

2009 3106 2158 3175 μένει
2186 3107 2213 3157 ὀ
2240 3105 2374 3167 Θεὸς
2411 3105 2601 3175 χρόνον
2632 3105 2722 3157 τὸν
2753 3103 2859 3157 ἀπὸ
2890 3105 2987 3173 τῆς
3024 3105 3304 3173 μετανοίας
3328 3122 3341 3135 ·
3382 3102 3531 3169 εἶπες
3564 3108 3664 3177 τὴν

2004 3191 2278 3262 ἁμαρτίαν
2327 3208 2443 3253 σου,
2488 3190 2841 3260 ἐδικαιώθης·
2891 3190 3238 3260 μετενόησας,
3280 3191 3533 3261 ήλεήθης.
3587 3194 3660 3245 Οὐ

2001 3282 2192 3351 χρόνος
2217 3279 2583 3348 ἀπολογεῖται,
2608 3278 2723 3331 ἀλλ’
2753 3280 2781 3331 ὀ
2808 3278 3006 3349 τρόπος
3030 3277 3120 3331 τοῦ
3152 3278 3534 3347 μετανοοῦντος
3563 3281 3663 3351 τὴν

2000 3367 2273 3437 ἁμαρτίαν
2302 3366 2613 3418 σϐέννυσιν·
2648 3364 2761 3416 ἔστι
2796 3366 2890 3417 καὶ
2932 3364 3106 3434 χρόνῳ
3149 3364 3325 3434 πολλῷ
3359 3366 3659 3436 παρεδρεύ-

2000 3470 2169 3505 σαντα
2201 3454 2273 3523 μὴ
2323 3454 2505 3521 τυχεῖν
2544 3451 2849 3521 σωτηρίας,
2884 3452 2975 3502 καὶ
3014 3453 3070 3502 ἐν
3107 3451 3270 3520 ὀλίγῳ
3303 3453 3478 3522 χρόνῳ
3522 3470 3656 3525 γνη-

2001 3540 2129 3602 σίως
2161 3538 2186 3577 ἀ
2225 3537 2761 3607 ὲξομολογησάμενον
2804 3535 3175 3589 ἀποδύσασθαι
3212 3536 3308 3606 τήν
3358 3538 3653 3607 ἁμαρτίαν.

1998 3627 2169 3679 Πολὺν
2196 3625 2438 3677 ἀνάλωσε
2480 3624 2669 3693 χρόνον
2695 3625 2723 3675 0
2757 3623 3022 3693 μακάριος
3048 3623 3296 3693 Σαμουὴλ
3324 3623 3486 3688 ἀξιῶν
3528 3641 3593 3675 πε
3605 3626 3658 3695 ρὶ

1996 3711 2091 3763 τοῦ
2119 3711 2312 3774 Σαοὺλ,
2337 3713 2432 3763 καὶ
2460 3710 2659 3773 πολλὰς
2683 3709 2835 3779 [552]
2867 3709 3064 3771 νύκτας
3088 3709 3333 3779 διήνυσεν
3366 3712 3655 3780 ἀγρυπνῶν

1992 3803 2121 3866 περὶ
2168 3796 2269 3865 τῆς
2319 3795 2414 3848 τοῦ
2456 3798 2871 3866 ἁμαρτήσαντος
2912 3794 3218 3865 σωτηρίας·
3246 3797 3274 3846 ὀ
3316 3795 3371 3846 δὲ
3401 3795 3532 3858 Θεὸς
3564 3797 3654 3848 τὸν

1990 3882 2181 3951 χρόνον
2231 3882 2729 3951 παραπεμπόμενος
2754 3882 2848 3948 (οὐ
2897 3881 2998 3949 γάρ
3032 3880 3329 3949 συνέδραμε
3377 3883 3439 3949 τῇ
3476 3881 3653 3951 ίκεσίᾳ

1990 3968 2085 4019 τοῦ
2108 3969 2385 4037 προφήτου
2408 3969 2442 4037 ή
2472 3968 2727 4037 μετάνοια
2751 3965 2845 4019 τοῦ
2869 3966 3322 4036 ἁμαρτήσαντος),
3342 3965 3485 4031 λέγει
3517 3967 3652 4035 πρὸς

1992 4056 2081 4107 τὸν
2121 4054 2310 4106 ἑαυτοῦ
2349 4056 2665 4124 προφήτην·
2724 4054 2872 4118 Ἕως
2919 4054 3063 4105 πότε
3114 4051 3194 4105 σὺ
3245 4052 3482 4115 πενθεῖς
3520 4054 3648 4121 περὶ

1992 4142 2212 4201 Σαοὺλ,
2262 4141 2422 4209 κάγὼ
2466 4140 2745 4208 ἀπῶσμαι
2785 4142 3010 4205 αὐτόν;
3055 4139 3127 4191 Τὸ
3157 4140 3309 4204 "Ean;
3364 4141 3526 4202 πότε,
3558 4140 3650 4192 τὸν

1990 4226 2179 4295 χρόνον
2212 4226 2483 4288 δείκνυσι,
2516 4226 2609 4278 καὶ
2640 4227 2736 4295 τὴν
2788 4225 3107 4296 παραμονήν
3138 4224 3230 4277 τοῦ
3278 4225 3646 4289 ἱκετεύοντος·

1987 4313 2082 4365 καὶ
2133 4312 2495 4381 ἀπεπέμψατο
2548 4313 2576 4363 0
2633 4311 2766 4375 Θεὸς
2806 4313 2896 4365 τὸν
2942 4312 3129 4381 χρόνον
3161 4311 3261 4378 τῆς
3304 4312 3509 4373 ίκεσίας
3549 4311 3644 4364 τοῦ

1987 4400 2299 4470 προφήτου·
2338 4400 2398 4451 οὺ
2438 4400 2546 4468 γὰρ
2584 4398 2881 4469 συνέδραμε
2909 4400 2975 4467 τῇ
3011 4396 3271 4467 πρεσϐείᾳ
3304 4395 3395 4448 τοῦ
3433 4396 3641 4450 δικαίου

1986 4488 2017 4555 ή
2058 4486 2311 4555 μετάνοια
2354 4485 2445 4537 τοῦ
2496 4484 2775 4553 βασιλέως.
2821 4482 2909 4551 Τῷ
2942 4484 2995 4534 δέ
3039 4499 3101 4549 γε
3149 4482 3403 4552 μακαρίῳ
3444 4483 3638 4546 Δαυῒδ,

1989 4574 2267 4643 δεξαμένῳ
2292 4574 2380 4624 τὸν
2408 4573 2623 4638 ἔλεγχον
2657 4572 2753 4639 τῆς
2790 4570 3061 4639 ἁμαρτίας
3101 4569 3189 4621 διά
3222 4569 3315 4621 τοῦ
3340 4570 3495 4637 ἁγίου
3524 4572 3638 4624 Να-

1987 4660 2083 4712 θᾶν
2114 4659 2207 4711 τοῦ
2245 4659 2543 4727 προφήτου,
2570 4658 2663 4709 καὶ⁸
2705 4655 2906 4719 εὐθέως
2935 4655 3071 4726 πρὸς
3098 4656 3197 4727 τὴν
3248 4657 3476 4726 ἀπειλήν
3520 4659 3637 4710 ἐπι-

1981 4744 2127 4808 δειξα
2137 4744 2280 4813 μένῳ
2304 4745 2400 4815 τὴν
2430 4743 2656 4812 γνησίαν
2679 4742 3032 4813 ἐπιστροφὴν,
3055 4743 3149 4795 καὶ
3172 4744 3395 4807 εἰπόντι,
3425 4744 3636 4812 "Epap-

1980 4849 2082 4884 τον
2105 4831 2184 4896 τῷ
2205 4832 2417 4897 Κιερίῳ,
2448 4830 2648 4892 εὐθέως
2679 4831 2828 4901 ῥῆμα
2851 4830 2907 4882 ἓν
2930 4832 2987 4884 ἐν
3022 4832 3121 4900 μιᾷ
3150 4833 3287 4901 ροπῇ
3319 4832 3633 4901 προενεχθέν

1975 4920 2213 4990 γνησίως
2250 4918 2543 4987 ὀλόκληρον
2570 4919 2767 4988 ἤνεγκε
2795 4917 2872 4987 τῷ
2916 4918 3303 4987 μετανοήσαντι
3332 4917 3428 4987 τήν
3458 4933 3632 4986 σωτη-

1980 5007 2099 5077 ρίαν
2120 5024 2134 5037 ·
2174 5006 2335 5069 εὐθὺς
2375 5005 2484 5075 γὰρ
2523 5008 2557 5075 ἡ
2586 5005 2870 5076 διόρθωσις
2919 5005 3183 5058 κατέλαϐε
3214 5005 3312 5075 τὴν
3341 5004 3625 5072 ἀπόφασιν.

1972 5094 2111 5163 Φησὶ
2148 5093 2278 5159 γοῦν
2324 5092 2459 5163 πρὸς
2490 5094 2649 5145 αὑτὸν
2674 5095 2703 5145 ὀ
2734 5092 2919 5146 Ναθᾶν
2940 5107 2965 5136 ·.
2985 5093 3095 5146 Καὶ
3129 5092 3341 5158 Κύριος
3374 5089 3570 5158 ἀφῆκε
3602 5101 3626 5131 ο

1972 5180 2085 5247 τὴν
2116 5179 2410 5247 ἁμαρτίαν
2435 5194 2571 5233 σου.

2045 5280 2187 5349 Ὅρα
2214 5279 2270 5331 δέ
2305 5296 2393 5347 μοι
2420 5279 2508 5331 τὸν
2539 5277 2667 5330 Θεὸν
2698 5278 2893 5349 βραδὺν
2923 5278 3000 5340 είς
3026 5275 3312 5347 τιμωρίαν,
3340 5279 3432 5331 καὶ
3460 5278 3627 5349 ταχὺν

1972 5369 2049 5428 είς
2110 5367 2415 5437 σωτηρίαν·
2479 5366 2572 5418 καί
2623 5382 2712 5435 μοι
2760 5366 2971 5434 πρῶτον
3009 5365 3295 5435 ἐννόησον,
3344 5367 3490 5429 ὅπως
3537 5364 3627 5420 τὸν

1972 5454 2188 5523 ἔλεγχον
2218 5455 2245 5506 0
2279 5452 2654 5524 φιλάνθρωπος
2690 5452 2827 5522 μετὰ
2878 5452 3104 5515 πολλοὺς
3153 5457 3466 5523 προσήγαγε
3501 5453 3627 5523 χρό⁴

1972 5559 2114 5604 νους.
2130 5542 2417 5611 ’Ἠμαρτεν
2440 5542 2468 5592 ὀ
2500 5540 2662 5593 Δαυϊδ
2680 5553 2697 5567 ·
2720 5538 3083 5609 ἐκυοφόρησεν
3114 5539 3317 5609 ήγυνὴ,
3342 5539 3434 5591 καὶ
3453 5538 3626 5603 οὐδεὶς

1971 5629 2190 5697 ἐλεγχος
2248 5631 2313 5698 τῇ
2366 5628 2606 5697 ἁμαρτίᾳ
2653 5625 3167 5695 παρηκολούθησεν,
3209 5625 3341 5677 ἀλλά
3392 5624 3529 5693 μετά
3566 5626 3628 5678 τὸ

1976 5715 2330 5785 αποτεχθῆναι
2363 5715 2421 5767 τὸ
2465 5713 2661 5783 βρέφος
2692 5712 2752 5765 τὸ
2795 5714 2859 5766 ἐκ
2889 5713 2988 5782 τῆς
3033 5712 3334 5781 ἁμαρτίας,
3368 5711 3625 5765 ἀποστέλο

1971 5800 2121 5853 λεται
2152 5803 2180 5857 0
2232 5800 2411 5869 ίατρὸς
2454 5798 2554 5866 τῆς
2585 5800 2880 5869 ἁμαρτίας.
2908 5800 3002 5851 Διά
3046 5798 3097 5849 τί
3134 5796 3192 5849 δὲ
3240 5798 3624 5870 ἁμαρτήσαντα

2040 5890 2060 5916 τ
2090 5887 2236 5935 Savil.
2263 5892 2314 5933 et
2336 5898 2460 5933 unus
2481 5886 2603 5947 Reg.
2631 5886 2869 5946 νοθεύσῃς.

2037 5950 2060 5985 ὀ
2090 5948 2225 5998 [nus
2248 5948 2366 6007 Heg.
2394 5948 2472 5994 καὶ
2510 5945 2717 6008 ἐνάθρὸᾳ
2739 5945 2855 6007 ῥοπῇ
2877 5945 3079 6005 γνησίως

2042 6014 2064 6042 ⁸
2090 6011 2211 6073 Ιὶρξζ.
2242 6023 2367 6060 unus
2384 6009 2551 6071 Κύριος
2571 6008 2874 6070 παρεείεασε.
