4432 6690
759 441 864 495 3‘29

760 640 868 693 τῶν
893 641 1308 715 ἁμαρτημάτων
1332 641 1748 711 τυφλώττουσαν
1775 643 1875 713 τὴν
1910 641 2086 712 ψυχὴν
2114 641 2220 692 τῶν
2248 643 2427 710 ἀμαρ-

761 728 1052 792 τανόντων,
1082 731 1214 784 διότι
1245 731 1639 798 ἐκκεκώφωται
1667 729 1734 783 τὰ
1760 724 1879 784 ὦτα
1912 731 2020 784 τῶν
2062 727 2428 799 βεϐαπτισμέ-

759 830 870 867 νων
888 818 945 868 ἐν
982 817 1058 886 τῷ
1090 817 1242 887 βάθει
1280 817 1379 888 τῆς
1422 817 1717 888 ἁμαρτίας.
1761 817 2140 890 Ὑπερτίθεται
2168 810 2260 868 οῦν
2299 814 2428 882 φλε-

763 903 1048 970 γμαίνοντι
1079 905 1156 974 τῷ
1193 904 1356 959 πάθει
1402 905 1704 974 προσάγειν
1737 906 1834 977 τὴν
1875 905 2144 976 βοήθειαν,
2172 904 2266 956 καὶ
2294 901 2429 972 μετά

764 989 1016 1042 τοσοῦτον
1075 992 1264 1061 χρόνον
1307 993 1336 1044 6
1382 991 1605 1062 ἐλεγχος
1651 993 2010 1062 προσέρχεται
2033 1007 2048 1020 ·
2100 991 2194 1043 καὶ
2237 989 2293 1041 ἐν
2335 989 2432 1058 μιᾷ

767 1075 957 1145 καιροῦ
997 1078 1136 1148 ῥοπῇ
1192 1080 1225 1148 ἡ
1283 1078 1544 1148 μετάνοια
1593 1080 1688 1132 καὶ
1737 1081 1770 1147 ἡ
1822 1079 2034 1146 ἄφεσις.
2068 1076 2178 1131 Καὶ
2221 1077 2432 1142 Κύριος

764 1157 960 1226 ἀφῆκε
992 1159 1106 1226 τὴν
1134 1160 1431 1228 ἁμαρτίαν
1457 1177 1591 1216 σου.
1613 1163 1677 1213 Ὢ
1701 1161 1801 1231 τῆς
1828 1159 2138 1223 οἰκονομίας
2163 1158 2256 1210 τοῦ
2287 1159 2435 1209 ἀπει·

765 1245 1050 1312 λήσαντοςο
1089 1246 1252 1318 Ὁρᾷς
1282 1247 1366 1300 ὃτι
1401 1249 1526 1315 όξύς
1564 1251 1645 1311 είς
1677 1247 1984 1316 σωτηρίαν;
2014 1245 2182 1298 Τοῦτο
2215 1243 2308 1296 καὶ
2341 1243 2433 1294 ἐπὶ

763 1331 874 1383 τῶν
900 1331 1076 1387 ἄλλων
1110 1337 1272 1399 ποιεῖ,
1305 1335 1585 1405 βραδύνων
1616 1335 1714 1404 μὲν
1745 1335 1878 1404 πρὸς
1904 1331 2241 1402 καθαίρεσιν,
2272 1330 2432 1399 ταχύ-

765 1435 874 1471 νων
918 1419 976 1472 δὲ
1022 1421 1161 1492 πρὸς
1195 1422 1498 1493 ἀντίληψιν.
1536 1417 1748 1474 Οίόν·τι
1784 1419 1951 1488 λέγω·
1993 1419 2078 1486 ἐφ’
2123 1418 2280 1488 ἡμῶν
2327 1415 2434 1468 τῶν

765 1505 1068 1576 ἀνθρώπων
1095 1507 1182 1560 διά
1219 1508 1427 1560 πολλῶν
1466 1508 1672 1576 χρόνων
1693 1505 1762 1558 τά
1793 1522 2067 1575 κτισματα
2091 1504 2436 1558 κατασκευά-

767 1589 936 1655 ζεται,
961 1593 1056 1645 καὶ
1087 1594 1146 1644 ἐν
1176 1593 1355 1663 πολλῷ
1393 1593 1566 1662 χρόνῳ
1592 1593 1846 1662 κτίζομεν
1872 1588 2018 1646 οἷκον
2039 1609 2053 1624 ·
2081 1593 2174 1644 καὶ
2209 1592 2305 1659 τῆς
2340 1589 2437 1659 μὲν

766 1674 1053 1745 οἰκοδομῆς
1079 1676 1245 1739 πολὺς
1271 1679 1300 1730 6
1340 1678 1549 1748 χρόνος,
1579 1680 1680 1748 τῆς
1712 1677 1770 1730 δὲ
1820 1677 2194 1746 καθαιρέσεως
2239 1675 2436 1742 ὀλίγος.

782 1759 903 1812 Ἐπὶ
945 1759 1002 1812 δέ
1046 1761 1142 1814 τοῦ
1188 1762 1324 1816 Θεοῦ
1369 1762 1431 1816 τὸ
1476 1763 1783 1816 ἀνάπαλιν·
1822 1763 1950 1815 ὅταν
1991 1761 2186 1831 κτίζῃ,
2231 1759 2439 1828 ταχέως

768 1843 973 1908 κτίζει·
1009 1847 1140 1900 ὅταν
1178 1850 1554 1920 καταστρέφῃ,
1583 1850 1824 1919 βραδέως
1846 1847 2230 1915 καταστρέφει.
2257 1843 2437 1913 Ταχὺς

767 1934 796 1983 6
824 1931 959 1996 Θεὸς
997 1931 1231 1997 κτίζων,
1258 1934 1455 2003 βραδὺς
1508 1936 1896 2004 καταστρέφων
1917 1951 1929 1962 ·
1965 1933 2153 2004 ἐπειδὴ
2204 1931 2324 2002 Θεῷ
2372 1933 2438 1984 τὰ

765 2016 859 2070 δύο
903 2019 1217 2088 πρέποντα·
1262 2020 1353 2071 καὶ
1400 2019 1508 2089 γὰρ
1555 2022 1752 2082 ἐκεῖνο,
1778 2021 2082 2089 δυνάμεως,
2116 2019 2212 2071 καὶ
2255 2017 2436 2080 τοῦτο,

768 2103 1128 2174 ἀγαθότητος·
1157 2104 1224 2156 δι’
1257 2103 1562 2174 ὑπερϐολὴν
1592 2105 1876 2176 δυνάμεως
1905 2107 2094 2176 ταχὺς,
2125 2105 2215 2158 διὰ
2242 2104 2440 2173 πολλὴν

768 2190 1080 2259 ἀγαθότητα
1123 2190 1349 2260 βραδύς·
1394 2190 1616 2260 ἐλεγχος
1645 2191 1703 2243 δέ
1747 2193 1858 2245 τῶν
1898 2194 2182 2262 ῥημάτων,
2217 2195 2249 2262 ἡ
2281 2195 2442 2260 πεῖρα

767 2271 878 2324 τῶν
911 2275 1273 2344 πραγμάτων.
1324 2275 1412 2326 Ἐν
1453 2273 1513 2338 ἒξ
1544 2275 1780 2344 ἡμέραις
1830 2275 2083 2344 ἐποίησεν
2123 2277 2150 2327 6
2179 2274 2310 2336 Θεὸς
2350 2275 2443 2325 σιὸν

769 2361 998 2428 οὐρανὸν
1039 2363 1134 2414 καὶ
1167 2363 1267 2432 τὴν
1302 2363 1424 2432 γῆν,
1467 2362 1536 2414 τὰ
1579 2363 1788 2432 μεγέθη
1821 2363 1928 2415 τῶν
1963 2363 2155 2432 ὀρέων,
2199 2362 2301 2422 τάς
2344 2377 2440 2412 πε-

769 2447 970 2512 διάδας,
1009 2450 1109 2511 τάς
1154 2449 1478 2517 φάραγγας,
1509 2448 1610 2511 τὰς
1643 2448 1849 2512 νάπας,
1901 2449 1999 2511 τὰς
2027 2447 2178 2511 ὔλας,
2205 2448 2275 2500 τὰ
2312 2447 2440 2516 βλα-

771 2536 1054 2606 στήματα,
1095 2535 1312 2606 πηγὰς,
1359 2536 1670 2605 ποταμοὺς,
1710 2535 2034 2606 παράδεισον
2059 2575 2073 2600 ,
2111 2537 2290 2588 πᾶσαν
2341 2535 2442 2605 τὴν

769 2620 1054 2690 ὁρωμένην
1082 2621 1375 2681 ποικιλίαν,
1402 2621 1501 2691 τὴν
1535 2621 1804 2676 θάλατταν
1833 2623 2036 2691 ταύτην
2066 2622 2165 2693 τὴν
2203 2621 2443 2692 μεγάλην

771 2708 865 2760 καὶ
891 2707 1222 2778 εὐρύχωρον,
1254 2707 1350 2770 τάς
1379 2709 1594 2778 νήσους,
1623 2709 1717 2771 τὰς
1761 2709 2062 2779 παραλίους
2090 2708 2272 2779 χώρας
2294 2748 2308 2770 ,
2352 2708 2445 2761 καί

769 2794 870 2856 τάς
897 2794 1245 2863 μεσογείους·
1301 2795 1478 2846 πάντα
1521 2795 1612 2847 τὸν
1662 2794 1941 2866 ὁρώμενον
1989 2794 2176 2849 τοῦτον
2219 2796 2441 2865 κόσμον,

769 2881 865 2934 καὶ
891 2881 952 2932 τὸ
978 2881 1036 2933 ἐν
1065 2879 1211 2950 αὐτῷ
1233 2881 1449 2944 κάλλος,
1491 2883 1547 2933 ἐν
1575 2880 1634 2947 ἒξ
1673 2882 1910 2952 ἡμέραις
1938 2882 2192 2952 ἐποίησεν
2219 2885 2247 2934 6
2273 2883 2406 2946 Θεός
2427 2899 2438 2911 ·

771 2967 838 3018 τά
872 2969 930 3019 ἐν
968 2965 1116 3036 αὐτῷ
1150 2965 1266 3030 ζῶα
1296 2965 1366 3018 τὰ
1411 2966 1625 3035 λογικὰ,
1654 2967 1750 3018 καὶ
1791 2967 1862 3020 τὰ
1905 2967 2094 3036 άλογα,
2129 2968 2224 3021 καὶ
2263 2969 2442 3021 πᾶσαν

770 3053 870 3123 τὴν
896 3053 1182 3124 ὁρωμένην
1217 3053 1580 3122 διακόσμησιν
1614 3055 1671 3106 ἐν
1701 3054 1761 3118 ἒξ
1801 3054 2035 3125 ἡμέραις
2069 3058 2233 3110 ποιεῖ.
2275 3048 2444 3118 Οὗτος

770 3136 865 3194 οῦν
895 3142 924 3192 6
950 3141 1120 3210 ταχὺς
1150 3142 1230 3202 είς
1257 3139 1318 3193 τὸ
1351 3139 1575 3204 κτίζειν,
1609 3141 1698 3193 ὅτε
1741 3141 2097 3194 ἐϐουλεύσατο
2125 3143 2254 3212 μίαν
2291 3143 2445 3196 πόλιν

769 3227 1044 3292 καθελεῖν,
1095 3227 1292 3298 εὑρέθη
1339 3227 1541 3297 βραδὺς
1589 3227 1739 3299 [553]
1784 3228 1851 3280 δι’
1902 3229 2238 3300 ἀγαθότητα.
2291 3229 2444 3282 Θέλει

722 3351 724 3354 μ
771 3313 1020 3367 καθελεῖν
1049 3313 1148 3384 τὴν
1190 3312 1420 3384 Ἱεριχὼ,
1452 3314 1545 3366 καί
1579 3330 1712 3383 φησι
1744 3313 1882 3384 πρὸς
1909 3315 2000 3368 τὸν
2033 3315 2248 3386 Ἰσραήλ
2273 3333 2284 3346 ·
2327 3319 2443 3369 Κυο

772 3399 1047 3454 κλώσατε
1079 3399 1274 3466 αὐτὴν
1316 3400 1416 3454 ἐπὶ
1464 3400 1614 3454 ἑπτὰ
1660 3401 1914 3470 ἡμέρας·
1962 3403 2061 3456 καὶ
2103 3403 2179 3470 τῇ
2225 3404 2444 3473 ἑϐδόμῃ

772 3489 966 3559 ἡμέρᾳ
1010 3491 1281 3543 πεσεῖται
1322 3489 1388 3542 τὸ
1435 3490 1651 3559 τεῖχος.
1707 3492 1810 3544 Τὸν
1863 3493 2067 3562 κόσμον
2111 3493 2231 3546 ὃλον
2280 3495 2339 3548 ἐν
2388 3495 2448 3559 ἓξ

773 3578 1013 3648 ἡμέραις
1040 3577 1495 3640 κατασκευάζεις,
1513 3577 1610 3629 καὶ⁹
1637 3577 1764 3646 μίαν
1789 3578 1942 3631 πόλιν
1965 3579 2024 3632 ἐν
2046 3578 2189 3632 ἐπτά
2215 3579 2447 3651 ἡμέραις

772 3664 955 3728 λύεις;
985 3664 1040 3716 τί
1076 3663 1187 3732 γὰρ
1230 3663 1508 3733 ἐμποδίζει
1545 3680 1638 3716 σου
1685 3667 1749 3734 τῇ
1782 3665 2103 3737 δυναστεία;
2131 3666 2220 3720 διὰ
2256 3667 2310 3719 τί
2338 3668 2447 3738 γάρ

778 3752 854 3820 μὴ
888 3750 1084 3822 ἀθρόον
1133 3748 1452 3820 καθαιρεῖς;
1505 3749 1568 3802 οὐ
1612 3750 1742 3820 περὶ
1784 3751 1878 3804 σοῦ
1933 3753 1962 3805 6
2015 3754 2303 3824 προφήτης
2347 3754 2446 3825 βοᾷ

773 3835 949 3902 λέγων
971 3851 984 3865 ·
1029 3835 1164 3887 Ἐὰν
1187 3834 1444 3901 ἀνοίξῃς
1477 3834 1585 3888 τὸν
1617 3835 1902 3902 οὐρανὸν,
1941 3838 2156 3906 τρόμος
2184 3838 2445 3906 λήψεται

772 3925 892 3977 ἀπὸ
923 3921 1038 3976 σοῦ
1072 3921 1201 3989 ὄρη,
1236 3923 1334 3974 καὶ
1376 3922 1744 3987 τακήσονται
1777 3923 1858 3987 ὡς
1899 3924 2081 3991 κηρὸς
2118 3925 2236 3979 ἀπὸ
2265 3941 2450 3992 προσ·

771 4010 939 4062 ώπου
955 4009 1181 4075 πυρός;
1206 4007 1267 4060 οὐ
1291 4007 1357 4059 τὰ
1383 4007 1520 4078 ἔργα
1541 4008 1638 4077 τῆς
1659 4007 1939 4077 δυνάμεώς
1963 4026 2054 4062 σου
2070 4009 2447 4080 διηγούμενος,

774 4095 940 4164 φησὶν
971 4095 1000 4146 6
1021 4094 1205 4157 Δαυῖδ,
1239 4095 1322 4147 οὐ
1349 4095 1808 4163 φοϐηθησόμεθα
1833 4095 1904 4147 ἐν
1931 4093 2011 4160 τῷ
2039 4096 2448 4162 ταράσσεσθαι

774 4183 890 4248 τὴν
922 4180 1060 4250 γῆν,
1097 4181 1195 4235 καὶ
1222 4182 1640 4250 μετατίθεσθαι
1675 4181 1783 4250 ὅρη
1816 4183 1888 4236 ἐν
1914 4182 2188 4251 καρδίαις
2217 4185 2443 4237 θαλασ-

773 4267 934 4333 σῶν;
959 4270 1099 4339 Ὀρη
1128 4267 1261 4340 δύνῃ
1289 4267 1566 4338 μεθιστᾷν,
1590 4269 1684 4322 καὶ
1715 4271 1796 4332 είς
1825 4269 2099 4324 θάλασσαν
2131 4271 2444 4341 ἐμϐάλλειν,

776 4355 873 4408 καὶ
914 4355 1044 4426 μίαν
1091 4354 1246 4406 πόλιν
1275 4354 1336 4406 οὐ
1376 4353 1549 4416 θέλεις
1577 4354 1824 4407 καθελεῖν
1857 4355 2244 4424 ἀντιλέγουσαν
2265 4397 2280 4420 ,
2331 4357 2446 4410 ἀλλ’

776 4442 918 4495 ἑπτὰ
950 4439 1164 4512 ἡμέρας
1202 4440 1362 4503 δίδως
1391 4441 1456 4510 τῇ
1488 4439 1940 4508 καθαιρέσει;διά
1973 4441 2056 4506 τί;
2089 4443 2201 4510 Οὐχ
2228 4445 2261 4513 ἡ
2291 4443 2448 4496 δύνα-

779 4545 893 4598 μις,
940 4527 1126 4598 φησὶν,
1172 4529 1382 4590 ἀτονεῖ,
1419 4526 1534 4580 ἀλλ’
1581 4527 1614 4596 ἡ
1661 4526 2040 4598 φιλανθρωπία
2084 4528 2446 4598 μακροθυμεῖ.

777 4615 980 4684 Δίδωμι
1009 4613 1148 4665 ἐπτά
1170 4613 1404 4684 ἡμέρας,
1441 4613 1516 4676 ώς
1547 4615 1614 4683 τῇ
1638 4612 1824 4666 Νινευῖ
1856 4616 2006 4684 τρεῖς
2034 4614 2248 4684 ἡμέρας
2271 4628 2286 4642 ·
2324 4615 2452 4678 ἴσως

776 4701 987 4766 δέξεται
1016 4701 1278 4771 κήρυγμα
1319 4701 1624 4769 μετανοίας,
1662 4701 1756 4754 καὶ
1795 4700 2120 4772 σωθήσεται.
2145 4702 2256 4754 Καὶ
2306 4703 2388 4764 τίς
2424 4705 2453 4755 6

779 4787 1062 4858 κηρύττων
1084 4787 1266 4849 αὐτοῖς
1288 4785 1388 4856 τὴν
1420 4786 1736 4855 μετάνοιαν;
1774 4787 2028 4856 Πολέμιοι
2055 4787 2153 4859 τὴν
2176 4787 2330 4840 πόλιν
2361 4807 2456 4841 πε-

781 4874 1208 4944 ριετειχίσαντοιι
1230 4889 1243 4902 ·
1287 4874 1316 4925 6
1351 4872 1658 4943 στρατηγὸς
1696 4872 1922 4925 ὲκύκλου
1951 4874 2020 4926 τὰ
2063 4875 2215 4945 τείχη
2238 4891 2251 4905 ·
2289 4876 2454 4936 πολὺς

779 4965 810 5014 6
836 4959 1022 5029 φόϐος,
1060 4960 1227 5022 πολὺς
1266 4961 1294 5012 6
1329 4959 1591 5030 θόρυϐος·
1641 4959 1801 5012 ποίαν
1838 4955 1931 5012 οῦν
1961 4962 2143 5025 αὐτοῖς
2187 4962 2305 5016 όδὸν
2353 4963 2453 5031 τῆς

785 5046 1071 5116 μετανοίας
1095 5043 1372 5114 ἀνέῳξας;
1409 5045 1482 5115 μὴ
1513 5045 1623 5116 γὰρ
1658 5046 1946 5116 προφήτην
1980 5046 2340 5113 ἀπέστειλας;
2375 5049 2450 5120 μὴ

782 5133 894 5204 γάρ
935 5131 1328 5200 εὐαγγελιστὴν
1383 5133 1694 5200 διεπέμψω,
1742 5135 1816 5204 μὴ
1860 5133 1972 5204 γὰρ
2030 5131 2100 5204 ἡν
2147 5151 2230 5198 τις
2271 5139 2452 5202 αὐτοῖς

785 5218 1167 5289 ὑποτιθέμενος
1200 5219 1262 5272 τὸ
1293 5219 1604 5288 συμφέρον;
1635 5221 1763 5282 Ναὶ,
1798 5223 1982 5291 φησίν,
2017 5217 2162 5291 εἶχον
2199 5222 2344 5276 ἔνδον
2371 5225 2450 5278 δι-

783 5307 1051 5380 δάσκαλον
1088 5307 1186 5376 τῆς
1220 5307 1510 5373 μετανοίας
1534 5305 1634 5377 τὴν
1661 5306 1976 5380 θαυμαστὴν
2006 5309 2223 5380 ἐκείνην
2260 5311 2449 5377 Ῥαὰϐ,

785 5379 873 5462 ῆν“
886 5392 1067 5446 ἔσωσα
1089 5392 1178 5444 διὰ
1201 5393 1510 5462 μετανοίας.
1535 5392 1641 5446 Τοῦ
1672 5394 1836 5447 αὐτοῦ
1859 5391 1926 5466 ἦν
1956 5397 2279 5468 φυράματος
2295 5415 2308 5428 ·
2340 5399 2452 5451 ἀλλ’

785 5475 972 5547 ἐπειδὴ
996 5474 1056 5539 ἐξ
1083 5474 1248 5527 αὐτοῦ
1273 5477 1372 5528 οὐκ
1397 5471 1466 5546 ῆν
1491 5475 1584 5530 τοῦ
1607 5478 1975 5548 φρονήματος,
2005 5481 2103 5533 οὐκ
2128 5479 2453 5550 ἐκοινώνησε
2509 5480 2511 5483 ’

785 5565 852 5634 τῇ
877 5563 1126 5634 ἁμαρτίᾳ
1149 5564 1183 5632 ἡ
1220 5563 1296 5633 μὴ
1335 5565 1712 5635 κοινωνήσασα
1741 5567 1806 5636 τῇ
1844 5567 2090 5638 ἀπιστίᾳ.

861 5655 922 5702 ε’.
942 5649 1049 5702 Καὶ
1071 5651 1176 5720 ὅρα
1199 5666 1291 5720 μοι
1309 5649 1372 5702 τὸ
1400 5649 1549 5715 ξένον
1574 5653 1673 5720 τῆς
1701 5651 2112 5724 φιλανθρωπίας
2129 5655 2406 5726 κήρυγμα·
2427 5659 2456 5710 ό

789 5735 965 5805 λέγων
993 5736 1051 5788 ἐν
1077 5736 1155 5806 τῷ
1183 5737 1333 5807 νόμῳ
1353 5753 1365 5766 ·
1394 5739 1478 5792 Οὐ
1505 5740 1874 5807 μοιχεύσεις,
1903 5740 1964 5793 οὐ
2001 5743 2332 5812 πορνεύσεις,
2369 5761 2453 5815 με·

849 5843 874 5877 ⁴
898 5842 1174 5904 “93.1mm
1201 5848 1253 5890 et
1274 5841 1423 5892 SaVil.
1445 5845 1889 5907 περιεστοιχὲσανῖο.

1565 443 1623 497 S.
1667 441 1957 497 JOANNIS
1994 437 2478 496 CHRYSOSTOMI
2512 437 2830 494 ARCHIEP.
2868 437 3412 496 CONSTANTINOP.

758 553 960 620 εὐθέως
990 557 1053 611 οὐ
1094 557 1467 630 διωρθώσατος
1521 555 1740 626 Ἐπειδὴ
1773 552 1912 609 οἶδεν
1961 557 2018 608 ἐν
2050 557 2171 616 ταῖς
2221 555 2424 624 ἀκμαῖς
2454 583 2463 589 ~

4086 446 4192 499 350

2529 552 2777 606 ταϐαλὼν
2802 553 2862 604 τὸ
2897 553 3049 622 ῥῆμα
3077 554 3165 606 διά
3189 549 3611 622 φιλανθρωπίαν,
3641 549 3740 620 βοᾷ
3770 549 3859 604 διὰ
3886 554 3980 606 τοῦ
4016 574 4194 625 μαχα-

2535 642 2648 711 ρίου
2700 640 2906 710 Ίησοῦ·
2948 641 3133 694 Ῥαὰϐ
3172 644 3211 708 ἡ
3256 643 3447 709 πόρνη
3475 639 3638 705 ζήτω.
3678 637 3882 708 Ἰησοῦς
3925 641 4134 707 ἐκεῖνος
4161 646 4193 698 6

2531 729 2690 799 Ναυῆ
2723 728 2835 792 υίὸς
2861 727 2891 778 6
2921 726 3115 794 λέγων,
3153 729 3217 783 Ἠ
3235 731 3427 798 πόρνη
3461 727 3626 796 ζήτω,
3661 725 3819 780 εἰκὼν
3847 721 3917 797 ἦν
3943 728 4038 781 τοῦ
4077 732 4192 784 Κυ-

2535 817 2650 885 ρίου
2686 815 2859 887 Ἰησοῦ
2922 813 3016 867 τοῦ
3063 812 3335 880 λέγοντος·
3371 817 3590 884 Πόρναι
3630 815 3725 868 καί
3766 811 4018 867 τελῶναι
4050 829 4195 883 προ-

2531 901 2792 964 ἁξουσιν
2817 900 2969 971 ὑμᾶς
2998 902 3084 964 είς
3119 898 3235 966 τὴν
3261 901 3591 962 ,βασιλείαν
3630 900 3748 956 τῶν
3784 898 4077 967 οὐρανῶν.
4131 902 4194 955 Et

2533 988 2632 1058 ζῇν
2665 989 2891 1057 ὀφείλει,
2911 990 3000 1043 διά
3020 987 3071 1041 τί
3093 987 3264 1057 πόρνη
3287 1002 3301 1049 ;
3328 989 3378 1038 εί
3408 989 3604 1059 πόρνη,
3625 989 3713 1042 διὰ
3736 989 3786 1042 τί
3811 988 3986 1060 ζήτω;
4011 985 4192 1055 Λέγω,

2533 1075 2686 1142 φησι,
2718 1074 2817 1144 τὴν
2853 1075 3122 1145 προτέραν
3147 1072 3500 1130 κατάστασιν,
3526 1074 3611 1126 ἵνα
3632 1074 3915 1148 θαυμάσῃς
3944 1073 4042 1144 τὴν
4071 1073 4197 1126 δευ-

2531 1160 2694 1230 τέραν
2742 1162 3092 1229 μετάστασιν.
3120 1160 3228 1212 Καὶ
3261 1157 3314 1210 τί
3345 1158 3594 1228 ἐποίησε,
3619 1163 3802 1229 φησιν,
3828 1164 3862 1232 ἡ
3895 1160 4068 1216 Ῥαὰϐ
4094 1178 4198 1214 σωο

2532 1246 2727 1315 τηρίας
2780 1245 3076 1315 πρόξενον;
3109 1247 3191 1299 ὅτι
3231 1242 3446 1308 ἐδέξατο
3488 1244 3614 1305 τοὺς
3652 1247 4027 1310 κατασκόπους
4059 1246 4201 1317 μετά

2533 1335 2786 1403 εἰρὴνης;
2821 1332 2994 1384 Τοῦτο
3035 1332 3128 1386 καὶ
3165 1329 3556 1400 πανδοχεύτρια
3589 1334 3750 1383 ποιεῖ.
3788 1335 3924 1387 Ἀλλ’
3959 1335 4063 1387 οὐκ
4094 1335 4202 1388 ἀπὸ

2535 1419 2632 1488 τῆς
2666 1418 2862 1484 λέξεως
2908 1419 3078 1488 μόνης
3111 1417 3416 1488 καρποῦται
3463 1415 3559 1486 τὴν
3590 1418 4033 1486 σωτηρίαν,ἀλλά
4061 1436 4196 1490 προ-

2537 1507 2856 1576 ηγουμένως
2884 1506 2990 1558 ἀπὸ
3025 1505 3123 1573 τῆς
3153 1504 3408 1566 πίστεως,
3443 1504 3536 1555 καὶ
3568 1501 3666 1570 τῆς
3699 1503 3833 1572 πρὸς
3855 1504 3988 1558 Θεὸν
4019 1506 4204 1560 διαθέ-

2542 1611 2697 1655 σεως.
2733 1595 2838 1645 Καὶ
2874 1594 2961 1645 ἵνα
3006 1592 3181 1664 μάθῃς
3224 1591 3321 1661 τὴν
3363 1587 3665 1660 ὑπερϐολὴν
3707 1588 3808 1656 τῆς
3841 1591 3899 1641 ἐν
3939 1592 4080 1663 αὐτῇ
4113 1593 4204 1645 πί-

2543 1695 2730 1741 στεως,
2762 1679 2926 1732 ἄκουε
2957 1679 3124 1749 αὐτῆς
3149 1681 3248 1748 τῆς
3273 1676 3498 1749 Γραφῆς
3529 1673 3885 1744 διηγουμένης
3905 1676 3975 1728 τὰ
3996 1695 4207 1748 μεμαρ-

2539 1765 2822 1834 τυρημένα
2861 1767 3000 1836 αὐτῇ
3031 1764 3449 1837 κατορθώματα.
3493 1759 3601 1815 Ἦν
3631 1765 3687 1814 ἐν
3726 1762 3979 1832 πορνείῳ,
4016 1764 4209 1832 ὥσπερ

2546 1853 2892 1922 μαργαρίτης
2952 1855 3011 1905 ἐν
3061 1853 3308 1924 βορϐόρῳ
3361 1849 3855 1920 συμπεφυρμένος,
3895 1848 4099 1917 χρυσὸς
4152 1852 4209 1902 ἐν

2543 1937 2700 2007 πηλῷ
2749 1937 3169 2008 διερῤιμμένος,
3216 1938 3378 2000 ἀνθος
3407 1935 3684 1998 εὐσεϐείας
3722 1933 3989 1997 ἀκάνθαις
4035 1952 4211 2003 κεχω-

2545 2024 2760 2094 σμένον,
2782 2024 3009 2094 εὐσεϐὴς
3041 2025 3187 2095 ψυχὴ
3211 2027 3268 2077 ἐν
3289 2023 3544 2085 ἀσεϐείας
3573 2021 3736 2092 χώρῳ
3765 2021 4208 2074 κατεκέκλειστο.

2546 2110 2648 2164 Καί
2679 2129 2768 2181 μοι
2793 2112 3025 2181 πρόσεχε
3049 2111 3138 2164 τὸν
3162 2111 3285 2164 νοῦν
3317 2109 3578 2180 ἀκριϐῶς.
3622 2108 3866 2173 Ἐδέξατο
3889 2109 4013 2170 τοὺς
4040 2124 4211 2159 κατα-

2547 2199 2800 2260 σκόπους,
2843 2199 2936 2250 καὶ
2972 2198 3032 2250 δν
3063 2198 3370 2267 προέδωκεν
3405 2194 3618 2265 Ἰσραὴλ
3646 2196 3704 2246 ἐν
3738 2196 3803 2264 τῇ
3838 2195 4053 2264 ἐρήμῳ,
4086 2192 4212 2246 τοῦ-

2542 2300 2634 2335 τον
2661 2283 2930 2353 ἐκήρυξεν
2969 2286 3000 2351 ἡ
3047 2283 3216 2335 Ῥαὰϐ
3247 2285 3306 2334 ἐν
3343 2281 3420 2351 τῷ
3453 2281 3704 2350 πορνείῳ.
3734 2275 3857 2332 Οἷον
3897 2280 3952 2331 τί
3985 2279 4153 2345 λέγω,
4184 2281 4214 2331 6

2555 2368 2770 2438 Ἰσραὴλ
2797 2369 2856 2421 ἐν
2883 2371 2950 2438 τῇ
2981 2369 3201 2438 ἐρήμῳ;
3241 2367 3366 2420 Ὅτε
3399 2365 3460 2418 τὸ
3503 2367 3628 2433 ὅρος
3661 2366 4018 2434 ἐπεπλήρωτο
4056 2367 4212 2432 νεφέ·

2541 2454 2660 2525 λης,
2695 2456 2790 2508 καὶ
2829 2455 3053 2524 γνόφου,
3108 2455 3203 2508 καὶ
3250 2453 3587 2520 σαλπίγγων,
3627 2453 3721 2504 καὶ
3751 2453 4073 2522 ἀστραπῶν,
4119 2453 4214 2505 καὶ

2541 2541 2652 2594 τῶν
2677 2540 2851 2594 ἀλλων
2880 2540 3186 2611 φοϐήτρων,
3233 2541 3431 2608 ἡκουσε
3462 2540 3612 2610 παρά
3644 2538 3738 2591 τοῦ
3769 2537 3903 2590 Θεοῦ
3942 2540 4007 2591 ἐκ
4045 2538 4212 2605 μέσου

2544 2628 2636 2681 τοῦ
2667 2628 2838 2697 πυρός
2857 2645 2870 2657 ·
2901 2629 3106 2680 Ἄκουε
3139 2625 3416 2692 Ἰσραήλ·
3446 2627 3659 2694 Κύριος
3684 2629 3718 2678 ό
3744 2627 3887 2690 Θεός
3917 2642 4060 2688 σου,
4095 2627 4212 2679 Κύ-

2538 2734 2670 2782 ριος
2697 2710 2785 2780 εἷς
2813 2715 2984 2767 ἐστιν
3003 2731 3015 2744 ·
3047 2715 3158 2767 οὐκ
3182 2713 3427 2766 ἔσονταί
3459 2728 3559 2766 σοι
3589 2713 3708 2766 θεοὶ
3739 2712 3926 2779 ἕτεροι
3944 2729 3957 2741 ·
4001 2713 4120 2780 ἐγὼ
4145 2713 4214 2765 ἐν

2545 2801 2625 2867 τῷ
2651 2800 2885 2869 οὐρανῷ
2926 2801 3068 2862 ἄνω,
3100 2800 3196 2854 καὶ
3224 2801 3293 2854 ἐν
3323 2799 3397 2867 τῇ
3437 2798 3512 2868 γῇ
3543 2799 3721 2860 κάτω,
3748 2801 3846 2852 καὶ
3871 2799 4039 2865 πλὴν
4068 2798 4214 2867 ἐμοῦ

2547 2888 2691 2954 Θεὸς
2715 2891 2827 2942 οὐκ
2863 2887 3016 2958 [354]
3039 2887 3169 2940 ἔστι
3189 2904 3202 2917 ·
3232 2886 3405 2939 ταῦτα
3429 2887 3640 2938 ἀκούων
3670 2888 3698 2937 6
3739 2886 3974 2956 Ἰσραὴλ,
4013 2887 4215 2954 μόσχον

2545 2975 2836 3045 ἐχώνευσε,
2866 2977 2961 3028 καὶ
3002 2975 3133 3027 Θεὸν
3179 2975 3440 3044 ἡθέτησεν
3463 2992 3474 3004 ·
3503 2975 3735 3043 ἠγνόησε
3774 2975 3863 3026 τὸν
3913 2975 4211 3043 Δεσπότην,

2544 3061 2766 3129 ἀπέγνω
2790 3063 2882 3114 τὸν
2903 3061 3220 3132 εὐεργέτην,
3254 3060 3348 3113 καὶ
3379 3060 3525 3127 λέγει
3555 3061 3632 3129 τῷ
3667 3059 3876 3130 ’Λαρών
3896 3077 3909 3088 ·
3946 3061 4217 3125 Ποίησον

2544 3149 2690 3217 ἡμῖν
2723 3149 2918 3213 θεούς.
2972 3150 3034 3200 Εἰ
3081 3147 3264 3209 θεοὺς,
3307 3146 3396 3199 διά
3423 3147 3476 3198 τί
3504 3147 3797 3211 ποίησον;
3833 3145 3947 3208 πῶς
4000 3145 4117 3198 θεοὶ
4149 3146 4217 3197 τά

2545 3234 2835 3304 γινόμενα;
2891 3232 3078 3296 Οὕτως
3127 3235 3160 3302 ἡ
3201 3233 3370 3285 κακία
3417 3230 3830 3300 τυφλώττουσα,
3875 3231 4010 3300 αὐτὴ
4047 3232 4215 3300 ἑαυτῇ

2539 3319 2801 3388 μάχεται,
2832 3318 2928 3370 καὶ
2968 3317 3167 3384 ἐαυτὴν
3204 3315 3474 3384 ἀφανίζει.
3499 3311 3594 3379 Εἷς
3628 3315 3841 3382 ἐγένετο
3872 3317 4093 3385 μόσχος,
4125 3316 4218 3368 καὶ

2549 3406 2648 3476 βοᾷ
2672 3409 2700 3458 6
2725 3405 3016 3476 ἀχάριστος
3051 3404 3267 3474 Ἰσραήλ
3285 3421 3298 3434 ·
3327 3401 3503 3459 Οὗτοι
3533 3405 3588 3456 οί
3617 3403 3741 3456 θεοί
3767 3417 3904 3465 σου,
3947 3403 4215 3470 Ἰσραὴλ,

2548 3495 2601 3545 οὶ
2635 3491 3030 3560 ἐξαγαγόντες
3067 3505 3140 3543 σε
3175 3490 3242 3542 ἐκ
3272 3489 3386 3559 γῆς
3416 3490 3740 3557 Αίγύπτου.
3784 3485 3940 3542 Οὗτοι
3978 3491 4026 3541 οί
4071 3488 4184 3540 θεοί

2549 3579 2646 3632 ἕνα
2674 3579 2859 3648 βλέπει
2888 3579 3106 3647 μόσχον,
3137 3577 3195 3630 ἐν
3231 3578 3291 3629 τὸ
3319 3577 3602 3646 γινόμενον
3627 3577 3866 3637 εἴδωλον,
3896 3576 3986 3628 διὰ
4016 3577 4071 3628 τί
4104 3572 4217 3640 οῦν,

2552 3659 2728 3718 οὗτοι
2759 3666 2814 3716 οί
2843 3664 2969 3716 θεοί
2991 3679 3008 3724 ;
3032 3667 3038 3677 ”
3059 3664 3145 3714 Ινα
3176 3661 3342 3731 δείξῃ,
3367 3661 3447 3714 ὃτι
3469 3663 3567 3731 οὐχ
3588 3663 3616 3714 ὃ
3642 3662 3827 3730 βλέπει
3854 3663 4014 3731 μόνον
4048 3679 4220 3732 προσο

2549 3749 2719 3811 κυνεῖ,
2750 3747 2885 3799 ἀλλά
2912 3746 3204 3799 πολυθεῖαν
3246 3746 3606 3813 φαντάζεται·
3641 3746 3740 3815 τὴν
3777 3746 4002 3815 γνώμην
4045 3747 4220 3816 ἐρμη-

2547 3833 2712 3896 νεύει,
2747 3833 2808 3886 οὐ
2848 3833 2910 3886 τὸ
2948 3833 3270 3903 φαινόμενον
3311 3832 3505 3903 κρίνει.
3535 3833 3652 3885 Ἵνα
3683 3832 3738 3885 δέ
3767 3835 3847 3895 είς
3890 3833 3952 3884 τὸ
3999 3833 4220 3904 προκεί-

2551 3937 2709 3988 μενον
2741 3920 3122 3990 ἐπανέλθωμεν
3151 3919 3336 3984 πάλιν,
3379 3919 3415 3972 ἃ.
3441 3920 3670 3990 ἤκουσεν
3704 3919 3937 3990 Ἰσραὴλ,
3974 3922 4003 3972 6
4030 3919 4221 3973 τοσού-

2547 4023 2658 4068 τοις
2686 4006 3214 4074 περιστοιχιζόμενος
3248 4006 3507 4075 θαύμασι,
3536 4006 3629 4059 καὶ
3650 4005 3889 4074 τοσούτῳ
3916 4007 4068 4076 νόμῳ
4095 4023 4221 4059 παιο

2549 4092 2985 4162 δαγωγούμενος,
3035 4093 3130 4144 καὶ
3175 4095 3472 4162 ἠρνήσατο,
3509 4093 3683 4144 ταῦτα
3723 4097 3756 4161 ἡ
3807 4094 3976 4145 Ῥαὰϐ
4011 4095 4218 4147 ἀποκε-

2551 4179 2842 4249 κλεισμένη
2887 4180 2944 4231 ἐν
3002 4177 3078 4247 τῷ
3133 4178 3368 4248 πορνείῳ
3416 4179 3709 4247 κηρύττει·
3763 4179 3907 4245 λέγει
3954 4181 4064 4250 γὰρ
4108 4185 4219 4245 τοῖς

2551 4267 2950 4328 κατασκόποις·
2989 4266 3286 4333 Ἕγνωμεν
3310 4264 3427 4317 ὅσα
3469 4265 3758 4331 ἐποίησεν
3801 4269 3834 4318 ό
3863 4267 4007 4331 Θεὸς
4053 4267 4220 4334 ὑμῶν

2549 4353 2674 4418 τοῖς
2701 4354 3062 4422 Αἰγυπτίοις.
3098 4353 3156 4404 ’0
3183 4351 3430 4414 Ἰουδαῖος
3458 4351 3633 4420 λέγει·
3668 4347 3842 4407 Οὗτοι
3865 4355 3920 4404 οί
3949 4355 4076 4406 θεοί
4103 4372 4218 4408 σου

2551 4443 2604 4494 οί
2633 4440 3027 4509 ἐξαγαγόντες
3058 4456 3131 4493 σε
3159 4440 3228 4492 ἐκ
3261 4438 3372 4508 γῆς
3400 4439 3720 4508 Αἰγύπτου,
3748 4439 3840 4490 καὶ
3870 4439 3902 4507 ἡ
3934 4440 4127 4510 πόρνη,
4156 4443 4216 4494 οὐ

2551 4527 2714 4590 θεοῖς,
2750 4526 2884 4580 ἀλλά
2917 4526 3036 4596 Θεῷ
3079 4526 3374 4596 ἐπιγράφει
3425 4527 3525 4594 τὴν
3566 4525 3859 4594 σωτηρίαν.
3913 4527 4219 4596 Ἐγνωμεν

2553 4613 2668 4666 ὅσα
2695 4616 2726 4666 ό
2749 4613 2892 4678 Θεὸς
2921 4613 3082 4681 ὑμῶν
3109 4613 3364 4681 ἐποίησε
3397 4611 3872 4679 τεῑςΑίγυπτίοις
3890 4611 3959 4665 ἐν
3988 4613 4062 4681 τῇ
4085 4616 4218 4682 ἐρή-

2547 4716 2660 4769 μῳ,
2691 4701 2788 4752 καὶ
2825 4702 3198 4768 ἠκούσαμεν,
3231 4700 3326 4752 καί
3353 4699 3534 4764 ἐτάκη
3575 4696 3742 4765 ἡμῶν
3779 4699 3817 4765 ἠ
3853 4699 4085 4764 καρδία,
4119 4703 4215 4754 καὶ

2555 4786 2732 4854 ἰσχὺς
2764 4787 2833 4838 ἐν
2856 4786 2998 4854 ἡμῖν
3018 4789 3128 4840 οὐκ
3159 4787 3350 4840 ἐστιν.
3373 4787 3678 4853 Ἔγνωμεν
3702 4782 3818 4836 ὅσα
3835 4788 3866 4837 o'
3884 4785 4022 4851 Θεὸς
4053 4787 4219 4853 ὑμῶν

2551 4873 2824 4940 ἐποίησε.
2866 4872 3089 4935 Βλέπεις
3130 4871 3247 4934 πῶς
3277 4871 3650 4942 ἀναλαμϐάνει
3691 4870 3785 4922 τοῦ
3835 4873 4124 4942 νομοθέτου
4159 4875 4218 4927 τὸ

2556 4961 2708 5031 ῥῆμα
2732 4959 2819 5013 διὰ
2848 4959 3115 5024 πίστεως;
3145 4959 3256 5013 Καὶ
3287 4956 3443 5018 οἶδα,
3475 4958 3565 5009 ὅτι
3604 4960 3636 5009 ό
3665 4957 3808 5022 Θεὸς
3843 4959 4006 5026 ὑμῶν
4035 4962 4109 5014 ἐν
4141 4961 4218 5026 τῷ

2553 5046 2786 5114 οὐρανῷ
2834 5045 2977 5107 ἅνω,
3027 5046 3124 5100 καὶ
3166 5047 3236 5099 ἐν
3266 5045 3342 5113 τῇ
3379 5043 3456 5113 τῇ
3491 5044 3664 5109 κάτω,
3703 5046 3799 5098 καὶ
3832 5047 4001 5115 πλὴν
4029 5049 4217 5102 αὐτοῦ

2556 5135 2700 5200 Θεὸς
2727 5136 2836 5186 οὐκ
2869 5133 3060 5186 ἐστιν.

2625 5220 2803 5274 Εξκὼν
2828 5221 2927 5289 τῆς
2962 5220 3285 5290 Ἐκκλησίας
3310 5221 3343 5289 ἡ
3378 5217 3546 5270 Ῥαὰϐ
3579 5217 3676 5286 τῆς
3703 5237 3829 5273 ποτε
3865 5221 4219 5291 πεφυρμένης

2553 5312 2620 5380 τῇ
2651 5306 2875 5377 πορνείᾳ
2919 5308 3027 5360 τῶν
3078 5307 3370 5376 δαιμόνων,
3420 5305 3787 5376 δεχομένηςδὲ
3818 5308 3912 5362 νῦν
3957 5309 4085 5369 τοὺς
4124 5307 4217 5360 τοῦ

2556 5395 2796 5467 Χριστοῦ
2829 5396 3227 5460 κατασκόπους,
3264 5394 3325 5446 οὐ
3351 5395 3476 5456 τοὺς
3512 5396 3660 5464 παρά
3714 5395 3885 5464 Ἰησοῦ
3917 5396 4012 5448 τοῦ
4037 5395 4216 5462 Ναυῆ,

2556 5484 2689 5538 ἀλλὰ
2718 5484 2843 5546 τοὺς
2897 5483 3227 5544 ἀποστόλους
3267 5483 3393 5544 τοὺς
3440 5482 3588 5554 παρά
3623 5483 3797 5553 Ἰησοῦ
3838 5483 3932 5535 τοῦ
3962 5481 4218 5550 ἀληθινοῦ

2558 5573 2806 5642 Σωτῆρος
2843 5571 3313 5640 ἀπεσταλμένους.
3347 5571 3596 5638 Ἕγνων,
3638 5572 3833 5641 φησὶν,
3875 5569 3961 5621 ὅτι
4002 5571 4034 5621 ό
4078 5570 4214 5635 Θεὸς

2558 5659 2723 5728 ὑμῶν
2753 5659 2823 5711 ἐν
2862 5657 2938 5722 τῷ
2979 5657 3214 5726 οὐρανῷ
3244 5656 3384 5721 ἀνω,
3436 5659 3533 5710 καὶ
3577 5659 3646 5712 ἐν
3679 5656 3750 5724 τῇ
3783 5655 3859 5724 τῇ
3900 5653 4078 5719 κάτων
4123 5660 4215 5711 καὶ

2561 5745 2726 5812 πλὴν
2757 5745 2943 5798 αὐτοῦ
2969 5745 3105 5809 Θεὸς
3140 5745 3250 5796 οὐκ
3281 5743 3430 5797 ἔστι.
3455 5745 3641 5798 Ταῦτα
3672 5741 3978 5812 παρέλαϐον
4003 5743 4051 5794 οἱ
4096 5744 4217 5798 Ὶου-

2561 5835 2714 5898 δκῖοι,
2755 5831 2847 5884 καὶ
2889 5832 2988 5883 οὐκ
3021 5829 3315 5898 ἐφύλαξαν·
3352 5832 3520 5886 ταῦτα
3559 5832 3785 5901 ἤκουσεν
3831 5830 3862 5898 ἡ
3906 5828 4214 5901 Ἐκκλησία,
