4406 6738
368 527 472 581 329

371 652 680 717 primordiis
730 659 1049 709 exeatcatam
1111 640 1441 713 peccantium
1510 639 1775 700 animam,
1828 634 1949 703 quia

377 744 634 801 obturatre
660 753 809 800 erant
830 755 986 795 aures
1019 750 1226 798 eorum,
1254 748 1372 787 cum
1414 732 1465 786 in
1487 727 1801 799 profundum
1829 738 1950 792 pec-

372 838 474 892 cati
541 834 772 891 demersi
823 837 1024 885 essent.
1085 825 1265 879 Differt
1328 838 1454 892 ergo
1509 817 1730 874 tumenti
1794 814 1951 868 animi

380 929 562 986 inorbo
586 925 841 980 auxilium
870 919 1177 983 admovere,
1205 925 1429 986 postque
1464 920 1667 965 tantum
1698 905 1951 975 temporis

377 1021 551 1090 prodit
594 1013 895 1076 correctio;
922 1019 1078 1079 atque
1125 1008 1175 1062 in
1233 1021 1340 1061 uno
1383 1000 1952 1090 temporisjmomento

372 1088 684 1180 pcenitentia
731 1110 786 1156 et
832 1098 1094 1155 remissio.
1130 1096 1192 1150 Et
1243 1094 1489 1149 Dominus
1546 1088 1733 1180 dimisit
1764 1102 1952 1180 pecco:

372 1172 478 1251 ium
526 1207 687 1249 tuum.
725 1189 770 1245 Ο
809 1188 1256 1258 diSpensationem
1303 1176 1709 1238 comminantis!
1764 1172 1989 1230 Viden"

370 1286 513 1356 quod
567 1283 727 1337 velox
782 1281 850 1333 sit
894 1278 959 1333 ad
1021 1276 1285 1331 salutem?
1346 1272 1400 1327 Id
1455 1280 1509 1323 ct
1558 1269 1609 1322 in
1664 1265 1781 1321 aliis
1828 1263 1955 1318 facit

373 1376 590 1430 tardans
618 1371 829 1440 quidem
878 1368 944 1422 ad
986 1359 1518 1425 destructionem,ad
1570 1356 1951 1426 protectionem

375 1481 504 1519 vero
546 1476 855 1532 properans.
884 1458 1123 1527 Exempli
1163 1471 1355 1520 causa,
1387 1450 1525 1522 apud
1573 1465 1670 1502 nos
1712 1447 1953 1500 homines

372 1556 541 1609 multo
564 1562 803 1620 tempore
829 1549 1050 1603 aedilicia
1094 1532 1492 1610 construuntur,
1517 1540 1787 1607 multoque
1817 1547 1953 1590 tein-

378 1662 509 1716 pore.
530 1646 745 1699 domum
774 1642 1098 1696 mdilicamus
1126 1656 1139 1691 :
1162 1648 1317 1707 atque
1335 1636 1499 1705 ipsius
1521 1638 1798 1686 structurae
1816 1627 1954 1681 mul—

375 1747 484 1791 tum
504 1744 585 1790 est
606 1732 881 1801 temporis,
905 1744 1092 1799 parum
1116 1743 1238 1781 vero
1251 1722 1643 1780 destructionis.
1668 1720 1721 1772 In
1742 1719 1847 1772 Deo
1865 1732 1957 1768 au-

376 1837 480 1881 tem
509 1822 835 1878 contrarium
859 1817 1048 1873 accidit
1084 1834 1097 1870 :
1124 1831 1241 1870 cum
1259 1814 1503 1872 a'dilicat,
1522 1810 1777 1863 velociter
1800 1805 1958 1860 τιξόὶἰὶ-

372 1928 459 1974 eat
482 1935 494 1971 :
526 1933 645 1972 cum
673 1911 917 1974 destruit,
939 1908 1085 1962 tarde
1113 1906 1354 1960 destruit.
1373 1903 1540 1957 Velox
1567 1901 1704 1954 Deus
1723 1909 1953 1960 struens,

374 2011 560 2064 tardus
581 2008 799 2062 diruens
817 2020 830 2053 :
851 2000 972 2071 quia
1002 1998 1110 2053 Deo
1132 1998 1245 2050 hzec
1261 1996 1417 2048 ambo
1433 1992 1755 2046 conveniunt
1785 2008 1797 2042 :
1830 1986 1955 2041 illud

372 2102 517 2155 enim
554 2098 802 2168 potentiae
836 2104 937 2159 eSt,
962 2092 1062 2146 hoc
1095 2089 1379 2145 bonitatis:
1415 2086 1664 2155 patentia:
1689 2082 1957 2137 excellen-

376 2192 448 2244 tia
474 2190 649 2250 velox,
675 2182 1039 2255 magnitudine
1061 2179 1309 2234 bOnitatis
1346 2176 1543 2229 tardus.
1572 2176 1953 2242 Argumentum

375 2280 660 2333 verborum
686 2284 768 2330 est
790 2290 852 2329 ex
862 2271 1115 2343 perientia
1134 2282 1333 2323 rerum.
1354 2266 1459 2318 Sex
1476 2263 1662 2317 diebus
1680 2262 1803 2315 fecit
1819 2260 1957 2313 Deus

373 2368 564 2423 caelum
593 2376 648 2421 et
679 2376 901 2428 terram,
933 2357 1325 2431 magnitudines
1351 2354 1608 2408 montium
1628 2394 1641 2414 ,
1672 2350 1917 2420 planities
1940 2390 1954 2413 ,

371 2461 558 2523 valles,
586 2459 771 2518 saltus,
799 2455 996 2526 sylvas,
1032 2452 1258 2520 plantas,
1291 2447 1483 2509 fontes,
1514 2444 1729 2498 ﬂumina
1749 2482 1764 2507 ,
1798 2454 1955 2510 para-

372 2551 570 2616 disum,
602 2547 862 2601 visibilem
894 2558 1107 2599 omnem
1133 2540 1444 2594 varietatem
1466 2578 1481 2603 ,
1515 2537 1616 2591 hoc
1662 2549 1812 2589 mare
1842 2548 1957 2587 ma-

372 2657 533 2708 gnum
577 2650 631 2693 et
675 2639 990 2707 spatiosum,
1021 2633 1241 2696 insulas,
1267 2629 1561 2682 maritimas
1596 2628 1842 2697 regiones
1864 2666 1879 2690 ,
1903 2632 1958 2679 et

377 2731 835 2793 mediterraneas;
889 2740 1103 2781 onmem
1168 2722 1311 2776 hunc
1374 2720 1635 2774 visibilem
1699 2718 1955 2773 mundum

374 2822 597 2890 ejusque
624 2818 1064 2889 pulchritudinem
1088 2829 1181 2869 sex
1203 2811 1392 2866 diebus
1418 2810 1542 2864 fecit
1562 2811 1696 2864 Deus
1717 2827 1731 2864 :
1753 2809 1956 2863 anima—

376 2912 442 2967 lia
464 2912 517 2964 in
536 2924 601 2963 eo
630 2908 924 2974 rationalia,
946 2916 1000 2960 et
1027 2901 1370 2965 irrationa'ia,
1389 2914 1728 2967 omnemque,
1751 2898 1839 2968 qui
1860 2899 1958 2952 sub

375 3011 647 3072 aspectum
675 3000 833 3064 cadit,
865 3007 1108 3052 ornatum
1149 3011 1242 3051 sex
1272 2995 1460 3049 diebus
1488 2991 1715 3062 perlicit.
1748 2991 1842 3045 llic
1863 2990 1958 3059 igi-

377 3104 465 3147 tur
498 3103 603 3146 tam
632 3091 783 3145 velox
834 3090 887 3142 in
935 3087 1312 3148 construendo,
1355 3100 1474 3138 cum
1525 3083 1849 3137 deliberaret
1888 3082 1956 3135 de

376 3200 481 3238 una
523 3180 843 3237 destruenda
882 3179 1033 3242 urbe,
1078 3178 1257 3232 tardus
1295 3176 1365 3229 ob
1393 3176 1679 3229 bonitatem
1711 3184 1954 3241 repertus

372 3284 479 3328 est.
513 3272 638 3326 Vult
682 3270 1048 3326 Jerichuntem
1094 3266 1324 3330 diruere,
1355 3276 1408 3318 et
1444 3266 1519 3318 ait
1558 3264 1624 3317 ad
1664 3263 1953 3318 lsraelem:

373 3365 594 3419 Circuite
622 3380 732 3415 eam
757 3372 943 3431 septem
974 3360 1167 3421 diebus.
1195 3369 1240 3411 et
1281 3358 1491 3426 septima
1516 3356 1595 3408 die
1616 3358 1759 3409 cadet
1783 3371 1955 3408 murus

375 3453 509 3525 (los.
544 3456 595 3507 6.
620 3455 672 3508 5.
694 3453 771 3522 5).
807 3451 1059 3505 Mundam
1091 3451 1396 3504 universum
1419 3463 1512 3501 sex
1539 3446 1722 3500 condis
1745 3445 1952 3510 diebus,

376 3555 433 3598 et
466 3558 625 3597 uuam
668 3542 853 3595 urbem
914 3550 1119 3609 septem
1165 3539 1353 3593 diebus
1401 3537 1605 3591 Salvis?
1635 3535 1761 3605 quid
1813 3546 1955 3589 tuam

376 3633 599 3701 impedit
627 3630 957 3699 potentiam?
985 3644 1081 3685 cur
1110 3645 1228 3683 eam
1270 3636 1489 3696 repente
1535 3642 1639 3680 non
1686 3626 1959 3679 destruis?

376 3738 553 3775 annon
582 3722 649 3775 de
688 3730 739 3775 te
785 3722 980 3773 clamat
1027 3719 1279 3787 propheta
1302 3760 1316 3783 ,
1353 3718 1555 3781 dicens,
1588 3716 1647 3770 Si
1699 3716 1958 3785 aperueris

376 3812 577 3877 cretum,
606 3821 790 3863 tremor
814 3827 845 3861 a
871 3819 917 3862 te
946 3818 1135 3861 montes
1154 3809 1439 3876 occupabit,
1468 3819 1513 3861 et
1535 3806 1800 3875 liquescent
1825 3806 1957 3858 sicut

376 3919 492 3957 cera
534 3918 566 3954 a
602 3901 732 3970 [acie
771 3900 901 3970 ignis
928 3897 1075 3967 (Isui.
1101 3899 1190 3952 64.
1227 3899 1276 3951 1.
1309 3898 1412 3967 2)?
1440 3912 1616 3950 annon
1666 3896 1822 3949 David
1864 3910 1958 3963 po-

380 3994 560 4050 tentiaa
611 4003 713 4046 tua:
758 4007 918 4060 opera
968 4004 1190 4042 narrans
1238 3988 1332 4051 ait,
1364 3986 1485 4039 Non
1514 3987 1796 4040 timebimus
1837 3987 1955 4038 dum

378 4085 660 4139 turbabitur
687 4094 839 4147 terra,
871 4092 917 4134 et
960 4083 1323 4150 transferentur
1361 4087 1553 4130 montes
1581 4080 1633 4131 in
1678 4094 1765 4130 cor
1804 4077 1957 4130 maris

377 4175 549 4245 (Psal.
576 4176 665 4230 45.
691 4177 724 4229 5
750 4176 800 4244 )?
828 4174 1031 4228 Montes
1059 4170 1349 4225 transferre
1369 4179 1425 4224 et
1468 4170 1520 4222 in
1560 4185 1709 4224 mare
1739 4171 1957 4239 injicere

376 4276 550 4334 potes.
582 4277 744 4334 atque
781 4266 965 4319 urbem
1005 4278 1159 4316 unam
1200 4268 1580 4329 repugnantem
1618 4275 1724 4313 non
1752 4262 1833 4314 vis
1858 4261 1955 4315 de-

374 4366 617 4419 struere,
649 4356 744 4411 sed
802 4366 1006 4425 septem
1052 4355 1167 4409 dies
1213 4351 1418 4407 excidio
1465 4349 1693 4404 tribuis?
1744 4351 1956 4419 quare?

374 4445 490 4501 Non
524 4446 779 4512 potentia,
807 4447 1007 4515 inquit,
1051 4443 1249 4507 delicit,
1295 4440 1387 4494 sed
1434 4440 1715 4494 clementia
1757 4442 1956 4494 diutius

375 4536 571 4589 tolerat
598 4552 610 4587 :
642 4536 712 4589 do
740 4547 944 4605 septem
972 4537 1087 4590 dies
1111 4577 1125 4599 ,
1159 4544 1216 4589 ut
1264 4532 1489 4587 triduum
1535 4532 1738 4586 Ninivae
1771 4550 1787 4587 :
1818 4534 1953 4586 forte

370 4625 594 4692 recipiet
623 4626 947 4693 pmnitentiae
976 4626 1424 4695 prmdiCatiOnem,
1457 4632 1509 4676 et
1546 4624 1770 4677 salutem
1825 4638 1951 4677 con-

371 4724 647 4784 sequetur.
680 4713 746 4766 Et
773 4716 891 4782 quis
917 4716 997 4770 eis
1026 4716 1350 4784 poenitentia:
1382 4713 1733 4783 prtcdieator?
1760 4714 1951 4767 Hostes

372 4808 558 4860 urbem
616 4806 1121 4874 eircumsepseraut,
1152 4808 1259 4862 dux
1308 4805 1669 4862 circumdabat
1722 4818 1944 4858 muros:

373 4911 597 4965 magnus
652 4906 840 4957 terror,
871 4898 1061 4965 ingens
1105 4900 1359 4952 tumultus
1392 4912 1583 4966 :qnam
1642 4910 1768 4965 ergo
1820 4895 1950 4963 ipsis

370 4988 700 5058 paenitentia:
728 4989 865 5040 viam
898 4989 1152 5055 aperuisti
1176 4990 1198 5041 ?
1223 5005 1346 5042 num
1376 4987 1685 5059 prophetam
1709 4986 1940 5040 misisti?

368 5092 495 5133 num
521 5075 941 5146 evangelistam?
968 5091 1091 5128 num
1125 5079 1244 5146 quis
1270 5087 1385 5132 erat
1417 5080 1547 5131 inter
1576 5092 1668 5130 eos
1688 5117 1701 5140 ,
1730 5078 1818 5146 qui
1845 5093 1905 5130 ea
1933 5119 1948 5143 ,

367 5184 485 5238 quin
538 5166 716 5221 facere
772 5167 1099 5227 conveniret,
1146 5170 1491 5236 suggereret?
1536 5169 1726 5231 Etiam,
1758 5169 1947 5236 inquit,

371 5258 633 5314 lmbehant
665 5260 804 5313 intus
850 5258 1171 5328 pmnitentim
1215 5258 1509 5325 doctorem,
1542 5260 1837 5313 mirabilem
1884 5260 1949 5313 il-

366 5356 469 5408 lam
500 5350 705 5413 Raliab,
730 5366 887 5418 quam
912 5367 1005 5420 per
1028 5350 1388 5417 paenitentiam
1413 5354 1615 5406 salvam
1649 5351 1763 5404 feci.
1794 5351 1949 5419 Ejus-

366 5449 489 5504 dem
513 5451 633 5503 erat
658 5460 872 5509 massm,
904 5446 995 5501 sed
1026 5446 1147 5515 quia
1169 5443 1406 5512 ejusdem
1438 5461 1542 5498 non
1575 5456 1690 5500 erat
1728 5454 1943 5500 senten-

371 5544 479 5606 tias,
507 5553 611 5595 non
649 5539 1063 5592 communicavit
1094 5548 1327 5609 peccato,
1358 5552 1475 5605 qua:
1511 5553 1617 5590 non
1649 5538 1945 5592 communi-

370 5637 516 5691 cavit
542 5628 918 5687 incredulitati.

438 5729 493 5783 5.
535 5724 602 5779 Et
628 5720 744 5775 vide
769 5720 899 5773 mihi
931 5736 1125 5776 novam
1147 5722 1446 5778 clementia:
1475 5720 1942 5791 praedicationem:

364 5819 455 5880 qui
509 5818 559 5871 in
610 5814 722 5882 lege
773 5811 931 5873 dicit,
969 5811 1088 5866 Non
1117 5816 1441 5869 mwcltaberis
1468 5813 1657 5884 (Exod.
1686 5813 1777 5868 20.
1813 5814 1940 5883 14),

362 5923 471 5964 non
528 5904 895 5972 fornicaberis,
929 5904 1029 5960 hoc
1066 5906 1290 5963 verbum
1343 5916 1558 5978 promer
1605 5906 1938 5962 clementiam

1507 519 1593 574 DE
1632 514 2093 574 ΡοεΝιτεΝτιΑ.
2136 513 2364 569 IIOMIL.
2409 514 2518 569 VII.

3532 514 3635 569 550

2061 621 2273 686 mutans
2298 631 2493 685 clamat
2536 643 2630 698 per
2671 627 2881 681 beatum
2928 626 3151 682 Jesum:
3186 624 3364 680 Ita/tab
3401 629 3637 681 meretrix

2058 727 2188 777 vivat
2220 723 2354 795 (los.
2386 724 2438 779 6.
2481 722 2601 793 i7)!
2628 722 2785 777 Jesus
2836 722 2926 776 ille
2984 722 3120 776 filius
3158 721 3323 787 Nave,
3346 722 3435 791 qui
3485 721 3635 789 dicit,

2060 814 2305 868 Meretrix
2342 815 2492 879 vivat,
2526 814 2698 882 imago
2746 821 2859 867 erat
2908 812 3113 866 Domini
3151 812 3296 876 .Iesu,
3331 813 3420 881 qui
3464 813 3635 868 dicit:

2059 902 2347 957 Meretrices
2368 914 2412 957 et
2441 903 2696 973 publicani
2722 901 3003 972 prwcedent
3030 918 3112 955 vos
3138 904 3190 958 it:
3219 919 3375 973 regno
3396 904 3639 958 calorum

2059 992 2273 1062 (Matth.
2297 993 2384 1046 ει.
2420 993 2533 1061 51).
2566 993 2621 1048 Si
2647 993 2825 1047 vivere
2843 991 3022 1057 debet,
3046 1008 3207 1061 quare
3233 994 3491 1049 meretrix
3520 995 3640 1047 est?

2059 1086 2103 1140 si
2133 1086 2407 1148 meretrix,
2434 1102 2598 1155 quare
2646 1086 2825 1140 vivat?
2854 1086 3002 1151 Dico,
3032 1084 3222 1154 inquit,
3251 1088 3481 1154 priorem
3526 1096 3637 1140 sta-

2060 1185 2324 1245 tum,quo
2370 1186 2678 1244 sequentem
2730 1176 2942 1229 mireris
2991 1177 3359 1230 mutationem.
3400 1178 3467 1230 Et
3511 1177 3636 1247 quid

2057 1264 2210 1331 fecit,
2243 1267 2468 1336 inquies,
2498 1267 2685 1321 Baliab
2714 1268 2852 1336 quod
2898 1267 2963 1321 ad
3012 1268 3236 1322 salutem
3275 1267 3633 1323 conduceret?

2056 1359 2196 1429 quod
2223 1360 2592 1429 exploratores
2617 1374 2737 1412 cuin
2778 1374 2905 1426 pace
2927 1358 3264 1428 susceperit?
3292 1358 3405 1413 Hoc
3440 1368 3493 1413 et
3534 1358 3636 1413 ho-

2056 1454 2191 1520 spita
2222 1450 2364 1504 facit.
2397 1452 2466 1503 At
2496 1464 2599 1503 non
2636 1464 2705 1503 ex
2743 1449 2861 1503 solo
2907 1463 3154 1504 sermone
3183 1450 3406 1504 salutem
3453 1464 3642 1504 conse-

2057 1544 2271 1612 quitur;
2300 1542 2391 1597 sed
2425 1540 2691 1612 prmeipue
2728 1557 2793 1594 ex
2833 1540 2938 1595 fide
2973 1549 3028 1595 et
3056 1540 3246 1595 affectu
3288 1557 3413 1610 erga
3451 1541 3640 1595 Deum.

2059 1638 2231 1703 Atque
2261 1646 2320 1690 ut
2344 1636 2519 1690 discas
2552 1635 2673 1689 lidei
2704 1635 2847 1688 illius
2873 1633 3315 1705 magnitudinem,
3346 1632 3467 1686 audi
3489 1648 3639 1687 eam-

2058 1726 2177 1780 dem
2206 1728 2373 1794 ipsmti
2401 1726 2751 1794 Scripturam,
2778 1726 2893 1794 ejus
2934 1725 3189 1793 prmclara
3233 1734 3383 1793 gesta
3424 1738 3641 1777 narran-

2064 1824 2170 1869 tem
2199 1824 2357 1883 atque
2389 1825 2692 1869 testantem.
2725 1816 2854 1868 Erat
2880 1815 2932 1869 in
2960 1814 3164 1870 fornice
3186 1854 3200 1877 ,
3232 1828 3331 1868 ceu
3359 1814 3643 1884 margarita

2064 1905 2114 1957 in
2136 1920 2290 1958 coeno
2314 1905 2583 1968 volutata,
2611 1919 2797 1957 aurum
2844 1905 3137 1974 projectum
3189 1905 3241 1959 in
3288 1906 3398 1960 luto
3423 1907 3630 1974 jacens,

2063 1994 2161 2049 llos
2189 1995 2400 2064 pietatis
2430 1995 2597 2064 spinis
2624 1996 2845 2048 obrutus
2867 2034 2881 2058 ,
2917 1996 3001 2062 pia
3042 1995 3217 2047 anima
3258 1994 3312 2048 in
3358 1995 3643 2063 impietatis

2062 2086 2182 2139 loco
2232 2086 2666 2140 concludebatur.
2698 2086 2926 2139 Mentem
2966 2085 3094 2139 mihi
3124 2085 3410 2153 diligenter
3431 2085 3641 2141 adhibe.

2061 2174 2287 2244 Excepit
2338 2176 2722 2244 exploratores,
2775 2186 2829 2229 ct
2879 2192 3037 2245 quem
3088 2176 3318 2245 prodidit
3373 2176 3532 2231 Israel
3592 2177 3643 2231 in

2060 2265 2314 2330 deserto,
2343 2266 2483 2320 Imnc
2535 2267 2839 2335 prutdicuvil
2890 2267 3074 2320 lialtab
3116 2268 3170 2320 in
3216 2268 3474 2336 lupanari.
3501 2267 3637 2333 Quid

2060 2371 2299 2411 memoro
2354 2356 2515 2411 Israel
2564 2358 2617 2411 in
2668 2357 2925 2411 deserto?
2954 2360 3084 2411 Cum
3132 2374 3286 2412 mons
3344 2360 3649 2429 replebatur

2060 2449 2202 2501 nube
2243 2454 2298 2502 et
2347 2448 2592 2518 caligine,
2620 2449 2777 2512 tubis,
2805 2449 3095 2519 fulguribus
3122 2490 3137 2513 ,
3166 2450 3390 2520 aliisque
3438 2452 3649 2506 terribi-

2061 2536 2221 2603 libus,
2252 2537 2452 2592 audivit
2479 2555 2507 2591 a
2550 2540 2658 2593 Deo
2700 2537 2769 2592 de
2816 2539 2992 2593 medio
3043 2539 3178 2608 ignis
3212 2558 3225 2593 :
3266 2542 3402 2594 Audi
3430 2541 3600 2596 Israel
3633 2559 3648 2574 ο

2063 2625 2313 2680 Dominus
2364 2630 2495 2682 Deus
2550 2639 2685 2694 tuus,
2714 2629 2961 2684 Dominus
3009 2647 3137 2684 unus
3184 2642 3254 2685 est
3281 2632 3458 2703 (Deut.
3487 2634 3541 2689 6.
3565 2634 3645 2703 4).

2064 2717 2185 2772 Non
2212 2729 2357 2773 erunt
2384 2719 2472 2771 tibi
2506 2719 2578 2773 dii
2602 2720 2691 2773 alii
2720 2719 2911 2791 (Exod.
2929 2720 3019 2776 20.
3045 2722 3124 2785 4).
3160 2720 3267 2792 Ego
3293 2724 3345 2776 in
3372 2724 3494 2777 cwlo
3531 2741 3647 2778 sur-

2059 2825 2170 2863 sum
2196 2820 2242 2862 et
2269 2810 2320 2862 in
2352 2818 2488 2862 terra
2513 2809 2766 2873 deorsum,
2790 2821 2838 2865 et
2881 2823 3063 2879 prwler
3117 2828 3195 2865 me
3240 2829 3340 2865 non
3391 2824 3460 2866 est
3511 2813 3650 2867 Deus

2064 2899 2239 2971 (Deut.
2278 2901 2331 2955 4.
2362 2900 2474 2971 59).
2508 2902 2631 2955 llzec
2664 2902 2887 2955 audiens
2916 2902 3075 2956 Israel
3108 2903 3325 2957 vitulum
3370 2903 3644 2964 conflavit.

2063 2991 2331 3060 Deumque
2358 2992 2665 3062 reprobavit
2694 3010 2706 3047 :
2732 2993 2994 3062 ignoravit
3015 2993 3316 3057 Dominum,
3344 2996 3644 3064 repudiavit

2064 3081 2476 3145 benefactorem,
2505 3093 2557 3137 et
2578 3082 2707 3138 dicit
2736 3085 2932 3137 Aaroni
2955 3102 2969 3139 :
2994 3083 3102 3136 Fac
3124 3084 3263 3138 nobis
3295 3084 3426 3139 Deos
3450 3086 3641 3157 (Exod.

2062 3171 2150 3226 52.
2172 3171 2248 3240 l).
2267 3173 2324 3226 Si
2343 3173 2437 3234 dii,
2461 3189 2624 3243 quare
2647 3174 2802 3237 dicis,
2832 3175 2953 3246 fac?
2981 3176 3250 3245 quomodo
3275 3177 3370 3243 dii,
3402 3179 3448 3233 si
3481 3180 3646 3234 ﬁant?

2060 3262 2150 3317 Sic
2169 3264 2364 3318 malitia
2396 3275 2686 3333 esca-cata,
2715 3280 2896 3321 secum
2925 3268 3038 3335 ipsa
3065 3277 3282 3337 pugnat,
3306 3271 3645 3339 semetipsum

2059 3355 2307 3409 destruit.
2334 3356 2483 3410 Unus
2516 3356 2689 3412 factus
2714 3367 2799 3412 est
2836 3360 3054 3424 vitulus,
3081 3370 3135 3415 et
3178 3360 3372 3415 clamat
3411 3362 3647 3431 ingratus

2060 3444 2221 3499 Israel
2254 3462 2267 3499 ε
2307 3444 2376 3498 Hi
2414 3447 2487 3498 dii
2532 3448 2625 3507 tui,
2654 3445 2851 3512 Israel,
2874 3449 2961 3517 qui
3005 3450 3283 3503 eduxerunt
3326 3461 3373 3504 te
3409 3454 3472 3505 de
3513 3463 3646 3506 terra

2061 3534 2279 3607 zEgypti
2301 3537 2496 3603 (Exod.
2543 3537 2632 3592 52.
2655 3539 2731 3607 4).
2764 3537 2833 3591 Ili
2871 3540 2943 3591 dii
2971 3556 2989 3592 :
3017 3556 3178 3595 unum
3217 3541 3361 3597 videt
3400 3544 3644 3606 vitulum.

2065 3642 2226 3680 unum
2251 3627 2444 3682 factum
2473 3628 2714 3693 idolum;
2744 3643 2838 3683 cur
2858 3644 2986 3699 ergo
3012 3632 3064 3684 hi
3095 3633 3213 3686 dii?
3251 3632 3318 3689 Ut
3343 3635 3648 3690 ostenderet

2062 3729 2120 3769 se
2152 3732 2254 3769 non
2286 3718 2447 3772 modo
2476 3719 2525 3771 id
2557 3718 2698 3787 quod
2724 3718 3202 3786 videbatadorarc,
3228 3722 3323 3778 sed
3345 3734 3399 3778 et
3425 3722 3654 3779 deorum

2062 3807 2419 3874 pluralitatem
2454 3809 2763 3879 confingere
2790 3829 2803 3864 :
2832 3813 3154 3865 sententiam
3184 3827 3336 3866 suam
3378 3814 3649 3883 interpre-

2064 3904 2222 3960 tatur.
2254 3913 2361 3952 nou
2399 3909 2575 3953 autem
2630 3900 2679 3953 id
2710 3901 2849 3970 quod
2880 3902 3090 3955 videtur
3105 3901 3328 3970 judicat.
3362 3902 3433 3958 Ut
3465 3916 3647 3959 autem

2060 3988 2126 4040 ad
2160 3989 2489 4057 propositum
2537 3997 2889 4055 revertamur,
2927 4007 3047 4060 quae
3095 3992 3295 4046 audivit
3337 3992 3536 4059 Israel,
3567 4004 3646 4048 tot

2061 4081 2447 4150 circumseptus
2500 4086 2794 4150 portentis,
2822 4092 2877 4137 et
2929 4091 3072 4138 tanta
3116 4083 3350 4139 imbutus
3398 4084 3551 4155 lege,
3594 4096 3646 4140 et

2066 4180 2243 4225 tamen
2271 4171 2497 4240 negavit,
2533 4172 2647 4225 haec
2668 4172 2854 4227 Bahal)
2882 4174 2933 4227 in
2962 4174 3201 4244 lupanari
3231 4175 3433 4229 inclusa
3458 4176 3647 4244 pradi-

2063 4271 2147 4312 cat
2180 4279 2193 4315 :
2226 4261 2355 4314 dicit
2383 4261 2522 4314 enim
2546 4262 2976 4329 exploratoribus
3000 4305 3014 4326 ,
3040 4262 3289 4317 Novimus
3314 4276 3503 4333 quanta
3524 4266 3642 4335 fecit

2064 4348 2197 4402 Deus
2245 4361 2401 4403 vester
2451 4349 2715 4419 JEgyptiis
2745 4351 2878 4419 (Jos.
2911 4354 2964 4405 2.
2994 4354 3069 4423 9).
3098 4354 3315 4408 Juda'us
3355 4355 3523 4421 dicit,
3572 4356 3645 4409 lli

2057 4449 2173 4491 sunt
2210 4439 2281 4490 dii
2324 4439 2415 4503 tui,
2444 4439 2529 4503 qui
2570 4439 2851 4493 eduxerunt
2892 4450 2938 4494 te
2964 4441 3026 4494 de
3053 4452 3187 4494 terra
3208 4441 3426 4514 Afgypti
3446 4443 3645 4511 (Exod.

2057 4531 2145 4583 52.
2170 4531 2224 4599 4)
2250 4546 2263 4593 ;
2293 4539 2348 4584 et
2374 4534 2627 4589 meretrix
2658 4547 2764 4585 non
2788 4531 2911 4596 diis,
2936 4532 3028 4587 sed
3053 4533 3165 4589 Deo
3190 4534 3417 4590 salutem
3445 4535 3646 4591 adscri-

2060 4622 2130 4674 bit
2158 4639 2169 4673 :
2204 4622 2449 4675 Nouimus
2470 4633 2657 4692 quanta
2687 4622 2830 4678 Deus
2855 4634 3012 4678 vester
3034 4625 3148 4693 fecit
3178 4625 3442 4696 Egyptiis
3469 4629 3522 4681 in
3549 4629 3640 4681 de-

2056 4722 2189 4766 serto
2216 4754 2231 4778 ,
2263 4724 2307 4767 et
2339 4716 2623 4768 audivimus
2643 4755 2659 4781 ,
2692 4725 2739 4769 et
2784 4716 3107 4787 liquefactum
3155 4728 3227 4771 est
3259 4735 3348 4772 cor
3390 4730 3637 4785 nostrum,

2058 4813 2104 4857 et
2150 4804 2390 4873 fortitudo
2439 4822 2539 4859 non
2584 4817 2655 4860 est
2708 4808 2759 4859 in
2790 4806 2950 4860 nobis.
2993 4805 3240 4860 Nouimus
3288 4817 3476 4877 quanta
3526 4811 3644 4878 fecit

2063 4895 2197 4950 Deus
2219 4907 2392 4949 vester.
2429 4896 2587 4950 Vides
2629 4896 2895 4965 quomodo
2942 4896 3130 4967 recipit
3170 4898 3489 4966 legislatoris
3522 4916 3643 4954 ver-

2061 4985 2185 5039 bum
2240 5000 2332 5054 per
2371 4984 2571 5038 fidem?
2600 4983 2667 5037 Et
2709 4986 2823 5038 novi
2859 4986 2995 5055 quod
3042 4986 3178 5041 Deus
3210 4998 3368 5043 vester
3415 4991 3467 5043 in
3520 4993 3641 5044 τωιο

2061 5094 2295 5140 sursum,
2324 5086 2367 5129 et
2394 5078 2445 5129 in
2484 5085 2617 5129 terra
2654 5076 2892 5131 deorsum
2925 5088 3013 5132 :et
3043 5090 3225 5149 prazter
3274 5098 3389 5135 eum
3433 5100 3534 5136 non
3571 5093 3642 5136 est

2064 5170 2217 5222 Deus.

2132 5261 2311 5314 lia/tab
2343 5261 2585 5317 Ecclesia:
2626 5263 2813 5334 ﬁgura.
2837 5295 2908 5305 —
2932 5264 3115 5319 Bahal)
3134 5275 3214 5319 est
3251 5268 3414 5333 figura
3452 5264 3640 5320 Eccle-

2059 5352 2151 5404 sim
2181 5352 2231 5404 iu
2282 5351 2634 5407 fornicatione
2678 5354 2976 5408 tltrmonum
3017 5354 3143 5406 olim
3182 5354 3469 5420 volutata),
3504 5372 3641 5410 nunc

2058 5458 2189 5497 vero
2239 5443 2435 5498 Christi
2489 5444 2851 5514 exploratores
2896 5444 3260 5513 suscipientis,
3286 5460 3395 5500 non
3436 5462 3464 5499 a
3514 5446 3638 5500 .Iesu

2053 5535 2197 5591 Nave
2222 5535 2353 5603 lilio,
2382 5538 2473 5591 sed
2502 5553 2530 5589 a
2563 5537 2686 5592 Jesu
2716 5552 2842 5589 vero
2872 5538 3163 5591 Servatore
3194 5538 3387 5591 missos
3413 5550 3631 5604 aposto-

2055 5629 2156 5683 los.
2182 5628 2333 5693 Novi,
2367 5630 2571 5698 inquit,
2601 5628 2734 5698 quod
2767 5627 2898 5681 Deus
2921 5640 3079 5683 vester
3103 5632 3156 5681 in
3185 5630 3308 5682 ca'lo
3336 5646 3536 5681 sursum
3554 5670 3569 5693 ,
3590 5646 3632 5684 et

2052 5722 2105 5772 in
2154 5730 2287 5772 terra
2313 5720 2544 5772 deorsum
2580 5735 2598 5772 :
2624 5729 2670 5771 et
2700 5729 2882 5789 praeter
2911 5736 3023 5774 eum
3067 5736 3166 5773 non
3215 5728 3288 5773 est
3330 5717 3470 5773 Deus
3501 5719 3639 5789 (los.

2051 5809 2106 5864 2.
2145 5811 2252 5881 Η).
2291 5811 2411 5863 llaec
2435 5819 2760 5877 acceperunt
2789 5809 2981 5870 Judzei.
3012 5820 3066 5867 et
3105 5824 3209 5864 non
3233 5810 3635 5866 custodierunt:

2056 5901 2172 5958 haec
2227 5900 2427 5957 audivit
2464 5899 2704 5957 Ecclesia
2731 5943 2747 5971 ,
2800 5913 2855 5959 et
2900 5903 3218 5959 observavit.
3268 5902 3434 5979 Digna
3485 5904 3634 5974 igitur
