4432 6700
800 411 895 466 331

792 518 936 575 omni
965 512 1124 576 laude
1149 518 1353 580 ﬂabab.
1381 519 1631 575 Ecclesiae
1655 523 1847 589 imago.
1880 522 2055 588 Quare
2082 534 2371 592 generosus

795 612 992 667 Paulus
1028 627 1150 668 cum
1181 612 1298 681 ejus
1351 609 1474 665 lidei
1524 611 1834 682 dignitatem
1882 613 2219 676 edidicisset.
2271 626 2374 666 non

794 718 915 758 eam
944 703 1223 773 reprobam
1251 709 1446 772 putans
1483 701 1553 756 ob
1589 703 1819 772 priorem
1848 713 2041 758 statum
2061 745 2075 769 ,
2104 704 2196 758 sed
2227 718 2377 757 acce-

790 795 1039 864 ptabilem
1058 793 1126 847 ob
1145 792 1378 847 divinam
1398 793 1768 860 mutationem,
1785 809 1901 851 eam
1920 798 2118 849 sanctis
2134 793 2377 848 omnibus

789 894 1143 942 connumerat
1166 902 1179 938 :
1205 894 1259 940 et
1289 895 1569 955 postquam
1599 886 1826 952 dixerat,
1856 886 1986 940 Fide
2021 886 2147 941 Abel
2180 885 2378 954 sacri/io

695 1007 698 1010 -
789 979 924 1029 cium
965 975 1161 1040 obtulit,
1189 976 1292 1041 ﬁde
1312 977 1570 1030 Abraham
1614 978 1714 1031 hoc
1759 987 1814 1032 et
1864 977 1993 1031 illud
2043 976 2374 1046 fecit(Hebr.

791 1067 882 1118 ll.
906 1063 962 1134 4)
980 1106 994 1127 ,
1037 1064 1142 1120 ﬁde
1164 1064 1281 1121 Noe
1319 1081 1496 1121 arcam
1529 1066 1673 1132 fecit,
1704 1066 1808 1120 ﬁde
1828 1067 2039 1138 Moyses
2067 1068 2180 1121 hinc
2209 1076 2262 1122 et
2290 1067 2374 1120 illa

787 1155 1047 1225 prreclare
1096 1165 1242 1226 gesta
1299 1157 1502 1218 edidit;
1557 1171 1621 1209 ac
1675 1157 1870 1210 multos
1921 1158 2116 1212 deinde
2159 1167 2376 1213 sanctos

783 1259 1177 1303 memoraverat
1237 1247 1447 1302 tandem
1477 1248 1704 1316 adjecit,
1735 1248 1869 1302 Fide
1915 1249 2090 1303 lla/iub
2139 1251 2376 1304 meretrix

783 1354 885 1392 non
912 1339 1058 1408 periit
1083 1354 1199 1390 cum
1224 1338 1516 1404 incredulis,
1540 1341 1882 1408 exploratores
1908 1340 2181 1407 excipiens,
2206 1349 2251 1394 et
2271 1342 2374 1394 alia

781 1431 862 1483 via
891 1430 1144 1482 remittens
1175 1429 1357 1500 (Hebr.
1391 1431 1479 1484 11.
1508 1432 1621 1502 51).
1655 1431 1725 1485 Et
1762 1432 1882 1486 vide
1909 1432 2175 1502 quomodo
2211 1434 2374 1488 multa

782 1536 904 1574 cum
957 1522 1217 1590 sapientia
1267 1521 1652 1575 humanitatem
1705 1531 1849 1576 tuam
1915 1523 2371 1592 attemperaverit.

781 1609 916 1665 Nam
942 1625 1063 1665 cum
1090 1628 1119 1663 a
1147 1627 1273 1681 rege
1303 1613 1450 1666 missi
1485 1620 1609 1665 sunt
1640 1613 1728 1680 qui
1756 1613 2130 1680 exploratores
2158 1614 2372 1682 perqui-

781 1710 963 1756 rerent
980 1742 996 1767 ,
1028 1701 1212 1756 dicunt
1233 1703 1303 1768 ei,
1329 1702 1392 1756 Si
1416 1702 1632 1772 ingressi
1654 1713 1771 1756 sunt
1799 1704 1868 1756 ad
1892 1713 1938 1758 te
1963 1705 2056 1757 viri
2074 1704 2207 1774 (los.
2236 1704 2290 1757 2.
2313 1706 2366 1759 5.

779 1790 836 1860 4)
856 1790 880 1839 'I
901 1790 1176 1859 respondit
1200 1793 1280 1846 eis
1304 1832 1320 1857 ,
1350 1792 1520 1846 Etiam
1549 1793 1773 1863 ingressi
1795 1803 1938 1848 sunt.
1967 1794 2148 1849 Primo
2173 1796 2370 1850 verita-

780 1886 888 1932 tem
916 1875 1165 1946 :cdiﬁcat,
1185 1888 1343 1951 atque
1369 1882 1441 1936 ita
1467 1883 1806 1939 mendacium
1831 1885 2048 1940 inducit.
2071 1886 2366 1957 Numquam

776 1968 921 2022 enim
951 1971 1284 2025 mendacium
1319 1987 1412 2041 per
1427 1988 1485 2028 se
1503 1974 1756 2039 creditur,
1787 1976 1888 2030 nisi
1913 1978 2191 2032 veritatem
2223 1978 2369 2046 prius

776 2059 1065 2114 ostendere
1089 2063 1453 2130 occupaverit.
1489 2063 1613 2119 Ideo
1640 2066 1727 2136 qui
1749 2066 1910 2120 modo
1939 2067 2005 2121 ad
2048 2067 2369 2136 persuaden-

774 2147 902 2203 dum
935 2158 1060 2220 apto
1092 2152 1442 2221 mentiuntur,
1486 2158 1662 2224 primo
1705 2171 1832 2210 vera
1870 2157 2056 2211 dicunt
2094 2167 2252 2227 atque
2280 2175 2364 2227 ea,

773 2256 896 2311 qua:
925 2241 1066 2312 apud
1089 2257 1280 2300 omnes
1320 2245 1371 2299 in
1403 2246 1652 2302 confesso
1696 2256 1854 2314 sunt;
1886 2263 1950 2302 ac
1973 2249 2168 2304 deinde
2211 2266 2366 2305 meu-

773 2332 923 2388 dacia
954 2343 1009 2388 et
1035 2334 1194 2390 dubia
1226 2336 1500 2391 inducunt.
1533 2338 1760 2408 ingressi
1791 2349 1916 2394 sunt
1941 2339 2006 2393 ad
2037 2350 2088 2394 te
2115 2342 2364 2410 explora-

774 2432 920 2479 tores
947 2424 1303 2494 ?respoudet,
1340 2428 1530 2481 Etiam.
1563 2429 1619 2483 Si
1650 2430 1793 2482 enim
1831 2445 1860 2483 a
1887 2431 2150 2500 principio
2196 2431 2361 2485 dixis-

773 2524 875 2580 set,
898 2514 1036 2582 Non,
1065 2515 1130 2570 ad
1159 2517 1473 2572 scrutinium
1502 2529 1849 2588 provocasset
1877 2535 1990 2584 eos,
2014 2522 2102 2590 qui
2133 2522 2362 2575 advene-

772 2615 912 2660 rant.
930 2605 1058 2671 Sed,
1082 2607 1149 2661 Et
1167 2608 1392 2678 ingressi
1417 2617 1563 2672 sunt,
1583 2610 1775 2678 inquit,
1803 2619 1859 2664 et
1885 2613 2088 2680 egressi
2117 2621 2241 2665 sunt
2267 2611 2364 2666 bac

772 2698 888 2752 via:
907 2699 1312 2770 persequimini,
1330 2711 1384 2755 et
1400 2701 1868 2769 comprehendetis
1886 2718 1998 2757 eos.
2020 2703 2064 2758 0
2081 2705 2362 2773 pulchrum

773 2789 1110 2844 mendacium
1139 2790 1153 2844 !
1183 2806 1217 2843 o
1245 2792 1525 2860 pulchrum
1544 2791 1748 2859 dolum,
1777 2792 1953 2848 divina
1995 2810 2104 2848 non
2134 2795 2364 2864 proden-

772 2889 901 2943 tem,
941 2879 1037 2936 sed
1089 2881 1344 2951 pietatem
1387 2882 1776 2938 custodientem
1806 2885 1819 2938 l
1853 2884 1908 2940 Si
1966 2886 2126 2954 igitur
2177 2887 2361 2941 llabab

770 2973 913 3027 illam
945 2974 1252 3042 pmnitcntia
1303 2974 1474 3030 salute
1509 2975 1723 3046 dignam
1769 2977 1974 3044 effecit,
2004 2987 2060 3033 et
2108 2980 2221 3049 ipsa
2268 2995 2362 3048 per

769 3075 1076 3120 Sanctorum
1106 3079 1201 3119 ora
1229 3066 1551 3133 prmdicatur
1570 3109 1585 3133 ,
1612 3067 1736 3122 Jesu
1769 3069 1911 3123 Nave
1934 3071 1985 3124 in
2015 3071 2232 3126 deserto
2253 3072 2364 3124 cla-

768 3164 971 3220 mante,
1016 3155 1155 3209 Vivat
1193 3155 1372 3209 Ilahab
1421 3160 1690 3222 meretrix,
1724 3159 1888 3213 Paulo
1913 3171 2090 3215 autem
2126 3161 2358 3227 dicente,

773 3249 902 3302 Fide
931 3247 1112 3301 Raltab
1143 3251 1381 3302 meretrix
1406 3267 1506 3302 non
1539 3251 1686 3318 periit
1725 3267 1840 3304 cum
1868 3270 1969 3307 non
2000 3255 2317 3308 credentibus
2340 3271 2358 3308 :

695 3327 699 3331 ’
765 3349 966 3408 quanto
996 3342 1167 3410 magis
1196 3356 1293 3395 nos
1321 3342 1364 3394 si
1401 3343 1772 3410 paenitentiam
1805 3343 2177 3413 exliibeamus,
2211 3347 2352 3401 salu-

769 3439 875 3484 tem
926 3432 1362 3501 consequemur?
1394 3431 1730 3488 Pmnitentia:
1780 3443 1991 3504 tempus
2036 3452 2178 3491 nunc
2226 3447 2354 3492 est:

765 3522 955 3590 ingens
981 3523 1125 3577 enim
1148 3523 1307 3577 timor
1338 3524 1498 3577 instat
1535 3526 1927 3580 imminentium
1975 3539 2311 3596 peccatorum
2341 3571 2354 3594 ,

766 3613 868 3665 nisi
897 3613 1212 3681 supplicium
1234 3623 1516 3681 praevertat
1556 3617 1886 3683 pcenitcntia.
1938 3617 2359 3688 Prwoccupemns

764 3703 946 3772 faciem
973 3704 1082 3771 ejus
1109 3702 1162 3755 in
1183 3705 1499 3773 confessione
1522 3703 1691 3775 (Psal.
1717 3707 1803 3761 94.
1831 3707 1887 3776 2)
1913 3726 1926 3760 :
1958 3710 2356 3778 exstinguatnus

765 3802 1109 3863 peccatorum
1155 3809 1376 3863 rogum,
1426 3811 1535 3850 non
1587 3799 1769 3852 multis
1822 3801 1995 3869 aquis,
2023 3802 2118 3855 scd
2174 3804 2354 3871 parvis

762 3885 1032 3956 lacrymis.
1055 3885 1251 3940 Multus
1276 3895 1359 3939 est
1389 3887 1526 3954 ignis
1553 3889 1776 3955 peccati,
1821 3900 1875 3943 et
1902 3901 2078 3944 tamen
2130 3893 2355 3946 modicis

761 3977 1013 4047 lacrymis
1035 3977 1388 4046 exstinguitur
1418 3995 1431 4030 :
1462 3994 1584 4031 nam
1617 3981 1866 4050 lat-ryma:
1893 3985 2237 4052 exstinguuut
2264 4002 2354 4039 ro-

761 4081 888 4136 gum
946 4075 1308 4134 peccatorum,
1338 4077 1393 4121 et
1454 4070 1654 4137 peccati
1705 4070 1949 4124 fmtorem
1995 4073 2244 4129 abluunt.
2299 4077 2352 4130 ld

763 4157 1078 4212 testiﬁcatur
1133 4158 1323 4213 beatus
1379 4159 1540 4212 David
1589 4160 1772 4216 dicens
1797 4202 1814 4228 ,
1842 4171 1897 4218 et
1923 4175 2122 4234 quanta
2158 4169 2227 4221 sit
2276 4167 2355 4221 vis

760 4253 1115 4321 lacrymarum
1144 4253 1434 4307 ostendens
1458 4270 1472 4306 :
1503 4251 1704 4307 Lavabo
1727 4296 1743 4321 ,
1787 4257 1986 4325 inquit,
2014 4275 2103 4328 per
2122 4261 2352 4330 singulas

760 4354 932 4396 noctes
953 4344 1134 4396 lectum
1162 4359 1347 4408 meum,
1380 4355 1427 4396 et
1475 4345 1714 4415 lacryntis
1758 4349 1880 4402 meis
1925 4359 2139 4404 stratum
2185 4369 2349 4405 meum

759 4436 936 4506 rigabo
964 4435 1134 4504 (l’sal.
1162 4434 1218 4489 6.
1243 4436 1321 4504 7).
1356 4436 1516 4500 Atqui
1563 4437 1609 4489 si
1654 4437 2008 4509 lacrymarum
2053 4443 2348 4498 ubertatem

759 4527 1020 4582 voluisset
1047 4526 1353 4592 ostendere,
1385 4529 1514 4582 satis
1539 4538 1653 4583 erat
1675 4531 1902 4594 dixisse,
1940 4533 2204 4606 Lacrymis
2231 4541 2352 4592 meis

759 4629 971 4672 stratum
999 4634 1165 4671 meum
1202 4621 1376 4690 rigabo
1405 4635 1425 4672 :
1451 4634 1547 4674 cur
1575 4636 1705 4691 ergo
1746 4626 2005 4692 prantttisit
2049 4627 2176 4681 illud
2197 4669 2212 4693 ,
2246 4628 2351 4682 La-

758 4713 880 4764 t'abo
899 4713 924 4764 ?
955 4711 1016 4766 Ut
1043 4712 1292 4766 ostendat
1316 4712 1587 4768 lavacrum
1614 4724 1668 4770 et
1698 4717 1966 4787 piaculum
2006 4731 2348 4790 peccatOrum

757 4818 878 4856 esse
904 4805 1188 4873 lacrymas.

828 4892 884 4948 6.
936 4891 1153 4945 I’eccata
1200 4895 1422 4947 omnium
1463 4913 1618 4950 causa
1669 4900 1938 4956 malorum.
1985 4934 2056 4944 —
2101 4904 2350 4960 Omnium

757 5000 914 5037 causa
940 4985 1197 5038 malorum
1218 4996 1339 5040 sunt
1371 4999 1579 5054 peccata
1602 5007 1614 5042 :
1638 5003 1849 5061 propter
1869 5010 2083 5064 peccata
2110 4998 2345 5066 dolores,

757 5085 977 5144 propter
1027 5085 1243 5146 peccata
1293 5078 1586 5145 tumultus,
1644 5091 1862 5150 propter
1909 5099 2125 5154 peccata
2171 5090 2346 5153 bella,

759 5168 968 5231 morbi,
995 5177 1050 5221 et
1093 5177 1349 5238 quotquot
1395 5169 1548 5222 nobis
1598 5171 1847 5226 accidunt
1889 5187 2074 5232 sanatu
2102 5179 2348 5234 difﬁciles

757 5258 1115 5326 :rgritudiues.
1145 5260 1604 5326 Quemadmodum
1634 5263 1794 5333 igitur
1816 5267 2002 5336 optimi
2026 5273 2212 5326 medici
2244 5290 2346 5328 non

759 5350 921 5405 modo
950 5361 1266 5419 apparentes
1291 5354 1504 5409 morbos
1535 5357 1835 5425 explorant,
1858 5359 1950 5415 sed
1975 5361 2135 5416 etiam
2163 5379 2345 5420 eorum

757 5455 973 5494 causam
1005 5449 1310 5494 scrutantur
1338 5460 1352 5496 :
1382 5443 1451 5498 ita
1489 5455 1545 5500 et
1567 5447 1820 5502 Servator
1847 5451 2135 5507 ostendere
2167 5457 2349 5513 volens

759 5532 997 5586 omnium
1028 5547 1147 5603 qua:
1175 5529 1478 5588 hominibus
1505 5538 1814 5608 contingunt
1840 5543 2102 5598 malormn
2134 5561 2346 5603 causam

759 5639 877 5678 esse
907 5633 1180 5694 peccatum
1207 5665 1221 5688 ,
1254 5622 1542 5696 paralytico
1572 5627 1698 5684 dicit
1724 5671 1738 5694 ,
1771 5633 1891 5702 quia
1922 5650 2114 5705 nempe
2139 5638 2351 5696 videbat

762 5714 850 5768 itte
875 5717 1166 5770 animarum
1197 5716 1438 5772 medicus
1457 5733 1577 5773 eum
1601 5721 1776 5776 anima
1807 5725 1969 5794 prius,
1999 5727 2194 5785 deinde
2224 5747 2346 5786 cor-

762 5821 891 5877 pore
939 5809 1283 5880 paralyticum
1304 5852 1319 5878 ,
1348 5811 1419 5866 ait
1444 5852 1460 5880 ,
1488 5812 1736 5884 inquam,
1774 5816 1848 5874 illi
1883 5838 1896 5874 :
1934 5821 2062 5878 Ecce
2086 5843 2238 5881 sanus
2267 5833 2347 5894 [u-

1533 408 1589 466 S.
1621 408 1898 466 JOANNIS
1933 407 2403 466 CllRYSOSTOlll
2432 409 2747 466 AltClllEP.
2781 412 3315 475 CONSTANTINOP.

3967 430 4074 484 33?.

2502 529 2610 574 ctus
2631 536 2683 574 es
2707 561 2721 582 ,
2745 521 2851 574 noli
2873 526 3094 593 amplius
3121 545 3344 596 peccare,
3376 546 3438 585 ne
3460 531 3580 595 quid
3605 533 3692 586 tibi
3717 535 3936 595 deterius
3958 559 4079 597 con-

2483 611 2641 682 lingat
2666 613 2682 682 (
2703 611 2857 665 Joan.
2877 612 2930 666 5.
2958 613 3070 684 14).
3111 618 3272 687 Igitur
3296 632 3349 676 et
3376 621 3725 692 praecedentis
3752 625 4081 688 inﬁrmitatis

2481 714 2644 756 causa
2672 710 2948 774 peccatum
2983 715 3134 771 erat;
3165 710 3216 762 id
3246 710 3426 768 damni
3453 729 3609 770 causa
3628 756 3643 781 ,
3673 714 3725 770 id
3767 715 3991 787 doloris,
4025 723 4081 778 id

2481 794 2797 850 calamitatis
2826 796 3083 851 universae
3103 802 3346 856 materia.
3373 804 3634 861 Caeterum
3659 806 3786 862 illud
3809 807 4072 875 admiror,

2481 885 2752 949 quomodo
2789 887 2877 955 qui
2904 884 3044 940 hunc
3071 885 3310 942 dolorem
3341 893 3410 946 ab
3440 896 3591 952 initio
3620 897 3822 952 homini
3853 899 4078 956 dederat

2481 970 2622 1024 Deus
2651 984 2870 1044 propter
2897 987 3188 1045 peccatum,
3216 985 3482 1039 sententia
3509 991 3828 1044 sententiam
3855 991 4073 1058 solvat,

2483 1069 2539 1114 et
2567 1063 3013 1123 condemnatione
3033 1068 3529 1128 condemnationem
3551 1079 3745 1146 ejiciat.
3771 1079 4074 1149 Quomodo,

2478 1151 2623 1206 audi.
2654 1154 2785 1208 Data
2813 1169 2894 1211 est
2921 1159 3129 1212 tristitia
3168 1171 3387 1230 propter
3418 1178 3694 1232 peccatum
3715 1215 3730 1239 ,
3760 1183 3814 1229 et
3843 1188 3939 1244 per
3968 1175 4074 1228 tri-

2477 1244 2672 1298 Stitiam
2704 1257 2979 1314 peccatum
3002 1252 3242 1306 solvitur.
3266 1252 3496 1310 Attende
3518 1259 3836 1330 diligenter:
3861 1267 4073 1320 mulieri

2479 1335 2811 1390 comminans
2851 1338 2994 1394 Deus
3016 1379 3034 1407 ,
3063 1351 3118 1396 et
3163 1355 3376 1413 propter
3406 1351 3896 1414 praevaricationem
3942 1373 4075 1428 sup-

2479 1425 2694 1493 plicium
2731 1426 3012 1496 inducens,
3043 1433 3116 1485 ait
3142 1433 3214 1486 illi
3241 1432 3343 1488 :In
3369 1435 3544 1490 dolore
3567 1441 3734 1507 paries
3752 1445 3886 1512 ﬁlios
3916 1425 4070 1517 (Gen.

2477 1516 2532 1570 5.
2564 1517 2671 1588 16)
2705 1534 2718 1572 :
2748 1517 3085 1590 ostenditque
3128 1523 3352 1578 fructum
3391 1528 3592 1594 peccati
3635 1543 3755 1586 esse
3801 1516 4070 1591 dolorem.

2475 1606 2582 1661 Sed
2605 1649 2622 1672 ,
2655 1624 2688 1663 o
2731 1611 3110 1680 magniﬁcum!
3138 1615 3280 1684 quod
3321 1616 3468 1671 dedit
3509 1618 3575 1671 ad
3626 1623 3945 1690 supplicium
3968 1670 3982 1690 ,
4015 1631 4071 1681 in

2473 1695 2700 1750 salutem
2740 1703 2982 1754 mutavit.
3015 1703 3293 1759 Peccatum
3325 1706 3563 1761 dolorem
3593 1711 3799 1778 peperit
3832 1731 3848 1768 :
3877 1715 4070 1772 dolore

2473 1797 2749 1853 peccatum
2793 1794 3125 1863 consumpsit
3168 1811 3182 1846 :
3230 1805 3284 1849 et
3310 1798 3752 1866 quemadmodum
3792 1807 3992 1858 vermis
4037 1822 4070 1859 e

2472 1875 2614 1946 ligno
2655 1885 2812 1932 natus
2854 1881 3025 1948 ipsum
3053 1883 3253 1951 lignum
3296 1891 3592 1955 consumit,
3621 1891 3701 1946 sic
3742 1901 3798 1947 et
3837 1895 3992 1948 dolor
4034 1911 4070 1950 ο

2471 1976 2690 2034 peccato
2738 1977 2895 2022 natus
2933 1982 3208 2038 peccatum
3260 1980 3526 2033 consumit
3560 1997 3654 2050 per
3699 1985 4064 2052 pmnitcntiam

2473 2056 2744 2111 inductus.
2787 2057 3121 2130 Quapropter
3169 2063 3364 2120 Paulus
3412 2069 3587 2125 dixit:
3618 2072 3744 2139 Qua:
3790 2079 4067 2129 secundum

2472 2146 2637 2201 Deum
2661 2159 2732 2201 est
2774 2151 2972 2204 tristitia
3002 2153 3340 2222 penitentiam
3368 2160 3420 2210 in
3446 2163 3656 2216 salutem
3682 2143 3908 2219 stabilem
3939 2183 4066 2237 ope-

2471 2243 2613 2292 ratur
2642 2239 2718 2310 (2.
2744 2239 2862 2294 Cor.
2893 2241 2944 2294 7.
2979 2242 3088 2313 10).
3119 2243 3264 2299 Bona
3295 2257 3375 2300 est
3405 2249 3616 2305 tristitia
3643 2269 3771 2308 vere
3799 2257 4063 2324 paeniten-

2471 2331 2608 2384 tibus
2636 2335 2922 2387 :convenit
2941 2337 3282 2405 peccantibus
3308 2338 3482 2395 luctus
3508 2357 3604 2412 pro
3635 2356 3850 2413 peccato
3875 2365 3888 2400 :
3917 2347 4066 2402 Beati

2466 2422 2552 2489 qui
2581 2423 2788 2493 lugent,
2817 2429 3057 2494 quoniam
3091 2429 3190 2498 ipsi
3227 2433 3617 2489 consolabuntur
3645 2437 3859 2510 (Matth.
3892 2444 3946 2496 5.
3981 2445 4061 2513 5).

2468 2511 2610 2579 Luge
2638 2524 2913 2579 peccatum
2941 2557 2955 2579 ,
2985 2526 3042 2569 ut
3071 2533 3177 2572 non
3206 2521 3390 2591 lugeas
3423 2527 3735 2594 supplicium
3763 2547 3777 2584 :
3803 2545 3964 2601 purga
4009 2511 4064 2590 te

2466 2604 2605 2674 apud
2632 2605 2883 2674 judicent,
2914 2619 3204 2678 antequam
3228 2614 3295 2668 ad
3322 2617 3552 2672 tribunal
3574 2623 3774 2676 venias.
3798 2624 3880 2678 An
3905 2626 4063 2695 igno-

2467 2710 2556 2750 ras
2596 2707 2853 2766 quotquot
2886 2698 3118 2767 judicem
3171 2704 3418 2774 mitigare
3461 2713 3679 2778 volunt,
3711 2727 3815 2767 non
3847 2715 3898 2768 iu
3943 2717 4062 2784 ipso

2466 2787 2711 2841 examine
2735 2801 2928 2854 causre,
2951 2794 3044 2844 sed
3081 2801 3368 2860 antequam
3395 2795 3447 2850 in
3471 2799 3726 2866 judicium
3759 2805 4064 2873 ingredian-

2467 2885 2552 2930 tur
2575 2918 2591 2942 ,
2621 2877 2790 2946 ipsum
2825 2878 2925 2933 sibi
2955 2880 3269 2937 benevolum
3303 2901 3519 2954 parare,
3547 2891 3660 2946 sive
3699 2907 3792 2960 per
3816 2897 4018 2950 amicos
4043 2939 4060 2962 ,

2464 2965 2578 3019 sive
2624 2981 2717 3034 per
2755 2976 3047 3036 patronos,
3073 2970 3187 3026 sive
3211 2973 3317 3027 alio
3360 2977 3548 3042 quovis
3586 2981 3789 3035 modo?
3817 2983 3980 3051 Igitur
4007 2995 4066 3038 et

2465 3056 2604 3124 apud
2638 3057 2804 3111 Deum
2837 3057 3022 3127 judicii
3054 3070 3326 3131 tempore,
3357 3081 3461 3119 non
3511 3077 3594 3122 est
3641 3071 3781 3138 quod
3824 3071 4060 3140 judicem

2468 3144 2648 3200 ﬂectas
2675 3165 2688 3200 :
2711 3148 2804 3202 sed
2825 3160 2948 3204 ante
2964 3150 3148 3218 judicii
3180 3161 3388 3223 tempus
3415 3167 3590 3225 potest
3614 3161 3776 3228 iudex.
3805 3165 4059 3234 mitigari.

2463 3235 2827 3302 Quamobrem
2857 3238 3068 3293 dicebat
3093 3241 3286 3296 David:
3306 3244 3722 3317 Prwoccupemus
3743 3251 3922 3319 facient
3950 3255 4063 3327 ejus

2460 3325 2514 3378 in
2562 3327 2878 3395 confessione
2924 3327 3096 3399 (Psal.
3142 3331 3232 3385 9d.
3264 3332 3344 3400 2).
3390 3333 3505 3388 Illic
3547 3351 3790 3406 maguum
3825 3325 4060 3407 judicem

2461 3429 2568 3468 non
2594 3415 2950 3470 circumvenit
2993 3433 3081 3472 ars
3111 3419 3385 3474 rhetorum
3407 3462 3421 3487 ,
3451 3438 3558 3478 non
3589 3428 3818 3494 potentia
3847 3429 4012 3483 flectit
4039 3446 4057 3487 :

2459 3504 2702 3574 dignitati
2751 3520 2855 3559 non
2901 3507 2991 3561 ille
3019 3523 3222 3563 morem
3249 3512 3406 3580 gerit,
3442 3528 3723 3580 personam
3770 3531 3877 3571 non
3905 3533 4063 3572 vere-

2462 3601 2565 3657 tur,
2596 3595 2833 3663 pccuuiis
2854 3610 2958 3649 non
2981 3600 3359 3668 corrumpitur,
3388 3602 3482 3656 sed
3515 3605 3845 3661 tremendum
3871 3616 3927 3662 ct
3953 3609 4060 3662 im-

2462 3683 2722 3752 placabile
2748 3693 2832 3738 est
2855 3685 3057 3753 justum
3084 3687 3367 3756 judicium.

2537 3771 2872 3843 Eleemosyna
2913 3773 3079 3828 Deum
3111 3776 3300 3847 placat.
3340 3809 3412 3820 —-
3449 3780 3546 3836 llic
3597 3783 3775 3853 itaque
3817 3784 4057 3854 judicem

2458 3875 2742 3916 exoremus
2760 3872 2815 3917 et
2832 3863 3120 3932 placemus,
3143 3867 3264 3924 huic
3279 3871 3423 3924 omni
3445 3873 3638 3928 robore
3655 3877 4017 3944 supplicemus
4037 3896 4053 3931 :

2462 3968 2566 4004 non
2592 3952 2861 4020 pecuniis;
2888 3955 2996 4008 imo
3025 3966 3081 4010 tit
3108 3959 3281 4012 verius
3307 3960 3570 4027 dicamus,
3602 3967 3838 4032 pecuniis
3870 3967 4054 4035 phaea-

2460 4049 2548 4094 tur
2576 4040 2836 4110 benignus
2865 4043 2972 4108 ille,
3005 4059 3112 4099 non
3145 4046 3256 4116 ipse
3283 4049 3566 4116 recipiens,
3599 4053 3692 4105 sed
3723 4069 3820 4122 per
3849 4071 4023 4124 paapc

2461 4145 2564 4186 res.
2594 4131 2664 4184 Da
2691 4132 2834 4201 inOpi
2863 4135 3160 4202 pecuniam,
3191 4147 3244 4191 et
3266 4138 3500 4206 judicem
3524 4143 3765 4210 placasti.
3798 4145 3922 4198 llwc
3951 4162 4053 4199 au-

2460 4229 2567 4275 tem
2609 4221 2731 4276 dico
2777 4223 2931 4277 vobis
2976 4225 3128 4293 quasi
3172 4229 3555 4296 familiaribus;
3586 4234 3709 4302 quia
3741 4237 4051 4304 pmuitentia

2456 4312 2574 4366 sine
2595 4313 2935 4385 clecmosyna
2959 4326 3165 4370 mortua
3189 4327 3270 4371 est
3295 4321 3497 4390 alisque
3517 4331 3664 4377 caret
3687 4340 3701 4379 :
3728 4326 3908 4395 nequit
3938 4343 4054 4395 pa:-

2458 4403 2679 4457 uitentia
2736 4404 2948 4468 volare,
3001 4406 3119 4461 sine
3161 4408 3243 4461 ala
3286 4410 3663 4482 elcemosynze.
3721 4415 3842 4468 Ideo
3885 4418 4052 4484 probe

2457 4494 2734 4561 ptenitenti
2763 4494 3013 4550 Cornelio
3046 4498 3128 4551 ala
3166 4499 3232 4554 ad
3261 4501 3510 4569 pietatem
3543 4504 3639 4556 fuit
3664 4506 4004 4576 eleeinosyna
4032 4526 4047 4560 :

2459 4580 2808 4652 Eleemosyna:
2843 4594 2976 4650 tum,
3001 4586 3272 4655 inquit,et
3316 4591 3568 4646 orationes
3619 4603 3719 4645 tua:
3761 4594 3814 4645 in
3868 4596 4050 4646 cie/um

2458 4673 2791 4726 ascenderunt
2818 4672 2955 4745 (Act.
2991 4675 3078 4730 10.
3106 4678 3162 4747 4)
3194 4697 3208 4732 :
3237 4681 3307 4734 ita
3338 4689 3395 4735 ut
3419 4683 3462 4736 si
3489 4697 3594 4738 non
3618 4683 3884 4736 habuisset
3906 4684 4045 4736 alam

2457 4764 2810 4832 eleemosyua:
2839 4766 3168 4832 paenitentia,
3199 4785 3529 4842 nequaquam
3563 4775 3614 4826 in
3644 4774 3832 4826 cielum
3862 4789 4047 4842 perve-

2459 4857 2641 4908 nisset.
2675 4856 2928 4924 Aperitur
2967 4872 3096 4927 ergo
3137 4859 3295 4917 ltodie
3338 4866 3632 4935 emporium
3663 4864 4044 4934 electuosynaz.

2459 4943 2712 4999 Videmus
2738 4946 2880 4998 enim
2907 4949 3143 5015 captivos
3169 4961 3218 5005 et
3249 4967 3509 5022 pauperes
3528 4995 3543 5018 ,
3574 4953 3817 5007 videmus
3847 4954 3898 5008 iu
3929 4954 4048 5011 foro

2457 5035 2870 5100 circumeuntes,
2898 5035 3139 5091 videmus
3160 5040 3453 5096 clamantes
3473 5083 3488 5103 ,
3522 5042 3878 5111 lacrymautcs
3903 5085 3917 5107 ,
3947 5061 4047 5114 ge-

2457 5139 2667 5180 mentes
2720 5143 2735 5179 :
2789 5126 3041 5183 nundinas
3097 5131 3252 5186 nobis
3309 5133 3581 5187 mirabiles
3633 5148 4046 5204 pr0pouuutur:

2457 5216 2815 5269 nundinarum
2844 5231 2970 5271 vero
3002 5234 3105 5273 nou
3152 5222 3253 5274 alia
3300 5222 3436 5274 ratio
3460 5231 3542 5275 est
3561 5262 3575 5285 ,
3603 5225 3914 5293 negotiatori
3944 5245 4049 5280 non

2455 5305 2590 5359 alius
2633 5306 2880 5372 animus,
2925 5323 3084 5378 quam
3129 5309 3338 5364 venalia
3391 5323 3556 5378 parvo
3609 5329 3824 5381 cinere,
3855 5331 4049 5385 magno

2455 5396 2707 5467 vendere.
2754 5399 2943 5454 Annon
2985 5400 3073 5454 bic
3115 5409 3200 5455 est
3257 5402 3617 5470 quorumlibet
3657 5406 4047 5476 negotiatorum

2455 5489 2687 5556 scopus?
2711 5504 2836 5543 num
2873 5500 3094 5560 propter
3131 5489 3276 5544 aliud
3322 5492 3583 5562 quispiam
3632 5498 4046 5566 negotiationem

2456 5577 2586 5640 adit,
2612 5579 2710 5633 nisi
2741 5589 2798 5634 ut
2822 5598 2941 5651 qua:
2972 5595 3138 5650 parvo
3163 5582 3294 5636 emit
3317 5597 3510 5654 magno
3530 5587 3758 5651 vendat,
3782 5593 3838 5640 et
3864 5586 4048 5638 multi-

2457 5668 2702 5738 plicatam
2749 5673 3162 5740 negotiationem
3211 5674 3446 5730 referat?
3474 5675 3632 5730 Tales
3679 5675 3837 5745 igitur
3891 5674 4046 5730 nobis

2457 5760 2720 5816 nundinas
2765 5762 2904 5817 Deus
2949 5763 3224 5832 proposuit
3252 5783 3267 5820 :
3297 5765 3508 5820 modico
3531 5765 3765 5835 justitias
3807 5777 3962 5829 eme,
3989 5774 4045 5821 ut

2462 5853 2629 5908 multo
2657 5854 2854 5910 vendas
2882 5853 2934 5909 in
2965 5853 3164 5924 futuro;
3195 5857 3241 5912 si
3268 5865 3444 5914 tamen
3472 5857 3833 5914 venditionem
3859 5857 4046 5928 appels
