4406 6748
239 507 344 564 531

235 623 338 678 καὶ
378 623 713 698 διετήρησεν.
750 625 898 694 ’Λεία
939 623 1120 678 τοίνυν
1149 618 1370 673 ἐπαίνου
1405 619 1602 683 παντὸς
1634 618 1821 680 Ῥαὰϐ,
1868 618 1901 687 ἡ

233 709 402 764 εἰκὼν
426 712 524 783 τῆς
550 713 896 782 Ἐκκλησίας.
919 708 1019 762 Διά
1042 706 1200 760 τοῦτο
1226 705 1319 758 καὶ
1352 705 1380 756 6
1407 709 1647 774 γενναῖος
1667 703 1900 766 Παῦλος,

232 799 574 869 καταμαθὼν
623 799 798 868 αὐτῆς
849 796 912 849 16
961 792 1178 863 ἀξίωμα
1205 793 1303 863 τῆς
1354 794 1608 856 πίστεως,
1656 791 1750 844 καὶ
1802 789 1901 843 ούκ

230 885 492 958 ἀδόκιμον
514 887 860 957 ἡγησάμενος
881 879 968 933 διὰ
982 881 1078 951 τὴν
1099 881 1365 952 προτέραν
1384 879 1739 940 κατάστασιν,
1767 875 1900 930 ἀλλά

227 971 456 1045 δόκιμον
511 974 598 1028 διὰ
627 972 726 1042 τὴν
766 968 946 1022 ἔνθεον
995 967 1322 1038 μεταϐολὴν,
1355 964 1694 1037 ’συναριθμεῖ
1731 963 1898 1036 αὐτην

226 1063 346 1124 τοῖς
381 1061 555 1129 ἁγίοις
589 1059 756 1118 πᾶσι,
803 1054 898 1108 καὶ
929 1054 1190 1126 εἰρηκώς·
1218 1055 1424 1108 Πίστει
1472 1053 1644 1106 Ἅϐελ
1675 1051 1897 1105 θυσίαν

225 1144 637 1214 προσήνεγκε·
669 1142 869 1194 πίστει
903 1141 1146 1210 Ἀϐραὰμ
1185 1141 1246 1194 τὸ
1276 1141 1369 1192 καὶ
1411 1138 1472 1190 16
1506 1137 1760 1206 ἐποίησε·
1803 1137 1894 1190 πί-

228 1248 351 1284 στει
375 1231 497 1284 Νῶε
527 1228 756 1282 κιϐωτὸν
785 1229 1075 1299 εἰργάσατο
1095 1247 1106 1260 ·
1139 1231 1320 1283 πίστει
1345 1226 1587 1296 Μωῦσῆς
1613 1224 1680 1279 τὰ
1707 1227 1797 1280 καί
1827 1227 1894 1279 τὰ

224 1316 456 1385 ἐποίησε
506 1316 602 1366 καὶ
638 1311 992 1384 κατώρθωσε·
1024 1317 1118 1368 καὶ
1148 1313 1358 1367 πολλῶν
1387 1311 1585 1382 ἐφεξῆς
1637 1312 1894 1382 μνησθεὶς

225 1402 426 1468 ἁγίων,
453 1401 514 1452 16
542 1400 847 1454 τελευταῖον
878 1404 1151 1473 ἐπήγαγε·
1181 1401 1387 1454 Πίστει
1426 1399 1608 1451 Ῥαὰϐ
1632 1398 1669 1463 ἠ
1702 1399 1891 1466 πόρνη

224 1490 302 1540 οὐ
356 1485 746 1542 συναπώλετο
792 1488 913 1555 τοῖς
956 1487 1358 1550 ἀπειθήσασι,
1399 1484 1692 1553 δεξαμένη
1750 1484 1893 1549 τοὺς

223 1573 677 1640 κατασκόπους,
732 1575 830 1628 καὶ
870 1575 1040 1643 ἑτέρᾳ
1089 1571 1206 1637 ὀδῷ
1247 1571 1609 1625 ἐκϐαλοῦσα.
1650 1571 1758 1624 Καὶ
1789 1571 1892 1641 ὅρα

224 1659 351 1721 πῶς
383 1660 521 1730 μετά
552 1659 750 1733 πολλῆς
780 1662 970 1732 σοφίας
1002 1661 1234 1731 ἐκέρασε
1265 1658 1362 1729 τὴν
1395 1658 1592 1727 ἐαυτῆς
1617 1659 1893 1728 εὐγνωμο-

226 1745 422 1815 σύνην.
450 1748 579 1800 Ὅτε
610 1748 718 1818 γάρ
745 1749 1130 1816 ἀπεστάλησαν
1156 1745 1307 1815 παρὰ
1352 1744 1445 1796 τοῦ
1484 1743 1746 1814 βασιλέως
1793 1743 1891 1814 ζη-

222 1833 451 1896 τοῦντες
470 1835 594 1898 τοὺς
626 1835 1020 1895 κατασκόπους,
1039 1832 1287 1900 λέγουσιν
1314 1831 1450 1900 αὐτῇ
1476 1847 1486 1860 ·
1515 1832 1585 1884 El
1604 1829 1893 1897 εἰσῆλθον

220 1918 380 1985 πρὸς
406 1919 483 1974 σὲ
511 1919 761 1988 ἇνδρες;
803 1921 867 1972 'H
894 1919 950 1971 δὲ
974 1918 1110 1988 πρὸς
1145 1915 1369 1979 αὐτούς·
1398 1915 1528 1975 Ναὶ,
1567 1915 1748 1984 φησὶν,
1779 1916 1892 1966 εἰσ-

219 2002 406 2073 ῆλθον.
438 2006 660 2076 Πρῶτον
693 2005 963 2074 οἰκοδομεί
1002 2003 1101 2074 τὴν
1136 2001 1415 2072 ἀλήθειαν,
1470 2001 1564 2053 καὶ
1596 1999 1767 2063 οὕτως
1803 2003 1893 2052 ἐπ-

217 2090 347 2158 άγει
380 2093 440 2146 16
487 2093 701 2162 ψεῦδος.
747 2092 1014 2145 Οὐδέποτε
1051 2091 1157 2159 γάρ
1187 2088 1306 2142 καθ’
1334 2088 1464 2142 αὐτὸ
1502 2089 1562 2141 τὸ
1581 2087 1773 2156 ψεῦδος
1805 2106 1891 2140 πι-

217 2178 497 2241 στεύεται,
527 2179 620 2231 ἐὰν
645 2178 720 2248 μὴ
747 2177 1019 2248 προλαϐδν
1045 2175 1343 2244 ἐνδείξηται
1373 2173 1470 2244 τὴν
1491 2173 1744 2244 ἀλήθειαν
1761 2189 1773 2202 ·
1805 2173 1890 2224 διὰ

210 2263 381 2316 τοῦτο
401 2266 452 2317 οἰ
484 2263 721 2326 πιθανῶς
741 2263 1060 2334 ψευδόμενοι
1089 2263 1304 2334 πρῶτον
1326 2262 1540 2332 λέγουσι
1566 2262 1774 2333 τάληθῆ
1797 2263 1888 2316 καὶ

210 2353 387 2404 πᾶσιν
409 2351 660 2422 ὼμολογη
671 2350 827 2421 μένα,
853 2351 946 2404 καὶ
966 2351 1086 2404 τότε
1106 2351 1457 2419 ἐπάγουσιτὰ
1474 2350 1642 2421 ψευδῆ
1663 2351 1756 2403 καὶ
1779 2351 1886 2420 ἀμ-

211 2436 608 2506 φιϐαλλόμενα.
629 2436 890 2507 Εἰσῆλθον
912 2438 1046 2507 πρὸς
1074 2437 1132 2490 σὲ
1157 2437 1518 2502 κατάσκοποι;
1538 2437 1722 2505 Λέγει,
1739 2436 1882 2490 Ναί·

207 2525 260 2575 εἰ
289 2523 401 2593 γὰρ
423 2520 576 2577 εἶπεν
605 2523 664 2588 ἐξ
689 2524 882 2594 ἀρχῆς,
907 2522 1003 2585 Οὓ,
1031 2524 1382 2594 προεκαλεῖτο
1412 2526 1491 2588 εἰς
1515 2523 1738 2593 ἔρευναν
1758 2525 1884 2587 τοὺς

208 2609 542 2673 ἐπελθόντας
562 2627 576 2641 ·
604 2609 751 2682 [555]
779 2609 938 2674 ἀλλὰ,
954 2609 1064 2662 Καὶ
1086 2609 1352 2680 εἰσῆλθον,
1370 2611 1524 2680 φησὶ,
1546 2611 1642 2662 καὶ
1665 2610 1884 2680 ἐξῆλθον

205 2696 341 2765 τῇδε
357 2699 421 2765 τῇ
441 2696 564 2766 ὁδῷ,
581 2695 962 2760 καταδιώξατε,
979 2696 1074 2750 καὶ
1091 2695 1468 2766 καταλήψεσθε
1482 2696 1698 2759 αὐτούς.
1715 2697 1780 2748 Ὢ
1795 2713 1888 2749 κα-

206 2780 305 2832 λοῦ
323 2781 580 2849 ψεύδους·
609 2781 654 2834 ὣ
679 2782 843 2835 καλοῦ
863 2782 1014 2834 δόλου
1035 2783 1095 2835 ού
1122 2781 1465 2852 προδιδόντος
1492 2782 1560 2834 τὰ
1584 2782 1721 2846 θεῖα,
1749 2785 1884 2838 ἀλλά

205 2868 575 2936 φυλάττοντος
608 2867 703 2938 τὴν
727 2868 1103 2922 εὐσέϐειαν.Εί
1132 2867 1312 2921 τοίνυν
1341 2869 1442 2940 τὴν
1466 2868 1637 2922 Ῥαὰϐ
1670 2871 1882 2941 ἐκείνην

199 2956 238 3023 ἠ
275 2953 542 3025 μετάνοια
554 2954 823 3025 σωτηρίας
845 2954 1110 3024 τοσαύτης
1131 2954 1353 3025 ἠξίωσε,
1379 2955 1475 3009 καὶ
1497 2954 1586 3010 διὰ
1615 2957 1883 3027 στόματος

199 3044 383 3110 ἁγίων
417 3041 765 3111 κηρύττεται,
797 3040 969 3112 Ἰησοῦ
1009 3043 1104 3108 μὲν
1132 3042 1225 3094 τοῦ
1259 3043 1417 3112 Ναυῆ
1457 3043 1687 3112 βοῶντος
1729 3046 1788 3096 ἐν
1814 3047 1879 3116 τῇ

197 3134 406 3202 ἐρήμῳ
425 3149 438 3161 ·
463 3131 630 3196 Ζιξτω
653 3129 834 3183 Ῥαὰϐ
854 3131 891 3198 ἡ
919 3130 1132 3196 πόρνη,
1164 3130 1374 3184 Παύλου
1397 3130 1453 3184 δέ
1472 3131 1741 3198 λέγοντος,
1775 3134 1879 3185 Πί-

195 3233 337 3273 στει
360 3218 539 3272 Ῥαὰϐ
554 3219 591 3285 ἡ
615 3217 804 3285 πόρνη
829 3218 900 3270 οὐ
921 3216 1309 3270 συναπώλετο
1338 3216 1462 3282 τοῖς
1485 3218 1872 3283 ἀπειθήσασι,

196 3309 361 3376 πόσῳ
389 3305 588 3376 μᾶλλον
635 3307 818 3376 ἡμεῖς,
855 3305 951 3357 ἐάν
992 3306 1354 3374 προσάγωμεν
1385 3305 1482 3374 τὴν
1541 3306 1829 3374 μετάνοιαν
1855 3346 1871 3370 ,

192 3394 469 3463 δεξόμεθα
492 3393 588 3463 τὴν
612 3393 915 3463 σωτηρίαν;
939 3392 1240 3453 Μετανοίας
1263 3391 1358 3444 νῦν
1387 3393 1415 3444 6
1441 3391 1628 3462 παρὼν
1653 3393 1838 3463 καιρός
1857 3411 1869 3424 ο

192 3484 375 3545 πολὺς
398 3481 504 3552 γὰρ
528 3483 557 3534 6
577 3481 739 3549 φόϐος
759 3480 869 3532 τῶν
902 3481 1262 3550 ἐπικειμένων
1286 3482 1417 3549 ἡμῖν
1441 3481 1869 3550 ἁμαρτημάτων,

192 3573 268 3627 ἂν
302 3570 381 3641 μὴ
409 3568 669 3639 προλάϐοι
699 3569 800 3637 τὴν
832 3569 1102 3638 τιμωρίαν
1132 3569 1166 3637 ἡ
1207 3567 1483 3636 μετάνοια.
1516 3568 1875 3636 Προφθάσω-

188 3675 314 3728 μεν
341 3655 408 3709 τὸ
447 3656 772 3723 πρόσωπον
815 3653 1001 3706 αὐτοῦ
1034 3653 1104 3706 ἐν
1157 3653 1588 3722 ἐξομολογήσει
1621 3671 1634 3684 ·
1674 3654 1878 3708 σϐέσω-

194 3762 304 3816 μεν
328 3743 427 3814 τὴν
455 3740 729 3812 πυρκαϊάν
749 3738 858 3794 τῶν
882 3739 1318 3809 ἁμαρτημάτων,
1337 3741 1436 3809 οὐχ
1458 3739 1614 3793 ὕδασι
1639 3741 1871 3805 πολλοῖς,

188 3832 342 3886 ἀλλὰ
378 3831 593 3900 μικροῖς
617 3828 868 3898 δάκρυσι.
899 3825 1040 3878 Πολὺ
1080 3825 1141 3877 16
1166 3826 1278 3895 πῦρ
1319 3826 1422 3894 τῆς
1452 3827 1751 3897 ἁμαρτίας,
1785 3829 1874 3882 καὶ

185 3918 371 3987 ὀλίγῳ
429 3915 646 3986 δακρύῳ
689 3913 1008 3966 σϐέννυται·
1064 3911 1126 3963 τὸ
1171 3912 1280 3981 γὰρ
1329 3913 1568 3984 δάκρυον
1621 3913 1873 3969 σϐέννυσι

186 4005 480 4075 πυρκαϊάν
508 4004 942 4074 ἁμαρτημάτων,
963 4001 1056 4055 καὶ
1084 4000 1381 4054 ἀποπλύνει
1408 4001 1672 4055 δυσωδίαν
1699 4005 1874 4076 ἁμαρ-

183 4095 341 4156 τίας.
371 4095 662 4163 Μαρτυρεῖ
691 4089 851 4144 Δαυῖδ
884 4093 912 4143 6
951 4089 1216 4161 μακάριος
1248 4088 1442 4156 λέγων,
1478 4091 1572 4142 καὶ
1607 4090 1864 4144 δεικνύων

182 4182 295 4252 τὴν
329 4179 561 4248 δύναμιν
610 4178 719 4231 τῶν
761 4176 1014 4248 δακρύων
1056 4177 1176 4229 ὅσον
1226 4175 1427 4244 ἰσχύει·
1472 4178 1686 4230 Λούσω
1737 4177 1863 4247 γὰρ,

183 4273 356 4343 φησὶ,
388 4270 519 4322 καθ’
568 4268 838 4334 ἑκάστην
873 4269 1065 4320 νύκτα
1096 4266 1208 4334 τὴν
1239 4268 1456 4332 κλίνην
1481 4285 1622 4335 μου,
1660 4268 1729 4320 ὲν
1761 4269 1864 4320 δά-

180 4359 381 4430 κρυσί
420 4375 541 4426 μου
589 4356 702 4421 τὴν
741 4356 1061 4424 στρωμνήν
1103 4373 1220 4424 μου
1265 4356 1482 4422 βρέξω.
1520 4357 1630 4409 Καὶ
1665 4357 1773 4428 μὴν
1817 4361 1865 4411 εί

179 4451 293 4519 τὴν
338 4442 602 4512 ἀφθονίαν
640 4441 891 4494 ἐϐούλετο
921 4443 1092 4508 δεῖξαι
1135 4442 1243 4495 τῶν
1287 4441 1564 4512 δακρύων,
1615 4445 1772 4514 ἤρκει
1805 4447 1863 4498 τὸ

177 4537 370 4591 εἰπεῖν
387 4549 402 4564 ·
451 4533 554 4584 Ἑν
579 4527 840 4595 δάκρυσί
855 4547 978 4596 μου
1019 4530 1134 4597 τὴν
1157 4530 1478 4599 στρωμνήν
1496 4549 1616 4600 μου
1639 4531 1856 4598 βρέξω.

175 4621 291 4677 Διά
319 4619 372 4670 τί
398 4612 491 4669 οῦν
523 4612 783 4684 προέταξε
807 4614 890 4679 τὸ,
924 4617 1174 4677 Λούσω;
1210 4617 1324 4669 Ἵνα
1354 4617 1496 4685 δείξῃ
1529 4619 1608 4670 ὅτι
1633 4617 1859 4690 λουτρόν

174 4713 307 4764 ἐστι
335 4703 434 4757 καὶ
457 4701 754 4771 καθάρσιον
780 4701 1193 4770 ἁμαρτημάτων
1217 4703 1286 4756 τὰ
1311 4703 1541 4776 δάκρυα.

255 4797 337 4856 ς’.
371 4785 598 4840 Πάντων
629 4783 736 4837 τῶν
769 4783 955 4836 κακῶν
985 4784 1132 4836 αἴτια
1155 4787 1222 4839 τὰ
1243 4788 1636 4858 ἁμαρτήματα.
1662 4790 1757 4841 Διά
1793 4791 1859 4843 τὰ

170 4875 570 4952 ἁμαρτήματα
623 4868 813 4935 λῦπαι,
847 4868 936 4922 διά
960 4869 1030 4921 τὰ
1072 4871 1446 4944 ἁμαρτήματα
1480 4876 1736 4946 ταραχαὶ,
1773 4877 1860 4930 διά

166 4968 246 5022 τὰ
274 4959 658 5033 ἁμαρτήματα
687 4957 930 5028 πόλεμοι,
963 4956 1050 5008 διὰ
1077 4958 1146 5010 τὰ
1176 4959 1548 5032 ἁμαρτήματα
1569 4962 1730 5023 νόσοι,
1765 4965 1858 5018 καὶ

166 5055 368 5109 πάντα
401 5048 503 5098 ὅσα
537 5047 668 5114 ἡμῖν
693 5044 1018 5117 προσπίπτει
1056 5043 1282 5099 δυσίατα
1329 5049 1497 5119 πάθη.
1527 5050 1736 5120 ’Ὥσπερ
1766 5049 1860 5106 οῦν

164 5145 222 5199 οἰ
249 5141 476 5210 ἄριστοι
512 5131 620 5184 τῶν
650 5131 849 5201 ἰατρῶν
875 5132 936 5184 οὑ
967 5130 1031 5184 τὰ
1055 5131 1354 5199 φαινόμενα
1389 5135 1537 5205 πάθη
1574 5136 1858 5201 ἐξετάζοι).

166 5246 292 5292 σιν,
317 5220 456 5279 ἀλλά
482 5219 578 5288 τὴν
599 5220 775 5271 αἰτίαν
800 5219 908 5272 τῶν
940 5218 1274 5287 φαινομένων
1302 5221 1653 5292 ἐπιζητοῦσιν
1674 5242 1686 5255 ·
1714 5225 1854 5278 οὕτω

163 5319 279 5374 καὶ
313 5316 345 5368 6
367 5307 556 5377 Σωτὴρ
587 5305 905 5376 βουλόμενος
932 5306 1098 5372 δεῖξαι
1132 5303 1350 5357 πάντων
1381 5307 1490 5358 τῶν
1524 5311 1715 5364 κακῶν
1749 5313 1856 5366 τῶν

159 5412 231 5463 ἐν
267 5396 583 5470 ἀνθρώποις
618 5393 797 5445 αἰτίαν
837 5395 936 5464 τὴν
966 5393 1256 5464 ἁμαρτίαν,
1281 5394 1416 5462 φησὶ
1441 5395 1520 5464 τῷ
1547 5401 1858 5468 παραλελυ-

163 5495 338 5565 μένῳ
361 5485 425 5539 16
452 5481 607 5550 σῶμα
630 5495 646 5565 ·
673 5479 861 5565 ἐπειδὴ
895 5476 1034 5533 εἶδεν
1064 5479 1223 5534 αὐτὸν
1249 5480 1277 5531 6
1305 5480 1489 5549 ἰατρὸς
1523 5483 1634 5533 τῶν
1666 5487 1856 5554 ψυχῶν

159 5564 456 5652 ⁸,πρότερον
481 5566 586 5652 τὴν
621 5564 798 5652 ψυχὴν
818 5567 1246 5652 γπαραλυθέντα,
1278 5569 1372 5621 καὶ
1416 5569 1534 5622 τότε
1566 5568 1627 5620 16
1670 5572 1852 5641 σῶμα,

155 5649 337 5732 λέγει
366 5655 504 5728 πρὸς
533 5649 716 5704 αὐτόν’
748 5650 889 5714 Ἴδεω
915 5652 1092 5720 ὑγιὴς
1116 5653 1387 5724 γέγονας,
1423 5654 1634 5719 μηκέτι
1671 5655 1858 5724 ἀμάρ.

154 5765 350 5809 tare,
382 5747 484 5798 ἵνα
507 5739 588 5810 μὴ
619 5735 820 5807 χεῖρόν
854 5738 912 5790 τί
940 5756 1040 5793 σοι
1069 5741 1330 5809 γένηται.
1367 5738 1573 5793 Οὐκοῦν
1618 5742 1713 5794 καὶ
1750 5744 1852 5813 τῆς

153 5830 568 5910 προλαϐούσης
616 5824 923 5895 ἀρρωστίας
970 5828 1142 5881 αἴτιον
1183 5831 1216 5900 ἡ
1263 5828 1530 5902 ἁμαρτία·
1564 5827 1723 5882 τοῦτο
1752 5832 1851 5884 καὶ

155 5924 392 5995 ζημίας
430 5919 624 5973 αἴτιον·
655 5910 812 5966 τοῦτο
853 5912 946 5966 καὶ
981 5911 1178 5986 λύπης,
1230 5917 1389 5972 τοῦτο
1432 5917 1526 5972 καὶ
1560 5919 1849 5990 συμφορᾶς

1410 503 1498 557 DE
1535 502 2002 561 PCENITENTIA.
2048 503 2280 561 HOMIL.
2321 503 2434 564 VII.

3570 512 3673 568 33'»!

2012 617 2228 690 ἀπάσης
2261 619 2517 684 ὑπόθεσις
2564 620 2792 689 γίνεται.
2841 620 2987 692 Πλὴν
3021 620 3285 692 θαυμάζω
3332 625 3522 689 ἐκεῖνο,
3555 626 3674 691 πῶς

2007 705 2103 777 τὴν
2135 705 2312 777 λύπην
2335 707 2430 760 ἀπ’
2464 707 2638 779 ἀρχῆς
2674 706 2754 777 τῷ
2777 707 3049 780 ἀνθρώπῳ
3079 707 3204 772 δοὺς
3236 709 3264 760 6
3292 707 3424 774 Θεὸς
3455 710 3541 765 διά
3571 713 3673 785 τὴν

2007 791 2282 864 ἁμαρτίαν
2313 795 2379 862 τῇ
2407 792 2678 862 ἀποφάσει
2702 793 2800 865 τὴν
2823 795 3098 864 ἀπόφασιν
3124 794 3262 859 λύει,
3295 795 3390 848 καὶ⁵
3419 798 3484 867 τῇ
3513 815 3673 853 καταρ-

2003 878 2128 952 δίκῃ
2159 879 2257 949 τὴν
2295 880 2595 952 καταδίκην
2630 881 2914 935 ἐκϐάλλει·
2940 883 3034 936 καὶ
3055 885 3223 948 ὅπως,
3257 883 3448 937 ἄκουε.
3485 884 3668 958 Ἐδόθη

2002 965 2146 1038 λύπη
2167 966 2257 1019 διὰ
2279 967 2376 1037 τὴν
2405 968 2701 1039 ἁμαρτίαν,
2735 970 2829 1022 καὶ
2869 968 2956 1022 διὰ
2986 969 3162 1040 λύπης
3190 969 3376 1022 λύεται
3405 971 3668 1040 ἁμαρτία.

2001 1052 2242 1124 Πρόσεχε
2274 1053 2514 1123 ἀκριϐῶς
2534 1071 2549 1086 ·
2577 1057 2644 1126 τῇ
2674 1055 2895 1125 γυναικὶ
2926 1055 3164 1108 ἀπειλῶν
3192 1058 3220 1110 6
3255 1056 3407 1120 Θεὸς,
3458 1057 3554 1111 καὶ
3581 1056 3670 1112 διὰ

1999 1139 2099 1209 τὴν
2122 1139 2436 1210 παράϐασιν
2461 1141 2557 1212 τὴν
2582 1143 2855 1214 τιμωρίαν
2878 1143 3120 1211 ἐπάγων,
3145 1142 3279 1212 φησὶ
3303 1143 3439 1213 πρὸς
3461 1144 3632 1214 αὐτήν
3650 1160 3668 1178 ·

2013 1225 2110 1276 Ἐν
2131 1227 2358 1291 λύπαις
2385 1227 2524 1295 τέξῃ
2549 1227 2758 1282 τέκνα·
2792 1230 2887 1282 καὶ
2915 1229 3084 1295 ἔδειξε
3120 1231 3331 1300 καρπὸν
3358 1231 3456 1301 τῆς
3492 1233 3672 1302 ἁμαρ-

1998 1311 2141 1375 τίας,
2178 1312 2278 1382 τὴν
2320 1311 2495 1383 λύπην
2518 1330 2531 1343 ·
2576 1315 2674 1366 ἀλλ
2699 1356 2713 1379 ,
2745 1315 2790 1367 ὢ
2827 1315 2921 1368 τοῦ
2953 1316 3365 1388 μεγαλοδώρουί
3406 1318 3434 1369 6
3472 1317 3670 1372 ἐδωκεν

2000 1399 2081 1460 εἰς
2105 1399 2398 1468 τιμωρίαν,
2439 1400 2730 1468 μετέϐαλεν
2757 1403 2836 1462 εἰς
2861 1404 3154 1472 σωτηρίαν.
3185 1405 3457 1475 Ἀμαρτία
3492 1403 3670 1474 λύπην

2000 1484 2290 1554 ἐγέννησε·
2340 1485 2484 1555 λύπη
2536 1487 2636 1556 τὴν
2685 1487 2961 1558 ἁμαρτίαν
3012 1489 3288 1551 ἀνάλωσε,
3331 1492 3427 1544 καὶ
3480 1490 3668 1561 ῶσπερ

2001 1569 2218 1641 σκώληξ
2266 1573 2375 1626 ἀπὸ
2419 1573 2514 1627 τοῦ
2543 1573 2702 1638 ξύλου
2757 1575 3112 1643 τικτόμενος,
3161 1576 3294 1628 αὐτὸ
3340 1577 3552 1647 δαπανᾷ
3607 1578 3671 1630 16

1999 1655 2154 1721 ξύλον
2175 1675 2188 1685 ·
2222 1658 2368 1712 οὕτω
2398 1661 2492 1713 καὶ⁵
2522 1663 2554 1732 ἡ
2611 1664 2754 1732 λύπη
2801 1662 3054 1731 τεχθείσα
3080 1661 3188 1715 ἀπὸ
3224 1662 3323 1732 τῆς
3369 1663 3666 1732 ἁμαρτίας,

1997 1744 2282 1798 ἀναλίσκει
2332 1748 2431 1817 τὴν
2469 1749 2762 1818 ἁμαρτίαν,
2802 1749 2888 1801 διὰ
2919 1749 3019 1818 τῆς
3064 1749 3353 1820 μετανοίας
3400 1765 3671 1819 προσαγο-

2002 1829 2160 1899 μένη.
2190 1831 2286 1882 Διά
2319 1831 2476 1885 τοῦτό
2505 1850 2668 1902 φησιν
2699 1836 2727 1886 6
2764 1835 2976 1896 Παῦλος
2995 1849 3010 1865 ⁸
3055 1837 3124 1889 Ἠ
3151 1837 3303 1889 κατὰ
3329 1835 3481 1889 Θεὸν
3499 1837 3666 1903 λύπη
3723 1822 3728 1826 ⁵

1993 1916 2316 1984 μετάνοιαν
2372 1921 2458 1981 εὶς
2492 1922 2795 1985 σωτηρίαν
2835 1922 3282 1988 ἀμεταμέλητον
3309 1922 3461 1993 [336]
3504 1924 3669 1992 ἐργά-

1998 2002 2170 2063 ζεται.
2199 2003 2354 2072 Καλὴ
2386 2006 2418 2074 ἠ
2449 2004 2592 2074 λύπη
2636 2007 2751 2066 τοῖς
2777 2006 3014 2072 γνησίως
3069 2008 3393 2076 μετανοοῦσι
3415 2023 3427 2036 ·
3467 2009 3665 2078 πρέπει

1995 2094 2108 2152 τοῖς
2140 2091 2511 2160 ἁμαρτάνουσι
2537 2091 2591 2144 :6
2615 2092 2755 2162 ὑπὲρ
2777 2096 2876 2162 τῆς
2904 2094 3174 2163 ἁμαρτίας
3209 2095 3402 2158 πένθος
3423 2113 3436 2127 ·
3461 2098 3663 2150 Μακὰ-

1988 2194 2108 2242 ριοι
2131 2179 2239 2244 γὰρ
2265 2181 2317 2229 οἱ
2350 2177 2732 2244 πενθοῦντες,
2755 2179 2843 2231 ὅτι
2870 2181 3040 2232 αὐτοί
3069 2183 3660 2249 παρακληθήσονται.

1996 2261 2274 2332 Πένθησον
2307 2263 2406 2331 τὴν
2451 2264 2744 2333 ἁμαρτίαν,
2795 2266 2880 2316 ἱνα
2916 2266 2990 2336 μὴ
3037 2265 3314 2341 θρηνήσῃς
3353 2269 3453 2339 τὴν
3497 2287 3665 2340 τιμω-

1995 2348 2152 2419 ρίαν·
2184 2349 2522 2418 ἀπολόγησαι
2562 2349 2640 2418 τῷ
2667 2354 2848 2420 κριτῇ,
2885 2354 3014 2421 πρὶν
3066 2352 3226 2424 ἔλθῃς
3256 2355 3334 2416 εἰς
3368 2355 3427 2406 τὸ
3470 2358 3663 2426 κριτήιο

1996 2452 2126 2504 ριον.
2163 2437 2232 2488 Ἦ
2267 2436 2365 2488 οὐκ
2394 2432 2560 2498 οἶδας,
2589 2437 2668 2488 ὃτι
2700 2438 2897 2498 πάντες
2929 2440 2976 2490 οἰ
3003 2437 3315 2509 βουλόμενοι
3345 2440 3662 2510 δυσωπῆσαι

1989 2522 2080 2574 τὸν
2135 2522 2360 2593 κριτὴν,
2411 2524 2510 2575 οῦκ
2545 2525 2602 2576 ἐν
2650 2524 2786 2593 αὐτῇ
2836 2527 2900 2594 τῇ
2940 2525 3124 2578 ἐτάσει
3153 2527 3252 2595 τῆς
3291 2527 3447 2598 δίκης
3494 2528 3660 2599 θεραο

1992 2607 2269 2671 πεύουσιν,
2309 2607 2446 2660 ἀλλά
2484 2609 2613 2678 πρὶν
2653 2607 2915 2661 εἰσελθεῖν
2955 2612 3036 2673 εἰς
3076 2610 3138 2662 τὸ
3166 2613 3474 2685 κριτήριον,
3505 2617 3538 2683 ἢ
3570 2614 3661 2668 δεὰ

1992 2693 2184 2763 φίλων,
2217 2693 2363 2765 ἢδιὰ
2385 2694 2728 2764 προστατῶν,
2763 2695 2794 2764 ἢ
2826 2695 2890 2746 δι’
2931 2697 3119 2765 ἐτέρου
3159 2698 3363 2768 τρόπου
3394 2698 3536 2761 τινὸς
3568 2702 3660 2756 τὸν

1989 2780 2253 2850 δικαστὴν
2304 2779 2734 2850 θεραπεύουσιν;
2769 2781 2977 2834 Οὐκοῦν
3023 2783 3118 2835 καὶ
3162 2785 3254 2836 ἐπὶ
3305 2784 3400 2837 τοῦ
3431 2785 3564 2838 Θεοῦ
3601 2791 3659 2840 ἐν

1988 2867 2065 2938 τῷ
2095 2867 2272 2938 καιρῷ
2305 2867 2397 2921 τοῦ
2441 2867 2685 2938 βήματος
2719 2868 2819 2921 ούκ
2851 2868 2966 2921 ἐστι
3011 2872 3196 2923 πεῖσαι
3240 2871 3332 2923 τὸν
3361 2872 3621 2944 δικαστήν
3644 2892 3656 2905 ·

1989 2955 2094 3026 πρὸ
2119 2955 2175 3007 δὲ
2202 2953 2295 3007 τοῦ
2333 2954 2524 3024 καιροῦ
2558 2957 2657 3024 τῆς
2687 2955 2922 3025 κρίσεως
2954 2955 3179 3009 δυνατὸν
3217 2956 3536 3028 δυσωπῆσαι
3563 2961 3658 3013 τὸν

1989 3043 2197 3110 κριτήν.
2225 3041 2421 3110 Διόπερ
2449 3041 2631 3106 ἔλεγεν
2653 3044 2680 3093 ὁ
2701 3042 2860 3092 Δαυῖδ
2882 3062 2890 3070 ·
2917 3043 3364 3112 Προφθὰσωμεν
3389 3045 3454 3097 τὸ
3476 3048 3658 3113 πρὸσ.

1986 3144 2149 3179 ωπον
2177 3127 2360 3179 αὑτοῦ
2383 3127 2453 3178 ἐν
2482 3126 2938 3195 ἐξομολογήσει.
2975 3128 3121 3180 Ἑκεί
3142 3129 3232 3181 τὸν
3267 3131 3440 3198 μέγαν
3466 3133 3656 3204 κριτὴν
3710 3154 3712 3157 ·

1983 3215 2044 3265 ού
2098 3211 2520 3282 παραλογίζεται
2578 3213 2820 3281 ρητόρων
2867 3213 3068 3284 τέχνη·
3103 3215 3165 3266 ού
3205 3214 3444 3268 δυσωπεῖ
3493 3217 3655 3271 δυνα-

1985 3299 2166 3351 στεία·
2209 3297 2481 3368 ἀξιώματι
2526 3300 2584 3349 οῦ
2619 3299 2890 3352 πείθεται·
2926 3301 3216 3370 πρόσωπον
3263 3303 3364 3354 οὐκ
3409 3304 3657 3372 αἰσχύνε-

1979 3403 2104 3438 ται·
2136 3387 2414 3455 χρήμασιν
2448 3386 2510 3437 ού
2553 3386 2950 3456 διαφθείρεται,
2989 3387 3123 3441 ἁλλὰ
3153 3387 3362 3458 φοϐερά
3399 3393 3517 3443 ἐστι
3559 3396 3656 3448 καὶ

1979 3473 2330 3542 ἀδυσώπητος
2361 3473 2394 3542 ἡ
2421 3472 2806 3542 δικαιοκρισία.

2065 3557 2330 3612 Ἐνταῦθα
2356 3571 2382 3598 ει
2416 3555 2509 3611 οὖν
2535 3557 2628 3610 τὸν
2661 3560 2856 3629 κριτὴν
2879 3559 3309 3630 δυσωπήσωμεν,
3348 3565 3442 3616 καὶ
3475 3582 3654 3635 παρα-

1983 3647 2334 3717 καλέσωμεν·
2395 3646 2628 3699 ἐνταῦθα
2687 3647 2854 3699 παντὶ
2914 3648 3089 3701 σθένει
3142 3648 3655 3722 καθικετεύσωμεν,

1981 3732 2094 3787 ἀλλ’
2140 3736 2198 3788 οὐ
2248 3735 2528 3806 χρήμασι·
2582 3734 2784 3804 μᾶλλον
2823 3735 2901 3798 δὲ,
2961 3737 3011 3788 εἰ
3054 3735 3158 3807 χρὴ
3201 3736 3408 3808 τάληθῆ
3449 3739 3652 3807 λέγειν,

1983 3824 2228 3878 πείθεται
2257 3825 2352 3876 καὶ
2397 3823 2672 3893 χρήμασιν
2704 3825 2732 3874 6
2760 3821 3157 3892 φιλάνθρωπος,
3185 3825 3285 3878 ούκ
3317 3826 3479 3890 αὐτὸς
3501 3827 3653 3897 δεχό-

1984 3930 2164 3983 μενος,
2193 3911 2328 3964 ἁλλά
2360 3911 2446 3962 διὰ
2473 3910 2581 3962 τῶν
2623 3913 2890 3980 πενήτων.
2925 3910 3023 3973 Δὸς
3052 3912 3333 3981 πενομένῳ
3370 3917 3650 3984 χρήματα,

1980 3999 2184 4052 καὶτὸν
2207 3996 2400 4068 κριτὴν
2425 3995 2804 4065 ἐδυσώπησας.
2829 3996 3016 4049 Ταῦτα
3035 3997 3091 4049 δέ
3120 3997 3263 4066 λέγω
3281 4000 3651 4070 οἰκειούμενος

1979 4087 2144 4154 ὑμᾶς,
2175 4082 2362 4153 ἐπειδὴ
2418 4083 2678 4153 μετάνοια
2711 4083 2868 4147 ἐκτὸς
2911 4083 3280 4156 ἐλεημοσύνης
3326 4088 3496 4158 νεκρά
3529 4091 3651 4144 ἐστι

1976 4171 2070 4223 καὶ
2121 4170 2394 4237 ἄπτερος·
2444 4170 2505 4222 ού
2559 4167 2782 4222 δύναται
2836 4171 3095 4240 μετάνοια
3141 4173 3530 4244 πτερωθῆναι,
3573 4177 3649 4247 μὴ

1973 4257 2174 4324 ἔχουσα
2208 4255 2411 4323 πτερὸν
2446 4254 2840 4324 ἐλεημοσύνης.
2866 4257 2963 4308 Δια
2985 4256 3144 4310 τοῦτο
3168 4257 3244 4327 τῷ
3268 4259 3446 4323 καλῶς
3481 4278 3649 4330 μετα-

1973 4345 2225 4412 νοήσαντι
2246 4341 2531 4410 Κορνηλίῳ
2553 4342 2749 4411 πτερὸν
2774 4343 2990 4409 ἐγένετο
3018 4344 3115 4412 τῆς
3137 4344 3417 4408 εὐσεϐείας
3445 4349 3477 4416 η
3500 4347 3650 4417 ἐλεη-

1975 4429 2212 4500 μοσύνη·
2241 4431 2309 4481 Al
2333 4429 2736 4495 ἐλεημοσύναι
2767 4443 2884 4481 σου
2905 4429 3035 4501 γὰρ,
3068 4431 3221 4498 φησὶ,
3254 4432 3355 4484 καὶ
3380 4437 3440 4485 al
3461 4451 3648 4501 προσ-

1968 4514 2145 4583 ευχαί
2191 4529 2308 4567 σου
2357 4517 2443 4579 εὶς
2491 4516 2752 4582 οὐρανὸν
2801 4514 3131 4581 ἀνέϐησαν.
3183 4517 3270 4580 Ὠς
3303 4519 3352 4570 εἰ
3404 4519 3479 4589 μὴ
3530 4517 3644 4591 εἶχε

1969 4602 2170 4672 πτερὸν
2197 4601 2294 4671 τὴν
2326 4601 2693 4672 ἐλεημοσύνην
2726 4605 2759 4672 ἡ
2795 4605 3076 4671 μετάνοια,
3111 4604 3210 4656 ούκ
3257 4605 3323 4658 ἂν
3375 4607 3454 4670 εἰς
3487 4608 3645 4678 ούρα-

1967 4690 2057 4742 νδν
2101 4689 2399 4759 ἐχώρησεν.
2443 4689 2736 4759 Ἀνέῳκται
2765 4686 2856 4743 οῦν
2898 4693 3139 4761 σήμερον
3173 4694 3463 4762 ἐμπορείον
3496 4695 3644 4767 ἐλεη-

1973 4778 2212 4847 μοσύνης
2233 4795 2244 4807 ·
2291 4777 2508 4846 δρῶμεν
2543 4780 2650 4846 γάρ
2682 4779 2805 4839 τοὺς
2837 4778 3217 4846 αἰχμαλώτους
3252 4781 3344 4831 καὶ
3377 4781 3504 4843 τοὺς
3537 4784 3638 4836 πέ-

1968 4882 2168 4933 νητας.
2205 4863 2419 4932 ὁρῶμεν
2447 4865 2568 4925 τοὺς
2595 4866 2652 4916 ἐν
2681 4865 2851 4932 ἀγορᾷ
2901 4865 3387 4933 περιφερομένους,
3421 4868 3637 4938 ὁρῶμεν

1966 4954 2091 5016 τοὺς
2142 4952 2395 5021 βοῶντας,
2439 4950 2654 5020 ὁρῶμεν
2684 4951 2809 5010 τοὺς
2847 4948 3201 5019 δακρύοντας,
3247 4952 3466 5022 ὁρῶμεν
3511 4957 3636 5019 τοὶ-ς

1970 5040 2251 5099 στένοντας
2277 5055 2288 5068 ·
2321 5039 2626 5105 πανήγυρις
2657 5037 2791 5104 ἡμῖν
2817 5037 3100 5104 πρόκειται
3131 5039 3442 5110 θαυμαστὴ,
3473 5058 3637 5112 πανη-

1964 5125 2244 5196 γύρεωςδέ
2268 5124 2418 5176 οὐδὲν
2436 5123 2624 5192 ἕτερόν
2649 5125 2795 5175 ἐστιν
2823 5124 3169 5195 ἐπάγγελμα,
3195 5129 3286 5180 καὶ
3307 5130 3383 5199 τῷ
3406 5132 3634 5204 ἐμπόρῳ

1963 5212 2114 5265 οὐδὲν
2157 5211 2344 5281 ἕτερόν
2391 5213 2506 5264 ἐστι
2543 5211 2818 5282 φρόνημα.
2857 5212 2890 5282 ἢ
2924 5214 2989 5264 τὰ
3038 5215 3094 5265 ἐν
3143 5217 3256 5276 τοῖς
3301 5215 3481 5280 ὠνίοις
3527 5220 3633 5272 ὀλί-

1962 5316 2058 5367 γου
2087 5299 2184 5368 μὲν
2207 5300 2497 5368 ἀγοράσαι,
2548 5299 2741 5352 πολλοῦ
2768 5299 2824 5351 δέ
2857 5299 3127 5367 πωλῆσαι.
3172 5303 3283 5369 Οὐχ
3329 5294 3485 5368 οὗτος
3518 5310 3628 5361 τῶν

1962 5385 2219 5454 ἐμπόρων
2265 5387 2498 5438 ἑκάστου
2528 5388 2556 5438 6
2586 5385 2816 5449 σκοπός;
2852 5385 2924 5454 μὴ
2979 5384 3046 5436 δι’
3087 5385 3274 5456 ἕτερόν
3311 5405 3363 5440 τι
3411 5391 3632 5448 ἐπιϐάλ-

1962 5472 2114 5526 λεταί
2153 5489 2236 5533 τις
2278 5477 2344 5544 τῇ
2387 5473 2645 5544 ἐμπορίᾳ,
2679 5473 2711 5543 ἦ
2749 5473 2834 5525 ἵνα
2873 5471 2940 5523 τά
2983 5473 3178 5542 μικροῦ
3211 5477 3495 5548 ἐωνημένα
3529 5499 3629 5551 με-

1963 5561 2130 5630 γάλου
2178 5560 2495 5632 διαπωλήσῃ
2518 5601 2532 5620 ,
2573 5562 2666 5613 καὶ
2699 5561 2808 5630 ἄρῃ
2842 5559 3424 5635 πολυπλασιαζομένην
3476 5570 3627 5642 αὐτῷ

1960 5649 2059 5719 τὴν
2087 5649 2386 5718 ἐμπορίαν;
2414 5649 2680 5717 Τοιαύτη-κ
2705 5644 2796 5699 οῦν
2825 5650 3132 5719 πανήγυριν
3165 5652 3472 5724 προέθηκεν
3494 5659 3625 5728 ἡμῖν

1959 5738 1986 5788 6
2017 5736 2179 5798 Θεός·
2217 5737 2397 5802 ὀλίγου
2427 5736 2528 5798 τὰς
2571 5737 2915 5800 δικαιοσύνας
2957 5737 3266 5809 ἀγόρασον,
3311 5741 3396 5794 ἵνα
3427 5743 3626 5801 πολλοῦ

1960 5821 2356 5894 μεταπωλήσῃς
2385 5824 2441 5875 ἐν
2460 5825 2537 5891 τῷ
2575 5824 2852 5892 μέλλοντι·
2887 5827 2938 5880 εί
2965 5843 3027 5896 γε
3064 5826 3145 5881 δεῖ
3179 5829 3520 5899 μετάπρασιν
3549 5833 3624 5883 εί-

2021 5927 2050 5958 ·
2074 5925 2210 5978 Unus
2233 5925 2356 5990 Reg.
2383 5925 2586 5975 ἐντεῦθεν
2615 5927 2704 5978 bis.
