4406 6696
745 393 852 450 533

751 511 872 598 πεῖν
903 509 1001 582 τὴν
1037 512 1411 572 ἀνταπόδοσιν.
1459 518 1820 592 Ἐνταῦθαβΰ
1847 523 2046 594 ὀλίγων
2080 528 2408 598 ἀγοράζεται

749 595 1086 681 δικαιοσύνη,
1115 601 1184 654 δι’
1216 602 1464 666 εὐτελοῦς
1509 605 1822 678 κλάσματος
1850 611 2040 681 ἄρτου,
2068 595 2138 667 δι⁴
2170 595 2415 678 εὐτελοῦς

751 679 992 766 ἱματίου,
1032 681 1119 766 διά
1139 683 1408 766 ποτηρίου
1450 685 1657 758 ψυχροῦ
1685 707 1698 721 ·
1741 693 1847 756 ⁸ος
1879 679 2104 765 ποτίσῃ
2135 697 2418 766 ποτήριον

749 763 1016 851 ψυχροῦ,
1044 765 1206 834 ἀμὴν
1245 767 1401 836 λέγω
1434 770 1596 838 ὑμῖν,
1635 773 1800 842 φησὶν
1831 775 1860 825 6
1903 777 2005 846 τῆς
2039 763 2419 851 πνευματικῆς

751 849 1028 936 ἐμπορίας
1079 851 1397 919 διδάσκαλος
1423 895 1439 920 ,
1491 859 1566 911 οὐ
1611 858 1698 928 μὴ
1737 862 2016 932 ἀπολέσῃ
2051 865 2159 919 τὸν
2183 849 2420 936 ’μισθὸν

749 935 957 1022 αὑτοῦ.
979 937 1244 1008 Ποτήριον
1267 938 1479 1011 ψυχροῦ
1503 942 1788 1015 ἔμμισθον,
1825 947 2018 1016 ἱμάτια
2047 952 2141 1004 καὶ
2162 935 2421 1022 χρήματα

749 1020 1000 1110 διδόμενα
1044 1023 1113 1076 δι’
1147 1025 1471 1097 εὐεργεσίαν
1509 1031 1609 1084 οὐκ
1648 1031 1922 1103 ἔμμισθα;
1969 1020 2293 1092 Τοὺναντίον
2323 1041 2421 1110 μὲν

749 1101 837 1160 οὖν
878 1109 978 1162 καὶ
1013 1110 1345 1180 πολύμισθα.
1379 1116 1479 1169 Διά
1510 1117 1562 1169 τί
1597 1101 1691 1171 οῦν
1727 1101 1996 1192 ποτήριον
2037 1101 2418 1193 ἐμνημόνευσε

749 1194 991 1267 ψυχροῦς
1035 1199 1333 1255 ’Δδάπανον
1371 1200 1521 1258 εἷπεν
1548 1207 1920 1280 ἐλεημοσύνην
1943 1226 1957 1240 ο
1985 1210 2064 1279 τῷ
2093 1212 2200 1282 γάρ
2223 1211 2420 1282 ψυχρῷ

747 1283 871 1336 οὑτε
903 1283 1057 1348 ξύλον
1094 1287 1427 1354 ἀναλίσκεις,
1459 1291 1581 1346 οὕτε
1613 1294 1801 1367 ἕτερόν
1831 1314 1880 1349 τι
1912 1297 2324 1368 προσδαπανᾷς.
2354 1298 2417 1349 Εἰ

745 1369 793 1424 6'
829 1372 964 1427 ὅπου
1006 1373 1278 1440 ἀδάπανος
1317 1380 1350 1448 ἡ
1399 1379 1567 1444 δόσις,
1606 1383 1840 1444 τοσαύτη
1874 1383 1972 1454 τῆς
2015 1385 2333 1456 εὐεργεσίας
2382 1386 2416 1456 ἡ

749 1457 930 1529 χάρις,
971 1459 1100 1514 ἔνθα
1134 1464 1365 1532 ἱματίων
1411 1467 1661 1534 ἀφθονία,
1711 1468 1862 1541 [557]
1916 1471 2214 1541 χρημάτων
2252 1487 2419 1542 χορη-

749 1544 865 1613 γία,
897 1545 1006 1599 τῶν
1041 1547 1217 1602 ἄλλων
1249 1551 1471 1618 ἀγαθῶν
1499 1555 1531 1622 ἡ
1565 1555 1850 1623 περιουσία
1872 1597 1888 1621 ,
1924 1558 2087 1610 πόσον
2129 1557 2421 1626 ἀπεκδέχε-

749 1632 873 1687 σθαι
904 1634 1012 1705 χρὴ
1042 1637 1235 1705 μισθὸν
1267 1640 1419 1709 παρὰ
1451 1640 1546 1692 τοῦ
1571 1641 1782 1713 δικαίου
1806 1645 2030 1715 κριτοῦ;
2075 1647 2162 1698 Ἐν
2186 1647 2294 1715 ὅσῳ
2327 1641 2419 1698 οὖν

747 1720 1064 1792 πρόκεινται
1114 1725 1168 1776 αἱ
1213 1724 1406 1793 ἀρεταὶ
1451 1727 1635 1795 ὀλίγου
1688 1730 2071 1802 πωλούμεναι,
2125 1731 2279 1804 παρά
2323 1731 2417 1784 τοῦ

749 1807 1134 1879 μεγαλοδώρου
1182 1809 1460 1881 λάϐωμεν,
1505 1815 1860 1886 ἀρπάσωμεν,
1922 1818 2303 1888 ἀγοράσωμεν.
2353 1820 2417 1871 οι

745 1893 1040 1962 διψῶντες
1061 1935 1077 1958 ,
1117 1897 1271 1967 φησὶ,
1305 1901 1633 1966 πορεύεσθε
1669 1902 1762 1969 ἐφ’
1795 1902 1981 1969 ὕδωρ,
2026 1904 2125 1957 καὶ
2167 1905 2301 1958 ὅσοι
2328 1904 2415 1974 μὴ

744 1979 914 2048 ἔχετε
962 1983 1264 2051 ἀργύριον,
1311 1985 1682 2052 βαδίσαντες
1747 1987 2102 2056 ἀγοράσατε.
2172 1992 2264 2045 Ἐν
2307 1993 2419 2063 ὅσῳ

745 2070 1034 2138 πρόκειται
1061 2071 1094 2140 ἡ
1118 2073 1446 2142 πανήγυρις,
1476 2073 1836 2145 ἀγοράσωμεν
1863 2076 2255 2145 ἐλεημοσύνας,
2284 2079 2420 2148 μᾶλ-

744 2151 836 2206 λον
864 2153 921 2207 δὲ
954 2153 1040 2207 διὰ
1064 2154 1166 2224 τῆς
1191 2155 1561 2229 ὲλεημοσύνης
1587 2161 1952 2233 ἀγοράσωμεν
1983 2164 2084 2233 τὴν
2121 2165 2420 2236 σωτηρίαν.

749 2239 985 2311 Χριστὸν
1019 2241 1224 2305 ὲνδύεις
1245 2285 1259 2308 ,
1308 2245 1526 2314 πτωχὸν
1562 2246 1783 2302 ὲνδύων.
1827 2247 2012 2301 Ταῦτα
2033 2290 2048 2314 ,
2079 2251 2263 2319 φησιν,
2304 2247 2420 2304 οἶδα

745 2325 929 2390 καλῶς
955 2328 1051 2380 καὶ
1075 2327 1346 2397 ἀκριϐῶς·
1377 2332 1549 2383 ταῦτα
1577 2333 2002 2403 προμεμάθηκα,
2026 2335 2086 2387 οὑ
2115 2336 2179 2388 σὺ
2205 2335 2421 2404 πρῶτος

744 2411 993 2476 ὶδίδαξας
1015 2428 1030 2442 ο
1078 2414 1140 2465 οὑ
1192 2413 1347 2484 παρά
1375 2415 1470 2468 σοῦ
1514 2417 1673 2470 τοῦτο
1720 2418 1936 2486 πρῶτον
1964 2419 2282 2489 ἀκηκόαμεν
2308 2437 2323 2452 ·
2355 2422 2418 2475 ού

746 2495 872 2562 ξένα
895 2497 1206 2569 κηρύττεις,
1235 2500 1350 2554 ἀλλ’
1376 2501 1412 2554 ἃ
1445 2502 1704 2566 πολλάκις
1730 2503 1879 2574 ἡμᾶς
1908 2503 2096 2558 πολλοὶ
2135 2505 2245 2558 τῶν
2276 2523 2420 2578 παρ-

744 2583 915 2638 όντων
955 2585 1221 2651 ἐδίδαξαν.
1275 2583 1408 2642 Οῐδα
1451 2589 1546 2642 καὶ
1599 2590 1782 2654 αὑτὸς,
1820 2587 1958 2655 οῖδα,
2000 2593 2082 2646 ὅτι
2117 2593 2299 2660 ταῦτα
2328 2595 2423 2648 καὶ

747 2674 820 2731 τά
851 2672 1076 2726 τοιαῦτα
1125 2673 1385 2737 πολλάκις
1433 2675 1809 2746 μεμαθήκατε,
1849 2677 1967 2731 ἀλλ’
2001 2677 2113 2732 είθε
2160 2679 2424 2745 πολλάκις

746 2759 1033 2832 μαθόντες,
1064 2758 1165 2812 κᾶν
1196 2760 1374 2828 ὀλίγον
1402 2761 1462 2812 τὸ
1488 2761 1653 2814 καλὸν
1702 2763 2110 2834 είργαζώμεθα.
2166 2765 2222 2819 '0
2255 2767 2423 2819 ἐλεῶν

748 2843 965 2912 πτωχὸν
988 2843 1223 2906 δανείζει
1244 2844 1381 2914 Θεῷ.
1411 2846 1530 2916 Θεῷ
1554 2847 1884 2919 δανείσωμεν
1904 2850 2001 2922 τὴν
2028 2852 2422 2922 ἐλεημοσύνην,

746 2930 832 2982 ἵνα
860 2931 988 3001 παρ’
1017 2930 1185 2982 αὑτοῦ
1214 2930 1471 3002 λάϐωμεν
1503 2933 1911 3006 φιλανθρωπίας
1942 2938 2238 2993 ἀντίδοσιν.
2285 2939 2424 2991 Ἀλλ’

745 3011 791 3068 ὣ
818 3013 910 3068 τοῦ
939 3016 1253 3083 σοφωτάτου
1298 3018 1364 3087 ρή
1375 3020 1575 3086 ματοςι
1613 3019 1665 3071 Ὀ
1687 3019 1874 3074 ἐλεῶν
1901 3023 2142 3092 πτωχὸν
2169 3023 2422 3086 δανείζει

747 3099 891 3167 Θεῷ.
929 3099 1028 3153 Διά
1060 3101 1113 3152 τί
1145 3098 1239 3155 οὖν
1265 3102 1365 3155 οὑκ
1395 3098 1568 3166 εἶπεν,
1613 3105 1667 3156 Ὁ
1696 3105 1886 3160 ἐλεῶν
1927 3109 2170 3178 πτωχὸν
2207 3110 2420 3166 δίδωσι

747 3187 897 3253 Θεῷ,
933 3187 1092 3251 ἀλλὰ,
1130 3188 1431 3254 AaV-8168:;
1468 3185 1620 3243 οἶδεν
1664 3193 1699 3262 η
1753 3193 1943 3265 Γραφὴ
1987 3195 2085 3265 τὴν
2138 3197 2419 3268 ἡμετέραν

746 3274 1062 3342 πλεονεξίαν
1081 3291 1096 3306 ο
1127 3276 1430 3348 προσέσχεν
1451 3278 1534 3331 ὅτι
1566 3280 1598 3350 η
1632 3280 1908 3351 ἀπληστία
1935 3285 2091 3353 ἡμῶν
2129 3285 2266 3355 πρὸς
2297 3287 2423 3338 πλε-

744 3362 953 3427 ονεξίαν
984 3361 1256 3431 βλέπουσα
1289 3365 1382 3416 τὸν
1423 3364 1761 3436 πλεονασμὸν
1794 3368 1966 3438 ζητεῖ.
2007 3371 2116 3424 Καὶ
2145 3372 2236 3425 διά
2262 3373 2422 3426 τοῦτο

743 3450 846 3503 οὑκ
875 3445 1029 3502 εἶπεν
1056 3449 1241 3514 ἀπλῶς
1265 3467 1280 3480 ·
1323 3451 1382 3503 '0
1405 3450 1572 3505 ὲλεῶν
1603 3455 1816 3522 πτωχὸν
1839 3454 2022 3509 δίδωσι
2049 3457 2190 3527 Θεῷ,
2219 3461 2305 3512 ἵνα
2347 3461 2422 3530 μὴ

743 3535 923 3605 ἁπλῆν
949 3535 1048 3606 τὴν
1072 3535 1418 3606 ἀντιμισθίαν
1441 3537 1698 3610 νομίσηςο
1730 3539 1847 3592 ἀλλ’
1878 3541 1942 3593 '0
1962 3541 2151 3595 ἐλεῶν
2184 3546 2425 3612 πτωχὸν

741 3619 996 3682 δανείζει
1027 3620 1169 3686 Θεῷ.
1194 3621 1256 3674 Εἰ
1277 3621 1580 3686 δανείζεται
1604 3624 1738 3688 Θεδς
1755 3626 1885 3695 παρ’
1908 3627 2085 3698 ἡμῶν,
2115 3628 2226 3700 ἄρα,
2247 3629 2424 3700 χρεώ-

744 3725 880 3777 οτης
911 3707 1070 3778 ἡμῶν
1108 3710 1246 3761 ἐστι.
1284 3707 1350 3760 Τί
1385 3704 1478 3763 οὖν
1525 3709 1701 3774 θέλεις
1751 3713 1914 3765 αὑτὸν
1955 3713 2120 3785 ἔχειν,
2159 3718 2353 3788 κριτὴν
2385 3719 2417 3790 ῆ

740 3793 1026 3866 χρεώστην
1051 3810 1066 3858 ;
1100 3795 1158 3872 Ὁ
1186 3795 1471 3866 χρεώστης
1494 3796 1720 3850 αἰδεῖται
1741 3799 1833 3852 τὸν
1863 3800 2187 3857 δανείσαντα
2204 3820 2218 3834 ·
2243 3807 2272 3857 ό
2298 3821 2420 3875 κρι-

738 3883 841 3953 τὴς
870 3883 931 3936 οὑ
962 3869 1290 3936 δυσωπεῖται
1319 3883 1414 3936 τὸν
1440 3883 1841 3956 δανειζόμενον.

814 4020 884 4085 ζ’.
913 4021 1237 4088 Ἀναγκαῖον
1261 4020 1318 4074 δὲ
1347 4021 1443 4074 καὶ
1475 4022 1595 4075 καθ’
1630 4023 1815 4093 ἕτερον
1845 4025 2046 4094 τρόπον
2079 4025 2228 4086 ἰδεῖν,
2276 4025 2416 4089 τίνος

737 4108 928 4162 ῑνεκεν
968 4107 998 4160 6
1022 4106 1154 4170 Θεὸς
1184 4102 1358 4171 εἶπεν,
1383 4108 1466 4160 ὅτι
1507 4109 1660 4177 Ἐμοὶ
1687 4107 1922 4173 δανείζει
1949 4112 1977 4164 6
1999 4110 2172 4173 διδοὺς
2197 4111 2414 4181 πτωχῷ.

751 4194 970 4264 Ἐπειδὴ
1005 4190 1143 4248 εἶδεν
1175 4197 1206 4263 ἠ
1217 4193 1334 4264 μῶν
1361 4193 1461 4264 τὴν
1490 4195 1810 4261 πλεονεξίαν
1839 4193 2106 4264 ῥέπουσαν
2119 4201 2198 4263 εἰς
2214 4200 2410 4256 πλεον..

746 4282 952 4351 ασμδν,
1022 4281 1098 4343 ώς
1139 4279 1310 4350 ἔφθην
1354 4280 1545 4341 εἰπὼν.
1591 4284 1684 4335 καὶ
1736 4283 1988 4353 μηδαμοῦ
2033 4284 2125 4338 τὸν
2159 4287 2418 4355 χρήματα

738 4368 931 4437 ἔχοντα
961 4365 1227 4429 δανείζειν
1267 4366 1489 4421 θέλοντα
1521 4367 1648 4421 ἄνευ
1683 4369 1985 4437 ἀσφαλείας
2007 4387 2022 4401 ο
2057 4372 2280 4424 ἀπαιτεῖ
2309 4371 2417 4443 γὰρ

737 4457 767 4510 6
795 4452 1061 4518 δανείζων
1083 4453 1118 4524 ἢ
1143 4453 1450 4526 ὑποθήκην,
1475 4456 1509 4524 ἢ
1539 4457 1843 4529 ἐνέχυρα,ἢ
1870 4459 1965 4511 τὸν
1989 4458 2414 4527 ἀντιφωνοῦντα,

738 4543 836 4595 καὶ
875 4540 967 4595 διὰ
1018 4539 1126 4594 τῶν
1169 4540 1337 4611 τριῶν
1377 4541 1579 4596 τούτων
1617 4543 1925 4612 ἀσφαλειῶν
1979 4543 2302 4614 ἐμπιστεύει
2349 4548 2418 4600 τὰ

741 4628 941 4684 ἑαυτοῦ
965 4628 1070 4700 χρή
1079 4644 1248 4698 ματα,
1280 4626 1314 4696 ἢ
1345 4627 1548 4695 ἐγγύας
1575 4628 1883 4699 δεχόμενος,
1913 4631 1991 4694 ώς
2018 4629 2194 4700 ἔφθην
2219 4630 2415 4694 εἰπὼν,

737 4714 772 4786 ἢ
813 4715 1097 4784 ὑποθήκην
1137 4713 1502 4784 πραγμάτων,
1549 4713 1583 4784 ἢ
1617 4715 1881 4786 ἐνέχυρα·
1929 4715 2118 4788 ἐπειδὴ
2160 4711 2254 4770 οὖν
2281 4713 2418 4779 εἶδεν

738 4805 768 4857 6
795 4803 949 4866 Θεὸς,
983 4803 1066 4857 ὅτι
1100 4801 1257 4865 ἐκτὸς
1289 4800 1499 4855 τούτων
1535 4801 1712 4866 οὐδεὶς
1746 4801 1996 4868 δανείζει,
2029 4803 2151 4857 οὑδὲ
2181 4806 2262 4867 είς
2298 4805 2420 4873 φιλ-

739 4889 1059 4958 ανθρωπίαν
1107 4887 1326 4958 βλέπει,
1364 4887 1482 4942 ἀλλ’
1515 4889 1596 4952 είς
1625 4889 1786 4959 μόνον
1810 4891 1870 4943 τὸ
1899 4891 2088 4962 κέρδος
2119 4892 2244 4962 δρᾷ,
2279 4891 2420 4944 πάν-

739 4993 850 5031 των
876 4976 932 5029 δὲ
958 4975 1166 5028 τούτων
1187 4976 1388 5046 ἔρημος
1413 4977 1442 5029 6
1467 4977 1703 5046 πτωχὸς,
1727 4977 1827 5047 οὑχ
1851 4977 2130 5049 ὑποθήκην
2153 4979 2290 5048 ἔχων
2312 4995 2325 5008 ·
2359 4980 2418 5030 οὐ

741 5062 1120 5134 κέηηταιγάρ
1133 5062 1304 5116 οὐδέν·
1320 5064 1419 5116 οὐκ
1442 5064 1674 5136 ἐνέχυρα
1701 5065 1905 5135 φέρωνο
1923 5065 2268 5135 γεγύμνωται
2287 5066 2415 5138 γάρ·

740 5152 804 5204 οὑ
849 5151 941 5204 τὸν
967 5148 1374 5219 ἀντιφωνοῦντα
1401 5150 1653 5221 παρέχων
1673 5168 1687 5182 ο
1717 5153 2030 5204 ἀπιστεῖται
2063 5151 2170 5223 γάρ
2197 5152 2285 5205 διά
2318 5154 2420 5223 τὴν

740 5237 1002 5308 ἀπορίανο
1044 5236 1121 5299 ὡς
1168 5231 1263 5290 οὖν
1294 5230 1435 5290 εἶδεν
1473 5237 1634 5290 αὑτὸν
1665 5238 2138 5293 διακινδυνεύοντα
2171 5242 2234 5309 τῇ
2277 5240 2419 5294 ἀποσ-

741 5323 856 5397 ρίᾳ,
878 5322 1080 5377 καὶτὸν
1100 5321 1294 5392 ἔχοντα
1323 5323 1584 5394 χρήματα
1613 5324 1989 5378 κινδυνεύοντα
2012 5324 2102 5377 διὰ
2122 5324 2222 5393 τὴν
2243 5327 2418 5378 ἁπαν-

739 5409 1009 5482 θρωπίαν,
1046 5409 1205 5479 μέσον
1237 5409 1427 5462 ἑαυτὸν
1460 5410 1851 5481 παρενέθηκεν,
1895 5412 2157 5482 ἐχέγγυον
2202 5414 2299 5481 μὲν
2340 5412 2418 5483 τῷ

739 5499 956 5569 πένητι,
1003 5495 1252 5567 ἐνέχυρον
1295 5495 1352 5548 δὲ
1395 5495 1473 5566 τῷ
1513 5496 1832 5562 δανείζοντι.
1895 5500 2171 5563 ’Λπιστεῖς
2217 5500 2414 5570 τούτῳ,

741 5585 897 5655 φησι,
931 5582 1020 5637 διὰ
1068 5581 1164 5653 τὴν
1191 5583 1453 5654 ἀπορίαν,
1483 5584 1609 5655 ἐμοὶ
1653 5585 1941 5639 πίστευσον
1988 5586 2079 5642 διά
2108 5587 2208 5658 τὴν
2246 5588 2415 5656 ἀφθο-

740 5674 881 5726 νίαν.
915 5666 1038 5725 Εἷδε
1069 5668 1161 5722 τὸν
1200 5671 1434 5741 πτωχὸν,
1477 5673 1572 5725 καὶ
1599 5672 1831 5743 ἠλέησεν
1853 5690 1869 5704 ·
1903 5669 2011 5727 εἶδε
2041 5674 2134 5727 τὸν
2168 5675 2406 5744 πτωχὸν,

743 5759 832 5815 καὶ
862 5759 922 5812 οὐ
946 5755 1231 5828 παρεῖδεν,
1261 5757 1375 5812 ἀλλ’
1401 5759 1593 5813 ἑαυτὸν
1619 5759 1816 5814 ἔδωκεν
1842 5760 2102 5832 ἐνέχυρον
2122 5760 2200 5832 τῷ
2237 5761 2405 5830 μηδὲν

1524 405 1581 462 S.
1621 406 1909 465 JOANNIS
1946 409 2435 468 CHRYSOSTOMI
2475 412 2796 473 ARCHIEP.
2837 419 3386 477 CONSTANTINOP.

4083 435 4193 488 δῗιθ

2526 528 2721 617 ἔχοντι,
2755 533 2850 584 καὶ
2876 535 2952 602 τῷ
2981 538 3172 609 ἀπόρῳ
3213 537 3456 609 παρέστη
3486 534 3574 588 διὰ
3601 535 3798 607 πολλὴν
3836 538 4154 617 ἀγαθότητα
4178 591 4195 608 .

2521 615 2950 704 ἐῖτξὶιιθεύρντος
2997 623 3091 704 τοῦ
3147 624 3418 695 μακαρίου
3475 619 3637 678 Δαυτδ
3687 626 3755 693 τῇ
3807 615 4201 704 mwng

2523 697 2674 770 [338]
2708 698 2900 771 ταύτῃ,
2933 702 3028 754 καὶ
3057 703 3340 771 λέγοντος·
3390 707 3516 762 Ὀτι
3560 705 3827 774 παρέστη
3863 706 3936 761 ἐκ
3971 697 4202 776 circus}

2521 784 2798 851 πένητος.
2866 786 2928 839 '0
2969 787 3161 840 ἐλεῶν
3202 793 3443 861 πτωχὸν
3494 792 3740 854 δανείζει
3784 792 3928 858 Θεῷ.
3961 796 4200 868 Θάρσει,

2522 868 2705 939 φησὶν,
2736 869 2860 938 ἐμοὶ
2885 869 3173 933 δανείζεις.
3204 873 3317 927 Καὶ
3341 877 3394 928 τί
3415 877 3662 932 τοσοῦτον
3683 877 3951 948 κερδαίνω
3977 896 4063 932 σοι
4094 882 4202 935 δα-

2522 955 2742 1020 νείζων;
2788 954 3041 1009 Μάλιστα
3084 956 3184 1024 μὲν
3234 954 3331 1011 οὖν
3370 963 3830 1035 παρανομώτατον
3864 963 4022 1034 παρά
4054 965 4203 1022 Θεοῦ

2522 1041 2676 1110 λόγον
2717 1041 2966 1095 ἀπαιτεῖν
2984 1058 2998 1072 ·
3041 1041 3181 1112 πλὴν
3220 1041 3309 1095 ῖνα
3347 1052 3678 1116 συγκωταὸῶ
3720 1068 3813 1106 σου
3863 1054 3930 1122 τῇ
3963 1053 4203 1124 ἀνομίᾳ,

2524 1131 2618 1183 καὶ
2647 1127 2792 1182 λύσω
2821 1129 2887 1198 τῇ
2919 1127 3301 1201 φιλανθρωπίᾳ
3333 1133 3434 1204 τὴν
3460 1137 3786 1210 ἀποτομίαν,
3819 1139 4205 1205 ἀντεξετάσω-

2527 1233 2624 1286 μεν
2657 1216 2790 1288 πρὺς
2816 1214 3010 1268 ταῦτα.
3040 1213 3316 1279 Δανείζων
3345 1221 3459 1283 τοῖς
3490 1223 3670 1289 ἀλλοις
3689 1227 3741 1280 τί
3761 1227 4107 1298 κερδαίνεις;
4146 1230 4206 1282 τί

2523 1302 2655 1373 παρ’
2691 1301 2869 1356 αὑτῶν
2903 1303 2982 1364 εἰς
3023 1299 3360 1372 πλεονασμὸν
3403 1306 3712 1378 ὲπιζητεῖς;
3742 1315 3841 1384 οὑχ
3869 1314 4206 1384 ἑκατοστὴν,

2523 1397 2618 1452 ἐὰν
2651 1399 2746 1468 τὴν
2776 1399 2996 1469 ἔννομον
3024 1399 3266 1470 ζητήοῃς
3290 1415 3306 1464 ;
3350 1398 3474 1452 Ἐἀν
3497 1402 3554 1456 δὲ
3576 1407 3877 1480 πλεονάσῃς
3899 1411 3998 1480 τὴν
4026 1411 4215 1480 ἀπληο

2524 1494 2679 1548 στίαν
2696 1507 2745 1560 ι,
2773 1496 2966 1565 διπλῆν
2989 1497 3082 1548 καὶ
3109 1495 3339 1566 τριπλῆν
3365 1497 3634 1569 καρπώσῃ
3658 1501 3755 1572 τὴν
3775 1505 4009 1560 ἀδικίαν.
4055 1507 4212 1575 Ἐγὼ

2522 1588 2580 1642 δέ
2607 1607 2700 1644 σου
2730 1593 2866 1646 νικῶ
2893 1593 2991 1664 τὴν
3033 1592 3372 1656 πλεονεξίαν·
3407 1594 3723 1664 ὑπερϐαίνω
3762 1616 3853 1654 σου
3878 1603 3978 1674 τὴν
4015 1604 4212 1674 ὄρεξιν

2522 1686 2621 1755 τῆς
2649 1687 2986 1758 ἀπληστίαςσ
3014 1689 3270 1742 καλύπτω
3292 1691 3358 1760 τῇ
3388 1689 3494 1760 ἐμῇ
3538 1690 3771 1762 ἀφθονίᾳ
3799 1695 3898 1766 τὴν
3929 1700 4033 1768 σὴν
4064 1703 4215 1771 ἀμε-

2520 1781 2697 1850 τρίαν.
2729 1785 2802 1836 Σὺ
2836 1785 3132 1855 ἑκατοστὴν
3175 1787 3392 1856 ζητεῖς,
3428 1785 3540 1854 ἐγὼ
3564 1787 3622 1840 δὲ
3660 1789 4214 1853 ἑκατονταπλασίονα

2519 1875 2713 1947 δίδωμί
2748 1895 2851 1932 σοι.
2881 1875 3018 1934 Εἶτα
3044 1881 3279 1956 δανείζῃ,
3301 1865 3500 1952 Κύριεο
3529 1887 3622 1939 καὶ
3646 1887 3865 1960 δανείζῃ
3896 1895 4032 1962 παρ’
4060 1896 4214 1966 ἐμοῦ

2522 1972 2757 2026 ἐνταῦθα
2789 1974 2886 2044 τὴν
2915 1977 2998 2039 είς
3023 1977 3116 2030 τὸν
3143 1980 3358 2050 πτωχὸν
3390 1981 3779 2053 ἐλεημοσύνην,
3816 1985 3906 2038 ῖνα
3937 1988 4074 2041 πότε
4107 2008 4212 2060 μοι

2522 2068 2694 2121 ταῦτα
2717 2068 2968 2140 ἀποδῷς;
3013 2072 3259 2126 ’Δπαιτῶ
3292 2074 3361 2128 τά
3407 2077 3692 2146 σύμφωνα,
3732 2079 3983 2149 στηρίξαι
4014 2082 4216 2151 βουλό-

2527 2181 2686 2233 μενος
2706 2165 2766 2218 τδ
2782 2166 3154 2238 συνάλλαγμα.
3181 2170 3280 2232 Δός
3300 2188 3389 2240 μοι
3413 2171 3514 2242 τῆς
3533 2174 3849 2237 ἀντιδόσεως
3865 2176 3957 2227 τὸν
3977 2181 4209 2248 καιρόν-

2521 2260 2704 2329 ὄρισον
2752 2261 2854 2330 τῆς
2897 2262 3224 2332 ἀπολήψεως
3267 2265 3367 2336 τὴν
3415 2267 3772 2337 προθεσμίαν.
3804 2270 4063 2325 Μάλιστα
4098 2275 4213 2344 μὲν

2519 2349 2613 2405 οῦν
2638 2353 2796 2407 τοῦτο
2828 2357 3082 2424 περιττόν
3107 2375 3123 2390 ο
3159 2361 3383 2425 Πιστὸς
3418 2361 3527 2432 γάρ
3551 2364 3850 2432 Κύριος-ὲν
3885 2367 4036 2420 πᾶσι
4077 2370 4212 2436 τοῖς

2517 2445 2722 2514 ,λόγοις
2747 2449 2960 2504 αὐτοῦ.
2998 2450 3214 2522 Ἐπειδὴ
3241 2454 3297 2506 δὲ
3328 2454 3449 2519 ἔθος
3490 2459 3584 2511 καὶ
3625 2460 3822 2523 σκοπὸς
3853 2460 3932 2530 τῷ
3955 2461 4211 2527 δανειζο-

2524 2541 2671 2613 μένῳ
2696 2545 3076 2614 εὑγνωμόνως,
3101 2547 3328 2617 χρόνους
3356 2554 3600 2622 μετρεῖν,
3622 2554 3718 2607 καὶ
3736 2555 3840 2625 ήμέ
3849 2573 3948 2625 ρας
3966 2556 4207 2627 ὁρίζειν,

2523 2638 2685 2693 ἄκουε
2735 2642 2866 2694 πότε
2909 2644 3003 2695 καὶ
3049 2643 3151 2696 ποῦ
3183 2661 3265 2698 σοι
3300 2646 3400 2716 τὴν
3429 2649 3649 2720 ὀφειλὴν
3689 2651 4017 2706 ἀποδίδωσιν
4057 2657 4086 2707 6
4113 2654 4212 2710 διὰ

2525 2734 2618 2787 τοῦ
2656 2737 2870 2806 πτωχοῦ
2912 2738 3318 2810 δανεισάμενος.
3355 2743 3542 2796 Ὅταν
3581 2747 3802 2814 καθίσῃ
3835 2751 3868 2801 ό
3928 2750 4065 2814 Υἱὸς
4093 2750 4213 2802 τοῦ

2523 2830 2841 2898 ἀνθρώπου
2886 2834 2983 2888 ἐπὶ
3021 2837 3238 2903 θρόνου
3273 2839 3458 2906 δόξης
3487 2843 3707 2905 αὑτοῦ,
3737 2845 3834 2897 καὶ
3877 2847 4088 2915 στήσῃ
4135 2848 4214 2902 τὸ

2517 2925 2639 2993 μὲν
2665 2929 2932 2994 πρόϐατα
2960 2931 3028 2982 ἐκ
3054 2931 3270 2996 δεξιῶν
3300 2936 3507 2998 αὐτοῦ,
3546 2936 3618 2990 τὰ
3646 2937 3715 2990 δὲ
3733 2939 3931 3008 ἐρίφια
3955 2942 4028 3005 ἐξ
4052 2945 4211 2995 εὐω-

2522 3022 2748 3090 νύμων,
2802 3025 2901 3077 καὶ
2945 3024 3072 3092 ἐρεῖ
3109 3026 3232 3092 τοῖς
3279 3028 3347 3081 ἐκ
3391 3027 3641 3094 δεξιῶν*
3684 3033 3919 3086 ἐνταῦθα
3962 3036 4214 3106 πρόσεχε

2525 3115 2642 3180 πῶς
2674 3120 2702 3170 6
2735 3119 3022 3192 χρεώστης
3052 3123 3351 3194 εὐγνώμων
3375 3128 3503 3197 περὶ
3527 3128 3619 3197 τὸν
3649 3129 3996 3197 δανείσαντα,
4031 3135 4158 3198 πῶς
4181 3138 4215 3190 ό

2521 3213 2907 3286 δανεισάμενος
2937 3219 3076 3288 μετὰ
3103 3220 3306 3290 πολλῆς
3337 3222 3558 3294 χάριτος
3582 3225 3873 3281 ἀποδίδωσι
3893 3246 3908 3259 ο
3939 3231 4126 3285 Δεῦτε
4149 3236 4212 3287 οι

2520 3313 2914 3383 εὐλογημένοι
2941 3317 3050 3371 τοῦ
3089 3320 3322 3386 Πατρός
3363 3337 3506 3388 μου,
3550 3326 4049 3393 κληρονομήσατε
4081 3331 4212 3399 τὴν

2522 3409 2975 3478 ἡτοιμασμένην
3009 3411 3154 3480 ὑμῖν
3181 3413 3519 3476 ,βασιλείαν
3546 3419 3666 3472 ἀπὸ
3701 3423 4047 3490 καταϐολῆς
4094 3427 4210 3481 κδ-

2523 3518 2704 3571 σμου.
2738 3505 2908 3575 ’Υπὲρ
2933 3508 3132 3574 τίνων;
3170 3509 3292 3563 Ὅτι
3324 3511 3642 3577 ἐπείνασα,
3671 3515 3769 3567 καὶ
3808 3517 4070 3572 ἐδώκατέ
4098 3538 4214 3589 μοι

2524 3601 2764 3671 part-27w
2786 3603 3071 3670 ἐδίψησα,
3110 3603 3207 3658 καὶ
3247 3606 3571 3662 ἐποτίσατέ
3602 3627 3680 3676 με
3704 3627 3718 3642 ·
3754 3614 3984 3680 γυμνὸς
4012 3613 4208 3683 ἥμην,

2523 3697 2621 3749 καί
2654 3695 2982 3749 ἐνεδύσατέ
2995 3713 3073 3764 με
3091 3713 3106 3728 ·
3134 3697 3205 3750 ἐν
3231 3699 3496 3768 φυλακῇ,
3530 3703 3628 3755 καὶ
3653 3704 3868 3771 ἤλθετε
3907 3707 4059 3773 πρὸς
4081 3709 4170 3776 μέ
4189 3727 4206 3742 .

2520 3790 2788 3858 ἀσθενὴς
2821 3790 3004 3858 ἤμην,
3049 3793 3144 3845 καὶ
3182 3791 3608 3862 ἐπεσκέψασθέ
3640 3814 3750 3866 με·
3791 3799 3964 3866 ξένος
4008 3801 4206 3869 ήμην,

2519 3888 2617 3940 καὶ
2651 3886 3026 3955 συνηγάγετέ
3051 3905 3148 3956 με.
3197 3885 3330 3943 Εἶτα
3365 3892 3413 3943 οἱ
3440 3892 3622 3956 καλῶς
3653 3895 3713 3946 ἐν
3741 3896 3920 3967 καιρῷ
3943 3895 4208 3969 διακονή-

2519 3999 2734 4045 σαντες,
2765 3984 2843 4044 si;
2865 3981 2960 4052 τὴν
2984 3984 3191 4037 οἰκείαν
3215 3985 3494 4040 ἀσθένειαν
3521 3989 3851 4058 ἀφορῶντες,
3872 3993 3966 4045 καὶ
3991 3994 4069 4055 είς
4099 3995 4206 4062 τὴν

2518 4069 2675 4136 ἀξίαν
2720 4072 2814 4125 τοῦ
2853 4072 3263 4142 δανεισαμένου,
3297 4075 3544 4144 λέγουσι’
3582 4080 3760 4146 Κύριε
3781 4122 3796 4144 ,
3827 4083 3974 4135 πότε
4005 4101 4079 4136 σε
4119 4086 4207 4136 sl-

2517 4167 2704 4234 δομεν
2743 4167 3057 4233 πεινῶντα,
3094 4170 3196 4223 καὶ
3245 4170 3617 4241 ἐθρέψαμεν;
3663 4175 3701 4241 ἣ
3747 4175 4039 4244 διψῶντα,
4091 4181 4194 4230 καὶ

2517 4261 2923 4332 ἐποτίσαμεν;
2951 4265 3031 4328 εἰς
3057 4265 3116 4318 ὂν
3144 4267 3193 4318 οἱ
3216 4265 3483 4337 ὀφθαλμοὶ
3518 4269 3735 4322 πάντων
3760 4269 4068 4334 ἐλπίζουσι,
4103 4276 4202 4326 καὶ

2522 4359 2588 4411 σὺ
2614 4357 2772 4421 δίδως
2803 4360 2902 4429 τὴν
2930 4361 3135 4432 τροφὴν
3167 4361 3350 4416 αὑτῶν
3381 4364 3441 4416 ὲν
3471 4364 3736 4435 ἀφθονία;
3769 4365 3833 4418 Ὢ
3873 4367 3971 4435 τῆς
3997 4367 4203 4437 πολλῆς

2519 4452 2895 4522 ἀγαθότητοςί
2961 4455 3194 4525 κρύπτει
3241 4457 3341 4528 τὴν
3396 4458 3552 4525 ἀξίαν
3601 4461 3690 4514 διὰ
3746 4462 4194 4533 φιλανθρωπίαν

2533 4547 2858 4603 Ἐπείνασα
2890 4549 2998 4618 τὰρ
3026 4553 3126 4605 καὶ
3165 4553 3424 4609 ἐδώκατέ
3445 4574 3549 4625 μοι
3579 4557 3793 4626 φαγεῖν
3813 4573 3826 4586 ·
3857 4557 3904 4611 ὣ
3940 4561 4044 4628 τῆς
4075 4561 4200 4612 πολ-

2519 4643 2618 4712 λῆς
2639 4645 2999 4716 ἀγαθότητος,
3046 4647 3091 4698 ὣ
3119 4648 3218 4717 τῆς
3255 4650 3493 4721 ἀμέτρου
3526 4653 3929 4723 χρηστότητοςι
3968 4657 3999 4706 6
4020 4654 4195 4716 διδοὺς

2519 4740 2726 4808 τροφὴν
2755 4739 2904 4810 πάσῃ
2951 4741 3136 4811 σαρκὶ,
3164 4741 3258 4794 καὶ
3279 4744 3510 4813 ἀνοίγων
3540 4746 3639 4809 τὰς
3678 4749 3887 4816 χεῖρας,
3917 4751 4012 4801 καὶ
4042 4751 4195 4819 ἐμπιο

2521 4831 2669 4884 πλῶν
2693 4835 2801 4886 πᾶν
2827 4834 2968 4899 ζῶον
2990 4834 3262 4898 εὐδοκίας,
3304 4839 3607 4905 Ἐπείνων,
3633 4845 3787 4911 φησὶ,
3816 4845 3913 4896 καὶ
3931 4841 4191 4897 ἐδώκατὲ

2477 4991 2482 4996 _
2517 4944 2618 4994 μοι
2654 4929 2869 4997 φαγεῖν
2889 4948 2905 4963 ο
2934 4932 2996 4984 οὑ
3021 4931 3123 4999 τῆς
3153 4933 3311 4995 ἀξίας
3338 4935 3751 5009 ἐλαττουμένης,
3786 4939 3924 4992 ἀλλά
3948 4939 4052 5008 τῆς
4078 4939 4189 5007 φιλ-

2523 5023 2834 5094 ανθρωπίας
2885 5030 3013 5092 τοὺς
3087 5029 3337 5098 πτωχοὺς
3403 5033 3776 5104 ὲγγυωμένης.
3855 5037 4186 5105 Ἐδίψ-ησα.

2524 5119 2620 5171 καὶ
2651 5121 2969 5178 ἐποτίσατέ
3000 5143 3094 5194 με.
3129 5125 3228 5188 Τίς
3255 5128 3284 5178 6
3308 5125 3480 5179 ταῦτα
3511 5129 3712 5197 λέγων;
3756 5133 3817 5184 ’0
3844 5133 4065 5204 λίμναις
4099 5132 4188 5186 καὶ

2523 5221 2786 5286 ποταμοῖς
2810 5221 2902 5273 καὶ
2930 5225 3134 5292 πηγαῖς
3159 5221 3268 5276 τῶν
3289 5222 3496 5275 ὑδάτων
3527 5225 3624 5295 τὴν
3663 5228 3824 5296 φύσιν
3849 5229 4056 5299 ἐγχέων
4080 5231 4128 5268 δ’
4153 5229 4188 5281 6

2521 5311 2611 5365 διά
2635 5314 2745 5366 τῶν
2773 5317 3120 5386 Εὑαγγελίων
3149 5318 3395 5387 φάσκων,
3423 5320 3505 5372 ὅτι
3542 5321 3595 5373 Ὁ
3623 5326 3927 5378 πιστεύων
3950 5326 4040 5390 εἰς
4064 5325 4182 5390 ἐμὲ,

2521 5409 2717 5477 καθὼς
2755 5409 2927 5468 εἶπεν
2966 5417 3004 5482 ἡ
3046 5417 3278 5483 Γραφὴ,
3327 5419 3577 5488 ποταμοί
3617 5421 3686 5474 ἐκ
3737 5424 3975 5486 κοιλίας
4002 5420 4186 5474 αὐτοῦ

2512 5505 2848 5571 ῥεύσουσιν
2879 5511 3097 5577 ὕδατος
3136 5511 3349 5578 ζῶντος
3367 5531 3379 5544 ·
3405 5517 3433 5568 ό
3457 5517 3648 5581 εἰπὼν,
3674 5520 3748 5574 El
3776 5536 3867 5583 τις
3891 5515 4068 5584 διψᾷ,
4097 5516 4185 5589 ip-

2520 5599 2716 5669 χέσθω
2757 5604 2907 5672 πρὸς
2939 5605 3036 5674 μὲ,
3079 5607 3178 5660 καί
3208 5607 3441 5666 πινέτω.
3494 5613 3672 5677 Ἀλλὰ,
3722 5613 3961 5682 Γυμνὸς
4002 5611 4175 5682 ἤμην.

2591 5715 2608 5794 ξ
2629 5717 2779 5794 ξενίῃ.
2805 5725 3008 5794 ειρηιιε
3027 5723 3148 5787 Reg.
3172 5726 3226 5773 τι)
3237 5727 3434 5794 εονάσῃς
3454 5732 3538 5790 τήν
3561 5731 3802 5779 ἀπιστίαν.

2580 5775 2611 5818 δ
2631 5779 2842 5831 Savilius
2858 5783 3051 5846 ἐκχέων.
