  <div class='ocr_page' id='page_1' title='image "/cluster/home/n/w/nwhite01/storage/ocr_20150623/49/hvd.32044025239823/330.png"; bbox 0 0 4432 6684; ppageno 0'>
   <div class='ocr_carea' id='block_1_1' title="bbox 340 439 445 493">
    <p class='ocr_par' dir='ltr' id='par_1_1' title="bbox 340 439 445 493">
     <span class='ocr_line' id='line_1_1' title="bbox 340 439 445 493; baseline 0 0"><span class='ocrx_word' id='word_1_1' title='bbox 340 439 445 493; x_wconf 77' lang='lat'><strong>333</strong></span> 
     </span>
    </p>
   </div>
   <div class='ocr_carea' id='block_1_2' title="bbox 344 548 1918 621">
    <p class='ocr_par' dir='ltr' id='par_1_2' title="bbox 344 548 1918 621">
     <span class='ocr_line' id='line_1_2' title="bbox 344 548 1918 621; baseline -0.002 -18"><span class='ocrx_word' id='word_1_2' title='bbox 344 551 459 606; x_wconf 86' lang='lat' dir='ltr'><strong>tare</strong></span> <span class='ocrx_word' id='word_1_3' title='bbox 474 561 683 621; x_wconf 90' lang='lat' dir='ltr'><strong>oportet</strong></span> <span class='ocrx_word' id='word_1_4' title='bbox 709 556 1130 612; x_wconf 76' lang='lat' dir='ltr'><strong>retributionem.</strong></span> <span class='ocrx_word' id='word_1_5' title='bbox 1151 555 1247 608; x_wconf 81' lang='lat' dir='ltr'><strong>Hic</strong></span> <span class='ocrx_word' id='word_1_6' title='bbox 1267 550 1473 605; x_wconf 90' lang='lat' dir='ltr'><strong>modico</strong></span> <span class='ocrx_word' id='word_1_7' title='bbox 1487 549 1687 618; x_wconf 89' lang='lat' dir='ltr'><strong>justitia</strong></span> <span class='ocrx_word' id='word_1_8' title='bbox 1706 548 1918 611; x_wconf 90' lang='lat' dir='ltr'><strong>emitur,</strong></span> 
     </span>
    </p>
   </div>
   <div class='ocr_carea' id='block_1_3' title="bbox 344 639 1920 718">
    <p class='ocr_par' dir='ltr' id='par_1_3' title="bbox 344 639 1920 718">
     <span class='ocr_line' id='line_1_3' title="bbox 344 639 1920 718; baseline -0.001 -25"><span class='ocrx_word' id='word_1_9' title='bbox 344 643 432 695; x_wconf 87' lang='lat' dir='ltr'><strong>vili</strong></span> <span class='ocrx_word' id='word_1_10' title='bbox 458 645 605 712; x_wconf 89' lang='lat' dir='ltr'><strong>panis</strong></span> <span class='ocrx_word' id='word_1_11' title='bbox 629 646 941 718; x_wconf 80' lang='lat' dir='ltr'><strong>fragmento,</strong></span> <span class='ocrx_word' id='word_1_12' title='bbox 972 647 1060 699; x_wconf 89' lang='lat' dir='ltr'><strong>vili</strong></span> <span class='ocrx_word' id='word_1_13' title='bbox 1085 644 1421 702; x_wconf 89' lang='lat' dir='ltr'><strong>vestimento,</strong></span> <span class='ocrx_word' id='word_1_14' title='bbox 1453 642 1618 694; x_wconf 90' lang='lat' dir='ltr'><strong>calice</strong></span> <span class='ocrx_word' id='word_1_15' title='bbox 1645 655 1795 709; x_wconf 65' lang='lat' dir='ltr'><strong>aqua:</strong></span> <span class='ocrx_word' id='word_1_16' title='bbox 1827 639 1920 692; x_wconf 84' lang='lat' dir='ltr'><strong>fri-</strong></span> 
     </span>
    </p>
   </div>
   <div class='ocr_carea' id='block_1_4' title="bbox 342 729 1920 806">
    <p class='ocr_par' dir='ltr' id='par_1_4' title="bbox 342 729 1920 806">
     <span class='ocr_line' id='line_1_4' title="bbox 342 729 1920 806; baseline -0.002 -21"><span class='ocrx_word' id='word_1_17' title='bbox 342 732 480 801; x_wconf 73' lang='lat' dir='ltr'><strong>gida:</strong></span> <span class='ocrx_word' id='word_1_18' title='bbox 513 751 526 786; x_wconf 92' lang='lat'><strong>:</strong></span> <span class='ocrx_word' id='word_1_19' title='bbox 557 736 616 790; x_wconf 91' lang='lat' dir='ltr'><strong>Si</strong></span> <span class='ocrx_word' id='word_1_20' title='bbox 660 739 771 804; x_wconf 89' lang='lat' dir='ltr'><strong>quis</strong></span> <span class='ocrx_word' id='word_1_21' title='bbox 805 747 974 806; x_wconf 87' lang='lat' dir='ltr'><strong>potum</strong></span> <span class='ocrx_word' id='word_1_22' title='bbox 1025 732 1211 785; x_wconf 85' lang='lat' dir='ltr'><strong>dederit</strong></span> <span class='ocrx_word' id='word_1_23' title='bbox 1256 731 1460 782; x_wconf 81' lang='lat' dir='ltr'><strong>calicem</strong></span> <span class='ocrx_word' id='word_1_24' title='bbox 1503 746 1646 799; x_wconf 83' lang='lat' dir='ltr'><strong>aqua:</strong></span> <span class='ocrx_word' id='word_1_25' title='bbox 1685 729 1883 798; x_wconf 76' lang='lat' dir='ltr'><strong>frigida:</strong></span> <span class='ocrx_word' id='word_1_26' title='bbox 1907 771 1920 793; x_wconf 91' lang='lat'><strong>,</strong></span> 
     </span>
    </p>
   </div>
   <div class='ocr_carea' id='block_1_5' title="bbox 342 819 1918 890">
    <p class='ocr_par' dir='ltr' id='par_1_5' title="bbox 342 819 1918 890">
     <span class='ocr_line' id='line_1_5' title="bbox 342 819 1918 890; baseline -0.001 -16"><span class='ocrx_word' id='word_1_27' title='bbox 342 840 488 876; x_wconf 82' lang='lat' dir='ltr'><strong>amen</strong></span> <span class='ocrx_word' id='word_1_28' title='bbox 530 826 640 879; x_wconf 97' lang='lat' dir='ltr'><strong>dico</strong></span> <span class='ocrx_word' id='word_1_29' title='bbox 670 826 802 879; x_wconf 83' lang='lat' dir='ltr'><strong>vobis</strong></span> <span class='ocrx_word' id='word_1_30' title='bbox 823 866 838 888; x_wconf 96' lang='lat'><strong>,</strong></span> <span class='ocrx_word' id='word_1_31' title='bbox 863 826 937 877; x_wconf 86' lang='lat' dir='ltr'><strong>ait</strong></span> <span class='ocrx_word' id='word_1_32' title='bbox 975 820 1260 890; x_wconf 90' lang='lat' dir='ltr'><strong>spiritualis</strong></span> <span class='ocrx_word' id='word_1_33' title='bbox 1304 819 1673 888; x_wconf 91' lang='lat' dir='ltr'><strong>negotiationis</strong></span> <span class='ocrx_word' id='word_1_34' title='bbox 1699 819 1882 873; x_wconf 90' lang='lat' dir='ltr'><strong>doctor</strong></span> <span class='ocrx_word' id='word_1_35' title='bbox 1904 861 1918 883; x_wconf 97' lang='lat'><strong>,</strong></span> 
     </span>
    </p>
   </div>
   <div class='ocr_carea' id='block_1_6' title="bbox 345 909 1923 982">
    <p class='ocr_par' dir='ltr' id='par_1_6' title="bbox 345 909 1923 982">
     <span class='ocr_line' id='line_1_6' title="bbox 345 909 1923 982; baseline -0.001 -17"><span class='ocrx_word' id='word_1_36' title='bbox 345 929 447 966; x_wconf 77' lang='lat' dir='ltr'><strong>non</strong></span> <span class='ocrx_word' id='word_1_37' title='bbox 478 916 650 982; x_wconf 84' lang='lat' dir='ltr'><strong>perdet</strong></span> <span class='ocrx_word' id='word_1_38' title='bbox 669 913 1100 967; x_wconf 87' lang='lat' dir='ltr'><strong>mercedemsuam</strong></span> <span class='ocrx_word' id='word_1_39' title='bbox 1119 909 1332 981; x_wconf 83' lang='lat' dir='ltr'><strong>(Matth.</strong></span> <span class='ocrx_word' id='word_1_40' title='bbox 1357 910 1443 964; x_wconf 83' lang='grc'><strong>10.</strong></span> <span class='ocrx_word' id='word_1_41' title='bbox 1468 909 1581 979; x_wconf 70' lang='grc'><strong>12).</strong></span> <span class='ocrx_word' id='word_1_42' title='bbox 1607 909 1756 964; x_wconf 82' lang='lat' dir='ltr'><strong>Calix</strong></span> <span class='ocrx_word' id='word_1_43' title='bbox 1776 926 1923 980; x_wconf 63' lang='lat' dir='ltr'><strong>aqua:</strong></span> 
     </span>
    </p>
   </div>
   <div class='ocr_carea' id='block_1_7' title="bbox 346 1001 1922 1073">
    <p class='ocr_par' dir='ltr' id='par_1_7' title="bbox 346 1001 1922 1073">
     <span class='ocr_line' id='line_1_7' title="bbox 346 1001 1922 1073; baseline 0 -19"><span class='ocrx_word' id='word_1_44' title='bbox 346 1002 550 1073; x_wconf 76' lang='lat' dir='ltr'><strong>frigida:</strong></span> <span class='ocrx_word' id='word_1_45' title='bbox 566 1006 752 1073; x_wconf 82' lang='lat' dir='ltr'><strong>dignus</strong></span> <span class='ocrx_word' id='word_1_46' title='bbox 772 1011 855 1056; x_wconf 89' lang='lat' dir='ltr'><strong>est</strong></span> <span class='ocrx_word' id='word_1_47' title='bbox 879 1001 1144 1067; x_wconf 87' lang='lat' dir='ltr'><strong>mercede,</strong></span> <span class='ocrx_word' id='word_1_48' title='bbox 1167 1012 1221 1054; x_wconf 90' lang='lat' dir='ltr'><strong>et</strong></span> <span class='ocrx_word' id='word_1_49' title='bbox 1245 1002 1555 1055; x_wconf 88' lang='lat' dir='ltr'><strong>vestimenta</strong></span> <span class='ocrx_word' id='word_1_50' title='bbox 1585 1004 1922 1070; x_wconf 72' lang='lat' dir='ltr'><strong>pecuniaeque</strong></span> 
     </span>
    </p>
   </div>
   <div class='ocr_carea' id='block_1_8' title="bbox 348 1090 1925 1159">
    <p class='ocr_par' dir='ltr' id='par_1_8' title="bbox 348 1090 1925 1159">
     <span class='ocr_line' id='line_1_8' title="bbox 348 1090 1925 1159; baseline -0.001 -15"><span class='ocrx_word' id='word_1_51' title='bbox 348 1109 444 1159; x_wconf 85' lang='lat' dir='ltr'><strong>per</strong></span> <span class='ocrx_word' id='word_1_52' title='bbox 471 1093 780 1146; x_wconf 81' lang='lat' dir='ltr'><strong>beneﬁcium</strong></span> <span class='ocrx_word' id='word_1_53' title='bbox 810 1090 948 1143; x_wconf 81' lang='lat' dir='ltr'><strong>datae</strong></span> <span class='ocrx_word' id='word_1_54' title='bbox 978 1105 1081 1143; x_wconf 88' lang='lat' dir='ltr'><strong>non</strong></span> <span class='ocrx_word' id='word_1_55' title='bbox 1123 1090 1277 1159; x_wconf 79' lang='lat' dir='ltr'><strong>digna</strong></span> <span class='ocrx_word' id='word_1_56' title='bbox 1308 1099 1464 1145; x_wconf 89' lang='lat' dir='ltr'><strong>erunt</strong></span> <span class='ocrx_word' id='word_1_57' title='bbox 1499 1092 1787 1146; x_wconf 87' lang='lat' dir='ltr'><strong>mercede?</strong></span> <span class='ocrx_word' id='word_1_58' title='bbox 1815 1093 1925 1144; x_wconf 82' lang='lat' dir='ltr'><strong>lino</strong></span> 
     </span>
    </p>
   </div>
   <div class='ocr_carea' id='block_1_9' title="bbox 346 1179 1926 1250">
    <p class='ocr_par' dir='ltr' id='par_1_9' title="bbox 346 1179 1926 1250">
     <span class='ocr_line' id='line_1_9' title="bbox 346 1179 1926 1250; baseline -0.002 -16"><span class='ocrx_word' id='word_1_59' title='bbox 346 1197 378 1234; x_wconf 89' lang='lat' dir='ltr'><strong>c</strong></span> <span class='ocrx_word' id='word_1_60' title='bbox 408 1181 671 1234; x_wconf 86' lang='lat' dir='ltr'><strong>contrario</strong></span> <span class='ocrx_word' id='word_1_61' title='bbox 716 1179 880 1232; x_wconf 90' lang='lat' dir='ltr'><strong>multa</strong></span> <span class='ocrx_word' id='word_1_62' title='bbox 919 1190 1073 1233; x_wconf 89' lang='lat' dir='ltr'><strong>erunt</strong></span> <span class='ocrx_word' id='word_1_63' title='bbox 1101 1180 1344 1234; x_wconf 86' lang='lat' dir='ltr'><strong>mercede</strong></span> <span class='ocrx_word' id='word_1_64' title='bbox 1387 1181 1564 1250; x_wconf 87' lang='lat' dir='ltr'><strong>digna.</strong></span> <span class='ocrx_word' id='word_1_65' title='bbox 1594 1182 1768 1246; x_wconf 85' lang='lat' dir='ltr'><strong>Quare</strong></span> <span class='ocrx_word' id='word_1_66' title='bbox 1798 1194 1926 1248; x_wconf 83' lang='lat' dir='ltr'><strong>ergo</strong></span> 
     </span>
    </p>
   </div>
   <div class='ocr_carea' id='block_1_10' title="bbox 345 1267 1920 1340">
    <p class='ocr_par' dir='ltr' id='par_1_10' title="bbox 345 1267 1920 1340">
     <span class='ocr_line' id='line_1_10' title="bbox 345 1267 1920 1340; baseline -0.003 -17"><span class='ocrx_word' id='word_1_67' title='bbox 345 1271 566 1324; x_wconf 76' lang='lat' dir='ltr'><strong>Calicem</strong></span> <span class='ocrx_word' id='word_1_68' title='bbox 633 1283 784 1337; x_wconf 66' lang='lat' dir='ltr'><strong>aqua:</strong></span> <span class='ocrx_word' id='word_1_69' title='bbox 835 1267 1038 1338; x_wconf 70' lang='lat' dir='ltr'><strong>frigida:</strong></span> <span class='ocrx_word' id='word_1_70' title='bbox 1087 1271 1400 1324; x_wconf 79' lang='lat' dir='ltr'><strong>memoravit</strong></span> <span class='ocrx_word' id='word_1_71' title='bbox 1443 1271 1466 1323; x_wconf 87' lang='lat'><strong>?</strong></span> <span class='ocrx_word' id='word_1_72' title='bbox 1517 1272 1920 1340; x_wconf 82' lang='lat' dir='ltr'><strong>Eleemosynam</strong></span> 
     </span>
    </p>
   </div>
   <div class='ocr_carea' id='block_1_11' title="bbox 346 1359 1923 1434">
    <p class='ocr_par' dir='ltr' id='par_1_11' title="bbox 346 1359 1923 1434">
     <span class='ocr_line' id='line_1_11' title="bbox 346 1359 1923 1434; baseline 0.001 -21"><span class='ocrx_word' id='word_1_73' title='bbox 346 1361 464 1413; x_wconf 83' lang='lat' dir='ltr'><strong>sine</strong></span> <span class='ocrx_word' id='word_1_74' title='bbox 507 1359 805 1426; x_wconf 91' lang='lat' dir='ltr'><strong>sumptibus</strong></span> <span class='ocrx_word' id='word_1_75' title='bbox 847 1359 979 1414; x_wconf 83' lang='lat' dir='ltr'><strong>dixit</strong></span> <span class='ocrx_word' id='word_1_76' title='bbox 1023 1378 1036 1414; x_wconf 91' lang='lat'><strong><em>:</em></strong></span> <span class='ocrx_word' id='word_1_77' title='bbox 1080 1378 1200 1416; x_wconf 91' lang='lat' dir='ltr'><strong>nam</strong></span> <span class='ocrx_word' id='word_1_78' title='bbox 1251 1364 1432 1434; x_wconf 83' lang='lat' dir='ltr'><strong>frigida</strong></span> <span class='ocrx_word' id='word_1_79' title='bbox 1472 1379 1606 1434; x_wconf 87' lang='lat' dir='ltr'><strong>aqua</strong></span> <span class='ocrx_word' id='word_1_80' title='bbox 1648 1378 1818 1433; x_wconf 89' lang='lat' dir='ltr'><strong>neque</strong></span> <span class='ocrx_word' id='word_1_81' title='bbox 1861 1363 1923 1415; x_wconf 84' lang='lat' dir='ltr'><strong>li-</strong></span> 
     </span>
    </p>
   </div>
   <div class='ocr_carea' id='block_1_12' title="bbox 345 1449 1924 1522">
    <p class='ocr_par' dir='ltr' id='par_1_12' title="bbox 345 1449 1924 1522">
     <span class='ocr_line' id='line_1_12' title="bbox 345 1449 1924 1522; baseline 0.004 -26"><span class='ocrx_word' id='word_1_82' title='bbox 345 1458 508 1513; x_wconf 79' lang='lat' dir='ltr'><strong>gnum</strong></span> <span class='ocrx_word' id='word_1_83' title='bbox 531 1486 546 1510; x_wconf 95' lang='lat'><strong>,</strong></span> <span class='ocrx_word' id='word_1_84' title='bbox 575 1461 744 1513; x_wconf 86' lang='lat' dir='ltr'><strong>neque</strong></span> <span class='ocrx_word' id='word_1_85' title='bbox 785 1449 922 1502; x_wconf 83' lang='lat' dir='ltr'><strong>aliud</strong></span> <span class='ocrx_word' id='word_1_86' title='bbox 953 1451 1218 1520; x_wconf 88' lang='lat' dir='ltr'><strong>quidpiam</strong></span> <span class='ocrx_word' id='word_1_87' title='bbox 1260 1454 1540 1522; x_wconf 87' lang='lat' dir='ltr'><strong>impendis.</strong></span> <span class='ocrx_word' id='word_1_88' title='bbox 1572 1453 1722 1518; x_wconf 83' lang='lat' dir='ltr'><strong>Quod</strong></span> <span class='ocrx_word' id='word_1_89' title='bbox 1748 1453 1791 1506; x_wconf 91' lang='lat' dir='ltr'><strong>si</strong></span> <span class='ocrx_word' id='word_1_90' title='bbox 1819 1454 1924 1504; x_wconf 85' lang='lat' dir='ltr'><strong>lar-</strong></span> 
     </span>
    </p>
   </div>
   <div class='ocr_carea' id='block_1_13' title="bbox 347 1534 1923 1609">
    <p class='ocr_par' dir='ltr' id='par_1_13' title="bbox 347 1534 1923 1609">
     <span class='ocr_line' id='line_1_13' title="bbox 347 1534 1923 1609; baseline 0.004 -25"><span class='ocrx_word' id='word_1_91' title='bbox 347 1534 548 1601; x_wconf 79' lang='lat' dir='ltr'><strong>gitione</strong></span> <span class='ocrx_word' id='word_1_92' title='bbox 592 1536 707 1590; x_wconf 87' lang='lat' dir='ltr'><strong>sine</strong></span> <span class='ocrx_word' id='word_1_93' title='bbox 751 1551 962 1607; x_wconf 86' lang='lat' dir='ltr'><strong>sumptu</strong></span> <span class='ocrx_word' id='word_1_94' title='bbox 1011 1540 1144 1594; x_wconf 80' lang='lat' dir='ltr'><strong>facta</strong></span> <span class='ocrx_word' id='word_1_95' title='bbox 1175 1551 1316 1595; x_wconf 89' lang='lat' dir='ltr'><strong>tanta</strong></span> <span class='ocrx_word' id='word_1_96' title='bbox 1341 1552 1424 1596; x_wconf 88' lang='lat' dir='ltr'><strong>est</strong></span> <span class='ocrx_word' id='word_1_97' title='bbox 1448 1542 1687 1596; x_wconf 83' lang='lat' dir='ltr'><strong>beneﬁcii</strong></span> <span class='ocrx_word' id='word_1_98' title='bbox 1723 1542 1885 1609; x_wconf 88' lang='lat' dir='ltr'><strong>gratia</strong></span> <span class='ocrx_word' id='word_1_99' title='bbox 1909 1580 1923 1602; x_wconf 95' lang='lat'><strong>,</strong></span> 
     </span>
    </p>
   </div>
   <div class='ocr_carea' id='block_1_14' title="bbox 350 1622 1925 1698">
    <p class='ocr_par' dir='ltr' id='par_1_14' title="bbox 350 1622 1925 1698">
     <span class='ocr_line' id='line_1_14' title="bbox 350 1622 1925 1698; baseline 0.005 -27"><span class='ocrx_word' id='word_1_100' title='bbox 350 1622 436 1673; x_wconf 90' lang='lat' dir='ltr'><strong>ubi</strong></span> <span class='ocrx_word' id='word_1_101' title='bbox 467 1623 894 1680; x_wconf 85' lang='lat' dir='ltr'><strong>vestimentorum</strong></span> <span class='ocrx_word' id='word_1_102' title='bbox 921 1631 1091 1697; x_wconf 90' lang='lat' dir='ltr'><strong>copia,</strong></span> <span class='ocrx_word' id='word_1_103' title='bbox 1117 1633 1454 1698; x_wconf 88' lang='lat' dir='ltr'><strong>pecuniarum</strong></span> <span class='ocrx_word' id='word_1_104' title='bbox 1487 1629 1925 1691; x_wconf 86' lang='lat' dir='ltr'><strong>subministratio,</strong></span> 
     </span>
    </p>
   </div>
   <div class='ocr_carea' id='block_1_15' title="bbox 347 1710 1924 1786">
    <p class='ocr_par' dir='ltr' id='par_1_15' title="bbox 347 1710 1924 1786">
     <span class='ocr_line' id='line_1_15' title="bbox 347 1710 1924 1786; baseline 0.008 -26"><span class='ocrx_word' id='word_1_105' title='bbox 347 1710 678 1781; x_wconf 92' lang='lat' dir='ltr'><strong>aliorumque</strong></span> <span class='ocrx_word' id='word_1_106' title='bbox 708 1715 965 1770; x_wconf 90' lang='lat' dir='ltr'><strong>bonorum</strong></span> <span class='ocrx_word' id='word_1_107' title='bbox 995 1719 1315 1772; x_wconf 80' lang='lat' dir='ltr'><strong>abundantia</strong></span> <span class='ocrx_word' id='word_1_108' title='bbox 1338 1759 1352 1782; x_wconf 94' lang='lat'><strong>,</strong></span> <span class='ocrx_word' id='word_1_109' title='bbox 1384 1717 1594 1785; x_wconf 90' lang='lat' dir='ltr'><strong>qualem</strong></span> <span class='ocrx_word' id='word_1_110' title='bbox 1626 1733 1652 1769; x_wconf 91' lang='lat' dir='ltr'><strong>a</strong></span> <span class='ocrx_word' id='word_1_111' title='bbox 1676 1717 1924 1786; x_wconf 82' lang='lat' dir='ltr'><strong>justoju-</strong></span> 
     </span>
    </p>
   </div>
   <div class='ocr_carea' id='block_1_16' title="bbox 347 1799 1928 1877">
    <p class='ocr_par' dir='ltr' id='par_1_16' title="bbox 347 1799 1928 1877">
     <span class='ocr_line' id='line_1_16' title="bbox 347 1799 1928 1877; baseline 0.007 -25"><span class='ocrx_word' id='word_1_112' title='bbox 347 1799 469 1853; x_wconf 89' lang='lat' dir='ltr'><strong>dice</strong></span> <span class='ocrx_word' id='word_1_113' title='bbox 512 1805 808 1858; x_wconf 86' lang='lat' dir='ltr'><strong>mercedem</strong></span> <span class='ocrx_word' id='word_1_114' title='bbox 841 1807 1041 1861; x_wconf 82' lang='lat' dir='ltr'><strong>referre</strong></span> <span class='ocrx_word' id='word_1_115' title='bbox 1070 1808 1322 1876; x_wconf 87' lang='lat' dir='ltr'><strong>oportet?</strong></span> <span class='ocrx_word' id='word_1_116' title='bbox 1349 1807 1569 1873; x_wconf 89' lang='lat' dir='ltr'><strong>Quando</strong></span> <span class='ocrx_word' id='word_1_117' title='bbox 1615 1809 1770 1877; x_wconf 78' lang='lat' dir='ltr'><strong>igitur</strong></span> <span class='ocrx_word' id='word_1_118' title='bbox 1807 1825 1928 1877; x_wconf 85' lang='lat' dir='ltr'><strong>pro-</strong></span> 
     </span>
    </p>
   </div>
   <div class='ocr_carea' id='block_1_17' title="bbox 350 1892 1926 1964">
    <p class='ocr_par' dir='ltr' id='par_1_17' title="bbox 350 1892 1926 1964">
     <span class='ocr_line' id='line_1_17' title="bbox 350 1892 1926 1964; baseline 0.008 -26"><span class='ocrx_word' id='word_1_119' title='bbox 350 1896 494 1942; x_wconf 85' lang='lat' dir='ltr'><strong>stant</strong></span> <span class='ocrx_word' id='word_1_120' title='bbox 521 1892 740 1947; x_wconf 84' lang='lat' dir='ltr'><strong>virtutes</strong></span> <span class='ocrx_word' id='word_1_121' title='bbox 766 1910 928 1963; x_wconf 90' lang='lat' dir='ltr'><strong>parvo</strong></span> <span class='ocrx_word' id='word_1_122' title='bbox 958 1895 1270 1956; x_wconf 84' lang='lat' dir='ltr'><strong>vendibiles,</strong></span> <span class='ocrx_word' id='word_1_123' title='bbox 1299 1910 1328 1947; x_wconf 90' lang='lat' dir='ltr'><strong>a</strong></span> <span class='ocrx_word' id='word_1_124' title='bbox 1359 1897 1636 1964; x_wconf 85' lang='lat' dir='ltr'><strong>magttilico</strong></span> <span class='ocrx_word' id='word_1_125' title='bbox 1667 1898 1758 1951; x_wconf 91' lang='lat' dir='ltr'><strong>illo</strong></span> <span class='ocrx_word' id='word_1_126' title='bbox 1783 1900 1926 1952; x_wconf 84' lang='lat' dir='ltr'><strong>acci-</strong></span> 
     </span>
    </p>
   </div>
   <div class='ocr_carea' id='block_1_18' title="bbox 352 1979 1930 2055">
    <p class='ocr_par' dir='ltr' id='par_1_18' title="bbox 352 1979 1930 2055">
     <span class='ocr_line' id='line_1_18' title="bbox 352 1979 1930 2055; baseline 0.007 -26"><span class='ocrx_word' id='word_1_127' title='bbox 352 1979 578 2046; x_wconf 89' lang='lat' dir='ltr'><strong>piamus,</strong></span> <span class='ocrx_word' id='word_1_128' title='bbox 600 1984 887 2051; x_wconf 91' lang='lat' dir='ltr'><strong>rapiamus,</strong></span> <span class='ocrx_word' id='word_1_129' title='bbox 912 2000 1169 2038; x_wconf 90' lang='lat' dir='ltr'><strong>emamus.</strong></span> <span class='ocrx_word' id='word_1_130' title='bbox 1200 1986 1453 2050; x_wconf 87' lang='lat' dir='ltr'><strong>Sitientes,</strong></span> <span class='ocrx_word' id='word_1_131' title='bbox 1480 1987 1664 2055; x_wconf 88' lang='lat' dir='ltr'><strong>inquit,</strong></span> <span class='ocrx_word' id='word_1_132' title='bbox 1689 1990 1845 2040; x_wconf 77' lang='lat' dir='ltr'><strong>venite</strong></span> <span class='ocrx_word' id='word_1_133' title='bbox 1864 1990 1930 2040; x_wconf 92' lang='lat' dir='ltr'><strong>ad</strong></span> 
     </span>
    </p>
   </div>
   <div class='ocr_carea' id='block_1_19' title="bbox 349 2075 1926 2147">
    <p class='ocr_par' dir='ltr' id='par_1_19' title="bbox 349 2075 1926 2147">
     <span class='ocr_line' id='line_1_19' title="bbox 349 2075 1926 2147; baseline 0.008 -29"><span class='ocrx_word' id='word_1_134' title='bbox 349 2086 534 2133; x_wconf 88' lang='lat' dir='ltr'><strong>aquam</strong></span> <span class='ocrx_word' id='word_1_135' title='bbox 557 2091 574 2125; x_wconf 90' lang='lat'><strong><em>:</em></strong></span> <span class='ocrx_word' id='word_1_136' title='bbox 594 2083 641 2126; x_wconf 89' lang='lat' dir='ltr'><strong>et</strong></span> <span class='ocrx_word' id='word_1_137' title='bbox 664 2075 751 2142; x_wconf 88' lang='lat' dir='ltr'><strong>qui</strong></span> <span class='ocrx_word' id='word_1_138' title='bbox 777 2092 874 2127; x_wconf 87' lang='lat' dir='ltr'><strong>non</strong></span> <span class='ocrx_word' id='word_1_139' title='bbox 901 2075 1088 2128; x_wconf 77' lang='lat' dir='ltr'><strong>habetis</strong></span> <span class='ocrx_word' id='word_1_140' title='bbox 1113 2088 1393 2145; x_wconf 86' lang='lat' dir='ltr'><strong>argentum,</strong></span> <span class='ocrx_word' id='word_1_141' title='bbox 1418 2091 1587 2131; x_wconf 88' lang='lat' dir='ltr'><strong>euntes</strong></span> <span class='ocrx_word' id='word_1_142' title='bbox 1611 2080 1755 2131; x_wconf 82' lang='lat' dir='ltr'><strong>emite</strong></span> <span class='ocrx_word' id='word_1_143' title='bbox 1781 2077 1926 2147; x_wconf 89' lang='lat' dir='ltr'><strong>(lsai.</strong></span> 
     </span>
    </p>
   </div>
   <div class='ocr_carea' id='block_1_20' title="bbox 349 2161 1930 2235">
    <p class='ocr_par' dir='ltr' id='par_1_20' title="bbox 349 2161 1930 2235">
     <span class='ocr_line' id='line_1_20' title="bbox 349 2161 1930 2235; baseline 0.004 -21"><span class='ocrx_word' id='word_1_144' title='bbox 349 2161 442 2216; x_wconf 78' lang='lat'><strong>55.</strong></span> <span class='ocrx_word' id='word_1_145' title='bbox 470 2162 541 2235; x_wconf 89' lang='grc'><strong>1).</strong></span> <span class='ocrx_word' id='word_1_146' title='bbox 569 2165 698 2216; x_wconf 90' lang='lat' dir='ltr'><strong>Dum</strong></span> <span class='ocrx_word' id='word_1_147' title='bbox 732 2175 1094 2232; x_wconf 85' lang='lat' dir='ltr'><strong>proponuntur</strong></span> <span class='ocrx_word' id='word_1_148' title='bbox 1118 2168 1365 2220; x_wconf 77' lang='lat' dir='ltr'><strong>nundina:</strong></span> <span class='ocrx_word' id='word_1_149' title='bbox 1385 2211 1400 2233; x_wconf 91' lang='lat'><strong>,</strong></span> <span class='ocrx_word' id='word_1_150' title='bbox 1429 2184 1666 2222; x_wconf 85' lang='lat' dir='ltr'><strong>emamus</strong></span> <span class='ocrx_word' id='word_1_151' title='bbox 1697 2170 1930 2224; x_wconf 87' lang='lat' dir='ltr'><strong>eleemo-</strong></span> 
     </span>
    </p>
   </div>
   <div class='ocr_carea' id='block_1_21' title="bbox 350 2255 1926 2327">
    <p class='ocr_par' dir='ltr' id='par_1_21' title="bbox 350 2255 1926 2327">
     <span class='ocr_line' id='line_1_21' title="bbox 350 2255 1926 2327; baseline 0.006 -23"><span class='ocrx_word' id='word_1_152' title='bbox 350 2267 531 2322; x_wconf 83' lang='lat' dir='ltr'><strong>synas,</strong></span> <span class='ocrx_word' id='word_1_153' title='bbox 560 2255 664 2307; x_wconf 90' lang='lat' dir='ltr'><strong>imo</strong></span> <span class='ocrx_word' id='word_1_154' title='bbox 695 2255 866 2323; x_wconf 90' lang='lat' dir='ltr'><strong>potius</strong></span> <span class='ocrx_word' id='word_1_155' title='bbox 888 2270 980 2324; x_wconf 88' lang='lat' dir='ltr'><strong>per</strong></span> <span class='ocrx_word' id='word_1_156' title='bbox 999 2257 1390 2327; x_wconf 78' lang='lat' dir='ltr'><strong>eleemosynam</strong></span> <span class='ocrx_word' id='word_1_157' title='bbox 1421 2274 1660 2312; x_wconf 87' lang='lat' dir='ltr'><strong>cmamus</strong></span> <span class='ocrx_word' id='word_1_158' title='bbox 1681 2259 1926 2313; x_wconf 69' lang='lat' dir='ltr'><strong>salutem.</strong></span> 
     </span>
    </p>
   </div>
   <div class='ocr_carea' id='block_1_22' title="bbox 349 2339 1924 2417">
    <p class='ocr_par' dir='ltr' id='par_1_22' title="bbox 349 2339 1924 2417">
     <span class='ocr_line' id='line_1_22' title="bbox 349 2339 1924 2417; baseline 0.005 -23"><span class='ocrx_word' id='word_1_159' title='bbox 349 2339 619 2395; x_wconf 85' lang='lat' dir='ltr'><strong>Christum</strong></span> <span class='ocrx_word' id='word_1_160' title='bbox 649 2345 828 2408; x_wconf 60' lang='lat' dir='ltr'><strong>vestis,</strong></span> <span class='ocrx_word' id='word_1_161' title='bbox 858 2345 944 2412; x_wconf 92' lang='lat' dir='ltr'><strong>qui</strong></span> <span class='ocrx_word' id='word_1_162' title='bbox 969 2360 1253 2414; x_wconf 85' lang='lat' dir='ltr'><strong>pauperem</strong></span> <span class='ocrx_word' id='word_1_163' title='bbox 1294 2348 1472 2401; x_wconf 85' lang='lat' dir='ltr'><strong>vestis.</strong></span> <span class='ocrx_word' id='word_1_164' title='bbox 1499 2347 1622 2401; x_wconf 70' lang='lat' dir='ltr'><strong>llmc</strong></span> <span class='ocrx_word' id='word_1_165' title='bbox 1641 2389 1655 2412; x_wconf 96' lang='lat'><strong>,</strong></span> <span class='ocrx_word' id='word_1_166' title='bbox 1682 2349 1886 2417; x_wconf 89' lang='lat' dir='ltr'><strong>inquies</strong></span> <span class='ocrx_word' id='word_1_167' title='bbox 1910 2388 1924 2413; x_wconf 96' lang='lat'><strong>,</strong></span> 
     </span>
    </p>
   </div>
   <div class='ocr_carea' id='block_1_23' title="bbox 353 2431 1930 2507">
    <p class='ocr_par' dir='ltr' id='par_1_23' title="bbox 353 2431 1930 2507">
     <span class='ocr_line' id='line_1_23' title="bbox 353 2431 1930 2507; baseline 0.006 -25"><span class='ocrx_word' id='word_1_168' title='bbox 353 2431 518 2497; x_wconf 90' lang='lat' dir='ltr'><strong>probe</strong></span> <span class='ocrx_word' id='word_1_169' title='bbox 543 2444 597 2486; x_wconf 90' lang='lat' dir='ltr'><strong>et</strong></span> <span class='ocrx_word' id='word_1_170' title='bbox 616 2445 859 2488; x_wconf 85' lang='lat' dir='ltr'><strong>accurate</strong></span> <span class='ocrx_word' id='word_1_171' title='bbox 884 2437 1004 2488; x_wconf 88' lang='lat' dir='ltr'><strong>novi</strong></span> <span class='ocrx_word' id='word_1_172' title='bbox 1032 2453 1042 2487; x_wconf 95' lang='lat'>:</span> <span class='ocrx_word' id='word_1_173' title='bbox 1071 2435 1183 2490; x_wconf 62' lang='lat' dir='ltr'><strong>haec</strong></span> <span class='ocrx_word' id='word_1_174' title='bbox 1209 2438 1355 2506; x_wconf 90' lang='lat' dir='ltr'><strong>prius</strong></span> <span class='ocrx_word' id='word_1_175' title='bbox 1375 2439 1552 2503; x_wconf 90' lang='lat' dir='ltr'><strong>didici,</strong></span> <span class='ocrx_word' id='word_1_176' title='bbox 1576 2455 1680 2493; x_wconf 90' lang='lat' dir='ltr'><strong>non</strong></span> <span class='ocrx_word' id='word_1_177' title='bbox 1712 2449 1763 2492; x_wconf 95' lang='lat' dir='ltr'><strong>tu</strong></span> <span class='ocrx_word' id='word_1_178' title='bbox 1788 2439 1930 2507; x_wconf 91' lang='lat' dir='ltr'><strong>prior</strong></span> 
     </span>
    </p>
   </div>
   <div class='ocr_carea' id='block_1_24' title="bbox 351 2523 1929 2596">
    <p class='ocr_par' dir='ltr' id='par_1_24' title="bbox 351 2523 1929 2596">
     <span class='ocr_line' id='line_1_24' title="bbox 351 2523 1929 2596; baseline 0.006 -21"><span class='ocrx_word' id='word_1_179' title='bbox 351 2523 582 2578; x_wconf 91' lang='lat' dir='ltr'><strong>docuisti</strong></span> <span class='ocrx_word' id='word_1_180' title='bbox 617 2545 627 2578; x_wconf 93' lang='lat'><strong>:</strong></span> <span class='ocrx_word' id='word_1_181' title='bbox 662 2542 832 2594; x_wconf 90' lang='lat' dir='ltr'><strong>neque</strong></span> <span class='ocrx_word' id='word_1_182' title='bbox 870 2543 899 2580; x_wconf 92' lang='lat' dir='ltr'><strong>a</strong></span> <span class='ocrx_word' id='word_1_183' title='bbox 947 2537 998 2582; x_wconf 88' lang='lat' dir='ltr'><strong>te</strong></span> <span class='ocrx_word' id='word_1_184' title='bbox 1031 2530 1254 2596; x_wconf 89' lang='lat' dir='ltr'><strong>primum</strong></span> <span class='ocrx_word' id='word_1_185' title='bbox 1294 2530 1395 2584; x_wconf 86' lang='lat' dir='ltr'><strong>hoc</strong></span> <span class='ocrx_word' id='word_1_186' title='bbox 1438 2532 1735 2585; x_wconf 89' lang='lat' dir='ltr'><strong>audivimus</strong></span> <span class='ocrx_word' id='word_1_187' title='bbox 1769 2550 1781 2584; x_wconf 91' lang='lat'><strong>:</strong></span> <span class='ocrx_word' id='word_1_188' title='bbox 1824 2547 1929 2584; x_wconf 90' lang='lat' dir='ltr'><strong>non</strong></span> 
     </span>
    </p>
   </div>
   <div class='ocr_carea' id='block_1_25' title="bbox 353 2616 1930 2690">
    <p class='ocr_par' dir='ltr' id='par_1_25' title="bbox 353 2616 1930 2690">
     <span class='ocr_line' id='line_1_25' title="bbox 353 2616 1930 2690; baseline 0.006 -26"><span class='ocrx_word' id='word_1_189' title='bbox 353 2627 489 2665; x_wconf 84' lang='lat' dir='ltr'><strong>nova</strong></span> <span class='ocrx_word' id='word_1_190' title='bbox 516 2616 768 2681; x_wconf 69' lang='lat' dir='ltr'><strong>praedicas</strong></span> <span class='ocrx_word' id='word_1_191' title='bbox 792 2659 806 2681; x_wconf 94' lang='lat'><strong>,</strong></span> <span class='ocrx_word' id='word_1_192' title='bbox 839 2617 932 2670; x_wconf 90' lang='lat' dir='ltr'><strong>sed</strong></span> <span class='ocrx_word' id='word_1_193' title='bbox 962 2634 1077 2685; x_wconf 77' lang='lat' dir='ltr'><strong>qua:</strong></span> <span class='ocrx_word' id='word_1_194' title='bbox 1103 2634 1243 2688; x_wconf 64' lang='lat' dir='ltr'><strong>saepe</strong></span> <span class='ocrx_word' id='word_1_195' title='bbox 1282 2621 1427 2674; x_wconf 89' lang='lat' dir='ltr'><strong>tnulti</strong></span> <span class='ocrx_word' id='word_1_196' title='bbox 1471 2637 1537 2676; x_wconf 86' lang='lat' dir='ltr'><strong>ex</strong></span> <span class='ocrx_word' id='word_1_197' title='bbox 1581 2622 1930 2690; x_wconf 64' lang='lat' dir='ltr'><strong>praesentibus</strong></span> 
     </span>
    </p>
   </div>
   <div class='ocr_carea' id='block_1_26' title="bbox 354 2702 1932 2780">
    <p class='ocr_par' dir='ltr' id='par_1_26' title="bbox 354 2702 1932 2780">
     <span class='ocr_line' id='line_1_26' title="bbox 354 2702 1932 2780; baseline 0.007 -27"><span class='ocrx_word' id='word_1_198' title='bbox 354 2716 453 2754; x_wconf 91' lang='lat' dir='ltr'><strong>nos</strong></span> <span class='ocrx_word' id='word_1_199' title='bbox 481 2702 797 2758; x_wconf 88' lang='lat' dir='ltr'><strong>docuerunt.</strong></span> <span class='ocrx_word' id='word_1_200' title='bbox 831 2706 958 2759; x_wconf 82' lang='lat' dir='ltr'><strong>Novi</strong></span> <span class='ocrx_word' id='word_1_201' title='bbox 991 2709 1190 2776; x_wconf 88' lang='lat' dir='ltr'><strong>utique,</strong></span> <span class='ocrx_word' id='word_1_202' title='bbox 1223 2711 1341 2763; x_wconf 89' lang='lat' dir='ltr'><strong>novi</strong></span> <span class='ocrx_word' id='word_1_203' title='bbox 1372 2720 1425 2764; x_wconf 90' lang='lat' dir='ltr'><strong>et</strong></span> <span class='ocrx_word' id='word_1_204' title='bbox 1464 2713 1576 2780; x_wconf 90' lang='lat' dir='ltr'><strong>ipse</strong></span> <span class='ocrx_word' id='word_1_205' title='bbox 1612 2726 1709 2765; x_wconf 89' lang='lat' dir='ltr'><strong>vos</strong></span> <span class='ocrx_word' id='word_1_206' title='bbox 1733 2723 1787 2765; x_wconf 89' lang='lat' dir='ltr'><strong>et</strong></span> <span class='ocrx_word' id='word_1_207' title='bbox 1818 2712 1932 2764; x_wconf 69' lang='lat' dir='ltr'><strong>hare</strong></span> 
     </span>
    </p>
   </div>
   <div class='ocr_carea' id='block_1_27' title="bbox 353 2792 1928 2869">
    <p class='ocr_par' dir='ltr' id='par_1_27' title="bbox 353 2792 1928 2869">
     <span class='ocr_line' id='line_1_27' title="bbox 353 2792 1928 2869; baseline 0.006 -26"><span class='ocrx_word' id='word_1_208' title='bbox 353 2799 407 2843; x_wconf 87' lang='lat' dir='ltr'><strong>et</strong></span> <span class='ocrx_word' id='word_1_209' title='bbox 449 2792 638 2845; x_wconf 89' lang='lat' dir='ltr'><strong>similia</strong></span> <span class='ocrx_word' id='word_1_210' title='bbox 682 2809 824 2863; x_wconf 63' lang='lat' dir='ltr'><strong>sirpe</strong></span> <span class='ocrx_word' id='word_1_211' title='bbox 870 2795 1156 2862; x_wconf 88' lang='lat' dir='ltr'><strong>didicisse;</strong></span> <span class='ocrx_word' id='word_1_212' title='bbox 1187 2800 1278 2852; x_wconf 92' lang='lat' dir='ltr'><strong>scd</strong></span> <span class='ocrx_word' id='word_1_213' title='bbox 1325 2801 1524 2855; x_wconf 87' lang='lat' dir='ltr'><strong>utinam</strong></span> <span class='ocrx_word' id='word_1_214' title='bbox 1567 2816 1712 2869; x_wconf 75' lang='lat' dir='ltr'><strong>smpe</strong></span> <span class='ocrx_word' id='word_1_215' title='bbox 1749 2800 1928 2864; x_wconf 91' lang='lat' dir='ltr'><strong>docti,</strong></span> 
     </span>
    </p>
   </div>
   <div class='ocr_carea' id='block_1_28' title="bbox 353 2884 1932 2960">
    <p class='ocr_par' dir='ltr' id='par_1_28' title="bbox 353 2884 1932 2960">
     <span class='ocr_line' id='line_1_28' title="bbox 353 2884 1932 2960; baseline 0.006 -25"><span class='ocrx_word' id='word_1_216' title='bbox 353 2884 540 2937; x_wconf 85' lang='lat' dir='ltr'><strong>saltem</strong></span> <span class='ocrx_word' id='word_1_217' title='bbox 571 2885 763 2939; x_wconf 91' lang='lat' dir='ltr'><strong>bonum</strong></span> <span class='ocrx_word' id='word_1_218' title='bbox 787 2888 996 2957; x_wconf 91' lang='lat' dir='ltr'><strong>aliquod</strong></span> <span class='ocrx_word' id='word_1_219' title='bbox 1028 2891 1273 2959; x_wconf 87' lang='lat' dir='ltr'><strong>exiguum</strong></span> <span class='ocrx_word' id='word_1_220' title='bbox 1301 2902 1630 2960; x_wconf 63' lang='lat' dir='ltr'><strong>praestemus.</strong></span> <span class='ocrx_word' id='word_1_221' title='bbox 1659 2893 1758 2959; x_wconf 85' lang='lat' dir='ltr'><strong>Qui</strong></span> <span class='ocrx_word' id='word_1_222' title='bbox 1787 2894 1932 2945; x_wconf 83' lang='lat' dir='ltr'><strong>mise-</strong></span> 
     </span>
    </p>
   </div>
   <div class='ocr_carea' id='block_1_29' title="bbox 353 2977 1927 3054">
    <p class='ocr_par' dir='ltr' id='par_1_29' title="bbox 353 2977 1927 3054">
     <span class='ocr_line' id='line_1_29' title="bbox 353 2977 1927 3054; baseline 0.01 -30"><span class='ocrx_word' id='word_1_223' title='bbox 353 2983 491 3025; x_wconf 82' lang='lat' dir='ltr'><strong>retur</strong></span> <span class='ocrx_word' id='word_1_224' title='bbox 517 2977 772 3044; x_wconf 90' lang='lat' dir='ltr'><strong>pauperis,</strong></span> <span class='ocrx_word' id='word_1_225' title='bbox 805 2981 1077 3048; x_wconf 77' lang='lat' dir='ltr'><strong>[teneratur</strong></span> <span class='ocrx_word' id='word_1_226' title='bbox 1097 2980 1203 3036; x_wconf 89' lang='lat' dir='ltr'><strong>Deo</strong></span> <span class='ocrx_word' id='word_1_227' title='bbox 1235 2981 1410 3049; x_wconf 88' lang='lat' dir='ltr'><strong>(Prov.</strong></span> <span class='ocrx_word' id='word_1_228' title='bbox 1443 2984 1532 3038; x_wconf 85' lang='grc'><strong>19.</strong></span> <span class='ocrx_word' id='word_1_229' title='bbox 1564 2985 1672 3054; x_wconf 81' lang='grc'><strong>1³1).</strong></span> <span class='ocrx_word' id='word_1_230' title='bbox 1708 2985 1814 3038; x_wconf 86' lang='lat' dir='ltr'><strong>Deo</strong></span> <span class='ocrx_word' id='word_1_231' title='bbox 1830 2984 1927 3038; x_wconf 73' lang='grc' dir='ltr'><strong>Γω-</strong></span> 
     </span>
    </p>
   </div>
   <div class='ocr_carea' id='block_1_30' title="bbox 356 3068 1930 3138">
    <p class='ocr_par' dir='ltr' id='par_1_30' title="bbox 356 3068 1930 3138">
     <span class='ocr_line' id='line_1_30' title="bbox 356 3068 1930 3138; baseline 0.008 -25"><span class='ocrx_word' id='word_1_232' title='bbox 356 3078 606 3118; x_wconf 89' lang='lat' dir='ltr'><strong>neremur</strong></span> <span class='ocrx_word' id='word_1_233' title='bbox 633 3068 1027 3138; x_wconf 83' lang='lat' dir='ltr'><strong>eleemosynam</strong></span> <span class='ocrx_word' id='word_1_234' title='bbox 1051 3112 1064 3132; x_wconf 91' lang='lat'><strong>,</strong></span> <span class='ocrx_word' id='word_1_235' title='bbox 1096 3082 1155 3124; x_wconf 91' lang='lat' dir='ltr'><strong>ut</strong></span> <span class='ocrx_word' id='word_1_236' title='bbox 1182 3073 1248 3124; x_wconf 90' lang='lat' dir='ltr'><strong>ab</strong></span> <span class='ocrx_word' id='word_1_237' title='bbox 1274 3088 1338 3126; x_wconf 89' lang='lat' dir='ltr'><strong>eo</strong></span> <span class='ocrx_word' id='word_1_238' title='bbox 1365 3074 1662 3127; x_wconf 62' lang='lat' dir='ltr'><strong>clementiae</strong></span> <span class='ocrx_word' id='word_1_239' title='bbox 1699 3074 1930 3128; x_wconf 88' lang='lat' dir='ltr'><strong>retribu-</strong></span> 
     </span>
    </p>
   </div>
   <div class='ocr_carea' id='block_1_31' title="bbox 357 3154 1926 3229">
    <p class='ocr_par' dir='ltr' id='par_1_31' title="bbox 357 3154 1926 3229">
     <span class='ocr_line' id='line_1_31' title="bbox 357 3154 1926 3229; baseline 0.008 -25"><span class='ocrx_word' id='word_1_240' title='bbox 357 3154 552 3205; x_wconf 60' lang='lat' dir='ltr'><strong>tionem</strong></span> <span class='ocrx_word' id='word_1_241' title='bbox 592 3157 932 3224; x_wconf 89' lang='lat' dir='ltr'><strong>accipiamus.</strong></span> <span class='ocrx_word' id='word_1_242' title='bbox 965 3158 1066 3213; x_wconf 85' lang='lat' dir='ltr'><strong>Sed</strong></span> <span class='ocrx_word' id='word_1_243' title='bbox 1088 3201 1102 3223; x_wconf 93' lang='lat'><strong>,</strong></span> <span class='ocrx_word' id='word_1_244' title='bbox 1133 3175 1166 3213; x_wconf 90' lang='grc' dir='ltr'>ο</span> <span class='ocrx_word' id='word_1_245' title='bbox 1190 3162 1640 3229; x_wconf 86' lang='lat' dir='ltr'><strong>sapientissimum</strong></span> <span class='ocrx_word' id='word_1_246' title='bbox 1672 3164 1885 3218; x_wconf 81' lang='lat' dir='ltr'><strong>verbum</strong></span> <span class='ocrx_word' id='word_1_247' title='bbox 1914 3165 1926 3217; x_wconf 86' lang='lat'>!</span> 
     </span>
    </p>
   </div>
   <div class='ocr_carea' id='block_1_32' title="bbox 359 3243 1928 3323">
    <p class='ocr_par' dir='ltr' id='par_1_32' title="bbox 359 3243 1928 3323">
     <span class='ocr_line' id='line_1_32' title="bbox 359 3243 1928 3323; baseline 0.009 -29"><span class='ocrx_word' id='word_1_248' title='bbox 359 3243 458 3308; x_wconf 87' lang='lat' dir='ltr'><strong>Qui</strong></span> <span class='ocrx_word' id='word_1_249' title='bbox 487 3245 746 3299; x_wconf 77' lang='lat' dir='ltr'><strong>miseretur</strong></span> <span class='ocrx_word' id='word_1_250' title='bbox 782 3252 1047 3317; x_wconf 77' lang='lat' dir='ltr'><strong>pauperis,</strong></span> <span class='ocrx_word' id='word_1_251' title='bbox 1074 3254 1345 3320; x_wconf 72' lang='lat' dir='ltr'><strong>[mneratur</strong></span> <span class='ocrx_word' id='word_1_252' title='bbox 1379 3252 1506 3306; x_wconf 90' lang='lat' dir='ltr'><strong>Deo.</strong></span> <span class='ocrx_word' id='word_1_253' title='bbox 1532 3254 1635 3308; x_wconf 87' lang='lat' dir='ltr'><strong>Cur</strong></span> <span class='ocrx_word' id='word_1_254' title='bbox 1672 3269 1799 3323; x_wconf 90' lang='lat' dir='ltr'><strong>ergo</strong></span> <span class='ocrx_word' id='word_1_255' title='bbox 1825 3270 1928 3308; x_wconf 92' lang='lat' dir='ltr'><strong>non</strong></span> 
     </span>
    </p>
   </div>
   <div class='ocr_carea' id='block_1_33' title="bbox 354 3335 1929 3410">
    <p class='ocr_par' dir='ltr' id='par_1_33' title="bbox 354 3335 1929 3410">
     <span class='ocr_line' id='line_1_33' title="bbox 354 3335 1929 3410; baseline 0.008 -24"><span class='ocrx_word' id='word_1_256' title='bbox 354 3335 506 3399; x_wconf 90' lang='lat' dir='ltr'><strong>dixit,</strong></span> <span class='ocrx_word' id='word_1_257' title='bbox 540 3339 636 3403; x_wconf 79' lang='lat' dir='ltr'><strong>Qui</strong></span> <span class='ocrx_word' id='word_1_258' title='bbox 672 3340 951 3394; x_wconf 85' lang='lat' dir='ltr'><strong>miseretur</strong></span> <span class='ocrx_word' id='word_1_259' title='bbox 979 3345 1242 3410; x_wconf 82' lang='lat' dir='ltr'><strong>pauperis,</strong></span> <span class='ocrx_word' id='word_1_260' title='bbox 1280 3345 1370 3397; x_wconf 89' lang='lat' dir='ltr'><strong>dat</strong></span> <span class='ocrx_word' id='word_1_261' title='bbox 1399 3346 1523 3409; x_wconf 88' lang='lat' dir='ltr'><strong>Deo,</strong></span> <span class='ocrx_word' id='word_1_262' title='bbox 1564 3347 1658 3399; x_wconf 91' lang='lat' dir='ltr'><strong>sed</strong></span> <span class='ocrx_word' id='word_1_263' title='bbox 1686 3345 1929 3398; x_wconf 65' lang='lat' dir='ltr'><strong>Faenera-</strong></span> 
     </span>
    </p>
   </div>
   <div class='ocr_carea' id='block_1_34' title="bbox 354 3425 1930 3496">
    <p class='ocr_par' dir='ltr' id='par_1_34' title="bbox 354 3425 1930 3496">
     <span class='ocr_line' id='line_1_34' title="bbox 354 3425 1930 3496; baseline 0.008 -22"><span class='ocrx_word' id='word_1_264' title='bbox 354 3426 477 3477; x_wconf 88' lang='lat' dir='ltr'><strong>tur?</strong></span> <span class='ocrx_word' id='word_1_265' title='bbox 503 3425 664 3479; x_wconf 83' lang='lat' dir='ltr'><strong>Novit</strong></span> <span class='ocrx_word' id='word_1_266' title='bbox 685 3430 951 3496; x_wconf 88' lang='lat' dir='ltr'><strong>Scriptura</strong></span> <span class='ocrx_word' id='word_1_267' title='bbox 979 3433 1253 3484; x_wconf 86' lang='lat' dir='ltr'><strong>avaritiam</strong></span> <span class='ocrx_word' id='word_1_268' title='bbox 1289 3444 1523 3488; x_wconf 89' lang='lat' dir='ltr'><strong>nostram</strong></span> <span class='ocrx_word' id='word_1_269' title='bbox 1551 3452 1563 3486; x_wconf 92' lang='lat'><strong>:</strong></span> <span class='ocrx_word' id='word_1_270' title='bbox 1593 3435 1817 3488; x_wconf 89' lang='lat' dir='ltr'><strong>attendit</strong></span> <span class='ocrx_word' id='word_1_271' title='bbox 1846 3435 1930 3487; x_wconf 65' lang='lat' dir='ltr'><strong>in.</strong></span> 
     </span>
    </p>
   </div>
   <div class='ocr_carea' id='block_1_35' title="bbox 354 3515 1929 3592">
    <p class='ocr_par' dir='ltr' id='par_1_35' title="bbox 354 3515 1929 3592">
     <span class='ocr_line' id='line_1_35' title="bbox 354 3515 1929 3592; baseline 0.008 -28"><span class='ocrx_word' id='word_1_272' title='bbox 354 3515 647 3568; x_wconf 88' lang='lat' dir='ltr'><strong>satiabilem</strong></span> <span class='ocrx_word' id='word_1_273' title='bbox 691 3517 1030 3584; x_wconf 81' lang='lat' dir='ltr'><strong>cupiditatem</strong></span> <span class='ocrx_word' id='word_1_274' title='bbox 1074 3532 1308 3575; x_wconf 86' lang='lat' dir='ltr'><strong>nostram</strong></span> <span class='ocrx_word' id='word_1_275' title='bbox 1334 3564 1348 3586; x_wconf 95' lang='lat'><strong>,</strong></span> <span class='ocrx_word' id='word_1_276' title='bbox 1393 3522 1458 3576; x_wconf 90' lang='lat' dir='ltr'><strong>ad</strong></span> <span class='ocrx_word' id='word_1_277' title='bbox 1502 3525 1777 3576; x_wconf 83' lang='lat' dir='ltr'><strong>avaritiam</strong></span> <span class='ocrx_word' id='word_1_278' title='bbox 1809 3539 1929 3592; x_wconf 85' lang='lat' dir='ltr'><strong>spe-</strong></span> 
     </span>
    </p>
   </div>
   <div class='ocr_carea' id='block_1_36' title="bbox 353 3611 1930 3681">
    <p class='ocr_par' dir='ltr' id='par_1_36' title="bbox 353 3611 1930 3681">
     <span class='ocr_line' id='line_1_36' title="bbox 353 3611 1930 3681; baseline 0.006 -26"><span class='ocrx_word' id='word_1_279' title='bbox 353 3612 584 3656; x_wconf 88' lang='lat' dir='ltr'><strong>ctantem</strong></span> <span class='ocrx_word' id='word_1_280' title='bbox 615 3645 630 3669; x_wconf 95' lang='lat'><strong>,</strong></span> <span class='ocrx_word' id='word_1_281' title='bbox 680 3615 939 3674; x_wconf 75' lang='lat' dir='ltr'><strong>quaestum</strong></span> <span class='ocrx_word' id='word_1_282' title='bbox 1000 3613 1269 3678; x_wconf 89' lang='lat' dir='ltr'><strong>requirere</strong></span> <span class='ocrx_word' id='word_1_283' title='bbox 1300 3653 1314 3677; x_wconf 95' lang='lat'><strong>,</strong></span> <span class='ocrx_word' id='word_1_284' title='bbox 1371 3611 1593 3681; x_wconf 90' lang='lat' dir='ltr'><strong>ideoque</strong></span> <span class='ocrx_word' id='word_1_285' title='bbox 1644 3629 1748 3666; x_wconf 85' lang='lat' dir='ltr'><strong>non</strong></span> <span class='ocrx_word' id='word_1_286' title='bbox 1799 3613 1930 3665; x_wconf 81' lang='lat' dir='ltr'><strong>dixit</strong></span> 
     </span>
    </p>
   </div>
   <div class='ocr_carea' id='block_1_37' title="bbox 352 3694 1929 3770">
    <p class='ocr_par' dir='ltr' id='par_1_37' title="bbox 352 3694 1929 3770">
     <span class='ocr_line' id='line_1_37' title="bbox 352 3694 1929 3770; baseline 0.007 -26"><span class='ocrx_word' id='word_1_287' title='bbox 352 3694 698 3761; x_wconf 88' lang='lat' dir='ltr'><strong>simpliciter,</strong></span> <span class='ocrx_word' id='word_1_288' title='bbox 742 3696 840 3762; x_wconf 91' lang='lat' dir='ltr'><strong>Qui</strong></span> <span class='ocrx_word' id='word_1_289' title='bbox 892 3699 1174 3753; x_wconf 81' lang='lat' dir='ltr'><strong>miseretur</strong></span> <span class='ocrx_word' id='word_1_290' title='bbox 1223 3703 1468 3770; x_wconf 83' lang='lat' dir='ltr'><strong>pauperis</strong></span> <span class='ocrx_word' id='word_1_291' title='bbox 1493 3744 1508 3769; x_wconf 94' lang='lat'><strong>,</strong></span> <span class='ocrx_word' id='word_1_292' title='bbox 1552 3701 1642 3755; x_wconf 89' lang='lat' dir='ltr'><strong>dat</strong></span> <span class='ocrx_word' id='word_1_293' title='bbox 1684 3702 1832 3755; x_wconf 87' lang='lat' dir='ltr'><strong>Deo:</strong></span> <span class='ocrx_word' id='word_1_294' title='bbox 1862 3717 1929 3755; x_wconf 90' lang='lat' dir='ltr'><strong>ne</strong></span> 
     </span>
    </p>
   </div>
   <div class='ocr_carea' id='block_1_38' title="bbox 354 3783 1930 3858">
    <p class='ocr_par' dir='ltr' id='par_1_38' title="bbox 354 3783 1930 3858">
     <span class='ocr_line' id='line_1_38' title="bbox 354 3783 1930 3858; baseline 0.005 -25"><span class='ocrx_word' id='word_1_295' title='bbox 354 3783 645 3851; x_wconf 82' lang='lat' dir='ltr'><strong>simplicem</strong></span> <span class='ocrx_word' id='word_1_296' title='bbox 695 3787 1094 3842; x_wconf 88' lang='lat' dir='ltr'><strong>retributionem</strong></span> <span class='ocrx_word' id='word_1_297' title='bbox 1136 3802 1380 3858; x_wconf 88' lang='lat' dir='ltr'><strong>putares,</strong></span> <span class='ocrx_word' id='word_1_298' title='bbox 1407 3792 1498 3844; x_wconf 88' lang='lat' dir='ltr'><strong>sed</strong></span> <span class='ocrx_word' id='word_1_299' title='bbox 1532 3791 1632 3858; x_wconf 86' lang='lat' dir='ltr'><strong>Qui</strong></span> <span class='ocrx_word' id='word_1_300' title='bbox 1673 3793 1930 3844; x_wconf 76' lang='lat' dir='ltr'><strong>miseretur</strong></span> 
     </span>
    </p>
   </div>
   <div class='ocr_carea' id='block_1_39' title="bbox 355 3875 1929 3949">
    <p class='ocr_par' dir='ltr' id='par_1_39' title="bbox 355 3875 1929 3949">
     <span class='ocr_line' id='line_1_39' title="bbox 355 3875 1929 3949; baseline 0.008 -26"><span class='ocrx_word' id='word_1_301' title='bbox 355 3875 590 3940; x_wconf 85' lang='lat' dir='ltr'><strong>pauperis</strong></span> <span class='ocrx_word' id='word_1_302' title='bbox 613 3916 628 3939; x_wconf 92' lang='lat'><strong>,</strong></span> <span class='ocrx_word' id='word_1_303' title='bbox 660 3879 930 3945; x_wconf 73' lang='lat' dir='ltr'><strong>[mueratur</strong></span> <span class='ocrx_word' id='word_1_304' title='bbox 972 3878 1099 3932; x_wconf 89' lang='lat' dir='ltr'><strong>Deo.</strong></span> <span class='ocrx_word' id='word_1_305' title='bbox 1154 3881 1208 3934; x_wconf 89' lang='lat' dir='ltr'><strong>Si</strong></span> <span class='ocrx_word' id='word_1_306' title='bbox 1253 3881 1360 3934; x_wconf 91' lang='lat' dir='ltr'><strong>Deo</strong></span> <span class='ocrx_word' id='word_1_307' title='bbox 1411 3882 1732 3937; x_wconf 76' lang='lat' dir='ltr'><strong>fmneramur</strong></span> <span class='ocrx_word' id='word_1_308' title='bbox 1758 3923 1772 3947; x_wconf 94' lang='lat'><strong>,</strong></span> <span class='ocrx_word' id='word_1_309' title='bbox 1803 3895 1929 3949; x_wconf 89' lang='lat' dir='ltr'><strong>ergo</strong></span> 
     </span>
    </p>
   </div>
   <div class='ocr_carea' id='block_1_40' title="bbox 353 3966 1924 4042">
    <p class='ocr_par' dir='ltr' id='par_1_40' title="bbox 353 3966 1924 4042">
     <span class='ocr_line' id='line_1_40' title="bbox 353 3966 1924 4042; baseline 0.007 -25"><span class='ocrx_word' id='word_1_310' title='bbox 353 3966 563 4019; x_wconf 90' lang='lat' dir='ltr'><strong>debitor</strong></span> <span class='ocrx_word' id='word_1_311' title='bbox 591 3968 679 4021; x_wconf 89' lang='lat' dir='ltr'><strong>ille</strong></span> <span class='ocrx_word' id='word_1_312' title='bbox 709 3969 861 4023; x_wconf 91' lang='lat' dir='ltr'><strong>nobis</strong></span> <span class='ocrx_word' id='word_1_313' title='bbox 890 3980 993 4025; x_wconf 89' lang='lat' dir='ltr'><strong>est.</strong></span> <span class='ocrx_word' id='word_1_314' title='bbox 1024 3972 1189 4038; x_wconf 90' lang='lat' dir='ltr'><strong>Quem</strong></span> <span class='ocrx_word' id='word_1_315' title='bbox 1219 3989 1347 4042; x_wconf 84' lang='lat' dir='ltr'><strong>ergo</strong></span> <span class='ocrx_word' id='word_1_316' title='bbox 1376 3989 1497 4028; x_wconf 89' lang='lat' dir='ltr'><strong>eum</strong></span> <span class='ocrx_word' id='word_1_317' title='bbox 1530 3977 1621 4028; x_wconf 90' lang='lat' dir='ltr'><strong>tibi</strong></span> <span class='ocrx_word' id='word_1_318' title='bbox 1648 3977 1727 4028; x_wconf 86' lang='lat' dir='ltr'><strong>vis</strong></span> <span class='ocrx_word' id='word_1_319' title='bbox 1771 3989 1887 4028; x_wconf 89' lang='lat' dir='ltr'><strong>esse</strong></span> <span class='ocrx_word' id='word_1_320' title='bbox 1910 4015 1924 4037; x_wconf 90' lang='lat'><strong>,</strong></span> 
     </span>
    </p>
   </div>
   <div class='ocr_carea' id='block_1_41' title="bbox 351 4055 1927 4124">
    <p class='ocr_par' dir='ltr' id='par_1_41' title="bbox 351 4055 1927 4124">
     <span class='ocr_line' id='line_1_41' title="bbox 351 4055 1927 4124; baseline 0.008 -18"><span class='ocrx_word' id='word_1_321' title='bbox 351 4055 580 4124; x_wconf 79' lang='lat' dir='ltr'><strong>judicent</strong></span> <span class='ocrx_word' id='word_1_322' title='bbox 624 4073 691 4110; x_wconf 93' lang='lat' dir='ltr'><strong>an</strong></span> <span class='ocrx_word' id='word_1_323' title='bbox 737 4059 1065 4115; x_wconf 85' lang='lat' dir='ltr'><strong>debitorem?</strong></span> <span class='ocrx_word' id='word_1_324' title='bbox 1099 4063 1311 4117; x_wconf 85' lang='lat' dir='ltr'><strong>Debitor</strong></span> <span class='ocrx_word' id='word_1_325' title='bbox 1336 4076 1620 4120; x_wconf 84' lang='lat' dir='ltr'><strong>veneratur</strong></span> <span class='ocrx_word' id='word_1_326' title='bbox 1661 4067 1927 4121; x_wconf 61' lang='lat' dir='ltr'><strong>ueneran-</strong></span> 
     </span>
    </p>
   </div>
   <div class='ocr_carea' id='block_1_42' title="bbox 357 4147 1931 4227">
    <p class='ocr_par' dir='ltr' id='par_1_42' title="bbox 357 4147 1931 4227">
     <span class='ocr_line' id='line_1_42' title="bbox 357 4147 1931 4227; baseline 0.009 -30"><span class='ocrx_word' id='word_1_327' title='bbox 357 4154 482 4209; x_wconf 88' lang='lat' dir='ltr'><strong>tern,</strong></span> <span class='ocrx_word' id='word_1_328' title='bbox 501 4147 663 4216; x_wconf 80' lang='lat' dir='ltr'><strong>judex</strong></span> <span class='ocrx_word' id='word_1_329' title='bbox 694 4165 819 4204; x_wconf 90' lang='lat' dir='ltr'><strong>vero</strong></span> <span class='ocrx_word' id='word_1_330' title='bbox 847 4167 948 4205; x_wconf 89' lang='lat' dir='ltr'><strong>non</strong></span> <span class='ocrx_word' id='word_1_331' title='bbox 973 4164 1245 4208; x_wconf 87' lang='lat' dir='ltr'><strong>reveretur</strong></span> <span class='ocrx_word' id='word_1_332' title='bbox 1286 4173 1424 4222; x_wconf 92' lang='lat' dir='ltr'><strong>eum,</strong></span> <span class='ocrx_word' id='word_1_333' title='bbox 1456 4158 1539 4211; x_wconf 91' lang='lat' dir='ltr'><strong>cui</strong></span> <span class='ocrx_word' id='word_1_334' title='bbox 1570 4159 1682 4227; x_wconf 79' lang='lat' dir='ltr'><strong>ipse</strong></span> <span class='ocrx_word' id='word_1_335' title='bbox 1705 4158 1931 4213; x_wconf 69' lang='lat' dir='ltr'><strong>faenera—</strong></span> 
     </span>
    </p>
   </div>
   <div class='ocr_carea' id='block_1_43' title="bbox 355 4247 567 4293">
    <p class='ocr_par' dir='ltr' id='par_1_43' title="bbox 355 4247 567 4293">
     <span class='ocr_line' id='line_1_43' title="bbox 355 4247 567 4293; baseline 0.014 -4"><span class='ocrx_word' id='word_1_336' title='bbox 355 4247 438 4292; x_wconf 88' lang='lat' dir='ltr'><strong>tus</strong></span> <span class='ocrx_word' id='word_1_337' title='bbox 466 4249 567 4293; x_wconf 75' lang='lat' dir='ltr'><strong>est.</strong></span> 
     </span>
    </p>
   </div>
   <div class='ocr_carea' id='block_1_44' title="bbox 427 4331 1923 4402">
    <p class='ocr_par' dir='ltr' id='par_1_44' title="bbox 427 4331 1923 4402">
     <span class='ocr_line' id='line_1_44' title="bbox 427 4331 1923 4402; baseline 0.01 -20"><span class='ocrx_word' id='word_1_338' title='bbox 427 4331 477 4382; x_wconf 89' lang='lat'><strong>7.</strong></span> <span class='ocrx_word' id='word_1_339' title='bbox 509 4332 735 4387; x_wconf 85' lang='lat' dir='ltr'><strong>Necesse</strong></span> <span class='ocrx_word' id='word_1_340' title='bbox 760 4345 934 4390; x_wconf 87' lang='lat' dir='ltr'><strong>autem</strong></span> <span class='ocrx_word' id='word_1_341' title='bbox 964 4349 1064 4402; x_wconf 90' lang='lat' dir='ltr'><strong>est,</strong></span> <span class='ocrx_word' id='word_1_342' title='bbox 1093 4350 1150 4394; x_wconf 94' lang='lat' dir='ltr'><strong>ut</strong></span> <span class='ocrx_word' id='word_1_343' title='bbox 1177 4344 1466 4398; x_wconf 89' lang='lat' dir='ltr'><strong>secundum</strong></span> <span class='ocrx_word' id='word_1_344' title='bbox 1488 4346 1642 4399; x_wconf 90' lang='lat' dir='ltr'><strong>aliam</strong></span> <span class='ocrx_word' id='word_1_345' title='bbox 1667 4347 1923 4399; x_wconf 88' lang='lat' dir='ltr'><strong>rationem</strong></span> 
     </span>
    </p>
   </div>
   <div class='ocr_carea' id='block_1_45' title="bbox 360 4419 1928 4504">
    <p class='ocr_par' dir='ltr' id='par_1_45' title="bbox 360 4419 1928 4504">
     <span class='ocr_line' id='line_1_45' title="bbox 360 4419 1928 4504; baseline 0.013 -35"><span class='ocrx_word' id='word_1_346' title='bbox 360 4419 666 4484; x_wconf 86' lang='lat' dir='ltr'><strong>videamus,</strong></span> <span class='ocrx_word' id='word_1_347' title='bbox 707 4438 803 4476; x_wconf 92' lang='lat' dir='ltr'><strong>cur</strong></span> <span class='ocrx_word' id='word_1_348' title='bbox 848 4426 986 4481; x_wconf 87' lang='lat' dir='ltr'><strong>Deus</strong></span> <span class='ocrx_word' id='word_1_349' title='bbox 1024 4430 1225 4485; x_wconf 81' lang='lat' dir='ltr'><strong>dixerit</strong></span> <span class='ocrx_word' id='word_1_350' title='bbox 1264 4435 1363 4488; x_wconf 90' lang='lat' dir='ltr'><strong>sibi</strong></span> <span class='ocrx_word' id='word_1_351' title='bbox 1390 4436 1634 4489; x_wconf 77' lang='lat' dir='ltr'><strong>lmnerari</strong></span> <span class='ocrx_word' id='word_1_352' title='bbox 1655 4451 1774 4488; x_wconf 93' lang='lat' dir='ltr'><strong>eum</strong></span> <span class='ocrx_word' id='word_1_353' title='bbox 1795 4477 1809 4500; x_wconf 93' lang='lat'><strong>,</strong></span> <span class='ocrx_word' id='word_1_354' title='bbox 1839 4437 1928 4504; x_wconf 93' lang='lat' dir='ltr'><strong>qui</strong></span> 
     </span>
    </p>
   </div>
   <div class='ocr_carea' id='block_1_46' title="bbox 356 4511 1928 4582">
    <p class='ocr_par' dir='ltr' id='par_1_46' title="bbox 356 4511 1928 4582">
     <span class='ocr_line' id='line_1_46' title="bbox 356 4511 1928 4582; baseline 0.011 -19"><span class='ocrx_word' id='word_1_355' title='bbox 356 4511 448 4564; x_wconf 89' lang='lat' dir='ltr'><strong>dat</strong></span> <span class='ocrx_word' id='word_1_356' title='bbox 493 4514 728 4580; x_wconf 84' lang='lat' dir='ltr'><strong>pauperi.</strong></span> <span class='ocrx_word' id='word_1_357' title='bbox 761 4515 1019 4582; x_wconf 90' lang='lat' dir='ltr'><strong>Quoniam</strong></span> <span class='ocrx_word' id='word_1_358' title='bbox 1051 4523 1257 4578; x_wconf 87' lang='lat' dir='ltr'><strong>videbat</strong></span> <span class='ocrx_word' id='word_1_359' title='bbox 1294 4528 1564 4580; x_wconf 87' lang='lat' dir='ltr'><strong>avaritiam</strong></span> <span class='ocrx_word' id='word_1_360' title='bbox 1608 4537 1838 4580; x_wconf 88' lang='lat' dir='ltr'><strong>nostram</strong></span> <span class='ocrx_word' id='word_1_361' title='bbox 1862 4528 1928 4582; x_wconf 87' lang='lat' dir='ltr'><strong>ad</strong></span> 
     </span>
    </p>
   </div>
   <div class='ocr_carea' id='block_1_47' title="bbox 356 4604 1926 4684">
    <p class='ocr_par' dir='ltr' id='par_1_47' title="bbox 356 4604 1926 4684">
     <span class='ocr_line' id='line_1_47' title="bbox 356 4604 1926 4684; baseline 0.013 -34"><span class='ocrx_word' id='word_1_362' title='bbox 356 4609 615 4668; x_wconf 65' lang='lat' dir='ltr'><strong>qumstum</strong></span> <span class='ocrx_word' id='word_1_363' title='bbox 643 4604 860 4660; x_wconf 86' lang='lat' dir='ltr'><strong>tendere</strong></span> <span class='ocrx_word' id='word_1_364' title='bbox 879 4649 894 4672; x_wconf 95' lang='lat'><strong>,</strong></span> <span class='ocrx_word' id='word_1_365' title='bbox 923 4618 977 4662; x_wconf 93' lang='lat' dir='ltr'><strong>ut</strong></span> <span class='ocrx_word' id='word_1_366' title='bbox 996 4609 1104 4679; x_wconf 87' lang='lat' dir='ltr'><strong>jam</strong></span> <span class='ocrx_word' id='word_1_367' title='bbox 1136 4613 1273 4680; x_wconf 89' lang='lat' dir='ltr'><strong>dixi,</strong></span> <span class='ocrx_word' id='word_1_368' title='bbox 1310 4625 1364 4668; x_wconf 87' lang='lat' dir='ltr'><strong>ct</strong></span> <span class='ocrx_word' id='word_1_369' title='bbox 1387 4631 1507 4669; x_wconf 92' lang='lat' dir='ltr'><strong>eum</strong></span> <span class='ocrx_word' id='word_1_370' title='bbox 1539 4617 1624 4684; x_wconf 89' lang='lat' dir='ltr'><strong>qui</strong></span> <span class='ocrx_word' id='word_1_371' title='bbox 1653 4618 1926 4683; x_wconf 88' lang='lat' dir='ltr'><strong>pecuniam</strong></span> 
     </span>
    </p>
   </div>
   <div class='ocr_carea' id='block_1_48' title="bbox 359 4689 1926 4763">
    <p class='ocr_par' dir='ltr' id='par_1_48' title="bbox 359 4689 1926 4763">
     <span class='ocr_line' id='line_1_48' title="bbox 359 4689 1926 4763; baseline 0.013 -21"><span class='ocrx_word' id='word_1_372' title='bbox 359 4689 586 4755; x_wconf 88' lang='lat' dir='ltr'><strong>habeat,</strong></span> <span class='ocrx_word' id='word_1_373' title='bbox 625 4693 925 4752; x_wconf 88' lang='lat' dir='ltr'><strong>nullatenus</strong></span> <span class='ocrx_word' id='word_1_374' title='bbox 966 4702 1102 4756; x_wconf 89' lang='lat' dir='ltr'><strong>velle</strong></span> <span class='ocrx_word' id='word_1_375' title='bbox 1144 4705 1258 4758; x_wconf 88' lang='lat' dir='ltr'><strong>sine</strong></span> <span class='ocrx_word' id='word_1_376' title='bbox 1296 4707 1578 4759; x_wconf 89' lang='lat' dir='ltr'><strong>securitate</strong></span> <span class='ocrx_word' id='word_1_377' title='bbox 1622 4706 1868 4762; x_wconf 64' lang='lat' dir='ltr'><strong>uenerari</strong></span> <span class='ocrx_word' id='word_1_378' title='bbox 1912 4727 1926 4763; x_wconf 90' lang='lat'><strong>:</strong></span> 
     </span>
    </p>
   </div>
   <div class='ocr_carea' id='block_1_49' title="bbox 360 4779 1926 4866">
    <p class='ocr_par' dir='ltr' id='par_1_49' title="bbox 360 4779 1926 4866">
     <span class='ocr_line' id='line_1_49' title="bbox 360 4779 1926 4866; baseline 0.013 -35"><span class='ocrx_word' id='word_1_379' title='bbox 360 4779 588 4845; x_wconf 88' lang='lat' dir='ltr'><strong>postulat</strong></span> <span class='ocrx_word' id='word_1_380' title='bbox 612 4781 754 4836; x_wconf 90' lang='lat' dir='ltr'><strong>enim</strong></span> <span class='ocrx_word' id='word_1_381' title='bbox 783 4785 1086 4855; x_wconf 75' lang='lat' dir='ltr'><strong>fmuerator,</strong></span> <span class='ocrx_word' id='word_1_382' title='bbox 1106 4802 1197 4846; x_wconf 89' lang='lat' dir='ltr'><strong>aut</strong></span> <span class='ocrx_word' id='word_1_383' title='bbox 1217 4793 1587 4864; x_wconf 87' lang='lat' dir='ltr'><strong>hypothecam,</strong></span> <span class='ocrx_word' id='word_1_384' title='bbox 1609 4806 1694 4850; x_wconf 91' lang='lat' dir='ltr'><strong>aut</strong></span> <span class='ocrx_word' id='word_1_385' title='bbox 1721 4797 1926 4866; x_wconf 87' lang='lat' dir='ltr'><strong>pignus,</strong></span> 
     </span>
    </p>
   </div>
   <div class='ocr_carea' id='block_1_50' title="bbox 355 4879 1930 4955">
    <p class='ocr_par' dir='ltr' id='par_1_50' title="bbox 355 4879 1930 4955">
     <span class='ocr_line' id='line_1_50' title="bbox 355 4879 1930 4955; baseline 0.015 -36"><span class='ocrx_word' id='word_1_386' title='bbox 355 4879 448 4921; x_wconf 82' lang='lat' dir='ltr'><strong>aut</strong></span> <span class='ocrx_word' id='word_1_387' title='bbox 471 4883 783 4938; x_wconf 88' lang='lat' dir='ltr'><strong>sponsorem</strong></span> <span class='ocrx_word' id='word_1_388' title='bbox 815 4893 828 4930; x_wconf 93' lang='lat'><strong>:</strong></span> <span class='ocrx_word' id='word_1_389' title='bbox 855 4887 1012 4948; x_wconf 88' lang='lat' dir='ltr'><strong>atque</strong></span> <span class='ocrx_word' id='word_1_390' title='bbox 1039 4882 1136 4936; x_wconf 88' lang='lat' dir='ltr'><strong>hac</strong></span> <span class='ocrx_word' id='word_1_391' title='bbox 1157 4885 1346 4952; x_wconf 90' lang='lat' dir='ltr'><strong>triplici</strong></span> <span class='ocrx_word' id='word_1_392' title='bbox 1380 4886 1620 4938; x_wconf 89' lang='lat' dir='ltr'><strong>cautione</strong></span> <span class='ocrx_word' id='word_1_393' title='bbox 1653 4890 1930 4955; x_wconf 88' lang='lat' dir='ltr'><strong>pecuniam</strong></span> 
     </span>
    </p>
   </div>
   <div class='ocr_carea' id='block_1_51' title="bbox 356 4958 1925 5046">
    <p class='ocr_par' dir='ltr' id='par_1_51' title="bbox 356 4958 1925 5046">
     <span class='ocr_line' id='line_1_51' title="bbox 356 4958 1925 5046; baseline 0.017 -36"><span class='ocrx_word' id='word_1_394' title='bbox 356 4958 527 5013; x_wconf 82' lang='lat' dir='ltr'><strong>credit</strong></span> <span class='ocrx_word' id='word_1_395' title='bbox 546 4975 694 5015; x_wconf 88' lang='lat' dir='ltr'><strong>suam</strong></span> <span class='ocrx_word' id='word_1_396' title='bbox 717 5004 731 5025; x_wconf 93' lang='lat'><strong>,</strong></span> <span class='ocrx_word' id='word_1_397' title='bbox 758 4976 849 5020; x_wconf 88' lang='lat' dir='ltr'><strong>aut</strong></span> <span class='ocrx_word' id='word_1_398' title='bbox 880 4973 1220 5037; x_wconf 85' lang='lat' dir='ltr'><strong>sponsionem</strong></span> <span class='ocrx_word' id='word_1_399' title='bbox 1249 4975 1510 5043; x_wconf 91' lang='lat' dir='ltr'><strong>accipiens</strong></span> <span class='ocrx_word' id='word_1_400' title='bbox 1528 5016 1543 5040; x_wconf 95' lang='lat'><strong>,</strong></span> <span class='ocrx_word' id='word_1_401' title='bbox 1576 4987 1631 5029; x_wconf 95' lang='lat' dir='ltr'><strong>ut</strong></span> <span class='ocrx_word' id='word_1_402' title='bbox 1653 4978 1760 5044; x_wconf 88' lang='lat' dir='ltr'><strong>jam</strong></span> <span class='ocrx_word' id='word_1_403' title='bbox 1787 4980 1925 5046; x_wconf 83' lang='lat' dir='ltr'><strong>dixi,</strong></span> 
     </span>
    </p>
   </div>
   <div class='ocr_carea' id='block_1_52' title="bbox 357 5053 1930 5140">
    <p class='ocr_par' dir='ltr' id='par_1_52' title="bbox 357 5053 1930 5140">
     <span class='ocr_line' id='line_1_52' title="bbox 357 5053 1930 5140; baseline 0.017 -38"><span class='ocrx_word' id='word_1_404' title='bbox 357 5061 448 5104; x_wconf 80' lang='lat' dir='ltr'><strong>aut</strong></span> <span class='ocrx_word' id='word_1_405' title='bbox 477 5053 825 5122; x_wconf 82' lang='lat' dir='ltr'><strong>ltypotltecam</strong></span> <span class='ocrx_word' id='word_1_406' title='bbox 845 5099 858 5121; x_wconf 96' lang='lat'><strong>,</strong></span> <span class='ocrx_word' id='word_1_407' title='bbox 889 5073 979 5114; x_wconf 91' lang='lat' dir='ltr'><strong>aut</strong></span> <span class='ocrx_word' id='word_1_408' title='bbox 1006 5066 1212 5133; x_wconf 89' lang='lat' dir='ltr'><strong>pignus.</strong></span> <span class='ocrx_word' id='word_1_409' title='bbox 1239 5066 1369 5120; x_wconf 89' lang='lat' dir='ltr'><strong>Cum</strong></span> <span class='ocrx_word' id='word_1_410' title='bbox 1394 5069 1552 5122; x_wconf 87' lang='lat' dir='ltr'><strong>sciret</strong></span> <span class='ocrx_word' id='word_1_411' title='bbox 1587 5069 1763 5140; x_wconf 89' lang='lat' dir='ltr'><strong>itaque</strong></span> <span class='ocrx_word' id='word_1_412' title='bbox 1795 5074 1930 5128; x_wconf 86' lang='lat' dir='ltr'><strong>Deus</strong></span> 
     </span>
    </p>
   </div>
   <div class='ocr_carea' id='block_1_53' title="bbox 358 5144 1929 5224">
    <p class='ocr_par' dir='ltr' id='par_1_53' title="bbox 358 5144 1929 5224">
     <span class='ocr_line' id='line_1_53' title="bbox 358 5144 1929 5224; baseline 0.014 -29"><span class='ocrx_word' id='word_1_413' title='bbox 358 5144 618 5198; x_wconf 89' lang='lat' dir='ltr'><strong>nemiuem</strong></span> <span class='ocrx_word' id='word_1_414' title='bbox 649 5144 730 5200; x_wconf 87' lang='lat' dir='ltr'><strong>his</strong></span> <span class='ocrx_word' id='word_1_415' title='bbox 751 5149 868 5202; x_wconf 85' lang='lat' dir='ltr'><strong>sine</strong></span> <span class='ocrx_word' id='word_1_416' title='bbox 888 5156 1218 5212; x_wconf 68' lang='lat' dir='ltr'><strong>cautionibus</strong></span> <span class='ocrx_word' id='word_1_417' title='bbox 1239 5157 1507 5224; x_wconf 65' lang='lat' dir='ltr'><strong>uenerari,</strong></span> <span class='ocrx_word' id='word_1_418' title='bbox 1531 5161 1796 5216; x_wconf 91' lang='lat' dir='ltr'><strong>neminem</strong></span> <span class='ocrx_word' id='word_1_419' title='bbox 1819 5165 1929 5217; x_wconf 89' lang='lat' dir='ltr'><strong>sola</strong></span> 
     </span>
    </p>
   </div>
   <div class='ocr_carea' id='block_1_54' title="bbox 356 5239 1925 5310">
    <p class='ocr_par' dir='ltr' id='par_1_54' title="bbox 356 5239 1925 5310">
     <span class='ocr_line' id='line_1_54' title="bbox 356 5239 1925 5310; baseline 0.013 -19"><span class='ocrx_word' id='word_1_420' title='bbox 356 5239 633 5293; x_wconf 87' lang='lat' dir='ltr'><strong>clementia</strong></span> <span class='ocrx_word' id='word_1_421' title='bbox 663 5242 862 5294; x_wconf 88' lang='lat' dir='ltr'><strong>moveri</strong></span> <span class='ocrx_word' id='word_1_422' title='bbox 883 5285 897 5302; x_wconf 85' lang='lat'><strong>.</strong></span> <span class='ocrx_word' id='word_1_423' title='bbox 931 5246 1022 5298; x_wconf 87' lang='lat' dir='ltr'><strong>sed</strong></span> <span class='ocrx_word' id='word_1_424' title='bbox 1047 5249 1190 5303; x_wconf 91' lang='lat' dir='ltr'><strong>lucro</strong></span> <span class='ocrx_word' id='word_1_425' title='bbox 1215 5260 1414 5305; x_wconf 89' lang='lat' dir='ltr'><strong>tantum</strong></span> <span class='ocrx_word' id='word_1_426' title='bbox 1445 5253 1671 5306; x_wconf 90' lang='lat' dir='ltr'><strong>intentos</strong></span> <span class='ocrx_word' id='word_1_427' title='bbox 1697 5271 1882 5310; x_wconf 91' lang='lat' dir='ltr'><strong>omnes</strong></span> <span class='ocrx_word' id='word_1_428' title='bbox 1913 5276 1925 5310; x_wconf 93' lang='lat'>:</span> 
     </span>
    </p>
   </div>
   <div class='ocr_carea' id='block_1_55' title="bbox 356 5332 1932 5417">
    <p class='ocr_par' dir='ltr' id='par_1_55' title="bbox 356 5332 1932 5417">
     <span class='ocr_line' id='line_1_55' title="bbox 356 5332 1932 5417; baseline 0.01 -34"><span class='ocrx_word' id='word_1_429' title='bbox 356 5343 642 5400; x_wconf 82' lang='lat' dir='ltr'><strong>pauperem</strong></span> <span class='ocrx_word' id='word_1_430' title='bbox 670 5347 796 5384; x_wconf 88' lang='lat' dir='ltr'><strong>vero</strong></span> <span class='ocrx_word' id='word_1_431' title='bbox 819 5332 921 5385; x_wconf 88' lang='lat' dir='ltr'><strong>iliis</strong></span> <span class='ocrx_word' id='word_1_432' title='bbox 940 5341 1184 5393; x_wconf 90' lang='lat' dir='ltr'><strong>omnibus</strong></span> <span class='ocrx_word' id='word_1_433' title='bbox 1209 5358 1327 5397; x_wconf 81' lang='lat' dir='ltr'><strong>esse</strong></span> <span class='ocrx_word' id='word_1_434' title='bbox 1347 5342 1684 5408; x_wconf 91' lang='lat' dir='ltr'><strong>destitutum;</strong></span> <span class='ocrx_word' id='word_1_435' title='bbox 1710 5361 1812 5397; x_wconf 91' lang='lat' dir='ltr'><strong>non</strong></span> <span class='ocrx_word' id='word_1_436' title='bbox 1839 5347 1932 5417; x_wconf 86' lang='lat' dir='ltr'><strong>by-</strong></span> 
     </span>
    </p>
   </div>
   <div class='ocr_carea' id='block_1_56' title="bbox 358 5423 1929 5505">
    <p class='ocr_par' dir='ltr' id='par_1_56' title="bbox 358 5423 1929 5505">
     <span class='ocr_line' id='line_1_56' title="bbox 358 5423 1929 5505; baseline 0.01 -29"><span class='ocrx_word' id='word_1_437' title='bbox 358 5425 638 5492; x_wconf 85' lang='lat' dir='ltr'><strong>pothecam</strong></span> <span class='ocrx_word' id='word_1_438' title='bbox 682 5423 905 5490; x_wconf 89' lang='lat' dir='ltr'><strong>habere,</strong></span> <span class='ocrx_word' id='word_1_439' title='bbox 948 5429 1033 5495; x_wconf 93' lang='lat' dir='ltr'><strong>qui</strong></span> <span class='ocrx_word' id='word_1_440' title='bbox 1077 5432 1205 5485; x_wconf 87' lang='lat' dir='ltr'><strong>nihil</strong></span> <span class='ocrx_word' id='word_1_441' title='bbox 1238 5436 1535 5502; x_wconf 79' lang='lat' dir='ltr'><strong>possideat,</strong></span> <span class='ocrx_word' id='word_1_442' title='bbox 1579 5450 1680 5488; x_wconf 94' lang='lat' dir='ltr'><strong>non</strong></span> <span class='ocrx_word' id='word_1_443' title='bbox 1714 5437 1929 5505; x_wconf 79' lang='lat' dir='ltr'><strong>pignora</strong></span> 
     </span>
    </p>
   </div>
   <div class='ocr_carea' id='block_1_57' title="bbox 355 5515 1932 5588">
    <p class='ocr_par' dir='ltr' id='par_1_57' title="bbox 355 5515 1932 5588">
     <span class='ocr_line' id='line_1_57' title="bbox 355 5515 1932 5588; baseline 0.01 -21"><span class='ocrx_word' id='word_1_444' title='bbox 355 5516 441 5583; x_wconf 89' lang='lat' dir='ltr'><strong>qui</strong></span> <span class='ocrx_word' id='word_1_445' title='bbox 489 5515 660 5570; x_wconf 88' lang='lat' dir='ltr'><strong>nudus</strong></span> <span class='ocrx_word' id='word_1_446' title='bbox 701 5518 800 5580; x_wconf 82' lang='lat' dir='ltr'><strong>sit,</strong></span> <span class='ocrx_word' id='word_1_447' title='bbox 842 5531 944 5568; x_wconf 89' lang='lat' dir='ltr'><strong>non</strong></span> <span class='ocrx_word' id='word_1_448' title='bbox 983 5533 1326 5588; x_wconf 84' lang='lat' dir='ltr'><strong>sponsorem,</strong></span> <span class='ocrx_word' id='word_1_449' title='bbox 1360 5527 1444 5581; x_wconf 92' lang='lat' dir='ltr'><strong>cui</strong></span> <span class='ocrx_word' id='word_1_450' title='bbox 1477 5542 1630 5580; x_wconf 89' lang='lat' dir='ltr'><strong>nemo</strong></span> <span class='ocrx_word' id='word_1_451' title='bbox 1657 5526 1841 5580; x_wconf 78' lang='lat' dir='ltr'><strong>credat</strong></span> <span class='ocrx_word' id='word_1_452' title='bbox 1864 5528 1932 5582; x_wconf 92' lang='lat' dir='ltr'><strong>ob</strong></span> 
     </span>
    </p>
   </div>
   <div class='ocr_carea' id='block_1_58' title="bbox 357 5609 1928 5689">
    <p class='ocr_par' dir='ltr' id='par_1_58' title="bbox 357 5609 1928 5689">
     <span class='ocr_line' id='line_1_58' title="bbox 357 5609 1928 5689; baseline 0.007 -28"><span class='ocrx_word' id='word_1_453' title='bbox 357 5609 586 5677; x_wconf 86' lang='lat' dir='ltr'><strong>inopiam</strong></span> <span class='ocrx_word' id='word_1_454' title='bbox 614 5627 628 5664; x_wconf 89' lang='lat'><strong>:</strong></span> <span class='ocrx_word' id='word_1_455' title='bbox 661 5620 716 5664; x_wconf 91' lang='lat' dir='ltr'><strong>ut</strong></span> <span class='ocrx_word' id='word_1_456' title='bbox 745 5609 872 5664; x_wconf 90' lang='lat' dir='ltr'><strong>vidit</strong></span> <span class='ocrx_word' id='word_1_457' title='bbox 893 5612 1067 5680; x_wconf 87' lang='lat' dir='ltr'><strong>itaque</strong></span> <span class='ocrx_word' id='word_1_458' title='bbox 1095 5615 1238 5667; x_wconf 91' lang='lat' dir='ltr'><strong>illum</strong></span> <span class='ocrx_word' id='word_1_459' title='bbox 1267 5619 1337 5672; x_wconf 92' lang='lat' dir='ltr'><strong>ob</strong></span> <span class='ocrx_word' id='word_1_460' title='bbox 1359 5620 1588 5689; x_wconf 83' lang='lat' dir='ltr'><strong>inOpiam</strong></span> <span class='ocrx_word' id='word_1_461' title='bbox 1624 5621 1928 5689; x_wconf 90' lang='lat' dir='ltr'><strong>periclitari,</strong></span> 
     </span>
    </p>
   </div>
   <div class='ocr_carea' id='block_1_59' title="bbox 357 5700 1929 5780">
    <p class='ocr_par' dir='ltr' id='par_1_59' title="bbox 357 5700 1929 5780">
     <span class='ocr_line' id='line_1_59' title="bbox 357 5700 1929 5780; baseline 0.009 -28"><span class='ocrx_word' id='word_1_462' title='bbox 357 5700 572 5756; x_wconf 85' lang='lat' dir='ltr'><strong>divitem</strong></span> <span class='ocrx_word' id='word_1_463' title='bbox 601 5719 811 5773; x_wconf 90' lang='lat' dir='ltr'><strong>quoque</strong></span> <span class='ocrx_word' id='word_1_464' title='bbox 830 5705 1109 5774; x_wconf 87' lang='lat' dir='ltr'><strong>periclitari</strong></span> <span class='ocrx_word' id='word_1_465' title='bbox 1131 5705 1199 5758; x_wconf 92' lang='lat' dir='ltr'><strong>ob</strong></span> <span class='ocrx_word' id='word_1_466' title='bbox 1222 5707 1672 5775; x_wconf 88' lang='lat' dir='ltr'><strong>inlmmanitatem,</strong></span> <span class='ocrx_word' id='word_1_467' title='bbox 1701 5712 1929 5780; x_wconf 89' lang='lat' dir='ltr'><strong>scipsum</strong></span> 
     </span>
    </p>
   </div>
   <div class='ocr_carea' id='block_1_60' title="bbox 361 5794 1928 5874">
    <p class='ocr_par' dir='ltr' id='par_1_60' title="bbox 361 5794 1928 5874">
     <span class='ocr_line' id='line_1_60' title="bbox 361 5794 1928 5874; baseline 0.007 -28"><span class='ocrx_word' id='word_1_468' title='bbox 361 5794 590 5849; x_wconf 81' lang='lat' dir='ltr'><strong>medium</strong></span> <span class='ocrx_word' id='word_1_469' title='bbox 633 5799 846 5864; x_wconf 88' lang='lat' dir='ltr'><strong>protulit</strong></span> <span class='ocrx_word' id='word_1_470' title='bbox 875 5798 1058 5851; x_wconf 87' lang='lat' dir='ltr'><strong>vadem</strong></span> <span class='ocrx_word' id='word_1_471' title='bbox 1101 5802 1349 5869; x_wconf 77' lang='lat' dir='ltr'><strong>pauperi,</strong></span> <span class='ocrx_word' id='word_1_472' title='bbox 1397 5807 1581 5874; x_wconf 80' lang='lat' dir='ltr'><strong>pignus</strong></span> <span class='ocrx_word' id='word_1_473' title='bbox 1632 5806 1928 5861; x_wconf 73' lang='lat' dir='ltr'><strong>Imiteranli.</strong></span> 
     </span>
    </p>
   </div>
   <div class='ocr_carea' id='block_1_61' title="bbox 673 5886 1370 5946">
    <p class='ocr_par' dir='ltr' id='par_1_61' title="bbox 673 5886 1370 5946">
     <span class='ocr_line' id='line_1_61' title="bbox 673 5886 1370 5946; baseline 0.001 -1"><span class='ocrx_word' id='word_1_474' title='bbox 673 5889 940 5946; x_wconf 74' lang='grc' dir='ltr'><strong>ΡΑτῐιοῐ..</strong></span> <span class='ocrx_word' id='word_1_475' title='bbox 990 5888 1103 5945; x_wconf 78' lang='lat' dir='ltr'><strong>(in.</strong></span> <span class='ocrx_word' id='word_1_476' title='bbox 1155 5886 1370 5946; x_wconf 64' lang='lat' dir='ltr'><strong>XLIX.</strong></span> 
     </span>
    </p>
   </div>
   <div class='ocr_carea' id='block_1_62' title="bbox 1456 431 2462 493">
    <p class='ocr_par' dir='ltr' id='par_1_62' title="bbox 1456 431 2462 493">
     <span class='ocr_line' id='line_1_62' title="bbox 1456 431 2462 493; baseline -0.008 -1"><span class='ocrx_word' id='word_1_477' title='bbox 1456 439 1541 492; x_wconf 82' lang='lat' dir='ltr'><strong>DE</strong></span> <span class='ocrx_word' id='word_1_478' title='bbox 1579 433 2043 493; x_wconf 71' lang='lat' dir='ltr'><strong>PCENITENTIA.</strong></span> <span class='ocrx_word' id='word_1_479' title='bbox 2085 437 2311 488; x_wconf 76' lang='lat' dir='ltr'><strong>HOMIL.</strong></span> <span class='ocrx_word' id='word_1_480' title='bbox 2357 431 2462 485; x_wconf 71' lang='lat' dir='ltr'><strong>VII.</strong></span> 
     </span>
    </p>
   </div>
   <div class='ocr_carea' id='block_1_63' title="bbox 3489 429 3591 480">
    <p class='ocr_par' dir='ltr' id='par_1_63' title="bbox 3489 429 3591 480">
     <span class='ocr_line' id='line_1_63' title="bbox 3489 429 3591 480; baseline 0.01 -1"><span class='ocrx_word' id='word_1_481' title='bbox 3489 429 3591 480; x_wconf 65' lang='lat'><strong>336</strong></span> 
     </span>
    </p>
   </div>
   <div class='ocr_carea' id='block_1_64' title="bbox 2026 540 3596 612">
    <p class='ocr_par' dir='ltr' id='par_1_64' title="bbox 2026 540 3596 612">
     <span class='ocr_line' id='line_1_64' title="bbox 2026 540 3596 612; baseline -0.007 -11"><span class='ocrx_word' id='word_1_482' title='bbox 2026 547 2141 601; x_wconf 82' lang='lat' dir='ltr'><strong>Non</strong></span> <span class='ocrx_word' id='word_1_483' title='bbox 2181 545 2355 600; x_wconf 87' lang='lat' dir='ltr'><strong>credis</strong></span> <span class='ocrx_word' id='word_1_484' title='bbox 2379 545 2534 607; x_wconf 85' lang='lat' dir='ltr'><strong>huic,</strong></span> <span class='ocrx_word' id='word_1_485' title='bbox 2579 545 2774 612; x_wconf 90' lang='lat' dir='ltr'><strong>inquit,</strong></span> <span class='ocrx_word' id='word_1_486' title='bbox 2823 544 2891 599; x_wconf 88' lang='lat' dir='ltr'><strong>ob</strong></span> <span class='ocrx_word' id='word_1_487' title='bbox 2922 542 3184 612; x_wconf 76' lang='lat' dir='ltr'><strong>impiam,</strong></span> <span class='ocrx_word' id='word_1_488' title='bbox 3215 540 3341 592; x_wconf 87' lang='lat' dir='ltr'><strong>mihi</strong></span> <span class='ocrx_word' id='word_1_489' title='bbox 3383 549 3596 606; x_wconf 69' lang='lat' dir='ltr'><strong>preptvr</strong></span> 
     </span>
    </p>
   </div>
   <div class='ocr_carea' id='block_1_65' title="bbox 2025 626 3598 703">
    <p class='ocr_par' dir='ltr' id='par_1_65' title="bbox 2025 626 3598 703">
     <span class='ocr_line' id='line_1_65' title="bbox 2025 626 3598 703; baseline -0.008 -12"><span class='ocrx_word' id='word_1_490' title='bbox 2025 636 2230 703; x_wconf 81' lang='lat' dir='ltr'><strong>cupiam</strong></span> <span class='ocrx_word' id='word_1_491' title='bbox 2255 634 2430 689; x_wconf 83' lang='lat' dir='ltr'><strong>crede.</strong></span> <span class='ocrx_word' id='word_1_492' title='bbox 2464 633 2602 687; x_wconf 88' lang='lat' dir='ltr'><strong>Vidit</strong></span> <span class='ocrx_word' id='word_1_493' title='bbox 2632 648 2934 701; x_wconf 87' lang='lat' dir='ltr'><strong>pauperem,</strong></span> <span class='ocrx_word' id='word_1_494' title='bbox 2965 640 3017 685; x_wconf 86' lang='lat' dir='ltr'><strong>et</strong></span> <span class='ocrx_word' id='word_1_495' title='bbox 3041 626 3402 684; x_wconf 87' lang='lat' dir='ltr'><strong>misericordia</strong></span> <span class='ocrx_word' id='word_1_496' title='bbox 3425 636 3598 679; x_wconf 82' lang='lat' dir='ltr'><strong>motus</strong></span> 
     </span>
    </p>
   </div>
   <div class='ocr_carea' id='block_1_66' title="bbox 2025 717 3598 793">
    <p class='ocr_par' dir='ltr' id='par_1_66' title="bbox 2025 717 3598 793">
     <span class='ocr_line' id='line_1_66' title="bbox 2025 717 3598 793; baseline -0.008 -13"><span class='ocrx_word' id='word_1_497' title='bbox 2025 736 2107 781; x_wconf 88' lang='lat' dir='ltr'><strong>est</strong></span> <span class='ocrx_word' id='word_1_498' title='bbox 2136 743 2147 776; x_wconf 94' lang='lat'>:</span> <span class='ocrx_word' id='word_1_499' title='bbox 2185 724 2314 777; x_wconf 85' lang='lat' dir='ltr'><strong>vidit</strong></span> <span class='ocrx_word' id='word_1_500' title='bbox 2340 739 2622 793; x_wconf 87' lang='lat' dir='ltr'><strong>pauperem</strong></span> <span class='ocrx_word' id='word_1_501' title='bbox 2644 764 2657 785; x_wconf 92' lang='lat'><strong>,</strong></span> <span class='ocrx_word' id='word_1_502' title='bbox 2705 734 2758 776; x_wconf 92' lang='lat' dir='ltr'><strong>et</strong></span> <span class='ocrx_word' id='word_1_503' title='bbox 2788 739 2890 776; x_wconf 91' lang='lat' dir='ltr'><strong>non</strong></span> <span class='ocrx_word' id='word_1_504' title='bbox 2928 721 3199 790; x_wconf 79' lang='lat' dir='ltr'><strong>despexit;</strong></span> <span class='ocrx_word' id='word_1_505' title='bbox 3243 717 3336 773; x_wconf 74' lang='lat' dir='ltr'><strong>sed</strong></span> <span class='ocrx_word' id='word_1_506' title='bbox 3364 717 3598 784; x_wconf 82' lang='lat' dir='ltr'><strong>scipsum</strong></span> 
     </span>
    </p>
   </div>
   <div class='ocr_carea' id='block_1_67' title="bbox 2025 809 3600 884">
    <p class='ocr_par' dir='ltr' id='par_1_67' title="bbox 2025 809 3600 884">
     <span class='ocr_line' id='line_1_67' title="bbox 2025 809 3600 884; baseline -0.007 -15"><span class='ocrx_word' id='word_1_507' title='bbox 2025 816 2170 869; x_wconf 85' lang='lat' dir='ltr'><strong>dedit</strong></span> <span class='ocrx_word' id='word_1_508' title='bbox 2199 816 2248 868; x_wconf 88' lang='lat' dir='ltr'><strong>in</strong></span> <span class='ocrx_word' id='word_1_509' title='bbox 2279 817 2464 884; x_wconf 88' lang='lat' dir='ltr'><strong>pignus</strong></span> <span class='ocrx_word' id='word_1_510' title='bbox 2488 815 2534 868; x_wconf 90' lang='lat' dir='ltr'><strong>ei</strong></span> <span class='ocrx_word' id='word_1_511' title='bbox 2556 856 2570 878; x_wconf 92' lang='lat'><strong>,</strong></span> <span class='ocrx_word' id='word_1_512' title='bbox 2603 814 2689 882; x_wconf 92' lang='lat' dir='ltr'><strong>qui</strong></span> <span class='ocrx_word' id='word_1_513' title='bbox 2719 813 2844 865; x_wconf 86' lang='lat' dir='ltr'><strong>nihil</strong></span> <span class='ocrx_word' id='word_1_514' title='bbox 2875 812 3122 874; x_wconf 84' lang='lat' dir='ltr'><strong>haberet,</strong></span> <span class='ocrx_word' id='word_1_515' title='bbox 3153 820 3206 864; x_wconf 87' lang='lat' dir='ltr'><strong>et</strong></span> <span class='ocrx_word' id='word_1_516' title='bbox 3239 809 3307 864; x_wconf 79' lang='lat' dir='ltr'><strong>ob</strong></span> <span class='ocrx_word' id='word_1_517' title='bbox 3333 809 3600 877; x_wconf 87' lang='lat' dir='ltr'><strong>ingentem</strong></span> 
     </span>
    </p>
   </div>
   <div class='ocr_carea' id='block_1_68' title="bbox 2030 897 3601 974">
    <p class='ocr_par' dir='ltr' id='par_1_68' title="bbox 2030 897 3601 974">
     <span class='ocr_line' id='line_1_68' title="bbox 2030 897 3601 974; baseline -0.007 -16"><span class='ocrx_word' id='word_1_518' title='bbox 2030 905 2404 974; x_wconf 81' lang='lat' dir='ltr'><strong>benignitatem</strong></span> <span class='ocrx_word' id='word_1_519' title='bbox 2441 903 2582 974; x_wconf 92' lang='lat' dir='ltr'><strong>inopi</strong></span> <span class='ocrx_word' id='word_1_520' title='bbox 2612 900 2814 956; x_wconf 86' lang='lat' dir='ltr'><strong>adstitit</strong></span> <span class='ocrx_word' id='word_1_521' title='bbox 2843 917 2855 949; x_wconf 89' lang='lat'><strong>:</strong></span> <span class='ocrx_word' id='word_1_522' title='bbox 2891 899 3025 953; x_wconf 87' lang='lat' dir='ltr'><strong>hanc</strong></span> <span class='ocrx_word' id='word_1_523' title='bbox 3064 915 3187 953; x_wconf 89' lang='lat' dir='ltr'><strong>vere</strong></span> <span class='ocrx_word' id='word_1_524' title='bbox 3222 897 3601 967; x_wconf 79' lang='lat' dir='ltr'><strong>benignitatem</strong></span> 
     </span>
    </p>
   </div>
   <div class='ocr_carea' id='block_1_69' title="bbox 2026 987 3601 1055">
    <p class='ocr_par' dir='ltr' id='par_1_69' title="bbox 2026 987 3601 1055">
     <span class='ocr_line' id='line_1_69' title="bbox 2026 987 3601 1055; baseline -0.007 -6"><span class='ocrx_word' id='word_1_525' title='bbox 2026 1011 2145 1049; x_wconf 79' lang='lat' dir='ltr'><strong>csse</strong></span> <span class='ocrx_word' id='word_1_526' title='bbox 2171 995 2476 1050; x_wconf 74' lang='lat' dir='ltr'><strong>testificatur</strong></span> <span class='ocrx_word' id='word_1_527' title='bbox 2510 995 2696 1048; x_wconf 89' lang='lat' dir='ltr'><strong>beatus</strong></span> <span class='ocrx_word' id='word_1_528' title='bbox 2723 991 2883 1046; x_wconf 83' lang='lat' dir='ltr'><strong>David</strong></span> <span class='ocrx_word' id='word_1_529' title='bbox 2915 990 2997 1043; x_wconf 90' lang='lat' dir='ltr'><strong>his</strong></span> <span class='ocrx_word' id='word_1_530' title='bbox 3022 990 3224 1054; x_wconf 87' lang='lat' dir='ltr'><strong>verbis,</strong></span> <span class='ocrx_word' id='word_1_531' title='bbox 3257 990 3386 1055; x_wconf 83' lang='lat' dir='ltr'><strong>Quia</strong></span> <span class='ocrx_word' id='word_1_532' title='bbox 3409 987 3601 1040; x_wconf 78' lang='lat' dir='ltr'><strong>adstitit</strong></span> 
     </span>
    </p>
   </div>
   <div class='ocr_carea' id='block_1_70' title="bbox 2027 1079 3604 1152">
    <p class='ocr_par' dir='ltr' id='par_1_70' title="bbox 2027 1079 3604 1152">
     <span class='ocr_line' id='line_1_70' title="bbox 2027 1079 3604 1152; baseline -0.006 -16"><span class='ocrx_word' id='word_1_533' title='bbox 2027 1101 2058 1136; x_wconf 89' lang='lat' dir='ltr'><strong>a</strong></span> <span class='ocrx_word' id='word_1_534' title='bbox 2093 1083 2279 1136; x_wconf 75' lang='lat' dir='ltr'><strong>dextris</strong></span> <span class='ocrx_word' id='word_1_535' title='bbox 2315 1085 2548 1152; x_wconf 79' lang='lat' dir='ltr'><strong>pauperis</strong></span> <span class='ocrx_word' id='word_1_536' title='bbox 2577 1081 2743 1151; x_wconf 82' lang='lat' dir='ltr'><strong>(Psai.</strong></span> <span class='ocrx_word' id='word_1_537' title='bbox 2779 1081 2896 1135; x_wconf 84' lang='grc'><strong>108.</strong></span> <span class='ocrx_word' id='word_1_538' title='bbox 2926 1080 3040 1149; x_wconf 81' lang='grc'><strong>51).</strong></span> <span class='ocrx_word' id='word_1_539' title='bbox 3073 1079 3171 1144; x_wconf 85' lang='lat' dir='ltr'><strong>Qui</strong></span> <span class='ocrx_word' id='word_1_540' title='bbox 3199 1081 3456 1131; x_wconf 84' lang='lat' dir='ltr'><strong>miseretur</strong></span> <span class='ocrx_word' id='word_1_541' title='bbox 3478 1094 3604 1145; x_wconf 83' lang='lat' dir='ltr'><strong>pau-</strong></span> 
     </span>
    </p>
   </div>
   <div class='ocr_carea' id='block_1_71' title="bbox 2033 1169 3597 1243">
    <p class='ocr_par' dir='ltr' id='par_1_71' title="bbox 2033 1169 3597 1243">
     <span class='ocr_line' id='line_1_71' title="bbox 2033 1169 3597 1243; baseline -0.004 -17"><span class='ocrx_word' id='word_1_542' title='bbox 2033 1175 2186 1242; x_wconf 88' lang='lat' dir='ltr'><strong>peris,</strong></span> <span class='ocrx_word' id='word_1_543' title='bbox 2217 1177 2493 1242; x_wconf 70' lang='lat' dir='ltr'><strong>faneratur</strong></span> <span class='ocrx_word' id='word_1_544' title='bbox 2520 1172 2627 1226; x_wconf 87' lang='lat' dir='ltr'><strong>Deo</strong></span> <span class='ocrx_word' id='word_1_545' title='bbox 2658 1171 2835 1240; x_wconf 87' lang='lat' dir='ltr'><strong>(Prov.</strong></span> <span class='ocrx_word' id='word_1_546' title='bbox 2870 1172 2955 1225; x_wconf 73' lang='lat' dir='ltr'><strong>t9.</strong></span> <span class='ocrx_word' id='word_1_547' title='bbox 2992 1173 3110 1243; x_wconf 88' lang='grc'><strong>17).</strong></span> <span class='ocrx_word' id='word_1_548' title='bbox 3137 1169 3372 1232; x_wconf 82' lang='lat' dir='ltr'><strong>Contide,</strong></span> <span class='ocrx_word' id='word_1_549' title='bbox 3403 1169 3597 1236; x_wconf 90' lang='lat' dir='ltr'><strong>inquit,</strong></span> 
     </span>
    </p>
   </div>
   <div class='ocr_carea' id='block_1_72' title="bbox 2031 1262 3600 1334">
    <p class='ocr_par' dir='ltr' id='par_1_72' title="bbox 2031 1262 3600 1334">
     <span class='ocr_line' id='line_1_72' title="bbox 2031 1262 3600 1334; baseline -0.006 -14"><span class='ocrx_word' id='word_1_550' title='bbox 2031 1268 2157 1322; x_wconf 88' lang='lat' dir='ltr'><strong>mihi</strong></span> <span class='ocrx_word' id='word_1_551' title='bbox 2188 1268 2481 1322; x_wconf 62' lang='lat' dir='ltr'><strong>faneraris.</strong></span> <span class='ocrx_word' id='word_1_552' title='bbox 2518 1266 2581 1319; x_wconf 87' lang='lat' dir='ltr'><strong>Et</strong></span> <span class='ocrx_word' id='word_1_553' title='bbox 2611 1265 2735 1334; x_wconf 90' lang='lat' dir='ltr'><strong>quid</strong></span> <span class='ocrx_word' id='word_1_554' title='bbox 2763 1272 2961 1316; x_wconf 85' lang='lat' dir='ltr'><strong>tantum</strong></span> <span class='ocrx_word' id='word_1_555' title='bbox 2989 1263 3119 1316; x_wconf 91' lang='lat' dir='ltr'><strong>lucri</strong></span> <span class='ocrx_word' id='word_1_556' title='bbox 3143 1263 3277 1316; x_wconf 83' lang='lat' dir='ltr'><strong>facio</strong></span> <span class='ocrx_word' id='word_1_557' title='bbox 3308 1262 3396 1315; x_wconf 91' lang='lat' dir='ltr'><strong>tibi</strong></span> <span class='ocrx_word' id='word_1_558' title='bbox 3430 1262 3600 1314; x_wconf 68' lang='lat' dir='ltr'><strong>imire-</strong></span> 
     </span>
    </p>
   </div>
   <div class='ocr_carea' id='block_1_73' title="bbox 2029 1353 3600 1425">
    <p class='ocr_par' dir='ltr' id='par_1_73' title="bbox 2029 1353 3600 1425">
     <span class='ocr_line' id='line_1_73' title="bbox 2029 1353 3600 1425; baseline -0.006 -12"><span class='ocrx_word' id='word_1_559' title='bbox 2029 1361 2185 1413; x_wconf 87' lang='lat' dir='ltr'><strong>rans?</strong></span> <span class='ocrx_word' id='word_1_560' title='bbox 2215 1357 2753 1425; x_wconf 77' lang='lat' dir='ltr'><strong>Saneiniquissimum</strong></span> <span class='ocrx_word' id='word_1_561' title='bbox 2779 1364 2859 1409; x_wconf 91' lang='lat' dir='ltr'><strong>est</strong></span> <span class='ocrx_word' id='word_1_562' title='bbox 2884 1369 2912 1406; x_wconf 93' lang='lat' dir='ltr'><strong>a</strong></span> <span class='ocrx_word' id='word_1_563' title='bbox 2940 1355 3048 1408; x_wconf 89' lang='lat' dir='ltr'><strong>Deo</strong></span> <span class='ocrx_word' id='word_1_564' title='bbox 3076 1354 3329 1405; x_wconf 89' lang='lat' dir='ltr'><strong>rationem</strong></span> <span class='ocrx_word' id='word_1_565' title='bbox 3351 1353 3560 1420; x_wconf 75' lang='lat' dir='ltr'><strong>exigere</strong></span> <span class='ocrx_word' id='word_1_566' title='bbox 3583 1367 3600 1404; x_wconf 92' lang='lat'><strong>:</strong></span> 
     </span>
    </p>
   </div>
   <div class='ocr_carea' id='block_1_74' title="bbox 2030 1444 3599 1518">
    <p class='ocr_par' dir='ltr' id='par_1_74' title="bbox 2030 1444 3599 1518">
     <span class='ocr_line' id='line_1_74' title="bbox 2030 1444 3599 1518; baseline -0.005 -14"><span class='ocrx_word' id='word_1_567' title='bbox 2030 1466 2212 1504; x_wconf 83' lang='lat' dir='ltr'><strong>verum</strong></span> <span class='ocrx_word' id='word_1_568' title='bbox 2240 1459 2298 1502; x_wconf 91' lang='lat' dir='ltr'><strong>ut</strong></span> <span class='ocrx_word' id='word_1_569' title='bbox 2326 1451 2572 1518; x_wconf 83' lang='lat' dir='ltr'><strong>nequitiae</strong></span> <span class='ocrx_word' id='word_1_570' title='bbox 2600 1459 2701 1502; x_wconf 64' lang='lat' dir='ltr'><strong>tua:</strong></span> <span class='ocrx_word' id='word_1_571' title='bbox 2725 1463 2808 1501; x_wconf 91' lang='lat' dir='ltr'><strong>me</strong></span> <span class='ocrx_word' id='word_1_572' title='bbox 2838 1455 3183 1514; x_wconf 90' lang='lat' dir='ltr'><strong>attemperem</strong></span> <span class='ocrx_word' id='word_1_573' title='bbox 3203 1486 3218 1505; x_wconf 82' lang='lat'><strong>,</strong></span> <span class='ocrx_word' id='word_1_574' title='bbox 3246 1454 3299 1498; x_wconf 92' lang='lat' dir='ltr'><strong>et</strong></span> <span class='ocrx_word' id='word_1_575' title='bbox 3324 1444 3599 1497; x_wconf 82' lang='lat' dir='ltr'><strong>clementia</strong></span> 
     </span>
    </p>
   </div>
   <div class='ocr_carea' id='block_1_75' title="bbox 2030 1532 3603 1600">
    <p class='ocr_par' dir='ltr' id='par_1_75' title="bbox 2030 1532 3603 1600">
     <span class='ocr_line' id='line_1_75' title="bbox 2030 1532 3603 1600; baseline -0.005 -7"><span class='ocrx_word' id='word_1_576' title='bbox 2030 1541 2286 1593; x_wconf 74' lang='lat' dir='ltr'><strong>scvitiem</strong></span> <span class='ocrx_word' id='word_1_577' title='bbox 2315 1548 2454 1592; x_wconf 87' lang='lat' dir='ltr'><strong>tuam</strong></span> <span class='ocrx_word' id='word_1_578' title='bbox 2481 1539 2703 1600; x_wconf 88' lang='lat' dir='ltr'><strong>solvam,</strong></span> <span class='ocrx_word' id='word_1_579' title='bbox 2730 1537 2844 1590; x_wconf 67' lang='lat' dir='ltr'><strong>hmo</strong></span> <span class='ocrx_word' id='word_1_580' title='bbox 2865 1547 3045 1589; x_wconf 92' lang='lat' dir='ltr'><strong>mutuo</strong></span> <span class='ocrx_word' id='word_1_581' title='bbox 3071 1535 3452 1588; x_wconf 86' lang='lat' dir='ltr'><strong>examinemus.</strong></span> <span class='ocrx_word' id='word_1_582' title='bbox 3476 1532 3603 1585; x_wconf 83' lang='lat' dir='ltr'><strong>Aliis</strong></span> 
     </span>
    </p>
   </div>
   <div class='ocr_carea' id='block_1_76' title="bbox 2033 1624 3603 1697">
    <p class='ocr_par' dir='ltr' id='par_1_76' title="bbox 2033 1624 3603 1697">
     <span class='ocr_line' id='line_1_76' title="bbox 2033 1624 3603 1697; baseline -0.004 -16"><span class='ocrx_word' id='word_1_583' title='bbox 2033 1629 2299 1683; x_wconf 67' lang='lat' dir='ltr'><strong>fit-iterans</strong></span> <span class='ocrx_word' id='word_1_584' title='bbox 2326 1628 2450 1697; x_wconf 89' lang='lat' dir='ltr'><strong>quid</strong></span> <span class='ocrx_word' id='word_1_585' title='bbox 2471 1628 2727 1682; x_wconf 79' lang='lat' dir='ltr'><strong>lucraris?</strong></span> <span class='ocrx_word' id='word_1_586' title='bbox 2753 1627 2874 1696; x_wconf 90' lang='lat' dir='ltr'><strong>quid</strong></span> <span class='ocrx_word' id='word_1_587' title='bbox 2897 1628 2964 1680; x_wconf 92' lang='lat' dir='ltr'><strong>ab</strong></span> <span class='ocrx_word' id='word_1_588' title='bbox 2985 1627 3088 1680; x_wconf 89' lang='lat' dir='ltr'><strong>illis</strong></span> <span class='ocrx_word' id='word_1_589' title='bbox 3115 1626 3332 1681; x_wconf 61' lang='lat' dir='ltr'><strong>faenoris</strong></span> <span class='ocrx_word' id='word_1_590' title='bbox 3354 1624 3603 1694; x_wconf 80' lang='lat' dir='ltr'><strong>requiris?</strong></span> 
     </span>
    </p>
   </div>
   <div class='ocr_carea' id='block_1_77' title="bbox 2034 1716 3602 1788">
    <p class='ocr_par' dir='ltr' id='par_1_77' title="bbox 2034 1716 3602 1788">
     <span class='ocr_line' id='line_1_77' title="bbox 2034 1716 3602 1788; baseline -0.003 -15"><span class='ocrx_word' id='word_1_591' title='bbox 2034 1737 2158 1775; x_wconf 89' lang='lat' dir='ltr'><strong>num</strong></span> <span class='ocrx_word' id='word_1_592' title='bbox 2205 1722 2581 1785; x_wconf 90' lang='lat' dir='ltr'><strong>centesimam,</strong></span> <span class='ocrx_word' id='word_1_593' title='bbox 2614 1720 2657 1773; x_wconf 88' lang='lat' dir='ltr'><strong>si</strong></span> <span class='ocrx_word' id='word_1_594' title='bbox 2704 1719 2987 1788; x_wconf 81' lang='lat' dir='ltr'><strong>legitimam</strong></span> <span class='ocrx_word' id='word_1_595' title='bbox 3036 1718 3321 1785; x_wconf 85' lang='lat' dir='ltr'><strong>requiras?</strong></span> <span class='ocrx_word' id='word_1_596' title='bbox 3361 1716 3511 1782; x_wconf 89' lang='lat' dir='ltr'><strong>Quod</strong></span> <span class='ocrx_word' id='word_1_597' title='bbox 3559 1716 3602 1769; x_wconf 89' lang='lat' dir='ltr'><strong>si</strong></span> 
     </span>
    </p>
   </div>
   <div class='ocr_carea' id='block_1_78' title="bbox 2033 1806 3604 1881">
    <p class='ocr_par' dir='ltr' id='par_1_78' title="bbox 2033 1806 3604 1881">
     <span class='ocr_line' id='line_1_78' title="bbox 2033 1806 3604 1881; baseline -0.006 -16"><span class='ocrx_word' id='word_1_598' title='bbox 2033 1812 2402 1881; x_wconf 83' lang='lat' dir='ltr'><strong>inexplebilem</strong></span> <span class='ocrx_word' id='word_1_599' title='bbox 2443 1810 2782 1879; x_wconf 88' lang='lat' dir='ltr'><strong>cupiditatem</strong></span> <span class='ocrx_word' id='word_1_600' title='bbox 2823 1808 3035 1862; x_wconf 83' lang='lat' dir='ltr'><strong>auxeris</strong></span> <span class='ocrx_word' id='word_1_601' title='bbox 3062 1808 3104 1872; x_wconf 85' lang='grc'><strong>¹,</strong></span> <span class='ocrx_word' id='word_1_602' title='bbox 3140 1807 3402 1874; x_wconf 90' lang='lat' dir='ltr'><strong>duplicem</strong></span> <span class='ocrx_word' id='word_1_603' title='bbox 3436 1806 3604 1872; x_wconf 80' lang='lat' dir='ltr'><strong>tripli-</strong></span> 
     </span>
    </p>
   </div>
   <div class='ocr_carea' id='block_1_79' title="bbox 2031 1894 3605 1971">
    <p class='ocr_par' dir='ltr' id='par_1_79' title="bbox 2031 1894 3605 1971">
     <span class='ocr_line' id='line_1_79' title="bbox 2031 1894 3605 1971; baseline -0.006 -15"><span class='ocrx_word' id='word_1_604' title='bbox 2031 1917 2252 1971; x_wconf 86' lang='lat' dir='ltr'><strong>cemque</strong></span> <span class='ocrx_word' id='word_1_605' title='bbox 2297 1901 2586 1956; x_wconf 90' lang='lat' dir='ltr'><strong>lucraberis</strong></span> <span class='ocrx_word' id='word_1_606' title='bbox 2627 1899 2977 1967; x_wconf 90' lang='lat' dir='ltr'><strong>iniquitatem.</strong></span> <span class='ocrx_word' id='word_1_607' title='bbox 3009 1897 3120 1965; x_wconf 79' lang='lat' dir='ltr'><strong>Ego</strong></span> <span class='ocrx_word' id='word_1_608' title='bbox 3168 1910 3294 1948; x_wconf 89' lang='lat' dir='ltr'><strong>vero</strong></span> <span class='ocrx_word' id='word_1_609' title='bbox 3332 1894 3605 1948; x_wconf 87' lang='lat' dir='ltr'><strong>avaritiam</strong></span> 
     </span>
    </p>
   </div>
   <div class='ocr_carea' id='block_1_80' title="bbox 2035 1984 3603 2058">
    <p class='ocr_par' dir='ltr' id='par_1_80' title="bbox 2035 1984 3603 2058">
     <span class='ocr_line' id='line_1_80' title="bbox 2035 1984 3603 2058; baseline -0.005 -15"><span class='ocrx_word' id='word_1_610' title='bbox 2035 2002 2176 2043; x_wconf 91' lang='lat' dir='ltr'><strong>tuam</strong></span> <span class='ocrx_word' id='word_1_611' title='bbox 2221 2005 2448 2058; x_wconf 90' lang='lat' dir='ltr'><strong>supero,</strong></span> <span class='ocrx_word' id='word_1_612' title='bbox 2498 1989 2975 2056; x_wconf 84' lang='lat' dir='ltr'><strong>iuexplebilemque</strong></span> <span class='ocrx_word' id='word_1_613' title='bbox 3021 1985 3360 2054; x_wconf 90' lang='lat' dir='ltr'><strong>cupiditatem</strong></span> <span class='ocrx_word' id='word_1_614' title='bbox 3401 1984 3603 2036; x_wconf 90' lang='lat' dir='ltr'><strong>vinco:</strong></span> 
     </span>
    </p>
   </div>
   <div class='ocr_carea' id='block_1_81' title="bbox 2032 2072 3603 2146">
    <p class='ocr_par' dir='ltr' id='par_1_81' title="bbox 2032 2072 3603 2146">
     <span class='ocr_line' id='line_1_81' title="bbox 2032 2072 3603 2146; baseline -0.003 -15"><span class='ocrx_word' id='word_1_615' title='bbox 2032 2080 2182 2146; x_wconf 89' lang='lat' dir='ltr'><strong>c0pia</strong></span> <span class='ocrx_word' id='word_1_616' title='bbox 2211 2093 2325 2130; x_wconf 87' lang='lat' dir='ltr'><strong>mea</strong></span> <span class='ocrx_word' id='word_1_617' title='bbox 2358 2077 2762 2130; x_wconf 90' lang='lat' dir='ltr'><strong>immoderatum</strong></span> <span class='ocrx_word' id='word_1_618' title='bbox 2797 2077 3086 2144; x_wconf 89' lang='lat' dir='ltr'><strong>appetitum</strong></span> <span class='ocrx_word' id='word_1_619' title='bbox 3125 2085 3272 2128; x_wconf 91' lang='lat' dir='ltr'><strong>tuum</strong></span> <span class='ocrx_word' id='word_1_620' title='bbox 3294 2074 3495 2142; x_wconf 88' lang='lat' dir='ltr'><strong>operio.</strong></span> <span class='ocrx_word' id='word_1_621' title='bbox 3525 2072 3603 2126; x_wconf 91' lang='lat' dir='ltr'><strong>Tu</strong></span> 
     </span>
    </p>
   </div>
   <div class='ocr_carea' id='block_1_82' title="bbox 2033 2164 3605 2236">
    <p class='ocr_par' dir='ltr' id='par_1_82' title="bbox 2033 2164 3605 2236">
     <span class='ocr_line' id='line_1_82' title="bbox 2033 2164 3605 2236; baseline -0.004 -13"><span class='ocrx_word' id='word_1_622' title='bbox 2033 2170 2375 2223; x_wconf 63' lang='lat' dir='ltr'><strong>centesimam</strong></span> <span class='ocrx_word' id='word_1_623' title='bbox 2407 2167 2628 2236; x_wconf 72' lang='lat' dir='ltr'><strong>quatris,</strong></span> <span class='ocrx_word' id='word_1_624' title='bbox 2656 2181 2754 2235; x_wconf 86' lang='lat' dir='ltr'><strong>ego</strong></span> <span class='ocrx_word' id='word_1_625' title='bbox 2778 2167 3079 2234; x_wconf 90' lang='lat' dir='ltr'><strong>centuplum</strong></span> <span class='ocrx_word' id='word_1_626' title='bbox 3117 2165 3182 2218; x_wconf 89' lang='lat' dir='ltr'><strong>do</strong></span> <span class='ocrx_word' id='word_1_627' title='bbox 3208 2166 3320 2219; x_wconf 92' lang='lat' dir='ltr'><strong>tibi.</strong></span> <span class='ocrx_word' id='word_1_628' title='bbox 3350 2166 3526 2232; x_wconf 90' lang='lat' dir='ltr'><strong>Itaque</strong></span> <span class='ocrx_word' id='word_1_629' title='bbox 3553 2164 3605 2216; x_wconf 90' lang='lat' dir='ltr'><strong>in</strong></span> 
     </span>
    </p>
   </div>
   <div class='ocr_carea' id='block_1_83' title="bbox 2033 2253 3608 2326">
    <p class='ocr_par' dir='ltr' id='par_1_83' title="bbox 2033 2253 3608 2326">
     <span class='ocr_line' id='line_1_83' title="bbox 2033 2253 3608 2326; baseline -0.004 -16"><span class='ocrx_word' id='word_1_630' title='bbox 2033 2259 2201 2313; x_wconf 71' lang='lat' dir='ltr'><strong>{tenus</strong></span> <span class='ocrx_word' id='word_1_631' title='bbox 2221 2256 2437 2326; x_wconf 83' lang='lat' dir='ltr'><strong>accipis,</strong></span> <span class='ocrx_word' id='word_1_632' title='bbox 2464 2256 2704 2316; x_wconf 89' lang='lat' dir='ltr'><strong>Domine,</strong></span> <span class='ocrx_word' id='word_1_633' title='bbox 2727 2263 2779 2308; x_wconf 90' lang='lat' dir='ltr'><strong>et</strong></span> <span class='ocrx_word' id='word_1_634' title='bbox 2800 2254 2884 2308; x_wconf 89' lang='lat' dir='ltr'><strong>hic</strong></span> <span class='ocrx_word' id='word_1_635' title='bbox 2901 2256 2950 2307; x_wconf 94' lang='lat' dir='ltr'><strong>in</strong></span> <span class='ocrx_word' id='word_1_636' title='bbox 2974 2253 3148 2308; x_wconf 74' lang='lat' dir='ltr'><strong>fmnus</strong></span> <span class='ocrx_word' id='word_1_637' title='bbox 3168 2253 3360 2322; x_wconf 88' lang='lat' dir='ltr'><strong>accipis</strong></span> <span class='ocrx_word' id='word_1_638' title='bbox 3380 2253 3608 2306; x_wconf 81' lang='lat' dir='ltr'><strong>eleemo-</strong></span> 
     </span>
    </p>
   </div>
   <div class='ocr_carea' id='block_1_84' title="bbox 2031 2344 3608 2421">
    <p class='ocr_par' dir='ltr' id='par_1_84' title="bbox 2031 2344 3608 2421">
     <span class='ocr_line' id='line_1_84' title="bbox 2031 2344 3608 2421; baseline -0.004 -17"><span class='ocrx_word' id='word_1_639' title='bbox 2031 2366 2217 2421; x_wconf 89' lang='lat' dir='ltr'><strong>synam</strong></span> <span class='ocrx_word' id='word_1_640' title='bbox 2250 2350 2466 2419; x_wconf 90' lang='lat' dir='ltr'><strong>pauperi</strong></span> <span class='ocrx_word' id='word_1_641' title='bbox 2492 2349 2690 2412; x_wconf 87' lang='lat' dir='ltr'><strong>datam,</strong></span> <span class='ocrx_word' id='word_1_642' title='bbox 2717 2347 3051 2418; x_wconf 89' lang='lat' dir='ltr'><strong>quandonam</strong></span> <span class='ocrx_word' id='word_1_643' title='bbox 3081 2349 3194 2402; x_wconf 59' lang='lat' dir='ltr'><strong>haec</strong></span> <span class='ocrx_word' id='word_1_644' title='bbox 3220 2346 3346 2401; x_wconf 91' lang='lat' dir='ltr'><strong>mihi</strong></span> <span class='ocrx_word' id='word_1_645' title='bbox 3377 2344 3608 2400; x_wconf 77' lang='lat' dir='ltr'><strong>reddes?</strong></span> 
     </span>
    </p>
   </div>
   <div class='ocr_carea' id='block_1_85' title="bbox 2030 2438 3604 2510">
    <p class='ocr_par' dir='ltr' id='par_1_85' title="bbox 2030 2438 3604 2510">
     <span class='ocr_line' id='line_1_85' title="bbox 2030 2438 3604 2510; baseline -0.003 -17"><span class='ocrx_word' id='word_1_646' title='bbox 2030 2442 2221 2508; x_wconf 82' lang='lat' dir='ltr'><strong>Quer</strong></span> <span class='ocrx_word' id='word_1_647' title='bbox 2249 2451 2393 2510; x_wconf 89' lang='lat' dir='ltr'><strong>pacta</strong></span> <span class='ocrx_word' id='word_1_648' title='bbox 2415 2449 2696 2504; x_wconf 89' lang='lat' dir='ltr'><strong>c0nventa,</strong></span> <span class='ocrx_word' id='word_1_649' title='bbox 2718 2449 3046 2492; x_wconf 90' lang='lat' dir='ltr'><strong>contractum</strong></span> <span class='ocrx_word' id='word_1_650' title='bbox 3065 2438 3382 2492; x_wconf 73' lang='lat' dir='ltr'><strong>confirmare</strong></span> <span class='ocrx_word' id='word_1_651' title='bbox 3403 2438 3604 2491; x_wconf 86' lang='lat' dir='ltr'><strong>volens.</strong></span> 
     </span>
    </p>
   </div>
   <div class='ocr_carea' id='block_1_86' title="bbox 2033 2527 3606 2598">
    <p class='ocr_par' dir='ltr' id='par_1_86' title="bbox 2033 2527 3606 2598">
     <span class='ocr_line' id='line_1_86' title="bbox 2033 2527 3606 2598; baseline -0.002 -16"><span class='ocrx_word' id='word_1_652' title='bbox 2033 2531 2259 2598; x_wconf 85' lang='lat' dir='ltr'><strong>Designa</strong></span> <span class='ocrx_word' id='word_1_653' title='bbox 2303 2530 2431 2582; x_wconf 90' lang='lat' dir='ltr'><strong>mihi</strong></span> <span class='ocrx_word' id='word_1_654' title='bbox 2472 2529 2833 2582; x_wconf 86' lang='lat' dir='ltr'><strong>retributionis</strong></span> <span class='ocrx_word' id='word_1_655' title='bbox 2866 2538 3072 2594; x_wconf 90' lang='lat' dir='ltr'><strong>tempus</strong></span> <span class='ocrx_word' id='word_1_656' title='bbox 3110 2546 3123 2580; x_wconf 88' lang='lat'><strong>:</strong></span> <span class='ocrx_word' id='word_1_657' title='bbox 3160 2527 3422 2580; x_wconf 89' lang='lat' dir='ltr'><strong>constitue</strong></span> <span class='ocrx_word' id='word_1_658' title='bbox 3459 2527 3606 2580; x_wconf 87' lang='lat' dir='ltr'><strong>solu-</strong></span> 
     </span>
    </p>
   </div>
   <div class='ocr_carea' id='block_1_87' title="bbox 2035 2615 3606 2685">
    <p class='ocr_par' dir='ltr' id='par_1_87' title="bbox 2035 2615 3606 2685">
     <span class='ocr_line' id='line_1_87' title="bbox 2035 2615 3606 2685; baseline -0.003 -13"><span class='ocrx_word' id='word_1_659' title='bbox 2035 2621 2192 2672; x_wconf 91' lang='lat' dir='ltr'><strong>tionis</strong></span> <span class='ocrx_word' id='word_1_660' title='bbox 2222 2619 2525 2672; x_wconf 91' lang='lat' dir='ltr'><strong>tcrminum.</strong></span> <span class='ocrx_word' id='word_1_661' title='bbox 2561 2618 2670 2671; x_wconf 91' lang='lat' dir='ltr'><strong>lmo</strong></span> <span class='ocrx_word' id='word_1_662' title='bbox 2705 2631 2834 2670; x_wconf 91' lang='lat' dir='ltr'><strong>vero</strong></span> <span class='ocrx_word' id='word_1_663' title='bbox 2863 2616 2963 2670; x_wconf 89' lang='lat' dir='ltr'><strong>boc</strong></span> <span class='ocrx_word' id='word_1_664' title='bbox 2991 2615 3312 2685; x_wconf 79' lang='lat' dir='ltr'><strong>superfluum</strong></span> <span class='ocrx_word' id='word_1_665' title='bbox 3337 2624 3419 2668; x_wconf 89' lang='lat' dir='ltr'><strong>est</strong></span> <span class='ocrx_word' id='word_1_666' title='bbox 3439 2656 3453 2677; x_wconf 93' lang='lat'><strong>,</strong></span> <span class='ocrx_word' id='word_1_667' title='bbox 3487 2630 3606 2667; x_wconf 92' lang='lat' dir='ltr'><strong>nam</strong></span> 
     </span>
    </p>
   </div>
   <div class='ocr_carea' id='block_1_88' title="bbox 2035 2703 3606 2776">
    <p class='ocr_par' dir='ltr' id='par_1_88' title="bbox 2035 2703 3606 2776">
     <span class='ocr_line' id='line_1_88' title="bbox 2035 2703 3606 2776; baseline -0.004 -14"><span class='ocrx_word' id='word_1_668' title='bbox 2035 2709 2227 2762; x_wconf 78' lang='lat' dir='ltr'><strong>Fidelis</strong></span> <span class='ocrx_word' id='word_1_669' title='bbox 2255 2708 2502 2762; x_wconf 85' lang='lat' dir='ltr'><strong>Dominus</strong></span> <span class='ocrx_word' id='word_1_670' title='bbox 2523 2708 2573 2759; x_wconf 85' lang='lat' dir='ltr'><strong>in</strong></span> <span class='ocrx_word' id='word_1_671' title='bbox 2604 2706 2829 2759; x_wconf 85' lang='lat' dir='ltr'><strong>omnibus</strong></span> <span class='ocrx_word' id='word_1_672' title='bbox 2848 2706 3001 2758; x_wconf 86' lang='lat' dir='ltr'><strong>verbis</strong></span> <span class='ocrx_word' id='word_1_673' title='bbox 3021 2707 3126 2757; x_wconf 87' lang='lat' dir='ltr'><strong>suis</strong></span> <span class='ocrx_word' id='word_1_674' title='bbox 3148 2704 3312 2776; x_wconf 89' lang='lat' dir='ltr'><strong>(Psal.</strong></span> <span class='ocrx_word' id='word_1_675' title='bbox 3336 2705 3454 2757; x_wconf 63' lang='grc'><strong>141.</strong></span> <span class='ocrx_word' id='word_1_676' title='bbox 3482 2703 3569 2769; x_wconf 82' lang='grc'><strong>15)</strong></span> <span class='ocrx_word' id='word_1_677' title='bbox 3594 2721 3606 2755; x_wconf 91' lang='lat'><strong>:</strong></span> 
     </span>
    </p>
   </div>
   <div class='ocr_carea' id='block_1_89' title="bbox 2032 2792 3607 2869">
    <p class='ocr_par' dir='ltr' id='par_1_89' title="bbox 2032 2792 3607 2869">
     <span class='ocr_line' id='line_1_89' title="bbox 2032 2792 3607 2869; baseline -0.004 -17"><span class='ocrx_word' id='word_1_678' title='bbox 2032 2801 2151 2869; x_wconf 91' lang='lat' dir='ltr'><strong>quia</strong></span> <span class='ocrx_word' id='word_1_679' title='bbox 2181 2814 2305 2853; x_wconf 85' lang='lat' dir='ltr'><strong>vero</strong></span> <span class='ocrx_word' id='word_1_680' title='bbox 2333 2799 2383 2851; x_wconf 94' lang='lat' dir='ltr'><strong>in</strong></span> <span class='ocrx_word' id='word_1_681' title='bbox 2417 2814 2565 2851; x_wconf 86' lang='lat' dir='ltr'><strong>more</strong></span> <span class='ocrx_word' id='word_1_682' title='bbox 2606 2808 2656 2850; x_wconf 91' lang='lat' dir='ltr'><strong>ct</strong></span> <span class='ocrx_word' id='word_1_683' title='bbox 2698 2797 2748 2849; x_wconf 91' lang='lat' dir='ltr'><strong>in</strong></span> <span class='ocrx_word' id='word_1_684' title='bbox 2777 2810 2938 2863; x_wconf 88' lang='lat' dir='ltr'><strong>scopo</strong></span> <span class='ocrx_word' id='word_1_685' title='bbox 2964 2803 3047 2848; x_wconf 91' lang='lat' dir='ltr'><strong>est</strong></span> <span class='ocrx_word' id='word_1_686' title='bbox 3087 2794 3165 2859; x_wconf 92' lang='lat' dir='ltr'><strong>ei,</strong></span> <span class='ocrx_word' id='word_1_687' title='bbox 3207 2794 3294 2863; x_wconf 89' lang='lat' dir='ltr'><strong>qui</strong></span> <span class='ocrx_word' id='word_1_688' title='bbox 3337 2793 3473 2847; x_wconf 88' lang='lat' dir='ltr'><strong>bona</strong></span> <span class='ocrx_word' id='word_1_689' title='bbox 3505 2792 3607 2846; x_wconf 82' lang='lat' dir='ltr'><strong>ﬁdo</strong></span> 
     </span>
    </p>
   </div>
   <div class='ocr_carea' id='block_1_90' title="bbox 2035 2882 3605 2958">
    <p class='ocr_par' dir='ltr' id='par_1_90' title="bbox 2035 2882 3605 2958">
     <span class='ocr_line' id='line_1_90' title="bbox 2035 2882 3605 2958; baseline -0.007 -13"><span class='ocrx_word' id='word_1_690' title='bbox 2035 2892 2207 2945; x_wconf 74' lang='lat' dir='ltr'><strong>fmnus</strong></span> <span class='ocrx_word' id='word_1_691' title='bbox 2231 2891 2454 2958; x_wconf 89' lang='lat' dir='ltr'><strong>accipit,</strong></span> <span class='ocrx_word' id='word_1_692' title='bbox 2478 2899 2683 2957; x_wconf 89' lang='lat' dir='ltr'><strong>tempus</strong></span> <span class='ocrx_word' id='word_1_693' title='bbox 2714 2886 2907 2950; x_wconf 84' lang='lat' dir='ltr'><strong>metiri,</strong></span> <span class='ocrx_word' id='word_1_694' title='bbox 2940 2885 3186 2954; x_wconf 88' lang='lat' dir='ltr'><strong>diemque</strong></span> <span class='ocrx_word' id='word_1_695' title='bbox 3209 2883 3454 2948; x_wconf 80' lang='lat' dir='ltr'><strong>deﬁnire,</strong></span> <span class='ocrx_word' id='word_1_696' title='bbox 3485 2882 3605 2935; x_wconf 91' lang='lat' dir='ltr'><strong>audi</strong></span> 
     </span>
    </p>
   </div>
   <div class='ocr_carea' id='block_1_91' title="bbox 2031 2975 3606 3052">
    <p class='ocr_par' dir='ltr' id='par_1_91' title="bbox 2031 2975 3606 3052">
     <span class='ocr_line' id='line_1_91' title="bbox 2031 2975 3606 3052; baseline -0.006 -16"><span class='ocrx_word' id='word_1_697' title='bbox 2031 2981 2242 3052; x_wconf 88' lang='lat' dir='ltr'><strong>quando</strong></span> <span class='ocrx_word' id='word_1_698' title='bbox 2267 2990 2320 3034; x_wconf 91' lang='lat' dir='ltr'><strong>et</strong></span> <span class='ocrx_word' id='word_1_699' title='bbox 2348 2979 2433 3033; x_wconf 92' lang='lat' dir='ltr'><strong>ubi</strong></span> <span class='ocrx_word' id='word_1_700' title='bbox 2465 2979 2700 3033; x_wconf 89' lang='lat' dir='ltr'><strong>debitum</strong></span> <span class='ocrx_word' id='word_1_701' title='bbox 2738 2977 2827 3031; x_wconf 89' lang='lat' dir='ltr'><strong>tibi</strong></span> <span class='ocrx_word' id='word_1_702' title='bbox 2859 2975 3044 3030; x_wconf 81' lang='lat' dir='ltr'><strong>reddat</strong></span> <span class='ocrx_word' id='word_1_703' title='bbox 3077 2975 3144 3040; x_wconf 90' lang='lat' dir='ltr'><strong>is,</strong></span> <span class='ocrx_word' id='word_1_704' title='bbox 3172 2975 3254 3030; x_wconf 87' lang='lat' dir='ltr'><strong>cui</strong></span> <span class='ocrx_word' id='word_1_705' title='bbox 3285 2990 3381 3043; x_wconf 90' lang='lat' dir='ltr'><strong>per</strong></span> <span class='ocrx_word' id='word_1_706' title='bbox 3410 2988 3606 3041; x_wconf 85' lang='lat' dir='ltr'><strong>paupe-</strong></span> 
     </span>
    </p>
   </div>
   <div class='ocr_carea' id='block_1_92' title="bbox 2033 3064 3608 3128">
    <p class='ocr_par' dir='ltr' id='par_1_92' title="bbox 2033 3064 3608 3128">
     <span class='ocr_line' id='line_1_92' title="bbox 2033 3064 3608 3128; baseline -0.008 0"><span class='ocrx_word' id='word_1_707' title='bbox 2033 3090 2144 3128; x_wconf 89' lang='lat' dir='ltr'><strong>rem</strong></span> <span class='ocrx_word' id='word_1_708' title='bbox 2174 3071 2466 3126; x_wconf 71' lang='lat' dir='ltr'><strong>fmueraris.</strong></span> <span class='ocrx_word' id='word_1_709' title='bbox 2497 3068 2622 3124; x_wconf 89' lang='lat' dir='ltr'><strong>Cum</strong></span> <span class='ocrx_word' id='word_1_710' title='bbox 2659 3069 2840 3122; x_wconf 88' lang='lat' dir='ltr'><strong>sederit</strong></span> <span class='ocrx_word' id='word_1_711' title='bbox 2889 3067 3054 3120; x_wconf 79' lang='lat' dir='ltr'><strong>Filius</strong></span> <span class='ocrx_word' id='word_1_712' title='bbox 3088 3066 3302 3118; x_wconf 85' lang='lat' dir='ltr'><strong>hominis</strong></span> <span class='ocrx_word' id='word_1_713' title='bbox 3337 3067 3390 3118; x_wconf 89' lang='lat' dir='ltr'><strong>in</strong></span> <span class='ocrx_word' id='word_1_714' title='bbox 3429 3064 3608 3117; x_wconf 79' lang='lat' dir='ltr'><strong>throno</strong></span> 
     </span>
    </p>
   </div>
   <div class='ocr_carea' id='block_1_93' title="bbox 2031 3155 3606 3233">
    <p class='ocr_par' dir='ltr' id='par_1_93' title="bbox 2031 3155 3606 3233">
     <span class='ocr_line' id='line_1_93' title="bbox 2031 3155 3606 3233; baseline -0.007 -16"><span class='ocrx_word' id='word_1_715' title='bbox 2031 3164 2206 3233; x_wconf 62' lang='lat' dir='ltr'><strong>glorier</strong></span> <span class='ocrx_word' id='word_1_716' title='bbox 2227 3178 2352 3224; x_wconf 78' lang='lat' dir='ltr'><strong>saw,</strong></span> <span class='ocrx_word' id='word_1_717' title='bbox 2378 3170 2424 3213; x_wconf 87' lang='lat' dir='ltr'><strong>et</strong></span> <span class='ocrx_word' id='word_1_718' title='bbox 2450 3160 2674 3213; x_wconf 89' lang='lat' dir='ltr'><strong>statuerit</strong></span> <span class='ocrx_word' id='word_1_719' title='bbox 2700 3175 2811 3212; x_wconf 88' lang='lat' dir='ltr'><strong>oves</strong></span> <span class='ocrx_word' id='word_1_720' title='bbox 2831 3158 3030 3224; x_wconf 86' lang='lat' dir='ltr'><strong>quidem</strong></span> <span class='ocrx_word' id='word_1_721' title='bbox 3055 3175 3086 3210; x_wconf 93' lang='lat' dir='ltr'><strong>a</strong></span> <span class='ocrx_word' id='word_1_722' title='bbox 3116 3157 3304 3209; x_wconf 82' lang='lat' dir='ltr'><strong>dextris</strong></span> <span class='ocrx_word' id='word_1_723' title='bbox 3333 3157 3434 3209; x_wconf 86' lang='lat' dir='ltr'><strong>suis</strong></span> <span class='ocrx_word' id='word_1_724' title='bbox 3454 3196 3468 3220; x_wconf 94' lang='lat'><strong>,</strong></span> <span class='ocrx_word' id='word_1_725' title='bbox 3501 3155 3606 3207; x_wconf 78' lang='lat' dir='ltr'><strong>hce-</strong></span> 
     </span>
    </p>
   </div>
   <div class='ocr_carea' id='block_1_94' title="bbox 2031 3245 3606 3319">
    <p class='ocr_par' dir='ltr' id='par_1_94' title="bbox 2031 3245 3606 3319">
     <span class='ocr_line' id='line_1_94' title="bbox 2031 3245 3606 3319; baseline -0.006 -10"><span class='ocrx_word' id='word_1_726' title='bbox 2031 3257 2124 3309; x_wconf 87' lang='lat' dir='ltr'><strong>dos</strong></span> <span class='ocrx_word' id='word_1_727' title='bbox 2146 3271 2259 3308; x_wconf 88' lang='lat' dir='ltr'><strong>vero</strong></span> <span class='ocrx_word' id='word_1_728' title='bbox 2283 3271 2313 3305; x_wconf 91' lang='lat' dir='ltr'><strong>a</strong></span> <span class='ocrx_word' id='word_1_729' title='bbox 2341 3253 2579 3315; x_wconf 86' lang='lat' dir='ltr'><strong>sinistris,</strong></span> <span class='ocrx_word' id='word_1_730' title='bbox 2612 3263 2659 3305; x_wconf 90' lang='lat' dir='ltr'><strong>et</strong></span> <span class='ocrx_word' id='word_1_731' title='bbox 2679 3253 2807 3304; x_wconf 80' lang='lat' dir='ltr'><strong>dicet</strong></span> <span class='ocrx_word' id='word_1_732' title='bbox 2836 3252 2925 3315; x_wconf 89' lang='lat' dir='ltr'><strong>iis,</strong></span> <span class='ocrx_word' id='word_1_733' title='bbox 2956 3251 3044 3319; x_wconf 90' lang='lat' dir='ltr'><strong>qui</strong></span> <span class='ocrx_word' id='word_1_734' title='bbox 3070 3266 3102 3301; x_wconf 87' lang='lat' dir='ltr'><strong>a</strong></span> <span class='ocrx_word' id='word_1_735' title='bbox 3127 3249 3318 3301; x_wconf 73' lang='lat' dir='ltr'><strong>dextris</strong></span> <span class='ocrx_word' id='word_1_736' title='bbox 3338 3257 3454 3300; x_wconf 87' lang='lat' dir='ltr'><strong>sunt</strong></span> <span class='ocrx_word' id='word_1_737' title='bbox 3475 3263 3496 3299; x_wconf 89' lang='lat'><strong><em>:</em></strong></span> <span class='ocrx_word' id='word_1_738' title='bbox 3522 3245 3606 3300; x_wconf 87' lang='lat' dir='ltr'><strong>hic</strong></span> 
     </span>
    </p>
   </div>
   <div class='ocr_carea' id='block_1_95' title="bbox 2032 3341 3602 3414">
    <p class='ocr_par' dir='ltr' id='par_1_95' title="bbox 2032 3341 3602 3414">
     <span class='ocr_line' id='line_1_95' title="bbox 2032 3341 3602 3414; baseline -0.005 -15"><span class='ocrx_word' id='word_1_739' title='bbox 2032 3346 2243 3400; x_wconf 86' lang='lat' dir='ltr'><strong>attende</strong></span> <span class='ocrx_word' id='word_1_740' title='bbox 2263 3361 2417 3414; x_wconf 90' lang='lat' dir='ltr'><strong>quam</strong></span> <span class='ocrx_word' id='word_1_741' title='bbox 2441 3343 2727 3398; x_wconf 87' lang='lat' dir='ltr'><strong>benevolus</strong></span> <span class='ocrx_word' id='word_1_742' title='bbox 2747 3343 2815 3396; x_wconf 88' lang='lat' dir='ltr'><strong>sit</strong></span> <span class='ocrx_word' id='word_1_743' title='bbox 2835 3341 3041 3395; x_wconf 87' lang='lat' dir='ltr'><strong>debitor</strong></span> <span class='ocrx_word' id='word_1_744' title='bbox 3059 3356 3180 3409; x_wconf 86' lang='lat' dir='ltr'><strong>erga</strong></span> <span class='ocrx_word' id='word_1_745' title='bbox 3199 3341 3568 3394; x_wconf 65' lang='lat' dir='ltr'><strong>faneratorem</strong></span> <span class='ocrx_word' id='word_1_746' title='bbox 3588 3356 3602 3391; x_wconf 91' lang='lat'>:</span> 
     </span>
    </p>
   </div>
   <div class='ocr_carea' id='block_1_96' title="bbox 2033 3429 3605 3506">
    <p class='ocr_par' dir='ltr' id='par_1_96' title="bbox 2033 3429 3605 3506">
     <span class='ocr_line' id='line_1_96' title="bbox 2033 3429 3605 3506; baseline -0.004 -19"><span class='ocrx_word' id='word_1_747' title='bbox 2033 3453 2138 3506; x_wconf 91' lang='lat' dir='ltr'><strong>quo</strong></span> <span class='ocrx_word' id='word_1_748' title='bbox 2169 3446 2320 3506; x_wconf 87' lang='lat' dir='ltr'><strong>pacto</strong></span> <span class='ocrx_word' id='word_1_749' title='bbox 2351 3437 2416 3500; x_wconf 88' lang='lat' dir='ltr'><strong>is,</strong></span> <span class='ocrx_word' id='word_1_750' title='bbox 2446 3435 2533 3503; x_wconf 90' lang='lat' dir='ltr'><strong>qui</strong></span> <span class='ocrx_word' id='word_1_751' title='bbox 2564 3444 2802 3488; x_wconf 92' lang='lat' dir='ltr'><strong>mutuum</strong></span> <span class='ocrx_word' id='word_1_752' title='bbox 2833 3431 3066 3500; x_wconf 89' lang='lat' dir='ltr'><strong>accepit,</strong></span> <span class='ocrx_word' id='word_1_753' title='bbox 3100 3431 3263 3484; x_wconf 90' lang='lat' dir='ltr'><strong>multa</strong></span> <span class='ocrx_word' id='word_1_754' title='bbox 3292 3445 3415 3484; x_wconf 91' lang='lat' dir='ltr'><strong>cum</strong></span> <span class='ocrx_word' id='word_1_755' title='bbox 3443 3429 3605 3498; x_wconf 79' lang='lat' dir='ltr'><strong>gratia</strong></span> 
     </span>
    </p>
   </div>
   <div class='ocr_carea' id='block_1_97' title="bbox 2035 3522 3606 3590">
    <p class='ocr_par' dir='ltr' id='par_1_97' title="bbox 2035 3522 3606 3590">
     <span class='ocr_line' id='line_1_97' title="bbox 2035 3522 3606 3590; baseline -0.006 -8"><span class='ocrx_word' id='word_1_756' title='bbox 2035 3525 2238 3582; x_wconf 84' lang='lat' dir='ltr'><strong>reddat.</strong></span> <span class='ocrx_word' id='word_1_757' title='bbox 2273 3526 2464 3588; x_wconf 85' lang='lat' dir='ltr'><strong>Venite,</strong></span> <span class='ocrx_word' id='word_1_758' title='bbox 2494 3523 2734 3578; x_wconf 85' lang='lat' dir='ltr'><strong>benedicti</strong></span> <span class='ocrx_word' id='word_1_759' title='bbox 2764 3522 2932 3575; x_wconf 87' lang='lat' dir='ltr'><strong>Patris</strong></span> <span class='ocrx_word' id='word_1_760' title='bbox 2953 3523 3082 3589; x_wconf 90' lang='lat' dir='ltr'><strong>mei,</strong></span> <span class='ocrx_word' id='word_1_761' title='bbox 3111 3523 3358 3590; x_wconf 88' lang='lat' dir='ltr'><strong>possidete</strong></span> <span class='ocrx_word' id='word_1_762' title='bbox 3378 3530 3606 3590; x_wconf 87' lang='lat' dir='ltr'><strong>paratum</strong></span> 
     </span>
    </p>
   </div>
   <div class='ocr_carea' id='block_1_98' title="bbox 2032 3612 3608 3688">
    <p class='ocr_par' dir='ltr' id='par_1_98' title="bbox 2032 3612 3608 3688">
     <span class='ocr_line' id='line_1_98' title="bbox 2032 3612 3608 3688; baseline -0.006 -17"><span class='ocrx_word' id='word_1_763' title='bbox 2032 3619 2168 3671; x_wconf 85' lang='lat' dir='ltr'><strong>vobis</strong></span> <span class='ocrx_word' id='word_1_764' title='bbox 2193 3634 2400 3688; x_wconf 88' lang='lat' dir='ltr'><strong>rcgnum</strong></span> <span class='ocrx_word' id='word_1_765' title='bbox 2430 3634 2461 3669; x_wconf 91' lang='lat' dir='ltr'><strong>a</strong></span> <span class='ocrx_word' id='word_1_766' title='bbox 2489 3616 2844 3669; x_wconf 86' lang='lat' dir='ltr'><strong>constitutione</strong></span> <span class='ocrx_word' id='word_1_767' title='bbox 2873 3614 3067 3666; x_wconf 89' lang='lat' dir='ltr'><strong>mundi.</strong></span> <span class='ocrx_word' id='word_1_768' title='bbox 3094 3613 3305 3679; x_wconf 82' lang='lat' dir='ltr'><strong>Quare?</strong></span> <span class='ocrx_word' id='word_1_769' title='bbox 3336 3612 3466 3677; x_wconf 88' lang='lat' dir='ltr'><strong>Quia</strong></span> <span class='ocrx_word' id='word_1_770' title='bbox 3491 3627 3608 3664; x_wconf 82' lang='lat' dir='ltr'><strong>esu-</strong></span> 
     </span>
    </p>
   </div>
   <div class='ocr_carea' id='block_1_99' title="bbox 2032 3701 3606 3769">
    <p class='ocr_par' dir='ltr' id='par_1_99' title="bbox 2032 3701 3606 3769">
     <span class='ocr_line' id='line_1_99' title="bbox 2032 3701 3606 3769; baseline -0.005 -9"><span class='ocrx_word' id='word_1_771' title='bbox 2032 3710 2143 3769; x_wconf 87' lang='lat' dir='ltr'><strong>rivi,</strong></span> <span class='ocrx_word' id='word_1_772' title='bbox 2178 3718 2223 3761; x_wconf 91' lang='lat' dir='ltr'><strong>et</strong></span> <span class='ocrx_word' id='word_1_773' title='bbox 2252 3708 2457 3760; x_wconf 87' lang='lat' dir='ltr'><strong>dedistis</strong></span> <span class='ocrx_word' id='word_1_774' title='bbox 2482 3705 2605 3758; x_wconf 83' lang='lat' dir='ltr'><strong>mihi</strong></span> <span class='ocrx_word' id='word_1_775' title='bbox 2632 3705 2938 3758; x_wconf 86' lang='lat' dir='ltr'><strong>manducare</strong></span> <span class='ocrx_word' id='word_1_776' title='bbox 2959 3720 2977 3756; x_wconf 91' lang='lat'><strong><em>:</em></strong></span> <span class='ocrx_word' id='word_1_777' title='bbox 3005 3704 3157 3765; x_wconf 87' lang='lat' dir='ltr'><strong>sitivi,</strong></span> <span class='ocrx_word' id='word_1_778' title='bbox 3190 3713 3234 3754; x_wconf 92' lang='lat' dir='ltr'><strong>et</strong></span> <span class='ocrx_word' id='word_1_779' title='bbox 3256 3701 3462 3754; x_wconf 86' lang='lat' dir='ltr'><strong>dedistis</strong></span> <span class='ocrx_word' id='word_1_780' title='bbox 3483 3701 3606 3753; x_wconf 85' lang='lat' dir='ltr'><strong>mihi</strong></span> 
     </span>
    </p>
   </div>
   <div class='ocr_carea' id='block_1_100' title="bbox 2031 3796 3609 3864">
    <p class='ocr_par' dir='ltr' id='par_1_100' title="bbox 2031 3796 3609 3864">
     <span class='ocr_line' id='line_1_100' title="bbox 2031 3796 3609 3864; baseline -0.005 -11"><span class='ocrx_word' id='word_1_781' title='bbox 2031 3801 2193 3853; x_wconf 77' lang='lat' dir='ltr'><strong>bibere</strong></span> <span class='ocrx_word' id='word_1_782' title='bbox 2228 3816 2244 3853; x_wconf 93' lang='lat'><strong><em>:</em></strong></span> <span class='ocrx_word' id='word_1_783' title='bbox 2276 3800 2440 3852; x_wconf 87' lang='lat' dir='ltr'><strong>nudus</strong></span> <span class='ocrx_word' id='word_1_784' title='bbox 2463 3815 2598 3852; x_wconf 83' lang='lat' dir='ltr'><strong>erant</strong></span> <span class='ocrx_word' id='word_1_785' title='bbox 2618 3839 2632 3862; x_wconf 95' lang='lat'><strong>,</strong></span> <span class='ocrx_word' id='word_1_786' title='bbox 2665 3807 2713 3851; x_wconf 89' lang='lat' dir='ltr'><strong>et</strong></span> <span class='ocrx_word' id='word_1_787' title='bbox 2739 3797 3064 3864; x_wconf 84' lang='lat' dir='ltr'><strong>cooperuistis</strong></span> <span class='ocrx_word' id='word_1_788' title='bbox 3093 3813 3169 3847; x_wconf 89' lang='lat' dir='ltr'><strong>me</strong></span> <span class='ocrx_word' id='word_1_789' title='bbox 3197 3811 3213 3848; x_wconf 89' lang='lat'><strong><em>:</em></strong></span> <span class='ocrx_word' id='word_1_790' title='bbox 3237 3796 3289 3848; x_wconf 91' lang='lat' dir='ltr'><strong>in</strong></span> <span class='ocrx_word' id='word_1_791' title='bbox 3319 3809 3535 3858; x_wconf 85' lang='lat' dir='ltr'><strong>carcere,</strong></span> <span class='ocrx_word' id='word_1_792' title='bbox 3563 3803 3609 3845; x_wconf 86' lang='lat' dir='ltr'><strong>et</strong></span> 
     </span>
    </p>
   </div>
   <div class='ocr_carea' id='block_1_101' title="bbox 2031 3887 3610 3958">
    <p class='ocr_par' dir='ltr' id='par_1_101' title="bbox 2031 3887 3610 3958">
     <span class='ocr_line' id='line_1_101' title="bbox 2031 3887 3610 3958; baseline -0.005 -12"><span class='ocrx_word' id='word_1_793' title='bbox 2031 3892 2231 3946; x_wconf 85' lang='lat' dir='ltr'><strong>venistis</strong></span> <span class='ocrx_word' id='word_1_794' title='bbox 2262 3892 2327 3944; x_wconf 91' lang='lat' dir='ltr'><strong>ad</strong></span> <span class='ocrx_word' id='word_1_795' title='bbox 2351 3908 2428 3944; x_wconf 90' lang='lat' dir='ltr'><strong>me</strong></span> <span class='ocrx_word' id='word_1_796' title='bbox 2455 3907 2473 3944; x_wconf 89' lang='lat'><strong><em>:</em></strong></span> <span class='ocrx_word' id='word_1_797' title='bbox 2498 3891 2732 3958; x_wconf 84' lang='lat' dir='ltr'><strong>inﬁrmus</strong></span> <span class='ocrx_word' id='word_1_798' title='bbox 2759 3905 2916 3951; x_wconf 88' lang='lat' dir='ltr'><strong>eram,</strong></span> <span class='ocrx_word' id='word_1_799' title='bbox 2949 3897 2993 3941; x_wconf 89' lang='lat' dir='ltr'><strong>et</strong></span> <span class='ocrx_word' id='word_1_800' title='bbox 3024 3888 3258 3940; x_wconf 87' lang='lat' dir='ltr'><strong>visitastis</strong></span> <span class='ocrx_word' id='word_1_801' title='bbox 3286 3905 3365 3941; x_wconf 87' lang='lat' dir='ltr'><strong>me</strong></span> <span class='ocrx_word' id='word_1_802' title='bbox 3383 3902 3403 3940; x_wconf 89' lang='grc'><strong>.·</strong></span> <span class='ocrx_word' id='word_1_803' title='bbox 3429 3887 3610 3954; x_wconf 86' lang='lat' dir='ltr'><strong>hospes</strong></span> 
     </span>
    </p>
   </div>
   <div class='ocr_carea' id='block_1_102' title="bbox 2030 3977 3611 4051">
    <p class='ocr_par' dir='ltr' id='par_1_102' title="bbox 2030 3977 3611 4051">
     <span class='ocr_line' id='line_1_102' title="bbox 2030 3977 3611 4051; baseline -0.003 -16"><span class='ocrx_word' id='word_1_804' title='bbox 2030 4000 2167 4036; x_wconf 88' lang='lat' dir='ltr'><strong>eram</strong></span> <span class='ocrx_word' id='word_1_805' title='bbox 2188 4024 2202 4046; x_wconf 97' lang='lat'><strong>,</strong></span> <span class='ocrx_word' id='word_1_806' title='bbox 2253 3993 2298 4035; x_wconf 90' lang='lat' dir='ltr'><strong>et</strong></span> <span class='ocrx_word' id='word_1_807' title='bbox 2325 3982 2590 4051; x_wconf 80' lang='lat' dir='ltr'><strong>collegistis</strong></span> <span class='ocrx_word' id='word_1_808' title='bbox 2616 3997 2693 4033; x_wconf 88' lang='lat' dir='ltr'><strong>me</strong></span> <span class='ocrx_word' id='word_1_809' title='bbox 2719 3979 2738 4051; x_wconf 94' lang='lat'><strong>(</strong></span> <span class='ocrx_word' id='word_1_810' title='bbox 2759 3979 2942 4032; x_wconf 80' lang='lat' dir='ltr'><strong>Matth.</strong></span> <span class='ocrx_word' id='word_1_811' title='bbox 2970 3978 3059 4032; x_wconf 66' lang='lat'><strong>25.</strong></span> <span class='ocrx_word' id='word_1_812' title='bbox 3093 3980 3180 4032; x_wconf 81' lang='grc'><strong>51.</strong></span> <span class='ocrx_word' id='word_1_813' title='bbox 3204 3977 3385 4050; x_wconf 86' lang='lat' dir='ltr'><strong>seqq.).</strong></span> <span class='ocrx_word' id='word_1_814' title='bbox 3413 3977 3611 4032; x_wconf 79' lang='lat' dir='ltr'><strong>Deinde</strong></span> 
     </span>
    </p>
   </div>
   <div class='ocr_carea' id='block_1_103' title="bbox 2033 4068 3607 4142">
    <p class='ocr_par' dir='ltr' id='par_1_103' title="bbox 2033 4068 3607 4142">
     <span class='ocr_line' id='line_1_103' title="bbox 2033 4068 3607 4142; baseline -0.004 -17"><span class='ocrx_word' id='word_1_815' title='bbox 2033 4074 2121 4142; x_wconf 91' lang='lat' dir='ltr'><strong>qui</strong></span> <span class='ocrx_word' id='word_1_816' title='bbox 2155 4074 2206 4126; x_wconf 93' lang='lat' dir='ltr'><strong>in</strong></span> <span class='ocrx_word' id='word_1_817' title='bbox 2241 4082 2476 4141; x_wconf 90' lang='lat' dir='ltr'><strong>tempore</strong></span> <span class='ocrx_word' id='word_1_818' title='bbox 2503 4071 2638 4123; x_wconf 90' lang='lat' dir='ltr'><strong>bene</strong></span> <span class='ocrx_word' id='word_1_819' title='bbox 2669 4071 3051 4132; x_wconf 89' lang='lat' dir='ltr'><strong>ministraruut,</strong></span> <span class='ocrx_word' id='word_1_820' title='bbox 3088 4071 3350 4136; x_wconf 78' lang='lat' dir='ltr'><strong>propriam</strong></span> <span class='ocrx_word' id='word_1_821' title='bbox 3379 4068 3607 4121; x_wconf 79' lang='lat' dir='ltr'><strong>infirmi-</strong></span> 
     </span>
    </p>
   </div>
   <div class='ocr_carea' id='block_1_104' title="bbox 2032 4160 3606 4231">
    <p class='ocr_par' dir='ltr' id='par_1_104' title="bbox 2032 4160 3606 4231">
     <span class='ocr_line' id='line_1_104' title="bbox 2032 4160 3606 4231; baseline -0.003 -15"><span class='ocrx_word' id='word_1_822' title='bbox 2032 4173 2193 4218; x_wconf 92' lang='lat' dir='ltr'><strong>tatem</strong></span> <span class='ocrx_word' id='word_1_823' title='bbox 2222 4163 2569 4231; x_wconf 89' lang='lat' dir='ltr'><strong>respicientcs</strong></span> <span class='ocrx_word' id='word_1_824' title='bbox 2589 4199 2604 4223; x_wconf 87' lang='lat'><strong>,</strong></span> <span class='ocrx_word' id='word_1_825' title='bbox 2633 4170 2789 4229; x_wconf 91' lang='lat' dir='ltr'><strong>atque</strong></span> <span class='ocrx_word' id='word_1_826' title='bbox 2813 4162 2960 4229; x_wconf 86' lang='lat' dir='ltr'><strong>ejus,</strong></span> <span class='ocrx_word' id='word_1_827' title='bbox 2986 4161 3072 4228; x_wconf 93' lang='lat' dir='ltr'><strong>qui</strong></span> <span class='ocrx_word' id='word_1_828' title='bbox 3101 4169 3339 4212; x_wconf 88' lang='lat' dir='ltr'><strong>mutuum</strong></span> <span class='ocrx_word' id='word_1_829' title='bbox 3365 4160 3566 4227; x_wconf 90' lang='lat' dir='ltr'><strong>accepit</strong></span> <span class='ocrx_word' id='word_1_830' title='bbox 3590 4199 3606 4220; x_wconf 90' lang='lat'><strong>,</strong></span> 
     </span>
    </p>
   </div>
   <div class='ocr_carea' id='block_1_105' title="bbox 2031 4249 3609 4323">
    <p class='ocr_par' dir='ltr' id='par_1_105' title="bbox 2031 4249 3609 4323">
     <span class='ocr_line' id='line_1_105' title="bbox 2031 4249 3609 4323; baseline -0.005 -15"><span class='ocrx_word' id='word_1_831' title='bbox 2031 4255 2342 4323; x_wconf 89' lang='lat' dir='ltr'><strong>dignitatem</strong></span> <span class='ocrx_word' id='word_1_832' title='bbox 2363 4294 2378 4318; x_wconf 97' lang='lat'><strong>,</strong></span> <span class='ocrx_word' id='word_1_833' title='bbox 2410 4253 2586 4305; x_wconf 90' lang='lat' dir='ltr'><strong>dicent</strong></span> <span class='ocrx_word' id='word_1_834' title='bbox 2621 4270 2633 4304; x_wconf 95' lang='lat'>:</span> <span class='ocrx_word' id='word_1_835' title='bbox 2664 4249 2878 4302; x_wconf 89' lang='lat' dir='ltr'><strong>Domine</strong></span> <span class='ocrx_word' id='word_1_836' title='bbox 2897 4290 2911 4312; x_wconf 94' lang='lat'><strong>,</strong></span> <span class='ocrx_word' id='word_1_837' title='bbox 2951 4250 3152 4316; x_wconf 90' lang='lat' dir='ltr'><strong>quando</strong></span> <span class='ocrx_word' id='word_1_838' title='bbox 3179 4259 3224 4302; x_wconf 90' lang='lat' dir='ltr'><strong>te</strong></span> <span class='ocrx_word' id='word_1_839' title='bbox 3256 4250 3472 4303; x_wconf 89' lang='lat' dir='ltr'><strong>vidimus</strong></span> <span class='ocrx_word' id='word_1_840' title='bbox 3498 4265 3609 4302; x_wconf 80' lang='lat' dir='ltr'><strong>esu-</strong></span> 
     </span>
    </p>
   </div>
   <div class='ocr_carea' id='block_1_106' title="bbox 2030 4341 3611 4413">
    <p class='ocr_par' dir='ltr' id='par_1_106' title="bbox 2030 4341 3611 4413">
     <span class='ocr_line' id='line_1_106' title="bbox 2030 4341 3611 4413; baseline -0.004 -15"><span class='ocrx_word' id='word_1_841' title='bbox 2030 4347 2273 4410; x_wconf 88' lang='lat' dir='ltr'><strong>rientem,</strong></span> <span class='ocrx_word' id='word_1_842' title='bbox 2311 4355 2357 4396; x_wconf 88' lang='lat' dir='ltr'><strong>et</strong></span> <span class='ocrx_word' id='word_1_843' title='bbox 2384 4343 2610 4413; x_wconf 87' lang='lat' dir='ltr'><strong>pavimus</strong></span> <span class='ocrx_word' id='word_1_844' title='bbox 2638 4342 2720 4394; x_wconf 86' lang='lat' dir='ltr'><strong>te?</strong></span> <span class='ocrx_word' id='word_1_845' title='bbox 2759 4350 2846 4392; x_wconf 90' lang='lat' dir='ltr'><strong>aut</strong></span> <span class='ocrx_word' id='word_1_846' title='bbox 2885 4341 3166 4406; x_wconf 89' lang='lat' dir='ltr'><strong>sitientem,</strong></span> <span class='ocrx_word' id='word_1_847' title='bbox 3203 4352 3250 4394; x_wconf 90' lang='lat' dir='ltr'><strong>et</strong></span> <span class='ocrx_word' id='word_1_848' title='bbox 3296 4341 3611 4409; x_wconf 83' lang='lat' dir='ltr'><strong>potavimus.’</strong></span> 
     </span>
    </p>
   </div>
   <div class='ocr_carea' id='block_1_107' title="bbox 2033 4432 3608 4505">
    <p class='ocr_par' dir='ltr' id='par_1_107' title="bbox 2033 4432 3608 4505">
     <span class='ocr_line' id='line_1_107' title="bbox 2033 4432 3608 4505; baseline -0.003 -16"><span class='ocrx_word' id='word_1_849' title='bbox 2033 4436 2084 4489; x_wconf 93' lang='lat' dir='ltr'><strong>in</strong></span> <span class='ocrx_word' id='word_1_850' title='bbox 2124 4451 2280 4505; x_wconf 92' lang='lat' dir='ltr'><strong>quem</strong></span> <span class='ocrx_word' id='word_1_851' title='bbox 2323 4434 2460 4487; x_wconf 92' lang='lat' dir='ltr'><strong>oculi</strong></span> <span class='ocrx_word' id='word_1_852' title='bbox 2488 4433 2724 4486; x_wconf 90' lang='lat' dir='ltr'><strong>omnium</strong></span> <span class='ocrx_word' id='word_1_853' title='bbox 2755 4442 3004 4499; x_wconf 88' lang='lat' dir='ltr'><strong>sperant,</strong></span> <span class='ocrx_word' id='word_1_854' title='bbox 3032 4440 3086 4486; x_wconf 91' lang='lat' dir='ltr'><strong>et</strong></span> <span class='ocrx_word' id='word_1_855' title='bbox 3123 4440 3176 4485; x_wconf 88' lang='lat' dir='ltr'><strong>tu</strong></span> <span class='ocrx_word' id='word_1_856' title='bbox 3206 4432 3302 4486; x_wconf 91' lang='lat' dir='ltr'><strong>das</strong></span> <span class='ocrx_word' id='word_1_857' title='bbox 3337 4446 3513 4486; x_wconf 88' lang='lat' dir='ltr'><strong>escam</strong></span> <span class='ocrx_word' id='word_1_858' title='bbox 3545 4432 3608 4485; x_wconf 90' lang='lat' dir='ltr'><strong>il-</strong></span> 
     </span>
    </p>
   </div>
   <div class='ocr_carea' id='block_1_108' title="bbox 2034 4522 3612 4591">
    <p class='ocr_par' dir='ltr' id='par_1_108' title="bbox 2034 4522 3612 4591">
     <span class='ocr_line' id='line_1_108' title="bbox 2034 4522 3612 4591; baseline -0.003 -13"><span class='ocrx_word' id='word_1_859' title='bbox 2034 4525 2205 4579; x_wconf 91' lang='lat' dir='ltr'><strong>lorum</strong></span> <span class='ocrx_word' id='word_1_860' title='bbox 2253 4525 2304 4578; x_wconf 91' lang='lat' dir='ltr'><strong>in</strong></span> <span class='ocrx_word' id='word_1_861' title='bbox 2348 4523 2667 4577; x_wconf 85' lang='lat' dir='ltr'><strong>abundantia</strong></span> <span class='ocrx_word' id='word_1_862' title='bbox 2701 4522 2868 4591; x_wconf 81' lang='lat' dir='ltr'><strong>(Psat.</strong></span> <span class='ocrx_word' id='word_1_863' title='bbox 2899 4522 3018 4575; x_wconf 73' lang='lat' dir='ltr'><strong>1M.</strong></span> <span class='ocrx_word' id='word_1_864' title='bbox 3047 4522 3170 4591; x_wconf 55' lang='grc' dir='ltr'><strong>ιδῃ</strong></span> <span class='ocrx_word' id='word_1_865' title='bbox 3200 4522 3242 4575; x_wconf 92' lang='grc' dir='ltr'><strong>Ο</strong></span> <span class='ocrx_word' id='word_1_866' title='bbox 3265 4523 3483 4576; x_wconf 83' lang='lat' dir='ltr'><strong>multam</strong></span> <span class='ocrx_word' id='word_1_867' title='bbox 3513 4522 3612 4575; x_wconf 83' lang='lat' dir='ltr'><strong>bo-</strong></span> 
     </span>
    </p>
   </div>
   <div class='ocr_carea' id='block_1_109' title="bbox 2033 4611 3610 4684">
    <p class='ocr_par' dir='ltr' id='par_1_109' title="bbox 2033 4611 3610 4684">
     <span class='ocr_line' id='line_1_109' title="bbox 2033 4611 3610 4684; baseline -0.003 -14"><span class='ocrx_word' id='word_1_868' title='bbox 2033 4617 2282 4670; x_wconf 87' lang='lat' dir='ltr'><strong>nitatem!</strong></span> <span class='ocrx_word' id='word_1_869' title='bbox 2316 4615 2545 4669; x_wconf 88' lang='lat' dir='ltr'><strong>occultat</strong></span> <span class='ocrx_word' id='word_1_870' title='bbox 2567 4613 2871 4684; x_wconf 83' lang='lat' dir='ltr'><strong>dignitatem</strong></span> <span class='ocrx_word' id='word_1_871' title='bbox 2896 4612 2967 4666; x_wconf 92' lang='lat' dir='ltr'><strong>ob</strong></span> <span class='ocrx_word' id='word_1_872' title='bbox 2995 4612 3333 4667; x_wconf 89' lang='lat' dir='ltr'><strong>clementiam</strong></span> <span class='ocrx_word' id='word_1_873' title='bbox 3365 4630 3378 4666; x_wconf 88' lang='lat'><strong>:</strong></span> <span class='ocrx_word' id='word_1_874' title='bbox 3409 4611 3610 4667; x_wconf 81' lang='lat' dir='ltr'><strong>Esurivi</strong></span> 
     </span>
    </p>
   </div>
   <div class='ocr_carea' id='block_1_110' title="bbox 2032 4704 3606 4774">
    <p class='ocr_par' dir='ltr' id='par_1_110' title="bbox 2032 4704 3606 4774">
     <span class='ocr_line' id='line_1_110' title="bbox 2032 4704 3606 4774; baseline -0.001 -12"><span class='ocrx_word' id='word_1_875' title='bbox 2032 4711 2185 4774; x_wconf 87' lang='lat' dir='ltr'><strong>enim,</strong></span> <span class='ocrx_word' id='word_1_876' title='bbox 2205 4717 2248 4762; x_wconf 91' lang='lat' dir='ltr'><strong>et</strong></span> <span class='ocrx_word' id='word_1_877' title='bbox 2270 4708 2476 4761; x_wconf 86' lang='lat' dir='ltr'><strong>dedistis</strong></span> <span class='ocrx_word' id='word_1_878' title='bbox 2498 4707 2619 4758; x_wconf 86' lang='lat' dir='ltr'><strong>mihi</strong></span> <span class='ocrx_word' id='word_1_879' title='bbox 2635 4705 2958 4758; x_wconf 84' lang='lat' dir='ltr'><strong>manducare.</strong></span> <span class='ocrx_word' id='word_1_880' title='bbox 2979 4704 3023 4759; x_wconf 93' lang='grc' dir='ltr'>Ο</span> <span class='ocrx_word' id='word_1_881' title='bbox 3044 4705 3260 4758; x_wconf 91' lang='lat' dir='ltr'><strong>multam</strong></span> <span class='ocrx_word' id='word_1_882' title='bbox 3283 4705 3606 4761; x_wconf 85' lang='lat' dir='ltr'><strong>bonitatem!</strong></span> 
     </span>
    </p>
   </div>
   <div class='ocr_carea' id='block_1_111' title="bbox 2033 4795 3606 4865">
    <p class='ocr_par' dir='ltr' id='par_1_111' title="bbox 2033 4795 3606 4865">
     <span class='ocr_line' id='line_1_111' title="bbox 2033 4795 3606 4865; baseline -0.004 -10"><span class='ocrx_word' id='word_1_883' title='bbox 2033 4817 2066 4855; x_wconf 91' lang='grc' dir='ltr'><strong>ο</strong></span> <span class='ocrx_word' id='word_1_884' title='bbox 2084 4802 2393 4854; x_wconf 85' lang='lat' dir='ltr'><strong>immensam</strong></span> <span class='ocrx_word' id='word_1_885' title='bbox 2417 4796 2822 4865; x_wconf 80' lang='lat' dir='ltr'><strong>benignitatem!</strong></span> <span class='ocrx_word' id='word_1_886' title='bbox 2845 4795 2933 4865; x_wconf 92' lang='lat' dir='ltr'><strong>qui</strong></span> <span class='ocrx_word' id='word_1_887' title='bbox 2957 4795 3046 4849; x_wconf 87' lang='lat' dir='ltr'><strong>dat</strong></span> <span class='ocrx_word' id='word_1_888' title='bbox 3069 4810 3243 4850; x_wconf 88' lang='lat' dir='ltr'><strong>escam</strong></span> <span class='ocrx_word' id='word_1_889' title='bbox 3269 4796 3411 4849; x_wconf 91' lang='lat' dir='ltr'><strong>omni</strong></span> <span class='ocrx_word' id='word_1_890' title='bbox 3441 4798 3606 4860; x_wconf 89' lang='lat' dir='ltr'><strong>carni,</strong></span> 
     </span>
    </p>
   </div>
   <div class='ocr_carea' id='block_1_112' title="bbox 2033 4886 3608 4963">
    <p class='ocr_par' dir='ltr' id='par_1_112' title="bbox 2033 4886 3608 4963">
     <span class='ocr_line' id='line_1_112' title="bbox 2033 4886 3608 4963; baseline -0.006 -16"><span class='ocrx_word' id='word_1_891' title='bbox 2033 4896 2121 4963; x_wconf 92' lang='lat' dir='ltr'><strong>qui</strong></span> <span class='ocrx_word' id='word_1_892' title='bbox 2160 4895 2331 4960; x_wconf 90' lang='lat' dir='ltr'><strong>aperit</strong></span> <span class='ocrx_word' id='word_1_893' title='bbox 2375 4902 2591 4952; x_wconf 91' lang='lat' dir='ltr'><strong>manus,</strong></span> <span class='ocrx_word' id='word_1_894' title='bbox 2643 4897 2694 4941; x_wconf 90' lang='lat' dir='ltr'><strong>et</strong></span> <span class='ocrx_word' id='word_1_895' title='bbox 2740 4887 2921 4955; x_wconf 86' lang='lat' dir='ltr'><strong>implet</strong></span> <span class='ocrx_word' id='word_1_896' title='bbox 2957 4901 3115 4940; x_wconf 88' lang='lat' dir='ltr'><strong>omne</strong></span> <span class='ocrx_word' id='word_1_897' title='bbox 3151 4886 3344 4939; x_wconf 88' lang='lat' dir='ltr'><strong>animal</strong></span> <span class='ocrx_word' id='word_1_898' title='bbox 3390 4887 3608 4941; x_wconf 82' lang='lat' dir='ltr'><strong>benedi-</strong></span> 
     </span>
    </p>
   </div>
   <div class='ocr_carea' id='block_1_113' title="bbox 2033 4976 3609 5051">
    <p class='ocr_par' dir='ltr' id='par_1_113' title="bbox 2033 4976 3609 5051">
     <span class='ocr_line' id='line_1_113' title="bbox 2033 4976 3609 5051; baseline -0.006 -12"><span class='ocrx_word' id='word_1_899' title='bbox 2033 4986 2209 5039; x_wconf 88' lang='lat' dir='ltr'><strong>ctione</strong></span> <span class='ocrx_word' id='word_1_900' title='bbox 2237 4981 2408 5051; x_wconf 84' lang='lat' dir='ltr'><strong>(Psal.</strong></span> <span class='ocrx_word' id='word_1_901' title='bbox 2437 4980 2556 5033; x_wconf 75' lang='grc'><strong>144.</strong></span> <span class='ocrx_word' id='word_1_902' title='bbox 2584 4978 2697 5048; x_wconf 77' lang='grc'><strong>16),</strong></span> <span class='ocrx_word' id='word_1_903' title='bbox 2725 4978 2942 5041; x_wconf 81' lang='lat' dir='ltr'><strong>Esurivi,</strong></span> <span class='ocrx_word' id='word_1_904' title='bbox 2971 4979 3157 5045; x_wconf 90' lang='lat' dir='ltr'><strong>inquit,</strong></span> <span class='ocrx_word' id='word_1_905' title='bbox 3185 4985 3231 5030; x_wconf 89' lang='lat' dir='ltr'><strong>et</strong></span> <span class='ocrx_word' id='word_1_906' title='bbox 3261 4976 3467 5031; x_wconf 88' lang='lat' dir='ltr'><strong>dedistis</strong></span> <span class='ocrx_word' id='word_1_907' title='bbox 3487 4978 3609 5029; x_wconf 86' lang='lat' dir='ltr'><strong>mihi</strong></span> 
     </span>
    </p>
   </div>
   <div class='ocr_carea' id='block_1_114' title="bbox 2035 5067 3607 5137">
    <p class='ocr_par' dir='ltr' id='par_1_114' title="bbox 2035 5067 3607 5137">
     <span class='ocr_line' id='line_1_114' title="bbox 2035 5067 3607 5137; baseline -0.003 -11"><span class='ocrx_word' id='word_1_908' title='bbox 2035 5074 2368 5135; x_wconf 86' lang='lat' dir='ltr'><strong>manducare,</strong></span> <span class='ocrx_word' id='word_1_909' title='bbox 2418 5085 2522 5123; x_wconf 92' lang='lat' dir='ltr'><strong>non</strong></span> <span class='ocrx_word' id='word_1_910' title='bbox 2567 5070 2840 5122; x_wconf 88' lang='lat' dir='ltr'><strong>imminuta</strong></span> <span class='ocrx_word' id='word_1_911' title='bbox 2879 5067 3168 5135; x_wconf 82' lang='lat' dir='ltr'><strong>dignitate,</strong></span> <span class='ocrx_word' id='word_1_912' title='bbox 3212 5067 3305 5121; x_wconf 88' lang='lat' dir='ltr'><strong>sed</strong></span> <span class='ocrx_word' id='word_1_913' title='bbox 3344 5067 3460 5137; x_wconf 82' lang='lat' dir='ltr'><strong>ejus</strong></span> <span class='ocrx_word' id='word_1_914' title='bbox 3495 5068 3607 5122; x_wconf 87' lang='lat' dir='ltr'><strong>cle-</strong></span> 
     </span>
    </p>
   </div>
   <div class='ocr_carea' id='block_1_115' title="bbox 2034 5159 3610 5233">
    <p class='ocr_par' dir='ltr' id='par_1_115' title="bbox 2034 5159 3610 5233">
     <span class='ocr_line' id='line_1_115' title="bbox 2034 5159 3610 5233; baseline -0.006 -12"><span class='ocrx_word' id='word_1_915' title='bbox 2034 5166 2226 5221; x_wconf 86' lang='lat' dir='ltr'><strong>mentia</strong></span> <span class='ocrx_word' id='word_1_916' title='bbox 2263 5179 2357 5233; x_wconf 89' lang='lat' dir='ltr'><strong>pro</strong></span> <span class='ocrx_word' id='word_1_917' title='bbox 2402 5162 2721 5232; x_wconf 89' lang='lat' dir='ltr'><strong>pauperibus</strong></span> <span class='ocrx_word' id='word_1_918' title='bbox 2745 5159 3088 5226; x_wconf 83' lang='lat' dir='ltr'><strong>ﬁdejubente.</strong></span> <span class='ocrx_word' id='word_1_919' title='bbox 3129 5160 3296 5221; x_wconf 87' lang='lat' dir='ltr'><strong>Sitivi,</strong></span> <span class='ocrx_word' id='word_1_920' title='bbox 3329 5170 3375 5211; x_wconf 83' lang='lat' dir='ltr'><strong>et</strong></span> <span class='ocrx_word' id='word_1_921' title='bbox 3403 5160 3610 5226; x_wconf 82' lang='lat' dir='ltr'><strong>putastis</strong></span> 
     </span>
    </p>
   </div>
   <div class='ocr_carea' id='block_1_116' title="bbox 2035 5248 3602 5320">
    <p class='ocr_par' dir='ltr' id='par_1_116' title="bbox 2035 5248 3602 5320">
     <span class='ocr_line' id='line_1_116' title="bbox 2035 5248 3602 5320; baseline -0.004 -12"><span class='ocrx_word' id='word_1_922' title='bbox 2035 5272 2130 5308; x_wconf 84' lang='lat' dir='ltr'><strong>me.</strong></span> <span class='ocrx_word' id='word_1_923' title='bbox 2171 5255 2425 5320; x_wconf 89' lang='lat' dir='ltr'><strong>Quisnam</strong></span> <span class='ocrx_word' id='word_1_924' title='bbox 2477 5254 2589 5306; x_wconf 63' lang='lat' dir='ltr'><strong>haec</strong></span> <span class='ocrx_word' id='word_1_925' title='bbox 2631 5250 2795 5304; x_wconf 84' lang='lat' dir='ltr'><strong>dicit?</strong></span> <span class='ocrx_word' id='word_1_926' title='bbox 2835 5250 2934 5316; x_wconf 89' lang='lat' dir='ltr'><strong>Qui</strong></span> <span class='ocrx_word' id='word_1_927' title='bbox 2982 5250 3229 5314; x_wconf 88' lang='lat' dir='ltr'><strong>lacubus,</strong></span> <span class='ocrx_word' id='word_1_928' title='bbox 3269 5248 3602 5313; x_wconf 76' lang='lat' dir='ltr'><strong>fluminibus,</strong></span> 
     </span>
    </p>
   </div>
   <div class='ocr_carea' id='block_1_117' title="bbox 2037 5338 3604 5413">
    <p class='ocr_par' dir='ltr' id='par_1_117' title="bbox 2037 5338 3604 5413">
     <span class='ocr_line' id='line_1_117' title="bbox 2037 5338 3604 5413; baseline -0.005 -14"><span class='ocrx_word' id='word_1_929' title='bbox 2037 5346 2269 5401; x_wconf 78' lang='lat' dir='ltr'><strong>fontibus</strong></span> <span class='ocrx_word' id='word_1_930' title='bbox 2299 5361 2450 5413; x_wconf 55' lang='lat' dir='ltr'><strong>aqua).</strong></span> <span class='ocrx_word' id='word_1_931' title='bbox 2489 5353 2730 5398; x_wconf 85' lang='lat' dir='ltr'><strong>naturam</strong></span> <span class='ocrx_word' id='word_1_932' title='bbox 2761 5341 3020 5403; x_wconf 79' lang='lat' dir='ltr'><strong>infundit,</strong></span> <span class='ocrx_word' id='word_1_933' title='bbox 3068 5339 3154 5407; x_wconf 91' lang='lat' dir='ltr'><strong>qui</strong></span> <span class='ocrx_word' id='word_1_934' title='bbox 3200 5353 3291 5407; x_wconf 92' lang='lat' dir='ltr'><strong>per</strong></span> <span class='ocrx_word' id='word_1_935' title='bbox 3329 5338 3604 5409; x_wconf 82' lang='lat' dir='ltr'><strong>Evangelia</strong></span> 
     </span>
    </p>
   </div>
   <div class='ocr_carea' id='block_1_118' title="bbox 2035 5428 3604 5501">
    <p class='ocr_par' dir='ltr' id='par_1_118' title="bbox 2035 5428 3604 5501">
     <span class='ocr_line' id='line_1_118' title="bbox 2035 5428 3604 5501; baseline -0.007 -11"><span class='ocrx_word' id='word_1_936' title='bbox 2035 5437 2160 5490; x_wconf 90' lang='lat' dir='ltr'><strong>dicit</strong></span> <span class='ocrx_word' id='word_1_937' title='bbox 2187 5453 2199 5488; x_wconf 91' lang='lat'><strong>:</strong></span> <span class='ocrx_word' id='word_1_938' title='bbox 2232 5435 2330 5501; x_wconf 89' lang='lat' dir='ltr'><strong>Qui</strong></span> <span class='ocrx_word' id='word_1_939' title='bbox 2353 5434 2508 5487; x_wconf 89' lang='lat' dir='ltr'><strong>credit</strong></span> <span class='ocrx_word' id='word_1_940' title='bbox 2549 5435 2599 5486; x_wconf 91' lang='lat' dir='ltr'><strong>in</strong></span> <span class='ocrx_word' id='word_1_941' title='bbox 2625 5449 2722 5498; x_wconf 90' lang='lat' dir='ltr'><strong>me,</strong></span> <span class='ocrx_word' id='word_1_942' title='bbox 2755 5433 2881 5485; x_wconf 89' lang='lat' dir='ltr'><strong>sicut</strong></span> <span class='ocrx_word' id='word_1_943' title='bbox 2907 5431 3026 5482; x_wconf 88' lang='lat' dir='ltr'><strong>dicit</strong></span> <span class='ocrx_word' id='word_1_944' title='bbox 3066 5428 3360 5498; x_wconf 87' lang='lat' dir='ltr'><strong>Scriptura,</strong></span> <span class='ocrx_word' id='word_1_945' title='bbox 3393 5429 3604 5498; x_wconf 79' lang='lat' dir='ltr'><strong>ﬂumina</strong></span> 
     </span>
    </p>
   </div>
   <div class='ocr_carea' id='block_1_119' title="bbox 2035 5517 3608 5596">
    <p class='ocr_par' dir='ltr' id='par_1_119' title="bbox 2035 5517 3608 5596">
     <span class='ocr_line' id='line_1_119' title="bbox 2035 5517 3608 5596; baseline -0.008 -16"><span class='ocrx_word' id='word_1_946' title='bbox 2035 5528 2095 5580; x_wconf 92' lang='lat' dir='ltr'><strong>de</strong></span> <span class='ocrx_word' id='word_1_947' title='bbox 2119 5537 2285 5580; x_wconf 90' lang='lat' dir='ltr'><strong>ventre</strong></span> <span class='ocrx_word' id='word_1_948' title='bbox 2310 5528 2419 5596; x_wconf 89' lang='lat' dir='ltr'><strong>ejus</strong></span> <span class='ocrx_word' id='word_1_949' title='bbox 2444 5526 2758 5594; x_wconf 62' lang='lat' dir='ltr'><strong>ﬂuentaque</strong></span> <span class='ocrx_word' id='word_1_950' title='bbox 2778 5523 2898 5573; x_wconf 72' lang='lat' dir='ltr'><strong>viva:</strong></span> <span class='ocrx_word' id='word_1_951' title='bbox 2915 5518 3091 5590; x_wconf 83' lang='lat' dir='ltr'><strong>(Joan.</strong></span> <span class='ocrx_word' id='word_1_952' title='bbox 3119 5519 3171 5574; x_wconf 92' lang='lat'><strong>7.</strong></span> <span class='ocrx_word' id='word_1_953' title='bbox 3195 5519 3284 5585; x_wconf 79' lang='grc'><strong>58)</strong></span> <span class='ocrx_word' id='word_1_954' title='bbox 3307 5535 3320 5570; x_wconf 90' lang='lat'>:</span> <span class='ocrx_word' id='word_1_955' title='bbox 3347 5519 3434 5588; x_wconf 93' lang='lat' dir='ltr'><strong>qui</strong></span> <span class='ocrx_word' id='word_1_956' title='bbox 3457 5517 3608 5582; x_wconf 83' lang='lat' dir='ltr'><strong>dixit,</strong></span> 
     </span>
    </p>
   </div>
   <div class='ocr_carea' id='block_1_120' title="bbox 2036 5606 3607 5684">
    <p class='ocr_par' dir='ltr' id='par_1_120' title="bbox 2036 5606 3607 5684">
     <span class='ocr_line' id='line_1_120' title="bbox 2036 5606 3607 5684; baseline -0.008 -12"><span class='ocrx_word' id='word_1_957' title='bbox 2036 5618 2095 5672; x_wconf 88' lang='lat' dir='ltr'><strong>Si</strong></span> <span class='ocrx_word' id='word_1_958' title='bbox 2116 5617 2225 5684; x_wconf 86' lang='lat' dir='ltr'><strong>quis</strong></span> <span class='ocrx_word' id='word_1_959' title='bbox 2255 5617 2395 5682; x_wconf 85' lang='lat' dir='ltr'><strong>sitit,</strong></span> <span class='ocrx_word' id='word_1_960' title='bbox 2425 5617 2588 5669; x_wconf 86' lang='lat' dir='ltr'><strong>veniat</strong></span> <span class='ocrx_word' id='word_1_961' title='bbox 2612 5615 2678 5665; x_wconf 89' lang='lat' dir='ltr'><strong>ad</strong></span> <span class='ocrx_word' id='word_1_962' title='bbox 2713 5627 2790 5664; x_wconf 90' lang='lat' dir='ltr'><strong>me</strong></span> <span class='ocrx_word' id='word_1_963' title='bbox 2810 5652 2824 5678; x_wconf 90' lang='lat'><strong>,</strong></span> <span class='ocrx_word' id='word_1_964' title='bbox 2857 5620 2902 5665; x_wconf 90' lang='lat' dir='ltr'><strong>et</strong></span> <span class='ocrx_word' id='word_1_965' title='bbox 2933 5611 3065 5664; x_wconf 88' lang='lat' dir='ltr'><strong>bibat</strong></span> <span class='ocrx_word' id='word_1_966' title='bbox 3092 5609 3252 5681; x_wconf 87' lang='lat' dir='ltr'><strong>(Ibid.</strong></span> <span class='ocrx_word' id='word_1_967' title='bbox 3281 5629 3306 5665; x_wconf 88' lang='lat' dir='ltr'><strong>v</strong></span> <span class='ocrx_word' id='word_1_968' title='bbox 3354 5609 3474 5680; x_wconf 80' lang='lat'><strong>&#39;57).</strong></span> <span class='ocrx_word' id='word_1_969' title='bbox 3500 5606 3607 5661; x_wconf 86' lang='lat' dir='ltr'><strong>Sed</strong></span> 
     </span>
    </p>
   </div>
   <div class='ocr_carea' id='block_1_121' title="bbox 2037 5744 3610 5873">
    <p class='ocr_par' dir='ltr' id='par_1_121' title="bbox 2037 5744 3610 5873">
     <span class='ocr_line' id='line_1_121' title="bbox 2037 5744 3610 5873; baseline 0 -77"><span class='ocrx_word' id='word_1_970' title='bbox 2037 5812 2063 5873; x_wconf 65' lang='lat' dir='ltr'><em>f</em></span> <span class='ocrx_word' id='word_1_971' title='bbox 2099 5753 2113 5782; x_wconf 74' lang='grc' dir='ltr'><strong>ι</strong></span> <span class='ocrx_word' id='word_1_972' title='bbox 2153 5757 2198 5820; x_wconf 83' lang='lat' dir='ltr'><strong>tn</strong></span> <span class='ocrx_word' id='word_1_973' title='bbox 2224 5749 2361 5801; x_wconf 84' lang='lat' dir='ltr'><strong>savii.</strong></span> <span class='ocrx_word' id='word_1_974' title='bbox 2386 5758 2436 5800; x_wconf 89' lang='lat' dir='ltr'><strong>et</strong></span> <span class='ocrx_word' id='word_1_975' title='bbox 2459 5762 2555 5801; x_wconf 89' lang='lat' dir='ltr'><strong>uno</strong></span> <span class='ocrx_word' id='word_1_976' title='bbox 2586 5755 2720 5811; x_wconf 66' lang='lat' dir='ltr'><strong>Reg,</strong></span> <span class='ocrx_word' id='word_1_977' title='bbox 2747 5747 2873 5811; x_wconf 83' lang='lat' dir='ltr'><strong>quod</strong></span> <span class='ocrx_word' id='word_1_978' title='bbox 2913 5746 3156 5799; x_wconf 82' lang='lat' dir='ltr'><strong>simulam</strong></span> <span class='ocrx_word' id='word_1_979' title='bbox 3198 5745 3346 5809; x_wconf 84' lang='lat' dir='ltr'><strong>ﬁdem</strong></span> <span class='ocrx_word' id='word_1_980' title='bbox 3366 5744 3610 5796; x_wconf 67' lang='lat' dir='ltr'><strong>abundare</strong></span> 
     </span>
     <span class='ocr_line' id='line_1_122' title="bbox 2055 5825 2227 5863; baseline 0 0"><span class='ocrx_word' id='word_1_981' title='bbox 2055 5825 2227 5863; x_wconf 79' lang='lat' dir='ltr'><strong>ecerts.</strong></span> 
     </span>
    </p>
   </div>
   <div class='ocr_carea' id='block_1_122' title="bbox 3184 5879 3252 5935">
    <p class='ocr_par' dir='ltr' id='par_1_122' title="bbox 3184 5879 3252 5935">
     <span class='ocr_line' id='line_1_123' title="bbox 3184 5879 3252 5935; baseline -0.015 0"><span class='ocrx_word' id='word_1_982' title='bbox 3184 5879 3252 5935; x_wconf 77' lang='lat'><strong>‘21</strong></span> 
     </span>
    </p>
   </div>
  </div>
