4406 6732
886 455 989 512 335

889 570 1053 625 nudus
1077 586 1245 636 eram,
1267 569 1473 640 inquit,
1503 582 1549 625 et
1579 575 1906 643 cooperuistis
1936 588 2029 628 me.
2074 573 2458 645 Cooperuimus

888 677 1010 718 eum
1031 704 1047 727 ,
1071 661 1158 731 qui
1184 661 1355 731 operit
1388 662 1574 717 caelum
1605 663 1865 731 nubibus,
1905 663 1996 734 qui
2026 664 2323 721 universam
2352 665 2459 720 Ee-

891 752 1103 808 clesiam
1124 795 1139 819 ,
1175 762 1230 808 et
1253 754 1458 809 orbem.
1486 754 1739 826 Quotquot
1763 757 1895 811 enim
1922 755 1973 808 in
1996 752 2463 828 Christo‘baptizati

895 844 1027 909 estis,
1058 839 1313 897 Christum
1339 843 1744 915 induistis'wal.
1770 846 1825 900 3.
1855 843 1968 917 27).
1990 842 2019 897 1
2025 862 2056 898 n
2074 860 2273 901 carcere
2301 863 2461 900 eram.

888 931 945 985 In
980 944 1196 986 carcere
1226 939 1311 996 tu,
1343 933 1433 1003 qui
1472 933 1654 989 educis
1694 932 1930 987 vinctos?
1958 932 2313 1003 Interpretare
2347 952 2465 1004 qua:

894 1022 1163 1091 loqueris:
1193 1038 1315 1076 nam
1337 1023 1567 1094 dignitas
1595 1023 1753 1077 ﬁdem
1785 1022 2007 1092 derogat
2034 1022 2209 1077 dictis.
2244 1024 2466 1092 Quando

898 1122 946 1167 le
971 1114 1024 1167 in
1054 1122 1197 1168 tanta
1232 1113 1407 1183 inopia
1438 1112 1699 1167 vidimus?
1724 1113 1935 1183 quando
1974 1114 2087 1167 haec
2116 1113 2371 1169 fecimus?
2403 1114 2467 1168 In

894 1215 1135 1272 quantum
1158 1247 1172 1271 ,
1205 1205 1278 1260 ait
1295 1245 1309 1269 ,
1340 1206 1430 1258 uni
1454 1221 1517 1259 ea:
1542 1205 1621 1259 his
1643 1206 1862 1260 minimis
1889 1206 2073 1277 fecistis
2091 1248 2104 1267 ,
2129 1208 2253 1260 mihi
2282 1208 2467 1277 fecistis

904 1297 1115 1359 (Matth.
1136 1296 1228 1351 25.
1248 1296 1363 1366 40).
1386 1299 1577 1353 Annon
1599 1308 1854 1354 verusest
1869 1314 2064 1365 sermo,
2086 1298 2188 1363 Qui
2209 1302 2469 1355 miseretur

898 1388 1152 1456 pauperis,
1180 1387 1455 1453 [tenentur
1478 1387 1587 1442 Deo
1613 1388 1793 1459 (Prov.
1831 1390 1915 1443 l9.
1940 1390 2070 1458 17)?
2099 1390 2166 1443 Et
2196 1392 2319 1446 vide
2357 1406 2466 1445 rem

900 1479 1237 1533 mirabilem:
1279 1480 1478 1534 nullum
1519 1480 1661 1533 aliud
1702 1480 1909 1534 virtutis
1943 1494 2077 1547 opus
2116 1491 2308 1551 praeter
2341 1482 2467 1535 illud

898 1568 1229 1623 memoravit.
1260 1568 1416 1636 Atqui
1446 1576 1655 1637 poterat
1692 1568 1869 1623 dicere
1898 1588 1911 1623 :
1942 1568 2132 1625 Venite
2175 1571 2464 1633 benedicti,

901 1657 1022 1722 quia
1052 1655 1413 1721 continentes,
1445 1654 1568 1725 quia
1595 1656 1826 1726 virgines
1858 1656 2029 1713 fuistis
2053 1700 2066 1722 ,
2097 1660 2219 1730 quia
2245 1674 2471 1728 evange-

894 1746 1046 1801 licam
1088 1747 1250 1801 vitam
1292 1748 1633 1816 suscepistis;
1673 1748 1767 1803 sed
1802 1748 1917 1802 haec
1964 1757 2138 1816 tacet,
2184 1766 2288 1805 non
2329 1749 2467 1818 quod

889 1836 1165 1890 mentione
1203 1836 1310 1890 sint
1339 1837 1584 1906 indigna,
1621 1837 1715 1891 sed
1752 1838 1895 1907 quod
1933 1849 2055 1909 post
2090 1841 2467 1909 benignitatem

888 1925 1132 1979 secunda
1163 1925 1289 1979 sint.
1314 1925 1508 1980 Verum
1528 1927 1975 1996 quemadmodum
2000 1930 2083 1995 iis,
2111 1931 2247 2000 quia
2269 1928 2471 1983 dextris

888 2022 1065 2078 erant,
1096 2015 1164 2069 ob
1195 2015 1572 2084 benignitatem
1598 2017 1830 2071 delatum
1858 2020 2088 2075 ostendit
2118 2036 2364 2090 regnum,
2394 2022 2471 2075 sic

884 2114 950 2160 et
979 2107 1042 2161 iis
1070 2108 1157 2177 qui
1183 2123 1212 2162 a
1240 2110 1508 2179 sini-tris,
1539 2114 1607 2167 ob
1640 2114 1971 2170 sterilitatem
2001 2118 2350 2171 comminatus
2390 2128 2473 2173 est

884 2211 1107 2266 'pcenam
1137 2216 1148 2250 :
1183 2197 1281 2264 Ite,
1309 2201 1561 2255 maledicti
1578 2244 1593 2267 ,
1622 2203 1676 2256 in
1695 2204 1927 2258 tenebras
1951 2208 2237 2269 exteriores,
2271 2219 2473 2276 paratas

896 2286 1115 2354 diabolo,
1144 2297 1190 2341 et
1213 2289 1407 2360 angelis
1432 2292 1540 2357 eius
1563 2290 1776 2363 (Matth.
1805 2293 1896 2349 25.
1916 2295 2029 2366 41).
2048 2296 2257 2362 Quare?
2282 2315 2382 2368 qua
2405 2299 2472 2356 de

883 2378 1089 2431 causa?
1112 2378 1244 2444 Quia
1277 2380 1458 2433 esurivi
1478 2390 1567 2445 ,et
1593 2399 1694 2435 non
1732 2381 1940 2438 dedistis
1969 2386 2093 2439 mihi
2142 2388 2464 2442 manducare.

894 2467 1009 2522 Non
1034 2469 1188 2534 dixit,
1228 2470 1351 2539 quia
1389 2470 1632 2527 fornicati
1662 2473 1819 2537 estis,
1848 2474 1971 2544 quia
2010 2476 2237 2532 adulteri
2268 2478 2466 2545 fuistis,

896 2562 1020 2629 quia
1062 2560 1217 2615 furati
1246 2562 1411 2627 estis,
1442 2566 1565 2632 quia
1606 2563 1793 2618 falsum
1839 2567 2201 2622 testimonium
2243 2570 2468 2637 tulistis,

897 2653 1019 2721 quia
1060 2652 1356 2721 pejerastis.
1390 2652 1514 2709 Haec
1542 2656 1738 2724 quippe
1778 2656 2056 2712 manifeste
2082 2660 2297 2729 quidem
2337 2664 2472 2717 mala

896 2750 1054 2807 sunt,
1086 2742 1180 2798 sed
1226 2742 1475 2798 inferiora
1517 2760 1677 2814 quam
1726 2746 1949 2803 durities
1993 2759 2048 2803 et
2095 2750 2468 2807 inhumanitas.

894 2830 1089 2898 Quare,
1113 2832 1351 2897 Domine,
1376 2849 1481 2888 non
1506 2834 1726 2889 aliarum
1748 2837 1949 2892 viarum
1972 2842 2296 2895 mentionem
2318 2843 2472 2898 facis?

893 2920 1009 2975 Non
1044 2921 1223 2990 judico
1245 2962 1261 2988 ,
1290 2924 1491 2993 inquit,
1525 2936 1832 2995 peccatum,
1857 2928 1951 2983 sed
1986 2928 2421 2989 inhumanitatem
2454 2953 2466 2988 :

895 3024 1000 3064 non
1020 3010 1201 3078 judico
1228 3024 1536 3082 peccatores
1556 3055 1572 3081 ,
1609 3017 1705 3071 sed
1741 3033 1835 3073 eos
1855 3020 1942 3089 qui
1971 3022 2335 3088 pmnitentiam
2363 3040 2468 3080 non

893 3109 1112 3168 egerunt
1142 3119 1154 3154 :
1189 3102 1539 3159 inclementia:
1571 3120 1666 3161 vos
1698 3107 1924 3176 damno,
1965 3111 2106 3179 quod
2151 3112 2311 3166 talem
2352 3124 2468 3168 tan-

892 3200 1106 3261 tamque
1148 3193 1331 3249 salutis
1373 3196 1689 3252 medicinam
1729 3197 2023 3268 habentes,
2072 3203 2463 3277 eleemosynam

889 3280 1113 3346 scilicet,
1142 3296 1243 3351 qua
1272 3285 1450 3339 omnia
1478 3299 1691 3355 peccata
1728 3287 1994 3355 delentur,
2026 3291 2127 3347 hoc
2152 3293 2461 3351 beneficium

887 3368 1223 3443 despcxistis.
1266 3373 1446 3444 Itaque
1488 3375 1879 3433 inclementiam
1918 3382 2222 3451 exprobro,
2266 3395 2321 3439 ut
2365 3401 2462 3440 ne-

887 3464 1066 3531 quitize
1091 3465 1369 3534 omnisque
1390 3465 1675 3537 nnpietatis
1698 3468 1953 3536 radicem,
1976 3471 2311 3530 clementiam
2339 3491 2463 3533 vero

890 3551 1069 3617 laudo,
1100 3560 1159 3607 ut
1184 3554 1413 3609 radicem
1439 3558 1675 3613 omnium
1713 3560 2007 3629 bonorum;
2048 3576 2102 3620 et
2128 3567 2230 3622 illis
2249 3569 2459 3640 quidem

894 3640 1065 3708 ignem
1091 3650 1346 3698 internum
1367 3649 1680 3715 comminor,
1710 3652 1790 3706 his
1810 3668 1936 3708 vero
1965 3670 2183 3726 regnum
2211 3660 2459 3717 caelorum

892 3730 1163 3796 promitto.
1189 3732 1437 3801 Pulchra,
1465 3737 1705 3807 Domine,
1730 3744 1987 3811 promissa
2020 3754 2126 3813 tua,
2159 3750 2458 3817 pulchrum,

834 3814 843 3824 ’
872 3820 1030 3888 quod
1055 3834 1390 3892 exspectatur
1430 3843 1648 3897 regnum
1688 3840 1834 3887 tuum
1856 3875 1869 3897 ,
1918 3814 2174 3907 itemque
2194 3814 2459 3910 gehenna,

871 3923 1047 3977 'quam
1086 3915 1458 3982 comminaris;
1504 3934 1727 3987 quorum
1776 3923 1905 3979 illud
1932 3927 2129 3995 allicit,
2174 3930 2287 3985 haec
2333 3949 2462 3988 vero

1587 457 1645 514 S.
1684 458 1962 516 JOANNIS
2000 458 2472 518 CllRYSOSTOMI
2506 461 2825 518 ARCHIEP.
2853 464 3381 523 CONSTANTINOP.

4039 471 4145 528 $39

2565 575 2870 631 deterret':
2904 579 3069 635 allicit
3114 579 3331 649 pulchre
3382 591 3638 648 regnum,
3665 579 3899 637 deterret
3946 585 4145 639 utiliter

2567 665 2830 736 gehenna.
2860 666 3168 724 Gebennam
3199 669 3338 725 enim
3365 667 3717 723 comminatur
3740 668 3879 725 Deus
3898 712 3914 734 ,
3949 689 4056 728 non
4089 686 4144 729 ut

2568 754 2618 808 in
2637 754 2933 824 gehennam
2959 759 3175 828 injiciat,
3196 762 3286 816 sed
3311 759 3658 832 utagehenna
3684 758 3891 814 liberet.
3918 762 3973 816 Si
4002 766 4143 818 enim

2569 846 2755 915 punire
2790 848 2969 911 vellet,
3000 868 3102 905 non
3139 862 3262 907 ante
3282 852 3508 906 minatus
3528 860 3684 915 esset,
3715 860 3771 904 ut
3799 862 3953 905 caute
3975 854 4148 909 minas

2568 936 3257 996 vitaremusﬁmnminatur
3279 941 3614 1009 supplicium,
3639 949 3690 994 ut
3715 941 3960 1009 supplicii
3986 957 4147 1010 expe-

2570 1023 2855 1080 rimentum
2897 1028 3206 1099 fugiamus:
3252 1038 3416 1083 terret
3460 1030 3659 1094 verbo,
3707 1037 3764 1082 ut
3813 1044 3917 1083 non
3962 1033 4147 1100 puniat

2571 1129 2748 1184 opere.
2778 1112 3128 1173 Fosneremur
3150 1120 3321 1188 itaque
3356 1119 3461 1172 Deo
3500 1118 3857 1173 clementiam.
3889 1119 4145 1177 Faenere-

2573 1220 2722 1271 mur,
2759 1216 2815 1261 ut
2855 1209 3187 1265 inveniamus
3217 1210 3360 1262 illum
3390 1208 3683 1263 debitorem
3705 1251 3720 1271 ,
3768 1220 3825 1265 ut
3852 1220 3977 1266 ante
4004 1212 4145 1277 dixi,

2572 1309 2677 1348 non
2701 1296 2974 1364 judicem:
3018 1307 3294 1355 reveretur
3333 1297 3475 1351 enim
3519 1298 3727 1352 debitor
3766 1300 4145 1363 faenerantem,

2573 1397 2847 1442 reveretur
2868 1405 2990 1445 eum
3020 1400 3072 1445 et
3099 1389 3383 1443 erubescit.
3406 1387 3463 1442 Si
3490 1388 3774 1443 faenerator
3793 1390 3857 1443 ad
3887 1391 4145 1445 debitoris

2567 1474 2785 1543 januam
2811 1480 3047 1544 accedat,
3074 1479 3158 1533 hic
3183 1478 3226 1532 si
3253 1478 3405 1546 inops
3428 1478 3516 1542 sit,
3546 1479 3703 1547 fugit;
3731 1481 3809 1533 sin
3842 1482 4146 1550 opulentus,

2574 1580 2697 1619 eum
2730 1583 2849 1622 cum
2880 1570 3064 1624 fiducia
3094 1570 3307 1638 excipit.
3335 1567 3469 1623 Vide
3497 1570 3625 1623 mihi
3650 1571 3871 1625 alterum
3899 1573 4031 1641 justi
4063 1574 4149 1643 ju-

2575 1654 2709 1710 dicis
2736 1659 3049 1714 miraculum
3077 1660 3318 1713 humanis
3349 1675 3412 1713 ex
3436 1660 3595 1713 rebus
3616 1663 3961 1729 prepositum.
3988 1664 4044 1717 Si
4066 1667 4147 1717 cui

2578 1744 2629 1797 in
2663 1760 2971 1815 paupertate
3001 1749 3209 1820 degenti
3241 1748 3530 1804 faeneratus
3561 1748 3744 1814 fueris,
3777 1766 3838 1805 ac
3863 1751 4059 1808 deinde
4082 1756 4147 1807 ad

2578 1850 2886 1906 prosperam
2914 1841 3177 1895 fortunam
3208 1842 3414 1894 venerit
3435 1841 3479 1894 is
3500 1880 3514 1903 ,
3538 1842 3625 1909 qui
3655 1851 3889 1894 mutuum
3920 1845 4147 1913 accepit,

2578 1926 2779 1997 tibique
2807 1930 3043 1985 debitum
3071 1931 3293 1986 reddere
3324 1931 3516 2001 possit,
3548 1930 3740 1984 multos
3760 1932 3913 1997 latet,
3943 1944 3997 1987 et
4026 1935 4150 1989 red-

2578 2015 2676 2081 dit,
2707 2032 2773 2071 ne
2793 2017 2861 2073 de
2888 2019 3049 2087 priori
3077 2034 3174 2074 suo
3203 2028 3341 2074 statu
3371 2021 3651 2074 erubescat
3675 2037 3687 2071 :
3720 2028 3774 2074 et
3800 2024 3998 2090 gratias
4025 2024 4150 2093 qui-

2579 2105 2700 2160 dem
2729 2107 2936 2172 reddit,
2964 2110 3057 2164 sed
3084 2125 3192 2179 prae
3224 2111 3413 2177 inopia:
3444 2110 3679 2178 pristina:
3720 2111 3917 2178 pudore
3946 2114 4150 2169 beneﬁ-

2578 2201 2718 2255 cium
2740 2204 2989 2260 occultat.
3016 2206 3081 2257 At
3098 2220 3202 2259 non
3226 2205 3291 2258 ita
3318 2205 3454 2259 Deus
3478 2206 3618 2266 facit,
3641 2205 3731 2257 sed
3754 2206 3886 2259 clam
3910 2219 4152 2261 mutuum

2578 2291 2789 2357 accipit,
2814 2300 2867 2346 et
2893 2293 3066 2361 palam
3089 2294 3354 2363 libereque
3381 2303 3618 2346 mutuum
3644 2291 3831 2347 reddit.
3855 2295 3985 2347 Cum
4007 2297 4152 2350 extim

2580 2380 2803 2448 accipit,
2831 2382 2968 2436 clam
3012 2398 3105 2452 per
3144 2383 3533 2450 eleemosyuam
3560 2382 3783 2451 accipit;
3825 2398 3944 2437 cum
3972 2397 4152 2440 autem

2581 2471 2788 2537 reddit,
2833 2473 2884 2526 in
2914 2474 3080 2529 oculis
3122 2475 3378 2528 universa:
3422 2482 3681 2528 creatura:
3719 2474 3909 2529 reddit.
3940 2479 4009 2529 At
4049 2475 4151 2529 for-

2582 2569 2723 2616 tasse
2757 2561 2902 2617 dicat
2930 2564 3188 2634 quispiam
3217 2583 3231 2618 :
3260 2566 3434 2629 Quare
3458 2563 3667 2619 tandem
3688 2605 3705 2629 ,
3750 2575 3805 2618 ut
3835 2566 3963 2619 mibi
4000 2566 4151 2621 diviti

2580 2650 2744 2717 dedit,
2778 2668 2880 2706 non
2908 2654 2975 2707 ita
2995 2669 3203 2722 quoque
3243 2654 3455 2722 pauperi
3489 2653 3676 2708 dedit?
3703 2654 3914 2708 Poterat
3934 2656 4150 2724 quidem

2580 2744 2672 2796 tibi
2697 2744 2943 2800 similiter
2966 2745 3124 2807 dare,
3157 2753 3216 2798 ut
3242 2745 3454 2813 pauperi
3485 2744 3663 2808 dedit;
3698 2744 3789 2799 sed
3823 2747 4019 2810 noluit,
4056 2762 4149 2799 nec

2579 2831 2788 2887 divitias
2814 2841 2928 2887 tuas
2958 2831 3311 2886 infructuosas
3339 2848 3457 2887 esse
3494 2833 3685 2897 voluit,
3718 2849 3814 2887 nec
3854 2834 3992 2887 illius
4034 2852 4146 2904 pan.

2581 2929 2836 2990 pertatem
2877 2923 2992 2977 sine
3035 2922 3298 2977 mercede.
3328 2921 3443 2976 Tibi
3488 2922 3634 2975 diviti
3674 2924 3938 2977 concessit
3965 2936 4021 2977 ut
4059 2941 4147 2994 per

2579 3015 2968 3085 eleemosynam
2991 3014 3139 3068 dives
3163 3029 3309 3068 esses
3329 3055 3343 3077 ,
3376 3022 3429 3068 et
3456 3014 3787 3084 dispergeres
3827 3015 3877 3067 in
3903 3015 4106 3084 justitia
4136 3037 4146 3067 :

2577 3102 2824 3173 Dispersit
2854 3104 3017 3169 enim,
3043 3104 3181 3159 dedit
3199 3106 3497 3174 pauperibus
3526 3120 3544 3157 :
3562 3105 3761 3174 justitia
3786 3106 3891 3174 ejus
3911 3118 4079 3158 manet
4101 3110 4147 3157 in

2575 3193 2812 3246 saeculum
2834 3192 3002 3261 (Psal.
3036 3194 3157 3249 ili.
3187 3193 3263 3263 9).
3288 3192 3448 3248 Vides
3472 3194 3608 3263 quod
3636 3193 3782 3247 dives
3805 3208 3896 3262 per
3917 3194 4145 3250 eleemo-

2572 3295 2759 3353 synam
2809 3294 3063 3337 aeternam
3106 3283 3425 3337 thesaurizet
3465 3283 3757 3352 justitiam?
3797 3282 3918 3337 vide
3956 3299 4149 3337 rursus

2574 3386 2863 3441 pauperem
2883 3415 2895 3435 ,
2928 3373 3049 3443 quia
3079 3371 3295 3432 divitias
3322 3388 3425 3429 non
3452 3372 3641 3440 habet,
3671 3375 3861 3444 quibus
3885 3376 4146 3447 justitiam

2572 3471 2840 3532 Operetur,
2872 3464 3026 3519 habet
3052 3474 3432 3533 paupertatem,
3457 3480 3555 3534 qua
3583 3467 3891 3531 patientiam
3916 3468 4145 3522 lucratur

2571 3563 2844 3609 aeternam.
2872 3555 3003 3609 Nam
3037 3554 3286 3609 Patientia
3314 3573 3588 3627 pauperum
3610 3573 3708 3609 non
3737 3558 3912 3626 peribit
3933 3559 3985 3611 in
4005 3572 4143 3613 teter-

2574 3662 2696 3699 num
2737 3644 2909 3713 (Psal.
2938 3645 2991 3700 9.
3029 3645 3160 3715 i9):
3202 3645 3252 3699 in
3294 3644 3507 3699 Christo
3548 3646 3768 3699 Domino
3814 3656 4029 3713 nostro,
4063 3650 4144 3704 cui

2574 3736 2738 3806 gloria
2768 3737 2819 3790 in
2843 3735 3031 3790 saecula
3054 3736 3387 3790 seculorum.
3419 3737 3608 3790 Amen.

2636 3847 2653 3877 ί
2688 3846 2862 3904 verba,
2888 3845 2991 3897 htec
3016 3859 3123 3897 vero
3156 3848 3377 3905 deterret,
3416 3862 3509 3897 non
3533 3848 3772 3897 habentur
3807 3850 3857 3897 in
3891 3850 4057 3901 Morel.
4095 3860 4150 3901 et

2569 3906 2710 3972 savii.
2731 3921 2745 3965 ;
2770 3909 2945 3972 sed_in
2981 3916 3097 3971 Reg.
3135 3922 3277 3971 supra
3312 3916 3577 3959 memorato
3612 3909 3858 3971 leguntur,
3894 3918 3948 3959 et
3968 3914 4149 3972 optime

2574 3968 2810 4027 quadrent
2826 3969 2883 4017 ad
2905 3968 3117 4018 sensum.

2085 4133 2225 4203 DE
2280 4137 2977 4214 P(ENITENTIA.

2197 4249 2905 4302 ψ

1409 4339 1628 4382 ηοιιιιι
1668 4345 1761 4383 vni
1792 4329 1890 4402 (a).

958 4451 1009 4505 Ι.
1034 4451 1253 4507 Etiamsi
1278 4453 1391 4509 heri
1421 4472 1451 4510 a
1480 4458 1630 4513 vobis
1659 4459 1941 4529 abfuerim,
1977 4474 2031 4520 at
2056 4467 2271 4539 invitus,
2291 4484 2345 4528 at
2371 4491 2464 4531 ne-

892 4542 1139 4597 cessitate
1183 4546 1488 4614 compulsus
1517 4566 1531 4600 :
1560 4564 1786 4619 corpore
1829 4553 1993 4621 abfui,
2020 4573 2122 4613 non
2156 4566 2461 4633 proposito;

885 4630 1125 4689 absentia
1136 4636 1447 4703 carnis,non
1464 4639 1652 4696 affectu
1672 4643 2071 4703 animi.Etenim
2090 4630 2330 4721 provirili
2347 4630 2463 4714 mea

886 4738 981 4778 vos
1008 4725 1403 4795 complectebar
1421 4769 1437 4795 ,
1460 4740 1741 4801 menteque
1776 4750 1963 4792 omnes
1997 4740 2458 4802 circumferebant.

888 4814 1109 4879 Rursus,
1133 4816 1324 4873 fratres
1341 4860 1354 4883 ,
1380 4819 1479 4875 hoc
1511 4826 1830 4891 temporario
1851 4828 2012 4883 misso
2042 4833 2230 4889 morbo
2254 4836 2459 4893 ardenti

880 4902 1430 4962 studiocoutendimus
1452 4919 1682 4965 vestram
1704 4917 1938 4970 contueri
1966 4916 2152 4975 faciem
2175 4941 2187 4977 :
2210 4930 2459 4982 manenti-

883 4991 979 5047 bus
997 4994 1139 5048 enim
1157 4994 1329 5050 adhuc
1354 5000 1676 5067 mgritudinis
1692 5006 1926 5074 reliquiis
1949 5016 2224 5079 properavi
2245 5017 2309 5072 ad
2326 5020 2458 5073 cari-

881 5093 1041 5140 tatem
1059 5095 1309 5141 vestram.
1343 5088 1471 5143 Nam
1497 5095 1620 5161 aegri
1638 5097 1849 5164 quidem
1877 5097 2084 5172 [morbo
2113 5107 2354 5183 relevati]
2382 5111 2458 5165 la-

884 5191 1038 5231 vacra
1074 5188 1330 5249 expetunt
1360 5190 1414 5236 et
1454 5183 1676 5252 balnea;
1705 5203 1803 5259 ego
1845 5208 1971 5249 vero
2010 5211 2186 5265 operm
2229 5203 2452 5269 pretium

878 5278 997 5321 esse
1021 5268 1145 5323 duxi
1166 5269 1521 5328 desideratam
1552 5284 1783 5333 vestram
1826 5281 2010 5339 faciem
2040 5268 2251 5353 videre,
2273 5306 2337 5345 ac
2365 5292 2457 5346 de-

876 5355 1040 5411 bitum
1070 5360 1195 5414 illud
1222 5372 1454 5419 vestrum
1501 5367 1749 5423 audiendi
1779 5373 1990 5440 explere
2024 5378 2280 5445 studium,
2333 5396 2446 5434 ma-

876 5463 1036 5516 gnum
1082 5449 1184 5505 hoc
1228 5454 1459 5525 pelagus,
1512 5458 1642 5513 nihil
1693 5459 1895 5516 habens
1944 5467 2245 5536 salsuginis,
2300 5486 2449 5526 mare

879 5538 1125 5594 fluctibus
1154 5554 1395 5596 vacuum.
1442 5546 1566 5603 Veni
1587 5565 1771 5605 arvum
1798 5552 2062 5608 invisurus
2091 5568 2321 5612 vestrum
2351 5575 2446 5615 ex-

880 5641 1180 5700 purgatum.
1213 5632 1342 5701 Quis
1370 5637 1508 5690 enim
1557 5642 1675 5698 talis
1742 5655 1923 5714 portus
1968 5657 2048 5702 est
2076 5648 2115 5715 ⁸,
2149 5650 2320 5719 qualis
2366 5663 2445 5712 est

930 5741 1835 5833 i“?.i'°‘!ii?.°l‘.‘l‘.9?di?i§?§:2§f92
1914 5826 1941 5833 _

989 5809 1091 5866 Pro,
1107 5806 1215 5858 talis
1238 5817 1418 5872 portus,
1441 5812 1568 5875 quod
1588 5806 1733 5864 habet
1753 5823 1887 5880 αρε..
1914 5820 2047 5881 eum,
2067 5822 2160 5873 tale
2182 5831 2390 5888 pratum.

2573 4351 2809 4407 Ecclesia
2830 4353 2853 4405 ?
2872 4353 2993 4422 quis
3014 4350 3292 4422 paradisus
3314 4346 3474 4403 εωευὶ
3505 4354 3681 4401 vestro
3704 4347 3936 4402 similis?
3962 4349 4141 4405 Nullus

2574 4442 2659 4497 hic
2691 4443 2968 4498 insidiator
3012 4452 3255 4509 serpens,
3287 4436 3382 4492 sed
3408 4435 3649 4491 Christus
3694 4438 3964 4495 institutor
3993 4458 4005 4493 :
4037 4458 4140 4495 non

2570 4532 2677 4587 Eva
2707 4532 3117 4602 supplantatrix,
3152 4528 3244 4582 sed
3268 4527 3501 4582 Ecclesia
3528 4529 3756 4583 erectrix
3787 4548 3801 4583 :
3834 4546 3940 4585 non
3965 4531 4053 4586 hic
4074 4532 4139 4586 fo-

2569 4623 2634 4676 lia
2661 4622 2911 4679 arborum
2942 4663 2955 4687 ,
2986 4621 3079 4674 sed
3118 4619 3318 4673 fructus
3346 4618 3557 4687 spiritus
3587 4636 3600 4672 :
3643 4637 3747 4675 non
3772 4636 3929 4690 scpes
3956 4624 4138 4692 spina-

2568 4729 2706 4779 rum,
2739 4715 2832 4771 sed
2862 4715 3016 4767 vinea
3046 4710 3331 4764 fructifera.
3367 4709 3423 4765 Si
3472 4726 3628 4781 quam
3659 4713 3797 4767 enim
3826 4712 4031 4782 spinam
4061 4714 4136 4768 of-

2565 4805 2797 4870 fendam,
2844 4805 2895 4857 in
2924 4802 3116 4856 olivam
3150 4810 3416 4856 commuto
3444 4819 3457 4854 :
3488 4818 3591 4856 non
3615 4802 3754 4857 enim
3785 4802 3872 4857 hic
3893 4804 4035 4859 valet
4062 4806 4133 4857 in-

2563 4896 2683 4964 Opia
2706 4905 2925 4955 naturze,
2950 4891 3041 4945 sed
3074 4890 3285 4946 libertas
3315 4893 3516 4947 arbitrii
3540 4893 3849 4948 honoratur.
3872 4893 3927 4949 Si
3956 4896 4132 4964 lupum

2563 4984 2837 5046 invenero,
2867 4996 3017 5035 ovem
3040 4980 3192 5049 facio,
3221 4998 3326 5037 non
3357 4992 3597 5037 naturam
3624 4994 3853 5050 mutans,
3884 4985 3979 5041 sed
4014 5000 4129 5053 pro-

2563 5076 2795 5145 positum
2838 5072 3176 5129 transferens.

2637 5164 2858 5218 Ecclesia
2885 5180 3017 5219 arca:
3056 5165 3169 5221 Noe
3208 5174 3530 5233 comparatur
3555 5164 3651 5232 (α).
3680 5194 3752 5204 -
3778 5163 4132 5231 Quamobrem

2561 5272 2665 5309 non
2694 5258 2954 5311 erraverit
2973 5257 3231 5327 quispiam
3262 5256 3305 5309 si
3331 5255 3525 5309 dixerit
3551 5256 3837 5309 Ecclesiam
3863 5268 3983 5307 esse
4009 5268 4129 5306 arca

2560 5350 2998 5417 lirzestantiorem.
3041 5349 3249 5404 Etenim
3289 5362 3409 5401 arca
3458 5349 3702 5403 animalia
3752 5345 4051 5413 excipiebat
4077 5357 4127 5397 ct

2558 5439 2802 5496 animalia
2828 5440 3201 5504 conservabat,
3235 5438 3468 5493 Ecclesia
3495 5454 3620 5495 vero
3657 5436 3901 5492 animalia
3931 5436 4125 5502 excipit

2555 5544 2608 5588 et
2639 5535 2898 5591 immutat.
2929 5531 3169 5601 Exempli
3196 5546 3374 5597 causa,
3403 5531 3524 5587 illuc
3560 5532 3829 5599 ingressus
3853 5526 4104 5594 accipiter

2552 5627 2807 5696 accipiter
2832 5626 2976 5687 exit;
3010 5624 3279 5694 ingressus
3325 5625 3496 5693 lupus,
3531 5623 3661 5677 exiit
3704 5619 3856 5686 lupus
3885 5633 3901 5670 :
3943 5625 3999 5671 at
4028 5617 4125 5671 huc

2558 5718 2829 5786 ingressus
2856 5714 3128 5783 accipiter,
3161 5716 3268 5770 exit
3294 5714 3579 5775 columba;
3607 5710 3879 5778 ingressus
3935 5704 4123 5774 lupus,

2604 5827 2675 5887 (α)
2710 5825 2822 5875 Vide
2848 5825 3013 5875 ttomil.
3048 5828 3259 5878 interra:
3280 5833 3459 5877 motum
3494 5829 3607 5871 tom.
3636 5818 3680 5867 ι.
