4432 6700
184 444 294 501 535

185 562 346 630 φησι.
380 562 479 616 καί
502 565 823 622 ἐνεδύσατέ
849 584 945 636 με.
989 565 1349 637 Ἕνεδύσαμεν
1376 571 1468 624 τὸν
1495 571 1748 625 ὲνδύοντα
1774 572 1866 624 τὸν

184 648 423 718 οὐρανὸν
446 652 505 703 ἐν
534 653 801 722 νεφέλαις,
834 652 926 704 τὸν
959 650 1211 705 ἐνδύοντα
1232 654 1331 725 τὴν
1366 655 1689 727 Ἐκκλησίαν
1722 656 1863 710 ᾶπα-

187 751 315 800 σαν,
333 740 430 792 καὶ
456 740 555 811 τὴν
580 740 923 809 οἰκουμένην.
958 738 1131 792 Ὅσοι
1155 741 1265 810 γὰρ
1307 745 1396 809 είς
1442 742 1701 811 Χριστὸν
1725 744 1862 797 ἐϐα-

186 825 505 894 πτίσθητε,
521 827 775 895 Χριστὸν
792 824 1184 883 ἐνεδύσασθε.
1219 832 1315 883 Ἐν
1333 830 1580 901 φυλακῇ
1594 830 1757 900 ἤμην
1775 850 1788 862 ·
1806 836 1863 886 ὲν

187 910 407 983 φυλακῇ
440 916 504 967 σὺ
531 914 784 979 ὁὲξάγων
800 910 948 983 [539]
976 917 1413 989 πεπεδημένους;
1447 918 1809 988 Ἐρμήνευσον
1829 921 1864 975 ἀ

184 993 390 1057 λαλεῖς·
417 998 450 1064 η
473 994 581 1065 7&9
606 993 731 1058 ἀξία
753 994 997 1064 ἀρνεῖται
1019 997 1088 1051 τὰ
1101 998 1385 1069 λεγόμενα.
1416 999 1554 1053 Πότε
1572 1017 1631 1054 σε
1653 1002 1864 1073 εἴδομεν

184 1080 243 1131 ἐν
261 1081 443 1151 ἐνδείᾳ
464 1079 725 1150 τοσαύτῃ;
756 1080 886 1133 πότε
906 1083 1076 1137 ταῦτα
1097 1087 1504 1156 πεποιήκαμεν;
1540 1088 1657 1157 Ἐφ’
1690 1089 1863 1150 ὅσον,

185 1164 376 1231 φησὶν,
410 1162 501 1215 ἐνὶ
534 1162 762 1214 τούτων
789 1161 908 1216 τῶν
948 1166 1289 1235 ἐλαχίστων
1317 1168 1701 1235 πεποιήκατε,
1732 1171 1863 1239 ἐμοὶ

184 1247 533 1313 ἐποιήσατε.
559 1246 651 1317 Μὴ
665 1248 765 1301 οὐκ
780 1249 984 1323 ἀληθὴς
1001 1254 1030 1304 6
1049 1253 1226 1322 λόγος,
1239 1255 1321 1308 ὅτι
1355 1256 1409 1307 '0
1421 1256 1610 1310 ἐλεῶν
1623 1256 1866 1325 πτωχὸν

184 1333 443 1393 δανείζει
489 1333 650 1399 Θεῷ;
694 1337 804 1389 Καὶ
836 1340 937 1409 ὅρα
980 1341 1041 1394 τὸ
1086 1341 1430 1413 θαυμαστόν·
1468 1345 1623 1398 οὐδὲν
1677 1344 1865 1413 ἕτερον

185 1421 507 1491 ὑπέμνησεν
538 1421 697 1492 ἔργον
735 1424 936 1497 ἀρετῆς
972 1428 1005 1498 ἢ
1044 1429 1203 1481 τοῦτο
1228 1446 1242 1460 ·
1290 1430 1468 1483 καίτοι
1520 1430 1742 1483 ἐδύνατο
1782 1432 1861 1484 εί-

184 1511 344 1561 πεῖν·
368 1508 534 1561 Δεῦτε
558 1512 606 1562 οί
634 1511 1007 1583 εὐλογημένοι,
1037 1516 1570 1586 ὄτιέσωφρονήσατε,
1599 1517 1863 1589 ὄτιέπαρ-

184 1590 503 1654 θενεύσατε,
552 1593 633 1646 ὅτι
686 1595 981 1666 ἀγγελικὴν
1036 1597 1312 1648 πολιτείαν
1358 1596 1680 1651 ἀνελάϐετε·
1727 1598 1862 1652 ἀλλά

186 1680 371 1748 σιωπᾷ
399 1678 594 1741 ταῦτα,
623 1682 719 1750 οὐχ
749 1683 828 1734 ὅτι
855 1682 1047 1747 ἀνάξια
1085 1683 1329 1751 μνήμης,
1364 1682 1479 1734 ἀλλ’
1524 1683 1601 1747 ὼς
1633 1684 1861 1755 δεύτερα

183 1763 619 1834 φιλανθρωπίας,
667 1767 804 1818 Ἀλλ’
836 1766 1024 1837 ὥσπερ
1052 1767 1264 1830 τούτοις
1291 1770 1406 1830 τοῖς
1430 1770 1496 1822 ἐκ
1540 1770 1729 1835 δεξιῶν
1769 1773 1856 1825 διὰ

180 1851 287 1920 τὴν
315 1852 726 1922 φιλανθρωπίαν
772 1852 936 1915 ἔδειξε
965 1852 1350 1921 δεδωρημένην
1385 1853 1482 1924 τὴν
1534 1855 1812 1925 βασιλείαν
1841 1875 1854 1887 ·

180 1937 330 1989 οῦτω
358 1940 453 1990 καὶ
482 1941 591 2001 τοῖς
620 1939 677 2004 ἐξ
704 1938 1004 2009 ἀριστερῶν
1038 1938 1123 1991 διά
1162 1939 1258 2008 τὴν
1284 1940 1563 2011 ἀκαρπίαν
1592 1944 1857 2014 ἠπείλησε

180 2024 284 2092 τὴν
317 2025 589 2094 τιμωρίαν
636 2026 967 2093 Πορεύεσθε
1001 2027 1055 2077 οι
1080 2027 1475 2095 κατηραμένοι
1505 2031 1592 2094 εἰς
1619 2029 1684 2082 τὸ
1714 2033 1859 2083 σκό-

182 2127 290 2175 τος
317 2111 388 2164 τὸ
414 2111 734 2178 ἐξώτερον,
772 2111 838 2164 τὸ
867 2112 1313 2182 ἡτοιμασμένον
1340 2113 1421 2178 τῷ
1459 2114 1714 2179 διαϐόλῳ
1760 2117 1857 2169 καὶ

180 2197 311 2263 τοῖς
355 2198 633 2267 ἀγγέλοις
665 2197 873 2252 αὐτοῦ.
903 2199 1002 2251 Διά
1027 2200 1107 2264 τί;
1141 2199 1282 2271 ὑπὲρ
1312 2201 1493 2266 τίνος;
1537 2202 1669 2254 ὀτι
1701 2202 1862 2254 ἐπεί-

182 2300 331 2343 νων,
383 2284 483 2336 καὶ
516 2287 627 2338 οὐκ
658 2284 917 2338 ἐδώκατέ
952 2303 1053 2353 μοι
1091 2286 1326 2355 φαγεῖν.
1363 2289 1477 2340 Οὐκ
1526 2284 1679 2341 εἶπεν
1736 2289 1861 2339 Ὀτι

182 2371 574 2440 ὲπορνεύσατε,
606 2373 686 2425 ὅτι
720 2372 1097 2441 ὲμοιχεύσατε,
1146 2374 1228 2426 ὅτι
1259 2374 1548 2442 ἐκλέψατε,
1592 2376 1673 2427 ὅτι
1701 2374 1860 2442 Masu-

181 2454 637 2526 δομαρτυρήσατε
656 2497 669 2522 ,
692 2459 773 2510 ὅτι
799 2459 1185 2527 ἐπιωρκήσατε
1206 2474 1218 2487 ·
1254 2460 1401 2511 κακά
1438 2461 1536 2528 μὲν
1568 2461 1862 2529 ὁμολογου-

186 2542 371 2609 μένως
391 2541 699 2603 καὶταῦτα,
723 2542 862 2595 ἀλλά
892 2544 992 2610 τῆς
1020 2544 1420 2613 ἀπανθρωπίας
1450 2544 1735 2616 κατώτερα
1769 2548 1861 2599 καὶ

179 2629 284 2696 τῆς
309 2629 763 2698 ἀνελεημοσύνης.
799 2629 897 2682 Διά
924 2629 976 2681 τί
1003 2629 1080 2693 δὲ,
1116 2625 1161 2682 ὦ
1187 2630 1380 2702 Κύριε,
1406 2633 1507 2684 οὐκ
1536 2632 1708 2685 ἄλλων
1727 2632 1859 2685 ὁδῶν

182 2716 375 2784 φέρεις
412 2715 668 2784 μνήμην;
703 2716 777 2766 Οὐ
821 2715 1012 2784 κρίνω,
1062 2718 1215 2785 φησὶ,
1263 2718 1361 2789 τὴν
1396 2720 1689 2789 ἁμαρτίαν,
1726 2720 1859 2772 ἀλλά

178 2798 283 2869 τὴν
324 2798 720 2869 ἀπανθρωπίαν
740 2815 755 2830 ·
781 2801 841 2852 οὐ
876 2802 1047 2871 κρίνω
1080 2803 1207 2865 τοὺς
1234 2805 1680 2875 ἁμαρτήσαντας,
1723 2805 1856 2857 ἀλλά

180 2887 312 2947 τοὺς
357 2884 430 2954 μὴ
464 2885 904 2954 μετανοήσαντας
928 2903 941 2916 ·
973 2888 1112 2959 ὑπὲρ
1147 2890 1544 2959 ἀπανθρωπίας
1578 2890 1721 2958 ὑμᾶς
1753 2906 1854 2941 v.1-

179 2970 483 3034 ταδικάξω,
503 2972 583 3024 ὄτι
600 2970 815 3041 ἔχοντες
834 2973 1088 3027 τοσοῦτον
1117 2976 1209 3027 καὶ
1228 2974 1545 3043 τηλικοῦτον
1568 2976 1859 3044 φάρμακον

182 3059 481 3129 σωτηρίας,
515 3060 613 3128 τὴν
643 3059 1031 3130 ἐλεημοσύνην,
1084 3062 1140 3113 ἐν
1238 3060 1552 3132 ἐξηλείφετο
1581 3062 1758 3114 πάντα
1787 3062 1857 3113 τά

180 3147 579 3216 ἁμαρτήματα,
608 3148 896 3217 παρήκατε
920 3146 1186 3217 τοσαύτην
1214 3147 1551 3219 εὐεργεσίαν.
1585 3145 1857 3209 Ὀνειδίζω

179 3234 363 3286 τοίνυν
409 3233 515 3302 τὴν
563 3232 957 3302 ἀπανθρωπίαν
993 3233 1068 3295 ὼς
1110 3234 1266 3302 ῥίζαν
1306 3233 1507 3295 κακίας
1538 3233 1632 3284 καὶ
1676 3232 1856 3301 πάσης

181 3319 443 3381 ἀσεϐείας
463 3333 476 3349 ·
507 3319 717 3371 ἐπαινῶ
748 3318 845 3389 τὴν
874 3318 1283 3389 φιλανθρωπίαν
1328 3319 1402 3381 ὼς
1437 3318 1593 3389 ῥίζαν
1639 3319 1855 3370 πάντων

179 3406 292 3458 τῶν
322 3404 567 3473 ἀγαθῶν,
597 3406 689 3457 καὶ
736 3404 943 3457 ἀπειλῶ
972 3406 1083 3467 τοῖς
1115 3405 1213 3472 μὲν
1253 3403 1363 3473 πῦρ
1392 3403 1629 3466 αἰώνιον,
1659 3406 1771 3465 τοῖς
1799 3403 1855 3455 δὲ

182 3492 463 3561 βασιλείαν
484 3491 727 3563 οὐρανῶν
743 3491 1165 3560 ἐπαγγέλλομαι.
1185 3492 1360 3544 Καλαῐ
1384 3508 1500 3555 σου,
1520 3484 1566 3543 ὦ
1587 3490 1852 3553 Δέσποτα,

182 3579 278 3633 καὶ
320 3581 377 3631 αἱ
406 3578 761 3646 ἐπαγγελίαι·
800 3578 940 3648 καλή
972 3595 1067 3631 σου
1098 3578 1193 3631 καὶ
1223 3580 1255 3648 ἡ
1303 3576 1729 3649 προσδοκωμένη
1759 3575 1854 3645 βα-

183 3666 379 3729 σιλεία,
407 3668 501 3719 καὶ
528 3668 560 3735 ἡ
590 3665 780 3733 γέεννα
808 3665 966 3718 πάλιν
991 3665 1359 3734 ἀπειλουμένη
1383 3680 1396 3693 ’
1426 3665 1459 3733 ἡ
1493 3664 1593 3734 μὲν
1624 3679 1856 3733 προτρε-

246 3848 273 3875 ⁸
298 3845 434 3902 Hec,
458 3847 487 3900 ἡ
513 3845 563 3891 δὲ
586 3840 874 3905 ἐκφοϐοῦσα,
896 3856 994 3891 non
1019 3843 1266 3892 habentur
1285 3843 1334 3889 in
1356 3841 1475 3890 Mor.
1493 3846 1547 3889 et
1573 3841 1748 3905 ngil.,
1770 3841 1857 3888 sed

184 3909 236 3958 in
258 3907 380 3967 Reg.
413 3918 561 3966 supra
588 3904 859 3954 memorato
903 3906 1155 3966 leguntur,
1191 3911 1242 3952 et
1286 3906 1473 3965 optime
1510 3904 1755 3963 quadrum
1799 3906 1857 3950 ad

180 3978 401 4017 scusmn.

268 4104 441 4113 ~—___.

1282 453 1370 509 DE
1410 454 1859 513 ΡοεΝιτεκτιΑ

1961 456 2160 512 IOMIL.
2204 457 2333 513 VIII.
3516 472 3622 527 55c

1968 572 2200 644 πομένη,
2238 575 2271 643 η
2323 572 2388 660 δἐῗ
2417 573 2795 642 ἐκφοϐοῦσαα·
2830 577 3196 647 προτρέπεται
3231 577 3338 649 γάρ
3376 582 3551 649 καλῶς
3581 590 3617 660 ἡ

1968 661 2210 730 βασιλεία
2237 701 2252 725 ,
2292 659 2449 727 φοϐεῖ
2472 660 2529 712 δὲ
2571 664 2852 732 χρησίμως
2887 666 2919 733 ὴ
2959 666 3171 733 γέεννα.
3237 668 3475 722 ’Δπειλεῖ
3521 659 3629 743 γὰρ

1966 748 2189 815 γέενναν
2225 746 2253 798 6
2290 744 2444 812 Θεὸς,
2486 746 2582 816 οὐχ
2621 747 2705 799 ἵνα
2736 751 2813 811 εἰς
2856 751 3075 816 γέενναν
3115 753 3359 826 ἐμϐάλῃ,
3401 756 3515 808 ἀλλ’
3533 754 3624 810 ἶνα

1965 832 2189 903 γεέννης
2232 831 2535 906 ἀπαλλάξῃ.
2584 834 2648 887 Εἰ
2698 833 2807 906 γάρ
2842 835 3089 891 ἐϐούλετο
3126 841 3375 906 κολάσαι,
3428 843 3528 895 οὐκ
3563 844 3631 897 ἂν

1964 920 2388 991 προηπείλησεν,
2411 920 2495 974 ἵνα
2508 921 2947 993 ἀσφαλισάμενοι
2978 925 3237 997 φύγωμεν
3267 932 3337 984 τά
3375 931 3632 986 ἀπειλού-

1968 1024 2125 1076 μενα.
2170 1005 2407 1058 Ἀπειλεῖ
2429 1006 2527 1078 τὴν
2554 1012 2842 1081 τιμωρίαν,
2895 1013 2982 1066 ἵνα
3020 1013 3277 1085 φύγωμεν
3307 1020 3408 1089 τὴν
3436 1023 3629 1091 πεῖραν

1972 1092 2062 1161 τῆς
2094 1092 2366 1161 τιμωρίας
2387 1110 2401 1124 ·
2436 1093 2590 1161 φοϐεῖ
2613 1098 2688 1165 τῷ
2718 1098 2878 1169 λόγῳ,
2910 1099 2995 1151 ἴνα
3024 1102 3099 1172 μὴ
3134 1101 3337 1176 κολάσῃ
3363 1105 3439 1175 τῷ
3462 1107 3627 1178 ἔργῳ.

1966 1178 2312 1250 Δανείσωμεν
2354 1181 2534 1233 τοίνυν
2581 1181 2658 1251 τῷ
2691 1183 2808 1254 Θεῷ
2853 1188 2950 1256 τὴν
2983 1188 3423 1260 φιλανθρωπίαν,
3457 1193 3632 1247 δανεί-

1967 1281 2166 1335 σωμεν,
2200 1267 2285 1319 ἴνα
2314 1266 2567 1338 εὕρωμεν
2612 1270 2773 1322 αὐτὸν
2806 1271 3102 1342 χρεώστην,
3133 1276 3207 1338 ὡς
3241 1276 3410 1347 ἔφθην
3437 1279 3630 1347 εἰπὼν,

1965 1353 2059 1404 καὶ
2092 1352 2166 1424 μὴ
2190 1354 2448 1425 δικαστήν
2472 1370 2485 1383 ·
2514 1355 2745 1409 αἰδεῖται
2784 1358 2893 1428 7&9
2928 1361 2957 1411 6
3000 1359 3279 1431 χρεώστης
3325 1366 3417 1417 τὸν
3452 1366 3633 1420 δανεί-

1966 1455 2155 1505 σαντα,
2201 1443 2433 1496 αἰδεῖται
2495 1444 2660 1497 αὐτὸν
2702 1445 2798 1497 καὶ
2855 1445 3201 1501 δυσωπεῖται,
3254 1449 3379 1501 Ἐὰν
3424 1451 3632 1523 ἀπέλθῃ

1961 1526 2241 1599 δανειστὴς
2269 1530 2348 1592 εἰς
2377 1529 2545 1599 θύραν
2575 1530 2870 1599 χρεώστου,
2906 1533 3001 1586 ἐάν
3050 1532 3148 1602 μὲν
3239 1534 3462 1605 ἄπορος,
3500 1538 3632 1605 φεύ-

1962 1631 2049 1678 γει
2073 1630 2086 1643 ·
2123 1614 2219 1666 ἐάν
2262 1614 2320 1666 δὲ
2355 1614 2604 1683 εὔπορος,
2664 1617 2801 1684 μετά
2840 1620 3154 1690 παρρησίας
3190 1620 3403 1690 δέχεται
3446 1624 3630 1677 αὐτόν.

1964 1700 2108 1770 Ὀρα
2157 1700 2215 1754 δέ
2264 1718 2355 1771 μοι
2391 1702 2486 1753 καὶ
2514 1702 2701 1772 ἕτερον
2751 1703 2937 1773 θαῦμα
2967 1705 3062 1757 τοῦ
3093 1706 3301 1760 δικαίου
3346 1708 3535 1778 κριτοῦ
3568 1712 3632 1763 ἐκ

1961 1787 2069 1841 τῶν
2094 1786 2448 1857 ἀνθρωπίνων
2472 1788 2905 1859 παρατιθέμενον
2925 1803 2939 1819 ⁶
2965 1792 3058 1843 ἐάν
3096 1809 3200 1843 τινι
3229 1794 3285 1845 ἐν
3312 1793 3471 1864 πενίᾳ
3505 1796 3635 1848 καθ-

1962 1874 2155 1927 εστῶτι
2192 1874 2461 1946 δανείσῃς,
2503 1874 2742 1947 προέλθῃ
2778 1875 2833 1929 δέ
2869 1877 2948 1940 είς
2983 1877 3235 1947 εὐθηνίαν
3259 1881 3287 1931 6
3323 1879 3636 1950 δανεισάμε-

1961 1978 2070 2023 νος,
2101 1962 2195 2013 καὶ
2225 1961 2443 2030 δύνηταί
2481 1978 2562 2014 σοι
2593 1962 2777 2015 λοιπὸν
2804 1962 3095 2015 ἀποδοῦναι
3121 1966 3180 2016 τὸ
3216 1966 3397 2035 χρέος,
3436 1966 3633 2020 λανθά-

1962 2063 2040 2098 νει
2081 2046 2206 2108 τούς
2248 2047 2495 2109 πολλοὺς,
2541 2048 2637 2098 καὶ
2684 2049 3041 2113 ἀποδίδωσιν,
3075 2051 3161 2102 ἴνα
3195 2052 3269 2122 μὴ
3310 2052 3631 2123 αἰσχύνηται

1961 2134 2055 2183 ἐπὶ⁸
2089 2136 2155 2202 τῇ
2187 2133 2427 2203 προτέρᾳ
2451 2135 2810 2186 καταστάσει·
2845 2138 2939 2188 καὶ
2971 2137 3199 2207 χάριτας
3236 2139 3332 2207 μὲν
3362 2140 3629 2207 ὁμολογεῖ,

1963 2218 2193 2289 κρύπτει
2218 2219 2274 2271 δὲ
2296 2219 2393 2289 τὴν
2419 2220 2760 2290 εὐεργεσίαν,
2788 2221 2887 2291 τὴν
2919 2222 3189 2291 προτέραν
3213 2222 3419 2277 ἔνδειαν
3441 2226 3632 2295 αίσχυ-

1963 2307 2201 2375 νὸμενος.
2221 2306 2278 2359 ὐ
2301 2306 2358 2359 δὲ
2385 2308 2517 2370 Θεὸς
2533 2308 2628 2376 οὐχ
2658 2308 2798 2361 οὕτω
2820 2312 2982 2374 ποιεῖ,
3007 2310 3157 2382 [540]
3175 2311 3289 2363 ἀλλ’
3316 2314 3375 2365 ἐν
3403 2314 3631 2384 κρυπτῷ

1961 2391 2364 2463 δανειζόμενος,
2398 2394 2678 2463 παρρησίᾳ
2709 2395 2767 2446 τὸ
2804 2396 2965 2466 χρέος
2992 2396 3336 2450 ἀποδίδωσιν.
3371 2400 3499 2452 Ὅτε
3531 2402 3631 2469 μὲν

1962 2476 2070 2546 γὰρ
2102 2477 2387 2548 λαμϐάνει,
2431 2477 2519 2530 διά
2565 2477 2936 2548 λανθανούσης
2986 2479 3355 2551 ἐλεημοσύνης
3385 2500 3399 2512 ·
3445 2484 3534 2536 ὅτε
3576 2485 3630 2537 δέ

1959 2564 2301 2624 ἀποδίδωσιν,
2345 2564 2431 2616 ἐπ’
2462 2562 2619 2631 ὄψεσι
2655 2562 2834 2632 πάσης
2855 2565 2954 2633 τῆς
2980 2565 3336 2636 δημιουργίας
3370 2568 3630 2621 ἀποδίδωο

1962 2667 2065 2703 σιν.
2109 2651 2248 2703 aur
2280 2653 2397 2721 ἐρεῖ
2424 2667 2510 2713 τις
2539 2651 2668 2714 ἴσως
2689 2667 2703 2680 ·
2734 2651 2832 2704 Διά
2862 2651 2913 2703 τί
2940 2651 2997 2704 δὲ
3026 2651 3162 2715 ὅλως
3188 2653 3376 2724 ὥσπερ
3407 2656 3529 2724 ἐμοὶ
3558 2657 3633 2727 τῷ

1959 2739 2200 2809 πλουσίῳ
2228 2737 2480 2799 δέδωκεν,
2509 2738 2629 2808 οὐχὶ
2658 2738 2750 2791 καὶ⁵
2775 2736 2853 2806 τῷ
2880 2738 3073 2807 πένητι
3109 2738 3508 2811 παραπλησίως
3542 2742 3625 2793 δέ-

1957 2823 2166 2888 δωκενς
2221 2823 2471 2877 Ἐδύνατο
2506 2826 2603 2893 μὲν
2635 2825 2726 2877 καὶ
2771 2824 2853 2875 σοὶ
2901 2824 3086 2877 δοῦναι
3133 2826 3368 2894 ὁμοίως,
3422 2828 3518 2879 καὶ
3552 2827 3633 2897 τῷ

1961 2912 2177 2981 πένητι,
2206 2909 2323 2962 ἀλλ’
2351 2910 2450 2961 οὐκ
2490 2909 2757 2978 ἠθέλησεν
2803 2909 2926 2962 οὐτε
2969 2909 3061 2962 σοῦ
3096 2912 3341 2981 ἄκαρπον
3370 2909 3508 2966 εἶναι
3541 2913 3631 2966 τὸν

1962 2996 2211 3058 πλοῦτον,
2238 2995 2360 3048 οὐτε
2384 2996 2589 3048 ἐκείνου
2618 2995 2847 3066 ἄμισθον
2868 2998 2968 3067 τὴν
2999 2997 3210 3053 πενίαν.
3246 3000 3336 3050 Σοὶ
3367 2999 3446 3068 τῷ
3467 3001 3629 3052 πλου-

1959 3083 2140 3136 τοῦντι
2166 3082 2366 3134 δέδωκε
2401 3081 2652 3133 πλουτεῖν
2693 3080 3062 3155 ἐλεημοσύνη,
3096 3084 3189 3136 καὶ
3222 3084 3538 3154 σκορπίζειν
3572 3087 3630 3138 ἐν

1958 3168 2300 3237 δικαιοσύνη·
2340 3168 2696 3234 Ἐσκόρπισε
2728 3167 2837 3237 γάρ
2856 3184 2869 3196 ·
2900 3167 3084 3221 ἔδωκε
3112 3168 3237 3234 τοῖς
3262 3169 3522 3236 πένησιν
3545 3190 3558 3202 ·
3591 3173 3631 3239 ἡ

1958 3255 2312 3321 δικαιοσύνη
2348 3254 2533 3307 αὑτοῦ
2563 3254 2731 3322 μένει
2764 3257 2854 3318 εἰς
2882 3254 2990 3307 τὸν
3028 3255 3233 3308 αἰῶνα.
3278 3257 3458 3326 Ὁρᾷς,
3493 3257 3572 3309 ὅτι
3601 3260 3631 3310 6

1963 3343 2211 3404 πλούσιος
2250 3344 2313 3394 ἐκ
2360 3342 2457 3409 τῆς
2504 3342 2872 3413 ἐλεημοσύνης
2905 3343 3222 3413 θησαυρίζει
3272 3344 3625 3414 δικαιοσύνην

1964 3429 2182 3483 αἰώνιον
2209 3445 2223 3493 ;
2254 3429 2356 3498 ὅρα
2403 3427 2563 3481 πάλιν
2613 3428 2708 3480 καὶ⁵
2737 3429 2829 3481 τὸν
2878 3429 3113 3498 πένητα·
3164 3429 3351 3498 ἐπειδὴ
3378 3431 3479 3482 οὐκ
3511 3429 3624 3498 ἔχει

1966 3515 2216 3576 πλοῦτον,
2246 3507 2291 3581 ᾧ
2322 3515 2635 3584 ἐργάσηται
2686 3514 3053 3584 δικαιοσύνην,
3084 3513 3195 3583 ἔχει
3232 3516 3443 3581 πενίαν,
3468 3515 3525 3579 ἐξ
3562 3512 3629 3586 ἧς

1966 3602 2269 3673 καρποῦται
2305 3600 2580 3669 ὑπομονὴν
2623 3601 2838 3653 αίώνιον
2863 3618 2877 3631 ·
2919 3602 2987 3654 Ἡ
3034 3602 3142 3671 γάρ
3188 3601 3461 3668 ὑπομονὴ
3510 3601 3630 3654 τῶνρ

1964 3690 2238 3756 πενήτων
2273 3690 2383 3740 οὐκ
2426 3686 2734 3739 ἀπολεῖται
2783 3690 2870 3753 εις
2911 3688 3016 3740 τὸν
3065 3686 3278 3739 αἰῶνα·
3313 3689 3372 3739 ἐν
3408 3688 3629 3758 Χριστῷ

1958 3779 2036 3848 τῷ
2086 3777 2272 3847 Κυρίῳ
2304 3773 2481 3845 ἡμῶν,
2609 3775 2643 3845 ἡ
2675 3773 2799 3838 δόξα
2831 3776 2911 3837 είς
2954 3775 3079 3840 τοὺς
3125 3773 3326 3835 αἰῶνας
3355 3773 3463 3827 τῶν
3495 3775 3624 3828 αἰώ-

1960 3882 2084 3918 νων.
2132 3863 2319 3933 Ἀμήν.

1614 4201 1771 4253 ΠΕΡΙ
1808 4197 2224 4253 ΜΕΤΑΝΟῙΔΣ.

866 4434 1098 4502 Ὁμιλιά
1130 4441 1202 4500 η’.

252 4532 324 4581 α’.
351 4526 414 4578 EI
444 4522 537 4576 καὶ
561 4522 685 4593 χθὲς
712 4521 865 4592 ὐμῶν
895 4520 1249 4590 ἀπελείφθην,
1285 4519 1397 4572 ἀλλ’
1424 4519 1521 4587 οὐχ
1552 4518 1711 4581 ἐκὼν,
1740 4507 1851 4567 ἀλλ’

184 4614 582 4683 ἀναγκασθείς·
621 4610 953 4680 ἀπελείφθην
1000 4609 1055 4661 δέ
1092 4608 1343 4678 σώματι,
1386 4608 1447 4660 οὐ
1486 4606 1712 4677 γνώμη·
1753 4607 1858 4659 ἀπ-

182 4702 445 4771 ελείφθην
472 4701 707 4771 ἀπουσίᾳ
729 4698 950 4770 σαρκὸς,
978 4696 1040 4748 οὐ
1059 4696 1296 4749 διαθέσει
1325 4694 1586 4757 διανοίας.
1615 4692 1726 4747 Καὶ
1750 4692 1859 4763 γὰρ

182 4788 648 4857 περιεπλεκόμην,
699 4786 833 4857 πρὸς
880 4785 908 4837 6
939 4782 1230 4851 ἐδυνάμην,
1272 4780 1519 4844 ἅπαντας
1556 4781 1721 4849 ὑμᾶς,
1766 4781 1860 4832 καὶ

184 4876 279 4927 ἐπὶ
299 4876 401 4941 τῆς
429 4873 666 4936 διανοίας
683 4874 893 4944 ἔφερον.
920 4869 1107 4932 Πάλιν,
1136 4867 1376 4935 ἀδελφοὶ,
1398 4866 1495 4936 τὴν
1529 4865 1859 4935 πρόσκαιρον

180 4958 392 5026 ταύτην
422 4956 572 5008 νόσον
599 4955 890 5026 παρέντες,
924 4949 1329 5024 περισσοτέρως
1359 4947 1777 5016 ἐσπουδάσαμεν
1800 4946 1861 4998 τὸ

183 5043 479 5114 πρόσωπον
502 5054 527 5081 ε
558 5043 712 5112 ὐμῶν
746 5042 901 5095 ἰδεῖν·
929 5040 1005 5093 ἐτι
1046 5038 1153 5109 γὰρ
1184 5036 1255 5089 τά
1294 5034 1524 5104 λείψανα
1552 5035 1650 5103 τῆς
1681 5035 1862 5105 699w-

183 5132 341 5195 στίας
369 5129 507 5197 ἔχων
542 5128 774 5198 ἔδραμον
801 5128 936 5199 πρὸς
967 5128 1067 5198 τὴν
1101 5123 1371 5195 ὑμετέραν
1395 5122 1635 5190 ἀγάπην.
1666 5122 1730 5174 Οἱ
1762 5121 1860 5191 μὲν

182 5221 296 5289 γὰρ
326 5214 734 5288 ἀρρωστοῦντες
762 5216 963 5286 λουτρὰ
995 5214 1091 5268 καὶ
1129 5211 1381 5283 βαλανεῖα
1412 5206 1583 5279 [μετά
1612 5208 1712 5277 τὴν
1745 5209 1858 5278 ἀρ·-

185 5300 466 5375 ρωστίαν]
502 5299 752 5371 ζητοῦσιν
776 5318 787 5330 ·
819 5301 929 5369 ἐγὼ
959 5301 1015 5354 δὲ
1040 5300 1109 5354 τὰ
1140 5296 1446 5366 ποθούμενα
1499 5292 1651 5362 ὐμῶν
1690 5294 1859 5363 πρόσ-

182 5408 312 5445 ωπα
347 5388 494 5453 ἀξιον
516 5387 808 5456 ἡγησάμην
840 5388 867 5426 b
899 5386 1217 5450 θεάσασθαι,
1249 5383 1342 5438 καὶ
1370 5380 1467 5451 τὴν
1496 5378 1858 5449 ὀφειλομένην

186 5478 486 5549 ἐπιθυμίαν
528 5475 627 5546 τῆς
674 5474 990 5544 ἀκροάσεως
1032 5472 1458 5546 ἀποπληρῶσαι,
1507 5468 1568 5521 τὸ
1620 5467 1860 5535 πέλαγος

179 5568 345 5622 τοῦτο
375 5567 436 5620 τὸ
472 5565 631 5637 μέγα,
668 5564 761 5617 καὶ
794 5562 970 5632 ἅλμην
999 5563 1098 5615 οὐκ
1130 5563 1275 5632 ἕχον,
1298 5562 1398 5632 τὴν
1427 5557 1697 5611 θάλατταν
1728 5554 1858 5606 ταύ-

177 5677 280 5729 την
326 5654 425 5725 τὴν
476 5655 731 5725 κυμάτων
787 5649 1236 5721 ἀπηλλαγμένην.
1286 5646 1492 5701 ⁴Ἦλθον
1546 5642 1702 5714 ὐμῶν
1760 5640 1858 5712 τὴν

178 5750 425 5818 ἆρουραν
466 5743 564 5814 τὴν
597 5737 1016 5810 κεκαθαρμένην
1048 5736 1194 5790 ξδεῖν.
1227 5738 1327 5799 Τίς
1365 5735 1475 5806 γὰρ
1506 5731 1750 5794 τοιοῦτος
1780 5730 1858 5783 λι-

245 5838 271 5863 “
293 5829 447 5879 Savil.
470 5830 529 5876 τὰ
548 5830 798 5879 ποὸσωπα.

244 5897 272 5937 b
296 5895 381 5939 Sic
407 5889 556 5938 SavIl.
588 5881 759 5939 Morel.
802 5901 919 5937 vero
960 5886 1066 5942 ἄξια
1088 5885 1363 5948 ἡγησάμην.
1406 5882 1533 5932 Infra
1579 5893 1668 5944 pro
1698 5881 1857 5943 λιμήν,

182 5957 316 6020 quod
338 5950 487 6002 habet
512 5950 618 6015 Reg
643 5999 653 6014 ,
682 5952 801 6001 edit.
829 5951 1017 6016 λειμών.

1963 4423 2091 4493 μὴν,
2127 4414 2239 4483 οἷος
2272 4421 2306 4490 ή
2349 4417 2677 4488 Ἐκκλησία;
2714 4418 2798 4480 τίς
2838 4417 3074 4481 τοιοῦτος
3110 4418 3455 4488 παράδεισος,
3492 4419 3566 4482 ὡς
3594 4420 3628 4488 η

1960 4508 2174 4571 σύνοδος
2217 4510 2250 4577 η
2303 4506 2578 4577 ὐμετέρα;
2627 4506 2740 4557 Οὐκ
2785 4504 2934 4557 ἔστιν
2976 4502 3208 4556 ἐνταῦθα
3244 4504 3369 4572 ὄφις
3400 4503 3621 4557 ἐπιϐου-

1956 4596 2153 4660 λεύων,
2198 4595 2313 4648 ἀλλ’
2358 4595 2386 4645 6
2426 4591 2662 4663 Χριστὸς
2711 4590 3118 4660 μυσταγωγῶν·
3174 4589 3273 4641 οὐκ
3322 4590 3468 4643 ἔστιν
3505 4587 3617 4643 Εὐα

1960 4681 2421 4746 ὐποσκελίζουσα,
2474 4678 2586 4732 ἀλλ’
2628 4679 2660 4747 ή
2700 4676 2993 4745 Ἐκκλησία
3030 4674 3266 4747 ὀρθοεσα
3292 4693 3306 4707 ·
3342 4676 3442 4728 οὐκ
3478 4674 3627 4728 εστιν

1958 4768 2192 4823 ἐνταῦθα
2226 4766 2397 4836 φύλλα
2429 4764 2680 4835 δένδρων,
2716 4763 2828 4815 ἀλλ’
2855 4766 2883 4815 6
2914 4762 3121 4831 καρπὸς
3149 4761 3241 4813 τοῦ
3287 4759 3623 4830 πνεύματος·

1957 4858 2057 4909 οὐκ
2095 4855 2241 4906 ἐστιν
2280 4850 2512 4905 ἐνταῦθα
2542 4849 2793 4918 φραγμὸς
2827 4845 3094 4909 ἀκανθῶν,
3129 4846 3243 4898 αλλ’
3274 4845 3516 4916 ἄμπελος
3540 4846 3627 4899 εὐ-

1960 4940 2214 5013 θηνοῦσα.
2260 4938 2385 4990 Ἐὰν
2413 4936 2468 4988 δέ
2513 4933 2752 4988 ἄκανθαν
2779 4933 2945 5003 εὐρω,
2977 4935 3057 4994 εἰς
3090 4932 3274 4985 ἐλαίαν
3306 4932 3623 5003 μεταφέρω-

1957 5030 2015 5082 οὐ
2047 5028 2154 5097 γάρ
2176 5024 2376 5095 ἀπορίᾳ
2401 5023 2615 5091 φύσεως
2636 5021 2705 5073 τὰ
2724 5019 2977 5083 ἐνταῦθα,
3001 5019 3114 5073 ἀλλ’
3135 5018 3414 5088 ἐλευθερίᾳ
3441 5033 3624 5087 προαιο

1960 5116 2160 5186 ρέσεως
2185 5113 2504 5182 τετίμηται·
2545 5110 2641 5163 ἐὰν
2664 5109 2721 5161 δέ
2761 5109 2924 5161 λύκον
2963 5107 3125 5179 εῦρω,
3163 5105 3430 5175 πρόϐατον
3461 5103 3621 5165 ποιῶ,

1956 5202 2016 5255 οὐ
2048 5201 2147 5271 τὴν
2197 5199 2359 5267 φύσιν
2394 5196 2767 5268 μεταϐάλλων,
2806 5195 2941 5247 ἀλλά
2976 5192 3073 5262 τὴν
3100 5191 3418 5262 προαίρεσιν
3455 5204 3621 5259 μεταο

1958 5292 2157 5359 φέρων.

2028 5394 2126 5446 Διά
2150 5390 2308 5445 τοῦτο
2342 5392 2441 5444 οὐκ
2470 5392 2535 5444 ἂν
2568 5390 2800 5460 ἁμάρτοι
2833 5403 2915 5448 τις
2949 5385 3047 5454 τῆς
3078 5382 3311 5436 κιϐωτοῦ
3347 5382 3443 5451 τὴν
3496 5383 3623 5433 Ἕκ-

1958 5482 2185 5552 κλησίαν
2216 5480 2437 5550 μείζονα
2479 5474 2806 5549 προσειπών.
2853 5473 2915 5525 Ἦ
2943 5473 3041 5542 μὲν
3073 5471 3183 5542 γὰρ
3222 5469 3450 5530 κιϐωτὸς
3487 5483 3625 5539 παρ-

1958 5569 2226 5639 ελάμϐανε
2259 5568 2331 5620 τά
2364 5566 2508 5633 ζῶα,
2542 5565 2633 5617 καὶ
2676 5561 2940 5631 ἐφύλαττε
2974 5559 3115 5624 ζῶα,
3163 5560 3196 5628 ἡ
3237 5558 3292 5610 δὲ
3334 5555 3628 5626 Ἐκκλησία

1964 5655 2381 5729 παραλαμϐάνει
2418 5653 2487 5706 τά
2532 5652 2647 5716 ζῶα
2681 5651 2773 5703 καὶ
2816 5649 3161 5719 μεταϐάλλει.
3199 5640 3325 5698 Οἷόν
3356 5662 3409 5697 τι
3441 5646 3584 5709 λέγω
3610 5657 3625 5672 ⁸

1967 5745 2228 5815 Εἰσῆλθεν
2262 5745 2376 5795 ἐκεῖ
2406 5739 2576 5811 ἱέραξ,
2608 5737 2701 5791 καὶ
2726 5735 2946 5807 ἐξῆλθεν
2982 5734 3165 5804 ἱέραξ·
3206 5731 3420 5802 εἰσῆλθε
3445 5730 3627 5797 λύκος,

1967 5837 2061 5890 καὶ
2086 5831 2272 5904 ἐξῆλθε
2302 5829 2465 5891 λύκος
2489 5846 2503 5859 ·
2539 5823 2752 5895 εἰσῆλθέ
2784 5841 2867 5886 τις
2901 5821 3051 5893 ἱέραξ
3081 5819 3335 5884 ἐνταῦθα,
3368 5817 3461 5871 καὶ⁵
3486 5817 3625 5883 ἐξέρα

1969 5940 2117 5995 χεται
2150 5916 2446 5991 περιστερά
2466 5932 2480 5947 ·
2524 5913 2830 5983 εἰσέρχεται
2856 5910 3048 5976 λύκος,
3081 5909 3174 5962 καὶ
3203 5905 3475 5974 ἐξέρχεται
3502 5904 3607 5970 πρό
