4432 6698
800 421 904 476 537

801 536 997 591 ϐατον·
1033 534 1332 605 εἰσέρχεται
1370 533 1511 600 όφις,
1549 534 1641 585 καὶ
1676 531 1826 604 [541]
1860 532 2136 605 ἐξέρχεται
2165 534 2372 605 ἀρνίον,
2403 534 2462 585 ού

799 623 900 692 τῆς
942 622 1152 692 φύσεως
1184 618 1678 690 μεταϐαλλομένης,
1709 620 1845 673 ἀλλά
1886 620 1985 689 τῆς
2030 620 2224 682 κακίας
2249 620 2464 673 ἐλαυνο-

804 710 990 778 μένης.
1039 708 1135 759 Διά
1177 706 1335 760 τοῦτο
1390 706 1626 777 συνεχῶς
1676 707 1769 759 τὸν
1826 707 1953 778 περὶ
1994 708 2281 776 μετανοίας
2334 707 2466 761 κινῶ

801 797 974 865 λόγον.
994 797 1055 848 Ἦ
1080 796 1187 865 7&9
1212 795 1488 865 μετάνοια,
1518 794 1666 865 δεινὴ
1686 796 1781 848 καὶ
1807 792 2012 863 φοϐερὰ
2040 793 2118 864 τῷ
2136 794 2463 865 ἁμαρτωλῷ,

802 885 1088 953 φάρμακον
1114 882 1220 933 τῶν
1243 881 1749 952 πλημμελημάτων,
1777 880 2070 949 δαπάνημα
2092 881 2200 932 τῶν
2229 898 2466 953 παρανο-

804 970 960 1038 μιῶν,
985 969 1243 1039 ἀνάλωμα
1270 968 1377 1021 τῶν
1406 967 1676 1038 δακρύων,
1717 966 1995 1036 παρρησία
2032 966 2167 1036 πρὸς
2187 967 2279 1021 τὸν
2308 969 2463 1032 Θεὸν,

801 1056 959 1108 ὅπλον
998 1055 1139 1109 κατά
1170 1055 1263 1108 τοῦ
1300 1054 1542 1107 διαϐόλου
1562 1094 1575 1115 ,
1610 1053 1853 1123 μάχαιρα
1886 1052 2270 1122 ἀποτέμνοντα
2301 1053 2464 1106 αὑτοῦ

798 1143 896 1213 τὴν
923 1142 1182 1212 κεφαλὴν,
1211 1141 1477 1211 σωτηρίας
1499 1141 1674 1203 ἐλπὶς,
1702 1139 2063 1207 ἀπογνώσεως
2096 1142 2374 1211 ἀναίρεσις
2403 1154 2427 1181 ι
2447 1157 2461 1170 ·

800 1230 937 1299 αῦτη
966 1230 1056 1282 τδν
1090 1230 1315 1299 οὐρανὸν
1344 1229 1581 1296 ἀνοίγει,
1612 1227 1749 1298 αῦτη
1784 1229 1863 1289 εἰς
1887 1227 1976 1280 τὸν
2012 1228 2336 1298 παράδεισον
2360 1230 2465 1279 εἰσ-

800 1317 941 1382 άγει,
970 1314 1107 1383 αῦτη
1137 1315 1230 1367 τοῦ
1259 1314 1504 1369 διαϐόλου
1536 1315 1878 1384 περιγίνεται
1912 1314 2032 1381 (διὰ
2068 1314 2131 1383 δὴ
2156 1313 2313 1367 τοῦτο
2342 1331 2464 1365 συν-

800 1402 937 1471 εχῶς
961 1402 1051 1455 τὸν
1093 1404 1222 1473 περὶ
1259 1402 1445 1455 τούτου
1481 1402 1614 1455 κινῶ
1645 1401 1862 1469 λόγον),
1901 1400 2089 1469 ὥσπερ
2128 1400 2304 1451 καὶτὸ
2330 1399 2462 1469 θαρ-

800 1492 912 1557 ρεῖν
941 1492 1083 1541 ποιεῖ
1110 1489 1578 1551 ὑποσκελίζεσθαι.
1611 1486 1957 1556 ’Λμαρτωλὸς
1984 1485 2062 1549 εἷς
2086 1486 2159 1555 μὴ
2179 1486 2429 1555 ἀπογνῷς
2447 1502 2460 1515 ·

798 1576 856 1627 οὐ
886 1576 1127 1644 παύομαι
1153 1575 1390 1644 συνεχῶς
1420 1574 1589 1626 ταῦτα
1622 1573 1927 1641 ἐπαλείφων
1957 1572 2025 1624 τά
2051 1574 2345 1643 φάρμακα·
2371 1574 2463 1625 καὶ

797 1663 905 1731 7&9
942 1658 1056 1713 οἶδα
1097 1661 1282 1731 ἡλίκον
1330 1660 1493 1713 ὅπλον
1532 1660 1649 1713 ἐστί
1682 1660 1822 1713 κατὰ
1876 1658 1969 1711 τοῦ
2006 1658 2255 1711 διαϐόλου
2294 1661 2355 1713 16
2388 1663 2461 1729 μὴ

796 1748 1189 1817 ἀπογινώσκειν
1210 1750 1372 1818 ὑμᾶς.
1396 1752 1490 1801 "Av
1509 1748 1635 1818 ἔχῃς
1653 1748 2043 1817 ἁμαρτήματα,
2071 1746 2145 1817 μὴ
2174 1747 2426 1817 ἀπογνῴς
2448 1765 2459 1776 ·

796 1836 859 1887 ού
898 1835 1137 1903 παύομαι
1180 1835 1352 1888 ταῦτα
1404 1835 1642 1903 συνεχῶς
1690 1834 1861 1899 λέγων
1888 1848 1901 1861 ·
1940 1832 2039 1885 κάν
2080 1832 2201 1885 καθ’
2248 1834 2464 1905 ἡμέραν

797 1921 1147 1991 ἀμαρτάνῃς,
1201 1920 1321 1973 καθ’
1363 1920 1575 1990 ἡμέραν
1622 1920 1868 1989 μετανόει
1894 1936 1908 1951 ·
1948 1921 2040 1971 καὶ
2082 1920 2218 1989 ὅπερ
2257 1923 2313 1973 ἐν
2346 1924 2464 1983 ταῖς

795 2009 1052 2071 παλαιαῖς
1105 2007 1361 2076 ποιοῦμεν
1398 2006 1616 2069 οίκίαις,
1651 2007 1780 2059 ὅταν
1817 2005 2192 2075 σαθρωθῶσιν,
2243 2008 2466 2071 ὑπεξαι-

796 2092 1035 2163 ρούμεθα
1072 2092 1138 2144 τὰ
1189 2092 1611 2162 σεσαθρωμένα,
1663 2094 1757 2144 καὶ
1806 2092 1967 2144 καινά
2005 2092 2462 2161 ἐπισκευάζομεν,

794 2183 891 2235 καὶ
932 2182 1183 2234 οὐδέποτε
1234 2181 1489 2250 συνεχοῦς
1553 2180 1872 2249 ἐπιμελείας
1904 2181 2371 2250 ἐπιλανθανόμεθα
2398 2183 2424 2221 ι)
2448 2200 2459 2211 ·

793 2268 951 2321 τοῦτο
979 2270 1072 2320 καὶ
1122 2272 1178 2320 ἐν
1210 2270 1338 2338 ἡμίν
1369 2268 1608 2337 ποιῶμεν
1644 2278 1689 2318 ε.
1728 2269 1787 2318 EE
1837 2267 2177 2337 ἐπαλαιὼθης
2226 2270 2464 2338 σήμερον

794 2355 903 2409 ἀπὸ
928 2356 1026 2425 τῆς
1062 2354 1355 2424 ἁμαρτίας,
1392 2354 1739 2407 ἀνακαίνισον
1776 2354 2004 2407 σεαυτὸν
2038 2354 2147 2406 ἀπὸ
2175 2355 2273 2424 τῆς
2301 2372 2465 2429 μετα-

794 2442 960 2505 νοίας.
988 2442 1096 2495 Καὶ
1124 2442 1223 2503 ἔνι,
1256 2442 1409 2510 φησὶ,
1444 2442 1853 2511 μετανοήσαντα
1885 2440 2157 2511 σωθῆναι;
2187 2442 2293 2493 Καὶ
2324 2443 2462 2494 πάνυ

795 2528 893 2582 ενι.
920 2529 1102 2581 Πάντα
1134 2527 1221 2581 16v
1256 2527 1367 2596 βίον
1403 2528 1460 2579 ἐν
1491 2527 1789 2596 ἁμαρτίαις
1816 2526 2083 2597 διέτριψα,
2126 2528 2219 2579 καὶ
2248 2528 2343 2578 ἐὰν
2374 2544 2465 2595 με.

794 2616 1063 2683 τανοήσω,
1103 2612 1381 2682 σώζομαι;
1415 2614 1584 2666 Πάνυ.
1627 2612 1797 2664 Πόθεν
1836 2612 2032 2681 δῆλον;
2086 2612 2214 2663 Ἀπὸ
2246 2613 2342 2682 τῆς
2370 2612 2459 2664 τοῦ

794 2700 1065 2752 Δεσπότου
1106 2717 1196 2752 σου
1243 2698 1668 2769 φιλανθρωπίας.
1715 2698 1805 2767 Μὴ
1834 2699 1942 2768 7&9
1976 2702 2040 2768 τῇ
2081 2700 2336 2768 μετανοίᾳ
2367 2716 2457 2751 σου

797 2786 1011 2857 θαρρῶς
1054 2787 1129 2857 μὴ
1156 2787 1263 2857 γὰρ
1304 2788 1335 2855 ἡ
1386 2785 1647 2856 μετάνοιά
1686 2802 1779 2838 σου
1829 2785 2002 2855 ἰσχύει
2047 2785 2282 2838 τοσαῦτα
2314 2787 2461 2839 κακά

796 2873 1247 2943 ἀποσμήξασθαις
1274 2875 1335 2927 Εἰ
1362 2875 1394 2943 ἡ
1424 2871 1679 2942 μετάνοια
1710 2872 1843 2940 μόνη
1866 2867 1954 2941 ἦν,
1978 2872 2200 2933 εἰκότως
2227 2872 2422 2941 ἐφόϐου
2445 2890 2457 2900 ·

795 2959 986 3028 ἐπειδὴ
1014 2959 1071 3012 δέ
1102 2962 1169 3029 τῇ
1213 2959 1472 3029 μετανοίᾳ
1502 2958 1829 3028 κεράννυται
1870 2957 2005 3009 Θεοῦ
2039 2958 2422 3028 φιλανθρωπία
2444 2998 2459 3019 ,

795 3044 989 3116 θάρρει
1011 3062 1025 3077 ·
1052 3045 1187 3099 Θεοῦ
1216 3045 1326 3115 7&9
1349 3043 1757 3115 φιλανθρωπίας
1795 3043 1993 3113 μέτρον
2018 3044 2119 3095 οὐκ
2140 3044 2307 3107 ἐστιν,
2344 3045 2465 3099 οὐῶ

794 3130 938 3201 λόγῳ
965 3132 1364 3203 ἐρμηνευθῆναι
1390 3132 1611 3185 δύναται
1643 3129 1809 3184 αὑτοῦ
1847 3131 1878 3199 ἡ
1919 3120 2209 3201 ἀγαθότης.
2256 3132 2318 3183 'H
2364 3133 2463 3201 μὲν

794 3220 901 3289 7&9
930 3218 995 3289 σὴ
1028 3219 1197 3273 κακία
1232 3220 1428 3289 μέτρον
1452 3218 1588 3288 ἔχει,
1616 3218 1678 3269 τὸ
1717 3217 1774 3269 δέ
1804 3218 2096 3287 φάρμακον
2131 3218 2331 3286 μέτρον
2363 3220 2463 3271 οὐκ

793 3304 905 3375 ἔχει
929 3321 942 3335 ·
971 3308 1005 3374 ἡ
1042 3307 1108 3377 σὴ
1136 3306 1303 3359 κακία
1330 3306 1416 3357 οἵα
1437 3306 1530 3357 ἐὰν
1563 3300 1619 3377 ᾖ,
1653 3304 1965 3374 ἀνθρωπίνη
1999 3305 2115 3356 ἐστί
2136 3304 2321 3368 κακία,
2347 3307 2380 3374 ἡ
2405 3305 2462 3357 δέ

793 3392 888 3444 τοῦ
917 3391 1052 3444 Θεοῦ
1090 3392 1467 3461 φιλανθρωπία
1506 3391 1710 3458 ἆφατος
1736 3389 1764 3428 ἀ
1788 3407 1800 3420 ·
1838 3392 1932 3442 καὶ
1962 3390 2174 3459 θάρρει,
2203 3392 2284 3441 ὅτι
2313 3407 2464 3462 περι-

794 3477 1003 3545 γίνεταί
1036 3494 1128 3530 σου
1155 3478 1252 3547 τῆς
1280 3478 1497 3538 κακίας.
1529 3475 1811 3545 Ἐννόησον
1834 3474 2101 3544 σπινθῆρα
2125 3477 2202 3537 είς
2230 3476 2461 3544 πέλαγος

800 3562 1101 3634 ἐμπεσόντα
1126 3581 1139 3595 ·
1175 3563 1249 3633 μὴ
1274 3562 1494 3616 δύναται
1526 3562 1717 3631 στῆναι
1744 3562 1775 3631 ἢ
1800 3562 2032 3631 φανῆναι
2064 3578 2077 3625 ;
2119 3564 2281 3614 ὐσον
2308 3580 2459 3614 σπιν-

799 3649 899 3719 θὴρ
930 3649 1065 3719 πρὸς
1094 3649 1350 3716 πέλαγος,
1382 3647 1634 3700 τοσοῦτον
1684 3647 1854 3700 κακία
1901 3646 2035 3715 πρὸς
2064 3647 2162 3717 τὴν
2192 3647 2284 3699 τοῦ
2324 3647 2459 3699 Θεοῦ

801 3736 1232 3807 φιλανθρωπίαν·
1291 3736 1488 3805 μᾶλλον
1522 3735 1577 3787 δέ
1621 3734 1739 3786 οὐδὲ
1789 3733 2060 3794 τοσοῦτον,
2108 3733 2243 3785 ἀλλά
2282 3734 2459 3803 πολλῷ

798 3822 978 3875 πλέον.
1013 3822 1087 3873 T6
1118 3823 1215 3891 μέν
1257 3823 1365 3891 γὰρ
1410 3822 1664 3887 πέλαγος,
1704 3819 1804 3871 κᾶν
1843 3819 1981 3887 μέγα
2001 3814 2057 3890 ᾗ,
2087 3820 2281 3889 μέτρον
2310 3822 2421 3889 ἔχει
2440 3837 2453 3849 ⁶

798 3911 835 3981 ἡ
858 3910 915 3962 δέ
943 3908 1033 3961 τοῦ
1066 3909 1201 3962 Θεοῦ
1230 3908 1603 3978 φιλανθρωπία
1632 3907 2033 3977 άπεριόριστος.

867 3996 1051 4049 Ταῦτα
1070 3995 1229 4062 λέγω,
1263 3996 1359 4063 οὐχ
1388 3996 1473 4046 ἵνα
1504 3995 1646 4062 ὑμᾶς
1679 3992 2082 4063 ῥᾳθυμοτέρους
2116 3992 2456 4061 ἐργάσωμαι,

794 4083 909 4138 ἀλλ’
929 4083 1012 4135 ἵνα
1044 4082 1489 4151 σπουδαιοτέρους
1512 4083 1861 4149 καταστήσω.
1893 4080 2181 4149 Παρῄνεσα
2201 4079 2458 4141 πολλάκις

797 4172 875 4231 είς
912 4170 1137 4240 θέατρον
1180 4169 1255 4239 μὴ
1293 4168 1630 4222 ἀναϐαίνειν·
1684 4170 1943 4236 ἡκούσας,
1995 4168 2097 4219 οὑκ
2158 4166 2452 4237 ἐπείσθης·

798 4255 994 4324 ἀνέϐης
1016 4258 1094 4317 εἰς
1122 4256 1183 4307 τὸ
1210 4255 1456 4322 θέατρον,
1500 4254 1847 4323 παρήκουσάς
1880 4270 1979 4321 μου
2012 4252 2103 4305 τοῦ
2154 4253 2311 4321 λόγου
2331 4270 2344 4284 ’
2377 4254 2452 4323 μὴ

797 4343 1087 4412 αἰσχυνθῇς
1112 4342 1271 4396 πάλιν
1297 4340 1575 4403 εἰσελθεῖν,
1616 4342 1707 4392 καὶ
1754 4339 2002 4391 ἀκοῦσαι.
2049 4340 2323 4401 Ἤκουσα,
2360 4342 2453 4392 καὶ

795 4431 894 4484 οὐκ
918 4432 1178 4500 ἐτήρησα,
1210 4430 1326 4493 πῶς
1349 4429 1583 4499 δύναμαι
1616 4427 1776 4479 πάλιν
1803 4426 2099 4487 εἰσελθεῖν;
2145 4426 2292 4487 Τέως
2325 4428 2454 4480 αὐτὸ

792 4506 949 4573 τοῦτο
974 4515 1139 4583 οἶδας,
1166 4520 1247 4572 ὅτι
1270 4518 1370 4572 ούκ
1397 4518 1667 4587 ἐτήρησας
1684 4533 1698 4546 ·
1726 4517 1861 4578 τέως
1886 4513 2135 4584 αἰσχύνῃ,
2161 4513 2297 4575 τέως
2326 4515 2453 4583 ἐρυ-

796 4610 971 4679 θριᾷς,
996 4610 1131 4671 τέως
1162 4608 1384 4679 μηδενός
1410 4625 1467 4660 σε
1515 4607 1823 4676 ἐλέγχοντος
1856 4605 1946 4658 τὸν
1980 4602 2195 4673 χαλινὸν
2228 4603 2454 4672 περιφέ-

797 4712 930 4763 ρεις,
964 4696 1098 4759 τέως
1130 4696 1219 4748 τὸν
1265 4696 1421 4764 λόγον
1456 4712 1555 4764 μου
1592 4694 1731 4762 ἔχεις
1772 4690 2159 4764 ἐρριζωμένον,
2196 4689 2333 4752 τέως
2378 4690 2453 4761 μὴ

796 4782 1173 4850 φαινομένουὴ
1197 4781 1511 4835 διδασκαλία
1547 4798 1646 4851 μου
1685 4779 1931 4849 καθαίρει
1976 4795 2054 4832 σε.
2098 4778 2212 4831 Οὐκ
2256 4779 2455 4848 ἐτήρη-

798 4882 913 4945 σας,
950 4868 1223 4935 κατέγνως
1252 4867 1512 4933 σεαυτοῦ;
1543 4870 1620 4929 εἰς
1642 4866 1701 4919 τὸ
1731 4867 1899 4935 ἥμισυ
1933 4867 2221 4936 ἐτήρησας,
2251 4865 2352 4918 κᾶν
2379 4865 2453 4935 μὴ

794 4955 1057 5025 τηρήσῃς,
1086 4952 1244 5023 εῐπῃς
1268 4953 1342 5016 δέ,
1372 4952 1486 5007 Οὐκ
1508 4954 1749 5022 ἐτήρησα
1768 4969 1780 4982 °
1809 4954 1837 5004 6
1866 4953 1971 5021 7&9
2001 4953 2300 5019 καταγνοὺς
2329 4954 2454 5004 ἐαυ-

793 5040 887 5092 τοῦ
911 5044 1002 5094 ἐπὶ
1034 5041 1110 5112 τῷ
1150 5042 1224 5112 μὴ
1254 5041 1506 5111 τηρῆσαι,
1541 5041 1631 5091 ἐπὶ
1660 5041 1721 5092 τὸ
1749 5038 1900 5111 [διε]
1932 5040 2166 5109 τηρῆσαι
2217 5040 2451 5094 σπουδά-

795 5127 899 5189 ζει.
956 5128 1327 5199 Ἐθεώρησας;
1384 5126 1623 5195 εἰργάσω
1674 5126 2048 5197 παρανομίαν;
2107 5127 2450 5197 αἰχμάλωτος

796 5213 981 5280 ἐγένου
1032 5215 1129 5283 τῆς
1170 5217 1409 5286 πόρνης;
1438 5213 1673 5285 κατέϐης
1699 5214 1805 5266 ἀπὸ
1846 5214 1938 5266 τοῦ
1966 5214 2233 5283 θεάτρου;
2289 5214 2450 5268 πάλιν

854 5422 990 5488 f.§jc
1010 5422 1161 5488 83'“,
1195 5426 1374 5488 melius
1398 5438 1542 5488 quam
1573 5424 1744 5488 Morel.
1775 5424 2012 5488 ἀγνωσίας
2038 5423 2289 5485 ἀναίρεσις.

851 5477 987 5547 ξ’-ξὶο
1017 5484 1167 5547 Savjl.
1197 5485 1368 5534 Morel.
1392 5477 1509 5535 v'ero
1525 5487 1786 5547 ἐπιμελείας
1810 5477 2093 5547 ἀπολύομεν,
2110 5477 2268 5532 nimus
2288 5491 2443 5534 recte.

824 5546 877 5613 με
904 5545 1033 5613 Hac,
1054 5546 1194 5613 τοῦτο
1215 5548 1369 5613 καί-ἐν
1401 5550 1512 5613 ἡμῖν
1540 5545 1767 5613 ποιῶμεν,
1799 5546 1979 5608 quibus
1997 5545 2260 5594 'senlenlla
2300 5550 2447 5608 perﬁ-

794 5608 936 5670 cilpr,
958 5608 1096 5657 nobis
1120 5609 1447 5670 suppeditavit
1476 5608 1700 5656 Savilius.
1727 5608 1857 5670 Εοιτ.

854 5665 881 5704 ἀ
905 5668 1047 5731 Sam].
1074 5665 1390 5731 φιλανθρωπία
1414 5670 1749 5731 ἀπεριόριστος.
1788 5668 1956 5731 Morel.
1987 5682 2101 5731 3'0le
2127 5669 2445 5731 φιλανθρωπία

792 5725 995 5792 ἄροτοςζ
1011 5725 1137 5792 Βοὲς.
1155 5725 1266 5791 pos't
1287 5725 1603 5792 φιλανθρωπία
1650 5728 1765 5792 nihil
1800 5730 1965 5778 habet.
1993 5725 2269 5781 Infra'vero
2292 5725 2440 5783 Savil.

790 5798 821 5851 ἡ
842 5788 894 5837 δὲ
914 5788 999 5837 τοῦ
1021 5788 1143 5839 Θεοῦ
1155 5788 1482 5852 φιλανθρωπία
1504 5792 1671 5859 μέτρον
1693 5790 1779 5841 οὐκ
1803 5791 1915 5852 ἔχει.

1577 417 1632 472 S.
1674 417 1958 472 JOANNIS
1996 415 2497 473 CHRYSOSTOMI
2533 417 2847 476 ARCHIEP.
2887 421 3428 479 CONSTANTINOP.

4129 426 4232 482 338

2567 534 2871 605 ἐμνήσθης;
2906 538 3217 609 ῂσχύνθηςς
3262 533 3545 609 πρόσελθε.
3595 524 3929 605 Ἐλυπήθηςς
3978 541 4230 609 παρακάο

2566 618 2718 673 λεσον
2752 622 2842 675 τὸν
2872 622 3004 677 Θεόν
3022 641 3039 658 ·
3064 627 3295 696 ἀνέστης
3322 624 3482 696 μέχρι
3506 634 3529 662 ο
3550 621 3760 677 τούτουο
3779 622 3913 674 οὐαί
3936 640 4046 691 PO"
4064 626 4233 695 ἧκου⁸

2568 725 2654 771 σα,
2688 709 2783 763 καὶ
2808 711 2907 764 οὐκ
2927 712 3197 783 ἐτήρησα·
3235 714 3353 777 πῶς
3396 711 3620 766 εἰσέλθω
3651 711 3731 772 εἰς
3767 707 3862 777 τὴν
3888 709 4189 779 ἐκκλησίαν
4215 729 4232 777 ;

2568 798 2683 862 πῶς
2717 799 2876 852 πάλιν
2900 800 3148 864 ἀκούσω;
3182 802 3398 855 Μᾶλλον
3431 799 3654 861 εἴσελθε,
3693 796 3877 867 ἐπειδὴ
3910 797 4011 849 οὐκ
4036 798 4234 868 ἐτήρη-

2568 902 2684 950 σας,
2713 886 2798 938 ἵνα
2825 886 2982 939 πάλιν
3011 888 3248 951 ἀκούσας
3277 890 3543 959 τηρήσῃς.
3597 886 3889 957 Φάρμακον
3930 882 4031 936 ἐὰν
4069 884 4230 955 ἐπιθῇ

2566 989 2649 1025 σοι
2678 974 2706 1025 6
2739 974 2941 1041 ἰατρὸς,
2976 976 3070 1028 καὶ
3118 975 3192 1046 μὴ
3245 976 3515 1046 καθαρίσῃ
3567 991 3647 1037 σε,
3700 972 3864 1041 ἀλλην
3889 968 4108 1040 ἡμέραν
4130 972 4235 1024 οὐκ

2566 1059 2873 1129 ἐπιτίθησιν
2897 1061 3031 1114 αὐτὸ
3085 1062 3277 1127 πάλιν;
3321 1064 3476 1115 Ἐστι
3525 1077 3610 1121 τις
3658 1058 3985 1127 δρυοτόμος·
4033 1055 4239 1111 θελέτω

2562 1144 2781 1214 τέμνειν
2813 1144 2962 1213 δρῦν,
2993 1145 3256 1217 λαμϐάνει
3278 1146 3463 1215 ἀξίνην
3491 1185 3504 1206 ,
3538 1144 3727 1196 κόπτει
3759 1144 3857 1211 τὴν
3904 1139 4090 1210 ρίζαν·
4140 1143 4237 1196 ἐὰν

2563 1231 2638 1300 δῷ
2672 1231 2799 1301 μίαν
2835 1232 3070 1305 πληγὴν,
3106 1235 3200 1288 καὶ
3250 1234 3325 1303 μὴ
3358 1234 3494 1303 πέσῃ
3535 1230 3596 1281 τὸ
3626 1231 3871 1296 ἄκαρπον
3899 1228 4142 1299 δένδρον,
4170 1232 4233 1283 οὐ

2563 1317 2777 1372 δίδωσιν
2804 1320 2969 1392 ἀλλην
2998 1322 3209 1390 πληγὴν
3233 1360 3248 1382 ,
3288 1322 3347 1373 οὐ
3392 1319 3488 1388 τὴν
3516 1316 3815 1385 τετάρτην,
3848 1316 3907 1368 οὐ
3958 1318 4059 1387 τὴν
4088 1316 4235 1385 πέμ-

2566 1422 2727 1475 πτην,
2760 1408 2820 1460 οὐ
2849 1408 2947 1474 τὴν
2975 1408 3234 1476 δεκάτην;
3272 1404 3427 1459 Οὕτω
3455 1403 3548 1456 καὶ
3579 1404 3643 1455 σὺ
3699 1403 3839 1455 ποίει
3859 1418 3872 1429 ·
3904 1402 4039 1472 δρῦς
4084 1405 4236 1456 ἐστιν

2566 1491 2799 1561 ἡπόρνη
2839 1492 2885 1557 τ,
2921 1494 3164 1564 ἄκαρπον
3191 1490 3431 1561 δένδρον,
3465 1488 3725 1557 βαλάνους
3769 1490 4077 1561 ἐκφέρουσα
4122 1491 4237 1559 χοί-

2570 1595 2676 1648 ρων
2724 1580 2933 1647 ἀλόγων
2984 1584 3221 1651 τροφήν·
3254 1579 3311 1629 ἐν
3344 1575 3520 1645 πολλῷ
3548 1576 3725 1646 χρόνῳ
3774 1576 4042 1647 ἐρριζώθη
4075 1578 4137 1628 ἐν
4166 1581 4233 1647 τῇ

2563 1665 2772 1737 διανοίᾳ
2804 1684 2916 1732 σου,
2949 1668 3005 1718 ἐν
3038 1670 3102 1735 τῇ
3134 1663 3391 1734 περιϐολῇ
3417 1662 3524 1714 τῶν
3554 1662 3786 1733 δένδρων
3834 1663 4101 1717 κατέϐαλέ
4139 1680 4234 1716 σου

2566 1752 2626 1802 τὸ
2675 1754 2939 1815 συνειδός·
2971 1754 2999 1804 ό
3033 1752 3186 1817 λόγος
3218 1766 3317 1818 μου
3360 1747 3516 1817 ἀξίνη
3550 1748 3717 1803 ἐστίν.
3768 1750 4046 1810 Ἤκουσας
4108 1749 4237 1815 μίαν

2566 1837 2777 1907 ἡμέραν
2795 1855 2808 1868 ·
2829 1838 2945 1900 πῶς
2967 1838 3047 1897 εἰς
3080 1835 3207 1905 μίαν
3235 1831 3445 1902 ἡμέραν
3471 1835 3495 1873 Β
3520 1832 3708 1885 πίπτει
3732 1836 3766 1903 ἡ
3795 1834 4038 1903 τοσούτῳ
4056 1834 4238 1902 χρόνῳ

2566 1923 2937 1993 ἐρριζωμένης
2987 1922 3111 1975 Ἐάν
3136 1921 3243 1989 7&9
3270 1920 3373 1981 δὶς,
3404 1920 3498 1973 ἐὰν
3524 1919 3633 1991 7&9
3664 1921 3804 1991 τρὶς,
3846 1920 3941 1973 ἐὰν
3969 1919 4081 1989 7&9
4103 1921 4238 1970 ἐκα-

2565 2010 2833 2072 τοντάκις,
2875 2010 2969 2063 ἐὰν
2996 2008 3104 2077 7&9
3140 2006 3420 2077 μυριάκις,
3456 2008 3555 2059 οὐκ
3590 2007 3705 2060 ἐστι
3748 2007 4064 2076 θαυμαστόν
4088 2022 4103 2035 ·
4141 2007 4238 2074 μό-

2566 2112 2653 2148 νον
2694 2096 2918 2163 ἐκκοψον
2962 2097 3193 2164 πρᾶγμα
3238 2094 3472 2165 πονηρὸν
3528 2094 3617 2147 καί⁵
3666 2094 3905 2164 ἰσχυρὸν,
3938 2091 4237 2161 συνήθειαν

2566 2184 2824 2252 πονηράν.
2853 2184 3041 2235 Μάννα
3074 2182 3259 2251 ἤσθιον
3291 2185 3341 2235 οἰ
3387 2182 3649 2241 Ἰουδαῖοι,
3680 2182 3775 2234 καὶ
3800 2180 4063 2250 κρόμμυα
4098 2179 4232 2248 ἐζὴο

2564 2285 2688 2321 τουν
2720 2269 2787 2321 τά
2817 2270 2874 2320 ἐν
2921 2268 3181 2338 Αἰγύπτῳ
3207 2286 3219 2300 ·
3259 2267 3469 2333 Καλῶς
3519 2264 3600 2337 ἦν
3628 2267 3772 2336 ἡμῖν
3808 2267 3880 2320 ἐν
3914 2264 4197 2332 Αἰγύπτῳ
4218 2284 4231 2295 ·

2562 2354 2733 2417 οῦτως
2767 2356 2991 2427 αἰσχρὸν
3015 2358 3246 2426 πρᾶγμα
3270 2356 3526 2426 συνήθεια
3547 2355 3639 2407 καὶ
3670 2353 3954 2406 κάκιστον.
3985 2350 4107 2404 Κάν
4124 2352 4234 2420 7&9

2562 2444 2641 2505 εἰς
2666 2442 2797 2495 δέκα
2821 2444 3031 2512 ἡμέρας
3070 2443 3440 2515 κατορθώσῃς,
3475 2442 3569 2495 ἐάν
3597 2439 3704 2508 7&9
3760 2440 3839 2501 είς
3873 2436 4101 2500 εἴκοσιν,
4139 2439 4235 2490 ἐάν

2560 2527 2668 2596 γὰρ
2694 2531 2773 2592 είς
2806 2530 3118 2599 τριάκοντα,
3164 2530 3263 2582 οὑκ
3310 2527 3525 2597 ἀγαπῶ,
3558 2528 3618 2579 οὺ
3640 2525 3798 2596 χάριν
3824 2524 3953 2595 ἔχω,
3979 2525 4043 2576 οὐ
4073 2541 4231 2594 περιο

2562 2616 2870 2686 πτύσσομαί
2902 2634 2959 2669 σε
2980 2634 2992 2646 ·
3024 2617 3183 2687 μόνον
3215 2616 3290 2687 μὴ
3320 2616 3634 2685 ἀποκάμῃςν
3670 2612 3804 2666 ἀλλά
3844 2612 4108 2681 αἰσχύνου
4139 2614 4236 2663 καὶ

2562 2704 2958 2771 καταγίνωσκε.

2636 2789 2678 2859 β’
2695 2829 2707 2842 .
2728 2790 2897 2845 Πάλιν
2914 2792 3191 2861 διελέχθην
3208 2792 3333 2861 περὶ
3351 2788 3591 2858 ἀγάπης·
3611 2789 3869 2858 ἧκουσας,
3882 2784 4127 2855 ἀπῆλθες
4143 2786 4235 2838 καὶ

2562 2876 2857 2945 ἥρπασας
2893 2878 2991 2929 οὐκ
3026 2876 3283 2942 ἐπεδείξω
3309 2874 3397 2927 διά
3434 2874 3540 2927 τῶν
3575 2874 3749 2943 ἐργων
3774 2872 3865 2924 16v
3903 2871 4103 2938 λόγον;
4138 2873 4233 2940 Μὴ

2564 2962 2858 3033 αἰσχυνθῇς
2887 2962 3044 3015 πάλιν
3074 2962 3329 3014 εἰσελθεῖν
3362 2962 3442 3023 εἰς
3471 2960 3569 3029 τὴν
3608 2958 3901 3028 ἐκκλησίαν
3920 2975 3933 2987 ·
3970 2958 4233 3025 αἰσχύνου

2566 3049 2913 3118 ἁμαρτάνων,
2944 3049 3015 3119 μὴ
3040 3047 3292 3116 αἰσχύνοι)
3324 3046 3618 3114 μετανοῶν.
3650 3044 3890 3114 Πρόσεχε
3922 3043 3973 3095 τί
4005 3044 4233 3112 ἐποίησέ

2568 3152 2649 3187 σοι
2678 3137 2706 3187 6
2736 3134 2995 3197 διάϐολος.
3025 3134 3127 3187 Δύο
3146 3134 3316 3187 ταῦτά
3338 3136 3503 3193 ἐστιν,
3541 3132 3783 3202 ἁμαρτία
3819 3132 3912 3182 καὶ
3948 3131 4233 3198 μετάνοια·

2563 3223 2805 3293 ἁμαρτία
2846 3221 3101 3292 τραῦμα,
3141 3222 3396 3291 μετάνοια
3441 3218 3748 3288 φάρμακον.
3786 3217 3996 3286 Ὠσπερ
4030 3214 4144 3286 7&9
4176 3219 4236 3267 ἐν

2563 3307 2640 3378 τῷ
2676 3307 2888 3377 σώματι
2923 3307 3211 3378 τραύματα
3263 3306 3356 3358 καὶ
3395 3304 3694 3373 φάρμακα·
3744 3301 3887 3353 οὕτω
3944 3300 4039 3353 καὶ
4064 3302 4124 3353 ἐν
4164 3304 4230 3369 τῇ

2562 3392 2703 3461 ψυχῇ
2747 3394 3118 3463 ἁμαρτήματα
3147 3392 3240 3443 καί⁵
3273 3388 3561 3459 μετάνοια·
3611 3387 3727 3440 ἀλλ’
3773 3387 4081 3455 ἡάμαρτία
4132 3386 4233 3455 τὴν

2562 3479 2821 3549 αἰσχύνην
2859 3478 2993 3548 ἔχει,
3026 3480 3058 3549 ἡ
3094 3478 3151 3530 δέ
3172 3477 3429 3547 μετάνοια
3458 3475 3555 3529 τὴν
3590 3473 3899 3545 παρρησίαν
3938 3473 4230 3540 κέκτηται.

2562 3566 2801 3636 Πρόσεχέ
2833 3583 2922 3635 μοι
2959 3564 3095 3634 μετά
3115 3562 3419 3633 ἀκριϐείας,
3448 3558 3769 3630 παρακαλῶ,
3794 3559 3879 3611 ἴνα
3904 3558 3978 3626 μὴ
4004 3558 4106 3627 τὴν
4137 3558 4233 3608 τά-

2561 3650 2642 3716 ξιν
2677 3651 2921 3719 συγχέων
2948 3648 3218 3718 ἀπολέσῃς
3252 3646 3348 3716 τὴν
3380 3645 3645 3713 ὠφέλειαν
3700 3644 3853 3696 Ἔστι
3883 3639 4108 3712 τραῦμα
4135 3642 4233 3693 καὶ

2561 3738 2868 3807 φάρμακον.
2888 3735 3130 3803 ἁμαρτία
3160 3734 3251 3786 καὶ
3268 3732 3521 3802 μετάνοια
3542 3747 3555 3761 ·
3577 3731 3637 3782 τὸ
3656 3729 3878 3800 τραῦμα
3900 3730 3933 3798 ἡ
3956 3728 4228 3796 ἁμαρτία,

2558 3823 2619 3874 τὸ
2644 3823 2932 3891 φάρμακον
2959 3822 2991 3890 ἡ
3022 3820 3303 3889 μετάνοια·
3339 3819 3395 3871 ἐν
3431 3816 3507 3885 τῷ
3536 3816 3806 3885 τραύματι
3836 3811 4084 3883 σηπεδὼν
4105 3850 4121 3873 ,
4170 3813 4229 3863 ἐν

2558 3906 2636 3976 τῷ
2666 3908 2942 3976 φαρμάκῳ
2974 3905 3311 3974 καθαρισμὸς
3337 3902 3655 3973 σηπεδόνος·
3678 3904 3736 3953 ἐν
3758 3903 3824 3969 τῇ
3855 3897 4102 3967 ἁμαρτίᾳ
4130 3913 4231 3965 ση-

2562 3992 2758 4055 πεδὼν,
2791 3994 2848 4043 ἐν
2890 3995 2953 4063 τῇ
2982 3992 3222 4061 ἁμαρτίᾳ
3248 3991 3469 4052 ὄνειδος,
3492 3991 3548 4041 ἐν
3570 3991 3635 4058 τῇ
3659 3986 3901 4056 ἁμαρτίᾳ
3923 3984 4129 4050 γέλως·
4168 3986 4226 4035 ἐν

2558 4083 2623 4149 τῇ
2655 4079 2911 4147 μετανοίᾳ
2944 4079 3244 4149 παρρησία,
3277 4079 3333 4129 ἐν
3367 4078 3431 4146 τῇ
3459 4075 3715 4145 μετανοίᾳ
3734 4069 4035 4139 ἐλευθερία,
4072 4071 4132 4121 ἐν
4153 4072 4219 4139 τῇ

2561 4167 2816 4236 μετανοίᾳ
2840 4164 3177 4237 καθαρισμδς
3203 4164 3416 4233 ἁμαρτὴ
3426 4180 3610 4233 ματος.
3631 4161 3867 4231 Πρόσεχε
3898 4156 4035 4225 μετά
4058 4156 4222 4225 ἀκρι-

2557 4252 2727 4316 ϐείας.
2759 4253 2836 4323 Τῇ
2870 4252 3113 4322 ἁμαρτίᾳ
3132 4249 3358 4318 αἰσχύνη
3391 4250 3601 4310 ἐπεται,
3633 4249 3697 4316 τῇ
3728 4242 3982 4314 μετανοίᾳ
4004 4244 4224 4311 παρρη-

2558 4339 2647 4391 σία
2678 4340 2976 4393 ἀκολουθεῖ.
3000 4337 3305 4407 Προσέσχες
3334 4329 3378 4402 ᾧ
3410 4335 3551 4403 λέγω
3572 4351 3585 4398 ;
3613 4334 3723 4403 Τὴν
3747 4329 3899 4392 τάξιν
3922 4330 3951 4380 ό
3973 4329 4221 4391 Σατανᾶς

2553 4426 2904 4495 ἀντέστρεφε,
2928 4424 3021 4476 καὶ
3049 4422 3213 4475 ἔδωκε
3241 4423 3338 4494 τὴν
3368 4421 3676 4491 παρρησίαν
3715 4419 3780 4485 τῇ
3809 4414 4074 4484 ἁμαρτίᾳ,
4127 4418 4223 4469 καὶ

2554 4512 2651 4579 τὴν
2684 4510 2941 4578 αἰσχύνην
2963 4512 3029 4577 τῇ
3055 4508 3327 4579 μετανοίᾳ.
3352 4508 3466 4561 Οὐκ
3492 4506 3795 4573 ἀφίσταμαι
3821 4500 3923 4560 ἕως
3952 4500 4217 4569 ἑσπέρας,

2556 4596 2659 4657 ἓως
2688 4588 2747 4646 οῦ
2778 4595 2909 4647 αὐτὸ
2956 4594 3131 4647 λύσω·
3167 4596 3246 4648 δεῖ
3276 4613 3343 4665 με
3392 4594 3488 4663 τὴν
3542 4590 3831 4656 ὑπόσχεσιν
3890 4585 4215 4656 πληρῶσαι·

2556 4682 2836 4751 ἀμήχανόν
2867 4697 2934 4751 με
2963 4681 3279 4750 ἀποστῆναι.
3326 4682 3480 4734 Ἐστι
3511 4674 3731 4747 τραῦμα
3769 4671 3863 4725 καὶ
3887 4672 4181 4742 φάρμακον
4200 4694 4216 4710 ο

2552 4766 2616 4819 τὸ
2667 4765 2884 4836 τραῦμα
2959 4766 3057 4837 τὴν
3113 4768 3383 4837 σηπεδόνα
3440 4764 3583 4833 ἔχει,
3657 4760 3715 4811 τὸ
3782 4760 4070 4830 φαρμάκον
4119 4752 4216 4808 τὸν

2554 4852 2893 4923 καθαρισμὸν
2946 4854 3043 4923 τῆς
3100 4854 3391 4924 σηπεδόνος
3435 4851 3711 4915 κέκτηται.
3766 4846 3855 4915 Μὴ
3882 4848 3940 4899 ἐν
3960 4846 4040 4917 τῷ
4062 4846 4215 4920 [545]

2555 4940 2831 5009 φαρμάκῳ
2862 4940 3139 5009 σηπεδών;
3172 4941 3246 5010 μὴ
3271 4942 3329 4992 ἐν
3362 4935 3441 5005 τῷ
3467 4932 3737 5003 τραύματι
3776 4934 3914 4997 ίασις
3937 4952 3951 4999 ;
3975 4935 4077 4987 οὐκ
4101 4935 4216 5003 ἔχει

2556 5024 2722 5078 ταῦτα
2748 5026 2847 5096 τὴν
2866 5028 3064 5081 οἰκείαν
3100 5027 3272 5091 τάξιν,
3306 5024 3531 5075 κάκεῖνα
3552 5020 3648 5086 τὴν
3680 5020 3909 5085 οίκείανς
3949 5021 4024 5091 μὴ
4050 5021 4213 5073 δύνα-

2552 5130 2642 5165 ται
2671 5114 2963 5184 μεταϐῆναι
2993 5114 3151 5167 τοῦτο
3187 5112 3321 5183 πρὸς
3354 5110 3549 5171 ἐκεῖνο,
3577 5106 3609 5175 ἦ
3649 5109 3819 5160 ἐκεῖνο
3848 5109 3982 5179 πρὸς
4017 5107 4209 5171 τοῦτο;

2553 5201 2833 5273 Οὐδαμῶς.
2875 5204 3155 5272 Ἐλθωμεν
3183 5198 3369 5253 λοιπὸν
3389 5196 3482 5249 ἐπὶ
3507 5192 3534 5232 δ
3557 5196 3655 5267 τῆς
3684 5196 3859 5268 ψυχῆς
3894 5198 4002 5250 τῶν
4029 5198 4212 5265 ἀμαρ-

2551 5307 2615 5359 τη
2625 5289 2827 5358 μάτων.
2866 5291 2927 5344 Ἦ
2955 5290 3197 5361 ἁμαρτία
3224 5287 3320 5355 τὴν
3346 5283 3605 5354 αἰσχύνην
3630 5284 3741 5355 ἔχει
3764 5326 3779 5351 ,
3808 5289 3840 5356 ἡ
3878 5283 4120 5354 ἁμαρτία
4149 5283 4211 5334 τὸ

2551 5375 2747 5439 ὄνειδος
2778 5377 2909 5445 ἔχει,
2947 5378 3039 5429 καὶ
3069 5375 3167 5443 τὴν
3198 5372 3421 5440 ἀτιμίαν
3454 5371 3983 5443 συγκεκληρωμένην
4004 5385 4015 5396 ·
4053 5370 4085 5435 ἡ
4114 5385 4210 5435 με-

2549 5463 2735 5517 τάνοια
2787 5465 2885 5533 τὴν
2920 5461 3229 5533 παρρησίαν
3258 5458 3454 5529 ἐχει,ἡ
3504 5460 3757 5529 μετάνοια
3808 5459 3906 5529 τὴν
3952 5455 4212 5523 νηστείαν

2614 5623 2635 5674 9
2661 5612 2812 5661 Savil.
2856 5618 2908 5660 et
2931 5612 3052 5674 Reg.
3077 5610 3178 5658 ἀλλ’
3202 5610 3340 5667 ἐστης
3374 5610 3523 5674 μέχρι.

2613 5673 2632 5711 ί
2659 5674 2807 5723 Savil.
2830 5676 2861 5729 ἡ
2880 5672 3087 5734 πορνεία.

2610 5737 2634 5799 β
2655 5737 2737 5799 Sic
2764 5724 2873 5783 δαν.
2895 5724 3070 5799 Μὸτθι.
3094 5733 3273 5799 {Ecquas
3298 5733 3407 5795 μίαν
3427 5735 3624 5796 ἡμέραν,
3644 5731 3759 5799 πρὸς
3781 5725 3894 5799 μίαχ

2599 5795 2636 5841 'h
2661 5795 2840 5844 Locum
2864 5792 3083 5842 vitiatum
3110 5787 3598 5859 Boisius'conjéémra
3616 5787 3803 5839 ἐπείτε
3830 5787 4017 5835 nimut.
