4406 6684
341 436 444 489 357

342 552 454 602 exit
482 544 633 609 uvis;
676 544 947 616 ingressus
978 556 1200 612 serpens
1229 580 1242 601 ,
1272 534 1547 605 egreditur
1586 546 1788 601 agnus;
1821 546 1924 585 non

346 645 548 691 mutata
578 646 763 692 natura
793 679 809 704 ,
841 636 932 691 sed
961 633 1177 701 explosa
1226 625 1481 693 nequitia.
1524 622 1649 678 Ideo
1690 622 1927 692 frequen-

346 736 457 780 tem
481 726 548 781 de
576 728 890 797 ptenitcntia
921 736 1111 778 moveo
1151 732 1479 772 sermonem.
1521 715 1609 770 Est
1639 714 1779 770 enim
1826 728 1929 780 pa:-

346 816 568 872 nitentia
594 861 610 885 ,
643 819 864 873 molesta
909 824 962 867 et
1014 807 1364 863 formidabilis
1396 807 1654 876 peccatori
1676 847 1691 869 ,
1725 804 1927 857 medela

345 908 683 974 delictorum,
714 901 1047 969 consumptio
1078 898 1431 968 iniquitatum,
1457 896 1643 951 cﬁ‘usio
1669 895 1930 965 lacryma—

352 1016 469 1053 rum
500 1042 517 1067 ,
546 1000 734 1055 ﬁducia
765 993 902 1065 apud
936 993 1118 1055 Deum,
1138 997 1403 1044 armatura
1430 999 1612 1044 contra
1638 984 1927 1047 diabolum,

347 1090 555 1158 gladius
579 1090 693 1158 ejus
715 1093 871 1153 caput
895 1081 1214 1138 abscindens
1243 1122 1258 1148 ,
1290 1097 1412 1151 spes
1437 1079 1623 1135 salutis
1644 1119 1658 1142 ,
1680 1077 1932 1146 despera-

348 1181 508 1235 tionis
533 1174 875 1249 proﬁigatio‘.
914 1173 1039 1227 Herc
1065 1171 1251 1227 caelum
1277 1172 1467 1242 aperit,
1490 1170 1607 1223 hac
1627 1169 1680 1222 in
1712 1164 1924 1237 paradi-

348 1285 467 1324 sum
517 1265 822 1330 introducit,
867 1262 984 1317 hazc
1007 1263 1271 1318 diabolum
1299 1270 1516 1331 superat
1540 1259 1559 1331 (
1582 1258 1806 1328 ideoque
1833 1256 1931 1309 hac

351 1361 415 1415 tle
448 1375 506 1413 re
536 1357 839 1425 frequenter
880 1368 1178 1409 sermonem
1226 1351 1456 1423 moveo)
1491 1368 1503 1404 :
1535 1366 1654 1403 nam
1684 1346 1927 1402 ﬁduciam

354 1449 551 1506 inducit
571 1448 745 1517 ipsum
776 1461 933 1517 posse
961 1446 1245 1516 prosterni.
1295 1446 1549 1499 Peccator
1591 1441 1688 1496 es?
1726 1454 1793 1493 ne
1836 1437 1932 1492 de-

347 1552 531 1607 speres
564 1554 576 1590 :
608 1552 714 1591 non
742 1536 929 1591 desino
969 1552 1062 1592 vos
1091 1535 1286 1607 jugiter
1337 1534 1484 1589 hisce
1531 1527 1930 1586 medicamentis

348 1629 573 1681 allinere
602 1644 616 1679 :
646 1627 841 1681 etenim
889 1628 1009 1682 novi
1037 1636 1287 1696 quantum
1317 1632 1502 1678 contra
1546 1618 1817 1673 diabolum
1864 1616 1932 1668 sit

350 1717 518 1771 telum
547 1731 652 1770 non
683 1715 992 1787 deSperare.
1018 1714 1073 1772 Si
1103 1716 1155 1770 in
1176 1712 1407 1785 peccatis
1430 1710 1525 1772 sis,
1556 1721 1623 1761 ne
1643 1706 1927 1774 desperes:

349 1806 468 1859 hac
491 1804 700 1860 dicendi
730 1807 931 1861 nullum
971 1805 1130 1860 ﬁnem
1167 1803 1302 1856 facio
1334 1817 1346 1852 :
1384 1798 1429 1851 si
1457 1796 1692 1866 quotidie
1720 1809 1929 1863 peccas,

348 1897 588 1967 quotidie
612 1898 974 1966 pmnitentiam
1005 1911 1135 1965 age:
1161 1902 1216 1948 et
1234 1889 1375 1961 quod
1403 1888 1454 1941 in
1479 1887 1700 1942 vetustis
1727 1884 1931 1940 sedibus

349 2002 513 2057 agere
538 1988 789 2051 solemus,
821 2002 942 2042 cum
982 1984 1309 2039 labefactata:
1358 1976 1592 2043 fuerint,
1635 1990 1753 2046 qua:
1789 1975 1931 2028 labe-

352 2076 546 2130 factata
589 2086 712 2130 sunt
733 2075 1024 2131 auferimus
1052 2114 1069 2139 ,
1098 2085 1163 2125 ac
1190 2084 1329 2124 nova
1356 2068 1720 2130 admovemus,
1764 2080 1933 2134 neque

353 2183 575 2238 usquam
604 2169 673 2223 ab
695 2168 906 2223 assidua
928 2180 1052 2220 cura
1082 2162 1425 2217 desistimus:
1454 2159 1557 2213 hoc
1580 2158 1738 2213 etiam
1766 2157 1821 2210 in
1838 2171 1935 2210 no-

356 2259 439 2313 bis
461 2259 711 2313 faciamus
735 2261 777 2313 ².
807 2258 863 2313 Si
891 2257 1215 2311 inveteratus
1244 2265 1303 2307 es
1349 2249 1507 2304 hodie
1534 2264 1563 2303 a
1595 2252 1832 2318 peccato,
1852 2260 1938 2300 re-

359 2364 495 2402 nova
522 2350 745 2419 teipsum
776 2363 873 2418 per
898 2343 1285 2414 ptenitentiam.
1317 2340 1555 2404 Licetne,
1588 2336 1813 2407 inquies,
1843 2351 1938 2405 per

357 2439 721 2507 paenitentiam
790 2438 1012 2492 salutem
1050 2432 1348 2501 consequi?
1386 2430 1549 2485 Plane
1578 2431 1719 2485 licet.
1748 2428 1933 2482 Totam

358 2532 521 2584 vitam
570 2533 621 2585 in
669 2530 900 2601 peccatis
926 2526 1174 2592 contrivi,
1203 2533 1256 2579 et
1281 2524 1325 2578 si
1355 2522 1715 2591 paenitentiam
1743 2533 1902 2589 egero
1922 2559 1935 2583 ,

359 2622 538 2675 salvus
564 2622 698 2675 cro?
744 2621 968 2675 Prorsus
1011 2617 1140 2674 eris.
1176 2616 1234 2671 ld
1281 2615 1416 2669 unde
1466 2612 1667 2684 liquet?
1696 2611 1778 2666 Ab
1826 2611 1939 2680 ipsa

363 2713 572 2767 Domini
601 2713 675 2767 tui
720 2727 841 2782 erga
870 2710 1111 2764 homines
1142 2707 1481 2778 benignitate.
1523 2703 1660 2760 Num
1712 2718 1775 2756 ex
1822 2716 1941 2772 pte-

366 2805 586 2859 nitentia
637 2813 724 2858 tua
754 2817 909 2857 sumo
939 2799 1215 2855 ﬁduciam?
1244 2814 1366 2852 num
1396 2794 1703 2867 poenitentia
1734 2803 1820 2847 tua
1850 2807 1946 2862 po-

365 2905 468 2950 test
498 2904 574 2948 tot
594 2894 899 2964 abstergerc
927 2891 1103 2946 mala?
1124 2891 1263 2945 Sane
1301 2889 1345 2942 si
1370 2887 1675 2958 ptenitentia
1715 2883 1824 2938 sola
1853 2896 1941 2937 cs-

364 2993 463 3046 sct,
486 2984 605 3052 jure
627 2984 841 3036 timeres
865 2998 879 3047 ;
911 2981 1003 3036 sed
1032 2979 1243 3050 quando
1268 2978 1598 3049 ptenitentize
1642 2984 1743 3029 tum
1770 2974 1943 3028 admi-

366 3086 547 3127 scetnr
574 3074 664 3128 Dei
705 3072 986 3127 clementia
1013 3111 1028 3138 ,
1065 3070 1294 3125 conﬁde.
1328 3068 1422 3123 Dei
1462 3068 1606 3122 enim
1647 3064 1946 3120 clementiae

368 3164 510 3217 nulla
536 3175 619 3218 est
646 3177 913 3225 mensura,
959 3174 1133 3229 neque
1172 3159 1286 3229 ejus
1322 3155 1531 3214 bonitas
1560 3155 1808 3224 explicari
1836 3168 1951 3207 ser-

367 3271 525 3311 tuonc
554 3263 743 3325 potest.
772 3254 902 3307 Nam
943 3252 1138 3307 malitia
1163 3250 1376 3320 quidem
1408 3258 1492 3302 tua
1525 3243 1943 3302 mensuramha-

371 3348 482 3412 her,
512 3345 803 3400 remedium
833 3358 961 3399 vero
990 3357 1289 3398 mensuram
1340 3355 1444 3394 non
1491 3339 1691 3404 habet;
1744 3336 1940 3392 malitia

372 3449 481 3502 tua,
508 3438 911 3508 qualiscumque
955 3435 1052 3498 sit,
1082 3434 1308 3487 humana
1333 3441 1415 3487 cst
1441 3431 1676 3495 malitia;
1708 3429 1799 3484 Dei
1826 3442 1953 3483 vero

370 3531 649 3585 clementia
691 3537 775 3582 est
815 3525 1151 3581 immensa':
1203 3523 1414 3579 conﬁde
1463 3523 1578 3577 fore
1615 3531 1675 3576 ut
1714 3536 1777 3576 ea
1808 3530 1953 3575 tuam

372 3624 549 3675 vincat
595 3620 869 3674 malitiam.
906 3617 1090 3688 Cogita
1140 3616 1269 3671 mihi
1310 3616 1595 3670 scintillam
1633 3615 1685 3669 in
1739 3614 1956 3683 pelagus

372 3712 650 3765 cadentem
698 3726 712 3762 :
774 3724 899 3761 num
952 3716 1125 3777 potest
1164 3708 1250 3761 illa
1302 3716 1480 3769 stare,
1528 3714 1618 3757 aut
1660 3701 1956 3771 apparere?

373 3805 584 3867 Quanta
608 3809 688 3854 cst
713 3799 943 3854 scintilla
965 3813 1084 3852 cum
1115 3799 1299 3865 pelago
1332 3795 1542 3857 collata,
1573 3800 1713 3846 tanta
1736 3799 1819 3846 est
1838 3805 1955 3844 ma-

377 3894 490 3947 litia
516 3933 532 3956 ,
565 3894 608 3945 si
637 3906 759 3945 cum
800 3889 1121 3959 benignitate
1149 3888 1242 3943 Dei
1281 3893 1653 3955 comparetur;
1694 3884 1802 3937 imo
1827 3898 1958 3939 vero

377 4000 485 4039 non
516 3992 682 4047 tanta,
711 3981 806 4037 sed
852 3981 1025 4035 multo
1053 3979 1227 4049 major
1261 3977 1560 4046 benignitas
1588 3975 1695 4029 illa.
1737 3975 1960 4045 Pelagus

379 4075 544 4139 enim,
576 4089 829 4143 magnum
850 4072 978 4126 licet
1002 4072 1091 4136 sit,
1117 4084 1420 4124 mensuram
1447 4068 1641 4133 habet,
1666 4066 1963 4135 benignitas

380 4179 511 4218 vero
544 4163 635 4218 Dei
654 4162 859 4217 nullum
887 4160 1045 4215 habet
1072 4161 1379 4215 terminum.

461 4252 593 4305 Vitia
621 4251 870 4322 paulatim
885 4251 1227 4304 cradicantur.
1252 4278 1323 4289 —
1344 4248 1468 4302 [hec
1489 4246 1631 4310 dico,
1661 4260 1765 4301 non
1788 4255 1847 4300 ut
1872 4260 1967 4299 vos

382 4344 654 4413 segniores
693 4341 933 4407 reddam,
974 4342 1067 4395 sed
1099 4349 1156 4394 ut
1193 4340 1556 4408 diligentiores
1584 4336 1831 4391 efﬁciam.
1858 4335 1966 4389 Vos

381 4451 526 4504 stepe
548 4434 726 4488 monui
756 4449 822 4487 ne
848 4433 899 4487 in
929 4434 1130 4486 theatra
1171 4430 1550 4484 ascenderetis.
1604 4428 1833 4493 Audisti,
1868 4443 1966 4481 nec

384 4540 587 4581 morem
608 4524 817 4595 gessisti
851 4524 937 4577 :in
963 4522 1224 4577 theatrum
1256 4519 1562 4583 ascendisti,
1588 4518 1820 4573 sermoni
1846 4532 1966 4571 meo

386 4635 491 4674 non
532 4616 909 4687 obtemperasti
956 4629 1068 4668 :ne
1118 4622 1170 4667 te
1215 4611 1409 4679 pudeat
1447 4623 1632 4664 rursus
1656 4608 1883 4679 ingredi,
1914 4617 1969 4662 et

386 4710 591 4765 audire.
619 4707 831 4773 Audivi,
864 4720 960 4759 nec
997 4702 1297 4763 observavi,
1338 4698 1606 4769 quomodo
1642 4712 1859 4768 possum
1889 4698 1972 4751 in-

389 4802 580 4874 gredi?
603 4801 816 4856 Interim
847 4800 946 4852 hoc
974 4797 1144 4865 ipsum
1175 4792 1309 4846 nosti
1337 4831 1352 4857 ,
1386 4800 1435 4846 te
1462 4806 1568 4845 non
1605 4790 1921 4845 observasse
1952 4806 1967 4843 :

392 4893 601 4947 interim
635 4902 685 4948 te
714 4890 893 4961 pudet,
938 4886 1147 4941 interim
1178 4881 1482 4947 erubescis;
1516 4880 1729 4936 interim
1758 4881 1973 4935 nemine

390 4992 646 5052 arguente
713 4982 920 5037 frenum
967 4974 1317 5039 circumfers;
1394 4973 1604 5028 interim
1668 4987 1971 5029 sermonem

394 5089 570 5128 meum
611 5074 901 5128 radicatum
938 5064 1177 5132 habes‘,
1218 5078 1390 5132 neque
1427 5079 1530 5117 non
1577 5072 1843 5134 przesente
1873 5063 1972 5116 do-

394 5166 564 5221 ctrina
595 5179 711 5219 mea
740 5174 793 5219 te
815 5162 1076 5234 puriﬁcat.
1107 5157 1224 5212 Non
1256 5154 1575 5217 observasti,
1605 5153 1971 5209 eondemnasti

397 5254 489 5308 te?
512 5268 576 5306 ex
604 5252 821 5306 dimidia
866 5261 1015 5322 parte
1040 5243 1351 5310 observasti,
1398 5242 1606 5297 etiamsi
1634 5258 1739 5296 non
1785 5242 1974 5298 obser-

397 5345 623 5407 vaveris,
650 5343 743 5398 sed
770 5342 971 5399 dixeris
996 5348 1220 5404 tantum,
1249 5351 1355 5391 non
1380 5333 1695 5390 observavi:
1726 5349 1849 5388 nam
1885 5333 1975 5404 qui

462 5502 482 5536 ί
498 5500 589 5572 ,ξὶο
607 5497 748 5572 §avtl.
794 5496 971 5547 melius
1000 5509 1146 5561 quam
1161 5493 1328 5547 Morel.
1348 5531 1363 5554 ,
1385 5492 1469 5557 qui
1508 5490 1649 5555 legit,
1694 5490 1979 5556 ignorantia:

396 5565 1045 5690 ν’ῗπῖδῖῗὲὺφροείροηεω
1066 5617 1247 5690 aedem
1267 5616 1407 5690 savtl-
1423 5623 1475 5690 «ξς
1495 5626 1669 5690 υοψ
1693 5614 1883 5690 sentio.

465 5688 487 5719 ³
520 5677 931 5747 tteg..'clententia
951 5693 1061 5747 vero
1097 5680 1192 5747 pet
1214 5688 1299 5731 est.
1348 5679 1508 5740 saviL,
1549 5677 1801 5730 clementia
1822 5686 1981 5731 mttem

411 5740 890 5800 nemini-mensuram
910 5755 1002 5792 non
1023 5740 1182 5791 habet.

474 5813 495 5841 ⁸
530 5811 734 5864 savilius
757 5804 907 5869 addit,
921 5805 970 5856 in
992 5808 1145 5853 mente
1167 5810 1267 5853 tua.

1444 422 1531 475 DE
1582 416 2045 474 PCENITE’STIA.
2088 415 2313 471 llUMIl..
2358 415 2490 470 Vill.

3509 404 3610 459 558

2031 530 2263 596 seipsum
2291 529 2606 583 condemnat
2631 541 2698 581 eo
2723 522 2860 595 quod
2888 537 2990 577 non
3018 518 3418 582 observaverit,
3453 534 3516 574 co
3540 518 3616 573 fe-

2030 624 2196 675 stinat
2226 628 2282 671 ut
2310 621 2580 678 observet.
2615 620 2957 693 llcspcxisti?
3004 618 3331 688 iniquitatem
3363 627 3614 684 operatus

2033 710 2126 764 es?
2165 713 2460 766 meretricis
2504 714 2743 782 captivus
2787 711 3009 766 cﬁ'ectus
3061 710 3154 763 es?
3180 704 3507 761 descendisti
3548 705 3615 760 de

2036 801 2260 863 theatro,
2290 811 2339 857 et
2363 804 2554 857 iterum
2584 803 2893 857 recordatus
2919 801 3119 871 pudore
3148 798 3370 854 aﬁ'ectus
3396 796 3501 851 es?
3532 810 3618 849 ac-

2032 892 2182 947 cede.
2215 893 2439 950 Mterorc
2464 895 2683 950 affectus
2708 895 2802 949 es?
2821 894 3057 949 Ohsecra
3090 893 3253 947 Deum
3285 908 3299 944 :
3327 891 3607 958 hucusque

2034 987 2391 1041 resurrexisti.
2425 987 2517 1041 Va:
2539 988 2689 1053 mihi,
2720 986 2897 1040 audivi
2922 995 2976 1040 et
3002 1002 3106 1039 non
3138 983 3415 1038 observavi
3439 1025 3457 1047 ,
3485 998 3617 1053 quo-

2033 1074 2196 1129 modo
2242 1076 2293 1129 in
2337 1076 2618 1131 ecclesiam
2669 1076 2971 1146 ingrediar?
3007 1075 3273 1144 quomodo
3317 1088 3502 1130 rursus
3529 1090 3619 1127 au-

2034 1166 2217 1220 diam?
2243 1166 2353 1221 lmo
2375 1167 2674 1237 ingredere,
2703 1167 2825 1237 quia
2856 1181 2961 1221 non
2992 1165 3311 1229 observasti,
3337 1174 3393 1218 ut
3435 1179 3624 1219 rursus

2032 1259 2288 1327 audiens,
2336 1259 2608 1315 observes.
2659 1259 3101 1315 Medicamentum
3154 1256 3199 1312 si
3248 1256 3339 1310 tibi
3387 1255 3624 1310 medicus

2034 1351 2293 1420 imponat,
2318 1366 2417 1405 nec
2446 1361 2496 1406 te
2522 1352 2810 1416 curaverit,
2844 1365 3021 1404 annon
3049 1347 3348 1419 insequenti
3386 1346 3475 1401 die
3501 1362 3619 1400 rur-

2032 1455 2123 1494 sus
2143 1441 2407 1510 apponet?
2434 1441 2488 1495 Si
2516 1441 2634 1509 quis
2660 1441 2915 1509 lignarius
2961 1454 3215 1508 quercum
3242 1438 3363 1493 velit
3394 1436 3622 1500 cmderc,

2033 1530 2262 1584 securim
2290 1531 2495 1600 arripit,
2523 1530 2709 1585 incidit
2735 1530 2968 1585 radicem
2995 1547 3007 1581 :
3050 1530 3095 1584 si
3127 1544 3233 1583 uno
3260 1530 3368 1584 ictu
3396 1527 3622 1598 infrugi-

2036 1624 2146 1677 fera
2172 1620 2331 1674 arbor
2361 1636 2466 1675 non
2504 1620 2790 1688 deciderit,
2817 1635 2996 1675 annon
3023 1620 3169 1674 addit
3198 1620 3402 1674 alium?
3446 1634 3625 1676 annon

2033 1718 2279 1778 quartum
2297 1720 2349 1766 et
2375 1712 2650 1782 quintum?
2671 1726 2847 1766 annon
2859 1710 3163 1765 decimum?
3187 1710 3275 1765 Sic
3290 1718 3343 1765 et
3365 1717 3419 1764 tu
3446 1708 3621 1766 facito.

2034 1803 2271 1866 Quercus
2327 1810 2409 1855 est
2446 1803 2695 1856 meretrix
2748 1802 2789 1867 ί,
2843 1802 3004 1856 arbor
3060 1799 3365 1870 infrugifera
3401 1842 3415 1865 ,
3471 1802 3626 1872 glan-

2033 1891 2128 1947 des
2178 1893 2458 1962 proferens
2513 1894 2564 1947 in
2596 1893 2903 1946 alimoniam
2956 1906 3236 1962 porcorum
3287 1893 3628 1947 irrationabi-

2036 1982 2165 2038 linm
2192 2003 2205 2038 :
2228 1986 2395 2039 multo
2417 1994 2660 2054 tempore
2682 1984 2887 2039 radices
2916 1984 3091 2054 posuit
3122 1984 3172 2038 in
3208 1985 3388 2038 animo
3419 1993 3530 2050 tuo,
3577 1985 3628 2038 iu

2036 2076 2286 2130 arborum
2334 2077 2565 2131 ambitus
2592 2078 2970 2132 conscientiam
3017 2086 3161 2132 tuam
3190 2076 3384 2146 dcjecit
3410 2095 3422 2131 :
3452 2092 3631 2132 sermo

2038 2183 2188 2223 meus
2227 2170 2430 2224 securis
2466 2179 2566 2225 est.
2608 2169 2816 2225 Audisti
2842 2170 2927 2225 die
2948 2185 3072 2225 uno.
3096 2169 3380 2239 Quomodo
3398 2170 3484 2224 die
3513 2186 3623 2223 uno

2038 2259 2228 2314 cadat’
2255 2269 2402 2315 tanto
2426 2261 2657 2316 radicata
2685 2263 2964 2331 tempore?
2997 2262 3051 2318 Si
3095 2260 3236 2316 enim
3284 2261 3401 2325 bis,
3445 2261 3630 2321 sitter,

2039 2351 2084 2405 si
2106 2352 2307 2406 centies
2337 2394 2351 2417 ,
2381 2354 2423 2407 si
2453 2352 2635 2408 decies
2681 2353 2908 2421 millies,
2942 2352 3073 2407 nihil
3108 2350 3349 2407 mirabile
3371 2350 3548 2416 fuerit,
3576 2362 3634 2405 ut

2040 2460 2126 2499 res
2157 2444 2294 2499 mala
2341 2454 2394 2499 et
2424 2446 2573 2499 ﬁrma
2601 2486 2616 2509 ,
2645 2460 2804 2514 prava
2845 2443 3175 2500 consuetudo
3206 2484 3220 2505 ,
3267 2442 3629 2497 exscindatur.

2042 2538 2230 2592 Manna
2270 2538 2617 2593 comedebant
2656 2537 2849 2601 Judrei,
2895 2547 2950 2592 ct
2986 2551 3144 2606 cepas
3170 2535 3445 2607 Egyptias
3468 2536 3635 2604 requi-

2044 2633 2268 2683 rebant:
2300 2629 2434 2684 Bene
2455 2630 2595 2683 nobis
2615 2639 2722 2683 erat
2742 2630 2795 2682 in
2819 2629 3048 2700 Aigyplo
3080 2626 3264 2698 (Num.
3297 2624 3491 2697 11.18)
3519 2644 3532 2680 :
3557 2627 3630 2680 ita

2047 2723 2217 2791 turpis
2231 2722 2568 2791 pessimaque
2586 2736 2672 2776 res
2693 2730 2778 2776 est
2807 2720 3156 2776 consuetudo.
3190 2719 3303 2776 Etsi
3335 2734 3430 2788 per
3454 2718 3636 2773 decem

2046 2812 2160 2866 dies
2186 2822 2329 2867 recte
2354 2812 2526 2883 egeris
2547 2854 2561 2878 ,
2589 2814 2632 2868 si
2666 2829 2757 2882 per
2774 2812 2975 2883 viginti,
3003 2812 3043 2866 si
3072 2826 3166 2882 per
3192 2810 3422 2881 triginta,
3453 2826 3558 2865 non
3589 2819 3640 2865 te

2047 2904 2304 2971 approbo,
2335 2919 2439 2957 non
2470 2903 2563 2958 tibi
2588 2905 2809 2973 gratiam
2845 2904 3036 2967 habeo,
3090 2918 3201 2957 non
3232 2912 3281 2958 te
3300 2902 3593 2972 amplector
3622 2919 3636 2954 :

2050 3000 2255 3058 tantum
2303 3008 2371 3047 ne
2394 2992 2629 3057 deﬁcias,
2660 2991 2754 3048 sed
2786 3001 2835 3047 te
2858 2992 3070 3062 pudeat,
3102 2991 3328 3061 teipsum
3357 3004 3637 3060 eoarguas.

2122 3083 2178 3137 2.
2204 3085 2432 3139 Rursum
2454 3085 2522 3140 de
2553 3086 2775 3140 caritate
2810 3085 3072 3141 disserui:
3101 3084 3330 3149 audisti,
3354 3083 3553 3150 abiisti,
3582 3093 3637 3136 et

2053 3174 2315 3244 rapuisti?
2353 3177 2604 3246 operibus
2639 3176 2860 3230 verbum
2920 3191 3026 3230 non
3077 3172 3398 3230 exhibuisti?
3447 3173 3525 3228 Ne
3569 3181 3642 3226 ta-

2055 3286 2175 3327 men
2216 3282 2267 3325 te
2296 3269 2493 3339 pudeat
2523 3285 2735 3324 rursum
2786 3267 2990 3338 ingredi
3033 3267 3083 3320 in
3110 3266 3389 3321 ecclesiam
3426 3272 3517 3318 :tc
3542 3278 3640 3333 pu~

2054 3364 2177 3418 deat
2200 3360 2425 3432 peccati,
2451 3375 2554 3413 non
2586 3368 2637 3414 te
2666 3357 2858 3428 pudeat
2888 3357 3232 3427 ptenitentize.
3260 3353 3488 3409 Attende
3513 3352 3664 3422 quid-

2058 3452 2151 3507 tibi
2170 3451 2353 3506 fecerit
2376 3449 2639 3504 diabolus.
2677 3448 2789 3501 Duo
2816 3456 2939 3501 sunt
2968 3447 3101 3512 hzee,
3135 3456 3411 3514 peccatum
3442 3453 3495 3499 et
3527 3457 3644 3513 pte-

2060 3542 2323 3598 nitentia:
2358 3547 2634 3610 peccatum
2660 3546 2740 3592 est
2765 3538 2979 3596 vulnus.
3021 3535 3333 3605 ptenitcntia
3369 3548 3503 3589 vero
3524 3548 3641 3586 me-

2059 3635 2197 3691 dela.
2228 3629 2684 3701 Quemadmodum
2735 3629 2876 3684 enim
2921 3628 2974 3681 in
3002 3641 3227 3695 corpore
3271 3634 3395 3679 sunt
3423 3622 3648 3678 mulelze

2060 3734 2113 3780 et
2137 3724 2356 3779 vulnera
2403 3723 2521 3775 :sic
2544 3730 2598 3775 et
2626 3722 2674 3773 iu
2716 3719 2891 3773 anima
2944 3725 3161 3787 peccata
3192 3723 3248 3770 et
3296 3713 3647 3785 pmuitentia;

2061 3816 2154 3870 sed
2189 3822 2461 3883 peccatum
2492 3810 2746 3880 pudorem
2779 3808 2958 3871 habet,
3007 3806 3318 3877 paenitentia
3361 3818 3491 3859 vero
3510 3802 3648 3859 ﬁdu-

2064 3907 2200 3961 ciam
2230 3904 2452 3959 obtinet.
2480 3900 2727 3963 Attende,
2751 3913 2953 3970 quzeso,
2987 3899 3115 3952 mihi
3135 3897 3440 3966 diligenter,
3469 3910 3538 3950 ne
3558 3910 3648 3949 or-

2067 3999 2246 4053 dinem
2296 3993 2630 4050 confundens
2669 3991 2951 4046 utilitatem
3002 3987 3213 4059 perdas.
3245 3988 3340 4041 Est
3375 3985 3567 4039 vulnus
3594 3994 3651 4039 et

2068 4086 2384 4150 remedium,
2417 4092 2689 4152 peccatum
2707 4090 2761 4136 et
2782 4080 3130 4151 pteuitentia:
3160 4077 3348 4131 vulnus
3365 4085 3446 4131 est
3470 4089 3651 4144 pecca.

2074 4190 2207 4243 tum,
2235 4175 2527 4232 remedium
2560 4171 2867 4242 ptenitentia
2897 4188 2910 4223 :
2938 4171 2991 4224 in
3020 4168 3238 4222 vulnere
3268 4167 3465 4227 sanies,
3489 4166 3542 4218 in
3561 4179 3650 4218 re-

2070 4268 2247 4322 medio
2275 4262 2587 4333 expurgatio
2614 4260 2780 4315 saniei
2816 4278 2829 4313 :
2859 4260 2912 4313 in
2939 4266 3158 4327 peccato
3196 4256 3394 4318 sanies,
3442 4255 3495 4307 in
3524 4268 3651 4323 pec-

2072 4368 2190 4414 cato
2214 4355 2492 4426 probrum,
2516 4353 2569 4407 in
2595 4361 2817 4422 peccato
2835 4350 2976 4405 risus
3000 4366 3013 4403 :
3036 4348 3089 4403 in
3107 4346 3416 4417 paenitentia
3439 4343 3654 4410 ﬁducia,

2072 4450 2124 4503 in
2152 4446 2464 4518 panitentia
2486 4445 2724 4510 libertas,
2752 4444 2804 4497 in
2825 4440 3135 4513 ptenitentia
3166 4440 3410 4509 purgatio
3430 4436 3656 4506 peccati.

2073 4539 2304 4595 Attende
2357 4537 2658 4607 diligenter.
2702 4534 2983 4590 Peccatum
3032 4530 3239 4601 pudor,
3292 4526 3657 4598 paenitentiam

2076 4632 2267 4688 ﬁducia
2292 4632 2553 4701 sequitur.
2579 4625 3014 4683 Animadvertisti
3040 4623 3182 4693 quod
3211 4620 3378 4676 dico?
3403 4618 3683 4674 Ordinem.

2078 4724 2296 4780 invertit
2314 4732 2548 4786 satanas,
2570 4719 2820 4787 deditque
2851 4724 3067 4786 peccato
3093 4710 3468 4767 conﬁdentiam
3490 4749 3505 4773 ,
3538 4723 3655 4777 pm-

2079 4816 2315 4872 nitentia:
2349 4812 2625 4883 pudorem.
2668 4807 2781 4862 Non
2807 4806 3043 4860 desinam
3073 4816 3242 4871 usque
3268 4798 3333 4852 ad
3357 4811 3661 4867 vesperam,

2078 4907 2249 4963 donec
2274 4902 2403 4958 illud
2442 4902 2694 4956 solvero:
2740 4894 3056 4965 promissum
3106 4891 3355 4959 impleant
3402 4896 3659 4957 Oportet:

2082 5012 2187 5053 non
2216 5008 2429 5064 possum
2450 4990 2730 5045 absistere.
2764 4987 2863 5041 Est
2883 4986 3072 5039 vulnus
3096 4994 3149 5038 et
3174 4981 3470 5039 remedium
3503 4997 3517 5033 :
3551 4980 3663 5033 vul-

2083 5102 2183 5141 nus
2206 5084 2407 5140 saniem
2441 5082 2630 5146 habet,
2660 5076 2956 5134 remedium
2982 5074 3145 5130 saniei
3172 5072 3534 5143 purgationem
3563 5068 3661 5121 obs
3704 5064 3709 5077 “

2082 5175 2381 5234 tinet.Num
2406 5172 2709 5229 inremedio
2727 5170 2940 5226 sanies?
2960 5183 3083 5223 num
3100 5168 3151 5220 in
3175 5165 3390 5218 vulnere
3415 5160 3618 5215 medela
3640 5160 3653 5211 ε

2083 5285 2258 5327 annon
2289 5278 2341 5323 et
2367 5268 2481 5323 hzec
2505 5276 2559 5323 et
2598 5266 2686 5321 illa
2715 5263 2984 5335 proprium
3032 5265 3211 5314 tenent
3234 5252 3511 5309 ordinem?
3534 5267 3663 5306 num

2083 5372 2257 5435 potest
2285 5361 2387 5415 hoc
2413 5360 2478 5415 ad
2506 5358 2655 5423 illud,
2680 5354 2810 5411 illud
2834 5353 2899 5408 ad
2927 5353 3029 5406 hoc
3071 5341 3484 5402 transcendere?
3507 5341 3682 5398 Nullo.

2082 5455 2260 5511 modo.
2313 5452 2429 5509 Jam
2468 5446 2821 5507 veniamusad
2855 5444 3082 5497 animam
3124 5436 3355 5508 peccatis
3397 5442 3663 5490 onustam.

2086 5549 2368 5605 Peccatum
2398 5544 2671 5616 probrum,
2708 5545 2977 5611 peccatum
3009 5532 3264 5604 pudorem
3291 5525 3664 5600 ignominiam-

2087 5655 2189 5712 que
2214 5640 2437 5695 sortitur
2468 5655 2483 5691 :
2516 5630 2822 5704 ptenitentia
2869 5626 3117 5682 ﬁduciam
3144 5623 3324 5689 habet,
3356 5616 3664 5691 pmoitentia

2152 5735 2168 5765 ⁸
2206 5739 2256 5781 tn
2272 5731 2433 5789 savil.,
2454 5723 2718 5791 fornicatio,
2745 5732 2851 5786 pro,
2873 5717 3128 5791 meretrir.
3158 5790 3161 5791 ν

2151 5797 2172 5828 ⁸
2206 5773 2816 5855 iibr'EiIIQlJati-iidic'u'm
2867 5785 2994 5835 intra
3019 5790 3166 5833 unum
3191 5777 3319 5830 diem
3342 5773 3555 5835 eadem,
3574 5778 3670 5823 etc.
