4406 6690
806 448 906 501 359

802 555 1082 624 jejunium,
1136 561 1442 627 poenitentia
1471 562 1730 630 justitiam
1758 564 1963 620 obtinet
1989 582 2002 620 :
2034 564 2129 619 Die
2163 568 2303 623 enim
2331 577 2385 621 tu

804 648 1088 715 iniquitates
1108 659 1221 703 tuas
1242 650 1456 719 primus,
1477 662 1531 706 ut
1535 654 1833 724 justiﬁceris
1867 654 2016 727 (Isai.
2040 656 2127 712 45.
2149 657 2238 713 25.
2255 657 2380 731 26):

801 747 874 801 et,
904 737 941 791 Ι
944 749 1084 794 ustus
1108 740 1160 793 in
1179 742 1427 811 principio
1447 744 1691 798 sermonis
1710 757 1974 801 accusator
1999 755 2071 799 est
2087 748 2163 799 sui
2184 748 2201 813 (
2223 746 2379 802 Prov.

802 831 886 887 18.
923 832 987 886 Π
1006 830 1047 903 ).
1066 831 1198 886 Cum
1229 833 1388 903 igitur
1407 835 1538 889 sciat
1566 845 1800 903 satanas,
1831 838 1967 908 quod
1994 847 2267 906 peccatum
2299 854 2383 893 se-

798 931 990 993 quatur
1031 923 1221 993 pudor,
1250 926 1338 995 qui
1368 926 1534 995 possit
1562 939 1896 996 peccatorem
1923 929 2226 993 deterrere;
2260 944 2380 998 pte-

797 1014 1015 1070 niteutia
1056 1028 1183 1070 vero
1208 1013 1452 1070 fiduciam
1487 1015 1713 1085 habeat,
1764 1032 1882 1090 qua:
1909 1018 2075 1088 possit
2118 1017 2379 1087 peniten-

805 1105 928 1156 tiam
957 1104 1170 1160 allicere
1202 1125 1213 1159 :
1246 1107 1487 1162 ordinem
1516 1108 1751 1174 invertit,
1779 1108 2029 1178 deditque
2052 1108 2378 1176 paenitentiae

803 1192 1077 1259 pudorem,
1111 1207 1330 1265 peccato
1360 1198 1627 1253 ﬁduciam.
1660 1198 1935 1254 Undenam
1980 1198 2033 1252 id
2060 1198 2378 1268 liquet?ego

798 1281 991 1338 dicam.
1026 1285 1244 1356 Capitur
1288 1291 1407 1358 quis
1448 1289 1653 1343 ardenti
1680 1291 2104 1359 concupiscentia
2154 1290 2378 1359 publica:

799 1377 1129 1442 meretricis;
1174 1383 1507 1435 meretricem
1561 1381 1649 1436 ille
1692 1396 1789 1436 ceu
1834 1382 2073 1452 captivus
2091 1382 2373 1452 sequitur,

796 1468 848 1520 in
880 1469 1228 1536 prostibulum
1249 1472 1571 1542 ingreditur;
1602 1474 1749 1529 nullo
1774 1476 1996 1544 pudore,
2016 1476 2210 1531 rubore
2233 1475 2377 1531 nullo

795 1556 1014 1613 affectus
1029 1574 1150 1614 cum
1177 1564 1458 1618 meretrice
1483 1564 1841 1633 congreditur,
1875 1576 2253 1637 peccatumque
2277 1567 2374 1622 ad-

795 1649 951 1703 mittit
995 1668 1009 1704 :
1066 1660 1187 1721 post
1230 1654 1519 1709 admissum
1570 1666 1845 1726 peccatum
1901 1659 2039 1713 illinc
2083 1658 2372 1728 egreditur:

793 1750 847 1795 et
886 1742 956 1797 de
1010 1745 1315 1814 poenitentia
1360 1748 1559 1817 agenda
1607 1749 1888 1803 erubescit.
1944 1750 2120 1814 Miser,
2162 1750 2375 1820 quando

792 1848 915 1887 cum
939 1836 1215 1892 meretrice
1258 1840 1707 1909 congrediebaris,
1755 1856 1860 1895 non
1903 1843 2286 1904 erubescebas;
2319 1852 2375 1898 at

791 1939 910 1976 cum
940 1924 1005 1979 ad
1038 1927 1403 1995 pteuitentiam
1443 1931 1675 1998 accedis,
1706 1941 1830 1986 tunc
1858 1932 2164 1987 erubescis?
2205 1933 2374 1989 Pudet

792 2030 913 2068 enm
937 2055 952 2080 ,
984 2016 1069 2072 die
1112 2018 1264 2072 mihi.
1295 2018 1471 2085 Quare
1497 2036 1615 2075 cum
1644 2022 1991 2077 foruicaretur
2036 2037 2143 2078 non
2170 2024 2373 2093 pudore

791 2106 1153 2163 afﬁciebatur?
1178 2109 1382 2166 facinus
1410 2121 1697 2181 perpetrat,
1724 2122 1778 2168 et
1808 2129 1912 2168 non
1964 2115 2167 2183 pudore
2197 2115 2370 2171 afﬁci-

792 2210 896 2263 tur,
928 2198 1073 2253 etde
1109 2199 1271 2255 verbo
1314 2202 1625 2258 erubescit?
1675 2204 1877 2258 Diaboli
1923 2206 2115 2259 astutia
2160 2216 2260 2261 est.
2314 2208 2370 2262 ln

789 2298 1005 2357 peccato
1026 2305 1131 2345 non
1153 2292 1279 2346 sinit
1304 2307 1423 2347 eum
1454 2293 1793 2362 erubescere,
1835 2295 1930 2351 sed
1979 2297 2184 2367 publice
2213 2298 2369 2352 inno~

790 2389 995 2435 tescere
1022 2381 1186 2447 sinit;
1227 2384 1328 2437 scit
1356 2384 1498 2438 enim
1529 2385 1643 2441 fore
1687 2396 1743 2440 ut
1768 2387 1813 2441 si
1856 2387 2057 2457 pudore
2085 2387 2364 2454 afﬁciatur,

787 2478 1061 2537 peccatum
1086 2470 1251 2540 fugiat
1280 2490 1293 2526 :
1326 2472 1378 2526 in
1402 2474 1708 2542 ptenitentia
1727 2490 1853 2531 vero
1873 2477 2191 2532 erubescere
2207 2477 2364 2543 facit;

787 2561 931 2615 uovit
950 2561 1091 2617 enim
1121 2578 1243 2617 eum
1266 2579 1372 2633 prze
1391 2566 1592 2634 pudore
1613 2568 1975 2637 paenitentiam
1999 2586 2103 2624 non
2121 2582 2367 2626 acturum

787 2666 924 2706 esse.
962 2652 1074 2707 Duo
1100 2654 1236 2707 mala
1261 2654 1385 2710 facit
1408 2698 1424 2720 ,
1472 2656 1537 2711 ad
1568 2668 1840 2727 peccatum
1887 2660 2105 2730 pellicit,
2135 2673 2189 2717 et
2208 2678 2237 2716 a
2256 2678 2368 2733 pce-

785 2743 1001 2796 nitentia
1033 2753 1194 2799 arcet.
1225 2744 1331 2800 Cur
1361 2755 1411 2802 te
1437 2747 1546 2817 jam
1577 2748 1775 2818 pudet?
1817 2749 1951 2805 Cum
2001 2752 2361 2821 fornicareris,

786 2848 889 2887 non
942 2835 1331 2903 erubescebas;
1360 2853 1481 2893 cum
1526 2840 1821 2896 remedium
1868 2843 2139 2913 admoves,
2166 2845 2364 2914 pudore

786 2923 1143 2980 sutfunderis?
1188 2943 1309 2983 cum
1356 2930 1580 3000 teipsum
1621 2945 1651 2984 a
1688 2942 1909 3002 peccato
1932 2935 2143 2999 liberas,
2174 2935 2366 2992 erube-

788 3015 918 3069 scis?
948 3015 1097 3072 Tunc
1125 3019 1441 3076 erubescere
1468 3021 1700 3078 debebas
1720 3064 1735 3089 ,
1763 3034 1889 3079 tunc
1929 3024 2182 3095 pudeﬁeri
2203 3040 2364 3096 opor-

784 3105 947 3173 tebat,
975 3122 1094 3163 cum
1127 3123 1393 3179 peccares.
1416 3112 1549 3166 Cum
1576 3123 1824 3184 peccator
1845 3116 2021 3179 ﬁeres,
2052 3131 2155 3170 non
2177 3116 2367 3172 erube-

783 3198 1001 3264 seehas;
1029 3213 1149 3253 cum
1170 3201 1345 3270 justus
1373 3201 1621 3269 efficeris,
1646 3204 1958 3260 erubescis?
1981 3205 2078 3259 Dic
2106 3215 2157 3259 tu
2181 3207 2367 3276 iniqui-

783 3298 910 3342 tates
936 3300 1049 3343 tuas
1093 3292 1285 3361 primus
1309 3335 1323 3359 ,
1371 3303 1425 3346 ut
1440 3296 1740 3365 justi/Soeris
1766 3295 1917 3365 (Isai.
1970 3298 2059 3354 45.
2108 3296 2197 3352 25.
2225 3298 2295 3353 ‘26
2321 3298 2361 3368 ).

780 3377 896 3433 Non
921 3378 1073 3445 dixit,
1104 3391 1162 3435 ut
1188 3397 1293 3437 nou
1322 3383 1569 3451 plectaris
1593 3387 1887 3456 supplicio;
1928 3387 2045 3455 sed,
2081 3387 2149 3442 Ut
2168 3390 2366 3458 justi/i-

780 3468 925 3523 ceris.
971 3472 1161 3525 Annon
1202 3471 1493 3527 sufﬁciebat
1540 3476 1626 3542 ei,
1673 3475 1815 3545 quod
1856 3491 1963 3532 non
1992 3478 2178 3548 punias
2203 3494 2360 3545 eum,

780 3558 938 3613 etiam
959 3559 1158 3627 justum
1187 3561 1392 3617 efficis?
1417 3563 1577 3619 Plane
1606 3565 1841 3635 quidem.
1894 3567 1964 3620 At
2011 3568 2243 3622 sermoni
2274 3583 2363 3622 se-

780 3647 909 3703 dulo
937 3659 1169 3705 mentem
1197 3651 1411 3708 adhibe.
1441 3653 1647 3708 Justum
1677 3655 1824 3708 illum
1850 3656 2045 3711 efﬁcio.
2066 3658 2131 3711 Et
2150 3658 2362 3713 ubinam

783 3738 885 3794 hoc
913 3739 1078 3795 fecit?
1101 3740 1157 3796 In
1186 3744 1414 3810 latrone,
1460 3752 1517 3797 ut
1545 3744 1646 3799 hoc
1668 3755 1869 3801 tantum
1900 3748 2067 3803 sodali
2111 3748 2314 3805 diceret
2347 3769 2360 3804 :

782 3828 962 3902 Neque
986 3842 1041 3887 tu
1078 3835 1223 3889 times
1254 3835 1434 3890 Deum.
1465 3836 1531 3889 Et
1549 3854 1640 3890 nos
1665 3840 1865 3909 quidem
1886 3841 2043 3910 jure;
2069 3858 2187 3895 nam
2208 3842 2362 3913 digna

781 3921 929 3988 factis
956 3923 1225 3992 recipimus
1247 3924 1394 3995 (Luc.
1426 3925 1517 3980 25.
1548 3926 1638 3981 40.
1670 3928 1784 3997 si).
1818 3928 1952 3983 Dicit
1975 3937 2029 3984 et
2071 3929 2314 3987 Salvator
2344 3949 2356 3984 :

784 4008 951 4065 Hodie
985 4028 1176 4065 mecum
1217 4015 1314 4066 eris
1342 4014 1394 4067 iu
1424 4016 1662 4084 paradiso
1696 4014 1852 4089 (Ibid.
1884 4017 2000 4087 45).
2045 4017 2160 4073 Non
2187 4019 2317 4074 dixit
2344 4062 2358 4084 ,

782 4100 860 4155 Te
885 4116 915 4154 a
948 4118 1099 4171 poena
1129 4113 1184 4158 et
1227 4104 1490 4174 supplicio
1521 4107 1717 4174 exime,
1742 4108 1833 4162 sed
1881 4109 2049 4178 ipsum
2078 4110 2276 4180 justum
2308 4113 2359 4165 in

786 4194 1083 4261 paradisum
1114 4197 1419 4252 introducit.

851 4284 1106 4357 Confessio
1122 4290 1319 4359 justum
1344 4290 1508 4359 e/iicit.
1539 4320 1605 4331 —
1630 4289 2089 4362 Vidistin‘justum
2113 4308 2208 4364 per
2227 4308 2363 4348 con-

781 4375 1061 4432 fessionem
1106 4378 1394 4435 effectum?
1432 4381 1733 4436 Admodum
1764 4382 2022 4455 benignus
2050 4395 2131 4441 est
2176 4388 2314 4442 Deus
2342 4404 2358 4442 :

784 4464 892 4519 ﬁlio
917 4482 1024 4521 non
1057 4470 1315 4539 pepercit,
1339 4479 1397 4525 ut
1426 4486 1582 4526 servo
1610 4484 1854 4542 parceret
1883 4493 1896 4529 :
1925 4476 2138 4532 tradidit
2162 4477 2360 4549 Unige-

784 4556 972 4625 nilum,
1000 4567 1058 4613 ut
1082 4559 1317 4630 ingratos
1344 4575 1531 4616 servos
1559 4562 1850 4618 redimeret
1876 4583 1889 4619 :
1915 4568 2223 4635 sanguinem
2239 4568 2359 4623 Filii

782 4648 865 4704 sui
895 4648 944 4703 in
973 4649 1200 4720 pretium
1229 4650 1493 4719 deposuit.
1527 4650 1572 4706 Ο
1596 4651 1973 4722 benignitatem
2014 4656 2255 4710 Domini!
2284 4658 2363 4713 Ne

780 4739 907 4794 mihi
934 4756 1145 4797 rursum
1173 4743 1321 4799 dicas
1352 4761 1367 4796 :
1388 4744 1607 4799 Peccavi
1632 4745 1876 4811 multum,
1896 4746 2161 4814 quomodo
2178 4756 2362 4817 potero

777 4831 995 4887 salutem
1016 4835 1268 4903 consequi
1290 4834 1407 4890 ?Tu
1430 4850 1534 4888 non
1554 4844 1726 4904 potes,
1749 4834 2000 4891 Dominus
2013 4844 2132 4891 tuus
2153 4846 2321 4907 potest
2344 4855 2359 4890 :

776 4931 936 4990 atque
960 4923 1029 4979 ita
1062 4934 1271 4995 potest,
1296 4936 1353 4980 ttt
1390 4925 1567 4981 deleat
1594 4935 1810 4995 peccata
1842 4935 1949 4982 tua.
1982 4926 2213 4983 Attende
2240 4928 2361 4982 dili-

774 5023 998 5084 genter:
1030 5019 1097 5070 ita
1123 5017 1264 5073 delet
1292 5030 1531 5089 peccata,
1560 5030 1617 5074 ut
1642 5035 1708 5075 ne
1727 5020 2003 5091 veStigium
2032 5020 2242 5091 quidem
2270 5037 2364 5076 eu-

775 5122 893 5161 rum
922 5117 1154 5162 maneat.
1200 5108 1258 5162 In
1286 5109 1601 5178 corporibus
1631 5124 1737 5164 non
1769 5110 1891 5164 item
1918 5128 1931 5163 :
1967 5126 2085 5165 nam
2115 5112 2212 5166 etsi
2244 5128 2360 5167 me-

771 5200 921 5255 dicus
950 5201 1142 5256 millies
1182 5201 1416 5255 studium
1471 5210 1523 5256 et
1569 5203 1800 5256 remedia
1859 5204 2125 5267 adhibeat,
2171 5206 2361 5259 vulnus

774 5292 986 5361 quidem
1017 5307 1049 5349 e
1080 5293 1256 5348 medio
1280 5293 1456 5357 tollit;
1485 5292 1578 5347 sed
1602 5293 1910 5364 plerumque
1935 5295 2004 5359 ei,
2031 5296 2117 5364 qui
2142 5297 2191 5349 in
2225 5294 2360 5349 facie

779 5384 987 5453 plagam
1035 5390 1282 5459 accepit,
1311 5389 1505 5444 vulnus
1551 5388 1766 5458 quidem
1817 5397 1985 5451 curat,
2018 5390 2109 5443 sed
2140 5391 2359 5444 cicatrix

776 5486 1038 5544 remanet,
1059 5489 1113 5533 et
1143 5481 1193 5534 in
1223 5489 1592 5551 argumentum
1642 5479 1873 5534 vulneris
1899 5479 2076 5534 vultus
2103 5479 2359 5535 deformi-

777 5579 941 5625 tatem
979 5567 1286 5625 circumfert
1312 5590 1324 5626 :
1354 5571 1605 5643 milleque
1636 5570 1810 5625 modis
1834 5570 2090 5625 annititur
2123 5571 2359 5625 medicus

775 5660 1078 5716 cicatricem
1107 5660 1306 5725 delere,
1335 5662 1426 5718 sed
1449 5678 1553 5718 non
1588 5670 1790 5733 potest;
1826 5668 2083 5732 repugnat
2102 5662 2241 5715 enim
2273 5662 2357 5715 iu-

777 5752 1000 5807 llrmitas
1026 5760 1230 5807 naturre
1251 5792 1265 5817 ,
1299 5767 1395 5806 nec
1424 5768 1526 5808 non
1555 5754 1685 5809 artis
1710 5762 1766 5809 et
1795 5753 2151 5809 remediorum
2187 5753 2353 5808 imbe-

774 5843 982 5900 cillitas.
1010 5844 1204 5901 Contra
1226 5858 1354 5901 vero
1384 5842 1522 5901 Deus
1552 5860 1670 5901 cum
1703 5858 1918 5918 peccata
1949 5847 2112 5916 delet,
2158 5862 2253 5904 nec
2276 5848 2350 5903 ci-

1511 454 1568 510 S.
1608 451 1885 509 JOANNIS
1922 440 2396 502 CllllYSOSTOMI
2436 443 2753 505 ARCHIEP.
2794 450 3323 509 CONSTANTINOP.

3971 461 4084 515 340

2492 563 2741 617 catricem
2770 567 3041 638 relinquit,
3074 583 3172 623 nec
3221 566 3503 637 vestigium
3544 584 3758 627 manere
3803 575 3966 635 sinit.
4012 590 4082 629 ac

2489 669 2608 707 cum
2636 657 2861 711 sanitate
2892 658 3075 715 formte
3102 660 3264 715 decus
3301 660 3538 731 largitur,
3566 675 3685 715 cum
3735 664 4081 722 immunitate

2486 759 2514 799 a
2546 746 2804 815 supplicio
2825 747 3085 815 justitiam
3105 752 3219 819 dat,
3248 767 3475 820 eumque
3501 753 3587 821 qui
3609 756 3846 823 peccavit
3865 758 3914 810 ei
3937 799 3954 821 ,
3981 758 4080 826 qui

2488 851 2590 891 non
2634 838 2891 906 peccavit,
2948 855 3127 906 parem
3159 842 3344 898 efﬁcit.
3375 842 3536 898 Tollit
3578 842 3719 896 enim
3766 858 4075 913 peccatum,

2486 938 2646 998 atque
2676 930 2726 984 id
2753 929 2915 985 efﬁcit
2936 941 2990 984 ut
3013 948 3185 1002 neque
3219 938 3308 998 sit,
3339 951 3509 1007 neque
3539 933 3734 990 factum
3766 935 3922 990 fuerit
3948 954 3965 1002 ;
3998 941 4076 992 ita

2484 1021 2684 1075 scilicet
2724 1020 3006 1076 universim
3047 1022 3191 1077 delet
3231 1026 3358 1081 illud
3392 1042 3539 1082 :non
3581 1034 3761 1081 manet
3800 1026 4027 1081 cientrix
4052 1068 4071 1091 ,

2484 1126 2591 1164 non
2622 1113 2918 1183 vestigium,
2942 1127 3045 1166 non
3076 1128 3464 1185 argumentum,
3494 1134 3597 1173 non
3620 1118 3845 1187 signum.

2553 1201 2605 1254 ‘5.
2639 1200 2692 1255 Id
2725 1203 2985 1258 undenatn
3032 1202 3236 1272 liquet?
3258 1206 3529 1262 Dictorum
3560 1209 3698 1263 enim
3727 1208 4075 1262 demonstra-

2484 1290 2654 1345 tiones
2698 1293 2953 1348 exhibere
2993 1293 3184 1356 debeo,
3237 1295 3307 1349 ita
3333 1306 3390 1350 ut
3417 1314 3521 1352 non
3568 1315 3738 1354 meam
3791 1297 4070 1368 proferam

2479 1384 2818 1447 sententiam,
2838 1384 2930 1439 sed
2945 1400 3009 1439 ex
3028 1383 3316 1453 Scripturis
3334 1386 3715 1454 demonstrem,
3735 1397 3792 1442 ut
3807 1403 3890 1441 res
3910 1397 4070 1441 certa

2481 1470 2879 1544 indubitataque
2918 1483 3147 1528 maneat.
3195 1473 3391 1529 lnduco
3432 1477 3592 1546 igitur
3628 1479 3776 1532 vobis
3814 1478 4073 1532 homines

2484 1560 2796 1618 vulneribus
2840 1565 3139 1631 sauciatos,
3200 1564 3450 1633 populum
3496 1567 3756 1637 integrum
3813 1569 4071 1623 homines

2479 1653 2665 1720 plenos
2686 1654 2969 1720 ulceribus,
2985 1656 3150 1720 sanie,
3173 1655 3461 1721 vermibus,
3485 1657 3571 1725 qui
3590 1658 3716 1711 nihil
3737 1659 3874 1712 aliud
3894 1674 4070 1728 quam

2479 1743 2669 1799 vulnus
2695 1754 2748 1800 et
2775 1746 2923 1800 ulcus
2948 1746 3054 1799 sint
3087 1763 3100 1798 :
3132 1746 3222 1815 qui
3248 1754 3419 1799 tamen
3453 1745 3525 1798 ita
3549 1747 3723 1800 curari
3750 1750 3978 1816 possint,
4005 1757 4071 1801 ut

2479 1848 2579 1888 nec
2608 1835 2823 1889 cicatrix
2850 1874 2865 1900 ,
2918 1851 3015 1890 nec
3046 1835 3344 1905 vestigium,
3396 1849 3496 1889 nec
3540 1835 3747 1904 signum
3775 1838 4013 1904 supersit
4045 1854 4066 1890 :

2478 1924 2720 1981 homines
2744 1928 2832 1997 qui
2859 1941 2963 1981 non
2992 1942 3176 1989 unum,
3205 1941 3310 1980 non
3339 1925 3464 1990 duo,
3510 1940 3615 1979 non
3646 1924 3764 1988 tria,
3795 1940 3895 1978 non
3919 1942 4069 1994 qua-

2479 2026 2597 2071 tuor
2616 2019 2831 2073 vnluera
2862 2017 3106 2083 habeant,
3139 2015 3232 2071 sed
3276 2030 3306 2069 a
3340 2016 3511 2084 capite
3533 2014 3598 2069 ad
3625 2016 3784 2087 pedes
3815 2018 3906 2071 loti
3943 2017 4071 2069 vul-

2477 2125 2576 2164 nus
2615 2112 2741 2163 sint.
2788 2108 3018 2164 Attende
3066 2108 3351 2178 diligenter
3373 2109 3598 2163 orationi
3628 2118 3745 2163 :est
3774 2109 3913 2162 enim
3971 2111 4071 2163 hic

2475 2216 2653 2255 sermo
2676 2210 2855 2255 noster
2872 2199 3169 2254 communis
3189 2209 3349 2270 atque
3376 2200 3639 2254 salutaris.
3667 2199 4067 2255 Medicamenta

2476 2308 2603 2363 paro
2632 2292 2957 2346 medicorum
2988 2290 3237 2347 remediis
3285 2292 3675 2362 praestantiora,
3733 2308 3851 2361 qua:
3876 2307 3947 2345 ne
3972 2308 4068 2345 re-

2473 2396 2568 2452 ges
2608 2381 2822 2449 quidem
2871 2381 3134 2437 adornare
3179 2392 3419 2451 possunt.
3453 2381 3587 2448 Quid
3614 2397 3707 2435 rex
3750 2382 3969 2450 potest?
4016 2382 4066 2435 E

2471 2488 2687 2528 carcere
2739 2488 2948 2539 eruere,
3001 2488 3030 2525 a
3061 2473 3303 2543 gelienna
3355 2481 3528 2527 autem
3558 2472 3791 2526 eximere
3818 2487 3921 2524 non
3952 2488 4062 2541 po—

2472 2574 2575 2620 test
2606 2583 2618 2618 :
2649 2564 2903 2634 pecunias
2933 2564 3133 2634 largiri,
3163 2564 3393 2617 animam
3425 2579 3552 2617 vero
3580 2578 3793 2617 servare
3820 2578 3922 2615 non
3957 2579 4061 2616 va-

2470 2656 2560 2710 let.
2592 2654 2696 2710 Sed
2726 2654 2779 2709 in
2808 2669 2998 2709 manus
3028 2653 3352 2723 poenitentia:
3374 2668 3466 2707 vos
3499 2652 3667 2716 trado,
3698 2662 3757 2706 ut
3784 2654 3885 2705 vim
3934 2653 4061 2722 ejus

2469 2745 2737 2810 ediscatis,
2803 2753 2860 2799 ut
2886 2745 3102 2799 diseatis
3156 2752 3432 2813 peccatum
3487 2759 3593 2797 non
3637 2745 3684 2798 ei
3733 2746 4054 2814 praevalere,

2475 2852 2649 2907 neque
2680 2837 2838 2891 ullam
2867 2850 2985 2891 esse
3011 2835 3362 2905 iniquitatem,
3387 2850 3505 2904 qua:
3534 2834 3636 2888 vim
3660 2835 3773 2902 ejus
3794 2850 4058 2905 siipcrare

2471 2930 2659 2998 possit.
2686 2926 2899 2982 Interim
2930 2926 3121 2981 induco
3151 2940 3259 2980 non
3315 2941 3476 2979 unum
3502 2967 3517 2989 ,
3570 2940 3674 2979 non
3722 2925 3853 2978 duos
3876 2966 3891 2986 ,
3941 2941 4056 2980 non

2474 3028 2601 3083 tres,
2630 3017 2726 3073 sed
2754 3018 2951 3087 pluries
2979 3016 3222 3072 millenos
3250 3016 3513 3081 homines,
3533 3016 3834 3069 vulneribus
3857 3017 4023 3070 ulceri
4042 3045 4057 3057 -

2470 3110 2673 3179 busque
2699 3108 2903 3178 plenos,
2946 3107 3235 3161 innumeris
3265 3104 3495 3175 peccatis
3543 3113 3762 3159 onustos
3784 3145 3799 3170 ,
3832 3106 3918 3174 qui
3954 3121 4050 3174 per

2473 3200 2838 3271 ptenitentiam
2865 3200 2933 3253 ita
2980 3198 3204 3252 salutem
3232 3196 3485 3265 consequi
3515 3204 3755 3265 potuere,
3786 3204 3842 3248 ut
3868 3211 4050 3264 neque

2471 3292 2748 3362 vestigium
2777 3305 2944 3361 neque
2961 3290 3175 3344 cicatrix
3198 3290 3432 3358 priorum
3465 3288 3699 3341 ulcerum
3723 3298 4051 3342 remaneret.

2471 3384 2666 3439 Verum
2686 3383 2965 3453 diligenter
2991 3381 3249 3437 attendite
3278 3379 3534 3444 sermoni,
3559 3393 3729 3448 neque
3747 3377 3916 3432 solum
3961 3388 4052 3432 at»

2468 3477 2688 3541 tendite,
2701 3475 2792 3531 sed
2812 3476 2968 3529 etiam
2990 3490 3074 3540 ea,
3088 3488 3205 3543 qua:
3221 3470 3761 3535 dicuntur,memoriae
3777 3469 4051 3535 mandate,

2470 3576 2526 3621 ut
2552 3568 2797 3621 absentes
2831 3566 3150 3625 instituatis,
3188 3571 3240 3616 et
3258 3576 3381 3626 eos,
3413 3562 3501 3631 qui
3529 3560 3754 3616 utilitate
3781 3562 4053 3615 sermonis

2469 3661 2623 3731 hujus
2646 3659 2882 3715 destituti
2913 3666 3065 3721 sunt,
3092 3655 3455 3725 diligentiores
3509 3653 3760 3708 reddatis.
3810 3653 4055 3708 Accedat

2466 3754 2626 3822 igitur
2655 3752 2742 3807 ille
2768 3748 3190 3818 Seraphinorum
3218 3754 3490 3816 Spectator
3516 3745 3694 3807 Isaias,
3726 3746 3815 3813 qui
3856 3746 4049 3814 mysti-

2464 3859 2579 3897 eam
2614 3843 2755 3896 illam
2785 3839 3069 3895 melodiam
3095 3837 3327 3903 audivit,
3367 3837 3457 3907 qui
3494 3835 3695 3891 inﬁnita
3736 3835 3802 3889 de
3829 3834 4052 3889 Christo

2468 3935 2729 4004 prtedixit.
2758 3931 2896 3997 Quid
2922 3931 3064 3985 dicat
3092 3937 3467 3998 percontemur
3494 3944 3507 3977 :
3545 3924 3711 3991 Visio,
3747 3942 3894 3993 quam
3922 3926 4055 3977 vidit

2467 4026 2633 4081 Isaias
2680 4025 2918 4078 adversus
2941 4021 3178 4076 Iudaeam
3215 4029 3261 4073 et
3286 4020 3521 4073 adversus
3559 4017 3845 4072 Jerusalem
3886 4017 4050 4090 (Ism'.

2468 4118 2520 4168 1.
2549 4117 2624 4183 1).
2667 4114 2761 4168 Dic
2790 4112 3072 4177 visionem,
3103 4126 3259 4180 quam
3301 4109 3499 4163 vidisti.
3529 4110 3690 4173 Audi,
3738 4108 3914 4162 mlum
3935 4149 3949 4171 ,
4000 4120 4053 4161 et

2467 4205 2671 4258 auribus
2682 4204 2901 4275 percipe,
2914 4212 3067 4269 terra,
3079 4202 3196 4272 quia
3210 4200 3453 4254 Dominus
3466 4203 3696 4271 loquutus
3707 4210 3777 4253 est
3788 4199 3950 4268 (Ibid.
3964 4200 4023 4267 Ξ)
4034 4239 4050 4253 .

2467 4296 2583 4351 Alia
2615 4295 2876 4365 pollicitus
2901 4308 2980 4359 es,
3011 4302 3065 4347 et
3104 4292 3204 4345 alia
3226 4290 3379 4345 dicis.
3409 4291 3661 4359 Quantam
3699 4289 3800 4342 alia
3828 4289 4046 4357 pollici-

2469 4400 2553 4445 tus
2582 4388 2740 4443 sum?
2766 4386 3034 4455 Principio
3055 4384 3208 4450 dicis,
3231 4383 3376 4438 Visio
3398 4383 3654 4439 adversus
3682 4380 3917 4434 .Iudmam
3943 4420 3959 4442 ,
3996 4390 4055 4433 et

2464 4481 2720 4535 adversus
2739 4478 3071 4540 Jerusalem,
3098 4483 3153 4530 et
3190 4475 3348 4529 missa
3386 4474 3566 4530 Iudaea
3622 4481 3780 4541 atque
3822 4469 4053 4523 Jerusa-

2466 4573 2569 4626 lem
2587 4612 2600 4634 ,
2633 4571 2820 4624 cadum
2848 4566 3135 4636 alloqueris
3153 4605 3166 4627 .
3190 4574 3244 4620 et
3273 4565 3336 4619 ad
3364 4573 3558 4619 terram
3600 4574 3899 4615 sermonem
3952 4559 4054 4614 de-

2466 4661 2634 4713 clinas
2658 4676 2672 4711 :
2698 4656 2983 4710 rationales
3009 4653 3249 4709 homines
3276 4656 3465 4709 missos
3487 4652 3615 4707 facis
3634 4692 3647 4715 ,
3673 4659 3725 4703 et
3763 4663 3879 4701 eum
3912 4648 4054 4701 irra-

2471 4746 2808 4803 tionabilibus
2851 4745 3130 4799 elementis
3182 4746 3343 4801 verba
3370 4744 3609 4800 censeris
3633 4742 3656 4793 ?
3682 4740 3811 4806 Quia
3844 4753 4046 4808 nempe

2471 4837 2914 4893 irrationabilibus
2942 4836 3362 4892 rationabiliores
3400 4835 3517 4890 facti
3547 4840 3669 4886 sunt
3696 4829 4048 4885 rationabiles

2470 4930 2541 4984 illi
2567 4946 2581 4981 :
2614 4943 2785 4998 neque
2818 4928 2939 4982 ideo
2968 4936 3168 4983 tantum
3193 4970 3209 4995 ,
3233 4928 3324 4983 sed
3354 4926 3474 4996 quia
3501 4936 3619 4977 eum
3646 4921 4050 4976 introducturus

2468 5036 2559 5077 eos
2586 5029 2729 5075 esset
2755 5018 2962 5091 Moyses
2986 5020 3037 5074 in
3070 5028 3263 5076 terram
3292 5013 3658 5088 promissionis
3677 5054 3691 5077 ,
3722 5022 3775 5067 et
3804 5028 3921 5082 quae
3954 5013 4047 5068 fu-

2469 5124 2585 5165 tura
2614 5118 2764 5165 erant
2795 5110 3146 5180 praevideret,
3176 5108 3317 5180 quod
3347 5104 3597 5159 nimirum
3635 5118 3750 5172 qua:
3796 5103 3894 5158 sibi
3929 5113 4044 5158 tra-

2467 5204 2575 5257 dita
2605 5202 3179 5273 fuerantcontempturi
3205 5206 3384 5255 essent
3412 5214 3425 5249 :
3452 5195 3606 5261 Audi,
3625 5196 3821 5261 calum,
3848 5198 4043 5265 inquit,

2466 5305 2513 5349 et
2541 5294 2761 5347 attendat
2782 5304 2917 5349 terra
2943 5296 3091 5348 verba
3116 5308 3179 5346 ea:
3194 5307 3281 5344 ore
3306 5304 3416 5341 meo
3441 5285 3612 5355 (Deut.
3638 5287 3815 5357 32.1).
3837 5287 4045 5342 Conte-

2466 5395 2579 5441 stor
2601 5386 2751 5441 vobis
2767 5388 2954 5441 caelum
2976 5394 3030 5438 et
3051 5395 3265 5442 terram,
3288 5378 3453 5446 inquit
3478 5377 3708 5449 Moyses,
3744 5378 3881 5448 quod
3898 5379 3945 5430 si
3965 5379 4044 5428 in-

2466 5478 2633 5547 gressi
2661 5478 2864 5532 fueritis
2881 5477 2931 5530 in
2951 5485 3146 5529 terram
3168 5468 3533 5538 promissionis
3547 5511 3563 5535 ,
3579 5480 3632 5524 et
3647 5467 4042 5537 dereliqueritis

2471 5569 2752 5623 Dominum
2777 5569 2962 5628 Deum,
2983 5564 3211 5615 futurum
3227 5557 3295 5613 sit
3313 5568 3368 5613 ut
3389 5559 3757 5631 dispergamini
3776 5562 3827 5611 in
3855 5568 4044 5609 omnes

2466 5658 2832 5730 gentes.Venit
2849 5655 3010 5710 lsaias
3028 5669 3039 5703 :
3059 5650 3285 5705 futurum
3299 5660 3411 5705 erat
3425 5659 3480 5705 ut
3496 5648 3832 5705 comminatio
3846 5646 3894 5696 in
3907 5657 4047 5710 opus

2465 5752 2699 5822 prodiret
2729 5768 2741 5803 :
2772 5762 2878 5802 non
2906 5750 3111 5813 poterat
3148 5740 3376 5812 Moysem
3407 5755 3650 5801 evocare,
3681 5750 3779 5791 nec
3805 5732 4044 5822 eos,_qni

2467 5820 2637 5915 ipsum
2659 5840 2953 5901 audierant,
2984 5843 3165 5906 utpote
3185 5833 3489 5901 defunctos;
3520 5841 3572 5887 et
3600 5830 3856 5885 elementa
3877 5820 4041 5875 adm-
