4432 6682
234 437 339 490 559

232 557 371 627 εχει,
402 560 435 629 ὴ
476 559 729 629 μετάνοια
765 560 861 632 τὴν
892 561 1233 630 δικαιοσύνην
1278 560 1574 628 κέκτηται·
1619 557 1765 626 Λέγε
1790 554 1899 623 γὰρ

232 644 341 709 τὰς
376 646 628 713 ἀνομίας
674 663 790 701 σου
836 648 1085 717 πρῶτος.
1135 648 1236 698 ἵνα
1266 643 1609 713 δικαιωθῇςο
1666 647 1779 707 καὶ,
1811 644 1904 695 Δί-

234 747 406 797 καιος
436 732 655 788 ἑαυτοῦ
679 736 1009 805 κατήγυρος
1037 735 1107 787 ὲν
1136 733 1523 801 πρωτολογίᾳ.
1556 731 1725 793 Εἰδὼς
1748 726 1841 783 οὖν
1874 732 1903 782 ὁ

1393 446 1481 500 DE
1520 437 1989 499 PGZNITENTIA.
2034 438 2267 494 HOMIL.
2312 441 2440 497 Vll-l.

3567 451 3672 507 310

2007 550 2069 604 τὸ
2099 554 2389 627 ἀνίσχυρον
2422 558 2519 626 τῆς
2538 560 2755 631 τέχνης,
2784 562 2955 616 καὶτὸ
2981 563 3193 627 εὐτελὲς
3218 563 3327 617 τῶν
3350 566 3670 637 φαρμάκων.

2019 639 2077 692 '0
2098 639 2154 693 δὲ
2183 641 2314 707 Θεὸς
2350 645 2478 698 ὅταν
2510 645 2765 720 ἐξαλείφῃ
2794 650 2861 703 τά
2915 651 3307 721 ἁμαρτήματα.
3342 651 3464 704 οὐδὲ
3512 653 3675 724 οὐλὴν

2005 726 2247 798 ἀφίησιν,
2303 731 2424 783 ούδέ
2480 730 2622 801 ίχνος
2670 738 2947 806 συγχωρεῖ
2999 740 3196 807 μεῖναι,
3232 738 3368 793 ἀλλά
3394 738 3534 808 μετά
3576 742 3674 811 τῆς

233 820 501 885 Σατανᾶς,
529 822 609 875 ὅτι
627 825 660 893 ή
692 823 790 893 μὲν
815 820 1056 892 ἁμαρτία
1076 819 1187 888 ἔχει
1218 820 1317 891 τὴν
1344 819 1602 891 αἰσχύνην
1617 858 1639 882 ,,
1672 818 1907 886 πρᾶγμα
2004 816 2211 883 ὑγιείας
2236 817 2329 869 καὶ
2349 816 2448 887 τήν
2476 819 2776 891 εὐμορφίαν
2798 822 3102 893 χαρίζεται,
3130 826 3266 894 μετά
3292 825 3391 897 τῆς
3432 825 3675 883 ἀπαλλατ

235 909 436 973 ἱκανῶς
455 911 790 982 ἀποκροῦσαι
814 912 904 963 τὸν
928 908 1305 978 ἁμαρτάνοντα
1329 908 1644 979 δυνάμενον,
1670 906 1705 973 ή
1727 903 1783 956 δὲ
1809 921 1903 973 με·

232 996 423 1050 τάνοια
463 997 575 1069 ἔχει
614 999 713 1070 τὴν
738 996 1074 1068 παρρησίαν,
1106 998 1335 1068 πρᾶγμα
1381 995 1564 1050 ἱκανὸν
1593 989 1901 1044 ἐπισπάσα-

235 1086 361 1139 σθαι
388 1087 481 1139 τὸν
519 1084 899 1157 μετανοοῦντα,
953 1082 1206 1154 ἐνήλλαξε
1250 1085 1349 1153 τὴν
1380 1083 1555 1147 τάξιν,
1604 1078 1699 1131 καὶ
1732 1077 1898 1131 ἔδωκε

230 1174 336 1244 τήν
365 1173 625 1245 αισχύνην
650 1176 717 1243 τῇ
753 1169 1030 1241 μετανοίᾳ,
1058 1173 1151 1225 καὶ
1165 1171 1262 1241 τὴν
1288 1166 1602 1241 παρρησίαν
1625 1170 1689 1236 τῇ
1714 1168 1895 1237 ἀμαρ.

231 1260 343 1331 τίᾳ.
373 1260 542 1314 Πόθεν
569 1259 757 1322 τοῦτο;
786 1256 895 1325 ἐγὼ
924 1257 1084 1325 λέγω.
1122 1254 1428 1311 Ἀλίσκεταί
1456 1271 1540 1316 τις
1574 1254 1678 1307 ὑπὸ
1709 1252 1899 1306 ἐπιθυ-

235 1349 366 1417 μίας
414 1348 657 1419 χαλεπῆς
700 1345 837 1416 πρὸς
895 1346 1170 1416 πάνδημον
1225 1344 1430 1415 πόρνην
1453 1360 1467 1373 ·
1521 1340 1801 1396 ἀκολουθεῖ
1826 1344 1894 1411 τῇ

232 1435 409 1505 πόρνῃ
460 1435 536 1498 ώς
571 1432 914 1503 αἰχμάλωτος
936 1452 949 1464 ·
981 1434 1284 1504 εἰσέρχεται
1318 1430 1399 1491 εἰς
1434 1428 1495 1482 τὸ
1517 1428 1891 1498 καταγώγιον

228 1524 329 1575 οὐκ
355 1523 758 1593 αἰσχυνόμενος,
788 1524 887 1575 οὐκ
917 1522 1182 1594 ἐρυθριῶν
1219 1518 1585 1589 συμπλέκεται
1606 1523 1672 1590 τῇ
1698 1519 1892 1588 πόρνῃ,

230 1610 459 1678 πράττει
483 1611 579 1679 τὴν
605 1611 876 1681 ἁμαρτίαν
895 1628 910 1642 ο
944 1607 1179 1680 οὐδαμοῦ
1198 1608 1425 1678 αἰσχύνη
1455 1606 1620 1677 αὐτῷ,
1656 1604 1893 1675 οὐδαμοῦ

228 1696 457 1766 ἐρυθριᾷ
476 1714 490 1726 ο
513 1696 792 1767 ἐξέρχεται
822 1698 1030 1751 ἐκεῖθεν
1052 1694 1188 1765 μετά
1212 1693 1272 1746 τὸ
1291 1693 1438 1756 τέλος
1467 1694 1567 1763 τῆς
1600 1690 1894 1759 ἁμαρτίας,

227 1787 323 1839 καὶ
347 1787 434 1837 ἵνα
470 1786 773 1856 μετανοήσῃ
794 1784 1127 1854 αἰσχύνεται.
1165 1782 1347 1834 Ἀθλιε
1368 1822 1383 1843 ,
1413 1782 1500 1834 ὅτε
1535 1778 1894 1849 περιεπλέκου

226 1875 293 1942 τῇ
327 1874 525 1942 πόρνῃ,
556 1873 655 1925 οὐκ
682 1872 936 1942 ᾐσχύνου,
964 1869 1076 1922 ἀλλ’
1110 1870 1196 1921 ὅτε
1215 1864 1373 1939 ἦλθες
1402 1866 1755 1939 μετανοῆσαι,
1773 1864 1895 1917 τότε

226 1960 494 2029 αἰσχύνῃς
543 1959 882 2029 Αἰσχύνεται,
912 1956 1060 2019 εἰπές
1112 1958 1190 2018 εἰς
1223 1956 1272 2007 τί
1316 1956 1403 2007 ὅτε
1441 1954 1769 2023 ἐπόρνευσεν
1796 1952 1897 2003 οὐκ

225 2045 491 2115 ᾐσχύνετο
512 2064 525 2109 ;
550 2048 622 2098 Τὸ
653 2046 883 2114 πρᾶγμα
905 2044 1150 2111 πράττει,
1180 2044 1272 2095 καὶ
1300 2043 1399 2095 οὐκ
1434 2040 1768 2110 αἰσχύνεται,
1801 2038 1896 2090 καὶ

224 2132 286 2185 τὺ
316 2133 471 2203 ῥῆμα
502 2133 760 2203 ἐρυθριᾷς
790 2130 1044 2183 Διαϐόλου
1064 2129 1120 2182 δέ
1142 2132 1256 2182 ἐστι
1281 2127 1586 2199 κακουργία
1618 2127 1780 2192 αῦτη.
1810 2126 1897 2177 Ἑν

224 2220 290 2287 τῇ
329 2218 571 2289 ἁμαρτίᾳ
610 2220 706 2270 οὑκ
731 2216 953 2286 ἀφίησιν
980 2216 1137 2268 αὑτὸν
1159 2213 1527 2285 αἰσχύνεσθαι,
1556 2213 1691 2265 ἀλλά
1726 2212 1895 2282 δημο-

227 2304 504 2356 σιεύεσθαι
525 2321 538 2333 ο
557 2299 663 2355 οἶδε
696 2302 823 2372 γάρ,
848 2304 929 2355 ὅτι
955 2302 1048 2355 ἐὰν
1070 2304 1352 2372 αἰσχυνθῇ,
1377 2300 1567 2368 φεύγει
1592 2301 1692 2370 τὴν
1709 2300 1896 2370 ἀμαρ-

223 2392 346 2443 τίαν
364 2409 377 2421 ·
412 2394 469 2442 ἐν
496 2393 560 2460 τῇ
594 2390 850 2462 μετανοίᾳ
872 2392 1013 2442 ποιεῖ
1038 2390 1201 2441 αὑτὸν
1232 2386 1615 2456 αἰσχύνεσθαι,
1644 2382 1751 2440 οἶδε
1786 2385 1896 2457 γὰρ

221 2480 305 2531 ὅτι
335 2478 721 2546 αἰσχυνόμενος
746 2478 807 2530 οὐ
863 2478 1129 2547 μετανοεῖ.
1165 2474 1267 2526 Δύο
1300 2472 1446 2525 κακά
1475 2475 1636 2536 ποιεῖ,
1668 2472 1763 2525 καὶ
1813 2475 1893 2537 εἰς

220 2565 321 2634 τὴν
344 2564 615 2634 ἁμαρτίαν
642 2564 810 2626 ἕλκει,
842 2565 936 2615 καὶ
952 2561 1047 2631 τὴν
1068 2560 1356 2631 μετάνοιαν
1382 2559 1587 2627 ἐπέχει.
1616 2558 1681 2610 Τί
1704 2560 1894 2627 αἰσχύ-

221 2670 287 2721 νῃ
311 2651 532 2716 λοιπόν;
560 2653 685 2705 Ὅτε
708 2651 1000 2722 ἐπόρνευες
1019 2691 1033 2715 ,
1073 2650 1172 2702 οὐκ
1202 2646 1436 2717 ᾐσχύνου
1458 2662 1470 2675 ·
1524 2647 1611 2698 ὅτε
1654 2648 1715 2699 τὸ
1750 2647 1893 2716 φάρ-

224 2757 400 2810 μακον
426 2740 689 2810 ἐπιτίθης,
716 2740 945 2811 αἰσχύνῃ
966 2757 980 2804 ;
1004 2741 1091 2793 ὅτε
1117 2736 1477 2799 ἀπαλλάττεις
1498 2736 1687 2790 ἑαυτὸν
1716 2737 1895 2807 ἀμαρ-

219 2828 361 2890 τίας,
387 2827 649 2898 αἰσχύνῃς
689 2828 823 2882 Τότε
855 2827 1084 2895 ὥφειλες
1126 2824 1497 2894 αἰσχύνεσθαι,
1540 2824 1659 2877 τότε
1687 2823 1793 2877 ἔδει
1832 2841 1891 2877 σε

218 2916 570 2985 αἰσχύνεσθαι
602 2954 617 2977 ,
657 2917 747 2969 ὅτε
780 2916 1116 2987 ήμάρτανες.
1143 2914 1271 2966 Ὅτε
1316 2913 1495 2981 ἐγίνου
1545 2912 1888 2983 ἁμαρτωλὸς,

218 3005 321 3057 οὐκ
373 3004 645 3073 ᾐσχύνουο
692 3004 780 3056 ὅτε
830 3004 956 3073 γίνῃ
1015 3002 1237 3063 δίκαιος,
1293 2999 1555 3069 αἰσχύνῃ;
1606 2999 1754 3067 Λέγε
1784 2998 1889 3065 τὰς

216 3091 467 3159 ἀνομίας
499 3106 616 3145 σου
645 3089 893 3157 πρῶτος,
927 3089 1028 3141 Ζνα
1051 3085 1387 3154 δικαιωθῇς.
1411 3081 1481 3137 Ὦ
1510 3084 1887 3155 φιλανθρωπία

216 3181 509 3231 Δεσπὸτου.
546 3178 658 3231 Ούκ
690 3174 865 3242 εἶπεν,
900 3177 1017 3229 Ἵνα
1049 3176 1122 3245 μὴ
1164 3173 1451 3245 κολασθῇς,
1484 3173 1599 3227 ἀλλ’
1642 3173 1777 3227 Ἵνα
1804 3172 1889 3225 δι-

216 3264 477 3332 καιωθῇς
499 3281 510 3292 ·
559 3265 657 3317 ούκ
691 3266 850 3335 ἢρκει
883 3262 1052 3333 αὐτῷ,
1085 3263 1166 3313 ὅτι
1194 3262 1255 3313 ού
1291 3261 1541 3325 κολάζεις
1569 3260 1752 3323 αὐτὸν,
1807 3260 1885 3312 ἔτι

216 3354 312 3404 καὶ
333 3353 539 3405 δίκαιον
561 3353 734 3414 ποιεῖς
754 3366 768 3415 ;
790 3352 900 3403 Καὶ
916 3350 1079 3403 πάνυ.
1124 3346 1282 3400 Ἀλλά
1304 3348 1535 3418 πρόσεχε
1569 3348 1709 3418 μετά
1730 3350 1888 3419 ἀκρι-

215 3439 367 3501 ϐείας
416 3439 493 3509 τῷ
530 3439 690 3508 λόγῳ.
754 3438 973 3491 Δίκαιον
1002 3434 1161 3488 αὐτὸν
1194 3434 1351 3489 ποιῶ.
1418 3436 1527 3488 Καὶ
1574 3434 1678 3488 ποῦ
1729 3435 1886 3489 τοῦτο

214 3527 501 3595 ὲποίησεν;
547 3527 668 3578 Ἐπὶ
693 3525 785 3577 τοῦ
811 3521 1032 3594 λῃστοῦ,
1071 3522 1157 3573 ἴνα
1181 3523 1309 3594 εἴπῃ
1333 3522 1491 3591 μόνον
1511 3524 1706 3587 ἐκεῖνο,
1734 3522 1886 3577 Οὐδὲ

212 3612 370 3681 φοϐῇ
408 3612 490 3666 σὺ
518 3613 625 3665 τὸν
650 3611 818 3675 Θεὸν,
849 3609 928 3678 τῷ
952 3607 1152 3679 ἑταίρῳ
1184 3607 1370 3661 αὑτοῦ.
1417 3609 1524 3661 Kal
1567 3609 1740 3675 ἡμεῖς
1767 3610 1886 3677 μὲν

210 3701 487 3764 δικαίωρο
536 3699 673 3761 ἀξια
700 3698 809 3766 γὰρ
845 3690 931 3749 ὧν
984 3694 1324 3764 ἐπράξαμεν
1362 3694 1879 3763 ἀπολαμϐάνομεν.

210 3784 377 3851 Λέγει
411 3784 545 3855 πρὸς
570 3783 727 3836 αὑτὸν
753 3784 781 3833 6
809 3783 1020 3853 Σωτήρ
1055 3780 1323 3851 Σήμερον
1337 3780 1463 3848 μετ’
1490 3780 1638 3848 ἐμοῦ
1662 3783 1775 3849 ἔσῃ
1812 3783 1883 3835 ἐν

212 3872 292 3938 τῷ
323 3871 687 3940 παραδείσῳ.
743 3871 856 3923 Οὐκ
910 3866 1083 3932 εἶπεν,
1129 3868 1479 3921 Ἀπαλλάττω
1517 3884 1577 3920 σε
1605 3868 1880 3932 κολάσεως

214 3961 308 4012 καὶ
323 3959 611 4032 τιμωρίας,
644 3957 756 4010 ἀλλ’
780 3959 857 4020 εἰς
884 3956 975 4010 τὸν
1005 3956 1328 4025 παράδεισον
1356 3954 1564 4022 εἰσάγει
1609 3956 1772 4008 αὐτὸν
1801 3956 1879 4009 δί-

210 4066 280 4101 κα
288 4064 387 4102 ιον.

282 4132 437 4197 Εἶδες
478 4132 584 4187 ἀπὸ
630 4131 1065 4203 ἐξομολογήσεως
1120 4130 1326 4185 δίκαιον
1376 4132 1701 4202 γενόμενον;
1738 4134 1875 4188 Πολὺ

211 4222 590 4292 φιλάνθρωπός
615 4223 759 4274 ἐστιν
787 4222 815 4274 6
840 4220 971 4284 Θεός
993 4236 1006 4249 ·
1043 4218 1173 4272 Υίοῦ
1198 4220 1297 4273 οὐκ
1329 4220 1603 4287 ἐφείσατο,
1637 4221 1721 4274 ἵνα
1754 4222 1872 4274 δού-

208 4309 301 4363 λου
334 4311 621 4379 φείσηταιο
659 4308 941 4379 παρέδωκε
991 4307 1082 4359 τὸν
1142 4307 1444 4376 Μονογενῆ,
1489 4308 1576 4361 ἵνα
1629 4308 1876 4380 ἀγοράσῃ

206 4396 425 4458 δούλους
473 4392 830 4462 ἀγνώμονας’
884 4393 946 4445 τὸ
1003 4387 1140 4461 αἷμα
1196 4392 1290 4444 τοῦ
1327 4392 1457 4444 Υἰοῦ
1510 4390 1675 4446 αὐτοῦ
1708 4394 1874 4462 τιμὴν

208 4482 528 4536 κατέϐαλεν.
553 4476 623 4531 Ὦ
656 4478 1030 4547 φιλανθρωπία
1056 4478 1346 4529 Δεσπότου.
1383 4478 1491 4529 Καὶ
1522 4479 1595 4547 μή
1636 4495 1723 4546 μοι
1746 4478 1869 4545 λέγε

206 4571 391 4624 πάλιν·
427 4569 712 4637 ’Ἥμαρτον
752 4564 939 4627 πολλὰ,
976 4563 1069 4616 καὶ
1100 4563 1215 4624 πῶς
1250 4564 1547 4633 δυνήσομαι
1590 4564 1866 4633 σωθῆναις

206 4659 276 4710 εδ
298 4658 359 4710 οὐ
388 4656 630 4717 δύνασαι,
662 4655 690 4706 ὁ
722 4650 996 4721 Δεσπότης
1053 4666 1145 4701 σου
1173 4648 1425 4712 δύναται,
1461 4650 1555 4703 και
1585 4650 1757 4715 οὕτως
1794 4653 1870 4716 ὡς

204 4745 477 4812 ἐξαλεῖψαι
492 4742 561 4795 τά
586 4739 734 4813 [544]
751 4739 1140 4809 ἁμαρτήματα.
1164 4736 1402 4807 Πρόσεχε
1423 4736 1562 4807 μετὰ
1583 4738 1869 4809 ἀκριϐείας

201 4830 279 4899 τῷ
306 4832 470 4899 λόγῳ·
495 4828 664 4890 οὕτως
688 4825 956 4893 ἐξαλείφει
975 4823 1043 4876 τά
1061 4824 1449 4894 ἁμαρτήματα,
1469 4824 1544 4886 ὼς
1565 4825 1703 4896 μήτε
1724 4824 1866 4896 ἴχνος

203 4918 382 4970 αὐτῶν
416 4921 615 4986 μεῖναι.
651 4916 771 4967 Ἐπὶ
797 4914 893 4985 μὲν
915 4911 1021 4983 γὰρ
1046 4910 1155 4963 τῶν
1178 4911 1443 4981 σωμάτων
1473 4912 1574 4965 οὐκ
1591 4912 1669 4967 ένι
1686 4914 1862 4979 τοῦτο,

201 5004 337 5057 ἀλλά
372 5003 472 5057 κᾶν
502 5003 757 5074 μυριάκις
792 5000 1067 5069 σπουδάσῃ
1092 5000 1121 5050 6
1177 4997 1381 5068 ἰατρὸς,
1439 4999 1540 5053 κᾶν
1592 5000 1863 5072 φάρμακα

200 5091 362 5159 ἐπιθῇ
396 5090 473 5159 τῷ
509 5088 822 5159 τραύματι,
872 5090 933 5141 τὸ
964 5088 1058 5158 μὲν
1106 5084 1323 5155 τραῦμα
1373 5086 1672 5155 ἠφάνισενο
1725 5088 1862 5141 ἀλλά

200 5177 459 5238 πολλάκις
492 5176 703 5245 ἐπλήγη
728 5193 813 5237 τις
862 5176 941 5238 εἰς
968 5175 1063 5244 τὴν
1088 5173 1209 5242 ὄψιν
1232 5210 1247 5234 ,
1287 5171 1380 5223 καὶ
1411 5172 1472 5223 τὸ
1500 5172 1599 5241 μὲν
1638 5175 1860 5245 τραῦμα

197 5264 523 5336 διώρθωσεν,
552 5264 585 5331 ἡ
612 5262 668 5313 δέ
690 5262 820 5333 ούλὴ
850 5262 1219 5332 ἐναπέμεινεν,
1241 5258 1458 5327 ἔλεγχον
1480 5258 1573 5312 τοῦ
1608 5262 1859 5332 τραύμα-

196 5368 287 5415 τος
314 5349 683 5421 περιφέρουσα
713 5349 811 5417 τὴν
840 5348 1115 5417 ἀμορφίαν
1147 5347 1244 5417 τῆς
1271 5344 1471 5413 ὅψεως·
1498 5345 1592 5397 καὶ
1626 5347 1861 5415 φιλονει-

196 5441 282 5492 κεῖ
319 5438 485 5509 μυρία
518 5437 546 5487 6
582 5432 760 5504 ἰατρὸς
783 5432 1061 5503 ἐξαλεῖψαι
1095 5434 1190 5487 καὶ
1211 5434 1310 5503 τὴν
1336 5430 1516 5502 οὐλὴν,
1545 5434 1604 5485 οὐ
1634 5434 1857 5489 δύναται

194 5526 284 5579 δέ’
317 5524 625 5579 ἀντιπίπτει
657 5520 765 5590 γάρ
797 5519 944 5589 αὐτῷ
972 5523 1005 5590 ή
1040 5522 1293 5575 ἀσθένεια
1330 5520 1427 5581 τῆς
1467 5518 1705 5587 φύσεως,
1763 5524 1857 5576 καὶ

252 5744 281 5849 ἲ
321 5745 403 5852 τίς
442 5742 550 5792 Sav.
596 5742 643 5790 iu
690 5739 806 5789 Mor.
852 5739 1072 5789 quadam
1111 5742 1307 5791 desunt.
1347 5742 1469 5805 Reg.
1518 5742 1623 5791 hinc
1676 5742 1843 5791 vitiata

273 5818 329 5852 cr
356 5840 369 5852 .

196 5816 369 5854 ῐειετι.

2003 902 2108 972 γῆς
2137 904 2237 972 τῆς
2274 904 2549 970 κολάσεως
2576 909 2669 961 καὶ
2696 909 3044 981 δικαιοσύνην
3072 912 3274 977 δίδωσι,
3297 915 3389 967 καὶ
3418 916 3562 967 ποιεῖ
3581 914 3671 968 τὸν

2000 992 2359 1061 ἡμαρτηκότα
2391 995 2504 1047 ῐσον
2522 990 2658 1048 εἶναι
2680 996 2759 1066 τῷ
2790 996 2863 1067 μὴ
2893 999 3253 1069 ἡμαρτηκότι.
3296 1002 3537 1072 Ἀναιρεῖ
3564 1002 3675 1073 γὰρ

1953 1098 1975 1105 ··
2000 1077 2062 1129 τὸ
2095 1078 2312 1150 ἀμάρτη
2322 1098 2425 1150 μα,
2462 1084 2552 1134 καὶ
2582 1088 2724 1137 ποιεῖ
2748 1086 2879 1138 αὐτὸ
2906 1086 3040 1157 μηδέ
3078 1083 3216 1143 εἶναι
3236 1129 3250 1152 ,
3290 1089 3426 1160 μηδὲ
3458 1090 3675 1159 γεγονέο

2000 1179 2089 1215 ναι
2110 1181 2124 1195 ο
2158 1164 2300 1218 οὕτω
2342 1168 2570 1222 καθόλου
2614 1171 2749 1224 αὐτὸ
2774 1173 2987 1243 ἀναιρεῖ
3006 1189 3019 1201 ⁶
3065 1172 3163 1227 οὐκ
3190 1174 3340 1245 οὐλὴ,
3372 1176 3472 1230 οὐκ
3502 1177 3669 1247 ίχνος,

2000 1252 2100 1304 οὐκ
2124 1252 2359 1323 ἐλεγχος,
2389 1258 2448 1309 οὐ
2476 1258 2688 1329 δεῖγμα.

2074 1345 2146 1407 γ’.
2171 1338 2274 1393 Καὶ
2308 1341 2473 1396 πόθεν
2497 1345 2653 1415 δῆλον
2668 1346 2860 1413 τοῦτο;
2890 1340 2990 1401 Ὧν
3002 1346 3111 1419 γὰρ
3136 1346 3246 1417 ἐγὼ
3274 1347 3437 1417 λέγω,
3452 1351 3544 1403 καὶ
3573 1355 3673 1417 τάς

1999 1427 2303 1493 ἀποδείξεις
2331 1431 2530 1498 ὀφείλω
2559 1435 2958 1506 παρασχέσθαι,
2992 1435 3133 1488 ὥστε
3172 1436 3248 1506 μὴ
3277 1437 3669 1505 ἀποφαίνεσθαι

2000 1514 2181 1583 μόνον,
2219 1516 2332 1569 ἀλλ’
2361 1519 2740 1573 ἀποδεικνύναι
2770 1521 2877 1574 ἀπὸ
2902 1520 3011 1576 τῶν
3034 1521 3285 1593 Γραφῶν,
3309 1524 3394 1575 ἶνα
3423 1525 3671 1597 ἀσφαλὴς

2001 1602 2158 1674 μείνῃ
2196 1606 2229 1674 ή
2264 1605 2624 1679 πληροφορία.
2667 1608 2888 1677 Εἰσάγω
2925 1605 3017 1663 οὖν
3049 1611 3178 1681 ὑμῖν
3212 1610 3531 1682 ἀνθρώπους
3578 1631 3669 1666 τε·

1996 1694 2503 1762 τραυματισμένους
2530 1735 2544 1756 ,
2579 1695 2749 1766 δῆμον
2794 1696 3107 1768 ὀλόκληρον,
3164 1697 3338 1751 ἐλκῶν
3374 1700 3668 1769 γέμοντας,

1999 1777 2309 1843 σηπεδόνος,
2346 1780 2645 1851 σκωλήκων
2666 1821 2680 1844 ,
2718 1782 2838 1835 ὅλον
2867 1784 3089 1854 τραῦμα
3115 1783 3293 1849 ὄντας,
3344 1784 3464 1838 ὅλον
3493 1787 3669 1853 ἕλκος,

1998 1862 2091 1915 καί
2123 1862 2264 1916 οὕτω
2289 1864 2622 1935 δυναμένους
2637 1868 3061 1939 θεραπευθῆναι,
3085 1870 3161 1934 ὼς
3184 1870 3260 1941 μὴ
3284 1874 3466 1942 μεῖναι
3485 1874 3665 1945 οὐλὴν,

1994 1947 2070 2011 ὡς
2100 1949 2175 2021 μὴ
2209 1953 2390 2021 μεῖναι
2424 1952 2586 2023 ῐχνος,
2618 1955 2693 2020 ὡς
2736 1956 2810 2028 μὴ
2844 1961 3022 2027 μεῖναι
3061 1957 3286 2027 δεῖγμα·
3318 1960 3418 2028 οὑχ
3437 1959 3495 2013 ἐν
3518 1962 3673 2031 έχον-

1995 2050 2093 2099 τας
2116 2036 2357 2108 τραῦμα,
2382 2041 2440 2092 ού
2466 2040 2580 2103 δύο,
2611 2043 2673 2095 οὐ
2708 2044 2854 2113 τρία,
2886 2046 2948 2097 ού
2977 2045 3239 2115 τέσσαρα,
3274 2047 3388 2101 ἀλλ’
3424 2048 3533 2101 ἀπὸ
3568 2066 3667 2102 πο-

1994 2119 2100 2208 δῶν
2147 2123 2251 2187 ἕως
2304 2126 2545 2197 κεφαλῆς
2572 2127 2795 2199 τραῦμα
2827 2130 3006 2196 ὄντας.
3042 2134 3285 2207 Πρόσεχε
3334 2137 3471 2208 μετά
3518 2138 3672 2208 ἀκρι-

1996 2205 2148 2270 ϐείας
2176 2209 2253 2278 τῷ
2284 2210 2425 2281 λόγῳ
2444 2230 2458 2243 ·
2490 2214 2668 2278 κοινὸς
2693 2215 2800 2286 γάρ
2821 2219 2855 2269 6
2879 2217 3035 2286 λόγος
3072 2205 3409 2292 οὗτοςίήμών
3436 2224 3529 2277 καὶ
3558 2205 3663 2275 σωε

1994 2293 2202 2378 τήριος.
2248 2296 2519 2367 Φάρμακα
2555 2300 2951 2367 κατασκευάζω
3001 2304 3111 2361 τῶν
3152 2308 3354 2378 ἰατρῶν
3401 2308 3663 2377 βελτίονα,

1994 2376 2081 2433 οἷα
2109 2381 2235 2436 οὔτε
2270 2384 2512 2454 βασιλεῖς
2542 2390 2954 2444 κατασκευάσαι
2996 2376 3271 2448 δύνανται.
3321 2376 3584 2459 Βασιλεὺς
3614 2397 3665 2449 τί

1991 2467 2245 2536 δύναται;
2278 2474 2663 2544 Δεσμωτηρίου
2696 2475 2967 2540 ἐκϐαλεῖν,
3008 2479 3234 2551 γεέννης
3278 2481 3335 2534 δὲ
3363 2481 3662 2553 ἐλευθερῶ-

1995 2572 2084 2611 σαι
2112 2560 2173 2611 ού
2206 2560 2455 2614 δύναται·
2488 2564 2746 2633 χρήματα
2786 2566 3152 2635 χαρίσασθαι,
3199 2567 3378 2641 ψυχὴν
3400 2570 3458 2623 δὲ
3490 2571 3661 2630 σῶσαι

1992 2646 2053 2696 οὑ
2085 2647 2325 2701 δύναται.
2367 2649 2527 2701 Ἀλλά
2570 2654 2635 2719 τῇ
2672 2654 2815 2721 χειρὶ
2841 2653 2939 2721 τῆς
2975 2654 3259 2723 μετανοίας
3310 2657 3455 2726 ὑμᾶς
3486 2660 3667 2728 ἐγχει-

1996 2732 2148 2803 ρίζω,
2182 2735 2267 2786 ἵνα
2296 2734 2502 2805 μάθητε
2532 2737 2704 2806 αὐτῆς
2732 2739 2830 2807 τὴν
2860 2738 3112 2810 δύναμιν,
3146 2741 3232 2795 ἴνα
3264 2742 3472 2814 μάθητε
3492 2746 3663 2817 αὐτῆς

1990 2820 2089 2891 τήν
2119 2822 2291 2890 ἰσχὺν,
2326 2822 2412 2875 ἵνα
2444 2822 2652 2893 μάθητε
2692 2825 2772 2877 ὅτι
2803 2826 2865 2878 οὐ
2902 2828 3237 2898 περιγίνεται
3276 2830 3447 2901 αὐτῆς
3482 2833 3664 2903 ἀμάρ-

1988 2924 2159 2977 τημα,
2192 2909 2313 2961 οὐδὲ
2346 2910 2461 2962 ἔστι
2494 2912 2810 2981 παρανομία
2853 2914 3111 2982 ἰσχύουσα
3142 2917 3525 2987 περιγενέσθαι
3560 2922 3661 2973 αύ-

1986 2997 2085 3066 τῆς
2116 2998 2214 3067 τῆς
2243 2997 2546 3067 δυνάμεως.
2605 2997 2753 3061 Τέως
2803 3001 3010 3068 εἰσάγω
3041 3002 3139 3071 οὐχ
3189 3003 3306 3065 ἕνα,
3354 3003 3413 3057 οὐ
3458 3005 3571 3071 δύο,
3597 3008 3659 3061 οὐ

1987 3086 2154 3153 τρεῖς,
2195 3083 2333 3137 ἀλλά
2374 3083 2617 3153 χιλιάδας
2666 3085 2867 3148 πολλάς
2911 3088 3257 3158 ήλκωμένας,
3298 3108 3661 3164 τετραυματιι-

1988 3174 2214 3243 σμένας,
2249 3175 2457 3244 μυρίων
2484 3175 2899 3245 ἁμαρτημάτων
2920 3177 3219 3245 γεμούσας,
3241 3178 3352 3232 ἀπὸ
3366 3180 3469 3250 τῆς
3496 3200 3662 3252 μετα-

1986 3260 2136 3323 νοίας
2183 3260 2489 3331 δυναμένας
2529 3260 2787 3332 σωθῆναι,
2841 3262 2917 3326 ὼς
2948 3264 3083 3333 μηδέ
3114 3264 3277 3335 ἴχνος,
3313 3268 3446 3339 μηδὲ
3498 3270 3660 3341 οὐλὴν

1985 3349 2129 3419 ἔχειν
2152 3349 2261 3402 τῶν
2289 3348 2462 3402 ἐλκών
2495 3349 2603 3403 τῶν
2642 3352 2942 3421 προτέρων.
2993 3352 3159 3406 Ἀλλά
3191 3359 3486 3426 προσέχετε
3519 3362 3657 3429 μετά

1984 3435 2271 3506 ἀκριϐείας
2286 3435 2363 3505 τῷ
2387 3436 2548 3505 λόγῳ,
2574 3438 2667 3489 καὶ
2689 3438 2763 3507 μὴ
2790 3439 3083 3508 προσέχετε
3108 3442 3288 3509 μόνον,
3316 3444 3453 3501 ἀλλά
3474 3448 3566 3498 καὶ
3587 3451 3653 3518 τῇ

1988 3526 2175 3594 μνήμῃ
2231 3523 2545 3595 παραδίδοτε
2585 3524 2652 3577 τά
2682 3526 2970 3594 λεγόμενα,
3000 3528 3085 3583 ἴνα
3139 3532 3385 3597 καὶτοὺς
3438 3536 3655 3590 ἀπολει-

1985 3611 2217 3679 φθέντας
2240 3611 2637 3682 συμϐιϐάσητε.
2671 3614 2764 3666 καὶ
2803 3614 2946 3668 οὕτω
2980 3619 3046 3686 τῇ
3083 3617 3324 3691 ὠφελείᾳ
3358 3621 3468 3675 τῶν
3507 3626 3653 3696 εἰρη-

1987 3702 2168 3769 μένων
2221 3702 2460 3771 ἐρήμους
2515 3701 2675 3765 ὄντας
2750 3703 3202 3777 σπουδαιοτέρους
3254 3714 3649 3783 καταστήσητε,

1982 3789 2249 3859 Παρέστω
2281 3790 2462 3842 τοίνυν
2500 3791 2729 3853 Ἡσαΐας
2771 3791 2800 3841 6
2840 3793 2947 3844 τῶν
2981 3794 3231 3864 Σεραφὶμ
3256 3797 3478 3869 θεωρὸς.
3516 3804 3545 3855 6
3590 3801 3652 3853 τὸ

1982 3876 2245 3945 μυστικὸν
2274 3875 2435 3945 μέλος
2479 3876 2719 3939 ἀκούσας
2744 3878 2940 3943 ἐκεῖνο,
2968 3882 2996 3933 6
3043 3882 3213 3951 μυρία
3252 3886 3380 3954 περὶ
3402 3886 3493 3939 τοῦ
3521 3889 3651 3959 Χριμ

1981 3962 2105 4016 στοῦ
2142 3961 2419 4031 προειπών
2439 3979 2451 3992 ·
2485 3964 2855 4035 ἐρωτήσωμεν
2887 3965 2941 4018 τί
2969 3983 3162 4037 φησιν’
3194 3970 3441 4038 ’Ὀριισις
3470 3972 3551 4041 ἣν
3567 3976 3649 4028 ει-

1978 4050 2085 4103 δεν
2115 4051 2364 4117 Ἡσαΐας
2399 4050 2549 4104 κατὰ
2570 4049 2681 4118 τῆς
2720 4052 3037 4120 Ἰουδαίας,
3071 4054 3169 4109 καί
3202 4059 3353 4112 κατὰ
3388 4058 3499 4128 τῆς
3547 4062 3652 4117 '18-

1971 4138 2316 4207 ρουσαλήμ.
2354 4138 2489 4191 Εἰπέ
2527 4139 2626 4207 τὴν
2679 4140 2867 4211 ὅρασιν
2926 4141 2992 4212 ἢν
3052 4140 3211 4207 εἶδες,
3276 4147 3503 4215 Ἄκουε,
3546 4153 3648 4205 οὐ·

1969 4226 2142 4293 ρανὲ,
2186 4226 2284 4280 καί
2303 4224 2596 4289 ἐνωτίζου,
2630 4227 2728 4295 γῆ,
2760 4227 2849 4280 ὅτι
2874 4230 3087 4296 Κύριος
3116 4230 3440 4299 ἐλάλησεν.
3482 4237 3646 4291 ’Δλλα

1979 4312 2427 4381 ἐαιτ·ηγγείλω,καλ⁸
2470 4312 2603 4366 ἄλλα
2649 4312 2842 4380 λέγεις.
2906 4313 3053 4386 ί545]
3096 4317 3230 4371 Ποία
3281 4319 3415 4374 ἀλλα
3471 4324 3643 4393 ἐπηγ-

1974 4398 2279 4467 γειλάμην;
2350 4398 2671 4467 Ἀρχόμενος
2730 4398 2908 4467 λέγεις
2928 4416 2942 4432 ο
3001 4402 3248 4470 Ὄρασις
3316 4410 3465 4462 κατὰ
3531 4410 3643 4480 τῆς

1986 4483 2278 4549 Ἰουδαίας
2329 4485 2425 4537 καί
2486 4484 2636 4537 κατὰ
2692 4485 3090 4559 Ἰερουσαλὴμ
3111 4529 3129 4556 ,
3180 4491 3276 4544 καὶ
3324 4493 3483 4563 ἀφεὶς
3544 4498 3642 4568 τὴν

1984 4572 2241 4626 Ἰουδαίαν
2267 4613 2282 4637 ,
2324 4574 2416 4626 καὶ
2452 4574 2549 4643 τὴν
2588 4575 2961 4648 Ἰερουσαλὴμ,
3010 4578 3224 4649 οὐρανῷ
3258 4583 3639 4657 προσδιαλέγῃ,

1970 4664 2065 4715 καὶ
2099 4663 2193 4716 ἐπὶ
2225 4664 2326 4735 τὴν
2353 4663 2461 4733 γῆν
2489 4663 2741 4728 ἐκκλίνας
2766 4664 2857 4718 τὸν
2887 4666 3061 4734 λόγον,
3090 4668 3309 4738 ἀφῆκας
3336 4672 3461 4733 τοὺς
3491 4672 3638 4742 λογις

1970 4751 2101 4814 κους
2130 4750 2472 4823 ἀνθρώπους,
2506 4753 2600 4806 καὶ
2642 4756 2755 4816 τοῖς
2792 4753 3006 4821 ἀλόγοις
3039 4757 3322 4824 στοιχείοις
3372 4757 3634 4834 διαλέγῃς

1981 4838 2200 4910 Ἐπειδὴ
2232 4839 2340 4892 τῶν
2369 4841 2578 4908 ἀλόγων
2608 4840 2936 4910 ἀλογώτεροι
2960 4840 3007 4892 οί
3029 4840 3235 4908 λογικοὶ
3265 4844 3511 4911 ἐγένοντο
3536 4864 3547 4876 °
3571 4850 3634 4901 οὐ

1966 4924 2054 4979 διὰ
2082 4926 2241 4980 τοῦτο
2267 4926 2321 4979 δέ
2349 4928 2528 4996 μόνον,
2569 4925 2682 4979 ἀλλ’
2717 4926 2905 4994 ἐπειδὴ
2938 4927 3147 4997 μέλλων
3184 4931 3212 4982 6
3244 4931 3483 5003 Μωῦσῆς
3523 4936 3634 4987 εἰσ-

1969 5015 2120 5082 άγειν
2148 5015 2345 5076 αὐτοὺς
2382 5015 2462 5075 είς
2494 5013 2593 5083 τὴν
2631 5013 2737 5082 γῆν
2759 5013 2858 5083 τῆς
2896 5016 3249 5084 ἐπαγγελίας,
3279 5020 3373 5071 καὶ
3414 5022 3631 5092 ἀφορῶν

1964 5101 2033 5153 τά
2061 5099 2319 5169 μέλλοντα
2336 5098 2675 5165 ἕσεσθαι,ὅτι
2704 5100 2771 5153 τά
2803 5100 3211 5170 παραδεδομένα
3244 5103 3465 5173 ἔμελλον
3490 5124 3628 5179 παρ-

1966 5186 2113 5241 ιδεῖν.
2148 5188 2375 5246 Ἄκουε.
2411 5186 2651 5255 οὐρανέ,
2681 5188 2835 5258 φησι,
2868 5190 2965 5241 καὶ
3013 5192 3354 5258 προσεχέτω
3394 5191 3469 5260 γῆ
3515 5195 3625 5261 ριξ-

1956 5290 2116 5342 ματα
2144 5273 2214 5328 ἐκ
2242 5276 2539 5344 στόματός
2557 5293 2695 5343 μου.
2724 5274 3176 5347 Διαμαρτύρομαι
3200 5278 3326 5346 ὑμῖν
3346 5278 3436 5330 τὸν
3464 5280 3626 5351 069a,-

1962 5362 2050 5413 νον
2079 5363 2171 5414 καὶ
2191 5361 2289 5432 τὴν
2321 5364 2443 5432 γῆν,
2470 5364 2499 5415 6
2522 5361 2760 5429 Μωῦσῆς
2789 5377 2974 5431 φησιν,
3005 5364 3086 5417 ὅτι
3116 5363 3210 5415 ἐὰν
3234 5363 3513 5436 εἰσέλθητε
3544 5371 3624 5433 εἰς

1960 5448 2060 5519 τὴν
2089 5448 2195 5515 γῆν
2232 5448 2597 5516 ἐπαγγελίας,
2650 5447 2745 5500 καὶ
2792 5448 3220 5518 ἐγκαταλείπητε
3282 5450 3485 5521 Κύριον
3532 5454 3623 5509 τὸν

1960 5535 2112 5600 Θεὸν,
2143 5535 2294 5607 ἔχετε
2341 5534 2795 5605 διασκεδασθῆναι
2842 5538 2921 5598 εἰς
2944 5535 3121 5589 πάντα
3143 5536 3212 5589 τὰ
3235 5536 3386 5608 ἔθνη.
3418 5535 3620 5594 Ἦλθεν

1971 5625 2215 5691 Ἡσαΐας,
2244 5625 2463 5695 ἔμελλεν
2496 5625 2529 5693 ή
2558 5624 2755 5695 ἀπειλὴ
2783 5626 2863 5688 εἰς
2894 5623 3053 5693 ἔργον
3105 5625 3433 5696 ἐκφέρεσθαι
3453 5643 3468 5657 ·
3519 5630 3620 5687 οὐκ

1959 5711 2184 5780 ἠδύνατο
2204 5712 2441 5766 Μωῦσέα
2470 5711 2696 5767 καλέσαι
2720 5713 2809 5764 τὸν
2837 5710 3193 5776 ἀποθανόντα,
3234 5715 3327 5767 καὶ
3346 5717 3470 5778 τοὺς
3498 5716 3620 5771 τότε

1959 5798 2295 5865 ἀκούσαντας
2331 5799 2423 5855 καὶ
2460 5798 2913 5870 τελευτήσαντας,
2958 5802 3053 5854 καὶ
3084 5800 3239 5855 καλεῖ
3263 5800 3331 5857 τὰ
3358 5807 3617 5876 στοιχεῖα,
