4432 6728
789 446 890 506 541

791 559 936 630 άπερ
956 556 1341 632 διεμαρτύρετο
1358 558 1618 628 Μωῠσῆς.
1661 559 1792 613 Ἱδοὺ
1812 559 2138 630 ἐξεϐλήθητε
2161 561 2258 632 τῆς
2279 561 2442 626 ἐπαγ-

788 647 994 717 γελίας,
1011 642 1055 701 ὦ
1077 647 1313 701 Ἰουδαῖοι
1339 664 1352 678 ο
1388 647 1494 700 ίδοὺ
1521 647 2006 714 ἐγκαταλελοίπατε
2021 648 2114 700 τὸν
2134 648 2265 701 Θεόν
2283 662 2296 675 ο
2325 644 2444 709 πῶς

794 751 854 788 σε
880 734 1112 797 καλέσω,
1136 735 1343 804 Μωῦσῆ
1363 751 1378 800 ;
1396 732 1665 798 ἀπέθανες
1683 733 1790 806 γὰρ
1820 733 1913 788 καὶ
1925 732 2298 804 ἐτελεύτησας.
2319 731 2444 795 Πῶς

792 821 1005 877 καλέσω
1022 821 1112 873 τὸν
1159 819 1403 892 Ἀαρὼν;
1447 821 1696 883 κάκεῖνος
1737 820 1958 890 τελευτῇ
2006 820 2298 891 παρεδόθη.
2331 819 2444 871 Οὑκ

791 909 934 980 εχεις
962 908 1075 970 πῶς
1105 907 1330 960 καλέσαι
1353 907 1668 978 ἄνθρωπον;
1700 908 1940 959 Κάλεσον
1963 908 2034 961 τά
2063 909 2320 978 στοιχεῖα.
2347 904 2445 957 Διά

790 997 900 1068 γάρ
926 995 1081 1050 τοῦτο
1103 992 1258 1062 κάγὼ
1291 995 1398 1060 ζῶν
1425 995 1543 1066 ούχὶ
1563 995 1652 1047 16v
1693 993 1900 1064 ’Λαρὼν
1935 993 2093 1063 μόνον
2117 1034 2131 1056 ,
2179 995 2272 1048 καὶ
2297 994 2443 1047 τόνδε

790 1084 884 1136 καὶ
910 1081 1060 1134 τόνδε
1087 1081 1555 1152 διεμαρτυράμην,
1580 1079 1876 1150 ἐπειδήπερ
1907 1079 2129 1150 ἔμελλον
2168 1081 2441 1149 τελευτᾷν,

788 1169 924 1225 ἀλλὰ
950 1170 1045 1222 καὶ
1075 1168 1144 1222 τά
1177 1170 1413 1237 στοιχεῖα
1447 1165 1514 1220 τά
1545 1166 1776 1236 μένοντα
1815 1165 2257 1237 διαμαρτύρομαι
2292 1167 2440 1235 ὑμῖν,

787 1258 877 1312 τὸν
907 1257 1130 1328 οὐρανὸν
1157 1258 1250 1310 καὶ
1283 1257 1378 1324 τὴν
1399 1255 1521 1324 γῆν.
1548 1256 1710 1321 Λέγει
1738 1252 1829 1310 οὖν
1850 1259 1878 1310 6
1915 1257 2160 1319 Ἡσαΐας
2214 1257 2439 1320 ΙἈκουε,

790 1341 1022 1410 οὐρανέ,
1048 1341 1143 1394 καὶ
1167 1340 1462 1400 ἐνωτίζου.
1492 1339 1590 1408 γῆ.
1631 1341 1804 1410 Ὑμάς
1833 1341 1940 1415 γάρ
1963 1341 2265 1394 ἐνετείλατο
2283 1343 2443 1394 Μωῦ-

789 1430 890 1500 σῆς
911 1427 1134 1482 καλέσαι
1162 1429 1420 1498 σήμερον.
1452 1427 1526 1478 Οὑ
1549 1427 1636 1479 διὰ
1664 1426 1821 1480 τοῦτο
1841 1427 1898 1480 δὲ
1924 1427 2083 1497 μόνον
2109 1428 2246 1482 αὑτά
2293 1427 2445 1481 καλεῖ

786 1517 855 1570 τά
877 1519 1132 1586 στοιχεῖα,
1146 1515 1259 1568 ἀλλ’
1276 1514 1461 1584 ἐπειδὴ
1477 1513 1720 1583 διελέχθη
1749 1517 1860 1576 τοῖς
1897 1515 2192 1578 Ἰουδαίοις.
2213 1518 2440 1578 Ἄκουε,

786 1601 1030 1669 οὐρανέ,
1073 1600 1259 1670 σὺγὰρ
1300 1600 1362 1652 16
1411 1600 1583 1669 μάννα
1625 1601 1996 1669 κατήνεγκαςο
2040 1601 2370 1666 Ἔνωτίζου,
2401 1602 2440 1668 ἠ

787 1689 885 1758 πῆ.
903 1690 967 1742 σὺ
991 1687 1100 1758 γάρ
1123 1687 1221 1756 τὴν
1245 1689 1659 1757 ὀρτυγομήτραν
1683 1685 1911 1750 ἔδωκας.
1934 1689 2172 1752 Ἄκουε,
2202 1686 2440 1756 οὐρανέ,

785 1776 964 1828 ἄκουε
983 1793 1000 1808 ο
1039 1776 1103 1828 σὺ
1140 1773 1248 1843 γάρ
1271 1773 1332 1826 τδ
1369 1773 1541 1842 μάννα
1572 1774 1938 1842 κατήνεγκας,
1965 1777 2030 1827 σὺ
2051 1775 2160 1846 γάρ
2185 1775 2324 1844 ὑπὲρ
2346 1773 2442 1844 τὴν

785 1861 948 1929 φύσιν
974 1860 1260 1926 ἐπιδείξειν
1297 1860 1409 1913 ἀνω
1433 1855 1520 1929 ἧς,
1549 1861 1644 1913 καὶ
1671 1860 1850 1913 ἁλωνα
1883 1862 2156 1930 ἐμιμήσω.
2206 1860 2440 1914 Ἐνωτίο

785 1948 906 2012 ζου,
1065 1950 1129 2001 σὺ
1161 1947 1266 2018 γάρ
1290 1947 1440 2000 κάτω
1469 1944 1556 2016 ἧς,
1589 1949 1680 2000 καὶ
1712 1946 1988 2018 τράπεζαν
2018 1947 2442 2017 ἐσχεδιασμένην

784 2038 1200 2100 κατεσκεύασας.
1239 2039 1435 2106 Ἥργει
1464 2039 1496 2106 ή
1531 2036 1710 2104 φύσις,
1739 2037 1832 2088 καὶ
1869 2035 2155 2106 εἰργάζετο
2189 2037 2222 2106 ἡ
2257 2035 2440 2106 χάρις.

783 2125 905 2178 ούδέ
931 2123 1068 2194 βοῶν
1104 2123 1351 2194 ἐργασία,
1382 2123 1472 2175 καὶ
1496 2124 1524 2173 6
1555 2121 1753 2190 στάχυς
1788 2121 2305 2191 παρεσκευασμένος
2329 2139 2342 2151 ο
2379 2124 2440 2176 οὑ

788 2211 1060 2282 μαγείρων
1082 2212 1280 2279 χεῖρες,
1311 2209 1410 2262 οὑκ
1439 2207 1739 2276 ἐπίταγμα,
1762 2206 1878 2259 ἀλλ’
1901 2202 1968 2277 ἦν
1991 2206 2051 2259 16
2077 2206 2250 2276 μάννα
2265 2209 2444 2262 πάντα

783 2298 1088 2367 γινόμενον,
1113 2295 1261 2366 πηγὴ
1295 2294 1638 2365 ἡγιασμένηο
1669 2295 1704 2363 ή
1737 2292 1897 2361 φύσις
1928 2293 2029 2360 τῆς
2056 2293 2260 2357 οἰκείας
2285 2294 2444 2347 ἀσθε-

784 2383 933 2447 νείας
965 2382 1276 2437 ἐπελάθετο.
1304 2380 1429 2443 Πῶς
1452 2380 1522 2433 τὰ
1557 2379 1747 2450 ἱμάτια
1789 2377 1967 2432 αὑτῶν
2004 2379 2066 2431 οὑ
2099 2380 2393 2452 κατετρίϐη
2427 2397 2442 2444 ;

784 2469 902 2534 πῶς
930 2469 999 2522 τά
1049 2469 1367 2538 ὑποδήματα
1416 2466 1593 2519 αὑτῶν
1628 2466 1728 2518 ούκ
1777 2463 2223 2535 ἐπαλαιώθησαν;
2260 2467 2445 2520 Πάντα

781 2557 1029 2626 ἐγένοντο
1052 2555 1186 2626 πρὸς
1209 2554 1305 2625 τὴν
1336 2552 1542 2606 τούτων
1589 2551 1885 2606 διακονίαν.
1927 2552 1992 2604 Ἀ
2004 2568 2165 2615 κουε,
2202 2553 2443 2620 οὐρανέ,

786 2645 884 2699 καὶ
922 2641 1216 2706 ἐνωτίζου,
1270 2639 1369 2710 γῆ.
1421 2639 1577 2693 Μετὰ
1613 2638 1721 2692 τῶν
1753 2639 2162 2708 ὑπομνημάτων
2219 2640 2448 2694 καὶτῶν

785 2729 1112 2804 εὐεργεσιῶν
1146 2728 1388 2791 ἐκείνων,
1427 2725 1704 2797 ὑϐρίζεται
1748 2728 1778 2778 6
1809 2727 2105 2797 Δεσπότης.
2147 2726 2264 2781 Τίνι
2298 2728 2448 2780 ἐντύ-

787 2835 896 2891 xm;
928 2818 962 2888 ἢ
995 2819 1151 2887 ὑμῖν;
1189 2814 1508 2886 Ἄνθρωπον
1545 2814 1645 2866 οὐκ
1693 2812 1802 2884 ἐχω
1837 2813 1929 2866 τὸν
1952 2814 2239 2867 ἀκούοντα.
2301 2814 2448 2869 Ἰδοὺ

786 2903 993 2976 ἦλθον,
1015 2903 1113 2959 καί
1137 2904 1249 2956 οὐκ
1284 2897 1362 2970 ἦν
1392 2900 1699 2967 ἄνθρωπος
1719 2916 1732 2929 ’
1762 2899 2058 2965 ἐλάλησα,
2107 2901 2203 2953 καὶ
2231 2902 2342 2954 οὐκ
2371 2899 2450 2971 ἦν

785 2990 1264 3058 όάκουσόμενος.
1290 2987 1414 3048 Τοῖς
1435 2985 1646 3052 ἀλόγοις
1677 2985 2014 3053 διαλέγομαι,
2053 2986 2238 3056 ἐπειδή
2274 2989 2322 3039 οί
2363 2987 2450 3041 λο-

785 3078 934 3145 γικοὶ
958 3079 1037 3140 είς
1064 3075 1269 3143 ἀλόγων
1295 3072 1564 3125 εὐτέλειαν
1589 3069 2018 3140 κατηνέχθησαν.
2050 3071 2147 3125 Διά
2175 3072 2332 3126 τοῦτο
2355 3075 2448 3127 καὶ

786 3165 944 3227 ἀλλος
973 3163 1258 3234 προφήτης
1277 3159 1464 3229 βλέπει
1487 3157 1577 3209 τὸν
1605 3156 1829 3225 βασιλέα
1847 3158 2190 3226 μαινόμενον,
2213 3158 2275 3211 16
2297 3159 2450 3212 εἴδω-

786 3264 876 3307 λον
905 3249 1354 3322 θεραπευόμενον,
1379 3245 1468 3298 τὸν
1500 3243 1630 3296 Θεὸν
1654 3243 2004 3314 ὑϐριζόμενον
2025 3283 2039 3306 ,
2091 3245 2218 3308 τοὺς
2255 3246 2448 3310 ἀλλους

785 3341 1028 3400 ἅπαντας
1049 3332 1477 3404 κατεπτηχότας,
1514 3329 1607 3382 καὶ
1644 3329 1824 3396 λέγει’
1867 3330 2191 3392 Ἀκουσον,
2234 3335 2446 3388 θυσια-

784 3423 1053 3490 στήριον,
1080 3419 1350 3473 ἄκουσόν
1369 3432 1508 3484 μου.
1538 3413 1684 3482 Λίθῳ
1709 3413 1954 3484 διαλέγῃς
1987 3415 2095 3466 Ναί
2116 3433 2128 3445 ·
2157 3417 2344 3488 ἐπειδὴ
2368 3417 2447 3470 λί-

785 3513 880 3564 θου
925 3507 1375 3576 ἀναισθητότερος
1414 3505 1442 3554 6
1487 3499 1754 3570 βασιλεύς.
1807 3502 2112 3555 Ἀκουσόν
2149 3519 2290 3570 μου,
2345 3509 2447 3558 θυ-

785 3597 1160 3665 σιαστήριον,
1182 3595 1450 3648 ἄκουσον
1467 3603 1482 3616 ·
1508 3588 1651 3642 τάδε
1668 3587 1827 3656 λέγει
1852 3590 2082 3655 Κύριος.
2116 3591 2223 3642 Καὶ
2247 3591 2446 3656 εὐθέως

787 3682 1062 3754 διεσχίσθη
1089 3681 1148 3734 16
1179 3678 1555 3747 θυσιαστήριον
1576 3691 1588 3704 ·
1625 3675 1717 3726 καὶ
1743 3676 1772 3726 6
1797 3673 1940 3737 λίθος
1961 3675 2209 3743 ήκουσεν,
2250 3677 2280 3728 ό
2301 3676 2447 3740 λίθος

787 3770 1021 3842 ἐρράγη,
1056 3768 1148 3820 καὶ
1173 3763 1350 3833 ἐξέχεε
1387 3761 1484 3832 τήν
1513 3760 1719 3812 θυσίαν.
1755 3758 1876 3821 Πῶς
1919 3760 2018 3812 ούκ
2045 3762 2276 3831 ἡκουσεν
2303 3765 2332 3815 ὁ
2357 3763 2448 3816 ἄν,

785 3859 1034 3930 θρωποςς
1075 3853 1332 3919 Ἐξέτεινε
1375 3846 1525 3921 [546]
1551 3846 1648 3917 τὴν
1681 3848 1835 3916 χεῖρα
1883 3846 2047 3900 αὑτοῦ
2079 3849 2324 3919 ἁρπάσαι
2356 3852 2445 3904 τὸν

785 3945 1071 4015 προφήτην
1096 3956 1108 3969 '
1146 3941 1241 3993 καὶ¹
1291 3938 1342 3990 τί
1369 3938 1510 3988 ποιεῖ
1538 3936 1567 3986 6
1606 3933 1776 3997 956;;
1819 3932 2109 4004 Ἑξήρανεν
2154 3938 2318 3990 αὑτοῦ
2349 3937 2448 4008 τὴν

784 4031 964 4098 χεῖρα.
999 4028 1172 4081 Βλέπε
1192 4026 1243 4078 τί
1271 4025 1514 4093 ἐποίησε,
1535 4020 1697 4089 βλέπε
1727 4019 2134 4090 φιλανθρωπίαν
2151 4025 2448 4092 Δεσπότου,

792 4117 886 4169 καὶ
922 4115 1192 4186 ἁμαρτίαν
1220 4112 1428 4166 δούλου.
1466 4112 1566 4166 Διά
1587 4115 1636 4166 τί
1668 4115 1727 4179 ἐξ
1744 4115 1913 4186 ἀρχῆς
1939 4114 2036 4165 οὑκ
2069 4113 2328 4183 ἐξήρανεν
2355 4113 2449 4167 αύ-

789 4203 884 4258 τοῦ
907 4203 1004 4272 τὴν
1031 4203 1214 4271 χεῖρα;
1242 4200 1359 4254 Ἵνα
1385 4200 1462 4269 τῷ
1493 4200 1654 4254 πάθει
1693 4200 1786 4254 τοῦ
1820 4201 1966 4253 λίθου
2015 4199 2448 4270 σωφρονέστερος

789 4292 1031 4360 γένηται.
1066 4289 1128 4341 El
1158 4288 1266 4358 γὰρ
1297 4289 1371 4358 μή
1400 4287 1621 4358 ἐσχίσθη
1658 4289 1687 4340 6
1734 4286 1914 4350 λίθος.
1977 4286 2266 4357 ἐφειδόμην
2323 4302 2444 4340 σου·

791 4377 979 4446 ἐπειδὴ
1008 4374 1065 4428 δὲ
1090 4374 1369 4443 διεσχίσθη
1392 4377 1421 4427 6
1453 4374 1618 4437 λίθος.
1649 4375 1743 4427 καὶ
1776 4376 1840 4428 σὺ
1869 4374 1930 4426 ού
1976 4371 2290 4443 διωρθώθης
2309 4413 2323 4437 ,
2357 4376 2449 4428 ἐπὶ

794 4463 856 4516 at
879 4463 1028 4531 φέρω
1048 4461 1146 4518 τὴν
1173 4460 1361 4528 ὀργήν.
1419 4458 1680 4522 Ἐξέτεινε
1719 4459 1814 4528 τὴν
1859 4463 2012 4530 χεῖρα
2064 4460 2309 4530 ἁρπάσαι
2359 4461 2449 4513 16v

1547 441 1603 496 S.
1635 440 1922 498 JOANNIS
1959 441 2449 499 υιιιιιδυδτοω
2493 441 2813 501 ARCIIIEP.
2857 446 3402 504 CONSTANTINOP.

4097 451 4209 508 352

2546 559 2834 628 ἐλάλησεν;
2883 564 3052 629 Υίούς
3082 561 3380 632 ἐγέννησα
3409 559 3504 613 καί
3536 561 3779 628 ῧεέεωσα,
3811 565 3982 620 αὐτοὶ
4024 568 4094 624 δέ
4128 584 4208 637 με

2543 645 2864 714 ἠθέτησαν.
2883 650 3076 717 Ἔγνω
3089 649 3245 714 βοῦς
3267 648 3372 702 τὸν
3392 646 3784 714 κτησάμενον,
3815 652 4051 723 [ἀλόγων
4077 653 4209 706 ἀλοο

2543 733 2819 806 γὼτεροι,]
2858 736 2955 788 καί
2995 737 3136 803 ὄνος
3176 736 3293 804 τὴν
3334 733 3567 804 φάτνην
3618 734 3722 788 τοῦ
3765 741 3976 804 κυρίου
4012 739 4208 794 αὐτοῦ

2548 821 2715 891 [ὄνων
2738 821 3146 894 ὸνωδέστεροιο]
3201 823 3444 892 Ἰσραὴλ
3473 821 3541 875 δέ
3559 837 3636 890 με
3664 823 3774 876 οὐκ
3812 823 3987 892 ἔγνω,
4045 827 4145 879 καί
4172 829 4208 880 ό

2543 909 2692 974 λαός
2703 925 2779 978 με
2799 911 2868 962 οὐ
2888 909 3178 976 συνῆκεν.
3211 911 3353 964 Οὐαὶ
3385 911 3558 975 ἔθνος
3594 908 3962 977 ἀμαρτθλιόν.
3995 912 4100 965 Διά
4126 913 4204 975 τί.

2545 996 2728 1064 φησὶν,
2759 995 2859 1048 οὑκ
2885 995 2960 1048 ἐνι
2990 996 3256 1067 σωτηρίας
3281 997 3463 1061 ἐλπίς;
3498 995 3640 1050 Οὐαί
3667 995 3756 1048 διὰ
3777 995 3830 1048 τί
3851 995 4050 1064 λέγεις,
4077 999 4206 1051 είπέ

2547 1100 2638 1150 μοι
2663 1101 2678 1147 ;
2711 1085 2833 1138 Ὅτι
2861 1087 2957 1156 οὑχ
2979 1085 3214 1154 εὑρίσκω
3239 1088 3400 1142 ῖασιν.
3439 1085 3584 1140 Οὐαί
3609 1084 3698 1138 διά
3728 1083 3780 1137 τί
3819 1084 3998 1152 λέγεις
4026 1102 4041 1149 ;
4079 1087 4207 1139 Ὀτι

2545 1169 2790 1241 ἐπέθηκα
2836 1171 3124 1243 φάρμακα,
3180 1174 3273 1226 καὶ
3316 1174 3415 1226 οὐκ
3452 1167 3560 1236 εἶξε
3599 1171 3658 1224 16
3685 1170 3838 1234 ’ἐλκος
3865 1187 3878 1201 ο
3921 1171 4011 1225 διά
4042 1171 4210 1225 τοῦτο

2544 1257 2918 1328 ἀπεστράφην.
2949 1259 3012 1310 Τί
3039 1255 3131 1313 οὖν
3163 1261 3270 1330 έχω
3307 1257 3561 1326 ποιῆσαι;
3594 1257 3714 1309 οὑδέ
3747 1256 4085 1328 θεραπεῦσαι
4112 1275 4208 1312 κο-

2545 1343 2654 1396 πιῶ
2671 1357 2720 1397 ι.
2755 1346 2919 1401 Οὐαί.
2966 1347 3278 1418 Θρηνοῦσαν
3303 1347 3533 1413 γυναῖκα
3571 1348 3842 1416 μιμεῖταισ
3879 1345 3972 1398 καὶ
4021 1345 4210 1410 καλῶς

2545 1434 2706 1484 ποιεῖ.
2742 1434 3068 1504 Παρακαλῶ,
3102 1431 3392 1504 προσέχετέ
3419 1447 3508 1499 μοι
3540 1431 3677 1502 μετὰ
3702 1432 4004 1504 ἀκριϐείας.
4029 1434 4202 1494 Οὐαί.

2542 1515 2629 1569 διὰ
2655 1518 2735 1580 τί;
2769 1520 2984 1590 Ἐπειδὴ
3015 1519 3183 1572 καὶτὸ
3202 1518 3331 1572 αὑτὸ
3359 1517 3450 1569 ἐπὶ
3481 1522 3746 1587 σωμάτων
3774 1519 4004 1588 γίνεται.
4031 1520 4209 1574 Ὀταν

2543 1603 2652 1672 γάρ
2679 1603 2762 1676 [δη
2788 1608 2816 1658 6
2849 1608 3027 1677 ίατρδς
3058 1606 3147 1658 τὸν
3179 1603 3436 1656 νοσοῦντα
3455 1605 3555 1656 οὑκ
3586 1604 3776 1673 ἔχοντα
3808 1607 4086 1678 σωτηρίας
4117 1607 4208 1659 ἐλρ

2545 1687 2690 1751 πίδα,
2715 1690 2962 1762 δακρύει,
2991 1691 3083 1743 καὶ
3111 1691 3158 1742 οἱ
3191 1690 3378 1740 οἰκεῖοι
3416 1688 3509 1739 καὶ
3545 1691 3908 1759 προσήκοντες
3939 1692 4208 1762 όλοφυρόυ

2548 1791 2696 1842 μενοι
2718 1777 3062 1838 στενάζουσιν
3084 1792 3100 1806 ο
3126 1775 3235 1827 ἀλλ’
3267 1776 3381 1825 ἐκεῖ
3399 1773 3521 1842 εἰκῆ
3551 1775 3645 1825 καῖ⁵
3671 1777 3866 1846 μάτην.
3900 1779 4074 1832 Ὅταν
4095 1778 4209 1847 γὰρ

2547 1859 2716 1931 μέλλῃ
2739 1860 2992 1931 τελευτᾷν
3020 1860 3339 1921 ὁτελευτῶν,
3369 1858 3470 1911 κᾶν
3502 1859 3530 1909 6
3553 1859 3755 1929 κόσμος
3781 1861 3900 1925 ὅλος
3931 1863 4205 1933 θρηνήσῃ.

2543 1946 2642 1998 οὑκ
2675 1948 2856 2014 ἐγερεῖ
2907 1949 3098 2001 αὑτόν·
3125 1948 3262 2000 ὥστε
3300 1945 3522 2007 πένθους
3561 1947 3589 1998 6
3627 1946 3844 2016 θρῆνος,
3875 1950 3936 2002 οὑ
3985 1949 4210 2018 διορθώ-

2546 2050 2702 2096 σεως.
2749 2035 2874 2088 Ἐπὶ
2891 2035 2948 2088 δὲ
2969 2037 3066 2104 τῆς
3089 2035 3264 2104 ψυχῆς
3291 2035 3389 2086 οὐκ
3419 2034 3534 2086 ἐστι
3567 2034 3744 2097 τοῦτο,
3783 2037 3899 2090 ἀλλ’
3943 2037 4040 2090 ἐὰν
4073 2037 4207 2108 θρηο

2545 2121 2734 2192 νήσῃς,
2763 2120 3022 2184 πολλάκις
3053 2122 3282 2190 ἐγείρεις
3315 2120 3403 2173 τὸν
3446 2123 3635 2191 νεκρὸν
3678 2125 3743 2193 τῇ
3774 2123 3940 2195 ψυχῇ.
3977 2123 4080 2176 Διά
4109 2124 4162 2176 τί
4187 2141 4204 2188 ;

2547 2207 2670 2259 Ὅτι
2697 2208 2758 2260 16
2783 2207 2941 2277 σῶμα
2967 2209 3064 2278 μὲν
3085 2207 3375 2272 ἀποθανὸν,
3408 2208 3508 2260 ούκ
3545 2210 3815 2280 ἐγείρεται
3852 2211 4082 2280 δυνάμει
4112 2213 4207 2263 άν-

2547 2291 2811 2364 θρωπίνῃ,
2826 2294 2970 2365 ψυχὴ
2991 2294 3046 2346 δέ
3061 2292 3399 2346 ἀποθανοῦσα
3422 2293 3702 2364 διορθώσει
3719 2297 4011 2366 ἐγείρεται.
4029 2296 4205 2349 Βλέπε

2547 2381 2763 2450 πόρνον,
2794 2381 2886 2432 καί
2915 2380 3206 2450 θρήνησον·
3246 2380 3338 2432 καὶ
3353 2380 3562 2449 ἐγερεῖς
3592 2381 3755 2432 αὑτὸν
3784 2382 4066 2445 πολλάκις.
4106 2383 4207 2435 Διά

2545 2466 2702 2519 τοῦτο
2725 2467 2820 2520 καὶ
2841 2467 3048 2528 Παῦλος
3069 2466 3166 2518 οὑκ
3197 2465 3402 2536 ἔγραφε
3435 2466 3615 2536 μόνον,
3636 2467 3755 2520 οὑδέ
3785 2469 4039 2538 παρῄνει,
4065 2469 4205 2522 ἀλλά

2547 2553 2640 2604 καὶ⁵
2658 2552 2868 2623 ἐθρήνει
2898 2552 3033 2622 μετά
3051 2551 3318 2623 δακρύων,
3337 2552 3598 2605 νουθετῶν
3618 2553 3713 2605 ἐνα
3733 2553 3982 2607 ἕκαστον.
4000 2555 4066 2606 Ἐ
4075 2572 4202 2618 στω,

2549 2639 2835 2702 νουθετεῖς,
2862 2640 2914 2691 τί
2933 2641 3025 2692 καὶ
3045 2639 3297 2708 δακρύεις
3323 2656 3338 2702 ;
3372 2641 3485 2692 ἰνα
3501 2640 3596 2692 ἐάν
3625 2641 3701 2710 μή
3728 2641 3921 2712 ίσχύσῃ
3952 2642 3986 2710 ἡ
4015 2641 4204 2698 νουθε-

2551 2725 2660 2787 σία,
2693 2724 2760 2778 τὰ
2795 2726 3004 2796 δάκρυα
3030 2724 3289 2796 βοηθήσῃ.
3320 2725 3475 2778 Οὖτω
3507 2727 3600 2779 καὶ
3628 2727 3655 2778 6
3683 2727 3970 2796 προφήτης
3993 2726 4203 2797 θρηνεῖ.

2561 2813 2618 2865 ’0
2648 2814 2920 2882 Δεσπότης
2949 2812 3103 2883 ήμῶν
3143 2811 3264 2864 ίδὼν
3307 2811 3406 2882 τὴν
3456 2812 3808 2882 Ἰερουσαλὴμ
3853 2816 4207 2866 πεπτωκυῖαν

2549 2899 2729 2967 λέγει·
2768 2899 3156 2967 Ἰερουσαλὴμ
3181 2901 3218 2966 ἠ
3240 2899 3680 2952 ἀποκτείνουσα
3707 2900 3846 2964 τοὺς
3870 2901 4204 2967 προφήτας,

2549 2988 2647 3040 καί
2718 2986 3115 3041 λιθοϐολοῦσα
3165 2985 3308 3052 τοὺς
3355 2985 3850 3054 ἀπεσταλμένους
3898 2987 4052 3053 πρὸς
4110 2986 4202 3042 σέ.

2561 3072 2932 3126 Ἀνακαλεῖται
2976 3073 3075 3143 τὴν
3120 3072 3274 3126 πόλιν
3303 3075 3670 3134 πεπτωκυῖαν,
3702 3073 3794 3126 καὶ
3837 3075 4083 3141 μιμεῖται
4116 3073 4209 3126 ἀνα

2548 3159 2759 3230 θρωπον
2786 3157 3105 3230 θρηνοῦντα.
3134 3161 3246 3212 Καὶ
3272 3162 3300 3211 6
3327 3160 3630 3228 προφήτηςο
3663 3159 3801 3211 Οὐαί
3827 3159 4005 3224 ἔθνος
4022 3161 4207 3229 άμαρο

2546 3245 2756 3309 τωλὸν,
2801 3248 2951 3311 λαιές
2999 3245 3238 3312 πλήρης
3289 3242 3612 3313 ἁμαρτιῶν·
3663 3245 3737 3314 μὴ
3783 3244 3896 3314 ἔχει
3946 3245 4100 3312 ὑγιὲς
4147 3246 4209 3300 16

2548 3331 2724 3402 σῶμα.
2757 3330 2908 3394 Εἶδες
2937 3332 3131 3393 αὑτοὺς
3161 3331 3539 3400 ἡλκωμένουςς
3580 3331 3815 3400 Σπέρμα
3841 3331 3992 3403 [347]
4017 3349 4207 3401 πονη-

2537 3417 2675 3485 ρὸν,
2718 3417 2838 3471 υιοὶ
2879 3418 3105 3485 ἄνομοι.
3143 3417 3242 3470 Διά
3285 3417 3335 3468 τί
3379 3417 3614 3487 θρηνεῖς.
3652 3418 3770 3470 εἰπέ
3803 3435 3926 3487 μοι;
3967 3420 4209 3486 Ἐγκατ-

2547 3505 2779 3558 ελίπετε
2803 3504 2909 3554 τὸν
2937 3504 3172 3570 Κύριον,
3200 3503 3294 3556 καί
3322 3504 3726 3571 παρωργίσατε
3747 3504 3852 3555 τὸν
3875 3503 4081 3571 ’Ἂγιον
4104 3503 4208 3558 τοῦ

2562 3589 2823 3658 Ἰσραήλ.
2859 3590 2918 3642 Τί
2945 3589 3029 3642 ἔτι
3058 3587 3322 3659 πληγῆτε
3339 3605 3358 3651 ;
3380 3584 3444 3640 Τί
3473 3589 3580 3658 έχω
3609 3589 3752 3658 ὑμᾶς
3779 3589 4012 3659 πλῆξαις
4039 3591 4208 3661 λιμῷο

2548 3677 2796 3748 ἢλοιμῷς
2821 3677 2976 3730 Πᾶσα
3002 3677 3235 3748 τιμωρία
3256 3672 3405 3748 ἦλθε,
3439 3677 3532 3728 καὶ
3558 3679 3591 3746 ή
3627 3676 3790 3728 κακία
3818 3676 3972 3747 ὑμῶν
4000 3677 4103 3728 οὑκ
4118 3679 4212 3730 ἁν-

2546 3763 2728 3836 ηλώθη
2737 3780 2750 3792 ·
2763 3762 3183 3832 Προστιθέντες
3195 3762 3640 3831 ἀνομίας-,Πᾶσα
3655 3761 3884 3831 κεφαλὴ
3895 3764 3983 3828 είς
3993 3764 4209 3830 πόνον,

2548 3852 2646 3906 καί
2673 3850 2841 3905 πᾶσα
2877 3847 3086 3917 καρδία
3107 3851 3192 3914 είς
3213 3849 3432 3915 λύπην.
3464 3850 3584 3902 Οὐκ
3604 3849 3692 3902 ἐνι
3711 3849 3954 3916 τραῦμα,
3994 3851 4068 3903 οὐ
4086 3850 4208 3917 μώ-

2548 3940 2704 4004 λωψ.
2742 3935 2917 3989 Καινά
2945 3936 2972 3975 ιι
2999 3935 3316 4005 πράγματα.
3356 3934 3468 4004 Πρὸ
3499 3934 3696 4005 μικροῦ
3725 3934 3909 4000 ἔλεγες
3927 3950 3940 3964 °
3967 3936 4209 4004 Σπέρμα

2550 4025 2834 4092 πονηρὸν,
2865 4023 2979 4076 vlo!
3012 4021 3671 4090 ἄνομοι.ἐγκατελίπετε
3699 4019 3809 4072 τὸν
3836 4023 4073 4086 Κύριον,
4109 4022 4209 4076 καί

2549 4113 2953 4181 παρωργίσατε
2997 4110 3102 4163 τὸν
3165 4109 3371 4176 Ἀγιον
3422 4105 3527 4158 τοῦ
3586 4106 3850 4173 Ἰσραήλο
3901 4108 4014 4171 καὶ,
4060 4111 4205 4163 Οὐαί

2547 4199 2720 4263 ἔθνος
2746 4195 3126 4266 ἀμαρτωλόν]
3152 4193 3401 4262 Θρηνεῖς,
3442 4192 3637 4260 κόπτῃ,
3672 4191 3855 4263 ὀδύρῃ.
3887 4193 4207 4262 καταλέγεις

2549 4286 2615 4338 τὰ
2642 4283 2950 4354 τραύματα,
2988 4281 3081 4333 καὶ
3110 4276 3344 4329 ἐπανιὼν
3370 4276 3567 4342 λέγεις,
3604 4277 3752 4328 Οὔτε
3788 4278 4035 4346 τραῦμα,
4069 4282 4208 4334 οὔτε

2545 4372 2810 4441 gmw;
2855 4366 3124 4434 Πρόσεχετ
3159 4359 3377 4430 τραῦμα
3406 4360 3525 4412 τότε
3562 4360 3793 4428 γίνεται,
3843 4363 3972 4416 ὅταν
4013 4365 4075 4416 16
4109 4365 4206 4434 μέν

2553 4457 2680 4509 ἄλλο
2709 4454 2872 4524 μέρος
2913 4450 3006 4503 τοῦ
3047 4448 3292 4516 σώματος
3324 4447 3470 4514 ὑγιὲς
3500 4441 3554 4520 ᾗ,
3586 4447 3643 4500 ἓν
3685 4448 3740 4501 δέ
3783 4450 3945 4522 μέρος
3973 4451 4068 4503 τοῦ
4105 4451 4206 4504 σώ-

793 4548 1103 4619 προφήτην,
1134 4545 1228 4596 καὶ
1261 4541 1530 4612 ἐξηράνθη
1561 4545 1594 4612 ή
1624 4543 1764 4612 χείρ.
1798 4543 2049 4611 Είστήκει
2083 4544 2142 4596 τὸ
2167 4544 2528 4614 τρόπαιονείφ
2557 4555 2721 4612 ματος
2757 4536 3076 4605 ἀναίσθητον
3111 4534 3245 4604 μένῃ
3267 4551 3281 4564 ο
3329 4533 3558 4587 ἐνταῦθα
3597 4544 3618 4574 ε
3656 4535 3712 4588 δὲ
3758 4536 3925 4604 λέγει,
3973 4539 4056 4592 ὅτι
4089 4538 4206 4592 ὅλον

794 4633 1080 4705 δορυφόροι
1117 4628 1358 4683 τοσοῦτοι
1413 4629 1505 4681 καὶ
1553 4627 1848 4697 στρατηγώ⁵
1874 4627 1966 4678 καὶ
2013 4627 2232 4697 βοήθεια
2260 4628 2448 4697 πολλὴ,

793 4728 886 4781 καὶ
914 4721 1010 4791 τὴν
1030 4721 1185 4789 χεῖρα
1212 4715 1374 4770 αὑτοῦ
1396 4713 1670 4767 συστεῖλαι
1689 4714 1786 4766 οὑκ
1806 4712 2067 4782 ἠδύναντο
2089 4731 2100 4742 ·
2138 4714 2254 4767 ἀλλ’
2282 4716 2456 4782 εἱστή-

792 4821 878 4858 κει
916 4809 951 4877 ή
993 4807 1112 4874 χεὶρ
1139 4802 1320 4872 φωνὴν
1350 4803 1591 4868 ἀφιεῖσα,
1632 4798 2012 4868 στηλιτεύουσα
2061 4797 2160 4868 τῆς
2201 4798 2456 4860 ἀσεϐείας

791 4893 892 4963 τὴν
923 4888 1108 4961 ἧτταν,
1137 4889 1230 4940 καὶ
1257 4885 1508 4948 ἀσεϐείας
1553 4886 1614 4938 16
1655 4884 1931 4955 τρόπαιον,
1960 4882 2055 4937 τοῦ
2081 4883 2215 4937 Θεοῦ
2267 4885 2454 4953 φιλανο

798 4977 1068 5049 θρωπίαν,
1103 4971 1352 5026 κάκείνου
1381 4972 1476 5041 τὴν
1511 4971 1786 5026 ἀπόνοιαν.
1834 4969 1937 5025 Καὶ
1978 4971 2251 5025 συστεῖλαι
2286 4969 2456 5040 αὑτὴν

795 5064 895 5118 οὑκ
923 5061 1200 5132 ἠδύναντο.

870 5188 932 5242 δ’
967 5185 1102 5239 Ἀλλ’
1133 5185 1220 5236 ἵνα
1253 5180 1326 5251 μὴ
1342 5179 1498 5246 λόγον
1521 5178 1586 5230 ἐκ
1609 5176 1766 5245 λόγου
1788 5177 2098 5244 ὑφαίνοντες
2129 5181 2228 5251 τῆς
2252 5183 2454 5236 ὑποθέο

803 5292 942 5336 σεως
969 5268 1374 5340 ἐπιλαθώμεθα,
1397 5266 1528 5336 φέρε
1552 5258 1642 5318 οῦν
1659 5263 1696 5318 ἁ
1713 5263 2152 5334 ἐπηγγειλάμεθα
2171 5268 2454 5340 δείξωμεν.

802 5362 869 5414 Τί
901 5360 958 5413 δὲ
989 5356 1439 5428 ἐπηγγειλάμην;
1471 5353 1593 5406 Ὀτι
1619 5353 1668 5404 εί
1703 5349 1870 5422 μυρία
1889 5351 2180 5420 τραύματά
2211 5373 2294 5419 τις
2319 5357 2454 5426 ἔχει,

807 5445 1128 5514 μετανοήσει
1154 5442 1211 5494 δέ
1246 5443 1339 5494 καὶ
1370 5440 1584 5511 ποιήσει
1607 5435 1666 5490 16
1691 5435 1953 5508 χρηστὸν,
1991 5435 2163 5501 οὕτως
2204 5442 2342 5495 αὑτά
2369 5441 2460 5505 ἐξ-

805 5531 1012 5599 αλείφει
1031 5532 1059 5582 6
1084 5526 1237 5591 Θεὸς,
1260 5526 1334 5587 ὡς
1365 5527 1497 5596 μηδέ
1521 5523 1703 5595 οὐλὴν,
1731 5522 1864 5594 μηδέ
1895 5519 2069 5592 ἴχνος,
2104 5525 2236 5596 μηδὲ
2261 5528 2458 5597 δεῖγμα

809 5617 1088 5687 φαίνεσθαι
1107 5613 1217 5667 τῶν
1241 5613 1516 5682 προτέρων
1550 5611 1956 5683 ἁμαρτημάτων
1979 5626 1994 5642 ·
2022 5610 2190 5664 ταῦτα
2227 5613 2460 5682 ὑποσχό-

813 5721 991 5775 μενος,
1023 5701 1192 5756 ταῦτα
1239 5697 1498 5763 ἐπιδεῖξαι
1544 5701 1889 5769 πειράσομαι.
1947 5699 2184 5761 Ἀκουε,
2216 5699 2456 5768 οὐρανέ,

809 5787 907 5844 καί
933 5789 1218 5854 ἐνωτίζου,
1240 5785 1337 5856 γῆ,
1361 5785 1448 5839 ὅτι
1484 5785 1690 5852 Κύριος
1718 5785 2042 5854 ἐλάλησεν.
2097 5785 2230 5840 Είπέ
2276 5804 2364 5856 μοι
2398 5786 2454 5841 τί

2555 4624 2772 4696 τραῦμά
2800 4625 2962 4676 ἐστιν.
2984 4623 3128 4675 Οὔτε
3150 4620 3394 4689 τραῦμα,
3416 4623 3550 4676 οὐτε
3571 4623 3818 4693 μώλωψ,
3842 4626 3980 4678 οὔτε
4000 4625 4204 4695 πληγὴ

2557 4711 3024 4781 φλεγμαίνουσα,
3058 4707 3192 4760 ἀλλὰ
3219 4708 3324 4761 ἀπὸ
3356 4709 3526 4761 ποδῶν
3556 4711 3658 4773 ἓως
3688 4710 3930 4778 κεφαλῆς
3961 4711 4061 4763 οὐκ
4093 4712 4205 4764 ἐστι

2561 4799 2820 4869 μάλαγμα
2863 4795 3148 4858 ἐπιθεῖναι,
3176 4795 3295 4848 οὒτε
3326 4795 3521 4858 ἔλαιον,
3550 4796 3672 4849 οὔτε
3712 4797 4100 4866 καταδέσμους.
4139 4797 4207 4852 ἸΙ

2558 4886 2630 4956 γῆ
2660 4884 2828 4954 ὑμῶν
2850 4884 3086 4951 ἕρημος,
3109 4883 3166 4934 al
3199 4886 3402 4948 πόλεις
3425 4883 3842 4952 πυρίκαυστοι,
3878 4883 3993 4950 τὴν
4010 4883 4206 4952 χώραν

2557 4973 2722 5044 ὑμῶν
2763 4972 3063 5037 ἀλλότριοι
3095 4972 3494 5025 κατεσθίουσι.
3537 4971 3717 5024 Πάντα
3749 4971 3922 5026 ταῦτα
3951 4970 4204 5042 ἐποίησα,

2558 5062 2651 5113 καὶ
2675 5060 2831 5128 ὑμεῖς
2851 5057 2910 5108 οὑ
2929 5053 3265 5127 διωρθὼθητε
3286 5073 3300 5087 ο
3323 5058 3498 5112 πάντα
3526 5058 3758 5126 ἐποίησα
3775 5059 3843 5113 τά
3870 5057 3971 5128 τῆς
3992 5057 4206 5128 τέχνης,

2557 5147 2586 5198 6
2617 5145 2672 5198 δὲ
2715 5139 2932 5210 νοσερὰς
2987 5140 3132 5210 μένει
3179 5142 3386 5214 νεκρός.
3431 5143 3626 5208 Δεῦτε,
3675 5144 3975 5198 ἀκούσατε
4022 5143 4205 5212 λόγον

2560 5231 2800 5296 Κυρίου.
2824 5230 2877 5280 οι
2907 5226 3190 5295 ἄρχοντες
3215 5229 3491 5297 Σοδόμων
3517 5230 3614 5282 καί
3655 5230 3981 5298 Γομόρρας.
4013 5228 4076 5280 Τί
4107 5245 4207 5296 μοι

2560 5314 2791 5383 πλῆθος
2820 5313 2936 5367 τῶν
2963 5316 3185 5368 θυσιῶν
3212 5315 3412 5384 ὑμῶν;
3458 5316 3523 5368 Τί
3571 5311 3694 5380 οὗνς
3742 5315 4064 5385 Σοδομηνοῖς
4095 5314 4208 5367 δια-

2561 5402 2773 5470 λέγεται
2795 5420 2810 5469 ;
2866 5403 3030 5472 Ούχὶ.
3082 5401 3215 5456 ἀλλά
3288 5401 3570 5466 Ἰουδαίους
3634 5400 3965 5472 Σοδομηνοὺς
4013 5397 4200 5453 καλεῖ⁶

2622 5670 2646 5698 ⁸
2682 5669 2829 5718 Savil.
2853 5669 2905 5715 ού
2931 5668 3127 5727 δύναμαι
3147 5667 3443 5727 θεραπεῦσαι.

2621 5731 2649 5771 b
2668 5729 2749 5792 Sic
2769 5730 2917 5792 sam.
2939 5731 3003 5776 At
3026 5728 3198 5792 Mqrel.
3222 5729 3351 5792 κενά.
3427 5788 3439 5792 _
3527 5783 3544 5792 -

2630 5796 2650 5823 ’³
2679 5789 2826 5841 Savil.
2848 5791 3064 5845 σώματος
3085 5791 3170 5850 ἔχῃ
3195 5788 3394 5851 τραῦμαο
3421 5785 3626 5834 ἐνταῦθα.
