4406 6698
343 498 442 549 541

339 600 450 652 cat,
474 595 592 655 quae
621 595 948 641 (-ontestatus
974 586 1325 655 eratMoyses.
1354 586 1486 641 Ecce
1513 603 1540 640 a
1574 587 1923 656 promissione

344 676 616 733 excidistis
642 721 657 741 ,
704 694 738 733 ο
773 678 940 734 Judaei
975 695 990 730 :
1022 692 1148 731 ecce
1185 676 1538 748 dereliquistis
1573 679 1760 732 Deum.
1810 680 1924 745 Quo

343 781 499 839 pacto
540 781 590 825 te
628 772 932 833 advocabo,
981 769 1226 840 Moyses?
1262 770 1542 826 defunctus
1586 769 1727 825 enim
1769 787 1846 836 es,
1875 783 1924 826 et

343 863 504 917 vitam
528 864 727 918 abiisti.
759 864 876 928 Quo
903 871 1056 929 pacto
1087 861 1209 915 item
1246 863 1507 918 Aaronem
1539 862 1811 916 evocabo?
1842 863 1927 916 ille

341 970 557 1024 quoque
620 964 846 1007 mortem
909 953 1182 1019 oppetivit.
1263 953 1375 1007 Non
1446 962 1601 1022 potes
1660 951 1926 1006 hominem

339 1045 605 1099 evocare?
645 1057 810 1097 evoca
855 1041 1136 1097 elementa.
1180 1043 1379 1097 Idcirco
1405 1044 1630 1096 enimet
1676 1057 1773 1110 ego
1799 1042 1924 1096 dum

340 1138 597 1201 viverem,
637 1149 741 1188 non
779 1137 1043 1188 Aaronem
1091 1135 1282 1202 solum,
1329 1151 1432 1189 non
1477 1135 1624 1188 illum
1675 1144 1728 1189 et
1781 1135 1926 1188 illum

342 1226 684 1281 contestabar
705 1267 720 1290 ,
751 1226 871 1294 quia
900 1226 1094 1282 obituri
1133 1236 1312 1292 erant;
1349 1227 1442 1281 sed
1486 1227 1744 1280 elementa
1766 1269 1780 1289 ,
1811 1243 1930 1294 quae

341 1327 582 1380 manent,
606 1332 798 1384 nempe
819 1317 1005 1370 caelum
1043 1327 1097 1372 et
1124 1329 1342 1382 terram,
1374 1326 1666 1372 contestor.
1698 1319 1782 1371 Ait
1829 1319 1927 1384 igi-

342 1418 430 1462 tur
462 1409 641 1470 Isaias,
666 1407 821 1474 Audi,
850 1409 1048 1472 caelum,
1078 1419 1123 1463 et
1145 1411 1349 1464 auribus
1378 1411 1594 1476 percipe,
1626 1419 1779 1463 terra.
1823 1409 1930 1463 Vos

343 1501 485 1553 enim
506 1503 661 1569 jussit
685 1501 894 1572 Moyses
921 1500 1076 1554 hodie
1099 1501 1377 1558 advocare.
1401 1502 1582 1572 Neque
1605 1502 1739 1555 hanc
1759 1501 1931 1554 solum

345 1590 416 1642 ob
441 1606 652 1645 causam
693 1603 846 1647 vocat
873 1593 1154 1657 elementa,
1184 1595 1274 1648 sed
1304 1597 1423 1664 quia
1451 1595 1668 1650 Judmos
1697 1595 1932 1662 alloque-

345 1678 522 1732 batur.
557 1683 710 1748 Audi,
754 1683 934 1737 calum
957 1698 977 1746 ;
1004 1693 1058 1736 tu
1083 1683 1223 1736 enim
1254 1700 1442 1738 manna
1489 1685 1748 1739 demisisli
1779 1701 1792 1737 :
1823 1682 1930 1735 Au-

344 1770 483 1822 ribus
512 1774 727 1841 percipe,
775 1785 946 1837 terra;
973 1782 1030 1826 tu
1078 1788 1303 1842 namque
1347 1776 1673 1829 coturnicem
1718 1773 1928 1828 dedisti.

346 1864 505 1928 Audi,
530 1865 726 1931 caelum,
750 1867 870 1920 audi
900 1886 915 1921 :
947 1877 1000 1921 tu
1027 1866 1168 1920 enim
1190 1881 1378 1920 manna
1401 1866 1659 1920 demisiSIi
1678 1883 1692 1931 ;
1713 1875 1767 1920 tu
1789 1866 1928 1918 enim

344 1970 466 2022 qu:e
493 1970 648 2023 supra
676 1968 915 2013 naturam
938 1967 1091 2013 erant
1111 1958 1393 2012 exhibuisti
1429 1976 1443 2013 :
1472 1974 1682 2012 sursum
1707 1974 1847 2021 eras,
1873 1969 1928 2012 et

345 2060 525 2100 aream
575 2046 883 2103 imitabaris.
943 2050 1162 2102 Auribus
1208 2050 1427 2118 percipe,
1463 2059 1592 2102 terra
1632 2065 1651 2102 :
1696 2057 1750 2102 tu
1791 2050 1932 2102 enim

344 2135 594 2188 deorsum
634 2151 750 2191 eras
779 2179 794 2201 ,
839 2147 892 2192 et
955 2138 1372 2205 extemporalem
1429 2153 1668 2192 mensam
1707 2137 1925 2204 parasti.

343 2226 525 2278 Otiosa
550 2235 660 2279 erat
690 2235 894 2293 natura,
922 2237 972 2280 et
990 2228 1156 2295 gratia
1183 2236 1398 2295 operata
1422 2235 1504 2281 est
1534 2242 1548 2278 :
1579 2227 1738 2280 boum
1760 2226 1936 2278 nullus

346 2326 465 2369 erat
490 2315 660 2380 labor,
688 2327 741 2371 et
769 2320 910 2386 spica
939 2317 1338 2386 proferebatur:
1372 2332 1476 2371 non
1502 2332 1789 2386 coquorum
1819 2332 1934 2369 nia-

345 2423 467 2470 nus,
494 2423 599 2462 non
625 2409 830 2476 jussum
859 2411 1044 2464 aderat
1077 2429 1090 2465 :
1119 2411 1211 2466 sed
1250 2426 1445 2464 manna
1473 2410 1632 2463 fontis
1659 2409 1827 2462 sancti
1857 2409 1937 2460 in-

343 2510 456 2553 Star
478 2500 716 2554 omnium
746 2503 916 2555 vicem
947 2502 1228 2569 supplebat
1267 2521 1280 2556 :
1314 2511 1498 2555 natura
1530 2501 1757 2569 propria:
1784 2500 1936 2554 inlir-

344 2591 545 2644 mitatis
600 2590 1031 2646 obliviscebatur.
1093 2592 1210 2656 Quo
1261 2600 1412 2660 pacto
1473 2592 1711 2659 ipsorum
1759 2601 1938 2646 vestes

343 2680 554 2734 detrita:
580 2695 684 2734 non
712 2682 880 2735 sunt?
907 2681 1185 2746 Quomodo
1204 2683 1435 2752 ipsorum
1453 2683 1809 2737 caleeamenta
1829 2697 1933 2735 non

345 2779 469 2823 sunt
494 2779 752 2826 vetustate
774 2773 1127 2838 consumpta?
1158 2773 1344 2826 Omnia
1375 2773 1441 2825 ad
1465 2773 1672 2825 illorum
1698 2772 1937 2828 ministe-

347 2861 486 2913 rium
544 2861 920 2916 inserviebant.
967 2862 1123 2924 Audi,
1171 2861 1373 2927 caelum,
1405 2871 1452 2916 et
1479 2863 1684 2915 auribus
1717 2864 1931 2932 percipe,

345 2958 502 3001 terra.
536 2949 660 3002 Post
691 2959 766 3003 tot
797 2951 1014 3011 monita.
1044 2962 1162 3020 post
1191 2961 1266 3005 tot
1310 2951 1590 3015 benelicia,
1620 2953 1933 3007 contumelia

347 3038 580 3091 allieitur
609 3039 879 3093 Dominus.
912 3041 1078 3106 Quem
1127 3041 1408 3109 alloquar?
1436 3057 1561 3095 num
1591 3043 1726 3095 vos?
1754 3041 1934 3095 Nemi-

347 3143 470 3180 nem
499 3128 587 3196 qui
614 3129 788 3181 audiat
821 3129 1011 3183 habeo.
1043 3129 1174 3182 Ecce
1192 3131 1322 3196 veni,
1348 3139 1393 3184 et
1416 3133 1588 3184 nullus
1619 3142 1725 3185 erat
1746 3133 1935 3185 homo:

346 3220 584 3282 loquutus
614 3237 745 3285 sum,
777 3238 867 3274 nec
887 3233 996 3275 erat
1022 3225 1106 3291 qui
1127 3224 1341 3275 audiret.
1381 3223 1766 3278 lrrationabilia
1798 3224 1937 3278 allo-

346 3324 503 3375 quar,
551 3309 975 3378 quandoquidem
1023 3312 1364 3365 rationabiles
1393 3312 1458 3365 ad
1497 3312 1934 3367 irrationabilium

347 3398 602 3452 vilitatem
627 3400 828 3465 delapsi
856 3411 994 3452 sunt.
1020 3400 1374 3466 Quamobrem
1407 3403 1539 3455 alius
1570 3403 1829 3470 propheta
1856 3405 1935 3456 vi-

345 3489 436 3541 det
466 3489 728 3544 furentem
764 3506 965 3559 regem,
996 3492 1190 3545 idolum
1217 3493 1361 3544 cultu
1398 3491 1736 3555 honoratum,
1768 3494 1933 3548 Deum

345 3582 663 3635 contumelia
694 3582 963 3648 allectum,
1007 3584 1140 3637 alios
1170 3599 1358 3637 omnes
1379 3587 1650 3647 attonitos,
1682 3595 1736 3640 et
1763 3586 1888 3639 dicit
1919 3601 1935 3639 :

348 3672 482 3722 Audi
524 3689 621 3734 me,
671 3674 851 3735 altare,
903 3676 1027 3726 audi
1068 3691 1146 3728 me
1193 3676 1270 3742 (3.
1321 3674 1446 3744 Reg.
1497 3677 1582 3728 I5.
1629 3677 1721 3745 2).
1778 3677 1936 3744 Lapi-

349 3761 469 3813 dem
498 3776 564 3814 ne
590 3761 912 3830 alloqucris?
941 3765 1114 3818 Etiam
1150 3784 1162 3817 :
1186 3765 1614 3834 quandoquidem
1644 3783 1734 3820 rex
1762 3767 1937 3820 minus

348 3861 430 3904 est
472 3866 688 3921 compos
734 3870 1006 3918 SI'IISIIum,
1050 3871 1207 3924 quam
1253 3858 1404 3924 lapis.
1446 3858 1580 3910 Audi
1618 3875 1714 3923 me,
1755 3861 1933 3925 altare,

349 3942 514 4007 audi;
543 3943 649 3995 lucc
674 3944 795 3994 dicit
826 3942 1093 3998 Dominus.
1127 3946 1190 3999 Et
1231 3948 1406 4000 statim
1454 3949 1621 4003 altare
1668 3949 1936 4016 diruptum

351 4043 432 4085 est
465 4052 477 4086 :
507 4042 558 4087 et
579 4034 710 4101 lapis
732 4035 950 4098 audivit,
981 4037 1113 4105 lapis
1139 4037 1380 4106 diruptus
1408 4049 1508 4097 est.
1535 4052 1588 4093 et
1615 4041 1935 4095 sacrificium

352 4121 555 4174 effudit.
589 4122 866 4187 Quomodo
882 4141 984 4177 non
1017 4127 1213 4179 audivit
1235 4126 1428 4180 homo?
1447 4127 1704 4180 Extendit
1722 4146 1935 4182 manum

352 4228 522 4275 suam,
581 4225 632 4266 ut
678 4224 884 4282 raperet
923 4217 1232 4283 prephetam
1263 4235 1275 4269 :
1307 4227 1360 4271 et
1406 4218 1530 4286 quid
1576 4218 1698 4272 facit
1754 4219 1936 4272 Deus?

353 4303 586 4358 Arefecit
612 4305 724 4372 ejus
753 4321 987 4359 manum.
1013 4306 1145 4360 Vide
1169 4307 1416 4375 quidnam
1463 4308 1664 4372 fecerit,
1686 4309 1805 4363 vide
1832 4309 1936 4362 Do-

357 4394 485 4446 mini
516 4394 845 4448 clementiam
879 4435 893 4456 ,
925 4405 974 4449 et
1005 4398 1142 4449 servi
1189 4409 1484 4464 peccatum.
1518 4399 1693 4464 Quare
1739 4415 1842 4453 non
1870 4400 1936 4451 ab

352 4481 504 4534 initio
529 4499 741 4536 manum
770 4484 881 4552 ejus
923 4484 1179 4538 arefecit?
1206 4486 1272 4541 Ut
1312 4487 1522 4555 dirupto
1552 4489 1723 4556 lapide
1751 4491 1936 4555 resipi-

352 4582 547 4626 sceret.
581 4575 790 4629 Etenim
841 4575 884 4628 si
917 4576 1045 4644 lapis
1072 4577 1316 4645 diruptus
1343 4594 1448 4632 non
1497 4581 1699 4642 luisset,
1731 4583 1822 4636 tibi
1847 4596 1938 4650 pe-

353 4662 680 4728 percissent:
731 4667 852 4734 quia
881 4681 1005 4719 vero
1051 4666 1303 4720 discissus
1351 4677 1432 4722 est
1471 4670 1623 4739 lapis,
1673 4679 1727 4724 et
1747 4681 1800 4724 tu
1833 4687 1936 4725 non

350 4751 664 4807 emendatus
705 4773 783 4820 es,
817 4758 946 4810 iram
973 4758 1023 4810 in
1065 4767 1114 4811 te
1140 4759 1415 4811 transfero.
1449 4760 1699 4814 Extendit
1725 4778 1937 4816 manum

352 4847 412 4892 ιιι
459 4852 668 4908 raperet
715 4847 1048 4915 prophetam,
1086 4860 1136 4902 et
1179 4848 1402 4902 arefacta
1433 4859 1516 4903 est
1565 4867 1773 4906 manus.
1806 4853 1937 4906 Ere-

351 4940 496 4985 ctum
526 4941 640 4984 erat
688 4943 944 5001 tropaeum
979 4958 992 4992 :
1025 4941 1245 4994 aderant
1292 4947 1367 4994 tot
1395 4941 1652 4995 satellites
1680 4953 1732 4995 et
1779 4943 1938 4994 duces

353 5020 647 5084 exercitus,
665 5024 921 5077 auxilium
950 5029 1155 5096 ingens,
1178 5038 1232 5083 et
1252 5045 1462 5083 manum
1483 5030 1599 5097 ejus
1623 5031 1938 5084 contrahere

355 5127 460 5165 non
504 5120 783 5179 poterant;
831 5115 923 5169 sed
955 5119 1125 5172 stabat
1155 5137 1341 5175 manus
1379 5137 1506 5175 voce
1532 5122 1808 5175 declarans
1836 5122 1936 5174 im-

357 5201 564 5269 pietatis
597 5202 1040 5271 prolligationem,
1083 5209 1296 5274 pictatis
1343 5221 1618 5280 tropaeum,
1671 5211 1762 5265 Dei
1811 5227 1936 5280 erga

359 5292 600 5347 homines
627 5292 1026 5363 benignitatem,
1060 5298 1199 5350 illius
1227 5302 1504 5356 insaniam.
1533 5301 1599 5356 Et
1629 5301 1770 5355 illam
1806 5316 1938 5356 con-

361 5383 569 5437 trahere
591 5397 695 5437 non
726 5395 988 5451 poterant.

429 5479 484 5531 4.
512 5474 705 5530 Verum
738 5493 802 5530 ne
833 5481 1053 5534 verbum
1079 5496 1143 5536 ex
1176 5480 1341 5535 verbo
1371 5492 1614 5540 texentes
1643 5484 1939 5554 argumenti

369 5568 754 5633 obliviscamur,
797 5583 893 5637 age
939 5587 1058 5636 qua:
1087 5573 1304 5642 polliciti
1342 5590 1528 5628 sumus
1571 5577 1937 5630 ostendamus.

359 5659 622 5724 Quidnam
652 5660 868 5731 polliciti
907 5677 1092 5719 sumus
1122 5665 1144 5717 ?
1171 5665 1322 5733 Quod
1354 5667 1395 5722 si
1421 5667 1540 5736 quis
1578 5669 1845 5721 sexcentis
1874 5668 1944 5722 sit

362 5749 586 5806 allectus
613 5751 937 5815 vulneribus,
967 5755 1434 5828 pmnitentiamque
1463 5765 1599 5826 agat,
1645 5767 1693 5809 et
1746 5757 1940 5810 bonum

361 5851 633 5907 operetur,
685 5845 762 5898 sic
799 5857 857 5897 ea
884 5841 1081 5896 delebit
1128 5845 1286 5911 Deus,
1332 5859 1385 5902 ut
1436 5863 1531 5902 nec
1563 5845 1778 5902 cicatrix
1801 5889 1817 5912 ,
1845 5861 1944 5902 nec

365 5929 665 5995 vestigium,
707 5949 804 5991 nec
851 5932 1096 5989 indicium
1135 5937 1371 6004 priorum
1403 5949 1738 6010 peccatorum
1780 5951 1944 6008 appa-

1445 493 1532 546 ΠΕ
1576 492 2039 548 ΡαΞΝΙΤΙ-ΙΝῚΊΑ.
2087 494 2306 548 ιιυιιιι.
2354 495 2488 549 VIII.

3507 495 3613 548 3i!

2036 596 2168 640 reat.
2196 586 2318 641 Ilmc
2346 589 2584 656 promisi,
2618 589 2733 642 lucc
2762 588 3131 644 demonstrare
3152 595 3406 644 conabor.
3438 590 3606 657 Audi,

2032 679 2231 739 celum,
2271 688 2317 732 et
2373 679 2578 733 auribus
2627 697 2826 749 percipe
2862 721 2877 746 ,
2912 692 3064 745 terra,
3095 681 3214 750 quia
3253 679 3491 733 Dominus
3530 681 3607 734 lno

2031 781 2215 840 quutus
2242 780 2312 824 est
2342 770 2493 840 (Isai.
2519 774 2569 826 1.
2599 772 2653 825 ‘2.
2687 772 2754 824 ad
2784 773 2861 840 4.)
2890 773 2980 827 Dic
3023 773 3173 834 mihi,
3207 770 3332 840 quid
3359 770 3607 834 loquutus

2033 864 2149 916 est?
2181 860 2341 916 Filios
2357 866 2504 933 genui
2532 874 2578 917 et
2609 863 2845 927 exaltari,
2881 864 2978 932 ipsi
3005 875 3171 917 autem
3195 870 3490 931 spreverunt
3517 879 3613 914 me.

2037 953 2279 1021 Cognovit
2302 953 2387 1004 bos
2409 969 2764 1020 possessorem,
2796 953 3243 1006 irrationabilibus
3275 951 3617 1006 irrationabi-

2035 1045 2232 1100 Iiores:
2263 1054 2309 1098 et
2333 1047 2504 1098 asinus
2547 1063 2766 1114 prcesepe
2802 1045 2994 1097 domini
3029 1045 3142 1107 sui,
3174 1045 3338 1098 asinis
3375 1042 3620 1097 hebetio-

2035 1151 2141 1189 res.
2175 1135 2339 1189 Israel
2363 1146 2528 1188 autem
2560 1153 2638 1188 me
2663 1154 2761 1189 non
2791 1136 3041 1205 cognovit.
3086 1143 3129 1186 et
3169 1134 3385 1204 populus
3414 1148 3493 1185 me
3516 1147 3616 1184 non

2036 1227 2299 1281 intellexit.
2343 1227 2431 1282 Va:
2459 1227 2595 1297 genti
2636 1229 2913 1294 peccatrici.
2970 1225 3097 1285 Cur,
3128 1225 3316 1293 inquit,
3360 1223 3497 1276 nulla
3538 1230 3620 1275 est

2036 1333 2159 1386 spes
2183 1318 2365 1371 salutis
2386 1318 2409 1370 ?
2429 1318 2540 1382 Qua
2564 1316 2632 1370 de
2658 1331 2817 1370 causa
2843 1316 2993 1381 dicis,
3022 1315 3146 1369 Vw?
3171 1313 3304 1380 Quia
3343 1328 3444 1366 non
3471 1313 3619 1365 inve-

2041 1411 2129 1464 nio
2153 1411 2431 1465 medelam.
2463 1411 2574 1478 Qua
2607 1412 2676 1466 de
2698 1425 2854 1463 causa
2874 1410 3026 1470 dicis,
3068 1407 3156 1462 Va:
3173 1409 3198 1460 ?
3227 1406 3358 1474 Quia
3383 1405 3622 1458 medica-

2041 1515 2217 1557 menta
2245 1504 2489 1564 adhibui,
2523 1519 2621 1556 nec
2654 1503 2820 1557 cessit
2841 1501 2989 1554 uicus
3019 1501 3032 1551 l
3074 1499 3193 1552 ideo
3236 1511 3452 1551 aversus
3482 1509 3621 1548 sum.

2040 1593 2176 1660 Quid
2206 1594 2333 1646 mihi
2359 1595 2515 1660 igitur
2536 1593 2832 1649 faciendum
2866 1600 2948 1647 est
2977 1592 3000 1644 ?
3028 1591 3142 1645 Non
3163 1589 3413 1642 laborabo
3438 1595 3495 1640 ut
3522 1600 3620 1638 cu-

2041 1701 2174 1739 rem.
2208 1683 2348 1737 I’az!
2387 1684 2656 1737 Mulierem
2699 1692 3046 1752 reprmsentat
3079 1680 3460 1734 lamentantem
3498 1695 3512 1729 :
3568 1685 3622 1729 et

2041 1773 2175 1828 bene
2203 1773 2345 1827 facit.
2364 1773 2633 1834 Animum,
2653 1790 2851 1840 qumso,
2880 1775 3006 1828 mihi
3038 1771 3291 1825 adhibete
3319 1767 3622 1836 diligenter.

2052 1864 2160 1928 Vw,
2190 1865 2406 1934 quare?
2444 1864 2576 1929 Quia
2621 1863 2845 1931 idipsum
2876 1865 2926 1916 in
2956 1863 3268 1930 corporibus
3308 1860 3417 1912 lieri
3466 1857 3626 1910 solet.

2040 1955 2172 2009 Cum
2191 1957 2330 2009 enim
2359 1955 2550 2008 viderit
2574 1953 2812 2008 medicus
2832 1967 3029 2021 :egrum
3049 1951 3247 2003 nullam
3274 1949 3459 2002 salutis
3477 1961 3627 2011 Spem

2042 2045 2345 2110 habentem,
2372 2046 2694 2114 Iacrymatur
2719 2052 2808 2099 :et
2833 2041 3110 2098 domestici
3145 2049 3196 2093 ct
3217 2039 3403 2092 aflines
3429 2035 3631 2104 equant

2044 2147 2200 2203 atque
2222 2136 2597 2200 lamentantur,
2627 2135 2721 2190 sed
2753 2135 2946 2188 frustra
2982 2134 3233 2200 nulloque
3275 2130 3446 2184 fructu
3474 2146 3487 2179 :
3517 2143 3632 2181 mo-

2045 2228 2269 2280 riturum
2313 2227 2454 2280 enim
2504 2241 2570 2278 ne
2622 2225 2850 2279 mundus
2900 2224 3114 2293 quidem
3157 2231 3298 2275 totus
3342 2219 3631 2288 deplorans

2045 2317 2317 2374 excitabit.
2349 2318 2598 2371 Planctus
2628 2332 2756 2386 ergo
2785 2317 2873 2370 ille
2898 2317 2962 2367 ad
2986 2316 3184 2368 luctum
3210 2314 3379 2377 valet,
3412 2325 3516 2364 non
3565 2309 3632 2364 ad

2044 2409 2446 2462 restaurandam
2465 2409 2768 2462 sanitatem.
2802 2406 2968 2460 Secus
2984 2415 3160 2458 autem
3184 2405 3235 2456 in
3264 2403 3438 2456 anima
3465 2418 3479 2455 :
3509 2417 3630 2454 nam

2046 2498 2088 2551 si
2118 2498 2348 2559 ﬂeveris,
2373 2512 2515 2566 smpe
2541 2496 2788 2564 eum,qui
2816 2496 2989 2548 anima
3022 2505 3263 2547 mortuus
3294 2500 3402 2555 est,
3431 2491 3633 2544 excita-

2046 2587 2147 2641 bis.
2188 2587 2400 2652 Quare?
2441 2589 2572 2653 Quia
2620 2601 2814 2653 corpus
2858 2595 3127 2639 mortuum
3168 2584 3219 2634 vi
3267 2582 3495 2636 humana
3526 2595 3632 2633 non

2047 2679 2333 2742 excitatur,
2380 2678 2555 2731 anima
2583 2691 2712 2732 vero
2740 2687 2947 2729 mortua
2975 2674 3308 2728 correctione
3349 2670 3630 2725 excitatur.

2048 2770 2275 2838 Respice
2307 2769 2671 2830 fornicarium,
2696 2778 2748 2822 et
2775 2768 2942 2836 plora,
2972 2780 3222 2834 saepeque
3249 2763 3395 2816 illum
3433 2761 3635 2815 excita-

2045 2863 2144 2917 bis.
2171 2861 2402 2930 Ideoque
2430 2859 2623 2914 Paulus
2649 2874 2753 2912 non
2803 2858 3072 2911 scribebat
3114 2867 3168 2909 et
3197 2851 3516 2907 admonebat
3543 2865 3634 2904 so-

2045 2956 2150 3008 lum
2185 2994 2200 3018 ,
2251 2953 2344 3007 sed
2373 2952 2531 3005 etiam
2559 2967 2678 3004 eum
2731 2947 2978 3019 Iaerymis
3005 2956 3059 3000 et
3090 2945 3340 3000 lamentis
3376 2941 3632 2996 hortaba-

2051 3055 2137 3098 tur
2166 3058 2620 3111 unumquemque.
2652 3042 2782 3095 Esto
2802 3041 3111 3101 admoneas,
3132 3052 3228 3091 cur
3243 3037 3401 3090 etiam
3428 3033 3634 3104 ploras?

2047 3133 2118 3189 Ut
2147 3135 2191 3186 si
2219 3149 2324 3186 non
2352 3132 2525 3186 valeat
2549 3130 2864 3192 admonitio,
2892 3127 3214 3182 auxilientur
3239 3126 3511 3194 lacrymtc.
3542 3123 3634 3177 Sic

2049 3234 2103 3279 et
2135 3223 2390 3292 propheta
2423 3224 2762 3275 lamentatur.
2798 3221 3051 3274 Dominus
3081 3219 3206 3272 item
3235 3227 3419 3271 noster
3442 3214 3628 3269 videns

2049 3316 2345 3384 proximam
2371 3313 2722 3383 Ierosolymze
2749 3312 2956 3364 ruinam
2988 3310 3115 3364 dicit
3142 3327 3154 3362 :
3183 3308 3492 3371 Jerusalem,
3516 3320 3632 3374 qua

2045 3406 2230 3459 occidis
2287 3405 2585 3473 prop/tetas,
2633 3413 2679 3456 et
2719 3403 2917 3470 lapidas
2950 3419 3033 3455 eos
3077 3401 3166 3470 qui
3191 3401 3261 3452 ad
3280 3411 3327 3452 te
3351 3399 3492 3452 missi
3519 3405 3633 3450 sunt

2047 3494 2066 3565 (
2097 3495 2282 3548 Matth.
2311 3494 2407 3548 25.
2428 3494 2541 3563 37).
2571 3493 2767 3548 Urbem
2803 3493 3088 3561 compellat
3126 3492 3230 3560 jam
3274 3491 3498 3559 lapsam.
3530 3488 3632 3543 ho-

2050 3586 2353 3655 minemque
2403 3586 2669 3652 lugentem
2711 3584 2966 3636 imitatur.
3019 3581 3286 3650 Propheta
3339 3595 3503 3642 vero,
3540 3579 3632 3634 Vra

2048 3676 2184 3744 genti
2228 3676 2490 3744 peccatrici
2515 3715 2530 3737 ,
2565 3673 2752 3743 populo
2805 3673 2951 3741 pleno
3001 3672 3214 3740 peccatis
3248 3670 3265 3741 (
3296 3669 3423 3723 Isai.
3445 3670 3546 3724 I.‘
3570 3671 3588 3738 )
3614 3689 3632 3723 :

2049 3766 2175 3819 nihil
2207 3767 2363 3819 habet
2384 3768 2569 3818 sarium
2593 3781 2786 3833 corpus
2816 3765 2962 3817 illud.
2991 3763 3230 3817 Vidistin'
3248 3777 3341 3816 eos
3365 3762 3635 3817 ulceribus

2047 3856 2280 3924 plenos?
2310 3855 2503 3910 Semini
2525 3871 2756 3919 nequam,
2783 3858 2970 3923 populo
3018 3853 3163 3922 pleno
3209 3853 3446 3921 peccatis.
3499 3851 3627 3916 Cur,

2048 3963 2250 4016 qumso,
2276 3947 2619 4000 Iamentatis?
2657 3945 3007 4014 Dcrcliquistis
3042 3944 3313 3996 Dominum
3336 3984 3349 4004 ,
3382 3953 3425 3995 et
3452 3944 3627 3996 irrita-

2049 4038 2138 4090 stis
2166 4037 2410 4091 Sanctum
2432 4035 2615 4089 Israel.
2648 4035 2782 4101 Quid
2810 4037 2941 4088 ultra
2971 4034 3316 4103 percutiamini
3350 4031 3511 4103 (Ibid.
3536 4032 3590 4101 5)
3609 4033 3634 4085 ?

2049 4128 2161 4192 Qua
2189 4144 2284 4181 vos
2311 4128 2459 4196 plaga
2495 4127 2715 4180 feriam?
2742 4125 2953 4180 famene
2983 4141 3048 4177 an
3082 4135 3226 4192 peste
3252 4124 3275 4175 ?
3303 4123 3473 4178 Onue
3503 4138 3631 4191 Sup-

2048 4221 2186 4285 plieii
2229 4235 2396 4287 genus
2445 4220 2697 4279 accessit,
2727 4226 2779 4269 et
2823 4217 3053 4284 nequitia
3101 4226 3275 4268 vestra
3316 4225 3630 4282 consumpta

2049 4328 2152 4364 non
2201 4320 2282 4364 est
2338 4328 2350 4364 :
2398 4311 2649 4362 Addentes
2699 4309 3158 4375 prteraricationes.
3203 4308 3364 4360 Omne
3404 4316 3552 4375 caput
3579 4307 3632 4359 in

2048 4402 2288 4465 laborem,
2327 4411 2374 4454 et
2404 4418 2550 4454 omne
2598 4419 2682 4452 cor
2709 4402 2758 4452 in
2788 4402 3042 4453 tristitiam
3067 4417 3084 4453 :
3109 4418 3208 4452 non
3240 4409 3312 4452 est
3341 4400 3512 4469 plaga,
3531 4417 3631 4453 non

2046 4494 2259 4547 cicatrix
2287 4493 2447 4560 (Ibid.
2472 4493 2546 4560 (i).
2573 4493 2679 4546 lies
2706 4508 2837 4544 nova
2857 4493 2896 4543 ί.
2921 4492 3082 4544 Paulo
3110 4500 3232 4543 ante
3261 4490 3474 4543 dicebas
3500 4507 3511 4540 :
3535 4489 3633 4543 Se-

2049 4601 2160 4637 men
2183 4601 2392 4654 nequam
2420 4624 2434 4646 ,
2464 4583 2560 4648 filii
2584 4583 2760 4652 iniqui,
2795 4581 3123 4647 dereliquistis
3169 4578 3462 4644 Dominum,
3489 4587 3533 4630 et
3555 4583 3630 4630 ir-

2051 4678 2237 4730 ritastis
2259 4677 2501 4729 Sanctum
2525 4673 2708 4734 Israel;
2726 4682 2798 4736 et,
2827 4671 2914 4725 Va:
2929 4673 3063 4741 genti
3093 4671 3377 4739 peccatrici.
3408 4670 3633 4724 Lamen-

2053 4769 2196 4826 taris.
2231 4767 2377 4833 luges
2401 4804 2416 4827 ,
2470 4764 2710 4831 quereris
2739 4805 2753 4825 ,
2783 4763 2998 4816 vulnera
3043 4778 3327 4826 recenses;
3357 4771 3411 4816 et
3441 4760 3632 4814 deinde

2049 4857 2204 4918 dicis,
2237 4853 2414 4921 Neque
2462 4855 2675 4914 vulnus,
2709 4871 2865 4922 neque
2903 4855 3154 4907 cicatrix?
3185 4853 3429 4907 Attende.
3485 4852 3632 4905 Tunc

2049 4945 2240 4999 vulnus
2267 4945 2496 4999 efﬁcitur
2523 4987 2538 5009 ,
2570 4960 2689 4999 cum
2742 4945 2844 4998 alia
2872 4945 3111 5012 corporis
3153 4952 3300 5010 parte
3332 4942 3578 4995 incolumi
3614 4981 3632 5006 ,

2051 5053 2150 5089 una
2181 5038 2421 5105 corporis
2450 5052 2570 5105 pars
2615 5051 2774 5090 sensu
2829 5035 3076 5088 destituta
3123 5043 3300 5086 manet
3347 5050 3361 5086 :
3393 5033 3479 5088 hic
3503 5049 3633 5087 vero

2050 5126 2176 5180 dicit
2197 5168 2211 5189 ,
2242 5137 2406 5182 totum
2438 5141 2629 5193 corpus
2658 5139 2777 5179 esse
2819 5124 3012 5177 vulnus
3041 5139 3055 5176 :
3087 5121 3269 5193 Neque
3296 5122 3508 5185 uulnus,
3543 5141 3634 5176 ne-

2050 5233 2144 5285 que
2165 5218 2396 5282 cicatrix,
2429 5231 2588 5286 neque
2617 5215 2766 5284 plaga
2795 5215 3132 5278 tumens;sed
3167 5231 3194 5267 a
3225 5215 3445 5283 pedibus
3469 5230 3635 5282 uSque

2051 5307 2114 5359 ad
2138 5317 2298 5375 caput
2333 5323 2436 5361 non
2472 5314 2642 5374 potest
2669 5304 2868 5373 imponi
2901 5304 3196 5359 fomentum
3229 5347 3242 5366 ,
3277 5319 3381 5356 non
3423 5305 3621 5365 oleum,

2051 5413 2156 5452 non
2211 5399 2481 5468 ligamina.
2536 5395 2691 5449 Terra
2723 5408 2880 5450 vestra
2921 5397 3133 5456 deserta,
3184 5396 3408 5447 civitates
3462 5407 3634 5448 vestra

2051 5508 2303 5546 succensae
2331 5492 2455 5562 igni,
2487 5491 2714 5560 regiones
2740 5499 2926 5543 vestras
2966 5490 3121 5542 alieni
3149 5488 3419 5541 comedunt
3449 5490 3466 5558 (
3499 5488 3617 5540 Ibid.

2053 5582 2127 5649 7).
2164 5581 2290 5637 Ilarc
2319 5581 2494 5635 omnia
2534 5578 2656 5646 feci,
2687 5590 2740 5635 et
2762 5595 2855 5633 vos
2899 5594 3002 5632 non
3046 5578 3347 5647 resipuistis
3374 5595 3391 5633 :
3419 5593 3630 5633 omnem

2053 5672 2270 5725 adhibui
2297 5682 2502 5737 artem,
2531 5679 2586 5726 et
2608 5685 2750 5740 ager
2797 5677 3037 5724 mortuus
3082 5678 3280 5724 manet.
3315 5668 3508 5738 Venite,
3538 5685 3631 5722 au-

2055 5763 2157 5814 dite
2181 5763 2383 5815 verbum
2422 5761 2630 5814 Domini
2652 5802 2667 5825 ,
2697 5761 2946 5829 principes
2977 5759 3316 5816 Sodomorum
3341 5771 3388 5815 et
3416 5756 3630 5813 Gomor-

2059 5853 2181 5907 τινα).
2238 5853 2349 5918 Quo
2389 5852 2513 5904 mihi
2566 5850 2933 5906 multitudinem
2992 5852 3298 5908 uictimarum
3352 5859 3639 5906 vestrarum

2117 5948 2132 5977 ⁸
2168 5945 2239 5995 sic
2261 5941 2400 5994 Savil.
2421 5949 2473 5993 Αι
2491 5940 2671 5999 Itorel.,
2698 5952 2775 5990 res
2801 5951 2932 5992 vane.
