4432 6696
766 466 869 522 δικ

768 554 1151 625 (Ιεαὶ.1.10)τ
1193 554 1329 624 Quid
1378 555 1567 626 igitur?
1618 555 1989 611 Sodomitasne
2016 555 2348 626 alloquitur?

766 646 1230 717 Nequaquam,sed
1242 645 1455 701 Judmos
1468 646 1772 701 Sodomitas
1797 647 2049 716 appellat.
2082 646 2342 713 Quoniam

766 741 908 793 enim
929 754 1111 793 eorum
1152 752 1329 792 mores
1359 736 1741 803 imitabantur,
1773 753 1957 793 eorum
1990 737 2121 805 ipsis
2150 753 2342 793 nomen

768 833 1015 901 imponit.
1043 830 1234 890 Venite.
1267 830 1439 883 audite
1468 831 1670 884 uerbum
1698 831 1921 893 Domini,
1956 831 2210 899 principes
2240 830 2343 885 Sa-

767 923 1028 975 domorum
1052 930 1099 973 et
1127 918 1445 974 Gomorrlne.
1474 920 1587 985 Quo
1613 922 1737 972 mihi
1782 919 2156 973 multitudinem
2198 919 2340 971 victi-

765 1028 961 1065 marum
990 1020 1264 1064 vestrarum
1293 1011 1318 1064 ?
1367 1012 1490 1064 dicit
1538 1010 1804 1063 Dominus.
1841 1009 2029 1065 Plenus
2059 1028 2166 1063 sum
2195 1008 2342 1062 holo-

765 1104 956 1156 caustis
979 1102 1228 1167 arietum,
1256 1113 1303 1156 et
1330 1103 1533 1171 adipem
1576 1118 1825 1172 agnorum
1855 1104 1992 1156 nolo.
2023 1104 2084 1157 Si
2120 1100 2344 1166 offeratis

766 1195 889 1247 milii
916 1195 1155 1258 similam,
1189 1212 1369 1249 vanum
1393 1210 1414 1248 :
1444 1196 1718 1265 thymiama
1744 1195 2046 1248 abominatio
2082 1203 2152 1247 est
2179 1194 2303 1245 mihi
2324 1209 2343 1246 :

763 1286 1050 1339 neomenias
1076 1296 1263 1339 vestras
1283 1296 1329 1339 et
1354 1285 1559 1339 sabbata
1588 1287 1693 1339 odit
1723 1288 1893 1340 anima
1914 1304 2021 1340 mea
2048 1303 2069 1339 :
2087 1286 2343 1356 jejunium

767 1386 814 1427 et
836 1377 970 1428 diem
1000 1393 1237 1446 magnum
1265 1393 1367 1430 non
1389 1378 1518 1446 fero.
1550 1377 1677 1433 Cum
1705 1379 2020 1432 extenderitis
2058 1393 2241 1430 manus
2262 1392 2347 1430 ue-

753 1476 893 1516 stras
934 1465 1003 1517 ad
1044 1482 1122 1518 me
1143 1506 1159 1531 ,
1196 1477 1421 1519 avertam
1464 1468 1634 1521 oculos
1661 1484 1793 1521 meos
1819 1485 1849 1519 a
1874 1468 2011 1521 vobis
2039 1466 2201 1535 (Ibid.
2246 1470 2345 1523 1⁸5-

764 1555 1060 1621 15).Εειιιθ
1090 1558 1165 1610 ira
1201 1557 1322 1612 huic
1347 1559 1610 1626 aequalis?
1645 1557 1906 1625 Propheta
1951 1558 2141 1613 cmlum
2177 1559 2344 1613 advo-

759 1657 866 1713 cat,
896 1648 1217 1703 lamcntatur
1239 1690 1255 1715 ,
1293 1650 1475 1718 ejulat,
1508 1650 1698 1718 plorat,
1726 1650 1963 1719 dicitque
1989 1651 2100 1718 illi,
2127 1651 2247 1705 Non
2276 1660 2346 1706 est

754 1738 961 1798 vulnus,
1007 1755 1107 1791 non
1135 1748 1208 1791 est
1233 1740 1487 1792 cicatrix:
1522 1740 1663 1795 Deus
1703 1741 1956 1796 irascitur
1980 1783 1994 1805 ,
2041 1758 2148 1796 non
2186 1743 2347 1797 susei-

756 1829 833 1897 pit
857 1830 1148 1895 victimam,
1173 1845 1279 1884 non
1332 1833 1693 1900 neomcniam,
1738 1850 1842 1887 non
1894 1834 2203 1897 sabbatum,
2239 1848 2343 1886 non

755 1920 1009 1985 similam,
1042 1937 1151 1976 non
1180 1924 1501 1989 orationem,
1533 1940 1639 1979 non
1668 1941 1915 1978 manuum
1935 1925 2322 1979 extensionem.

766 2009 1014 2065 Vidistin‘
1035 2012 1187 2066 ulcus
1208 2016 1232 2064 ‘t
1272 2013 1509 2067 vidistin’
1528 2014 1767 2068 morbum
1815 2014 2163 2068 incurabilem
2189 2054 2205 2079 ,
2236 2028 2343 2067 non

757 2100 935 2165 unius,
965 2115 1070 2154 non
1097 2101 1325 2155 duorum
1344 2145 1360 2167 ,
1390 2118 1497 2157 non
1520 2104 1731 2169 decem,
1755 2103 1850 2157 sed
1897 2104 2187 2158 multorum
2226 2104 2346 2158 mil-

766 2189 899 2243 lium
929 2190 1112 2255 ?Quid
1142 2191 1302 2260 igitur
1348 2202 1534 2262 postea
1562 2194 1585 2247 ?
1621 2192 1889 2247 Lavamini
1914 2235 1927 2255 .
1974 2195 2154 2248 mundi
2196 2203 2348 2249 estote

758 2281 779 2351 (
811 2279 951 2334 Ibid.
985 2280 1114 2351 l6).
1156 2282 1293 2337 Num
1341 2292 1425 2338 est
1471 2294 1748 2353 peccatum
1778 2300 1877 2355 pro
1903 2300 2008 2354 quo
2036 2286 2107 2338 sit
2156 2284 2344 2354 despc-

755 2370 1029 2424 randum?
1055 2372 1172 2442 ipse
1203 2374 1459 2428 Dominus
1486 2416 1503 2441 ,
1530 2375 1618 2445 qui
1658 2375 1817 2441 dicit,
1854 2375 1969 2429 Non
2009 2374 2168 2428 audio
2203 2390 2339 2439 vos;

767 2461 897 2515 dicit
925 2463 1109 2525 etiam,
1136 2462 1421 2518 Lavamini.
1476 2467 1558 2520 Ad
1589 2466 1714 2533 quid
1761 2468 1875 2522 hzec
1906 2467 2139 2536 loqueris
2169 2467 2192 2520 ?
2232 2467 2342 2521 Cur

754 2551 852 2606 ista
880 2552 903 2605 ?
928 2555 1087 2608 ambo
1115 2566 1239 2608 sunt
1267 2556 1415 2610 utilia
1448 2574 1461 2609 :
1494 2557 1581 2610 illa
1612 2598 1627 2620 ,
1656 2566 1713 2611 ut
1756 2567 1985 2613 terream
2014 2574 2029 2621 ;
2084 2556 2200 2611 hazc
2235 2599 2248 2622 ,
2281 2564 2340 2611 ut.

755 2645 1042 2700 attraham.
1082 2645 1138 2702 Si
1190 2662 1295 2701 non
1323 2648 1474 2704 audis
1512 2650 1631 2704 illos
1659 2692 1673 2713 ,
1706 2665 1855 2720 spem
1897 2651 2084 2705 salutis
2113 2665 2217 2703 non
2248 2650 2344 2703 Ita-

755 2737 923 2793 bent:
955 2739 999 2793 si
1026 2754 1176 2808 spem
1222 2741 1409 2797 salutis
1438 2758 1543 2797 non
1571 2745 1769 2800 habent
1795 2784 1812 2809 .
1842 2759 1937 2800 cur
1964 2744 2099 2799 dicis
2123 2784 2141 2809 ,
2178 2742 2342 2797 Lava-

754 2829 878 2883 miui
909 2829 935 2882 .9
965 2829 1160 2884 Verum
1188 2832 1346 2886 Pater
1366 2842 1449 2887 est
1476 2834 1703 2889 ﬁliorum
1725 2850 1930 2902 amans,
1953 2835 2101 2889 solus
2128 2837 2298 2890 bonus
2321 2876 2337 2899 ,

758 2918 878 2986 plus
900 2933 1057 2987 quam
1092 2930 1245 2988 pater
1271 2919 1339 2975 ad
1368 2924 1891 2979 commiserationem
1921 2940 2141 2993 pronus.
2186 2924 2255 2978 Et
2282 2933 2341 2994 ut

755 3006 935 3063 discas
964 3008 1135 3077 ipsum
1162 3024 1282 3064 esse
1307 3018 1535 3080 patrem,
1566 3012 1641 3066 ait
1670 3012 1794 3077 illis,
1816 3012 1953 3078 Quid
1977 3015 2165 3083 faciam
2194 3054 2207 3076 ,
2234 3011 2339 3066 Ju-

754 3104 822 3155 da
845 3102 872 3155 ?
897 3102 979 3155 An
1008 3103 1187 3157 nescis
1218 3104 1349 3173 quid
1390 3104 1623 3161 facturus
1659 3107 1772 3162 sis?
1819 3107 1951 3162 Novi
2006 3111 2163 3177 plane
2187 3150 2202 3174 ,
2245 3108 2341 3163 sed

754 3192 919 3247 nolo:
950 3193 1116 3264 exigit
1142 3205 1479 3263 peccatorum
1516 3206 1726 3264 natura,
1755 3197 1848 3253 sed
1876 3198 2090 3253 cohibet
2109 3199 2343 3253 clemen-

752 3284 840 3337 tiae
862 3285 1188 3353 magnitudo.
1217 3286 1352 3351 Quid
1402 3287 1590 3342 faciam
1624 3289 1765 3343 tibi?
1793 3304 2077 3358 parcamne
2122 3289 2254 3344 tibi?
2289 3298 2344 3344 at

751 3376 966 3445 segnior
989 3376 1204 3432 evades.
1232 3377 1496 3434 Ultionem
1523 3379 1589 3435 de
1620 3388 1678 3435 te
1704 3382 1959 3435 sumam?
2005 3382 2099 3436 sed
2143 3382 2194 3435 id
2232 3396 2339 3436 non

754 3467 949 3535 patitur
976 3467 1255 3523 clementia
1280 3486 1420 3525 mea.
1447 3472 1583 3539 Quid
1610 3472 1801 3528 faciam
1832 3475 1966 3529 tibi?
1992 3490 2061 3528 an
2083 3483 2142 3528 ut
2164 3473 2338 3530 Sodo-

753 3572 896 3610 mam
933 3566 985 3611 te
1028 3574 1221 3628 ponam
1246 3603 1263 3626 ,
1308 3563 1393 3616 vel
1435 3572 1493 3616 ut
1536 3562 1893 3618 Gomorrltam
1947 3573 2184 3626 eveaam
2238 3564 2340 3618 te?

754 3648 1086 3703 Conversum
1111 3660 1194 3704 est
1222 3666 1316 3705 cor
1359 3667 1557 3707 meum.
1589 3653 1798 3707 Aﬂcctu
1824 3654 1940 3708 licet
1972 3668 2171 3708 vacuus
2194 3695 2208 3718 ,
2238 3653 2341 3708 ho-

752 3737 953 3792 minem
980 3737 1173 3793 atlectu
1219 3741 1497 3809 praeditum
1544 3743 1823 3808 imitatur;
1852 3744 1962 3798 imo
2012 3745 2187 3812 potius
2228 3760 2342 3799 ma-

748 3837 883 3882 trem
910 3828 1077 3897 prolis
1122 3840 1413 3886 amantem.
1433 3832 1763 3888 Conversum
1787 3842 1870 3889 est
1906 3848 2004 3889 cor
2032 3850 2245 3901 meum;
2272 3850 2338 3891 ac

746 3935 935 3948 ~—

1028 3944 1401 3952 Ἥ

750 4015 833 4057 ΒΕ
876 4015 1323 4071 ΡΟΕΝῘΤΕΚΤΙΔ,
1368 4017 1449 4059 ετ
1494 4018 1576 4060 DE
1632 4018 1713 4060 118
1755 4018 1865 4069 QUI
1914 4021 1949 4063 Δ
1995 4020 2328 4063 σοιιειῑτιε
2388 4022 2796 4083 ABFUERUNT,

1505 464 1561 521 Β.
1605 460 1882 521 JOANMS
1918 462 2391 520 CHRYSOSTOMI
2432 464 2747 520 ARClllEP.
2788 464 3321 527 CONSTANTINOP.

3930 483 4034 537 3N

2456 579 2500 632 si
2538 577 2681 631 dicat
2706 579 2897 634 mulier
2923 582 2993 636 de
3023 599 3208 651 puero,
3238 583 3567 639 Conversum
3598 595 3680 639 est
3722 603 3818 642 cor
3859 608 4035 647 metm.

2451 677 2692 724 materno
2717 684 2884 725 more.
2917 673 2986 724 At
3016 688 3121 728 non
3148 675 3278 730 satis
3303 674 3485 729 habuit
3505 675 3685 744 priora
3709 677 3795 731 illa
3812 679 4034 748 dixisse,

2449 759 2566 821 sed.
2617 759 2871 813 Turbatus
2896 777 3006 813 sum
3036 762 3088 816 in
3117 766 3408 833 panitentia
3452 782 3562 819 mea
3595 766 3613 835 (
3641 764 3769 820 Osee
3838 772 3926 825 11.
3956 775 4033 842 8).

2456 846 2668 902 Deus-ne
2696 851 3184 908 turbatur?Absit.
3235 854 3441 911 Numen
3489 856 3804 911 turbationis
3846 874 4041 917 expers

2449 948 2570 1001 est;
2603 941 2719 1006 sed,
2756 951 2813 996 ut
2834 942 2943 1012 jam
2968 943 3103 1009 dixi,
3137 956 3380 1001 nostrum
3414 949 3662 1018 loquendi
3690 964 3890 1005 morem
3915 955 4043 1005 imi-

2449 1036 2608 1083 tatur.
2641 1030 2966 1087 Conversum
3019 1043 3100 1088 est
3137 1049 3231 1088 cor
3266 1052 3479 1102 meum;
3530 1042 3808 1106 Lavamini,
3863 1043 4045 1096 mundi

2450 1129 2622 1173 estote.
2651 1121 2787 1187 Quid
2828 1138 2944 1177 sum
2986 1124 3136 1179 vobis
3166 1125 3476 1194 pollicitus?
3501 1131 3652 1196 Quod
3683 1141 3989 1202 peccatores
4023 1172 4040 1194 .

2448 1212 2603 1265 etiam
2649 1215 2914 1268 sexcentis
2944 1224 3163 1270 onustos
3188 1219 3420 1285 peccatis
3445 1259 3461 1285 ,
3515 1222 3882 1292 ulceribusque
3927 1223 4044 1292 ple-

2451 1318 2567 1366 nus,
2600 1302 2642 1355 si
2677 1304 3043 1370 paenitentiam
3074 1316 3271 1377 agant,
3302 1307 3439 1362 Deus
3468 1322 3747 1381 susceptos
3772 1314 3838 1366 ita
3866 1323 4040 1381 curet,

2452 1403 2507 1446 ut
2539 1409 2604 1446 ne
2636 1394 2915 1463 vestigium
2949 1437 2963 1459 ,
2997 1406 3054 1450 ut
3106 1412 3173 1451 ne
3215 1398 3514 1452 cicatricem
3540 1441 3555 1466 ,
3590 1411 3646 1455 ιιι
3691 1420 3759 1459 ne
3788 1404 4042 1459 indicium

2450 1486 2661 1553 quidem
2689 1497 3027 1555 peccatorum
3052 1489 3331 1558 relinquat.
3358 1488 3638 1557 Lavamini,
3665 1497 3840 1550 mundi
3865 1506 4040 1561 estote,

2450 1577 2647 1642 auferte
2672 1577 2915 1647 nequitias
2962 1588 3152 1630 vestras
3194 1580 3256 1631 ab
3281 1579 3548 1634 animabus
3593 1587 3769 1638 vestris
3804 1603 3824 1640 :
3865 1587 4047 1642 discite

2450 1668 2571 1719 bene
2596 1672 2761 1735 facere
2788 1670 2807 1741 (
2837 1669 2965 1724 lsai.
2999 1670 3048 1724 1.
3081 1671 3166 1725 16.
3196 1669 3305 1741 17).
3336 1671 3404 1725 Ει
3431 1671 3555 1741 quid
3589 1672 3712 1727 boni
3764 1679 4045 1747 pmcipis?

2446 1754 2684 1809 Judicate
2732 1759 3015 1827 pupillum,
3058 1769 3104 1812 et
3125 1760 3407 1830 justi/icate
3447 1761 3673 1815 viduam.
3719 1763 3833 1817 Non
3864 1769 4053 1835 gravia

2453 1858 2717 1913 praecepta
2772 1860 2916 1912 sunt,
2971 1848 3065 1903 sed
3092 1850 3158 1903 ad
3182 1864 3299 1918 qua:
3344 1858 3528 1904 natura
3558 1850 3669 1919 ipsa
3716 1867 3882 1920 prona
3933 1858 4043 1909 sit:

2449 1935 2655 1989 mulieri
2679 1938 2819 1990 enim
2851 1941 3100 1994 convenit
3123 1943 3506 1997 misericordia.
3548 1942 3613 1996 Et
3636 1946 3817 2008 venite,
3850 1955 3899 1998 et
3928 1948 4047 2000 diu

2448 2028 2737 2096 ceptemus(
2769 2027 2907 2083 Ibid.
2935 2030 3065 2102 18).
3120 2033 3255 2087 Dicit
3294 2034 3567 2100 Dominus,
3593 2035 3855 2090 modicum
3884 2036 4043 2104 quid-

2450 2120 2592 2188 piam
2624 2121 2780 2176 facite
2803 2164 2818 2187 ,
2841 2136 2895 2177 et
2921 2139 3024 2194 ego
3049 2128 3190 2196 quod
3218 2130 3479 2198 reliquum
3527 2139 3612 2184 est
3657 2129 3847 2183 addam
3878 2146 3893 2179 :
3921 2129 4043 2183 exi-

2450 2226 2609 2279 guum
2631 2213 2827 2282 aliquid
2849 2214 2977 2268 mihi
3002 2216 3146 2282 date,
3177 2227 3231 2271 et
3253 2228 3420 2273 totum
3448 2234 3547 2288 ego
3574 2220 3890 2288 impertiam.
3934 2218 4038 2273 Vc-

2449 2304 2571 2355 nite.
2602 2303 2843 2368 Quonam
2869 2307 3169 2361 abeamus?
3221 2310 3300 2363 Ad
3350 2326 3455 2372 me,
3497 2326 3652 2380 quem
3684 2312 4033 2379 provocastis,

2446 2407 2605 2459 quem
2632 2393 2907 2459 irritastis;
2931 2395 2997 2449 ad
3026 2412 3113 2450 me
3137 2398 3225 2466 qui
3252 2398 3391 2464 dico,
3418 2398 3539 2451 Non
3564 2399 3721 2452 audio
3746 2416 3852 2461 vos,
3877 2408 3932 2451 ut
3958 2400 4042 2451 in-

2448 2484 2828 2539 terminatione
2853 2488 3121 2555 perterriti
3148 2529 3163 2552 ,
3198 2488 3331 2541 iram
3372 2488 3592 2544 sedetis.
3622 2488 3813 2546 Venite
3837 2490 3901 2542 ad
3927 2505 4035 2542 non

2447 2572 2752 2628 audientem
2782 2616 2799 2642 ,
2830 2586 2886 2629 ut
2913 2576 3114 2630 audiat.
3165 2577 3233 2632 Et
3271 2579 3397 2648 quid
3449 2579 3613 2636 facis?
3642 2579 3756 2635 Non
3797 2581 4055 2649 relinquo

2449 2663 2735 2731 vestigium
2767 2704 2783 2729 ,
2823 2680 2929 2719 non
2960 2666 3189 2721 indicem
3220 2709 3236 2735 ,
3266 2683 3373 2722 non
3402 2669 3726 2724 cicatricem.
3768 2669 3965 2736 Venite,
3994 2680 4043 2724 et

2450 2752 2802 2823 disceptemus,
2828 2755 2952 2808 dicit
2982 2755 3230 2811 Dominus
3262 2773 3281 2810 :
3328 2767 3384 2812 ct
3421 2759 3588 2824 addit,
3633 2758 3695 2813 Si
3714 2760 3901 2827 fuerint
3927 2776 4046 2825 pec-

2448 2852 2561 2895 cata
2585 2854 2749 2897 vestra
2770 2854 2828 2898 ut
2855 2847 3114 2899 coccinum
3135 2887 3151 2912 ,
3183 2848 3330 2916 quasi
3355 2849 3519 2902 nivem
3561 2849 3802 2902 dealbabo
3848 2861 3867 2919 ί
3898 2846 4039 2901 Ibid.

2448 2933 2558 3003 18).
2606 2932 2868 2989 Numcubi
2916 2937 3182 2991 cicatrix?
3232 2940 3483 2993 numcuhi
3528 2954 3656 3008 ruga
3705 2939 3863 2993 etiam
3914 2954 4041 2991 cum

2445 3025 2625 3078 colore
2650 3024 3006 3093 expiationis?
3030 3027 3095 3079 Et
3124 3028 3168 3081 si
3194 3029 3381 3097 fuerint
3408 3038 3462 3080 ut
3490 3030 3763 3093 coccinum,
3789 3031 3933 3097 quasi
3955 3029 4040 3081 la-

2449 3131 2571 3167 nam
2600 3114 2868 3169 dealbabo.
2928 3116 3193 3173 Numcubi
3244 3120 3514 3189 nigricans
3554 3120 3747 3174 color?
3791 3120 4042 3174 ntuncubi

2451 3205 2656 3258 macula
2683 3205 2791 3259 ?Et
2818 3222 2926 3275 quo
2954 3218 3108 3275 pacto
3161 3209 3295 3264 ﬁunt
3321 3211 3464 3265 ista?
3494 3210 3627 3264 Num
3654 3210 3772 3264 alia:
3802 3210 4037 3278 promis-

2450 3294 2679 3349 siones?
2724 3310 2787 3350 os
2835 3298 2977 3351 enim
3026 3298 3235 3354 Domini
3285 3300 3401 3355 haec
3448 3302 3720 3370 loquutum
3767 3311 3868 3356 est.
3920 3300 4039 3355 Non

2448 3384 2620 3437 solum
2644 3386 3063 3455 magnitudinem
3086 3389 3263 3443 vidisti
3302 3393 3682 3459 promissorum
3710 3433 3725 3457 ,
3753 3392 3845 3446 sed
3873 3402 3927 3445 et
3950 3392 4039 3445 di-

2447 3475 2703 3545 gnitatem
2730 3477 3022 3547 largientis.
3052 3480 3163 3535 Deo
3191 3484 3333 3535 enim
3364 3482 3635 3551 possibilia
3664 3491 3789 3536 sunt
3807 3483 3984 3535 omnia
4012 3524 4027 3547 ,

2449 3568 2538 3636 qni
2566 3577 2740 3636 potest
2761 3584 2790 3622 a
2820 3569 3037 3625 sordido
3061 3569 3236 3627 facere
3258 3573 3536 3627 mundum.
3556 3572 3708 3627 Hunc
3739 3574 3895 3641 igitur
3917 3588 4047 3626 cum

2448 3659 2791 3725 audierimus,
2821 3671 2876 3717 et
2900 3664 3227 3731 paenitentia:
3258 3664 3518 3719 medelam
3552 3665 3856 3719 noverimus
3879 3703 3895 3726 ,
3921 3664 4043 3733 glo-

2447 3749 2579 3802 riam
2628 3749 2728 3818 ipsi
2776 3752 3204 3808 transmittamus
3235 3768 3251 3806 :
3280 3753 3405 3823 quia
3453 3753 3618 3823 ipsius
3645 3762 3728 3807 est
3771 3752 3939 3822 gloria
3984 3760 4042 3806 et

2450 3838 2733 3906 imperium
2758 3841 2809 3893 in
2833 3842 3049 3895 sarcula.
3076 3843 3269 3897 Amen.

2868 4029 3153 4080 ITEMQUE
3198 4029 3279 4069 DE
3335 4028 3530 4071 SACllA
3575 4029 3783 4071 MENSA
3829 4030 3909 4071 ΕΤ
3953 4028 4040 4070 υκ

2238 4099 2487 4142 wmcro
2522 4090 2560 4143 '.

1384 4217 1599 4257 ιιοιιιιιι
1628 4218 1699 4256 IX.

823 4335 1280 4404 Quemadmodum
1330 4336 1461 4389 nihil
1493 4337 1710 4405 prodest
1754 4336 1816 4389 iis
1844 4337 1929 4399 qui
1961 4337 2250 4401 seminant,
2298 4336 2341 4390 si

749 4426 903 4495 justa
958 4428 1094 4478 viam
1136 4430 1337 4478 semina
1379 4426 1575 4493 iaciant
1604 4445 1615 4477 :
1648 4427 1716 4478 ita
1762 4442 1934 4494 neque
1983 4427 2135 4481 nobis
2182 4426 2339 4495 quid-

754 4533 916 4587 quam
952 4516 1212 4586 proderit,
1252 4516 1297 4569 si
1327 4515 1611 4569 Christiani
1660 4514 1920 4576 dicamur,
1963 4515 2061 4569 nisi
2088 4532 2205 4584 qua:
2249 4532 2343 4584 ap-

754 4607 1028 4676 νοητιιίοηί
1071 4615 1266 4659 nostra:
1291 4606 1614 4661 conveniant
1653 4618 1815 4673 opera
1850 4614 2184 4672 prrestcmus.
2215 4605 2343 4671 Ejus

752 4698 850 4759 rei,
894 4698 937 4751 si
984 4698 1173 4765 placet,
1202 4695 1465 4750 adhibebo
1493 4695 1594 4749 lide
1640 4695 1857 4765 dignum
1902 4704 2090 4749 testem
2122 4694 2342 4748 fratrem

752 4790 846 4843 Dei
890 4788 1149 4844 Jacobum
1192 4788 1491 4841 dicentem:
1524 4785 1677 4840 Fides
1722 4788 1827 4839 sine
1873 4786 2106 4853 aperibus
2142 4797 2344 4839 mortua

752 4891 825 4934 est
856 4879 1037 4952 (Iacob
1084 4880 1138 4932 2.
1171 4878 1281 4947 17).
1316 4879 1453 4945 Ergo
1478 4878 1671 4945 ubique
1700 4893 1836 4945 opus
1860 4889 1941 4930 cst
1972 4879 2339 4931 mandatorum

753 4970 1064 5039 operatione
1089 4987 1102 5022 :
1134 4984 1254 5023 nam
1284 4967 1369 5021 illa
1395 4967 1634 5027 absente.
1668 4982 1838 5028 neque
1858 4967 2145 5020 Christiani
2174 4970 2343 5021 nomi-

758 5063 841 5113 nis
869 5060 1154 5129 appellatio
1174 5059 1325 5112 nobis
1357 5057 1613 5128 prodesse
1644 5058 1857 5126 poterit.
1895 5057 1960 5112 Et
2000 5073 2067 5111 ne
2109 5059 2338 5111 mireris.

750 5150 886 5217 Quid
932 5150 1103 5214 enim,
1141 5148 1229 5201 dic
1278 5147 1429 5209 mihi,
1474 5147 1604 5201 lucri
1650 5146 1811 5202 habet
1858 5148 2011 5203 miles
2050 5147 2262 5217 quando
2291 5148 2341 5200 in

754 5242 991 5295 exercitu
1018 5248 1121 5303 est,
1150 5238 1252 5292 nisi
1280 5238 1466 5291 militia
1492 5237 1679 5306 dignus
1705 5239 1803 5304 sit,
1831 5249 1883 5293 et
1909 5256 2006 5309 pro
2032 5254 2155 5308 rege
2186 5253 2214 5292 a
2237 5254 2342 5307 quo

845 5492 1041 5545 Titulus
1091 5494 1141 5557 in
1199 5494 1416 5545 Colbert.
1442 5530 1455 5553 ,
1519 5494 1841 5557 Ejusdemde
1871 5498 2150 5547 necessitate
2186 5495 2342 5546 sacris

755 5558 1011 5618 assistendi
1025 5556 1249 5618 collectis.
1267 5558 1442 5618 rejecto
1461 5556 1591 5606 omni
1601 5556 1954 5618 impedimento,
1972 5563 2017 5606 et
2038 5560 2098 5607 de
2115 5557 2343 5615 perniten-

753 5617 839 5674 tia,
864 5630 1021 5667 sermo
1042 5616 1331 5679 trigesimus,
1349 5618 1615 5679 secundum
1634 5616 1981 5679 11$s,orditiem.
2014 5620 2198 5668 Initium
2221 5632 2342 5669 vero

756 5670 995 5751 semionis
1008 5682 1087 5751 sic
1100 5670 1253 5751 liabet
1278 5690 1291 5725 :
1312 5670 1498 5747 Dilecti,
1524 5677 1825 5751 nausa/ficit
1863 5692 1950 5751 nos
1987 5684 2164 5751 temere
2185 5686 2243 5751 _et
2263 5680 2340 5751 in-

758 5740 969 5811 totuqu
990 5740 1289 5811 citristitmos
1319 5740 1577 5811 nominari,
1594 5748 1660 5803 et,
1692 5740 1741 5811 si
1760 5740 1967 5811 placeat,
2001 5741 2237 5811 adhibebo
2254 5749 2338 5811 te-

760 5806 878 5865 stem
900 5800 997 5865 fate
1021 5801 1223 5865 dignum
1254 5802 1457 5865 fratrem
1491 5803 1577 5853 Dei
1608 5800 1836 5854 Jacobum
1868 5802 2146 5856 dicentem:
2176 5802 2335 5856 Fides.

758 5858 881 5910 Infra
901 5858 1064 5925 deest,
1075 5858 1131 5915 "et
1154 5877 1212 5914 ne
1236 5858 1445 5916 mireris.

2450 4206 2631 4271 alitur,
2679 4208 2946 4262 militet’?
2990 4209 3148 4263 Forte
3188 4217 3388 4270 autem,
3441 4210 3647 4263 tametsi
3687 4210 3919 4264 terribile
3956 4221 4040 4265 est

2449 4296 2588 4364 quod
2618 4297 2830 4363 dicitur,
2874 4300 3062 4353 melius
3101 4300 3149 4353 ei
3196 4309 3310 4353 erat
3350 4316 3453 4353 non
3496 4300 3740 4361 militare,
3783 4315 3939 4368 quam
3983 4302 4037 4354 in

2448 4386 2634 4439 militia
2665 4402 2847 4442 curam
2875 4398 2931 4444 et
2964 4390 3221 4444 honorem
3268 4391 3406 4459 regis
3445 4391 3736 4460 negligere.
3766 4389 3868 4455 Qui
3893 4392 4041 4445 enim

2446 4477 2558 4532 ﬁeri
2588 4488 2762 4547 potest
2791 4490 2850 4535 ut
2888 4496 2993 4535 non
3039 4482 3292 4551 puniatur
3322 4482 3385 4545 is,
3414 4482 3501 4549 qui
3543 4496 3574 4534 a
3618 4496 3743 4550 rege
3784 4482 4033 4545 nutritur,

2447 4584 2544 4636 pro
2586 4585 2710 4638 rege
2758 4581 2933 4625 autem
2979 4586 3086 4625 non
3134 4572 3344 4625 certat?
3391 4571 3527 4639 Quid
3579 4578 3753 4624 autem
3791 4569 3911 4624 dico
3938 4586 4038 4639 pro

2448 4662 2612 4728 rege?
2652 4662 2851 4715 utinam
2881 4663 3041 4717 etiam
3074 4679 3168 4732 pro
3213 4664 3409 4718 nostris
3434 4661 3711 4716 animabus
3740 4676 3917 4716 curam
3943 4678 4035 4731 ge-

2449 4766 2692 4805 reremus
2729 4753 2834 4806 !Et
2877 4755 3163 4822 quomodo,
3207 4756 3301 4820 ait,
3342 4754 3597 4826 possibile
3642 4754 3693 4807 in
3742 4752 3936 4807 mundo
3982 4761 4036 4807 et

2450 4843 2627 4896 medio
2657 4843 2931 4898 hominum
2973 4848 3050 4900 sic
3079 4857 3374 4901 versantem
3420 4845 3660 4901 salvari?
3700 4844 3836 4912 Quid
3878 4844 4031 4908 dicis,

2448 4934 2649 4989 homo?
2692 4936 2779 4990 Vis
2826 4937 3057 4991 breviter
3099 4938 3374 4992 ostendam
3422 4954 3525 4992 non
3575 4950 3697 4991 esse
3722 4935 3895 4989 locum
3942 4934 4032 5003 qui

2445 5027 2630 5090 salvet,
2678 5027 2772 5081 sed
2816 5043 2994 5081 mores
3016 5037 3069 5081 et
3097 5028 3417 5083 voluntatem
3441 5030 3465 5080 ?
3487 5027 3656 5082 Adam
3690 5026 3739 5078 in
3766 5026 4030 5094 paradiso,

2446 5126 2504 5170 ut
2532 5119 2584 5171 in
2626 5129 2780 5187 portu
2814 5118 3143 5188 naufragium
3188 5120 3312 5175 fecit
3340 5120 3491 5193 (Gen.
3521 5120 3577 5185 5)
3609 5134 3621 5170 :
3653 5116 3785 5170 Loth
3836 5119 3886 5171 in
3932 5119 4033 5173 So-

2446 5209 2618 5263 domis
2638 5211 2775 5264 sicut
2803 5211 2856 5264 in
2886 5212 3070 5281 pelago
3097 5223 3338 5266 servatus
3366 5220 3448 5265 est
3477 5208 3625 5278 (Gen.
3682 5209 3767 5276 19)
3794 5224 3806 5260 :
3832 5208 3932 5263 Job
3983 5209 4029 5261 in

2445 5310 2683 5355 stercore
2736 5302 3053 5370 justilicatus
3097 5314 3179 5358 est
3223 5303 3342 5373 (Job
3386 5300 3442 5371 2)
3485 5300 3648 5356 :Sut'tl
3694 5300 3781 5356 ille
3828 5302 3879 5354 in
3922 5300 4032 5353 the-

2446 5391 2617 5443 sauris
2672 5407 2894 5447 versans
2962 5410 3124 5463 regno
3180 5393 3428 5463 praesenti
3491 5401 3543 5446 et
3594 5392 3771 5445 futuro
3833 5389 4035 5445 excidit

2447 5481 2659 5551 (LReg.
2678 5484 2788 5553 18).
2813 5484 2924 5540 Non
2947 5495 3029 5540 cst
3048 5486 3309 5547 defensio,
3332 5483 3470 5552 quod
3503 5483 3656 5549 dicis,
3681 5483 3794 5537 Non
3818 5495 4033 5551 possum

2446 5573 2711 5628 inmundo
2736 5577 2957 5640 versari,
2987 5588 3147 5645 atque
3179 5576 3231 5629 in
3264 5573 3439 5627 medio
3454 5574 3785 5644 negotiorum
3803 5567 4019 5625 salvari.

2447 5663 2551 5717 Sed
2582 5664 2695 5719 hare
2722 5668 2899 5736 gravia
2928 5668 3068 5721 unde
3107 5664 3394 5720 accidunt?
3417 5665 3548 5734 Quia
3578 5665 3667 5718 alii
3693 5658 3888 5716 divinis
3913 5672 4035 5727 pre-

2508 5802 2522 5834 ι
2552 5809 2600 5850 tn
2618 5802 2771 5859 mlh“
2785 5802 2911 5864 Quid
2928 5802 3057 5853 enim
3075 5801 3200 5853 lucri
3216 5801 3354 5852 habet
3377 5799 3515 5864 miles
3534 5812 3599 5851 ea:
3617 5791 3809 5856 militia,
3833 5806 3920 5845 "In
3940 5804 4034 5855 ίίτιη

2446 5860 2620 5914 tirtute
2660 5860 2859 5916 militem
2884 5864 3020 5915 decet
3043 5878 3132 5919 aro
3156 5876 3265 5929 reg:
3288 5864 3455 5914 mthtet
3472 5860 3497 5911 1’
