4406 6716
440 486 547 542 353

445 597 619 662 cibus,
638 596 726 654 alii
743 598 934 657 divinis
954 601 1306 657 conventibus
1333 600 1632 673 frequentes
1649 624 1754 663 non
1776 607 2027 666 adestis‘.

446 686 639 743 Annon
687 690 877 746 videtis
913 706 1008 746 eos
1048 691 1137 759 qui
1165 690 1351 746 volunt
1390 693 1695 765 dignitatem
1740 712 1772 752 a
1820 706 2028 755 terreno

442 792 570 847 rege
608 780 872 850 accipere,
905 779 1175 849 quomodo
1203 782 1455 852 assident,
1493 788 1763 857 quomodo
1800 788 1932 846 alios
1958 792 2023 846 ad

442 871 878 937 patrocinandum
924 871 1164 937 incitant,
1211 881 1267 927 ut
1305 875 1573 944 potiantur
1601 892 1668 932 eo
1703 880 1844 949 quod
1879 897 2024 951 qua:-

440 962 604 1014 runt?
631 962 754 1016 Haec
796 976 897 1030 ego
925 960 1148 1014 dixerim
1190 964 1255 1018 ad
1302 981 1395 1020 eos
1425 968 1513 1037 qui
1542 967 1747 1022 divinas
1776 971 2022 1028 collectas

428 1050 767 1120 relinquunt,
795 1060 849 1103 et
869 1049 969 1103 sub
996 1050 1178 1107 horam
1204 1056 1454 1111 terribilis
1481 1065 1536 1111 et
1562 1059 1799 1129 mystica:
1824 1078 2021 1118 mensa:

436 1140 715 1211 colloquiis
750 1148 805 1194 et
840 1138 989 1194 vanis
1036 1146 1567 1203 sermocinationibus
1596 1152 1834 1219 occupati
1874 1164 2014 1208 sunt.

435 1226 571 1292 Quid
621 1229 784 1293 facis,
842 1228 1041 1281 homo?
1086 1248 1189 1286 non
1241 1237 1528 1304 promisisti
1582 1240 1879 1307 sacerdoti,
1928 1245 2016 1312 qui

436 1316 584 1379 dixit.
612 1319 829 1373 Sursum
860 1328 1071 1371 mentem
1096 1331 1144 1375 et
1167 1326 1341 1392 corda,
1369 1334 1423 1380 et
1443 1327 1638 1391 dixisti,
1666 1326 1925 1384 Habemus
1948 1335 2018 1386 ad

435 1406 706 1461 Dominum
725 1410 751 1462 .9
779 1424 883 1463 non
922 1414 1181 1467 revereris
1211 1425 1263 1468 et
1292 1417 1584 1483 erubescis,
1624 1419 1765 1488 quod
1791 1421 1876 1474 illa
1904 1424 2014 1491 ipsa

430 1497 560 1553 hora
590 1502 816 1555 mendax
861 1500 1184 1558 iaveniaris?
1210 1505 1403 1578 Papae!
1455 1525 1638 1564 mensa
1668 1512 1889 1581 mystica
1919 1530 2017 1581 pa-

436 1600 548 1642 rata
571 1602 674 1653 est,
704 1600 757 1647 et
784 1607 951 1661 agnus
974 1593 1062 1647 Dei
1090 1610 1184 1664 pro
1208 1607 1260 1652 te
1289 1599 1614 1666 immolatur,
1644 1604 1894 1657 sacerdos
1917 1622 2012 1674 pro

432 1685 485 1732 te
510 1679 739 1749 angitur,
771 1680 905 1750 ignis
937 1682 1224 1750 spiritualis
1253 1701 1318 1741 ex
1364 1705 1514 1743 sacra
1550 1706 1731 1744 mensa
1762 1694 2009 1761 erumpit,

424 1766 713 1823 Cherubim
737 1770 969 1835 adstant,
997 1771 1269 1842 Seraphim
1291 1778 1568 1845 advolant,
1598 1789 1653 1834 et
1682 1782 1898 1850 spiritus
1920 1799 2009 1839 sex

417 1856 539 1911 alas
568 1858 827 1914 habentes
858 1861 1044 1914 faciem
1088 1872 1287 1932 tegunt,
1319 1883 1505 1923 omnes
1548 1870 1875 1939 iucorporew
1903 1876 2010 1927 vir-

418 1957 566 2003 tutes
593 1965 688 2018 pro
733 1961 784 2004 te
811 1966 931 2004 cum
976 1955 1247 2011 sacerdote
1285 1958 1621 2016 intercedunt
1648 1981 1661 2016 :
1692 1963 1827 2033 ignis
1856 1968 2010 2034 spiri-

412 2039 579 2093 ‘tualis
612 2055 643 2094 e
690 2041 823 2095 caelo
851 2041 1145 2111 descendit,
1174 2050 1390 2117 sanguis
1429 2052 1482 2106 in
1530 2065 1739 2111 cratere
1782 2057 1834 2111 in
1866 2068 2006 2113 tuam

414 2131 840 2196 purificationem
884 2149 948 2188 ex
992 2136 1331 2193 immaculato
1370 2142 1535 2200 latere
1560 2146 1761 2203 eﬂ‘usus
1797 2160 1879 2203 est
1911 2168 1923 2202 :
1953 2160 2007 2205 et

418 2235 525 2273 non
554 2222 825 2277 erubescis
854 2240 916 2279 ac
960 2229 1243 2293 revereris,
1285 2245 1383 2286 nec
1421 2242 1471 2287 te
1498 2236 1657 2303 pudet
1687 2239 1738 2293 in
1780 2240 1867 2294 illa
1898 2251 2006 2296 tre-

408 2314 605 2369 menda
634 2315 763 2370 hora
792 2319 1098 2373 mendacem
1131 2331 1184 2375 te
1211 2321 1817 2390 deprehendi?Centum
1847 2348 2003 2387 sexa-

411 2402 555 2470 ginta
586 2415 708 2459 octo
728 2404 887 2460 horas
917 2408 1143 2463 habente
1172 2410 1529 2480 hebdomada,
1562 2433 1716 2472 unam
1746 2428 1803 2473 et
1829 2421 1996 2475 solam

408 2491 598 2547 horam
646 2496 745 2550 sibi
776 2497 873 2566 ipsi
921 2501 1221 2568 segregavit
1252 2501 1409 2567 Deus,
1455 2514 1509 2558 et
1551 2504 1689 2562 hanc
1737 2509 1788 2562 in
1835 2526 1996 2579 opera

412 2584 707 2649 smcularia,
748 2595 802 2639 et
842 2587 893 2640 in
928 2588 1172 2653 ridicula,
1205 2601 1260 2644 et
1306 2592 1358 2645 in
1387 2609 1519 2648 vana
1556 2597 1816 2667 colloquia
1847 2601 1994 2655 insu-

408 2669 556 2724 mis?
598 2671 731 2726 Cum
761 2690 862 2743 qua
893 2687 1071 2745 postea
1101 2679 1292 2735 liducia
1332 2683 1397 2736 ad
1439 2688 1691 2755 mysteria
1733 2690 1995 2746 accedes?

400 2773 531 2814 eum
554 2776 655 2830 qua
688 2764 884 2831 polluta
907 2771 1272 2824 conscientia?
1296 2773 1434 2828 Num
1474 2777 1517 2830 si
1554 2786 1758 2833 stercus
1791 2782 1840 2834 in
1874 2800 1985 2835 ma-

408 2848 566 2903 nibus
611 2850 857 2919 haberes,
889 2857 1114 2912 auderes
1137 2863 1448 2932 contingere
1478 2865 1742 2922 fimbriam
1789 2875 1989 2929 terreni

404 2939 618 3008 regis“!

476 3027 541 3080 In
567 3027 891 3086 Eucharistia
920 3051 1022 3088 non
1050 3039 1214 3103 panis,
1247 3057 1346 3094 non
1369 3044 1537 3098 vinum
1564 3058 1658 3113 est,
1691 3052 1781 3104 sed
1804 3068 1987 3122 corpus

402 3127 452 3172 et
489 3122 696 3187 sanguis
739 3123 944 3177 Christi.
969 3127 1142 3182 —Ne
1184 3131 1332 3198 quasi
1380 3150 1565 3201 panem
1608 3139 1657 3191 id
1703 3142 1979 3210 respicias,

400 3220 504 3260 neu
532 3209 681 3277 quasi
717 3212 897 3267 vinum
938 3216 1253 3273 existimes:
1287 3237 1454 3292 neque
1499 3227 1640 3280 enim
1688 3209 1803 3284 ha-c
1846 3233 1984 3287 sicut

397 3298 589 3368 reliqui
624 3302 727 3356 cibi
760 3304 811 3357 in
842 3321 1114 3362 secessum
1145 3311 1365 3365 vadunt.
1400 3314 1552 3370 Absit
1578 3334 1593 3369 :
1639 3334 1705 3373 ne
1731 3322 1808 3376 sic
1835 3325 1983 3391 cogi-

396 3395 501 3442 tes.
550 3389 1006 3457 Quemadmodum
1058 3399 1200 3452 enim
1245 3416 1365 3455 cera
1422 3405 1527 3474 igni
1578 3407 1810 3474 admota,
1853 3389 1981 3465 nihil

394 3479 704 3536 substantia:
730 3485 1010 3553 amittitur,
1042 3489 1171 3544 nihil
1198 3496 1476 3561 superﬂuit
1505 3516 1517 3551 :
1546 3499 1623 3553 sic
1648 3511 1701 3554 et
1746 3500 1831 3557 hic
1858 3516 1980 3572 puta

392 3570 647 3639 mysteria
664 3576 904 3628 consumi
926 3580 1164 3645 corporis
1184 3582 1499 3639 substantia.
1528 3587 1747 3657 Propter
1761 3570 1900 3661 quod
1928 3604 1984 3649 et

392 3660 712 3715 accedentes
752 3678 819 3716 ne
860 3668 1054 3733 putetis
1096 3684 1190 3723 vos
1233 3674 1473 3741 accipere
1510 3676 1746 3735 divinum
1782 3660 1979 3753 corpus

390 3748 713 3814 exhomine,
745 3753 837 3808 sed
865 3770 929 3809 ex
962 3758 1087 3826 ipsis
1126 3758 1403 3831 Seraphim
1449 3765 1648 3838 forcipe
1689 3748 1893 3842 ignem,
1915 3786 1973 3831 ut

391 3835 594 3891 scilicet
616 3838 779 3895 lsaias
802 3843 933 3898 vidit
962 3845 1114 3917 (lsai.
1144 3849 1222 3920 6).
1247 3851 1480 3908 divinum
1510 3835 1974 3934 corpus'accipcre

392 3938 573 3998 putate
604 3942 695 3985 :ct
736 3937 888 4003 quasi
931 3938 1112 3994 divino
1154 3954 1208 3996 et
1254 3944 1531 4014 impolluto
1571 3951 1722 4007 lateri
1774 3955 1971 4012 admoti

391 4018 562 4084 labiis,
614 4023 692 4077 sic
720 4026 941 4082 salutari
975 4034 1215 4101 sanguini
1260 4038 1655 4107 participemus.
1687 4044 1966 4113 Quocirca,

390 4107 603 4175 fratres,
635 4126 731 4165 oro
762 4129 858 4169 vos
883 4127 936 4173 et
972 4120 1216 4186 obsecro,
1249 4138 1316 4179 ne
1352 4126 1590 4183 absimus
1616 4131 1685 4185 ab
1710 4137 1971 4204 ecclesiis,

389 4215 563 4271 neque
609 4202 676 4255 ibi
720 4206 1001 4277 colloquiis
1027 4222 1082 4267 et
1118 4217 1410 4283 garrulitati
1452 4235 1738 4278 vacemus:
1769 4202 1970 4284 stemus

390 4299 681 4347 trementes
718 4304 773 4348 et
819 4298 1011 4365 timidi,
1044 4302 1289 4360 demissis
1325 4309 1512 4373 oculis,
1561 4312 1760 4367 elevata
1788 4327 1964 4371 autem

389 4382 587 4447 anima,
618 4393 890 4453 gementes
916 4389 1032 4444 sine
1062 4408 1211 4461 voce,
1236 4396 1521 4463 jnbilantes
1559 4402 1738 4456 corde.
1773 4407 1962 4459 Annon

390 4473 582 4529 videtis
621 4490 736 4541 eos,
765 4478 853 4547 qui
896 4482 1155 4549 sensibili,
1203 4491 1550 4559 corruptibili,
1583 4497 1879 4564 temporali,
1912 4510 1966 4553 et

450 4649 658 4727 nega:
891 4651 1114 4727 defensio
1136 4658 1265 4727 quod
1287 4659 1413 4727 dicis
1440 4675 1460 4712 .'
1489 4664 1777 4727 lmpossibile
1810 4676 1879 4718 est
1913 4670 1963 4721 in

384 4710 547 4784 medio
568 4710 867 4784 negotiorum
874 4710 1159 4784 permutem
1170 4717 1349 4784 saluari
1368 4710 1965 4784 ,{séa‘éa’aiiaiaiuib'rii

583 4770 711 4834 quod
734 4773 952 4836 precibus
973 4781 1019 4824 et
1040 4780 1311 4837 presertim
1333 4770 1961 4845 άῖιᾶἱῆέῧιὶίὲἆὶᾶῖὶδνὶὧιξ

386 4840 625 4883 ιἀεαιηιιε.

446 4893 467 4922 ³
489 4898 661 4972 lotum
683 4896 811 4972 hunc
835 4896 996 4972 locum
1010 4899 1079 4947 sic
1099 4898 1359 4972 legitgneg.
1384 4919 1397 4954 :
1419 4910 1603 4972 Papa!
1639 4920 1754 4961 Cum
1797 4927 1963 4968 mensa

381 4954 802 5036 m%:-Edtﬂd
823 4967 918 5036 est,
933 5035 938 5036 ν
951 4966 996 5036 et
1038 4954 1189 5036 agnis
1213 4964 1303 5013 Dei
1310 4954 1435 5036 “pro—
1460 4954 1515 5019 {er
1524 4954 1959 5035 inmaiiiiu'ﬁm

527 5017 795 5089 spiritantia
811 5017 1179 5089 asperam
1196 5017 1405 5088 erumpit
1424 5043 1441 5086 ;

383 5072 533 5185 ω,
549 5072 661 5145 curn
682 5079 935 5132 cherubim
952 5084 1170 5154 advolant
1190 5098 1214 5154 ς.
1370 5072 1581 5151 iet-{17;};
1607 5072 1959 5151 δίαςςηὶίῇ

513 5149 537 5184 8
560 5136 736 5185 famem
756 5147 918 5185 (enim!
938 5158 953 5185 ξ
975 5158 1085 5185 cum
1114 5159 1237 5185 Imm
1268 5160 1318 5185 πη
1347 5151 1521 5185 enin-in.
1548 5158 1791 5185 Αωηωηι
1812 5176 1824 5185 .
1851 5174 1955 5185 μη...

513 5136 953 5219 ἑῖίέῗίτίἮεῗθιωιῖ
975 5158 1085 5219 ειεξιτ
1114 5136 1244 5219 ίθιλῖδ,
1268 5147 1325 5219 ίξιξ
1346 5136 1956 5219 δρἶνῗιὶὶἙεὲἷτᾶιιῆὶῗεὶὶῗῆ

377 5208 955 5278 mjictytere..."
980 5208 1154 5278 eﬂ'usus
1176 5214 1259 5258 est.
1287 5208 1388 5278 μζοή
1404 5219 1449 5262 te
1474 5218 1641 5278 pudet,
1664 5208 1955 5275 aanimi;

377 5270 845 5339 scuttfgqtlfmcuras
875 5280 966 5339 pro
1002 5277 1047 5319 te
1074 5269 1180 5339 ipso
1215 5270 1409 5339 quidem
1444 5269 1600 5339 Deum
1628 5269 1856 5339 'paimr'é.
1864 5269 1955 5336 in}.

379 5333 472 5411 que
495 5321 1032 5411 egsfiquitknonhouwj
1063 5321 1108 5381 te
1142 5321 1331 5383 accusat
1354 5330 1376 5381 ἵ)
1398 5321 1955 5411 quissat}:

380 5379 502 5460 δία,
525 5379 743 5460 λαὲξεξ,
761 5379 1098 5460 ζιξιὲίὲοηιαιέςιξ
1124 5379 1389 5460 news
1403 5379 1956 5460 ⁷’έῆῐιιᾶῗὲἔέἕὲνὶῖὶἲ

378 5443 853 5531 19:32:35,231?
868 5447 974 5531 ita?
989 5443 1237 5531 genus
1250 5443 1953 5531 εοιιοσυίεὲζέῖῑιέᾱὸῖίέῖὲιὶἇέἵ

598 5503 950 5584 Ψέιέέιξιὲἕτξετ
1138 5503 1269 5584 ditio;
1283 5503 1956 5584 Vwiﬁhi‘iiiovii’iii"n%"iéi

376 5567 883 5644 ‘fa_!loras_12€§,ctttlt
906 5567 1081 5644 sutore
1098 5567 1954 5644 persolueriutusbsed,ancoram:

376 5630 565 5715 νεζξὲαλ
579 5636 660 5715 9"!
680 5630 1246 5715 E‘Zﬁ‘.’.‘ii".9_"£'£‘f;'_'"ﬂ£m
1260 5630 1322 5715 ,έι
1340 5630 1661 5715 “disdiis
1675 5630 1953 5715 δὲῐεέἓᾶἷὲεῖ

374 5690 886 5777 sanguisuga
894 5690 1780 5777 ίεξωσμιῃνέάςςξ
1790 5690 1950 5777 ΰιέιὶζ

375 5752 886 5835 sescentae.in
905 5752 1145 5835 riseris
1162 5752 1343 5835 vested
1354 5752 1710 5828 ’dééeiielTiiii
1744 5752 1953 5835 3:353:73

376 5814 665 5890 tam!“
684 5814 707 5865 ρ
730 5825 879 5890 Mign”
899 5816 943 5887 εξ
964 5814 1143 5889 manus.
1155 5814 1466 5890 pollutasaut
1478 5814 1702 5883 isiéicafé
1721 5814 1950 5890 @7553?

374 5882 514 5926 statas
534 5876 752 5937 haberes,
776 5878 1015 5944 ﬁmbn‘am
1038 5876 1167 5945 regis
1190 5876 1737 5957 auderes’coutinoerﬁ

1558 495 1652 553 DE
1695 498 2154 556 PCEMTENTIA.
2194 501 2425 560 HOMIL.
2472 507 2557 566 IX.

3610 523 3715 579 316

2132 620 2350 669 terreno
2401 619 2509 690 regi
2552 619 2807 676 assistunt
2833 623 2869 689 ‘,
2899 639 3055 693 quam
3098 628 3203 683 sint
3250 628 3569 701 immobiles,
3606 653 3711 692 non

2133 703 2428 774 loquentes,
2461 724 2565 764 non
2592 712 2911 781 agitati,non
2952 717 3132 774 oculos
3176 719 3281 776 huc
3322 730 3376 777 et
3418 722 3543 778 illnc
3587 727 3710 780 mit.

2133 805 2322 862 tentes,
2353 801 2445 855 sed
2488 803 2686 868 moesti,
2709 803 2946 873 demissi,
2981 809 3453 877 pertimescentes?
3478 815 3556 870 Ex
3584 822 3712 887 ipsis

2129 889 2502 945 documentum
2530 894 2769 963 accipite,
2803 912 2835 951 ο
2858 898 3120 965 homines,
3143 913 3195 957 et
3222 905 3297 958 sic
3320 906 3555 960 assistite
3578 907 3708 971 Dec.

2128 983 2287 1036 veluti
2318 985 2382 1039 ad
2430 994 2704 1041 terrenum
2744 1005 2921 1059 regem
2958 993 3271 1050 accedentes
3300 997 3470 1055 facitis
3500 1016 3513 1052 :
3543 1001 3711 1055 multo

2124 1076 2295 1144 magis
2338 1079 2535 1133 cmicsti
2564 1082 2675 1149 regi
2716 1098 2834 1135 cum
2866 1083 3058 1139 timore
3098 1084 3310 1142 adstare
3336 1099 3562 1159 oportet.
3595 1092 3708 1148 lloc

2120 1180 2267 1236 stupe
2296 1167 2435 1235 dico,
2485 1182 2539 1226 et
2577 1171 2755 1227 dicere
2802 1189 2905 1226 non
2935 1175 3176 1242 cessabo,
3229 1176 3399 1234 donec
3437 1193 3704 1237 correctos

2122 1257 2350 1312 videam.
2407 1260 2769 1331 lngredientes
2813 1272 2989 1319 autem
3021 1266 3072 1319 in
3117 1270 3420 1335 ecclesiam,
3452 1280 3511 1326 ut
3546 1272 3703 1329 decet

2124 1347 2289 1401 Deum
2313 1352 2646 1415 accedamus,
2681 1370 2747 1409 ne
2774 1355 3022 1411 vindictae
3060 1360 3396 1428 cupiditatem
3443 1365 3493 1418 in
3522 1377 3701 1421 mente

2121 1438 2401 1502 habentes,
2430 1441 2683 1498 adversus
2710 1461 2805 1499 nos
2846 1462 3143 1514 precemur,
3184 1449 3422 1507 dicentes
3451 1471 3463 1507 :
3494 1453 3704 1510 Dimitte

2119 1529 2297 1594 nobis,
2362 1531 2493 1584 sicut
2554 1543 2601 1587 et
2653 1553 2742 1589 nos
2798 1538 3099 1593 dimittimus
3156 1539 3459 1597 debitoribus
3518 1549 3701 1600 nostris

2118 1622 2331 1693 (Matth.
2360 1624 2412 1679 6.
2443 1626 2554 1696 l2).
2591 1628 2849 1685 Terribile
2877 1634 3021 1688 enim
3052 1644 3135 1689 est
3162 1636 3283 1703 hoc,
3315 1639 3459 1710 quod
3484 1639 3698 1705 dicitur,

2116 1722 2169 1766 et
2196 1713 2363 1769 ferme
2398 1716 2477 1771 sic
2500 1716 2566 1769 ad
2596 1718 2760 1772 Deum
2789 1721 2999 1788 clamat,
3029 1726 3114 1793 qui
3147 1726 3246 1780 hoc
3280 1727 3451 1783 dicit:
3488 1730 3694 1792 Dimisi,

2118 1804 2355 1867 Domine,
2403 1807 2645 1874 dimitte;
2698 1810 2856 1873 solvi,
2897 1814 3077 1878 solve;
3125 1817 3320 1886 ignovi,
3364 1820 3580 1889 ignosce
3611 1840 3624 1875 :
3650 1824 3695 1878 si

2114 1897 2327 1963 retinui,
2362 1901 2563 1963 retine;
2593 1902 2635 1955 si
2668 1917 2772 1956 non
2811 1903 2949 1958 solvi
2977 1906 3241 1974 proximo,
3276 1925 3448 1979 neque
3476 1920 3529 1965 tu
3577 1928 3694 1967 mea

2113 1986 2290 2040 solvas
2334 2000 2545 2056 peccata
2588 2009 2600 2043 :
2638 1991 2690 2045 in
2743 2010 2843 2062 qua
2893 2011 3144 2053 mensura
3196 2000 3388 2054 metior
3430 2003 3691 2072 proximo,

2110 2075 2298 2129 eadem
2324 2080 2621 2134 remetiaris
2647 2083 2792 2134 mihi.

2185 2164 2309 2219 Post
2364 2180 2578 2222 mortem
2628 2171 2757 2223 nihil
2806 2190 3069 2228 uterentur.
3096 2207 3167 2217 —
3194 2178 3352 2247 Igitur
3402 2195 3522 2235 cum
3576 2182 3689 2239 haec

2107 2254 2361 2320 sciamus,
2394 2272 2458 2311 ac
2481 2258 2621 2312 diem
2664 2260 2809 2312 illum
2853 2264 3142 2318 terribilem
3172 2268 3325 2320 nobis
3359 2281 3688 2337 reputemus,

2105 2357 2159 2399 et
2190 2346 2363 2415 ignem
2397 2349 2564 2415 illum,
2597 2362 2652 2405 et
2682 2354 2976 2407 terribilem
3011 2364 3393 2412 tormentorum
3430 2360 3603 2415 locum
3634 2364 3685 2417 iu

2103 2446 2338 2491 mentem
2364 2440 2704 2509 accipiamus,
2748 2456 3120 2501 convertamus
3152 2463 3248 2503 nos
3275 2449 3325 2503 in
3352 2459 3624 2521 posterum
3653 2471 3684 2509 λ

2100 2524 2185 2577 via
2213 2541 2315 2595 qua
2358 2529 2679 2590 erravimus.
2714 2532 2905 2589 Veniet
2946 2536 3089 2591 enim
3121 2537 3254 2593 hora
3282 2543 3498 2611 quando
3538 2543 3684 2598 thea-

2103 2622 2241 2668 trum
2272 2616 2395 2671 vitte
2421 2618 2578 2687 hujus
2614 2622 2871 2688 solvetur,
2916 2635 2973 2681 et
3000 2628 3175 2683 nullus
3206 2640 3387 2698 postea
3415 2635 3679 2689 certabit:

2100 2718 2207 2759 non
2234 2714 2319 2761 est
2347 2717 2467 2776 post
2499 2709 2655 2779 hujus
2681 2712 2803 2766 vite
2832 2714 2988 2769 finem
3020 2719 3344 2787 negotiatio:
3376 2720 3478 2777 hoc
3512 2724 3685 2778 soluto

2099 2794 2308 2851 theatro
2345 2813 2575 2855 coronas
2615 2805 2808 2858 mereri
2852 2821 2958 2860 non
2986 2806 3164 2862 datur.
3210 2809 3322 2866 Hoc
3353 2821 3560 2883 tempus
3600 2825 3682 2869 est

2095 2888 2442 2952 poenitentiae,
2478 2889 2605 2945 illud
2624 2892 2809 2961 judicii
2841 2912 2854 2947 :
2889 2895 2990 2950 hoc
3015 2912 3267 2966 agonum.
3302 2901 3428 2955 illud
3454 2917 3679 2958 corona-

2093 2989 2208 3028 rum
2241 2994 2254 3029 :
2291 2977 2392 3032 hoc
2435 2979 2651 3045 laboris,
2700 2982 2828 3036 illud
2857 2986 3200 3041 relaxationis
3224 3004 3239 3040 :
3265 2988 3366 3043 hoc
3399 3005 3673 3057 :erumntr,

2094 3064 2223 3118 illud
2249 3068 2635 3123 retributionis.
2660 3071 2982 3138 Excitemni,
3007 3075 3250 3141 obsecro,
3274 3079 3599 3142 excitemini,
3619 3091 3675 3134 et

2091 3169 2211 3223 quae
2235 3154 2491 3213 dicuntur
2527 3161 2765 3215 suaviter
2798 3162 3098 3219 audiamus.
3130 3165 3370 3222 Viximus
3408 3169 3459 3223 in
3485 3184 3669 3234 came,

2089 3245 2331 3299 vivamus
2356 3248 2578 3315 posthac
2603 3250 2656 3304 in
2696 3251 2884 3320 spiritu
2914 3271 2929 3307 :
2957 3254 3185 3310 viximus
3214 3257 3267 3311 in
3294 3258 3668 3327 voluptatibus,

2085 3334 2328 3389 vivamus
2355 3337 2405 3391 in
2435 3338 2721 3394 virtutibus
2750 3359 2763 3393 :
2794 3343 3023 3399 viximus
3055 3347 3108 3399 in
3150 3347 3491 3417 negligentia,
3523 3351 3671 3403 viva-

2085 3438 2204 3477 mus
2244 3424 2294 3478 in
2329 3427 2656 3493 poenitentia.
2692 3430 2828 3497 Quid
2864 3434 3085 3501 superbit
3115 3446 3248 3489 terra
3294 3446 3340 3490 et
3379 3438 3506 3493 cinis
3536 3438 3667 3510 (Ec-

2086 3513 2171 3565 cli.
2197 3514 2284 3567 10.
2313 3515 2412 3585 9)?
2452 3517 2589 3584 Quid
2620 3518 2842 3581 inﬂaris,
2882 3524 3077 3578 homo?
3107 3525 3233 3592 quid
3269 3541 3526 3598 arrogans
3564 3532 3664 3585 es?

2086 3604 2211 3672 quid
2231 3620 2414 3674 speras
2431 3623 2495 3662 ex
2515 3610 2682 3677 gloria
2706 3613 2885 3667 mundi
2907 3622 2961 3669 et
2983 3614 3179 3670 divitiis
3196 3616 3221 3669 ?
3237 3616 3580 3688 Egrediamur
3600 3623 3665 3677 ad

2082 3697 2344 3764 sepulcra,
2375 3698 2634 3765 obsecro;
2670 3702 2941 3759 videamus
2972 3708 3043 3762 ibi
3084 3711 3358 3779 mysteria,
3392 3711 3666 3768 videamus

2080 3787 2401 3857 discerptam
2436 3802 2699 3852 naturam.
2730 3810 2851 3849 ossa
2882 3811 3123 3863 corrosa,
3165 3814 3390 3869 corpora
3421 3803 3663 3871 putrefa-

2077 3890 2184 3933 cta.
2215 3879 2271 3934 Si
2298 3883 2512 3950 sapiens
2539 3898 2618 3947 es,
2651 3887 2961 3950 considera;
3005 3890 3049 3942 si
3090 3890 3346 3959 prudens,
3388 3892 3476 3947 die
3505 3894 3657 3956 mihi.

2076 3971 2197 4039 quis
2243 3971 2352 4026 illic
2390 3988 2484 4028 rex
2532 3984 2586 4028 et
2614 3977 2733 4045 quis
2775 3979 3035 4046 privatus,
3077 3981 3197 4050 quis
3224 3981 3418 4037 nobilis
3461 3992 3514 4037 et
3541 3986 3663 4055 quis

2078 4074 2301 4126 servus,
2353 4064 2472 4133 quis
2517 4066 2730 4135 sapiens
2767 4077 2822 4122 et
2867 4069 2988 4139 quis
3041 4068 3332 4140 insipiens?
3389 4071 3490 4128 Ubi
3546 4073 3663 4146 pul-

2077 4149 2324 4207 chritudo
2370 4154 2479 4208 illic
2521 4155 2918 4225 adolescentiae,
2969 4160 3055 4215 ubi
3089 4162 3355 4230 gratiosus
3389 4173 3657 4234 aspectus,

2076 4242 2164 4296 ubi
2190 4244 2329 4299 oculi
2356 4246 2603 4315 speciosi,
2634 4249 2719 4301 ubi
2741 4250 2955 4319 elegans
2983 4266 3162 4315 nasus,
3189 4254 3278 4307 ubi
3306 4254 3468 4323 ignita
3493 4255 3655 4319 labia,

2072 4334 2160 4387 ubi
2193 4336 2528 4403 pulchritudo
2571 4353 2847 4407 genarum.
2900 4340 2989 4394 ubi
3020 4342 3167 4395 frons
3194 4342 3448 4398 radians?
3475 4358 3652 4399 annon

2068 4425 2245 4478 omnia
2272 4426 2450 4480 cinis?
2480 4443 2656 4483 nonne
2695 4430 2875 4484 omnia
2921 4431 3131 4500 pulvis?
3158 4448 3335 4488 nonne
3359 4436 3538 4489 omnia
3577 4435 3657 4489 fa-

2070 4516 2229 4569 villa?
2258 4531 2436 4574 nonne
2460 4521 2636 4573 omnia
2665 4522 2903 4576 vermis?
2933 4538 3113 4580 nonne
3136 4525 3316 4580 omnia
3353 4527 3579 4597 putredo
3601 4538 3656 4583 ct

2070 4605 2262 4663 fmtor?
2290 4608 2416 4664 Hmc
2442 4612 2623 4666 animo
2667 4622 3001 4683 reputantes,
3034 4614 3243 4682 fratres,
3276 4625 3332 4672 et
3357 4628 3651 4674 extremum

2072 4697 2213 4754 diem
2244 4701 2423 4755 animo
2455 4713 2751 4767 versantes,
2797 4704 2920 4758 dum
2966 4714 3175 4773 tempus
3218 4704 3495 4768 habemus,
3523 4722 3647 4762 con-

2067 4800 2336 4847 vertamur
2361 4809 2391 4847 a
2420 4795 2502 4849 via
2526 4804 2726 4860 nostra,
2756 4812 2856 4865 qua
2883 4796 3196 4851 erravimus.
3227 4796 3495 4868 Sanguine
3524 4816 3645 4868 pre-

2068 4885 2205 4938 tioso
2235 4884 2491 4953 redempti
2511 4901 2695 4940 sumus
2725 4887 2800 4955 (l.
2829 4885 2972 4939 Petr.
3007 4887 3084 4955 ί).
3112 4888 3334 4957 Propter
3358 4901 3429 4951 te.
3460 4890 3645 4955 homo,

2069 4973 2207 5029 Deus
2246 4990 2406 5044 super
2439 4985 2633 5029 terram
2672 4978 2819 5031 visus
2864 4986 2966 5043 est,
2999 4993 3104 5034 non
3136 4980 3338 5037 habens
3372 4984 3459 5037 ubi
3488 4996 3648 5053 caput

2064 5066 2284 5121 reclinet
2327 5065 2475 5136 (Luc.
2498 5067 2552 5123 9.
2582 5067 2696 5139 58).
2731 5068 2909 5139 Papae,
2958 5087 3070 5127 rem
3114 5073 3445 5130 mirabilem!
3481 5076 3645 5145 judcx

2061 5156 2128 5210 ad
2157 5157 2383 5212 tribunal
2421 5158 2631 5217 ducitur
2675 5170 2893 5232 propter
2934 5178 3091 5219 reos:
3122 5165 3224 5220 vita
3271 5176 3495 5219 mortem
3538 5180 3641 5235 gu-

2124 5334 2141 5365 ι
2173 5340 2393 5402 neg......
2418 5334 2494 5385 sic
2517 5336 2721 5402 salutari
2742 5337 2961 5402 sanguini
2981 5335 3277 5399 participare
3293 5337 3453 5402 auium
3463 5340 3641 5402 ducite,

2058 5407 2230 5465 neque.
2246 5396 2462 5456 obsecro,
2508 5397 2568 5447 ab
2591 5398 2805 5465 ecclesiis
2829 5396 3062 5455 'absinuts,
3104 5396 3257 5462 neque
3294 5400 3543 5465 colloquiis
3564 5396 3641 5453 in;

2059 5458 2356 5533 dulgeamus
2373 5471 2391 5507 :
2407 5467 2601 5530 stenuts.
2618 5458 2741 5533 sicut
2762 5465 3055 5533 princeptum
3069 5468 3158 5533 est,
3178 5458 3441 5533 trememes'
3452 5472 3498 5513 et
3520 5465 3641 5513 timi-

2060 5518 2133 5578 di,
2147 5518 2284 5594 uultu
2322 5521 2527 5594 demisso
2546 5518 2802 5592 matiam
2824 5518 3005 5570 terram
3027 5521 3208 5594 oculos,
3230 5524 3477 5594 ist-calum
3500 5538 3637 5573 men-

2059 5586 2157 5645 tem
2174 5582 2398 5645 ferentes,
2424 5589 2673 5645 gemmis
2708 5583 2808 5632 sine
2845 5594 2975 5640 voce,
3013 5586 3163 5645 corde
3174 5584 3452 5645 jubilemus.
3479 5595 3641 5636 Nonne

2059 5641 2193 5717 este
2213 5642 2398 5713 εοδριιί
2417 5641 2529 5717 {nec
2551 5650 2739 5717 ξενῑεζιρ
2758 5650 2804 5717 σε
2820 5641 3125 5717 errrem“
3138 5641 3190 5695 εί
3199 5644 3515 5717 muralis!
3527 5660 3640 5717 ειηέ

2058 5701 2185 5753 sibili
2209 5703 2313 5765 regi
2329 5701 2606 5781 'assistunt.‘
2621 5702 2813 5781 Reliqua
2832 5701 3066 5781 adﬁnem
3088 5719 3243 5781 usqqu
3411 5706 3641 5781 diﬂzeruut

2059 5777 2153 5828 non
2170 5775 2246 5821 re,
2266 5764 2355 5828 Sed
2370 5777 2536 5823 sensu,
2557 5773 2611 5814 ut
2633 5764 2843 5814 exserihi
2858 5768 3017 5828 omnia
3038 5764 3242 5828 opus—sit
3264 5768 3331 5825 ei,
3366 5781 3449 5828 qui
3472 5768 3640 5819 discri-

2057 5825 2184 5933 min;
2219 5826 2381 5933 oﬁmnia
2403 5833 2761 5888 representare
2805 5826 2953 5889 velit;
2997 5825 3123 5890 quod
3158 5840 3279 5879 suae
3316 5825 3447 5881 milia
3473 5840 3640 5893 ονειδειι

2060 5898 2146 5933 ιω
2187 5897 2216 5933 ο
2272 5898 2357 5933 ere
2383 5922 2396 5933 .

2060 5885 2216 5947 pretio
2238 5885 2396 5935 ﬁeret.
