4432 6690
813 383 912 446 551

1522 383 1578 440 S.
1618 383 1903 442 JOANNIS
1937 386 2434 446 CIIRYSOSTOMI
2473 388 2794 446 ARCHIEP.
2835 391 3371 450 CONSTANTINOP.

814 860 921 926 Εἰς
949 857 1064 928 τὴν
1101 858 1407 930 γενέθλιον
1435 863 1666 934 ἡμέραν
1702 864 1809 920 τοῦ
1856 867 2124 936 Σωτῆρος
2189 865 2358 935 ἡμῶν
2412 866 2606 935 ἰησοῦ
2645 866 2928 936 Χριστοῦ,
2961 865 3194 935 ἄδηλον
3207 869 3325 938 μέν
3381 869 3464 926 ἔτι
3493 866 3694 926 οὖσαν
3747 871 3900 935 τότε,
3967 878 4084 942 πμ)

880 955 951 1010 δὲ
979 955 1200 1024 ὀλίγων
1242 956 1398 1012 ἐτῶν
1430 962 1868 1030 γνωρισθεῖσαν
1913 964 2072 1034 παρά
2131 981 2312 1018 τινων
2361 963 2481 1018 τῶν
2509 961 2628 1016 ἀπὸ
2690 962 2798 1030 τῆς
2857 965 3094 1028 Δὺσεως
3143 963 3446 1018 ἐλθόντων
3511 968 3608 1020 καί
3673 968 4078 1036 ἀναγγειλάν-

881 1065 1020 1102 των.

883 1343 956 1392 α’.
991 1339 1052 1390 Ἀ
1085 1337 1606 1412 πάλαιπατριάρχαι
1639 1343 1738 1413 μὲν
1785 1343 1991 1406 ιὐδινον,
2025 1345 2306 1414 προφῆται
2340 1347 2394 1398 δὲ

811 1417 1135 1489 προύλεγον,
1170 1421 1370 1476 δίκαιοι
1399 1425 1454 1476 δὲ
1487 1425 1614 1478 ἰδεῖν
1643 1429 1976 1498 ἐπεθύμουν,
2001 1427 2179 1482 ταῦτα
2211 1428 2390 1497 ἐξέϐη,

811 1503 908 1556 καὶ
949 1501 1103 1566 τέλος
1143 1504 1302 1558 ελαδε
1362 1507 1636 1579 σήμερον·
1669 1514 1766 1566 καὶ
1797 1513 1934 1576 Θεὸς
1975 1513 2070 1567 ἐπὶ
2104 1514 2208 1582 γῆς
2241 1512 2391 1580 ὤφθη

807 1584 896 1637 διά
924 1585 1143 1656 σαρκὸς.
1175 1589 1268 1640 καί
1303 1592 1418 1653 τοῖς
1445 1592 1756 1665 ἀνθρώποις
1789 1596 2224 1666 συνανεστράφη.
2257 1594 2392 1647 Xa!-

812 1682 996 1736 ρωμεν
1026 1668 1208 1723 τοίνυν
1229 1670 1325 1723 καὶ
1359 1673 1770 1746 ἀγαλλιώμεθα.
1799 1679 2091 1747 ἀγαπητοί.
2127 1680 2189 1730 Εἰ
2235 1677 2342 1747 γὰρ
2364 1677 2392 1729 6

820 1749 1078 1820 Ἰωάννης
1119 1751 1178 1803 ἐν
1205 1755 1272 1822 τῇ
1301 1755 1456 1824 νηδύϊ
1485 1759 1583 1826 τῆς
1637 1759 1845 1828 μητρὸς
1875 1758 1972 1820 ὢν,
2025 1759 2125 1826 τῆς
2173 1759 2392 1822 Μαρίας

812 1831 1164 1903 εἰσελθούσης
1193 1836 1329 1906 πρὸς
1373 1839 1474 1907 τὴν
1519 1839 1816 1900 Ἐλισάδετ,
1855 1839 2181 1910 ἐσκίρτησε·
2211 1839 2390 1910 πολλῷ

811 1914 1016 1983 μᾶλλον
1051 1917 1200 1984 ἡμᾶς
1229 1919 1351 1987 οὐχὶ
1387 1921 1486 1989 τὴν
1507 1921 1746 1990 Μαρίαν,
1772 1922 1889 1975 ἀλλ’
1915 1925 2080 1980 αὐτὸν
2127 1925 2220 1978 τὸν
2279 1926 2393 1977 Σω-

805 1995 952 2066 τῆρα
983 1997 1141 2068 ήμῶν
1171 2001 1416 2070 σήμερον
1447 2002 1714 2072 τεχθέντα
1737 2003 2132 2077 θεασαμένους,
2167 2009 2392 2078 σκιρτᾷν

807 2080 904 2134 καὶ
955 2080 1292 2146 ἀγάλλεσθαι
1337 2085 1444 2155 χρὴ
1488 2087 1581 2138 καί
1629 2085 1934 2158 θαυμάζειν
1967 2091 2064 2143 καὶ
2091 2090 2392 2158 ἐκπλήττε-

809 2160 935 2215 σθαι
965 2163 1068 2234 τῆς
1107 2165 1424 2234 οἰκονομίας
1457 2169 1518 2220 τὸ
1561 2169 1794 2238 μέγεθος
1841 2173 2024 2225 πᾶσαν
2068 2173 2392 2242 ύπερδαῖνον

806 2242 1073 2302 διάνοιαν.
1114 2247 1402 2320 Ἐννόησον
1431 2251 1540 2318 γὰρ
1584 2252 1767 2320 ήλίκον
1813 2254 1984 2312 ἐστὶν,
2013 2254 2165 2324 ἥλιον
2191 2256 2254 2305 ἐκ
2279 2253 2388 2304 τῶν

805 2328 1052 2397 οὐρανῶν
1077 2329 1409 2392 καταϐάντα,
1441 2333 1534 2384 ὲπί
1557 2333 1664 2402 γῆς
1683 2333 1946 2404 τρέχοντα
1973 2337 2128 2406 δρᾷν,
2165 2335 2260 2387 καὶ
2288 2334 2386 2396 τὰς

803 2411 1031 2474 ἀκτῖνας
1061 2412 1228 2464 πᾶσιν
1267 2411 1499 2480 ἀφιέντα
1537 2413 1808 2469 ἐντεῦθεν.
1867 2417 1928 2470 Εἰ
1961 2417 2017 2470 δὲ
2052 2417 2146 2470 ἐπὶ
2183 2417 2278 2470 τοῦ
2306 2419 2389 2469 αἰ-

809 2493 1009 2564 σθητοῦ
1063 2495 1350 2564 φωστῆρος
1399 2495 1560 2549 τοῦτο
1589 2497 1805 2566 συμϐὰν
1831 2499 2043 2562 πάντας
2091 2497 2388 2566 ἐξέπληξεν

808 2575 880 2632 ἀν
907 2577 1037 2640 τοὺς
1059 2577 1390 2647 θεωμένους,
1426 2579 1622 2632 σκόπει
1657 2596 1750 2650 μοι
1779 2581 2102 2648 καὶλογίζου
2129 2581 2246 2645 νῦν,
2267 2581 2388 2652 ήλί-

807 2677 906 2713 κον
934 2659 1052 2712 ἐστὶ
1089 2659 1181 2712 τὸν
1203 2659 1307 2729 τῆς
1339 2660 1688 2730 δικαιοσύνης
1715 2663 1865 2732 ἥλιον
1895 2665 1959 2716 ἐκ
1987 2665 2086 2734 τῆς
2121 2665 2394 2734 ἡμετέρας

809 2743 1016 2815 σαρκὸς
1063 2745 1294 2812 ἀφιέντα
1343 2745 1444 2808 τάς
1487 2745 1716 2808 ἀκτῖνας
1761 2747 1916 2816 όρᾷν,
1947 2749 2040 2799 καὶ
2077 2747 2178 2810 τάς
2211 2747 2392 2816 ψυχὰς

805 2825 966 2895 ήμῶν
1017 2827 1454 2893 καταυγάζοντα.
1499 2827 1671 2882 Πάλαι
1708 2827 1915 2896 ταύτην
1939 2827 2250 2898 ἐπεθύμουν
2279 2827 2390 2895 ἐγὼ

805 2907 905 2978 τὴν
940 2907 1159 2980 ἡμέραν
1205 2909 1358 2972 ἰδεῖν,
1399 2911 1494 2963 καὶ
1527 2911 1627 2980 οὐχ
1649 2909 1838 2974 ἁπλῶς
1887 2910 2042 2972 ἰδεῖν,
2077 2909 2218 2963 ἀλλά
2248 2909 2391 2978 μετά

807 2989 1046 3060 πλήθους
1323 2991 1620 3046 τοσούτου·
1669 2992 1764 3045 καὶ
1813 2990 2078 3062 διηνεκῶς
2133 2992 2388 3061 ηὐχόμην

807 3070 984 3136 οὕτως
1009 3073 1144 3143 ήμῖν
1171 3073 1526 3144 πληρωθῆναι
1558 3075 1620 3127 τδ
1653 3074 1899 3146 θέατρον,
1929 3075 2122 3146 ὥσπερ
2151 3075 2266 3127 ἔστι
2297 3073 2392 3128 νῦν

805 3155 942 3224 όρᾷν
981 3155 1436 3227 πεπληρωμένον.
1468 3155 1637 3209 Τοῦτο
1685 3157 1866 3211 τοίνυν
1923 3157 2084 3228 ἐξέϐη
2115 3159 2209 3211 καὶ
2241 3157 2392 3220 τέλος

807 3235 968 3290 ἔλασε
987 3247 1036 3288 ι.
1083 3238 1276 3290 Καίτοι
1305 3254 1370 3305 γε
1419 3237 1574 3292 οῦπω
1616 3237 1842 3292 δέκατον
1891 3240 2038 3292 ἐστιν
2069 3239 2208 3302 ἔτος,
2245 3239 2302 3306 ἐξ
2329 3235 2390 3292 οὗ

805 3317 942 3389 δήλη
972 3319 1066 3374 καὶ
1099 3319 1376 3392 γνώριμος
1417 3322 1547 3392 ἡμῖν
1597 3319 1734 3392 αῦτη
1777 3322 1810 3392 ἡ
1846 3323 2034 3392 ἡμέρα
2065 3323 2386 3393 γεγένηται·

805 3403 922 3458 ἀλλ’
942 3405 1114 3472 ὅμως,
1141 3404 1218 3467 ὡς
1244 3403 1452 3459 ἀνωθεν
1485 3405 1580 3458 καὶ
1605 3403 1715 3475 πρὸ
1749 3404 1962 3458 πολλῶν
1991 3407 2124 3476 ἡμῖν
2155 3407 2394 3476 παραδο-

805 3485 960 3540 θεῖσα
989 3488 1147 3551 ἐτῶν,
1169 3487 1342 3549 οὕτως
1365 3488 1568 3557 ἧνθησε
1599 3487 1684 3539 διὰ
1707 3487 1805 3556 τῆς
1837 3488 2110 3558 ὑμετέρας
2136 3489 2389 3558 σπουδῆς.

807 3568 976 3624 Ὅθεν
1007 3571 1110 3623 οὐκ
1135 3571 1202 3625 ἀν
1247 3587 1329 3632 τις
1372 3571 1609 3640 ἁμάρτοι
1645 3572 1740 3622 καὶ
1769 3570 1894 3623 νέαν
1928 3571 2101 3639 αὐτὴν
2127 3571 2264 3641 ὁμοῦ
2299 3570 2393 3622 καὶ

807 3652 1044 3724 ἀρχαίαν
1075 3651 1456 3724 προσειπὼνδ·
1489 3652 1616 3705 νέαν
1664 3653 1766 3722 μὲν
1817 3653 1906 3706 διά
1955 3653 2014 3706 τὺ
2060 3653 2392 3723 προσφάτως

803 3738 942 3807 ήμίν
978 3733 1370 3806 γνωρισθῆναι,
1430 3735 1664 3788 παλαιὰν
1702 3735 1758 3790 δὲ
1805 3737 1900 3790 καὶ
1935 3737 2174 3807 ἀρχαίαν
2198 3737 2285 3790 διὰ
2331 3736 2394 3788 τὸ

803 3821 926 3880 ταῖς
977 3816 1382 3888 πρεσϐυτέραις
1431 3817 1646 3885 ταχέως
1692 3819 1932 3888 ὁμήλικα
1989 3819 2265 3886 γενέσθαι,
2295 3819 2392 3872 καὶ

805 3900 946 3970 πρὸς
984 3901 1046 3952 τὸ
1087 3898 1222 3951 αὐτὸ
1263 3899 1364 3968 τῆς
1405 3899 1621 3968 ήλικίας
1665 3901 1860 3962 αὑταῖς
1914 3899 2120 3968 φθάσαι
2171 3900 2390 3970 μέτρον.

807 3983 1079 4052 Καθάπερ
1108 3979 1218 4052 γὰρ
1243 3979 1312 4033 τά
1335 3983 1560 4048 γενναία
1589 3982 1684 4034 καὶ
1709 3981 1904 4051 εὐγενῆ
1937 3981 2046 4034 τῶν
2076 3981 2394 4048 φυτῶν(καὶ

807 4063 918 4136 γάρ
971 4065 1156 4116 ἐκεῖνα
1189 4061 1326 4132 ὁμοῦ
1379 4077 1438 4114 τε
1486 4062 1568 4126 εἰς
1601 4061 1702 4134 τήν
1745 4065 1850 4132 γῆν
1899 4063 2274 4124 κατατίθεται,
2303 4063 2395 4116 καί

809 4147 945 4216 πρὸς
985 4144 1119 4215 ὕψος
1159 4143 1324 4208 εὐθὺς
1367 4144 1660 4216 ἀνατρέχει
1718 4145 1883 4216 μέγα,
1922 4147 2016 4200 καί
2065 4144 2144 4216 τῷ
2197 4145 2396 4215 καρπῷ

811 4229 1098 4300 βρίθεται),
1141 4227 1284 4281 οῦτω
1314 4229 1410 4281 καί
1435 4226 1577 4296 αῦτη
1606 4227 1758 4298 παρά
1789 4229 1886 4298 μὲν
1913 4231 2026 4292 τοῖς
2049 4229 2150 4298 τὴν
2190 4227 2392 4280 Ἑσπέ-

813 4322 950 4382 pave
1002 4309 1244 4363 οἰκοῦσιν
1295 4309 1504 4363 ἀνωθεν
1543 4311 1945 4379 γνωριζομένη,
1977 4311 2114 4380 πρὸς
2155 4311 2304 4380 ἡμᾶς
2337 4309 2394 4363 δὲ

811 4391 1136 4462 κομισθεῖσα
1183 4389 1302 4454 νῦν,
1341 4390 1438 4443 καὶ
1486 4389 1547 4442 ού
1599 4390 1708 4460 πρὸ
1766 4389 1977 4442 πολλῶν
2009 4391 2163 4456 ἐτῶν,
2200 4392 2394 4461 ἀθρόον

810 4475 984 4538 οὕτως
1013 4475 1304 4546 ἀνέδραμε,
1333 4475 1428 4526 καὶ
1457 4471 1711 4526 τοσοῦτον
1764 4475 1964 4544 ήνεγκε
2023 4473 2114 4525 τὸν
2163 4473 2392 4542 καρπὸν,

809 4559 1046 4628 ὅσονπερ
1079 4555 1194 4610 ἔστι
1229 4555 1323 4610 νῦν
1351 4557 1505 4626 όρᾷν,
1534 4554 1642 4608 τῶν
1690 4554 1998 4626 περιϐόλων
2027 4557 2158 4626 ήμῖν
2191 4556 2398 4624 πεπλη-

813 4641 1096 4712 ρωμένων,
1121 4643 1218 4696 καὶ
1243 4643 1344 4712 τῆς
1377 4640 1672 4710 ἐκκλησίας
1703 4640 1924 4710 ἀπάσης
1956 4640 2398 4718 στενοχωρουμέ-

810 4723 912 4795 νης
937 4725 1018 4795 τῷ
1039 4725 1238 4794 πλήθει
1257 4724 1367 4777 τῶν
1391 4725 1826 4794 συνδραμόντων.
1848 4725 1959 4792 Τὴν
1992 4723 2093 4794 μὲν
2119 4718 2215 4775 οὖν
2240 4721 2398 4786 ἀξίαν

812 4807 1050 4879 ἀμοιϐὴν
1081 4811 1181 4877 τῆς
1227 4805 1500 4876 τοσαύτης
1546 4807 1783 4876 σπουδῆς
1809 4807 1961 4878 παρά
2007 4804 2100 4860 τοῦ
2157 4807 2398 4877 σήμερον

809 4892 1100 4963 τεχθέντος
1139 4891 1283 4945 κατά
1315 4891 1497 4962 σάρκα
1530 4889 1932 4958 προσδοκήσατε
1963 4888 2196 4960 Χριστοῦ
2216 4906 2228 4917 ·
2253 4891 2398 4942 ὲκεί-

811 4993 902 5039 νος
931 4976 1076 5044 ὑμᾶς
1106 4971 1401 5047 ἀμείψεται
1447 4971 1665 5034 πάντως
1696 4971 1796 5039 τῆς
1825 4970 2130 5042 προθυμίας
2157 4972 2392 5042 ταύτης·

813 5060 850 5124 ἠ
885 5059 994 5130 γάρ
1025 5059 1154 5129 περί
1181 5057 1284 5129 τὴν
1311 5055 1531 5127 ἡμέραν
1558 5054 1712 5124 φιλία
1741 5053 1837 5107 καὶ
1865 5053 2070 5124 σπουδὴ
2089 5093 2104 5116 ,
2131 5054 2231 5122 τῆς
2273 5055 2399 5124 περί

815 5141 907 5192 τὸν
921 5139 1180 5210 τεχθέντα
1195 5140 1414 5208 ἀγάπης
1440 5135 1698 5206 μέγιστόν
1722 5136 1838 5188 ἐστι
1867 5141 2108 5206 σημεῖον.
2135 5139 2194 5192 Εἰ
2214 5139 2270 5192 δὲ
2293 5139 2397 5208 χρή

815 5239 940 5276 τινα
963 5223 1057 5274 καὶ
1074 5223 1202 5292 παρ’
1221 5221 1379 5290 ήμῶν
1403 5222 1512 5273 τῶν
1536 5219 1837 5274 συνδούλων
1877 5220 2271 5290 εἰσενεχθῆναι,
2308 5220 2400 5274 καί

817 5306 978 5375 ἡμεῖς
1005 5303 1073 5356 τά
1103 5303 1246 5356 κατά
1284 5301 1510 5374 δύναμιν
1555 5304 1892 5376 εἰσοίσομεν·
1926 5302 2126 5374 μᾶλλον
2155 5303 2232 5366 δέ,
2257 5303 2398 5374 ἀπερ

817 5387 886 5442 ἀν
921 5391 956 5460 ή
997 5385 1093 5442 τοῦ
1121 5385 1260 5440 Θεοῦ
1307 5385 1464 5456 χάρις
1499 5387 1574 5458 δῷ
1600 5387 1853 5458 λεχθῆναι
1887 5387 1976 5440 διὰ
2013 5387 2111 5458 τὴν
2133 5387 2399 5456 ὠφέλειαν

816 5471 916 5542 τὴν
949 5471 1248 5542 ὑμετέραν.
1278 5470 1344 5523 Τί
1373 5466 1464 5524 οὖν
1493 5471 1809 5542 ἐπιθυμεῖτε
1847 5471 2080 5526 ἀκοῦσαι
2125 5472 2396 5542 σήμερον;

879 5573 908 5602 ³
931 5571 1037 5620 Duo
1061 5586 1176 5621 mss.
1205 5575 1336 5636 όρᾷν.
1365 5572 1458 5621 Καὶ
1479 5571 1619 5621 τοῦτο
1641 5573 1773 5632 ἐξέϐη
1799 5575 1878 5622 καὶ
1900 5575 1955 5620 τὸ
1979 5575 2112 5628 τέλος
2137 5573 2272 5621 ἔλαϐε
2297 5572 2394 5620 νῦν.

878 5629 912 5674 ι
937 5633 1120 5680 Omnes
1139 5647 1250 5682 mss.
1276 5635 1439 5682 εἰπών.

1239 5672 1250 5683 .
1276 5651 1422 5682 ειπων
1429 5669 1439 5678 .

883 5697 916 5760 ‘_
936 5693 1194 5760 Tres_m&s.
1217 5697 1302 5760 τήν
1321 5697 1556 5760 ἑσπέριον.
1585 5695 1707 5747 Infra
1733 5695 1881 5746 iidem
1902 5698 2032 5760 ὁρᾷν,
2045 5697 2126 5744 τὸν
2148 5697 2398 5760 περίϐολον

843 5827 860 5836 -
884 5755 952 5803 ῶν
971 5755 1351 5818 πεπληρωμένον.

2495 1345 2546 1398 τί
2572 1346 2628 1398 δὲ
2652 1344 2798 1410 ἄλλο,
2831 1347 2863 1414 ἢ
2893 1345 3024 1416 περί
3061 1343 3162 1414 τῆς
3187 1345 3406 1416 ήμέρας
3443 1345 3647 1416 ταύτης
3671 1364 3685 1410 ;
3717 1339 3788 1398 Εῦ
3811 1343 3921 1414 γάρ
3943 1339 4082 1411 οἶδα,

2494 1428 2576 1480 δτι
2615 1427 2800 1482 πολλοὶ
2815 1427 2894 1480 έτι
2924 1427 3020 1480 καὶ
3043 1425 3140 1478 νῦν
3172 1427 3310 1496 πρὸς
3336 1425 3602 1496 ἀλλήλους
3623 1425 4082 1498 ἀμφισϐητοῦσιν,

2493 1511 2544 1560 οἱ
2579 1512 2678 1578 μὲν
2711 1509 3091 1578 ἐγκαλοῦντες,
3133 1509 3180 1560 οἰ
3213 1507 3271 1560 δὲ
3297 1507 3732 1578 ἀπολογούμενοι
3755 1528 3767 1538 ·
3791 1510 3886 1562 καὶ
3913 1509 4084 1573 πολὺς

2495 1593 2625 1660 περὶ
2651 1593 2749 1662 τῆς
2767 1592 2982 1663 ἡμέρας
3003 1590 3206 1660 ταύτης
3231 1590 3510 1660 πανταχοῦ
3531 1591 3744 1658 γίνεται
3767 1591 3948 1658 λόγος,
3969 1591 4084 1644 τῶν

2495 1673 2596 1743 μὲν
2623 1675 2988 1744 αἰτιωμένων,
3018 1673 3100 1726 δτι
3129 1673 3226 1726 νέα
3253 1672 3336 1736 τίς
3367 1675 3483 1725 ἐστι
3523 1673 3615 1726 καί
3635 1673 4082 1742 πρόσφατος,καὶ

2491 1753 2588 1806 νῦν
2615 1756 3004 1825 εἰσενήνεκται,
3030 1755 3137 1808 τῶν
3174 1754 3230 1808 δὲ
3255 1753 3728 1824 ἀπολογουμένων,
3763 1755 3844 1806 δτι
3873 1753 4082 1806 παλαιά

2493 1837 2588 1889 καὶ
2629 1837 2836 1907 ἀρχαία
2893 1839 3031 1902 ἐστὶ,
3081 1837 3190 1890 τῶν
3247 1837 3540 1908 προφητῶν
3566 1835 3666 1907 ήδη
3706 1835 4082 1907 προειπόντων

2492 1937 2560 1972 πε
2570 1919 2622 1990 ρί
2650 1922 2752 1989 τῆς
2779 1921 3088 1989 γεννήσεως
3117 1919 3306 1981 αὑτοῦ,
3329 1920 3422 1972 καί
3441 1919 3646 1972 ἀνωθεν
3667 1921 3780 1982 τοῖς
3802 1919 3910 1972 ἀπὸ
3929 1918 4080 1988 Θρᾲ-

2492 2019 2597 2072 κης
2625 2002 2786 2072 μέχρι
2821 2002 3096 2073 Γαδείρων
3127 2001 3340 2054 οἰκοῦσι
3367 2001 3664 2071 κατάδηλος
3689 2003 3783 2056 καί⁵
3811 2001 4082 2072 ἐπίσημος

2493 2085 2705 2151 γέγονε.
2730 2083 2867 2154 Φέρε
2901 2081 3014 2143 οῦν,
3045 2085 3138 2136 τὸν
3161 2085 3290 2155 περὶ
3316 2083 3524 2136 τούτων
3556 2083 3872 2152 κινήσωμεν
3891 2082 4076 2151 λόγον.

2492 2167 2554 2218 Εἰ
2603 2165 2712 2234 γὰρ
2749 2165 3243 2234 ἀμφισϐητουμένη
3299 2164 3571 2234 τοσαύτης
3621 2163 3886 2217 ἀπολαύει
3946 2165 4078 2233 παρ’

2491 2246 2646 2314 ὑμῶν
2681 2247 2912 2306 εὐνοίας,
2949 2247 2998 2298 εί
3042 2245 3252 2314 γένοιτο
3283 2245 3707 2316 γνωριμωτέρα,
3739 2244 3964 2314 εὔδηλον
3989 2247 4075 2300 ὃτι

2489 2326 2670 2396 πολλῷ
2697 2326 2944 2390 πλείονος
2993 2327 3229 2396 σπουδῆς
3263 2326 3660 2386 ἀπολαύσεται,
3681 2327 3780 2395 τῆς
3799 2327 3942 2381 κατά
3975 2327 4078 2398 τὴν

2486 2407 2835 2464 διδασκαλίαν
2877 2409 3178 2479 σαφηνείας
3207 2407 3472 2463 πλείονα(Ι
3501 2410 3600 2480 τὴν
3631 2407 3756 2479 περὶ
3771 2410 3938 2480 αὐτὴν
3958 2411 4080 2464 διά-

2489 2493 2638 2546 θεσιν
2669 2491 3044 2562 ἐργαζομένης
3075 2492 3104 2543 ὑ
3113 2494 3226 2560 μίν.

2569 2573 2720 2644 Ἕχω
2763 2574 2946 2626 τοίνυν
2995 2576 3147 2642 τρεῖς
3180 2575 3486 2640 ἀποδείξεις
3511 2576 3704 2639 εἰπεῖν,
3731 2576 3800 2628 δι’
3831 2568 3906 2628 ὧν
3939 2574 4082 2626 εἰσό-

2443 2651 2446 2653 ’
2497 2657 2635 2728 μεθα
2687 2658 2924 2720 πάντως,
2957 2657 3038 2710 δτι
3090 2651 3246 2718 οὗτός
3296 2658 3447 2709 ἐστιν
3498 2658 3528 2710 6
3581 2657 3790 2728 καιρὸς,
3821 2655 4082 2710 καθ’δνό

2497 2739 2702 2809 Κύριος
2731 2737 2891 2808 ήμῶν
2932 2735 3142 2806 Ἰησοῦς
3179 2737 3414 2808 Χριστὸς
3446 2739 3474 2791 6
3501 2739 3633 2804 Θεὸς
3662 2741 3836 2808 Λόγος
3861 2737 4078 2808 ἐτέχθη.

2489 2821 2602 2872 Καὶ
2635 2821 2744 2872 τῶν
2794 2819 2960 2890 τριῶν
2989 2819 3193 2872 τούτων
3224 2820 3324 2889 μία
3365 2821 3462 2890 μὲν
3491 2821 3638 2874 ἔστιν
3667 2821 3962 2887 ἀπόδειξις,
4003 2821 4068 2872 τὸ

2487 2901 2699 2972 ταχέως
2731 2901 2876 2954 οὕτω
2925 2901 3206 2970 πανταχοῦ
3261 2904 3756 2973 περιαγγελθῆναι.
3809 2905 3902 2957 καὶ
3939 2903 4078 2972 πρὸς

2493 2983 2626 3054 ῦψος
2677 2983 2954 3037 ἐπιδοῦναι
2997 2981 3276 3048 τοσοῦτον,
3308 2985 3400 3036 καὶ
3441 2984 3673 3054 ἀνθῆσαι
3721 2985 3818 3054 τὴν
3851 2987 4076 3055 ἑορτήν·

2491 3067 2588 3120 καί
2614 3067 2752 3136 ὅπερ
2795 3065 2823 3116 6
2871 3064 3154 3134 Γαμαλιὴλ
3201 3063 3356 3133 ἔλεγε
3400 3067 3530 3136 περὶ
3569 3067 3664 3119 τοῦ
3703 3067 4078 3138 κηρύγματος,

2491 3151 2572 3203 δτι
2617 3149 2680 3202 Ei
2723 3147 2870 3202 ἔστιν
2913 3147 2971 3214 ἐξ
3004 3145 3329 3218 ἀνθρώπων,
3367 3147 3824 3219 καταλυθήσεται,
3854 3150 3902 3200 εἰ
3931 3147 3988 3200 δὲ
4015 3147 4082 3198 ἐκ

2491 3231 2627 3284 Θεοῦ
2675 3233 2844 3292 ἐστιν,
2877 3230 2938 3282 ού
2985 3229 3214 3282 δύνασθε
3243 3241 3267 3268 ε
3301 3230 3605 3284 καταλῦσαι
3661 3231 3812 3296 αὑτὸ,
3873 3233 4082 3301 μήποτε

2493 3314 2589 3368 καὶ
2623 3312 2884 3382 θεομάχοι
2905 3310 3199 3382 εὑρεθῆτε·
3231 3310 3394 3366 τοῦτο
3433 3309 3587 3382 [556]
3626 3311 3784 3378 κάγὼ
3813 3312 3943 3382 περί
3979 3310 4082 3380 τῆς

2495 3395 2708 3465 ἡμέρας
2753 3394 2958 3462 ταύτης
3005 3395 3214 3462 εἴποιμι
3285 3393 3352 3448 ἀν
3383 3394 3624 3466 θαρρῶν,
3657 3396 3760 3457 ὅτι,
3795 3393 3984 3462 ἐπειδὴ
4009 3395 4078 3445 ὲκ

2495 3477 2630 3529 Θεοῦ
2663 3477 2796 3539 θεὸς
2836 3477 3008 3544 Λόγος
3043 3477 3176 3539 ἐστὶ,
3221 3477 3310 3529 διά
3351 3477 3510 3529 τοῦτο
3543 3478 3602 3529 ού
3650 3477 3812 3546 μόνον
3849 3477 3912 3528 ού
3949 3493 4084 3530 κατ·-

2495 3558 2681 3628 ελύθη,
2703 3559 2838 3612 ἀλλά
2861 3561 2954 3612 καί
2979 3557 3100 3610 καθ’
3125 3559 3354 3611 ἕκαστον
3383 3558 3501 3620 ἔτος
3516 3559 3812 3622 ἐπιδίδωσι,
3830 3559 3923 3612 καὶ
3942 3557 4084 3628 λαμ-

2494 3640 2736 3709 προτέρα
2789 3641 3028 3707 γίνεται·
3060 3640 3182 3692 ἐπεὶ
3235 3639 3330 3692 καὶ
3378 3641 3436 3692 τδ
3491 3643 3754 3711 κήρυγμα
3795 3643 3852 3694 ἐν
3881 3639 4084 3706 ὀλίγοις

2493 3721 2639 3775 ἔτεσι
2675 3723 2775 3792 τὴν
2816 3723 2997 3774 πᾶσαν
3022 3721 3322 3776 κατέλαϐεν
3351 3722 3704 3792 οἰκουμένην,
3732 3723 3913 3776 καίτοι
3949 3737 4084 3788 σκη-

2494 3805 2744 3868 νοποιῶν,
2799 3804 3015 3860 ἀλιέων.
3058 3805 3460 3874 ἀγραμμάτων,
3523 3803 3746 3858 ἰδιωτῶν
3803 3801 4082 3872 πανταχοῦ

2496 3886 2922 3956 διακομιζόντων
2947 3887 3079 3938 αὐτό
3103 3903 3117 3916 ·
3149 3885 3264 3939 ἀλλ’
3289 3885 3443 3938 οὐδὲν
3467 3886 3736 3939 ἔϐλαπτεν
3759 3887 3792 3956 ή
3815 3886 3924 3938 τῶν
3953 3885 4074 3938 δια-

2497 3968 2802 4021 κονούντων
2831 3967 2850 4004 ί
2886 3967 3152 4028 εὐτέλεια,
3198 3968 3302 4036 τῆς
3345 3967 3442 4020 τοῦ
3485 3969 3888 4038 κηρυττομένου
3919 3967 4080 4020 δυνά-

2501 4065 2648 4118 μεως
2677 4049 2854 4100 πάντα
2883 4047 3540 4118 προκαταλαμδανούσης,
3569 4049 3662 4100 καί
3695 4047 3766 4100 τά
3785 4047 4084 4116 κωλύματα

2497 4131 2848 4202 ἀναιρούσης,
2895 4129 2989 4182 καὶ
3027 4129 3124 4200 τὴν
3162 4131 3374 4184 οἰκείαν
3417 4130 3868 4199 ἐπιδεικνυμένης
3905 4129 4080 4198 ἰσχύν.

2569 4215 2634 4284 β’.
2645 4215 2703 4266 Εἰ
2725 4214 2783 4267 δέ
2798 4229 2880 4274 τις
2897 4211 3005 4264 τῶν
3029 4211 3344 4279 φιλονείκων
3358 4213 3458 4265 οὑκ
3469 4211 3714 4282 ἀνέχοιτο
3731 4211 3839 4266 τῶν
3853 4228 3876 4263 ε
3887 4213 4078 4282 ἰρημέο

2495 4316 2622 4359 νων,
2655 4295 2769 4348 ἔστι
2796 4296 2890 4348 καὶ
2911 4294 3170 4365 δευτέραν
3203 4297 3398 4348 εἰπεῖν.
3427 4295 3592 4348 Ποίαν
3621 4293 3686 4364 δὴ
3707 4293 3942 4364 ταύτην;
3971 4293 4086 4364 Τὴν

2495 4379 2603 4432 ἀπὸ
2630 4379 2728 4448 τῆς
2749 4377 3116 4447 ἀπογραφῆςκ
3149 4377 3246 4445 τῆς
3271 4379 3329 4429 ἐν
3359 4379 3472 4438 τοίς
3501 4376 3854 4444 Εὐαγγελίοις
3890 4377 4082 4446 κειμέ-

2494 4478 2613 4530 νης.
2651 4459 2914 4528 Ἐγένετο
2943 4459 3075 4526 τὰρ,
3109 4461 3272 4528 φησὶν
3319 4460 3349 4510 6
3400 4459 3812 4536 εύαγγελιστῆς.
3851 4459 3924 4510 ἐν
3951 4459 4084 4524 ταῖς

2497 4541 2746 4608 ἡμέραις
2797 4541 3075 4604 ἐκείναις,
3108 4539 3330 4606 ἐξῆλθε
3361 4540 3550 4608 δόγμα
3593 4541 3752 4608 παρὰ
3779 4543 4084 4608 Καίσαρος

2499 4623 2874 4692 Αὐγούστου,
2905 4621 3354 4689 ἀπογράφεσθαι
3399 4619 3603 4675 πᾶσαν
3639 4619 3754 4688 τὴν
3809 4622 4084 4692 οἰκουμέ-

2499 4723 2636 4772 νην.
2651 4704 2812 4770 Αὕτη
2836 4705 2873 4770 ἡ
2891 4701 3210 4770 ἀπογραρὴ
3231 4699 3428 4769 πρώτη
3443 4702 3680 4771 ἐγένετο
3697 4705 4082 4774 ἡγεμονεύον.

2499 4805 2598 4854 τος
2616 4786 2728 4854 τῆς
2755 4786 2975 4852 Συρίας
3000 4783 3318 4850 Κυρηνίου.
3345 4785 3454 4838 Καὶ
3477 4786 3836 4854 ἐπορεύοντο
3860 4785 4082 4852 πάντες

2498 4867 2949 4940 ἀπογράφεσθαι
2976 4905 2991 4929 ,
3059 4865 3315 4931 ἕκαστος
3369 4869 3456 4932 εἰς
3499 4867 3612 4936 τὴν
3669 4867 3827 4922 ἰδίαν
3878 4871 4078 4924 πόλιν.

2513 4953 2710 5018 Ἀνέϐη
2748 4949 2817 5003 δὲ
2839 4949 2936 5002 καὶ
2980 4947 3191 5016 Ἰωσὴφ
3215 4949 3333 5002 ἀπὸ
3365 4948 3474 5017 τῆς
3505 4951 3858 5016 Γαλιλαίας,
3879 4951 3947 5003 ἐκ
3971 4952 4084 5004 πό-

2497 5039 2651 5100 λεως
2662 5031 2944 5098 Ναζαρὲθ,
2973 5033 3059 5095 εἰς
3088 5031 3202 5098 τὴν
3241 5031 3552 5096 Ἰουδαίαν,
3571 5036 3660 5098 εἰς
3675 5034 3858 5086 πόλιν
3878 5031 4082 5094 Δαυῒὸ,

2503 5118 2638 5184 ἥτις
2655 5113 2920 5169 καλεῖται
2953 5116 3241 5182 Βηθλεέμ.
3276 5114 3375 5168 διὰ
3403 5116 3469 5166 τὸ
3501 5109 3651 5168 εἶναι
3679 5115 3868 5168 αὑτὸν
3902 5113 3972 5173 ἐξ
3999 5113 4080 5164 οῖ-

2503 5217 2616 5253 κου
2667 5197 2768 5251 καὶ
2824 5195 3072 5266 πατριᾶς
3105 5197 3306 5254 Δαυῒδ.
3335 5197 3784 5266 ἀπογράφεσθαι
3815 5195 3937 5249 σὺν
3961 5197 4077 5247 Μα-

2495 5281 2640 5350 ριίιμ
2677 5279 2754 5348 τῇ
2795 5279 3294 5348 μεμνηστευμένῃ
3324 5277 3485 5344 αὐτῷ
3533 5279 3768 5348 γυναικί
3798 5277 3952 5344 οὔσῃ
3989 5275 4088 5344 ἑγ-

2568 5509 2594 5548 ⁸¹
2617 5509 2739 5558 Tres
2763 5525 2874 5560 mss.
2912 5509 3220 5558 διδασκαλίαν
3252 5508 3512 5570 ἀσφαλείας
3528 5513 3740 5570 πλείονα.

2577 5577 2596 5600 '~‘
2627 5571 2732 5619 Duo
2757 5587 2869 5620 mss.
2896 5573 2950 5619 οὐ
2974 5571 3227 5631 δυνάμεθα,
3253 5577 3306 5631 (ξι
3329 5563 3447 5631 :mox
3470 5563 3927 5631 cbpaﬁépv._Paul_o
3969 5570 4078 5625 post

2508 5639 2610 5680 Iros
2633 5635 2686 5682 ἐκ
2710 5631 2836 5682 Θεοῦ
2859 5635 2979 5688 θεὸς
3002 5627 3154 5691 Λόγος
3180 5627 3300 5678 ἐστί.
3328 5629 3382 5678 In
3403 5627 3540 5680 editd
3561 5631 3682 5685 θεὸς
3703 5629 3856 5690 Λόγος
3870 5627 4059 5676 deerat.

2577 5694 2594 5730 ί
2623 5697 2726 5744 Duo
2759 5707 2870 5741 mss.
2895 5695 3288 5752 διακονουμένων.

2569 5757 2594 5794 ⁸
2623 5757 2726 5806 Duo
2751 5769 2859 5804 mss.
2885 5755 2978 5802 ἀπὸ
2997 5759 3080 5808 τῆς
3101 5755 3292 5814 γραφῆς.
