4432 6688
361 445 459 501 551

1296 441 1361 494 ΙΝ
1402 439 1561 496 ΒΙΕΜ
1601 441 1921 496 NATALEM
1965 442 2023 493 Π.
2067 440 2127 493 Ν.
2171 439 2332 493 JESU
2372 438 2657 494 CHRISTI.

3524 453 3629 506 552

361 567 3625 597 w—W

361 673 631 716 ιιίιιίιιιΑ
673 672 737 715 IN
781 662 1163 713 SERVATOBIS
1208 659 1426 703 NOSTBI
1469 660 1616 703 JESU
1681 658 1929 702 CHRISTI
1996 658 2154 701 DIEM
2216 661 2532 713 NATALEM,
2588 666 2695 717 QUI
2748 668 2991 719 QUIDEM
3054 673 3194 716 DIES
3253 672 3623 719 INCOGNITL’S

439 773 651 817 Αυιιυρ
697 771 780 813 ιιι
802 770 853 811 IS
896 759 1315 815 TEMPORIBUS,
1361 760 1525 802 ANTE
1568 757 1800 800 PAUCOS
1843 756 2157 798 ADMODUM

1872 756 2157 798 .muoouax
2203 762 2397 803 usos
2442 763 2844 809 moremur
2888 770 3003 811 mea
3048 772 3331 826 amoves,
3379 773 3483 825 QL‘l
3544 775 3622 816 ex

436 872 778 920 acernas":
822 861 1156 909 VENERANT
1199 859 1404 912 ATQUE
1447 854 1917 901 murenarum
1964 835 2074 917 (α).

1766 997 2183 1052 0W

428 1154 478 1206 l.
505 1150 632 1215 Quae
667 1146 775 1212 jam
799 1140 927 1192 olim
972 1137 1283 1206 patriarcha:
1325 1131 1621 1195 ardebant,
1665 1131 1935 1200 propheta:

354 1240 739 1314 prmdicebant,
769 1232 896 1299 justi
922 1243 1142 1283 cernere
1164 1224 1449 1293 cupiebant
1469 1222 1677 1291 (Matth.
1703 1223 1787 1314 15.
1816 1221 1929 1289 l7),

350 1313 415 1389 ea
444 1342 688 1389 evenere,
717 1333 770 1378 et
800 1323 957 1377 linem
987 1320 1242 1373 hodierno
1266 1317 1352 1371 die
1376 1322 1694 1383 acceperunt
1720 1330 1734 1365 :
1762 1313 1930 1366 Deus-

349 1440 459 1495 que
486 1435 579 1490 per
606 1430 820 1471 carnem
846 1414 896 1467 in
929 1421 1068 1466 terra
1096 1411 1242 1463 visus
1268 1415 1370 1471 est,
1396 1415 1449 1460 et
1477 1420 1598 1460 cum
1629 1401 1931 1495 hominibus

348 1492 696 1566 conversatus
711 1514 795 1560 est
814 1502 1039 1572 (Βαττιεή
1078 1501 1130 1556 5.
1149 1500 1261 1561 58).
1280 1497 1617 1554 Gaudeamus
1634 1492 1857 1562 proinde
1876 1501 1932 1543 et

344 1602 689 1662 exsultemus,
708 1597 906 1651 dilecti.
924 1594 1054 1649 Nam
1072 1592 1116 1647 si
1137 1592 1367 1647 Joannes
1387 1588 1624 1642 adhuein
1643 1593 1793 1637 utero
1814 1596 1928 1634 ma-

344 1706 519 1755 terno,
544 1689 705 1743 Maria
726 1686 1051 1757 ingrediente
1063 1684 1129 1738 ad
1153 1676 1709 1745 Elizabet,cxsultavit
1729 1690 1741 1727 :
1762 1672 1929 1726 multo

345 1784 515 1854 magis
537 1795 648 1844 nos,
672 1796 775 1834 non
796 1779 1035 1844 Mariam,
1053 1775 1146 1831 sed
1168 1776 1449 1843 ipsummet
1470 1769 1807 1870 S-crvatorem
1830 1782 1923 1870 no-

341 1888 511 1931 strum
540 1874 698 1928 hodie
726 1881 906 1927 natum
927 1868 1335 1936 conspicientes,
1359 1861 1626 1917 exsultare
1654 1869 1708 1914 et
1729 1858 1922 1930 gaudio

337 1970 535 2039 gestire
560 1982 654 2035 par
678 1974 792 2028 est;
820 1973 874 2018 et
895 1961 1165 2031 suspicere
1186 1965 1344 2025 atque
1367 1969 1486 2009 cum
1509 1962 1725 2051 stupore
1744 1949 1919 2051 admi-

339 2062 444 2114 rari
464 2056 841 2112 incarnationis
857 2055 972 2121 ejus
987 2046 1423 2118 magnitudinem,
1441 2043 1585 2097 omni
1602 2042 1920 2111 cogitatione

336 2152 689 2219 superiorem.
727 2146 924 2200 Tecum
951 2143 1091 2196 enim
1120 2147 1303 2207 reputa
1331 2144 1584 2205 quantum
1611 2133 1711 2196 sit,
1748 2130 1917 2184 solem

335 2260 401 2298 ex
440 2242 585 2296 czelis
621 2236 1029 2293 descendentem
1071 2230 1252 2284 videre
1292 2231 1346 2281 in
1388 2236 1527 2280 terra
1570 2229 1872 2278 currentem
1897 2259 1914 2283 ,

336 2335 622 2401 radiosque
649 2330 772 2383 hinc
793 2341 917 2380 suos
938 2323 1182 2377 omnibus
1203 2319 1552 2375 emittentem.
1576 2314 1728 2383 Quod
1748 2315 1793 2367 si
1812 2312 1916 2366 tale

330 2426 529 2495 aliquid
553 2426 604 2476 in
630 2421 809 2476 sensili
835 2419 924 2472 illo
941 2415 1187 2472 luminari
1204 2412 1473 2474 eveniens,
1494 2410 1683 2462 merito
1701 2418 1910 2505 omnes,

331 2494 591 2584 quotquot
614 2511 664 2565 id
693 2509 967 2572 viderent,
997 2507 1049 2559 in
1077 2514 1345 2572 stuporem
1368 2510 1612 2597 raperet:
1633 2494 1911 2597 considera

333 2620 475 2660 nunc
502 2603 627 2656 mihi
662 2610 715 2654 et
742 2597 1007 2668 perpende
1027 2637 1041 2658 ,
1072 2609 1231 2663 quam
1259 2593 1412 2659 longe
1440 2590 1611 2656 majus
1637 2590 1734 2649 sit,
1757 2590 1912 2652 justi-

330 2700 419 2751 tia:
459 2694 625 2748 sulem
665 2705 733 2744 ex
772 2700 951 2744 nostra
990 2700 1150 2740 carne
1187 2682 1366 2736 radios
1400 2694 1526 2734 suos
1562 2678 1909 2746 ejaculantem

327 2787 903 2856 aspicere,auimasque
918 2788 1124 2833 nostras
1142 2776 1488 2827 illustrantcm
1502 2810 1514 2821 .
1533 2767 1908 2870 Desitlei'abam

326 2895 427 2947 ego
444 2878 550 2945 jam
574 2874 776 2944 pridem
803 2872 945 2925 diem
973 2868 1113 2921 hunc
1134 2866 1315 2919 videre
1341 2880 1355 2927 ;
1389 2863 1545 2930 idque
1570 2876 1671 2914 non
1697 2860 1904 2961 simpli-

326 2974 478 3033 citer,
506 2967 599 3021 sed
616 2980 735 3019 cum
760 2971 901 3017 tanta
933 2958 1223 3029 frequentia
1243 2998 1256 3021 ,
1284 2962 1478 3024 quanta
1504 2966 1643 3005 nunc
1662 2952 1858 3052 adestis
1887 2968 1901 3002 :

326 3057 718 3126 identidemque
736 3052 924 3108 intueri
952 3048 1268 3118 exoptabam
1287 3046 1549 3100 theatrum
1571 3050 1807 3143 nostrum
1832 3046 1899 3143 ita

324 3148 601 3217 compleri,
627 3143 1073 3216 quemadmodum
1103 3152 1241 3192 nunc
1256 3136 1436 3190 videre
1454 3146 1552 3188 est.
1574 3133 1737 3202 Cujus
1756 3132 1899 3185 desi-

322 3240 456 3294 derii
493 3237 599 3292 mei
634 3248 840 3291 summa
869 3232 1097 3299 denique
1132 3230 1328 3283 evenit.
1374 3227 1620 3281 Nondum
1659 3225 1901 3278 decimus

322 3345 494 3383 annus
521 3336 604 3382 est
630 3342 697 3381 ex
725 3340 830 3395 quo
859 3323 944 3376 hic
972 3322 1084 3389 ipse
1110 3320 1226 3373 dies
1252 3317 1533 3372 manifeste
1556 3315 1712 3369 nobis
1741 3316 1898 3368 inno-

321 3419 419 3471 tuit
448 3435 461 3469 :
489 3426 722 3470 attamen
747 3456 762 3477 ,
790 3411 1012 3481 perinde
1036 3424 1098 3463 ac
1122 3409 1167 3462 si
1188 3408 1297 3477 jam
1324 3408 1449 3460 olim
1477 3421 1509 3459 a
1542 3406 1720 3459 multis
1745 3406 1898 3460 annis

320 3508 473 3561 nobis
499 3505 723 3559 traditus
747 3509 907 3564 esset,
931 3502 1002 3553 ita
1026 3514 1183 3567 opera
1211 3508 1384 3552 vestra
1409 3496 1706 3550 celebratus
1729 3495 1897 3549 incla-

318 3604 445 3652 ruit.
478 3598 652 3663 Quare
681 3609 783 3647 non
812 3590 1089 3655 erraverit,
1117 3589 1205 3658 qui
1235 3587 1480 3641 eumdem
1514 3601 1706 3640 novum
1737 3586 1894 3639 simul

318 3698 372 3742 ct
414 3688 688 3756 antiquum
734 3690 1003 3749 nuncupet
1030 3696 1044 3733 :
1076 3692 1270 3732 novum
1318 3677 1528 3745 quidem
1572 3674 1711 3743 quod
1751 3688 1892 3727 nunc

315 3782 531 3835 demum
561 3778 700 3830 illius
728 3773 911 3828 notitia
935 3771 1003 3824 ad
1029 3784 1124 3824 nos
1152 3768 1478 3838 pervenerit;
1502 3767 1774 3834 autiqumn
1799 3780 1890 3820 ve-

316 3886 375 3926 ro
400 3880 457 3925 et
483 3876 767 3930 vetustum,
789 3862 930 3933 quod
954 3860 1198 3916 celeriter
1220 3857 1595 3913 vetustioribus
1619 3865 1774 3910 aztate
1798 3870 1891 3910 ve-

316 3962 392 4015 lut
411 3973 606 4029 suppar
626 3955 862 4011 redditus
881 3953 972 4019 sit,
994 3962 1047 4006 et
1071 3950 1136 4004 ad
1158 3949 1397 4005 eamdem
1421 3964 1541 4003 cum
1569 3949 1698 4018 ipsis
1719 3949 1887 4003 aetatis

317 4063 620 4105 mensuram
663 4044 981 4115 pervenerit.
1023 4040 1093 4097 Ut
1118 4040 1261 4095 enim
1291 4053 1562 4109 generosae
1595 4049 1649 4093 et
1685 4039 1888 4093 nobiles

317 4143 505 4209 stirpes
532 4136 685 4191 simul
709 4146 867 4204 atque
895 4144 1052 4189 terra:
1077 4132 1380 4186 inseruntur
1404 4173 1418 4191 .
1452 4133 1609 4186 etiam
1641 4131 1889 4184 celeriter

314 4233 364 4286 in
385 4229 713 4284 altitudinem
734 4239 977 4294 magnam
995 4230 1356 4286 succrescuut,
1383 4221 1737 4289 fructibusque
1756 4236 1885 4275 one-

312 4336 495 4378 rantur
527 4340 541 4375 :
571 4336 675 4374 non
700 4320 852 4372 aliter
876 4317 962 4369 hic
985 4316 1099 4369 dies
1122 4356 1137 4380 ,
1165 4330 1284 4369 cum
1316 4313 1383 4366 ab
1411 4314 1628 4366 exordio
1658 4314 1720 4366 iis
1744 4354 1758 4377 ,
1794 4316 1885 4384 qui

314 4416 363 4469 iu
395 4413 680 4468 Occidente
709 4409 982 4470 habitant,
1010 4405 1253 4472 cognitus
1290 4401 1486 4466 fuerit,
1516 4418 1656 4457 nunc
1683 4405 1749 4458 ad
1788 4420 1887 4459 nos

313 4506 524 4559 demum
557 4514 659 4553 non
687 4506 811 4550 ante
837 4494 1032 4548 multos
1056 4506 1227 4545 annos
1254 4491 1594 4546 transmissus
1620 4535 1635 4559 ,
1665 4507 1887 4563 repente

313 4596 382 4648 ita
426 4589 685 4654 increvit,
725 4586 990 4652 talemque
1030 4581 1148 4635 tulit
1184 4580 1446 4645 fructum,
1488 4584 1698 4651 qualem
1746 4601 1888 4642 nunc

312 4696 530 4739 cernere
550 4681 692 4745 licet,
714 4676 878 4746 septis
899 4672 1092 4728 nostris
1112 4671 1307 4739 ubique
1328 4671 1557 4737 refertis,
1584 4679 1885 4746 temploque

314 4775 559 4828 universo
596 4786 707 4840 pra:
748 4763 1079 4821 multitudine
1117 4762 1546 4818 conCUrrentium
1582 4777 1880 4834 angustato.

312 4865 426 4932 Quo
450 4872 628 4917 vestro
657 4869 761 4914 tam
790 4864 1032 4927 prompto
1064 4851 1238 4905 studio
1265 4851 1481 4921 dignum
1516 4856 1789 4922 praemium
1819 4857 1886 4911 ab

313 4970 377 5009 eo
398 4996 413 5018 ,
440 4954 527 5021 qui
559 4953 714 5006 hodie
746 4946 1033 5005 secundum
1061 4958 1274 4998 carnem
1304 4943 1544 5001 Christus
1574 4959 1728 5002 natus
1762 4961 1884 5015 est,

312 5052 615 5110 exsliectate
637 5060 650 5096 :
675 5042 765 5096 ille
791 5039 940 5095 vobis
966 5037 1101 5091 hanc
1125 5035 1451 5089 alacritatem
1477 5038 1687 5093 abunde
1708 5054 1887 5095 remu-

313 5133 621 5195 nembilur',
667 5132 953 5185 maximum
996 5124 1253 5195 siquidem
1295 5139 1419 5192 erga
1462 5138 1642 5181 natum
1688 5132 1886 5186 amoris

314 5224 563 5277 iudicium
593 5230 675 5275 est
701 5220 934 5275 studium
973 5217 1229 5273 hodierno
1256 5213 1341 5267 die
1371 5214 1685 5282 impensum.
1734 5220 1885 5287 Quod

313 5316 357 5367 si
385 5312 633 5367 nonnulla
673 5312 834 5365 etiam
867 5325 897 5363 a
933 5309 1084 5364 nobis
1120 5305 1391 5361 conservis
1425 5308 1611 5361 vestris
1646 5310 1713 5363 ad
1751 5312 1887 5364 hanc

314 5418 427 5457 rem
453 5399 690 5455 facientia
718 5397 893 5452 aﬂ‘erri
924 5406 1183 5465 oporteat,
1208 5411 1267 5451 ea
1295 5392 1525 5449 feremus
1546 5407 1599 5448 et
1626 5412 1745 5462 nos,
1767 5416 1886 5468 qua:

317 5495 639 5562 poterimus;
666 5490 748 5546 vel
772 5489 964 5558 potius,
994 5504 1109 5559 qum
1129 5487 1303 5542 divina
1328 5486 1493 5556 gratia
1515 5484 1580 5539 ad
1609 5488 1884 5546 utilitatem

383 5730 401 5760 ⁸
435 5738 531 5779 Duo
553 5738 655 5778 Mss.
691 5762 708 5788 ,
729 5739 821 5778 non
844 5735 1125 5789 passurum;
1163 5732 1212 5773 et
1236 5738 1365 5784 mox,
1388 5723 1698 5775 inveniamur.

376 5828 445 5886 (tt)
470 5828 646 5877 Collala
671 5841 778 5876 cum
803 5826 915 5876 Mss.
942 5827 1099 5890 Regiis
1124 5824 1261 5883 1959,
1282 5826 1421 5887 3036,
1446 5827 1586 5889 2018,
1610 5829 1732 5881 ἳῆῧ

618 5912 881 5975 Ρλτιιοι..
932 5921 1044 5979 Gn.
1096 5920 1147 5978 Χ
1164 5920 1316 5981 LIX.

2038 1132 2267 1179 vestram
2293 1126 2515 1181 dicenda
2539 1130 2763 1185 dederit.
2794 1134 2927 1201 Quid
2954 1135 3111 1206 igitur
3138 1137 3393 1195 hodierno
3416 1143 3502 1198 die
3523 1162 3617 1198 au-

2037 1212 2152 1267 dire
2179 1218 2409 1283 cupitis?
2440 1220 2563 1288 quid
2590 1222 2754 1289 aliud,
2782 1241 2939 1295 quam
2965 1228 3032 1282 de
3059 1229 3160 1285 hoc
3184 1230 3302 1301 ipso
3329 1232 3454 1287 die?
3482 1236 3612 1291 Nam

2035 1304 2232 1360 multos
2252 1308 2408 1361 etiam
2432 1327 2572 1365 nunc
2594 1314 2730 1368 inter
2746 1331 2805 1370 se
2825 1317 2892 1371 de
2913 1334 2978 1373 eo
2998 1321 3112 1389 ipso
3129 1322 3426 1393 disceptare
3448 1331 3611 1396 probe

2036 1396 2158 1448 novi
2189 1415 2201 1450 :
2234 1408 2288 1452 et
2324 1399 2421 1455 hos
2453 1404 2668 1471 quidem
2708 1407 2855 1460 illum
2896 1413 3284 1478 reprehendere
3308 1458 3323 1481 ,
3351 1419 3487 1472 alios
3515 1422 3610 1473 de,

2036 1485 2280 1551 fundere;
2308 1493 2504 1547 multus
2533 1496 2725 1564 ubique
2751 1498 2819 1552 de
2842 1500 2941 1555 hoc
2968 1500 3054 1555 die
3081 1518 3279 1569 sermo,
3308 1511 3498 1576 partim
3528 1513 3581 1565 in

2033 1577 2351 1644 eusantium,
2381 1583 2528 1649 quasi
2556 1599 2721 1640 novus
2750 1588 2838 1653 sit,
2867 1606 3114 1662 uuncque
3139 1609 3327 1650 recens
3350 1598 3606 1666 invectus,

2033 1666 2223 1733 partim
2253 1671 2495 1726 eumdem
2528 1681 2969 1747 propugnantium
2992 1724 3007 1748 ,
3038 1692 3304 1754 tamquam
3333 1690 3608 1759 antiquum

2029 1772 2091 1811 ac
2117 1768 2414 1829 vetustum;
2447 1780 2566 1819 cum
2594 1779 2647 1822 et
2675 1770 2802 1823 olim
2833 1774 3154 1829 nativitatem
3190 1778 3306 1846 ejus
3337 1781 3608 1849 proiihela:

2028 1849 2388 1918 prtedixerint,
2410 1864 2464 1908 et
2483 1857 2592 1922 jam
2624 1858 2747 1912 inde
2772 1875 2803 1913 a
2833 1853 3122 1928 primordio
3147 1867 3214 1920 ab
3241 1868 3351 1936 ipsa
3377 1871 3605 1927 Thracia

2027 1936 2203 1991 Gades
2222 1955 2388 2009 usque
2411 1944 2763 2002 incolentibus
2783 1950 3089 2007 manifestus
3110 1964 3164 2009 et
3182 1957 3406 2013 celebris
3426 1960 3601 2016 fuerit.

2029 2027 2272 2093 Agedum
2312 2031 2468 2098 igitur
2492 2072 2509 2097 ,
2543 2033 2608 2087 de
2648 2034 2794 2091 hisce
2832 2052 3133 2096 sermonem
3162 2046 3515 2105 exordiamur.
3549 2052 3606 2107 Si

2026 2120 2169 2170 enim
2199 2117 2283 2172 hic
2310 2120 2422 2189 ipse
2444 2124 2559 2177 dies
2586 2126 2758 2181 adhuc
2784 2128 2835 2182 in
2861 2130 3241 2202 disceptatione
3264 2139 3466 2205 positus
3492 2150 3605 2195 tan-

2028 2216 2081 2261 ta
2110 2209 2274 2264 animi
2301 2213 2461 2267 vestri
2488 2218 2841 2285 propensione
2868 2220 3080 2287 fruitur,
3110 2226 3290 2295 utique
3315 2229 3361 2283 si
3387 2233 3564 2285 notior
3584 2272 3602 2297 ,

2020 2310 2178 2368 atque
2198 2302 2332 2357 adeo
2354 2306 2667 2363 manifestus
2687 2311 2894 2375 evadat,
2919 2313 3057 2368 haud
3081 2316 3239 2372 dubie
3258 2319 3413 2390 longe
3435 2323 3603 2393 majo-

2020 2406 2131 2444 rem
2157 2393 2377 2461 hujusce
2394 2397 2554 2451 studii
2574 2400 2737 2455 vestri
2757 2400 2988 2458 fructum
3011 2409 3285 2477 percipiet,
3309 2415 3598 2482 perspicui-

2020 2492 2146 2545 tate,
2170 2499 2287 2553 quzc
2309 2501 2373 2539 ex
2398 2487 2496 2543 hac
2516 2490 2735 2546 docendi
2758 2496 2962 2550 ratione
2983 2510 3245 2564 nascetur,
3274 2502 3407 2558 hanc
3427 2507 3594 2573 ipsam

2017 2574 2178 2625 animi
2208 2576 2367 2629 vestri
2396 2579 2726 2635 aliectionem
2755 2584 3007 2653 majorem
3046 2589 3098 2641 in
3126 2591 3274 2645 vobis
3311 2593 3596 2651 efficiente.

2092 2658 2269 2715 Tribus
2311 2664 2817 2725 dentonstrationibus
2848 2676 3022 2741 probat
3061 2693 3119 2730 eo
3159 2689 3379 2750 tempore
3422 2694 3596 2739 natum

2017 2767 2122 2805 esse
2150 2754 2420 2810 Christum.
2470 2757 2741 2831 Evangelii
2778 2766 3067 2834 pradicatio
3102 2772 3284 2838 qualis.
3317 2802 3387 2811 —
3417 2774 3599 2831 Habeo

2017 2858 2173 2899 norm
2204 2854 2310 2899 tres
2336 2847 2401 2899 ad
2430 2850 2757 2917 probandum
2786 2854 3271 2915 demonstrationes
3296 2903 3310 2925 ,
3344 2879 3439 2932 per
3461 2881 3594 2935 quas

2011 2937 2226 2991 omnino
2255 2940 2596 3005 intelligimus
2624 2944 2725 2999 hoc
2756 2947 2925 3015 ipsum
2953 2965 3071 3004 esse
3102 2962 3337 3021 tempus,
3368 2972 3473 3025 quo
3499 2960 3592 3012 .le-

2009 3039 2099 3077 sns
2120 3025 2362 3083 Christus
2387 3032 2639 3087 Dominus
2657 3047 2838 3091 noster
2854 3053 2916 3092 ac
2935 3040 3072 3094 Deus
3089 3041 3319 3097 Verbum
3344 3050 3395 3099 in
3419 3048 3589 3103 lucem

2008 3124 2094 3169 est
2118 3116 2309 3171 editus.
2343 3119 2576 3187 Quarum
2619 3126 2734 3179 haec
2772 3128 2940 3195 prima
2978 3140 3076 3195 est,
3126 3133 3266 3201 quod
3321 3146 3464 3191 tanta
3504 3153 3591 3193 ce-

2008 3203 2213 3260 leritate
2239 3222 2634 3279 quaquaversus
2664 3214 2762 3267 hoc
2792 3217 2983 3271 festum
3008 3218 3374 3277 denuntiatum
3403 3226 3504 3293 sit,
3534 3238 3589 3281 et

2008 3295 2076 3349 ad
2109 3303 2311 3352 tantum
2342 3297 2607 3369 fastigium
2637 3307 2963 3366 excreverit.
2990 3309 3229 3379 adeoque
3260 3312 3581 3371 inclaruerit.

2006 3385 2073 3439 Et
2096 3388 2236 3456 quod
2263 3388 2520 3445 Gamaliel
2545 3393 2612 3447 de
2654 3396 3026 3462 prmdicatione
3048 3400 3181 3455 dixit
3209 3419 3221 3453 :
3254 3403 3512 3470 Quoniam
3537 3411 3583 3463 si

2001 3485 2086 3529 est
2120 3492 2189 3531 ex
2216 3477 2519 3536 hominibus
2539 3521 2557 3547 ,
2601 3483 2952 3552 dissolvetur;
2998 3489 3041 3542 si
3068 3505 3198 3545 vero
3232 3509 3297 3547 ex
3329 3495 3439 3551 Deo
3462 3509 3578 3561 est,

2002 3581 2105 3620 non
2135 3571 2357 3637 potestis
2386 3571 2405 3602 ί
2429 3571 2723 3630 dissolvere
2750 3576 2879 3632 illud
2899 3619 2916 3645 ,
2944 3595 3012 3634 ne
3042 3581 3176 3638 forte
3203 3592 3258 3639 et
3284 3586 3393 3641 Deo
3422 3604 3583 3657 repu-

1997 3670 2163 3723 gnare
2193 3659 2535 3716 inveniamini
2565 3663 2698 3733 (Act.
2724 3666 2774 3719 5.
2804 3667 2892 3721 38.
2919 3668 3009 3739 59)
3037 3689 3050 3723 :
3081 3670 3182 3727 hoc
3205 3682 3259 3727 et
3284 3690 3382 3745 ego
3411 3678 3548 3732 fiden
3568 3711 3582 3723 -

1999 3756 2081 3801 ter
2105 3748 2173 3802 de
2195 3749 2284 3804 die
2309 3750 2409 3805 hoc
2432 3756 2880 3820 pronuntiaverim
2905 3778 2919 3814 :
2942 3763 3192 3828 quoniam
3215 3780 3280 3818 ex
3306 3767 3415 3822 Deo
3442 3769 3581 3825 Deus

2000 3834 2349 3899 Verbum,est
2384 3841 2582 3897 ideirco
2610 3859 2713 3898 non
2741 3847 2912 3900 solum
2942 3864 3045 3902 non
3075 3850 3388 3909 dissolutum
3415 3872 3535 3913 esse
3560 3878 3574 3914 :

1995 3928 2120 3996 quin
2161 3930 2333 3997 petius
2381 3948 2477 4002 per
2506 3950 2675 3989 annos
2708 3937 2945 4007 singulos
2985 3942 3155 4009 majus
3192 3943 3579 4008 incrementum

1994 4032 2209 4074 sumere
2236 4020 2623 4093 elarioremque
2656 4027 2883 4083 evadere
2911 4046 2924 4081 :
2954 4033 3202 4099 quoniam
3233 4043 3287 4088 et
3315 4035 3404 4091 illa
3439 4055 3578 4108 pra:-

1995 4109 2191 4166 dicatio
2210 4128 2497 4181 paucorum
2520 4131 2779 4172 annorum
2802 4122 2972 4188 spatio
2993 4125 3293 4181 universum
3316 4138 3576 4189 terrarum

1994 4202 2180 4257 orbem
2220 4206 2527 4274 occupavit;
2561 4222 2881 4278 quamquam
2924 4214 3271 4270 tentoriorum
3310 4220 3532 4287 opifices

1996 4292 2304 4360 piscatores,
2325 4295 2591 4350 literarum
2609 4298 2766 4353 rudes
2787 4309 2838 4353 et
2861 4301 3086 4372 imperiti
3110 4304 3351 4364 homines
3371 4321 3566 4378 essent.

1993 4384 2081 4450 qui
2128 4384 2266 4439 illam
2297 4400 2696 4454 quoquoversus
2721 4389 3017 4457 perferrent
3044 4410 3058 4447 :
3089 4410 3262 4465 neque
3289 4399 3558 4470 quidquau

1995 4473 2354 4527 ministrorum
2399 4476 2573 4530 vilitas
2620 4480 2839 4543 nocuit,
2890 4496 3009 4536 cuin
3055 4487 3284 4552 potentia
3329 4489 3446 4557 ejus
3483 4496 3575 4560 qui

1994 4564 2407 4631 pnedicabatur.
2440 4568 2618 4622 omnia
2647 4571 2961 4641 anticiparet
2983 4613 2999 4639 ,
3034 4576 3408 4644 impedimenta
3444 4585 3571 4637 sul.-

1994 4663 2249 4721 Inoveret,
2279 4670 2343 4711 ac
2366 4672 2515 4712 suam
2546 4659 2654 4713 vim
2682 4674 2969 4718 exsereret.

2059 4743 2113 4798 2.
2156 4746 2330 4801 Altera
2346 4747 2722 4805 demonstratio.
2747 4751 2828 4806 Es:
2844 4762 3063 4821 tempore
3080 4757 3428 4826 descriptionis
3442 4769 3569 4814 tent~

2000 4854 2096 4906 pus
2130 4839 2437 4893 Nativitatis
2473 4850 2637 4907 patet.
2662 4872 2727 4881 —
2753 4842 2904 4904 Quod
2935 4842 2981 4895 si
3011 4842 3132 4911 quis
3154 4843 3293 4899 forte
3317 4849 3568 4916 pervica-

2005 4929 2136 4993 cior,
2161 4930 2265 4983 illis
2293 4946 2413 4999 quae
2437 4929 2578 4984 dicta
2615 4937 2742 4984 sunt
2765 4946 2873 4983 non
2903 4932 3207 5000 acquiescat
3238 4952 3251 4988 :
3284 4944 3367 4990 est
3398 4938 3565 4994 altera

2000 5020 2403 5080 demonstratio,
2422 5034 2580 5088 quam
2597 5019 2903 5092 aﬂ‘eremlts.
2922 5021 3053 5087 Quae
3070 5039 3199 5079 vero
3213 5024 3311 5080 ista
3326 5028 3348 5080 ?
3363 5027 3491 5092 Quae
3509 5030 3559 5081 in

2001 5105 2359 5171 descriptione
2379 5079 2488 5168 illa,
2510 5106 2665 5173 cujus
2680 5079 2966 5177 Evatﬁgelia
2990 5112 3319 5167 mentionem
3335 5114 3557 5179 faciunt,

2001 5193 2101 5247 sita
2118 5202 2217 5245 est.
2245 5192 2465 5246 Factum
2487 5206 2559 5247 est
2584 5197 2742 5260 enim,
2761 5198 2938 5265 inquit
2956 5200 3278 5270 evangelista
3305 5202 3452 5266 (Luc.
3476 5206 3555 5270 9.),

1989 5293 2040 5337 in
2071 5285 2239 5337 diebus
2264 5285 2364 5338 illis
2387 5326 2402 5351 ,
2430 5294 2551 5340 exiit
2575 5292 2793 5341 edictum
2822 5306 2853 5342 a
2881 5294 3077 5344 σίτων-ε
3101 5295 3323 5359 Augusto
3341 5331 3358 5354 ,
3387 5301 3443 5343 ut
3478 5292 3561 5344 dc-

1990 5377 2281 5430 scriberelur
2308 5377 2566 5433 universus
2591 5379 2741 5434 orbis.
2785 5380 2908 5435 Hac
2945 5381 3214 5449 descriptio
3244 5383 3407 5451 prima
3432 5386 3561 5454 facta

1992 5476 2059 5520 est
2088 5465 2299 5536 prazside
2335 5466 2503 5536 Syria:
2528 5468 2757 5539 Cyrenio.
2794 5468 2857 5521 Et
2882 5470 3019 5523 ibant
3056 5488 3225 5526 omnes
3244 5514 3259 5537 ,
3286 5483 3338 5526 ut
3364 5474 3560 5543 proﬁte-

1992 5566 2181 5617 rentur,
2207 5556 2393 5627 singuli
2417 5558 2467 5610 iu
2489 5559 2737 5612 civitatem
2761 5575 2922 5612 suam.
2956 5561 3185 5615 Ascendit
3212 5573 3378 5619 autent
3400 5574 3446 5618 et
3468 5562 3567 5618 Jo-

1992 5650 2115 5719 seph
2138 5665 2169 5701 a
2195 5646 2409 5703 Galiiwa
2434 5652 2495 5704 de
2520 5651 2714 5703 civitate
2743 5649 3003 5707 Nazareth
3029 5656 3080 5708 in
3107 5654 3342 5709 Judwam
3368 5697 3383 5721 ,
3412 5657 3465 5709 in
3490 5657 3563 5709 ci-

1994 5740 2191 5793 vitatem
2228 5737 2393 5792 David
2415 5780 2430 5804 ,
2460 5755 2571 5808 qua:
2597 5750 2801 5793 vocatur
2828 5741 3115 5798 Betlrlehem
3137 5789 3151 5809 ,
3184 5763 3240 5800 co
3280 5747 3412 5817 quod
3444 5757 3569 5799 esset

1996 5829 2064 5884 de
2091 5827 2238 5884 domo
2271 5840 2315 5884 et
2350 5829 2544 5900 familia
2588 5828 2749 5886 David
2776 5848 2795 5888 :
2821 5845 2873 5888 ut
2910 5838 3225 5906 proﬁteretur
3260 5854 3371 5891 cum
3404 5835 3571 5892 Maria

3153 5923 3231 5981 22
