4406 6684
846 446 946 502 δῘὸ

844 570 1146 626 desponsata
1186 560 1280 613 sibi
1319 575 1475 613 uxore
1515 570 1819 630 pra'guoute.
1865 559 2080 615 Factum
2107 574 2174 617 est
2209 573 2373 617 autem
2399 606 2411 628 ,

839 669 955 708 cum
991 660 1147 708 essent
1184 652 1251 704 ibi
1276 693 1289 716 ,
1316 651 1505 720 impleti
1535 661 1650 705 sunt
1686 651 1790 704 dies
1816 662 1869 703 ut
1896 664 2090 720 pareret
2116 670 2133 708 :
2156 665 2201 708 et
2229 656 2415 724 peperit

842 746 1003 810 [ilium
1029 759 1175 798 suum
1205 743 1628 813 primogenitum,
1654 751 1702 796 et
1743 744 1922 811 pannis
1962 761 2075 797 eum
2107 746 2337 811 involvit,
2370 754 2417 797 et

841 835 1096 888 reclinavit
1123 851 1235 887 eum
1272 835 1323 886 in
1366 836 1607 905 prazsepio
1632 851 1650 887 :
1674 836 1791 903 quia
1822 851 1921 887 non
1956 849 2064 890 erat
2093 839 2162 891 eis
2199 840 2336 892 locus
2365 839 2416 890 in

841 926 1131 979 diversorio.
1159 925 1236 978 Ex
1263 925 1344 978 his
1368 925 1551 996 liquet,
1580 926 1764 993 prima:
1789 926 2159 997 descriptionis
2180 937 2418 997 tempore

844 1026 1022 1070 natum
1054 1030 1192 1069 esse.
1226 1016 1294 1070 Et
1319 1018 1403 1071 cui
1430 1027 1634 1070 veteres
1674 1016 2014 1073 historiarum
2052 1018 2261 1073 codices
2284 1059 2298 1083 ,
2327 1020 2414 1088 qui

842 1107 1024 1159 Romae
1049 1106 1256 1175 publice
1280 1115 1646 1171 asservantur,
1679 1106 1918 1163 lectitare
1948 1109 2139 1171 libeat,
2166 1107 2417 1176 perfacile

838 1197 998 1251 etiam
1030 1206 1232 1265 tempus
1258 1196 1413 1265 hujus
1438 1196 1811 1267 descriptionis
1834 1208 2076 1253 accurate
2094 1198 2302 1253 discere
2325 1215 2416 1268 po-

838 1290 982 1344 terit.
1013 1291 1275 1345 Ca-terum
1309 1291 1430 1359 quid
1457 1292 1557 1346 hoc
1581 1294 1646 1346 ad
1676 1308 1773 1348 nos
1799 1293 1939 1347 dicat
1964 1294 2170 1362 aliquis,
2196 1294 2285 1363 qui
2310 1295 2419 1350 illic

838 1397 1009 1450 neque
1038 1397 1221 1436 sumus
1248 1397 1421 1453 neque
1462 1385 1654 1439 fuimus
1683 1385 1970 1454 umquam?
1998 1386 2286 1453 Ausculta;
2318 1403 2417 1443 ne-

837 1486 942 1541 que
958 1471 1188 1536 difﬁdas,
1216 1476 1338 1543 quia
1363 1474 1429 1529 ab
1451 1475 1551 1528 illis
1573 1475 1661 1543 qui
1683 1483 1919 1528 exactam
1946 1475 2103 1544 hujus
2130 1476 2206 1531 rei
2233 1479 2415 1548 cogni-

838 1563 1037 1617 tionem
1069 1562 1263 1617 habent
1291 1565 1483 1633 quique
1511 1564 1653 1616 illam
1693 1563 1878 1619 urbem
1911 1564 2209 1622 inhabitant
2231 1610 2247 1635 ,
2276 1568 2419 1625 hunc

837 1652 979 1705 diem
1001 1652 1301 1718 accepimus
1326 1670 1340 1706 :
1362 1667 1481 1705 nam
1506 1652 1580 1705 illi
1606 1653 1725 1721 ipsi,
1751 1654 1840 1722 qui
1866 1655 1971 1709 illic
1996 1668 2415 1726 commorantur,

835 1741 1002 1794 multo
1020 1750 1141 1795 ante
1162 1749 1215 1794 et
1233 1756 1295 1794 ex
1320 1743 1532 1811 antiqua
1556 1742 1837 1799 traditione
1862 1744 2033 1814 ipsum
2056 1748 2413 1815 celebrantes,

834 1828 901 1883 ad
931 1843 1029 1883 nos
1054 1843 1222 1899 usque
1251 1830 1392 1884 illius
1421 1832 1661 1887 notitiam
1691 1849 1831 1888 nunc
1856 1838 2280 1892 transmiserunt.
2313 1836 2417 1891 Ne-

835 1934 939 1989 que
976 1921 1118 1975 enim
1159 1921 1481 1991 evangelista
1523 1923 1835 1993 simpliciter
1863 1927 2014 1979 nobis
2048 1928 2174 1981 illud
2205 1936 2415 1997 tempus

825 2010 1116 2076 indicavit;
1145 2011 1238 2065 sed
1266 2012 1359 2075 ita,
1390 2021 1449 2065 ut
1473 2013 1630 2066 etiam
1661 2030 1760 2066 una
1794 2015 1933 2069 hunc
1958 2015 2097 2070 diem
2123 2016 2276 2071 nobis
2302 2033 2415 2071 ma—

833 2100 1082 2155 nifestum
1112 2099 1358 2154 redderet
1385 2110 1439 2154 et
1465 2101 1798 2170 exploratum
1822 2143 1839 2168 ,
1868 2103 2067 2174 Deique
2096 2104 2417 2162 incarnatio-

834 2205 957 2244 nem
987 2192 1325 2258 patefaceret.
1360 2190 1543 2260 Neque
1570 2192 1711 2246 enim
1738 2201 1926 2263 suopte
1951 2194 2201 2264 impulsu,
2233 2208 2326 2251 aut
2348 2214 2413 2252 ex

833 2294 895 2335 se
923 2278 1039 2349 ipso
1066 2280 1334 2349 Augustus
1371 2281 1603 2336 edictum
1632 2282 1732 2336 hoc
1761 2284 2145 2353 promulgavit,
2178 2286 2272 2341 sed
2303 2288 2414 2343 Deo

832 2369 1067 2423 animum
1113 2370 1277 2438 ipsius
1320 2373 1653 2439 concitante,
1702 2381 1760 2427 ut
1798 2372 1883 2427 vel
1926 2375 2119 2430 invitus
2166 2377 2414 2433 adventui

832 2459 1100 2530 Unigeniti
1125 2460 1474 2516 subserviret.
1503 2465 1574 2517 At
1597 2463 1722 2532 quid
1750 2463 1885 2531 hoc,
1914 2467 2090 2536 inquis
2108 2509 2124 2533 ,
2152 2468 2217 2523 ad
2244 2470 2414 2525 incar-

831 2549 1101 2605 nationem
1132 2551 1513 2605 ostendendam
1538 2554 1793 2608 momenti
1814 2553 2008 2610 habet?
2030 2556 2144 2612 Non
2167 2574 2409 2629 parvum,

832 2639 1045 2705 dilecte,
1074 2656 1245 2711 neque
1272 2642 1441 2697 ubivis
1467 2643 1679 2697 obvium
1700 2685 1714 2710 ,
1746 2645 1839 2700 sed
1869 2661 2115 2717 maguum
2149 2650 2366 2705 omnino
2396 2669 2409 2704 :

830 2730 1071 2800 adeoque
1102 2747 1261 2785 unum
1288 2748 1351 2785 ex
1383 2733 1447 2786 iis
1473 2734 1572 2788 hoc
1596 2744 1676 2789 est
1695 2777 1708 2799 ,
1738 2752 1857 2805 qua:
1882 2740 2184 2794 necessario
2212 2755 2273 2794 ac
2300 2754 2413 2795 stu-

830 2821 981 2875 diose
1009 2830 1333 2889 quaeruntur.
1368 2822 1535 2889 Quale
1563 2823 1777 2878 tandem
1806 2827 1974 2880 illud?
2019 2826 2233 2883 Galilrea
2264 2832 2410 2900 regio

828 2909 1070 2978 qumdam
1099 2917 1179 2963 est
1196 2910 1488 2966 Palaestina:
1508 2928 1523 2977 ;
1547 2913 1812 2969 Nazarctlt
1833 2925 2009 2972 autem
2037 2920 2087 2973 in
2114 2934 2173 2973 ea
2195 2921 2404 2976 civitas.

829 2999 1033 3054 Rursus
1057 2999 1241 3054 Judrea
1270 3002 1415 3071 regio
1440 3014 1541 3063 est.
1569 3003 1635 3058 ab
1661 3005 1922 3076 indigenis
1948 3006 2050 3063 hoc
2074 3012 2290 3067 nomine
2314 3028 2408 3067 vo-

828 3090 1020 3154 citata;
1055 3089 1363 3145 Bethlchem
1386 3108 1512 3147 vero
1535 3093 1733 3149 Judaca:
1758 3098 1966 3152 civitas.
1996 3099 2260 3155 Christum
2288 3118 2410 3171 por-

827 3195 892 3235 ro
933 3195 1123 3235 omnes
1167 3182 1440 3251 preplieue
1472 3185 1865 3256 praedixerant,
1894 3204 1999 3243 non
2031 3206 2060 3243 a
2105 3191 2361 3248 Nazareth
2392 3236 2407 3262 ,

825 3273 920 3328 sed
947 3288 975 3326 a
1006 3274 1321 3330 Bethlebem
1354 3285 1661 3342 venturum,
1695 3280 1908 3349 illicque
1935 3283 2279 3338 nasciturum.
2335 3286 2407 3341 Ita

824 3362 966 3417 enim
1010 3364 1267 3432 scriptum
1298 3375 1380 3419 est
1412 3383 1426 3420 :
1455 3364 1520 3418 Et
1551 3377 1603 3420 tu
1633 3366 1923 3422 Bethlehem
1954 3380 2089 3424 terra
2114 3373 2254 3426 Juda
2278 3415 2293 3439 ,
2324 3393 2410 3429 ne-

824 3471 1071 3527 quaquam
1114 3456 1323 3508 mininm
1364 3474 1415 3510 es
1451 3458 1502 3511 in
1540 3460 1848 3529 principibus
1879 3460 1914 3513 J
1921 3463 2042 3514 uda.
2090 3463 2174 3517 Ea:
2203 3474 2250 3517 te
2275 3468 2408 3520 enim

831 3546 961 3599 exist
990 3544 1113 3598 Dua:
1141 3585 1156 3607 ,
1183 3548 1267 3614 qui
1290 3558 1423 3614 reget
1454 3548 1697 3617 populant
1723 3565 1890 3602 meum
1914 3548 2082 3605 Israel
2110 3551 2317 3621 (Matth.
2349 3556 2401 3610 2.

826 3635 861 3687 6
904 3649 918 3697 ;
951 3633 1110 3688 Mich.
1139 3636 1192 3690 5.
1222 3634 1317 3705 2).
1361 3636 1429 3689 Et
1468 3636 1639 3691 διιόωί
1680 3637 1807 3691 olim
1844 3642 1913 3692 ab
1939 3640 2151 3696 Herode
2179 3641 2406 3698 interro-

822 3726 951 3795 gati,
982 3726 1068 3780 ubi
1100 3736 1410 3781 nasceretur
1437 3726 1680 3784 Christus
1706 3769 1722 3793 ,
1752 3730 1855 3785 hoc
1881 3731 2053 3800 ipsum
2083 3735 2131 3787 ei
2161 3735 2401 3789 testimo-

821 3816 966 3869 nium
996 3815 1308 3870 retulerunt.
1357 3817 1504 3871 lianc
1529 3819 1773 3874 eamdem
1807 3819 1879 3876 ob
1904 3835 2120 3877 causam
2153 3825 2404 3893 loquente

820 3902 1144 3960 Nathanaele
1169 3904 1236 3957 ad
1267 3904 1589 3974 Philippum,
1608 3916 1891 3976 postquam
1912 3910 1961 3963 ei
1984 3911 2200 3976 dicenti,
2224 3911 2404 3968 Iesum

822 4010 855 4049 a
885 3992 1146 4047 Nazareth
1170 3994 1447 4048 invenimus
1470 3993 1646 4067 (Joan.
1681 3996 1732 4049 1.
1761 3998 1831 4051 45
1848 3999 1992 4068 ⁵17),
2021 4002 2400 4070 respondisset,

825 4085 868 4137 Α
896 4082 1156 4138 Nazareth
1185 4094 1348 4153 potest
1375 4086 1568 4154 aliquid
1595 4085 1711 4139 boni
1747 4103 1854 4141 esse
1872 4087 1899 4140 .9
1923 4088 2167 4143 Christus
2192 4091 2258 4147 de
2289 4093 2403 4161 ipso

821 4171 896 4226 ait
924 4190 938 4225 ;
967 4170 1099 4227 Ecce
1122 4188 1235 4227 vere
1259 4171 1494 4227 Israelita
1519 4214 1535 4240 ,
1564 4176 1617 4228 in
1651 4192 1751 4246 quo
1789 4178 1937 4232 dolus
1964 4196 2064 4231 non
2102 4189 2193 4233 est.
2242 4180 2402 4251 Cujus

818 4272 995 4317 autem
1029 4263 1104 4317 rei
1130 4265 1297 4333 gratia
1326 4265 1497 4335 ipsum
1526 4266 1598 4320 ita
1627 4269 2058 4323 commendavit?
2083 4270 2233 4337 Quod
2264 4290 2401 4328 nun-

820 4353 895 4407 tio
925 4354 1012 4407 illo
1050 4354 1276 4425 Philippi
1316 4372 1421 4410 non
1470 4358 1708 4426 protinus
1751 4360 1909 4414 fuerit
1949 4363 2200 4431 abreptus
2233 4381 2246 4414 :
2276 4380 2396 4419 nam

821 4441 1104 4498 manifeste
1127 4446 1386 4515 planeque
1405 4448 1628 4514 sciebat,
1656 4466 1827 4520 neque
1849 4452 1900 4505 in
1920 4451 2203 4520 Nazareth,
2228 4471 2399 4525 neque

822 4536 876 4588 in
904 4534 1120 4588 Galilaea
1145 4534 1411 4591 Christum
1436 4539 1583 4592 nasci
1611 4541 1832 4606 debere,
1856 4542 1950 4596 sed
1983 4544 2035 4595 in
2060 4543 2244 4598 Iudaea
2267 4555 2321 4600 et
2346 4546 2398 4600 in

821 4624 1133 4679 Bethlehem
1159 4642 1171 4677 :
1196 4626 1336 4695 quod
1361 4638 1416 4682 et
1437 4630 1507 4682 ita
1529 4629 1723 4683 factum
1744 4630 1932 4685 fuerat.
1959 4633 2397 4704 Quandoquidem

818 4733 947 4787 ergo
974 4716 1276 4786 Philippum
1308 4718 1359 4772 id
1387 4720 1583 4773 latebat
1606 4762 1621 4787 ,
1651 4719 1941 4776 Nalhauacl
1978 4734 2153 4778 autem
2180 4742 2276 4795 pro
2302 4742 2397 4796 pe-

819 4808 937 4863 ritia
962 4823 1121 4877 quam
1148 4808 1279 4879 legis
1309 4810 1571 4876 habebat,
1599 4827 1718 4866 cum
1751 4814 1912 4867 sciret
1938 4830 1998 4868 ea
2025 4856 2039 4879 ,
2069 4832 2187 4884 qua:
2214 4833 2241 4869 a
2272 4834 2397 4886 pro-

821 4897 997 4965 phetis
1024 4898 1159 4952 dicta
1195 4910 1394 4966 essent,
1427 4916 1741 4971 responsum
1771 4906 2019 4959 vaticinia
2048 4908 2293 4976 superius
2322 4911 2397 4963 al-

818 4987 927 5039 lato
964 4998 1377 5044 consentaneum
1412 4991 1607 5058 dabat,
1636 5012 1665 5048 a
1696 4994 1957 5051 Nazareth
1991 4995 2258 5053 Christum
2290 5017 2394 5057 non

816 5091 1094 5135 venturum
1144 5101 1157 5134 :
1204 5094 1482 5154 propterea
1527 5090 1686 5144 etiam
1731 5093 1899 5162 inquit
1944 5094 2231 5152 Christus:
2268 5099 2396 5155 Ecce

815 5185 925 5223 vere
971 5171 1206 5227 Israelita
1232 5214 1248 5239 ,
1283 5175 1337 5227 in
1377 5192 1476 5245 quo
1516 5179 1661 5232 dolus
1706 5197 1805 5235 non
1846 5194 1935 5236 est.
1987 5186 2095 5240 llac
2137 5189 2296 5242 etiam
2327 5190 2395 5244 de

813 5274 970 5315 causa
991 5264 1203 5332 quidam
1221 5265 1249 5320 J
1257 5267 1525 5321 udteorum
1538 5267 1827 5323 Nicodemo
1840 5273 2111 5330 dicebant:
2132 5280 2387 5345 Scrutare,

813 5360 862 5403 et
887 5351 997 5404 vide
1024 5357 1142 5422 quia
1165 5372 1193 5409 e
1218 5355 1434 5411 Galilteo
1475 5362 1719 5429 propheta
1747 5378 1846 5415 non
1861 5366 2117 5419 excitatur
2137 5367 2314 5435 (Joau.
2338 5371 2389 5423 7.

811 5440 925 5510 52).
958 5441 1025 5496 Et
1054 5459 1234 5500 rursus
1264 5464 1276 5500 :
1311 5448 1500 5503 Nonne
1523 5468 1554 5502 α
1579 5449 1869 5506 Bethlehem
1911 5457 2119 5510 castello
2139 5497 2152 5522 ,
2176 5459 2260 5511 ubi
2284 5470 2391 5512 erat

810 5534 1002 5601 David,
1030 5534 1260 5590 Christus
1285 5542 1414 5594 venit
1441 5542 1598 5612 (Ibid.
1630 5544 1723 5617 42)
1746 5546 1769 5599 ?
1794 5548 1968 5615 Atque
1992 5547 2127 5600 adeo
2151 5563 2390 5603 commu-

810 5627 891 5678 nis
921 5627 1158 5681 omnium
1207 5633 1467 5685 sententia
1505 5644 1657 5701 erat,
1689 5637 1825 5690 haud
1857 5638 2019 5692 dubie
2055 5639 2201 5694 illinc
2224 5683 2239 5708 ,
2282 5657 2385 5696 non

808 5731 984 5774 amem
1012 5736 1043 5774 a
1070 5721 1285 5777 Galiltea
1308 5761 1324 5788 ,
1358 5734 1639 5779 venturum
1666 5743 1804 5782 esse.

882 5810 992 5875 Orta
1020 5816 1278 5869 occasione
1306 5814 1534 5871 Christus
1559 5827 1705 5872 natus
1730 5821 1782 5874 in
1821 5820 2383 5897 Bethlehcm.——ltaque

1570 445 1624 499 S.
1665 444 1936 502 JOANNIS
1973 446 2441 506 CIIRYSOSTOMI
2484 454 2799 513 ARCIIIEP.
2842 460 3372 522 CONSTANTINOP.

3999 478 4125 531 ὄπι

2522 585 2642 625 cum
2690 573 2885 645 Joseph
2934 586 2987 630 et
3034 578 3216 645 Maria,
3264 580 3409 634 cives
3448 579 3862 654 Bethh-hemitr,
3915 594 4130 646 relicta

2522 663 2687 727 patria
2718 664 2768 717 in
2800 665 3056 723 Nazareth
3090 671 3247 725 vitam
3296 687 3444 726 suam
3489 674 3853 743 instituissent,
3899 693 3959 737 et
4002 688 4134 741 illic

2521 765 2997 826 commorareutur,
3030 773 3085 815 ut
3125 763 3371 820 videlicet
3412 780 3553 835 smpe
3579 768 3755 822 multis
3800 769 4132 829 hominibus

2523 856 2618 893 usu
2648 846 2831 901 venire
2855 850 3012 915 solet,
3041 853 3129 921 qui
3160 869 3191 907 e
3219 856 3541 923 civitatibus,
3571 857 3708 911 unde
3733 869 3902 915 ortum
3937 863 4129 918 duxe—

2524 941 2660 996 rant,
2692 936 3037 1005 emigrantes,
3066 942 3116 994 iu
3153 945 3269 997 aliis
3302 947 3351 999 in
3380 947 3569 1017 quibus
3592 948 3657 1002 ab
3683 949 3831 1005 initio
3852 954 3961 1007 uati
3991 972 4118 1007 non

2522 1020 2749 1089 fuerant,
2772 1040 3195 1098 commoreutur;
3229 1048 3603 1109 Oporteretqte
3627 1040 3888 1096 Christum
3909 1044 3965 1097 in
3996 1045 4119 1099 Bc-

2523 1113 2756 1168 thlehem
2790 1121 2934 1173 nasci
2961 1139 2973 1173 :
2998 1124 3125 1177 exiit
3155 1127 3409 1203 edictum,
3441 1133 3600 1199 quod,
3626 1134 3733 1188 Deo
3759 1135 3826 1188 ita
3853 1145 4124 1190 statuen—

2523 1211 2594 1266 te,
2624 1205 2784 1259 etiam
2816 1208 3008 1267 invitos
3040 1214 3180 1270 illam
3231 1219 3283 1273 in
3314 1222 3493 1276 urbem
3524 1228 3793 1294 compulit.
3824 1227 3929 1281 Lex
3956 1229 4125 1282 enim

2520 1310 2638 1363 quae
2660 1295 2879 1363 jubebat
2906 1316 3335 1377 unumquemque
3363 1312 3414 1364 in
3436 1317 3599 1380 patria
3631 1331 3722 1369 sua
3754 1333 3944 1371 nomen
3978 1335 4126 1387 pro—

2526 1386 2680 1453 ﬁteri,
2702 1389 2877 1459 adi-git
2906 1406 3001 1446 eos
3029 1409 3059 1447 a
3089 1395 3347 1453 Nazareth
3373 1404 3560 1470 pedem
3583 1407 3770 1463 efferre
3786 1419 3840 1463 ct
3864 1412 3912 1464 in
3932 1386 4085 1464 Belli
4100 1441 4126 1451 -

2524 1479 2695 1535 lehem
2748 1482 2923 1538 redire
2949 1485 3013 1539 ad
3054 1502 3248 1543 nomen
3306 1493 3411 1548 illic
3465 1511 3617 1551 sumu
3667 1501 4123 1558 describendum.

2524 1572 2635 1628 lluc
2662 1589 2790 1644 ergo
2831 1577 3171 1635 subindicans
3206 1587 3529 1654 evangelista
3568 1592 3639 1643 ait
3669 1610 3681 1645 :
3710 1595 3947 1647 Ascendit
3983 1614 4119 1666 ergo

2520 1665 2711 1735 Josrph
2755 1686 2787 1722 a
2826 1670 3038 1725 Gali/tea
3073 1690 3135 1727 ea:
3164 1677 3361 1731 civitate
3397 1678 3655 1735 Nazareth
3684 1686 3733 1737 in
3760 1684 4021 1752 Iudicum,
4046 1665 4126 1742 Cia

2520 1758 2768 1813 civitatem
2804 1762 2991 1831 David,
3026 1783 3140 1838 qua:
3164 1778 3365 1823 vocatur
3390 1770 3699 1841 Bethlehem,
3722 1794 3779 1830 eo
3804 1780 3936 1848 quod
3974 1794 4128 1833 esset

2520 1848 2582 1901 de
2610 1849 2761 1904 domo
2794 1862 2839 1905 et
2881 1854 3080 1922 familia
3107 1856 3274 1913 David
3304 1876 3324 1914 :
3350 1870 3405 1915 ut
3447 1866 3762 1932 proﬁteretur
3788 1886 3898 1922 cum
3930 1871 4128 1924 Maria

2520 1940 2827 2009 desponsata
2850 1948 2947 2000 sibi
2965 1964 3121 2005 uxore
3135 1964 3441 2023 prcegnante.
3466 1956 3680 2012 Factum
3699 1972 3770 2015 est
3784 1973 3968 2026 autem,
3990 1982 4131 2017 cum

2518 2044 2677 2088 essent
2702 2036 2789 2102 ibi,
2815 2039 3011 2109 impleti
3032 2055 3148 2098 sunt
3172 2047 3297 2113 dies,
3319 2058 3375 2101 ut
3395 2063 3606 2118 pareret,
3653 2065 3700 2107 et
3724 2059 3911 2126 peperit
3937 2060 4127 2127 ﬁlium

2520 2140 2667 2179 suum
2698 2129 3084 2201 primogenitum
3111 2135 3258 2203 (Lac.
3287 2138 3342 2190 2.
3368 2140 3510 2211 4-7).

2591 2219 2643 2272 '5.
2677 2219 2896 2288 Vidisti,
2927 2223 3139 2290 dilecte,
3171 2230 3534 2296 providentem
3560 2234 3653 2288 Dei
3688 2237 4125 2294 administratio-

2519 2322 2661 2371 nem,
2694 2324 2789 2377 per
2834 2313 3073 2368 infideles
3111 2326 3271 2387 atque
3300 2320 3480 2375 fideles
3507 2337 3568 2377 ea
3598 2339 3714 2393 qua:
3755 2327 3820 2380 ad
3850 2344 3908 2382 se
3940 2334 4129 2399 perti-

2519 2406 2645 2451 nent
2671 2399 3028 2467 dispensautis
3060 2421 3074 2457 :
3106 2421 3296 2474 nempe
3326 2417 3384 2462 ut
3401 2411 3507 2463 vim
3539 2416 3931 2487 potentiamque
3960 2422 4122 2489 ejus.

2517 2486 2662 2555 quia
2693 2503 2823 2543 vero
2868 2490 3033 2559 ipsius
3071 2496 3213 2548 cultu
3259 2498 3417 2552 alieni
3472 2512 3615 2565 sunt,
3666 2486 4006 2574 agnoscant;
4035 2511 4122 2566 Et

2517 2578 2665 2631 stella
2691 2578 2902 2647 quidem
2935 2598 3114 2652 magos
3152 2586 3220 2639 ab
3245 2586 3463 2646 Oriente
3506 2596 3746 2661 perduxit
3788 2598 4020 2667 (Matth.
4046 2603 4117 2657 2..

2518 2668 2569 2721 1.
2602 2678 2649 2721 et
2674 2668 2732 2741 2)
2758 2687 2772 2736 ;
2799 2680 2853 2726 at
2881 2672 2963 2727 lex
2996 2673 3213 2731 Mariam
3245 2680 3295 2733 iu
3329 2684 3552 2750 patriam
3582 2700 3610 2738 a
3641 2688 3911 2755 prophetis
3959 2710 4119 2762 pne.-

2514 2755 2706 2811 dictam
2762 2762 2938 2815 traxit.
2986 2763 3118 2821 llinc
3158 2769 3309 2824 nobis
3370 2772 3644 2829 evidenter
3686 2791 3892 2835 constat
3938 2755 4121 2841 etiam

2514 2844 2783 2915 Virginem
2810 2848 2975 2918 ipsam
3003 2869 3066 2907 ex
3098 2870 3291 2925 genere
3322 2859 3569 2916 Davidico
3594 2864 3771 2921 fuisse.
3806 2868 3938 2924 Nam
3968 2874 4117 2929 sie:

2515 2933 2822 2992 Bethlehem
2850 2950 3024 2996 ortum
3050 2944 3218 3012 duxit,
3253 2950 3592 3007 manifestum
3621 2965 3730 3021 est,
3760 2959 3900 3027 quod
3929 2964 4109 3018 etiam

2512 3038 2582 3077 ex
2611 3025 2773 3081 domo
2795 3036 2850 3083 et
2874 3029 3069 3085 familia
3101 3034 3261 3090 David
3301 3037 3479 3094 fuerit.
3511 3042 3660 3107 Quod
3690 3025 3813 3100 item
3845 3053 4109 3119 superius

2515 3116 2796 3172 manifeste
2824 3120 3005 3175 docuit
3032 3127 3372 3194 evangelista,
3413 3146 3531 3184 cum
3556 3133 3707 3200 dixit,
3738 3116 3974 3193 Ascendit
3998 3160 4115 3195 an-

2513 3215 2611 3259 tem
2638 3218 2685 3260 et
2712 3207 2904 3279 Ioseph
2932 3229 2995 3266 ea:
3023 3212 3235 3269 Catilina
3262 3234 3376 3272 cum
3405 3219 3598 3289 Maria,
3626 3241 3683 3278 eo
3706 3230 3839 3294 quod
3879 3243 4009 3285 esset
4036 3251 4115 3288 es

2512 3294 2662 3351 domo
2699 3309 2745 3352 ct
2783 3302 2978 3370 funalia
3020 3304 3185 3358 David
3215 3306 3364 3377 (Luc.
3392 3311 3445 3364 2.
3473 3313 3550 3382 4).
3596 3314 3725 3368 Nam
3752 3332 3871 3372 cum
3898 3322 4116 3378 seriem

2512 3389 2692 3456 stirpis
2743 3389 2938 3461 Joseph
2982 3398 3368 3465 recensuisset,
3418 3402 3576 3472 hujus
3629 3420 3805 3461 autem
3858 3412 4113 3480 majores

2513 3491 2670 3532 nemo
2713 3488 2769 3532 ut
2814 3481 2952 3535 illius
2996 3498 3360 3543 enumerasset
3388 3532 3404 3557 ,
3453 3508 3519 3547 ne
3567 3495 3688 3548 hinc
3724 3497 3815 3551 tibi
3870 3498 4106 3556 dubita-

2513 3568 2585 3619 tio
2612 3569 2860 3635 oriretur,
2909 3587 2971 3627 ac
3007 3574 3230 3642 diceres,
3281 3580 3419 3635 uutlc
3459 3596 3589 3651 ergo
3628 3585 3903 3642 manifeste
3948 3602 4110 3659 patet

2509 3657 2668 3710 etiam
2694 3659 2860 3728 ipsam
2882 3675 2913 3714 e
2940 3661 3103 3717 David
3131 3675 3304 3720 ortam
3326 3669 3349 3720 ?
3371 3669 3578 3727 audies.
3605 3670 3672 3725 In
3692 3690 3877 3741 mense,
3900 3657 4109 3749 inquit,

2507 3761 2648 3803 sexto
2691 3754 2871 3806 missus
2916 3764 2991 3808 est
3034 3760 3242 3827 angelus
3285 3759 3491 3814 Gabriel
3533 3780 3565 3815 a
3595 3763 3699 3818 Deo
3742 3769 3792 3820 in
3835 3770 4102 3828 civitatem

2508 3839 2759 3910 Galilarae,
2797 3846 2879 3898 cui
2922 3864 3102 3901 nomen
3133 3848 3413 3917 Ναξία-ευρ,
3445 3855 3513 3906 ad
3540 3856 3778 3927 virginem
3814 3863 4105 3931 desponsa-

2506 3942 2608 3986 tam
2651 3937 2777 4001 viro,
2826 3939 2908 3991 cui
2952 3956 3135 3993 nomen
3184 3951 3291 3994 erat
3339 3941 3549 4013 Ioseph,
3616 3948 3678 4000 de
3727 3950 3873 4005 domo
3916 3954 4099 4010 David

2507 4025 2681 4095 (Luc.
2730 4029 2781 4081 1.
2829 4028 2919 4084 26.
2963 4030 3100 4100 27).
3155 4033 3284 4097 Qua:
3335 4033 3522 4100 verba,
3577 4040 3640 4091 de
3684 4042 3831 4095 domo
3881 4044 4101 4113 David,

2505 4116 2809 4185 accipienda
2839 4129 2963 4173 sunt
3008 4130 3273 4191 tamquam
3300 4123 3369 4179 de
3410 4125 3617 4195 Virgine
3656 4131 3813 4195 dicta,
3860 4137 4004 4204 quod
4033 4150 4096 4191 et

2508 4207 2593 4262 hic
2622 4210 2900 4265 manifeste
2930 4211 3212 4265 iudicatum
3243 4225 3343 4267 est.
3379 4219 3548 4285 Atque
3578 4218 3674 4274 hac
3698 4222 3764 4276 de
3791 4239 3949 4277 causa
3971 4227 4101 4279 edi-

2507 4308 2650 4352 ctum
2681 4308 2737 4353 et
2763 4299 2846 4353 lex
2879 4300 2964 4353 illa
2997 4304 3321 4372 promulgata
3353 4304 3468 4371 fuit,
3514 4326 3633 4378 qua:
3657 4327 3748 4365 eos
3776 4314 3829 4365 in
3871 4315 4101 4369 Bethle-

2506 4385 2628 4440 hem
2673 4386 2893 4442 duceret
2920 4406 2934 4441 :
2962 4390 3117 4444 simul
3150 4403 3309 4462 atque
3348 4398 3487 4451 enim
3514 4400 3566 4452 in
3596 4402 3860 4456 civitatem
3900 4419 4093 4459 ascen-

2506 4476 2733 4541 dissent,
2764 4478 3041 4533 confestim
3083 4484 3238 4537 etiam
3282 4485 3435 4543 .lesus
3465 4493 3699 4546 nascitur
3729 4510 3742 4546 :
3772 4509 3834 4548 ac
3864 4496 4104 4563 proinde

2504 4569 2663 4625 etiam
2696 4570 2750 4622 in
2802 4573 3026 4640 praescpi
3056 4574 3375 4644 reclinatur;
3404 4582 3542 4650 quod
3587 4583 3815 4651 undique
3844 4586 3998 4638 multi
4027 4603 4107 4642 eo

2505 4660 2925 4728 concurrissent,
2975 4672 3030 4717 et
3072 4664 3184 4720 loca
3229 4684 3707 4741 prmoccupasseut,
3758 4689 4101 4745 magnasque

2504 4750 2803 4805 divertendi
2846 4755 3110 4824 angustias
3156 4757 3455 4815 effecissent
3482 4780 3495 4814 :
3522 4777 3629 4831 quo
3670 4763 3719 4813 in
3766 4764 3882 4817 loco
3920 4768 4101 4823 etiam

2507 4843 2645 4913 magi
2678 4844 2825 4897 illum
2864 4845 3236 4905 adoraverunt.
3266 4851 3333 4906 Ut
3359 4862 3534 4906 autem
3567 4852 3807 4920 (hujusce
3832 4854 3961 4924 diei)
4004 4858 4101 4912 di-

2504 4933 2814 4987 lucidiorem
2842 4933 3014 4989 adhuc
3036 4935 3539 4994 demonstrationem
3568 4938 3865 5007 exhibeam,
3889 4950 4101 5003 vestris

2508 5037 2719 5076 mecum
2744 5022 3011 5094 adsurgite
3038 5028 3228 5083 animis
3252 5046 3266 5094 ;
3298 5043 3417 5083 nam
3445 5029 3734 5097 longiorem
3760 5047 3936 5086 rerum
3967 5052 4096 5090 me-

2503 5114 2727 5166 muriam
2773 5114 3002 5171 excitare
3030 5126 3085 5171 et
3130 5118 3332 5187 priscas
3374 5117 3515 5185 leges
3556 5119 3776 5174 recitare
3815 5126 3996 5187 statui,
4030 5138 4094 5183 ut

2501 5221 2565 5259 ex
2594 5205 2736 5258 omni
2770 5216 2917 5275 parte
2958 5211 3106 5264 vobis
3142 5210 3437 5264 orationem
3480 5220 3713 5265 nostram
3755 5216 4095 5270 manifestio—

2502 5312 2613 5348 rem
2641 5296 2876 5353 reddam.

2570 5388 2677 5443 Lex
2703 5390 2998 5448 Judteorum
3021 5394 3250 5464 quaedam
3270 5394 3573 5463 antiqun.-—
3592 5398 3695 5452 Lex
3720 5412 3831 5453 erat
3856 5402 4083 5470 ludatis,

2497 5496 2664 5551 caque
2709 5490 3019 5555 perantiqua
3050 5501 3064 5536 :
3096 5483 3188 5537 sed
3218 5497 3337 5552 age,
3366 5484 3540 5553 potius
3581 5491 3737 5559 paulo
3776 5491 3932 5542 altius
3960 5505 4083 5544 Ser-

2498 5589 2707 5630 monem
2736 5589 3057 5647 repetamus.
3083 5574 3201 5640 Quo
3224 5584 3458 5645 tempore
3479 5582 3544 5632 ah
3562 5582 3883 5652 Aigyptiacis
3905 5584 4088 5639 turbis

2494 5675 2547 5718 ct
2573 5667 2794 5722 barbara
2822 5666 3113 5722 Pharaonis
3144 5668 3416 5736 tyrannide
3447 5670 3787 5725 llebrasnrum
3821 5674 4078 5739 populum

2494 5755 2635 5811 Deus
2680 5758 2960 5820 liberavit;
2993 5754 3176 5812 videns
3203 5757 3343 5825 ipsos
3385 5761 3665 5829 impietatis
3691 5760 3861 5812 adhuc
3889 5775 4077 5817 secum

2496 5850 2744 5917 reliquias
2770 5849 2995 5917 habere,
3031 5850 3290 5909 rebusque
3332 5852 3579 5907 omnibus
3604 5851 3701 5906 sub
3743 5865 3957 5906 sensum
3985 5868 4076 5909 ca-
