4432 6742
316 513 424 567 ὒδῦ

312 629 455 690 κύῳ.
476 625 733 694 Ἐγένετο
756 629 823 682 δὲ
845 631 910 682 ἐν
929 627 1006 692 τῲ
1019 623 1169 681 εἶναι
1191 624 1410 689 αὐτοὺς
1421 625 1561 688 ἐκεῖ,
1577 625 1885 688 ἐπλήσθη-

313 727 436 762 σαν
454 713 513 762 αἱ
535 711 736 780 ἡμέραι
761 714 864 766 τοῦ
884 710 1076 764 τεκεῖν
1089 707 1282 774 αὑτήν
1298 723 1311 738 ο
1325 708 1420 761 καὶ
1440 708 1605 762 ἔτεκε
1629 708 1733 761 τόν
1755 706 1890 759 υίὸν

312 790 502 859 αὐτῆς
526 793 628 846 τὸν
649 796 1042 862 πρωτότοκον,
1072 789 1168 843 καὶ
1186 789 1657 859 ἐσπαργάνωσεν
1681 787 1885 846 αὑτὸν,

315 876 411 928 καὶ
446 876 764 931 ἀνέκλινεν
787 874 974 929 αὐτὸν
1015 872 1084 924 ἐν
1131 870 1205 939 τῇ
1243 873 1458 942 φάτνῃ,
1486 874 1636 926 διότι
1670 872 1781 923 οὐκ
1812 865 1890 935 ἦν

314 959 519 1024 αὐτοῖς
551 963 732 1023 τόπος
770 958 840 1010 ἐν
871 953 951 1018 τῷ
987 957 1374 1025 καταλύματι.
1417 955 1579 1008 Ὅθεν
1603 951 1782 1022 δῆλον,
1808 951 1888 1004 ὅτι

316 1044 461 1096 κατά
499 1044 596 1113 τὴν
629 1042 854 1112 πρώτην
884 1039 1210 1109 ἀπογραφὴν
1251 1039 1468 1108 ἐτέχθη.
1505 1037 1615 1091 Καὶ
1643 1037 1753 1099 τοῖς
1787 1037 1888 1107 ἀρ-

315 1127 531 1195 χαίοιςα
551 1129 662 1187 τοίς
699 1121 931 1191 δημοσία
963 1123 1232 1191 κειμένοις
1259 1121 1476 1185 κώδιξιν
1499 1121 1590 1173 ἐπὶ
1622 1120 1720 1189 τῆς
1761 1119 1890 1172 ’[’ώο

319 1227 429 1278 μης
459 1208 663 1272 ἔξεστιν
685 1203 975 1274 ἐντυχόντα
998 1207 1091 1258 καὶ
1117 1206 1208 1259 τὸν
1236 1204 1425 1274 καιρὸν
1446 1203 1545 1274 τῆς
1565 1203 1890 1274 ἀπογραφῆς

319 1293 578 1362 μαθόντα,
607 1286 850 1357 ἀκριϐῶς
903 1289 1099 1342 εἰδέναι
1148 1289 1241 1342 τὸν
1281 1288 1622 1358 βουλόμενον.
1676 1289 1717 1340 Τ
1724 1287 1739 1339 ί
1796 1283 1890 1340 οὖν

318 1375 457 1444 πρὸς
487 1373 652 1442 ἡμᾶς,
677 1370 829 1441 φησὶ,
853 1371 1009 1424 τοῦτο
1042 1372 1167 1434 τοὺς
1191 1371 1289 1424 οὐκ
1318 1370 1477 1434 ὄντας
1505 1373 1621 1424 ἐκεῖ
1640 1369 1762 1423 οὔτε
1791 1387 1892 1422 παι

319 1455 746 1529 ραγενομένους;
796 1454 933 1505 Ἀλλ’
961 1454 1146 1516 ἄκουε,
1179 1455 1273 1508 καὶ
1305 1453 1378 1524 μὴ
1397 1455 1636 1518 ἀπίστει,
1672 1456 1753 1506 δτι
1789 1471 1892 1506 πα-

321 1542 391 1612 ρὰ
419 1539 526 1591 τῶν
564 1537 810 1607 ἀκριϐῶς
839 1537 1012 1590 ταῦτα
1051 1538 1285 1595 εἰδότων.
1314 1539 1408 1592 καὶ
1441 1538 1538 1610 τὴν
1564 1539 1720 1590 πόλιν
1755 1537 1895 1589 ἐκεί-

318 1640 418 1692 νην
439 1621 729 1674 οἰκούντων
756 1620 1167 1692 παρειλήφαμεν
1183 1621 1280 1693 τὴν
1310 1623 1540 1692 ἡμέραν.
1561 1623 1624 1673 Οἱ
1648 1621 1758 1688 γὰρ
1781 1621 1896 1670 ἐκεῖ

317 1703 705 1774 διατρίϐοντες,
757 1705 963 1758 ἄνωθεν
1015 1706 1108 1758 καὶ
1141 1707 1206 1758 ἐκ
1255 1705 1493 1766 παλαιᾶς
1547 1701 1897 1772 παραδόσεως

317 1789 488 1857 αὐτὴν
513 1788 902 1852 ἐπιτελοῦντες,
929 1789 1082 1842 αὐτοὶ
1108 1787 1202 1842 νῦν
1227 1789 1394 1856 αὐτῆς
1419 1789 1553 1856 ἡμῖν
1575 1786 1670 1855 τὴν
1698 1784 1896 1852 γνῶσιν

318 1869 708 1938 διεπέμψαντο.
759 1871 894 1923 Οὐδὲ
944 1871 1052 1940 γὰρ
1080 1873 1107 1923 6
1145 1869 1537 1938 εὐαγγελιστὴς
1577 1867 1763 1929 ἁπλῶς
1806 1868 1896 1919 τόν

320 1952 512 2022 καιρὸν
544 1954 925 2024 ἐπεσημήνατο
949 1951 1158 2015 τοῦτον,
1189 1951 1302 2004 ἀλλ’
1333 1950 1473 2003 ὥστε
1496 1950 1590 2003 καὶ
1630 1951 1728 2020 τὴν
1759 1949 1896 2017 ἡμέ-

326 2051 427 2104 ραν
459 2037 592 2104 ήμῖν
621 2035 784 2105 δήλην
817 2036 1039 2104 ποιῆσαι
1071 2034 1163 2087 καὶ
1193 2031 1489 2104 γνώριμον,
1524 2035 1618 2086 καὶ
1646 2031 1740 2085 τοῦ
1763 2031 1896 2084 Θεοῦ

320 2117 420 2188 τὴν
465 2118 776 2189 οἰκονομίαν
825 2117 1178 2182 ἐνδείξασθαι.
1213 2117 1287 2168 Οὐ
1344 2115 1453 2185 γὰρ
1511 2114 1742 2176 οἴκοθεν,
1779 2114 1898 2166 οὐδέ

322 2199 456 2270 παρ’
493 2200 688 2253 ἐαυτοῦ
718 2202 840 2253 τότε
884 2200 912 2251 6
953 2199 1262 2266 Αὔγουστος
1301 2199 1362 2251 16
1401 2198 1579 2268 δόγμα
1622 2196 1782 2250 τοῦτο
1815 2196 1900 2260 ἐξ·

323 2283 593 2352 ἐπεμψεν.
625 2281 764 2337 ἀλλά
796 2282 889 2336 τοῦ
919 2281 1053 2335 Θεοῦ
1083 2281 1359 2344 κινοῦντος
1389 2281 1554 2334 αὐτοῦ
1583 2280 1680 2351 τὴν
1703 2278 1900 2349 ψυχὴν,

322 2366 412 2416 ἴνα
437 2367 531 2418 καὶ
569 2366 718 2418 ἄκων
747 2365 1159 2435 ὑπηρετήσηται
1189 2366 1256 2433 τῇ
1291 2363 1386 2416 τοῦ
1418 2361 1756 2431 Μονογενοῦς
1771 2381 1908 2434 παρ-

327 2451 502 2520 ουσίᾳ.
563 2451 673 2504 Καὶ
730 2447 782 2501 τί
810 2447 970 2501 τοῦτο
1007 2446 1250 2500 συντελεῖ
1282 2446 1418 2516 πρὸς
1461 2446 1558 2514 τὴν
1594 2444 1903 2513 οἰκονομίαν

326 2529 548 2599 ταύτην,
582 2529 778 2600 φησίν;
819 2531 895 2583 οὐ
937 2530 1152 2600 μικρὸν,
1181 2528 1381 2582 οὐδὲτὸ
1413 2528 1596 2596 τυχὸν,
1629 2526 1902 2596 ἀγαπητὲ,

326 2611 572 2664 ἀλλὰκαὶ
603 2612 808 2682 σφόδρα
833 2612 995 2681 μέγα,
1026 2611 1246 2664 καὶτῶν
1272 2611 1584 2676 ἀναγκαίων
1617 2609 1710 2661 καὶ
1742 2625 1905 2660 σπου-

325 2693 640 2763 δαζομένων
669 2695 726 2747 ἐν
749 2695 798 2746 b.
832 2695 990 2746 Ποῖον
1025 2693 1089 2762 δὴ
1118 2692 1303 2757 τοῦτο;
1350 2692 1416 2743 ’Π
1453 2690 1710 2742 Γαλιλαία
1751 2689 1908 2760 χώρα

326 2776 410 2836 τίς
460 2778 606 2828 ἐστιν
647 2776 705 2828 ἐν
748 2775 1104 2845 Παλαιστίνῃ,
1145 2777 1177 2843 ἡ
1218 2774 1275 2826 δὲ
1312 2771 1565 2842 Ναζαρὲθ
1616 2771 1770 2834 πόλις
1805 2771 1908 2840 τῆς

329 2857 640 2921 Γαλιλαίας.
693 2859 861 2912 Πάλιν
911 2857 1062 2930 [557]
1105 2859 1138 2928 ή
1183 2857 1412 2910 Ἰουδαία
1453 2855 1605 2927 χώρα
1641 2857 1724 2920 τίς
1765 2857 1903 2918 ἐστι,

329 2941 482 3011 παρά
503 2941 611 2993 τῶν
644 2941 925 3011 ἐγχωρίων
964 2940 1107 2993 οῦτω
1146 2939 1473 3009 καλουμένη,
1514 2941 1547 3010 ή
1577 2939 1633 2992 δὲ
1665 2937 1908 3010 Βηθλεὲμ

330 3023 488 3086 πόλις
509 3023 607 3092 τῆς
629 3023 904 3084 Ἰουδαίας.
922 3023 1024 3076 Τὸν
1039 3022 1094 3076 δὲ
1120 3023 1353 3093 Χριστὸν
1381 3023 1430 3074 οἱ
1453 3022 1724 3093 προφῆται
1741 3019 1908 3092 προῦ-

330 3109 486 3174 λεγον
506 3107 764 3170 ἅπαντες,
793 3106 893 3160 οὐκ
911 3105 1017 3159 ἀπὸ
1033 3107 1124 3176 τῆς
1139 3103 1407 3175 Ναζαρὲθ,
1422 3103 1536 3156 ἀλλ’
1549 3101 1767 3173 ἀπὸτῆς
1779 3101 1916 3171 Βηθ-

330 3189 465 3260 λεὲμ
501 3191 670 3260 ἥξειν,
728 3189 820 3242 καὶ
847 3190 964 3242 ἐκεῖ
988 3188 1360 3258 τεχθήσεσθαι.
1393 3187 1547 3241 Οὕτω
1571 3188 1680 3258 γὰρ
1705 3189 1908 3257 714.7901-

331 3286 479 3322 πται·
510 3268 618 3323 Καὶ
647 3270 728 3323 σὺ
753 3270 1042 3339 Βηθλεὲμ,
1073 3270 1147 3339 γῆ
1186 3269 1390 3335 Ἰούδα,
1419 3269 1692 3337 οὐδαμῶς
1708 3271 1910 3337 ἐλαχί-

329 3367 447 3418 στη
462 3349 600 3406 εἶέν
619 3353 741 3420 τοῖς
759 3354 1051 3423 ἡγεμόσιν
1079 3353 1264 3407 Ἰούδα
1281 3371 1296 3386 ο
1309 3354 1377 3406 ἐκ
1401 3353 1518 3406 σοῦ
1542 3355 1653 3421 γὰρ
1671 3351 1910 3414 658.156-

333 3451 504 3488 σεται
539 3437 896 3505 ἡγούμενος,
932 3437 1102 3502 ὅστις
1146 3437 1423 3504 ποιμανεῖ
1461 3436 1567 3488 τὸν
1606 3437 1759 3490 λαόν
1791 3454 1908 3504 μου

333 3517 443 3569 τόν
471 3517 855 3584 Ἰσραήλ.Καὶ
876 3521 925 3571 οἱ
958 3519 1198 3571 Ἰουδαῖοι
1223 3520 1272 3570 οί
1290 3519 1409 3571 τότε
1440 3517 1588 3589 παρά
1615 3518 1708 3571 τοῦ
1738 3518 1911 3586 ’Πρώ-

333 3598 423 3651 δου
469 3599 833 3670 ἐρωτώμενοι,
893 3599 996 3652 ποῦ
1042 3601 1071 3651 6
1115 3599 1351 3668 Χριστὸς
1395 3602 1674 3667 γεννᾶται,
1709 3601 1914 3671 ταύτην

333 3677 488 3735 εἷπον
525 3682 676 3752 αὐτῷ
705 3685 806 3750 τὴν
843 3682 1173 3752 μαρτυρίαν.
1221 3681 1319 3734 Διά
1358 3682 1516 3734 τοῦτο
1547 3684 1641 3736 καὶ
1671 3683 1763 3735 τοῦ
1794 3685 1911 3736 Να-

335 3763 540 3835 θαναὴλ
574 3765 818 3828 εἰπόντος
859 3765 995 3835 πρὸς
1031 3765 1121 3816 τὸν
1149 3766 1435 3826 Φίλιππον,
1472 3765 1659 3835 ἐπειδὴ
1705 3767 1911 3828 ἐκεῖνος

333 3846 538 3913 ἔλεγεν,
573 3845 808 3912 Ἰησοῦν
830 3847 936 3899 τόν
959 3846 1078 3900 ἀπὸ
1106 3845 1400 3914 Ναζαρὲθε
1429 3847 1788 3916 εὑρήκαμεν,
1816 3849 1910 3901 Ἐκ

337 3925 598 3994 Ναζαρὲθ
627 3927 880 3982 δύναταί
913 3945 965 3981 τι
991 3927 1216 3995 ἀγαθὸν
1236 3924 1386 3982 εἶναι
1410 3947 1428 3994 ;
1458 3930 1487 3981 6
1514 3929 1747 3999 Χριστὸς
1785 3932 1912 3999 περὶ

335 4009 503 4062 αὐτοῦ
521 4027 714 4080 φησιν·
749 4010 862 4064 Ἴδε
889 4010 1128 4078 ἀληθῶς
1159 4011 1530 4079 Ἰσραηλίτης
1552 4012 1622 4064 ἐν
1652 4005 1700 4078 ᾦ
1733 4011 1913 4078 δόλος

336 4093 448 4145 οὐκ
479 4092 630 4148 ἐστι.
661 4093 771 4146 Καὶ
802 4093 970 4155 τίνος,
1003 4093 1186 4162 φησὶν,
1214 4095 1398 4146 ἕνεκεν
1428 4093 1590 4147 αὑτὸν
1611 4095 1872 4166 ἐπῄνεσεν
1897 4115 1910 4160 ;

352 4173 573 4244 Ἐπειδὴ
601 4175 664 4227 οὐ
689 4176 1016 4246 συνηρπάγη
1038 4179 1102 4246 τῇ
1130 4176 1473 4246 ἀπαγγελίᾳά
1506 4177 1600 4229 τοῦ
1626 4178 1912 4242 Φιλίππου,

340 4258 452 4310 ἀλλ’
467 4259 583 4330 ᾔδει
597 4258 782 4329 σαφῶς
806 4259 900 4313 καὶ
915 4261 1175 4331 ἀκριϐῶς,
1194 4262 1275 4314 ὃτι
1300 4261 1401 4314 οὐκ
1416 4264 1474 4315 ἐν
1492 4261 1765 4332 Ναζαρὲθ,
1793 4262 1918 4315 οὔτε

340 4342 398 4392 ἐν
426 4345 491 4412 τῇ
517 4341 774 4412 Γαλιλαίᾳ
803 4342 908 4396 ἔδει
940 4344 1032 4396 τὸν
1049 4343 1284 4414 Χριστὸν
1311 4344 1588 4414 τεχθῆναι,
1630 4344 1744 4397 ἀλλ’
1765 4347 1824 4398 ἐν
1851 4349 1915 4416 τῇ

353 4425 583 4494 Ἰουδαία
609 4426 704 4479 καὶ
728 4427 784 4477 ἐν
825 4427 892 4494 τῇ
946 4426 1220 4495 Βηθλεέμ·
1253 4427 1389 4496 ὅπερ
1421 4423 1513 4478 οὖν
1547 4428 1638 4478 καὶ
1682 4427 1912 4493 ἐγένετο.

341 4506 495 4560 Ἐπεὶ
507 4504 600 4561 οὖν
611 4509 639 4559 ὁ
653 4508 749 4577 μὲν
765 4507 1027 4570 Φίλιππος
1039 4508 1196 4560 τοῦτο
1207 4508 1470 4576 ἠγνόησεν
1500 4511 1528 4560 6
1539 4509 1592 4560 δὲ
1606 4509 1912 4579 Ναθαναὴλ,

343 4590 438 4643 ἆτε
473 4591 785 4661 νομομαθὴς
817 4589 913 4652 ὢν,
941 4590 1272 4660 ἀπεκρίνατο
1302 4591 1370 4642 τά
1416 4591 1556 4643 κατὰ
1585 4591 1682 4662 τὴν
1713 4592 1918 4645 ἀνωθεν

344 4673 679 4744 προφητείαν
704 4673 984 4744 εἰρημένα,
997 4671 1170 4736 εἰδὼς,
1197 4673 1278 4725 ὅτι
1293 4673 1391 4725 οὐκ
1409 4673 1472 4725 ἐκ
1490 4671 1741 4743 Ναζαρὲθ
1759 4674 1875 4743 ἥξει.
1891 4676 1919 4725 6

345 4757 611 4826 Χριστός·
666 4755 754 4809 διὰ
813 4755 971 4809 τοῦτο
1022 4757 1116 4808 καὶ
1171 4757 1200 4808 6
1233 4755 1484 4827 Χριστὸς,
1521 4755 1632 4809 Ἴδε
1683 4756 1921 4824 ἀληθῶς

360 4840 749 4906 Ἰσραηλίτης,
773 4839 956 4910 φησὶν,
982 4830 1112 4903 ἐνῷ
1128 4836 1310 4904 δόλος
1333 4840 1444 4892 οὐκ
1474 4838 1624 4892 ἐστι.
1645 4839 1743 4893 Διά
1767 4841 1924 4893 τοῦτο

347 4921 441 4973 καί
475 4939 620 4982 τινες
643 4924 750 4976 τῶν
783 4923 1046 4976 Ἰουδαίων
1068 4922 1249 4989 ἔλεγον
1292 4922 1430 4992 πρὸς
1453 4923 1542 4975 16v
1586 4924 1918 4995 Νικόδημον·

361 5005 746 5070 Ἐρεύνησον,
782 5009 880 5061 καὶ
912 5007 1019 5069 ιδε,
1052 5007 1138 5060 ὅτι
1162 5005 1470 5073 προφήτης
1501 5008 1568 5059 ἐκ
1604 5007 1715 5074 τῆς
1749 5011 1927 5064 Γαλι-

349 5087 528 5150 λαίας
548 5089 658 5140 οὐκ
695 5089 1022 5158 ἐγήγερται.
1048 5088 1155 5142 Καὶ
1183 5087 1342 5140 πάλιν
1365 5088 1598 5156 ἀλλαχοῦ
1615 5104 1627 5116 °
1661 5092 1781 5144 οὐκ
1809 5091 1927 5145 ἀπὸ

355 5168 620 5236 Βηθλεέμ
675 5170 786 5236 τῆς
848 5173 1064 5241 κώμης,
1111 5171 1262 5224 ὅπου
1292 5166 1370 5238 ἦν
1386 5170 1586 5233 Δαυῒδ,
1617 5175 1650 5225 ό
1677 5175 1927 5240 Χριστὸς

353 5249 604 5318 ἔρχεται.
629 5252 737 5304 Καὶ
761 5255 910 5325 κοινὴ
927 5257 1139 5309 πάντων
1163 5254 1332 5324 ψῆφος
1350 5248 1440 5322 ἦν,
1463 5253 1544 5305 ὅτι
1560 5254 1775 5318 πάντως
1791 5258 1929 5308 ἐκεῖ·

356 5332 446 5385 θεν
478 5333 638 5384 αὑτὸν
665 5333 743 5386 δεῖ
766 5337 1188 5407 παραγενέσθαι,
1211 5337 1312 5389 οὐκ
1355 5335 1462 5388 ἀπὸ
1503 5335 1600 5405 τῆς
1624 5337 1926 5401 Γαλιλαίας.

419 5453 444 5480 ⁸
464 5451 771 5514 βεειὶεειξῐὶε
791 5455 1138 5503 emendatione
1165 5449 1629 5514 temporummbide
1644 5450 1803 5514 Natali
1833 5453 1930 5502 D0-

358 5511 495 5568 mini.
513 5511 774 5579 legépdum
787 5516 1145 5571 conlenditroE;
1161 5511 1381 5579 ἀρχείοις,
1405 5511 1929 5579 arehivis.A1pra=.19r-

356 5588 502 5636 quam
515 5569 645 5638 qlioq
662 5574 925 5622 rectamant
950 5569 1377 5638 11155.0111n'e's',11011
1403 5575 1544 5624 video
1563 5585 1663 5638 qu_q
1686 5569 1827 5638 picto
1847 5576 1930 5638 ἀρ-

359 5635 504 5713 χείοις
522 5635 775 5713 quadrat-eL
787 5641 956 5713 ροεεςι
976 5636 1037 5684 ad
1057 5650 1224 5713 vecem
1258 5635 1549 5713 Seque111em
1572 5635 1784 5713 ξῴὃιξιψ
1823 5635 1930 5683 na'm

361 5696 568 5761 ἆρχείοις
592 5704 669 5745 est
691 5696 1120 5761 subslan_livumre1
1154 5699 1232 5747 hic
1254 5696 1523 5760 redui'ritur
1554 5696 1868 5761 edjeclivum.

424 5757 453 5802 δ
480 5761 588 5810 Duo
610 5771 723 5807 mss.
755 5758 1165 5820 σπουδαζομένων,
1187 5763 1264 5807 καὶ
1283 5757 1609 5819 πνευματικῶν
1635 5757 1698 5804 ἓν.

427 5823 450 5851 ⁸
476 5822 582 5871 Duo
599 5834 697 5869 mss
727 5821 863 5881 εὓρηγ
871 5820 982 5866 έναι.

423 5881 450 5920 δ
480 5883 576 5931 Alii
598 5889 654 5946 τῇ
679 5882 886 5943 ἀγγελία.

1265 511 1329 564 IN
1378 509 1538 563 DIEM
1579 509 1904 564 NA'I'AIJiM
1949 511 2006 562 ι).
2045 508 2108 561 Ν.
2150 506 2311 561 JESlZ
2357 508 2650 564 CHRISTI.

3463 513 3567 567 356

2085 621 2237 673 Ἐπεὶ
2275 618 2365 676 οὖν
2393 625 2420 674 ὁ
2466 622 2658 692 Ἰωσὴφ
2690 625 2782 676 καὶ
2803 626 2836 694 ἡ
2870 625 3056 695 Μαρία
3094 623 3193 693 τῆς
3223 623 3464 694 Βηθλεέμ
3482 626 3571 681 6v-

1999 721 2088 768 τες
2125 705 2355 769 πολῖται,
2380 705 2594 774 ἐκείνην
2609 706 2858 774 ἀφέντες,
2887 709 2944 760 ἐν
2969 711 3034 779 τῇ
3057 706 3311 777 Ναζαρὲθ
3335 706 3427 759 τὸν
3461 707 3572 776 βίον

2001 787 2178 840 αὐτῶν
2219 789 2640 857 κατεστήσαντο,
2668 787 2829 840 κάκεῖ
2855 789 3119 860 διέτριϐον
3160 785 3268 861 (οἶα
3309 789 3374 860 δὴ
3406 791 3574 843 πολλὰ

2006 871 2323 942 συμϐαίνειν
2345 869 2493 932 εἰκὸς
2517 870 2612 922 ἐπὶ
2635 869 2845 924 πολλῶν
2869 872 3189 942 ἀνθρώπιον,
3216 874 3317 933 τὰς
3351 873 3451 944 μὲν
3478 873 3575 924 πό-

2003 955 2134 1020 λεις,
2171 956 2292 1008 ὅθεν
2319 954 2588 1021 ἐγένοντο,
2614 955 3153 1025 καταλιμπανόντων,
3179 959 3235 1010 ἐν
3269 958 3457 1021 ἄλλαις
3493 957 3573 1020 δὲ,

2002 1041 2060 1091 ἐν
2083 1037 2168 1102 αἷς
2207 1039 2308 1092 οὐκ
2339 1038 2582 1108 ἐφύησαν
2610 1039 2759 1110 παρά
2785 1038 2884 1110 τὴν
2919 1039 3112 1110 ἀρχὴν,
3143 1040 3571 1110 διατριϐόντων),

2001 1121 2108 1174 ἔδει
2130 1122 2187 1173 δὲ
2217 1120 2309 1174 τὸν
2339 1121 2571 1191 Χριστὸν
2601 1124 2659 1174 ἐν
2693 1122 2942 1194 Βηθλεέμ
2967 1123 3223 1194 τεχθῆναι
3246 1141 3259 1154 '
3283 1124 3472 1195 ἐξῆλθε
3513 1125 3575 1176 τὸ

1999 1205 2196 1273 δόγμα,
2229 1203 2324 1255 καὶ
2369 1203 2601 1266 ἄκοντας
2631 1204 2827 1266 αὐτοὺς
2859 1205 3132 1260 συνωθοῦν
3178 1205 3258 1268 είς
3290 1206 3386 1274 τὴν
3421 1206 3576 1258 πόλιν

2000 1287 2234 1356 ἐκείνην,
2268 1285 2362 1339 τοῦ
2385 1285 2520 1339 Θεοῦ
2545 1285 2716 1352 οὕτως
2743 1287 3167 1358 οίκονομοῦντος.
3205 1288 3264 1342 Ὀ
3289 1287 3395 1357 γὰρ
3415 1289 3579 1357 νόμος

2001 1373 2030 1421 ὁ
2064 1370 2300 1422 κελεύων
2325 1370 2553 1422 ἕκαστον
2581 1371 2662 1433 είς
2685 1368 2784 1440 τὴν
2813 1368 2947 1423 ἰδίαν
2973 1370 3393 1441 ἀπογράψασθαι
3416 1381 3439 1408 θ
3474 1386 3578 1422 πα·-

2001 1455 2178 1523 τρίδα,
2225 1454 2533 1522 ἠνάγκαζεν
2591 1453 2800 1506 ἐκεῖθεν
2844 1453 3044 1517 αὐτοὺς
3088 1453 3427 1517 ἀνίστασθαι,
3472 1453 3579 1505 ἀπὸ

2003 1540 2100 1604 τῆς
2130 1535 2380 1604 Ναζαρὲθ
2433 1535 2596 1602 λέγω,
2634 1537 2725 1588 καὶ
2770 1535 3025 1606 ἔρχεσθαι
3055 1537 3136 1598 εἰς
3170 1535 3269 1605 τὴν
3309 1535 3576 1604 Βηθλεέμ,

2006 1616 2147 1669 ὥστε
2177 1617 2612 1686 ἀπογράφεσθαι.
2643 1619 2815 1670 Τοῦτο
2861 1618 2992 1685 γοῦν
3041 1619 3173 1671 αὐτὸ
3211 1616 3580 1685 αἰνιττόμενος

2005 1700 2099 1752 καὶ
2130 1701 2159 1752 ό
2184 1699 2598 1769 εὐαγγελιστὴς,
2642 1701 2854 1768 ἔλεγεν·
2903 1701 3100 1769 Ἀνέϐη
3152 1701 3222 1754 δὲ
3253 1699 3354 1755 καί
3398 1704 3431 1754 ὁ
3471 1700 3580 1752 Ἰω-

2007 1783 2135 1851 σὴφ
2165 1783 2281 1836 ἀπὸ
2311 1780 2420 1848 τῆς
2447 1784 2794 1849 Γαλιλαίας,
2820 1785 2888 1837 ἐκ
2929 1787 3156 1851 πόλεως
3187 1782 3468 1853 Ναζαρὲθ,
3494 1785 3583 1849 είς

2008 1866 2123 1932 τὴν
2173 1865 2480 1928 Ἰουδαίαν,
2519 1869 2607 1930 εἰς
2664 1867 2847 1929 πόλιν
2893 1867 3090 1930 Δαυῒδ,
3142 1868 3274 1935 ἣτις
3315 1867 3583 1921 καλεῖται

2010 1948 2298 2017 Βηθλεέμ,
2320 1948 2416 2001 διὰ
2437 1947 2504 2001 τὸ
2525 1945 2675 2001 εἶναι
2705 1949 2893 2003 αὐτόν
2921 1950 2990 2014 ἐξ
3019 1952 3188 2003 οῑκου
3216 1949 3311 2003 καὶ
3337 1948 3587 2018 πατριᾶς

2011 2030 2210 2094 Δαυῒδ,
2238 2030 2688 2099 ἀπογράφεσθαι
2712 2031 2835 2086 σὺν
2856 2032 3092 2102 Μαριὰμ
3119 2031 3193 2100 τῇ
3214 2047 3586 2101 μεμνηστευ-

2005 2112 2159 2179 μένῃ
2197 2109 2356 2175 αὐτῷ
2395 2114 2630 2181 γυναικὶ
2661 2116 2820 2182 οἰιση
2857 2116 3068 2184 ἐγκύῳ.
3102 2109 3212 2168 Κάι
3246 2113 3480 2184 ἐγένετο
3517 2115 3586 2167 ἐν

2011 2191 2091 2257 τῷ
2121 2189 2273 2247 εἶναι
2309 2193 2529 2257 αὐτοὺς
2554 2193 2694 2258 ἐκεῖ,
2728 2197 3129 2264 ἐπλήσθησαν
3153 2201 3212 2251 αἱ
3239 2196 3450 2266 ἡμέραι
3479 2198 3585 2250 τοῦ

2012 2275 2205 2328 τεκεῖν
2221 2275 2436 2342 αὐτὴν,
2470 2275 2568 2326 καὶ
2606 2275 2771 2330 ἔτεκε
2789 2278 2894 2330 τὸν
2925 2278 3058 2332 υιόν
3089 2276 3280 2346 αὐτῆς
3308 2278 3416 2331 τὸν
3436 2294 3589 2346 πρω-

2010 2361 2277 2413 τότοκον.

2079 2451 2149 2512 γ’.
2191 2439 2362 2508 Εἶδες,
2387 2445 2658 2514 ἁγαπητέ,
2687 2445 2995 2515 οἰκονομίαν
3022 2443 3178 2506 Θεοῦ,
3219 2444 3312 2496 καὶ
3341 2443 3428 2496 διὰ
3481 2443 3590 2494 τῶν

2011 2529 2254 2580 ἀπίστων
2279 2529 2373 2580 καὶ
2404 2529 2510 2580 τῶν
2541 2529 2748 2581 πιστῶν
2783 2529 2849 2580 τά
2879 2527 2996 2580 καθ’
3028 2527 3216 2580 ἐαυτὸν
3242 2526 3588 2596 οἰκονομοῦν-

2011 2628 2123 2675 τος,
2153 2613 2240 2663 ἵνα
2265 2611 2510 2680 μάθωσιν
2533 2613 2582 2664 oi
2599 2611 2869 2681 ἀλλότριοι
2893 2611 2991 2679 τῆς
3011 2610 3290 2674 εὐσεϐείας
3317 2610 3414 2680 τὴν
3435 2610 3590 2679 ἰσχὺν

2015 2695 2110 2746 καὶ
2151 2694 2251 2765 τὴν
2300 2694 2528 2764 δύναμιν
2560 2695 2747 2748 αὑτοῦ.
2786 2695 2898 2747 Καὶ
2927 2694 2956 2746 6
2989 2693 3088 2764 μὲν
3118 2693 3294 2763 ἀστὴρ
3333 2693 3458 2755 τοὺς
3491 2691 3592 2761 μά-

2014 2795 2145 2845 γους
2168 2779 2376 2847 ἤγαγεν
2403 2775 2511 2830 ἀπὸ
2556 2778 2655 2846 τῆς
2685 2776 2970 2848 ἀνατολῆς,
2995 2778 3023 2829 6
3051 2776 3108 2830 δὲ
3126 2776 3287 2846 νόμος
3311 2774 3460 2847 [358]
3495 2774 3592 2846 τὴν

2015 2861 2248 2931 Μαριὰμ
2271 2854 2452 2913 εἷλκεν
2481 2861 2572 2912 ἐπὶ
2601 2859 2699 2930 τὴν
2729 2858 2962 2931 πατρίδα
2986 2858 3084 2929 τὴν
3119 2858 3222 2911 ὑπὸ
3245 2857 3353 2912 τῶν
3379 2875 3593 2928 προφη-

2013 2943 2123 2996 τῶν
2151 2945 2470 3013 εἰρημένην.
2519 2937 2798 2995 Ἐντεῦθεν
2837 2944 2966 3012 ήμῖν
2993 2941 3151 3012 δῆλόν
3181 2943 3348 3002 ἐστιν,
3386 2943 3466 2994 ὅτι
3498 2943 3594 2994 καὶ

2013 3027 2047 3095 ή
2082 3025 2354 3094 Παρθένος
2384 3027 2449 3077 ἐκ
2473 3026 2661 3092 γένους
2691 3024 2806 3078 ἐστὶ
2828 3023 3108 3078 Δαυῖδικοῦ
3129 3042 3142 3054 ·
3177 3024 3364 3094 ἐπειδὴ
3394 3024 3501 3094 γὰρ
3529 3025 3592 3075 ἐκ

2013 3107 2112 3176 τῆς
2144 3105 2391 3175 Βηθλεὲμ
2410 3101 2499 3174 ἦν,
2531 3105 2752 3174 εῦδηλον
2779 3105 2968 3159 ὃτικαὶ
2995 3107 3059 3159 ἐκ
3089 3105 3183 3160 τοῦ
3211 3107 3359 3159 οἴκου
3387 3107 3480 3158 καὶ
3494 3106 3593 3174 τῆς

2017 3191 2251 3259 πατριᾶς
2279 3183 2347 3258 ἦν
2377 3188 2470 3240 τοῦ
2505 3188 2686 3241 Δαυῖδ.
2719 3188 2888 3241 Τοῦτο
2912 3187 3005 3242 καὶ
3032 3188 3288 3258 ἀνωτέρω
3330 3188 3594 3259 ἐδήλωσεν

2015 3273 2044 3323 6
2077 3273 2490 3342 εὐαγγελιοτὴς,
2524 3274 2581 3324 ἐν
2621 3266 2702 3333 οἷς
2731 3271 2917 3338 ἔλεγεν
2939 3289 2952 3302 °
3000 3271 3196 3338 Ἀνέϐη
3239 3271 3308 3323 δὲ
3345 3272 3438 3323 καὶ
3487 3271 3594 3323 Ἰω-

2016 3355 2145 3422 σὴφ
2166 3354 2285 3407 ἀπὸ
2315 3355 2426 3418 τῆς
2448 3354 2778 3418 Γαλιλαίας
2805 3354 2928 3406 σὺν
2950 3355 3203 3422 Μαριὰμ,
3228 3353 3326 3406 διὰ
3355 3352 3419 3405 τὸ
3440 3349 3592 3406 εἶναι

2016 3435 2204 3489 αὑτὸν
2239 3435 2308 3499 ἐξ
2341 3437 2515 3489 οἴκου
2547 3436 2644 3489 καί
2685 3435 2936 3504 πατριᾶς
2974 3435 3174 3488 Δαυΐδ.
3228 3435 3446 3505 Ἐπειδὴ
3481 3434 3590 3504 γάρ

2017 3525 2046 3576 6
2071 3524 2168 3593 μὲν
2205 3523 2402 3592 Ἰωσὴφ
2435 3523 2850 3595 ἐγενεαλογήθη,
2881 3525 3006 3586 106;
3047 3524 3102 3576 δὲ
3152 3523 3352 3592 ταύτης
3394 3522 3594 3593 προγό-

2018 3622 2143 3669 νους
2166 3605 2342 3668 οὐδεὶς
2368 3607 2498 3676 ἡμῖν
2529 3605 2834 3676 ἠρίθμησεν
2864 3603 3057 3668 οὕτως,
3090 3605 3164 3667 ώς
3195 3605 3318 3664 τοὺς
3343 3603 3551 3656 ἐκείνου
3574 3619 3588 3632 ·

2021 3687 2107 3739 ἵνα
2143 3689 2216 3757 μὴ
2249 3688 2594 3757 ἀμφιϐάλλῃς
2629 3688 2723 3740 καὶ
2770 3688 2954 3758 λέγῃς,
2984 3686 3156 3740 Πόθεν
3184 3683 3276 3740 οῦν
3307 3686 3487 3756 δῆλον,
3513 3687 3596 3738 ὅτι

2018 3772 2084 3822 ἐκ
2107 3769 2200 3822 τοῦ
2231 3769 2392 3821 Δαυΐδ
2421 3772 2537 3821 ἐστι
2583 3769 2676 3822 καὶ
2707 3770 2874 3838 αὐτής
2899 3770 3134 3823 ἄκουσον
3157 3785 3170 3798 ·
3215 3771 3311 3823 Ἐν
3350 3767 3430 3833 τῷ
3449 3769 3596 3837 μηνί

2019 3851 2099 3916 τῷ
2116 3851 2266 3917 ἕκτῳ
2293 3851 2607 3918 ἀπεστάλη
2650 3855 2682 3904 ό
2716 3850 2970 3919 ἅγγελος
3007 3850 3276 3918 Γαϐριὴλ
3331 3850 3451 3904 ὑπὸ
3489 3850 3597 3903 τοῦ

2023 3933 2172 3988 Θεοῦ
2201 3936 2289 3998 εἰς
2314 3935 2494 3986 πόλιν
2516 3933 2627 4001 τῆς
2655 3933 3009 3998 Γαλιλαίας,
3032 3927 3074 4003 ᾗ
3106 3933 3292 4001 ὄνομα
3312 3931 3595 4000 Ναζὶπρὲθ,

2022 4016 2170 4083 πρὸς
2199 4033 2264 4068 π(
2278 4017 2498 4085 ροέιὈν
2534 4015 3074 4086 μεμνηστευμένην
3112 4015 3306 4083 ἀνδρὶ,
3341 4009 3390 4081 ᾧ
3413 4015 3601 4084 ὄνομα

2022 4100 2259 4168 Ἰωσὴφ.
2295 4099 2364 4162 ἐξ
2396 4100 2566 4153 οἴκου
2606 4099 2785 4153 Δαυΐδ
2817 4099 2858 4150 ί.
2913 4098 3006 4163 T6,
3067 4099 3136 4163 ἐξ
3174 4099 3346 4152 οἵκου
3388 4088 3599 4160 Δαύῒδ,

2027 4183 2155 4252 περὶ
2185 4183 2286 4253 τῆς
2329 4181 2606 4252 Παρθένου
2651 4181 2989 4249 ὑποληπτέον
3022 4181 3305 4250 εἰρῆσθαι·
3328 4182 3466 4252 ὅπερ
3507 4177 3600 4233 οὖν

2030 4265 2126 4316 καὶ
2155 4263 2388 4316 ἐνταῦθα
2431 4262 2741 4332 δεδήλωται.
2777 4262 2874 4313 Διά
2895 4261 3050 4314 τοῦτο
3075 4263 3166 4314 καὶ
3191 4263 3251 4314 16
3273 4263 3599 4332 πρόσταγμα

2033 4346 2126 4400 καλ⁵
2154 4347 2183 4398 6
2212 4346 2374 4414 νόμος
2413 4339 2566 4408 οὗτος
2618 4345 2827 4412 ἐφοίτα,
2871 4345 3086 4411 ἀνάγων
3112 4345 3204 4396 ἐπὶ
3231 4344 3329 4415 τὴν
3353 4343 3601 4414 Βηθλεέμ

2031 4429 2224 4491 αὐτούς
2245 4444 2258 4458 °
2290 4427 2425 4498 ὁμοῦ
2461 4445 2520 4480 τε
2549 4427 2660 4497 γὰρ
2689 4430 2786 4498 τῆς
2819 4427 3023 4490 πόλεως
3055 4426 3348 4496 ἐπέἢσαν,
3373 4428 3468 4479 καὶ
3498 4427 3604 4496 Ἰηο

2035 4513 2161 4576 σοῦς
2193 4512 2394 4576 εὐθέως
2427 4511 2690 4565 ἐτίκτετο.
2727 4513 2818 4566 Διὸ
2831 4511 2926 4566 καὶ
2947 4511 3004 4564 ἐν
3036 4511 3214 4584 φάτνῃ
3233 4510 3601 4570 κατεκλίνετο,

2034 4595 2245 4648 πολλῶν
2284 4594 2623 4664 πανταχόθεν
2642 4595 2766 4647 τότε
2803 4593 3224 4664 συντρεχόντων,
3262 4591 3359 4646 καὶ
3382 4594 3506 4655 τοὺς
3526 4594 3606 4645 τό·

2031 4696 2165 4742 πους
2210 4675 2865 4750 προκαταλαμϐανόντων,
2927 4677 3021 4729 καὶ
3069 4673 3269 4744 πολλὴν
3309 4674 3604 4727 ποιούντων

2031 4761 2128 4832 τὴν
2158 4759 2547 4830 στενοχωρίαν·
2572 4758 2696 4810 ὅθεν
2719 4759 2836 4810 ἐκεῖ
2862 4757 3019 4811 αὐτὸν
3052 4756 3148 4808 καὶ
3173 4757 3221 4808 οί
3251 4755 3416 4825 μάγοι
3441 4771 3602 4824 προσ-

2034 4845 2325 4915 εκύνησαν.
2371 4843 2488 4894 Ἵνα
2533 4841 2589 4892 δὲ
2642 4839 2979 4908 σαφεστέραν
3040 4838 3135 4891 καὶ
3176 4835 3603 4907 γνωριμωτέραν

2037 4931 2168 4999 ὑμῖν
2197 4923 2470 4987 ἀπόδειξιν
2498 4921 2886 4990 παράσχωμαι,
2912 4918 3234 4988 διαναστητέ
3277 4935 3391 4989 μοι,
3423 4935 3601 4988 παρα-

2037 5010 2208 5072 καλῶ,
2264 5007 2386 5060 νῦν·
2437 5005 2530 5057 καὶ
2570 5003 2679 5072 γὰρ
2736 5001 2951 5072 μακρὰν
2993 5002 3234 5072 ἱστορίαν
3277 4999 3604 5069 ἀνακινῆσαι

2039 5092 2295 5161 βούλομαι
2319 5129 2334 5152 ,
2374 5087 2469 5140 καὶ
2521 5085 2782 5146 παλαιοὺς
2840 5083 3148 5151 ἀναγνῶναι
3191 5082 3419 5151 νόμους,
3463 5081 3602 5134 ὥστε

2036 5173 2296 5228 πάντοθεν
2324 5171 2452 5240 ὑμῖν
2485 5169 2738 5237 γενέσθαι
2773 5167 2864 5221 τὸν
2890 5167 3044 5234 λόγον
3079 5165 3426 5235 σαφέστερον.

2107 5256 2287 5326 Νόμος
2319 5249 2387 5324 ἦν
2417 5253 2647 5317 παλαιὸς
2670 5255 2782 5315 τοῖς
2822 5250 3092 5312 Ἰουδαίοις
3114 5267 3126 5278 ·
3164 5247 3360 5318 μᾶλλον
3385 5246 3443 5299 δὲ
3467 5247 3606 5299 ἀνω-

2036 5339 2178 5410 τέρω
2207 5337 2297 5389 τὸν
2345 5337 2500 5404 λόγον
2551 5336 2868 5404 ἀγάγωμεν·
2909 5334 3035 5384 Ὅτε
3079 5329 3187 5383 τῶν
3222 5328 3604 5395 Αἰγυπτιακῶν

2038 5419 2280 5491 θορύϐων
2327 5421 2421 5473 καὶ
2459 5421 2558 5490 τῆς
2610 5418 2702 5471 τοῦ
2737 5418 3010 5489 ϐαρϐάρου
3037 5413 3348 5484 τυραννίδος
3379 5413 3471 5467 16v
3498 5413 3606 5464 τῶν

2050 5503 2315 5574 Ἐϐραίων
2373 5503 2545 5571 δῆμον
2589 5499 2896 5569 ἀπήλλαξεν
2945 5501 2974 5552 6
3017 5497 3184 5558 Θεὸς,
3224 5497 3366 5569 ὁρῶν
3414 5496 3606 5558 αὐτοὺς

2039 5587 2118 5638 ἔτι
2160 5585 2386 5654 λείψανα
2430 5585 2678 5646 ἀσεϐείας
2724 5583 2944 5652 ἔχοντας
2980 5580 3073 5633 καὶ
3129 5581 3258 5650 περ)⁵
3283 5579 3352 5632 τα
3377 5578 3612 5648 αἰσθητά

2039 5672 2430 5740 ἐπτοημένους,
2459 5669 2551 5720 καὶ
2583 5665 2785 5738 μεγέθη
2819 5665 2912 5720 καὶ
2947 5664 3116 5737 κάλλη
3142 5664 3286 5718 ναῶν
3309 5659 3612 5735 θαυμάζον-

2103 5817 2136 5878 '_
2153 5816 2248 5878 Αιξὶ
2267 5815 2635 5878 ἀπογράφεσθαι,
2660 5818 2714 5860 e1
2742 5813 2815 5860 sic
2836 5811 2977 5878 infla.

2117 5873 2136 5912 ί
2165 5876 2262 5926 Alii
2287 5878 2333 5933 ἐξ
2353 5873 2488 5926 οἶκον
2510 5879 2587 5926 καὶ
2605 5879 2801 5938 πατριᾶς
2822 5875 2984 5921 Δαυίδ.
