4406 6694
300 488 411 543 855

296 600 549 654 dentibus
577 599 641 653 ad
685 600 939 655 insaniam
972 609 1139 663 usque
1166 591 1425 651 addictos.
1462 594 1881 662 templorumque

295 691 675 762 magnitudinis
724 708 787 747 ac
852 683 1263 759 pulchritudinis
1316 682 1664 737 admiratione
1710 682 1830 735 duci
1861 718 1877 743 ,

295 783 555 852 templum
602 783 728 853 ipsis
771 775 1021 836 aadilicari
1066 773 1336 843 prmcipit,
1381 772 1522 844 quod
1568 787 1672 826 non
1722 767 1880 822 modo

289 874 535 928 materia:
578 869 964 943 magniﬁcentia
1014 877 1172 933 atque
1214 865 1342 918 artis
1386 864 1657 926 varietate,
1706 858 1797 912 sed
1827 866 1881 911 et

287 974 576 1020 structura:
602 965 792 1025 forma,
810 966 1001 1014 caetera
1030 958 1227 1022 omnia,
1254 972 1369 1024 qum
1397 954 1592 1021 ubique
1617 960 1876 1005 terrarum

285 1065 445 1110 erant
491 1054 707 1124 templa,
754 1050 1083 1103 obscuraret.
1127 1047 1195 1102 Et
1234 1042 1677 1117 quemadmodum
1730 1050 1878 1110 pater

285 1147 580 1202 liberorum
607 1157 794 1198 amans
821 1139 982 1193 lilium
1014 1138 1325 1209 proﬂigatis,
1354 1134 1686 1207 perniciosis,
1719 1133 1873 1187 lasci-

286 1238 374 1293 vis
418 1235 723 1292 hominibus
752 1246 927 1296 usum,
973 1232 1242 1301 nimioque
1271 1229 1397 1282 luxu
1440 1226 1774 1291 dissolutum,
1808 1224 1873 1277 ad

284 1345 354 1385 se
398 1330 555 1398 longo
584 1323 838 1392 temporis
876 1321 1157 1376 intervallo
1201 1317 1484 1388 recipiens,
1518 1324 1629 1372 tuto
1669 1323 1727 1371 et
1751 1329 1872 1370 cum

288 1420 551 1492 dignitate
578 1416 629 1470 in
653 1413 842 1484 majori
869 1428 1046 1467 rerum
1071 1410 1387 1465 abundantia
1408 1408 1699 1471 consuluit,
1724 1421 1794 1462 ne
1820 1406 1873 1459 in

286 1510 562 1582 angustias
604 1506 806 1575 aliquas
849 1504 1140 1573 eonjectus,
1189 1502 1423 1571 priorum
1466 1496 1870 1560 recordatione,

280 1612 447 1670 atque
471 1598 631 1652 etiam
676 1594 965 1664 cupiditate
991 1592 1307 1661 corripiatur
1337 1608 1351 1644 :
1381 1590 1450 1644 ita
1484 1589 1626 1643 Deus
1660 1585 1874 1641 Judaaos

280 1694 354 1747 ad
403 1704 492 1745 res
536 1688 762 1745 sensiles
805 1703 926 1742 cum
986 1695 1202 1754 stupore
1246 1694 1541 1756 propensos
1584 1678 1790 1741 videns,
1820 1675 1873 1727 in

280 1782 435 1837 hisce
464 1780 592 1850 ipsis
620 1779 780 1833 rebus
820 1777 1310 1846 praestantissimum
1348 1767 1546 1839 aliquid
1590 1765 1774 1827 elficit,
1806 1777 1875 1817 ne

281 1886 536 1940 umquam
568 1879 750 1938 postea
798 1867 1168 1939 Egyptiorum
1211 1874 1301 1919 aut
1348 1874 1534 1915 eorum
1568 1871 1687 1927 qua:
1734 1853 1874 1924 apud

282 1961 571 2031 Egyptios
626 1960 829 2029 experti
900 1958 1142 2022 fuerant,
1205 1952 1494 2022 cupiditate
1556 1954 1874 2016 caperentur

282 2053 503 2123 (Exod.
555 2050 665 2120 26)
700 2069 713 2104 :
746 2050 1106 2119 templumque
1156 2046 1285 2115 ipsis
1341 2040 1526 2095 statuit
1570 2038 1636 2093 ad
1688 2035 1873 2091 mundi

275 2142 572 2210 exemplar,
597 2140 863 2204 totiusque
885 2138 1137 2202 universi,
1185 2145 1291 2188 tam
1333 2131 1474 2200 quod
1502 2144 1685 2192 sensu,
1712 2142 1871 2198 quam

279 2234 427 2302 mind
453 2233 568 2287 solo
598 2231 865 2287 intellectu
904 2228 1105 2301 percipi
1149 2232 1343 2293 potest.
1374 2220 1520 2277 Sicut
1559 2219 1702 2274 enim
1731 2227 1872 2271 terra

273 2335 379 2386 est,
412 2331 466 2377 et
484 2323 691 2388 exulum,
721 2329 776 2375 et
817 2319 1071 2381 medium,
1099 2314 1380 2384 scpimenti
1425 2312 1610 2375 instar,
1654 2309 1758 2363 hoc
1783 2308 1873 2361 lir-

274 2423 610 2469 mamentum
645 2431 659 2466 :
690 2415 759 2466 ita
786 2422 839 2465 et
871 2409 999 2463 illud
1028 2421 1240 2476 quoque
1266 2405 1380 2459 licri
1416 2402 1597 2473 jussit.
1625 2401 1871 2469 Duasque

273 2508 333 2560 in
375 2514 553 2574 partes
581 2504 751 2556 diviso
794 2501 893 2555 hoc
923 2497 1144 2566 templo,
1189 2504 1244 2549 et
1286 2495 1351 2549 ad
1390 2493 1623 2548 medium
1651 2490 1870 2546 obtento

271 2596 418 2660 velo,
463 2608 580 2648 eam
613 2600 839 2660 partem,
872 2603 991 2656 qua:
1029 2595 1179 2640 extra
1227 2586 1399 2640 velum
1445 2591 1581 2647 erat,
1621 2580 1870 2636 omnibus

271 2681 606 2753 ingrediendi
637 2687 954 2749 potestatem
1006 2676 1130 2730 fecit
1162 2693 1175 2730 :
1206 2674 1271 2729 ad
1312 2675 1533 2729 alteram
1562 2684 1692 2726 vero
1721 2669 1867 2724 illam

273 2771 584 2826 interiorem
629 2767 866 2831 nemini,
916 2774 1267 2834 prmterquam
1309 2776 1520 2818 summo
1561 2758 1867 2827 sacerdoti,

269 2864 473 2917 aditum
503 2870 666 2930 atque
692 2860 936 2912 intuitum
963 2866 1143 2925 patere
1164 2854 1423 2924 permisit.
1441 2850 1706 2907 Cteterum
1726 2846 1869 2918 quod

272 2955 391 3009 ba'c
423 2967 529 3006 non
577 2959 759 3005 nostra
808 2948 1113 3017 conjectura
1158 2947 1246 3011 sit,
1289 2944 1387 3000 sed
1429 2941 1573 3013 quod
1611 2940 1869 3007 templum

270 3055 460 3097 revera
490 3038 652 3093 totius
681 3037 863 3091 mundi
892 3036 958 3090 ad
987 3034 1291 3102 exemplum
1329 3038 1657 3088 exstructum
1683 3028 1865 3092 fuerit,

272 3131 399 3184 audi
448 3128 573 3197 quid
628 3127 820 3181 Paulus
850 3125 918 3179 de
957 3124 1172 3178 Christo
1218 3123 1270 3175 in
1314 3123 1500 3176 caelum
1547 3117 1868 3174 ascendente

269 3223 496 3290 loquens
525 3218 666 3273 dicat
696 3236 709 3270 :
741 3217 860 3270 Non
881 3217 1011 3269 enim
1046 3217 1100 3268 in
1127 3216 1419 3284 manufacta
1439 3222 1618 3265 sancta
1646 3210 1869 3265 introivit

267 3313 519 3376 Christus,
539 3309 847 3376 exemplaria
873 3323 1099 3362 verorum
1125 3304 1309 3376 (Hebr.
1333 3305 1388 3359 9.
1403 3304 1496 3373 24)
1519 3321 1531 3358 :
1554 3302 1862 3369 ostendens,

274 3402 419 3473 quod
446 3417 566 3472 qua:
611 3400 750 3470 apud
783 3414 880 3454 nos
919 3407 1062 3461 sunt,
1110 3411 1358 3453 verorum
1387 3397 1493 3450 sint
1521 3394 1863 3464 exemplaria.

269 3495 426 3563 Quod
453 3510 610 3564 porro
635 3494 808 3548 velum
833 3492 1107 3548 dirimeret
1134 3498 1315 3544 sancta
1357 3496 1662 3543 sanctorum
1688 3501 1717 3539 a
1742 3500 1867 3540 san-

270 3587 378 3640 ctis
404 3595 554 3639 extra
580 3583 787 3655 positis,
820 3583 954 3636 sicut
986 3583 1087 3636 hoc
1110 3581 1299 3635 Caelum
1342 3593 1462 3648 quae
1489 3592 1649 3646 super
1677 3592 1734 3631 se
1763 3576 1862 3630 sita

268 3684 418 3740 sunt,
445 3674 515 3728 ab
538 3674 782 3729 omnibus
807 3688 924 3742 qua:
967 3670 1105 3739 apud
1136 3684 1233 3724 nos
1257 3678 1400 3735 sunt,
1430 3668 1681 3738 disjungit
1702 3684 1716 3721 :
1740 3666 1863 3722 audi

267 3763 540 3836 (promodo
579 3764 738 3817 etiam
769 3762 871 3817 hoc
898 3760 1331 3822 subindicaverit,
1378 3775 1500 3816 cum
1528 3759 1717 3813 cadum
1764 3773 1862 3812 ve-

269 3856 384 3909 lum
416 3853 673 3923 appellat.
701 3852 775 3905 De
803 3867 898 3920 spe
947 3864 1173 3919 namque
1217 3848 1475 3922 referens,
1505 3847 1647 3920 quod
1694 3848 1864 3917 ipsam

266 3948 410 4002 sicut
436 3946 721 3999 anchoram
762 3945 953 3998 anima:
999 3943 1287 3998 habeamus
1312 3953 1474 3997 unam
1501 3956 1565 3997 ac
1608 3941 1815 3995 firmam
1847 3982 1862 4007 ,

268 4036 465 4092 deinde
514 4035 785 4105 subjuugit
818 4053 832 4089 :
867 4034 929 4087 Et
967 4034 1276 4087 incedentem
1309 4049 1463 4102 usque
1508 4032 1575 4085 ad
1623 4032 1865 4086 interiora

269 4126 579 4190 salaminis;
627 4125 709 4178 ubi
757 4141 1041 4195 prwcursor
1078 4141 1169 4193 pro
1222 4124 1364 4178 nobis
1411 4123 1631 4177 introivit
1674 4122 1860 4187 Iesus,

271 4235 434 4289 supra
454 4218 635 4272 cwlum
650 4233 851 4271 sursum
877 4214 1061 4286 (Ilebr.
1081 4216 1133 4270 6.
1159 4215 1247 4269 l9.
1271 4214 1386 4284 ΞΟ).
1416 4213 1577 4268 Vides
1596 4210 1862 4281 quomodo

268 4312 461 4366 caelum
511 4309 759 4363 velamen
811 4306 1194 4377 appellaverit?
1245 4305 1406 4359 Extra
1452 4304 1625 4357 velum
1682 4311 1861 4357 autem

273 4412 394 4458 erat
420 4398 823 4464 candelabrum,
871 4406 925 4451 ct
970 4411 1175 4460 mensa,
1221 4404 1277 4449 et
1315 4394 1481 4449 altare
1527 4408 1745 4458 meum,
1793 4393 1862 4447 ad

270 4494 538 4550 sacrilicia
579 4500 633 4546 et
678 4491 1102 4544 holocautomata
1134 4485 1465 4555 excipienda.
1509 4486 1655 4541 Intra
1683 4486 1860 4540 velum

268 4601 400 4642 \ero
451 4598 573 4637 arca
621 4583 962 4636 circumteCIa
988 4593 1053 4633 ex
1101 4578 1243 4633 omni
1294 4586 1442 4647 parte
1469 4592 1624 4644 auro,
1656 4577 1863 4633 tabulas

269 4673 577 4732 testamenti
594 4673 816 4737 habens,
834 4678 888 4726 et
907 4684 1092 4724 urnam
1120 4684 1359 4733 auream,
1386 4677 1442 4723 ut
1457 4668 1656 4739 virgam
1682 4670 1860 4723 Aaron

267 4784 390 4837 qua:
418 4765 748 4829 fronduerat,
778 4772 831 4818 ct
856 4762 1022 4816 altare
1065 4775 1308 4826 aureum,
1340 4775 1445 4814 non
1492 4760 1621 4815 illud
1657 4760 1860 4815 sacriﬁ-

268 4862 478 4915 ciorum
526 4870 578 4911 et
609 4858 1058 4917 holocaustorum,
1091 4852 1184 4907 sed
1230 4854 1394 4908 solius
1438 4852 1748 4908 suflimenti.
1798 4853 1863 4908 Et

271 4967 370 5022 per
400 4965 462 5004 ea
509 4966 626 5020 quae
655 4960 804 5004 extra
832 4956 1003 5013 erant,
1029 4945 1279 5000 omnibus
1308 4946 1556 5002 incedere
1600 4947 1679 5002 fas
1704 4959 1858 5014 erat;

266 5059 366 5114 per
395 5056 459 5096 ea
507 5057 635 5095 vero
677 5059 795 5111 quae
844 5043 1006 5104 intus,
1058 5038 1158 5092 Soli
1209 5054 1421 5093 suuuno
1469 5040 1753 5094 sacerdoti.
1785 5040 1863 5097 De

267 5135 419 5187 hisce
449 5131 577 5199 ipsis
603 5147 786 5185 rursus
818 5130 1176 5187 testimonium
1204 5144 1268 5183 ex
1300 5129 1461 5184 Paulo
1487 5130 1645 5194 dabo,
1669 5133 1756 5201 qtti
1784 5132 1863 5188 sic

266 5224 343 5276 ait
375 5239 388 5275 :
425 5220 617 5273 Ilubuit
657 5222 859 5291 quidem
902 5224 1040 5290 prius
1070 5218 1443 5273 tabernaculum
1470 5222 1863 5289 justiﬁcationes

266 5313 503 5376 culturae,
551 5322 597 5365 et
635 5323 864 5366 sanctum
907 5314 1149 5368 maculare
1192 5310 1361 5381 (Hebr.
1401 5311 1455 5366 9.
1490 5312 1542 5381 i)
1579 5326 1858 5368 :sanctum

267 5405 527 5461 sreculare
557 5403 787 5471 appellat
810 5405 1043 5459 exterius
1067 5404 1459 5458 tabernaculum
1490 5420 1501 5455 :
1531 5406 1862 5477 quandoqui-

266 5498 393 5552 dem
424 5494 520 5551 toti
548 5492 746 5549 munda
785 5494 986 5564 ingredi
1030 5498 1223 5552 licebat
1253 5514 1265 5549 :
1297 5496 1349 5548 in
1375 5510 1471 5563 quo
1499 5497 1860 5553 candelabrm

272 5598 317 5644 et
349 5603 522 5641 mensa
548 5595 593 5639 et
625 5585 900 5655 propositio
930 5603 1138 5655 panum.
1171 5588 1293 5643 Post
1336 5587 1663 5641 velamentum
1694 5600 1859 5643 autent

267 5682 547 5735 secundant
560 5678 954 5743 tabernaculum,
972 5679 1106 5747 quod
1143 5682 1325 5736 dicitur
1345 5690 1515 5736 sancta
1535 5690 1819 5734 sanctarum
1841 5722 1857 5747 ,

267 5790 480 5825 mtrcum
501 5773 685 5828 habens
702 5769 1033 5837 thuribulum,
1053 5782 1098 5825 et
1118 5790 1288 5827 arcam
1305 5775 1581 5829 testamenti
1600 5774 1860 5829 circumte-

264 5877 399 5917 cuun
428 5880 491 5919 cx
517 5868 652 5921 omni
697 5877 835 5939 parte
879 5865 1114 5933 auro,in
1151 5881 1249 5934 qua
1296 5883 1425 5922 urna
1478 5882 1628 5922 aurea
1673 5865 1861 5925 habens

1258 478 1321 531 IN
1365 477 1522 531 DTEM
1563 476 1883 533 NATALF.“
1928 478 1986 531 Ι).
2030 477 2089 531 Ν.
2132 476 2293 531 ιεδυ
2333 476 2602 532 CHRISTI

3468 482 3571 540 356

1994 604 2200 648 manna,
2233 597 2279 641 et
2304 590 2441 658 uirga
2470 592 2635 643 Aaron
2660 607 2771 662 qua:
2793 592 3105 661 fronducrat,
3147 605 3193 649 et
3217 596 3397 651 tabula:
3424 612 3570 654 testu-

1989 678 2141 731 menti
2176 693 2195 731 :
2227 696 2380 750 super
2419 697 2532 734 eam
2560 693 2723 735 autem
2749 694 2890 737 erant
2932 686 3197 740 Cherubim
3237 689 3446 758 glorise,
3482 692 3571 743 ob-

1988 768 2272 823 umbrantia
2315 772 2742 841 propitiatorium.
2789 772 2886 826 IIis
2928 792 3041 829 vero
3067 778 3137 830 ita
3178 780 3488 848 compositis,
3519 782 3571 835 in

1988 860 2145 929 priori
2166 862 2366 930 quidem
2397 864 2722 917 tabernaculo
2750 880 2944 933 semper
2971 868 3239 923 introibant
3263 872 3569 931 sacerdotes.

1982 954 2345 1020 sacriﬁciorum
2386 956 2545 1023 oﬂicia
2586 966 2986 1011 consummantes
3004 975 3025 1023 ;
3064 959 3115 1012 in
3152 964 3369 1018 secundo
3403 974 3574 1017 autem

1982 1044 2134 1096 semel
2156 1044 2210 1096 in
2245 1059 2380 1097 anno
2406 1045 2540 1098 solus
2570 1048 2814 1115 pontifex,
2849 1065 2949 1102 non
2975 1050 3083 1102 sine
3119 1056 3380 1121 sanguine,
3422 1072 3571 1126 quem

1981 1133 2128 1199 offert
2149 1150 2242 1202 pro
2269 1151 2361 1187 sua
2384 1144 2433 1188 et
2446 1138 2621 1205 papuli
2647 1138 2930 1207 ignorantia
2956 1139 3141 1209 (Hebr.
3160 1142 3214 1197 9.
3236 1142 3379 1215 2-7).
3407 1146 3571 1201 Vides

1981 1222 2151 1277 solum
2182 1224 2381 1291 ingredi
2400 1240 2663 1279 summum
2686 1229 3041 1297 sacerdotem,
3062 1230 3220 1302 idque
3238 1234 3403 1289 semel
3424 1234 3570 1290 dum-

1982 1323 2122 1368 taxat
2154 1324 2262 1368 Ioto
2287 1316 2469 1370 anno?

2048 1406 2104 1459 4.
2132 1404 2328 1459 Verum
2357 1406 2483 1476 quid
2514 1405 2648 1472 haec,
2692 1410 2890 1479 inquis,
2941 1410 3004 1465 ad
3045 1427 3359 1482 prmsenlcm
3389 1418 3565 1473 diem?

1979 1494 2300 1565 Exspectate
2345 1496 2633 1566 paulisper,
2688 1514 2785 1554 nec
2835 1501 3225 1558 tumultuemini
3260 1522 3274 1558 :
3318 1522 3349 1561 a
3393 1509 3566 1577 capite

1978 1586 2119 1639 enim
2151 1586 2349 1640 fontem
2378 1584 2643 1655 ducimus,
2669 1599 2721 1645 et
2749 1590 2817 1646 ad
2846 1592 3019 1661 ipsum
3042 1594 3119 1648 rei
3147 1594 3415 1666 fastigium
3442 1613 3566 1667 per-

1978 1675 2163 1731 venire
2197 1676 2590 1743 contendimus,
2618 1690 2676 1734 ut
2724 1692 2916 1737 cuncta
2951 1685 3099 1740 nullo
3144 1691 3358 1757 negotio
3413 1692 3564 1746 vobis

1979 1772 2162 1834 aperta
2190 1772 2349 1834 atque
2377 1777 2654 1836 perspecta
2683 1769 2809 1824 sint.
2840 1772 3091 1837 Quinimo
3118 1792 3187 1832 ne
3208 1777 3407 1833 diutius
3438 1796 3558 1834 ver-

1978 1854 2165 1910 borum
2192 1857 2570 1925 integumentis
2606 1870 2785 1915 nostra
2816 1863 3161 1919 obumbretur
3196 1870 3387 1934 oratio,
3430 1887 3563 1927 neve

1977 1942 2297 2015 implicatior
2317 1947 2429 2011 liat,
2459 1950 2727 2020 nimiaque
2747 1966 2953 2020 eorum,
2988 1970 3107 2024 quae
3141 1957 3410 2023 dicuntur,
3443 1961 3560 2014 lon-

1976 2033 2214 2102 gitudine
2237 2036 2598 2107 defatigemini
2626 2056 2639 2091 :
2662 2040 2774 2110 jam
2792 2041 3051 2098 rationem
3079 2046 3228 2100 vobis
3270 2062 3556 2117 exponam,

1976 2138 2073 2177 cur
2095 2122 2210 2177 haec
2250 2126 2447 2191 omnia,
2496 2138 2599 2182 tam
2650 2131 2758 2185 alte
2811 2134 3053 2200 repetita,
3103 2138 3382 2191 moverint.
3427 2138 3557 2206 Qua:

1978 2228 2139 2282 porro
2160 2214 2317 2284 hujus
2342 2218 2418 2271 rei
2448 2219 2613 2272 ratio?
2638 2218 2768 2274 Cum
2797 2238 3005 2279 menses
3021 2226 3132 2293 jam
3175 2242 3271 2282 sex
3320 2231 3559 2285 Elizabet

1974 2303 2231 2361 Joannem
2259 2307 2311 2360 in
2342 2317 2495 2362 utero
2513 2319 2766 2379 gestaret,
2790 2320 2898 2365 tum
2912 2313 3075 2369 Maria
3098 2318 3363 2386 concepit.
3385 2318 3565 2387 Itaque

1974 2396 2019 2451 si
2045 2396 2335 2466 discamus,
2366 2398 2609 2469 quisnam
2637 2411 2819 2457 sextus
2845 2404 2935 2459 ille
2974 2406 3174 2461 mensis
3203 2406 3377 2474 fuerit,
3413 2421 3561 2464 certo

1973 2488 2130 2542 etiam
2158 2490 2415 2557 sciemus,
2447 2493 2660 2562 quando
2682 2496 2908 2565 cmperit
2932 2497 3093 2551 Maria
3120 2500 3419 2570 concipere.
3457 2504 3559 2558 De-

1974 2577 2097 2631 inde
2138 2593 2260 2632 cum
2316 2582 2756 2650 cognoverimus,
2812 2586 3079 2654 quodnam
3127 2597 3418 2658 conceptus
3474 2594 3556 2647 sui

1973 2667 2291 2737 principium
2313 2668 2577 2735 habuerit,
2603 2672 2783 2741 utique
2810 2673 3023 2743 quando
3054 2679 3317 2746 pepererit
3358 2694 3571 2751 cogno~

1973 2770 2205 2825 scemus,
2238 2773 2430 2815 novem
2461 2776 2672 2817 menses
2696 2777 2726 2816 a
2750 2765 3098 2835 conceptione
3126 2782 3487 2826 numerantes.

2040 2845 2325 2902 Zacharias
2351 2866 2449 2918 quo
2479 2860 2701 2921 tempore
2719 2854 2958 2923 angelum
2982 2856 3291 2927 alloquutus.
3310 2890 3381 2901 —
3407 2861 3561 2919 Unde

1973 2934 2152 3003 igitur,
2178 2939 2420 3007 quisnam
2443 2939 2534 2995 ille
2555 2951 2738 2996 sextus
2759 2944 2962 2999 mensis
2990 2946 3148 3002 fuerit
3179 2954 3553 3021 praegnationis

1972 3024 2230 3088 Elizabet,
2256 3028 2411 3083 nobis
2429 3032 2732 3086 constabit?
2762 3033 2895 3089 Hinc
2925 3036 3148 3104 scilicet,
3176 3040 3221 3094 si
3248 3056 3355 3110 quo
3373 3058 3561 3101 mense

1971 3116 2187 3184 gravida
2222 3118 2336 3171 fieri
2364 3120 2609 3189 coeperit,
2638 3121 3018 3193 intelligamus.
3042 3125 3194 3183 Unde
3217 3140 3417 3198 autem,
3440 3137 3558 3205 quis

1972 3207 2062 3261 ille
2090 3207 2267 3274 fuerit,
2294 3208 2668 3267 addiscemus?
2725 3212 2781 3267 Si
2811 3215 3040 3269 sciamus
3063 3233 3170 3287 quo
3196 3228 3435 3292 tempore
3463 3224 3555 3279 la:-

1973 3308 2083 3353 tum
2114 3299 2216 3354 hac
2236 3301 2304 3355 de
2331 3316 2390 3356 re
2416 3303 2657 3357 nuntium
2686 3304 2969 3362 Zacharias
2998 3308 3114 3379 ejus
3153 3313 3372 3367 maritus
3396 3330 3552 3371 acce-

1970 3393 2126 3461 perit.
2154 3393 2419 3448 Cmterum
2467 3394 2570 3450 hoc
2627 3397 2799 3466 ipsum
2846 3401 2985 3457 unde
3038 3405 3191 3459 nobis
3231 3408 3552 3476 explicatum

1969 3481 2209 3537 eritilﬂx
2238 3484 2434 3540 divinis
2462 3486 2751 3555 Scripturis
2775 3507 2787 3543 :
2818 3494 3085 3559 quomodo
3114 3510 3323 3551 sacrum
3377 3500 3556 3555 Evan-

1967 3574 2164 3644 gelium
2193 3575 2357 3631 refert
2382 3577 2651 3633 Zachariae
2677 3584 2910 3637 versanti
2950 3585 3086 3639 intra
3128 3600 3309 3644 sancta
3348 3602 3557 3647 sancto-

1969 3680 2090 3720 rum
2116 3667 2363 3736 angelum
2397 3669 2573 3722 laetum
2600 3673 2840 3728 attulisse
2884 3677 3148 3745 nuntium,
3203 3690 3258 3734 et
3289 3683 3357 3737 de
3405 3695 3577 3752 partu

1971 3757 2191 3812 Joannis
2211 3759 2259 3813 ei
2291 3759 2618 3827 prmdixisse.
2666 3762 2721 3817 Si
2772 3780 2898 3834 ergo
2923 3782 2953 3821 e
2995 3770 3162 3824 sacris
3204 3772 3372 3827 literis
3416 3776 3558 3832 clare

1970 3848 2323 3914 docuerimus,
2358 3851 2523 3906 semei
2554 3852 2827 3910 dumtaxat
2858 3866 3037 3913 sancta
3068 3874 3371 3919 sanctorum
3411 3883 3557 3921 sum-

1970 3955 2113 3994 mum
2162 3941 2492 3997 sacerdotem
2537 3944 2656 3999 sine
2707 3946 2817 4001 ullo
2865 3951 3060 4006 comite
3111 3953 3336 4024 ingredi,
3374 3966 3561 4028 etquo

1971 4042 2233 4101 tempore,
2268 4042 2321 4089 et
2346 4046 2511 4104 quoto
2553 4037 2682 4091 anni
2712 4055 2895 4095 mense
2918 4082 2934 4106 ,
2959 4044 3111 4098 unica
3141 4046 3224 4099 illa
3247 4050 3363 4105 vice
3388 4050 3555 4105 intro-

1968 4132 2054 4177 eat
2088 4140 2102 4179 :
2134 4124 2187 4179 in
2214 4128 2573 4196 cognitionem
2622 4143 2859 4198 apertam
2898 4137 3175 4203 temporis,
3227 4154 3333 4207 quo
3379 4140 3555 4196 Ittltllll

1968 4215 2116 4269 illum
2158 4218 2401 4272 nuntium
2426 4221 2661 4289 accepit,
2698 4221 3041 4279 deveniemus
3071 4243 3085 4279 :
3122 4242 3228 4295 quo
3264 4228 3554 4295 declarato,

1968 4308 2129 4362 etiam
2158 4310 2478 4380 principium
2503 4314 2870 4383 conceptiouis
2898 4318 3139 4384 protinus
3165 4320 3413 4376 omnibus
3440 4324 3555 4377 elu-

1968 4410 2167 4456 cescet.
2223 4400 2405 4470 Itaque
2428 4403 2568 4471 quod
2590 4404 2757 4459 semel
2789 4415 2990 4459 tantum
3018 4407 3069 4461 in
3097 4423 3240 4464 anno
3266 4411 3370 4465 huc
3400 4412 3558 4466 intro-

1971 4490 2156 4555 iretur,
2212 4493 2373 4546 etiam
2406 4492 2599 4549 Paulus
2647 4496 3003 4551 manifestavit
3034 4515 3049 4551 :
3082 4501 3205 4568 quin
3251 4512 3305 4556 et
3346 4504 3567 4576 Moyses

1971 4581 2196 4651 idipsum
2222 4592 2407 4651 aperte
2436 4585 2688 4650 ostendit,
2725 4586 2826 4641 hoc
2873 4591 3033 4642 modo
3075 4591 3340 4661 loquens:
3377 4593 3442 4648 Et
3480 4598 3555 4651 lo-

1966 4682 2149 4743 quutus
2174 4683 2244 4727 est
2292 4672 2543 4729 Dominus
2589 4677 2657 4729 ad
2690 4676 2922 4749 Moysen,
2951 4680 3122 4735 dicens
3168 4698 3187 4735 :
3236 4681 3464 4754 Loquere
3487 4688 3568 4739 ad.

1968 4766 2139 4818 Aaron
2168 4766 2379 4834 fratrem
2408 4776 2568 4829 tuum.
2598 4779 2644 4821 et
2689 4785 2748 4823 ne
2787 4772 2923 4824 omni
2960 4782 3181 4843 tempore
3234 4776 3551 4845 ingrediatur

1967 4857 2333 4923 sanctuarium,
2364 4858 2498 4928 quod
2527 4869 2599 4913 est
2626 4861 2759 4914 intra
2785 4862 2947 4915 velum
2983 4880 3153 4917 coram
3178 4867 3548 4935 prapitiatario,

1967 4950 2102 5021 quod
2130 4960 2202 5005 est
2226 4968 2383 5020 supra
2410 4968 2581 5005 arcam
2606 4954 2894 5020 testimonii,
2930 4964 2975 5007 et
3014 4972 3114 5008 non
3140 4959 3384 5012 moriatur
3403 4958 3550 5027 (Leo.

1971 5043 2057 5097 16.
2092 5043 2163 5111 1).
2211 5042 2278 5096 Ει
2305 5042 2497 5096 iterum
2528 5059 2546 5096 :
2577 5042 2639 5095 Et
2660 5045 2823 5097 omnis
2861 5048 3010 5098 homo
3060 5064 3160 5104 non
3190 5052 3282 5105 erit
3302 5050 3355 5103 in
3384 5051 3547 5106 tam.

1969 5134 2150 5187 naculo
2176 5133 2467 5198 testimonii,
2494 5134 2697 5202 quando
2747 5136 2857 5203 ipse
2886 5141 3227 5194 sanctuarium
3272 5144 3563 5214 ingreditur

1968 5224 2036 5277 ad
2062 5222 2399 5291 expiandum,
2429 5224 2587 5279 donec
2616 5227 2902 5297 egrediatur
2925 5246 2944 5295 ;
2972 5240 3018 5284 et
3060 5233 3278 5300 expiabit
3311 5249 3404 5302 pro
3428 5250 3483 5289 se
3504 5248 3551 5291 et

1968 5316 2117 5369 domo
2145 5330 2257 5380 sua,
2281 5325 2328 5369 et
2378 5332 2470 5385 pro
2518 5319 2745 5373 uniuerso
2781 5332 2909 5376 coetu
2953 5318 3117 5377 Israel
3146 5322 3305 5393 (Ibid.
3340 5325 3451 5395 i7).
3487 5326 3555 5383 Es

1969 5408 2186 5477 expiabit
2211 5424 2366 5477 super
2390 5409 2569 5473 altare,
2598 5412 2734 5478 quod
2757 5421 2830 5467 est
2858 5428 3030 5465 coram
3058 5412 3275 5469 Domino
3297 5415 3405 5485 (Ib.
3437 5418 3549 5486 18).

1970 5497 2047 5553 Ex
2080 5498 2161 5553 his
2190 5498 2374 5569 liquet,
2404 5516 2508 5555 non
2549 5502 2783 5570 quolibet
2830 5512 3066 5574 tempore
3107 5505 3159 5560 in
3189 5518 3373 5564 sancta
3422 5525 3549 5565 san-

1969 5601 2175 5645 ctorum
2218 5591 2515 5661 ingressum
2547 5592 2729 5659 fuisse,
2757 5604 2809 5648 et
2837 5594 2962 5650 dum
2990 5600 3134 5653 intus
3163 5608 3325 5663 esset,
3352 5602 3549 5655 nemini

1971 5685 2047 5739 fas
2074 5681 2238 5739 fuisse
2269 5700 2330 5740 ea
2360 5686 2666 5756 contingere
2693 5729 2706 5751 ,
2741 5687 2833 5743 sed
2868 5700 3018 5745 extra
3046 5692 3221 5747 velum
3251 5694 3548 5749 consisten-

1970 5775 2093 5829 dum
2126 5773 2309 5831 fuisse.
2332 5776 2528 5833 Verum
2568 5777 2681 5833 haec
2712 5795 2805 5837 vos
2837 5782 3022 5837 scdulo
3064 5794 3244 5840 mente
3271 5796 3441 5840 vestra
3476 5797 3551 5839 Ie-

1972 5877 2111 5925 nete.
2165 5868 2441 5931 Reliquum
2474 5870 2612 5927 enim
2643 5880 2745 5939 est,
2793 5882 2848 5928 ut
2889 5873 3153 5944 quodnam
3186 5875 3311 5930 illud
3347 5888 3569 5947 tuapte
