4406 6698
760 464 860 520 337
1499 462 1555 515 S.
1595 457 1872 515 JOANNIS
1911 458 2380 516 CllRYSUSTlMll
2425 460 2740 517 AliClllEl‘.
2784 464 3316 521 CONSTANTINOP.

759 578 939 644 luerit,
972 591 1074 647 quo
1104 575 1247 630 solus
1274 573 1669 645 ingrediebatur
1707 574 1758 628 in
1790 583 1970 628 sancta
2011 585 2336 639 sanctorum,

761 668 920 739 idque
946 666 1110 721 semel
1142 666 1418 721 dumtaxat
1463 667 1514 720 in
1551 680 1712 728 anno,
1758 666 1911 721 vobis
1960 666 2338 721 demonstrem.

761 762 875 827 Qua
903 760 1104 813 ratione
1135 767 1312 812 autem
1344 757 1446 813 hoc
1477 758 1713 827 patebit?
1739 756 1815 811 Ex
1862 757 2049 812 eodem
2094 757 2341 811 nimirum

761 850 864 905 hoc
894 849 1029 905 libro
1074 863 1088 900 :
1131 850 1199 903 ita
1230 849 1373 903 enim
1403 849 1596 904 dicitur
1623 867 1635 903 :
1672 848 1847 904 Mense
1874 852 2103 919 septimo,
2150 848 2343 901 decima

761 940 849 995 die
873 940 1075 1004 mensis,
1107 940 1437 995 humiliabitis
1464 941 1659 994 animus
1707 951 1913 1006 vestras,
1942 950 1986 993 et
2028 954 2173 991 omne
2214 953 2343 1007 opus

758 1048 859 1084 non
882 1029 1079 1099 facietis
1108 1047 1126 1084 :
1144 1032 1247 1085 sive
1272 1033 1531 1101 indigena,
1558 1031 1662 1086 sive
1686 1032 1897 1095 advena,
1922 1031 2006 1101 qui
2029 1029 2236 1082 additur
2263 1030 2343 1082 in-

759 1134 832 1175 ter
851 1138 956 1176 vos.
986 1121 1051 1175 In
1078 1124 1173 1175 hac
1189 1125 1319 1176 enim
1347 1124 1428 1176 die
1455 1124 1678 1193 expiatio
1707 1125 1798 1176 erit
1826 1124 1991 1186 vestri,
2025 1132 2077 1173 ut
2104 1122 2343 1174 emunde-

756 1213 882 1265 ntini
907 1215 970 1266 ab
994 1215 1222 1267 omnibus
1244 1214 1460 1282 peccatis
1485 1214 1659 1268 vestris
1689 1229 1708 1267 :
1733 1229 1901 1267 coram
1940 1211 2161 1265 Domino
2195 1228 2343 1265 mun-

759 1304 955 1357 demini
974 1320 993 1357 :
1021 1305 1229 1358 sabbata
1252 1306 1595 1371 sabbatorum,
1624 1304 1815 1373 requies
1846 1303 1937 1355 erit
1972 1303 2079 1354 hare
2107 1302 2256 1367 vobis,
2296 1313 2343 1356 et

758 1395 1083 1450 humiliabitis
1125 1397 1322 1449 animas
1368 1405 1592 1457 vestras;
1628 1394 1815 1458 eritque
1857 1392 1992 1446 vobis
2048 1393 2141 1445 hoc
2180 1393 2343 1462 legiti-

758 1502 894 1538 mum
920 1487 1297 1555 sempiternum.
1340 1484 1577 1555 Expiabit
1601 1493 1766 1537 autem
1792 1484 2044 1544 sacerdos,
2067 1499 2213 1551 quem
2243 1498 2342 1535 un-

757 1578 941 1640 :veriut,
972 1588 1016 1630 et
1042 1576 1191 1645 cujus
1217 1591 1394 1629 manus
1414 1575 1739 1640 initiaverint,
1772 1584 1827 1628 ut
1851 1574 2131 1628 sacerdotio
2153 1574 2339 1644 {ungue

758 1681 843 1718 tur
862 1674 971 1735 post
995 1676 1187 1733 patrem
1203 1681 1370 1729 suum,
1394 1673 1441 1717 et
1471 1665 1710 1719 induetur
1733 1666 1864 1719 stola
1879 1674 2069 1724 sancta,
2096 1673 2143 1717 et
2166 1667 2342 1733 expia.

757 1757 828 1810 bit
869 1767 1045 1809 sancta
1078 1766 1387 1820 sanctorum,
1433 1766 1481 1810 et
1521 1756 1900 1811 tabernaculum
1942 1755 2243 1818 testimonii;
2296 1766 2343 1807 et

757 1847 920 1899 altare
939 1846 1194 1916 expiabit;
1222 1855 1267 1899 et
1293 1862 1384 1915 pro
1407 1846 1723 1901 sacerdotum
1750 1844 1985 1916 peccatis,
2031 1854 2078 1896 et
2107 1860 2198 1913 pro
2226 1845 2343 1897 uni-

757 1952 900 1990 verso
927 1934 1102 2005 populi
1125 1947 1252 1989 catu
1273 1938 1511 2007 expiabit.
1544 1936 1754 2005 Eritque
1777 1935 1871 1988 hoc
1901 1934 2036 1989 vobis
2066 1933 2344 2005 legitimum

758 2027 1138 2095 sempiternum,
1172 2037 1225 2079 ut
1274 2028 1483 2093 expietis
1531 2016 1624 2097 pro
1657 2026 1777 2094 ﬁliis
1806 2025 1972 2079 Israel
2013 2025 2076 2079 ab
2117 2027 2347 2082 omnibus

759 2117 973 2184 peccatis
1000 2130 1195 2167 coruus.
1228 2114 1403 2169 Semel
1421 2116 1473 2169 in
1493 2131 1629 2169 anno
1656 2115 1761 2184 ﬁet,
1792 2115 1923 2169 sicut
1953 2116 2191 2185 praecepit
2232 2114 2345 2169 Do-

760 2205 925 2257 minus
946 2203 1113 2273 Ionsi
1132 2202 1320 2273 (Levit.
1359 2206 1563 2278 16-29).
1592 2202 1669 2258 De
1698 2202 1836 2259 festo
1860 2203 2343 2259 Tabernacnlorum

762 2294 849 2349 hic
878 2310 1057 2350 sermo
1084 2304 1169 2350 est
1200 2312 1213 2348 :
1248 2304 1376 2349 tunc
1423 2310 1567 2350 enim
1605 2295 1771 2350 semel
1813 2310 2052 2349 summus
2093 2295 2344 2350 sacerdos

758 2386 1043 2453 quotannis
1071 2385 1467 2455 ingrediebatur
1498 2403 1511 2437 :
1544 2386 1686 2455 quod
1713 2396 1766 2440 et
1794 2387 1909 2454 ipse
1947 2384 2232 2454 explicavit
2261 2384 2343 2439 his

760 2476 960 2540 verbis,
989 2477 1238 2546 quoniam
1267 2477 1421 2531 semel
1446 2477 1499 2531 in
1514 2492 1650 2530 anno
1668 2477 1769 2532 hoc
1794 2476 1903 2547 ﬁet.

830 2568 882 2623 5.
934 2566 991 2621 Si
1035 2582 1163 2638 ergo
1210 2568 1327 2622 testi
1375 2567 1865 2623 Tabernaculorum
1917 2576 2158 2639 tempore
2199 2569 2343 2624 solus

759 2673 1001 2714 summus
1046 2658 1297 2714 sacerdos
1342 2658 1639 2729 ingreditur
1675 2659 1729 2714 in
1772 2668 1953 2714 sancta
1999 2668 2340 2726 sanctorum;

760 2764 859 2818 age
896 2748 1149 2819 deinceps
1187 2748 1551 2815 ostendamus,
1607 2758 1731 2804 tunc
1772 2749 2040 2806 Zachariae
2094 2750 2342 2821 angelum

757 2841 1086 2911 apparuisse,
1135 2842 1349 2911 quando
1380 2841 1432 2895 in
1481 2841 1682 2895 sanctis
1722 2850 2028 2897 sanctorum
2060 2852 2212 2899 erat:
2244 2842 2345 2897 soli

757 2933 899 2987 enim
944 2932 1045 3003 ipsi
1091 2931 1367 2987 incensum
1418 2932 1648 2988 adolenti
1705 2934 2164 2991 visusestzsolus
2216 2949 2346 2990 vero

759 3036 1049 3092 numquam
1095 3022 1395 3092 ingreditur
1438 3038 1680 3079 summus
1735 3024 2019 3091 sacerdos,
2066 3026 2168 3081 nisi
2219 3034 2345 3082 tunc

760 3113 1036 3185 temporis.
1084 3113 1226 3169 Nihil
1275 3123 1454 3170 autem
1486 3114 1711 3184 impedit
1758 3116 1886 3185 quin
1918 3116 2031 3185 ipsa
2068 3116 2346 3172 audiamus

755 3207 916 3261 verba
946 3207 1311 3277 evangelista.
1343 3205 1467 3260 Fuit
1481 3206 1533 3259 in
1553 3207 1727 3261 diebus
1750 3206 1968 3262 IIerodis
1996 3208 2126 3278 regis
2148 3207 2345 3263 Judtetv

754 3297 992 3352 sacerdos
1010 3297 1219 3368 quidam
1248 3298 1448 3352 nomine
1466 3297 1764 3363 Zacharias,
1798 3308 1844 3352 et
1868 3314 1998 3353 uxor
2021 3299 2160 3353 illius
2197 3300 2260 3354 de
2280 3300 2342 3368 ﬁ-

752 3386 914 3440 liabus
939 3386 1132 3451 Aaron,
1164 3396 1209 3441 et
1237 3403 1417 3441 nomen
1446 3388 1557 3458 ejus
1590 3385 1818 3441 Elisabet
1863 3387 2011 3457 (Luc.
2040 3389 2091 3442 1.
2128 3388 2204 3458 5).
2230 3387 2339 3441 Fa-

753 3486 889 3528 ctum
915 3486 987 3530 est
1010 3486 1199 3543 autem,
1222 3493 1335 3531 cum
1350 3478 1458 3547 ipse
1478 3478 1758 3532 sacerdotio
1781 3481 2074 3548 fungeretur
2096 3479 2149 3531 in
2167 3479 2345 3533 ordine

753 3565 875 3621 vicis
898 3582 1006 3621 siue
1033 3576 1150 3621 ante
1189 3565 1377 3631 Deum,
1407 3566 1685 3621 secundum
1734 3567 2147 3621 consuetudinem
2174 3584 2343 3621 sacer-

753 3658 900 3724 dotii,
925 3668 1060 3713 sorte
1080 3658 1219 3724 exiit,
1248 3668 1302 3712 ut
1321 3658 1582 3713 incensum
1608 3666 1835 3727 poneret,
1864 3658 2121 3727 ingressus
2145 3658 2197 3711 in
2218 3667 2342 3711 tem-

754 3751 896 3816 pt'um
951 3748 1177 3803 Domini.
1228 3748 1294 3803 Et
1309 3750 1472 3803 omnis
1512 3749 1779 3803 multitudo
1826 3750 2003 3819 pepuli
2043 3760 2149 3803 erat
2189 3765 2341 3803 orans

752 3840 898 3911 foris,
921 3842 1048 3895 hora
1066 3840 1257 3895 incensi
1278 3838 1437 3911 (Ibid.
1458 3840 1645 3911 8-10).
1669 3839 1781 3896 Hoc
1801 3840 1920 3895 loco
1945 3842 1997 3895 in
2026 3842 2339 3895 memoriam

751 3948 969 3996 revera,
993 3932 1203 3997 dilecte,
1226 3931 1585 3987 testimonium
1608 3930 1761 3997 illud,
1785 3930 1927 4000 quod
1943 3932 2016 3985 ait
2044 3949 2057 3985 :
2087 3930 2154 3984 Et
2179 3931 2342 3984 omnis

752 4025 902 4075 homo
945 4038 1047 4075 non
1080 4022 1174 4074 erit
1224 4022 1277 4074 in
1335 4019 1657 4073 tabernaculo
1696 4019 1985 4083 testimonii,
2033 4020 2344 4089 ingrediente

751 4115 865 4179 ipso
879 4111 947 4164 ad
966 4112 1276 4179 expiandum
1302 4112 1356 4164 in
1378 4119 1552 4165 sancta
1580 4119 1870 4164 sanctorum
1887 4150 1901 4175 ,
1932 4110 2089 4167 donec
2115 4111 2343 4180 egredia-

754 4214 834 4256 tur
857 4202 1039 4275 (Levit.
1073 4204 1159 4258 lli.
1192 4204 1304 4273 17).
1325 4203 1575 4273 Apparuit
1602 4212 1773 4256 autem
1797 4203 1874 4256 illi
1896 4201 2105 4271 angelus
2130 4200 2339 4255 Domini

751 4304 889 4349 stans
910 4312 941 4347 a
967 4294 1158 4348 dextris
1186 4295 1363 4349 altaris
1408 4294 1599 4349 incensi
1631 4293 1780 4365 (Luc.
1832 4294 1882 4348 l.
1915 4294 2029 4361 Η).
2065 4292 2179 4346 Non
2205 4292 2338 4347 dixit

750 4390 934 4443 altaris
974 4388 1382 4455 sacriﬁciorum,
1434 4388 1528 4444 sed
1554 4389 1731 4443 altaris
1780 4388 1971 4443 incensi
2007 4402 2025 4440 :
2057 4396 2336 4457 prepterea

751 4479 894 4549 quod
943 4480 1108 4534 altare
1149 4481 1530 4534 sacriﬁciorum
1596 4489 1651 4535 et
1714 4479 2142 4535 bolocaustorum
2204 4478 2336 4534 foris

753 4577 917 4635 esset,
950 4570 1090 4623 intus
1128 4584 1255 4624 vero
1281 4569 1502 4635 incensi,
1526 4581 1583 4624 ut
1630 4570 1710 4625 vel
1735 4569 1877 4631 hinc,
1911 4569 2052 4639 quod
2109 4570 2205 4638 ipsi
2236 4570 2334 4623 soli

750 4663 1173 4733 conspiceretur,
1206 4670 1260 4716 et
1290 4660 1430 4731 quod
1488 4661 1692 4715 dicatur
1733 4662 1958 4729 p0pulus
1988 4661 2159 4730 ipsum
2206 4659 2338 4713 loris

748 4764 1107 4824 exspectasse,
1140 4752 1479 4808 manifestum
1498 4750 1707 4816 evadat,
1737 4752 1788 4804 in
1811 4761 1991 4806 sancta
2031 4761 2333 4804 sanctorum

749 4844 925 4913 ipsum
954 4844 1253 4913 ingressum
1283 4843 1468 4898 fuisse.
1495 4841 1563 4896 Et
1594 4842 1821 4896 turbatus
1842 4851 1916 4895 est
1942 4840 2221 4894 Zacharias
2260 4839 2334 4891 vi-

748 4936 893 5000 dens,
911 4945 957 4989 et
971 4938 1117 4989 timor
1137 4936 1315 4989 cecidit
1331 4951 1484 5002 super
1502 4934 1691 5004 ipsum.
1721 4933 1862 4987 Dixit
1887 4941 2054 4986 autem
2075 4933 2146 4985 ad
2167 4932 2332 5001 ipsum

746 5026 956 5095 angelus
977 5040 997 5079 :
1022 5023 1105 5079 Ne
1125 5026 1320 5091 timeas,
1345 5024 1598 5078 Zucharia
1616 5040 1636 5089 ,'
1656 5025 1895 5087 quoniam
1937 5025 2111 5077 audita
2137 5034 2209 5077 est
2248 5025 2335 5077 de-

748 5118 970 5185 precatio
996 5126 1103 5183 tua,
1146 5125 1193 5169 et
1232 5132 1361 5169 uxor
1386 5124 1472 5169 tua
1499 5116 1727 5169 Elizabet
1756 5117 1915 5183 pariet
1947 5115 2035 5168 tibi
2061 5116 2242 5183 filium,
2288 5125 2335 5167 et

746 5210 940 5262 vocabis
958 5223 1137 5262 nomen
1167 5209 1276 5278 ejus
1300 5205 1553 5260 Joannem
1575 5205 1682 5275 (Ib.
1709 5206 1794 5259 12.
1818 5206 1927 5277 15).
1947 5206 2011 5259 Et
2041 5217 2152 5259 erat
2195 5206 2333 5275 plebs

746 5309 1037 5367 exspectans
1065 5298 1373 5352 Zachariam
1407 5314 1425 5351 :
1453 5306 1502 5352 et
1539 5297 1885 5362 mirabantur,
1924 5300 2058 5365 quod
2112 5300 2335 5353 tardaret

744 5391 920 5455 ipsein
949 5390 1152 5459 templo.
1172 5390 1420 5462 Egressus
1454 5401 1623 5444 autem
1652 5391 1913 5454 innuebat,
1948 5406 2103 5458 neque
2136 5401 2332 5460 poterat

745 5482 881 5550 loqui
898 5480 1023 5550 ipsis
1045 5480 1151 5551 (Ib.
1179 5481 1267 5535 21.
1296 5481 1583 5550 2'2).Vides
1613 5482 1748 5536 intra
1772 5482 1948 5535 velum
1972 5481 2331 5535 fuisse‘?Tuuc

746 5577 905 5645 igitur
933 5573 1075 5628 hunc
1117 5574 1293 5627 Initum
1327 5574 1565 5627 mmtinm
1618 5575 1845 5644 accepit.
1876 5575 2108 5641 Tempus
2153 5582 2328 5626 autem

745 5678 853 5721 tum
878 5675 994 5722 emt
1017 5665 1134 5722 festi
1164 5664 1646 5720 Tubernaenlorum
1692 5676 1745 5721 et
1769 5668 1961 5737 jejunii
1998 5684 2009 5719 ε
2057 5665 2157 5719 hoc
2184 5667 2325 5718 enim

747 5761 832 5811 ilia
874 5761 1033 5814 verba
1086 5759 1183 5813 sibi
1235 5758 1458 5824 volunt,
1513 5758 1855 5813 Ilumiliabitis
1900 5759 2097 5812 animus
2146 5770 2327 5813 t't‘slt‘as

747 5849 928 5923 (Lit-it.
964 5853 1045 5905 lli.
1097 5852 1207 5921 ΞΟ),
1267 5853 1424 5923 idque
1479 5872 1503 5907 Li
1560 5853 1753 5909 intimis
1788 5853 1883 5907 sub
1916 5854 2072 5907 linem
2124 5856 2324 5909 mensis

3932 474 4048 526 333

2458 574 2805 641 Septembris,
2830 581 2969 646 quod
2988 588 3041 634 et
3061 595 3154 635 vos
3176 579 3459 641 testaniini,
3481 579 3860 638 celebrabatur.
3886 586 4051 641 Tunc

2452 665 2593 717 enim
2646 666 2817 734 longis
2854 671 3191 740 copiosisque
3233 669 3559 725 orationibus
3602 672 3653 723 in
3696 671 3908 728 Judreos
3957 678 4050 729 usi

2450 769 2652 820 sumus,
2683 756 3041 826 importunum
3068 778 3251 816 eorum
3278 762 3536 832 jejunium
3557 774 3888 818 accusantes.
3919 767 4047 822 Hoc

2450 864 2578 918 ergo
2605 858 2844 918 tempore
2866 852 3025 906 etiam
3052 854 3290 911 Etiubet
3315 871 3445 910 uxor
3465 854 3739 910 Zachariae
3760 862 4044 929 concepit.

2452 938 2519 993 Et
2564 940 2868 995 occultabat
2918 958 2977 998 se
3016 948 3285 1002 mensibus
3336 948 3608 1017 quinque,
3660 946 3879 1002 dicens:
3939 950 4041 1003 Sic

2450 1032 2573 1082 mihi
2597 1032 2713 1098 fecit
2770 1032 3019 1090 Dominus
3056 1038 3107 1091 in
3150 1040 3346 1103 diebus,
3392 1041 3568 1108 quibus
3588 1041 3805 1108 respexit
3833 1044 4056 1111 auferre

2450 1121 2775 1190 approbrium
2794 1141 2955 1179 meum
2976 1128 3107 1181 inter
3134 1130 3357 1184 homines
3380 1130 3531 1200 (Luc.
3561 1130 3609 1183 Ι.
3632 1131 3745 1198 εδ).
3770 1132 4049 1186 (Steterunt

2450 1224 2807 1283 opportunum
2841 1234 2984 1273 nunc
3018 1221 3247 1288 videtur,
3280 1232 3335 1276 ut
3361 1223 3705 1276 ostendamus
3756 1233 4049 1291 μηνίει-ρει,

2450 1320 2570 1358 cum
2602 1316 2813 1361 sextum
2846 1309 2957 1377 jam
2988 1326 3225 1365 mensem
3268 1314 3378 1381 ipsa
3403 1312 3659 1367 Joannem
3688 1312 3741 1365 in
3774 1322 3930 1367 utero
3949 1329 4067 1383 ge-

2449 1405 2635 1461 staret,
2659 1397 2875 1453 Mariam
2902 1402 3079 1455 la‘tnm
3100 1403 3168 1458 de
3187 1405 3531 1472 conceptione
3556 1418 3650 1456 sua
3673 1406 3919 1460 nuntium
3946 1422 4049 1461 ac-

2450 1485 2677 1553 cepisse.
2714 1489 2937 1554 Quando
2959 1492 3100 1545 enim
3126 1494 3266 1545 venit
3293 1492 3359 1545 ad
3388 1506 3509 1545 eam
3536 1490 3771 1558 Gabriel,
3794 1504 3848 1548 et
3865 1495 4006 1551 dixit
4028 1515 4045 1549 :

2452 1574 2537 1629 Ne
2564 1578 2758 1642 timeas,
2791 1578 3245 1646 Maria;invenisti
3263 1583 3394 1635 enim
3415 1583 3632 1651 gratiam
3672 1586 3813 1647 apud
3838 1586 4039 1641 Deum.

2456 1664 2523 1718 Et
2548 1682 2659 1721 ecce
2689 1670 2944 1739 concipies
2995 1672 3045 1723 in
3074 1681 3231 1732 utero,
3264 1680 3310 1723 et
3326 1671 3494 1737 paries
3528 1672 3713 1738 ﬁlium,
3745 1684 3791 1727 et
3836 1678 4053 1729 vocabis

2453 1773 2632 1814 nomen
2659 1762 2768 1830 ejus
2795 1761 2972 1815 Iesum
3003 1760 3151 1830 (Luc.
3186 1762 3234 1813 1.
3268 1760 3356 1814 50.
3390 1761 3503 1830 51).
3533 1761 3771 1832 Cumque
3796 1766 3909 1834 ipsa
3935 1766 4056 1822 hoc

2453 1863 2702 1905 sermone
2730 1853 3048 1917 turbaretur,
3080 1850 3401 1919 modumque
3421 1851 3539 1920 ejus
3568 1854 3644 1907 rei
3659 1853 3867 1910 discere
3887 1872 4051 1924 qua:-

2408 1993 2413 1997 .
2454 1949 2617 2004 reret,
2674 1942 3003 2012 respondens
3047 1943 3265 2010 angelus
3313 1941 3447 1996 dixit
3493 1943 3561 1997 ad
3611 1960 3769 2001 eam:
3812 1947 4057 2016 Spiritus

2453 2041 2657 2086 sanctus
2685 2034 2997 2099 superveniet
3017 2034 3069 2085 in
3091 2043 3156 2095 te,
3188 2043 3233 2085 et
3256 2037 3414 2087 virtus
3442 2035 3687 2090 Altissimi
3722 2038 4060 2091 obumbrabit

2455 2121 2546 2174 tibi
2571 2138 2589 2175 :
2614 2122 2825 2191 ideoque
2852 2131 2901 2175 et
2925 2122 3059 2192 quod
3080 2133 3313 2177 nascetur
3337 2140 3402 2177 ea:
3430 2135 3477 2179 te
3501 2136 3750 2193 sanctum,
3777 2128 4061 2181 vocabitur

2456 2208 2619 2264 Filius
2632 2208 2744 2266 Dei.
2761 2212 2806 2267 Ε
2814 2223 2830 2266 t
2851 2226 2961 2265 ecce
2988 2210 3217 2265 Elizabet
3239 2224 3455 2283 cognata
3480 2226 3585 2279 tua,
3609 2227 3657 2269 et
3682 2218 3792 2283 ipsa
3811 2220 4060 2288 concepit

2452 2299 2619 2365 ﬁlium
2646 2303 2699 2353 in
2751 2310 3009 2355 senectute
3043 2318 3138 2356 sua
3162 2318 3181 2356 :
3210 2313 3257 2357 et
3300 2306 3382 2357 hic
3411 2308 3594 2360 mensis
3634 2316 3708 2359 est
3736 2316 3906 2360 sextus
3937 2309 4052 2374 illi,

2451 2402 2566 2455 ante
2590 2396 2807 2441 vocatur
2855 2390 3061 2455 sterilis,
3106 2394 3226 2459 quia
3264 2408 3363 2446 non
3410 2394 3504 2445 erit
3546 2395 3849 2462 impossibile
3900 2398 4061 2464 apud

2454 2477 2618 2532 Deum
2668 2495 2815 2532 omne
2839 2479 3041 2533 verbum
3089 2480 3245 2547 (Ibid.
3277 2483 3487 2551 55-57).
3517 2482 3668 2548 Quod
3694 2484 3739 2536 si
3763 2499 3890 2553 ergo
3922 2496 4067 2553 pos:

2450 2582 2689 2622 mensem
2719 2568 3024 2638 Gorpimum
3052 2586 3148 2625 seu
3175 2571 3537 2639 Septembrem
3582 2571 4053 2630 Elizabctconce-

2453 2657 2551 2728 pit,
2586 2668 2643 2712 ut
2672 2668 2945 2714 ostensum
2973 2671 3055 2715 est
3083 2677 3096 2714 :
3125 2661 3472 2715 adnumerare
3493 2670 3704 2730 oportet
3728 2678 3822 2717 sex
3854 2665 3923 2719 ab
3968 2681 4054 2720 eo

2454 2748 2800 2803 intermedios
2837 2764 3048 2804 menses
3077 2766 3089 2801 :
3120 2759 3241 2803 sunt
3262 2758 3437 2803 autem
3466 2748 3541 2817 bi,
3590 2751 4049 2822 llyperberetams

2453 2838 2571 2893 sive
2612 2839 2865 2903 October,
2914 2840 3040 2893 Dius
3084 2840 3196 2895 sive
3246 2838 3566 2907 November,
3613 2844 3913 2911 Appellaus
3942 2861 4054 2899 seu

2455 2926 2768 2995 December,
2792 2928 3092 2983 Audenteus
3113 2943 3205 2983 seu
3231 2928 3532 2998 Januarius,
3561 2930 3787 2987 Peritius
3812 2950 3905 2988 seu
3937 2934 4057 2990 Fe-

2454 3016 2719 3084 bruarius,
2750 3020 2969 3090 Dystrus
2988 3033 3082 3073 seu
3109 3018 3345 3072 Martius.

2527 3109 2879 3180 Conceptionis
2924 3110 3106 3164 mensis
3154 3110 3459 3179 primus.—
3499 3109 3679 3179 Itaque
3722 3122 3842 3181 post
3894 3115 4053 3169 hunc

2452 3210 2661 3257 sextum
2690 3215 2928 3256 mensem
2956 3202 3277 3271 principium
3305 3204 3669 3271 conceptionis
3695 3208 3897 3273 accepit
3930 3207 4057 3260 Ma-

2451 3292 2528 3345 ria
2560 3306 2575 3344 :
2608 3306 2639 3345 a
2676 3305 2784 3361 quo
2813 3291 2857 3345 si
2903 3306 3099 3347 novem
3128 3305 3341 3346 menses
3368 3307 3732 3357 numeremus,
3775 3296 3961 3364 utique
3986 3298 4057 3351 in

2452 3393 2769 3451 praesentem
2793 3382 2938 3437 hunc
2969 3397 3209 3437 mensem
3235 3382 3600 3437 deveniemus.
3630 3382 3727 3437 Est
3747 3384 3908 3454 igitur
3930 3390 4057 3456 pri-

2454 3486 2573 3525 mus
2588 3472 2954 3541 conceptionis
2974 3472 3176 3525 mensis
3196 3472 3394 3541 Aprilis
3414 3472 3527 3526 sive
3542 3471 3821 3537 Xanticus,
3841 3475 4056 3533 deinde

2452 3562 2773 3617 Artemisius
2815 3577 2909 3616 seu
2950 3560 3139 3626 Maius,
3156 3560 3345 3616 Desius
3386 3561 3504 3617 sive
3527 3561 3735 3629 Junius,
3767 3563 4056 3621 Panemus

2450 3654 2563 3709 sive
2606 3653 2801 3718 Julius,
2835 3653 3019 3719 Loius,
3048 3653 3163 3708 sive
3190 3653 3480 3723 Augustus,
3512 3652 3787 3724 Gorpiaeus
3814 3671 3909 3711 seu
3941 3659 4055 3713 Sc-

2450 3746 2713 3813 ptember,
2778 3743 3246 3815 Hyperberetaaus,
3288 3743 3401 3798 sive
3447 3742 3695 3812 October,
3744 3745 3869 3800 Dius
3922 3748 4055 3804 sive

2449 3835 2769 3901 November,
2830 3835 3132 3906 Appellaius
3196 3849 3289 3889 seu
3348 3834 3656 3890 December.
3724 3837 3898 3906 Atque
3951 3836 4053 3894 hic

2451 3927 2653 3981 mensis
2679 3936 2783 3991 est,
2810 3941 2966 3997 quem
2997 3933 3313 3996 przesentem
3358 3924 3635 3991 habemus,
3665 3940 3770 3994 quo
3796 3936 3851 3980 et
3888 3927 4051 3983 hunc

2451 4019 2593 4075 diem
2614 4018 2966 4074 celebramus.
2999 4019 3067 4075 Ut
3092 4026 3270 4074 autem
3296 4017 3437 4088 quod
3464 4017 3584 4071 dico
3610 4018 3765 4072 etiam
3793 4020 4047 4087 apertius

2450 4110 2602 4165 vobis
2631 4112 2931 4180 clariusque
2968 4111 3174 4175 evadat,
3205 4109 3438 4164 breviter
3480 4107 3593 4162 lucc
3634 4124 3841 4163 rursum
3869 4126 4046 4181 repe—

2450 4213 2585 4266 tens,
2614 4203 2884 4258 dilectioni
2915 4212 3106 4258 vestrm
3136 4201 3449 4255 edisseram.
3479 4199 3653 4255 Semel
3688 4201 3739 4255 in
3775 4217 3919 4257 anno
3948 4205 4045 4257 in-

2446 4293 2787 4364 grediebatur
2815 4295 2960 4349 solus
2985 4305 3226 4345 summus
3250 4289 3502 4344 sacerdos
3531 4290 3581 4343 in
3613 4301 3791 4345 sancta
3818 4305 4047 4349 sancto-

2446 4401 2583 4446 rum.
2635 4385 2795 4455 idque
2849 4383 3096 4450 Gorpiceo
3140 4395 3233 4435 seu
3281 4380 3578 4450 Septembri
3627 4398 3825 4439 mense.
3876 4385 4045 4442 Tunc

2448 4478 2719 4546 ingressus
2760 4485 2844 4529 est
2883 4472 3165 4527 Zacharias
3213 4474 3262 4526 in
3305 4484 3485 4529 sancta
3537 4484 3873 4540 sanctorum,
3906 4484 4050 4533 tunc

2447 4570 2691 4624 nuntium
2733 4568 2801 4621 de
2847 4566 3067 4620 Joannis
3119 4568 3391 4623 nativitate
3440 4570 3641 4624 habuit.
3688 4570 3835 4625 Illinc
3857 4571 4041 4625 abiit:

2447 4669 2572 4712 tunc
2600 4672 2732 4710 uxor
2756 4656 2873 4725 ejus
2903 4657 3163 4726 concepit.
3214 4658 3339 4713 Post
3384 4675 3622 4714 mensem
3670 4669 3845 4713 autem
3888 4662 4042 4715 Gor-

2448 4750 2638 4818 pimum
2678 4764 2771 4801 seu
2812 4749 3195 4817 Septembrem,
3240 4766 3358 4805 cum
3405 4761 3609 4804 sextum
3635 4752 3741 4818 jam
3788 4766 4043 4809 mensem

2448 4842 2560 4909 ipsa
2613 4842 2664 4895 in
2714 4849 2867 4895 utero
2897 4840 3134 4905 haberet,
3166 4844 3253 4911 qui
3302 4841 3505 4897 scilicet
3531 4851 3614 4895 est
3664 4841 3883 4911 Dystrus
3938 4859 4042 4900 seu

2443 4932 2681 4995 Martius,
2714 4932 2825 5000 ipsa
2850 4930 3080 5001 denique
3118 4933 3277 4987 Maria
3312 4931 3573 4999 concepit.
3604 4932 3645 4983 A
3677 4930 3905 4987 Xanlico
3934 4951 4040 4990 seu

2444 5026 2610 5094 Aprili
2654 5024 2811 5093 igitur
2839 5024 3160 5094 incipiendo,
3197 5038 3387 5079 novem
3435 5036 3645 5076 menses
3686 5024 3727 5077 si
3772 5041 4035 5082 numere-

2444 5134 2578 5180 mus,
2613 5117 2662 5169 in
2707 5125 3019 5183 praesentem
3066 5116 3381 5179 incidemus,
3410 5127 3515 5181 quo
3561 5112 3809 5170 Dominus
3840 5128 4035 5172 noster

2441 5208 2596 5262 Jesus
2621 5206 2863 5262 Christus
2898 5217 3050 5262 natus
3080 5218 3183 5261 est.

2513 5302 2565 5353 6.
2608 5298 2779 5369 Atque
2814 5301 2991 5356 omnia
3027 5298 3260 5369 quidem,
3290 5310 3407 5364 qua:
3436 5294 3502 5349 de
3549 5296 3646 5351 hoc
3673 5299 3758 5353 die
3799 5299 4029 5352 dicenda

2441 5400 2611 5457 erant,
2652 5393 2801 5449 vobis
2840 5394 3094 5447 hactenus
3134 5388 3495 5457 exposuimus.
3531 5388 3699 5444 Unum
3743 5400 3945 5443 tantum
3978 5390 4029 5441 si

2442 5500 2581 5540 nunc
2629 5486 2903 5549 addidero,
2932 5480 3158 5537 orationi
3187 5494 3319 5534 mea:
3367 5479 3525 5536 linem
3571 5482 3867 5551 imponam;
3903 5494 4030 5547 qua:

2440 5574 2637 5645 majora
2678 5587 2829 5639 sunt,
2875 5569 3143 5628 communi
3196 5569 3395 5624 doctori
3437 5571 3656 5627 dicenda
3693 5569 4025 5636 relinquens.

2507 5665 2754 5730 Inﬁdeles
2781 5663 3077 5720 Christiana
3104 5661 3338 5731 dogmata
3368 5663 3577 5716 irrident
3601 5679 3617 5725 ;
3658 5658 4025 5713 Ila'reticoruni

2438 5760 2639 5812 delicta.
2676 5788 2747 5799 --
2788 5754 3049 5822 Quoniam
3101 5754 3240 5808 enim
3294 5755 3443 5809 multi
3490 5752 3852 5811 ethnicorum,
3897 5764 4028 5805 rum

2449 5854 2665 5908 audiunt
2701 5852 2864 5905 Deum
2896 5850 2945 5901 in
2979 5862 3134 5903 carne
3166 5858 3365 5917 natum,
3397 5848 3614 5903 irtidcnt
3660 5857 3774 5900 nos.
3805 5854 3853 5895 εί
3880 5858 4001 5899 tus:-
