4432 6682
824 430 927 490 559

821 545 1048 610 πολλοὺς
1078 543 1190 599 τῶν
1213 543 1591 615 ἀφελεστέρων
1625 543 1913 616 θορυϐοῦσι
1959 545 2054 597 καὶ
2094 545 2382 615 ταράττου-

823 652 928 690 σινο
968 636 1261 704 ἀναγκαῖον
1315 634 1409 686 καὶ
1454 633 1592 704 πρὸς
1640 633 1902 697 ἐκείνους,
1954 635 2049 687 καὶ
2104 634 2239 704 πρὸς
2266 631 2390 695 106;

820 722 1252 796 ταραττομένους
1299 722 1496 786 εἰπεῖν,
1534 723 1675 776 ὥστε
1726 722 1802 794 μὴ
1846 721 2192 793 θορυϐεῖσθαι
2239 737 2390 787 ποτε,

823 815 930 868 ὑπὸ
955 813 1198 885 ἀφρόνων
1219 811 1521 884 ἀνθρώπων
1541 813 2022 884 ἀναπειθομένους,
2047 814 2181 885 μήτε
2201 810 2394 882 ταράτ-

821 905 1011 960 τεσθαι
1030 907 1093 959 ἐκ
1118 905 1212 960 τοῦ
1228 907 1336 960 τῶν
1357 907 1601 961 ἀπίστων
1619 904 1873 974 γέλωτος.
1895 907 2006 960 Καὶ
2031 904 2139 975 7&9
2154 899 2394 976 1&[363]

825 997 1010 1051 παιδία
1033 996 1104 1050 τὰ
1137 999 1309 1070 μικρὰ
1339 997 1598 1061 πολλάκις
1624 997 1779 1067 γελᾷ,
1798 993 2395 1063 σπουδαιολογουμένων

825 1087 984 1158 ἡμῶν
1005 1091 1256 1160 καὶπερὶ
1297 1090 1406 1142 τῶν
1451 1088 1768 1156 ἀναγκαίων
1809 1085 2242 1158 ἀσχολουμένων·
2280 1083 2395 1138 ἀλλ’

825 1178 887 1231 οὑ
920 1178 1018 1247 τῆς
1041 1177 1148 1230 τῶν
1179 1177 1503 1248 γελωμένων
1547 1179 1892 1250 πραγμάτων
1934 1173 2232 1236 εὐτελείας,
2259 1173 2396 1226 ἀλλά

824 1266 926 1334 τῆς
950 1264 1060 1318 τῶν
1087 1265 1370 1334 γελώντων
1394 1267 1580 1331 ἀνοίας
1627 1268 1923 1335 τεκμήριον
1958 1265 1987 1314 6
2011 1262 2183 1330 γέλως
2223 1262 2395 1316 ἐστίν.

826 1353 1006 1428 Ὅπερ
1028 1351 1120 1410 οῦν
1149 1355 1246 1409 καὶ
1297 1357 1392 1409 ἐπὶ
1431 1357 1540 1411 τῶν
1583 1355 1851 1425 Ἐλλήνων
1899 1353 2044 1405 ἔστιν
2089 1353 2286 1417 εἰπεῖν,
2316 1353 2398 1405 ὅτι

826 1445 1033 1500 παίδων
1088 1447 1444 1518 ἀνοητότερον
1493 1445 1677 1516 σχεδὸν
1707 1444 2038 1515 διακείμενοι
2059 1484 2072 1506 ,
2097 1443 2166 1496 τά
2197 1442 2398 1514 φρίκης

825 1533 953 1600 ἀξια
984 1535 1077 1588 καὶ
1106 1535 1300 1588 πολλοῦ
1329 1534 1603 1606 θαύματος
1630 1534 1870 1606 γέμοντα
1899 1532 2236 1604 διασύρουσι,
2257 1531 2325 1584 τά
2343 1531 2398 1585 δὲ

825 1623 1041 1694 ἀληθῶς
1066 1625 1448 1694 καταγέλαστα
1477 1624 1802 1697 σεμνύνουσι
1827 1625 1922 1679 καὶ
1941 1622 2397 1694 περιστέλλουσιν.

838 1713 980 1767 Ἀλλ’
1009 1715 1161 1786 ὅμως
1195 1717 1290 1769 καὶ
1320 1716 1391 1769 τά
1420 1718 1666 1787 ήμέτερα
1698 1715 1832 1786 παρ’
1863 1714 2093 1778 ἐκείνοις
2118 1711 2401 1783 γελώμενα

827 1804 921 1856 ἐπί
945 1808 1045 1875 τῆς
1077 1806 1282 1868 οἰκείας
1308 1805 1633 1876 σεμνότητος
1656 1804 1830 1875 μένει,
1863 1804 2012 1856 οὐδὲν
2042 1803 2151 1857 ἀπὸ
2181 1801 2274 1855 τοῦ
2305 1800 2399 1868 γέ-

827 1893 994 1958 λωτος
1010 1895 1235 1949 ἐκείνων
1257 1898 1338 1960 εἰς
1355 1895 1452 1967 τήν
1475 1895 1682 1950 ἑαυτῶν
1708 1895 2207 1967 παραϐλαπτόμενα
2221 1892 2397 1958 δόξαψ

829 1983 926 2036 καὶ
947 1983 1017 2037 τά
1039 1983 1222 2040 αὑτῶν
1237 1985 1573 2056 πανταχόθεν
1598 1984 2054 2057 περιστελλόμενα
2075 1984 2177 2053 τὴν
2195 1982 2404 2036 οἰκείαν

831 2072 1220 2145 ἀσχημοσύνην
1273 2076 1626 2130 ἐνδείκνυται.
1676 2075 1806 2138 Πῶς
1848 2074 1958 2146 7&9
2013 2074 2116 2127 οὑκ
2167 2073 2406 2144 ἐσχάτης

834 2165 1238 2235 παραπληξίας,
1261 2167 1456 2230 αὑτοὺς
1494 2165 1594 2235 μὲν
1621 2165 1930 2228 εὑολίσθους
1956 2164 2300 2236 ὑπάρχοντας
2324 2165 2405 2228 εἰς

833 2254 1015 2318 λίθους
1045 2255 1140 2309 καί
1173 2255 1306 2322 ξύλα
1342 2257 1437 2310 καὶ
1472 2257 1666 2328 εὐτελῆ
1697 2256 1859 2322 ξόανα
1901 2257 2028 2319 τοὺς
2059 2255 2267 2308 ἑαυτῶν
2295 2256 2408 2306 εἰσ·

832 2344 1067 2412 ἀγοντας
1085 2345 1264 2412 θεοὺς,
1285 2346 1380 2400 καὶ
1406 2346 1656 2417 καθάπερ
1679 2350 1737 2400 ἐν
1755 2345 2112 2416 δεσμωτηρίῳ
2131 2346 2239 2398 τινὶ
2264 2345 2402 2398 07:0-

832 2435 1128 2497 κλείοντας,
1157 2436 1321 2506 μηδὲν
1357 2437 1580 2507 αἰσχρὸν
1608 2436 1856 2507 ἡγεῖσθαι
1889 2437 2026 2506 μήτε
2046 2437 2240 2499 ποιεῖν,
2265 2437 2403 2506 μήτε

831 2524 1032 2594 λέγειν·
1063 2526 1195 2597 ἡμῖν
1228 2525 1285 2578 δὲ
1315 2525 1565 2594 ἐγκαλεῖν
1595 2526 1846 2595 λέγουσιν
1865 2567 1879 2590 ,
1931 2527 2014 2580 ὅτι
2053 2525 2180 2580 ναὸν
2227 2525 2406 2596 ἑαυτῷ

832 2619 1250 2684 κατασκευάσας
1279 2621 1307 2672 6
1335 2619 1469 2683 Θεδς
1493 2617 1671 2683 ζῶντα
1703 2619 1767 2672 ἐκ
1791 2618 2109 2689 Πνεύματος
2134 2619 2312 2687 ἁγίου,
2339 2619 2406 2673 δι’

833 2708 1000 2764 αὑτοῦ
1040 2711 1139 2780 τὴν
1169 2711 1494 2782 οἰκουμένην
1533 2710 1812 2780 ώφέλησε;
1840 2709 1950 2763 Καὶ
1975 2713 2125 2763 ποῖον
2158 2709 2408 2780 ἔγκλημα

833 2798 1028 2863 τοῦτος
1056 2799 1118 2852 Εἰ
1142 2797 1252 2870 7&9
1287 2799 1534 2869 αἰσχρὸν,
1564 2801 1621 2852 ἐν
1661 2799 1990 2870 ἀνθρωπίνῳ
2038 2796 2251 2867 σώματι
2278 2798 2409 2851 Θεὸν

834 2887 1074 2957 οἰκῆσαι,
1101 2886 1277 2957 πολλῷ
1304 2887 1504 2956 μᾶλλον
1541 2889 1599 2938 ἐν
1622 2885 1755 2956 λίθῳ
1788 2887 1882 2940 καὶ
1908 2885 2074 2956 ξύλῳ,
2106 2886 2198 2938 καὶ
2221 2885 2411 2938 τοσοῦ·

833 2991 945 3043 10v,
973 2979 1098 3032 ὅσον
1136 2978 1282 3040 λίθος
1321 2978 1414 3031 καὶ
1450 2975 1606 3042 ξύλον
1655 2977 1979 3048 ἀτιμότερον
2017 2975 2330 3046 ἀνθρώπου,
2361 2977 2408 3028 εἰ

838 3067 915 3142 μὴ
947 3067 1056 3138 ἄρα
1089 3070 1183 3122 καί
1203 3068 1313 3122 τῶν
1338 3067 1676 3140 ἀναισθήτων
1697 3067 1902 3121 τούτων
1924 3066 2066 3120 ὑλῶν
2095 3066 2410 3120 εὑτελέστε-

840 3175 931 3230 ρον
959 3158 1020 3213 16
1042 3159 1199 3227 γένος
1219 3159 1380 3230 ήμῶν
1415 3161 1598 3223 αὑτοῖς
1627 3155 1764 3211 εἶναι
1784 3159 1956 3212 δοκεῖ.
1989 3157 2154 3210 Δὺτοὶ
2182 3157 2294 3228 7&9
2317 3158 2412 3211 καὶ

835 3251 919 3315 εἰς
967 3249 1252 3322 αἰλούρους
1310 3251 1404 3304 καὶ
1439 3249 1630 3314 κύνας,
1681 3249 1867 3302 πολλοί
1894 3250 1950 3303 δὲ
1983 3249 2090 3302 τῶν
2123 3249 2413 3321 αἱρετικῶν

835 3344 929 3397 καὶ
961 3343 1042 3406 είς
1086 3342 1166 3395 ἔτι
1227 3341 1432 3395 τούτων
1477 3342 1776 3412 ἀτιμότερα
1811 3341 1905 3394 τοῦ
1960 3340 2094 3394 Θεοῦ
2152 3341 2413 3409 κατάγειν

832 3431 1076 3504 τολμῶσι
1133 3434 1235 3503 τὴν
1285 3433 1494 3486 οὑσίαν.
1538 3433 1730 3504 Ἡμεῖς
1775 3432 1832 3486 δὲ
1894 3434 2097 3486 τούτων
2135 3434 2233 3504 μὲν
2264 3433 2416 3486 οὑδὲν

831 3521 954 3578 οὕτε
1007 3523 1260 3596 λέγομεν,
1291 3524 1414 3579 οὑτε
1460 3524 1692 3578 ἀκοῦσαί
1741 3542 1871 3578 ποτε
1911 3525 1976 3578 ἂν
2011 3522 2414 3593 ἀνασχοίμεθασ

835 3616 1012 3670 ἐκεῖνο
1049 3616 1103 3669 δέ
1133 3633 1336 3687 φαμεν,
1370 3616 1452 3668 ὅτι
1492 3615 1740 3686 καθαράν
1780 3615 1960 3686 σάρκα
1997 3616 2090 3668 καὶ
2128 3615 2290 3683 ἀγίαν
2324 3615 2418 3668 καὶ

837 3705 1069 3775 ἄμωμον
1097 3706 1193 3758 καὶ
1216 3705 1460 3776 ἁμαρτία
1489 3705 1674 3775 ἁπάσῃ
1706 3705 2082 3774 γεγενημένην
2112 3703 2311 3758 ἄϐατον
2351 3705 2417 3757 ἐκ

837 3794 1175 3865 παρθενικῆς
1197 3797 1410 3867 μήτρας
1433 3795 1690 3850 ἀνέλαϐεν
1711 3796 2003 3867 ὁΧριστὸς,
2021 3796 2115 3848 καὶ
2138 3795 2198 3848 τὸ
2218 3797 2416 3848 οἰκεῖον

835 3885 1180 3958 διωρθώσατο
1229 3887 1475 3958 πλάσμα.
1510 3889 1769 3941 Κάκεῖνοι
1807 3887 1924 3958 μὲν,
1973 3889 2068 3940 καὶ
2089 3889 2136 3940 οί
2166 3887 2238 3940 τά
2269 3887 2406 3940 αὑτὰ

836 3976 1162 4040 ἀσεϐοῦντες
1187 3978 1370 4040 αὑτοῖς
1408 3979 1734 4048 Μανιχαῖοι,
1785 3981 1862 4040 εἰς
1906 3976 2073 4040 κύνας
2113 3976 2206 4030 καὶ
2258 3977 2420 4046 πιθή-

838 4085 970 4132 κους
993 4069 1089 4121 καὶ
1109 4069 1274 4139 θηρία
1302 4069 1619 4122 παντοδαπά
1641 4070 1741 4140 τὴν
1769 4069 1956 4121 οὑσίαν
1988 4068 2297 4135 εἰσάγοντες
2323 4067 2418 4120 τοῦ

839 4156 978 4210 Θεοῦ
1013 4156 1150 4228 (τὴν
1175 4159 1287 4227 7&9
1313 4157 1492 4228 ψυχὴν
1515 4157 1724 4221 τούτοις
1763 4158 1967 4212 ἅπασιν
2001 4157 2066 4208 ἐκ
2103 4157 2201 4225 τῆς
2233 4155 2422 4220 οὐσίας

841 4247 1055 4318 ἐκείνης
1081 4245 1218 4302 εἶναί
1249 4250 1529 4318 φασιν),οὑ
1549 4249 1861 4321 φρίττουσιν
1891 4249 2013 4302 οὑδὲ
2041 4249 2418 4314 καταδύονται,

838 4341 987 4412 ήμᾶς
1015 4341 1069 4393 δὲ
1099 4340 1290 4406 ἀνάξια
1315 4340 1409 4394 τοῦ
1435 4341 1570 4395 Θεοῦ
1625 4341 1806 4410 λέγειν
1859 4341 2043 4412 φασὶν,
2089 4343 2171 4395 ὅτι
2215 4340 2422 4396 τούτων

846 4429 944 4500 μὲν
972 4429 1124 4482 οὑδέν
1152 4429 1275 4482 οὔτε
1302 4432 1381 4492 εἰς
1413 4429 1538 4482 νοῦν
1567 4430 1752 4482 λαϐεῖν
1781 4431 2104 4501 ἀνεχόμεθα⁸
2130 4433 2158 4486 ὃ
2179 4432 2236 4486 δὲ
2266 4431 2417 4504 αὑτῷ

843 4521 1053 4592 πρέπον
1082 4518 1149 4592 ῆν
1197 4523 1292 4574 καὶ
1341 4522 1647 4592 προσῆκον,
1700 4521 1949 4591 λέγομεν,
1983 4525 2062 4576 ὃτι
2111 4525 2172 4576 16
2219 4526 2418 4577 οἰκεῖον

843 4613 1004 4682 ἔργον
1037 4610 1206 4664 ἐλθὼν
1253 4611 1603 4682 διωρθώσατο
1629 4611 1706 4682 τῷ
1746 4611 1849 4680 τῆς
1883 4613 2188 4682 γεννήσεως
2217 4613 2420 4682 ταύτης

843 4703 1050 4774 τρόπῳ.
1079 4703 1144 4754 Τί
1185 4703 1393 4772 λέγεις,
1425 4701 1547 4755 εἰπέ
1592 4719 1704 4773 μοι,
1743 4696 1788 4755 ὦ
1831 4702 2127 4772 ἄνθρωπε;
2178 4704 2287 4774 Τὴν
2317 4705 2425 4758 τῶν

844 4795 1183 4866 ἀνδροφόνων
1219 4795 1399 4866 ψυχὴν
1426 4795 1523 4848 καὶ
1575 4794 1676 4866 τὴν
1722 4793 1831 4846 τῶν
1861 4796 2070 4864 γοήτων
2102 4794 2200 4864 τῆς
2241 4795 2427 4859 οὑσίας

845 4882 988 4940 εἶναι
1015 4885 1188 4954 λέγων
1237 4886 1331 4938 τοῦ
1380 4885 1538 4949 Θεοῦ,
1591 4888 1721 4957 ήμῖν
1768 4884 1972 4957 τολμᾷς
2029 4884 2311 4952 ἐγκαλεῖν,
2346 4887 2429 4938 ὅτι

846 4979 1051 5033 τούτων
1072 4979 1170 5048 μέν
1189 4979 1342 5032 οὑδέν
1370 4979 1695 5050 ἀνεχόμεθα,
1727 4978 1851 5032 οὔτε
1891 4978 2235 5050 ὑπομένομεν
2264 4976 2431 5030 ἀκοῦ-

852 5089 940 5126 σαι
975 5071 1286 5142 λεγόμενον,
1314 5072 1449 5126 ἀλλά
1472 5073 1566 5125 καὶ
1589 5071 1716 5136 106;
1748 5071 2004 5140 λέγοντας
2039 5070 2294 5134 ἀσεϐείας
2314 5068 2432 5141 κρί-

849 5180 1014 5233 νομεν
1055 5163 1336 5234 μετόχους·
1365 5164 1540 5216 ἐκεῖνο
1563 5164 1622 5216 δέ
1643 5181 1841 5233 φαμεν,
1865 5165 1946 5217 ὅτι
1979 5165 2103 5218 ναὸν
2129 5163 2284 5232 ἅγιον
2304 5164 2433 5216 ἐαυ-

853 5252 930 5322 τῷ
965 5254 1383 5316 κατασκευάσας
1415 5254 1444 5306 6
1469 5252 1623 5317 Θεὸς,
1652 5253 1718 5306 δι’
1746 5254 1952 5307 ἐκείνου
1992 5253 2091 5324 τὴν
2131 5255 2240 5307 τῶν
2266 5256 2430 5326 0690-

851 5358 958 5394 νων
991 5343 1263 5398 πολιτείαν
1309 5345 1388 5408 εἰς
1429 5343 1522 5397 τὸν
1568 5342 1681 5412 βίον
1716 5345 1977 5415 εἰσήγαγε
2015 5345 2105 5398 τὸν
2145 5347 2428 5418 ἡμέτερον.

858 5433 964 5486 Καὶ
1015 5434 1132 5497 πῶς
1158 5437 1248 5488 οὑ)
1314 5437 1380 5490 ἂν
1425 5435 1573 5509 είητε
1613 5436 1824 5507 μυρίων
1855 5436 2100 5490 θανάτων
2149 5437 2308 5501 ἄξιοι,
2339 5438 2434 5490 καὶ

857 5525 998 5598 ὑπὲρ
1023 5525 1130 5579 τῶν
1160 5527 1539 5598 ἐγκλημάτων,
1566 5523 1642 5582 ὧν
1676 5530 1808 5600 ἡμῖν
1837 5528 2138 5596 ἐγκαλεῖτε,
2173 5531 2266 5582 καὶ
2291 5529 2432 5602 ὑπὲρ

859 5618 972 5674 τῶν
1019 5617 1401 5690 ἀσεϐημάτων,
1441 5615 1516 5676 ὧν
1554 5621 1876 5686 ἀσεϐοῦντες
1934 5623 1994 5676 οὑ
2058 5620 2332 5686 παύεσοε;
2372 5622 2439 5686 Εἰ,

924 5820 950 5850 ⁸
975 5822 1088 5872 Haec
1114 5824 1276 5886 verba,
1304 5826 1388 5874 οὑκ
1413 5825 1548 5886 αὐτὸ,
1577 5839 1670 5874 nou
1695 5826 1838 5877 habet
1868 5825 2092 5877 Savilius.

1501 428 1559 484 S.
1599 427 1885 484 JOANNIS
1921 425 2404 484 CHRYSOSTOMI
2445 425 2756 482 ARCHIEP.
2800 417 3343 482 CONSTANTINOP.

3957 413 4063 471 360

2491 543 2599 614 7&9
2628 544 2873 614 ἀπρεπὲς
2900 542 3038 613 Θεῷ,
3068 540 3224 610 σῶμα
3258 532 3475 600 οἰκῆσαι
3511 528 3747 600 καθαρὸν
3779 529 3872 582 καὶ
3906 529 4064 600 ἀμω-

2496 653 2614 704 μον,
2653 633 2730 696 ὡς
2778 633 2936 702 ὑμεῖς
2981 632 3188 701 λέγετε·
3221 627 3353 682 πολὺ
3408 621 3604 695 μᾶλλον
3632 619 4062 690 ἀπρεπέστερον,

2493 727 2554 781 16
2585 724 2680 778 τοῦ
2713 723 2926 793 γόητος,
2953 723 3015 776 16
3035 722 3128 776 τοῦ
3149 715 3529 792 τυμϐωρύχου,
3555 711 3618 765 16
3644 708 3737 762 τοῦ
3766 709 4066 780 λῃστοῦ,τὸ

2500 818 2594 872 τοῦ
2615 816 2869 886 πιθήκου,
2889 815 2950 868 16
2974 815 3067 868 τοῦ
3101 814 3282 876 κυνὸς,
3317 811 3417 865 οὑκ
3437 805 3567 862 0616
3592 816 3618 845 ⁸
3652 801 3712 856 τὸ
3745 799 3896 872 [564]
3911 800 4067 869 ἀγιον

2501 911 2597 965 καὶ
2628 911 2856 980 ἄμωμον
2887 907 2982 960 καὶ
3015 909 3072 960 ἐν
3104 907 3254 978 δεξιᾷ
3275 904 3370 958 τοῦ
3409 899 3618 972 Πατρὸς
3642 895 3737 950 νῦν
3763 893 4068 964 καθεζόμε-

2497 1017 2609 1054 νον.
2645 997 2781 1053 Ποία
2807 995 2916 1068 γάρ
2963 995 3029 1049 ἂν
3058 995 3232 1066 βλάϐη
3257 995 3335 1065 τῷ
3361 992 3479 1062 Θεῴ
3519 988 3712 1059 γένοιτ’
3737 984 3803 1038 ἂν
3830 983 3940 1038 ἀπὸ
3966 984 4067 1054 τῆς

2499 1088 2808 1158 οἰκονομίας
2839 1085 3062 1157 ταύτης,
3092 1085 3126 1157 ἢ
3159 1086 3286 1138 ποία
3315 1083 3498 1153 κηλίς;
3538 1081 3650 1149 Οὑχ
3677 1077 3840 1147 ὁρᾶτε
3861 1075 4070 1128 τουτονὶ

2497 1182 2588 1234 16v
2616 1181 2786 1250 ήλιον,
2821 1171 2883 1232 o6
2910 1178 2969 1232 16
3018 1177 3178 1248 σῶμά
3224 1178 3369 1230 ἐστιν
3414 1170 3668 1242 αἰσθητὸν
3698 1168 3792 1222 καὶ
3829 1166 4070 1235 φθαρτὸν

2497 1268 2590 1322 καὶ
2621 1265 2902 1339 ἐπίκηρον,
2934 1264 3035 1319 κάν
3076 1264 3334 1336 μυριάκις
3367 1260 3768 1326 ἀποπνίγωνται
3809 1254 4072 1326 Ἕλληνες

2499 1357 2591 1411 καὶ
2607 1357 2900 1426 Μανιχαῖοι
2923 1355 3095 1409 ταῦτα
3127 1353 3450 1415 ἀκούοντες;
3483 1351 3593 1418 Οὑχ
3625 1343 3776 1410 οὗτος
3800 1346 3859 1399 δὲ
3887 1346 4070 1417 μόνον,

2499 1447 2632 1501 ἀλλά
2655 1447 2750 1500 καὶ
2779 1447 2873 1518 γῆ,
2905 1446 3000 1500 καὶ
3032 1445 3290 1509 θάλασσα,
3325 1442 3418 1495 καὶ
3468 1441 3612 1492 πᾶσα
3647 1436 3831 1500 ἁπλῶς
3869 1439 3903 1508 ή
3934 1439 4076 1508 όρω-

2504 1539 2640 1608 μένη
2668 1538 2866 1605 κτίσις,
2899 1541 2966 1610 τῇ
3006 1537 3326 1608 ματαιότητι
3354 1529 3737 1584 ὑποτέτακται.
3772 1528 3882 1582 Καὶ
3908 1527 4074 1581 ἀκουε

2501 1631 2710 1686 Παύλου
2767 1629 2923 1683 τοῦτο
2953 1627 3254 1698 δηλοῦντος,
3307 1625 3364 1676 ἐν
3398 1614 3479 1684 οἷς
3511 1637 3662 1692 φησι·
3699 1619 3778 1689 Τῇ
3803 1621 3915 1689 γὰρ
3961 1636 4076 1688 μα.

2501 1722 2760 1788 ταιότητι
2807 1722 2845 1788 ή
2893 1720 3088 1782 κτίσις
3137 1712 3424 1782 ὑπετάγη.
3460 1712 3572 1781 οὐχ
3623 1711 3870 1776 ἑκοῦσα,
3913 1710 4078 1766 ἀλλὰ

2501 1812 2600 1866 διὰ
2638 1814 2745 1866 τὸν
2771 1809 3150 1873 ὑποτάξαντα
3191 1805 3282 1858 ἐπ’
3335 1802 3558 1858 ἐλπίδι.
3591 1798 3725 1856 Εἰτα
3775 1802 3972 1872 δηλῶν,
4020 1801 4076 1856 τί

2505 1903 2633 1955 ποτέ
2660 1904 2798 1967 ἐστι,
2823 1899 3139 1970 ματαιότητι
3173 1895 3536 1964 ὑποταγῆναι,
3563 1894 3835 1964 ἐπήγαγε,
3877 1893 4074 1962 λέγων·

2506 1997 2634 2048 Ὅτι
2661 1994 2756 2047 καί
2774 1991 2928 2058 αὐτὴ
2958 1992 2997 2058 ή
3020 1991 3217 2054 κτίσις
3241 1985 3784 2055 ἐλευθερωθήσεται
3811 1985 3930 2040 ἀπὸ
3963 1982 4078 2051 τῆς

2505 2087 2782 2150 δουλείας
2822 2082 2932 2150 τῆς
2947 2081 3172 2151 φθορᾶς
3199 2083 3286 2146 εἰς
3313 2079 3429 2147 τὴν
3472 2080 3820 2147 ἐλευθερίαν
3840 2076 3950 2144 τῆς
3980 2075 4082 2128 δό-

2505 2176 2616 2244 ξης
2648 2175 2767 2228 τῶν
2782 2175 3005 2228 τέκνων
3028 2173 3135 2226 τοῦ
3161 2171 3502 2226 Θεοῦ.ὀστε
3529 2169 3624 2222 νῦν
3655 2169 3919 2238 ἐπίκηρός
3936 2167 4079 2228 ἐστι,

2505 2270 2598 2321 καὶ
2649 2267 2861 2338 φθαρτή
2893 2267 3029 2318 ἐστι’
3065 2264 3128 2317 16
3150 2264 3259 2336 7&9
3295 2265 3360 2333 τῇ
3407 2262 3582 2332 φθορᾷ
3631 2259 3898 2312 δουλεύειν
3926 2257 4081 2310 οὐδὲν

2505 2357 2688 2428 ἕτερόν
2704 2359 2872 2420 ἐστιν,
2903 2356 2937 2427 ἢ
2968 2355 3206 2427 φθαρτὸν
3240 2350 3398 2406 εἶναι.
3428 2353 3490 2404 Εἰ
3513 2351 3690 2402 τοίνυν
3713 2350 3740 2400 6
3763 2349 3932 2416 ἣλιος,
3977 2345 4083 2398 σῶο

2510 2465 2589 2520 μα
2622 2447 2860 2520 φθαρτὸν
2897 2447 2994 2514 ῶν,
3039 2443 3318 2516 πανταχοῦ
3352 2443 3449 2504 τάς
3481 2442 3706 2503 ἀκτῖνας
3739 2440 3953 2509 ἀφίησι,
3985 2438 4083 2491 καὶ

2510 2539 2790 2612 βορϐόροις
2817 2538 2913 2591 καὶ
2931 2538 3223 2608 μολυσμοῖς
3249 2534 3341 2588 καὶ
3370 2531 3582 2594 πολλοῖς
3615 2530 3794 2592 ἄλλοις
3816 2530 4084 2593 τοιούτοις

2507 2631 2710 2702 ὁμιλῶν
2748 2630 3056 2700 πράγμασι,
3091 2627 3241 2680 οὐδὲν
3273 2625 3381 2679 ἀπὸ
3406 2623 3508 2694 τῆς
3557 2622 3771 2692 ὁμιλίας
3814 2621 3924 2674 τῶν
3975 2638 4085 2673 σωο

2513 2721 2698 2792 μάτων
2721 2734 2745 2761 ι
2782 2722 2861 2782 εἰς
2877 2719 2972 2790 τὴν
2999 2718 3205 2772 οἰκείαν
3232 2715 3580 2785 καθαρότητα
3612 2711 4084 2782 παραϐλάπτεται,

2510 2811 2646 2866 ἀλλά
2681 2811 2776 2864 καὶ
2804 2807 3051 2879 καθαρὰς
3082 2805 3359 2860 συστέλλει
3389 2804 3487 2866 τάς
3517 2805 3740 2864 ἀκτῖνας
3776 2801 3957 2863 πάλιν,
3987 2803 4088 2868 τῆς

2509 2903 2716 2966 οἰκείας
2745 2901 2945 2972 ἀρετῆς
2978 2899 3190 2963 πολλοῖς
3211 2899 3320 2951 τῶν
3352 2893 3767 2963 ὑποδεξαμένων
3795 2891 3956 2946 αὑτὸν
3985 2908 4090 2942 σω-

2513 2993 2696 3062 μάτων
2724 2990 3059 3061 μεταδιδοὺς,
3083 2988 3184 3058 τῆς
3198 2987 3255 3040 δὲ
3282 2984 3544 3047 δυσωδίας
3570 2985 3664 3036 καὶ
3688 2981 3783 3034 τοῦ
3809 2979 4088 3052 μολυσμοῦ

2510 3081 2631 3135 οὑδὲ
2660 3081 2722 3134 16
2746 3080 2908 3151 τυχὸν
2939 3079 3100 3143 αὑτὸς
3133 3074 3588 3149 προσλαμϐάνων
3623 3071 3800 3141 πολλῷ
3841 3071 4042 3140 μᾶλλον
4064 3073 4093 3122 ὁ

2511 3172 2609 3242 τῆς
2633 3171 2978 3242 δικαιοσύνης
3017 3169 3190 3239 ἥλιος,
3220 3170 3248 3221 6
3301 3166 3408 3219 τῶν
3459 3164 3762 3232 ἀσωμάτων
3805 3163 4090 3230 δυνάμεων

2513 3262 2810 3331 Δεσπότης,
2863 3263 2943 3324 εἰς
2979 3258 3228 3328 καθαρὰν
3263 3257 3439 3327 σάρκα
3468 3252 3657 3315 ἐλθὼν,
3686 3253 3746 3305 οὑ
3781 3251 3940 3322 μόνον
3991 3250 4094 3304 οὑκ

2515 3353 2807 3425 ἐμολύνθη,
2833 3352 2968 3404 ἀλλά
2995 3351 3088 3403 καὶ
3114 3347 3280 3417 αὑτὴν
3313 3345 3516 3414 ταύτην
3540 3342 3952 3413 καθαρωτέραν,
3997 3339 4094 3391 καὶ

2516 3443 2823 3515 ἀγιωτέραν
2853 3443 3163 3512 εἰργάσατο.
3188 3437 3372 3490 Ταῦτα
3399 3432 3490 3489 οὖν
3521 3435 3737 3488 ἅπαντα
3762 3431 4094 3491 ἐννοοῦντες,

2519 3538 2611 3590 καὶ
2646 3534 3070 3606 μνημονεύοντες
3106 3531 3205 3601 τῆς
3235 3530 3418 3599 φωνῆς
3448 3529 3546 3600 τῆς
3584 3526 3872 3596 λεγούσηςο
3909 3525 4098 3578 Ἐνοι-

2518 3625 2686 3692 κήσω
2718 3626 2789 3678 ἐν
2837 3624 3059 3688 αὐτοῖς,
3108 3622 3206 3675 καί
3252 3619 3733 3690 ἐμπεριπατήσω·
3779 3619 3872 3671 καὶ
3909 3617 4095 3680 πάλιν,

2530 3717 2727 3786 Ὑμεῖς
2743 3716 2889 3781 ναὸς
2913 3714 3060 3769 Θεοῦ
3085 3713 3244 3779 ἐστε,
3277 3715 3373 3767 καὶ
3410 3713 3477 3766 τὸ
3526 3714 3771 3782 Πνεῦμα
3803 3710 3908 3765 τοῦ
3947 3707 4099 3764 Θεοῦ

2516 3807 2736 3862 ἐνοικεῖ
2759 3808 2830 3860 ἐν
2855 3805 3017 3876 ὑμῖν,
3051 3805 3144 3858 καὶ
3177 3807 3340 3877 ήμεῖς
3383 3802 3520 3874 πρὸς
3559 3805 3799 3865 ἐκείνους
3827 3802 4099 3868 λέγωμεν,

2518 3897 2612 3948 καὶ
2632 3897 2700 3948 τά
2721 3895 3052 3964 ἀναίσχυντα
3071 3895 3177 3947 τῶν
3194 3891 3406 3946 ἀσεϐῶν
3431 3890 3872 3962 ἀποφράττωμεν
3899 3887 4102 3955 στόμα-

2519 3999 2608 4045 τα,
2639 3983 2734 4036 καὶ
2762 3983 2854 4035 ἐπὶ
2902 3985 3014 4045 τοῖς
3047 3981 3342 4052 ἡμετέροις
3377 3978 3604 4046 ἀγαθοῖς
3650 3972 4098 4042 εὑφραμνώμεθα,

2522 4070 2615 4121 καὶ
2642 4069 2731 4121 16v
2766 4069 3114 4140 σαρκωθέντα
3163 4067 3296 4119 Θεὸν
3337 4063 3650 4131 δοξάζωμεν
3682 4061 3820 4130 ὑπὲρ
3869 4059 3966 4128 τῆς
4015 4075 4103 4112 το-

2527 4155 2728 4225 σαύτης
2759 4155 3238 4224 συγκαταϐάσεως,
3282 4152 3376 4204 καὶ
3415 4149 3558 4202 κατά
3591 4147 3816 4214 δύναμιν
3838 4146 3935 4214 τὴν
3965 4148 4103 4215 ήμε-

2523 4245 2710 4313 τέραν,
2739 4245 2893 4310 ἀξίαν
2937 4241 3228 4310 ἀποδῶμεν
3267 4237 3415 4308 αὑτῷ
3441 4239 3534 4291 καὶ
3563 4237 3661 4305 τὴν
3688 4234 3852 4304 τιμὴν
3875 4233 3970 4286 καὶ
4002 4235 4103 4303 τὴν

2527 4329 2782 4403 ἀμοιϐήν⁹
2811 4329 2928 4399 Θεῷ
2956 4329 3013 4380 δὲ
3049 4325 3255 4397 ἀμοιϐή
3291 4324 3519 4394 οὑδεμία
3549 4325 3681 4393 παρ’
3712 4320 3869 4390 ήμῶν
3904 4320 4104 4388 γένοιτ’

2525 4419 2612 4483 ἂν,
2642 4417 2754 4471 ἀλλ’
2783 4417 2815 4488 ἢ
2855 4419 3014 4487 μόνον
3041 4416 3074 4485 ἡ
3102 4412 3345 4483 σωτηρία
3371 4416 3404 4481 ή
3415 4410 3530 4482 μῶν
3563 4410 3658 4463 καί⁹
3683 4409 3792 4460 τῶν
3821 4407 4105 4479 ἡμετέρων

2525 4509 2732 4581 ψυχῶν,
2771 4508 2921 4576 καὶὴ
2956 4505 3082 4575 περὶ
3110 4503 3206 4573 τὴν
3239 4503 3438 4573 ἀρετὴν
3473 4498 3778 4568 ἐπιμέλεια.

2591 4597 2655 4662 ζ’.
2677 4598 2760 4669 Μὴ
2789 4595 2963 4650 τοίνυν
2989 4591 3272 4662 γενώμεθα
3295 4588 3608 4658 ἀγνώμονες
3631 4587 3759 4658 περί
3775 4586 3864 4638 τὸν
3886 4587 4105 4657 εὑεργέ.

2526 4705 2645 4759 την,
2675 4685 2809 4740 ἀλλά
2837 4683 2905 4735 τὰ
2937 4680 3078 4735 κατά
3107 4678 3329 4746 δύναμιν
3357 4677 3592 4734 ἀπαντες
3626 4674 3841 4727 ἅπαντα
3869 4675 4106 4743 εἰσενέγ-

2531 4796 2736 4849 κωμεν,
2770 4776 2973 4835 πίστιν,
3008 4770 3216 4831 ἐλπίδα,
3253 4770 3497 4840 ἀγάπην,
3547 4763 3918 4835 σωφροσύνην,
3953 4766 4106 4837 ἐλεηο

2535 4870 2790 4940 μοσύνην,
2820 4865 3141 4935 φιλοξενίαν.
3168 4862 3274 4918 Καὶ
3302 4861 3330 4914 ὂ
3354 4861 3543 4932 πρώην
3559 4859 3701 4928 ὑμᾶς
3738 4859 4104 4928 παρεκάλεσα,

2530 4962 2685 5015 τοῦτο
2709 4961 2800 5014 καὶ
2827 4959 2942 5024 νῦν,
2974 4958 3063 5010 καὶ
3095 4955 3179 5009 ἀεὶ
3213 4951 3547 5027 παρακαλῶν
3587 4949 3646 5002 οὑ
3690 4949 3990 5022 παύσομαι.
4039 4953 4106 5006 Τί

2531 5053 2585 5106 δὲ
2611 5052 2768 5105 τοῦτό
2812 5053 2962 5116 ἐστι;
3014 5049 3311 5111 Μέλλοντες
3364 5040 3646 5116 προσιέναι
3679 5044 3743 5112 τῇ
3780 5049 3978 5116 φρικτῇ
4014 5047 4107 5098 καὶ

2533 5147 2653 5216 θείᾳ
2671 5145 2842 5215 ταύτῃ
2868 5142 3111 5214 τραπέζῃ
3145 5141 3237 5196 καὶ
3273 5139 3393 5209 ἱερᾷ.
3428 5135 3806 5207 μυσταγωγίξι,
3833 5139 3970 5207 μετὰ
4003 5139 4100 5206 <25”

2533 5240 2629 5292 ϐου
2653 5238 2748 5291 καὶ
2772 5237 2971 5308 τρόμου
3004 5226 3160 5289 τοῦτο
3207 5234 3433 5291 ποιεῖτε,
3473 5227 3609 5299 μετά
3649 5227 3892 5302 καθαροῦ
3931 5246 4107 5281 συνει-

2531 5331 2702 5392 δότος,
2737 5329 2873 5400 μετά
2899 5327 3145 5400 νηστείας
3167 5325 3260 5379 καὶ
3290 5320 3612 5392 προσευχῆς,
3638 5321 3712 5393 μὴ
3731 5321 4108 5394 θορυϐοῦντες,

2538 5420 2671 5492 μηδὲ
2705 5418 3065 5483 λακτίζοντες,
3092 5415 3225 5487 μηδέ
3247 5411 3512 5474 ὠθοῦντες
3540 5412 3663 5476 106;
3681 5413 3928 5484 πλησίονο
3947 5409 4108 5478 £107.0-

2535 5531 2634 5586 της
2659 5513 2766 5585 γὰρ
2791 5513 2945 5566 τοῦτο
2968 5508 3285 5582 παρανοίας,
3324 5504 3418 5556 καὶ
3448 5508 3900 5578 καταφρονήσεως
3933 5503 3990 5553 οὑ
4012 5502 4110 5569 τῆς

2534 5607 2820 5678 τυχούσης.
2857 5607 2948 5659 Διὸ
2973 5604 3066 5657 καὶ
3107 5599 3304 5668 πολλὴν
3339 5596 3488 5671 [565]
3521 5600 3714 5668 ἐπάγει
3759 5601 3872 5660 τοῖς
3942 5592 4112 5646 ταῦτα

2601 5824 2626 5862 b
2650 5824 2744 5874 Mss
2779 5821 2868 5869 ἀπὶ
2896 5815 2974 5866 ιςῦ
2998 5812 3240 5870 μολυσμοῦ
3263 5817 3548 5877 σωματικῶν
3571 5814 3742 5877 ῥὺπων.
