4406 6688
354 470 459 525 559

333 592 560 645 ctantur,
594 581 891 650 multosque
931 595 992 632 ex
1036 573 1444 642 sunplieinrthus
1495 572 1706 625 turbant
1751 581 1908 638 atque

334 672 659 741 inquietant:
679 686 815 740 Opus
838 681 938 729 est.
964 682 1083 721 cum
1110 666 1174 717 ad
1200 666 1358 731 ipsus,
1382 676 1489 717 tum
1515 663 1581 716 ad
1606 660 1905 729 hujusmodi

329 760 423 828 qui
468 759 614 816 hisce
667 760 964 818 turbantur,
1016 767 1314 806 sermonem
1364 752 1621 821 dirigere,
1680 763 1746 803 ne
1786 747 1910 817 quid

335 866 585 921 umquam
642 851 843 905 insanis
890 843 1192 900 hominibus
1230 843 1628 912 acquiescentes
1671 852 1908 891 commo-

337 953 583 1009 reantur,
614 952 706 997 aut
744 941 1023 994 turbentur
1044 951 1111 991 ex
1137 934 1435 1005 bujusmodi
1466 931 1753 987 infideliqu
1786 929 1909 984 irri-

328 1034 502 1089 sione.
526 1035 659 1089 Nam
689 1041 744 1087 et
772 1029 921 1101 parvi
961 1029 1107 1097 pueri
1147 1043 1233 1082 res
1255 1029 1441 1090 serias,
1474 1033 1632 1093 atque
1656 1022 1790 1077 adeo
1815 1038 1909 1077 ne-

326 1127 588 1180 cessarias
626 1138 769 1191 smpe
810 1120 964 1174 nobis
989 1120 1305 1189 agitantibus
1344 1117 1520 1171 ridere
1560 1114 1766 1167 solent:
1799 1127 1903 1166 non

328 1224 508 1269 tamen
539 1214 734 1267 idcirco
762 1210 902 1263 risus
941 1209 1026 1263 hic
1052 1216 1416 1279 argumentum
1448 1214 1529 1259 est
1560 1219 1757 1267 rerum,
1787 1217 1905 1271 qu:e

330 1307 589 1367 ridentur,
618 1300 855 1365 vilitatis,
886 1299 977 1353 sed
1012 1315 1217 1362 eorum,
1242 1298 1329 1365 qui
1360 1295 1552 1358 rident,
1582 1294 1903 1347 stoliditatis.

324 1396 478 1464 Quod
523 1394 661 1447 idem
690 1390 843 1444 nobis
877 1390 943 1445 de
984 1390 1129 1444 hisce
1167 1387 1396 1445 ethnicis
1422 1386 1598 1439 dicere
1624 1386 1780 1439 licet:
1814 1385 1905 1453 qui

326 1486 508 1556 pueris
538 1484 669 1551 ipsis
710 1496 871 1550 pr0pe
910 1481 1228 1534 amentiores
1265 1493 1383 1532 cum
1414 1477 1540 1539 sint,
1571 1490 1632 1529 ea
1662 1474 1901 1540 irrident,

325 1594 446 1647 qua:
474 1575 719 1643 religioso
759 1572 985 1642 quodam
1031 1572 1253 1625 horrore
1296 1579 1455 1636 atque
1482 1567 1625 1619 muni
1671 1566 1903 1619 admira-

328 1670 473 1723 tione
518 1665 672 1735 plena
720 1673 873 1728 sunt,
911 1663 996 1717 illa
1049 1671 1247 1725 autem,
1280 1674 1397 1727 qua:
1451 1672 1635 1710 revera
1685 1655 1902 1708 ridenda

325 1769 497 1820 erant,
548 1754 824 1824 magnifice
869 1753 1127 1807 extollunt
1180 1760 1339 1819 atque
1387 1756 1667 1803 exornant.
1714 1747 1903 1799 Verum

326 1852 469 1903 enim
502 1862 629 1900 vero
656 1854 709 1899 et
735 1854 912 1897 nostra
955 1845 1025 1897 ita
1054 1844 1121 1896 ab
1148 1842 1275 1911 ipsis
1306 1841 1459 1895 irrisa
1490 1840 1543 1893 in
1572 1838 1782 1907 propria
1810 1852 1903 1890 sua

328 1940 673 1995 nihilominus
703 1935 975 2002 majestate
1022 1933 1325 2001 perdurant,
1357 1932 1505 1984 nullo
1548 1944 1643 1999 per
1670 1930 1904 1998 ipsorutn

329 2031 517 2091 risum,
564 2024 703 2092 quod
754 2023 817 2076 ad
869 2023 1222 2091 pra~stautiatn
1271 2036 1420 2073 suam
1472 2021 1679 2081 attinet,
1711 2018 1907 2071 damno

327 2129 547 2185 accepto
575 2133 589 2168 :
618 2124 672 2167 et
698 2114 929 2181 ipsorum
953 2120 1157 2171 contra,
1190 2110 1311 2162 licet
1341 2118 1615 2171 exornata,
1646 2110 1900 2176 privatam

327 2222 477 2261 suam
533 2202 909 2272 turpitudinem
970 2198 1215 2268 produnt.
1264 2196 1449 2250 Nonne
1494 2198 1634 2249 enim
1682 2197 1901 2250 extremi

328 2296 602 2366 cujusdam
632 2293 863 2363 stuporis
887 2301 990 2357 est,
1024 2290 1141 2343 illos
1168 2302 1388 2341 errones
1418 2287 1469 2340 in
1492 2286 1713 2356 lapides,
1744 2286 1901 2354 ligna,

329 2406 383 2448 et
431 2394 556 2447 vilia
601 2392 747 2459 signa
772 2388 903 2442 deos
946 2400 1073 2439 suos
1115 2382 1446 2446 inducentes,
1475 2388 1529 2433 et
1558 2390 1823 2447 tamquam
1854 2379 1903 2430 iu

328 2499 541 2538 carcere
578 2484 824 2551 quopiam
865 2475 1262 2537 concludentes,
1294 2471 1423 2524 nihil
1454 2479 1629 2523 tamen
1660 2468 1905 2521 arbitrari

329 2589 388 2627 se
416 2582 567 2641 turpe
591 2580 681 2624 aut
708 2569 891 2623 dicere
920 2575 1011 2619 aut
1048 2563 1225 2617 facere
1248 2580 1261 2613 :
1306 2576 1403 2614 nos
1428 2568 1602 2613 autem
1631 2573 1903 2620 accusare,

328 2661 471 2731 quod
516 2673 836 2721 asseramus,
885 2657 1046 2709 Deum
1096 2652 1195 2705 sibi
1245 2650 1499 2718 templum
1548 2649 1722 2701 vivum
1770 2661 1903 2701 con-

330 2751 586 2805 struxisse
610 2764 677 2803 ex
701 2749 897 2815 Spiritu
929 2755 1134 2807 sancto,
1166 2758 1263 2811 per
1292 2740 1435 2809 quod
1482 2740 1595 2791 orbi
1643 2749 1901 2793 terrarum

332 2841 582 2895 universo
610 2836 848 2907 profuit?
891 2837 953 2888 Et
979 2831 1274 2900 cujusmodi
1304 2830 1514 2883 tandem
1557 2830 1658 2883 hoc
1684 2844 1901 2883 accusa-

332 2932 493 2985 tionis
529 2924 730 2997 gcuus?
777 2924 832 2978 Si
876 2924 1016 2977 enim
1062 2932 1212 2997 turpe
1251 2930 1331 2981 est
1363 2920 1526 2979 Deum
1576 2920 1628 2978 in
1676 2922 1906 2978 humano

330 3038 556 3095 corpore
600 3021 857 3081 habitare,
905 3018 1265 3085 multomagis
1312 3017 1363 3068 in
1407 3016 1551 3084 ligno
1596 3024 1650 3068 et
1699 3013 1903 3083 lapide:

329 3130 458 3167 sane
501 3120 643 3165 tanto
688 3110 912 3177 turpius,
940 3117 1137 3176 quanto
1181 3106 1309 3172 lapis
1338 3115 1391 3158 et
1441 3105 1640 3173 lignum
1691 3105 1907 3159 homine

329 3206 484 3257 vilius
513 3222 523 3256 :
558 3202 658 3256 nisi
706 3201 842 3255 forte
870 3201 981 3268 ipsa
1012 3200 1229 3251 materia
1261 3212 1447 3251 sensus
1485 3205 1703 3263 experte
1740 3210 1907 3265 genus

331 3303 569 3348 nostrum
600 3290 857 3359 abjectius
894 3289 996 3342 illis
1038 3302 1155 3341 esse
1189 3287 1442 3339 videatur.
1476 3286 1611 3353 Quin
1654 3288 1810 3339 etiam
1852 3286 1903 3339 in

330 3384 461 3438 feles
487 3393 537 3437 et
568 3397 727 3435 canes
758 3380 878 3449 ipsi,
910 3378 1059 3432 multi
1098 3386 1273 3430 autem
1316 3375 1682 3429 ltzereticorum
1722 3376 1774 3428 in
1804 3375 1905 3429 alia

330 3475 545 3543 insuper
588 3473 732 3527 hisce
777 3471 1205 3541 ignominiosiora
1253 3468 1449 3522 audent
1491 3468 1580 3521 Dei
1622 3467 1906 3521 essentiam

331 3568 620 3624 habitatum
664 3565 974 3617 immittere.
1004 3560 1154 3628 Quod
1182 3576 1279 3613 nos
1321 3575 1493 3629 neque
1533 3559 1777 3620 dicimus,
1812 3573 1909 3610 ne-

330 3674 435 3727 que
464 3657 699 3708 dicentes
720 3651 1001 3720 aliquando
1025 3650 1208 3703 audire
1246 3651 1621 3702 sustineamus.
1655 3647 1757 3701 Sed
1782 3647 1909 3699 illttd

333 3756 535 3802 tantum
578 3742 887 3804 asserimus,
928 3738 1193 3792 Christum
1240 3752 1452 3789 carnem
1484 3737 1753 3802 mundam,
1786 3751 1911 3790 san-

331 3850 505 3903 ctam,
554 3832 1069 3903 irrepreheusibilem
1115 3837 1431 3898 peccatoque
1474 3828 1618 3881 omni
1668 3829 1910 3883 inacces-

332 3946 467 3991 sum,
500 3943 566 3982 ex
596 3925 830 3994 virgineo
859 3931 1009 3976 utero
1060 3920 1403 3989 prodeuntem
1430 3919 1801 3986 assumpsisse,
1832 3927 1912 3971 at-

332 4034 437 4088 que
465 4018 535 4070 ita
564 4029 716 4068 suum
758 4013 1061 4080 figmentum
1092 4020 1440 4063 restauraSse.
1468 4008 1545 4060 Ac
1572 4007 1643 4058 illi
1672 4005 1905 4073 quidem,

334 4118 392 4163 et
416 4109 504 4177 qui
532 4107 644 4177 pari
672 4120 790 4159 cum
822 4104 947 4172 ipsis
976 4101 1250 4170 impietate
1275 4100 1587 4168 delinquunt
1612 4097 1905 4162 Manichmi,

335 4201 389 4254 in
425 4214 587 4253 canes
628 4207 680 4250 et
723 4196 904 4248 simias
950 4192 1192 4260 ferasque
1232 4192 1405 4244 omnis
1444 4192 1654 4259 generis
1683 4189 1909 4242 divinam

336 4293 624 4344 essentiam
657 4288 964 4341 inducentes
996 4302 1009 4337 :
1046 4284 1273 4336 animam
1302 4284 1443 4335 enim
1474 4282 1718 4335 omnibus
1747 4280 1829 4334 his
1849 4296 1914 4334 ex

336 4381 422 4436 illa
452 4379 683 4432 essentia
711 4391 832 4430 esse
857 4375 1070 4430 dicunt:
1115 4390 1217 4425 non
1260 4373 1477 4425 horrent
1508 4388 1679 4440 neque
1719 4371 1914 4425 erube

338 4478 529 4525 scunt:
566 4482 661 4520 nos
688 4480 814 4518 vero
842 4464 953 4517 Deo
980 4463 1190 4529 indigna
1220 4462 1396 4514 dicere
1425 4462 1591 4524 aiunt,
1632 4463 1752 4527 quia
1784 4461 1914 4513 nihil

339 4564 528 4616 horum
554 4574 617 4613 ne
638 4555 953 4627 cogitatione
984 4554 1194 4623 quidem
1223 4553 1565 4611 admittimus,
1592 4553 1681 4605 sed
1711 4563 1909 4604 tantum

337 4651 480 4722 quod
535 4650 644 4705 Deo
682 4648 1004 4703 conveniens
1050 4655 1205 4712 .thttc
1257 4645 1453 4698 decens
1495 4652 1609 4697 erat
1652 4644 1909 4697 dicimus:

340 4758 530 4813 nempe
568 4741 739 4808 ipsum
776 4738 1073 4792 advenisse.
1130 4746 1183 4787 et
1224 4735 1322 4789 hoc
1361 4735 1716 4804 generationis
1756 4735 1914 4789 modo

340 4836 613 4905 proprium
642 4848 795 4886 suum
826 4846 955 4898 opus
987 4838 1327 4881 testaurasse.
1352 4828 1485 4894 Quid
1510 4828 1625 4881 ais?
1652 4829 1734 4881 die
1766 4828 1913 4881 mihi.

341 4923 624 4988 'l'unc,qui
671 4921 1048 4975 homicidarum
1099 4927 1150 4969 et
1200 4918 1639 4984 prtestigiatorum
1685 4919 1913 4972 animam

342 5016 535 5070 divina:
563 5014 807 5067 assentire
835 5028 953 5066 esse
980 5010 1188 5071 asseris,
1217 5024 1312 5061 nos
1335 5024 1585 5062 accusare
1615 5012 1801 5075 audes,
1832 5012 1919 5078 qui

345 5111 533 5163 horum
564 5105 776 5173 quidem
824 5104 951 5157 nihil
983 5118 1084 5156 non
1113 5100 1269 5153 modo
1298 5114 1401 5151 non
1435 5100 1651 5155 ferimus
1678 5113 1766 5156 aut
1790 5117 1913 5156 sus-

345 5202 573 5255 tincnms
616 5196 799 5249 audire
824 5238 838 5261 ,
870 5196 963 5248 sed
994 5195 1079 5263 qni
1122 5194 1204 5246 illa
1235 5191 1434 5256 dicunt,
1462 5191 1651 5259 impios
1676 5209 1795 5249 esse
1831 5194 1919 5263 ju-

346 5289 617 5349 dicamus?
643 5288 776 5354 Quid
811 5289 964 5357 igitur
989 5285 1249 5341 dicimus?
1279 5284 1404 5338 Illud
1432 5284 1677 5338 nimirum
1700 5304 1712 5337 :
1757 5288 1919 5341 Deum

348 5395 652 5443 cnnstrnczo
700 5391 883 5433 sancto
934 5380 1035 5433 hoc
1076 5380 1173 5435 sibi
1218 5379 1434 5448 templo,
1461 5394 1553 5447 per
1581 5377 1806 5444 idipsum
1854 5396 1919 5434 ex

356 5482 488 5536 calo
546 5475 810 5533 ca'lestem
861 5474 1141 5538 quemdam
1198 5488 1371 5526 rerum
1420 5482 1608 5524 statum
1658 5471 1707 5521 in
1759 5471 1921 5524 vitam

359 5580 592 5625 nostram
620 5563 895 5618 invexiSse.
928 5561 991 5613 iit
1015 5562 1193 5629 quidni
1224 5562 1410 5615 merito
1449 5559 1633 5612 millies
1659 5573 1755 5612 vos
1780 5561 1926 5627 capi-

354 5661 420 5714 tis
447 5653 748 5714 damnandi,
780 5659 888 5704 tum
918 5652 987 5703 ob
1027 5652 1439 5715 accusationem,
1468 5664 1566 5718 qua
1620 5664 1716 5701 nos
1761 5652 1927 5717 impe-

352 5752 481 5815 titis,
508 5760 619 5803 tum
662 5744 733 5799 ob
772 5739 1112 5810 impietatem,
1142 5755 1298 5807 quam
1345 5740 1397 5793 in
1446 5740 1605 5793 Deum
1646 5737 1927 5793 admittere

354 5858 455 5898 non
502 5834 788 5895 dcsistitis?
843 5832 895 5885 Si
944 5828 1084 5883 enim
1130 5828 1241 5884 Deo
1287 5839 1365 5884 est
1412 5830 1679 5888 indecens.
1730 5838 1785 5883 ut
1833 5844 1927 5884 vos

1290 453 1358 507 IN
1401 454 1559 509 NE.
1598 454 1923 514 NATALEM
1967 460 2027 514 ).
2070 459 2134 513 .
2173 460 2335 515 JESU
2372 458 2667 514 CHRISTI.

3486 460 3587 514 560

2016 567 2211 630 dicitis,
2255 568 2550 624 inhabitare
2603 583 2796 638 corpus
2835 586 3021 639 purum
3069 580 3122 625 ct
3170 571 3585 637 immaculatum,

2014 661 2183 714 multo
2206 671 2346 715 certe
2374 662 2705 715 indecentius
2732 669 2815 715 est
2852 664 3269 733 prastigiatoris,
3311 664 3586 731 sepulcro-

2013 766 2131 805 rum
2177 751 2497 816 sufiossoris,
2540 751 2777 814 iatronis,
2807 752 2913 805 imo
2956 755 3122 808 simia:
3144 764 3199 809 et
3244 754 3426 818 canis;
3481 769 3588 808 non

2012 850 2188 894 autem
2215 850 2451 894 sanctum
2482 840 2614 895 illud
2641 851 2797 909 atque
2823 842 3310 910 incontaminatum,
3340 844 3590 914 quodque

2013 946 2155 986 nunc
2204 932 2254 985 in
2298 934 2514 987 dextera
2546 933 2717 986 Patris
2746 933 2916 986 sedet.
2945 934 3092 999 Quod
3120 936 3264 990 enim
3309 937 3586 1001 damumn,

2011 1032 2102 1074 aut
2130 1025 2329 1076 macula
2373 1024 2481 1077 Deo
2505 1024 2791 1077 accesserit
2835 1038 2902 1077 ex
2948 1024 3045 1077 hac
3086 1029 3421 1102 (nconomia?
3472 1027 3587 1082 Non

2013 1116 2202 1168 videtis
2246 1118 2411 1169 solem
2464 1115 2628 1178 hunc,
2660 1116 2812 1182 cujus
2851 1130 3044 1184 corpus
3088 1118 3358 1183 sensibile,
3399 1133 3587 1171 eorru-

2013 1207 2181 1276 ptioni
2207 1208 2498 1275 subjectum
2520 1218 2680 1276 atque
2711 1207 2978 1260 infirmum
3002 1216 3101 1269 est,
3130 1218 3440 1277 rumpantur
3466 1209 3591 1265 licet

2011 1298 2203 1351 millies
2231 1297 2342 1351 lnec
2371 1298 2651 1351 audientes
2691 1298 2918 1367 gentiles
2955 1313 3019 1351 ac
3047 1297 3358 1352 Manichmi?
3409 1299 3591 1368 Neque

2010 1402 2139 1440 vero
2164 1387 2242 1440 sol
2268 1386 2560 1453 dumtaxat,
2585 1388 2676 1441 sed
2707 1390 2867 1442 ctiam
2898 1398 3062 1454 terra,
3100 1404 3268 1452 mare,
3300 1398 3456 1457 atque
3480 1406 3593 1441 unt-

2012 1480 2093 1531 nis
2118 1478 2336 1530 omniuo
2385 1493 2561 1531 rerum
2594 1479 2788 1532 fabrica
2815 1479 2914 1533 sub
2955 1489 3227 1548 aspectum
3256 1479 3474 1545 cadens,
3502 1495 3593 1532 va~

2009 1570 2159 1624 nitati
2191 1570 2428 1639 subjecta
2456 1579 2558 1623 est.
2602 1570 2730 1623 Nam
2772 1571 2892 1625 attdi
2923 1572 3144 1625 Paulum
3186 1571 3287 1626 hoc
3316 1571 3591 1624 manifeste

2008 1663 2311 1727 docentem,
2340 1662 2466 1715 dum
2497 1662 2614 1714 ait:
2658 1660 2879 1713 Varrifati
2921 1663 3053 1714 enim
3095 1672 3325 1714 creatura
3371 1663 3595 1729 subjecta

2008 1765 2099 1819 est,
2128 1772 2227 1808 non
2258 1756 2446 1821 volens,
2484 1754 2573 1809 sed
2619 1764 2825 1823 prapter
2851 1770 2983 1815 eum,
3015 1754 3102 1823 qui
3148 1754 3358 1825 subjecit
3403 1771 3513 1807 eam
3542 1756 3594 1808 in

2010 1861 2097 1909 spe
2125 1845 2297 1914 (Rom.
2327 1846 2379 1899 8.
2407 1845 2519 1914 20).
2562 1844 2661 1911 Qui
2688 1844 2884 1899 deinde
2910 1844 3190 1898 ostendere
3230 1845 3410 1897 volens
3436 1843 3593 1914 quid-

2012 1951 2132 1988 nam
2168 1937 2236 1990 sit
2283 1936 2411 1989 illud
2452 1936 2669 1989 vanitati
2700 1936 2996 2004 subjectum
3025 1951 3166 1998 esse,
3193 1935 3470 1988 subintulit
3507 1935 3594 1987 di-

2010 2040 2139 2080 cens
2171 2043 2182 2077 :
2219 2025 2347 2091 Quia
2374 2037 2421 2079 et
2451 2028 2561 2094 ipsa
2588 2035 2818 2079 creatura
2856 2027 3145 2080 liberabitur
3226 2026 3458 2079 servitute
3484 2041 3597 2078 cor-

2009 2117 2278 2179 ruptionis,
2308 2116 2360 2167 in
2388 2116 2663 2167 libertatem
2695 2118 2869 2186 gloria:
2897 2118 3119 2185 filiorum
3149 2115 3245 2169 Dei
3288 2116 3335 2188 (l
3344 2118 3446 2171 bid.
3479 2118 3593 2187 ).

2007 2206 2210 2274 Nempe
2235 2205 2579 2274 corruptibile
2602 2206 2728 2273 quid
2760 2221 2898 2258 nunc
2918 2217 2998 2260 est
3027 2218 3267 2262 creatura
3290 2226 3302 2263 :
3333 2209 3592 2277 siquidem

2008 2294 2332 2363 eorrttptioni
2364 2296 2563 2347 servire
2593 2295 2721 2348 nihil
2751 2304 2835 2349 est
2866 2296 3029 2359 aliud,
3062 2312 3218 2365 quam
3250 2300 3596 2366 corruptibile

2012 2399 2151 2436 esse.
2182 2385 2331 2452 Quod
2363 2386 2405 2437 si
2438 2400 2565 2454 ergo
2610 2386 2711 2448 sol,
2754 2401 2946 2455 corpus
2992 2389 3333 2456 Corruptibile
3357 2404 3474 2442 cum
3505 2390 3591 2453 sit,

2014 2475 2205 2541 ubique
2250 2478 2424 2529 radios
2453 2492 2579 2529 suos
2625 2480 2839 2543 emittit,
2868 2493 3044 2544 caeno,
3078 2481 3342 2545 sordibus,
3370 2481 3596 2549 aliisque

2015 2563 2195 2617 multis
2218 2565 2267 2617 id
2294 2581 2461 2633 genus
2488 2568 2645 2619 rebus
2671 2581 2790 2619 sese
2812 2570 3232 2632 communicans,
3254 2570 3383 2623 nihil
3416 2580 3594 2625 tamen

2014 2670 2081 2709 ex
2111 2654 2210 2708 hac
2254 2656 2489 2710 fieditate
2517 2671 2894 2723 corporearum
2924 2657 3219 2711 istiusmodi
3263 2660 3497 2713 sordium
3543 2661 3599 2715 iu

2016 2758 2111 2798 sua
2155 2745 2241 2797 illa
2276 2746 2500 2813 puritate
2531 2746 2756 2807 lmditur,
2784 2747 2876 2800 sed
2910 2748 3135 2801 mundos
3162 2748 3283 2801 illos
3310 2763 3433 2801 suos
3462 2751 3511 2803 in
3538 2763 3598 2805 se

2011 2837 2187 2889 radios
2234 2836 2474 2900 retrahit,
2506 2851 2571 2890 ac
2622 2838 2803 2891 multis
2848 2853 3057 2892 rursum
3104 2840 3437 2907 corporibus,
3476 2856 3595 2911 quae

2012 2925 2183 2997 ipsum
2214 2928 2527 2997 suscipiunt,
2557 2931 2663 2983 vim
2713 2944 2864 2982 suam
2909 2929 3263 2997 virtutemque
3294 2932 3591 2999 participat,

2014 3036 2077 3075 ac
2107 3021 2247 3074 noxii
2284 3030 2372 3073 aut
2401 3021 2598 3074 sordidi
2626 3036 2690 3075 ex
2722 3021 2827 3075 illis
2848 3036 2913 3075 ne
2940 3023 3213 3075 minimum
3243 3023 3455 3091 quidem
3483 3023 3595 3091 ipse

2013 3111 2065 3165 in
2088 3126 2145 3164 se
2184 3111 2488 3178 recipiens:
2534 3120 2731 3179 quanto
2762 3111 2929 3179 magis
2976 3110 3191 3179 justitize
3236 3112 3324 3165 ille
3368 3112 3478 3175 Sol,
3510 3112 3596 3168 ille

2015 3202 2278 3255 Virtutum
2315 3200 2746 3269 incorporearum
2779 3201 3053 3266 Dominus,
3084 3202 3133 3255 in
3168 3218 3353 3272 puram
3381 3217 3595 3257 carnem

2012 3292 2315 3360 ingrediens
2342 3307 2444 3343 non
2476 3292 2647 3343 solum
2680 3306 2787 3343 non
2813 3290 3115 3359 inquinatus
3142 3302 3243 3353 est,
3273 3292 3365 3344 sed
3410 3301 3593 3345 contra

2009 3384 2168 3436 etiam
2215 3383 2486 3451 puriorem
2536 3397 2652 3434 eam
2700 3382 2869 3450 ipsam
2915 3383 3339 3452 sanetinremquc
3383 3384 3595 3440 eth-cit?

2012 3475 2183 3541 Atque
2228 3472 2342 3524 ha'c
2372 3472 2583 3541 quidem
2611 3472 2787 3525 omnia
2820 3481 2995 3525 mente
3020 3471 3315 3536 volventes,
3347 3483 3401 3526 et
3444 3489 3594 3524 com-

2015 3572 2374 3617 memorantes
2410 3564 2642 3616 divinam
2692 3579 2899 3620 vocem.
2943 3562 3251 3617 dicentem:
3297 3562 3597 3617 lnhabitabo

2015 3656 2067 3705 in
2096 3653 2217 3718 illis,
2246 3662 2292 3705 et
2320 3653 2642 3705 inambnlubo
2688 3652 2869 3724 (Leuit.
2902 3654 2991 3708 26.
3028 3654 3123 3716 12;
3155 3653 3207 3705 9..
3243 3656 3358 3705 (.
3389 3654 3442 3708 6.
3478 3654 3595 3721 )

2017 3754 2069 3799 et
2096 3760 2300 3797 rursum
2341 3762 2352 3796 :
2396 3743 2494 3796 Vos
2525 3745 2761 3812 templum
2794 3743 2883 3796 0
2910 3745 3048 3807 estis,
3067 3755 3113 3795 et
3140 3744 3363 3811 Spiritus
3392 3743 3488 3796 Dci
3513 3745 3595 3797 iu-

2018 3834 2203 3886 habitat
2245 3834 2297 3885 in
2335 3834 2467 3886 vobis
2499 3835 2571 3904 (i.
2605 3833 2721 3887 Cor.
2757 3835 2809 3887 .
2857 3832 2964 3903 16),
2995 3834 3153 3886 etiam
3202 3849 3300 3888 nos
3342 3833 3596 3889 adversus

2018 3922 2149 3975 istos
2177 3923 2435 3983 dicamne,
2464 3933 2515 3975 et
2558 3923 2880 3991 impudentia
2922 3924 3200 3991 impiorum
3230 3938 3320 3975 ora
3349 3924 3593 3978 obstrua-

2017 4030 2156 4079 mus,
2189 4016 2491 4083 nostrisque
2521 4018 2727 4069 interim
2760 4016 2913 4070 bonis
2940 4015 3200 4081 lzetemur,
3228 4030 3289 4069 ac
3320 4016 3484 4070 Deum
3514 4017 3597 4069 in-

2015 4115 2291 4158 carnatum
2318 4105 2386 4157 ob
2416 4116 2520 4156 tam
2568 4106 2923 4173 indulgentem
2954 4105 3018 4159 ad
3050 4122 3147 4160 nos
3177 4122 3343 4176 usque
3392 4109 3471 4161 sui
3502 4109 3599 4163 de-

2018 4196 2327 4249 ntis-sionem
2375 4195 2763 4264 glorificemus,
2810 4204 2863 4248 et
2916 4210 3009 4261 pro
3058 4196 3250 4248 virium
3296 4205 3599 4251 nostrarum

2020 4284 2265 4339 facultate
2316 4285 2630 4353 condignam
2687 4285 2783 4351 ipsi
2828 4286 3221 4338 venerationem
3269 4286 3599 4354 gratiamque

2022 4378 2342 4430 reddamus:
2379 4378 2484 4429 Deo
2532 4387 2705 4429 autem
2739 4376 2878 4430 nulla
2906 4393 2935 4429 a
2972 4376 3124 4429 nobis
3168 4376 3452 4445 gratiarum
3508 4393 3603 4445 par

2023 4468 2305 4520 retributio
2340 4468 2455 4520 fieri
2483 4477 2660 4536 queat,
2692 4467 2787 4521 nisi
2824 4467 2993 4519 solum
3020 4483 3100 4528 ea,
3130 4482 3247 4533 qua:
3273 4467 3515 4521 consistit
3545 4466 3599 4520 in

2020 4566 2200 4609 nostra
2227 4559 2629 4626 animarumque
2659 4568 2954 4609 nostrarum
3003 4556 3194 4620 salute,
3225 4565 3383 4625 atque
3410 4556 3462 4609 in
3490 4556 3601 4609 vir-

2022 4648 2147 4699 tutis
2184 4650 2379 4701 studio.

2092 4739 2143 4792 7.
2196 4740 2317 4804 Quis
2369 4740 2545 4791 modus
2594 4739 2861 4791 accedendi
2905 4738 2970 4790 ad
3028 4738 3198 4792 divina
3236 4740 3486 4809 mysteria.
3527 4764 3603 4779 -

2020 4830 2097 4883 Ne
2122 4830 2287 4884 simus
2312 4844 2438 4898 ergo
2467 4830 2551 4883 hic
2588 4831 2773 4899 ingrati
2803 4845 2926 4899 erga
2964 4830 3088 4882 tanti
3127 4831 3176 4881 in
3220 4844 3313 4880 nos
3357 4827 3600 4883 beneficii

2023 4931 2316 4985 auctorem,
2340 4921 2434 4975 sed
2457 4936 2646 4976 omnes
2675 4922 2849 4974 omnia
2887 4922 2933 4973 ei
2975 4934 3069 4987 pro
3098 4918 3232 4970 virili
3272 4918 3558 4971 offeramus
3578 4955 3599 4985 ,

2029 5016 2219 5079 fidem,
2259 5031 2443 5084 Spem,
2486 5016 2789 5075 caritatem,
2825 5011 3221 5078 temperantiam
3248 5052 3263 5074 ,
3305 5010 3607 5065 miscricor-

2026 5111 2167 5163 diam
2194 5151 2207 5171 ,
2241 5110 2665 5176 liOSpiialilalem.
2696 5106 2760 5157 Et
2783 5104 2850 5157 ad
2878 5103 3020 5172 quod
3047 5119 3217 5173 nuper
3242 5119 3334 5157 vos
3356 5104 3603 5155 cohorta-

2029 5210 2111 5253 tus
2138 5216 2276 5261 sum,
2300 5198 2365 5252 ad
2389 5198 2438 5250 id
2466 5197 2624 5249 etiam
2655 5210 2795 5248 nunc
2817 5205 2870 5249 et
2897 5195 2946 5247 in
2978 5204 3243 5263 posterum
3272 5207 3480 5259 semper
3509 5206 3604 5246 vos

2030 5289 2296 5344 cohortari
2327 5303 2432 5341 non
2461 5286 2734 5340 desistam.
2778 5286 3038 5354 Quidnam
3083 5284 3225 5336 hoc?
3254 5282 3384 5333 Cum
3426 5295 3607 5334 acces-

2033 5382 2140 5437 suri
2170 5381 2297 5435 estis
2321 5380 2385 5433 ad
2411 5380 2738 5436 tremendam
2758 5380 3092 5445 divinamque
3120 5376 3261 5428 illam
3289 5389 3528 5429 mensam
3556 5383 3610 5428 ct

2034 5490 2181 5527 satra
2201 5474 2474 5543 mysteria,
2500 5487 2621 5527 cum
2643 5474 2830 5525 timore
2857 5486 2915 5523 ac
2944 5479 3169 5521 tremore
3202 5467 3301 5519 hoc
3331 5466 3484 5519 facite
3509 5464 3603 5535 (),

2034 5579 2154 5618 cmn
2197 5579 2325 5631 pura
2369 5563 2731 5622 conscientia,
2764 5575 2880 5612 cum
2923 5556 3126 5626 jejunio
3164 5567 3219 5611 et
3264 5558 3605 5625 precatione:

2038 5671 2141 5709 non
2174 5656 2554 5709 tumultuantes
2578 5694 2593 5717 ,
2625 5667 2728 5705 non
2757 5650 3095 5704 calcitrautes
3116 5688 3132 5714 ,
3175 5663 3280 5701 non
3312 5646 3609 5715 proximum

2102 5838 2174 5900 ()
2209 5837 2322 5887 Vide
2348 5835 2589 5885 ttcvniiiair.
2615 5837 2662 5886 in
2684 5844 2728 5885 S.
2756 5832 3098 5898 thilogouiunt.
3122 5835 3141 5880 t
3188 5829 3227 5878 1-
