4432 6684
838 420 938 478 θυι

841 531 1177 602 itnpellentes
1207 551 1219 587 :
1260 542 1516 587 extrema:
1544 530 1684 583 enim
1724 528 1825 584 hoc
1860 530 2123 599 superbia:
2148 536 2263 591 est,
2289 539 2417 578 con-

842 626 1249 693 temptionisque
1294 622 1510 676 minime
1548 622 1776 691 vulgaris
1820 639 1833 676 :
1878 636 2044 691 quare
2089 620 2245 673 etiam
2293 616 2417 670 talia

844 716 1264 785 perpetrantibus
1293 714 1619 784 punitionem
1663 713 1884 767 multam
1924 713 2188 767 conciliat.
2222 710 2420 763 Tecum

841 816 1055 874 napum,
1083 819 1115 859 ο
1150 804 1311 859 homo
1335 845 1351 870 ,
1378 806 1587 873 qualem
1618 802 1849 857 hostiam
1877 817 1936 857 es
1962 808 2383 856 contrectaturns
2403 838 2419 865 ,

839 896 1046 964 qualem
1074 910 1313 949 mensam
1352 895 1625 958 aditurus;
1664 903 1838 947 tecmn
1883 902 2064 961 reputa
2091 932 2105 955 ,
2131 888 2271 959 quod
2298 904 2422 943 cum

841 996 981 1041 terra
1008 988 1081 1042 sis
1105 999 1156 1043 ct
1183 988 1339 1050 cinis,
1368 1002 1561 1055 corpus
1589 996 1645 1041 et
1669 985 1979 1055 sanguinem
2006 982 2202 1037 Christi
2232 982 2419 1036 sumis.

840 1077 966 1132 Etsi
997 1094 1091 1134 vos
1118 1095 1210 1135 rex
1236 1078 1449 1149 quidem
1476 1079 1543 1133 ad
1571 1079 1871 1133 convivium
1893 1086 2061 1138 vocet,
2085 1091 2205 1129 cum
2234 1076 2425 1129 timore

838 1170 1172 1235 accumbitis,
1197 1171 1451 1241 cibosque
1473 1171 1744 1239 appositas
1773 1185 1891 1222 cum
1932 1167 2227 1221 reverentia
2261 1176 2316 1220 ct
2354 1167 2425 1220 si-

840 1257 1004 1313 lentio
1023 1261 1233 1314 sumitis
1261 1277 1277 1325 ;
1308 1261 1416 1315 Deo
1442 1271 1617 1315 autem
1658 1269 1708 1313 te
1745 1259 1812 1313 ad
1855 1273 2005 1312 suam
2049 1271 2292 1311 mensam
2336 1274 2426 1310 vo-

838 1360 996 1405 cante
1017 1391 1033 1416 ,
1066 1350 1362 1421 Filiumqne
1389 1367 1543 1405 suum
1573 1350 1643 1403 ibi
1681 1358 1982 1418 apponente
2005 1390 2020 1414 ,
2051 1349 2139 1404 ubi
2170 1350 2426 1419 angelica:

841 1448 1131 1506 potestates
1155 1440 1417 1494 adsistunt
1441 1455 1561 1493 cum
1591 1440 1782 1494 timore
1802 1448 1858 1493 et
1879 1449 2112 1494 tremore
2137 1482 2152 1504 ,
2178 1441 2262 1495 ubi
2292 1440 2426 1495 Che-

842 1528 1014 1581 rubini
1046 1530 1222 1582 velant
1260 1530 1418 1583 facies
1456 1544 1581 1584 suas
1602 1570 1617 1593 ,
1656 1537 1817 1598 atque
1856 1529 2137 1599 Seraphini
2166 1546 2285 1585 cum
2316 1540 2423 1584 tre-

839 1635 989 1674 more
1020 1620 1270 1686 clamant,
1315 1621 1561 1686 Sanctus,
1601 1621 1852 1687 Sanctus,
1880 1622 2109 1678 Sanctus
2134 1623 2423 1677 Dominus:

839 1720 892 1763 tu
916 1710 1045 1764 mihi
1064 1711 1229 1767 audes
1255 1712 1598 1767 vociferando
1620 1728 1683 1766 ac
1710 1712 2078 1767 tumultuando
2098 1713 2164 1766 ad
2189 1710 2428 1781 spiritale

840 1800 970 1854 illud
1018 1802 1320 1856 convivium
1366 1803 1665 1857 accedere?
1702 1804 1783 1856 An
1825 1812 1875 1856 te
1914 1802 2045 1871 fugit
2083 1818 2149 1857 co
2191 1811 2430 1872 tempore

840 1893 1005 1947 multa
1036 1896 1418 1965 tranquillitate
1464 1903 1693 1948 mentem
1731 1908 1851 1948 esse
1892 1893 2105 1963 plenam
2134 1894 2431 1963 oportere?

839 1983 1107 2053 Multaque
1135 2000 1262 2053 pace
1282 2000 1343 2038 ac
1362 1985 1539 2052 quiete
1564 1998 1695 2052 opus
1717 1992 1822 2048 est,
1851 1999 1957 2038 non
1982 1992 2162 2039 autem
2180 1985 2429 2051 tumultu,

839 2074 1105 2128 iracundia
1130 2116 1145 2141 ,
1177 2075 1507 2144 strepituque
1540 2092 1553 2128 :
1588 2076 1703 2129 lucc
1743 2076 1887 2130 enim
1931 2075 2263 2130 immundam
2312 2076 2430 2130 ani-

838 2178 978 2216 mam
1006 2164 1347 2219 accedentem
1369 2165 1629 2220 efﬁciunt.
1660 2166 1919 2231 Qurenam
1948 2176 2127 2221 autem
2154 2168 2303 2221 venia
2333 2182 2432 2220 no-

842 2252 922 2305 bis
950 2252 1207 2309 babeatnr
1233 2295 1249 2320 ,
1292 2255 1338 2308 si
1377 2264 1498 2324 post
1535 2264 1678 2309 tanta
1721 2266 1935 2323 peccata
1959 2296 1973 2319 ,
2007 2257 2195 2310 saltem
2222 2263 2433 2323 tempus

841 2340 963 2405 hoc,
992 2358 1098 2412 quo
1122 2344 1187 2397 ad
1214 2359 1419 2397 sacram
1451 2344 1588 2398 hanc
1613 2359 1851 2397 mensam
1882 2343 2111 2407 adimus,
2140 2344 2209 2397 ab
2231 2345 2433 2397 irratio-

840 2433 1103 2487 nubilibus
1127 2435 1271 2489 hisce
1299 2435 1786 2503 perturbationibus
1806 2450 1910 2489 non
1940 2434 2267 2504 purgemus?
2293 2434 2430 2501 Quid

838 2534 1016 2579 autem
1046 2526 1265 2580 omnino
1294 2536 1377 2581 est
1405 2526 1573 2595 magis
1612 2527 1969 2581 necessarium
1989 2565 2005 2590 ,
2034 2540 2194 2595 quam
2224 2541 2287 2579 ea
2313 2542 2433 2595 quae

844 2621 894 2673 in
925 2616 1024 2670 hac
1055 2632 1239 2671 mensa
1271 2618 1683 2686 proponuntur?
1710 2626 1801 2671 aut
1828 2616 1952 2686 quid
1994 2627 2147 2686 urget
2194 2632 2292 2670 nos
2314 2657 2330 2683 ,
2375 2625 2434 2670 ut

842 2707 1201 2772 connitamur,
1232 2707 1592 2775 spiritualibus
1623 2708 1783 2761 rebus
1809 2708 2012 2762 relictis
2036 2748 2051 2773 ,
2083 2708 2213 2762 illuc
2243 2722 2436 2776 prope-

840 2809 961 2850 rare
984 2794 1040 2847 '?
1082 2794 1161 2849 Ne
1182 2836 1197 2857 .
1230 2810 1360 2864 rogo
1385 2811 1480 2849 vos
1518 2807 1678 2865 atque
1704 2797 1959 2861 obtestor,
2008 2812 2076 2851 ne
2114 2796 2349 2850 divinam
2378 2797 2433 2850 in

841 2900 938 2940 nos
955 2885 1088 2939 iram
1110 2886 1473 2940 concitemus:
1498 2886 1941 2941 medicamentum
1958 2896 2040 2942 est
2065 2887 2117 2941 id
2139 2888 2279 2957 quod
2308 2902 2433 2956 pro-

841 2976 1056 3044 ponitur
1075 2976 1358 3030 vulnerum
1390 2986 1697 3031 nostrorum
1722 2978 1951 3033 salutare
1971 3020 1985 3042 ,
2008 2979 2209 3033 divitia:
2235 2978 2435 3033 indesi-

846 3077 1060 3130 nentes,
1087 3082 1209 3137 qua:
1234 3068 1486 3121 ca-lorum
1518 3067 1674 3121 nobis
1702 3079 1921 3137 regnum
1961 3070 2269 3124 conciliant.
2298 3070 2432 3122 Cum

846 3157 1069 3211 horrore
1099 3158 1275 3226 itaque
1301 3156 1619 3211 accedamus
1638 3199 1653 3223 ,
1681 3159 1876 3227 gratias
1903 3174 2120 3228 agamus
2139 3200 2155 3225 ,
2184 3173 2435 3228 procum-

843 3248 1032 3304 bamus
1059 3247 1374 3303 conﬁtentes
1405 3258 1617 3317 peccata
1664 3259 1881 3314 nostra;
1912 3249 2269 3320 lacrymemur
2297 3249 2434 3303 mala

845 3350 1026 3395 nostra
1053 3342 1328 3411 lugentes;
1360 3343 1591 3397 intentas
1614 3358 1677 3397 ac
1704 3342 1880 3413 largas
1900 3358 2086 3412 preces
2114 3343 2224 3398 Deo
2246 3342 2435 3397 funda-

843 3446 961 3484 mus
991 3432 1215 3501 :sicque
1254 3448 1353 3487 nos
1395 3434 1541 3502 ipsos
1580 3434 1931 3488 emundantes
1954 3474 1968 3496 ,
2000 3433 2157 3487 tacite
2179 3472 2194 3497 ,
2223 3443 2278 3487 et
2313 3448 2436 3487 cum

844 3520 1019 3575 debita
1042 3523 1302 3577 modestia
1325 3534 1591 3593 tamquam
1614 3525 1678 3577 ad
1699 3526 1951 3579 caelorum
1976 3539 2154 3593 regem
2177 3523 2437 3578 adeuntes

845 3613 1206 3669 accedamus:
1246 3626 1593 3685 sanctamque
1648 3617 1785 3670 hanc
1826 3624 1883 3671 et
1912 3616 2299 3670 immaculatam
2344 3617 2441 3669 ho-

908 3768 924 3798 ⁸
959 3772 1087 3833 δεξεμ,
1112 3772 1163 3815 ut
1184 3765 1461 3829 [estulentus
1494 3776 1558 3828 et,
1578 3768 1853 3832 spiritantia
1884 3768 2219 3833 relinquentes,
2244 3769 2310 3819 ad
2335 3780 2437 3819 cor-

841 3827 1029 3887 poralia
1060 3827 1391 3892 properemus.

1545 421 1599 477 ὃ.
1639 416 1923 476 JOANNIS
1960 408 2447 473 CHRYSOSTOMI
2490 405 2809 462 ARCHIEP.
2855 396 3395 459 CONSTANTINOP.

4004 406 4106 461 διδ

2524 522 2678 575 stiam
2707 522 3454 591 recipientes,exosculemur,
3483 523 3653 576 oculis
3679 541 3797 578 eam
3819 529 4109 595 eoa-plum,

2532 623 2867 682 mentemque
2901 623 2955 668 et
2991 617 3228 670 animum
3255 613 3630 676 incendamus,
3671 630 3740 667 ne
3771 617 3822 669 in
3850 618 4111 685 judicium

2529 716 2622 760 aut
2645 704 3039 760 damnationem
3065 708 3469 771 conveniamus,
3497 704 3592 761 sed
3617 705 3669 760 in
3696 708 3888 762 anima:
3917 720 4113 781 tempe-

2531 800 2776 863 rantiam,
2810 797 2860 850 in
2882 794 3244 861 dilectionem,
3275 800 3325 852 in
3358 800 3625 864 virtutem,
3655 806 3710 854 et
3736 815 3859 855 cum
3890 802 3999 855 Deo
4030 820 4112 859 re-

2530 888 2952 943 conciliationem
2974 927 2992 953 ,
3028 888 3079 940 in
3115 903 3299 955 pacem
3344 890 3552 945 firmam
3572 932 3587 956 ,
3610 906 3674 946 ac
3712 891 3856 945 mille
3881 891 4113 963 denique

2532 980 2791 1033 bonorum
2819 978 3150 1033 occasionem
3180 995 3193 1029 :
3226 990 3279 1032 ut
3310 991 3366 1035 et
3394 998 3491 1038 nos
3517 984 3660 1052 ipsos
3687 990 3899 1037 sanctos
3920 984 4112 1037 redda-

2532 1087 2685 1136 mus,
2732 1084 2787 1127 et
2833 1072 3103 1141 proximos
3141 1070 3490 1129 atdilicemus.
3535 1077 3611 1131 De
3653 1076 3734 1129 bis
3773 1074 3985 1129 assidue
4021 1092 4117 1128 vo-

2534 1161 2736 1214 biscum
2774 1176 2895 1231 ago,
2933 1176 3031 1216 nec
3066 1176 3224 1232 agere
3250 1162 3528 1219 desistam.
3571 1166 3701 1232 Quae
3738 1166 3878 1219 etaim
3917 1166 4118 1219 utilitas

2532 1251 2750 1306 omnino
2777 1262 2979 1308 temere
3002 1254 3104 1307 huc
3127 1268 3470 1320 concurrere,
3494 1258 3538 1309 si
3562 1258 3691 1311 nihil
3716 1256 3855 1325 quod
3877 1256 4005 1310 utile
4024 1256 4115 1321 sit,

2532 1343 2816 1397 addiscatis
2835 1344 3176 1409 iQuodnam,
3203 1344 3448 1408 obsecro,
3473 1346 3679 1401 lucrum
3706 1348 3878 1412 all'ert,
3905 1363 4121 1417 semper

2531 1434 2596 1488 ad
2620 1436 2845 1503 gratiam
2872 1435 3022 1489 vobis
3042 1435 3391 1489 concionari?
3412 1436 3582 1491 Breve
3604 1454 3838 1506 praesens
3863 1439 3967 1493 hoc
3984 1449 4119 1494 tem-

2534 1540 2631 1593 pus
2656 1534 2769 1592 est,
2797 1541 2831 1581 ο
2855 1526 3034 1581 dilecti
3063 1544 3077 1579 :
3105 1526 3269 1581 sobrii
3300 1527 3487 1591 simus,
3518 1528 3817 1598 vigilemus,
3850 1546 3948 1585 nos
3973 1531 4119 1599 ipsos

2533 1630 2948 1685 componamus;
2968 1632 3126 1672 omne
3147 1616 3393 1672 benevoli
3415 1617 3580 1672 animi
3606 1620 3839 1674 studium
3864 1622 3916 1675 in
3932 1634 4123 1675 omnes

2535 1706 2743 1763 sincere
2768 1708 3143 1763 ostendamus:
3175 1708 3227 1762 in
3254 1708 3501 1763 omnibus
3529 1722 3838 1766 reverenter
3859 1728 4111 1782 agamus,

2537 1812 2630 1852 seu
2656 1797 2835 1853 divina
2854 1797 3015 1854 verba
3041 1798 3245 1863 audire,
3269 1800 3381 1854 sive
3404 1815 3579 1866 orare,
3611 1800 3725 1855 sive
3750 1802 3815 1855 ad
3848 1803 3939 1857 Dei
3966 1819 4124 1858 men-

2538 1906 2651 1945 sam
2677 1891 2954 1957 accedere,
2981 1893 3095 1947 sive
3117 1893 3260 1948 aliud
3286 1893 3413 1963 quid
3438 1893 3669 1965 denique
3702 1893 4000 1949 faciendum
4030 1897 4123 1961 sit,

2539 1996 2659 2035 cum
2683 1982 2874 2036 timore
2892 1997 2956 2038 ac
2980 1985 3243 2038 tremore‘
3267 1984 3318 2038 id
3346 1984 3435 2038 fiat
3464 2002 3476 2037 :
3507 2000 3573 2040 nc
3598 1984 3912 2054 negligentia
3945 1996 4127 2041 nostra

2541 2070 2967 2126 maledictionem
3012 2073 3169 2128 nobis
3201 2088 3558 2129 accersamus.
3608 2074 3912 2130 Maledictus
3950 2077 4125 2144 enim,

2541 2161 2710 2229 inquit
2736 2162 3019 2230 propheta,
3040 2164 3224 2229 omnis,
3246 2164 3334 2233 qui
3358 2166 3480 2234 facit
3500 2181 3629 2233 apus
3648 2164 3855 2219 Domini
3874 2168 4131 2237 negligen-

2540 2259 2613 2300 ter
2637 2250 2779 2317 (Jer.
2806 2251 2893 2304 68.
2921 2251 3046 2320 10).
3073 2251 3435 2305 Tumultuatio
3454 2254 3596 2306 enim
3626 2263 3682 2308 et
3706 2255 3977 2310 iracundia
4004 2260 4025 2288 ³
4051 2258 4130 2311 ef-

2539 2336 2717 2390 ficitur
2738 2338 3062 2392 contumelia
3104 2339 3157 2393 in
3192 2338 3421 2394 hostiam
3452 2357 3570 2409 qua:
3601 2344 3935 2411 proponitur.
3968 2346 4130 2403 Certe

2536 2440 2777 2485 extrema
2794 2432 3121 2499 contemptio
3139 2439 3244 2496 est,
3263 2433 3683 2487 contaminatum
3701 2449 3760 2488 se
3773 2435 3969 2491 oll'erre
3988 2438 4095 2494 Deo
4114 2456 4130 2494 :

2540 2533 2662 2571 nam
2711 2518 2838 2572 audi
2881 2518 3009 2588 quid
3050 2518 3118 2573 de
3160 2519 3354 2574 talibus
3400 2520 3543 2575 dicat
3584 2524 3897 2592 apostolus:
3930 2526 3992 2579 Si
4019 2529 4134 2595 quis

2540 2610 2785 2678 templum
2806 2608 2904 2662 Dei
2931 2620 3241 2679 corrumpat,
3264 2611 3516 2680 disperdet
3545 2612 3689 2665 illum
3715 2612 3851 2668 Deus
3883 2615 3901 2680 (
3931 2616 3977 2668 l.
4005 2615 4128 2671 Cor.

2541 2702 2593 2755 5.
2624 2702 2689 2755 l7
2710 2704 2748 2770 ).
2779 2700 2859 2756 Ne
2883 2716 3011 2771 ergo
3037 2716 3136 2771 pro
3154 2717 3221 2757 eo
3239 2703 3381 2773 quod
3415 2704 3581 2758 Deum
3609 2705 3760 2760 nobis
3785 2708 4132 2764 reconciliare

2539 2794 2865 2850 debebamus
2888 2836 2903 2861 ,
2947 2811 3068 2849 eum
3112 2796 3167 2849 in
3201 2811 3301 2850 nos
3329 2797 3598 2852 irritemus
3623 2815 3637 2850 :
3666 2797 3760 2853 sed
3789 2814 4003 2854 omnem
4032 2816 4131 2854 cu-

2540 2899 2676 2948 ram,
2703 2884 3041 2951 munditiem,
3066 2887 3365 2957 animatque
3386 2889 3820 2959 tranquillitatem
3841 2904 3951 2958 pra:
3980 2891 4135 2946 nobis

2541 2977 2791 3043 ferentes,
2820 2992 2941 3031 cum
2973 2977 3220 3046 precibus
3242 2990 3297 3033 et
3325 2978 3487 3034 corde
3512 2980 3742 3034 contrito
3786 2980 4123 3035 accedamus.

2541 3067 2611 3122 Ut
2640 3067 2739 3121 hoc
2766 3078 2917 3136 pacto
2948 3067 3232 3123 Dominum
3262 3079 3504 3123 nostrum
3531 3069 3714 3125 Jesum
3734 3068 4000 3126 Christum
4028 3088 4126 3127 no-

2543 3160 2626 3213 bis
2645 3160 2929 3229 propitium
2950 3158 3259 3225 reddentes,
3282 3160 3545 3230 promissa
3568 3162 3721 3217 nobis
3737 3162 3871 3217 bona
3892 3163 4135 3219 obtinere

2546 3248 2846 3317 possimus,
2883 3250 3052 3319 gratia
3080 3258 3136 3304 et
3177 3250 3505 3321 benignitate
3548 3252 3754 3307 Domini
3795 3257 3959 3308 nostri
4004 3254 4134 3309 Jesu

2545 3338 2761 3405 Christi,
2785 3356 2906 3395 cum
2930 3356 3037 3411 quo
3060 3340 3206 3396 Patri
3232 3358 3335 3396 una
3357 3358 3479 3397 cum
3505 3351 3690 3398 sancto
3713 3344 3914 3413 Spiritu
3940 3347 4129 3415 gloria,

2544 3440 2781 3499 potestas
2805 3472 2820 3494 ,
2848 3432 3039 3499 honor,
3068 3447 3210 3488 nunc
3234 3442 3289 3488 et
3316 3448 3552 3503 semper,
3578 3443 3634 3491 et
3659 3437 3712 3489 in
3737 3437 3928 3491 smcula
3960 3452 4134 3492 smon-

2546 3529 2738 3581 lornm.
2768 3527 2961 3583 Amen.

2606 3765 2620 3794 ι
2660 3762 2762 3818 Alii,
2788 3775 2897 3810 cum
2922 3760 3089 3811 timore
3111 3768 3157 3812 et
3178 3758 3389 3822 judicio.

2602 3827 2623 3855 ⁸
2659 3824 2792 3882 Editi,
2809 3830 2855 3872 et
2878 3822 3060 3873 clamor
3077 3836 3096 3883 ;
3116 3819 3240 3883 Mss,
3268 3827 3312 3873 el
3329 3819 3604 3873 iracundia.

887 3976 2637 4019 μ

2298 3971 4029 4002 W
4046 3981 4048 3983 ί

1389 4222 1467 4283 IN
1512 4220 1929 4284 HOMILIAM
1972 4220 2080 4280 DE
2118 4216 2520 4278 BAPTISMO
2564 4215 2882 4278 CHRISTI
2925 4216 3026 4275 ET
3063 4214 3170 4272 DE
3202 4207 3631 4273 EPIPHANIA

959 4494 1111 4551 lianc
1137 4494 1415 4551 homilism
1438 4492 1629 4564 paucis
1655 4491 1857 4561 elapsis
1888 4499 2011 4561 post
2040 4490 2432 4559 praecedentem
2475 4488 2542 4541 de
2572 4484 2746 4540 Natali
2782 4484 2986 4539 Christi
3015 4483 3225 4544 diebus,
3261 4480 3520 4537 nimirum
3573 4482 3627 4536 in
3684 4481 3773 4535 die
3805 4479 4122 4550 Epiphania!

890 4590 1017 4643 anni
1041 4590 1142 4644 387
1178 4588 1420 4643 habitam
1449 4586 1651 4653 «fuisse,
1687 4584 1936 4655 quaedam
1966 4584 2192 4639 suadere
2220 4584 2495 4637 videntur.
2530 4578 2666 4633 Nam
2698 4576 2842 4646 quod
2880 4575 3013 4630 dicit
3044 4573 3185 4628 infra
3214 4589 3441 4630 numero
3470 4582 3668 4643 quarto
3696 4591 3708 4625 :
3750 4569 3871 4624 Sc'o
3920 4572 4031 4637 fore
4066 4582 4126 4623 ut

888 4681 1267 4755 quamplurimi
1291 4680 1431 4747 apud
1471 4695 1563 4732 nos
1604 4694 1668 4733 ea:
1703 4678 1828 4747 [esti
1854 4674 2226 4729 consuetudine
2257 4676 2325 4727 ad
2350 4688 2562 4728 sacram
2602 4671 2737 4723 hanc
2776 4683 3009 4721 mensam
3055 4675 3338 4719 accurrunt
3365 4682 3383 4719 :
3415 4682 3548 4755 sane,
3590 4664 3801 4735 quidem
3843 4666 4128 4731 expediret.

895 4752 950 4831 id
976 4772 1117 4844 quod
1146 4772 1282 4825 alias
1311 4786 1447 4839 stepe
1480 4770 1649 4823 dicere
1678 4766 1942 4836 praeverti,
1973 4764 2050 4828 ὡς
2077 4764 2171 4817 καὶ
2204 4764 2457 4826 πολλάκις
2476 4761 2645 4832 ἔφθην

2379 4780 2457 4826 ut;
2476 4761 2647 4832 ἔφθην
2673 4756 2863 4821 εἰπών,
2900 4766 2956 4809 ut
2982 4755 3117 4824 festa
3146 4770 3469 4823 nequaquam
3497 4752 3897 4808 observarentur
3919 4758 4129 4823 quando

892 4869 1279 4925 communicare
1313 4881 1442 4935 opus
1476 4872 1631 4925 esset,
1672 4864 1761 4917 sed
1782 4873 1837 4917 ut
1863 4860 2187 4917 conscientia
2218 4860 2586 4921 mundaretur,
2613 4862 2744 4918 etc.,
2770 4850 2897 4904 illud
2922 4850 3097 4919 ipsum
3126 4861 3288 4916 porro
3312 4847 3523 4900 dixerat
3553 4846 3741 4935 paucis
3764 4855 3889 4900 ante
3918 4847 4129 4908 tlit‘bus.

894 4962 1153 5017 nimirum
1180 4961 1235 5012 in
1266 4934 1403 5013 festo
1444 4953 1503 5009 S.
1533 4953 1857 5023 Philogonii,
1887 4969 1958 5007 xx
1990 4947 2308 5005 Decembris
2328 4948 2454 5001 anni
2482 4946 2609 5006 33’}.
2644 4957 2795 4998 num.
2834 4940 2907 4994 ει
2936 4958 2947 4993 :
2996 4937 3150 4991 Nunc
3179 4946 3355 4990 autem
3382 4935 3539 4989 multi
3570 4934 3809 5002 ﬁdelium
3844 4938 3896 4991 in
3927 4947 4133 4989 tantam

894 5055 1186 5111 vecordiam
1219 5063 1523 5120 tantumque
1546 5063 1725 5104 venere
1760 5056 2134 5117 contemptum,
2167 5053 2225 5098 ut
2249 5058 2367 5096 cum
2389 5040 2679 5095 innumeris
2710 5044 2946 5092 scateant
2977 5034 3153 5097 malis,
3187 5033 3493 5099 nullamque
3523 5027 3643 5080 vita:
3669 5043 3778 5080 sua:
3822 5044 4006 5081 curam
4038 5031 4134 5077 Ita-

894 5150 1070 5213 beant,
1107 5148 1161 5199 in
1191 5144 1373 5198 diebus
1402 5144 1547 5213 festis
1584 5142 1899 5214 negligenter
1925 5159 1986 5195 ac
2026 5152 2217 5195 temere
2271 5139 2341 5192 ad
2408 5153 2635 5191 mensam
2670 5136 2806 5189 hanc
2856 5130 3124 5196 accedant,
3176 5136 3283 5183 etc.
3321 5126 3379 5180 In
3418 5125 3522 5179 hoc
3577 5125 3705 5180 item
3756 5123 3827 5178 De
3877 5126 4136 5193 baptismo

896 5243 1093 5297 Christi
1125 5252 1401 5301 sermone,
1432 5238 1617 5291 eodem
1656 5251 1886 5291 numero
1914 5246 2105 5305 quarto
2137 5236 2217 5291 sic
2240 5236 2433 5288 habet:
2461 5231 2742 5296 Quodnam
2782 5229 2947 5298 igitur
2980 5226 3113 5279 illud
3144 5231 3417 5294 peccatum
3437 5227 3511 5272 est
3537 5218 3727 5321 {quod
3751 5234 3867 5270 cum
3916 5228 4139 5318 tremore

897 5354 997 5391 non
1034 5337 1368 5402 accedamus,
1404 5334 1494 5387 sed
1540 5329 1769 5385 calcibus
1823 5326 2147 5391 impetentes,
2194 5322 2558 5393 percutientes,
2608 5323 2692 5374 ira
2733 5327 3017 5387 turgentes,
3064 5317 3378 5373 clamantes,
3428 5317 3772 5364 conviciantes
3816 5317 4137 5402 proximum,

898 5430 1167 5484 trudentes
1196 5443 1213 5480 :
1237 5400 1414 5482 [necet
1438 5440 1574 5491 sirpe
1604 5423 1740 5484 dixi,
1768 5430 1815 5474 et
1842 5420 2015 5473 dicere
2038 5434 2138 5470 non
2170 5416 2405 5471 cessabo.
2433 5413 2490 5468 In
2521 5414 2771 5469 oratione
2800 5419 2977 5466 autem
3008 5410 3074 5466 dc
3098 5407 3275 5463 Natali
3302 5404 3502 5460 Christi
3535 5404 3784 5461 similiter
3809 5414 4037 5455 numero
4060 5400 4090 5450 7
4122 5416 4134 5451 :

898 5519 969 5574 Et
998 5519 1067 5573 ad
1088 5519 1226 5589 quod
1250 5533 1409 5585 nuper
1442 5517 1460 5587 (
1487 5515 1693 5571 scilicet
1718 5515 1771 5568 in
1805 5513 1944 5569 festo
1973 5511 2030 5566 S.
2060 5509 2405 5580 Philogonii)
2447 5524 2532 5563 vos
2562 5509 2868 5563 cohortatus
2900 5521 3015 5560 sum
3034 5544 3049 5570 ,
3079 5504 3149 5557 ad
3177 5504 3232 5556 id
3279 5500 3467 5595 etiam
3496 5519 3629 5558 nunc
3675 5511 3725 5557 et
3778 5502 3832 5554 in
3873 5505 4138 5595 posterum

895 5586 1213 5684 sempervvos
1242 5586 1505 5667 cohortari
1529 5627 1630 5665 non
1670 5610 1942 5666 desistant.
1983 5605 2244 5674 Quidnam
2287 5606 2431 5659 hoc?
2478 5602 2613 5660 Cum
2649 5600 2911 5657 ucccssuri
2936 5600 3059 5655 estis
3124 5598 3195 5651 ad
3237 5593 3557 5651 tremendam
3598 5596 3930 5658 divinumque
3989 5586 4136 5639 illam
