4432 6682
395 467 497 524 56!

395 585 611 639 ποιοῦσι
650 587 746 658 τὴν
800 588 1018 642 κόλασιν
1071 591 1165 643 καὶ
1201 590 1298 658 τὴν
1331 590 1618 661 τιμωρίαν.
1660 591 1964 660 Ἐννόησον,

392 661 438 720 ὦ
477 669 752 741 ἄνθρωπε,
802 673 961 735 ποίας
1017 671 1233 741 μέλλεις
1283 671 1548 728 ἅπτεσθαι
1598 675 1810 736 θυσίας,
1843 674 1971 744 ποίᾳ

392 753 789 826 προσέρχεσθαι
845 755 1117 827 τραπέζῃ·
1147 754 1480 828 ἐνθυμήθητι
1528 759 1623 812 καὶ¹
1653 759 1734 810 δτι
1775 758 1845 828 γῆ
1895 758 1969 811 ῶν

391 838 485 891 καὶ
506 839 719 903 σποδὸς,
751 837 891 910 αἷμα
924 839 1018 891 καὶ
1051 837 1208 909 σῶμα
1238 841 1474 912 Χριστοῦ
1511 840 1966 913 μεταλαμϐάνεις.

391 922 501 976 Καὶ
529 923 792 994 βασιλέως
819 923 918 992 μὲν
945 923 1026 983 είς
1062 921 1295 993 εὐωχίαν
1324 926 1615 987 καλοῦντος
1639 925 1803 994 ὑμᾶς,
1835 926 1970 994 μετὰ

391 1007 555 1074 φόϐου
580 1004 951 1068 άνακλίνεσθε,
977 1004 1070 1056 καὶ
1093 1005 1198 1058 τῶν
1227 1008 1605 1078 προκειμένων
1631 1007 1767 1076 μετά
1788 1009 1970 1073 αἰδοῦς

391 1092 486 1145 καὶ
510 1092 741 1163 ἡσυχίας
771 1087 1212 1159 μεταλαμϐάνετε
1245 1091 1579 1161 ἐδεσμάτων·
1610 1089 1704 1142 τοῦ
1747 1091 1882 1145 Θεοῦ
1913 1093 1969 1145 δὲ

390 1170 680 1236 καλοῦντος
717 1171 809 1224 ἐπὶ
835 1169 934 1240 τὴν
964 1171 1156 1226 ἑαυτοῦ
1185 1173 1487 1244 τράπεζαν,
1519 1172 1613 1225 καὶ
1643 1173 1733 1224 τὸν
1774 1174 1968 1229 ἑαυτοῦ

390 1255 734 1327 προτιθέντος
767 1252 913 1315 Υίὸν,
939 1254 1245 1322 ἀγγελικῶν
1294 1255 1577 1324 δυνάμεων
1633 1256 1970 1327 παρισταμέ-

391 1355 497 1390 νων
531 1336 670 1408 μετά
709 1334 876 1404 φόϐου
907 1336 997 1388 καὶ
1042 1337 1268 1408 τρόμου,
1303 1336 1397 1388 καὶ
1427 1335 1533 1387 τῶν
1561 1338 1838 1408 Χερουϐὶμ
1866 1356 1970 1392 κα·-

387 1419 840 1475 τακαλυπτόντων
860 1418 926 1471 τά
949 1419 1234 1489 πρόσωπα,
1259 1417 1366 1469 τῶν
1389 1418 1634 1490 Σεραφὶμ
1663 1421 1971 1491 κραζόντων

389 1506 596 1576 τρόμῳ,
644 1506 850 1571 Ἀγιος,
881 1502 1051 1570 ἅγιος,
1090 1501 1247 1569 ἅγιος
1270 1500 1490 1571 Κύριος·
1522 1503 1586 1554 σὺ
1619 1504 1862 1574 κράζεις,
1891 1505 1970 1556 εί-

391 1588 460 1640 πέ
497 1604 607 1657 μοι,
649 1585 743 1638 καὶ
791 1584 993 1655 θορυϐῇ
1044 1584 1183 1654 πρὸς
1227 1581 1319 1652 τὴν
1354 1587 1730 1654 πνευματικὴν
1767 1585 1970 1658 ταύτην

391 1671 665 1734 ἑστίασιν;
705 1666 819 1720 Οὐκ
864 1662 1034 1730 οἶδας,
1091 1667 1177 1718 ὃτι
1230 1665 1472 1735 γαλήνης
1518 1666 1598 1718 δεῖ
1637 1668 1828 1734 γέμειν
1873 1669 1970 1739 τὴν

388 1753 567 1823 ψυχὴν
597 1752 717 1804 κατ’
750 1751 956 1804 ἐκεῖνον
981 1749 1075 1802 τὸν
1109 1748 1335 1818 καιρόν;
1366 1749 1600 1819 Εἰρήνης
1633 1749 1831 1820 πολλῆς
1878 1753 1972 1804 καὶ

389 1835 620 1906 ἡσυχίας
656 1833 832 1904 χρεία,
853 1833 975 1901 οὐχὶ
1001 1829 1234 1901 θορύϐου
1269 1831 1362 1884 καὶ
1385 1829 1559 1900 θυμοῦ
1590 1831 1683 1884 καὶ
1703 1832 1968 1902 ταραχῆς·

390 1919 561 1973 ταῦτα
584 1917 692 1986 γὰρ
719 1915 1029 1985 ἀκάθαρτον
1078 1915 1225 1966 ποιεῖ
1271 1914 1370 1976 τὴν
1410 1914 1745 1987 προσιοῦσαν
1771 1915 1969 1985 ψυχήν.

390 2002 486 2066 Τίς
522 1998 614 2054 οὖν
648 2001 714 2054 ἂν
737 2000 949 2068 γένοιτο
977 1997 1109 2066 ἡμῖν
1139 1997 1459 2068 συγγνώμη,
1492 2000 1541 2050 εἰ
1575 1998 1713 2069 μετά
1735 1999 1972 2054 τοσαῦτα

387 2084 761 2155 ἁμαρτήματα
794 2080 928 2150 μηδὲ
970 2079 1062 2132 τδν
1095 2079 1285 2149 καιρὸν
1311 2080 1410 2150 τῆς
1441 2081 1853 2152 προσελεύσεως
1875 2098 1972 2134 κα.

390 2167 694 2239 θαρεύομεν
721 2162 831 2216 τῶν
862 2162 1074 2231 ἀλόγων
1117 2161 1306 2218 παθῶν
1356 2165 1609 2231 ὲκείνωνς
1658 2165 1724 2217 Τί
1755 2164 1812 2218 δὲ
1835 2164 1972 2228 ὅλως

389 2249 818 2321 ἀναγκαιότερον
844 2246 951 2300 τῶν
990 2247 1397 2318 προκειμένων;
1421 2248 1453 2317 ἢ
1483 2248 1535 2300 τί
1565 2250 1712 2319 ἡμᾶς
1728 2248 1970 2318 θορυϐεῖ,

390 2335 477 2388 ἶνα
509 2330 922 2400 σπουδάσωμεν,
951 2328 1110 2381 τοῦτο
1125 2330 1532 2394 καταλιπόντες,
1552 2333 1669 2384 ἐκεῖ
1682 2332 1898 2402 τρέχειν
1920 2343 1969 2394 α;

390 2416 504 2484 Μὴ,
537 2413 730 2483 δέομαι
771 2411 866 2466 καὶ
899 2411 1188 2477 ἀντιϐολῶ,
1221 2411 1296 2482 μὴ
1334 2414 1643 2483 κινήσωμεν
1677 2412 1775 2483 τὴν
1798 2413 1970 2484 ὀργὴν

387 2497 482 2549 τοῦ
498 2493 633 2549 Θεοῦ
668 2494 792 2549 καθ’
823 2493 1052 2548 ἑαυτῶν.
1083 2493 1378 2565 Φάρμακόν
1403 2496 1517 2547 ἐστι
1546 2497 1811 2565 σωτήριον
1859 2496 1969 2548 τῶν

391 2579 673 2650 ἡμετέρων
703 2577 1033 2650 τραυμάτων
1061 2578 1120 2630 τὸ
1150 2577 1526 2649 προκείμενον,
1562 2578 1788 2642 πλοῦτός
1822 2581 1968 2633 ἐστιν

390 2659 702 2731 ἀνελλιπὴς,
737 2660 1016 2730 βασιλείας
1060 2659 1306 2729 οὐρανῶν
1371 2659 1640 2730 πρόξενος.
1687 2660 1968 2731 Φρίξωμεν

389 2742 570 2793 τοίνυν
598 2742 934 2810 προσιόντες,
981 2743 1489 2812 εύχαριστήσωμεν,
1545 2742 1966 2812 προσπέσωμεν,

392 2822 867 2893 ἐξομολογούμενοι
900 2824 968 2877 τά
992 2825 1304 2893 πταίσματα
1320 2826 1351 2894 ἡ
1360 2824 1496 2892 μῶν,
1522 2824 1882 2895 δακρύσωμεν
1902 2827 1970 2879 τὰ

391 2909 566 2960 οἰκεῖα
601 2905 922 2967 πενθοῦντες
975 2908 1140 2968 κακά,
1190 2908 1427 2969 ἐκτενεῖς
1472 2907 1639 2977 εύχάς
1679 2908 1971 2978 ἀποδῶμεν

390 2987 467 3059 τῷ
505 2988 646 3060 Θεῷ·
693 2989 787 3042 καὶ
837 2988 979 3041 οῦτω
1029 2989 1454 3062 διακαθάραντες
1489 2991 1716 3054 ἑαυτοὺς
1759 2993 1966 3062 ἡρέμα,

391 3075 479 3126 καὶ
519 3073 658 3141 μετά
681 3073 780 3142 τῆς
812 3072 1194 3143 προσηκούσης
1239 3071 1508 3136 εὐταξίας,
1548 3073 1622 3136 ὡς
1649 3073 1727 3144 τῷ
1758 3074 1970 3143 βασιλεί

393 3154 707 3224 προσιόντες
725 3155 834 3207 τῶν
855 3156 1122 3225 οὐρανῶν,
1156 3155 1297 3209 οὕτω
1328 3156 1733 3227 προσέλθωμεν·
1763 3157 1858 3210 καὶ
1883 3157 1969 3210 δεο

394 3235 612 3306 ξάμενοι
633 3239 732 3306 τὴν
756 3238 984 3307 ἄμωμον
1031 3240 1126 3290 καὶ
1160 3238 1320 3306 ἁγίαν
1360 3239 1550 3292 Θυσίαν
1588 3240 1969 3311 καταφιλήσω-

393 3359 426 3408 '_
455 3343 482 3370 ⁸
506 3340 615 3408 Mss.
639 3341 715 3388 ἵνα
732 3343 1090 3408 quoniam?“
1116 3345 1197 3391 καὶ
1219 3345 1278 3392 τά
1304 3345 1598 3406 πνευματικὰ
1615 3345 1968 3408 καταλιπόντες,

392 3403 454 3458 εἰς
473 3402 533 3450 τὰ
556 3402 762 3464 σαρκικὰ
781 3403 1075 3464 σπεύδωμεν,

1375 479 1450 536 Dii
1492 480 1829 537 BAPTISMO
1873 483 2172 540 CHRISTI.
2211 510 2282 520 -—
2328 488 2658 545 \lthlTUM.

3545 486 3651 540 διὰ

2075 610 2194 662 μεν,
2223 596 2332 657 τοῖς
2353 595 2652 663 ὀφθαλμοῖς
2693 597 3170 668 περιπτυξὼμεθα,
3205 597 3652 667 διαθερμάνωμεν

2070 676 2279 730 ἑαυτῶν
2322 680 2418 750 τὴν
2453 680 2716 744 διάνοιαν,
2750 681 2836 733 ἵνα
2867 681 2941 753 μὴ
2969 684 3047 746 εἰς
3098 689 3274 753 κρῖμα
3309 681 3344 751 ἢ
3375 681 3454 742 είς
3484 680 3652 736 κατά-

2071 776 2245 828 κριμα
2277 762 2685 833 συνερχώμεοα,
2721 764 2835 816 ἀλλ’
2865 767 2944 826 εἰς
2969 765 3320 836 σωφροσύνην
3345 763 3545 834 ψυχῆς,
3573 766 3653 825 εἰς

2069 842 2309 914 ἀγάπην,
2347 848 2428 909 είς
2467 846 2692 916 ἀρετὴν,
2733 848 2828 900 καὶ
2863 849 3207 919 καταλλαγὴν
3245 851 3345 920 τὴν
3392 847 3528 920 πρὸς
3564 849 3654 902 τὸν

2069 923 2222 988 Θεὸν,
2249 929 2329 991 εἰς
2367 929 2592 1000 εἰρήνην
2617 928 2858 997 βεϐαίαν,
2900 932 2995 984 καὶ
3035 933 3242 1001 μυρίων
3272 929 3491 999 ἀγαθῶν
3525 928 3658 981 ὑπό-

2070 1007 2240 1076 θεσιν,
2272 1011 2358 1065 ἵνα
2379 1011 2475 1065 καὶ
2505 1012 2731 1075 ἑαυτοὺς
2773 1014 3113 1084 ἁγιάσωμεν,
3158 1014 3252 1065 καὶ
3274 1015 3398 1076 τοὺς
3424 1012 3654 1082 πλησίον

2069 1091 2534 1164 οἱκοδομήσωμεν.
2569 1093 2754 1147 Ταῦτα
2781 1097 3016 1165 συνεχῶς
3050 1095 3215 1164 λέγω,
3255 1095 3348 1146 καὶ
3377 1094 3548 1162 λέγων
3589 1094 3649 1146 ού

2075 1173 2367 1244 παύσομαι.
2420 1176 2486 1228 Τί
2523 1175 2630 1246 γὰρ
2669 1176 2882 1244 ὄφελος,
2921 1179 3108 1241 ἁπλῶς
3141 1179 3236 1231 καὶ
3270 1177 3392 1247 είκῆ
3439 1177 3655 1247 τρέχειν

2072 1255 2324 1317 ἐνταῦθα,
2347 1258 2514 1327 μηδὲν
2532 1257 2644 1311 τῶν
2667 1259 2958 1329 χρησίμων
2990 1260 3392 1329 μανθάνοντας;
3422 1261 3570 1310 ποῖον
3599 1258 3656 1309 δὲ

2073 1339 2283 1408 κέρδος,
2319 1343 2404 1394 ἀεὶ
2424 1340 2492 1393 τὰ
2534 1342 2672 1412 πρὸς
2693 1341 2854 1413 χάριν
2880 1342 3123 1412 ὁμιλεῐν;
3149 1343 3366 1412 Βραχὺς
3403 1343 3432 1394 ό
3467 1341 3658 1412 παρὼν

2072 1423 2285 1492 καιρὸς,
2325 1424 2616 1493 ἀγαπητοί·
2669 1425 2954 1494 νήιξιωμεν,
3007 1429 3463 1496 γρηγορήσωμεν,
3527 1440 3660 1492 συγ-

2073 1507 2430 1575 κροτήσωμεν
2478 1508 2724 1572 ἑαυτοὺς,
2770 1509 2953 1561 πᾶσαν
3001 1507 3235 1577 σπουδὴν
3288 1507 3416 1576 περὶ
3454 1508 3660 1568 πάντας

2072 1587 2306 1656 γνησίαν
2333 1587 2747 1659 ὲπιδειξώμεθα,
2791 1594 2923 1661 περὶ
2962 1591 3141 1643 πάντα
3173 1588 3458 1659 γενώμεθα
3505 1589 3662 1641 εὐλα-

2072 1670 2209 1733 ϐεῖς·
2247 1669 2351 1723 κᾶν
2383 1671 2689 1740 ἀκροᾶσθαι
2712 1673 2820 1725 δέοι
2854 1674 2959 1726 τῶν
2981 1674 3142 1726 θείων
3185 1674 3404 1741 λογίων,
3434 1673 3538 1725 κᾶν
3570 1671 3662 1724 εῦ-

2073 1755 2286 1825 χεσθαι,
2327 1753 2429 1807 κᾶν
2487 1755 2792 1826 προσιέναι,
2825 1755 2927 1808 κᾶν
2957 1757 3142 1826 ἔτερόν
3188 1773 3242 1808 τι
3291 1759 3488 1818 ποιεῖν,
3525 1756 3664 1825 μετά

2075 1837 2243 1905 φόϐου
2276 1837 2370 1890 καὶ
2400 1837 2606 1908 τρόμου
2642 1836 2801 1890 τοῦτο
2833 1838 3067 1905 γινέσθω
3112 1838 3161 1901 ι’,
3191 1841 3283 1892 ἵνα
3321 1839 3395 1910 μὴ
3417 1838 3662 1908 κατάραν

2075 1920 2512 1991 ὲπισπασὼμεθα
2559 1920 2648 1972 διὰ
2704 1920 2807 1990 τῆς
2856 1920 3153 1991 ῥᾳθυμίας.
3201 1919 3664 1988 Ἐπικατάρατος

2073 2004 2203 2072 γὰρ,
2234 2003 2385 2073 φησὶ,
2418 2002 2537 2068 πᾶς
2563 2005 2596 2055 ό
2635 2002 2823 2056 ποιῶν
2847 2003 2914 2056 τὸ
2944 2004 3123 2072 ἔργον
3149 2003 3256 2057 τοῦ
3280 2003 3502 2070 Κυρίου
3528 2002 3668 2069 ἀμε-

2071 2086 2212 2151 λῶς.
2253 2087 2310 2138 '0
2342 2084 2571 2155 θόρυϐος
2599 2087 2694 2138 καὶ
2720 2089 2752 2156 ή
2800 2086 2938 2156 ὀργὴ
2971 2097 2995 2124 ο
3027 2086 3186 2158 ὕϐρις
3209 2088 3291 2149 είς
3319 2086 3418 2155 τὴν
3441 2100 3667 2155 προκει-

2077 2170 2246 2239 μένην
2270 2168 2463 2220 θυσίαν
2492 2167 2721 2233 γίνεται.
2759 2169 3182 2238 Ιίαταφρόνησις
3221 2169 3447 2238 ἐσχάτη,
3490 2183 3664 2236 μεμο-

2075 2250 2343 2319 λυσμένον
2367 2246 2517 2319 [566]
2551 2249 2745 2301 ἑαυτὸν
2787 2252 3151 2320 προσενέγκαι
3186 2249 3264 2319 τῷ
3293 2249 3432 2318 Θεῷ.
3465 2250 3666 2300 Ἀκου-

2075 2351 2166 2386 σον
2206 2333 2258 2385 τί
2294 2331 2420 2401 περὶ
2444 2330 2552 2382 τῶν
2578 2331 2837 2384 τοιούτων
2860 2332 3026 2402 φησὶν
3049 2334 3077 2385 ὁ
3115 2331 3462 2392 Ἀπόστολος·
3485 2330 3556 2380 ΕΖ
3579 2345 3670 2396 τις

2073 2417 2180 2470 τὸν
2202 2415 2354 2468 ναὸν
2379 2413 2484 2467 τοῦ
2519 2415 2667 2468 Θεοῦ
2693 2416 2940 2483 φθείρει,
2971 2415 3180 2484 φθερεῖ
3194 2414 3410 2468 τοῦτον
3441 2415 3474 2466 o'
3498 2415 3663 2478 Θεός.

2072 2501 2164 2570 Μὴ
2191 2498 2369 2550 τοίνυν
2400 2497 2518 2550 ἀντὶ
2552 2498 2900 2568 καταλλαγῆς
2943 2499 3336 2569 παροξύνωμεν
3361 2495 3453 2549 τὸν
3506 2495 3664 2558 Θεὸν,

2069 2581 2205 2636 ἀλλὰ
2260 2581 2441 2633 πᾶσαν
2487 2579 2805 2650 ἐπιμέλειαν
2842 2581 2940 2633 καὶ
2984 2581 3165 2633 πάντα
3203 2580 3409 2649 κόσμον
3456 2577 3665 2630 ἐπιδει-

2069 2663 2350 2734 κνύμενοι,
2379 2662 2473 2714 καὶ
2512 2662 2818 2732 ἀταραξίαν
2853 2663 3050 2733 ψυχῆς,
3089 2665 3203 2733 μετ’
3226 2665 3392 2734 εύχῆς
3419 2665 3514 2718 καὶ
3546 2680 3668 2716 συν·⁹

2069 2745 2438 2815 τετριμμένης
2465 2744 2700 2814 καρδίας
2731 2746 3069 2815 προσίωμεν,
3091 2745 3176 2798 ἵνα
3201 2747 3296 2798 καὶ
3313 2746 3462 2817 αύτῷ
3491 2746 3666 2815 τούτῳ

2069 2829 2161 2880 τὸν
2195 2827 2474 2896 Δεσπότην
2508 2826 2668 2896 ἡμῶν
2702 2825 2913 2906 Ἰησοῦν
2954 2829 3192 2898 Χριστὸν
3217 2828 3660 2898 ἐξιλεωσάμενοι,

2072 2911 2382 2980 δυνηθῶμεν
2404 2912 2680 2974 ἐπιτυχεῖν
2706 2910 2816 2962 τῶν
2833 2911 3077 2979 ὲπηγγελ
3083 2912 3260 2976 μένων
3274 2914 3404 2981 ἡμῖν
3419 2912 3663 2981 ἀγαθῶν,

2074 2993 2252 3063 χάριτι
2281 2994 2374 3044 καὶ
2397 2992 2779 3062 φιλανθρωπίᾳ
2805 2992 2970 3044 αὐτοῦ
3007 2991 3103 3044 τοῦ
3129 2993 3333 3063 Κυρίου
3368 2995 3527 3064 ἡμῶν
3553 2996 3660 3064 ἰη-

2078 3074 2173 3127 σοῦ
2196 3073 2455 3145 Χριστοῦ,
2501 3074 2616 3143 μεθ’
2639 3069 2698 3127 οῦ
2735 3073 2816 3143 τῷ
2840 3073 3038 3144 Πατρὶ,
3069 3073 3187 3144 ἃμα
3207 3075 3286 3145 τῷ
3313 3076 3455 3146 ἀγίῳ
3489 3079 3659 3132 Πνεύη
3737 3096 3740 3100 ’

2080 3179 2231 3232 ματι,
2266 3161 2414 3227 δόξα,
2449 3162 2672 3232 κράτος,
2713 3162 2870 3232 τιμὴ,
2903 3160 2999 3216 νῦν
3021 3163 3117 3214 καὶ
3162 3163 3268 3230 ἀεὶ,
3304 3164 3397 3217 καὶ
3430 3165 3508 3226 εις
3538 3166 3662 3226 τοὺς

2075 3244 2281 3307 αἰῶνας
2301 3245 2408 3296 τῶν
2443 3243 2679 3297 αἰώνων.
2720 3245 2913 3314 Ἀμήν.

2140 3349 2169 3390 b
2194 3348 2290 3412 Alii
2317 3349 2465 3412 φόϐου
2489 3349 2568 3395 καὶ
2594 3349 2680 3412 διὰ,
2693 3349 2894 3412 κρίσεως
2915 3351 3132 3410 γινέσθω.

2145 3415 2166 3442 ε
2190 3410 2320 3460 Εόίίὶ
2345 3411 2426 3458 καὶ
2451 3412 2481 3466 ἡ
2507 3411 2708 3472 κραυγή,
2729 3410 2859 3459 ‘mss.
2885 3412 2966 3458 καὶ
2991 3413 3021 3467 ἡ
3049 3412 3182 3472 ὀργή.

1813 4261 2211 4323 MONITUM.

409 4562 662 4611 menum,
702 4554 750 4598 ct
787 4559 936 4596 sacra
968 4551 1232 4610 mysteria,
1272 4550 1392 4588 cum
1421 4535 1606 4586 timore
1643 4547 1704 4584 ac
1735 4543 1960 4583 tremore
2000 4531 2095 4583 hoc
2137 4531 2320 4598 facile,
2353 4548 2471 4583 cum
2511 4548 2647 4596 pura
2684 4530 3027 4593 conscientia,
3068 4546 3186 4584 cum
3217 4529 3426 4600 jejunio
3451 4541 3500 4584 et
3531 4545 3652 4600 prta

410 4641 612 4694 catione
631 4655 650 4693 :
674 4655 776 4692 non
805 4636 1202 4696 tumultuantes,
1238 4646 1335 4684 non
1362 4629 1718 4690 calcitrantes,
1749 4643 1850 4678 non
1872 4626 2172 4694 proximum
2199 4625 2543 4693 impellentem,
2573 4635 2681 4680 etc.
2721 4623 2818 4679 llis
2847 4637 3012 4694 porro
3039 4622 3347 4690 conspectis
3397 4623 3654 4692 probabi-

411 4733 533 4786 liter
558 4729 958 4784 existimamus.
1005 4728 1167 4783 hasce
1196 4736 1305 4780 tres
1337 4721 1588 4778 homilias
1618 4721 1807 4775 eodem
1835 4729 2101 4790 temporc,
2132 4720 2437 4789 paucisque
2476 4719 2814 4788 interpositis
2857 4719 3002 4771 inter
3033 4713 3279 4784 singulas
3321 4715 3517 4769 diebus
3553 4716 3654 4770 ha-

412 4823 550 4876 bitas
579 4816 766 4871 fuisse.

482 4912 538 4965 In
577 4911 678 4964 hac
707 4923 870 4978 porro
907 4908 978 4960 De
1015 4909 1273 4976 baptismo.
1299 4919 1347 4964 et
1387 4909 1679 4979 Epiphania
1709 4904 1908 4960 Christi
1935 4903 2218 4967 concione,
2253 4914 2536 4973 postquam
2578 4903 2833 4971 populum
2871 4919 2938 4958 au
2980 4903 3269 4960 ecclesiam
3301 4902 3653 4968 frequentan-

413 5003 536 5056 dam
565 4999 814 5052 hortatus
845 5005 949 5061 est,
982 4995 1049 5049 de
1078 4997 1282 5067 duplici
1308 4998 1514 5053 Christi
1557 4994 1855 5066 Epiphania
1886 4993 2014 5062 agit,
2041 4992 2106 5046 de
2142 4993 2229 5048 illa
2260 5007 2470 5063 nempe.
2500 5007 2606 5061 qua
2649 4990 2820 5061 Magis
2856 4995 3133 5064 apparuit.
3182 4995 3358 5063 deque
3384 5003 3654 5061 postrema

415 5109 520 5165 qua
548 5092 601 5145 in
632 5089 1102 5145 consummatione
1136 5088 1318 5143 saeculi
1346 5104 1470 5142 cum
1513 5088 1681 5158 gloria
1711 5093 1765 5140 et
1793 5084 2080 5154 Splendore
2109 5091 2372 5136 venturus
2402 5091 2504 5136 est.
2555 5079 2882 5137 Miraculum
2916 5085 3113 5139 deinde
3143 5084 3288 5138 circa
3325 5097 3515 5150 aquam
3557 5083 3655 5135 ha-

417 5185 596 5262 ptismi
621 5187 906 5240 enuntiat:
950 5201 1071 5239 nam
1100 5199 1223 5240 cum
1253 5197 1442 5235 versus
1478 5183 1712 5236 mediam
1746 5190 1960 5235 tmctcm
1987 5180 2127 5233 diem
2163 5177 2477 5246 Epiphaniae
2515 5180 2935 5248 praecedentem,
3003 5176 3200 5247 singuli
3253 5175 3320 5228 de
3371 5189 3511 5244 aqua
3566 5174 3656 5227 illa

420 5277 670 5350 baptismi
701 5277 910 5342 latices,
939 5279 1175 5348 νάματα,
1209 5292 1391 5331 secum
1440 5287 1803 5343 asportarent.
1836 5292 1979 5344 aqua
2017 5275 2103 5328 illa
2134 5289 2238 5327 non
2287 5277 2767 5345 corrumpebatur.
2801 5275 2893 5331 sed
2959 5275 3168 5341 integro
3202 5284 3366 5327 anno.
3428 5268 3560 5337 quin
3607 5277 3663 5321 ct

423 5372 638 5428 hicnnio
666 5377 721 5422 et
749 5369 988 5422 triennio
1021 5369 1330 5436 incorrupta
1362 5366 1635 5420 manebat.
1672 5366 1848 5419 Docet
1882 5367 2072 5421 deinde
2099 5365 2226 5435 quid
2259 5365 2473 5421 intersit
2499 5365 2835 5421 discriminis
2865 5366 3003 5419 inter
3037 5361 3301 5432 baptisma
3322 5358 3658 5424 Iudaeorum,

423 5470 684 5539 haptisma
711 5462 935 5518 Joannis
962 5473 1016 5518 ct
1062 5465 1330 5534 baptisma
1363 5461 1587 5517 Christi.
1655 5460 1792 5514 Hinc
1843 5463 2079 5532 explicat
2109 5462 2386 5533 quomodo
2439 5463 2688 5518 Christus
2738 5460 3041 5530 impleverit
3093 5473 3311 5512 onmem
3347 5456 3659 5528 justitiam;

422 5561 745 5627 demumque
771 5553 975 5608 claudit
1007 5555 1257 5611 hortatus
1289 5554 1542 5626 populum
1579 5560 1636 5605 ut
1665 5567 1859 5623 magna
1903 5571 2027 5610 cum
2058 5556 2359 5612 reverentia
2388 5556 2453 5611 ad
2487 5554 2765 5610 tremenda
2802 5551 3064 5623 mysteria
3106 5549 3390 5607 accedant.

492 5647 867 5722 Interpretatio
893 5645 1084 5703 Latina
1118 5659 1201 5706 cst
1239 5647 1524 5705 Frontonis
1564 5645 1764 5702 llucuri.
