4406 6684
1475 464 1529 518 5.
1571 462 1850 520 JOANNIS
1891 463 2382 521 CIIHYSOSTOMI
2417 463 2738 519 ARCIIIEP.
2777 463 3324 521 CONSTANTINOP.

3829 436 3842 454 “
3943 471 4064 526 εει

861 1174 1013 1247 [367]
1051 1187 1077 1215 ι
1109 1175 1266 1244 Πρὸς
1297 1177 1438 1243 τοὺς
1483 1175 2090 1246 ἁπολιμκανομένους
2117 1176 2236 1231 τῶν
2259 1179 2434 1231 θείων
2463 1178 2800 1244 συνάεεων,
2839 1180 2936 1232 καί
2989 1181 3076 1243 εις
3099 1178 3162 1230 τὸ
3183 1177 3354 1245 ἅγιον
3385 1183 3479 1231 κα)
3504 1183 3796 1250 σωτήριον
3820 1183 4058 1244 βάπτι-

859 1279 985 1334 σμα
1035 1265 1144 1320 τοῦ
1193 1265 1458 1336 Σωτῆρος
1519 1265 1675 1334 ἡμῶν
1753 1265 1957 1334 Ἰησοῦ
1993 1268 2267 1334 Χριστοῦ,
2322 1266 2421 1320 καί
2479 1265 2613 1332 περὶ
2653 1265 2773 1318 τῶν
2820 1269 3079 1335 ἀναξίως
3135 1272 3610 1334 κοινωνούντων,
3671 1273 3764 1325 καὶ
3825 1273 3919 1325 ὅτι
3987 1274 4052 1324 οι

857 1354 1186 1410 ἀτέλεστον
1219 1353 1766 1424 καταλιμπάνοντες
1811 1355 1928 1425 τὴν
1967 1357 2134 1411 θείαν
2163 1357 2557 1426 λειτουργίαν,
2609 1358 2712 1412 καί
2751 1359 2866 1428 πρὸ
2911 1359 3024 1428 τῆς
3049 1359 3392 1424 τελευταίας
3427 1360 3614 1428 εὐχῆς
3641 1363 4062 1434 ἐξερχόμενοι,

857 1442 967 1498 τὸν
1014 1445 1247 1502 Ἰούδαν
1267 1447 1602 1516 μιμοῦνται,
1654 1445 1855 1516 λόγος.

848 2073 930 2143 α’..
941 2069 1150 2134 Πάντες
1165 2073 1322 2142 ὑμεῖς
1340 2074 1399 2124 ἐν
1409 2071 1640 2141 εὐθυμία
1659 2073 1724 2141 τή
1735 2069 2032 2143 μερον,ἐγὼ
2045 2070 2104 2126 δέ
2121 2073 2180 2124 ἐν
2193 2070 2354 2142 ὀδύνῃ

781 2139 958 2216 μόνος.
990 2151 1160 2206 Ὅταν
1202 2139 1315 2224 γὰρ
1369 2155 1448 2216 είς
1491 2139 1554 2206 τὸ
1591 2139 1828 2222 πέλαγος
1872 2139 2050 2208 ἀπίδω
2090 2154 2250 2208 τοῦτο
2296 2139 2356 2208 τδ

779 2235 1164 2300 πνευματικὸν,
1188 2237 1282 2288 καὶ
1307 2237 1397 2288 τὸν
1431 2237 1656 2307 ἄπειρον
1678 2237 1778 2306 τῆς
1805 2236 2130 2306 Ἐκκλησίας
2153 2236 2358 2290 θεάσω-

781 2328 880 2382 μαι
919 2313 1168 2378 πλοῦτον,
1199 2313 1318 2370 εἶτα
1360 2318 1665 2386 λογίσωμαι
1691 2319 1770 2371 ὅτι
1793 2319 1894 2386 τῆς
1931 2319 2124 2387 ἐορτῆς
2151 2317 2356 2388 παρελ-

778 2392 998 2464 θούσης,
1026 2398 1120 2448 καὶ
1149 2398 1210 2450 τὸ
1239 2398 1444 2467 πλῆθος
1470 2401 1600 2466 ἡμῖν
1619 2397 1778 2450 τοῦτο
1811 2397 1972 2450 πάλιν
1994 2399 2354 2468 ἀποπηδῆσαν

774 2475 1072 2543 οἰχήσεται,
1095 2479 1361 2549 δάκνομαι
1384 2481 1475 2532 x11
1504 2479 1774 2548 ὀδυνῶμαι
1799 2479 1898 2548 τὴν
1927 2479 2126 2548 ψυχὴν,
2154 2481 2237 2532 ὅτι
2264 2496 2354 2531 το-

776 2555 954 2608 σαῦτα
973 2559 1210 2612 τεκοῦσα
1243 2561 1411 2614 τέκνα
1445 2565 1478 2630 ὴ
1521 2560 1838 2629 Ἐκκλησία,
1863 2559 1924 2612 οὐ
1953 2559 2074 2612 καθ’
2111 2561 2352 2628 ἑκάστην

776 2637 993 2702 σύναξιν
1026 2642 1318 2696 ἀπολαύειν
1345 2643 1526 2695 αὐτῶν
1557 2641 1802 2706 δύναται,
1829 2643 1944 2694 ἀλλ’
1975 2643 2033 2693 ἐν
2054 2643 2212 2712 ἑορτῇ
2247 2641 2347 2710 μό-

775 2739 886 2776 νον.
921 2723 1092 2776 Πῧσον
1122 2720 1192 2795 ἦν
1236 2725 1548 2794 ἀγαλλίαμα
1594 2724 1978 2794 πνευματικὸν,
2009 2724 2150 2792 πόση
2181 2723 2346 2792 χαρὰ,

777 2805 915 2874 πόση
936 2806 1066 2870 δόξα
1097 2805 1254 2867 Θεοῦ,
1289 2806 1430 2874 πόση
1475 2806 1662 2875 ψυχῶν
1691 2805 1948 2873 ὠφέλεια.
1982 2807 2032 2858 εί
2072 2805 2194 2858 καθ’
2221 2805 2351 2856 ἐκά-

775 2901 908 2956 στην
945 2887 1164 2953 σύναξιν
1201 2887 1345 2942 οὕτω
1391 2887 1856 2958 πεπληρωμένους
1901 2887 2163 2956 ἑωρῶμεν
2221 2886 2348 2947 τοὺς

773 2966 1094 3038 περιϐόλους
1121 2969 1222 3038 τῆς
1257 2969 1590 3039 ἐκκλησίαςς
1623 2970 1738 3022 Νῦν
1785 2969 1842 3022 δὲ
1883 2967 2077 3022 ναῦται
2109 2968 2208 3036 μὲν
2255 2967 2348 3018 καὶ

773 3049 1104 3121 κυϐερνῆται
1135 3052 1316 3104 πάντα
1349 3051 1591 3104 ποιοῦσιν
1614 3091 1628 3114 ,
1682 3052 1831 3114 ὅπως
1875 3051 1936 3102 τὸ
1969 3050 2203 3115 πέλαγος
2235 3049 2348 3101 δια-

769 3129 1092 3200 εράμοιενδ,
1123 3134 1215 3185 καὶ
1241 3132 1375 3203 πρὸς
1397 3132 1489 3186 τὸν
1509 3133 1700 3202 λιμένα
1731 3133 2160 3200 καταντήσωσιν·
2189 3133 2349 3200 ἡμεῖς

770 3211 826 3264 δὲ
855 3213 945 3265 διὰ
977 3215 1174 3278 παντὸς
1215 3215 1484 3282 πελάγους
1529 3215 1772 3267 σαλεύειν
1818 3212 2249 3282 φιλονεικοῦμεν,
2291 3213 2347 3264 ἐν

709 3350 714 3355 ,
768 3296 891 3356 ταῖς
937 3295 1045 3347 τῶν
1085 3295 1353 3364 βιωτικῶν
1389 3298 1722 3366 πραγμάτων
1758 3295 2078 3368 τρικυμίαις
2107 3295 2344 3363 συνεχῶς

768 3375 1141 3446 ποντούμενοι,
1201 3379 1296 3431 καὶ
1329 3379 1388 3430 ἐν
1429 3382 1548 3441 ταῖς
1577 3379 1801 3448 ἀγοραῖς
1835 3379 1928 3432 καὶ
1965 3382 2022 3431 ἐν
2057 3380 2170 3440 τοῖς
2197 3378 2344 3431 δικα-

765 3457 1011 3528 στηρίοις
1065 3461 1442 3530 στρεφόμενοι,
1491 3461 1725 3514 ἐνταῦθα
1771 3463 1827 3515 δὲ
1856 3461 2006 3525 ἅπαξ
2034 3461 2068 3530 ἥ
2093 3461 2342 3529 δεύτερον

767 3539 922 3608 μόλις
945 3539 1035 3592 τοῦ
1067 3542 1264 3605 παντὸς
1287 3542 1634 3605 ἀπαντῶντες
1663 3543 1928 3596 ἐνιαυτοῦ.

841 3621 910 3673 Ἥ
943 3623 1186 3689 ἀγνοεῖτε
1215 3623 1296 3677 ὅτι
1329 3625 1574 3692 καθάπερ
1592 3625 1814 3694 λιμένας
1844 3629 1902 3678 ἐν
1925 3625 2170 3694 πελάγει,
2199 3625 2342 3678 οὕτω

764 3700 866 3765 τὰς
902 3703 1200 3775 ἐκκλησίας
1231 3707 1290 3758 ἐν
1318 3709 1436 3769 ταῖς
1489 3707 1705 3758 πόλεσιν
1754 3707 1954 3776 ἔπηξεν
1985 3710 2013 3761 ό
2058 3709 2212 3774 Θεὸς,
2252 3709 2340 3760 ἵνα

761 3783 870 3836 ἀπὸ
916 3785 1010 3856 τῆς
1043 3785 1212 3857 ζάλης
1253 3787 1361 3840 τῶν
1407 3787 1676 3858 βιωτικῶν
1707 3789 1948 3859 θορύϐων
1976 3788 2210 3844 ἐνταῦθα
2233 3808 2335 3843 κα-

759 3866 1146 3938 ταφεύγοντες,
1179 3870 1420 3942 γαλήνης
1449 3873 1710 3942 μεγίστης
1729 3883 1750 3910 ε
1786 3872 2176 3943 ἀπολαύωμενς
2197 3872 2332 3925 Οὐδὲ

760 3947 868 4020 γὰρ
911 3952 1172 4020 κυμάτων
1206 3953 1356 4006 ἐστιν
1412 3954 1644 4006 ἐνταῦθα
1683 3953 1856 4006 δεῖσαι
1905 3955 2220 4024 τρικυμίαν,
2269 3955 2330 4006 οὐ

759 4027 972 4100 λῃστῶν
1005 4033 1322 4102 ἐπιδρομὰς,
1358 4035 1419 4086 οὐ
1473 4034 1792 4104 κακούργων
1841 4033 2046 4101 ἔφοδον,
2082 4035 2142 4086 οὐ
2171 4051 2334 4086 πνευ-

761 4113 948 4182 μάτων
974 4112 1114 4182 βίας.
1151 4115 1209 4166 οὐ
1247 4113 1451 4184 Θηρίων
1499 4115 1810 4179 ἐπιϐουλάςο
1850 4115 2014 4188 λιμὴν
2036 4116 2143 4186 γάρ
2189 4117 2334 4168 ἐστιν

755 4193 1012 4248 ἁπάντων
1045 4195 1248 4248 τούτων
1281 4197 1720 4269 ἀπηλλαγμένος,
1776 4198 1943 4268 λιμήν
1988 4199 2106 4250 ἐστι
2146 4197 2333 4268 ψυχῶν

755 4278 1139 4346 πνευματικός.
1187 4279 1294 4332 Καὶ
1331 4279 1438 4332 τῶν
1481 4280 1785 4350 λεγομένων
1845 4280 2120 4351 μάρτυρες
2152 4281 2329 4350 ὑμεῖς.

757 4359 822 4412 Ei
847 4359 959 4429 γάρ
984 4375 1068 4422 τις
1099 4361 1250 4429 ὑμῶν
1272 4362 1332 4413 τὸ
1364 4363 1600 4426 συνειδὸς
1632 4362 1954 4426 ἀναπτύξειε
1973 4363 2088 4426 νῦν,
2130 4362 2332 4433 πολλὴν

755 4440 903 4494 ἔνδον
943 4441 1163 4510 εὑρήσει
1195 4441 1294 4511 τὴν
1327 4443 1570 4512 ἡσυχίαν·
1607 4445 1666 4495 οὺ
1701 4445 1869 4513 θυμὸς
1899 4446 2008 4515 γὰρ
2041 4445 2250 4514 ἐνοχλεῖ
2277 4443 2326 4507 d,

753 4523 856 4575 οὐκ
885 4523 1148 4592 ἐπιθυμία
1189 4523 1397 4591 φλέγει.
1437 4525 1497 4576 οὐ
1531 4525 1796 4592 βασκανία
1834 4527 2010 4595 τήκει,
2049 4528 2148 4580 οὒκ
2181 4527 2322 4580 ἀπό-

753 4620 871 4658 νοια
899 4607 1062 4676 φυσᾷ,
1097 4607 1158 4659 οὐ
1196 4605 1498 4669 κενοδοξίας
1528 4607 1666 4677 ἔρως
1684 4605 2004 4677 διαφθείρει,
2039 4609 2174 4662 ἀλλὰ
2191 4611 2325 4663 πάν-

751 4703 822 4740 τα
852 4686 1022 4742 ταῦτα
1053 4687 1412 4744 κατέσταλται
1450 4693 1520 4744 τὰ
1560 4689 1746 4761 θηρία,
1783 4690 2032 4761 καθάπερ
2064 4692 2212 4755 θείας
2244 4710 2316 4745 τι·

751 4765 840 4830 νὸς
871 4770 1104 4840 ἐπῳδῆς,
1133 4774 1234 4842 τῆς
1267 4775 1376 4828 τῶν
1409 4773 1568 4827 θείων
1604 4773 1644 4824 Γ
1651 4771 1838 4843 ραφῶν
1871 4773 2210 4843 ἀκροάσεως,
2239 4773 2326 4826 διὰ

749 4850 850 4918 τῆς
901 4852 1128 4907 ἐκάστου
1161 4857 1330 4928 ἀκοῆς
1357 4855 1494 4928 πρὸς
1527 4855 1626 4926 τὴν
1654 4854 1833 4926 ψυχὴν
1883 4855 2180 4926 εἰσιούσης,
2233 4857 2327 4909 καὶ

750 4931 1105 5006 κοιμιςούσης
1153 4937 1223 4991 τὰ
1269 4939 1436 5006 ἄλογα
1489 4938 1660 4992 ταῦτα
1692 4949 1714 4976 ε
1765 4938 1932 5011 πάθη.
1987 4938 2168 5008 Πόσης
2232 4937 2324 4991 οὖν

748 5015 1064 5088 ἀθλιότητος
1089 5021 1188 5072 οὐκ
1209 5019 1273 5074 ἂν
1295 5022 1400 5092 εἴη,
1424 5021 1690 5090 τοσαύτης
1717 5023 2008 5092 μέλλοντας
2031 5021 2324 5076 ἀπολαύε.ν

811 5149 1052 5218 ξῙΙίυίιιε
1074 5153 1124 5201 in
1148 5154 1209 5202 Sa
1220 5154 1300 5218 vi].
1330 5168 1340 5202 :
1369 5156 1432 5218 εἷς
1453 5154 1507 5218 τὸ
1529 5155 1661 5218 ἅγιον
1697 5157 1777 5218 καὶ
1811 5157 2041 5218 σωτήριον
2060 5156 2324 5218 ,βάπτισμα

746 5209 832 5258 τοῦ
850 5213 1070 5278 Σωτῆρος
1086 5218 1224 5277 ἡμῶν
1255 5213 1416 5278 Ἰησοῦ
1441 5209 1668 5277 Χριστοῦ,
1692 5217 1772 5262 καὶ
1791 5217 1904 5278 πρὸς
1922 5209 2028 5278 τοὺς
2049 5209 2322 5278 ἀπολιμπα-

745 5273 964 5338 νομένους
982 5273 1076 5338 τῶν
1100 5273 1235 5324 θείων
1269 5273 1523 5334 συνάξεων,
1563 5279 1642 5323 καὶ
1685 5279 1788 5338 περὶ
1817 5273 1912 5323 τῶν
1934 5277 2126 5332 ἀναξίως
2149 5273 2320 5326 κοινω-

743 5333 966 5399 νοὺντων,
991 5337 1070 5384 καὶ
1089 5339 1160 5386 ὅτι
1183 5342 1228 5386 οί
1247 5339 1500 5386 ἀτέλεστον
1523 5333 1952 5399 καταλιμπάνοντες
1968 5340 2051 5394 τήν
2079 5341 2201 5387 θείαν
2225 5343 2322 5388 λει-

741 5395 992 5505 ἱριυργίανι
1003 5399 1082 5444 καὶ
1103 5399 1193 5460 πρὸ
1210 5405 1292 5456 τῆς
1315 5399 1586 5454 τελευταίας
1598 5395 1736 5462 εῦχῆς
1757 5399 2065 5461 ἐξερχόμενοι,
2091 5401 2170 5447 τὸν
2201 5401 2318 5450 Ἰού-

803 5471 828 5500 ν
852 5472 1116 5505 ιιιιιουνται.

803 5471 828 5500 ν
852 5472 902 5506 ιιι
907 5473 966 5506 ιιο
971 5473 1098 5506 υνται
1105 5495 1116 5505 .

805 5472 1189 5587 ζὲῗέοιῗύῗιὲεε.
1218 5524 1272 5587 e_t
1285 5519 1436 5587 Sam.
1463 5521 1564 5571 Alii
1585 5523 1924 5587 διαδράμωσιν.
1955 5519 2066 5570 Mox
2089 5521 2238 5576 εει-11.
2264 5533 2318 5576 el.

741 5574 839 5643 ϋηο
855 5592 986 5643 Amss,
1015 5580 1093 5627 διὰ
1112 5580 1285 5643 παντὸς
1305 5583 1536 5643 πελάγιοι.

803 5640 830 5714 ξ
853 5640 1090 5714 μεγίστης
1109 5641 1252 5714 dgeest
1278 5643 1328 5688 in
1352 5640 1599 5714 coqigibus
1625 5651 1818 5696 nostris.

805 5696 832 5739 ἆ
854 5696 948 5766 μῆ
967 5701 1022 5748 οὐ
1048 5696 1192 5766 θυμὸς
1214 5705 1508 5766 παρενοχλεῖ.

807 5772 832 5802 ο
853 5761 1012 5812 Ταῦτα
1029 5761 1171 5816 deést
1190 5767 1238 5814 in
1264 5761 1454 5816 duobﬁs
1473 5781 1586 5817 mss.
1611 5767 1762 5818 Iidem
1785 5776 1944 5834 φοιτᾷ-ι
1965 5770 2094 5834 παρὰ
2117 5773 2216 5830 τήν.

2455 2070 2774 2140 φιλοσοφίας
2805 2069 2882 2140 μὴ
2903 2071 3142 2140 συνεχῶς
3171 2072 3552 2142 ἐπιχωριάζειν
3569 2075 3662 2127 καὶ
3683 2077 3871 2144 φοιτᾷν
3895 2079 4046 2145 πρὸς

2455 2153 2554 2224 τὴν
2591 2152 2776 2222 κοινὴν
2801 2152 3056 2205 ἁπάντων
3089 2155 3320 2223 μητέρα,
3351 2155 3446 2224 τὴν
3495 2157 3816 2222 Ἐκκλησίαν
3849 2158 4044 2224 λέγω;

2457 2233 2624 2286 Ποίαν
2661 2233 2770 2303 γὰρ
2793 2233 2858 2286 ἂν
2879 2233 3023 2302 ἔχοις
3051 2234 3224 2284 εἰπεῖν
3253 2251 3342 2302 μοι
3372 2236 3574 2304 ταύτης
3599 2239 4046 2308 ἀναγκαιοτέραν

2453 2314 2763 2384 διατριϐήν;
2803 2315 2922 2367 τίνα
2948 2315 3004 2368 δὲ
3035 2315 3404 2386 χρηστοτέραν
3431 2320 3740 2380 συνουσίανς
3784 2321 3834 2370 τί
3863 2321 3921 2371 δὲ
3975 2323 4047 2374 τὸ

2455 2398 2708 2466 ἐμπόδιον
2749 2397 2900 2468 [368]
2930 2399 3027 2466 τῆς
3067 2397 3298 2448 ἐνταῦθα
3322 2397 3636 2467 διατριϐῆς;
3677 2401 3904 2464 Πάντως
3938 2421 4047 2472 μοι

2453 2479 2550 2548 τὴν
2568 2479 2757 2532 πενίαν
2779 2481 2922 2548 ἐρεῖς
2947 2478 3176 2548 κώλυμά
3201 2495 3283 2532 σοι
3312 2479 3548 2546 γίνεσθαι
3571 2480 3665 2532 τοῦ
3685 2482 3854 2534 καλοῦ
3871 2486 4046 2537 τοῦδε

2455 2561 2732 2630 συλλόγου·
2759 2562 2870 2615 ἀλλ’
2905 2563 3002 2614 οὐκ
3055 2561 3273 2627 εῠλογος
3301 2563 3335 2630 ἡ
3374 2561 3658 2632 πρόφασις.
3699 2563 3872 2616 Ἐπτά
3897 2566 4047 2634 ἡμέ-

2453 2659 2552 2710 ρας
2576 2645 2608 2712 ή
2641 2643 2874 2712 ἑϐδομὰς
2903 2643 3037 2712 ἔχει·
3071 2642 3168 2704 τὰς
3191 2643 3332 2695 ἐπτά
3347 2641 3548 2706 ταύτας
3575 2645 3868 2714 ἐμερίσατο
3891 2647 4046 2716 πρὸς

2449 2725 2599 2791 ἡμᾶς
2646 2727 2674 2776 ό
2715 2725 2867 2787 Θεός·
2907 2726 2999 2777 καὶ
3031 2726 3129 2792 οὐχ
3162 2723 3340 2792 ἐαυτῷ
3373 2723 3470 2792 μὲν
3501 2724 3562 2776 τὸ
3588 2725 3766 2789 πλέον,
3795 2729 3936 2796 ἡμῖν
3971 2729 4044 2782 δὲ

2447 2807 2508 2856 τὸ
2541 2804 2761 2858 ἔλαττον
2795 2806 2985 2864 ἔδωκε,
3023 2805 3222 2874 μᾶλλον
3243 2804 3298 2855 δὲ
3325 2803 3448 2855 οὐδὲ
3477 2805 3537 2868 ἐξ
3569 2807 3818 2876 ἡμισείας
3849 2809 4046 2871 αὑτὰς

2447 2886 2774 2956 διενείματο,
2803 2888 2903 2940 οὐκ
2920 2887 3080 2938 ἔλαϐε
3098 2889 3246 2954 τρεῖς
3276 2886 3370 2937 καὶ
3391 2885 3558 2940 ἔδωκε
3585 2893 3752 2959 τρεῖς,
3785 2890 3928 2944 ἀλλά
3947 2894 4044 2945 σοι

2452 2968 2547 3036 μὲν
2569 2969 2862 3038 ἀπένειμεν
2899 2967 2976 3032 ἐξ,
3008 2967 3185 3036 ἐαυτῷ
3220 2967 3276 3020 δέ
3294 2969 3548 3022 κατέλιπε
3575 2973 3724 3039 μίαν.
3753 2974 3862 3025 Καὶ
3901 2975 4040 3026 οὐδὲ

2449 3052 2506 3102 ἐν
2537 3051 2710 3123 ταύτῃ
2737 3055 2803 3122 τῇ
2856 3051 2952 3120 ὅλῃ
3011 3051 3178 3120 ἀνέχῃ
3230 3049 3337 3102 τῶν
3389 3050 3654 3120 βιωτικῶν
3679 3055 4040 3124 ἀπηλλάχθαι

2449 3134 2810 3202 πραγμάτων,
2851 3131 2966 3184 ἀλλ’
2986 3132 3120 3200 ὅπερ
3137 3133 3185 3183 οί
3219 3131 3287 3184 τὰ
3325 3131 3443 3202 ἱερὰ
3477 3133 3740 3196 συλῶντες
3759 3137 3864 3204 χρὴ
3875 3154 4040 3205 ματα

2449 3215 2680 3279 ποιοῦσι,
2710 3213 2867 3265 τοῦτο
2891 3215 2984 3266 καὶ
3011 3213 3072 3264 σὺ
3102 3213 3194 3264 ἐπὶ
3209 3214 3270 3282 τῆ
3288 3233 3300 3274 _:
3321 3213 3534 3284 ἡμέρας
3561 3216 3761 3286 ταύτης
3791 3218 4035 3288 τολμᾷς,

2445 3297 2614 3366 αὐτὴν
2648 3293 2812 3349 οὖσαν
2844 3297 2996 3364 ἱερὰν
3019 3297 3110 3349 καὶ
3137 3296 3504 3365 ἀνακειμένην
3534 3300 3600 3367 τῇ
3629 3298 3738 3350 τῶν
3773 3316 4038 3368 πνευμα-

2443 3379 2608 3430 τικῶν
2637 3380 2896 3448 ἀκροάσει
2925 3378 3118 3444 λογίων
3165 3377 3426 3446 ἁρπάζων
3463 3379 3558 3430 καὶ
3595 3381 4038 3450 καταχρώμενος

2445 3461 2522 3522 εἰς
2558 3461 2814 3528 βιωτικάς
2841 3460 3138 3530 φροντίδας.
3176 3460 3218 3510 Τ
3223 3460 3238 3510 ί
3272 3459 3326 3510 δὲ
3353 3459 3494 3526 λέγω
3521 3463 3648 3531 περὶ
3674 3463 3888 3533 ἡμέρας
3915 3466 4036 3518 ὁλο-

2445 3541 2829 3612 κλήρου;ὃπερ
2849 3543 2939 3594 ἐπὶ
2973 3542 3070 3610 τῆς
3092 3540 3460 3611 ἐλεημοσύνης
3491 3543 3744 3612 ἐποίησεν
3778 3548 3808 3614 ἡ
3845 3548 4032 3616 χήρα,

2441 3621 2599 3673 τοῦτο
2634 3623 2857 3690 ποίησον
2913 3623 3006 3674 ἐπὶ
3036 3621 3129 3674 τοῦ
3163 3623 3355 3692 καιροῦ
3395 3623 3486 3676 καὶ
3518 3626 3582 3676 σὺ
3634 3625 3730 3694 τῆς
3773 3629 4028 3696 ἡμέρας·

2441 3703 2689 3773 καθάπερ
2723 3704 2902 3774 ἐκείνη
2955 3703 3048 3756 δύο
3089 3704 3383 3756 κατέϐαλεν
3409 3705 3648 3772 ὀϐολοὺς,
3679 3710 3770 3762 καὶ
3809 3711 4032 3780 πολλὴν

2437 3787 2588 3850 παρά
2605 3787 2698 3839 τοῦ
2727 3787 2862 3840 Θεοῦ
2892 3787 3242 3840 ἐπεσπάσατο
3277 3787 3374 3858 τὴν
3402 3787 3630 3842 εὔνοιαν
3661 3791 3797 3844 οὕτω
3825 3793 3924 3844 καὶ
3952 3797 4028 3847 σὺ

2434 3867 2527 3918 δύο
2559 3869 2802 3920 δάνεισον
2823 3868 2971 3934 ὧρας
2995 3869 3072 3938 τῷ
3103 3868 3240 3938 Θεῷ,
3269 3869 3361 3920 καὶ
3391 3870 3600 3938 μυρίων
3631 3873 3850 3942 ἡμερῶν
3881 3876 4030 3944 κέρ-

2434 3947 2520 4008 δος
2537 3951 2617 4011 είς
2651 3951 2748 4020 τὴν
2779 3951 2954 4003 οἰκίαν
2989 3950 3224 4014 εἰσάξεις
3247 3951 3346 4020 τὴν
3375 3953 3493 4020 σήν.
3529 3953 3591 4004 Εἰ
3612 3952 3668 4005 δὲ
3695 3955 3792 4006 οὐκ
3811 3953 4022 4025 ἀνέχῃ.

2437 4031 2628 4083 σκόπει
2649 4035 2721 4101 μή
2755 4051 2904 4096 ποτε,
2940 4033 3132 4103 μικρὸν
3157 4033 3366 4103 ἡμέρας
3397 4035 3560 4104 μέρος
3583 4035 3644 4086 οὒ
3685 4035 4026 4106 βουλόμενος

2437 4113 2625 4164 ἑαυτὸν
2673 4115 2976 4182 ἀποστῆσαι
3024 4113 3131 4165 τῶν
3183 4117 3385 4182 γηΐνων
3437 4114 3661 4184 κερδῶν,
3699 4116 4024 4188 ὁλοκλήρων

2436 4194 2698 4244 ἐνιαυτῶν
2747 4195 3018 4268 ἀπολέσῃς
3069 4195 3284 4258 πόνους.
3327 4190 3450 4248 Οἵδε
3487 4197 3595 4266 γὰρ
3623 4199 3651 4248 ό
3681 4197 3810 4259 Θεὸς
3837 4215 4026 4252 κατα-

2435 4276 2802 4345 φρονούμενος
2848 4279 3049 4330 καὶτὰ
3106 4277 3427 4344 συλλεγέντα
3479 4276 3670 4330 κενοῦν
3725 4281 4018 4350 χρήματα·

2433 4357 2620 4426 ῶσπερ
2652 4355 2744 4412 οὖν
2767 4360 2860 4412 καὶ
2901 4359 3171 4422 Ἰουδαίοις
3209 4359 3446 4412 ἀπειλῶν
3473 4360 3882 4432 ἔλεγεν,ἐπειδὴ
3909 4365 4022 4434 τῆς

2433 4457 2496 4490 πε
2508 4442 2559 4509 91
2581 4440 2670 4492 τὸν
2708 4441 2832 4493 ναὸν
2852 4441 3214 4512 κατεφρόνουν
3233 4441 3569 4512 ἐπιμελείας·
3595 4442 4022 4510 Είσηνέτκατε

2427 4525 2580 4576 αὐτὰ
2602 4526 2689 4588 εις
2715 4523 2857 4589 τοὺς
2883 4525 3088 4588 οἴκους
3117 4523 3302 4591 ὑμῶν,
3337 4525 3430 4577 καί
3451 4524 3802 4592 ἐξεφύσησα
3823 4531 4014 4598 αὐτὰ,

2428 4605 2587 4673 ,λέγει
2637 4609 2870 4673 Κύριος.
2923 4607 2989 4658 Τί
3038 4606 3166 4676 γὰρ,
3219 4607 3338 4659 εἰπέ
3386 4623 3498 4677 μοι,
3551 4606 3755 4672 διδάξαι
3789 4625 3846 4660 σε
3899 4615 4018 4666 τῶν

2431 4689 2746 4754 ἀναγκαίων
2775 4688 3134 4758 δυνησόμεθα,
3161 4687 3306 4753 ἅπαξ
3338 4687 3433 4740 τοῦ
3484 4687 3726 4740 ἐνιαυτοῦ
3751 4690 3784 4758 ἦ
3825 4691 4018 4748 δεύτε-

2439 4787 2526 4836 ρον
2547 4771 2674 4839 παρ’
2701 4772 2830 4838 ἡμῖν
2860 4771 3144 4838 φοιτῶντα,
3187 4773 3314 4840 περὶ
3343 4770 3541 4839 ψυχῆς,
3565 4773 3694 4840 7:391
3725 4771 4012 4844 σώματος,

2435 4853 2559 4922 περὶ
2591 4852 2910 4914 ἀθανασίας,
2956 4853 3082 4922 περὶ
3122 4852 3398 4920 βασιλείας
3429 4851 3536 4903 τῶν
3571 4853 3830 4924 οὐρανῶν,
3873 4864 4014 4931 mp},

2431 4933 2722 4997 κολάσεως,
2743 4949 2806 4985 πε
2815 4933 2868 5003 91
2891 4935 3131 5003 γεέννης,
3149 4951 3216 4986 πε
3227 4935 3278 5005 91
3299 4931 3674 5003 μακροθυμίας
3695 4937 3849 5000 Θεοῦ,
3867 4948 4012 5010 περὶ

2431 5015 2778 5085 συγγνώμης,
2810 5018 2936 5088 περὶ
2960 5017 3265 5085 μετανοίας,
3291 5017 3413 5086 περὶ
3446 5013 3830 5086 βαπτίσματος,
3869 5027 4012 5094 περὶ

2430 5099 2838 5168 ἁμαρτημάτων
2888 5101 3148 5168 ἀφέσεως,
3203 5099 3328 5168 7:391
3371 5096 3471 5165 τῆς
3515 5097 3740 5164 κτίσεως
3786 5105 4010 5176 ταύτης

2427 5182 2522 5249 τῆς
2553 5180 2685 5244 ἄνω,
2721 5183 2928 5253 καὶτῆς
2956 5183 3122 5246 κάτω,
3148 5184 3277 5252 περὶ
3307 5178 3604 5248 ἀνθρώπων
3619 5183 4008 5258 φύσεωςμπερὶ

2424 5264 2692 5332 ἀγγέλων,
2709 5282 2772 5316 πε
2780 5267 2832 5335 91
2849 5267 2946 5335 τῆς
2961 5265 3068 5318 τῶν
3083 5264 3351 5333 δαιμόνων
3369 5267 3716 5334 κακουργίας,
3738 5270 3868 5338 περὶ
3883 5271 4006 5323 τῶν

2425 5347 2716 5416 μεθοδειῶν
2732 5347 2822 5399 τοῦ
2845 5347 3112 5410 διαϐόλου,
3145 5346 3274 5416 7:691
3297 5345 3588 5413 πολιτείας,
3619 5352 3744 5420 περὶ
3781 5351 4004 5421 δογμά-

2419 5446 2549 5494 των,
2585 5429 2713 5496 περὶ
2743 5431 2838 5498 τῆς
2853 5431 3019 5501 ὀρθῆς
3051 5430 3302 5492 πίστεως,
3319 5430 3564 5501 περὶτῶν
3579 5431 4002 5502 διεφθαρμένων

2421 5511 2682 5580 αἱρέσεων
2705 5528 2719 5574 ;
2751 5511 2793 5562 Τ
2797 5511 2935 5565 αῦτα
2965 5513 3074 5582 γὰρ
3095 5511 3190 5564 καὶ
3216 5511 3392 5582 πολλῷ
3414 5513 3634 5568 πλείονα
3662 5515 3867 5566 τούτων
3897 5515 4001 5570 τὸν

2419 5594 2740 5664 Χριστιανὸν
2785 5595 2986 5648 εἰδέναι
3041 5591 3167 5664 χρὴ,
3217 5595 3308 5647 καὶ
3359 5596 3561 5649 τούτων
3603 5597 3818 5648 πάντων
3845 5598 3998 5652 ἀπο·

2419 5676 2616 5730 διδόναι
2649 5677 2807 5746 λόγον
2854 5679 2967 5738 τοῖς
3001 5677 3276 5748 ἐρωτῶσιν
3309 5681 3473 5751 ὑμᾶς.
3514 5679 3702 5748 Ὑμεῖς
3753 5677 3808 5730 δὲ
3861 5683 3992 5738 οὐδὲ

2420 5761 2476 5812 τὺ
2509 5761 2794 5816 πολλοστὸν
2827 5758 3035 5816 τούτων
3065 5761 3256 5818 εἰδέναι
3291 5761 3582 5833 δυνήσεσθε
3617 5763 3800 5833 μέρος,
3828 5761 3992 5834 ἅπαξ
