4432 6678
432 445 535 501 565

1698 446 1784 502 DE
1827 448 1910 503 BA
1921 449 2164 511 PTISMO
2200 455 2490 517 CHRISTI.

3534 483 3638 539 564

415 1124 726 1165 AIH'ERSUS
773 1122 882 1165 EOS
928 1121 1033 1174 QUI
1078 1123 1111 1167 Δ
1158 1124 1391 1168 DIVINIS
1431 1127 1673 1169 ABSUNT
1715 1128 2004 1185 OFFICIIS,
2050 1133 2130 1174 ΕΤ
2172 1134 2253 1174 DE
2296 1132 2533 1177 SANCTO
2585 1136 2661 1178 AC
2716 1138 3018 1184 SALUTARI
3076 1143 3473 1189 BAPTISMATE
3516 1147 3648 1191 SAL-

489 1224 750 1267 VATORIS
793 1222 1014 1265 NOSTRI
1056 1223 1206 1265 δεδι]
1249 1225 1526 1279 CHRISTI,
1574 1225 1782 1276 DEQUE
1827 1228 1905 1271 IIS
1948 1229 2053 1280 QUI
2098 1231 2358 1274 INDIGNE
2400 1232 2883 1290 COMMUNICANT,
2942 1240 3021 1280 ET
3063 1240 3232 1291 QUOD
3284 1243 3391 1295 QUI
3443 1245 3656 1289 LITUIIP

490 1323 645 1364 GIAM
690 1321 1140 1363 IMPERFECTAM
1183 1324 1696 1377 DERELINQUUNT,
1744 1325 1948 1376 ATQUE
1995 1329 2155 1369 ANTE
2201 1330 2579 1377 POSTREMAM
2625 1334 2990 1378 OIIATIONEM
3044 1339 3513 1399 EGREDIUNTUR,
3556 1346 3659 1389 JU-

489 1421 619 1463 υΑδι
664 1418 1039 1475 nmmum,
1084 1419 1312 1462 ORATIO
1344 1406 1436 1475 (η).

501 1920 548 1972 ι.
577 1916 775 1970 Omnes
793 1922 888 1962 vos
908 1907 959 1961 in
987 1904 1164 1959 laetitia
1187 1902 1341 1957 hodie
1362 1942 1377 1967 ,
1406 1913 1505 1969 ego
1531 1910 1658 1953 vero
1687 1895 1739 1950 in
1767 1906 1999 1949 mterore

428 2024 540 2063 sum
579 2007 740 2059 solus.
766 2001 896 2055 Nam
925 2013 1042 2053 cum
1070 1997 1123 2049 in
1151 1996 1249 2048 hoc
1277 1991 1548 2062 spirituale
1579 1989 1795 2057 pelagus
1817 1984 2000 2039 oculos

428 2113 574 2157 meus
614 2104 901 2158 converto,
928 2104 980 2147 et
1018 2088 1302 2145 immensas
1350 2081 1602 2141 Ecclesia:
1628 2078 1838 2132 divitias
1867 2089 2000 2127 con-

427 2190 653 2258 templor
678 2228 693 2251 ,
722 2202 784 2240 ac
812 2183 1003 2238 deinde
1043 2178 1311 2248 perpendo
1347 2175 1460 2230 fore
1483 2216 1499 2240 ,
1531 2177 1588 2228 ut
1620 2186 1742 2227 cum
1772 2165 2000 2258 primum

425 2257 731 2334 solemnitas
778 2277 875 2329 ista
922 2269 1278 2342 prseterierit,
1329 2265 1610 2321 multitudo
1661 2277 1845 2317 rursus
1900 2257 1998 2313 ista

425 2368 624 2423 resiliat
651 2382 713 2421 ac
738 2365 1009 2424 discedat,
1042 2360 1251 2414 crucior
1293 2366 1346 2412 et
1370 2357 1531 2409 animi
1573 2353 1759 2407 dolore
1786 2364 1952 2419 angor
1977 2363 1992 2400 :

422 2458 582 2526 quod,
610 2471 729 2511 cum
778 2463 883 2507 tam
923 2451 1117 2505 multos
1159 2448 1357 2502 liberos
1405 2443 1668 2513 pepererit
1717 2438 1992 2503 Ecclesia,

423 2563 527 2602 nou
556 2547 659 2601 illis
683 2544 864 2599 itidem
896 2543 947 2595 in
977 2539 1199 2608 singulis
1227 2536 1468 2590 collectis
1495 2574 1509 2596 ,
1538 2532 1634 2587 sed
1665 2532 1715 2584 in
1745 2531 1878 2584 festo
1903 2542 1994 2581 so-

425 2635 693 2690 lummodo
726 2633 828 2687 frui
868 2632 1052 2699 possit.
1074 2630 1280 2694 Quanta
1300 2665 1316 2689 ,
1348 2638 1560 2692 quzeso,
1594 2622 1681 2673 illa
1709 2617 1998 2689 spiritualis

420 2728 700 2783 exsultatio
720 2725 876 2788 foret,
898 2730 1153 2791 quantum
1178 2715 1446 2787 gaudium,
1468 2720 1665 2783 quanta
1697 2710 1788 2765 Dei
1807 2708 1995 2777 gloria,

420 2830 612 2891 quanta
645 2819 841 2873 utilitas
866 2816 1159 2869 animarum
1186 2853 1201 2875 ,
1232 2810 1275 2864 si
1303 2808 1543 2863 collecta:
1581 2805 1837 2873 cujusque
1866 2810 1999 2855 lem-

420 2927 549 2982 pore
574 2912 653 2966 sic
681 2909 879 2977 repleta
906 2904 1144 2960 ecclesia:
1161 2910 1309 2969 septa
1331 2894 1703 2953 cerneremus?
1722 2893 1836 2946 .lam
1868 2905 1995 2944 vero

420 3013 591 3057 nauta:
643 2999 857 3070 quidem
903 3010 966 3051 ac
999 2995 1383 3062 gubernatores
1416 2987 1592 3041 omnia
1634 2983 1911 3046 efﬁciunt,
1939 2988 1995 3033 ut

420 3097 630 3165 pelagus
660 3092 858 3147 emensi
886 3131 900 3154 ,
932 3088 1142 3143 tandem
1182 3083 1247 3137 ad
1278 3090 1482 3151 portum
1512 3076 1860 3147 perveniant:
1896 3085 1993 3125 nos

418 3194 601 3240 contra
632 3186 682 3237 in
713 3183 821 3235 alto
849 3180 978 3233 mari
1012 3178 1267 3230 ﬂuctuare
1300 3170 1671 3226 contendimus
1695 3206 1711 3232 ,
1738 3166 1864 3220 dum
1893 3178 1996 3218 sa:-

419 3277 674 3331 cularinm
704 3272 1031 3341 negotiorum
1063 3264 1310 3335 procellis
1336 3276 1547 3330 semper
1571 3258 1847 3312 obruimur
1872 3294 1887 3319 ,
1916 3260 1997 3306 at-

419 3383 521 3436 quc
551 3365 602 3417 in
636 3363 762 3416 foris
783 3369 836 3414 ct
864 3356 1214 3412 tribunalibus
1235 3351 1470 3421 judicum
1494 3350 1773 3417 iactamur,
1795 3344 1879 3398 hic
1901 3358 1996 3397 au-

419 3467 526 3511 tem
553 3453 715 3508 semel
741 3459 829 3505 aut
855 3449 1045 3502 iterum
1078 3446 1163 3499 vix
1197 3453 1307 3497 toto
1333 3455 1475 3494 anno
1499 3449 1887 3506 comparemus.

489 3547 713 3601 Ecclesia
754 3552 948 3614 portus.
973 3570 1043 3581 -—
1068 3541 1148 3593 An
1179 3551 1305 3591 vero
1345 3533 1598 3603 ignoratis
1626 3571 1641 3596 ,
1675 3540 1731 3584 ut
1772 3530 1826 3582 in
1866 3527 1999 3581 utari

416 3645 633 3705 portus,
656 3634 733 3686 sic
781 3630 1033 3685 ecclesias
1079 3628 1244 3680 Deum
1294 3626 1344 3677 in
1385 3622 1605 3675 urbibus
1643 3620 1876 3673 erexisse
1900 3657 1915 3679 ,
1943 3624 2003 3670 ut

414 3742 441 3779 a
491 3723 805 3777 tumultuutu
847 3715 1179 3772 saecularium
1224 3713 1434 3767 turbine
1488 3710 1592 3763 huc
1631 3707 1997 3775 confugientes

416 3828 619 3868 summa
658 3808 1031 3879 tranquillitate
1079 3802 1373 3873 potiamur?
1402 3799 1519 3853 Non
1559 3798 1700 3851 enim
1739 3796 1994 3849 ﬂuctuum

418 3907 502 3959 hic
528 3912 609 3958 est
639 3896 1026 3957 reformidanda
1056 3903 1340 3962 tempestas
1360 3933 1374 3952 .
1405 3906 1509 3944 non
1537 3890 1799 3943 latronum
1820 3888 1994 3940 incur-

418 3998 593 4051 siones
628 4036 642 4058 ,
684 4006 789 4047 non
833 3989 1139 4058 eruptiones
1186 3983 1492 4054 praedonum
1521 4022 1536 4047 ,
1566 3996 1671 4034 non
1715 3988 1994 4034 ventorum

419 4090 673 4156 impetus,
704 4098 807 4137 non
834 4080 1035 4135 insidiae
1067 4076 1355 4131 bellnarum
1384 4092 1396 4127 :
1428 4082 1611 4141 portus
1636 4073 1777 4126 enim
1804 4080 1887 4124 est
1928 4070 1995 4123 ab

418 4180 499 4231 his
524 4177 768 4232 omnibus
813 4174 1060 4226 immunis
1089 4184 1150 4222 ac
1181 4169 1343 4232 liber,
1372 4174 1558 4235 portus
1585 4173 1666 4217 est
1695 4163 1992 4230 spiritualis

415 4272 732 4322 animarum.
784 4268 954 4332 Atque
987 4277 1171 4317 eorum
1219 4277 1336 4329 qua:
1382 4258 1489 4311 dixi
1518 4255 1826 4324 vosmetipsi
1860 4252 1989 4306 mihi

415 4369 580 4413 testes
604 4359 750 4411 estis.
786 4356 841 4409 Si
866 4357 979 4422 quis
1006 4354 1145 4408 enim
1178 4361 1410 4406 vestrum
1438 4347 1815 4403 conscientiam
1838 4359 1987 4400 snam

415 4448 741 4509 excusserit,
776 4445 993 4497 multam
1050 4446 1190 4495 intus
1238 4442 1468 4511 reperiet
1514 4438 1984 4508 tranquillitatem:

417 4553 518 4591 non
545 4535 686 4590 enim
714 4536 789 4587 ira
812 4534 1077 4602 negotium
1109 4530 1340 4595 facessit,
1368 4546 1472 4584 non
1496 4529 1755 4598 cupiditas
1782 4526 1985 4581 inﬂam-

416 4639 564 4695 mat,
599 4643 702 4681 non
747 4625 940 4680 invidia
979 4623 1224 4678 tabefacit
1248 4663 1262 4685 ,
1313 4638 1416 4676 non
1452 4622 1599 4676 inflat
1650 4621 1943 4691 arrogantia
1968 4660 1983 4684 ,

412 4735 517 4775 non
556 4720 729 4774 inanis
773 4716 954 4788 gloriae
984 4730 1133 4768 amor
1172 4715 1501 4781 corrumpit;
1527 4715 1619 4767 sed
1674 4720 1986 4767 coercentur

409 4824 600 4865 omnes
623 4810 705 4863 lue
732 4808 922 4864 bellua:
943 4847 957 4870 ,
988 4820 1105 4860 cum
1136 4804 1361 4872 primum
1388 4843 1401 4865 ,
1435 4804 1583 4871 quasi
1611 4802 1875 4871 quoddam
1902 4801 1981 4852 di-

412 4900 592 4952 vinum
628 4912 844 4952 carmen
869 4938 883 4961 ,
908 4909 1175 4950 sacrarum
1219 4892 1419 4944 auditio
1460 4892 1853 4959 Scripturarnm
1894 4904 1986 4959 per

411 5001 566 5042 aures
586 4987 636 5039 in
667 4987 897 5040 animam
931 4986 1183 5055 cujusque
1210 4981 1537 5052 penetravit,
1561 4992 1616 5034 et
1645 4982 1760 5034 illas
1784 4982 1986 5035 alienas

412 5094 443 5132 a
471 5076 676 5131 ratione
703 5076 1129 5145 perturbationes
1158 5072 1368 5141 sopivit.
1392 5070 1521 5137 Quis
1552 5085 1655 5122 non
1705 5071 1864 5139 igitur
1892 5083 1986 5124 eos

409 5166 491 5221 vel
531 5164 922 5219 infelicissimos
962 5165 1198 5234 judicet,
1250 5160 1335 5229 qtti
1376 5173 1497 5213 cum
1539 5167 1736 5212 tantam
1775 5174 1982 5213 morum

411 5254 742 5311 sanctitatem
768 5265 985 5322 possent
1008 5253 1225 5324 adipisci
1248 5292 1263 5316 ,
1291 5265 1393 5304 non
1423 5249 1636 5303 assidue
1662 5260 1943 5304 versentur
1966 5291 1981 5317 ,

412 5363 471 5402 ac
492 5346 745 5401 ventitent
768 5346 833 5398 ad
863 5360 1197 5401 communem
1222 5343 1453 5401 omnium
1484 5350 1772 5411 parentem,
1795 5342 1988 5397 Eccle—

413 5441 543 5494 siam
579 5434 863 5490 nimirum?
884 5434 1094 5490 Etenim
1125 5451 1285 5506 quam
1314 5434 1521 5489 tandem
1546 5446 1665 5489 esse
1692 5434 1786 5489 tibi
1815 5434 1983 5503 magis

474 5609 547 5671 (η)
570 5606 740 5674 tjollata
761 5616 868 5674 cum
891 5603 1034 5652 Codd.
1057 5604 1321 5674 Beg.t_964_,
1349 5607 1483 5667 1976,
1506 5606 1587 5669 qui
1610 5607 1730 5674 mire
1749 5604 1981 5674 differunt

413 5667 491 5717 at"
521 5667 695 5726 illius;
720 5667 980 5726 przecipuas
1011 5667 1165 5713 solum
1207 5667 1443 5718 lectiones
1480 5667 1821 5719 adnotavimus.
1861 5673 1980 5717 Item

412 5743 521 5779 cum
544 5730 699 5793 Regiis
719 5726 854 5787 $026,
879 5726 1000 5775 255
1016 5734 1067 5776 et
1088 5727 1297 5778 Colbert.
1320 5730 1431 5781 970.

2107 1892 2429 1948 fructuosam
2459 1896 2859 1965 occupationem
2888 1899 3093 1953 causari
3123 1902 3294 1969 possis
3314 1910 3405 1956 aut
3435 1917 3682 1973 congres-

2104 1997 2220 2035 sum
2250 1984 2548 2037 utiliorem?
2567 1986 2830 2054 quoduam
2857 1998 3033 2042 autem
3074 1990 3530 2060 impedimentum,
3558 2011 3679 2062 quo-

2107 2071 2281 2124 minus
2322 2073 2406 2125 bic
2445 2075 2720 2129 uobiscum
2748 2078 3009 2131 verscris?
3035 2079 3409 2148 Paupertatem
3438 2082 3686 2138 nimirum

2109 2161 2199 2215 tibi
2227 2162 2602 2231 impedimento
2624 2180 2741 2220 esse
2767 2168 2932 2229 dices,
2970 2175 3257 2237 quominus
3281 2174 3535 2239 praeclaro
3562 2174 3685 2230 huic

2104 2254 2265 2315 coetui
2310 2255 2640 2316 intersiszat
2684 2258 2914 2332 legitima
2967 2276 3068 2311 non
3115 2271 3197 2313 est
3239 2261 3352 2314 haec
3390 2266 3685 2319 excusatio.

2101 2354 2316 2423 Septem
2363 2353 2517 2407 habet
2566 2354 2680 2409 dies
2720 2355 3051 2412 hebdomada
3082 2376 3093 2410 :
3124 2355 3302 2414 divisit
3341 2355 3438 2417 hos
3482 2366 3683 2433 septem

2100 2445 2376 2498 nobiscum
2405 2444 2565 2509 Deus,
2589 2461 2761 2515 neque
2786 2448 2885 2500 sibi
2913 2448 3125 2515 quidem
3154 2451 3414 2518 potiorem
3437 2463 3640 2522 partem
3663 2494 3681 2518 ,

2099 2534 2252 2588 nobis
2279 2543 2455 2587 autem
2484 2536 2744 2589 minorem
2772 2537 3054 2605 impertiit;
3087 2538 3194 2592 imo
3225 2556 3291 2594 ne
3322 2541 3371 2593 in
3396 2542 3528 2595 duas
3554 2543 3681 2612 qui-

2104 2624 2227 2678 dem
2256 2625 2486 2693 mquales
2513 2636 2687 2693 partes
2715 2641 2808 2680 eas
2837 2627 3140 2692 distribuit;
3166 2644 3269 2682 non
3307 2631 3404 2683 sibi
3450 2642 3559 2685 tres
3601 2647 3685 2687 as~

2102 2717 2327 2784 sumpsit
2350 2755 2366 2780 ,
2392 2726 2605 2785 tresque
2633 2718 2851 2786 largitus
2875 2728 2955 2774 est
2982 2738 2995 2773 :
3025 2736 3207 2775 verum
3229 2723 3320 2775 tibi
3352 2724 3566 2793 quidem
3594 2740 3686 2782 se!

2105 2806 2380 2875 impertiit,
2405 2822 2562 2859 unam
2593 2822 2721 2861 vero
2747 2809 2845 2862 sibi
2879 2810 3094 2879 reliquit
3121 2827 3135 2863 :
3166 2826 3263 2866 nec
3303 2813 3353 2865 iu
3388 2813 3484 2867 hac
3511 2822 3683 2869 tamen

2102 2905 2209 2950 tota
2253 2912 2282 2951 a
2337 2899 2561 2967 negotiis
2604 2900 2948 2954 seccularibus
2990 2902 3256 2957 abstinere
3286 2904 3556 2973 dignaris,
3587 2906 3680 2961 sed

2101 2987 2204 3042 hoc
2244 2989 2414 3058 ipsmn
2456 2990 2597 3059 quod
2642 2990 2844 3045 faciunt
2870 2992 2961 3061 qui
2988 3008 3167 3048 sacras
3194 2997 3444 3063 pecunias
3480 2996 3684 3065 deprae-

2099 3080 2291 3135 dantur
2320 3122 2334 3145 ,
2369 3092 2422 3135 tu
2452 3081 2548 3135 hac
2575 3083 2734 3137 etiam
2776 3083 2861 3137 die
2893 3093 3103 3151 patrare
3134 3086 3298 3140 audes
3331 3105 3342 3139 :
3372 3089 3497 3141 dmn
3543 3089 3685 3144 illam
3758 3087 3760 3090 ’

2096 3171 2204 3240 jam
2229 3182 2463 3226 sanctam
2481 3182 2535 3227 et
2554 3174 2905 3240 Spiritualium
2937 3175 3269 3243 eloquiorum
3291 3179 3543 3233 auditioni
3562 3195 3688 3234 con-

2101 3272 2363 3317 secratam
2406 3264 2666 3332 surripis,
2691 3273 2747 3318 et
2793 3264 2857 3317 ad
2905 3266 3193 3321 saeculares
3236 3282 3392 3322 curas
3420 3270 3686 3325 abutendo

2102 3352 2352 3407 traducis.
2388 3352 2493 3407 Sed
2522 3354 2648 3421 quid
2670 3368 2771 3423 ego
2799 3354 2866 3408 de
2895 3355 3102 3423 integro
3132 3355 3218 3410 die
3244 3356 3478 3425 loquor?
3504 3359 3584 3413 vel
3631 3360 3682 3414 id

2101 3457 2292 3506 unum,
2320 3441 2461 3511 quod
2498 3444 2549 3495 in
2576 3442 2914 3513 eleemosyna
2938 3444 3095 3497 vidua
3144 3444 3271 3498 fecit
3294 3487 3307 3508 ,
3340 3455 3392 3499 tu
3431 3448 3481 3501 in
3529 3449 3684 3518 hujus

2103 3532 2207 3586 diei
2237 3543 2472 3602 tempore
2489 3534 2827 3588 facitozsicut
2848 3535 2935 3588 illa
2961 3534 3095 3589 duos
3117 3535 3304 3590 obolos
3324 3536 3466 3589 misit
3486 3538 3683 3607 (Mart.

2107 3624 2191 3677 19..
2217 3626 2303 3678 4'2.
2334 3623 2491 3694 ειη),
2514 3625 2837 3692 munitamque
2862 3640 2891 3677 a
2924 3625 3035 3678 Deo
3059 3626 3280 3694 gratiam
3313 3627 3459 3680 inivit
3488 3645 3502 3681 :
3530 3629 3607 3682 sic
3632 3640 3685 3683 et

2106 3724 2156 3767 tn
2188 3715 2319 3767 duas
2348 3714 2504 3767 horas
2530 3715 2635 3769 Deo
2656 3713 2930 3769 commoda
2950 3754 2967 3781 ,
2996 3724 3050 3769 et
3078 3725 3446 3769 sescentorum
3477 3717 3683 3774 dierum

2102 3803 2303 3856 lucrum
2350 3805 2400 3856 in
2440 3804 2657 3857 domum
2700 3814 2841 3856 tuam
2888 3804 3214 3871 importabis.
3247 3805 3397 3871 Quod
3439 3809 3481 3858 si
3512 3808 3560 3859 id
3585 3808 3681 3862 de-

2101 3903 2314 3957 trcctes,
2344 3894 2463 3948 vide
2491 3910 2556 3949 ne
2582 3894 2737 3961 forte,
2767 3894 2891 3947 dum
2916 3894 2982 3947 ad
3007 3895 3250 3964 exiguum
3284 3899 3534 3964 temporis
3554 3914 3681 3968 Spa-

2103 3987 2231 4040 tium
2256 3988 2481 4055 teipsum
2508 4003 2612 4040 non
2643 3988 2721 4039 vis
2748 4001 2777 4039 a
2809 3986 3033 4040 terrenis
3064 3987 3221 4039 lucris
3252 4002 3475 4042 avocare
3495 4029 3508 4049 ,
3543 3993 3681 4043 inte-

2100 4091 2314 4145 grornm
2355 4092 2613 4131 annorum
2658 4077 2866 4133 labores
2903 4077 3133 4134 amittas.
3163 4079 3308 4135 Solet
3349 4080 3492 4138 enim
3543 4087 3682 4145 Deus

2100 4185 2221 4223 cum
2251 4180 2585 4238 contemptus
2622 4170 2779 4225 fuerit
2810 4172 3062 4227 collectas
3098 4176 3346 4242 pecunias
3372 4177 3630 4247 dissipare
3661 4197 3676 4233 :

2098 4262 2238 4330 quod
2268 4272 2320 4316 et
2344 4262 2537 4316 Iudaeis
2559 4264 2848 4318 minitando
2874 4264 3081 4319 dicebat
3107 4306 3120 4330 ,
3153 4269 3400 4335 quoniam
3427 4271 3681 4326 sollicitu-

2097 4356 2276 4409 dinem
2334 4356 2515 4425 tcmpli
2560 4370 2770 4409 omnem
2823 4356 3143 4422 abjiciebant
3181 4375 3193 4410 :
3228 4356 3481 4412 lntulistis
3524 4377 3583 4413 ea
3624 4362 3677 4415 iu

2095 4445 2272 4499 domos
2302 4456 2484 4498 vestras
2506 4487 2519 4511 ,
2549 4455 2592 4498 et
2621 4446 2889 4515 exsufﬂavi
2918 4462 2974 4499 ea
2994 4488 3008 4509 ,
3039 4447 3157 4499 dicit
3188 4446 3428 4501 Dominus
3471 4445 3676 4518 (Agga't'

2096 4534 2121 4589 1
2144 4536 2220 4607 9).
2243 4535 2376 4601 Quid
2406 4535 2543 4587 enim
2568 4576 2581 4596 ,
2614 4550 2814 4604 quaeso,
2840 4549 2905 4589 cx
2934 4535 2995 4588 iis
3015 4577 3029 4600 ,
3053 4551 3170 4604 qum
3192 4540 3483 4590 ueci'ssaria
3515 4549 3670 4609 sunt,

2095 4634 2146 4677 te
2192 4626 2482 4693 poterimus
2517 4627 2748 4690 docere,
2778 4640 2896 4679 cum
2943 4628 3106 4681 seu-el
3149 4639 3239 4681 aut
3284 4630 3473 4683 iterum
3522 4634 3672 4686 annis

2091 4715 2310 4781 singulis
2333 4715 2397 4767 ad
2429 4731 2522 4767 nos
2554 4717 2775 4767 ventitcs
2800 4754 2814 4779 ,
2845 4714 2912 4769 do
2936 4717 3109 4768 auium
3140 4718 3387 4770 nimirum
3406 4761 3418 4781 ,
3452 4720 3520 4774 de
3547 4736 3671 4774 cor-

2092 4818 2239 4872 pore,
2266 4804 2333 4858 dc
2364 4804 2777 4871 immortalitate,
2808 4806 2873 4859 de
2893 4821 3054 4875 regno
3074 4807 3349 4866 czelormn.
3377 4808 3445 4863 de
3476 4812 3665 4879 pinnis,

2091 4895 2155 4948 de
2184 4893 2442 4962 gehenna,
2468 4894 2534 4947 de
2567 4894 2655 4947 Dei
2689 4894 3108 4964 longanimitate,
3142 4898 3207 4952 de
3238 4898 3583 4970 indulgentia,
3603 4903 3669 4958 do

2093 4984 2397 5053 pmnitcutia
2418 5025 2431 5047 ,
2455 4984 2521 5037 de
2566 4985 2848 5053 baptismo,
2877 4986 2943 5040 de
2970 4988 3282 5042 remissione
3311 5002 3665 5058 peccatorum,

2091 5078 2156 5131 de
2186 5077 2301 5130 istis
2330 5075 2510 5129 mundi
2558 5091 2677 5131 cum
2724 5080 3015 5146 superioris
3072 5091 3179 5132 tum
3227 5080 3489 5135 inferioris
3515 5098 3663 5136 crea-

2091 5168 2241 5233 turis,
2267 5167 2334 5222 de
2364 5167 2635 5221 hominum
2658 5181 2839 5221 natura
2862 5210 2876 5232 ,
2900 5169 2965 5223 de
2991 5170 3207 5238 angelis,
3237 5169 3303 5222 de
3331 5169 3669 5237 improbitate

2091 5259 2387 5314 daamonum
2409 5299 2422 5322 ,
2446 5258 2513 5312 de
2536 5258 2729 5312 diaboli
2753 5258 3021 5312 fraudibus
3041 5298 3055 5320 ,
3087 5258 3151 5311 de
3177 5256 3410 5311 moribus
3430 5297 3444 5319 ,
3473 5257 3537 5311 de
3565 5259 3667 5312 du-

2089 5349 2354 5419 gtnatibus
2371 5389 2387 5416 ,
2414 5348 2481 5404 de
2507 5358 2647 5403 recta
2675 5348 2777 5403 lide
2800 5389 2815 5414 ,
2844 5348 2913 5401 de
2936 5348 3195 5415 corruptis
3233 5345 3563 5401 bzcrcsibus?
3588 5350 3665 5401 si-

2089 5441 2299 5510 quidem
2326 5440 2423 5494 ista
2445 5449 2498 5494 et
2518 5440 2684 5493 multo
2712 5440 2853 5508 plura
2882 5452 3035 5492 nosse
3054 5437 3409 5491 Christianum
3436 5450 3662 5505 oportet,

2088 5532 2384 5602 horumque
2435 5531 2669 5585 omnium
2717 5530 2935 5585 reddere
2962 5529 3219 5583 rationem
3259 5530 3324 5584 iis
3354 5532 3445 5600 qui
3485 5531 3662 5584 scisci-

2087 5632 2286 5677 tentur.
2317 5624 2423 5678 Vos
2457 5638 2581 5677 vero
2608 5638 2674 5676 ne
2700 5620 2968 5674 minimam
2997 5620 3212 5690 quidem
3252 5620 3437 5675 borum
3482 5630 3664 5675 tenere

2088 5724 2291 5786 partem
2337 5713 2570 5784 poteritis
2595 5751 2611 5777 ,
2658 5712 2701 5767 si
2748 5712 2911 5766 semel
2954 5710 3078 5780 hic,
3110 5711 3264 5784 idque
3305 5710 3661 5783 perfunctorie
