4406 6704
739 409 841 464 365

735 524 1085 593 conveniatis,
1117 542 1215 584 nec
1243 536 1346 581 tam
1378 537 1594 597 propter
1616 529 1807 583 animae
1837 528 2088 599 pietatem
2110 572 2122 594 .
2156 545 2315 599 quam

738 625 955 684 propter
981 618 1419 671 consuetudinem
1440 618 1791 675 solemnitatis
1814 638 1827 673 :
1851 621 1937 674 vix
1964 622 2104 674 enim
2135 621 2325 690 cuique

735 708 1036 764 assistendo
1057 710 1315 775 collectae,
1348 710 1539 780 aliquis
1564 727 1628 765 ex
1655 712 1904 780 omnibus
1932 722 2114 766 exacte
2143 720 2328 779 posset

734 798 913 853 omnia
942 800 1027 854 illa
1061 800 1293 855 discere.
1320 802 1517 857 Servos
1545 802 1756 859 habetis
1785 805 1934 860 multi
1961 845 1976 869 ,
2004 804 2191 857 horum
2235 804 2325 873 qui

736 889 823 945 hic
848 891 1057 955 adsunt,
1090 903 1143 970 et
1169 893 1306 947 filios
1331 913 1347 947 :
1368 909 1597 964 eumque
1623 896 1742 949 illos
1762 897 1953 950 artium
1985 894 2248 963 magistris
2271 897 2323 947 in

734 982 1067 1052 disciplinam
1097 986 1306 1040 tradere
1335 986 1514 1049 vultis,
1542 1003 1677 1055 quos
1704 988 2003 1057 elcgeritis,
2026 996 2323 1040 vestrarum

735 1072 842 1125 illis
862 1073 1055 1128 aedium
1088 1075 1333 1145 ingressu
1360 1078 1673 1134 interdicitis
1700 1080 1890 1145 semel,
1917 1079 2003 1133 ubi
2034 1078 2325 1147 stragulam

735 1173 977 1233 vestem,
1033 1168 1229 1223 cibaria
1274 1185 1594 1240 omnemque
1643 1172 1801 1225 aliam
1849 1170 2231 1239 supellectilem
2273 1178 2328 1223 et

734 1267 1048 1327 apparatum
1084 1261 1459 1328 suppeditastis
1489 1278 1502 1313 :
1534 1277 1635 1314 una
1665 1276 1783 1315 cum
1815 1261 2067 1330 magistro
2113 1260 2327 1314 habita-

737 1361 849 1405 tum
905 1352 1110 1405 mittitis
1141 1392 1156 1416 ,
1200 1366 1263 1406 ac
1322 1368 1388 1406 ne
1430 1351 1647 1407 domum
1686 1362 1916 1408 vestram
1960 1352 2155 1408 adeant
2200 1368 2329 1423 pro-

736 1439 930 1494 hibetis
961 1458 973 1494 :
1000 1450 1077 1503 ut,
1107 1441 1235 1496 dum
1277 1442 1347 1495 ihi
1376 1444 1630 1497 continue
1659 1453 1974 1510 versantur,
2008 1442 2216 1498 facilius
2243 1458 2330 1498 ar—

738 1539 844 1583 tem
865 1529 1126 1597 ediscant,
1155 1547 1253 1587 nec
1275 1533 1379 1587 ulla
1409 1533 1764 1588 soilieitudine
1786 1533 2022 1588 studium
2044 1535 2253 1588 illorum
2277 1542 2331 1587 et

735 1622 1017 1690 occupatio
1033 1623 1419 1693 interpelletur.
1435 1624 1552 1678 Jam
1573 1640 1701 1678 vero
1723 1640 1843 1679 cum
1863 1641 1968 1677 non
1989 1624 2217 1692 vulgaris
2242 1639 2330 1677 ars

736 1711 1001 1777 quaedam,
1018 1712 1110 1766 sed
1134 1713 1369 1766 omnium
1391 1714 1621 1765 maxima
1646 1714 1799 1767 vobis
1815 1714 1884 1767 sit
1906 1713 2329 1781 cdisccnda,quo

657 1809 666 1821 '
734 1810 889 1867 pacto
906 1800 1015 1854 Deo
1027 1800 1341 1869 placendum
1360 1800 1449 1866 sit,
1463 1809 1517 1854 et
1535 1801 1766 1855 caelestia
1781 1800 1917 1854 bona
1932 1801 2324 1870 consequenda,

733 1889 1091 1957 perfunctorie
1120 1905 1216 1945 vos
1246 1890 1297 1944 id
1327 1890 1585 1960 perlicere
1613 1905 1769 1959 posse
1794 1891 2030 1944 censetis
2054 1892 2077 1943 2
2104 1889 2329 1955 Quantae

737 1978 859 2046 hoc,
892 1996 1094 2051 quaeso,
1125 1991 1207 2036 est
1226 1981 1544 2036 dementiae?
1566 1980 1698 2035 Nam
1726 1979 2063 2050 disciplinam
2086 1994 2206 2035 esse
2227 1979 2331 2034 hoc

733 2072 1044 2139 negotium,
1074 2073 1214 2141 quod
1255 2073 1473 2125 multam
1515 2072 1679 2140 exigit
1729 2072 2112 2134 attentionem,
2142 2085 2207 2124 ex
2248 2069 2331 2124 his

732 2160 1036 2229 cognoscite
1069 2178 1081 2213 :
1116 2160 1337 2226 Discite,
1367 2160 1571 2229 inquit,
1602 2178 1633 2213 a
1660 2177 1737 2213 me
1760 2201 1774 2225 ,
1808 2161 1927 2230 quia
1971 2162 2108 2214 mitis
2145 2176 2255 2214 sum
2287 2168 2334 2213 et

671 2247 684 2258 ³
736 2252 941 2305 humilis
986 2252 1138 2306 corde
1172 2252 1387 2321 (Matth.
1429 2254 1516 2307 1|.
1548 2252 1644 2319 29)
1674 2270 1687 2306 :
1716 2263 1770 2307 et
1811 2267 1998 2306 rursus
2028 2253 2284 2320 propheta
2313 2268 2330 2305 :

745 2342 950 2407 Venite,
980 2345 1075 2412 ﬁlii
1098 2384 1115 2408 ,
1139 2345 1312 2399 audite
1350 2361 1429 2398 me
1450 2362 1468 2398 :
1494 2346 1723 2396 timorem
1768 2342 1974 2396 Domini
2017 2344 2204 2396 docebo
2244 2360 2330 2397 vos

735 2432 905 2493 {PsuL
935 2435 1023 2486 55.
1054 2433 1142 2502 12)
1173 2452 1185 2487 :
1218 2443 1272 2487 ct
1302 2435 1492 2487 iterum
1526 2450 1539 2485 :
1584 2432 1768 2485 Vacate
1803 2442 1849 2485 et
1881 2432 2043 2485 videte
2091 2435 2330 2500 quoniam

733 2539 823 2592 ego
846 2538 955 2576 sum
978 2520 1118 2575 Deus
1148 2523 1165 2592 (
1189 2521 1332 2577 Psat.
1360 2523 1448 2577 45.
1481 2522 1536 2576 11
1566 2523 1606 2591 ).
1637 2521 1818 2590 Itaque
1861 2521 2024 2576 multa
2066 2535 2203 2591 opus
2248 2531 2331 2575 est

740 2615 1011 2669 vacatione
1034 2615 1127 2677 illi,
1150 2616 1237 2683 qui
1261 2614 1398 2668 hanc
1419 2630 1627 2667 morum
1652 2613 1989 2682 disciplinam
2014 2622 2069 2667 et
2095 2612 2333 2682 philoso-

740 2704 920 2774 phiam
946 2705 1047 2760 sibi
1078 2706 1306 2759 voluerit
1333 2719 1672 2773 comparare.

805 2794 859 2848 2.
884 2794 1017 2848 Dua:
1045 2795 1389 2865 apparitiones
1416 2793 1638 2858 Christi;
1669 2811 1758 2847 cur
1786 2811 1887 2847 non
1911 2794 2019 2847 dies
2044 2802 2181 2846 ortus
2206 2832 2221 2857 ,
2248 2792 2336 2845 sed

733 2886 839 2940 dies
850 2885 1085 2955 baptismi
1098 2885 1410 2955 Epiphania.
1419 2884 1723 2937 Miraculum
1736 2885 1871 2938 circa
1880 2884 2117 2953 baptismi
2127 2899 2328 2951 aquam.

732 3006 803 3018 —
830 2976 1025 3032 Verum
1056 2993 1124 3031 ne
1163 2986 1373 3047 tempus
1409 2990 1570 3030 omne
1609 2976 1662 3029 in
1689 2990 1871 3030 eorum
1918 2973 2333 3044 reprehensione

736 3076 1114 3133 conteramus,
1138 3068 1228 3137 qui
1263 3067 1439 3121 solent
1466 3067 1658 3121 abesse
1678 3108 1691 3131 ,
1728 3066 1811 3121 his
1839 3082 1959 3135 quae
1997 3066 2063 3118 ad
2097 3066 2331 3134 ipsorum

739 3158 1114 3227 negligentiam
1145 3156 1512 3227 corrigendum
1565 3164 1691 3210 sunt
1737 3156 1877 3209 dicta
1924 3155 2159 3209 contenti
2192 3195 2207 3219 ,
2236 3168 2334 3223 age

736 3248 988 3319 quiddam
1004 3248 1071 3303 de
1092 3248 1341 3319 praesenti
1357 3248 1695 3304 solemnitate
1716 3248 2172 3317 philosophemur.
2198 3247 2329 3301 Nam

674 3330 677 3333 λ
736 3341 887 3395 multi
916 3341 1130 3410 quidem
1160 3340 1291 3395 festa
1312 3340 1585 3396 celebrant
1634 3338 1711 3413 (a)
1734 3382 1749 3407 ,
1778 3348 1834 3395 et
1876 3341 2090 3395 nomina
2144 3355 2331 3395 eorum

738 3441 1035 3496 noverunt,
1066 3432 1317 3487 historias
1342 3441 1521 3487 autem
1558 3440 1614 3487 et
1643 3433 1957 3487 occasiones
1975 3473 1991 3497 ,
2016 3432 2157 3485 unde
2200 3441 2333 3486 orta:

734 3534 896 3589 sunt,
946 3541 1051 3579 non
1108 3534 1393 3579 noverunt.
1437 3526 1614 3593 Atque
1658 3522 2015 3592 Epiphaniam
2077 3522 2332 3592 quidem,

733 3618 848 3672 sive
889 3617 1307 3687 apparitionem,
1340 3616 1444 3670 dici
1506 3615 1645 3670 hanc
1683 3615 2046 3671 celebritatem
2085 3615 2335 3670 omnibus

734 3708 921 3778 liquet,
955 3708 1069 3762 haec
1098 3722 1225 3763 vero
1246 3706 1507 3776 apparitio
1537 3720 1781 3776 quaenam
1809 3705 1912 3772 sit,
1933 3714 1988 3760 et
2014 3715 2189 3759 utrum
2219 3720 2324 3758 una

733 3800 803 3853 sit
848 3815 913 3853 an
940 3798 1058 3853 duae
1079 3840 1094 3863 ,
1130 3798 1180 3853 id
1214 3812 1317 3852 non
1349 3798 1474 3851 item
1506 3804 1807 3858 noverunt;
1837 3804 1893 3851 et
1934 3794 2077 3865 quod
2120 3809 2327 3849 summa

732 3888 1021 3943 notandum
1052 3888 1337 3958 ignominia
1359 3888 1575 3957 risuque
1596 3885 1813 3956 dignum
1839 3896 1918 3941 est
1934 3928 1949 3952 ,
1967 3901 2089 3940 cum
2110 3885 2332 3954 singulis

734 3982 890 4036 annis
909 3981 1302 4036 solemnitatem
1323 3979 1479 4033 istam
1501 3978 1799 4042 celebrent,
1820 3977 1937 4047 ejus
1957 3986 2329 4046 argumentum

734 4072 1137 4126 etoecasionem
1162 4071 1425 4140 ignorant.
1450 4069 1685 4124 Primum
1709 4068 1867 4139 igitur
1886 4083 2064 4137 operae
2104 4068 2331 4138 pretium

733 4172 816 4217 est
831 4162 1039 4217 caritati
1063 4170 1255 4217 vestra:
1274 4161 1508 4217 iudicare
1528 4176 1632 4215 non
1672 4176 1832 4215 unam
1860 4177 1981 4217 esse
2008 4170 2210 4215 tantum
2232 4176 2331 4229 ap-

735 4253 1050 4324 paritionem
1072 4295 1087 4318 ,
1112 4253 1204 4309 sed
1242 4255 1412 4309 duas:
1440 4269 1544 4309 una
1574 4252 1787 4324 quidem
1834 4262 1918 4307 est
1955 4253 2055 4306 ista
2092 4265 2330 4322 pncsens

734 4358 853 4415 quae
882 4344 991 4413 jam
1014 4345 1266 4414 contigit;
1296 4346 1460 4400 altera
1487 4360 1614 4399 vero
1663 4359 1782 4414 quae
1827 4343 2002 4398 futura
2034 4350 2117 4398 est
2137 4382 2152 4406 ,
2176 4350 2231 4396 et
2277 4341 2330 4396 in

734 4436 1195 4491 consummatione
1237 4436 1417 4490 saeculi
1452 4451 1573 4491 cum
1618 4436 1901 4505 splendore
1947 4445 2003 4491 et
2039 4435 2207 4505 gloria
2247 4442 2331 4489 est

737 4536 1014 4584 eventura.
1050 4529 1125 4582 Ac
1151 4527 1220 4583 de
1248 4536 1472 4596 utraque
1514 4525 1724 4581 illarum
1754 4528 1972 4582 Paulum
2001 4528 2162 4584 hodie
2207 4528 2329 4583 Tito

735 4622 1090 4677 disserentem
1115 4620 1358 4687 audistis,
1391 4630 1552 4689 atque
1578 4620 1629 4675 in
1661 4618 1777 4674 haec
1798 4621 1956 4674 verba
1985 4620 2051 4675 de
2078 4620 2328 4690 praesenti

734 4713 949 4783 quidem
993 4712 1322 4782 loquentem,
1355 4712 1607 4783 Apparuit
1632 4712 1797 4783 gratia
1826 4710 1923 4765 Dei
1946 4714 2183 4765 salutaris
2220 4729 2329 4765 om-

739 4803 886 4856 nibus
912 4804 1215 4869 hominibus,
1236 4804 1469 4857 erudiens
1490 4820 1603 4869 nos,
1628 4812 1684 4856 ut
1701 4802 2006 4872 abnegantes
2025 4802 2330 4868 impietatem

737 4904 783 4947 et
814 4894 1079 4947 saecularia
1103 4894 1370 4959 desideria,
1399 4894 1563 4948 sobrie
1586 4905 1633 4948 et
1649 4897 1792 4965 juste
1820 4903 1867 4947 et
1902 4894 1984 4963 pie
2016 4893 2239 4947 vivamus
2278 4895 2323 4947 is

737 4987 831 5039 hoc
858 4985 1082 5038 siccato:
1108 4985 1174 5038 de
1203 4984 1372 5038 futura
1401 5001 1547 5051 vero,
1573 4986 1934 5055 Exspectantes
1962 4986 2158 5040 beatam
2194 5001 2333 5055 spem

737 5087 784 5130 et
806 5076 1077 5129 adventum
1107 5076 1286 5145 gloria:
1311 5078 1480 5147 utagni
1518 5076 1609 5131 Dei
1637 5089 1682 5132 et
1712 5079 1992 5133 Salvatoris
2022 5079 2184 5132 nostri
2205 5078 2332 5132 Jesu

738 5168 927 5220 Christi
954 5167 973 5238 (
1000 5166 1097 5219 Tit.
1131 5169 1186 5220 ‘2.
1221 5167 1306 5220 1|.
1336 5166 1424 5220 19..
1456 5168 1520 5222 15
1541 5168 1578 5234 ).
1609 5168 1676 5221 Et
1700 5184 1828 5223 vero
1851 5171 2111 5239 propheta
2141 5169 2209 5225 de
2239 5168 2331 5224 illa

739 5260 849 5326 ipsa
877 5259 954 5312 sic
984 5259 1148 5313 dixit‘
1187 5276 1200 5311 :
1236 5257 1333 5313 Sol
1360 5268 1671 5312 convertetur
1696 5260 1745 5311 in
1771 5260 2026 5325 tenebras,
2055 5271 2099 5315 et
2132 5263 2253 5315 luna
2277 5263 2331 5316 in

738 5353 1064 5422 sanguinem,
1095 5363 1363 5422 antequam
1385 5353 1550 5407 veniat
1575 5353 1681 5406 dies
1710 5352 1915 5406 Domini
1944 5370 2155 5424 magnus
2182 5367 2229 5409 et
2257 5356 2327 5409 il-

741 5442 913 5496 lustris
943 5442 1097 5511 (Joet.
1124 5443 1176 5496 2.
1211 5443 1319 5512 51).
1353 5444 1421 5497 At
1450 5445 1591 5499 enim
1618 5443 1707 5511 qui
1739 5444 1830 5507 lit,
1860 5451 1917 5497 ut
1943 5458 2046 5497 non
2076 5459 2137 5498 ea
2167 5445 2284 5500 dics
2308 5486 2323 5509 ,

740 5550 839 5601 qua
869 5543 1022 5587 natus
1043 5543 1144 5595 est,
1167 5533 1458 5601 Epiphania
1480 5544 1534 5590 et
1549 5535 1810 5606 apparitio
1829 5536 2143 5605 appelletur,
2159 5537 2250 5591 sed
2264 5552 2324 5592 ea

741 5642 841 5694 qua
868 5625 1166 5696 baptizatus
1190 5627 1308 5677 est?
1333 5626 1451 5679 lla:c
1476 5626 1617 5682 enim
1645 5627 1760 5682 dies
1794 5636 1876 5683 est
1901 5642 2004 5698 qua
2033 5626 2326 5697 baptizatus

805 5762 821 5821 ἓ
861 5766 907 5807 In
933 5760 1035 5808 haec
1058 5760 1210 5808 verba
1229 5754 1323 5820 (Gr.
1338 5758 2026 5821 ἔλεγενοῧτωςΜρςίιιὶι(ἶοιΙρχ
2044 5756 2321 5821 Reg.196t.

804 5820 876 5884 (α)
909 5823 1019 5871 Dies
1032 5821 1301 5883 Epiphaniae
1316 5820 1668 5871 celebrabatur.

1489 420 1540 472 S.
1584 418 1857 474 JO.\I\'NlS
1895 414 2364 472 tlllliYSOSTOill
2408 415 2721 471 ARCIIIEP.
2763 414 3289 474 CONSTANTINOP.

3907 427 4023 483 3136

2431 540 2515 586 est
2537 571 2553 597 ,
2582 540 2636 585 et
2672 547 2929 602 aquarum
2960 544 3203 590 naturam
3230 531 3597 588 sanctiﬁcavit.
3626 533 3824 592 Idcirco
3848 544 4022 595 etiam

2430 622 2481 674 in
2522 622 2620 675 hac
2649 623 2989 680 solemnitate
3015 626 3115 681 sub
3142 624 3367 681 mediam
3399 633 3611 678 noctem
3636 640 3821 684 omnes
3843 670 3857 692 ,
3886 646 4023 684 cum

2428 713 2602 783 aquati
2635 712 2850 775 fuerint,
2876 713 3096 769 domum
3126 717 3310 773 latices
3340 714 3577 773 referunt
3603 730 3667 770 ac
3690 721 4026 783 recondunt.

2430 814 2484 858 et
2510 820 2605 873 per
2628 804 2887 873 integrum
2919 820 3115 860 annum
3141 816 3457 863 conservant
3479 848 3494 872 ,
3527 814 3709 876 utpote
3736 809 3875 877 quod
3925 811 4035 864 ho-

2429 893 2611 949 dierna
2658 894 2744 950 die
2781 894 3124 949 sanctificata:
3155 898 3261 951 sint
3298 913 3451 968 aquae
3478 915 3490 951 :
3516 896 3674 965 fitque
3700 898 4031 952 miraculum

2428 986 2677 1053 evidens,
2709 986 2835 1041 dum
2879 985 3007 1039 nihil
3054 988 3309 1056 temporis
3342 987 3719 1059 longinquitate
3756 1001 4033 1056 aquarum

2429 1076 2640 1130 illarum
2670 1088 2855 1132 natura
2878 1076 3091 1131 vitiatur
3118 1117 3133 1141 ,
3164 1077 3262 1132 sed
3287 1079 3492 1149 integro
3517 1093 3654 1133 anno
3696 1086 3853 1147 atque
3879 1077 4037 1132 adeo

2429 1167 2645 1222 biennio
2671 1178 2725 1223 et
2752 1170 2979 1224 triennio
3008 1183 3150 1237 saepe
3174 1209 3189 1234 ,
3218 1184 3338 1237 quae
3368 1170 3529 1226 hodie
3570 1172 3665 1225 fuit
3690 1171 3872 1223 hausta
3895 1209 3918 1235 ,
3948 1170 4037 1223 in.

2429 1269 2679 1327 COI‘I‘UPUI
2700 1268 2755 1314 et
2784 1276 2973 1317 I'CCOIIS
3006 1269 3301 1330 permanet,
3335 1275 3398 1315 ac
3424 1272 3548 1332 ροει
3577 1271 3777 1318 tantum
3809 1274 4036 1330 tempo-

2430 1350 2505 1403 ris
2526 1364 2645 1402 cum
2675 1348 2740 1402 iis
2771 1366 2890 1418 qua:
2918 1366 3088 1421 nuper
3131 1349 3325 1404 fuerint
3354 1364 3385 1404 e
3413 1352 3652 1408 fontibus
3675 1354 3876 1408 educta:
3904 1368 4012 1409 cer

2433 1450 2529 1497 tat.
2560 1441 2852 1509 Quamnam
2882 1442 3041 1511 igitur
3065 1442 3135 1495 ob
3163 1455 3376 1495 causam
3407 1440 3524 1497 haec
3559 1444 3819 1513 apparitio
3839 1445 4044 1513 appel-

2432 1531 2594 1586 latur?
2611 1532 2741 1599 Quia
2764 1531 3010 1587 nimirum
3032 1546 3137 1585 non
3153 1531 3399 1586 omnibus
3415 1534 3656 1588 manifest
3667 1550 3727 1588 us
3746 1544 3829 1590 est
3841 1533 4002 1591 reddi
4016 1562 4040 1574 ο

2434 1631 2538 1686 tus,
2568 1639 2687 1678 cum
2708 1632 2858 1693 partu
2879 1633 2959 1678 est
2980 1622 3170 1687 editus,
3190 1621 3284 1677 sed
3302 1637 3421 1677 cum
3439 1631 3522 1676 est
3537 1622 3831 1692 baptizatus
3855 1643 3869 1679 :
3896 1641 4035 1679 nam

2431 1713 2497 1766 ad
2524 1714 2660 1769 hunc
2683 1730 2850 1785 usque
2870 1714 3010 1770 diem
3042 1714 3199 1784 vulgo
3227 1723 3343 1769 erat
3368 1713 3597 1783 ignotus.
3627 1713 3758 1767 Nam
3782 1715 4042 1786 incogni-

2433 1812 2543 1857 tunt
2575 1821 2696 1859 eum
2727 1805 2890 1861 fuisse
2919 1807 3095 1877 vulgo,
3127 1821 3295 1877 neque
3314 1807 3553 1876 quisnam
3584 1814 3728 1860 esset
3747 1806 4044 1876 plerosque

2431 1895 2651 1950 scivisse
2679 1905 2889 1951 constat
2918 1914 2982 1952 ex
3016 1900 3130 1953 istis
3150 1898 3369 1953 Joannis
3394 1897 3645 1967 Baptistae
3665 1898 3842 1951 verbis
3867 1916 3879 1950 :
3910 1898 4043 1952 He-

2433 1985 2549 2038 dius
2590 1996 2808 2039 vestrum
2837 1989 3009 2052 stetit,
3043 2005 3189 2057 quem
3226 2005 3314 2042 vos
3356 1988 3555 2042 nescitis
3596 1985 3772 2057 (Ioan.
3812 1988 3866 2041 1.
3901 1986 4038 2057 26).

2434 2077 2571 2144 Quid
2614 2092 2743 2131 vero
2780 2078 2971 2131 mimm
3003 2079 3048 2131 si
3077 2080 3165 2132 alii
3206 2095 3311 2134 non
3347 2088 3608 2147 nossent,
3634 2078 3846 2149 quando
3873 2078 4041 2133 illum

2437 2168 2595 2222 etiam
2626 2168 2740 2237 ipse
2764 2168 2996 2238 Baptista
3025 2168 3091 2223 ad
3119 2184 3243 2223 eum
3272 2184 3441 2238 usque
3465 2170 3606 2225 diem
3636 2170 3949 2241 ignorabat?
3968 2169 4044 2224 Et

2436 2275 2527 2327 ego
2557 2260 2837 2312 nesciebam
2865 2275 3011 2323 eum,
3045 2259 3212 2327 inquit
3236 2275 3250 2312 :
3274 2259 3363 2312 sed
3396 2260 3482 2326 qui
3504 2261 3641 2312 misit
3665 2276 3743 2313 me
3771 2260 4045 2329 baptizare

2446 2352 2500 2403 in
2527 2365 2660 2417 aqua
2679 2390 2693 2411 ,
2720 2349 2806 2401 ille
2852 2350 2977 2400 mihi
3006 2350 3135 2402 dixit
3158 2390 3173 2415 ,
3199 2349 3367 2418 Super
3391 2364 3539 2417 quem
3560 2350 3744 2403 videris
3770 2349 4043 2419 Spiritum

2435 2439 2812 2493 descendentem
2859 2440 2875 2470 ¹
2896 2449 2945 2493 et
2970 2448 3253 2492 manentem
3278 2455 3429 2507 super
3449 2455 3584 2504 eum,
3614 2440 3695 2493 hic
3736 2450 3808 2494 est
3830 2442 3917 2508 qui
3941 2441 4044 2495 ba-

2444 2530 2598 2599 ptisat
2623 2529 2677 2582 in
2705 2527 2905 2599 Spiritu
2949 2538 3124 2582 sancto
3148 2528 3250 2598 (Ib.
3283 2529 3398 2598 55).
3430 2530 3569 2583 Duas
3596 2530 3753 2599 igitur
3780 2544 3905 2584 esse
3929 2545 4041 2598 ap-

2439 2620 2728 2689 paritioues
2749 2636 2815 2673 ex
2847 2621 2928 2673 his
2955 2620 3141 2689 liquet;
3164 2620 3259 2675 sed
3284 2635 3511 2689 quanam
3540 2621 3608 2675 de
3633 2636 3791 2675 causa
3819 2620 4045 2675 venerit

2439 2711 2503 2762 ad
2525 2710 2843 2778 baptismum
2867 2708 3131 2774 Christus,
3155 2725 3293 2765 nunc
3318 2724 3406 2764 res
3431 2712 3661 2779 postulat
3683 2721 3740 2765 ut
3763 2710 4041 2775 dicamus,

2439 2810 2487 2851 ct
2512 2798 2577 2851 ad
2602 2813 2886 2867 quemnam
2914 2798 3234 2867 baptismum
3256 2800 3464 2854 venerit
3488 2816 3500 2853 :
3522 2815 3643 2853 nam
3664 2809 3719 2853 et
3732 2799 3835 2854 hoc
3850 2815 4044 2868 operae

2436 2888 2667 2957 pretium
2716 2898 2794 2942 est
2841 2902 3167 2957 cognoscere
3190 2930 3203 2952 ,
3227 2898 3284 2943 ut
3312 2903 3443 2945 sane
3471 2890 3627 2945 etiam
3659 2888 3806 2944 illud.
3836 2890 3904 2944 Et
3928 2888 4044 2943 hoc

2439 2976 2584 3045 prius
2620 2976 2898 3030 caritatem
2939 2985 3173 3032 vestram
3221 2976 3419 3033 docere
3444 2989 3654 3047 oportet
3677 2996 3691 3031 :
3716 2993 3838 3032 nam
3869 2987 3926 3033 et
3964 2994 4042 3033 ex

2439 3068 2539 3122 hoc
2563 3067 2690 3122 illud
2720 3068 3083 3138 intelligimus.
3115 3068 3397 3123 Judaicum
3423 3078 3537 3124 erat
3577 3069 3859 3139 baptisma,
3882 3070 4042 3139 quod

2438 3158 2624 3213 sordes
2665 3173 2998 3228 corporum,
3030 3174 3136 3212 non
3193 3168 3408 3228 peccata
3448 3175 3566 3228 quae
3605 3158 3658 3213 in
3701 3159 4042 3215 conscientia

2438 3248 2724 3315 resident,
2756 3248 3027 3303 abluebat.
3066 3247 3249 3318 Neque
3287 3250 3432 3302 enim
3479 3249 3522 3302 si
3550 3248 3668 3316 quis
3706 3248 4040 3302 adulterium

2437 3348 2822 3408 pcrpetrasset,
2850 3353 3025 3407 neque
3054 3338 3099 3393 si
3121 3339 3237 3408 quis
3279 3338 3403 3392 furti
3434 3353 3491 3392 se
3518 3339 3783 3408 alligasset
3803 3377 3821 3405 ,
3849 3352 4042 3406 neque

2438 3429 2483 3482 si
2507 3429 2627 3497 quis
2648 3428 2788 3482 aliud
2815 3428 3084 3498 quidpiam
3111 3428 3329 3484 sceleris
3356 3428 3679 3494 admisisset,
3702 3443 3823 3483 cum
3845 3429 4037 3482 crimi-

2440 3518 2595 3572 nibus
2623 3516 2874 3586 expiabat
2898 3534 2912 3569 :
2936 3517 3031 3572 sed
3076 3518 3119 3571 si
3146 3519 3264 3586 quis
3290 3525 3620 3573 mortuorum
3656 3532 3776 3572 ossa
3823 3518 4041 3587 tetigis-

2438 3619 2520 3665 set
2546 3651 2562 3676 ,
2589 3611 2633 3664 si
2659 3611 2779 3679 quis
2809 3611 2999 3665 vetitos
3028 3626 3056 3663 a
3094 3611 3210 3679 lege
3238 3611 3388 3664 cibos
3415 3610 3788 3679 degustasset,
3818 3610 3865 3664 si
3901 3610 4037 3677 quis

2435 3716 2464 3754 a
2494 3702 2839 3770 corruptione
2864 3701 3190 3765 advenisset,
3218 3701 3263 3755 si
3291 3701 3410 3769 quis
3438 3715 3559 3754 cum
3590 3701 3813 3769 leprosis
3836 3713 4038 3754 versa-

2435 3802 2521 3845 tus
2558 3802 2736 3858 esset,
2770 3792 3084 3857 lavabatur,
3114 3800 3168 3845 et
3210 3790 3518 3846 immundus
3571 3799 3687 3845 erat
3739 3804 3906 3859 usque
3960 3789 4038 3843 ad

2437 3897 2733 3950 vesperam,
2752 3881 2944 3937 deinde
2971 3881 3341 3936 mundabatur.
3362 3880 3633 3935 Lavabitur
3655 3882 3805 3943 enim,
3832 3880 4035 3948 inquit,

2437 3989 2620 4041 corpus
2653 3973 2759 4041 ejus
2800 3989 2932 4042 aqua
2978 3973 3166 4025 munda
3186 4013 3201 4036 ,
3230 3982 3276 4025 et
3309 3972 3602 4026 immundus
3640 3972 3733 4025 erit
3778 3986 3932 4038 usque
3960 3970 4040 4022 ad

2436 4077 2716 4130 vesperam,
2745 4070 2791 4114 et
2819 4060 3145 4113 ntundabitur
3166 4059 3352 4129 (Lavit.
3373 4062 3459 4115 15.
3492 4062 3546 4115 5.
3570 4077 3677 4129 sqq.
3701 4070 3747 4112 et
3770 4058 3881 4125 13).
3907 4056 4037 4112 Non

2436 4153 2580 4207 enim
2610 4152 2726 4206 haec
2774 4167 2898 4207 vere
2927 4160 3200 4220 peccatum
3225 4161 3378 4206 erant
3412 4166 3585 4220 neque
3633 4150 3851 4218 pollutio
3880 4190 3896 4216 ,
3926 4150 4037 4205 sed

2436 4242 2577 4313 quod
2642 4240 3062 4312 imperfectiores
3118 4251 3301 4296 essent
3330 4281 3347 4307 ,
3376 4255 3471 4309 per
3498 4239 3755 4309 ejusmodi
3803 4255 3891 4294 res
3929 4255 4037 4293 eos

2438 4333 2671 4387 efficiens
2687 4332 3067 4401 religiosiores,
3089 4331 3229 4386 Deus
3255 4331 3321 4385 ad
3351 4330 3612 4400 majorum
3639 4345 3813 4384 rerum
3840 4330 4039 4385 obser-

2442 4424 2709 4477 vationem
2738 4424 2973 4492 aptiores
3000 4431 3057 4478 et
3084 4422 3451 4492 diligentiores
3477 4421 3606 4477 olim
3633 4419 3913 4476 reddebat.

2512 4516 2567 4569 5.
2599 4514 2845 4585 Baptismi
2870 4514 3173 4573 Judteorum
3201 4526 3248 4569 et
3276 4514 3512 4585 baptismi
3539 4513 3755 4567 Joannis
3780 4514 3933 4567 ratio.
3955 4542 4040 4555 —

2440 4609 2626 4679 Itaque
2678 4608 2895 4663 Iudaica
2944 4609 3031 4662 illa
3079 4608 3293 4678 quidem
3338 4608 3571 4677 expiatio
3618 4621 3951 4676 nequaquam
4003 4622 4036 4661 a

2441 4699 2675 4773 peccatis
2714 4699 2996 4764 liberabat,
3028 4698 3120 4753 sed
3152 4714 3180 4751 a
3209 4699 3481 4767 corporeis
3511 4697 3754 4751 sordibus
3782 4706 3992 4751 tantum
4017 4715 4033 4760 ;

2440 4802 2624 4848 nostra
2650 4804 2778 4844 vero
2806 4789 2925 4842 talis
2950 4804 3054 4841 non
3077 4797 3159 4842 est
3180 4828 3195 4849 ,
3226 4787 3323 4842 sed
3349 4786 3514 4841 multo
3542 4790 3711 4855 major
3728 4827 3742 4848 .
3776 4801 3837 4841 ac
3862 4788 4036 4841 multa

2438 4884 2606 4956 gratia
2646 4881 2843 4936 referta
2872 4892 3031 4933 :nam
3058 4889 3113 4933 et
3144 4877 3389 4931 liberata
3420 4877 3648 4945 peccatis
3669 4918 3684 4941 ,
3714 4886 3766 4931 et
3792 4878 4035 4932 animam

2441 4974 2728 5038 emundat,
2772 4982 2826 5027 et
2862 4971 3088 5041 Spiritus
3116 4970 3339 5040 gratiam
3387 4967 3623 5037 largitur.
3652 4968 3871 5024 Joannis
3898 4984 4038 5023 vero

2442 5067 2703 5134 baptisma
2732 5065 2954 5120 Judaico
2974 5062 3186 5133 quidem
3211 5061 3379 5115 multo
3403 5059 3677 5113 sublimius
3705 5060 3821 5126 fuit,
3845 5059 4035 5113 humi—

2444 5156 2545 5210 lius
2578 5172 2708 5211 vero
2752 5168 2937 5211 nostro
2962 5196 2977 5221 ,
3026 5154 3187 5209 veluti
3220 5166 3355 5221 pons
3383 5149 3593 5219 quidam
3625 5152 3899 5221 utriusque
3930 5150 4035 5203 ba-

2443 5248 2706 5317 ptismatis
2745 5246 2900 5315 hujus
2924 5288 2938 5312 ,
2979 5246 3048 5300 ab
3086 5245 3177 5298 illo
3206 5243 3271 5295 ad
3305 5241 3441 5295 istud
3474 5257 3565 5310 per
3592 5257 3651 5297 se
3677 5243 3823 5313 quasi
3866 5254 4035 5294 manu

2442 5340 2645 5395 ducens
2671 5356 2683 5392 :
2708 5353 2815 5392 non
2846 5337 2990 5393 enim
3021 5350 3114 5390 eos
3144 5334 3325 5402 utique
3352 5332 3417 5386 ad
3447 5333 3875 5386 observatiOnem
3901 5344 4031 5381 cor-

2440 5434 2586 5501 poris
2628 5431 2996 5500 purgatiouum
3046 5425 3363 5488 inducebat,
3411 5424 3505 5479 sed
3544 5425 3611 5481 ah
3656 5425 3756 5478 illis
3798 5434 4037 5473 avocans

2442 5524 2821 5579 cohortabatur
2859 5533 2912 5577 et
2954 5516 3262 5573 consulebat
3286 5559 3301 5581 ,
3332 5527 3441 5571 uta
3469 5518 3598 5571 vitio
3628 5513 4037 5569 traducerentur

2439 5616 2503 5669 ad
2534 5615 2804 5679 virtutem,
2825 5621 2981 5679 atque
3007 5608 3058 5661 in
3081 5620 3298 5675 Operam
3323 5617 3465 5662 recte
3492 5606 3643 5661 factis
3664 5615 3812 5673 spem
3842 5600 4034 5655 salutis

2438 5724 2542 5762 non
2590 5709 2642 5761 in
2686 5704 2912 5761 diversis
2949 5701 3225 5771 baptismis
3265 5712 3319 5756 et
3367 5711 3625 5770 aquarum
3665 5692 4030 5750 ahlutionibus

2506 5823 2518 5850 ι
2558 5826 2657 5867 Ι)υο
2683 5824 2809 5878 Mss,
2838 5813 3200 5867 descendentem
3217 5811 3355 5878 quasi
3370 5807 3637 5861 columbam
