4432 6690
287 425 388 495 sui

290 557 630 612 collocarent.
651 559 762 612 Non
787 559 924 612 enim
948 557 1174 616 dicebat.
1211 556 1378 607 Ablue
1409 554 1717 608 vestimenta
1747 561 1830 607 tua
1851 592 1868 618 ,

290 659 344 700 et
383 647 496 702 lava
545 665 738 720 corpus
786 661 954 712 tuum,
991 660 1044 702 et
1089 646 1319 699 mundus
1358 646 1463 700 eris
1496 664 1510 700 :
1543 646 1667 716 quid
1706 643 1870 714 ergo?

295 739 472 794 Facite
505 744 726 814 fructum
771 744 981 812 dignum
1023 738 1324 808 paenitentia:
1355 737 1566 808 (Matth.
1599 739 1652 792 3.
1681 737 1757 805 8).
1797 736 1874 789 Ac

293 831 336 883 si
367 830 468 886 hoc
500 845 704 902 spectes
727 875 741 896 ,
769 832 990 887 Judaico
1017 828 1289 884 sublimius
1314 839 1447 896 erat,
1477 830 1726 883 humilius
1747 842 1874 883 vero

299 935 510 986 nostro;
543 922 965 994 quandoquidem
990 935 1159 989 neque
1178 920 1431 990 Spiritum
1459 928 1696 974 sanctum
1717 918 1876 974 dabat

296 1012 518 1068 Jonnnis
557 1015 812 1083 baptisma
839 1053 854 1077 ,
902 1026 1071 1080 neque
1109 1013 1476 1067 remissionem
1523 1025 1618 1080 per
1653 1012 1876 1081 gratiam

299 1106 608 1160 conferebat
641 1122 653 1156 :
690 1102 1052 1172 paenitentiam
1099 1104 1240 1156 enim
1281 1117 1439 1170 agere
1476 1100 1726 1170 jubebat,
1769 1117 1878 1156 non

299 1197 596 1251 dimittendi
639 1201 896 1263 potestate
940 1195 1186 1262 pollebat.
1219 1193 1552 1262 Quapropter
1588 1201 1642 1248 et
1669 1193 1876 1258 aiebat,

301 1287 411 1357 Ego
431 1287 628 1356 quidem
655 1285 852 1353 baptizo
879 1301 963 1338 vos
1000 1285 1050 1336 in
1094 1300 1226 1350 aqua
1248 1285 1288 1350 ‘,
1312 1283 1397 1336 ille
1421 1295 1587 1336 autem
1613 1283 1882 1353 baptizabit

299 1395 384 1431 vos
407 1381 456 1429 in
489 1377 683 1444 Spiritu
705 1385 875 1428 sancto
897 1386 943 1428 et
969 1375 1074 1444 igni
1101 1374 1258 1445 (Ibid.
1285 1374 1395 1446 11).
1425 1373 1638 1430 Scilicet
1665 1375 1751 1428 ille
1777 1388 1880 1426 non

304 1467 602 1536 baptizabat
655 1467 706 1519 in
758 1467 975 1536 Spiritu.
1023 1467 1158 1535 Quid
1206 1477 1287 1522 est
1329 1478 1523 1532 autem,
1567 1467 1634 1520 In
1687 1466 1883 1536 Spiritu

304 1567 478 1610 sancto
499 1567 544 1610 et
565 1558 709 1628 igni?
731 1558 1029 1612 Recordare
1051 1557 1180 1612 mihi
1197 1559 1301 1613 diei
1325 1560 1484 1622 illius,
1506 1571 1610 1626 quo
1631 1555 1888 1624 apostolis

305 1648 596 1716 dispertita:
627 1649 818 1720 lingua:
845 1657 1206 1720 apparuerunt
1234 1658 1500 1715 tamquam
1531 1645 1688 1714 ignis,
1721 1643 1887 1697 sedit-

305 1755 410 1808 que
439 1755 596 1810 supra
626 1741 863 1812 singulos
891 1757 1074 1796 eorum
1103 1739 1237 1811 (Act.
1273 1739 1324 1791 Et.
1356 1738 1431 1805 3).
1463 1738 1540 1790 Ac
1562 1735 1884 1804 baptismum

308 1830 530 1886 Joannis
557 1832 920 1901 imperfectum
951 1832 1114 1885 fuisse
1135 1873 1150 1894 ,
1191 1843 1364 1898 neque
1392 1827 1621 1896 Spiritus
1649 1827 1891 1896 largitum

309 1935 426 1976 esse
456 1922 676 1990 gratiam
698 1963 713 1987 ,
741 1937 914 1990 neque
941 1920 1308 1974 remissionem
1343 1928 1675 1986 peccatorum
1702 1960 1716 1983 ,
1770 1918 1894 1971 inde

310 2020 562 2064 constat:
593 2026 713 2064 cum
760 2011 900 2064 enim
951 2009 1204 2078 quosdam
1251 2007 1540 2076 discipulos
1587 2006 1898 2059 oﬂ‘endisset

314 2101 526 2162 Paulus,
570 2101 643 2153 ait
670 2101 796 2162 illis,
834 2099 893 2152 Si
927 2098 1178 2167 Spiritum
1219 2108 1448 2151 sanctum
1492 2097 1754 2163 accepistis
1793 2113 1898 2149 cre-

313 2193 526 2246 dentes?
548 2191 612 2244 Αι
637 2191 714 2244 illi
753 2191 987 2244 dixerunt
1017 2190 1083 2242 ad
1108 2206 1220 2243 eum
1243 2205 1260 2242 :
1283 2187 1388 2243 Sed
1421 2203 1576 2256 neque
1605 2189 1648 2241 si
1678 2187 1900 2256 Spiritus

317 2294 519 2335 sanctus
540 2293 611 2335 est
635 2281 938 2335 audivimus.
973 2280 998 2334 Ι
1007 2281 1072 2335 lle
1095 2296 1209 2334 vero
1237 2281 1309 2333 ait
1334 2277 1438 2334 ειη
1462 2295 1562 2348 quo
1584 2294 1702 2348 ergo
1729 2277 1899 2346 bapti-

317 2376 416 2427 zati
447 2373 598 2426 estis?
631 2373 732 2440 Qui
767 2374 1034 2436 dixerunt,
1062 2370 1128 2426 In
1155 2371 1376 2425 Joannis
1409 2371 1724 2440 baptisntate.
1759 2368 1902 2422 Dixit

318 2475 487 2519 autem
517 2463 986 2518 Paulus:Joannes
1024 2464 1288 2532 baptizavit
1319 2463 1564 2531 baptismo
1604 2458 1904 2531 paenitentia:

326 2557 459 2627 (Act.
493 2556 557 2610 19
647 2555 798 2624 2-6);
843 2555 1166 2626 poenitentia:
1205 2569 1312 2608 non
1349 2553 1696 2608 remissionis.
1731 2551 1904 2619 Quare

322 2664 450 2702 vero
478 2647 812 2716 baptizabat?
841 2645 1044 2716 Populo
1070 2647 1268 2711 dicens,
1311 2643 1378 2697 In
1404 2659 1517 2698 eum
1555 2643 1638 2712 qui
1669 2651 1906 2694 venturus

323 2747 445 2791 esset
471 2747 581 2806 post
609 2737 808 2806 ipsum,
853 2745 906 2790 ut
945 2737 1228 2801 crederent,
1271 2736 1363 2788 hoc
1403 2743 1510 2799 est,
1538 2734 1592 2787 in
1633 2731 1906 2786 Dominum

325 2829 519 2882 Jesum.
568 2828 666 2882 His
700 2829 886 2881 auditis
927 2829 1166 2898 baptizati
1206 2837 1321 2881 sunt
1368 2828 1420 2879 in
1459 2827 1660 2879 nomine
1704 2823 1908 2878 Domini

327 2919 474 2973 Iesu.
531 2920 592 2973 Et
636 2937 750 2973 cum
795 2922 1111 2990 imposuisset
1152 2921 1254 2972 illis
1286 2935 1462 2971 manus
1505 2916 1739 2980 Paulus,
1779 2919 1908 2970 venit

333 3013 557 3080 Spiritus
580 3024 782 3065 sanctus
803 3028 952 3079 super
977 3029 1078 3064 eos.
1107 3010 1289 3074 Vides,
1315 3018 1372 3062 ut
1395 3009 1732 3078 imperfectus
1755 3007 1913 3061 fuerit

330 3103 546 3158 Joannis
574 3104 898 3172 baptismus?
929 3103 984 3156 Si
1014 3103 1152 3156 enim
1182 3100 1523 3169 imperfectus
1562 3114 1666 3153 non
1696 3100 1878 3152 fuisset
1897 3139 1912 3162 ,

334 3207 438 3247 non
469 3208 562 3247 eos
591 3209 772 3247 rursus
816 3195 1138 3262 baptizasset
1175 3191 1371 3245 Paulus
1391 3231 1406 3255 ,
1439 3205 1542 3243 non
1573 3190 1701 3260 ipsis
1729 3203 1918 3243 manus

335 3282 709 3352 imposuisset;
742 3283 852 3351 jam
900 3298 1027 3336 vero
1069 3297 1189 3336 cum
1234 3290 1515 3350 utrumque
1545 3279 1682 3334 istud
1713 3277 1919 3348 praesti-

336 3375 489 3438 terit,
529 3374 802 3443 apostolici
832 3373 1080 3443 baptismi
1108 3372 1475 3427 excellentiam
1500 3411 1514 3434 ,
1561 3379 1720 3438 atque
1769 3369 1916 3422 illum

337 3466 504 3520 multo
532 3465 837 3520 inferiorem
868 3465 968 3519 hoc
999 3464 1160 3518 fuisse
1186 3461 1490 3517 declaravit.
1521 3459 1717 3514 Verum
1741 3473 1808 3513 ex
1837 3457 1920 3512 his

335 3557 549 3627 quidem
576 3555 840 3625 quodnam
871 3555 939 3608 sit
983 3555 1120 3607 inter
1149 3552 1442 3619 baptismos
1471 3549 1757 3604 discrimen
1783 3547 1920 3602 didi-

339 3653 530 3716 cimus,
559 3665 785 3720 quanam
816 3663 942 3702 vero
971 3647 1038 3700 de
1064 3660 1220 3700 causa
1247 3645 1490 3700 Christus
1518 3643 1840 3712 baptizetur,
1870 3651 1925 3695 et

344 3759 574 3814 quonam
607 3742 901 3812 baptismo,
932 3739 1184 3808 deinceps
1207 3753 1384 3807 operte
1415 3737 1640 3806 pretium
1671 3743 1753 3789 est
1774 3733 1922 3788 dica-

343 3851 478 3889 mus.
530 3833 708 3902 Neque
744 3832 963 3886 Judaico
1011 3831 1100 3883 illo
1144 3829 1341 3898 priori,
1386 3842 1558 3896 neque
1596 3826 1699 3880 hoc
1742 3833 1927 3879 nostro

345 3927 623 3995 posteriori
651 3945 662 3977 :
688 3941 790 3979 non
831 3925 971 3978 enim
1017 3923 1332 3977 remissione
1364 3930 1700 3989 peccatorum
1731 3917 1929 3987 indige-

346 4019 434 4073 bat
454 4036 466 4072 :
487 4019 573 4087 qui
610 4017 752 4071 enim
783 4017 834 4070 id
864 4017 974 4069 fieri
1003 4023 1215 4084 posset,
1248 4028 1367 4067 cum
1400 4012 1601 4066 nullum
1631 4011 1682 4065 in
1711 4024 1775 4065 eo
1804 4025 1931 4080 pec-

347 4122 519 4164 eatum
563 4109 740 4162 esset?
788 4106 1057 4158 Peccatum
1087 4106 1255 4166 enim,
1290 4105 1490 4172 inquit.
1525 4120 1624 4156 non
1655 4102 1773 4171 fecit
1799 4142 1812 4162 ,
1846 4117 1934 4153 nec

350 4205 579 4256 inventus
604 4212 674 4256 est
703 4201 851 4254 dolus
881 4200 931 4251 in
960 4215 1044 4252 ore
1060 4195 1415 4267 ejus(l.Petr.
1433 4194 1593 4260 2.22)
1621 4213 1631 4245 :
1656 4203 1710 4247 et
1731 4206 1931 4253 rursus,

353 4295 478 4359 Quis
506 4309 568 4346 ea;
606 4291 742 4345 vobis
777 4299 954 4360 arguet
999 4305 1077 4342 me
1119 4288 1180 4339 de
1220 4295 1420 4354 peccato
1461 4283 1673 4350 (Joann.
1719 4280 1769 4335 8.
1805 4280 1936 4349 46)?

355 4386 535 4452 Neque
563 4383 793 4452 Spiritus
822 4396 1012 4450 expers
1041 4389 1155 4433 erat
1201 4378 1286 4430 illa
1333 4390 1456 4430 caro
1482 4393 1493 4426 :
1519 4374 1606 4443 qui
1650 4373 1790 4426 enim
1819 4385 1937 4425 esse

358 4484 553 4542 posset,
580 4488 696 4542 quae
716 4487 744 4524 a
766 4470 1026 4541 principio
1043 4469 1211 4522 fuerat
1233 4483 1262 4519 a
1286 4465 1484 4534 Spiritu
1511 4472 1697 4517 sancto
1718 4461 1937 4516 eﬂ'ecta?

357 4571 412 4623 Si
441 4582 570 4638 ergo
600 4581 772 4636 neque
801 4564 1029 4634 Spiritus
1075 4560 1242 4615 sancti
1281 4573 1470 4626 expers
1512 4564 1626 4612 erat
1665 4555 1751 4609 illa
1781 4568 1937 4617 caro,

359 4676 532 4731 neque
561 4657 789 4713 obnoxia
831 4654 1059 4725 peccatis
1078 4694 1092 4714 ,
1135 4667 1235 4721 qua
1263 4650 1327 4703 de.
1353 4662 1510 4703 causa
1539 4645 1943 4715 baptizabatur?

363 4754 740 4806 Verumtamen
769 4747 915 4817 prius
936 4759 1154 4799 necesse
1179 4752 1260 4795 est
1289 4742 1551 4794 discamus
1581 4753 1811 4806 quonam
1843 4737 1938 4790 ba-

364 4846 608 4913 ptismate
649 4843 717 4895 sit
752 4841 1047 4908 baptizatus
1071 4877 1084 4898 ,
1119 4845 1333 4900 tumque
1364 4829 1502 4885 istud
1527 4843 1735 4896 quoque
1775 4828 1946 4880 mani-

366 4932 551 4986 festius
578 4931 784 4985 evadet.
818 4930 1057 4996 Quonam
1091 4927 1245 4994 igitur
1273 4932 1352 4976 est
1395 4919 1722 4989 baptizatus?
1767 4918 1948 4986 Neque

364 5023 605 5087 Judaico,
635 5037 805 5089 neque
832 5029 1035 5081 nostro,
1064 5017 1154 5071 sed
1186 5015 1422 5069 Joannis.
1451 5010 1807 5076 Quamobrem
1827 5017 1851 5062 ’ί
1883 5010 1951 5066 Ut

371 5133 435 5169 ex
485 5115 596 5184 ipsa
641 5111 972 5180 baptismatis
1020 5119 1206 5163 natura
1255 5105 1513 5173 intelligas
1563 5115 1683 5156 eum
1737 5112 1952 5170 propter

372 5212 587 5276 peccata
636 5216 742 5255 non
789 5201 949 5254 fuisse
997 5199 1336 5268 baptizatum.
1392 5206 1562 5262 neque
1611 5192 1752 5261 quod
1783 5193 1951 5260 gratia

371 5297 600 5369 Spiritus
625 5291 886 5361 indigeret
910 5310 921 5343 :
943 5307 1063 5344 nam
1098 5291 1372 5358 utriusque
1399 5286 1589 5339 horum
1620 5298 1810 5351 expers
1837 5292 1955 5338 erat

375 5393 476 5446 hoc
495 5387 774 5458 baptisma,
799 5391 854 5435 ut
871 5383 978 5450 jam
1000 5396 1030 5434 a
1053 5381 1203 5436 nobis
1223 5380 1641 5436 demonstratum
1663 5383 1763 5428 est.
1783 5375 1956 5444 Atque

442 5593 454 5622 ι
495 5590 564 5637 sic
583 5593 688 5635 Mss.
711 5590 760 5632 et.
774 5579 913 5630 savil.
934 5575 1095 5625 Morel.
1116 5590 1233 5625 vero
1254 5575 1402 5637 addit,
1422 5573 1471 5637 in
1495 5568 1832 5637 penitentiam.
1849 5577 1954 5637 tuo;

380 5663 488 5762 ιοδι
520 5631 818 5699 1ιῶἷῖθτιη,
838 5642 888 5690 in
910 5639 1086 5708 Spiritu
1109 5644 1272 5707 sancto
1302 5645 1345 5687 et
1366 5631 1465 5706 igni
1484 5631 1505 5694 ,⁷
1521 5641 1628 5683 tim.
1651 5631 1960 5702 adduce-sci-

399 5714 490 5762 icet
508 5713 606 5762 ipse
626 5722 718 5758 non
735 5703 1000 5762 baptizabat
1014 5701 1278 5762 tnSpmtu.
1297 5699 1422 5758 Qind
1443 5705 1512 5748 est
1531 5701 1688 5746 autem
1709 5706 1761 5744 in
1779 5701 1959 5753 Spiritu

381 5699 490 5763 licet
508 5713 606 5775 ipse
626 5722 718 5758 non
735 5699 1000 5770 baptizabat
1014 5699 1278 5762 inSpiritu.
1297 5699 1422 5758 Quid
1443 5705 1512 5748 est
1531 5701 1688 5746 autem
1709 5699 1761 5744 in
1779 5699 1959 5753 Spiritu

381 5784 543 5825 sancto
563 5779 608 5822 ct
637 5769 739 5835 igni
759 5769 782 5819 ἓν

734 5981 999 6037 Parnm.
1043 5975 1156 6035 Gn.
1205 5969 1426 6036 XLIX.

1531 439 1623 495 DE
1662 434 1994 492 BAPTISMO
2024 433 2308 489 CHRISTI.

3441 442 3548 496 3158

1980 569 2044 608 ex
2076 556 2157 608 his
2183 556 2394 624 quidem
2425 557 2586 627 liquet
2632 574 2751 611 eum
2797 573 2968 628 neque
2997 558 3062 613 ad
3105 567 3440 627 peccatorum
3470 574 3550 612 re-

1981 644 2323 713 missionem,
2373 662 2546 716 neque
2571 647 2638 701 ad
2668 647 2894 717 Spiritus
2933 649 3264 719 largitionem
3307 647 3550 704 obtinen-

1978 736 2099 791 dam
2130 737 2196 791 ad
2234 736 2520 794 Jordanem
2550 741 2757 795 venisse
2783 758 2796 794 :
2820 755 2886 794 ne
2913 755 3042 795 vero
3070 741 3329 810 quispiam
3356 753 3422 794 ex
3449 739 3514 791 iis
3548 778 3561 800 ,

1981 831 2068 898 qui
2100 839 2222 884 tunc
2250 830 2471 885 aderant
2494 873 2509 896 ,
2539 831 2870 885 existimaret
2899 845 3020 884 eum
3049 831 3372 899 poenitentia:
3399 843 3560 884 causa

1981 921 2116 973 sicut
2137 929 2360 975 exteros
2377 921 2682 985 adventare,
2702 921 2822 976 audi
2842 930 2895 976 et
2917 920 3018 974 hoc
3032 936 3138 990 quo
3156 932 3309 990 pacto
3327 920 3563 974 Joannes

1982 1023 2106 1066 ante
2137 1013 2430 1068 correxerit
2451 1031 2461 1066 :
2483 1015 2570 1083 qui
2592 1016 2731 1067 enim
2754 1016 2870 1068 aliis
2891 1014 3119 1076 dicebat,
3141 1011 3317 1065 Facite
3341 1016 3562 1082 fructum

1986 1103 2193 1173 dignum
2221 1105 2525 1174 ptznitentite
2549 1103 2755 1174 (Matth.
2780 1107 2832 1159 5.
2852 1107 2926 1176 8),
2950 1105 3072 1159 audi
3101 1103 3224 1173 quid
3247 1102 3365 1156 huic
3389 1102 3526 1157 dicat
3549 1119 3563 1156 :

1987 1195 2098 1268 Ego
2118 1215 2150 1250 a
2179 1208 2226 1252 te
2250 1199 2401 1252 debeo
2429 1200 2694 1268 baptizari,
2727 1210 2774 1252 et
2803 1210 2854 1252 tu
2879 1203 3012 1254 venis
3045 1201 3113 1253 ad
3142 1216 3221 1252 me
3247 1197 3408 1269 (Ibid.
3443 1198 3567 1268 μιν

1990 1289 2101 1344 lloc
2143 1306 2271 1344 vero
2310 1292 2520 1346 dicebat
2563 1292 2839 1346 declarans
2886 1305 3008 1344 eum
3057 1306 3161 1344 non
3214 1291 3284 1345 ob
3327 1288 3567 1344 eamdem

1987 1390 2317 1450 egestatem,
2368 1383 2436 1436 ob
2483 1399 2640 1452 quam
2689 1383 2911 1451 vulgus,
2966 1382 3206 1446 venisse,
3263 1390 3571 1448 tantumque

1989 1473 2198 1534 abesse,
2223 1481 2281 1524 ut
2304 1472 2496 1526 idcirco
2519 1475 2827 1542 baptizctur,
2851 1482 2908 1527 ut
2926 1471 3006 1527 vel
3029 1471 3145 1542 ipso
3165 1471 3322 1526 etiam
3339 1470 3572 1538 Baptista

1995 1565 2063 1616 sit
2091 1563 2244 1631 longe
2269 1563 2458 1631 major,
2484 1573 2538 1617 et
2558 1565 2671 1618 sine
2693 1563 3092 1632 comparatione
3120 1560 3386 1617 mundior.
3407 1559 3572 1627 Quam

1996 1661 2152 1731 igitur
2181 1661 2250 1714 ob
2273 1673 2488 1713 causam
2533 1656 2897 1724 baptizabatur
2923 1697 2936 1720 ,
2975 1656 3019 1709 si
3046 1668 3216 1722 neque
3251 1651 3577 1722 poenitentia:

1995 1767 2177 1818 causa,
2210 1764 2384 1820 neque
2409 1748 2478 1803 ob
2507 1747 2875 1802 remissionem
2909 1754 3244 1814 peccatorum
3266 1783 3280 1808 ,
3311 1757 3485 1812 neque
3510 1741 3576 1794 ad

1997 1843 2224 1913 Spiritus
2244 1842 2452 1912 copiam
2478 1837 2822 1895 obtinendam
2849 1837 2899 1890 id
2926 1836 3146 1906 agebat?
3169 1835 3310 1888 Duas
3332 1833 3578 1885 nimirum

1998 1935 2128 1988 alias
2155 1935 2223 1988 ob
2251 1947 2462 1997 causas,
2495 1946 2652 1985 uuam
2677 1928 2913 1999 quidem,
2939 1941 3095 1996 quam
3120 1924 3253 1978 dixit
3272 1923 3581 1992 discipulus,

2004 2027 2226 2079 alteram
2256 2039 2384 2078 vero
2410 2038 2565 2090 quam
2595 2022 2707 2090 ipse
2737 2019 2928 2075 Joauni
2979 2015 3249 2072 indicavit.
3289 2014 3582 2080 Quamnam

2003 2128 2130 2184 ergo
2170 2127 2382 2166 causam
2423 2126 2541 2165 esse
2578 2109 2821 2177 baptismi
2861 2108 3018 2176 hujus
3054 2107 3186 2160 dixit
3219 2104 3486 2160 Joannes?
3517 2102 3586 2158 Ut

2006 2208 2367 2262 innotesceret
2416 2203 2604 2272 vulgo.
2651 2202 2790 2256 sicut
2834 2209 2889 2254 ct
2935 2199 3129 2253 Paulus
3181 2196 3412 2261 dicebat,
3467 2195 3586 2264 quia

2004 2297 2228 2362 Joannes
2267 2294 2537 2364 baptizavit
2576 2291 2824 2362 baptismo
2852 2288 3186 2359 paenitentia,
3231 2287 3284 2340 in
3329 2302 3476 2350 eum,
3505 2285 3590 2350 qui

2006 2399 2242 2444 venturus
2267 2397 2391 2441 esset
2408 2390 2524 2450 post
2540 2381 2737 2449 ipsum,
2759 2378 3094 2432 utcrederent
3116 2378 3256 2447 (Act.
3274 2379 3357 2434 19.
3385 2376 3462 2446 4);
3490 2377 3592 2429 hoc

2007 2491 2122 2536 erat
2151 2477 2481 2548 baptismatis
2509 2476 2648 2530 illius
2671 2473 2920 2529 ofﬁcium.
2957 2469 3165 2524 Etenim
3191 2468 3235 2522 si
3259 2465 3590 2535 singulorum

2009 2572 2152 2626 mdes
2178 2569 2502 2631 circumiret,
2527 2575 2580 2620 et
2603 2563 2669 2619 ad
2695 2564 2835 2618 fores
2858 2560 3116 2616 accedens
3143 2557 3287 2612 foras
3310 2556 3592 2621 excitaret,

2010 2664 2318 2729 diceretque
2347 2658 2618 2713 Christum
2648 2665 2835 2709 tenens
2854 2695 2870 2719 ,
2911 2651 3008 2705 Hic
3033 2659 3114 2704 est
3157 2647 3321 2702 Filius
3360 2647 3482 2710 Dei,
3510 2661 3600 2699 su-

2011 2765 2252 2826 spectum
2279 2753 2381 2806 hoc
2405 2750 2651 2804 redderet
2673 2744 3052 2806 testimonium,
3069 2752 3415 2810 etoperosum
3445 2738 3599 2791 valde

2013 2848 2184 2910 foret;
2216 2845 2300 2899 sin
2342 2851 2519 2896 autem
2561 2853 2627 2892 eo
2673 2851 2852 2891 secum
2899 2841 3172 2900 assumpto
3200 2832 3251 2884 in
3278 2842 3597 2899 synagogam

2017 2933 2388 3006 ingrederetur
2412 2972 2428 2996 ,
2461 2941 2690 2997 eumque
2719 2925 3010 2986 indicaret,
3061 2920 3162 2974 hoc
3190 2934 3401 2988 quoque
3427 2919 3598 2986 ipsum

2016 3027 2267 3082 redderet
2294 3021 2651 3077 testimonium
2691 3023 2996 3085 suspectum
3023 3011 3196 3080 :quod
3239 3025 3366 3064 vero
3394 3007 3601 3075 populis

2021 3116 2269 3172 omnibus
2299 3128 2362 3167 ex
2391 3110 2610 3165 urbibus
2643 3105 2863 3176 singulis
2905 3102 2970 3157 ad
3000 3101 3284 3157 Jordanem
3311 3098 3520 3162 ell'usis,
3551 3105 3606 3152 et

2021 3207 2159 3262 circa
2194 3201 2426 3256 ﬂuminis
2470 3199 2610 3268 ripas
2640 3193 2993 3256 versantibus,
3025 3206 3145 3245 cum
3189 3198 3242 3243 et
3272 3189 3384 3257 ipse
3427 3197 3485 3240 ut
3508 3186 3604 3240 ba-

2021 3299 2311 3368 ptizaretur
2338 3292 2602 3355 venisset,
2643 3287 2712 3341 ab
2758 3284 2934 3339 audita
2965 3283 3033 3337 de
3059 3281 3192 3336 caalo
3223 3289 3438 3350 paterna
3473 3292 3606 3331 voce

2021 3391 2178 3446 fuerit
2200 3383 2622 3445 commendatus,
2649 3387 2704 3435 et
2731 3377 2802 3432 illi
2829 3376 2881 3431 in
2899 3374 3076 3446 specie
3094 3371 3354 3426 columba:
3383 3369 3609 3424 desceno

2025 3482 2160 3536 dens
2190 3477 2423 3547 Spiritus
2449 3480 2667 3529 sanctus
2696 3467 2970 3531 insederit,
3003 3463 3057 3520 id
3083 3461 3444 3519 testimonium
3469 3459 3610 3528 quod

2027 3574 2103 3628 illi
2131 3571 2363 3627 Joannes
2386 3565 2629 3628 dicebat,
2668 3561 2812 3616 omni
2840 3557 3140 3627 suSpicione
3181 3553 3454 3609 liberabat.
3486 3550 3616 3605 Pro-

2030 3677 2233 3736 pterea,
2269 3661 2333 3714 Et
2361 3676 2473 3730 ego,
2505 3657 2695 3726 inquit,
2726 3653 3005 3707 nesciebam
3027 3665 3139 3703 eum
3168 3645 3381 3716 (Joann.
3413 3645 3461 3699 1.
3485 3642 3573 3709 51)
3597 3658 3612 3707 ;

2032 3734 2141 3812 tum
2187 3755 2291 3809 ﬁde
2333 3753 2550 3822 dignum
2591 3761 2709 3803 esse
2755 3742 3116 3799 testimonium
3161 3753 3314 3792 suum
3361 3734 3615 3790 ostendit.

2031 3849 2165 3904 Nam
2194 3846 2444 3917 quoniam
2471 3839 2680 3909 cognati
2716 3845 2870 3893 erant
2917 3835 3056 3888 inter
3083 3847 3142 3887 se
3179 3829 3468 3885 secundum
3503 3842 3621 3880 car-

2035 3956 2191 4005 nem;
2228 3937 2356 3991 Ecce
2375 3937 2528 4000 enim,
2558 3930 2758 4002 inquit,
2791 3927 3014 3981 Elizabet
3049 3931 3260 3994 cognata
3302 3931 3389 3974 tua
3424 3930 3470 3972 et
3509 3919 3624 3986 ipsa

2040 4033 2267 4101 concepit
2291 4031 2453 4098 ﬁlium
2478 4025 2628 4095 (Luc.
2662 4025 2712 4078 1.
2758 4021 2872 4089 56),
2906 4018 3073 4088 inquit
3109 4014 3328 4085 angelus
3355 4012 3534 4067 Maria:
3558 4010 3626 4064 de

2039 4124 2259 4180 Joannis
2288 4129 2456 4174 matre
2481 4135 2492 4168 :
2518 4114 2728 4184 quando
2754 4120 2931 4165 autem
2958 4114 3198 4177 cognatae
3225 4113 3425 4157 matres
3446 4109 3621 4165 erant,

2041 4217 2203 4283 liquet
2248 4221 2303 4264 et
2348 4207 2594 4278 parvulos
2639 4210 2897 4272 cognatos
2939 4198 3101 4252 fuisse
3131 4214 3143 4247 :
3173 4193 3421 4264 quoniam
3468 4190 3629 4260 igitur

2044 4279 2253 4374 cognati
2281 4309 2465 4364 erant,
2503 4311 2572 4351 ne
2609 4292 2940 4364 cognationis
2963 4287 3130 4359 gratia
3157 4282 3520 4340 testimonium
3544 4279 3630 4335 di-

2043 4372 2167 4452 cere
2193 4395 2410 4450 Christo
2440 4390 2709 4445 videretur
2728 4428 2742 4451 ,
2773 4386 2844 4438 ita
2873 4380 3135 4452 disposuit
3175 4376 3402 4447 Spiritus
3427 4372 3595 4444 gratia
3613 4411 3628 4435 ,

2046 4499 2103 4542 ut
2143 4488 2373 4558 priorem
2421 4492 2631 4536 tetatem
2679 4477 2916 4532 Joannes
2954 4479 3131 4540 ageret
3180 4469 3231 4522 in
3275 4465 3525 4528 deserto,
3568 4476 3636 4515 ne

2048 4553 2293 4633 amicitia:
2319 4589 2475 4629 causa
2507 4579 2598 4624 aut
2626 4585 2690 4622 ex
2717 4565 3014 4635 composito
3045 4560 3208 4613 talive
3237 4557 3466 4625 quodam
3498 4553 3629 4607 arti-

2051 4672 2169 4724 licio
2196 4664 2459 4737 perhiberi
2493 4657 2853 4714 testimonium
2884 4651 3151 4706 videretur
3171 4690 3187 4712 ,
3236 4645 3329 4699 sed
3362 4655 3632 4709 tamquam

2050 4780 2079 4816 a
2111 4732 2220 4816 Deo
2246 4755 2547 4812 admonitus
2577 4765 2699 4806 eum
2729 4747 3079 4802 renuntiaret.
3107 4732 3496 4808 Propterea,Et
3524 4748 3632 4802 ego,

2054 4854 2240 4924 inquit,
2274 4847 2550 4903 nesciebam
2570 4859 2704 4896 eum.
2736 4838 2888 4895 Unde
2915 4837 3072 4904 igitur
3095 4827 3358 4884 didicisti?
3385 4826 3484 4891 Qui
3505 4823 3640 4877 misit

2054 4915 2140 4999 me.
2156 4942 2408 5012 baptizare
2434 4939 2488 4990 in
2513 4951 2665 5003 aqua,
2707 4931 2794 4984 ille
2829 4927 2951 4982 mihi
2988 4923 3133 4977 dixit.
3180 4920 3316 4987 Quid
3345 4919 3434 4972 tibi
3461 4915 3636 4971 dixit?

2060 5009 2230 5104 Super
2255 5047 2401 5098 quem
2439 5027 2620 5082 videris
2664 5021 2909 5091 Spiritum
2951 5015 3329 5069 descendentem
3372 5009 3514 5078 quasi
3550 5022 3639 5059 co-

2059 5097 2300 5189 lumbam,
2333 5131 2378 5174 et
2419 5126 2696 5172 manentem
2735 5126 2883 5178 super
2909 5125 3061 5169 eum,
3102 5106 3182 5157 hic
3210 5112 3281 5157 est
3305 5102 3389 5172 qui
3417 5097 3637 5165 baptisat

2058 5219 2111 5270 in
2134 5187 2332 5286 Spiritu
2361 5221 2536 5266 sancto
2567 5205 2775 5276 (Joann.
2803 5202 2854 5254 1.
2879 5199 2995 5268 '53).
3023 5196 3184 5249 Vides
3210 5193 3404 5247 idcirco
3429 5187 3642 5241 venisse

2061 5278 2315 5376 Spiritum
2344 5310 2604 5360 sanctum,
2635 5309 2738 5348 non
2769 5293 2918 5362 quasi
2952 5300 3060 5342 tum
3090 5287 3314 5354 primum
3341 5278 3640 5343 adveniret,

2061 5369 2156 5456 sed
2184 5407 2238 5451 ut
2266 5412 2388 5450 eum
2413 5436 2427 5460 ,
2460 5391 2544 5461 qui
2574 5385 2962 5457 priedieabatur
2985 5423 2998 5445 ,
3029 5377 3202 5430 volatu
3233 5374 3348 5443 ipso
3377 5371 3527 5441 quasi
3559 5369 3644 5423 di-

2064 5495 2171 5564 gito
2202 5493 2556 5545 monstraret,
2598 5479 2949 5544 omnibusque
2994 5480 3177 5524 notum
3223 5462 3513 5522 redderet?
3540 5461 3648 5515 llac

2066 5555 2224 5656 igitur
2251 5583 2318 5636 de
2347 5593 2505 5634 causa
2536 5573 2601 5627 ad
2643 5571 2959 5642 baptismum
3000 5565 3163 5618 venit.
3218 5561 3289 5616 Et
3322 5572 3452 5613 vero
3486 5555 3647 5610 aliam

2066 5645 2134 5731 ob
2160 5687 2373 5729 causam
2414 5681 2570 5737 quam
2603 5665 2716 5734 ipse
2753 5660 2878 5715 dicit
2903 5675 2915 5711 :
2940 5670 3182 5726 quamam
3227 5653 3314 5707 illa
3347 5663 3504 5720 porro
3533 5645 3650 5702 est?

2067 5769 2198 5825 Cum
2226 5765 2446 5820 dixisset
2471 5759 2703 5815 Joannes
2726 5796 2740 5818 ,
2778 5753 2888 5824 Ego
2913 5750 3065 5804 debeo
3088 5766 3119 5802 a
3146 5757 3191 5801 te
3214 5745 3497 5815 baptizari,
3526 5749 3573 5793 et
3599 5749 3653 5793 tu

2073 5867 2205 5918 venis
2239 5859 2304 5914 au
2341 5873 2449 5922 me,
2492 5850 2764 5923 respondit
2805 5848 2918 5918 ipse
2958 5846 3172 5899 dicens:
3201 5838 3326 5895 Sine
3363 5837 3544 5897 modo;
3577 5832 3650 5886 sic

3279 5932 3358 5992 ‘33
