4432 6714
853 490 955 543 5'39

854 601 987 656 enim
1014 602 1151 655 decet
1179 616 1268 654 nos
1296 600 1716 671 implereomnem
1735 600 1997 670 justitiam
2025 598 2236 669 (Matth.
2259 598 2312 653 3.
2344 599 2431 653 Η.

859 692 974 765 15).
1008 691 1195 746 Vidisti
1244 690 1558 745 modestiam
1600 690 1816 744 famuli?
1863 691 2040 746 vidisti
2081 689 2290 745 Domini
2338 688 2435 742 hu-

854 780 1171 836 militatem?
1210 781 1346 850 Quid
1392 781 1604 836 tandem
1640 789 1757 846 est,
1804 780 2027 852 Implere
2061 797 2255 836 omnem
2274 779 2434 850 justi-

853 874 1016 927 tiam?
1035 873 1242 927 .lustitia
1268 872 1462 929 dicitur
1480 872 1841 945 omnium‘Dei
1871 872 2238 928 mandatorum
2266 870 2437 925 adim-

854 966 1055 1035 pletio,
1090 974 1144 1019 ut
1189 980 1312 1020 cum
1356 966 1431 1020 ait
1464 984 1476 1019 :
1508 964 1671 1018 Erant
1697 965 1828 1034 justi
1866 964 2012 1019 ambo
2052 964 2332 1019 incedentes
2381 962 2435 1016 in

854 1055 1107 1109 mandatis
1154 1055 1363 1109 Domini
1405 1057 1513 1109 sine
1558 1056 1760 1124 querela
1804 1056 1960 1126 (Luc.
2004 1058 2054 1111 1.
2103 1054 2181 1125 6).
2212 1052 2435 1123 Quando

855 1144 1020 1213 igitur
1065 1145 1326 1215 justitiam
1380 1146 1533 1199 istam
1590 1147 1812 1215 implere
1862 1146 2105 1201 homines
2157 1144 2437 1215 Oportebat

857 1252 1077 1302 omnes,
1120 1252 1277 1292 nemo
1304 1251 1479 1291 autem
1513 1239 1655 1293 illam
1695 1238 1915 1308 perfecit
1943 1254 2041 1292 nec
2070 1238 2334 1306 explevit,
2378 1245 2437 1290 ut

856 1327 1279 1395 venitChristus,
1316 1328 1453 1385 hanc
1476 1331 1732 1400 justitiam
1764 1330 1962 1398 implet.

924 1419 979 1473 4.
1024 1419 1288 1486 Quomodo
1324 1421 1553 1476 Christus
1573 1420 1795 1490 implevit
1824 1437 2022 1474 onmem
2057 1420 2337 1490 justitiam.
2365 1450 2437 1461 —

854 1508 1111 1575 Qumnam
1133 1524 1294 1580 porro
1322 1510 1433 1564 haec
1460 1518 1543 1565 est
1560 1509 1786 1579 justitia,
1814 1510 1957 1566 dicet
1980 1512 2171 1581 aliquis
2193 1552 2209 1577 ,
2259 1510 2434 1579 bapti-

854 1599 1004 1653 zari?
1035 1598 1315 1670 Prophetas
1345 1614 1533 1670 parere
1544 1602 1749 1671 justitia
1772 1611 1914 1658 erat:
1943 1612 1995 1658 ut
2028 1605 2184 1674 igitur
2204 1604 2434 1657 circum-

855 1707 998 1748 cnsus
1019 1701 1100 1747 est
1128 1702 1182 1749 et
1207 1693 1529 1750 sacrificium
1552 1696 1764 1763 obtulit,
1796 1696 2084 1751 etsabhata
2135 1694 2436 1750 observavit

855 1797 908 1841 et
952 1786 1199 1844 Judaicas
1242 1788 1557 1845 festivitates
1610 1791 1895 1859 implevit:
1928 1790 2000 1843 ita
2047 1798 2101 1844 et
2146 1790 2247 1843 hoc
2292 1788 2435 1858 quod

855 1880 1087 1933 restabat
1118 1880 1384 1948 adjunxit.
1414 1891 1472 1937 ut
1500 1882 1776 1953 propheta:
1824 1881 2114 1950 baptizanti
2164 1881 2429 1938 obediret.

856 1967 984 2022 Nam
1015 1979 1070 2023 ut
1093 1971 1183 2026 Dei
1213 1973 1540 2027 voluntatem
1600 1971 1766 2027 fuisse
1810 1973 1983 2040 scias,
2016 1981 2074 2027 ut
2104 1980 2214 2026 tum
2262 1972 2436 2042 bapti-

855 2075 1030 2113 smum
1057 2062 1386 2132 susciperent
1420 2077 1625 2129 omnes,
1659 2063 1781 2118 audi
1803 2063 1928 2135 quid
1971 2064 2112 2118 dicat
2158 2063 2434 2119 Joannes:

856 2150 959 2216 Qui
980 2153 1113 2205 misit
1136 2169 1215 2207 me
1228 2154 1484 2225 baptizare
1508 2156 1561 2209 in
1582 2172 1713 2225 aqua
1730 2155 1907 2228 (Joan.
1925 2156 1975 2209 1.
1997 2154 2122 2227 55);
2164 2165 2218 2210 et
2251 2169 2438 2210 rursus

853 2240 1116 2306 Christus,
1147 2242 1416 2299 Publiceni
1446 2255 1494 2300 et
1526 2246 1675 2300 turba
1719 2247 2126 2316 justiﬁcaverunt
2152 2245 2317 2299 Deum
2344 2245 2437 2299 ba-

857 2337 1033 2404 ptizati
1060 2337 1310 2407 baptismo
1335 2337 1555 2393 Joannis
1575 2355 1594 2392 :
1618 2338 1867 2393 Pharium"
1884 2349 2049 2392 autem
2065 2347 2112 2391 et
2131 2338 2308 2393 scribit
2324 2355 2440 2393 con-

854 2425 1023 2479 silium
1055 2426 1151 2480 Dei
1164 2437 1455 2497 spreverunt
1477 2446 1578 2483 non
1603 2430 1842 2499 baptizati
1866 2429 1928 2482 ab
1954 2446 2011 2483 eo
2059 2428 2211 2501 (Luc.
2258 2429 2311 2483 7.
2342 2428 2433 2484 29.

856 2517 966 2586 30).
998 2517 1051 2573 Si
1080 2535 1207 2589 ergo
1220 2520 1426 2590 justitia
1453 2530 1536 2577 est
1565 2521 1677 2577 Deo
1698 2537 1905 2591 parere,
1931 2523 2071 2578 Dens
2124 2531 2302 2577 autem
2342 2522 2438 2577 Jo-

856 2622 1049 2663 annem
1071 2611 1238 2678 misit,
1260 2620 1320 2667 ut
1345 2612 1597 2683 populum
1623 2613 1938 2682 baptizaret,
1971 2630 2090 2670 cum
2125 2615 2333 2670 cmteris
2359 2615 2437 2669 le-

857 2700 939 2763 gis
961 2702 1240 2770 pra'ceptis
1267 2702 1367 2757 hoc
1392 2704 1552 2759 etiam
1577 2704 2269 2775 Christusimplevit..Fiuge
2283 2705 2439 2774 igitur

858 2791 1113 2847 ducentos
1139 2807 1259 2848 esse
1279 2794 1527 2850 denarios
1564 2796 1809 2851 mandata
1837 2797 2005 2867 legis;
2048 2796 2149 2850 hoc
2197 2796 2436 2850 debitum

856 2897 1020 2950 genus
1050 2892 1292 2938 nostrum
1346 2885 1651 2954 persolvere
1693 2886 2012 2956 oportebat:
2044 2900 2149 2940 non
2182 2886 2439 2955 persolvi-

856 2987 974 3026 mus
1003 2990 1017 3025 :
1050 2974 1330 3029 coercebat
1360 2990 1456 3029 nos
1477 2990 1622 3030 mors
1645 2975 1907 3031 obnoxios
1943 2976 2058 3031 istis
2104 2976 2436 3031 criminibus.

856 3065 988 3120 Cum
1015 3067 1250 3122 venisset
1276 3067 1518 3122 Christus
1545 3083 1749 3139 nosque
1775 3068 2039 3124 coercitos
2090 3067 2437 3135 offendisset,

856 3172 932 3211 aes
959 3158 1193 3212 alienum
1220 3157 1483 3225 dissolvit,
1508 3159 1747 3216 debitum
1776 3159 1906 3214 illud
1932 3159 2196 3229 implevit,
2247 3168 2302 3214 et
2345 3173 2440 3215 eos

856 3248 947 3316 qui
973 3248 1232 3303 solvendo
1263 3263 1368 3303 non
1396 3257 1551 3303 erant
1578 3250 1846 3305 liberavit.
1877 3248 2081 3305 idcirco
2102 3265 2207 3305 non
2256 3249 2390 3305 dixit
2419 3291 2436 3317 ,

856 3338 1017 3393 Decet
1034 3356 1129 3393 nos
1144 3338 1248 3394 hoc
1263 3340 1347 3395 vel
1366 3340 1492 3395 illud
1512 3340 1707 3407 facere,
1724 3340 2067 3412 sed,lmplere
2077 3340 2439 3411 ontnemjusti-

856 3430 977 3482 tiam
998 3429 1211 3501 (Matth.
1236 3430 1289 3485 5.
1320 3430 1431 3499 15).
1457 3430 1542 3486 Me
1570 3431 1853 3486 Dominum
1886 3430 2060 3496 decet,
2109 3432 2299 3501 inquit,
2347 3446 2437 3501 qm

858 3522 1030 3578 habeo
1047 3538 1143 3594 pro
1168 3524 1255 3590 iis,
1278 3524 1370 3593 qui
1399 3540 1506 3578 non
1529 3523 1749 3591 habent,
1774 3523 2081 3593 persolvere
2122 3540 2135 3577 :
2190 3523 2306 3579 haec
2356 3532 2441 3577 est

858 3614 1189 3685 baptismatis
1199 3615 1430 3680 occasio,
1445 3625 1501 3670 ut
1516 3615 1688 3685 legem
1710 3628 1922 3670 omnem
1940 3614 2179 3670 videatur
2192 3615 2435 3684 implere,

857 3717 912 3761 et
939 3707 1074 3771 lucc,
1104 3716 1159 3763 et
1181 3708 1267 3762 illa
1297 3722 1457 3763 causa
1487 3716 1589 3773 est,
1614 3722 1733 3778 qua:
1762 3716 1886 3763 ante
1930 3708 2086 3762 istam
2131 3715 2214 3763 est
2252 3708 2431 3762 allata.

858 3797 1195 3867 Quapropter
1222 3806 1276 3853 et
1296 3797 1527 3868 Spiritus
1556 3796 1610 3851 in
1636 3798 1816 3867 specie
1841 3797 2103 3854 columbae
2118 3797 2431 3853 descendit:

857 3888 947 3943 ubi
971 3888 1115 3943 enim
1147 3896 1229 3944 est
1252 3889 1616 3944 reconciliatio
1644 3889 1758 3956 Dei,
1784 3889 1856 3944 ibi
1895 3898 1950 3945 et
1977 3889 2247 3945 columba.
2298 3888 2433 3944 Nam

858 3989 914 4034 et
933 3995 1074 4035 arcte
1099 3979 1213 4035 Noe
1243 3988 1483 4049 tempore
1509 3994 1717 4034 ramum
1746 3988 1964 4050 gestans
2005 3980 2161 4034 olivae
2188 3979 2435 4035 columba

858 4073 1004 4127 venit
1023 4072 1215 4126 divinae
1240 4071 1587 4142 benignitatis
1614 4072 1821 4142 signum
1860 4071 2299 4140 tempestatisque
2347 4085 2437 4126 se-

858 4161 996 4217 data:
1022 4159 1227 4231 (Cenes.
1256 4162 1314 4231 8)
1339 4178 1355 4216 :
1384 4177 1526 4218 nunc
1554 4176 1767 4233 quoque
1807 4161 1861 4216 in
1900 4163 2083 4232 specie
2134 4162 2393 4217 columba:
2417 4203 2434 4230 ,

858 4269 961 4309 non
990 4253 1041 4309 in
1068 4268 1294 4324 corpore
1328 4254 1467 4326 (hoc
1489 4256 1633 4310 enim
1659 4254 1847 4310 sedulo
1863 4254 2152 4310 notandum
2170 4252 2313 4326 est),
2346 4270 2439 4310 ve-

858 4347 936 4401 nit
959 4346 1186 4413 Spiritus
1207 4346 1320 4411 Dei,
1341 4347 1658 4401 denuntians
1677 4348 2099 4403 misericordiam
2113 4347 2231 4402 orbi
2258 4357 2433 4401 terra-

855 4453 998 4503 rum,
1030 4437 1291 4506 simulque
1316 4437 1486 4492 virum
1513 4437 1844 4506 spiritualem
1862 4437 2150 4508 designans
2174 4439 2435 4493 innocen-

865 4540 968 4585 tem
990 4544 1052 4583 ac
1072 4528 1390 4599 simplicem,
1422 4529 1743 4599 minimeque
1775 4529 1971 4584 malum
1999 4544 2121 4585 esse
2141 4538 2388 4600 oportere
2415 4546 2432 4585 :

855 4619 1301 4690 quemadmodum
1327 4628 1381 4675 et
1399 4617 1647 4675 Christus
1674 4621 1768 4687 ait,
1805 4619 1923 4675 Nisi
1950 4622 2178 4675 conversi
2209 4623 2428 4693 fueritis,

856 4722 902 4766 et
930 4712 1214 4782 eﬂiciamini
1242 4712 1372 4766 sicut
1400 4712 1630 4780 parvuli,
1681 4728 1783 4765 non
1833 4712 2081 4766 intrabitis
2129 4713 2181 4766 in
2221 4730 2432 4783 regnum

854 4804 1095 4858 cartorum
1115 4801 1329 4873 (Matth.
1358 4801 1444 4855 18.
1476 4801 1557 4868 5).
1586 4802 1757 4870 Atque
1780 4801 1869 4856 illa
1894 4801 2105 4870 quidem
2131 4817 2274 4867 arca,
2296 4813 2430 4857 tem-

858 4903 1059 4963 pestate
1089 4894 1289 4958 sedata,
1316 4894 1512 4948 mansit
1537 4893 1588 4947 in
1621 4892 1795 4960 terris,
1830 4893 1943 4947 haec
1969 4908 2098 4949 vero
2117 4908 2240 4948 arca
2256 4893 2433 4949 divina

857 4984 1128 5037 iracundia
1150 4984 1352 5051 sedata,
1384 4984 1435 5038 in
1466 4984 1654 5039 caelum
1685 4984 1904 5053 abrepta
1930 4992 2043 5050 est,
2088 4992 2144 5039 et
2170 4998 2311 5038 nunc
2353 4992 2436 5039 est

858 5077 909 5129 in
940 5075 1159 5130 dextera
1201 5074 1371 5129 Patris
1414 5075 1807 5132 immaculatum
1851 5075 1977 5131 illud
2004 5084 2058 5131 et
2096 5075 2431 5147 impollutum

854 5182 1067 5236 corpus.

930 5257 1004 5310 De
1029 5257 1301 5310 reverentia
1321 5270 1481 5309 sacra:
1524 5254 1857 5310 Eucharistia:
1900 5258 2196 5313 exhibenda.
2230 5289 2299 5301 --
2329 5259 2433 5315 Ve-

858 5350 1250 5403 rumcnimvero
1295 5347 1510 5419 quando
1535 5345 1601 5402 de
1644 5346 1851 5402 Domini
1900 5362 2126 5419 corpore
2172 5350 2309 5406 facta
2348 5361 2432 5407 est

857 5439 1078 5503 mentio,
1101 5453 1277 5507 operte
1320 5438 1546 5507 pretium
1573 5447 1676 5503 est,
1704 5446 1760 5492 ut
1790 5436 1878 5492 ubi
1908 5436 1975 5493 de
1991 5453 2055 5493 eo
2083 5453 2248 5507 pauca
2293 5442 2431 5511 apud

852 5543 950 5583 vos
975 5527 1416 5594 disseruerimus,
1460 5529 1684 5583 orationi
1733 5528 1893 5584 finem
1924 5529 2278 5599 imponamus.
2308 5531 2433 5587 Scio

854 5620 967 5676 fore
991 5628 1047 5674 ut
1066 5617 1444 5689 quamplurimi
1469 5619 1607 5687 apud
1657 5634 1757 5675 nos
1795 5635 1860 5675 ex
1882 5618 2003 5675 festi
2044 5622 2434 5677 consuetudine

854 5713 918 5767 ad
947 5726 1150 5767 sacram
1174 5709 1311 5764 hanc
1337 5723 1573 5763 mensam
1607 5720 1890 5767 accurraut
1912 5731 1925 5767 :
1950 5727 2079 5768 sane
2101 5713 2313 5782 quidem
2342 5728 2438 5767 ex-

858 5804 1082 5873 pediret,
1107 5801 1158 5857 id
1180 5800 1323 5873 quod
1347 5799 1480 5854 alias
1511 5813 1652 5868 stupe
1672 5797 1808 5865 dixi,
1836 5810 1893 5855 ut
1917 5801 2047 5857 festa
2092 5817 2429 5873 nequaquam

864 5894 1290 5960 observarentur,
1312 5891 1523 5964 quando
1547 5893 1940 5949 communicare
1965 5909 2097 5965 opus
2124 5905 2284 5963 esset,
2338 5897 2434 5953 sed

1603 485 1655 539 S.
1697 482 1976 539 JOANNIS
2009 482 2490 543 CHRYSOSTOMI
2532 484 2848 542 ARCHIEP.
2889 491 3423 549 CONSTANTINOP.

4015 480 4119 535 570

2549 602 2605 650 ut
2633 596 2962 654 conscientia
2990 602 3359 669 mundaretur,
3389 616 3452 658 ac
3481 612 3590 657 tum
3613 613 3853 661 sanctum
3874 608 4017 666 istud
4030 626 4119 667 sa-

2543 687 2802 744 criﬁcium
2828 690 3218 762 attingeretur;
3245 696 3334 767 qui
3360 696 3504 751 enim
3532 694 3816 765 piacularis
3836 710 3917 754 est
3936 711 3990 756 et
4015 703 4118 757 im-

2542 780 2791 847 mundus,
2806 796 2873 837 ne
2902 779 2955 836 in
2985 782 3121 838 festo
3136 787 3348 855 quidem
3370 802 3578 858 aequum
3599 795 3681 842 est
3698 796 3964 845 utsanctze
3981 792 4122 849 illius

2541 887 2605 927 ac
2627 872 2915 929 tremenda:
2941 875 3118 930 carnis
3150 880 3412 950 particeps
3440 880 3568 947 fiat;
3599 881 3689 951 qui
3716 896 3846 935 vero
3890 883 4122 939 mundus

2541 971 2645 1030 est,
2673 973 2728 1021 et
2755 974 2996 1023 accurata
3016 968 3327 1037 paenitentia
3356 972 3545 1029 delicta
3573 973 3843 1039 abstersit,
3897 989 4020 1029 cum
4066 976 4123 1030 in

2541 1053 2897 1122 solemnitate,
2925 1066 3033 1112 tum
3056 1072 3272 1128 semper
3297 1062 3489 1133 dignus
3509 1063 3698 1130 fuerit,
3731 1062 3825 1134 qui
3850 1066 4122 1135 mysteriis

2541 1146 2736 1202 divinis
2761 1150 3146 1217 communicet,
3196 1166 3260 1207 ac
3311 1153 3405 1209 Dei
3451 1155 3610 1212 donis
3650 1154 3971 1227 perfruatur.
4014 1156 4124 1213 Sed

2540 1237 2791 1304 quoniam
2819 1240 2921 1296 hoc
2946 1241 3125 1296 nescio
3145 1255 3251 1310 quo
3268 1251 3420 1310 pacto
3437 1247 3722 1318 negligitur
3735 1262 3764 1301 a
3781 1246 4119 1318 quibusdam,

2541 1326 2800 1398 multique
2843 1330 3109 1386 sexcentis
3140 1340 3408 1388 scatentes
3433 1337 3725 1393 sceleribus
3750 1353 3871 1394 cum
3920 1337 4121 1394 adven—

2542 1425 2657 1473 tare
2682 1417 2877 1475 festum
2904 1420 3167 1488 viderint,
3194 1428 3467 1492 tamquam
3492 1427 3559 1481 ab
3590 1429 3701 1497 ipsa
3721 1429 3809 1485 die
3834 1430 4068 1500 protrusi
4098 1471 4115 1497 ,

2542 1511 2796 1579 mysteria
2815 1526 2965 1566 sacra
2982 1512 3314 1581 contingunt,
3335 1529 3453 1583 quae
3477 1532 3542 1571 ne
3557 1520 3729 1575 oculis
3756 1522 3969 1590 quidem
4001 1536 4123 1577 cer-

2542 1614 2670 1655 nere
2693 1601 2771 1657 sic
2797 1602 3004 1659 affectis
3029 1602 3107 1658 fas
3146 1613 3266 1658 est:
3297 1619 3391 1659 eos
3441 1607 3675 1676 quidem,
3722 1612 3811 1679 qui
3853 1613 4119 1669 manifesti

2541 1702 2669 1745 sunt
2713 1694 2889 1761 nobis,
2936 1695 3092 1765 plane
3134 1694 3438 1750 arcebimus
3465 1713 3479 1748 :
3509 1712 3604 1752 eos
3656 1715 3785 1755 vero
3820 1704 3911 1772 qui
3964 1704 4123 1759 nobis

2541 1781 2709 1851 ignoti
2739 1793 2886 1853 sunt,
2937 1786 3047 1841 Deo
3068 1787 3429 1857 relinquemus
3449 1829 3464 1853 ,
3496 1788 3587 1858 qui
3634 1791 3828 1846 mentis
3865 1794 4122 1863 cujusque

2539 1884 2747 1930 secreta
2770 1878 2954 1933 novit:
2988 1879 3040 1934 id
3077 1879 3292 1950 quidem
3334 1890 3481 1935 certe
3513 1880 3564 1935 in
3607 1896 3713 1951 quo
3758 1882 3826 1937 ab
3874 1885 4122 1941 omnibus

2540 1976 2726 2038 aperte
2757 1979 3032 2038 peccatur,
3064 1971 3221 2026 hodie
3247 1971 3556 2027 conabimur
3584 1970 3889 2026 emendare.
3929 1972 4115 2041 Quod-

2539 2075 2663 2115 nam
2691 2060 2851 2131 igitur
2877 2061 3009 2116 illud
3056 2073 3332 2133 peccatum
3363 2064 3483 2117 est?
3513 2062 3666 2130 Quod
3714 2076 3836 2116 cum
3886 2070 4121 2121 tremore

2542 2166 2647 2207 non
2671 2155 3006 2224 accedamus,
3034 2157 3129 2213 sed
3173 2159 3407 2214 calcibus
3445 2160 3782 2227 impetentes,
3814 2159 4123 2228 percutien-

2544 2252 2642 2310 tes,
2672 2245 2746 2301 ira
2763 2254 3061 2316 turgentes,
3083 2250 3402 2316 clamantes,
3424 2250 3803 2316 conviciantes,
3821 2252 4122 2320 proximum

2544 2338 2840 2406 trudentes,
2868 2341 3272 2410 perturbatione
3297 2343 3503 2412 repleti.
3531 2343 3658 2398 Haec
3676 2351 3731 2398 et
3754 2358 3899 2413 saape
3919 2345 4050 2411 dixi,
4068 2353 4127 2400 et

2541 2427 2723 2484 dicere
2749 2444 2853 2484 non
2870 2429 3113 2485 cessabo.
3138 2430 3326 2487 Nonne
3355 2431 3545 2487 videtis
3566 2434 3619 2487 in
3666 2434 3958 2505 Olympicis
4004 2450 4124 2490 cer-

2545 2518 2832 2573 taminibus
2852 2518 2978 2574 dum
3003 2523 3177 2589 capite
3200 2536 3453 2576 coronam
3475 2531 3709 2592 gestans,
3726 2524 3953 2578 amictus
3966 2525 4122 2589 stola,

2542 2608 2741 2678 virgam
2790 2624 2950 2665 manu
2979 2619 3168 2666 tenens
3192 2612 3512 2683 agonotheta
3542 2628 3638 2682 per
3677 2612 3851 2668 forum
3900 2614 4120 2679 incedit,

2539 2710 2734 2770 quanta
2759 2702 2831 2755 sit
2856 2704 3207 2773 tranquillitas
3232 2719 3294 2759 ac
3322 2705 3607 2772 modestia,
3637 2704 3762 2759 dum
3786 2720 3960 2775 prarco
3990 2720 4122 2761 voce

2541 2791 2844 2858 denuntiat,
2872 2804 2931 2849 ut
2959 2810 3147 2850 omnes
3172 2796 3364 2852 sileant
3409 2812 3473 2851 ac
3517 2798 3771 2853 decenter
3807 2796 4124 2867 quiescant?

2540 2886 2638 2941 Cui
2665 2887 2827 2957 igitur
2851 2902 2957 2943 non
2980 2889 3267 2943 absurdum
3296 2890 3559 2954 videatur,
3612 2901 3672 2945 ut
3711 2890 3801 2945 ubi
3828 2889 4122 2959 triumphat

2542 2978 2807 3048 diabolus,
2836 2982 2990 3051 quies
3008 2990 3153 3036 tanta
3184 2982 3283 3048 sit;
3309 2982 3399 3036 ubi
3420 2998 3549 3037 vero
3575 2983 3819 3038 Christus
3858 2983 3924 3037 ad
3948 2998 4010 3037 se
4025 2999 4123 3037 vo-

2542 3079 2648 3137 cat,
2677 3071 2933 3127 tumultus
2961 3072 3223 3142 plurimus
3244 3072 3529 3128 audiatur?
3560 3072 3615 3127 lu
3656 3072 3772 3128 foro
3808 3073 4077 3128 silentium
4101 3113 4118 3138 ,

2542 3170 2597 3215 et
2626 3162 2681 3216 in
2723 3161 2948 3216 ecclesia
2974 3161 3213 3217 clamor?
3243 3162 3295 3217 in
3336 3163 3524 3232 pelago
3553 3162 3926 3232 tranquillitas,
3959 3170 4016 3218 et
4061 3162 4118 3217 in

2542 3260 2697 3320 portu
2719 3251 3043 3321 tempestas?
3061 3251 3219 3319 Quid,
3238 3266 3437 3322 qumso,
3466 3251 3819 3316 tumultuaris,
3837 3252 3909 3306 mi
3926 3250 4086 3306 homo
4099 3253 4125 3303 τ

2540 3341 2665 3411 quid
2694 3351 2744 3397 te
2770 3341 2959 3412 urget?
2980 3342 3311 3412 negotiorum
3334 3342 3584 3397 nimirqu
3610 3351 3798 3397 avocat
3822 3344 4122 3397 tenecessi-

2542 3439 2623 3485 tas
2648 3447 2663 3485 :
2694 3448 2762 3485 an
2791 3446 2920 3487 vero
2949 3440 3006 3486 tu
3040 3432 3127 3487 illa
3150 3433 3245 3487 tibi
3268 3433 3399 3487 hora
3428 3432 3535 3486 ulla
3555 3446 3675 3487 esse
3711 3433 3922 3503 negotia
3977 3433 4123 3486 arbi-

2546 3521 2742 3575 traris?
2768 3537 2833 3575 an
2865 3532 2918 3576 tu
2944 3530 2995 3577 te
3020 3522 3241 3576 omnino
3280 3522 3334 3577 in
3361 3523 3519 3577 terris
3538 3536 3659 3577 esse
3686 3520 4016 3577 meministi?
4044 3536 4112 3576 an

2544 3620 2596 3665 te
2624 3625 2744 3665 cum
2773 3610 3080 3668 hominibus
3104 3612 3310 3667 versari
3333 3612 3561 3668 censes?
3589 3610 3719 3680 Quis
3749 3612 3851 3666 hoc
3878 3626 3983 3666 non
4029 3627 4121 3665 sa-

2540 3717 2655 3758 xea:
2681 3703 2879 3758 mentis
2906 3719 3027 3760 esse
3046 3704 3209 3770 dicat,
3245 3704 3338 3758 illo
3361 3718 3420 3759 se
3446 3714 3685 3775 tempore
3706 3706 3759 3758 in
3786 3706 3946 3760 terris
3994 3718 4122 3759 con-

2539 3793 2731 3849 sistere
2751 3794 3018 3859 arbitrari,
3048 3809 3155 3849 non
3180 3810 3301 3850 cum
3346 3796 3553 3865 angelis
3596 3796 3825 3850 choreas
3870 3794 4069 3850 ducere
4097 3836 4114 3857 ,

2540 3901 2662 3942 cum
2690 3887 2881 3957 quibus
2906 3887 3187 3958 mysticum
3217 3887 3366 3942 illum
3408 3887 3663 3958 hymnum
3708 3886 4066 3957 pronuntiasti
4099 3904 4116 3950 ;

2538 3992 2659 4032 cum
2690 3976 2884 4047 quibus
2910 3978 3020 4033 Deo
3047 3979 3311 4033 canticum
3336 3978 3466 4031 illud
3484 3976 3803 4047 triumphale
3828 3978 4071 4033 cecinisti
4095 3978 4120 4030 ?

2540 4066 2833 4136 Pmpterea
2877 4076 2931 4122 et
2960 4082 3062 4121 nos
3100 4067 3307 4137 aquilas
3337 4067 3581 4121 Christus
3608 4067 3900 4136 appellavit
3927 4108 3942 4132 ,
3993 4081 4118 4120 cum

2539 4157 2697 4221 dixit,
2728 4156 2825 4213 Ubi
2852 4158 3088 4222 cadaver,
3114 4157 3183 4211 ibi
3207 4155 3643 4227 congregabantur
3670 4165 3719 4209 et
3745 4156 3928 4224 aquin
3948 4157 3966 4226 (
3986 4156 4115 4210 Luc.

2546 4252 2630 4307 17.
2653 4252 2769 4322 57),
2800 4260 2859 4305 ut
2882 4251 2939 4306 in
2964 4250 3153 4304 ctelum
3184 4248 3554 4312 ascendamus,
3587 4256 3645 4301 ut
3672 4247 3724 4301 in
3752 4247 3917 4301 altum
3939 4247 4121 4302 evole-

2540 4359 2659 4399 mus
2685 4342 2902 4412 spiritus
2924 4341 3113 4411 pennis
3132 4338 3404 4403 subvecti;
3436 4347 3492 4392 at
3522 4351 3622 4391 nos
3663 4345 3848 4391 contra
3899 4351 4121 4406 serpen-

2540 4445 2651 4492 tum
2677 4451 2825 4492 more
2862 4435 3011 4491 humi
3039 4434 3325 4503 serpimus,
3350 4442 3655 4499 terramque
3707 4428 4116 4484 manducamus.

2539 4526 2713 4582 Vultis
2730 4525 2903 4582 dicam
2921 4524 3064 4580 unde
3086 4522 3347 4578 tumultus
3374 4528 3430 4576 et
3470 4520 3673 4574 clamor
3697 4518 3936 4573 oriatur?
3962 4518 4118 4587 Quod

2536 4636 2645 4676 non
2661 4628 2772 4674 toto
2783 4618 2920 4675 sacri
2942 4626 3183 4686 tempore
3196 4610 3348 4669 vobis
3359 4611 3499 4666 fores
3514 4608 3729 4665 occluda
3736 4625 3873 4677 mus,
3887 4610 3980 4664 sed
3993 4621 4119 4663 ante

2535 4720 2860 4781 postremam
2895 4707 3187 4778 gratiarum
3215 4704 3480 4757 actionem
3510 4700 3717 4756 resilire
3738 4715 3855 4768 vos,
3870 4699 4116 4755 domum.

2538 4815 2644 4870 que
2669 4799 2848 4855 redire
2870 4796 3155 4867 patiamur,
3188 4792 3330 4863 quod
3359 4800 3413 4846 et
3437 4791 3612 4863 ipsum
3656 4806 3761 4847 non
3790 4790 4116 4846 mediocrem

2539 4900 2904 4959 contemptum
2931 4886 3113 4940 habet.
3151 4883 3287 4951 Quid
3328 4882 3478 4949 facis,
3506 4883 3578 4937 mi
3611 4882 3803 4937 homo?
3843 4881 4119 4937 Praesenti)

2538 4979 2772 5045 Christo,
2803 4976 3136 5033 adstantibus
3162 4975 3384 5044 angelis,
3412 4974 3682 5044 proposita
3710 4972 3811 5028 ista
3838 4971 4116 5028 tremenda

2538 5086 2747 5136 mensa,
2774 5069 2902 5123 dum
2930 5065 3103 5121 adhuc
3128 5063 3319 5121 fratres
3340 5066 3413 5120 tui
3437 5064 3708 5136 mysteriis
3735 5064 4035 5128 initiantur,
4061 5072 4116 5116 tu

2540 5162 2744 5219 relictis
2769 5159 2876 5214 illis
2900 5157 3176 5214 abscedis?
3215 5159 3376 5229 Atqui
3408 5157 3473 5211 ad
3502 5156 3781 5226 prandium
3816 5154 4029 5225 quidem
4070 5156 4115 5208 si

2538 5262 2761 5309 vocatus
2789 5249 2976 5317 fueris,
3002 5248 3213 5307 tametsi
3242 5250 3390 5319 prius
3416 5255 3688 5301 saturatus
3739 5246 3813 5299 sis
3839 5286 3854 5311 ,
3906 5259 4114 5299 recum-

2540 5344 2790 5403 bentibus
2813 5343 3022 5400 ueteris
3045 5358 3150 5398 non
3181 5339 3349 5397 audes
3374 5347 3500 5393 ante
3545 5337 3747 5391 amicos
3794 5335 4111 5395 discedere;

2538 5439 2626 5495 hic
2652 5450 2780 5491 vero
2808 5434 2932 5491 dum
2951 5434 3147 5491 Christi
3171 5430 3421 5503 mysteria
3443 5428 3799 5489 celebrantur,
3820 5425 3945 5479 dum
3992 5436 4109 5475 san-

2540 5539 2683 5585 ctum
2706 5527 2833 5583 illud
2860 5524 3181 5582 sacrificium
3209 5522 3384 5577 adhuc
3412 5520 3706 5592 peragitur,
3732 5512 3979 5572 omniain
4003 5526 4113 5566 me-

2540 5621 2631 5676 dio
2654 5619 2980 5689 derelinquis
3009 5626 3062 5671 et
3090 5612 3377 5668 abscedis?
3405 5611 3535 5679 Quis
3562 5610 3679 5665 hzec
3714 5604 3927 5660 tandem
3958 5603 4112 5659 venia

2541 5714 2697 5785 digna
2723 5708 3034 5769 censuerit?
3058 5707 3178 5777 quis
3202 5704 3515 5761 defensione
3536 5696 3809 5772 purgarit?
3838 5694 4011 5750 Vultis
4029 5694 4114 5749 dio

2541 5821 2657 5860 cam
2678 5805 2954 5874 cujusnam
2978 5813 3113 5871 opus
3140 5797 3420 5867 perficiant
3440 5792 3514 5847 illi
3558 5790 3648 5860 qui
3695 5795 3823 5842 ante
3866 5788 4110 5858 comple-

2542 5905 2780 5953 mentum
2825 5893 3088 5962 llnemque
3108 5888 3409 5953 discedunt,
3454 5897 3628 5953 neque
3673 5894 3825 5938 cena
3869 5879 4109 5936 absoluta
