4432 6692
353 404 456 460 389

354 533 489 585 νην.
540 512 688 583 Εἶδες
735 517 1149 590 εὐγνωμοσύνην
1188 514 1428 578 οἰκέτου;
1477 510 1611 578 εἶδες
1665 532 1914 568 ταπεινο-

354 601 626 672 φροσύνην
679 604 983 667 Δεσπότου;
1036 600 1101 652 Τί
1149 598 1276 651 ποτέ
1329 600 1446 650 ἐστι
1494 600 1576 660 τὸ,
1631 600 1917 670 Πληρῶσαι

357 688 534 740 πᾶσαν
559 688 935 757 δικαιοσύνην;
969 682 1291 751 Δικαιοσύνη
1316 681 1531 749 λέγεται
1557 682 1663 734 τῶν
1693 683 1918 736 ἐντολῶν

357 769 543 823 πασῶν
579 772 611 840 ή
647 772 959 841 πλήρωσιςο
996 764 1189 834 ὥσπερ
1224 764 1353 819 ὅταν
1389 764 1558 835 λέγῃ’
1586 758 1779 818 1'Ha'ar
1806 766 1917 834 ἀμ·

351 852 586 919 φότεροι
639 852 855 906 δίκαιοι
903 846 1291 915 πορευόμενοι
1347 848 1417 900 ἐν
1468 845 1597 911 ταῖς
1646 846 1918 911 ἐντολαῖς

352 932 461 986 τοῦ
485 935 703 1001 Κυρίου
724 933 1034 1000 ἄμεμπτοι.
1071 929 1225 981 Ἐπεὶ
1250 924 1342 982 οῦν
1369 928 1475 981 ἔδει
1507 928 1790 1000 πληρῶσαι
1818 928 1918 999 τὴν

352 1015 690 1085 δικαιοσύνην
717 1013 921 1081 ταύτην
957 1012 1081 1074 τοὺς
1111 1011 1427 1082 ἀνθρώπους
1455 1011 1715 1076 ἅπαντας,
1745 1011 1916 1073 οὐδεὶς

351 1098 408 1151 δέ
432 1101 599 1168 αὐτὴν
621 1098 921 1167 ἀπήρτισεν
943 1094 1061 1147 οὐδὲ
1082 1094 1219 1165 ἐπλή
1229 1111 1419 1164 ρωσεν,
1444 1095 1610 1150 ἐλθὼν
1634 1098 1661 1150 6
1682 1095 1917 1168 Χριστὸς

353 1183 549 1251 πληροῖ
580 1180 677 1249 τὴν
701 1177 1045 1247 δικαιοσύνην
1075 1176 1305 1246 ταύτην.

427 1268 490 1317 δ’.
506 1263 615 1316 Καὶ
635 1259 765 1313 ποία.
780 1258 1113 1331 δικαιοσύνη,
1157 1262 1308 1330 φησὶ.
1329 1261 1388 1314 τὸ
1423 1261 1777 1333 βαπτισθῆναι
1798 1278 1812 1325 ;
1843 1259 1916 1312 Τὸ

350 1344 428 1413 τῷ
473 1342 723 1412 προφήτῃ
769 1342 1052 1411 πεισθῆναι
1084 1342 1390 1414 δικαιοσύνη
1437 1340 1524 1415 ἦν.
1567 1345 1775 1413 Ὥσπερ
1821 1336 1915 1396 οῦν

353 1423 502 1497 [375]
540 1423 941 1495 περιετέμνετο,
970 1426 1063 1478 καὶ
1096 1425 1286 1480 θυσίαν
1334 1428 1619 1497 ἀνήνεγκε,
1650 1426 1745 1477 καὶ
1782 1424 1914 1477 σάϐ-

351 1508 488 1559 σατα
538 1508 792 1577 ἐτήρησε,
842 1507 934 1560 καὶ
982 1508 1173 1579 ἑορτὰς
1226 1508 1542 1579 ἐπλήρωσεν
1587 1506 1913 1572 Ἰουδαῖκάς,

348 1587 491 1640 οὕτω
520 1588 613 1640 καὶ
659 1588 816 1641 τοῦτο
856 1589 918 1641 τὸ
969 1589 1288 1659 λειπόμενον
1332 1588 1658 1659 προσέθηκε,
1700 1588 1762 1641 τὸ
1796 1606 1914 1641 πει-

350 1671 533 1740 σθῆναι
572 1673 823 1743 προφήτῃ
856 1670 1188 1742 βαπτίζοντι.
1218 1673 1339 1723 Ὀτι
1365 1670 1474 1742 γὰρ
1498 1670 1632 1723 Θεοῦ
1668 1670 1913 1743 βούλημα

345 1748 414 1821 ῆν
443 1752 504 1804 τὸ
534 1751 886 1821 βαπτίζεσθαι
919 1756 1126 1817 πάντας
1165 1754 1308 1813 τότε,
1337 1754 1568 1807 ἄκουσον
1607 1754 1660 1805 τί
1695 1771 1855 1825 φησιν
1885 1758 1914 1809 6

359 1834 635 1904 Ἰωάννης·
671 1836 724 1888 '0
761 1836 1002 1905 πέμψας
1030 1853 1105 1904 με
1125 1833 1435 1899 βαπτίζειν
1464 1835 1535 1888 ἐν
1573 1835 1773 1889 ὕδατι’
1816 1838 1912 1890 καὶ

346 1918 508 1970 πάλιν
532 1920 560 1971 6
587 1918 840 1988 Χριστὸς,
872 1922 937 1972 Ol
964 1917 1214 1971 τελῶναι
1252 1918 1348 1970 καὶ
1379 1920 1411 1971 ό
1447 1917 1630 1986 ὄχλος
1657 1917 1918 1971 ἐδικαίω-

344 2014 468 2054 σαν
503 2002 611 2054 τὸν
634 2000 802 2065 Θεὸν,
820 1999 1261 2067 βαπτισθέντες
1288 2000 1355 2053 τὸ
1379 2000 1694 2067 βάπτισμα
1730 1999 1915 2053 Ἰωάν-

346 2102 457 2138 νου
478 2101 491 2114 ⁸
522 2087 577 2138 οί
603 2083 671 2136 δὲ
702 2082 1008 2151 Φαρισαῖοι
1037 2082 1133 2135 καὶ
1158 2084 1210 2136 οί
1235 2081 1585 2152 γραμματεῖς
1612 2080 1916 2149 ἠθέτησαν

345 2166 460 2233 τὴν
491 2166 737 2233 βουλὴν
771 2165 878 2219 τοῦ
919 2163 1067 2218 Θεοῦ
1090 2164 1175 2233 μὴ
1212 2162 1650 2227 βαπτισθέντες
1679 2162 1779 2215 ὑπ’
1808 2165 1913 2215 ui:-

344 2248 471 2302 τοῦ.
505 2250 566 2302 Εἰ
594 2249 772 2301 τοίνυν
798 2248 860 2301 τὸ
898 2247 975 2317 τῷ
1005 2247 1125 2317 Θεῴ
1172 2246 1451 2299 πείθεσθαι
1495 2246 1838 2315 δικαιοσύνη,
1885 2245 1914 2297 6

344 2332 401 2385 δέ
445 2332 576 2397 Θεὸς
622 2332 833 2401 ἔπεμψε
883 2331 972 2383 τὸν
1005 2329 1278 2400 Ἰωάννην,
1326 2329 1466 2381 ὥστε
1516 2328 1773 2397 βαπτίσαι
1820 2327 1911 2380 τὸν

344 2414 489 2474 λαὸν,
534 2414 670 2485 μετά
712 2413 821 2466 τῶν
858 2413 1031 2466 ἀλλων
1086 2412 1337 2464 ἁπάντων
1382 2410 1490 2463 τῶν
1539 2410 1776 2479 νομικῶν
1819 2411 1912 2461 καὶ

342 2495 499 2549 τοῦτο
522 2496 834 2567 ἐπλήρωσεν
860 2497 888 2547 6
916 2494 1169 2564 Χριστός.
1203 2491 1434 2544 ’Υπόθου
1460 2491 1639 2543 τοίνυν
1667 2491 1913 2543 διακόσια

340 2579 570 2649 δηνάρια
594 2578 688 2630 τοῦ
717 2577 882 2646 νόμου
910 2575 1008 2637 τὰς
1039 2573 1255 2635 ἐντολάς
1279 2568 1451 2624 εἶναι’
1482 2570 1640 2624 τοῦτο
1669 2572 1729 2623 τὸ
1755 2574 1913 2641 χρέος

343 2660 449 2714 ἐδει
481 2660 542 2712 τὸ
587 2659 742 2727 γένος
778 2658 841 2710 τὸ
875 2656 1139 2727 ήμέτερον
1190 2652 1540 2706 καταϐαλεῖν·
1573 2654 1632 2705 οὐ
1681 2654 1916 2708 κατεϐά-

343 2744 535 2812 λομεν·
577 2744 823 2810 κατεῖχεν
868 2739 1017 2808 ἡμᾶς
1040 2740 1069 2789 6
1106 2736 1332 2798 θάνατος
1388 2734 1722 2797 ὑπευθύνους
1754 2736 1914 2799 ὄντας

343 2830 451 2889 τοῖς
483 2824 786 2895 ἐγκλήμασι
812 2821 1039 2883 τούτοις.
1076 2818 1273 2871 Ἐλθὼν
1296 2819 1324 2869 6
1353 2816 1584 2888 Χριστὸς
1612 2818 1705 2870 καὶ
1737 2818 1912 2888 εὑρὼν

343 2910 489 2979 ἡμᾶς
540 2906 958 2976 κατεχομένους,
1003 2902 1268 2956 κατέϐαλε
1299 2902 1359 2954 τὸ
1402 2901 1579 2972 χρέος,
1624 2901 1909 2971 ἐπλήρωσε

341 2996 402 3047 τὸ
432 2993 669 3063 ὄφλημα,
702 2990 977 3059 ἐξήρπασε
1009 2988 1138 3048 τοὺς
1188 2986 1288 3037 οὐκ
1326 2984 1545 3053 ἔχοντας
1581 2983 1780 3036 δοῦναι.
1812 2985 1911 3037 Διά

343 3076 497 3128 τοῦτο
530 3075 628 3127 οὐκ
658 3068 801 3133 εἷπε,
840 3069 1054 3141 Πρέπον
1088 3068 1234 3121 ἐστὶν
1278 3069 1409 3136 ἡμῖν
1443 3066 1667 3135 ποιῆσαι
1715 3065 1776 3117 τὸ
1818 3067 1912 3118 καὶ

340 3161 422 3221 τὸ,
468 3157 631 3221 ἀλλὰ,
682 3152 1001 3221 Πληρῶσαι
1054 3149 1261 3204 πᾶσαν
1306 3149 1720 3215 δικαιοσύνην.
1761 3149 1913 3219 Ἐμοὶ

342 3241 419 3311 τῷ
453 3240 697 3309 Δεσπὸτῃ
741 3236 953 3308 πρέπον
986 3232 1124 3299 ἐστὶ,
1171 3232 1323 3302 φησὶ,
1355 3231 1433 3301 τῷ
1481 3230 1693 3301 ἔχοντι,
1740 3248 1910 3284 κατα·

343 3324 523 3377 ϐαλεῖν
562 3322 703 3392 ὑπὲρ
742 3320 849 3371 τῶν
900 3319 1002 3371 οὐκ
1052 3316 1302 3386 ἐχόντων.
1352 3314 1498 3383 Λῦτη
1548 3314 1580 3383 ή
1626 3313 1774 3366 αίτία
1819 3314 1912 3367 τοῦ

347 3408 738 3477 βαπτίσματος,
766 3402 854 3455 ἵνα
895 3400 1023 3471 δόξῃ
1049 3400 1136 3451 τὸν
1177 3398 1342 3467 νόμον
1384 3396 1602 3450 ἅπαντα
1652 3394 1911 3465 πληροῦν,

344 3476 434 3543 καὶ
464 3488 634 3557 αῦτη,
674 3487 769 3539 καὶ
815 3487 849 3555 ή
882 3484 988 3551 πρὸ
1018 3480 1223 3549 ταύτης
1254 3478 1535 3548 εἰρημένη.
1584 3476 1675 3529 Διὸ
1725 3479 1820 3530 καὶ
1854 3480 1915 3531 τὸ

345 3575 568 3642 Πνεῦμα
600 3575 656 3624 ἐν
686 3569 817 3621 εῖδει
845 3565 1170 3635 περιστερᾶς
1206 3561 1475 3615 κάτεισινο
1512 3561 1643 3612 ὅπου
1674 3559 1782 3630 γὰρ
1816 3578 1913 3612 κα-

343 3655 585 3724 ταλλαγὴ
610 3651 765 3713 Θεοῦ,
798 3648 1114 3717 περιστερά.
1150 3646 1259 3699 Καὶ
1300 3643 1408 3712 γὰρ
1449 3643 1542 3724 καὶ
1583 3641 1803 3724 ἐπὶ-τῆς
1832 3659 1915 3693 κι-

346 3719 644 3806 ϐωτοῦτῆς
678 3734 770 3786 ἐπὶ
804 3731 927 3785 Νῶε
959 3729 1202 3799 φέρουσα
1235 3725 1427 3779 κλάδον
1460 3723 1646 3806 ἐλαίας
1685 3719 1846 3806 ἦλθεν
1878 3726 1911 3793 ἡ

344 3818 660 3892 περιστερά,
711 3813 976 3886 σύμϐολον
1018 3811 1117 3876 τῆς
1163 3807 1258 3860 τοῦ
1290 3806 1423 3861 Θεοῦ
1471 3805 1909 3892 φιλανθρωπίας,

345 3888 442 3959 καλ.
478 3904 577 3973 τῆς
616 3901 710 3954 τοῦ
742 3897 1009 3971 χειμῶνος
1053 3892 1406 3961 ἀπαλλαγῆς·
1448 3890 1542 3943 καὶ
1572 3888 1673 3973 νῦν
1694 3890 1751 3940 ἐν
1786 3888 1914 3973 εῖδει

346 3972 696 4059 περιστερᾶς,
720 3985 821 4037 οὐκ
850 3985 907 4035 ἑν
941 3981 1153 4049 σώματι
1180 3977 1284 4044 (δεῖ
1314 3975 1423 4059 γάρ
1448 3972 1726 4059 ,ἀσφαλῶς
1746 3972 1916 4059 ταῦτα

346 4055 612 4139 εἰδέναι),
659 4068 719 4121 τὸ
759 4064 985 4135 Πνεῦμα
1030 4063 1270 4133 ἔρχεται,
1313 4058 1405 4111 τὸν
1443 4056 1608 4139 ἔλεον,
1636 4055 1747 4139 τοῦ,
1780 4055 1915 4108 Θεοῦ

347 4137 710 4222 καταγγέλλον
741 4152 810 4220 τῇ
857 4146 1173 4216 οἰκουμένῃ,
1200 4143 1319 4211 ἅμα
1362 4141 1419 4193 δὲ
1464 4140 1557 4192 καὶ
1593 4137 1802 4222 δηλοῦν,
1833 4139 1915 4190 ὅτι

344 4242 435 4295 τὸν
493 4219 859 4307 πνευματικὸν
921 4232 1090 4301 ἄνδρα
1125 4226 1396 4297 ἁπόνηρόν
1448 4242 1569 4307 τινα
1622 4219 1758 4276 εἶναι
1810 4224 1915 4307 χρὴ

346 4327 441 4377 καὶ
500 4305 701 4375 ἁπλοῦν
753 4316 848 4368 καὶ
899 4315 1137 4367 ἄκακονο
1186 4309 1439 4378 καθάπερ
1485 4306 1579 4359 καὶ
1622 4307 1652 4357 6
1683 4305 1916 4376 Χριστός

346 4423 538 4477 φησιν’
587 4401 722 4454 Ἐὰν
760 4399 846 4467 μὴ
900 4394 1205 4463 στραφῆτε
1260 4392 1357 4477 καί
1402 4390 1678 4477 γένησθε.
1716 4389 1797 4450 ὡς
1845 4388 1917 4476 τὰ

347 4467 572 4553 παιδία,
600 4486 669 4538 οὐ
692 4480 779 4552 μὴ
820 4477 1128 4543 εἰσέλθητε
1168 4476 1255 4539 είς
1286 4472 1403 4539 τὴν
1427 4471 1757 4553 βασιλείαν
1793 4467 1916 4553 τῶν

347 4550 635 4641 οὐρανῶν.
678 4550 891 4631 Ἑκείνη
939 4558 1036 4629 μὲν
1064 4554 1156 4610 οὖν
1191 4557 1224 4626 ἡ
1254 4553 1505 4617 κιϐωτὸς,
1529 4552 1621 4604 τοῦ
1651 4550 1914 4620 χειμῶνος

348 4633 617 4717 λυθέντος,
650 4649 862 4720 ἔμεινεν
900 4642 991 4696 ἐπὶ
1024 4639 1122 4709 τῆς
1162 4638 1264 4707 γῆς
1284 4652 1298 4666 ·
1331 4634 1470 4720 αῦτη
1497 4634 1553 4720 δὲ
1586 4633 1912 4720 ήῌκιϐωτὸς,

346 4741 445 4810 τῆς
469 4716 636 4809 ὀργῆς
682 4716 953 4797 λυθείσης,
981 4726 1075 4810 εἰς
1088 4718 1432 4810 τὸνούρανὸν
1483 4716 1780 4810 ἡρπάζετο,
1821 4716 1916 4810 καί

474 4799 626 4873 ἐστιν
653 4820 709 4871 ἐν
736 4814 886 4883 δεξιᾷ
910 4809 1004 4863 τοῦ
1034 4804 1244 4876 Πατρὸς
1272 4802 1332 4855 τὸ
1361 4800 1590 4873 ἄμωμον
1620 4801 1795 4852 ἐκεῖνο
1825 4799 1916 4851 καὶ

352 4903 621 4971 ἀκήρατον
656 4899 836 4968 σῶμα.

432 4992 569 5044 Ἀλλ’
611 4990 796 5058 ἐπειδὴ
844 4984 935 5039 τοῦ
976 4982 1222 5049 σώματος
1267 4974 1542 5045 ἐμνήσθην
1568 4972 1917 5036 Δεσποτικοῦ,

352 5084 643 5150 ἀναγκαῖον
690 5080 827 5149 πρὸς
892 5075 1035 5147 ὑμᾶς
1099 5068 1271 5141 μικρά
1325 5067 1453 5135 περὶ
1501 5067 1691 5119 τούτου
1746 5065 1919 5118 διαλε-

354 5176 576 5247 χθέντας
609 5170 953 5225 καταπαῦσαι
974 5166 1062 5219 τὸν
1098 5163 1274 5231 λόγον.
1304 5156 1436 5214 Οἶδα
1464 5160 1545 5211 ὅτι
1572 5158 1758 5211 πολλοὶ
1792 5160 1919 5229 παρ’

356 5270 485 5340 ἡμῖν
503 5264 591 5318 διά
613 5263 755 5331 ιτὴν
792 5260 890 5329 τῆς
927 5258 1117 5331 ἑορτῆς
1157 5251 1438 5322 συνήθειαν
1478 5252 1544 5319 τῇ
1576 5250 1707 5340 ίερᾷ
1751 5249 1919 5320 ταύτῃ

357 5334 823 5431 προσδραμοῦνται
873 5348 1141 5418 τραπέζῃ.
1195 5342 1341 5396 Ἔδει
1395 5339 1493 5410 μὲν
1542 5334 1655 5402 οῦν,
1706 5340 1780 5402 ώς
1829 5340 1924 5392 καὶ

358 5429 611 5507 πολλάκις
668 5439 837 5508 ἔφθην
898 5436 1065 5489 εἰπὼν
1089 5476 1104 5499 ,
1174 5435 1247 5506 μὴ
1302 5429 1491 5502 ἑορτάς
1554 5432 1921 5499 παρατηρεῖν,

356 5540 519 5613 ήνίκα
550 5535 616 5589 ἂν
647 5531 753 5586 δέοι
782 5528 1072 5587 κοινωνεῖν,
1103 5523 1239 5577 ἀλλά
1267 5521 1327 5575 τὸ
1360 5516 1594 5578 συνειδὸς
1621 5515 1923 5586 καθαίρειν,

359 5606 453 5685 καὶ
500 5626 624 5680 τότε
666 5622 765 5691 τῆς
810 5618 961 5687 ἱερᾶς
1011 5613 1278 5667 ἅπτεσθαι
1326 5609 1534 5671 θυσίας.
1576 5606 1635 5660 '0
1684 5606 1780 5677 μὲν
1817 5607 1925 5677 γὰρ

418 5844 436 5867 ⁸
471 5843 567 5894 Alii
587 5841 750 5891 πολλοὶ
769 5838 908 5886 πάλιν
931 5834 1021 5883 διά.

1514 403 1600 458 DE
1640 401 1986 458 BAPTISMO
2022 401 2319 458 CHRISTI.
3484 411 3586 467 370

2020 519 2218 590 ἐναγὴς
2252 520 2345 573 καὶ
2376 517 2680 590 ἀκάθαρτος
2712 521 2830 575 οὐδέ
2867 524 2923 575 ἐν
2963 521 3123 591 ἑορτῇ
3162 519 3364 583 δίκαιος
3398 523 3463 576 ἂν
3503 527 3588 594 εἴη

2021 613 2267 684 μετέχειν
2303 615 2401 685 τῆς
2437 614 2598 682 ἁγίας
2630 613 2844 683 ἐκείνης
2879 613 2973 668 καὶ
3011 612 3313 685 φρικώδους
3352 614 3587 686 σαρκός*

2015 708 2046 761 6
2074 706 2132 759 δὲ
2164 706 2398 777 καθαρὸς
2429 706 2524 775 καὶ
2550 706 2638 761 διά
2671 707 2955 776 μετανοίας
2985 702 3244 779 ἀκριϐοῦς
3273 706 3590 777 ἀποσμηξά-

2020 814 2178 867 μενος
2218 796 2287 850 τά
2318 799 2784 871 πλημμελήματα,
2823 799 2918 853 καὶ⁸
2957 801 3015 853 ἐν
3048 803 3207 873 ἑορτῇ
3250 800 3345 854 καὶ
3383 798 3472 852 ἀεὶ
3509 798 3591 852 δί-

2016 909 2169 956 καιος
2189 892 2257 946 ἂν
2277 892 2361 962 εἴη
2391 894 2636 963 μετέχειν
2664 894 2773 946 τῶν
2801 893 2960 947 θείων
2984 893 3311 964 μυστηρίων,
3335 892 3429 946 καὶ
3452 891 3592 944 ἀπο-

2014 986 2198 1039 λαύειν
2219 986 2284 1040 ἂν
2306 985 2391 1057 εἴη
2422 985 2566 1051 ἄξιος
2584 989 2691 1039 τῶν
2712 988 2803 1041 τοῦ
2826 987 2961 1042 Θεοῦ
2981 986 3215 1057 δωρεῶν,
3247 986 3384 1038 Ἀλλ’
3400 983 3589 1055 ἐπειδὴ

2014 1083 2171 1137 τοῦτο
2203 1084 2302 1136 οὐκ
2330 1078 2447 1136 οῖδα
2475 1081 2593 1143 πῶς
2627 1083 2914 1152 παρῶπταί
2941 1099 3074 1145 τισι,
3109 1082 3201 1135 καὶ
3224 1083 3430 1151 μυρίων
3463 1079 3591 1133 πολ-

2015 1173 2097 1227 λοὶ
2132 1176 2391 1246 γέμοντες
2428 1174 2631 1240 κακῶν,
2673 1176 2761 1229 ὅτε
2795 1175 2889 1244 τὴν
2921 1174 3111 1246 ἑορτὴν
3160 1174 3311 1226 ῖδωσι
3345 1191 3587 1243 παραγε-

2016 1268 2266 1337 νομένην,
2329 1269 2405 1331 ὡς
2474 1269 2565 1320 ὑπ’
2625 1267 2797 1335 αὐτῆς
2848 1266 3140 1336 ὠθούμενοι
3197 1265 3296 1336 τῆς
3354 1264 3586 1335 ἡμέρας,

2018 1359 2278 1413 ἆπτονται
2316 1360 2426 1413 τῶν
2466 1360 2624 1431 ἱερῶν
2655 1359 2804 1432 [5⁸14]
2844 1358 3177 1430 μυστηρίων,
3212 1358 3248 1412 ἃ
3284 1357 3417 1427 μηδὲ
3459 1356 3587 1409 ἰδεῖν

2015 1448 2157 1505 οὕτω
2187 1449 2557 1519 διακειμένους
2590 1450 2745 1520 θέμις
2765 1466 2778 1479 ·
2810 1448 2938 1512 τοὺς
2975 1447 3073 1518 μὲν
3108 1447 3295 1518 δήλους
3323 1450 3455 1516 ἡμῖν
3486 1446 3587 1499 αύ-

2013 1544 2096 1597 10‘:
2141 1542 2356 1605 πάντως
2399 1543 2558 1612 ἡμεῖς
2601 1542 2964 1612 ἀπείρξομεν,
3012 1540 3141 1603 τοὺς
3181 1539 3239 1592 δὲ
3279 1538 3587 1607 ἀγνώστους

2014 1635 2145 1706 ήμῖν
2188 1635 2267 1705 τῷ
2317 1632 2435 1703 Θεῷ
2481 1633 2892 1703 καταλείψομεν,
2926 1631 3004 1702 τῷ
3048 1632 3118 1687 τά
3159 1632 3446 1704 ἀπόρρητα
3489 1631 3588 1701 τῆς

2014 1728 2243 1784 ἑκάστου
2271 1729 2508 1793 διανοίας
2530 1730 2689 1783 εἰδότι
2715 1744 2730 1758 ·
2760 1730 2823 1782 τὸ
2847 1727 2976 1797 γοῦν
3005 1728 3255 1797 φανερῶς
3278 1726 3586 1796 ἁμαρτανό-

2018 1837 2177 1890 μενον
2204 1821 2356 1889 παρά
2377 1821 2592 1874 πάντων
2622 1820 2990 1890 πειρασόμεθα
3013 1820 3300 1888 διορθῶσαι
3324 1821 3389 1889 τή
3399 1836 3583 1888 μερον.

2014 1908 2081 1960 Τί
2112 1902 2205 1961 οῦν
2230 1908 2345 1960 ἐστι
2379 1907 2537 1962 τοῦτο
2563 1910 2622 1963 τὸ
2649 1909 2978 1979 ἀμάρτημα;
3007 1908 3081 1961 Τὸ
3114 1910 3188 1980 μὴ
3223 1910 3361 1979 μετά
3390 1909 3588 1980 φρίκης

2015 1998 2317 2068 προσιέναι,
2352 1999 2487 2053 ἀλλά
2516 1999 2886 2063 λακτίζοντας,
2920 2000 3249 2062 τύπτοντας,
3287 1998 3458 2068 θυμοῦ
3492 1997 3586 2064 γέ-

2019 2107 2237 2159 μοντας,
2269 2090 2525 2161 βοῶντας,
2555 2092 2942 2160 λοιδοροῦντας,
2978 2092 3101 2154 τοὺς
3130 2090 3354 2162 πλησίον
3386 2089 3589 2143 ὠθοῦν-

2014 2200 2130 2246 τας,
2169 2182 2413 2254 ταραχῆς
2447 2182 2951 2251 ἐμπεπλησμένους.
2988 2182 3175 2234 Ταῦτα
3206 2183 3301 2234 καὶ
3330 2181 3590 2242 πολλάκις

2014 2270 2183 2337 εἷπον,
2224 2273 2315 2326 καὶ
2352 2272 2526 2341 λέγων
2560 2274 2621 2326 οὐ
2666 2271 2963 2341 παύσομαι.
3007 2271 3120 2340 Οὐχ
3159 2270 3319 2340 ὁρᾶτε
3358 2271 3448 2322 ἐπὶ
3480 2268 3590 2321 τῶν

2026 2366 2332 2433 Ὀλυμπίων
2361 2364 2607 2433 ἀγώνων,
2635 2364 2763 2419 ὅταν
2784 2363 3126 2431 ἀγωνοθέτης
3143 2360 3229 2413 διὰ
3255 2360 3353 2428 τῆς
3384 2360 3589 2427 ἀγορᾶς

2017 2458 2225 2528 βαδίζῃ,
2260 2456 2518 2526 στέφανον
2548 2457 2639 2509 ἐπὶ
2667 2456 2767 2526 τῆς
2796 2454 3037 2523 κεφαλῆς
3063 2452 3220 2522 ἔχων,
3242 2450 3432 2520 στολὴν
3457 2450 3561 2503 ἀνα
3578 2480 3589 2488 -

2015 2548 2379 2618 ϐεϐλημένος,
2434 2547 2626 2617 ῥάϐδον
2683 2547 2740 2599 ἐν
2793 2548 2860 2616 τῇ
2909 2544 3053 2615 χειρὶ
3098 2544 3362 2613 κατέχων,
3401 2543 3501 2610 ὅση
3553 2543 3587 2611 ἡ

2014 2640 2258 2706 εὐταξία,
2302 2638 2396 2693 τοῦ
2450 2640 2684 2710 κήρυκος
2740 2636 2966 2707 βοῶντος
3012 2633 3243 2704 ήσυχίαν
3288 2629 3423 2686 εἶναι
3473 2632 3587 2702 μετ’

2012 2732 2343 2801 εύκοσμίας;
2378 2730 2500 2793 Πῶς
2524 2725 2615 2783 οὖν
2645 2729 2742 2781 οὐκ
2770 2728 2987 2788 ἄτοπον,
3012 2725 3140 2778 ἑνθα
3170 2727 3269 2795 μὲν
3291 2727 3318 2778 6
3346 2722 3588 2787 διάϐολος

2013 2824 2300 2892 πομπεύει,
2336 2820 2603 2891 τοσαύτην
2648 2813 2785 2873 εἶναι
2840 2819 2938 2888 τὴν
2987 2815 3237 2888 ἡσυχίαν,
3282 2815 3411 2868 ἔνθα
3453 2814 3509 2867 δὲ
3558 2816 3587 2868 6

2011 2916 2244 2987 Χριστὸς
2272 2915 2410 2985 ’πρὸς
2439 2913 2627 2967 ἑαυτὸν
2648 2911 2822 2976 καλεῖ,
2854 2911 3021 2964 πολὺν
3046 2905 3182 2963 εῖναι
3207 2908 3298 2963 τὸν
3328 2906 3584 2977 θόρυϐον;

2024 3011 2113 3062 Ἐν
2161 3009 2335 3078 ἀγορᾷ
2385 3006 2606 3077 ἡσυχία,
2656 3006 2747 3058 καὶ
2794 3006 2852 3057 ἑν
2902 3001 3166 3072 ἐκκλησίᾳ
3224 3001 3474 3072 κραυγής
3530 3000 3589 3052 ἐν

2015 3103 2239 3169 πελάγει
2280 3100 2512 3169 γαλήνη,
2547 3097 2640 3150 καὶ
2672 3098 2730 3149 ἐν
2762 3093 2942 3164 λιμένι
2978 3092 3228 3161 κύματας
3265 3089 3331 3143 Τί
3365 3088 3587 3160 θορυόᾕν

2012 3192 2135 3246 εἶπέ
2161 3209 2269 3261 μοι,
2299 3190 2583 3259 ἀνθρωπες
2606 3186 2660 3239 τί
2680 3185 2738 3239 δὲ
2763 3182 2987 3253 ἐπείγῃ;
3015 3179 3355 3252 πραγμάτων
3377 3178 3586 3245 ἀνάγκη

2014 3301 2075 3337 σε
2129 3282 2283 3335 καλεῖ
2328 3280 2577 3342 πάντως;
2612 3276 2749 3338 ὅλως
2797 3275 2906 3343 γὰρ
2954 3269 3101 3335 οἶδας
3150 3272 3231 3324 ὅτι
3288 3270 3587 3339 πράγματα

2014 3373 2155 3443 ἔχεις
2195 3368 2337 3424 κατὰ
2374 3367 2471 3439 τὴν
2502 3366 2651 3438 ῶραν
2690 3366 2934 3433 ἐκείνηνς
2979 3363 3250 3433 μέμνησαι
3288 3359 3396 3428 γὰρ
3426 3358 3585 3420 ὅλως.

2012 3466 2095 3518 δτι
2138 3463 2230 3517 ἐπὶ
2265 3462 2365 3531 τῆς
2397 3458 2502 3529 γῆς
2531 3453 2611 3523 εἷς
2646 3456 2884 3528 νομίζεις
2920 3454 2977 3509 δέ
3016 3452 3154 3524 μετά
3184 3449 3484 3521 ἀνθρώπιον
3512 3444 3587 3501 εῖ-

2012 3571 2099 3606 ναι
2119 3569 2133 3615 ;
2156 3551 2266 3603 Καὶ
2287 3549 2405 3611 πῶς
2422 3547 2541 3616 οὐχὶ⁸
2560 3544 2766 3612 λιθίνης
2784 3541 2958 3596 ταῦτα
2984 3538 3237 3602 διανοίας,
3264 3536 3323 3591 τὸ
3348 3533 3590 3606 νομίζειν

2012 3642 2154 3695 κατά
2176 3640 2265 3693 τὸν
2284 3637 2474 3708 καιρὸν
2506 3637 2709 3688 ἐκεῖνον
2735 3633 2827 3685 ἐπὶ
2850 3632 2954 3701 γῆς
2978 3628 3219 3692 ἑστάναι,
3245 3626 3359 3680 ἀλλ’
3384 3625 3444 3677 οὐ
3471 3624 3587 3695 μετ’

2012 3732 2257 3801 ἀγγέλων
2288 3728 2555 3800 χορεύειν,
2593 3725 2708 3796 μεθ’
2742 3716 2817 3778 ὧν
2842 3723 2903 3776 τὸ
2942 3719 3201 3793 μυστικὸν
3228 3718 3403 3771 ἐκεῖνο
3428 3716 3587 3786 μέλος

2013 3824 2353 3895 ἀνέπεμψας,
2386 3820 2502 3891 μεθ’
2526 3813 2600 3873 ὧν
2627 3818 2727 3887 τὴν
2755 3816 3019 3871 ἐπινίκιον
3043 3812 3259 3883 ἐκείνην
3283 3811 3583 3880 ἀνήνεγκας

2013 3914 2154 3985 ᾠδὴν
2186 3912 2265 3983 τῷ
2294 3909 2446 3981 Θεῷ;
2480 3908 2578 3962 Διά
2601 3906 2758 3961 τοῦτο
2786 3905 2879 3960 καὶ⁵
2911 3902 3101 3966 ἀετοὺς
3128 3902 3275 3972 ἡμᾶς
3299 3901 3329 3953 6
3356 3899 3588 3971 Χριστὸς

2015 4006 2272 4060 ἐκάλεσεν
2310 4002 2500 4065 εἰπὼν,
2542 4001 2726 4053 Ὅπου
2763 3998 2829 4052 τὸ
2867 3995 3093 4065 πτῶμα,
3126 3993 3255 4049 ἐκεῖ
3288 3992 3592 4061 συναχθή-

2014 4113 2224 4152 σονται
2255 4094 2349 4149 καὶ
2379 4097 2432 4147 οί
2460 4092 2642 4153 ἀετοὶ,
2674 4093 2762 4143 ἵνα
2788 4086 3260 4160 οὐρανοϐατῶμεν,
3294 4086 3379 4137 ἵνα
3409 4084 3591 4154 ὑψηλά

2015 4184 2305 4255 πετώμεθα
2335 4187 2446 4245 τοῖς
2474 4183 2692 4253 πτεροῖς
2713 4180 2807 4233 τοῦ
2836 4178 3143 4248 πνεύματος
3169 4174 3547 4246 κουφιζόμενοι
3569 4191 3587 4207 ο

2015 4280 2175 4350 ἡμεῖς
2206 4276 2264 4330 δὲ
2303 4274 2445 4329 κατά
2478 4274 2601 4336 τοὺς
2636 4272 2787 4340 δφεις
2818 4269 2988 4340 χαμαὶ⁸
3025 4267 3320 4339 συρόμεθα,
3360 4267 3455 4320 καὶ
3485 4266 3591 4336 γῆν

2015 4371 2287 4441 ἐσθίομεν.
2331 4366 2593 4421 Βούλεσθε
2650 4363 2789 4417 εῐπω
2844 4360 3008 4415 πόθεν
3058 4362 3086 4413 6
3140 4360 3367 4431 θόρυϐος
3418 4359 3511 4412 καί
3555 4361 3589 4427 ή

2015 4459 2229 4530 κραυγὴ
2263 4457 2513 4525 γίνεται;
2556 4455 2675 4506 Ὅτι
2712 4452 2772 4505 οὐ
2806 4449 3094 4512 διαπαντὸς
3133 4448 3262 4518 ὑμῖν
3289 4448 3389 4510 τάς
3422 4445 3593 4516 θύρας

2014 4550 2406 4619 ἀποκλείομεν,
2449 4546 2583 4600 ἀλλά
2628 4540 3015 4613 συγχωροῦμεν
3063 4539 3170 4611 πρὸ
3211 4540 3310 4611 τῆς
3359 4538 3593 4609 ἐσχάτης

2016 4642 2366 4715 εὐχαριστίας
2393 4637 2678 4707 άποπηδᾷν
2709 4634 2804 4687 καὶ
2836 4633 3136 4704 ἀναχωρεῖν
3180 4629 3364 4684 οῖκαδε
3387 4645 3403 4661 ·
3440 4629 3469 4680 6
3502 4631 3592 4683 καὶ

2017 4734 2152 4789 αὐτὸ
2192 4732 2396 4801 πολλῆς
2435 4730 2502 4784 ἂν
2539 4729 2625 4798 εἴη
2652 4725 3125 4795 καταφρονήσεως.
3160 4722 3225 4775 Τί
3265 4722 3455 4783 ποιεῖς,
3496 4720 3592 4773 ἄν·

2020 4829 2238 4899 θρωπε;
2280 4822 2387 4878 Τοῦ
2429 4820 2663 4891 Χριστοῦ
2702 4816 2987 4887 παρόντος,
3022 4814 3129 4899 τῶν
3161 4809 3405 4879 ἀγγέλων
3448 4826 3592 4899 παρ-

2019 4894 2286 4994 εστώτων,
2314 4913 2411 4980 τῆς
2434 4907 2663 4977 φρικτῆς
2678 4902 2880 4972 ταύτης
2901 4897 3179 4994 τραπέζης
3203 4894 3590 4994 προκειμένης,

2018 5009 2125 5060 τῶν
2154 4986 2392 5071 ἀδελφῶν
2417 5015 2508 5051 σου
2540 4989 3077 5066 μυσταγωγουμένων
3107 4988 3209 5051 ἔτι,
3231 4986 3392 5050 αὐτὸς
3424 5002 3594 5039 κατα-

2019 5096 2189 5150 λιπὼν
2226 5090 2542 5159 άποπηδᾷςς
2576 5086 2687 5141 Καὶ
2720 5083 2810 5137 ἐπὶ
2841 5082 3055 5135 δεῖπνον
3087 5079 3185 5150 μὲν
3222 5076 3459 5146 κληθεὶς,
3492 5074 3594 5128 κᾶν

2023 5188 2282 5259 πρότερον
2315 5180 2602 5254 κορεσθῇς,
2632 5178 2693 5231 οὐ
2727 5175 2928 5245 τολμᾷς
2961 5172 3067 5225 τῶν
3081 5170 3272 5227 ἄλλων
3303 5166 3595 5235 ἀνακειμέ-

2021 5298 2125 5334 νων
2164 5277 2514 5347 ἀναχωρῆσαι
2553 5273 2658 5343 πρὸ
2695 5270 2802 5323 τῶν
2836 5268 3003 5337 φίλων
3033 5263 3225 5324 αὐτός·
3267 5259 3498 5313 ἐνταῦθα
3538 5260 3595 5313 δὲ

2022 5371 2127 5425 τῶν
2147 5367 2390 5440 φρικτῶν
2417 5365 2510 5418 τοῦ
2538 5360 2773 5433 Χριστοῦ
2803 5355 3115 5429 μυστηρίων
3141 5351 3592 5423 ἐπιτελουμένων,

2022 5464 2118 5534 τῆς
2153 5462 2306 5532 ἱερᾶς
2326 5456 2549 5525 τελετῆς
2578 5450 2915 5517 συνεστώσης
2946 5445 3048 5508 ἔτι,
3080 5442 3506 5513 καταλιμπάνεις
3537 5442 3597 5493 ἐν

2028 5530 2176 5630 μέσῳ
2200 5530 2377 5607 πάντα
2407 5550 2500 5605 καὶ
2526 5544 2858 5615 ἀναχωρεῖςς
2889 5540 2999 5594 Καὶ
3032 5536 3131 5591 ποῦ
3155 5536 3330 5589 ταῦτα
3358 5530 3599 5630 συγγνώ-

2028 5623 2324 5721 μης-ἀξίω
2357 5642 2513 5702 ποίας
2546 5639 2602 5691 δὲ
2640 5633 2968 5702 ἀπολογίας;
3000 5626 3261 5682 Βούλεσθε
3295 5626 3431 5678 εἴπω
3455 5623 3599 5685 τίνος

2027 5714 2184 5808 ἔργον
2225 5730 2465 5787 ποιοῦσιν
2508 5729 2557 5780 οί
2609 5724 2713 5797 πρὸ
2754 5723 2854 5793 τῆς
2902 5716 3343 5808 συμπληρώσεως
3386 5714 3598 5808 άᾼναχωο

2036 5802 2270 5898 ροῦντες,
2309 5824 2402 5878 καὶ⁵
2444 5822 2543 5883 τάς
2594 5813 3042 5891 εὐχαριστηρίους
3087 5808 3232 5880 ᾠδάς
3272 5806 3372 5859 οὐκ
3412 5802 3601 5872 ἐπιφέ-
