4432 6692
842 411 949 466 371

841 544 1028 599 ροντες
1070 525 1150 599 τῷ
1195 524 1339 579 τέλει
1374 523 1472 593 τῆς
1504 520 1808 593 τραπέζης
1842 520 1994 590 Τάχα
2028 517 2281 590 φορτικόν
2311 518 2425 570 ἐστι

841 611 904 664 τὸ
927 609 1118 682 μέλλον
1148 606 1499 681 ῥηθήσεσθαι,
1530 605 1644 660 ἀλλ’
1666 607 1815 676 ὅμως
1847 605 2144 672 ἀναγκαῖον
2174 600 2428 671 λεχθῆναι

843 693 933 747 διά
969 693 1068 762 τὴν
1103 691 1215 745 τῶν
1252 690 1465 745 πολλῶν
1511 690 1804 762 ῥᾳθυμίαν.
1843 687 1974 739 Ὅτε
2009 685 2330 755 ἐκοινώνησε
2367 683 2430 736 τὸ

846 777 1075 849 ἔσχατον
1118 775 1332 828 δεῖπνον
1354 787 1380 815 ι
1420 777 1449 830 ὁ
1489 774 1691 836 Ἰούδας
1717 772 1777 826 τὸ
1805 771 1950 825 κατά
1979 772 2078 843 τὴν
2115 767 2430 823 τελευταίαν

846 862 1015 914 νύκτα
1034 859 1268 931 ἐκείνην,
1282 859 1390 912 τῶν
1412 858 1586 913 ἀλλων
1601 856 1854 912 ἁπάντων
1873 854 2024 927 [375]
2038 852 2428 922 ἀνακειμένων,

847 945 1008 1004 αὐτὸς
1043 943 1401 1016 προπηδήσας
1429 942 1612 1012 ἐξέϐη.
1647 941 1886 994 Ἐκεῖνον
1924 940 2100 992 τοίνυν
2140 936 2432 1007 μιμοῦνται

847 1026 942 1080 καὶ
973 1020 1138 1088 οῦτοι,
1163 1027 1212 1080 οί
1244 1027 1348 1098 πρὸ
1375 1026 1474 1096 τῆς
1502 1023 1738 1094 ἐσχάτης
1789 1021 2175 1092 ἀποπηδῶντες
2210 1020 2432 1091 εὐχαρι-

848 1109 1025 1172 στίας.
1076 1110 1314 1172 Ἐκεῖνος
1350 1108 1458 1178 γὰρ
1489 1109 1537 1160 εί
1583 1106 1658 1178 μὴ
1697 1104 1938 1176 ἐξῆλθεν,
1979 1105 2079 1156 οὐκ
2115 1101 2182 1156 ἂν
2221 1103 2435 1171 ἐγένετο

847 1192 1114 1264 προδότης
1134 1209 1148 1224 ·
1181 1194 1230 1245 εί
1271 1191 1345 1263 μὴ
1379 1190 1639 1244 κατέλιπε
1669 1191 1794 1252 τοὺς
1825 1186 2209 1258 συμμαθητάς,
2235 1188 2335 1240 ούκ
2369 1187 2434 1241 ἂν

847 1275 1140 1330 ἀπώλετο*
1173 1276 1222 1328 εί
1277 1275 1352 1346 μὴ
1402 1275 1502 1344 τῆς
1548 1274 1748 1342 ἀγέλης
1801 1270 1994 1324 ἑαυτὸν
2049 1269 2359 1342 ἀπέρρηξεν
2379 1267 2432 1333 ιι,

848 1359 947 1412 ούκ
973 1357 1040 1412 ἂν
1057 1357 1218 1412 αὐτὸν
1245 1351 1404 1429 εὗρεν
1433 1359 1461 1410 ὁ
1488 1356 1648 1418 λύκος
1682 1355 1860 1424 μόνον,
1888 1355 1980 1406 καὶ
2019 1354 2327 1422 κατέφαγεν
2348 1369 2361 1381 ·
2387 1352 2433 1403 εί

855 1440 928 1511 μὴ
957 1437 1052 1492 τοῦ
1085 1439 1340 1510 ποιμένος
1364 1439 1552 1492 ἑαυτὸν
1578 1437 1860 1508 ἐχώρισεν,
1890 1437 1992 1490 ούκ
2015 1435 2080 1490 ἂν
2105 1435 2170 1506 θη
2181 1435 2436 1506 ριάλωτος

850 1523 1065 1593 γέγονε.
1109 1523 1208 1577 Διά
1253 1524 1317 1594 δὴ
1359 1522 1516 1575 τοῦτο
1562 1523 1768 1584 ἐκεῖνος
1820 1521 1918 1590 μὲν
1962 1519 2102 1591 μετά
2144 1519 2432 1578 Ἰουδαίων,

850 1600 994 1660 οὗτοι
1037 1607 1094 1659 δὲ
1144 1605 1280 1676 μετά
1330 1604 1424 1658 τοῦ
1470 1604 1746 1658 Δεσπὸτου
1800 1605 2139 1674 ὑμνήσαντες
2192 1601 2431 1673 ἐξῆλθον.

863 1689 1026 1760 Ὁρᾷς
1050 1689 1132 1742 ὅτι
1164 1691 1193 1760 ἡ
1230 1689 1432 1759 ἐσχάτη
1468 1688 1606 1758 μετὰ
1631 1687 1728 1759 τὴν
1759 1688 1948 1740 θυσίαν
1976 1687 2108 1756 εὐχὴ
2141 1685 2260 1739 κατ’
2295 1685 2436 1737 έκεῖ-

850 1790 941 1826 νον
961 1772 1165 1841 γίνεται
1194 1772 1287 1826 τὸν
1313 1771 1483 1826 τύπον
1505 1790 1521 1838 ;
1553 1773 1661 1826 Kal.
1687 1770 1800 1833 νῦν,
1833 1769 2130 1840 ἀγαπητοὶ.
2156 1769 2326 1821 ταῦτα
2350 1769 2437 1819 ὲν-

851 1856 1082 1927 νοῶμεν,
1119 1856 1295 1911 ταῦτα
1325 1853 1693 1924 λογιζώμεθα.
1735 1852 2058 1922 φοϐούμενοι
2095 1851 2155 1904 τὸ
2190 1850 2441 1920 κείμενον

853 1937 950 1991 ἐπὶ
977 1938 1152 2009 τούτῳ
1182 1941 1378 2010 κρῖμα.
1410 1937 1581 2000 Αύτός
1613 1953 1695 1989 σοι
1719 1935 1819 2005 τῆς
1856 1935 2058 2006 σαρκὸς
2086 1932 2437 2005 μεταδίδωσι·

1545 406 1602 461 S.
1640 401 1922 461 JOANNIS
1960 397 2451 456 CIIRYSOSTOMI
2498 395 2815 455 ARCIIIEP.
2859 392 3411 451 CONSTANTINOP.

3999 397 4108 454 ὅτε

2531 515 2595 570 σὺ
2645 514 2700 568 δὲ
2760 511 2880 566 οὐδὲ
2917 514 3095 583 λόγοις
3135 514 3296 568 αὑτὸν
3340 509 3563 582 ἀμείϐῃ,
3608 509 3728 562 οὐδὲ
3769 511 4109 582 εὐχαριστεῖς

2529 599 2667 671 ὑπὲρ
2698 591 2774 652 ὧν
2810 596 3020 664 ἔλαϐες,
3057 598 3192 652 ἀλλὰ
3234 593 3552 668 σωματικῆς
3596 592 3695 662 μὲν
3729 595 3935 662 τροφῆς
3972 597 4110 649 ἀπο-

2529 683 2706 737 λαύων
2733 679 2870 750 μετά
2897 681 2997 752 τὴν
3024 683 3300 754 τράπεζαν
3327 679 3417 733 ἐπὶ
3442 677 3607 748 εὐχὴν
3633 676 3833 746 τρέπῃ,
3862 693 4110 748 πνευμα-

2529 769 2687 838 τικῆς
2717 767 2773 819 δὲ
2809 766 2903 819 καὶ
2935 766 3380 838 ὑπερϐαλλούσης
3409 762 3509 834 τὴν
3545 760 3722 814 κτίσιν
3762 760 3982 814 ἃπασαν
4010 762 4113 830 τὴν

2530 851 2730 922 ὁρατὴν
2763 851 2856 902 καὶ⁸
2891 850 2991 919 τὴν
3029 851 3262 923 ἀόρατον
3297 847 3561 920 μετέχων,
3596 844 3881 916 ἄνθρωπος
3911 841 3988 894 ὢν
4018 847 4114 896 καί

2531 935 2630 1004 τῆς
2661 933 2909 996 εὐτελοῦς
2943 935 3178 1002 φύσεως,
3206 933 3267 986 ού
3305 931 3487 1002 μένεις
3515 926 3851 998 εὐχαριστῶν
3883 927 3979 979 καί
4015 928 4110 996 pi;-

2537 1036 2667 1090 μασι
2708 1018 2802 1071 καὶ
2845 1017 3164 1088 πράγμασι;
3209 1015 3318 1069 Καὶ
3363 1013 3480 1075 πῶς
3523 1012 3622 1063 οὐκ
3665 1010 3899 1080 ἐσχάτης
3941 1009 4116 1062 ταῦτα

2534 1101 2809 1163 κολάσεως
2829 1099 2984 1166 dita;
3010 1099 3193 1154 Ταῦτα
3221 1099 3384 1164 λέγω,
3403 1095 3502 1163 οὐχ
3530 1093 3616 1146 ἴνα
3642 1092 3896 1162 ἐπαινῆτε
3929 1093 4112 1161 μόνον,

2532 1185 2643 1238 οὐδ’
2671 1185 2755 1238 ἵνα
2790 1184 3056 1256 θορυϐἧτε
3088 1185 3180 1237 καὶ
3204 1179 3464 1251 κράζητε,
3498 1177 3611 1232 ἀλλ’
3635 1179 3720 1231 ἵνα
3755 1178 3846 1230 ἐπὶ
3872 1176 3964 1228 τοῦ
3991 1193 4117 1228 και-

2536 1267 2628 1340 ροῦ
2681 1269 2884 1322 τούτων
2931 1265 3263 1338 μεμνημένοι
3307 1263 3414 1315 τῶν
3491 1263 3773 1333 ῥημάτων,
3809 1261 3904 1332 τὴν
3945 1277 4118 1331 προσο

2534 1354 2773 1422 ήκουσαν
2791 1350 3036 1415 εὐταξίαν
3056 1345 3407 1416 ὲπιδείξησθε.
3439 1348 3727 1417 Μυστήρια
3752 1346 3848 1398 καὶ
3875 1344 4114 1412 λέγεται,

2535 1437 2628 1489 καὶ
2682 1436 2869 1488 ἔστιν·
2917 1434 3040 1488 ἔνθα
3087 1433 3143 1485 δὲ
3197 1434 3487 1500 μυστήρια,
3543 1429 3709 1500 πολλὴ
3759 1429 3907 1497 σιγή.
3962 1428 4118 1481 Μετὰ

2537 1519 2738 1590 πολλῆς
2767 1519 2942 1572 τοίνυν
2973 1516 3072 1587 τῆς
3103 1514 3283 1584 σιγῆς,
3317 1513 3454 1583 μετὰ
3489 1511 3686 1580 πολλῆς
3709 1512 3806 1582 τῆς
3839 1510 4115 1576 εὐταξίας,

2541 1603 2680 1671 μετὰ
2713 1603 2811 1671 τῆς
2849 1598 3228 1671 προσηκούσης
3263 1595 3564 1656 εύλαὸείας,
3597 1594 3696 1663 τῆς
3738 1594 3887 1663 ἱερᾶς
3915 1593 4120 1662 ταύτης

2537 1685 2840 1754 ἁπτώμεθα
2879 1684 3086 1747 θυσίας,
3125 1683 3211 1736 ἴνα
3247 1683 3327 1743 είς
3364 1679 3583 1732 πλείονα
3625 1675 3723 1747 τὴν
3767 1677 3978 1728 εῦνοιαν
4029 1676 4122 1728 τὸν

2537 1769 2668 1821 Θεὸν
2711 1765 3178 1836 ὲπισπασώμεθα,
3218 1765 3313 1818 καὶ
3350 1764 3447 1834 τὴν
3481 1760 3656 1831 ψυχὴν
3693 1759 4115 1830 ὲκκαθάρωμεν,

2539 1852 2633 1906 καὶ
2678 1852 2785 1904 τῶν
2836 1851 3068 1904 αίωνίων
3114 1848 3457 1916 ὲπιτύχωμεν
3495 1841 3753 1911 ἀγαθῶν·
3790 1836 3864 1894 ὧν
3911 1843 4123 1908 γένοιτο

2540 1937 2747 1998 πάντας
2775 1935 2919 2004 ἡμᾶς
2945 1933 3214 2000 ἐπιτυχεῖν
3237 1971 3250 1992 ,
3283 1929 3465 1999 χάριτι
3493 1927 3586 1980 καὶ
3621 1924 3997 1994 φιλανθρωπία
4025 1921 4120 1976 τοῦ

2541 2018 2745 2089 Κυρίου
2797 2002 2960 2087 -ἧμῶν
3013 2011 3186 2084 Ἰησοῦ
3234 2010 3492 2081 Χριστοῦ,
3534 2009 3653 2082 μεθ’
3699 2002 3761 2062 οῦ
3811 2008 3892 2078 τῷ
3947 2007 4122 2077 Πατρὶ

917 2088 944 2148 _'
973 2087 1108 2137 Unus
1129 2087 1237 2138 cod.
1252 2087 1536 2144 ἐκοινώνησε
1558 2087 1654 2134 τῶν
1674 2085 1890 2148 ἐσχάτων
1914 2087 2134 2136 δείπνων.
2163 2086 2320 2135 Paulo
2332 2094 2442 2148 post

855 2145 1009 2211 τοίνυν
1028 2156 1138 2211 post
1157 2149 1332 2211 ἐκεῖνον
1353 2148 1498 2211 deest
1517 2150 1565 2196 in
1591 2145 1781 2211 duobus
1801 2161 1914 2211 mss.

928 2210 958 2250 δ
984 2206 1065 2260 Sic
1087 2211 1259 2260 Morel.
1281 2209 1433 2272 SaVil.
1455 2206 1507 2257 in
1531 2216 1670 2272 textu
1703 2210 1956 2272 ἀπέῤῥηξεν
1979 2208 2159 2266 ἐκείνης
2179 2214 2263 2266 τῆς
2286 2211 2430 2272 ἱερᾶς.

865 2273 973 2322 ιιιιο
995 2280 1160 2324 autem
1180 2283 1294 2321 mss.
1321 2274 1373 2319 et
1391 2271 1540 2320 Savil.
1565 2268 1615 2319 in
1638 2268 2086 2332 margiazréppupev.

2543 2100 2657 2172 ἆμα
2684 2100 2763 2170 τῷ
2790 2100 2928 2169 ἁγίῳ
2959 2095 3232 2165 Πνεύματι
3263 2093 3461 2165 ήδὸξα,
3497 2094 3593 2148 καὶ
3625 2092 3684 2145 τὸ
3708 2091 3927 2163 κράτος.
3964 2091 4118 2172 καὶζή

2543 2167 2940 2255 προσκύνησις,
2978 2177 3073 2232 νῦν
3115 2179 3208 2232 καὶ⁸
3237 2179 3347 2242 ἀεὶ,
3383 2180 3476 2232 καὶ
3508 2180 3587 2241 εἰς
3621 2175 3748 2239 τοὺς
3787 2173 3988 2231 αίῶνας
4013 2167 4123 2220 τῶν

2542 2265 2768 2321 αἰώνων.
2821 2265 2876 2315 ’Δ
2886 2263 3013 2333 μήν.

896 2856 4098 2912 ἕξετε-Μ

1362 3158 1440 3218 1N
1491 3159 1696 3220 DUAS
1745 3157 2203 3233 SEQUENTES
2254 3158 2362 3219 DE
2414 3155 2910 3218 PRODITIONE
2958 3153 3180 3216 ΠΗ)λέ
3223 3151 3614 3214 HOMILIAS

939 3453 1186 3509 Homilia:
1214 3453 1335 3508 duae
1359 3451 1436 3506 De
1456 3454 1750 3521 proaitione
1777 3452 1938 3509 Juda’
1973 3465 2028 3509 et
2065 3453 2142 3507 De
2171 3452 2394 3522 mystica
2429 3465 2596 3514 cana,
2637 3465 2746 3504 non
2777 3448 2954 3505 solum
2985 3456 3326 3521 argumento,
3351 3445 3444 3503 sed
3475 3447 3638 3503 etiam
3671 3443 3814 3502 serie
3861 3443 4102 3514 ipsisque

870 3570 1052 3626 verbis
1078 3570 1151 3626 ita
1179 3569 1387 3627 similes
1419 3580 1568 3639 sunt,
1608 3580 1669 3626 ut
1703 3587 1875 3628 unum
1909 3572 2271 3642 eumdemque
2291 3586 2412 3628 esse
2449 3570 2822 3642 Clirysostomi
2851 3569 3024 3626 fetum
3073 3568 3328 3626 secundis
3365 3568 3514 3624 curis
3552 3564 3890 3635 recognitum
3941 3575 4105 3617 nemo

867 3685 961 3756 qui
994 3686 1182 3757 legerit
1209 3701 1319 3743 non
1345 3687 1526 3742 statim
1557 3687 1946 3759 deprehendat.
1978 3688 2246 3745 Nimirum
2279 3704 2403 3746 cum
2436 3689 2858 3760 Chrysostomus
2900 3705 3020 3744 eam
3068 3704 3191 3759 quae
3221 3689 3373 3759 prior
3408 3689 3647 3757 ponitur,
3693 3686 3851 3754 cujus
3891 3685 3996 3738 hoc
4020 3692 4106 3739 est

867 3795 1081 3851 initium
1120 3797 1305 3865 ὐλίγα
1323 3799 1535 3869 ἀνάγκη
1561 3802 1821 3873 σήμερον,
1851 3801 2056 3872 aliquot
2085 3811 2210 3858 ante
2268 3817 2444 3858 annos
2478 3803 2617 3858 habu

2349 3817 2444 3858 nos
2478 3803 2780 3866 habuisset,
2832 3804 3214 3874 posteriorem,
3276 3817 3399 3872 qua
3451 3799 3532 3854 sic
3586 3797 3708 3860 iuit,
3750 3796 4099 3868 Ἐϐουλόμην,

866 3903 1162 3975 ἀγαπητοὶ,
1202 3905 1302 3976 τῆς
1356 3907 1498 3961 κατὰ
1535 3907 1625 3962 τὸν
1655 3910 2020 3981 πατριάρχην,
2044 3912 2290 3967 eamdem
2315 3928 2479 3983 quam
2510 3917 2616 3983 prit

2355 3928 2479 3967 uam
2510 3917 2771 3983 priorem,
2810 3916 2906 3970 sed
2936 3921 3283 3970 retractatam
3310 3922 3364 3968 et
3391 3911 3598 3982 aliquot
3623 3910 3678 3964 in
3708 3909 3841 3964 locis
3861 3919 4101 3976 auctam,

867 4022 1056 4078 eadem
1091 4023 1208 4092 ipsa
1245 4022 1671 4095 Quadragesima
1710 4028 1932 4096 habuit,
1965 4046 2073 4101 qua
2099 4031 2356 4089 homilias
2383 4033 2594 4103 priores
2621 4034 2690 4089 32
2721 4034 2774 4088 in
2807 4034 3082 4099 Genesim,
3116 4049 3352 4104 quarum
3395 4039 3690 4102 postrema:
3722 4032 4096 4087 Abrahamum

865 4137 1224 4208 spectabant:
1255 4154 1379 4192 nam
1417 4140 1555 4196 solet
1583 4141 1674 4197 ille
1700 4142 2072 4200 Abrahamum
2106 4159 2205 4216 per
2244 4147 2637 4219 ἀντονομασίαν
2695 4150 3060 4219 patriarcham
3127 4148 3453 4218 simpliciter
3510 4148 3800 4219 appellare.
3852 4147 3910 4203 id
3970 4163 4103 4202 vero

866 4262 1055 4322 aperte
1093 4252 1336 4306 declarat
1366 4253 1454 4307 ille
1483 4253 1676 4312 initio:
1715 4255 1983 4328 Volebam,
2013 4261 2209 4327 dilecti,
2240 4263 2306 4318 de
2332 4265 2641 4334 patriarcha
2672 4280 2854 4318 rursus
2880 4279 3170 4318 sermonem
3201 4262 3407 4326 habere,
3435 4272 3484 4316 et
3512 4262 3633 4316 inde
3658 4261 3798 4316 vobis
3824 4261 4102 4332 spiritualc

866 4365 1155 4418 convivium
1195 4382 1484 4435 apponere:
1511 4369 1600 4424 sed
1628 4370 1865 4441 ingratus
1897 4375 2180 4443 proditoris
2209 4379 2418 4433 animus
2451 4379 2521 4433 ad
2557 4379 2706 4432 illius
2734 4378 3166 4447 pertractandum
3196 4377 3401 4444 facinus
3431 4376 3664 4446 linguam
3703 4386 3940 4430 nostram
3977 4391 4101 4442 per-

869 4477 1055 4532 trahit.
1083 4473 1440 4532 Homiliarum
1466 4477 1519 4530 in
1549 4475 1790 4532 Genesim
1831 4495 2048 4537 cursum
2081 4485 2384 4556 intercepit,
2417 4496 2477 4540 ut
2502 4500 2611 4541 non
2649 4485 2811 4540 modo
2843 4485 2910 4539 de
2940 4487 3248 4554 proditione
3273 4489 3427 4547 Judae
3448 4492 3608 4549 Feria
3634 4494 3825 4564 quinta
3849 4495 3900 4548 iu
3929 4494 4098 4548 Cinna

867 4593 1110 4662 Domini,
1146 4593 1244 4649 sed
1275 4593 1462 4658 etiam,
1493 4602 1552 4648 ut
1593 4593 1660 4648 de
1696 4593 1818 4649 aliis
1847 4605 2240 4667 consequenter
2283 4607 2338 4652 et
2381 4610 2484 4667 pro
2515 4596 2727 4652 ratione
2769 4599 3032 4667 temporis
3069 4599 3291 4666 diceret,
3339 4613 3399 4660 ut
3445 4605 3692 4675 pluribus
3727 4604 3966 4659 declarat
4009 4607 4100 4661 ille

868 4710 1024 4765 initio
1057 4709 1347 4764 tricesima
1387 4708 1559 4764 tertiae
1577 4709 1632 4763 in
1675 4707 1914 4765 Genesim
1956 4711 2233 4767 bomiliae:
2276 4713 2464 4768 Mensa
2514 4723 2713 4779 autem,
2761 4713 2957 4783 inquit,
2997 4715 3137 4770 vobis
3186 4726 3521 4788 proponenda
3557 4735 3671 4778 erat
3718 4725 3827 4778 suis
3867 4743 4099 4797 congrua

871 4825 1206 4893 temporibus.
1234 4825 1302 4879 Et
1328 4827 1526 4880 idcirco
1553 4828 1762 4897 quando
1787 4830 1923 4884 venit
1957 4831 2066 4883 dies
2093 4829 2419 4886 Traditionis
2449 4841 2497 4886 et
2523 4832 2821 4898 Passionis,
2865 4835 3117 4890 continua
3161 4837 3512 4896 docendorum
3551 4842 3683 4896 serie
3707 4840 3898 4909 rejecta
3920 4884 3936 4909 ,
3952 4861 4092 4913 prte-

864 4941 1116 5002 sentt'bus,
1142 4957 1258 5010 quw
1277 4944 1663 5011 urgebant,nos
1680 4942 2158 5004 accommodantes,
2187 4941 2418 5008 primum
2444 4942 2498 4996 in
2523 4943 2843 5012 proditorem
2867 4941 3102 5013 linguam
3136 4945 3467 5013 laxavimus;
3497 4948 3683 5002 deinde
3721 4951 3784 5002 de
3816 4966 3969 5006 cruce
3998 4954 4104 5006 ali-

865 5079 969 5132 qua
1001 5064 1057 5116 in
1087 5061 1318 5115 medium
1347 5062 1702 5131 protulimus:
1732 5073 1914 5132 postea
1957 5064 2288 5122 illucescente
2322 5067 2742 5122 Resurrectionis
2775 5067 2889 5131 die,
2939 5073 3287 5126 necessarium
3340 5079 3456 5124 erat
3494 5076 3551 5121 ut
3591 5067 3655 5122 de
3709 5067 4100 5123 Resurrectione

874 5176 1080 5232 Domini
1101 5179 1414 5234 charitatcm
1446 5188 1671 5234 vestram
1711 5181 2101 5237 institueremus
2128 5201 2145 5236 :
2179 5195 2227 5239 et
2278 5187 2610 5256 sequentibus
2663 5185 2864 5254 diebus,
2897 5203 2988 5257 per
3033 5207 3093 5244 ea
3128 5187 3393 5244 miracula
3425 5203 3542 5256 qua:
3599 5198 3722 5242 tunc
3775 5191 3918 5259 facta
3955 5199 4100 5250 sunt,

870 5293 1286 5351 Resurrectionis
1313 5299 1702 5352 demonstratio
1729 5300 1919 5354 iterum
1956 5300 2223 5370 a/I'erenda
2256 5313 2391 5359 erat.
2425 5302 2651 5369 Quando
2676 5305 2832 5357 etiam
2869 5309 3003 5360 Acta
3037 5305 3396 5376 apostolorum
3431 5305 3765 5374 accipientes,
3805 5306 3927 5358 inde
3958 5301 4100 5354 robis

870 5408 1164 5478 frequentia
1181 5412 1411 5465 convivia
1429 5413 1871 5482 apposuimus,ac
1899 5411 2093 5466 multas
2122 5413 2824 5484 crebrasqueadmonitiones
2853 5419 2920 5472 iis
2944 5419 3209 5482 dedimus,
3240 5417 3331 5485 qui
3362 5419 3835 5490 nuper(baptisnti)
3862 5415 4094 5487 gratiam

871 5536 1198 5597 acceperunt.

940 5679 1037 5736 llic
1071 5696 1322 5753 magnam
1352 5681 1505 5739 vides
1533 5683 1878 5742 bomiliarum
1905 5688 2096 5744 eodem
2125 5703 2268 5744 anno
2301 5689 2605 5746 habitorum
2654 5692 2874 5756 seriem,
2919 5689 2973 5742 in
3010 5703 3240 5758 quarum
3287 5699 3464 5746 tamen
3512 5689 3657 5744 nulla
3697 5685 3781 5739 vel
3811 5682 4097 5736 minimum

868 5793 1143 5864 quidpiam
1178 5796 1447 5864 habetur,
1481 5796 1626 5853 unde
1666 5795 1792 5865 quis
1827 5809 2006 5850 annus
2057 5797 2147 5852 ille
2190 5797 2353 5852 fuerit
2406 5799 2677 5868 expiscari
2723 5798 3018 5867 possimus.
3057 5795 3317 5853 llomilias
3351 5799 3404 5853 in
3441 5796 3680 5853 Genesim
3717 5789 4094 5843 Tillcmontius

868 5909 926 5963 in
954 5922 1158 5965 annum
1193 5911 1303 5969 395
1344 5912 1698 5983 probabiliter
1727 5910 1978 5969 conferre
2015 5913 2229 5983 satagit.
2263 5913 2366 5978 Qui
2407 5914 2650 5969 calculus
2687 5910 2731 5967 si
2773 5918 2960 5976 staret,
2989 5910 3043 5965 in
3088 5923 3338 5969 eumdem
3381 5924 3584 5967 annum
3628 5903 3904 5960 homiliam
3961 5903 4097 5955 hanc
