4406 6686
330 421 427 475 37!

333 541 623 607 gratiarum
650 548 877 605 actionis
910 550 1134 620 hymnos
1156 550 1419 608 olferunt?
1451 555 1649 613 Durum
1683 559 1910 613 fortasse

333 631 600 690 videbitur
621 639 761 707 quod
783 655 899 694 sum
930 641 1190 706 dicturus,
1219 644 1312 699 sed
1347 663 1568 705 necesse
1611 659 1694 704 est
1734 658 1910 704 tamen

332 733 390 778 ut
420 728 488 781 ob
514 732 890 804 plerorumque
919 733 1290 802 negligentiam
1317 741 1544 797 dicatur.
1572 743 1798 810 Quando
1823 745 1911 798 ul-

333 817 475 872 tim-.e
499 835 668 877 creua:
693 823 1102 879 communicavit
1127 826 1289 885 Judas
1321 843 1475 887 nocte
1499 833 1583 887 illa
1616 843 1904 902 postrema,

328 915 542 968 creteris
571 916 820 970 omnibus
847 919 1282 978 recumbentibus
1303 967 1317 991 ,
1348 925 1461 994 ipse
1506 940 1566 979 se
1614 927 1910 996 proripiens

327 1008 579 1060 excessit.
614 1009 765 1062 Illum
802 1008 1076 1065 imitantur
1117 1023 1169 1069 et
1215 1017 1301 1070 isti
1353 1017 1442 1085 qui
1498 1025 1622 1070 ante
1669 1019 1906 1074 ultimam

332 1099 624 1164 gratiarum
655 1100 917 1154 actionem
937 1103 1236 1160 discedunt.
1256 1107 1365 1160 Nisi
1385 1106 1524 1159 enim
1555 1108 1772 1163 exiisset
1795 1109 1904 1171 ille,

336 1189 575 1254 proditor
601 1187 769 1242 factus
797 1205 900 1245 non
946 1203 1120 1260 esset;
1171 1197 1275 1250 nisi
1321 1195 1713 1266 condiscipulos
1753 1199 1910 1253 desc-

329 1279 553 1344 rnisset,
592 1296 696 1332 non
730 1283 1008 1350 periisset;
1039 1287 1140 1341 nisi
1170 1289 1404 1354 seipsum
1432 1295 1583 1340 extra
1615 1288 1754 1342 ovile
1782 1303 1908 1356 pro-

329 1367 582 1435 ripuisset
602 1369 616 1398 ¹
637 1409 653 1434 ,
687 1385 790 1424 non
823 1387 942 1427 eum
969 1374 1124 1445 lupus
1154 1377 1324 1430 solum
1357 1386 1624 1446 repertum
1651 1377 1907 1432 devoraso

327 1469 443 1523 set;
479 1459 578 1514 nisi
607 1461 840 1531 seipsum
860 1482 886 1517 a
909 1475 1121 1534 pastore
1142 1476 1498 1536 segregasset,
1524 1467 1712 1522 bellum
1728 1469 1906 1536 prteda

326 1549 500 1604 factus
523 1567 627 1606 non
657 1565 817 1609 esset.
850 1556 1051 1612 Idcirco
1078 1558 1329 1611 nimirum
1365 1558 1454 1612 ille
1505 1574 1624 1613 cum
1671 1558 1901 1622 Judazis,

327 1639 412 1692 isti
447 1657 573 1694 vero
589 1659 708 1697 cum
742 1646 967 1702 Domino
1013 1648 1212 1718 hymno
1240 1649 1385 1702 dicto
1434 1650 1698 1704 exierunt.
1746 1651 1904 1706 Vides

327 1743 385 1786 ut
411 1743 645 1790 extrema
684 1739 770 1792 illa
801 1749 921 1808 post
948 1740 1265 1794 sacrificium
1313 1742 1482 1795 oratio
1522 1742 1588 1796 ad
1639 1743 1765 1797 illud
1813 1743 1904 1798 fiat

323 1827 669 1895 exemplum?
706 1828 857 1883 Nunc
911 1830 1091 1898 igitur,
1142 1830 1508 1898 dilectissimi,
1569 1833 1682 1888 lure
1728 1844 1906 1888 mente

321 1933 619 1983 versemus,
645 1919 759 1973 haec
785 1919 926 1988 apud
955 1935 1053 1974 nos
1073 1922 1392 1991 cogitemus,
1434 1934 1485 1978 et
1509 1925 1629 1978 huic
1661 1925 1905 1993 proposi-

323 2020 428 2062 tam
462 2010 649 2063 sceleri
680 2011 1074 2066 damnationem
1122 2013 1552 2070 reformidcmus.
1597 2015 1715 2084 Ipse
1742 2029 1901 2068 suam

322 2103 415 2155 tibi
443 2117 658 2157 carnem
681 2104 922 2175 largitur,
953 2114 1008 2160 at
1038 2116 1089 2160 tu
1122 2124 1188 2162 ne
1206 2109 1380 2163 verbis
1409 2110 1624 2180 quidem
1667 2124 1787 2163 eum
1814 2123 1902 2161 re-

320 2195 639 2260 muneraris,
673 2211 845 2267 neque
867 2213 963 2268 pro
989 2198 1053 2253 iis
1073 2216 1189 2269 qum
1223 2202 1470 2269 accepisti
1501 2201 1700 2270 gratias
1753 2198 1902 2268 agis?

382 2309 399 2337 ι
437 2314 485 2356 tn
509 2308 649 2358 Savil.
674 2309 872 2373 legitur,
893 2315 1035 2361 extra
1056 2310 1177 2363 ovile
1199 2310 1321 2363 illud
1342 2326 1534 2364 sacrum
1549 2309 1878 2375 proripuisset.

1354 425 1438 481 DE
1476 426 1892 488 PRODITIONE
1936 431 2155 490 JUDA‘I.
2195 465 2264 476 —
2296 436 2628 499 MONITUM.

3489 451 3594 508 372

2015 565 2172 636 Atqui
2198 567 2324 621 dum
2347 567 2448 622 hoc
2469 582 2726 637 corporeo
2754 567 2987 624 vesceris
3012 567 3152 629 cibo,
3185 575 3304 636 post
3351 583 3586 622 mensam

2020 657 2085 712 ad
2107 660 2401 713 orationem
2435 667 2485 713 te
2525 661 2788 713 convertis
2817 677 2828 711 :
2853 660 2978 713 dum
3022 674 3149 715 vero
3200 658 3492 728 spiritualis
3534 668 3589 712 et

2017 765 2232 805 omnem
2258 758 2552 803 creaturam
2586 760 2694 804 tum
2727 750 2985 804 visibilem
3015 760 3124 804 tum
3157 748 3473 804 invisibilcm
3503 764 3591 803 su-

2015 841 2270 910 perantis,
2291 840 2351 894 fis
2367 843 2648 911 particeps,
2671 841 2877 896 tametsi
2899 841 3055 895 homo
3071 842 3144 896 sis
3163 840 3344 895 etvilis
3364 848 3590 901 natnrm,

2015 947 2119 986 non
2153 942 2429 1000 exspectas
2477 943 2532 985 ut
2579 934 2777 1002 gratias
2828 947 2959 1002 agas
3002 940 3056 986 et
3100 933 3276 986 verbis
3294 941 3349 986 et
3399 930 3591 984 factis?

2014 1021 2150 1088 Quid
2167 1031 2247 1076 est
2276 1022 2418 1076 aliud
2436 1038 2592 1092 quam
2621 1034 2861 1078 extremo
2890 1022 3150 1093 supplicio
3166 1037 3284 1076 sese
3303 1023 3588 1076 obnoxium

2015 1114 2278 1168 reddere?
2301 1115 2425 1169 Haec
2451 1130 2549 1185 ego
2579 1113 2698 1169 dico
2731 1130 2833 1168 non
2853 1124 2911 1168 ut
2941 1113 3168 1168 laudetis
3190 1113 3383 1176 solum,
3417 1129 3589 1182 neque

2014 1214 2072 1258 ut
2103 1205 2492 1260 tumultuemini
2521 1216 2575 1260 et
2599 1204 2863 1271 clametis,
2893 1205 2985 1259 sed
3011 1214 3069 1259 ut
3088 1220 3209 1259 cum
3235 1212 3440 1272 tempus
3460 1219 3588 1258 exe-

2010 1297 2164 1366 gerit,
2196 1297 2386 1352 horum
2413 1313 2682 1353 memores
2710 1295 2994 1350 verborum
3024 1295 3429 1350 convenientem
3470 1310 3585 1348 mo-

2010 1387 2232 1443 destiam
2265 1403 2373 1456 prae
2398 1389 2546 1442 vobis
2569 1388 2771 1443 feratis.
2821 1385 3069 1456 Mysteria
3115 1393 3170 1438 et
3213 1385 3482 1446 dicuntur,
3535 1393 3588 1437 et

2010 1487 2172 1544 sunt;
2204 1478 2290 1532 ubi
2321 1493 2449 1532 vero
2474 1487 2600 1533 sunt
2625 1478 2902 1549 mysteria,
2932 1477 3158 1531 multttm
3185 1476 3452 1530 silentium
3482 1485 3582 1530 est.

2009 1569 2140 1626 Cum
2158 1557 2326 1625 multo
2341 1585 2470 1640 ergo
2497 1571 2727 1634 silentio,
2756 1585 2875 1623 eum
2903 1569 3066 1623 multa
3095 1567 3377 1632 modestia,
3396 1565 3587 1621 decet:-

2011 1663 2154 1731 tique
2183 1662 2486 1717 reverentia
2513 1668 2756 1715 sanctum
2775 1659 2877 1714 hoc
2898 1660 3219 1713 sacrificium
3241 1659 3584 1728 attingamus.

2007 1761 2067 1805 ut
2101 1752 2356 1820 majorem
2401 1751 2554 1805 nobis
2605 1751 2700 1804 Dei
2749 1750 3178 1805 benevolentiam
3221 1751 3583 1813 conciliemus,

2008 1843 2318 1896 etanimum
2339 1857 2744 1912 perpurgemus,
2781 1851 3085 1912 aeternaque
3127 1843 3264 1897 bona
3289 1856 3584 1910 consequa-

2008 1948 2163 1997 mur;
2194 1948 2313 2001 qua:
2338 1947 2434 1987 nos
2456 1947 2641 1988 omnes
2664 1943 2719 1988 ut
2743 1933 3100 1997 obtineamus,
3151 1932 3280 1986 faxit
3321 1933 3488 2003 gratia
3535 1943 3585 1984 et

2007 2021 2305 2091 benignitas
2339 2024 2547 2079 Domini
2580 2026 2747 2079 nostri
2777 2024 2902 2080 Jesu
2929 2024 3144 2090 Christi,
3174 2039 3293 2078 cum
3335 2039 3439 2093 quo
3483 2022 3585 2076 Pa-

2007 2113 2094 2175 tri,
2120 2113 2382 2184 simulque
2406 2115 2623 2183 Spiritui
2661 2125 2846 2169 sancto
2867 2157 2881 2181 ,
2913 2116 3099 2185 gloria,
3156 2115 3472 2184 imperium,
3533 2126 3584 2166 et

2006 2205 2264 2272 adoratio,
2294 2221 2436 2261 nunc
2467 2215 2775 2276 ctsemper,
2798 2215 2852 2263 et
2899 2207 2950 2261 in
3009 2207 3203 2261 szecula
3251 2206 3581 2260 smculorum.

2010 2298 2049 2350 Α
2063 2313 2202 2353 men.

1287 2890 1638 2902 _.——-..————-——-
1651 2890 1808 2914 2.-

1763 3178 2137 3240 MONITUM

335 3478 632 3533 secundam
684 3473 753 3527 De
783 3472 927 3526 .Iuda
959 3471 1226 3540 proditore
1265 3470 1645 3522 incunctanter
1681 3464 2098 3533 conjiccrcmus.
2159 3459 2361 3517 Verum
2415 3462 2647 3529 levibus,
2712 3462 2768 3516 ni
2825 3460 3003 3529 fallor,
3044 3464 3375 3535 coniecturis
3441 3467 3580 3521 hanc

339 3589 605 3656 temporis
639 3586 903 3640 rationem
929 3580 1166 3636 instituit
1195 3577 1597 3642 Tillemontius,
1640 3585 1698 3629 ut
1723 3576 1969 3644 pluribus
1993 3573 2207 3627 dicetur
2240 3573 2294 3628 in
2323 3572 2529 3629 Monito
2564 3574 2632 3630 ad
2673 3574 2927 3630 homilias
2950 3577 3003 3630 in
3033 3575 3293 3632 Genesim.
3348 3577 3472 3633 Haec
3514 3580 3578 3634 dc

340 3705 564 3760 homilia
598 3703 836 3758 secunda
869 3700 1026 3769 cujus
1068 3701 1304 3764 initium,
1344 3696 1701 3768 Ἐϐουλόμην,
1729 3697 2007 3767 ἀγαπητοί
2036 3715 2048 3750 :

1837 3697 2007 3767 ηπητοί
2036 3715 2048 3750 :
2091 3696 2157 3751 de
2179 3695 2419 3750 homilia:
2446 3710 2577 3750 vero
2610 3695 2824 3765 primae,
2848 3711 2970 3767 qua
3001 3699 3081 3754 sic
3134 3699 3345 3770 incipit,
3392 3698 3577 3767 Ὀλίγα

336 3821 574 3888 ἀνάγκη,
608 3829 873 3889 tempore,
908 3819 1044 3872 nihil
1089 3818 1233 3872 aliud
1265 3817 1350 3871 vel
1389 3824 1559 3879 certo,
1598 3815 1684 3872 vel
1721 3815 2012 3869 admodum
2055 3814 2409 3885 probabiliter
2451 3823 2692 3869 statuere
2719 3828 3042 3884 possumus,
3093 3831 3257 3885 quam
3313 3816 3460 3885 quod
3488 3815 3579 3869 illa

336 3930 544 3998 aliquot
568 3940 691 3984 ante
733 3929 1026 3983 secundam
1060 3931 1221 3984 annis
1254 3928 1435 3982 habita
1470 3927 1672 3982 fuerit:
1699 3940 1876 3996 neque
1905 3942 2034 3982 vero
2077 3928 2366 3982 tacendum
2402 3936 2486 3981 est
2517 3927 2656 3982 hanc
2690 3927 2922 3998 primam
2957 3969 2972 3995 ,
3014 3929 3200 3999 Ὀλίγα
3254 3931 3490 4001 ἀνάγκη,
3525 3933 3579 3986 in

336 4047 661 4116 perantiquo
701 4046 794 4100 illo
837 4044 1099 4112 Catalogo
1136 4042 1455 4111 Augustano
1488 4041 1629 4095 inter
1663 4040 1861 4109 γνησία
1896 4055 2060 4109 opera
2104 4040 2282 4094 locum
2311 4039 2531 4105 habere,
2573 4055 2681 4094 non
2711 4055 2842 4094 vero
2872 4040 3207 4105 secundam;
3250 4043 3376 4111 quia
3425 4042 3577 4098 videa

337 4167 464 4219 licet
491 4164 645 4217 initio
675 4172 730 4216 et
767 4162 955 4231 paucis
983 4160 1106 4213 aliis
1142 4158 1405 4226 exceptis,
1436 4171 1558 4225 qua:
1581 4171 1611 4208 a
1645 4154 2040 4224 Chrysostomo
2073 4153 2247 4221 ipsam
2303 4160 2634 4206 retractante
2669 4153 2890 4207 inducta
2939 4153 3188 4219 fuerant,
3227 4155 3416 4210 eadem
3463 4158 3579 4226 ipsa

335 4288 452 4331 erat
482 4295 493 4328 :
520 4287 571 4329 et
611 4274 876 4341 alioquin,
921 4279 976 4323 ut
1008 4279 1153 4326 recte
1180 4270 1391 4324 monuit
1423 4267 1682 4332 Savilius,
1721 4267 2015 4338 Catalogus
2076 4269 2166 4322 ille
2200 4270 2550 4338 Augustanus
2587 4269 2658 4321 ita
2720 4268 3082 4324 concinnatus
3123 4279 3227 4334 est,
3271 4281 3330 4326 ut
3401 4272 3578 4325 omni-

335 4397 554 4464 quidem
590 4393 876 4462 opuscula,
909 4408 1029 4461 quae
1062 4390 1116 4440 in
1141 4403 1205 4442 eo
1247 4398 1642 4453 memorantur,
1678 4402 1806 4441 vera
1847 4402 2213 4457 germauaque
2260 4387 2408 4452 sint;
2447 4387 2542 4442 sed
2593 4402 2726 4442 cave
2763 4395 2922 4457 putes
2965 4386 3168 4452 omnia,
3208 4402 3328 4456 qua:
3377 4387 3446 4441 ab
3487 4388 3580 4442 illo

336 4507 554 4570 absunt,
585 4521 704 4560 esse
739 4505 923 4574 spuria
951 4521 965 4569 ;
997 4502 1244 4572 quinimo
1272 4501 1445 4556 multo
1479 4501 1633 4570 plura
1668 4511 1798 4557 sunt
1828 4503 2205 4574 Chrysostomi
2232 4504 2431 4573 γνήσια
2461 4517 2659 4571 opera,
2695 4514 2858 4570 quam
2897 4515 2960 4555 ea
2991 4515 3111 4569 qua
3143 4500 3200 4554 in
3245 4500 3436 4556 eodem
3476 4501 3580 4556 Ca-

339 4607 519 4675 taIOgo
551 4610 924 4658 recensentur.
955 4600 1223 4654 Czeterum
1249 4599 1376 4669 quia
1406 4600 1651 4653 eamdem
1683 4602 2002 4655 concionem
2035 4601 2353 4656 retractavit
2394 4599 2848 4668 Chrysostomus,
2876 4594 3011 4650 etin
3042 4592 3317 4663 plerisque
3358 4594 3432 4647 ita
3467 4609 3585 4649 mu-

337 4724 490 4784 tavit,
526 4731 583 4774 ut
616 4721 748 4773 duas
778 4735 841 4774 ex
879 4731 986 4771 una
1027 4715 1282 4770 homilias
1320 4715 1578 4781 effecerit,
1612 4717 1748 4772 nihil
1781 4719 1978 4772 mirum
2009 4719 2055 4773 si
2099 4726 2246 4772 tanta
2300 4717 2372 4771 sit
2431 4717 2485 4770 in
2526 4714 2912 4785 Manuscriptis
2946 4714 3218 4780 varietas;
3272 4729 3394 4766 cum
3455 4729 3581 4767 vero

338 4835 601 4887 lectiones
634 4835 797 4888 varia:
827 4831 892 4885 ad
923 4830 1236 4884 alterutram
1275 4832 1602 4898 pertineant,
1635 4834 1767 4888 satis
1797 4834 2087 4888 habuimus
2129 4841 2416 4903 utramque
2452 4831 2706 4895 edidisse,
2764 4841 2817 4884 et
2876 4845 2904 4882 a
2964 4828 3420 4896 frequentissimis
3473 4829 3580 4884 illis

341 4947 504 5000 variis
529 4948 853 5002 lectionibus
893 4947 1214 5000 annotandis
1252 4948 1637 5002 abstinuimns.
1689 4947 1884 5003 Notatu
1926 4948 2124 5018 dignus
2155 4955 2238 5004 est
2297 4947 2348 5000 in
2387 4954 2614 5013 utraque
2677 4941 2899 4998 homilia
2967 4942 3120 4996 locus
3177 4942 3266 4997 ille
3311 4960 3461 5000 num.
3505 4944 3578 5000 6:

339 5057 502 5107 Adest
531 5065 577 5106 et
612 5073 747 5108 nunc
790 5058 1030 5111 Christus
1065 5072 1294 5109 mensam
1329 5071 1613 5111 exornans.
1642 5056 1825 5128 Neque
1851 5059 1988 5111 enim
2022 5058 2175 5111 homo
2202 5068 2278 5111 cst
2311 5058 2378 5120 is,
2414 5056 2500 5124 qui
2528 5055 2656 5122 facit
2687 5064 2740 5107 ut
2778 5056 3048 5124 proposita
3071 5072 3258 5125 corpus
3290 5068 3338 5110 et
3366 5060 3580 5126 sanguis

341 5175 542 5229 Clu-isti
571 5178 882 5243 efficiantur.
928 5177 1186 5250 Figuram
1214 5185 1416 5229 tantum
1461 5179 1681 5245 imptens
1715 5189 1821 5236 stat
1859 5181 2103 5234 sacerdos
2142 5191 2190 5233 et
2225 5178 2664 5249 supplicationem
2689 5178 2841 5246 oﬂ'ert
2869 5194 2888 5231 .°
2925 5180 3100 5248 gratia
3139 5188 3314 5231 autem
3341 5187 3388 5231 et
3417 5180 3580 5234 virtus

342 5294 436 5346 Dei
468 5303 563 5354 cst,
593 5309 707 5361 qua:
737 5297 913 5348 omnia
942 5298 1113 5366 eﬁ'icit.
1149 5294 1260 5350 lloc
1296 5302 1378 5348 est
1411 5309 1607 5364 corpus
1638 5314 1838 5366 meum,
1867 5299 2078 5367 inquit:
2109 5298 2203 5351 hoc
2241 5298 2453 5353 verbum
2495 5297 2767 5369 proposita
2801 5297 3169 5364 transformat.
3201 5292 3297 5349 Hic
3326 5304 3379 5349 et
3403 5308 3580 5352 trans-

339 5407 712 5460 substantiatio
741 5417 794 5461 et
833 5413 1118 5477 przesentia
1145 5413 1345 5468 Christi
1377 5414 1428 5467 in
1462 5413 1806 5472 Eucharistta
1832 5418 1979 5472 clare
2016 5417 2398 5486 praedicantur,
2431 5427 2492 5473 ut
2514 5417 2763 5489 pluribus
2792 5416 2998 5471 dicetur
3027 5427 3126 5468 suo
3155 5412 3298 5466 loco.

414 5563 567 5629 Quod
603 5577 727 5616 vero
760 5561 812 5615 in
842 5571 1072 5633 utraque
1104 5567 1327 5623 homilia
1358 5568 1489 5625 dicit
1542 5581 1600 5624 se
1629 5571 1741 5639 jam
1773 5583 1968 5641 quarto
1993 5571 2080 5628 die
2108 5572 2174 5627 de
2209 5576 2454 5630 oratione
2487 5589 2584 5644 pro
2637 5572 2874 5628 inimicis
2913 5587 3094 5643 agere,
3155 5572 3358 5626 indicat
3399 5571 3578 5640 utique

340 5675 788 5744 l-hrysostomum
826 5674 879 5728 in
912 5682 1163 5745 utroque,
1197 5696 1304 5749 quo
1330 5681 1430 5737 has
1455 5681 1708 5738 homilias
1740 5683 1948 5752 habuit,
1984 5702 2127 5743 anno
2163 5688 2412 5745 eumdem
2444 5687 2803 5744 concionandi
2833 5689 3081 5746 ordinem
3113 5689 3370 5744 tenuisse.

420 5828 712 5900 Utriusque
747 5831 980 5886 homilia:
1009 5831 1507 5903 interpretationem
1549 5854 1745 5895 novam
1773 5841 2007 5896 edimus.
