4432 6692
899 417 1008 475 373

1593 423 1652 479 S.
1688 423 1973 483 JOANNIS
2011 427 2507 489 CHRYSOSTOMI
2542 431 2859 493 ARCHIEP.
2902 436 3447 494 CONSTANTINOP.

4038 444 4146 500 574

2018 1022 2097 1081 ΙΝ
2160 1019 2714 1083 PRODITIONEM
2771 1025 3027 1097 JUDE,

893 1303 971 1349 ιτ
1012 1305 1079 1354 ιι(
1124 1306 1393 1366 PASCHA,
1444 1308 1637 1363 lNQUE
1677 1308 2113 1355 TRADITIONEM
2157 1309 2634 1365 MYSTERIORUM,
2687 1313 2763 1355 AC
2808 1313 2977 1365 QUOD
3011 1312 3139 1357 NON
3183 1313 3504 1358 OPORTEAT
3539 1315 3919 1365 INJURIARUM
3952 1319 4141 1365 *διεω-

1703 1385 1884 1431 msse
1909 1416 1926 1444 ,
1968 1386 2036 1433 IN
2075 1387 2310 1434 sanam
2353 1390 2428 1433 ET
2474 1390 2685 1435 MAGNA
2728 1390 2911 1437 rem
2957 1390 3187 1446 omnm
3227 1374 3330 1455 (ιι).

1514 1882 1739 1923 liOIllLlA
1777 1884 1816 1923 Ι.

944 1959 1133 2015 Paucis
1159 1958 1318 2014 hodie
1344 1973 1468 2013 cum
1491 1967 1667 2013 vestra
1698 1956 1918 2012 caritate
1946 1963 2172 2011 tractare
2203 1970 2449 2011 necessa-

874 2052 1008 2105 rium
1047 2057 1129 2104 est
1160 2066 1173 2101 :
1202 2057 1256 2103 et
1293 2047 1414 2103 ideo
1445 2048 1662 2118 paucis,
1703 2063 1809 2102 non
1840 2046 1984 2117 quod
2012 2046 2275 2101 dictorum
2300 2047 2453 2116 copia

872 2140 1161 2211 gravemini
1194 2156 1207 2194 :
1235 2139 1432 2195 nullam
1460 2139 1604 2194 enim
1633 2138 1793 2193 aliam
1813 2138 2081 2193 civitatem
2106 2138 2341 2207 reperire
2372 2146 2455 2193 est

872 2230 1255 2287 audiendarum
1281 2229 1631 2299 spiritualium
1648 2243 1952 2284 sermonum
1973 2230 2109 2282 adeo
2132 2226 2448 2282 studiosam.

872 2322 987 2377 Non
1014 2330 1291 2390 propterea
1317 2319 1477 2388 igitur
1504 2333 1666 2388 pauca
1693 2318 1939 2382 dicimus,
1970 2316 2112 2385 quod
2134 2316 2284 2371 vobis
2314 2317 2453 2370 mul-

872 2411 1094 2467 titudine
1116 2424 1428 2466 sermonum
1456 2407 1728 2463 fastidium
1760 2409 2029 2477 pariamus
2044 2448 2061 2473 ,
2086 2406 2182 2462 sed
2206 2408 2330 2475 quia
2350 2407 2451 2462 alia

870 2501 1160 2559 intervenit
1204 2499 1365 2556 hodie
1390 2499 1663 2555 brevitatis
1704 2512 1885 2554 causa.
1923 2496 2135 2552 Etenim
2160 2498 2357 2551 multos
2377 2498 2453 2549 vi-

871 2594 975 2649 deo
999 2593 1184 2649 fideles
1206 2592 1273 2647 ad
1302 2592 1693 2647 horrendorum
1720 2592 2093 2661 mysteriorum
2117 2590 2454 2645 communio-

871 2699 995 2739 nem
1022 2684 1357 2739 festinantes.
1377 2681 1449 2738 Ut
1473 2682 1630 2752 igitur
1659 2696 1834 2751 neque
1861 2680 1951 2734 illa
1972 2696 2155 2734 mensa
2180 2679 2445 2746 excidant,

873 2788 1046 2845 neque
1076 2773 1175 2829 hac
1204 2787 1419 2843 prorsus
1445 2771 1788 2837 frustrentur,
1819 2786 2042 2826 necesse
2071 2780 2157 2825 est
2202 2770 2450 2825 modera-

868 2874 979 2920 tum
1006 2865 1181 2921 cibum
1209 2879 1495 2935 apponere,
1514 2872 1572 2918 ut
1587 2864 1855 2933 utrimque
1883 2862 2035 2917 vobis
2061 2861 2267 2917 lucrum
2295 2876 2450 2918 acce-

870 2955 1001 3021 dat,
1052 2964 1108 3009 et
1152 2955 1254 3010 hoc
1295 2970 1394 3010 ceu
1435 2954 1690 3009 doctrina:
1719 2953 1915 3009 viatico
1962 2953 2181 3020 muniti,
2212 2952 2290 3007 sic
2327 2967 2449 3008 cum

869 3048 1083 3114 timore,
1102 3056 1334 3103 tremore
1354 3087 1370 3113 ,
1398 3046 1683 3116 debitaque
1707 3046 2003 3101 reverentia
2027 3046 2091 3101 ad
2117 3046 2448 3102 tremendam

868 3137 1295 3209 horrendamque
1318 3139 1747 3194 communionem
1787 3137 2072 3192 accedatis.

934 3231 1167 3304 Lugendi
1186 3233 1223 3285 ii
1256 3232 1344 3301 qui
1362 3230 1496 3285 male
1519 3240 1710 3302 agunt,
1746 3246 1846 3284 non
1875 3230 1961 3299 qui
2001 3230 2137 3283 mala
2163 3230 2447 3299 patiuntur;

869 3323 1118 3378 orandum
1142 3339 1234 3393 pro
1258 3321 1494 3376 inimicis.
1524 3350 1591 3360 -—
1616 3320 1807 3386 Hodie,
1833 3318 2035 3386 dilecti,
2060 3320 2318 3374 Dominus
2346 3335 2449 3374 no-

862 3422 977 3472 ster
1009 3414 1163 3470 Iesus
1184 3414 1428 3469 Christus
1468 3413 1691 3469 traditus
1736 3412 2031 3482 est:hujus
2072 3428 2301 3482 namque
2342 3412 2449 3467 diei

862 3519 1085 3574 vespera
1116 3503 1287 3558 ειυάωί
1315 3504 1409 3558 illo
1427 3502 1816 3572 comprehenso
1866 3503 2129 3558 abierunt.
2162 3503 2358 3558 Verum
2382 3520 2447 3559 ne

863 3591 1194 3647 contristeris
1241 3589 1463 3645 audiens
1515 3589 1785 3645 Christum
1825 3589 2090 3659 proditum
2146 3604 2267 3645 esse
2297 3607 2310 3644 :
2339 3590 2446 3644 imo

864 3682 1037 3751 potius
1050 3680 1386 3745 contristare,
1401 3688 1457 3735 et
1471 3680 1664 3736 acerbe
1675 3680 1813 3750 lnge,
1832 3694 1934 3735 non
1958 3679 2221 3749 proditum
2235 3680 2261 3734 ,Ι
2268 3694 2441 3746 esum,

861 3770 956 3827 sed
977 3771 1300 3842 proditorem
1318 3770 1529 3825 ludam.
1556 3769 1764 3825 Etenim
1785 3770 1875 3840 qui
1904 3770 2145 3839 proditus
2168 3779 2272 3837 est,
2291 3787 2445 3825 mun-

859 3861 986 3915 dum
1017 3860 1219 3915 salvum
1247 3860 1391 3923 fecit,
1420 3859 1659 3930 proditor
1680 3875 1807 3915 vero
1829 3860 2058 3913 animam
2081 3875 2233 3914 suam
2261 3860 2440 3931 perdi-

859 3951 939 4006 dit
968 3967 982 4004 :
1007 3952 1095 4021 qui
1140 3950 1381 4020 proditus
1431 3958 1549 4017 est,
1579 3950 1647 4005 ad
1675 3950 1949 4006 dexteram
1978 3950 2151 4005 Patris
2197 3951 2348 4007 sedet
2388 3951 2439 4005 in

857 4044 1021 4109 caelis,
1040 4044 1276 4114 proditor
1304 4045 1359 4099 in
1389 4043 1599 4099 inferno
1626 4058 1767 4098 nunc
1797 4052 1909 4109 est,
1935 4042 2237 4100 inevitabile
2262 4042 2438 4099 ferens

855 4136 1192 4206 supplicium.
1212 4134 1379 4204 llujus
1394 4148 1553 4190 causa
1568 4135 1689 4204 iuge
1707 4143 1763 4190 et
1785 4134 2090 4204 ingemisce,
2104 4133 2259 4204 hujus
2278 4149 2440 4189 causa

858 4225 1171 4294 lacrymare,
1192 4224 1307 4295 ejus
1327 4226 1523 4294 quippe
1545 4240 1703 4279 causa
1722 4222 1868 4278 flevit
1882 4223 2145 4279 Christus.
2161 4223 2291 4276 Nam
2315 4223 2442 4277 Cum

855 4314 1057 4368 vidisset
1100 4329 1213 4368 eum
1234 4354 1250 4379 ,
1284 4314 1486 4382 inquit,
1520 4313 1747 4366 turbatus
1790 4323 1897 4379 est,
1923 4321 1970 4365 et
2003 4312 2158 4377 dixit,
2195 4311 2337 4365 Unus
2380 4327 2443 4365 ea:

854 4404 992 4458 vobis
1021 4403 1183 4457 tradet
1222 4418 1301 4457 me
1325 4400 1505 4470 (Joan.
1548 4402 1635 4457 l5.
1685 4400 1803 4472 2f).
1830 4402 1875 4457 0
1899 4411 2096 4471 quanta
2132 4402 2439 4456 misericor-

852 4494 940 4550 dia
991 4494 1235 4550 Domini!
1279 4494 1517 4565 proditus
1563 4493 1890 4565 proditorem
1932 4494 2095 4565 luget.
2126 4492 2253 4550 Cum
2281 4494 2439 4548 nidis-

850 4593 923 4638 set
950 4601 1083 4649 eam,
1111 4586 1205 4651 ait,
1236 4585 1463 4639 turbatus
1488 4595 1583 4649 est,
1613 4593 1659 4638 et
1680 4585 1828 4652 dixit,
1856 4584 2002 4640 Unus
2026 4601 2090 4640 ea:
2115 4586 2252 4640 nobis
2276 4586 2440 4639 tradet

852 4690 951 4729 nte.
982 4674 1158 4741 Quare
1184 4682 1409 4729 moestus
1438 4674 1572 4729 fuit?
1600 4673 1770 4729 Simul
1799 4682 1857 4729 ut
1876 4690 2114 4731 amorem
2134 4677 2439 4732 ostenderet

851 4780 1028 4833 suum,
1054 4776 1109 4822 et
1134 4766 1233 4823 hos
1251 4766 1486 4831 doceret,
1518 4782 1624 4822 non
1645 4783 1767 4823 enm
1797 4769 1886 4839 qui
1906 4770 2045 4824 mala
2066 4771 2316 4840 patiatur,
2339 4770 2434 4826 sed

847 4871 992 4925 eum,
1015 4857 1103 4927 qui
1132 4858 1272 4913 male
1292 4868 1432 4929 agat,
1450 4873 1663 4931 semper
1685 4861 1969 4932 lugendum
1991 4877 2130 4919 esse.
2157 4862 2273 4922 Hoc
2292 4863 2433 4919 enim

847 4950 941 5005 illo
968 4951 1119 5020 pejus
1160 4960 1280 5017 est;
1310 4951 1418 5007 imo
1443 4953 1621 5022 potius
1665 4954 1716 5008 id
1765 4970 1870 5009 non
1914 4955 2112 5011 malum
2146 4965 2264 5023 est,
2292 4957 2435 5013 male

848 5040 986 5109 pati,
1041 5039 1135 5096 sed
1203 5042 1344 5096 male
1394 5057 1585 5111 agere,
1643 5043 1697 5099 id
1765 5060 1984 5115 prorsus
2060 5048 2281 5104 malum.
2337 5050 2432 5105 Et-

845 5132 985 5185 enim
1032 5131 1171 5186 male
1198 5132 1342 5202 pati,
1379 5132 1432 5187 id
1459 5148 1678 5203 regnum
1713 5138 1964 5193 caelorum
1992 5140 2259 5209 conciliat,
2289 5142 2430 5198 male

845 5228 1020 5275 autem
1074 5237 1235 5293 agere
1261 5263 1277 5291 ,
1348 5222 1609 5293 gehenna:
1656 5225 1810 5281 nobis
1856 5234 1912 5282 et
1979 5228 2221 5297 supplicii
2268 5245 2427 5286 causa

843 5322 945 5366 est.
976 5311 1140 5379 Nam,
1164 5315 1342 5382 Beati,
1393 5317 1596 5388 inquit,
1631 5320 1720 5388 qui
1766 5323 2197 5390 persequutionem
2219 5326 2430 5391 patiun-

904 5404 1185 5480 taU-s'hu
1205 5421 1314 5480 ςιιςιι
1327 5412 1625 5480 ἓίεδε-ἢεῖϐίίεε
1645 5411 1797 5480 τεθεῖεν,
1821 5413 1961 5480 24:24.
1986 5414 2128 5480 2429.
2162 5423 2214 5480 ει
2234 5415 2424 5480 εοεειίιι·

842 5464 965 5525 235,’
979 5475 1032 5540 et
1052 5466 1162 5536 soi,
1191 5476 1242 5540 et
1263 5469 1389 5540 mia.
1418 5464 1663 5540 t7lf,_uhi
1690 5482 1760 5524 tot
1772 5464 2047 5540 lectionum
2060 5464 2333 5527 discrimina
2347 5464 2427 5540 oc}

840 5536 1056 5599 currunt,
1074 5541 1152 5599 vis
1171 5536 1227 5577 ut
1251 5535 1431 5599 possint
1445 5535 1602 5583 omnia
1625 5537 1802 5599 notari.
1820 5543 1869 5586 tn
1881 5537 2094 5587 editione
2105 5546 2268 5589 autem
2282 5539 2422 5590 savii.

842 5594 969 5657 tanta
982 5594 1203 5661 varietas
1222 5594 1523 5651 observatur,
1547 5604 1600 5645 ut
1621 5597 1720 5646 bini
1739 5606 1904 5649 textus
1922 5599 2127 5649 edantur
2145 5612 2175 5649 e
2198 5602 2419 5664 regione,

842 5659 888 5686 In
910 5652 1088 5686 nullum
1113 5652 1240 5686 nlmn
1265 5664 1602 5686 m-nnnmninm
1619 5672 1630 5683 .
1668 5660 1754 5686 eam.
1779 5662 1995 5686 Μηκωηες
2032 5663 2199 5686 ...ΛΑ-..-
2244 5666 2399 5686 ...ι-ιλ-.

840 5652 889 5694 in
910 5652 1089 5758 quibus
1112 5652 1241 5701 idem
1263 5664 1316 5700 ar
1355 5664 1631 5716 omentum;
1668 5660 1755 5708 sed
1778 5662 1995 5711 ordiendi
2032 5663 2219 5723 modus,
2241 5652 2421 5723 s‘éries,

844 5719 926 5783 ver
962 5724 988 5758 ,ι
1012 5712 1299 5776 plerumque
1319 5664 1613 5779 ﬁiscrepant.
1639 5726 1734 5775 Qua
1757 5721 1819 5769 de
1840 5735 1897 5770 re
1938 5721 2153 5783 pluribus
2175 5725 2223 5775 in
2245 5728 2418 5776 διουὶιο

840 5780 1001 5831 supra.

2564 1965 2649 2008 tur
2693 1964 2899 2024 prapter
2925 1952 3700 2022 justitiam,quoniamipsorttm
3721 1963 3791 2008 est
3814 1970 4021 2026 regnum
4042 1972 4144 2010 crr-

2560 2046 2725 2099 lorunt
2752 2044 2963 2115 (Matth.
2995 2044 3047 2097 5.
3074 2043 3186 2114 10).
3221 2043 3409 2099 Viden’
3428 2044 3688 2099 malorum
3720 2048 4141 2116 perpessionem,

2561 2131 2617 2191 in
2647 2134 2943 2189 mercedem
2988 2148 3051 2187 ac
3088 2134 3364 2202 prmmium
3389 2174 3404 2199 ,
3437 2136 3689 2205 consequi
3724 2152 3941 2206 regnum
3980 2140 4140 2191 ctelo-

2561 2226 2716 2282 rum?
2756 2225 2893 2279 Audi
2943 2222 3209 2293 quomodo
3251 2225 3447 2280 malum
3473 2236 3779 2296 perpetrare
3840 2243 4049 2296 pinnam
4090 2239 4143 2281 et

2560 2315 2872 2385 supplicium
2913 2312 3120 2371 aderat.
3147 2313 3281 2370 Cum
3318 2316 3463 2372 enim
3487 2318 3708 2373 dixisset
3741 2319 3933 2373 Paulus
3956 2319 4025 2373 de
4049 2319 4141 2373 ,ιιι-

2557 2408 2705 2472 dauis,
2738 2407 3013 2460 Dominum
3040 2407 3350 2475 occiderunt,
3379 2411 3650 2479 praphetas
3689 2410 3973 2477 persequuti
4018 2422 4137 2463 sunt

2558 2502 2604 2568 (1
2640 2498 2817 2553 Thess.
2844 2499 2901 2554 2.
2946 2500 3033 2571 15)
3058 2541 3071 2564 ,
3101 2500 3304 2566 intulit,
3352 2500 3579 2566 Quorum
3608 2500 3725 2568 ﬁnis
3750 2501 3844 2553 erit
3864 2504 4141 2553 secundum

2556 2607 2710 2659 opera
2729 2608 2903 2645 eorum
2926 2591 3000 2662 (2
3025 2591 3145 2646 Cor.
3179 2593 3266 2647 ll.
3300 2592 3411 2660 15).
3443 2590 3626 2645 Viden'
3646 2592 3915 2660 quomodo
3954 2593 4024 2659 ii,
4052 2595 4140 2662 qui

2555 2684 2981 2750 persecutionem
3024 2683 3311 2752 patiuntur,
3343 2697 3561 2750 regnum
3610 2682 3903 2751 accipiant,
3937 2684 3973 2737 ii
4009 2700 4138 2738 vero

2555 2773 2642 2841 qui
2672 2782 3083 2842 persequuntur,
3126 2772 3257 2826 iram
3277 2772 3376 2826 sibi
3402 2771 3628 2841 parent?
3672 2772 3798 2827 llaec
3834 2789 3993 2842 porro
4026 2790 4133 2828 non

2557 2874 2759 2919 temere
2786 2879 2927 2919 nunc
2951 2879 2980 2918 a
3010 2878 3096 2919 me
3121 2863 3260 2918 dicta
3289 2871 3445 2928 sunt,
3478 2864 3571 2919 sed
3599 2872 3656 2918 ut
3678 2880 3783 2919 non
3818 2878 4002 2920 contra
4031 2867 4136 2920 ini-

2556 2958 2724 3011 micos
2760 2958 3069 3021 irascamur,
3106 2955 3200 3010 sed
3241 2956 3587 3011 misereamur
3613 2956 3734 3011 illos
3760 2972 3823 3010 ac
3862 2958 4136 3026 lugeamus

2555 3062 2676 3103 cum
2704 3048 2873 3118 iisque
2897 3047 3191 3102 doleamus.
3215 3046 3290 3100 llli
3316 3044 3458 3100 enim
3485 3056 3630 3110 sunt,
3657 3046 3747 3116 qui
3764 3046 3901 3100 male
3927 3048 4139 3116 patiun-

2556 3147 2676 3205 tur,
2725 3153 2917 3207 nempe
2957 3137 3047 3207 qui
3078 3136 3227 3191 nobis
3273 3144 3398 3191 sunt
3436 3134 3657 3190 inimici.
3688 3135 3743 3191 Si
3788 3137 3865 3190 sic
3901 3137 4134 3191 animam

2554 3240 2792 3287 nostram
2838 3240 3191 3299 temperemus
3214 3270 3230 3296 ,
3269 3230 3429 3285 etiam
3478 3244 3575 3299 pro
3599 3229 3727 3299 ipsis
3755 3244 3909 3284 orare
3938 3232 4137 3299 poteri-

2553 3337 2692 3377 mus.
2736 3321 2861 3375 ldeo
2897 3321 3036 3375 enim
3075 3329 3317 3390 quartam
3355 3318 3465 3390 jam
3506 3320 3714 3374 insumo
3750 3320 3890 3373 diem
3934 3319 4132 3373 cohor—

2556 3411 2714 3466 tando
2739 3425 2832 3465 vos
2863 3420 2917 3464 ut
2953 3426 3050 3481 pro
3089 3411 3318 3466 inimicis
3352 3409 3517 3465 oretis
3538 3452 3554 3478 ,
3582 3424 3687 3478 quo
3713 3410 3916 3464 ﬁrmior
3936 3410 4005 3465 sit
4030 3411 4129 3464 do-

2550 3502 2750 3569 ctrina,
2801 3500 3098 3571 frequentia
3141 3500 3518 3555 admonitionis
3556 3500 3809 3554 radicata.
3862 3500 3984 3555 Ideo
4028 3500 4131 3556 fre-

2550 3598 2778 3658 quenter
2799 3589 3135 3646 sermonibus
3177 3591 3317 3645 insto
3338 3631 3352 3655 ,
3377 3599 3433 3644 ut
3466 3589 3561 3644 ira:
3590 3597 3847 3645 tumorem
3878 3606 4129 3646 evacnem

2548 3691 2603 3735 et
2628 3681 2876 3736 ardorem
2904 3695 3271 3751 compescam,
3304 3688 3362 3735 ut
3399 3679 3489 3750 qui
3517 3689 3723 3735 oratum
3752 3681 3895 3735 venit
3925 3681 4003 3736 ira
4035 3698 4135 3736 va-

2551 3789 2684 3827 cuus
2707 3773 2800 3827 sit.
2826 3772 2957 3828 Nam
2988 3773 3235 3828 Christus
3272 3787 3380 3827 non
3420 3771 3751 3827 inimicorum
3778 3783 3979 3827 tantum
4006 3790 4131 3844 grao

2549 3864 2619 3918 tia
2647 3864 2763 3919 hmc
2787 3864 3097 3921 cohortatus
3140 3872 3257 3929 est,
3286 3862 3380 3917 sed
3425 3864 3586 3917 etiam
3614 3865 3783 3918 nostri
3812 3880 3972 3920 causa
3992 3906 4009 3932 ,
4041 3868 4128 3935 qui

2547 3966 2763 4025 peccata
2790 3955 2894 4010 illis
2932 3954 3283 4009 dimittimus:
3312 3953 3513 4022 majora
3539 3955 3680 4008 enim
3704 3956 3900 4025 accipis
3919 3998 3935 4023 ,
3964 3973 4123 4026 quam

2545 4046 2661 4114 das,
2685 4063 2808 4102 cum
2836 4047 2969 4101 iram
3009 4044 3240 4099 remittis
3265 4044 3501 4100 inimico.
3534 4045 3600 4100 Et
3633 4048 3904 4117 quomodo
3926 4050 4124 4117 majora

2545 4137 2749 4206 accipio
2770 4178 2785 4202 ,
2817 4134 3063 4205 inquies?
3102 4134 3161 4190 Si
3187 4134 3404 4190 inimico
3443 4146 3655 4206 peccata
3694 4138 3999 4202 remiseris,
4030 4153 4120 4193 re-

2546 4228 2826 4281 mittuntur
2842 4226 2935 4280 tibi
2960 4224 3151 4279 delicta
3187 4235 3373 4280 contra
3396 4225 3678 4281 Dominum
3721 4228 3972 4282 admissa.
3998 4227 4122 4281 Haec

2547 4317 2858 4371 insanabilia
2879 4326 3005 4371 sunt
3046 4331 3109 4371 ac
3130 4317 3335 4372 veniam
3362 4332 3468 4374 non
3508 4329 3808 4381 merentur,
3836 4320 3922 4372 illa
3943 4328 4119 4373 autem

2546 4409 2752 4464 veniam
2779 4418 2834 4464 et
2857 4409 3099 4465 solatium
3132 4410 3419 4481 reperiunt.
3448 4412 3585 4467 Audi
3612 4411 3729 4466 ileli
3761 4410 4025 4465 dicentem
4054 4412 4121 4464 ti-

2547 4500 2633 4554 liis
2657 4500 2768 4555 suis
2792 4517 2806 4553 :
2841 4500 2902 4555 Si
2923 4517 3129 4570 peccans
3150 4503 3423 4573 peccauerit
3447 4506 3598 4557 homo
3628 4503 3683 4555 in
3707 4501 3960 4555 hominem
3981 4542 3995 4565 ,
4026 4519 4118 4569 pro

2542 4591 2634 4646 illo
2680 4592 2894 4646 orabunt
2922 4608 2942 4647 :
2966 4595 3011 4647 si
3061 4610 3175 4649 vero
3215 4596 3270 4649 in
3314 4593 3476 4650 Deum
3494 4591 3791 4664 peccaverit,
3812 4592 3924 4661 quis
3959 4595 4121 4646 orabit

2543 4699 2636 4752 pro
2663 4698 2721 4737 eo
2751 4685 2800 4756 (l
2828 4684 2958 4755 Reg.
2987 4684 3044 4743 2.
3066 4684 3201 4757 25)?
3235 4685 3311 4741 Ita
3336 4693 3395 4739 ut
3417 4685 3609 4738 vulnus
3634 4681 3760 4736 illud
3788 4698 3855 4737 ne
3882 4684 4120 4740 oratione

2540 4774 2750 4844 quidem
2782 4776 2932 4832 facile
2960 4777 3196 4832 solvatur
3216 4773 3485 4830 :oratione
3506 4771 3719 4842 quidem
3744 4788 3847 4827 non
3874 4774 4117 4839 solvitur,

2539 4868 2633 4923 sed
2668 4870 2983 4926 remissione
3028 4876 3364 4939 peccatorum
3401 4865 3623 4933 proximi
3661 4865 3899 4921 solvitur.
3922 4868 4120 4936 Quam-

2538 4960 2722 5019 obrem
2750 4962 2837 5016 illa
2887 4962 2938 5013 in
2982 4958 3261 5013 Dominum
3288 4964 3507 5028 peccata
3526 4955 3710 5011 decem
3739 4957 3900 5012 millia
3920 4958 4115 5013 talenta

2535 5053 2741 5107 vocavit
2773 5050 3044 5113 Christus,
3084 5047 3200 5102 haec
3224 5062 3352 5103 vero
3390 5055 3602 5102 centum
3629 5047 3874 5104 denarios
3898 5049 4115 5119 (Matth.

2536 5143 2625 5198 18.
2669 5141 2761 5195 23.
2800 5139 2958 5209 sqq.).
2989 5138 3202 5193 Dimitte
3245 5153 3373 5209 ergo
3411 5147 3623 5193 centum
3648 5138 3915 5207 denarios,
3941 5148 3998 5194 ut
4022 5140 4116 5193 de—

2531 5247 2650 5287 cem
2679 5229 2844 5285 millia
2874 5230 3067 5285 talenta
3093 5229 3432 5285 remittantur
3460 5228 3571 5283 tibi.

2600 5321 2659 5374 2.
2686 5318 2790 5375 Sed
2832 5319 2899 5376 de
2925 5322 3167 5376 oratione
3193 5318 3404 5388 quidem
3434 5333 3531 5391 pro
3574 5321 3800 5378 inimicis
3846 5321 3977 5376 satis
4024 5318 4108 5372 le-

2530 5410 2679 5483 quuti
2715 5425 2934 5479 sumus;
2961 5413 3071 5481 jam
3091 5410 3169 5475 ,si
3198 5409 3403 5480 placet,
3442 5412 3510 5467 ad
3536 5412 3887 5483 proditionem
3917 5407 4109 5462 redea-

2529 5519 2668 5568 mus,
2691 5513 2746 5560 et
2768 5504 3041 5559 videamus
3082 5502 3348 5571 quomodo
3376 5503 3629 5560 Dominus
3655 5512 3837 5558 noster
3863 5498 4103 5567 proditus

2526 5594 2616 5650 sit.
2644 5593 2790 5649 Tunc
2814 5594 2937 5647 abiit
2962 5608 3089 5645 unus
3110 5591 3173 5644 de
3209 5591 3470 5647 duodecim
3489 5634 3504 5661 ,
3527 5593 3695 5648 ludas
3731 5588 3998 5642 lscariotes
4018 5586 4071 5638 di
4088 5616 4101 5624 -

2523 5697 2668 5751 ctus,
2723 5686 2791 5740 ad
2835 5682 3086 5754 principes
3123 5686 3465 5751 sacerdotum,
3499 5696 3548 5739 et
3588 5681 3744 5744 dixit,
3780 5677 3914 5744 Quid
3953 5676 4101 5728 vultis

2524 5779 2646 5831 mihi
2676 5777 2818 5844 dare,
2837 5784 2882 5829 ει
2908 5792 2997 5847 ego
3021 5776 3154 5832 vobis
3175 5778 3373 5833 tradam
3394 5794 3502 5833 eunt
3526 5772 3737 5845 (:llauh.
3759 5770 3850 5823 26.
3874 5769 3955 5823 li.
3992 5766 4099 5837 l5)!
