4432 6698
1416 483 1504 537 ΒΕ
1544 479 1957 540 PRODITIONE
1995 480 2190 537 ,11]υῶ
2253 480 2483 537 HOMIL.
2527 479 2566 537 Ι.

1847 479 1957 537 )ΝΕ
1995 480 2190 537 ,11]υῶ
2253 480 2483 537 HOMIL.
2527 479 2566 537 Ι.
3497 484 3597 538 374

1422 1146 1530 1200 ΕΙΣ
1561 1145 1705 1199 ΤΗΝ
1743 1142 2127 1200 ΠΡΟΔΟΣΙΑΝ
2167 1140 2304 1195 ΤΟΥ
2344 1142 2564 1206 ΙΟΥΔΑ,

382 1496 490 1550 Καὶ
534 1495 623 1558 εις
654 1492 717 1546 τὸ
748 1488 979 1560 Πάσχα,
1011 1490 1106 1543 καί
1142 1490 1227 1555 εις
1268 1488 1381 1556 τὴν
1413 1485 1749 1554 παράδοσιν
1774 1478 1894 1533 τῶν
1924 1477 2292 1546 μυστηρίων,
2325 1476 2419 1528 καὶ
2449 1477 2576 1543 περὶ
2622 1477 2725 1529 τοῦ
2766 1476 2851 1545 μὴ
2890 1479 3305 1545 μνησικακεῖν.
3356 1479 3432 1548 Τῇ
3481 1480 3615 1549 ἁγίᾳ

1648 1572 1743 1627 καὶ
1779 1566 2011 1641 μεγάλῃ
2050 1566 2309 1637 Πέμπτῃ.

1023 2098 1253 2165 Ὀμιλία
1285 2102 1359 2149 α’.

452 2196 520 2248 α’.
538 2193 717 2260 Ὀλίγα
739 2190 949 2260 ἀνάγκη
977 2189 1044 2260 σή
1054 2205 1116 2259 με
1127 2204 1216 2259 ρον
1238 2187 1373 2259 πρὸς
1395 2186 1490 2257 τὴν
1516 2184 1787 2257 ὑμετέραν
1806 2181 1947 2249 ἀγάι

383 2295 490 2347 πην
530 2279 702 2330 εἰπεῖν
722 2292 737 2307 σ
768 2274 922 2342 ὀλίγα
958 2272 1013 2325 δὲ
1045 2272 1258 2342 ἀνάγκη
1298 2272 1490 2336 εἰπεῖν,
1524 2270 1623 2324 ούκ
1654 2268 1838 2338 ἐπειδὴ
1870 2265 1948 2336 τῷ

381 2361 576 2431 πλήθει
614 2358 721 2411 τῶν
762 2355 1071 2426 λεγομένων
1113 2354 1268 2423 ὑμεῖς
1302 2350 1633 2422 βαρύνεσθε·
1676 2351 1795 2403 οὐδὲ
1839 2349 1947 2421 γὰρ

384 2430 532 2497 ἐστιν
564 2442 750 2511 ἑτέραν
788 2439 939 2491 πόλιν
968 2439 1146 2509 εὑρεῖν
1173 2436 1346 2499 οὕτως
1376 2434 1652 2505 ἐρωτικῶς
1685 2432 1821 2503 πρὸς
1851 2430 1947 2502 τὴν

381 2527 640 2596 ἀκρόασιν
680 2524 786 2575 τῶν
823 2520 1199 2590 πνευματικῶν
1235 2519 1428 2586 λογίων
1463 2516 1827 2586 διακειμένην.
1873 2512 1946 2565 Ού

379 2611 558 2662 τοίνυν
587 2608 675 2659 διὰ
705 2606 862 2657 τοῦτο
891 2604 1045 2669 ὀλίγα
1082 2602 1307 2670 λέγομεν
1328 2640 1341 2665 ,
1373 2599 1555 2669 ἐπειδὴ
1585 2597 1950 2666 ἀποκναίομεν

381 2693 526 2761 ὑμᾶς
557 2691 632 2760 τῷ
659 2689 870 2759 πλήθει,
901 2684 1017 2738 ἀλλ’
1043 2683 1227 2753 ἐπειδὴ
1259 2681 1528 2751 ἀναγκαία
1556 2683 1654 2752 τῆς
1690 2679 1951 2753 βραχυλο-

381 2775 502 2842 γεας
534 2774 766 2841 σήμερον
790 2771 823 2840 ἢ
858 2769 1005 2823 αἰτία
1027 2782 1039 2797 ⁸
1070 2768 1162 2820 καὶ
1190 2767 1297 2836 γὰρ
1328 2766 1437 2837 όρῶ
1466 2766 1689 2828 πολλοὺς
1714 2764 1822 2816 τῶν
1861 2779 1952 2815 πι-

383 2854 523 2908 στῶν
547 2852 930 2921 ἐπειγομένους
952 2849 1085 2920 πρὸς
1114 2849 1209 2921 τὴν
1231 2850 1337 2903 τῶν
1366 2848 1604 2923 φρικτῶν
1638 2845 1951 2921 μυστηρίων

382 2936 681 2989 κοινωνίαν.
722 2935 814 2988 ’Ἰν’
849 2929 941 2991 οὖν
978 2934 1099 3005 μήτ’
1133 2933 1345 3003 ἐκείνης
1375 2935 1472 3004 τῆς
1501 2934 1781 3006 τραπέζης
1819 2934 1951 2987 ἀπο-

375 3020 603 3088 τύχωσι,
638 3021 772 3091 μήτε
806 3019 1007 3088 ταύτης
1042 3019 1359 3083 ἐκπέσωσιν,
1395 3019 1606 3087 ἀνάγκη
1641 3017 1950 3087 σύμμετρον

382 3104 708 3175 ποιήσασθαι
748 3103 847 3174 τὴν
900 3104 1157 3163 ἑστίασιν,
1211 3104 1275 3155 ἵν’
1322 3100 1656 3171 ἑκατέρωθεν
1711 3102 1839 3170 ὑμῖν
1890 3100 1950 3153 τὸ

384 3188 574 3256 κέρδος
605 3187 860 3257 γένηται,
904 3187 995 3238 καὶ
1035 3184 1186 3256 [5⁸77]
1224 3184 1330 3236 ἀπὸ
1375 3184 1575 3253 ταύτης
1617 3182 1952 3250 mamon-

380 3287 471 3333 τες
487 3272 579 3323 καὶ
601 3268 709 3323 τῶν
737 3270 864 3339 παρ’
889 3268 1041 3337 ἡμῶν
1070 3267 1240 3334 λόγων
1261 3279 1308 3329 α,
1335 3265 1503 3327 οὓτως
1533 3264 1822 3335 ἀπέλθητε,
1856 3267 1949 3317 καὶ

385 3352 521 3421 μετά
560 3350 721 3419 φόϐου
755 3351 850 3404 καὶ
878 3350 1077 3419 τρόμου
1116 3347 1336 3414 καὶτῆς
1375 3347 1755 3419 προσηκούσης
1794 3348 1949 3401 εὐλα-

385 3436 533 3497 6είας
559 3436 622 3503 τῇ
663 3433 867 3503 φοὸερᾷ
890 3434 983 3485 καὶ
1013 3433 1212 3501 φρικτῇ
1249 3430 1577 3501 προσέλθητε
1604 3432 1876 3502 κοινωνίᾳ.

456 3519 719 3587 Σήμερον,
757 3516 1049 3584 ἀγαπητοὶ,
1082 3516 1110 3566 6
1144 3513 1343 3585 Κύριος
1392 3514 1549 3583 ἡμῶν
1587 3514 1792 3585 Ἰησοῦς
1821 3516 1954 3584 Χρι-

388 3600 507 3662 στὸς
542 3598 811 3669 παρεδόθη
835 3615 847 3627 ’
875 3600 938 3665 τῇ
980 3596 1087 3667 γὰρ
1133 3596 1360 3667 ἐπιούσῃ
1408 3596 1615 3666 ἑσπέρᾳ
1635 3596 1822 3667 ταύτῃ.
1858 3596 1954 3649 λα-

381 3684 565 3744 ϐόντες
611 3682 789 3741 αὑτὸν,
827 3680 1063 3749 ἀπῆλθον
1092 3681 1141 3731 οί
1187 3679 1447 3733 Ἰουδαῖοι.
1490 3680 1647 3732 ’Λλλά
1690 3682 1764 3748 μὴ
1820 3680 1952 3750 γένῃ

386 3764 652 3834 κατηφὴς,
698 3763 932 3826 ἀκούσας
982 3764 1062 3815 ὅτι
1105 3761 1307 3831 Ἰησοῦς
1353 3762 1653 3831 παρεδόθη·
1682 3759 1951 3830 μᾶλλονδὲ

384 3848 539 3914 γενοῦ
566 3846 831 3915 κατηφὴς,
879 3848 969 3898 καὶ
1003 3845 1232 3898 κλαῦσον
1271 3845 1503 3915 πικρῶς.
1526 3844 1659 3897 ἀλλά
1691 3844 1763 3913 μὴ
1810 3842 1952 3912 ὑπὲρ

382 3930 474 3984 τοῦ
530 3929 919 3999 παραδοθέντος
971 3928 1165 3997 Ἰησοῦ,
1215 3929 1327 3982 ἀλλ’
1380 3930 1519 3998 ὑπὲρ
1554 3928 1647 3981 τοῦ
1694 3928 1948 3996 προδότου

395 4014 583 4067 Ἰούδα.
629 4015 685 4066 '0
710 4013 807 4083 μὲν
844 4013 953 4082 γὰρ
998 4010 1322 4080 παραδοθεὶς
1350 4010 1446 4082 τὴν
1471 4010 1788 4080 οἰκουμένην
1817 4009 1952 4061 ἐσω-

386 4114 496 4162 σεν,
522 4099 550 4150 6
573 4098 627 4150 δέ
661 4097 887 4169 προδοὺς
921 4096 1018 4164 τὴν
1056 4094 1247 4146 ἐαυτοῦ
1279 4095 1456 4164 ψυχὴν
1490 4094 1759 4147 ἀπώλεσεν
1799 4092 1889 4146 καὶ
1920 4092 1950 4144 6

387 4182 486 4251 μὲν
517 4180 792 4251 προδοθεὶς
841 4181 898 4232 ἐν
940 4178 1089 4247 δεξιᾷ
1121 4177 1352 4248 κάθηται
1391 4178 1482 4231 τοῦ
1522 4177 1729 4247 Πατρὸς
1756 4178 1811 4228 ὲν
1837 4177 1949 4238 τοῖς

383 4262 765 4334 οὐρανοῖς,ὀδέ
779 4260 1051 4331 παραδοὺς
1077 4262 1133 4313 ἐν
1163 4259 1290 4330 ᾅδου
1311 4260 1404 4312 νῦν
1434 4263 1570 4321 ἐστι,
1588 4261 1685 4328 τὴν
1716 4257 1950 4329 ἀπαραί-

385 4362 544 4416 τητον
563 4346 842 4413 ἀναμένων
868 4344 1107 4397 κόλασιν.
1142 4342 1242 4395 Διά
1271 4343 1458 4396 τοῦτον
1481 4340 1574 4397 οὖν
1607 4344 1836 4397 κλαῦσον
1858 4343 1948 4395 καὶ

389 4427 657 4489 στέναξον,
684 4425 769 4479 διὰ
802 4424 987 4478 τοῦτον
1018 4425 1301 4495 πένθησον,
1342 4425 1528 4497 ἐπειδὴ
1560 4426 1653 4479 καὶ
1683 4427 1711 4479 6
1744 4425 1948 4477 Δεσπό-

382 4527 483 4581 της
525 4509 678 4580 ημῶν
723 4509 811 4561 διά
847 4507 1033 4561 τοῦτον
1072 4508 1382 4579 ἐδάκρυσεν.
1427 4510 1584 4565 Ἰδὼν
1612 4512 1719 4579 γάρ
1744 4508 1946 4570 αὐτὸν,

386 4594 570 4663 φησὶν,
590 4590 882 4661 ἐταράχθη
898 4590 994 4643 καὶ
1012 4586 1199 4645 εἷπε-ν’
1221 4587 1325 4658 Εἷς
1340 4592 1408 4657 ἐξ
1425 4591 1594 4661 ὑμῶν
1614 4589 1947 4659 παραδώσει

379 4692 474 4743 με.
508 4676 571 4728 Ὠ
602 4676 740 4745 πόση
763 4672 1129 4741 εύσπλαγχνία
1156 4670 1249 4726 τοῦ
1282 4675 1585 4727 Δεσπότουῑ
1617 4676 1645 4727 6
1669 4672 1947 4743 προδοθεὶς

387 4758 527 4827 ὑπὲρ
549 4758 640 4811 τοῦ
667 4756 951 4829 προδόντος
982 4755 1153 4822 ἀλγεῖ.
1185 4755 1352 4810 Ἰδὼν
1369 4756 1477 4827 γὰρ
1504 4758 1703 4821 αὑτὸν,
1743 4755 1948 4823 ἐταρά-

387 4836 523 4905 χθη,
548 4840 700 4908 φησι,
732 4838 830 4894 καὶ
852 4834 1044 4891 εἷπεν·
1074 4832 1179 4900 Εἲς
1203 4838 1271 4902 ἐξ
1300 4839 1467 4907 ὑμῶν
1494 4836 1823 4907 παραδώσει
1848 4855 1944 4907 με.

383 4918 430 4968 Τ
436 4919 540 4981 ίνος
560 4921 741 4975 ἕνεκεν
772 4920 1077 4991 ὴθύμησεν;
1111 4919 1274 4989 Ὁμοῦ
1314 4924 1407 4974 καὶ
1439 4921 1536 4992 τὴν
1572 4920 1948 4991 φιλοστοργίαν

385 5000 484 5070 την
516 5002 707 5056 ἑαυτοῦ
744 5000 1201 5070 ἐπιδεικνύμενος,
1242 5003 1335 5056 καὶ
1371 5005 1634 5058 διδάσκων
1660 5006 1829 5076 ἡμᾶς,
1865 5005 1947 5058 ὅτι

384 5082 445 5131 οὐ
470 5080 559 5133 τὸν
586 5084 861 5154 πάσχοντα
896 5086 1099 5148 κακῶς,
1134 5085 1269 5137 ἀλλά
1309 5089 1401 5141 τὸν
1438 5089 1691 5142 ποιοῦντα
1739 5088 1946 5151 κακῶς,

383 5163 569 5215 τοῦτον
599 5164 811 5236 θρηνεῖν
849 5167 1121 5238 πανταχοῦ
1149 5168 1374 5224 δίκαιον.
1404 5172 1574 5226 Τοῦτο
1606 5172 1713 5243 γὰρ
1739 5174 1946 5226 ἐκείνου

382 5249 580 5317 χεῖρον,
610 5250 809 5317 μᾶλλον
839 5253 895 5307 δέ
926 5256 1101 5308 ἐκεῖνο
1132 5254 1228 5324 μέν
1252 5253 1313 5305 ού
1339 5255 1523 5318 κακὸν,
1554 5256 1616 5309 τὸ
1637 5258 1821 5319 κακῶς
1844 5274 1948 5309 πα-

382 5330 513 5392 θεῖν,
548 5330 788 5385 κακδνδέ
811 5336 873 5389 τὸ
908 5338 1127 5407 ποιῆσαι
1160 5334 1362 5399 κακῶς.
1393 5337 1466 5389 T6
1498 5339 1597 5408 μὲν
1621 5340 1727 5410 γὰρ
1763 5340 1948 5403 κακῶς

383 5413 593 5476 παθεῖν,
624 5413 720 5483 τὴν
750 5415 1022 5481 βασιλείαν
1067 5419 1175 5472 τῶν
1220 5417 1459 5490 οὐρανῶν
1496 5422 1773 5491 προξενεῖ,
1809 5422 1871 5476 τὸ
1891 5424 1947 5476 δὲ

382 5496 565 5559 κακῶς
594 5495 813 5565 ποιῆσαι
842 5499 1012 5553 αῐτιον
1031 5504 1161 5573 ἡμῖν
1180 5501 1277 5572 τῆς
1296 5500 1517 5571 γεέννης
1541 5506 1633 5557 καλ⁵
1660 5505 1758 5575 τῆς
1788 5505 1945 5559 κολά-

383 5597 519 5643 σεως
546 5580 769 5648 γίνεται.
818 5581 1103 5652 Μακάριοι
1128 5584 1256 5656 γάρ,
1288 5584 1467 5653 φησὶν,
1495 5586 1547 5638 οι
1573 5583 1945 5656 δεδιωγμένοι

381 5661 587 5716 ἕνεκεν
610 5662 1016 5731 δικαιοσύνης,
1046 5667 1135 5721 ὅτι
1174 5666 1372 5729 αὐτῶν
1404 5667 1574 5722 ἐστιν
1597 5667 1636 5723 ἡ
1657 5668 1944 5730 ,βασιλεία

443 5860 473 5889 ⁸³
494 5858 574 5909 Sic
590 5874 704 5911 mss.
734 5862 858 5912 Edit.
888 5875 1001 5912 vero
1020 5864 1189 5924 λογίων

2054 2176 2170 2230 τῶν
2200 2176 2489 2246 οὐρανῶν.
2534 2177 2692 2247 Ὁρᾷς
2727 2178 2841 2243 πῶς
2866 2178 2926 2232 τὸ
2954 2178 3137 2243 κακῶς
3164 2179 3353 2235 παθεῖν
3383 2184 3493 2253 ἔχει
3534 2203 3619 2255 μι.⁸

2056 2260 2178 2314 σθὺν
2207 2262 2300 2314 καὶ
2320 2260 2548 2313 ἔπαθλον
2592 2260 2690 2331 τὴν
2704 2261 2975 2331 βασιλείαν
2996 2263 3104 2315 τῶν
3135 2263 3410 2334 ούρανῶν;
3437 2269 3620 2321 Ἀκουο

2056 2361 2147 2397 σον
2174 2342 2290 2405 πῶς
2318 2342 2379 2395 τὸ
2410 2342 2593 2406 κακῶς
2633 2346 2853 2415 ποιῆσαι
2893 2344 3112 2398 κόλασιν
3153 2346 3309 2417 φέρει
3338 2349 3431 2401 καὶ
3455 2366 3623 2419 τιμω-

2058 2427 2195 2495 ρίαν.
2223 2424 2405 2479 Εἰπὼν
2423 2426 2532 2497 γάρ
2563 2429 2591 2479 6
2621 2427 2829 2490 Παῦλος
2873 2429 3001 2499 περὶ
3053 2428 3162 2481 τῶν
3225 2430 3510 2497 Ἰουδαίων,
3541 2434 3622 2486 ὄτι

2061 2508 2167 2560 Τόν
2196 2509 2414 2575 Κύριον
2431 2509 2806 2575 ἀπέκτειναν,
2838 2510 2936 2563 καὶ
2969 2511 3106 2576 τοὺς
3127 2511 3431 2579 προφήτας
3457 2513 3621 2566 ἐδίω-

2056 2592 2186 2653 ξαν,
2211 2593 2488 2661 ἐπήγαγεν
2510 2609 2523 2624 ·
2555 2587 2670 2647 ’Ὧν
2693 2593 2760 2647 τὸ
2792 2592 2965 2659 τέλος
3020 2595 3189 2647 ἔσται
3219 2594 3366 2648 κατὰ
3388 2597 3459 2648 τὰ
3481 2596 3622 2665 ἔργα

2055 2674 2271 2728 αὐτῶν.
2312 2671 2465 2740 Εἶδες
2495 2675 2611 2739 πῶς
2639 2679 2687 2730 οἱ
2733 2678 2831 2748 μὲν
2863 2677 3179 2748 διωκόμενοι
3215 2676 3316 2746 τὴν
3350 2679 3621 2749 βασιλείαν

2055 2757 2121 2810 λα
2128 2755 2440 2831 μὸάνουσιν,
2456 2761 2503 2812 οἱ
2523 2759 2579 2812 δὲ
2598 2756 2885 2825 διώκοντες
2896 2760 2995 2833 τὴν
3009 2760 3176 2831 ὀργὴν
3198 2759 3590 2835 κληρονομοῦσι
3606 2784 3619 2826 ;

2055 2844 2237 2901 Ταῦτα
2267 2841 2324 2901 δέ
2355 2865 2443 2918 μοι
2475 2848 2570 2918 οὐχ
2622 2847 2806 2911 ἁπλῶς
2839 2846 2933 2900 νῦν
2984 2850 3216 2919 εῐρηται,
3256 2848 3371 2901 ἀλλ’
3420 2849 3505 2901 ἵνα
3548 2848 3623 2919 μὴ

2054 2933 2167 2993 τοῖς
2197 2929 2410 3001 ἐχθροῖς
2440 2928 2809 3001 όργιζὼμεθα,
2839 2931 2954 2984 ἀλλ’
3001 2930 3238 3003 ἐλεῶμεν
3298 2932 3493 2995 αὐτοὺς
3530 2934 3623 2985 καὶ

2056 3012 2343 3084 θρηνῶμεν
2368 3013 2461 3067 καὶ
2497 3012 2847 3083 συναλγῶμεν
2876 3013 3057 3077 αὐτοῖς
3076 3030 3089 3044 ·
3120 3015 3314 3067 ἐκεῖνοι
3346 3015 3453 3083 γάρ
3487 3015 3622 3068 εἰσιν

2055 3097 2103 3149 οί
2130 3096 2312 3158 κακῶς
2340 3096 2657 3165 πάσχοντες,
2690 3096 2739 3147 ot
2766 3095 3132 3166 ἐχθραίνοντες
3163 3097 3312 3167 ἡμῖν.
3349 3098 3447 3149 Ἂν
3483 3096 3624 3151 οὕτω

2058 3178 2560 3251 παρασκευάσωμεν
2599 3179 2697 3250 τὴν
2737 3178 2911 3249 ψυχὴν
2949 3179 3046 3250 τὴν
3075 3179 3366 3251 ἡμετέραν,
3398 3179 3621 3251 δυνησό-

2059 3261 2198 3331 μεθα
2227 3263 2407 3315 αὐτῶν
2428 3263 2522 3315 καὶ
2554 3261 2968 3332 ὑπερεύχεσθαι.
2990 3260 3089 3314 Διά
3118 3261 3224 3331 γὰρ
3253 3261 3410 3315 τοῦτο
3434 3261 3620 3332 τετάρ-

2054 3362 2155 3415 την
2183 3345 2391 3415 ἡμέραν
2420 3344 2623 3414 ταύτην
2660 3343 2768 3414 ἔχω
2805 3343 3181 3414 διαλεγόμενος
3218 3345 3345 3413 ύμῖν
3376 3346 3501 3414 περὶ
3534 3345 3621 3396 εὐ-

2055 3428 2154 3498 χῆς
2180 3428 2319 3497 ὑπὲρ
2346 3426 2454 3479 τῶν
2478 3425 2703 3497 ἐχθρῶν.
2740 3426 2826 3479 ἵνα
2886 3426 3108 3496 μόνιμος
3154 3426 3373 3497 γένηται
3413 3428 3509 3497 τῆς
3546 3427 3620 3479 δι.

2052 3510 2344 3573 δασκαλῖας
2364 3512 2392 3563 6
2429 3510 2605 3575 λόγος,
2640 3512 2705 3579 τῇ
2734 3510 2979 3580 συνεχείᾳ
3007 3509 3107 3578 τῆς
3138 3510 3510 3579 παραινέσεως
3538 3514 3620 3580 ρι-

2054 3591 2267 3656 ζωθείς.
2301 3591 2399 3644 Διά
2427 3590 2584 3644 τοῦτο
2614 3590 2852 3660 συνεχῶς
2888 3590 3259 3661 ἀπαντλοῦμαι
3299 3592 3412 3655 τοῖς
3442 3592 3621 3662 ῥήμα-

2055 3692 2158 3737 σιν,
2211 3674 2350 3727 ὥστε
2402 3674 2462 3727 τὸ
2506 3673 2704 3743 οἴδημα
2751 3676 2850 3743 τῆς
2896 3675 3063 3743 ὀργῆς
3105 3674 3483 3744 ύπονοστῆσαι,
3530 3678 3622 3729 καὶ

2052 3755 2449 3825 κατασταλῆναι
2485 3756 2585 3827 τὴν
2639 3755 2964 3825 φλεγμονὴν,
3005 3756 3144 3809 ὥστε
3178 3756 3415 3828 καθαρὸν
3454 3758 3619 3829 ὀργῆς

2052 3833 2189 3891 εἶναι
2219 3838 2310 3890 τὸν
2334 3840 2464 3909 εύχῇ
2514 3839 2821 3909 προσιόντα.
2868 3839 3001 3892 Ούδὲ
3024 3838 3131 3909 γάρ
3164 3841 3192 3893 ό
3219 3839 3455 3909 Χριστὸς
3480 3840 3620 3910 ύπέρ

2050 3919 2159 3973 τῶν
2187 3920 2393 3991 ἐχθρῶν
2448 3920 2617 3974 ταῦτα
2665 3920 2935 3992 παρῄνεσε
2984 3921 3161 3992 μόνον,
3192 3924 3329 3978 ἀλλά
3360 3925 3453 3978 καὶ
3482 3926 3620 3995 ὑπὲρ

2052 4002 2207 4073 ἡμῶν
2234 4003 2341 4056 τῶν
2400 4003 2662 4072 ἀφιέντων
2709 4004 2934 4067 ἐκείνοις
2968 4004 3037 4058 τὰ
3065 4006 3469 4077 ἁμαρτήματα⁶
3504 4009 3619 4078 μεί-

2052 4084 2180 4149 ζονα
2201 4084 2308 4155 γάρ
2347 4085 2640 4156 λαμϐάνεις
2687 4086 2720 4157 ἢ
2771 4086 2947 4151 δίδως,
2984 4088 3162 4155 ἀφιεὶς
3187 4087 3283 4160 τὴν
3317 4089 3485 4160 ὀργὴν
3541 4089 3619 4159 τῷ

2050 4166 2248 4237 ἐχθρῷ.
2311 4168 2419 4219 Καὶ
2482 4167 2597 4230 πῶς
2653 4165 2871 4236 μείζονα
2920 4168 3207 4240 λαμσάνω;
3259 4172 3442 4241 φησίν.
3494 4172 3617 4226 Ἐἀν

2050 4251 2267 4321 ἀφήσῃς
2296 4249 2365 4302 τὰ
2384 4250 2462 4312 εἰς
2492 4249 2581 4302 τὸν
2606 4248 2795 4319 ἐχθρὸν
2826 4252 3218 4323 ἁμαρτήματα,
3258 4256 3616 4325 συγχωρεῖταῖ

2052 4332 2239 4385 σοιτά
2291 4334 2370 4392 εἰς
2419 4332 2509 4385 τὸν
2554 4332 2828 4403 Δεσπότην
2876 4333 3337 4407 πλημμελήματα.
3406 4338 3617 4392 Ἐκεῖνα

2049 4414 2241 4467 ἁνίατά
2266 4416 2369 4467 εἰσι
2394 4414 2486 4467 καὶ
2512 4412 2659 4485 [378]
2686 4415 3263 4484 ἀσύγγνωσταοταῦτα
3282 4419 3478 4491 πολλὴν
3505 4421 3615 4491 ἔχει

2053 4497 2402 4567 παραμυθίαν
2428 4499 2520 4550 καὶ
2553 4497 2898 4570 συγγνώμην.
2930 4502 3191 4556 ’Ἄκουσον
3220 4502 3350 4572 γοῦν
3369 4505 3462 4557 τοῦ
3501 4506 3613 4559 Ἠλὶ

2050 4577 2295 4646 λέγοντος
2324 4580 2458 4649 πρὸς
2484 4582 2609 4642 τοὺς
2671 4582 2819 4643 υἱοὺς
2856 4581 3019 4635 αὑτοῦ
3044 4599 3059 4612 ο
3099 4585 3239 4638 Ἐὰν
3266 4587 3616 4655 ἁμαρτάνων

2051 4662 2280 4731 ἁμάρτῃ
2318 4663 2623 4731 ἅνθρωπος
2642 4665 2728 4729 εἰς
2767 4665 3096 4733 ἄνθρωπον,
3121 4668 3216 4720 καὶ
3247 4672 3613 4736 προσεύξον-

2047 4761 2141 4797 ται
2175 4746 2301 4812 περὶ
2317 4745 2502 4800 αὐτοῦ
2521 4762 2534 4776 ·
2564 4746 2672 4801 ἐὰν
2693 4746 2763 4799 δὲ
2777 4749 2864 4814 εις
2881 4748 3026 4803 Θεὸν
3047 4748 3291 4818 ἁμάρτῃ,
3320 4752 3408 4818 τις
3430 4769 3613 4821 προσ-

2047 4828 2281 4891 εύξεται
2302 4828 2433 4897 περὶ
2483 4829 2705 4891 αὐτοῦ;
2732 4831 2891 4883 Ὥστε
2926 4834 3095 4885 ἐκεῖνο
3136 4833 3196 4885 τὸ
3241 4835 3459 4906 τραῦμα
3490 4836 3611 4892 οὔτε

2047 4912 2180 4983 εὐχῇ
2212 4911 2406 4983 ῥᾳδίως
2430 4911 2611 4964 λύεται
2632 4928 2646 4942 ο
2672 4912 2802 4981 εὐχῇ
2836 4914 2935 4981 μὲν
2957 4915 3016 4966 ού
3046 4914 3249 4981 λύεται,
3271 4921 3611 4992 συγχωρήσει

2046 4994 2103 5047 δὲ
2134 4994 2238 5047 τῶν
2278 4995 2688 5064 ἁμαρτημάτων
2733 4994 2841 5046 τῶν
2895 4997 2972 5059 είς
3003 4997 3094 5050 τὸν
3126 4999 3350 5070 πλησίον
3375 5003 3608 5058 λέλυται.

2049 5077 2139 5129 Διὸ
2172 5078 2353 5129 ἐκεῖνα
2388 5076 2486 5145 μὲν
2535 5074 2702 5145 μύρια
2749 5077 2985 5132 τάλαντα
3017 5081 3272 5135 ἐκάλεσεν
3304 5086 3331 5136 6
3356 5087 3399 5136 Χ
3408 5087 3608 5154 ριστὺς,

2048 5158 2115 5211 τά
2152 5160 2230 5219 είς
2264 5158 2353 5210 τὸν
2383 5157 2659 5229 Δεσπότην
2699 5160 3095 5231 ἁμαρτήματα·
3127 5163 3297 5217 ταῦτα
3326 5165 3380 5218 δὲ
3419 5168 3610 5221 ἑκατὸν

2048 5238 2293 5308 δηνάρια.
2321 5240 2490 5307 Ἀφες
2528 5236 2621 5294 οῦν
2672 5242 2867 5295 ἐκατὺν
2896 5244 3141 5315 δηνάρια,
3190 5247 3275 5299 ἵνα
3315 5249 3487 5320 ἀφεθῇ
3529 5268 3610 5305 σοι

2051 5323 2215 5393 μύρια
2246 5321 2504 5375 τάλαντα.

2118 5447 2181 5516 β’.
2201 5448 2361 5502 Ἀλλά
2376 5450 2444 5503 τά
2462 5450 2563 5521 μὲν
2578 5450 2815 5522 περὶτῆς
2828 5453 2992 5523 εὐχῆς
3005 5454 3105 5523 τῆς
3128 5456 3266 5528 ύπέρ
3281 5457 3388 5512 τῶν
3405 5459 3610 5531 ἐχθρῶν

2052 5532 2251 5595 ἱκανῶς
2278 5534 2520 5603 εἴρηταιο
2553 5534 2645 5588 ἐπὶ
2689 5536 2746 5589 δὲ
2785 5537 2875 5589 τὸν
2905 5537 3002 5606 τῆς
3026 5538 3332 5609 προδοσίας,
3372 5545 3420 5596 εἰ
3443 5544 3605 5604 δοκεῖ,

2047 5613 2427 5686 ἐπανέλθωμεν
2456 5616 2632 5684 λόγον,
2664 5618 2756 5670 καὶ
2791 5618 2987 5688 ἴδωμεν
3013 5620 3132 5686 πῶς
3163 5624 3430 5695 παρεδόθη
3451 5624 3608 5695 ἡμῶν

2045 5700 2073 5749 ό
2098 5699 2390 5768 Δεσπότης.
2426 5700 2562 5753 Τότε
2604 5701 2913 5770 πορευθεὶς
2931 5698 3020 5770 εἷς
3046 5704 3164 5759 τῶν
3189 5706 3433 5773 δώδεκα,
3467 5708 3606 5763 Ἰού·

2046 5782 2155 5860 δας
2182 5783 2214 5833 ό
2231 5782 2550 5849 λεγόμενος
2566 5782 2952 5854 Ἰσκαριώτης,
2968 5789 3116 5855 πρὸς
3141 5790 3277 5858 τοὺς
3299 5791 3604 5860 ἀρχιερεῖς,

2044 5858 2173 5915 εἶπε
2191 5878 2203 5891 °
2231 5863 2292 5917 Τί
2316 5861 2517 5918 θέλετέ
2537 5882 2639 5933 μοι
2670 5864 2899 5935 δοῦναι,
2930 5870 3086 5939 κάγὼ
3114 5872 3252 5937 ὑμῖν
3283 5858 3608 5941 πένῇαδόκτω
