4432 6686
829 413 930 472 375

827 527 1048 593 avtdv;
1072 523 1182 581 Kal
1206 524 1356 580 δοκεῖ
1387 529 1490 597 μιν
1537 529 1708 598 σαφὲς
1730 524 1868 584 εῐναι
1888 529 1948 584 :6
1965 529 2284 602 λεγόμενον,
2313 527 2408 582 καὶ

833 610 995 682 μηδὲν
1025 609 1184 662 πλέον
1209 609 1540 664 αίνίττεσθαι
1566 627 1580 642 ·
1611 613 1660 665 εί
1692 612 1750 665 δέ
1789 629 1873 676 τις
1906 612 2153 684 ἀκριϐῶς
2183 611 2410 682 ἐξετάσῃ

828 695 886 746 ἐν
911 692 1136 746 ἕκαστον
1155 689 1263 744 τῶν
1289 690 1622 764 λεγομένων,
1664 693 1866 764 πολλὴν
1900 693 2012 764 ἔχει
2033 694 2132 766 τὴν
2155 693 2407 764 θεωρίαν,

827 775 924 830 καὶ
949 772 1082 826 πολὺ
1139 773 1202 828 τὸ
1265 773 1427 844 βάθος
1471 777 1582 830 τῶν
1631 775 1941 846 νοημάτων.
1975 778 2084 831 Καὶ
2121 776 2355 848 πρῶτον,
2379 777 2410 828 ὁ

831 856 1036 928 καιρός.
1073 856 1148 910 Ού
1177 855 1286 928 769
1313 857 1501 922 άπλῶς
1541 859 1702 912 αὐτὸν
1736 861 2158 931 ἐπισημαίνεται
2188 861 2217 912 6
2245 858 2408 926 εὐαγ-

828 939 1079 1009 γελιστής
1096 953 1111 968 ⁸
1147 940 1206 993 ού
1227 940 1336 1014 769
1367 935 1487 996 εἶπε
1515 942 1826 1010 πορευθείς
1847 945 2051 1008 ἁπλῶς.
2079 941 2214 996 ἀλλά
2241 958 2410 1014 1:900-

826 1023 986 1090 έθηκε
1019 1021 1082 1077 :6
1107 1023 1244 1078 Τότε
1267 1024 1598 1092 πορευθείς.
1640 1027 1778 1080 Τότε
1803 1043 1819 1088 ;
1841 1026 1962 1080 είπέ
1991 1043 2101 1096 μοι,
2129 1025 2288 1088 πότε;
2313 1023 2406 1078 καὶ

821 1105 963 1168 τίνος
988 1105 1175 1159 ἕνεκεν
1201 1107 1556 1174 ἐπισημαίνει
1584 1107 1676 1160 τδν
1693 1108 1914 1178 χρόνονς
1941 1109 1996 1160 τί
2031 1125 2096 1177 με
2115 1107 2404 1178 βούλεται·

820 1187 1063 1252 διδάξαι;
1103 1189 1177 1241 Οὐ
1217 1188 1326 1258 769
1383 1188 1573 1252 ἀπλῶς
1607 1192 1822 1260 εἴρηται
1857 1190 1936 1254 τὸ,
1970 1191 2126 1254 Τότε,
2169 1191 2264 1244 καὶ
2296 1191 2405 1260 769

825 1273 1100 1342 Πνεύματι
1129 1271 1500 1342 φθεγγόμενος
1524 1272 1644 1324 οὐδὲ
1677 1271 1863 1336 ἁπλῶς
1890 1272 2012 1326 ούδέ
2031 1273 2154 1342 είκῆ
2180 1272 2405 1342 φθέγγε-

823 1372 933 1410 ται.
959 1356 1023 1408 Τί
1051 1350 1142 1408 οὗν
1160 1357 1277 1408 ἐστι
1300 1343 1382 1414 :6.
1402 1358 1570 1416 Τότε;
1605 1356 1718 1427 Πρὸ
1749 1355 1916 1410 αὐτοῦ
1945 1356 2040 1410 τοῦ
2065 1357 2280 1430 χρόνου,
2297 1357 2404 1428 πρὸ

823 1437 987 1506 αὐτῆς
1017 1437 1115 1506 τῆς
1156 1435 1308 1508 ὥρας
1354 1433 1629 1508 προσῆλθε
1679 1439 1874 1510 πόρνη,
1918 1438 2260 1510 ἀλάϐαστρον
2304 1439 2404 1510 μύ-

823 1536 915 1590 ρου
963 1521 1181 1588 ἔχουσα,
1229 1519 1324 1572 καὶ
1375 1520 1604 1589 κατέχεε
1647 1520 1708 1573 :6
1745 1520 1924 1574 ἔλαιον
1965 1523 2143 1574 ἐκεῖνο
2183 1523 2276 1576 ἐπὶ
2302 1522 2404 1592 τήν

817 1601 1056 1671 κεφαλὴν
1079 1602 1171 1654 :06
1201 1601 1427 1672 Κυρίου.
1473 1603 1818 1668 Ἐπεδείξατο
1852 1605 2052 1674 πολλὴν
2080 1605 2400 1673 θεραπείαν,

819 1683 1130 1748 ἐπεδείξατο
1185 1685 1387 1753 πολλὴν
1437 1685 1639 1750 πίστιν,
1677 1685 1880 1756 πολλὴν
1916 1687 2166 1758 ὑπακοὴν
2189 1690 2284 1742 καὶ
2311 1690 2402 1742 εύ-

815 1763 1036 1819 λάϐειαν
1059 1781 1071 1794 ·
1117 1765 1422 1836 μετεϐλήθη
1460 1767 1568 1818 ἀπὸ
1601 1767 1696 1820 τοῦ
1725 1767 1992 1839 προτέρου
2019 1769 2158 1839 βίου,
2186 1771 2400 1838 ἐγένετο

819 1847 1042 1918 βελτίων
1090 1848 1186 1901 καὶ
1239 1850 1678 1921 σωφρονεστέρα.
1716 1852 1828 1905 Kal
1850 1853 1940 1906 ὅτε
1977 1854 2011 1922 ή
2053 1853 2224 1924 πόρνη
2270 1871 2399 1923 μετ-

816 1931 1058 2004 ενόησεν,
1111 1931 1202 1986 ὅτε
1247 1933 1339 1986 τὸν
1369 1933 1647 2005 Δεσπότην
1684 1935 2050 2002 ἐπεσπάσατο,
2084 1937 2204 1990 τότε
2231 1939 2260 1989 ὁ
2296 1955 2392 2008 μα·

815 2014 983 2086 θητής
1029 2016 1118 2068 τὸν
1169 2015 1489 2070 διδάσκαλον
1535 2016 1834 2088 προέδωκε.
1893 2019 1991 2072 Διά
2051 2019 2208 2072 τοῦτο
2255 2015 2395 2086 εἷπε,

819 2098 975 2161 Τότε,
1009 2099 1094 2152 [va
1118 2099 1194 2168 μὴ
1211 2101 1592 2172 κατηγορήσῃς
1615 2101 1710 2154 :06
1737 2102 2061 2156 διδασκάλου
2087 2103 2395 2168 ἀσθένειαν,

809 2183 937 2236 ὃταν
966 2182 1083 2254 ἴδῃς
1139 2180 1230 2236 τὸν
1288 2182 1538 2252 μαθητὴν
1572 2184 1892 2254 προδιδόντα
1921 2185 2010 2238 τὸν
2055 2186 2395 2241 διδάσκαλον.

813 2264 1062 2336 Τοσαύτη
1093 2264 1202 2338 769
1251 2259 1322 2336 ἦν
1369 2267 1405 2335 ή
1431 2265 1662 2337 δύναμις
1702 2267 1796 2320 :06
1824 2267 2164 2332 διδασκάλου,
2195 2269 2271 2334 ὡς
2302 2270 2399 2324 καὶ

811 2351 1016 2422 πόρνας
1049 2348 1386 2404 ἐπισπᾶσθαι
1410 2351 1490 2414 είς
1519 2350 1618 2420 τὴν
1643 2349 1850 2404 οἰκείαν
1881 2351 2148 2424 ὑπακοήν.

878 2435 945 2488 Τί
962 2430 1076 2498 οὖν,
1107 2435 1292 2504 φησὶν,
1318 2435 1348 2487 ὁ
1377 2433 1582 2505 πόρνας
1600 2433 2002 2507 ἐπισπώμενος,
2029 2437 2279 2508 μαθητὴν
2299 2437 2399 2491 οὐκ

812 2515 1030 2587 ἴσχυσεν
1089 2515 1528 2581 ἐπισπάσασθαι;
1575 2518 1792 2587 Ἰσχυεν
1848 2519 2249 2573 ἐπισπάσασθαι
2309 2521 2396 2574 τὸν

813 2600 1081 2672 μαθητὴν,
1111 2599 1226 2653 ἀλλ’
1260 2599 1362 2653 οὐκ
1404 2599 1665 2670 ἠϐούλετο
1707 2601 1922 2674 ἀνάγκη
1963 2603 2188 2673 ποιῆσαι
2209 2603 2394 2667 καλὸν,

809 2683 928 2737 οὐδὲ
969 2683 1060 2756 βίᾳ
1081 2681 1306 2736 ἐλκύσαι
1330 2683 1466 2754 πρὸς
1482 2684 1696 2738 ἐαυτόν.
1729 2687 1867 2739 Τότε
1891 2688 2222 2754 πορευθείς.
2241 2688 2394 2758 Ἔχει

809 2783 864 2820 τι
893 2767 988 2820 καὶ
1019 2765 1180 2819 τοῦτο
1200 2765 1261 2818 ού
1297 2765 1493 2838 μικρὸν
1531 2766 1813 2838 θεώρημα,
1847 2769 1928 2832 τὸ,
1953 2770 2268 2836 Πορευθείς
2285 2783 2301 2798 ·
2329 2770 2394 2822 οὐ

811 2851 920 2922 769
951 2849 1310 2922 μετακληθεὶς
1355 2849 1461 2903 ὁπὸ
1494 2849 1604 2904 τῶν
1645 2852 1972 2924 ἀρχιερέων,
2015 2854 2116 2908 οὐκ
2150 2856 2396 2923 ἀναγκα-

812 2934 960 2999 σθεὶς
987 2933 1108 2986 ούδέ
1141 2933 1406 3004 βιασθεὶς,
1436 2933 1551 2988 ἀλλ’
1583 2935 1744 2999 αὐτὸς
1769 2935 1862 3007 ἀφ’
1898 2937 2091 2991 ἑαυτοῦ
2124 2939 2220 2991 καὶ
2253 2941 2396 2993 οἷκο-

808 3017 900 3070 θεν
934 3017 1086 3071 ἔτεκε
1101 3017 1192 3070 τὸν
1220 3017 1392 3080 δόλον,
1409 3020 1505 3072 καὶ
1520 3019 1620 3091 τὴν
1646 3019 1874 3091 γνώμην
1901 3021 2136 3092 ἐξήγαγε
2163 3022 2392 3094 ταύτην,

805 3099 996 3156 οὐδένα
1033 3101 1172 3172 ἔχων
1206 3099 1510 3171 σύμϐουλον
1543 3101 1646 3170 τῆς
1693 3103 1959 3173 πονηρίας
1991 3103 2215 3174 ταύτης.
2259 3107 2396 3160 Τότε

804 3185 1114 3252 πορευθείς
1152 3178 1241 3250 εἷς
1275 3183 1396 3238 τῶν
1419 3183 1668 3240 δώδεκα.
1709 3185 1776 3238 Τί
1809 3187 1978 3250 ἐστιν,
2013 3181 2115 3254 Εἷς
2141 3188 2261 3241 τῶν
2285 3189 2394 3242 δώο

803 3267 984 3330 δεκα;
1017 3269 1126 3322 Kal
1143 3267 1302 3322 τοῦτο
1322 3268 1589 3340 μεγίστην
1612 3265 1762 3338 αύτῷ
1799 3269 2068 3324 δείκνυσιν
2099 3267 2264 3325 οὖσαν
2293 3273 2391 3344 τήν

803 3353 1137 3426 κατηγορίαν
1191 3351 1270 3424 τῷ
1319 3355 1515 3420 είπεῖν,
1556 3347 1661 3420 Εἷς
1689 3351 1810 3408 τῶν
1845 3353 2093 3409 δώδεκα.
2136 3357 2246 3410 Kal
2282 3357 2391 3430 769

801 3433 942 3508 ἦσαν
986 3435 1162 3507 ἐτεροι
1214 3435 1452 3506 μαθηταὶ
1515 3436 1595 3507 τῷ
1651 3435 1828 3508 Ἰησοῦ
1885 3437 2256 3509 ἐϐδομήκοντα
2299 3441 2391 3494 τὸν

803 3518 1071 3590 ἀριθμόν·
1113 3519 1228 3572 ἀλλ’
1295 3519 1491 3572 ἐκεῖνοι
1549 3519 1618 3573 τά
1681 3520 1961 3590 δευτερεῖα
2003 3518 2168 3590 εἶχον,
2193 3523 2391 3577 ἐκεῖνοι

802 3605 862 3656 οὐ
893 3602 1157 3669 τοσαύτης
1185 3603 1455 3656 ἀπέλαυον
1482 3603 1582 3672 τῆς
1611 3603 1797 3673 τιμῆς,
1819 3603 1939 3656 ούδέ
1969 3605 2234 3676 τοσαύτης
2257 3625 2389 3675 μετ-

801 3691 946 3758 εῖχον
977 3687 1076 3756 τῆς
1133 3685 1470 3757 παρρησίας,
1509 3686 1609 3738 οὐκ
1655 3685 2016 3756 ἐκοινώνησαν
2059 3689 2388 3760 ἀπορρήτων

800 3769 1073 3834 τοσοῦτον,
1099 3769 1175 3830 ώς
1218 3769 1268 3820 οί
1320 3767 1550 3822 δώδεκα.
1595 3761 1756 3821 06:0:
1797 3769 2032 3839 μάλιστα
2073 3766 2215 3842 ἦσαν
2243 3771 2390 3826 δόκι-

801 3871 916 3925 μοι,
955 3855 1050 3906 καὶ
1079 3855 1108 3906 6
1136 3853 1266 3924 περὶ
1291 3851 1382 3904 τὸν
1423 3851 1648 3922 βασιλέα
1677 3853 1838 3925 χορὸς
1857 3845 2008 3917 οὗτος
2036 3850 2104 3926 ἦν
2122 3872 2136 3885 ·
2177 3855 2316 3928 αὕτη
2349 3859 2383 3929 ή

801 3935 1080 4006 συμμορία
1103 3935 1138 4005 ἡ
1171 3935 1300 4004 περὶ
1325 3934 1416 3986 τὸν
1439 3933 1777 4000 διδάσκαλον,
1801 3936 1896 3990 καὶ
1919 3936 2026 3988 61:6
2047 3937 2252 4008 ταύτης
2299 3939 2384 4004 ἐξ.

798 4019 1071 4089 ιπήδησεν
1097 4019 1126 4070 6
1167 4015 1384 4080 Ἰούδας.
1414 4017 1510 4070 ’1ν’
1557 4013 1649 4072 οὖν
1709 4019 1883 4090 μάθῃς
1918 4020 2000 4072 ὅτι
2037 4020 2098 4072 οὐ
2136 4021 2386 4094 μαθητὴς

797 4101 983 4166 ἁπλῶς
1005 4101 1168 4154 αὑτὸν
1195 4099 1529 4172 προύδωκεν,
1557 4101 1690 4156 ἀλλά
1719 4103 1814 4172 τῆς
1838 4101 1986 4175 [579]
2007 4103 2385 4175 δοκιμωτάτης

794 4185 1000 4250 τάξεως
1029 4179 1133 4252 εἷς,
1163 4183 1252 4238 διά
1287 4183 1444 4238 τοῦτό
1474 4201 1639 4255 φησιν
1659 4201 1674 4214 ·
1707 4179 1812 4252 Εἷς
1853 4186 1966 4238 τῶν
1994 4185 2242 4243 δώδεκα.
2277 4191 2384 4244 Καὶ

794 4267 894 4322 οὐκ
915 4267 1224 4336 αἰσχύνεται
1245 4268 1273 4320 6
1289 4265 1460 4320 :a6:a
1484 4267 1698 4337 γράψας
1719 4267 2014 4332 Ματθαῶς.
2031 4270 2383 4336 Τίνοςένεκεν

795 4352 896 4404 ούκ
947 4349 1314 4420 αἰσχύνεται;
1351 4349 1471 4403 ’Ὶνα
1525 4349 1721 4422 μάθῃς,
1770 4350 1850 4403 ὅτι
1901 4353 2176 4424 πανταχοῦ
2241 4355 2382 4426 μετά

795 4434 1054 4506 ἀληθείας
1075 4433 1254 4488 πάντα
1271 4431 1617 4502 φθέγγονται,
1638 4434 1731 4485 καὶ
1752 4433 1902 4487 ούδέν
1917 4437 2380 4508 ἀποκρύπτονται,

795 4517 915 4571 οὐδὲ
938 4517 1007 4570 τά
1027 4516 1286 4570 δοκοῦντα
1334 4510 1472 4568 εἶναι
1508 4515 1841 4569 ἐπονείδιστα
1881 4517 1928 4568 b.
1963 4519 2148 4574 Ταῦτα
2179 4523 2289 4594 γὰρ
2313 4523 2383 4578 τά

795 4599 1053 4654 δοκοῦντα
1081 4596 1221 4653 εἶναι
1254 4599 1612 4659 ἐπονείδιστα,
1671 4599 1844 4654 ταῦτα
1882 4601 2122 4656 δείκνυσι
2156 4605 2248 4658 τοῦ
2283 4608 2381 4659 Δε·

798 4685 995 4738 σπότου
1029 4683 1128 4754 τὴν
1151 4683 1564 4754 φιλανθρωπίαν
1587 4698 1600 4712 ·
1632 4683 1712 4736 ὅτι
1737 4684 1829 4738 τὸν
1853 4686 2135 4756 προδότην,
2172 4691 2260 4742 τὸν
2284 4689 2380 4762 λῃ-

797 4767 944 4837 στὴν,
998 4767 1088 4821 τὸν
1135 4767 1400 4838 κλέπτην,
1435 4766 1702 4822 τοσούτων
1744 4767 1974 4836 ἠξίωσεν
2014 4771 2254 4838 ἀγαθῶν,
2285 4775 2380 4826 καὶ

796 4849 958 4920 μέχρι
981 4849 1077 4920 τῆς
1135 4851 1368 4920 ἐσχάτης
1427 4849 1802 4914 διαϐαστάζων
1836 4851 1997 4905 αὐτὸν
2023 4852 2246 4907 διετέλει
2278 4857 2379 4924 τῆς

791 4933 940 5004 ὥρας
963 4949 978 4964 ·
1013 4933 1110 4986 καὶ
1139 4933 1246 5004 769
1271 4933 1536 4987 ἐνουθέτει
1557 4935 1652 4988 καὶ
1680 4936 1910 5008 παρῄνει
1931 4937 2025 4990 καὶ
2047 4937 2223 4992 πάντα
2249 4939 2379 5010 τρό-

794 5035 890 5071 πον
915 5015 1254 5088 ἐπεμελεῖτο.
1295 5017 1354 5068 Εἰ
1403 5015 1460 5069 δέ
1511 5018 1585 5088 μὴ
1632 5021 1916 5089 προσεῖχεν
1951 5021 2180 5086 ἐκεῖνος,
2217 5023 2316 5095 οὐχ
2347 5027 2376 5078 ὁ

793 5099 987 5170 Κύριος
1019 5100 1190 5164 αἴτιος
1209 5118 1220 5130 ο
1255 5099 1349 5152 καὶ
1370 5099 1580 5170 μάρτυς
1611 5103 1644 5170 ή
1667 5102 1837 5172 πόρνη
1861 5119 1875 5133 ·
1907 5101 2044 5176 αὕτη
2070 5105 2178 5177 769
2207 5125 2375 5178 προσ-

790 5183 986 5252 ἐχουσα
1017 5185 1184 5252 ἑαυτῇ
1243 5181 1444 5252 ἐσώθη.
1479 5182 1568 5254 Μὴ
1619 5181 1798 5236 τοίνυν
1834 5183 2087 5258 ἀπογνῷς
2119 5189 2372 5256 σεαυτοῦ,

790 5265 928 5336 προς
951 5265 1049 5335 τὴν
1098 5265 1306 5335 πόρνην
1357 5263 1595 5318 ἀπιδών⁶
1643 5263 1777 5336 μηδέ
1816 5263 2101 5340 θαρρήσεις
2141 5271 2368 5342 σεαυτῷ,

793 5347 924 5417 πρὸς
952 5347 1041 5399 τδν
1073 5347 1275 5402 Ἰούδαν
1301 5346 1444 5400 ίδών.
1481 5347 1794 5418 Ἀμφότερα
1814 5347 1922 5419 γάρ
1938 5351 2110 5403 ταῦτα
2132 5349 2369 5424 ὀλέθρια,

788 5432 882 5486 καὶ
921 5430 984 5483 :6
1039 5430 1281 5500 θαρρεῖν,
1333 5429 1429 5484 καὶ
1469 5428 1532 5483 :6
1569 5429 2003 5497 ἀπογινώσκειν·
2033 5433 2095 5486 :6
2139 5435 2237 5504 μὲν
2263 5435 2371 5508 γάρ

787 5515 1011 5586 θαρρεῖν
1065 5512 1154 5566 τὸν
1202 5514 1470 5583 ἑστηκότα
1511 5514 1656 5566 ποιεῖ
1689 5515 1896 5576 πεσεῖν,
1923 5514 1986 5568 τὸ
2013 5515 2070 5569 δὲ
2101 5516 2374 5586 ἀπογινώ-

787 5613 934 5650 σκειν
946 5597 1037 5650 τὸν
1053 5595 1306 5664 κείμενον
1331 5596 1430 5650 οὐκ
1457 5597 1681 5666 ἀφίησιν
1701 5596 2016 5669 ἀναστῆναι.
2037 5599 2136 5653 Διά
2159 5599 2318 5654 τοῦτο
2341 5603 2372 5656 6

788 5679 992 5744 Παῦλος
1022 5677 1255 5752 παρῄνει
1279 5677 1479 5746 λέγων·
1512 5679 1576 5732 ⁸0
1590 5679 1784 5734 δοκῶν
1807 5681 2368 5750 ἐσττίνιιιηϐνῖεπέτω

846 5781 874 5811 ι
897 5781 1006 5854 51,5,
1035 5781 1212 5854 βούλει,
1232 5795 1332 5844 quo
1351 5783 1366 5854 l_
1383 5779 1426 5832 si
1465 5781 1749 5854 repipiagur.
1789 5783 2058 5854 lggelndum
2085 5785 2236 5838 etiam
2261 5789 2364 5842 erit

783 5842 1078 5906 {(60:57th
1100 5863 1122 5906 fl
1137 5842 1422 5906 ἐπισημαίνῃ
1441 5863 1462 5884 ιι
1483 5842 1770 5906 τὸν-χρόνον.
1801 5842 1931 5906 Εῇιτ.

845 5905 876 5948 λ
897 5905 993 5958 Alii
1016 5905 1122 5956 οὐδὲ
1147 5907 1241 5952 τῶν
1262 5903 1526 5953 δοκούντων
1548 5903 1664 5952 εἶναι
1681 5903 2025 5960 ἐπονειδίστιειει.

1581 411 1964 472 5.’3οΔΝΝ18
2001 415 2488 474 ῦηιιῑεοετυιυ
2527 417 2847 476 ARCHIEP.
2890 421 3440 482 CONSTANTINOP.

3979 433 4094 492 576

2510 529 2596 598 μὴ
2629 530 2813 600 πέσῃ.
2854 533 3038 604 Ἔχεις
3063 537 3389 610 ἀμφοτέρων
3416 538 3482 591 :6
3511 541 3948 613 παραδείγματα,
3977 547 4098 604 πῶς

2512 614 2541 664 6
2575 614 2820 700 μαθητὴς
2845 615 3018 700 δοκῶν
3055 620 3299 686 ἐστάναι,
3346 621 3538 676 ἐπεσε-
3570 623 3664 677 καὶ
3701 625 3817 690 πῶς
3843 629 3878 696 ή
3917 630 4092 700 πόρνη

2511 699 2762 770 κειμένη,
2790 699 3013 770 ἀνέστη.
3050 703 3338 760 Εῠόλισθον
3377 705 3533 778 ήμῶν
3561 708 3595 779 ή
3621 707 3836 780 γνώμη,
3873 699 4094 785 εὐπερίὲ

2509 797 2744 864 τρεπτον
2761 785 2796 856 ή
2827 785 3148 856 προαίρεσις
3165 804 3180 818 ο
3215 789 3302 844 6:6
3333 791 3492 846 τοῦτο
3511 793 3736 856 ἑαυτοὺς
3757 797 4094 864 πανταχόθεν

2509 863 2903 948 ἀσφαλίζεσθαι
2957 868 3049 920 καὶ
3085 871 3414 940 τειχίζεσθαι
3447 877 3576 946 χρή.
3612 877 3747 931 Τότε
3778 863 4094 948 πορευθεὶς

2507 942 2597 1014 εἷς
2642 949 2762 1004 τῶν
2793 951 3038 1018 δώδεκα,
3084 953 3306 1020 Ἰούδας
3353 942 3746 1028 Ἰσκαριώτης.
3786 942 3950 1031 Ὀῥᾷς
3983 942 4094 1016 61:6

2509 1031 2664 1084 ποίου
2691 1035 2852 1104 χοροῦ
2880 1035 3166 1101 ἐξέπεσενς
3205 1038 3338 1108 ὁρᾷς
3382 1041 3542 1106 ποίας
3562 1042 3908 1107 διδασκαλίας
3961 1063 4094 1098 κατ-

2507 1115 2840 1200 εφρόνησεν;
2873 1123 3005 1191 ὁρᾷς
3061 1121 3184 1174 ὅσον
3229 1123 3396 1176 κακόν
3431 1124 3635 1196 ἐστινή
3677 1124 3916 1196 ῥᾳθυμία
3940 1129 4032 1180 καὶ
4053 1131 4090 1200 ή

2505 1196 2796 1270 ὁλιγωρία;
2841 1205 3062 1270 Ἰούδας
3081 1207 3114 1258 ὁ
3133 1207 3454 1274 λεγόμενος
3493 1208 3890 1277 Ἰσκαριώτης.
3905 1211 3968 1262 Τί
3998 1196 4089 1280 μοί

2506 1279 2686 1350 λέγεις
2715 1286 2881 1340 αὐτοῦ
2932 1289 3029 1358 τὴν
3059 1288 3245 1350 πόλιν;
3277 1287 3402 1341 Εἴθε
3437 1289 3510 1361 μή
3545 1291 3734 1346 τοῦτον
3769 1279 4089 1360 ἐγίνωσκονῐ

2519 1365 2746 1434 Ἰούδας
2765 1372 2797 1422 ό
2822 1374 3145 1438 λεγγῖμενος
3185 1371 3575 1440 Ἰσκαριώτης.
3607 1375 3762 1439 Τίνος
3787 1375 3970 1428 ἐνεκεν
3991 1381 4090 1448 τὴν

2505 1449 2660 1533 πόλιν
2719 1451 2884 1506 αύτοῦ
2931 1453 3140 1520 λέγειςς
3174 1448 3282 1506 Ἦν
3330 1453 3516 1524 ἕτερος
3559 1457 3759 1521 Ἰούδας
3814 1459 4084 1533 μαθητὴς.

2503 1529 2748 1604 ζηλωτὴς
2795 1535 3238 1606 ἐπικαλούμενος.
3270 1537 3366 1590 'lv'
3399 1535 3492 1590 οὖν
3521 1538 3608 1592 διά
3641 1541 3740 1609 τῆς
3768 1529 4088 1614 ὁμωνυμίας

2506 1615 2580 1685 μὴ
2615 1618 2836 1689 γένηταί
2863 1637 2946 1682 τις
2968 1619 3165 1688 πλάνη,
3191 1619 3351 1672 διεῖλε
3375 1619 3566 1674 τοῦτον
3603 1623 3698 1675 ἀπ’
3734 1625 3962 1688 ἐκείνου,
3991 1629 4088 1682 καὶ

2503 1701 2708 1756 ἐκεῖνον
2733 1705 2829 1773 μὲν
2853 1704 2958 1756 61:6
2988 1703 3087 1773 τῆς
3116 1703 3316 1774 ἀρετῆς
3343 1704 3642 1774 ὠνόμασεν,
3687 1708 3888 1773 Ἰούδας
3923 1713 3952 1764 ὁ
3983 1711 4084 1781 ζη-

2502 1781 2679 1855 λωτής
2699 1801 2712 1815 ·
2737 1787 2920 1840 τοῦτον
2957 1785 3012 1838 δέ
3041 1787 3140 1840 ούκ
3182 1785 3467 1858 ὠνόμασεν
3497 1791 3604 1842 ἀπὸ
3627 1791 3722 1860 τῆς
3759 1793 3988 1856 κακίας·
4019 1795 4082 1846 ού

2501 1866 2610 1936 769
2633 1865 2804 1932 εἶπεν,
2842 1869 3038 1932 Ἰούδας
3066 1872 3094 1924 6
3119 1871 3402 1943 προδότης.
3441 1874 3633 1926 Καίτοι
3664 1876 3849 1946 ἐχρῆν,
3893 1875 4084 1946 ῶσπερ

2504 1951 2710 2004 ἐκεῖνον
2735 1951 2842 2004 ἀπὸ
2881 1951 2982 2021 τῆς
3027 1955 3229 2024 ἀρετῆς
3259 1957 3542 2020 ἐκάλεσεν,
3583 1956 3724 2010 οὕτω
3757 1959 3850 2010 καὶ
3891 1957 4083 2010 τοῦτον

2502 2033 2610 2086 61:6
2640 2036 2738 2104 τῆς
2775 2035 2968 2098 κακίας
3007 2039 3469 2110 προσαγορεύσαι,
3509 2042 3604 2094 καὶ
3645 2043 3837 2096 είπεῖν.
3882 2040 4084 2106 Ἰούδας

2499 2117 2528 2168 6
2551 2117 2812 2188 προδότης
2836 2134 2850 2148 ·
2873 2117 2988 2170 ἀλλ’
3015 2119 3102 2172 ἵνα
3133 2137 3190 2174 σε
3224 2121 3485 2195 παιδεύσῃ
3500 2122 3744 2194 καθαράν
3769 2123 3913 2192 ἐχειν
3945 2141 4080 2177 κατ-

2501 2201 2728 2272 ηγορίας
2771 2200 2872 2271 τὴν
2916 2200 3184 2268 γλῶτταν,
3219 2206 3312 2258 καὶ
3345 2205 3510 2260 αὑτοῦ
3544 2203 3638 2258 τοῦ
3671 2205 3930 2274 προδότου
3961 2207 4082 2275 φεί-

2497 2283 2668 2338 δεται.
2713 2287 3034 2352 Πορευθείς
3089 2288 3233 2359 γὰρ,
3288 2290 3484 2359 φησὶν,
3531 2283 3620 2352 εἷς
3673 2285 3788 2340 τῶν
3829 2287 4080 2355 δώδεκα,

2511 2365 2735 2434 Ἰούδας
2773 2369 3169 2438 Ἰσκαριώτης,
3205 2373 3356 2439 πρὸς
3408 2373 3549 2437 τοὺς
3571 2371 3880 2439 ἀρχιερεῖς,
3911 2369 4084 2428 εἶπεν

2495 2451 2700 2516 αὐτοῖς
2723 2468 2736 2480 ·
2769 2453 2830 2506 Τί
2851 2471 2952 2522 μοι
3007 2455 3210 2508 θέλετε
3250 2455 3480 2516 δοῦναι,
3520 2455 3682 2523 κάγὼ
3712 2456 3854 2526 ὑμῖν
3896 2473 4082 2528 παρα-

2496 2529 2668 2586 δώσω
2688 2536 2876 2589 αὐτόν
2895 2553 2912 2600 ;
2931 2538 2994 2590 ’Ὠ
3010 2539 3106 2606 τῆς
3135 2539 3333 2608 μιαρᾶς
3355 2538 3570 2606 ἐκείνης
3596 2539 3807 2609 φωνῆςί
3833 2541 3942 2594 Kal
3965 2541 4081 2606 πῶς

2497 2617 2796 2689 ἐξεπήδησε
2823 2619 2917 2672 :06
2955 2619 3248 2688 στόματος;
3276 2619 3637 2692 πῶς’ἐκίνησε
3671 2621 3767 2693 τὴν
3791 2621 4074 2692 γλῶσσανς

2496 2701 2614 2764 πῶς
2644 2703 2745 2755 οὐκ
2781 2703 3080 2774 ἐνάρκησεν
3107 2701 3250 2756 ἅπαν
3271 2702 3332 2757 τὸ
3373 2703 3533 2774 σῶμα
3557 2722 3570 2769 ;
3596 2703 3711 2768 πῶς
3753 2705 3851 2758 οὐκ
3885 2704 4076 2778 ἐξέστη

2495 2785 2530 2856 ή
2560 2785 2767 2839 διάνοια
2789 2803 2804 2851 ;

2566 2909 2634 2977 γ’.
2682 2911 2742 2964 Τί
2769 2909 2968 2964 θέλετέ
2995 2929 3096 2980 μοι
3131 2912 3362 2978 δοῦναι,
3391 2915 3552 2986 κάγὼ
3581 2915 3722 2986 ὑμῖν
3745 2919 4076 2987 παραδώσω

2493 2994 2679 3046 αὐτόν
2701 3010 2721 3058 ;
2745 2993 2929 3046 Ταῦτά
2951 3012 3010 3046 σε
3035 2997 3354 3050 ἐπαίδευσεν
3379 3002 3406 3053 6
3426 3001 3681 3070 Χριστὸς,
3710 3001 3830 3054 εἰπέ
3854 3019 3981 3072 μοις
4010 3005 4072 3056 ού

2495 3074 2584 3128 διά
2605 3075 2761 3130 τοῦτο
2785 3075 2960 3144 ἔλεγε,
2987 3078 3082 3146 Μὴ
3113 3078 3422 3146 κτήσησθε
3469 3083 3729 3152 χρυσὸν,
3781 3084 3930 3148 μηδὲ
3971 3085 4076 3153 dp—

2493 3176 2694 3228 τυρον,
2724 3159 2880 3229 μηδὲ
2916 3161 3152 3231 χαλκὸν
3207 3165 3295 3229 είς
3329 3165 3434 3232 τὰς
3457 3164 3639 3230 ζώνας
3653 3169 3838 3235 ὑμων,
3867 3167 4074 3221 ἀνωθεν

2493 3243 2944 3312 προαναστέλλων
2978 3261 3071 3298 σου
3101 3246 3200 3316 τῆς
3236 3247 3602 3322 φιλαργυρίας
3631 3249 3729 3319 τὴν
3771 3251 4024 3306 ὑπόθεσιν
4053 3271 4068 3318 ;

2490 3327 2552 3379 ού
2577 3325 2750 3380 ταῦτα
2789 3327 3022 3398 παρῄνει
3051 3327 3314 3399 διηνεκῶς
3339 3333 3432 3386 καὶ
3464 3332 3603 3403 μετά
3631 3332 3832 3387 τούτων
3865 3335 4068 3404 ἔλεγεν,

2504 3408 2648 3462 Ἐάν
2667 3409 2758 3474 τίς
2781 3426 2856 3464 σε
2867 3411 3100 3478 ,ὀαπίσῃ
3119 3415 3205 3478 είς
3231 3413 3346 3480 τὴν
3367 3413 3576 3480 δεξιὰν
3603 3419 3875 3486 σιαγόνα,
3902 3419 4072 3486 στρέ-

2491 3494 2614 3559 ψον
2636 3490 2798 3558 αὐτῷ
2838 3493 2936 3546 καί
2965 3492 3080 3560 τὴν
3107 3495 3306 3564 ἄλλην
3322 3515 3342 3562 ;
3383 3499 3443 3552 Τι
3477 3500 3678 3556 θέλετέ
3709 3515 3812 3570 μοι
3835 3499 4066 3566 δοῦναι,

2490 3575 2654 3644 κάγὼ
2697 3575 2846 3646 ὑμῖν
2887 3577 3222 3644 παραδώσω
3257 3583 3478 3645 αὐτόν;
3521 3583 3586 3634 Ὦ
3631 3599 3730 3651 της
3777 3585 4064 3647 ἀπονοίαςί

2501 3659 2646 3714 ’Λντὶ
2679 3661 2846 3726 τίνος,
2895 3661 3016 3714 είπέ
3071 3681 3195 3732 μοις
3248 3665 3302 3718 τί
3337 3664 3587 3736 μικρὸνῆ
3626 3665 3770 3735 μέγα
3819 3667 4068 3735 ἐγκαλεῖν

2487 3743 2648 3816 ἔχων.
2701 3747 3011 3818 παραδίδως
3043 3749 3134 3802 τὸν
3157 3749 3476 3803 διδάσκαλον
3503 3765 3518 3814 ;
3557 3750 3639 3801 6::
3668 3767 3750 3804 σοι
3785 3752 4066 3823 παρέδωκε

2485 3829 2594 3883 τῶν
2621 3828 3058 3902 [58θιδαιμόνων
3083 3834 3181 3902 τὴν
3203 3833 3480 3896 ἐξουσίανς
3507 3833 3590 3884 ὅτι
3613 3835 3890 3902 νοσήματα
3918 3835 4067 3888 λύειν

2487 3911 2740 3978 ἐποίησεν
2759 3928 2773 3974 ;
2791 3911 2874 3964 ὅτι
2899 3911 3106 3982 λέπρας
3124 3913 3436 3984 καθαίρειν;
3459 3915 3540 3966 ὅτι
3555 3913 3781 3983 νεκροὺς
3805 3915 4027 3986 ἀνιστᾷν
4047 3935 4060 3980 ;

2485 3995 2568 4048 ὅτι
2589 3997 2655 4065 τῇ
2683 3995 2958 4065 τυραννίδι
2986 3995 3254 4064 ἐπέστησε
3289 3997 3382 4049 :06
3425 3997 3686 4062 θανάτου;
3719 3998 3838 4052 ἀντὶ
3859 3999 4064 4052 τούτων

2483 4076 2594 4130 τῶν
2623 4075 2951 4147 εὐεργεσιῶν
3001 4075 3206 4140 ταύτας
3263 4077 3420 4140 δίδως
3452 4081 3549 4142 τάς
3577 4079 3838 4150 άμοιϐάςς
3883 4083 3942 4136 TI
3966 4083 4062 4136 θέ-

2485 4158 2626 4212 λετέ
2669 4176 2772 4226 μοι
2817 4157 3048 4222 δοῦναι,
3090 4159 3252 4228 κάγὼ
3301 4160 3443 4228 ὑμῖν
3479 4162 4060 4226 παραδώσωλιῠτόνς

2489 4242 2554 4294 Ὠ
2585 4241 2684 4310 τῆς
2732 4241 3023 4304 ἀπονοίαςε
3077 4242 3275 4312 μᾶλλον
3317 4241 3396 4304 δέ,
3425 4241 3472 4296 ὣ
3515 4245 3609 4316 τῆς
3663 4247 4058 4318 φιλαργυρίαςί

2485 4325 2663 4378 πάντα
2701 4323 2812 4393 769
2855 4324 3036 4396 ἐκείνη
3087 4324 3242 4378 ἔτεκε
3289 4325 3356 4378 :6
3403 4327 3586 4380 κακά·
3647 4329 3862 4400 ἐκείνης
3901 4331 4060 4390 αὐτὸς

2485 4407 2854 4478 ἐπιθυμήσας,
2881 4408 3162 4480 προύδωκε
3191 4409 3280 4462 τὸν
3313 4409 3650 4466 διδάσκαλον.
3683 4413 3932 4466 Τοιοῦτον
3951 4413 4060 4483 γάρ

2484 4493 2634 4544 ἐστιν
2667 4492 2700 4560 ἡ
2733 4491 2944 4563 πονηρά
2995 4493 3120 4565 ῥίζα
3155 4493 3360 4564 ἐκείνη,
3397 4493 3648 4564 δαίμονος
3683 4493 4060 4564 χαλεπώτερον

2483 4573 2582 4636 τάς
2618 4573 2852 4639 ἁλούσας
2898 4575 3225 4646 ἐκϐακχεύει
3269 4575 3467 4646 ψυχάς,
3527 4575 3620 4629 καὶ⁵
3667 4578 3810 4628 ποιεῖ
3851 4577 4060 4642 πάντας

2482 4659 2718 4725 ἀγνοεῖν,
2750 4660 2844 4712 καὶ
2877 4661 3070 4713 ἑαυτὸν
3104 4660 3200 4712 καὶ
3241 4659 3368 4721 τοὺς
3415 4659 3642 4728 πλησίον
3673 4659 3766 4712 καὶ
3795 4661 3921 4724 τοὺς
3967 4663 4057 4733 τῆς

2483 4739 2692 4808 φύσεως
2721 4743 2936 4814 νόμους,
2967 4743 3062 4794 καὶ
3091 4739 3270 4792 αὐτῶν
3304 4739 3552 4792 ἐκϐάλλει
3580 4741 3686 4791 τῶν
3715 4743 3924 4810 φρενῶν
3961 4745 4056 4798 καὶ

2481 4825 2844 4895 παραπλῆγας
2886 4825 3198 4896 ἐργάζεται.
3224 4823 3364 4892 Ὅρα
3405 4823 3513 4892 769
3543 4822 3686 4875 πόσα
3713 4825 3962 4890 ἐξέϐαλεν
3991 4831 4056 4882 ἐκ

2477 4907 2576 4978 τῆς
2605 4909 2696 4962 :06
2738 4909 2905 4961 Ἰούδα
2937 4906 3116 4977 ψυχῆς
3141 4926 3152 4937 ·
3189 4907 3289 4976 τὴν
3331 4906 3567 4976 ὁμιλίαν,
3603 4905 3700 4976 τὴν
3741 4911 4050 4978 συνήθειαν,

2475 4991 2573 5062 τὴν
2602 4993 2888 5045 κοινωνίαν
2915 4991 3013 5060 τὴν
3043 4991 3100 5042 ἐν
3122 4989 3391 5060 τραπέζῃ,
3409 4988 3476 5039 τά
3499 4987 3770 5060 θαύματα,
3791 4993 3889 5063 τὴν
3908 4993 4054 5048 6:66-

2477 5075 2723 5138 σκαλίαν,
2750 5073 2846 5143 τὴν
2869 5073 3204 5143 παραίνεσιν,
3233 5071 3331 5142 τὴν
3349 5069 3628 5124 νουθεσίαν
3647 5087 3660 5102 ·
3685 5075 3858 5129 ταῦτα
3875 5079 4050 5130 πάντα

2474 5159 2554 5221 εἰς
2611 5157 2783 5226 λήθην
2831 5155 3082 5209 ἐνέϐαλεν
3127 5159 3160 5227 ή
3199 5155 3528 5225 φιλαργυρία
3581 5155 3718 5210 τότε.
3767 5161 3866 5214 Διά
3893 5159 4050 5214 τοῦτο

2473 5241 2700 5302 είκότως
2723 5239 2752 5291 ὁ
2777 5239 2988 5304 Παῦλος
3009 5241 3217 5308 ἔλεγεν,
3253 5237 3496 5296 δτιῬίτα
3523 5237 3762 5294 πάντων
3791 5240 3908 5294 τῶν
3943 5259 4050 5295 κα-

2473 5320 2598 5376 κῶν
2617 5321 2790 5374 ἐστιν
2820 5324 2857 5390 ἡ
2885 5321 3260 5392 φιλαργυρία.
3279 5319 3430 5374 -Τί
3459 5321 3663 5376 θέλετέ
3683 5341 3784 5392 μοι
3814 5323 4046 5382 δοῦναι.

2473 5404 2634 5474 κάγὼ
2665 5404 2805 5474 ὑμῖν
2833 5405 3168 5475 παραδώσω
3195 5403 3398 5456 αὐτόν.
3435 5405 3662 5477 Πολλήή
3695 5406 3923 5459 ἀπόνοια
3951 5405 4047 5457 τοῦ

2473 5489 2733 5560 ῥήματος.
2766 5490 3101 5562 Παραδίδως.
3127 5485 3250 5539 εἰπέ
3281 5503 3388 5556 μοι,
3413 5489 3504 5542 τὸν
3527 5491 3702 5544 πάντα
3719 5487 4044 5558 κρατοῦντα,

2469 5571 2560 5625 τὸν
2589 5571 2858 5645 δαιμόνων
2883 5569 3283 5636 ἐξουσιάζοντα,
3307 5574 3369 5643 τῇ
3401 5572 3636 5643 θαλάττῃ
3667 5569 4044 5634 ἐπιτάττοντα,

2465 5654 2558 5710 τὸν
2611 5657 2712 5728 τῆς
2755 5655 2972 5725 φύσεως
3013 5653 3268 5708 ἁπάντων
3305 5656 3612 5726 Δεσπότηνς
3639 5651 3736 5707 Ἴν⁹
3760 5647 3852 5706 οὖν
3881 5653 4048 5706 αὐτοῦ

2467 5741 2794 5810 καταστείλῃ
2827 5738 2927 5810 τὴν
2959 5737 3237 5804 ἀπόνοιαν,
3267 5740 3358 5794 καὶ
3411 5739 3558 5809 δείξῃ
3589 5739 3670 5790 ὅτι
3695 5737 3742 5788 εί
3783 5735 3858 5806 μὴ
3889 5736 4044 5789 ἐϐού-

2465 5821 2608 5884 λετο,
2643 5821 2740 5872 οὐκ
2769 5820 2833 5872 ἀν
2857 5821 3146 5894 παρεδόθη,
3191 5823 3418 5878 ἄκουσον
3451 5823 3500 5874 τί
3530 5823 3698 5873 ποιεῖ.
3727 5819 3858 5872 Κατ’
3883 5819 4044 5873 αὐτὸν

2467 5903 2555 5955 τὸν
2581 5903 2768 5970 καιρὸν
2829 5906 2926 5974 τῆς
2977 5907 3283 5977 προδοσίας,
3317 5907 3404 5960 ὅτε
3435 5901 3669 5972 ἐπῆλθον
3717 5899 3884 5970 αὐτῷ,
3914 5901 4044 5968 ξύλα
