4432 6688
384 438 487 492 875

386 551 442 602 Et
480 549 684 603 videtur
727 551 940 618 quidem
967 552 1014 605 id
1044 553 1183 622 quod
1214 551 1409 606 dictum
1445 563 1526 608 est
1565 556 1768 609 clarum
1792 570 1910 610 esse
1933 597 1948 619 ,

382 640 618 708 nihilque
660 642 888 710 amplius
934 643 1300 707 subindicare;
1333 643 1426 697 sed
1469 645 1511 698 si
1562 647 1682 714 quis
1709 653 1954 700 accurate

379 731 603 800 singula,
630 749 748 803 quae
788 734 928 787 dicta
956 741 1095 796 sunt,
1127 735 1413 801 examinet,
1446 751 1690 806 magnam
1719 736 1953 804 praebent

377 825 770 894 contemplandi
794 824 1090 887 materiam,
1117 826 1436 897 multamque
1457 842 1712 882 sensuum
1738 826 1954 895 profun-

378 913 617 968 ditatem.
651 915 827 967 Primo
850 923 1057 980 tempus
1079 916 1521 970 considerandum
1546 926 1645 971 est.
1669 915 1783 970 Non
1812 919 1952 970 enim

383 1007 692 1075 simpliciter
723 1006 850 1060 illud
895 1004 1090 1058 indicat
1116 1008 1473 1077 evangelista;
1505 1022 1677 1075 neque
1703 1007 1843 1060 enim
1869 1008 1951 1060 di-

383 1098 458 1150 xit
485 1099 654 1151 solum
677 1139 692 1163 ,
725 1097 892 1160 Abiit,
920 1096 1012 1149 sed
1042 1095 1266 1165 adjecit,
1301 1099 1438 1152 Tunc
1483 1098 1624 1151 abiit.
1652 1097 1830 1152 Tunc?
1868 1099 1954 1153 dic

383 1194 510 1245 mihi
539 1192 874 1260 quandonam
900 1230 915 1254 ,
947 1201 998 1244 et
1022 1207 1245 1258 quanam
1272 1193 1338 1246 de
1364 1207 1523 1246 causa
1557 1202 1762 1259 tempus
1810 1192 1950 1244 indi-

383 1283 502 1335 cet?
531 1281 653 1350 quid
683 1296 765 1332 me
788 1281 982 1334 docere
1011 1282 1121 1334 vult
1152 1281 1172 1334 ἲ
1202 1283 1314 1336 Non
1345 1283 1487 1337 enim
1537 1291 1736 1336 temere
1756 1282 1952 1335 dictum

382 1382 465 1426 est
491 1370 615 1424 illud
640 1411 654 1434 ,
684 1379 802 1422 tunc
835 1386 852 1422 :
880 1370 1135 1438 siquidem
1165 1387 1283 1425 cum
1311 1372 1510 1441 Spiritu
1549 1380 1726 1425 motus
1773 1372 1957 1439 loque-

385 1474 550 1527 retur,
579 1477 677 1515 nec
706 1471 905 1514 temere
935 1477 1031 1515 nec
1053 1463 1240 1516 frustra
1270 1464 1602 1532 loquebatur.
1627 1461 1766 1528 Quid
1799 1461 1956 1530 igitur

385 1563 466 1608 est
495 1552 642 1618 illud,
675 1553 828 1604 tunc?
859 1554 992 1607 Ante
1021 1554 1146 1608 illud
1180 1565 1418 1624 tempus,
1448 1564 1571 1607 ante
1602 1554 1742 1607 illam
1770 1553 1952 1608 boram

384 1644 607 1699 accessit
635 1644 882 1697 meretrix
914 1645 1232 1699 alabastrum
1263 1645 1514 1714 u-uguenti
1543 1643 1764 1708 habens,
1797 1653 1849 1699 et
1873 1644 1954 1698 ef-

388 1735 520 1788 fudit
547 1733 720 1786 oleum
776 1733 900 1787 illud
925 1749 1085 1804 super
1110 1743 1267 1802 caput
1317 1733 1547 1787 Domini.
1599 1733 1835 1804 Magnam
1866 1749 1956 1789 cu-

387 1842 498 1880 ram
544 1824 804 1889 ostendit,
837 1826 1087 1894 grandem
1118 1825 1309 1889 fidem,
1340 1825 1560 1878 multam
1589 1825 1942 1880 obedientiam

385 1933 446 1970 ac
475 1919 742 1986 pietatem;
772 1917 997 1984 priorem
1027 1917 1183 1970 vitam
1215 1917 1470 1982 mutavit,
1500 1916 1632 1970 facta
1659 1927 1740 1972 est
1769 1919 1958 1972 melior

384 2016 437 2059 et
505 2005 902 2072 temperantior.
954 2007 1018 2059 Et
1088 2006 1299 2074 quando
1367 2009 1618 2060 meretrix
1697 2007 1954 2076 resipuit,

386 2099 596 2162 quando
618 2094 716 2147 sibi
743 2095 1017 2148 Dominum
1049 2097 1308 2162 attraxit,
1343 2106 1470 2151 tunc
1510 2097 1800 2166 discipulus
1849 2114 1961 2152 ma-

385 2187 604 2255 gistrum
651 2184 899 2254 prodidit.
937 2185 1058 2239 Ideo
1086 2186 1236 2250 dixit,
1269 2196 1407 2252 tunc,
1440 2202 1508 2242 ne
1551 2188 1857 2256 magistrum
1883 2187 1961 2240 in-

390 2276 651 2328 firmitalis
701 2289 1012 2339 accusares,
1062 2276 1148 2330 ubi
1199 2278 1407 2332 videres
1459 2294 1580 2333 eum
1624 2294 1654 2332 a
1702 2279 1961 2348 discipulo

385 2366 556 2435 prodi.
583 2366 746 2419 Tanta
789 2365 928 2419 enim
958 2366 1038 2418 vis
1066 2375 1177 2419 erat
1205 2369 1438 2437 magistri
1461 2411 1474 2433 ,
1501 2379 1556 2422 ut
1583 2370 1743 2424 etiam
1786 2383 1961 2424 merc-

389 2457 542 2510 trices
567 2456 633 2510 ad
663 2456 1060 2525 obsequendum
1088 2457 1188 2511 sibi
1223 2459 1567 2526 pertraheret.

459 2543 593 2598 Deus
618 2562 717 2598 non
739 2547 1024 2600 necessitate
1044 2548 1288 2614 pertrahit
1308 2548 1374 2600 ad
1398 2549 1580 2602 bonum
1601 2551 1870 2620 agendum.
1890 2580 1960 2592 —

390 2634 523 2699 Quid
553 2635 742 2703 igitur,
773 2635 977 2704 inquies
996 2678 1011 2701 ,
1037 2637 1126 2705 qui
1157 2637 1465 2692 meretrices
1494 2639 1697 2708 potuit,
1723 2638 1958 2709 discipu-

391 2725 494 2776 lum
523 2725 826 2792 pertrahere
847 2742 949 2778 non
978 2728 1147 2794 potuit
1174 2727 1198 2780 ?
1226 2727 1437 2781 Poterat
1481 2727 1699 2798 quidem
1724 2728 1962 2798 discipu-

392 2815 496 2867 lum
527 2816 848 2882 pertrahere,
881 2815 973 2869 sed
1019 2817 1185 2870 noluit
1229 2817 1375 2871 illum
1425 2819 1740 2873 necessitate
1763 2819 1960 2875 bonum

391 2906 582 2970 facere,
613 2921 783 2974 neque
808 2906 857 2958 vi
874 2905 938 2958 ad
964 2921 1020 2960 se
1051 2907 1372 2974 pertrahere.
1407 2907 1547 2961 Tum:
1566 2909 1755 2963 abiens.
1786 2909 1962 2963 Etiam

393 2993 517 3047 illud
538 3035 552 3058 ,
572 2995 740 3047 abiens
756 3036 769 3058 ,
788 2996 1015 3064 aliquam
1045 2996 1202 3050 habet
1226 2999 1615 3066 contemplandi
1642 3001 1915 3055 materiam
1945 3017 1959 3054 :

391 3099 494 3137 non
525 3085 665 3138 enim
695 3086 892 3138 accitus
925 3101 955 3139 a
980 3087 1304 3156 principibus
1333 3089 1666 3144 sacerdotum
1686 3133 1701 3158 ,
1734 3107 1838 3146 non
1870 3107 1962 3147 ne-

393 3175 637 3228 cessitate
682 3174 951 3241 inductus,
984 3191 1088 3229 non
1115 3188 1359 3243 coactus;
1395 3179 1489 3233 sed
1529 3195 1558 3233 a
1592 3183 1766 3251 seipse
1793 3191 1847 3236 et
1869 3199 1962 3238 sua

391 3277 577 3335 sponte
601 3266 778 3319 dolum
809 3267 1031 3336 peperit,
1061 3278 1112 3322 et
1137 3268 1274 3324 hanc
1289 3271 1478 3325 extulit
1497 3275 1814 3328 sententiam
1833 3315 1847 3340 ,
1872 3291 1963 3330 ne-

391 3359 532 3411 mine
579 3358 681 3411 alio
720 3358 818 3412 sibi
864 3360 1106 3428 nequitire
1155 3361 1310 3430 hujus
1356 3373 1592 3421 auctore.
1630 3365 1771 3420 Tunc
1796 3368 1964 3422 abiens

392 3464 520 3500 unus
548 3447 609 3500 de
645 3447 929 3500 duodecim.
955 3449 1088 3516 Quid
1116 3459 1216 3516 est,
1243 3451 1387 3506 Unus
1429 3455 1490 3507 de
1517 3455 1780 3510 duodecim
1806 3457 1831 3510 2
1858 3458 1968 3512 Hoc

395 3538 465 3590 illi
519 3554 710 3607 magno
753 3539 961 3593 crimini
996 3543 1245 3608 vertitur,
1293 3545 1431 3614 quod
1460 3547 1685 3611 dicatur,
1717 3548 1862 3604 Unus
1906 3551 1968 3604 de

393 3627 676 3679 duodecim.
711 3628 921 3683 Etenim
945 3640 1099 3685 erant
1132 3641 1185 3686 et
1213 3633 1300 3687 alii
1323 3634 1442 3689 Jesu
1476 3637 1717 3706 discipuli
1743 3655 1965 3694 numero

391 3718 720 3786 septuaginta
742 3735 755 3771 :
777 3719 870 3773 sed
902 3720 976 3774 illi
1004 3722 1264 3778 secundas
1291 3723 1572 3790 habebant,
1598 3728 1671 3780 illi
1697 3743 1799 3782 non
1819 3738 1964 3784 tanto

396 3807 705 3863 fruebantur
749 3810 968 3877 honore,
1017 3828 1116 3868 nec
1146 3823 1289 3870 tanta
1338 3828 1486 3872 erant
1517 3821 1718 3888 pr.editi
1744 3822 1963 3888 ﬁducia,

395 3914 496 3952 non
525 3909 786 3954 tantorum
813 3912 963 3958 erant
989 3905 1270 3975 participes
1286 3921 1600 3964 arcanorum
1619 3953 1632 3978 ,
1651 3921 1967 3981 quantorum

390 3992 669 4047 duodecim
702 3995 794 4050 illi.
825 3997 920 4052 llic
947 3999 1173 4053 maxime
1199 4001 1400 4068 probati
1429 4013 1599 4068 erant,
1636 4004 1717 4058 hic
1739 4017 1852 4060 erat
1881 4022 1968 4060 re-

397 4085 511 4151 gius
538 4087 752 4152 chorus;
781 4089 865 4144 hic
893 4105 1093 4146 cuneus
1113 4092 1364 4162 magistro
1392 4093 1600 4148 inurens
1625 4114 1637 4148 :
1667 4097 1733 4150 ab
1759 4097 1859 4151 hoc
1880 4113 1966 4152 re-

393 4175 521 4229 siliit
549 4177 731 4232 Judas.
765 4179 831 4235 Ut
854 4182 1010 4250 igitur
1037 4184 1209 4238 discas
1234 4198 1337 4237 non
1367 4184 1682 4254 discipulum
1705 4186 1963 4255 simplici-

398 4276 477 4320 ter
523 4271 692 4337 ipsum
750 4273 1078 4340 prodidisse,
1135 4275 1228 4329 sed
1273 4290 1435 4329 unum
1479 4292 1546 4331 ex
1598 4275 1964 4345 probatissimo

396 4358 612 4423 ordine,
640 4361 758 4414 ideo
785 4363 942 4426 dicit,
977 4365 1119 4419 Unus
1141 4370 1202 4419 de
1230 4369 1510 4421 duodecim.
1568 4369 1746 4439 Neque
1773 4371 1965 4424 erube-

391 4448 496 4500 scit
521 4449 584 4510 is,
607 4451 696 4518 qui
722 4451 834 4506 hazc
860 4455 1068 4522 scripsit
1097 4455 1393 4511 .‘llatthreus.
1451 4463 1624 4526 Quare
1650 4475 1755 4514 non
1780 4462 1966 4516 erube-

391 4539 528 4591 scit?
554 4537 619 4594 Ut
635 4541 805 4595 discas
823 4557 914 4595 eos
944 4558 1155 4613 semper
1178 4561 1296 4599 cum
1320 4549 1538 4602 veritate
1561 4558 1749 4603 cuncta
1766 4550 1962 4615 dicere,

395 4646 493 4684 nec
533 4633 613 4685 vel
658 4649 718 4688 ca
764 4634 957 4698 celare,
981 4651 1096 4704 qua:
1126 4635 1225 4690 sibi
1257 4638 1510 4706 probrosa
1536 4639 1798 4694 videntur.
1843 4641 1966 4696 llaec

395 4721 589 4789 quippe
633 4723 743 4791 ipsa
774 4739 889 4792 qua:
916 4724 1157 4778 videntur
1177 4725 1426 4794 probrosa
1445 4766 1460 4790 ,
1491 4726 1698 4780 Domini
1728 4727 1963 4798 benigni-

394 4819 552 4863 tatem
585 4814 899 4881 osteudunt,
931 4816 1069 4884 quod
1101 4815 1450 4885 proditorem,
1484 4816 1762 4882 latronem,
1795 4819 1964 4874 furem

393 4903 549 4953 tantis
567 4903 805 4971 dignatus
824 4906 892 4958 sit
916 4905 1155 4972 bouis,et
1176 4921 1341 4975 usque
1366 4907 1430 4961 ad
1456 4917 1748 4962 extremam
1778 4908 1962 4964 horam

392 4993 561 5060 ipsum
610 4995 806 5047 tulerit.
853 4997 1060 5050 Etenim
1098 4996 1448 5064 admouebat,
1479 4997 1816 5062 hortabatur,
1849 5012 1964 5051 om-

393 5096 622 5149 nemque
666 5097 846 5136 curam
874 5087 1254 5155 gerebatillius
1284 5105 1296 5140 :
1327 5089 1465 5155 quod
1513 5088 1556 5142 si
1597 5089 1685 5143 ille
1723 5103 1822 5141 non
1850 5089 1964 5142 ani-

394 5187 534 5226 mum
562 5171 819 5237 adhibuit,
850 5190 952 5229 non
986 5177 1035 5230 in
1064 5192 1216 5231 causa
1241 5185 1355 5230 erat
1391 5178 1664 5233 Dominus.
1689 5178 1856 5233 Testis
1881 5188 1963 5233 est

395 5275 504 5331 ipsa
553 5263 800 5315 meretrix
830 5281 843 5317 :
877 5265 961 5318 illa
994 5283 1221 5336 namque
1248 5282 1366 5320 cum
1397 5267 1495 5322 sibi
1521 5269 1842 5334 attenderet,
1875 5283 1960 5323 sa-

394 5354 553 5407 lutem
581 5363 730 5406 nacta
761 5363 859 5407 est.
890 5355 968 5409 Ne
999 5357 1175 5426 itaque
1215 5358 1465 5426 desperes
1488 5397 1502 5422 ,
1535 5359 1680 5414 illam
1710 5369 1963 5416 contuens

398 5445 754 5505 meretricem;
779 5459 945 5513 neque
966 5449 1202 5504 confidas
1226 5449 1336 5516 tibi,
1355 5447 1420 5503 ad
1443 5448 1629 5504 Judam
1653 5453 1961 5523 respiciens.

399 5537 684 5607 Utrumque
707 5536 845 5590 enim
871 5539 1225 5605 perniciosum
1247 5551 1328 5598 est
1343 5550 1396 5596 ct
1416 5541 1681 5597 conlidere
1704 5553 1758 5597 et
1778 5544 1965 5613 despe-

394 5643 511 5683 rare
543 5644 556 5680 :
588 5626 900 5683 confidentia
948 5629 1087 5682 enim
1118 5641 1344 5688 stantem
1373 5633 1686 5703 prosternit;
1714 5633 1967 5703 despera-

396 5720 468 5772 tio
483 5719 685 5789 lapsum
713 5733 988 5786 resurgere
1017 5735 1120 5772 non
1152 5722 1294 5776 sinit.
1328 5724 1450 5779 ideo
1478 5723 1666 5779 Paulus
1687 5721 1768 5776 his
1789 5723 1964 5779 verbis

395 5809 702 5865 hortabatur
734 5829 744 5864 :
778 5809 873 5875 Qui
895 5809 1081 5862 videtur
1111 5821 1261 5879 stare,
1289 5814 1451 5869 rideat
1480 5831 1541 5869 ne
1564 5815 1711 5869 cadat
1737 5813 1809 5886 (1.
1840 5814 1956 5870 Cor.

1473 447 1561 504 DE
1599 449 2006 507 PRODITIONE
2043 451 2236 508 JUDE
2266 451 2488 508 HOMIL.
2522 450 2565 508 Ι.

3526 443 3629 500 37f

2063 556 2150 611 to.
2184 553 2296 614 12).
2322 553 2495 610 llabes
2517 553 2791 608 amborum
2819 553 3081 625 exempla,
3108 551 3375 625 quomodo
3403 556 3626 624 discipu-

2057 646 2142 701 lus
2165 659 2285 700 curn
2306 653 2448 699 stare
2475 644 2762 708 videretur,
2793 643 3062 709 ceciderit,
3090 653 3144 700 et
3169 645 3436 716 quomodo
3459 662 3630 700 mere-

2060 739 2164 793 trix
2181 737 2364 807 jacens
2390 737 2704 792 surrexerit.
2736 736 2817 790 Ad
2843 735 3044 805 lapsum
3074 751 3274 805 pronus
3309 747 3390 790 est
3428 738 3634 789 animus

2059 838 2273 894 noster,
2315 830 2558 885 volubilis
2586 832 2826 884 voluntas
2856 847 2870 884 :
2902 830 3242 898 quamobrem
3272 845 3407 899 opus
3451 837 3534 882 est
3577 840 3635 880 ut

2059 935 2156 973 nos
2200 919 2432 989 undique
2490 921 2788 974 muniamus
2836 919 3226 988 sepiamusque.
3281 920 3418 973 Tunc
3465 919 3636 972 abiens

2057 1026 2186 1062 unus
2228 1010 2289 1063 de
2332 1009 2614 1074 duodecim,
2641 1008 2804 1062 Judas
2849 1008 3137 1063 lscariotes.
3196 1008 3380 1062 Viden‘
3413 1024 3444 1062 a
3492 1008 3632 1078 quali

2059 1099 2224 1152 choro
2253 1099 2509 1153 exciderit
2529 1099 2552 1150 ?
2572 1097 2745 1152 viden'
2777 1115 2932 1168 quam
2959 1098 3254 1152 doctrinam
3285 1097 3582 1168 despexerit
3614 1098 3635 1148 ?

2058 1190 2229 1243 viden‘
2268 1199 2520 1260 quantum
2564 1190 2759 1244 malum
2800 1191 2867 1242 sit
2891 1190 3144 1259 segnities
3183 1198 3237 1243 et
3269 1189 3634 1257 negligentia?

2057 1280 2222 1334 ludas
2250 1282 2334 1350 qui
2357 1281 2613 1334 dicebatur
2641 1280 2933 1334 Iscariotes.
2977 1280 3081 1334 Cur
3109 1281 3238 1334 mihi
3269 1280 3491 1350 patriam
3523 1279 3636 1347 ejus

2059 1385 2321 1424 memoras
2357 1375 2380 1422 ’ί
2409 1371 2619 1426 Utinam
2641 1387 2706 1424 ne
2737 1372 2908 1440 ipsum
2939 1371 3148 1438 quidem
3175 1386 3385 1424 nossem
3425 1371 3438 1423 ε
3469 1368 3636 1421 Judas

2057 1461 2144 1530 qui
2178 1459 2434 1512 dicebatur
2459 1458 2748 1512 Iscariotes.
2777 1457 2882 1513 Cur
2907 1459 3023 1526 ejus
3052 1458 3316 1512 civitatem
3346 1459 3586 1512 nominas
3613 1458 3636 1509 ?

2059 1552 2208 1605 Alius
2233 1557 2348 1606 erat
2384 1550 2544 1604 Judas
2571 1551 2878 1620 discipulus,
2910 1559 3264 1621 cognomento
3293 1549 3504 1602 Zelotes
3530 1567 3542 1600 :
3570 1565 3638 1602 ne

2059 1642 2217 1712 igitur
2237 1657 2302 1696 ex
2333 1641 2522 1696 eodem
2552 1643 2765 1695 nomine
2814 1658 2965 1696 error
3008 1651 3316 1697 nasceretur
3336 1682 3349 1705 ,
3384 1641 3522 1694 hunc
3561 1641 3640 1694 di-

2059 1733 2242 1786 stinxit
2261 1731 2327 1785 ab
2353 1731 2444 1785 illo
2468 1747 2482 1785 :
2505 1741 2556 1785 et
2579 1732 2722 1785 illum
2746 1731 2956 1800 quidem
2973 1749 3003 1786 a
3020 1734 3210 1787 virtute
3239 1731 3527 1786 nominavit
3547 1731 3640 1786 Ju-

2058 1821 2154 1875 das
2186 1821 2424 1886 Zelotes,
2461 1822 2604 1876 hunc
2635 1830 2815 1875 autem
2844 1836 2874 1875 a
2903 1822 3132 1891 nequitia
3158 1837 3262 1876 non
3295 1824 3587 1876 nominavit
3621 1840 3634 1876 :

2060 1927 2232 1981 neque
2281 1913 2421 1965 enim
2451 1912 2608 1978 dixit,
2639 1910 2802 1966 Judas
2831 1912 3089 1982 proditor.
3128 1913 3285 1980 Atqui
3327 1929 3420 1980 par
3443 1922 3558 1966 erat
3584 1923 3640 1967 ut

2061 2004 2208 2057 illum
2234 2019 2263 2057 a
2293 2005 2485 2059 virtute
2514 2004 2836 2071 nominavit,
2882 2005 3023 2059 hunc
3043 2005 3204 2058 etiam
3229 2019 3260 2057 a
3293 2005 3520 2073 nequitia
3548 2019 3642 2073 ap-

2063 2093 2260 2162 pellare
2286 2107 2350 2148 ac
2374 2093 2572 2158 dicere,
2601 2095 2765 2149 Judas
2790 2095 3031 2164 proditor
3055 2113 3068 2149 :
3100 2111 3285 2150 verum
3318 2104 3374 2148 ut
3402 2105 3452 2149 te
3478 2095 3640 2149 doce-

2066 2191 2146 2237 ret
2171 2183 2399 2254 linguam
2422 2185 2757 2238 accusatione
2784 2200 2966 2252 puram
2995 2199 3210 2240 servare
3235 2225 3250 2249 ,
3277 2185 3359 2239 vel
3391 2184 3488 2255 ipsi
3520 2201 3640 2254 pro-

2063 2273 2219 2328 ditori
2249 2275 2436 2344 parcit.
2465 2274 2650 2328 Abiens
2665 2275 2829 2340 enim,
2854 2275 3042 2344 inquit,
3069 2275 3236 2328 Judas
3277 2274 3547 2328 lscariotes
3575 2275 3642 2326 ad

2063 2367 2313 2434 principes
2337 2366 2688 2431 sacerdotum,
2713 2367 2783 2419 ait
2820 2367 2923 2418 illis
2943 2383 2963 2418 :
3001 2367 3136 2431 Quid
3160 2366 3309 2419 vultis
3334 2366 3456 2418 mihi
3484 2365 3605 2418 dare
3622 2407 3638 2427 ,

2063 2466 2110 2511 et
2155 2473 2246 2528 ego
2289 2458 2424 2511 vobis
2477 2457 2676 2510 tradant
2712 2458 2881 2511 eum?
2918 2456 2962 2510 Ο
2991 2456 3368 2511 exsecrandam
3407 2470 3586 2510 vocem
3621 2458 3636 2510 ε

2066 2547 2336 2617 quomodo
2361 2562 2426 2602 ex
2447 2563 2540 2602 ore
2565 2548 2790 2612 exsiliit,
2836 2547 3100 2616 quomodo
3148 2547 3381 2615 linguam
3429 2547 3640 2600 movit?

2060 2637 2330 2707 quomodo
2356 2647 2525 2692 totum
2543 2652 2737 2708 corpus
2759 2652 2864 2692 non
2882 2637 3152 2707 obtorpuit
3167 2638 3190 2690 ‘l
3205 2637 3470 2707 quomodo
3491 2652 3642 2691 mens

2063 2743 2167 2783 non
2193 2729 2470 2784 excessit?

2135 2818 2188 2872 5.
2224 2819 2359 2885 Quid
2383 2819 2530 2872 vultis
2568 2819 2691 2872 mihi
2716 2818 2870 2884 dare,
2894 2827 2941 2871 et
2970 2834 3060 2889 ego
3094 2817 3230 2872 vobis
3256 2819 3452 2871 tradam
3485 2818 3642 2871 eum?

2066 2907 2309 2963 Hceccine
2338 2918 2389 2963 te
2414 2909 2593 2964 docuit
2615 2909 2880 2976 Christus,
2906 2909 2993 2963 dic
3014 2908 3142 2963 mihi
3169 2908 3192 2961 ?
3220 2923 3394 2962 nonne
3423 2907 3541 2962 ideo
3561 2908 3641 2962 di-

2065 2998 2218 3052 cebat
2236 3013 2255 3051 :
2287 2995 2459 3051 Nolite
2485 2999 2739 3066 possidere
2762 3015 2946 3050 aurum
2982 3013 3139 3066 neque
3163 3007 3457 3066 argentum,
3484 3009 3643 3065 neque

2065 3108 2135 3146 ωε
2159 3092 2212 3145 in
2238 3092 2378 3145 zonis
2407 3092 2581 3145 vestris
2620 3090 2828 3160 (Matth.
2861 3090 2948 3145 10.
2977 3089 3065 3161 9),
3097 3098 3156 3144 ut
3194 3089 3468 3143 avaritiam
3499 3089 3642 3144 illam

2069 3183 2182 3252 jam
2209 3182 2336 3236 olim
2363 3182 2415 3236 in
2447 3191 2496 3237 te
2516 3183 2936 3251 comprimeret?
2958 3195 3134 3235 nonne
3155 3179 3267 3234 bare
3291 3179 3501 3234 assidue
3531 3180 3645 3233 hor-

2066 3273 2296 3341 labatur,
2316 3288 2376 3328 ac
2406 3283 2665 3342 praeterea
2694 3273 2903 3328 dicebat
2935 3289 2950 3324 :
2983 3272 3046 3327 Si
3081 3272 3192 3341 quis
3213 3279 3259 3323 te
3278 3270 3572 3338 percusserit
3591 3271 3643 3323 in

2066 3364 2322 3417 dexteram
2344 3364 2620 3425 maxillam,
2647 3373 2778 3417 verte
2813 3363 2891 3416 illi
2923 3371 2970 3416 et
2993 3362 3148 3415 aliam
3175 3361 3382 3430 (Matth.
3406 3362 3458 3415 5.
3487 3359 3554 3414 39
3580 3359 3643 3430 )‘l

2071 3453 2204 3518 Quid
2223 3453 2369 3506 vultis
2391 3453 2512 3505 mihi
2542 3454 2665 3505 dare
2682 3494 2697 3520 ,
2725 3460 2769 3505 et
2792 3468 2884 3520 ego
2919 3446 3061 3506 vobis
3078 3445 3646 3516 tradameuimbfatth.

2068 3543 2158 3596 ‘26.
2185 3543 2251 3597 15
2277 3544 2296 3613 )
2319 3541 2342 3594 'l
2367 3541 2411 3597 Ο
2436 3543 2710 3597 stultitiam
2738 3543 2754 3597 ι
2786 3542 2891 3597 Pro
2921 3555 3022 3611 qua
3042 3554 3125 3605 re,
3151 3554 3351 3609 quaeso,
3379 3554 3536 3608 quam
3563 3538 3642 3592 vel

2071 3649 2286 3702 parvam
2316 3634 2398 3687 vel
2443 3649 2688 3702 magnam
2733 3633 3127 3687 accusationem
3166 3629 3406 3701 proferre
3433 3629 3642 3692 valens,

2069 3724 2380 3793 magistrum
2413 3723 2593 3792 prodis
2619 3723 2642 3776 ?
2671 3737 2738 3776 an
2769 3723 2890 3792 quia
2917 3729 3232 3791 potestatem
3263 3720 3352 3773 tibi
3383 3720 3527 3772 dedit
3546 3719 3643 3772 ad-

2067 3828 2252 3868 versus
2290 3812 2604 3867 daemonas?
2633 3827 2702 3866 an
2730 3813 2852 3881 quia
2891 3812 3106 3867 morbos
3145 3825 3335 3864 curare
3380 3808 3534 3875 fecit,
3562 3809 3643 3862 vel

2070 3905 2267 3972 lepram
2294 3902 2554 3958 mundare
2572 3903 2595 3955 ?
2611 3918 2679 3956 an
2704 3903 2826 3971 quia
2853 3911 3090 3956 mortuos
3114 3900 3486 3955 suscitare?an
3504 3899 3644 3970 quod

2071 4001 2256 4048 contra
2309 3993 2494 4047 mortis
2534 3992 2868 4063 tyrannidem
2919 3999 2973 4046 te
3015 3991 3284 4046 constituit
3323 3991 3347 4042 ?
3390 3990 3645 4044 hanccine

2072 4086 2372 4141 mercedem
2427 4101 2525 4155 pro
2565 4094 2642 4139 tot
2692 4084 2962 4139 beneficiis
3003 4081 3295 4151 rependis?
3321 4081 3456 4145 Quid
3498 4081 3645 4134 vultis

2069 4177 2194 4228 milii
2215 4176 2356 4241 dare,
2389 4185 2436 4229 et
2453 4191 2542 4244 ego
2571 4174 2707 4228 vobis
2727 4191 2840 4228 eum
2861 4174 3055 4226 tradam
3077 4174 3102 4226 ?
3125 4172 3169 4227 Ο
3195 4173 3474 4226 stultitiam
3500 4175 3513 4227 ε
3541 4174 3647 4228 imo

2069 4266 2272 4334 potius,
2303 4279 2337 4318 ο
2361 4264 2634 4318 avaritiam
2663 4265 2676 4316 ε
2710 4279 2829 4316 nam
2859 4262 2972 4317 haec
2997 4273 3074 4317 tot
3105 4263 3243 4316 mala
3273 4264 3475 4332 peperit
3504 4281 3517 4316 :
3552 4264 3648 4316 hu~

2064 4357 2149 4426 jus
2170 4357 2258 4412 ille
2272 4356 2700 4424 concupiscentia
2718 4355 3032 4425 magistrum
3053 4355 3302 4423 prodidit.
3325 4355 3469 4408 Talis
3489 4355 3644 4423 quip<

2071 4462 2134 4516 pe
2157 4447 2344 4502 estilla
2373 4446 2511 4500 mala
2543 4445 2723 4510 radix;
2751 4461 2884 4516 quas
2911 4445 3324 4500 invaditanimas
3352 4447 3469 4513 plus
3489 4460 3650 4514 quam

2068 4540 2281 4594 diemon
2300 4539 2353 4594 in
2382 4540 2614 4594 furorem
2637 4539 2824 4605 vertit,
2848 4538 3079 4591 omnium
3110 4535 3459 4604 ignorantiam
3489 4535 3645 4604 parit,

2071 4642 2128 4687 et
2147 4633 2226 4687 sui
2254 4641 2308 4687 et
2336 4630 2562 4702 proximi
2594 4638 2648 4685 et
2667 4630 2982 4684 naturalium
3007 4626 3294 4696 legum;ab
3325 4627 3437 4696 ipsa
3469 4637 3652 4683 mente

2069 4725 2335 4780 excedere
2361 4722 2515 4789 facit,
2539 4731 2593 4777 et
2614 4721 2841 4775 furiosos
2862 4717 3044 4772 efﬁcit.
3081 4717 3212 4772 Vide
3243 4727 3437 4787 quanta
3462 4734 3526 4771 ex
3555 4717 3647 4772 1η-

2070 4814 2151 4868 da:
2177 4812 2354 4866 animo
2380 4811 2594 4880 cjecerit
2614 4851 2628 4876 ,
2651 4807 3143 4872 conversationem,
3167 4806 3603 4860 consuetudinem
3625 4846 3644 4869 ,

2069 4919 2267 4960 mensa:
2292 4902 2598 4957 societatem
2616 4939 2632 4963 ,
2661 4898 2938 4964 miracula,
2967 4897 3265 4952 doctrinam
3285 4939 3299 4962 ,
3323 4897 3646 4952 cohortatio.

2068 5011 2217 5060 nem,
2239 4993 2652 5047 admonitionem
2687 5010 2701 5047 :
2735 4991 2786 5045 in
2815 4991 3008 5046 horum
3047 4992 3282 5044 omnium
3324 4989 3640 5043 oblivionem

2072 5097 2197 5141 tunc
2223 5085 2452 5154 conjecit
2473 5101 2597 5140 eum
2619 5085 2865 5139 avaritia.
2897 5083 3018 5138 Ideo
3039 5083 3228 5137 Paulus
3248 5080 3366 5149 jure
3392 5079 3638 5133 dicebat:

2067 5176 2238 5228 Radix
2266 5175 2490 5229 omnium
2530 5176 2780 5229 malorum
2817 5183 2888 5228 est
2931 5173 3137 5226 avaritia
3165 5170 3183 5240 (
3213 5172 3260 5225 l.
3289 5169 3419 5222 Tim.
3442 5169 3496 5222 6.
3527 5169 3640 5240 10).

2070 5265 2205 5332 Quid
2230 5265 2380 5320 vultis
2409 5267 2530 5319 milii
2546 5266 2695 5330 dare,
2718 5274 2763 5318 et
2779 5280 2869 5334 ego
2897 5262 3029 5316 vobis
3047 5277 3161 5313 eum
3187 5260 3381 5312 tradam
3411 5259 3434 5312 1’
3460 5259 3642 5329 Magna

2066 5356 2193 5412 dicti
2224 5357 2466 5411 stultitia.
2491 5356 2746 5410 Tradisne
2765 5395 2781 5420 ,
2811 5367 3009 5421 quaeso,
3045 5365 3168 5404 eum
3207 5350 3296 5419 qui
3322 5350 3499 5403 omnia
3527 5365 3645 5403 con-

2069 5449 2236 5517 tinet,
2269 5449 2600 5505 dazmonibus
2631 5450 2887 5518 imperat,
2913 5445 3046 5499 mari
3076 5444 3355 5514 przecipit,
3385 5445 3642 5497 universae

2070 5553 2275 5598 natura:
2300 5543 2626 5598 Dominum?
2662 5541 2730 5596 Ut
2759 5539 2917 5608 igitur
2941 5537 3059 5606 ejus
3106 5537 3462 5606 arrogantiam
3504 5548 3642 5587 com-

2071 5636 2355 5704 primeret,
2405 5642 2459 5688 et
2495 5630 2795 5686 ostenderet
2820 5644 2877 5684 se
2900 5669 2915 5692 .
2945 5628 2990 5683 si
3039 5629 3327 5688 noluisset,
3358 5637 3645 5692 numquam

2069 5724 2316 5780 traditum
2349 5723 2432 5787 iri,
2455 5722 2575 5776 audi
2597 5719 2721 5792 quid
2749 5718 3142 5776 faciatzeodem
3170 5714 3480 5786 proditionis
3507 5722 3645 5767 tem-

2072 5830 2223 5886 pore,
2252 5829 2371 5869 cum
2403 5813 2574 5884 ipsum
2606 5810 2938 5876 invaderent,
2973 5824 3089 5863 cum
3120 5804 3367 5870 fustibus,
3391 5803 3643 5874 lampadi~
