4432 6696
728 454 829 509 377

730 564 827 617 bus
844 573 899 619 et
918 563 1141 634 lumlne,
1160 565 1287 623 dicit
1309 565 1431 631 illis,
1453 567 1614 633 Quem
1634 570 1854 637 quieritis
1880 568 2062 639 (Joan.
2087 570 2175 625 18.
2198 570 2231 624 4
2256 569 2310 642 )?

728 664 782 706 et
813 655 1126 725 ignorabant
1149 674 1304 728 quem
1334 673 1527 729 capere
1555 660 1829 716 deberent.
1856 659 2085 716 Tantum
2108 662 2311 728 aberat,

731 753 789 798 nt
823 760 946 801 eum
995 747 1158 803 ludas
1205 748 1417 804 tradere
1462 760 1670 820 posset,
1699 759 1757 805 ut
1783 765 1958 820 neque
1986 761 2314 821 praesentem

732 846 979 892 cerneret
1006 853 1159 903 eum,
1185 854 1344 908 quem
1385 841 1673 895 traditurus
1693 849 1843 905 erat,
1877 840 2002 897 licet
2026 856 2148 897 cum
2180 842 2313 895 lam-

736 930 955 998 padibus
979 941 1032 985 et
1057 930 1256 987 lumine
1287 941 1469 987 tanto:
1498 934 1597 987 hoc
1632 932 1975 989 subindicans
1994 932 2315 1002 evangelista

734 1020 881 1084 dicit,
912 1021 1190 1090 lampades
1216 1023 1482 1079 habebant
1511 1031 1565 1079 et
1592 1024 1771 1079 lumen
1794 1067 1808 1092 ,
1837 1036 1890 1079 et
1918 1040 2023 1079 non
2066 1021 2319 1077 videbant

734 1126 855 1166 cum
882 1110 1043 1181 (Ibid.
1072 1114 1156 1182 3).

804 1202 983 1259 Libere
1006 1206 1188 1260 bonum
1211 1222 1498 1278 operamur,
1525 1224 1625 1262 non
1648 1208 1954 1262 necessitate.
1977 1235 2047 1247 —
2068 1205 2321 1273 Quotidie

733 1292 979 1349 Christus
1021 1310 1142 1350 eum
1183 1297 1692 1353 commonefaciebat
1733 1306 1842 1351 tum
1882 1296 2162 1366 operibus,
2209 1305 2321 1350 tum

736 1387 912 1442 verbis
935 1387 1223 1443 ostendens
1242 1428 1258 1454 ,
1289 1389 1431 1460 quod
1460 1406 1579 1445 eum
1610 1403 1713 1444 non
1748 1389 1909 1444 latere
1940 1396 2119 1459 posset
2146 1388 2325 1458 prodi-

736 1487 887 1533 turus
917 1494 933 1533 :
966 1493 1139 1549 neque
1180 1480 1351 1550 palam
1392 1496 1511 1535 eum
1553 1481 1906 1550 prtescntibus
1949 1480 2198 1536 omnibus
2233 1495 2321 1534 ar-

736 1568 948 1637 guebat,
974 1584 1040 1624 ne
1060 1570 1137 1625 sic
1163 1570 1605 1639 impudentiorem
1628 1571 1900 1639 redderet,
1923 1586 2097 1642 neque
2119 1570 2325 1626 tacebat

738 1660 899 1715 etiam
921 1703 936 1727 ,
968 1676 1035 1716 ne
1058 1662 1102 1716 si
1131 1662 1294 1716 latere
1320 1677 1379 1715 se
1408 1672 1645 1731 putasset
1670 1704 1685 1728 ,
1725 1665 1840 1717 sine
1871 1673 2012 1718 metu
2051 1663 2115 1717 ad
2144 1660 2325 1731 prodi-

741 1753 935 1807 tionem
960 1753 1161 1807 veniret
1189 1770 1203 1805 :
1231 1753 1325 1808 sed
1354 1753 1662 1824 frequenter
1686 1755 1915 1819 dicebat,
1944 1753 2087 1808 Unus
2111 1764 2325 1805 vestrum

737 1844 898 1896 tradet
923 1859 1042 1908 me;
1072 1858 1244 1914 neque
1270 1852 1448 1900 tamen
1479 1860 1599 1899 eum
1641 1846 1813 1915 palam
1844 1844 2149 1897 declarabat
2185 1842 2324 1895 mul-

737 1942 821 1989 tos
848 1934 917 1990 de
954 1934 1196 2005 gehenna
1226 1948 1503 1990 sermones
1530 1934 1869 2000 instituebat,
1902 1933 2098 1987 multos
2134 1932 2200 1987 de
2234 1947 2325 1986 re-

737 2041 845 2093 gno
870 2043 885 2080 :
908 2041 1167 2096 suamque
1188 2027 1240 2080 in
1261 2026 1361 2080 hac
1387 2034 1606 2095 utraque
1626 2041 1685 2082 re
1706 2026 1996 2096 potentiam
2018 2024 2324 2090 exhibebat,

737 2117 850 2169 sive
870 2116 921 2169 in
945 2116 1211 2185 puniendo
1231 2125 1563 2185 peccatores,
1587 2117 1700 2172 sive
1724 2116 1778 2171 in
1799 2116 2115 2173 honorando
2137 2117 2325 2186 iustos.

739 2203 935 2259 Verum
969 2207 1083 2260 iure
1109 2206 1289 2259 omnia
1319 2206 1411 2261 ille
1438 2204 1714 2277 despexit,
1747 2207 1889 2263 Deus
1926 2216 2101 2262 autem
2130 2208 2179 2261 vi
2206 2223 2327 2262 eum

740 2313 847 2352 non
889 2298 1125 2352 attraxit.
1171 2297 1306 2365 Quia
1348 2298 1490 2353 enim
1534 2309 1588 2353 et
1630 2299 1923 2364 malorum,
1968 2307 2024 2353 et
2066 2299 2327 2354 bonorum

739 2403 961 2457 operum
989 2388 1264 2443 electionis
1292 2403 1391 2443 nos
1410 2388 1653 2443 dominos
1675 2388 1819 2456 fecit,
1844 2404 1940 2444 nos
1967 2390 2132 2444 libere
2158 2389 2327 2444 bonos

739 2479 850 2532 vult
876 2493 1019 2533 esse.
1053 2478 1176 2533 Ideo
1200 2479 1246 2532 si
1276 2478 1605 2533 uoluerimus
1628 2519 1642 2544 ,
1675 2493 1782 2533 non
1818 2478 1995 2549 cogit,
2026 2494 2197 2549 neque
2226 2494 2325 2533 ne-

739 2572 1039 2625 ccssilatem
1071 2570 1231 2626 infert
1259 2588 1273 2625 :
1305 2586 1426 2625 nam
1453 2580 1697 2626 coactum
1727 2586 1847 2627 esse
1876 2571 2071 2625 bonum
2092 2613 2107 2635 ,
2137 2572 2186 2625 id
2220 2587 2327 2625 non

739 2671 822 2715 est
858 2676 978 2716 esse
1020 2662 1238 2716 bonum.
1287 2661 1549 2730 Quoniam
1594 2661 1753 2732 igitur
1790 2671 1844 2717 et
1883 2662 1971 2718 ille
2004 2662 2208 2716 arbitrii
2250 2663 2330 2716 sui

740 2752 989 2806 dominus
1016 2762 1165 2816 erat,
1193 2761 1247 2807 et
1272 2752 1323 2806 in
1349 2753 1467 2822 ejus
1496 2761 1758 2821 potestate
1786 2762 1901 2808 erat
1935 2767 2041 2807 non
2072 2752 2329 2821 obsequi,

741 2853 795 2898 et
821 2843 889 2899 ad
913 2844 1190 2899 avaritiam
1219 2858 1323 2899 non
1349 2845 1616 2900 declinare
1638 2886 1654 2912 ,
1684 2845 1805 2900 ideo
1830 2854 2008 2899 mente
2034 2854 2331 2899 excaecatus

740 2943 844 2997 est,
866 2943 922 2989 et
946 2935 1172 2990 salutem
1199 2950 1348 2989 suam
1377 2935 1608 3004 prodidit
1638 2952 1653 2987 :
1676 2945 1731 2989 et
1751 2935 1845 2999 ait,
1874 2934 2010 3001 Quid
2036 2936 2185 2989 vultis
2206 2935 2332 2987 mihi

740 3025 864 3078 dare
882 3066 896 3090 ,
925 3034 970 3078 et
998 3042 1088 3095 ego
1112 3025 1250 3079 vobis
1274 3041 1386 3079 eum
1412 3025 1609 3079 tradam
1629 3026 1655 3079 .’
1678 3025 1868 3080 Mentis
1902 3024 2062 3095 igitur
2088 3026 2203 3095 ejus
2228 3040 2333 3077 cm—

740 3116 955 3169 citatem
980 3126 1037 3171 et
1062 3117 1321 3172 insaniam
1349 3131 1576 3186 arguens
1604 3116 1928 3186 evangelista
1956 3117 2063 3183 ait,
2094 3128 2333 3183 tempore

741 3205 1035 3261 invasionis
1072 3206 1261 3261 Judam
1304 3222 1473 3277 prope
1518 3221 1613 3262 eos
1655 3208 1903 3272 stetisse,
1945 3207 2093 3261 illum
2130 3207 2334 3261 scilicet

739 3297 830 3368 qui
864 3296 1073 3352 dixerat
1100 3316 1115 3351 :
1146 3297 1283 3363 Quid
1311 3298 1461 3352 vultis
1500 3298 1625 3351 mihi
1662 3298 1810 3365 dare,
1843 3307 1890 3351 et
1927 3314 2018 3368 ego
2056 3298 2191 3351 vobis
2216 3314 2333 3351 eum

741 3390 980 3443 tradant?
1004 3388 1190 3459 Neque
1221 3390 1345 3444 hinc
1372 3390 1545 3443 solum
1574 3397 1810 3459 potestas
1838 3388 2035 3444 Christi
2062 3389 2331 3459 conspici-

741 3486 849 3544 tur,
871 3479 967 3535 sed
987 3480 1145 3533 etiam
1171 3480 1311 3551 quod
1340 3480 1456 3549 ipso
1476 3495 1661 3535 vocem
1683 3480 1979 3547 emittente,
2011 3480 2334 3535 recesserint

742 3571 818 3625 illi
844 3580 897 3625 et
924 3570 1214 3625 ceciderint
1259 3572 1311 3624 in
1355 3581 1571 3625 terram.
1613 3570 1747 3637 Quia
1785 3585 1916 3625 vero
1959 3585 2132 3641 neque
2161 3570 2237 3624 sic
2266 3569 2334 3623 ab

741 3662 1067 3733 impudentia
1093 3662 1445 3728 destiterunt,
1475 3663 1688 3717 demum
1722 3664 1956 3732 seipsum
1992 3662 2242 3729 tradidit,
2272 3678 2335 3717 ac

740 3754 785 3808 si
816 3752 1038 3808 dixisset
1069 3771 1082 3807 :
1114 3752 1268 3820 Quod
1303 3768 1480 3808 meum
1510 3761 1623 3807 erat
1663 3760 1830 3807 totum
1866 3750 2003 3818 feci,
2038 3753 2331 3823 potentiam

740 3846 1004 3901 declaravi
1044 3859 1216 3900 meam
1242 3886 1258 3912 ,
1286 3845 1494 3901 ostendi
1538 3860 1632 3901 vos
1674 3860 1737 3901 ea
1778 3845 2025 3916 aggredi,
2057 3862 2177 3918 quae
2216 3846 2330 3902 fieri

742 3945 1029 4008 nequeant.
1062 3936 1319 3992 Volebam
1355 3938 1644 4006 nequitiam
1672 3946 1902 3993 vestram
1930 3939 2284 4007 comprimere
2313 3956 2327 3994 :

740 4029 956 4099 quando
980 4038 1159 4084 autem
1184 4044 1281 4084 vos
1308 4030 1573 4095 noluistis,
1602 4030 1695 4085 sed
1718 4032 1770 4085 in
1797 4031 1999 4086 insania
2025 4047 2335 4102 persevera-

742 4121 845 4185 tis,
876 4119 1139 4191 meipsum
1169 4120 1351 4189 utique
1387 4120 1556 4174 trado.
1601 4120 1725 4174 ﬂare
1759 4135 1920 4191 porro
1948 4120 2090 4187 dixi,
2123 4138 2189 4176 ne
2219 4122 2336 4191 qui-

740 4211 862 4265 dam
899 4210 1171 4265 Christum
1215 4220 1564 4277 accusarent,
1593 4226 1657 4266 ac
1695 4212 1966 4279 dicerent,
1996 4212 2104 4268 Cur
2142 4212 2332 4267 Judam

743 4321 849 4360 non
877 4306 1135 4361 mutavit?
1163 4321 1263 4361 cur
1293 4320 1416 4362 eum
1459 4314 1845 4376 temperantem
1892 4306 2334 4376 moderatumque

745 4413 851 4452 non
893 4396 1062 4452 fecit?
1104 4398 1383 4464 Quomodo
1433 4413 1555 4453 eum
1601 4398 1937 4453 moderatum
1983 4398 2195 4453 ellicere
2238 4412 2333 4468 par

742 4491 893 4543 erat?
923 4490 1312 4545 necessitatene
1330 4530 1345 4553 ,
1374 4505 1442 4543 an
1474 4489 1735 4543 arbitrio?
1766 4488 1819 4543 Si
1848 4490 2061 4559 quidem
2092 4491 2329 4545 necessi-

746 4587 856 4633 tate
875 4619 890 4644 ,
920 4593 1091 4649 neque
1117 4578 1195 4633 sic
1224 4579 1415 4633 melior
1444 4577 1652 4633 futurus
1680 4588 1833 4643 erat;
1863 4577 2039 4632 nullus
2066 4579 2207 4633 enim
2237 4594 2332 4634 ne-

742 4671 990 4725 cessitate
1028 4670 1219 4726 melior
1256 4670 1518 4726 efliciatur
1550 4688 1563 4723 :
1602 4670 1647 4725 si
1687 4670 1909 4725 arbitrio
1942 4678 1997 4726 et
2037 4670 2332 4735 electione,

745 4760 922 4814 omnia
949 4775 1297 4831 quaecumque
1324 4761 1600 4815 arbitrium
1627 4770 1679 4816 et
1709 4761 2027 4817 electionem
2063 4764 2335 4829 corrigere

746 4858 1026 4919 poterant,
1074 4848 1268 4903 intulit.
1313 4848 1371 4904 Si
1410 4858 1588 4904 autem
1627 4851 1714 4904 ille
1754 4850 2048 4906 remedium
2087 4854 2333 4921 accipere

744 4940 916 4995 noluit
935 4980 951 5005 ,
981 4954 1087 4995 non
1118 4938 1219 4995 fuit
1244 4938 1437 4995 medici
1466 4940 1653 5010 culpa,
1682 4940 1777 4995 sed
1807 4941 1922 5011 ejus
1948 4942 2039 5011 qui
2069 4943 2330 4998 medelam

746 5030 961 5099 repulit.
985 5030 1118 5085 Vide
1145 5031 1303 5101 igitur
1320 5040 1517 5102 quanta
1541 5030 1726 5087 fecerit
1747 5039 1805 5086 ut
1824 5048 1944 5087 eum
1964 5033 2030 5087 ad
2058 5034 2330 5088 meliorem

744 5121 951 5189 frugem
980 5128 1037 5175 et
1068 5121 1296 5175 salutem
1326 5122 1607 5177 reduceret
1632 5138 1648 5177 :
1675 5137 1889 5178 omnem
1932 5138 2055 5178 eum
2100 5122 2334 5193 philoso-

747 5209 924 5278 phiam
944 5208 1129 5265 docuit
1151 5210 1402 5279 Operibus
1428 5211 1576 5280 ipsis,
1597 5221 1754 5282 atque
1780 5214 1977 5279 verbis,
2001 5214 2335 5269 daemonibus

746 5300 1078 5366 superiorem
1108 5298 1270 5366 fecit,
1304 5299 1607 5355 facultatem
1634 5301 1779 5356 dedit
1803 5312 1860 5357 ut
1888 5304 2050 5359 multa
2078 5304 2334 5359 miracula

745 5391 949 5457 ederet,
978 5391 1237 5462 gehennae
1262 5393 1676 5449 comminatione
1703 5395 1908 5461 terruit,
1934 5395 2081 5465 regni
2108 5395 2336 5466 promis-

744 5482 899 5537 sione
926 5482 1238 5538 cohortatus
1261 5491 1343 5537 est
1361 5523 1377 5549 ,
1401 5499 1592 5538 arcana
1620 5483 1736 5552 ejus
1762 5485 1982 5540 consilia
2006 5486 2217 5541 assidue
2245 5501 2333 5540 ar-

744 5574 885 5643 guit,
927 5588 1029 5630 nec
1071 5575 1343 5645 arguendo
1386 5578 1593 5645 publica
1641 5578 1793 5645 fecit,
1826 5577 1992 5649 pedes
2034 5578 2147 5649 ejus
2189 5590 2245 5634 ut
2279 5588 2334 5634 et

744 5664 969 5721 aliorum
1008 5665 1211 5733 abluit,
1245 5682 1441 5723 mensae
1467 5676 1521 5723 et
1546 5669 1785 5724 ciborum
1816 5670 2127 5740 participem
2158 5670 2283 5727 fecit
2313 5688 2328 5726 :

745 5753 877 5809 nihil
901 5764 990 5811 aut
1017 5771 1235 5827 parvum
1258 5766 1352 5812 aut
1382 5774 1627 5829 magnum
1654 5769 1797 5817 retro
1818 5762 2029 5833 reliquit
2054 5781 2068 5818 :
2092 5762 2183 5819 ille
2204 5779 2332 5819 vero

744 5844 918 5904 libens
959 5847 1075 5903 sine
1111 5849 1485 5905 emendatione
1528 5854 1737 5907 mansit.
1775 5853 1839 5908 Et
1870 5863 1926 5907 ut
1958 5855 2132 5911 discas
2162 5871 2283 5911 eum
2308 5896 2324 5922 ,

1492 456 1548 509 S.
1592 455 1867 513 10.\NNIS
1901 456 2379 513 CHRVSOSTOMI
2421 454 2733 515 ARCHIEP.
2772 452 3307 510 CONSTANTINOP.

3897 451 3959 507 37
3972 452 4004 507 tl

2424 584 2543 623 cum
2576 569 2765 623 mutari
2795 578 2995 638 posset,
3022 570 3279 636 noluisse,
3303 567 3398 623 sed
3423 581 3489 622 ex
3527 567 3643 637 ejus
3671 570 3896 638 segnitie
3924 580 4010 623 to-

2422 670 2533 714 tum
2584 661 2881 731 prodiisse,
2927 661 3071 715 audi.
3115 662 3247 716 Cum
3292 660 3434 716 enim
3477 657 3797 728 prodidisset
3844 676 3964 714 cum
3991 702 4006 723 ,

2424 751 2647 821 projecit
2690 752 2899 821 triginta
2942 760 3255 819 argenteos,
3298 759 3353 806 et
3392 750 3511 805 ait:
3553 748 3768 802 Peccavi
3807 752 4012 802 tvadens

2420 843 2713 910 sanguinem
2754 841 2949 911 justum
2988 838 3211 907 (Matth.
3251 842 3343 895 27.
3384 841 3459 911 4).
3492 838 3626 909 Quid
3658 837 3757 890 hoc
3787 839 3861 891 rei
3894 842 4011 891 est?

2424 931 2555 985 Cum
2586 932 2835 986 miracula
2868 938 3163 1001 patrantem
3190 931 3400 988 videres
3420 973 3434 998 ,
3463 947 3571 987 non
3605 929 3846 993 dicebas,
3876 928 4012 982 Pec-

2426 1022 2535 1075 cavi
2563 1023 2765 1077 tradens
2801 1021 3097 1093 sanguinem
3130 1023 3367 1092 justum;
3394 1024 3488 1079 sed
3508 1065 3522 1085 .
3554 1023 3691 1092 Quid
3720 1022 3865 1077 vultis
3888 1023 4013 1076 mihi

2426 1113 2578 1180 dare,
2620 1122 2667 1166 et
2710 1130 2801 1185 ego
2846 1114 2980 1168 vobis
3016 1114 3215 1166 tradam
3256 1115 3412 1168 eum?
3452 1114 3553 1171 Ubi
3595 1127 3771 1171 autem
3812 1114 4012 1168 malum

2428 1204 2646 1258 ulterius
2675 1205 2953 1273 processit,
2983 1213 3037 1259 et
3064 1203 3294 1273 proditio
3323 1204 3485 1259 linem
3524 1208 3711 1261 sortita
3740 1215 3840 1268 est,
3872 1220 4004 1275 pec-

2428 1303 2708 1363 catumque
2734 1304 3157 1350 consummatum
3185 1303 3301 1361 est,
3331 1304 3455 1350 tunc
3483 1306 3757 1365 peccatum
3792 1296 4015 1366 agnovi-

2428 1386 2513 1439 sti.
2543 1385 2679 1452 Quid
2711 1386 2871 1456 igitur
2911 1388 3036 1442 hinc
3074 1387 3363 1442 discimus?
3402 1386 3666 1443 Nimirum
3706 1389 3918 1460 quando
3962 1388 4017 1443 in

2430 1478 2656 1547 segnitie
2694 1478 2936 1548 degimus
2962 1519 2976 1543 ,
3018 1478 3151 1533 nihil
3190 1493 3288 1533 nos
3330 1476 3751 1533 admonitionem
3791 1480 4012 1550 juvare;

2428 1572 2643 1641 quando
2684 1582 2861 1627 autem
2904 1570 3141 1627 studiose
3177 1572 3424 1641 agimus,
3454 1570 3614 1625 etiam
3653 1585 3682 1623 a
3721 1572 4019 1627 nobismet-

2430 1663 2559 1731 ipsis
2602 1678 2698 1717 nos
2741 1664 2947 1732 erigere
2987 1676 3163 1732 posse.
3203 1660 3645 1731 Quandoquidem
3682 1668 3735 1715 et
3774 1660 3861 1715 hic
3895 1676 4018 1717 cum

2430 1754 2685 1821 magister
2720 1753 3070 1821 admoneret,
3100 1768 3205 1807 non
3243 1752 3476 1817 audivit;
3511 1766 3634 1806 cum
3672 1766 3801 1807 vero
3844 1752 4022 1806 nullus

2432 1855 2695 1910 moneret,
2726 1845 2841 1913 ejus
2871 1846 3086 1915 propria
3116 1844 3441 1901 conscientia
3477 1853 3743 1898 commota
3773 1849 3894 1906 est;
3927 1857 4024 1896 ne-

2433 1934 2681 2005 mineque
2710 1934 2932 1991 doctore
2962 1950 3081 1991 sese
3109 1936 3370 2003 mutavit,
3398 1934 3600 1990 facinus
3625 1948 3778 1988 suum
3802 1932 4023 1986 damna-

2436 2027 2527 2090 vit,
2562 2027 2773 2094 triginta
2800 2035 3083 2095 argenteos
3115 2026 3360 2096 projeeit.
3390 2025 3525 2093 Quid
3552 2025 3699 2078 vultis
3728 2023 3851 2077 mihi
3876 2022 4021 2084 dare,

2434 2125 2480 2169 et
2508 2132 2596 2185 ego
2622 2115 2757 2168 vobis
2795 2116 2994 2168 tradam
3022 2115 3179 2169 eum?
3208 2115 3275 2169 Et
3303 2116 3665 2169 constituerunt
3702 2114 3778 2180 ei,
3818 2113 3985 2182 inquit
4006 2153 4021 2174 ,

2436 2206 2639 2275 triginta
2682 2216 2962 2275 argenteos.
3014 2206 3249 2260 Pretium
3299 2213 3709 2259 numeraverunt
3751 2204 4025 2273 sanguinis

2435 2298 2659 2367 pretium
2688 2314 2793 2351 non
2824 2298 3088 2352 habentis.
3119 2297 3229 2351 Cur
3253 2298 3450 2365 accipis
3480 2298 3689 2366 triginta
3720 2306 4025 2366 argenteos,

2434 2402 2466 2439 ο
2491 2386 2693 2440 ludas?
2713 2385 2892 2441 Gratis
2922 2386 3069 2440 venit
3094 2385 3339 2439 Christus
3365 2385 3674 2453 sanguinem
3702 2399 3799 2454 pro
3826 2384 4027 2437 mundo

2434 2476 2715 2539 ellusurus,
2744 2491 2840 2546 pro
2866 2490 2975 2545 quo
3007 2484 3063 2529 tu
3097 2475 3423 2545 impudentia
3453 2484 3605 2545 pacta
3630 2484 3685 2529 et
3709 2476 4017 2528 conventio.

2435 2585 2531 2625 nes
2554 2570 2759 2623 statuis.
2783 2568 2920 2636 Quid
2946 2568 3305 2637 impudentius
3333 2568 3433 2622 hac
3462 2568 3741 2635 pactione?

2508 2660 2562 2714 4.
2584 2658 2729 2713 Tunc
2752 2668 3064 2713 accesserunt
3086 2659 3417 2728 discipuli.—-
3433 2657 3583 2712 Tunc
3608 2676 3620 2711 :
3642 2656 3979 2727 quandonam
3999 2657 4024 2709 ?

2438 2752 2568 2807 Cum
2598 2751 2713 2805 haec
2744 2751 2932 2806 fierent
2954 2792 2968 2817 ,
2999 2765 3121 2805 cum
3151 2749 3381 2820 proditio
3407 2756 3760 2812 statueretur,
3788 2763 3909 2802 cum
3938 2761 4024 2801 se-

2436 2846 2607 2915 ipsum
2648 2844 2813 2899 Judas
2860 2844 3120 2913 perdidit,
3160 2845 3486 2898 Accesserunt
3528 2843 3596 2897 ad
3639 2860 3751 2897 eum
3790 2842 4026 2911 discipuli

2435 2939 2675 3003 dicentes,
2708 2936 2806 2991 Ubi
2832 2938 2906 2991 vis
2932 2953 3168 3007 paremus
3195 2937 3283 2990 tibi
3303 2936 3562 2990 comedere
3592 2935 3788 2988 Pascha
3814 2934 4024 3005 (Matth.

2435 3027 2525 3082 26.
2553 3028 2639 3082 l7.
2667 3038 2713 3080 et
2742 3026 2865 3098 14)?
2896 3026 3083 3081 Vidisti
3110 3025 3467 3095 discipulum?
3494 3024 3670 3079 vidisti
3695 3025 4029 3091 discipulos?

2441 3118 2531 3173 Ille
2559 3118 2737 3189 prodit
2762 3118 3065 3180 Dominum,
3095 3116 3148 3170 hi
3178 3115 3246 3172 de
3273 3116 3534 3172 Pascbate
3558 3124 3747 3170 curant
3776 3134 3789 3169 :
3819 3115 3906 3168 ille
3937 3130 4029 3183 pa-

2439 3218 2522 3265 cta
2548 3209 2668 3275 init,
2699 3208 2752 3263 hi
2784 3207 2849 3261 ad
2880 3208 3233 3263 ministerium
3259 3216 3537 3277 apparant.
3566 3206 3754 3261 Iisdem
3783 3214 3835 3259 et
3864 3204 3951 3258 hic
3974 3212 4031 3257 ct

2438 3299 2515 3355 illi
2561 3297 2836 3352 miraculis
2878 3297 3212 3359 claruerant,
3255 3296 3441 3350 eadem
3484 3295 3727 3349 doctrina
3769 3294 4026 3357 instituti,

2435 3389 2622 3445 eadem
2656 3397 2921 3458 potestate
2949 3388 3156 3458 prmditi
3182 3406 3195 3440 :
3223 3388 3486 3441 undenam
3516 3386 3772 3439 mutatio?
3798 3385 3875 3438 Ex
3910 3400 4031 3452 pru-

2439 3482 2629 3551 posito.
2672 3480 2799 3535 Hzrc
2839 3480 3079 3535 omnium
3126 3479 3322 3547 ubique
3369 3493 3525 3531 causa
3576 3486 3631 3532 et
3674 3477 3934 3531 bonorum
3975 3488 4030 3531 et

2440 3574 2723 3628 malorum.
2767 3572 2862 3628 Ubi
2892 3574 2965 3627 vis
2992 3588 3228 3642 paremus
3254 3571 3343 3624 tibi
3371 3570 3631 3625 comedere
3657 3569 3857 3623 Pascha
3876 3572 3901 3624 ?
3928 3570 4033 3625 llo-

2440 3665 2626 3719 dierna
2670 3666 2783 3718 haec
2820 3679 3042 3734 vespera
3085 3674 3209 3717 tunc
3249 3672 3365 3717 erat
3396 3679 3408 3717 :
3438 3662 3561 3731 quia
3591 3660 3751 3731 igitur
3780 3661 4032 3714 Dominus

2438 3756 2656 3811 domum
2682 3772 2789 3810 non
2812 3754 3063 3819 habebat,
3092 3753 3210 3809 ideo
3235 3753 3418 3808 dicunt
3441 3752 3513 3807 illi
3542 3770 3553 3806 :
3581 3751 3679 3808 Ubi
3703 3754 3775 3807 vis
3798 3769 4033 3823 paremus

2436 3848 2525 3901 tibi
2553 3847 2813 3901 comedere
2842 3844 3048 3898 Pascha
3066 3846 3091 3898 ?
3118 3844 3234 3899 Non
3263 3844 3519 3899 habemus
3546 3843 3899 3898 diversorium
3931 3842 4028 3896 de-

2438 3939 2664 4005 ﬁnitum,
2700 3953 2806 3993 non
2837 3936 3260 3998 tabernaculum,
3286 3951 3393 3991 non
3424 3936 3663 3991 domum.
3689 3937 3901 3991 Discant
3932 3936 4027 4001 illi,

2438 4030 2525 4100 qui
2552 4029 2857 4099 Splendidas
2884 4036 3202 4083 construunt
3227 4028 3437 4089 domos,
3468 4027 3602 4082 latas
3632 4030 3887 4097 porticus,
3913 4030 4028 4081 lon-

2438 4136 2501 4191 ga
2551 4130 2733 4190 septa,
2778 4120 3046 4175 Christum
3093 4136 3198 4174 non
3247 4119 3498 4175 habuisse
3545 4118 3632 4173 ubi
3675 4128 3833 4188 caput
3875 4134 4027 4173 suum

2440 4211 2724 4267 reclinaret
2745 4210 2955 4281 (Matth.
2985 4212 3038 4266 8.
3060 4210 3174 4283 20).
3198 4211 3557 4279 Quamobrem
3584 4209 3912 4279 interrogant
3934 4210 4025 4273 illi,

2444 4306 2541 4361 Ubi
2565 4306 2638 4361 vis
2664 4322 2898 4377 paremus
2926 4305 3012 4359 tibi
3040 4306 3298 4360 comedere
3326 4303 3573 4358 Pascha?
3598 4303 3765 4372 Quale
3792 4303 4032 4358 Pascha?

2438 4396 2554 4452 Non
2585 4396 2688 4451 hoc
2715 4407 2956 4453 nostrum
2975 4438 2990 4464 ,
3017 4397 3110 4452 sed
3133 4396 3346 4453 interim
3386 4394 3686 4450 Judaicum.
3719 4393 3851 4450 Illud
3888 4396 4031 4449 enim

2439 4490 2681 4561 discipuli
2715 4499 3064 4559 paraverunt,
3095 4489 3196 4545 hoc
3224 4505 3352 4544 vero
3378 4495 3618 4543 nostrum
3643 4488 3757 4557 ipse
3784 4488 3989 4556 paravit
4014 4505 4026 4539 :

2441 4599 2611 4654 neque
2640 4584 2811 4639 solum
2846 4584 2960 4653 ipse
2985 4584 3217 4652 paravit,
3249 4582 3341 4637 sed
3371 4581 3533 4636 etiam
3565 4579 3677 4648 ipse
3716 4579 3919 4634 Pascha
3946 4579 4030 4633 ei-

2442 4673 2610 4727 fectus
2635 4684 2735 4727 est.
2765 4672 2861 4728 Ubi
2888 4674 2961 4727 vis
2988 4689 3217 4743 paremus
3242 4673 3330 4726 tibi
3357 4670 3613 4725 comedere
3639 4667 3877 4724 Pascha?
3898 4670 4027 4725 Illud

2441 4762 2718 4818 Judaicum
2758 4763 2961 4819 Pascha
3004 4771 3154 4830 erat,
3183 4763 3309 4818 illud
3352 4764 3403 4817 in
3436 4760 3670 4830 Egypto
3697 4759 3904 4815 initium
3933 4761 4029 4814 ha-

2442 4854 2648 4909 buerat.
2691 4854 2803 4922 Qua
2850 4870 2977 4924 ergo
3015 4854 3083 4909 de
3126 4869 3285 4909 causa
3315 4854 3560 4908 Christus
3600 4849 3727 4904 illud
3765 4852 4034 4905 comedit?

2439 4946 2572 5015 Quia
2595 4946 2781 5016 legalia
2805 4946 2982 5000 omnia
3008 4946 3267 5014 implevit.
3296 4946 3505 4999 Etenim
3528 4956 3647 4997 cum
3670 4940 4033 5011 haptizabatur

2439 5038 2647 5092 dicebat
2679 5054 2692 5089 :
2723 5036 2813 5091 Sic
2839 5037 2971 5089 enim
2998 5036 3222 5089 convenit
3254 5036 3395 5089 nobis
3424 5033 3631 5102 implere
3657 5048 3849 5085 omnem
3869 5033 4032 5102 justi-

2443 5130 2563 5181 tiam
2593 5127 2801 5199 (Matth.
2834 5127 2887 5181 5.
2920 5126 3027 5196 15).
3060 5125 3191 5181 Veni
3230 5125 3501 5181 hominem
3530 5123 3793 5178 redimere
3818 5140 3881 5178 ex
3913 5138 4031 5177 nta-

2442 5219 2632 5274 ledicto
2673 5217 2807 5287 legis
2843 5236 2856 5271 :
2885 5232 3007 5271 nam
3038 5216 3178 5272 Deus
3206 5216 3401 5270 Filium
3426 5230 3574 5267 suum
3599 5214 3734 5269 misit
3767 5224 3941 5268 natum
3968 5229 4031 5265 ea:

2440 5310 2665 5374 muliere,
2699 5310 2889 5380 factum
2916 5310 3005 5362 sub
3029 5310 3157 5380 lege,
3184 5316 3236 5360 ut
3263 5322 3346 5360 eos
3372 5305 3459 5373 qui
3483 5306 3573 5359 sub
3597 5305 3704 5377 lege
3725 5314 3867 5360 erant
3896 5302 4033 5355 redi-

2440 5409 2590 5453 meret
2632 5397 2828 5469 (Galat.
2868 5399 2922 5454 4.
2962 5400 3015 5454 4.
3046 5400 3124 5471 5),
3156 5407 3210 5454 et
3240 5398 3407 5466 legem
3434 5396 3736 5468 abrogaret.
3769 5396 3846 5451 Ne
3871 5393 4032 5462 igitur

2440 5491 2556 5559 quis
2576 5490 2800 5554 diceret,
2822 5488 2943 5545 ldeo
2964 5488 3263 5559 abrogavit,
3285 5487 3403 5555 quia
3429 5488 3649 5558 implere
3668 5503 3773 5543 non
3800 5492 4029 5555 poterat,

2441 5591 2623 5652 utpote
2668 5598 2926 5653 gravem,
2969 5594 3253 5636 onerosam
3296 5594 3359 5634 ac
3396 5580 3709 5643 difficilem;
3751 5584 4029 5646 postquam

2441 5687 2502 5727 ea
2528 5714 2542 5739 ,
2575 5689 2692 5743 quae
2731 5674 2798 5728 ad
2843 5674 3011 5745 ipsam
3055 5670 3404 5741 spectabant,
3441 5673 3621 5726 omnia
3665 5665 4032 5736 implevisset,

2443 5774 2566 5821 tunc
2592 5768 2749 5822 solvit
2778 5768 2940 5822 illam.
2976 5765 3101 5820 Ideo
3130 5764 3327 5819 Pascha
3357 5764 3500 5831 fecit,
3531 5764 3665 5833 legis
3698 5760 3838 5814 enim
3860 5757 4029 5827 jnssio

2443 5858 2640 5912 Pascna
2664 5868 2796 5914 erat.
2824 5859 2932 5913 Cur
2964 5858 3043 5913 lex
3080 5856 3274 5913 Pascha
3299 5856 3581 5913 comedere
3609 5850 3799 5921 jussit?
3828 5848 4025 5919 Ingrati
