4432 6724
412 483 516 543 677

420 604 631 672 ἔχοντες
682 598 779 655 κεὶ
806 596 1099 675 λαμπόδας
1128 604 1223 658 καὶ
1249 600 1384 672 φῶς,
1404 600 1549 671 λέγει
1576 602 1759 663 αὐτοῖς
1779 615 1794 630 °
1841 601 1981 655 Τίνα

421 684 672 752 (nu-its;
703 685 794 737 καὶ
834 687 1060 756 ἠγνόουν
1084 686 1142 739 ὃν
1168 684 1398 755 ῆμελλον
1441 684 1851 756 συλλαμϐάνειν.
1881 682 1983 737 Το-

418 768 605 822 σοῦτον
651 769 839 839 ἀπεῖχε
893 769 988 822 τοῦ
1028 761 1317 838 δυνηθῆναι
1361 768 1691 841 παραδοῦναι
1748 766 1908 819 αὑτὸν
1956 768 1986 820 6

426 851 645 918 Ἰούδας,
703 854 783 907 6::
830 853 951 906 οὐδὲ
991 852 1137 920 ἐώρα
1183 850 1440 924 παρόντα,
1476 852 1535 904 δν
1568 849 1768 921 ῆμελλε
1811 865 1988 920 παρα-

418 935 623 1001 δώσειν,
665 939 757 991 καὶ
809 936 980 989 ταῦτα
1027 934 1320 1004 λαμπάδων
1355 934 1528 988 οὐσῶν
1575 933 1671 987 καὶ
1700 932 1876 1002 φωτὸς
1900 949 1987 995 :0-

421 1018 629 1072 σούτου.
645 1019 766 1073 Ὅτι
789 1018 898 1086 γὰρ
922 1016 1077 1070 τοῦτο
1104 1017 1320 1089 ᾐνίξατο
1348 1020 1376 1071 6
1398 1015 1806 1085 εὐαγγελιστὴς,
1830 1014 1983 1085 φησί’

421 1101 730 1172 Λαμπάδας
755 1096 898 1169 εἶχον
929 1098 1022 1151 καὶ
1044 1100 1176 1167 φῶς,
1198 1100 1290 1152 καὶ⁵
1317 1100 1415 1168 οὐχ
1443 1097 1629 1168 ἐώρων
1662 1097 1844 1151 αὐτόν.

350 1191 356 1221 ῖ
488 1185 598 1237 Καὶ
624 1182 744 1236 καθ’
775 1181 1011 1249 ἑκάστην
1033 1181 1088 1235 δέ
1116 1182 1278 1235 αὑτὸν
1311 1181 1729 1250 ὑπεμίμνησκεν
1752 1179 1986 1250 ἡμέραν,

417 1265 514 1318 καὶ
533 1265 600 1318 δι’
624 1265 820 1334 ἔργων,
874 1265 966 1317 καὶ
1000 1264 1087 1319 6:6
1138 1264 1416 1335 ῥημάτων,
1444 1263 1656 1326 δεικνὺς
1690 1263 1772 1315 ὃτι
1806 1262 1867 1315 06
1895 1262 1991 1331 λή-

420 1365 573 1402 σεται
611 1346 911 1417 προδιδούς.
967 1349 1075 1401 Καὶ
1113 1347 1237 1401 οὔτε
1285 1345 1536 1417 φανερῶς
1568 1346 1727 1401 αὑτὸν
1760 1344 1989 1415 ῆλεγχεν

421 1437 513 1488 ἐπὶ
545 1433 781 1496 πάντων,
804 1432 942 1486 ὥστε
996 1436 1069 1504 μή
1111 1433 1590 1503 ἀναισχυντότερον
1624 1432 1786 1486 αὐτὸν
1825 1431 1990 1501 ἐργά-

422 1515 619 1570 σασθαι
643 1532 651 1542 ·
674 1513 796 1567 οὔτε
832 1515 1172 1585 παρεσιώπα,
1206 1516 1294 1569 ἵνα
1325 1514 1401 1586 μὴ
1427 1514 1661 1585 νομίζων
1687 1512 1987 1581 λανθάνειν,

420 1597 589 1659 ἀδεῶς
622 1597 869 1667 ἐπιχειρῇ
902 1597 999 1666 τὴν
1023 1596 1330 1667 προδοσίαν,
1362 1596 1496 1649 ἀλλά
1524 1594 1761 1665 συνεχῶς
1785 1594 1989 1662 ἔλεγεν,

422 1678 529 1747 Εἷς
559 1679 629 1744 ἐξ
658 1678 822 1748 ὑμῶν
854 1680 1191 1747 παραδώσει
1240 1697 1348 1748 με’
1408 1679 1470 1732 06
1524 1678 1706 1749 μέντοι
1764 1677 1993 1747 φανερὸν

423 1763 583 1817 αὑτὸν
616 1759 866 1832 καθίστη.
906 1761 1137 1824 Πολλοὺς
1173 1761 1230 1814 δέ
1277 1761 1372 1813 καὶ
1405 1760 1535 1831 περὶ
1564 1759 1786 1829 γεέννης
1814 1758 1995 1828 διῆλθε

421 1847 632 1914 λόγους,
662 1842 887 1906 πολλοὺς
911 1845 1002 1898 καὶ
1029 1846 1155 1915 περὶ
1189 1844 1486 1914 βασιλείας,
1518 1844 1610 1895 καὶ
1632 1842 1730 1914 τὴν
1758 1841 1842 1909 ἐφ’
1871 1841 1997 1895 ἐκά-

423 1947 555 2000 τερα
585 1926 812 1997 δύναμιν
863 1928 1189 1993 ἐπεδείξατο,
1241 1927 1342 1997 τὴν
1388 1928 1445 1979 ἐν
1476 1926 1553 1996 τῷ
1594 1925 1841 1991 κολάζειν
1874 1927 1998 1988 τοὺς

423 2011 853 2081 ἁμαρτάνοντας,
906 2009 1000 2061 καὶ
1043 2010 1141 2081 τὴν
1192 2010 1248 2061 ἐν
1290 2008 1369 2079 τῷ
1416 2009 1583 2078 τιμᾷν
1627 2010 1754 2070 τοὺς
1802 2023 1999 2076 κατορ-

425 2092 670 2155 θοῦντας.
712 2091 868 2143 Ἀλλά
906 2091 1078 2143 ταῦτα
1118 2091 1295 2144 πάντα
1332 2093 1537 2153 ἐκεῖνος
1566 2089 1998 2162 παρεκρούσατο,

424 2176 453 2226 6
502 2174 559 2227 66
604 2174 737 2236 Θεὸς
770 2173 860 2243 βίᾳ
908 2174 1005 2241 οὐχ
1052 2172 1319 2225 εἵλκυσεν.
1364 2172 1580 2242 Ἐπειδὴ
1628 2172 1738 2243 γὰρ
1779 2171 2003 2241 κυρίους

423 2258 571 2324 ἡμᾶς
602 2256 824 2325 ἐποίησε
846 2257 940 2308 καὶ
964 2256 1060 2323 τῆς
1090 2254 1198 2306 τῶν
1214 2253 1431 2321 φαύλων
1481 2256 1576 2307 καὶ
1601 2255 1698 2321 τῆς
1721 2253 1831 2306 τῶν
1861 2254 2002 2320 ἀγα-

428 2337 536 2391 θῶν
584 2338 834 2409 πράξεων
869 2339 1154 2406 αἱρέσεως,
1201 2338 1295 2389 καὶ
1323 2336 1545 2398 ἐκόντας
1591 2333 1723 2389 εἶναι
1756 2336 2003 2407 βούλεται

425 2420 619 2484 καλούς
642 2438 655 2451 ·
688 2421 775 2474 διά
826 2420 1004 2485 τοῦτο,
1039 2419 1105 2473 ἂν
1151 2419 1228 2490 μὴ
1284 2418 1622 2488 βουλοίμεθα,
1668 2420 1728 2471 06
1757 2418 2003 2489 βιάζεται

425 2505 535 2556 οὐδ’
566 2504 865 2573 ἀναγκάζει
882 2518 896 2532 ⁸
927 2504 988 2557 :6
1009 2502 1118 2573 γάρ
1145 2501 1434 2572 βιασθέντα
1458 2496 1595 2555 εἶναι
1616 2503 1871 2572 χρηστὸν,
1902 2502 2003 2554 οὐκ

428 2586 571 2638 ἐστιν
600 2582 739 2641 εἶναι
772 2586 1026 2657 χρηστόν.
1076 2585 1228 2639 Ἐπεὶ
1257 2580 1350 2639 οῦν
1371 2586 1624 2647 κάκεῖνος
1654 2583 1882 2655 γνώμης
1903 2584 2004 2637 κύ-

432 2685 544 2740 ριος
580 2664 669 2738 ἦν,
707 2668 802 2722 καὶ
834 2671 892 2723 ἐν
925 2669 1140 2741 ἐξουσίᾳ
1165 2667 1260 2721 τοῦ
1299 2668 1376 2740 μὴ
1416 2666 1724 2737 πεισθῆναι,
1749 2668 1842 2720 καὶ
1869 2668 2005 2737 πρὸς

429 2751 788 2823 φιλαργυρίαν
839 2752 914 2823 μὴ
969 2753 1284 2817 ἀποκλῖναι,
1324 2749 1414 2804 διὰ
1447 2750 1607 2803 τοῦτο
1644 2748 2006 2819 ἀπετυφλώθη

427 2834 528 2903 τὴν
550 2833 805 2897 διάνοιαν,
838 2835 933 2886 καὶ
960 2834 1059 2905 τὴν
1076 2834 1350 2904 σωτηρίαν
1366 2832 1463 2904 τὴν
1479 2831 1674 2885 ἐαυτοῦ
1700 2832 1976 2903 προέδωκε
1991 2847 2004 2859 ·

430 2916 523 2970 καί
547 2932 708 2987 φησι,
744 2917 804 2970 Τί
824 2915 1029 2969 θέλετέ
1072 2934 1171 2985 μοι
1201 2915 1429 2978 δοῦναι,
1466 2914 1627 2982 κάγὼ
1649 2914 1792 2983 ὑμῖν
1823 2930 2010 2981 παρα-

428 2998 599 3052 δώσω
628 2998 848 3063 αὐτόν;
898 2997 1162 3067 Ἐλέγχων
1190 2997 1367 3050 τοίνυν
1410 2996 1504 3049 τοῦ
1537 2996 1654 3059 νοὸς
1703 2995 1874 3049 αὐτοῦ
1907 2998 2007 3067 τὴν

428 3080 700 3148 τύφλωσιν
729 3080 825 3134 καὶ
872 3079 970 3151 τὴν
1019 3080 1278 3133 ἀπόνοιαν
1315 3080 1344 3132 6
1378 3078 1781 3148 εὐαγγελιστὴς,
1819 3079 2003 3150 φησίνο

442 3165 530 3218 Ἐν
556 3163 635 3233 τῷ
662 3161 839 3234 καιρῷ
856 3163 957 3233 τῆς
980 3163 1171 3232 ἐφόδου
1190 3164 1219 3215 6
1250 3160 1449 3224 Ἰούδας
1467 3163 1707 3231 εἱστήκει
1723 3162 1887 3230 ἐγγὺς
1911 3161 2009 3215 a6-

426 3246 557 3309 τῶν,
581 3247 786 3308 ἐκεῖνος
815 3246 843 3297 6
889 3244 1087 3297 είπών·
1120 3244 1183 3297 Τί
1218 3243 1424 3297 θέλετέ
1457 3259 1561 3312 μοι
1593 3242 1822 3307 δοῦναι,
1848 3243 2009 3313 κάγὼ

430 3328 572 3397 ὑμῖν
602 3327 934 3395 παραδώσω
961 3327 1147 3380 αὐτόν
1169 3326 1322 3391 ;Οὒκ
1360 3325 1611 3379 ἐντεῦθεν
1640 3326 1697 3379 66
1717 3326 1875 3396 μόνον
1896 3326 2008 3379 ἐστι

430 3408 726 3463 θεάσασθαι
743 3407 842 3479 τήν
873 3407 1097 3477 δύναμιν
1122 3406 1215 3461 τοῦ
1238 3406 1502 3478 Χριστοῦ,
1526 3408 1642 3460 ἀλλ’
1667 3408 1748 3461 ὅτι
1777 3408 1871 3461 καὶ
1899 3425 2011 3476 φω-

432 3494 525 3562 νὴν
560 3490 788 3559 ἀφέντος
820 3488 969 3561 1581]
1000 3489 1181 3558 ψιλὴν,
1199 3488 1444 3559 ἀπῆλθον
1473 3490 1566 3542 καὶ
1591 3490 1786 3542 ἐπεσον
1816 3492 2009 3560 χαμαί.

458 3572 675 3642 Ἐπειδὴ
710 3572 766 3624 δὲ
804 3571 923 3624 0666
954 3570 1123 3633 οὓτως
1159 3572 1451 3640 ἀφίσταντο
1477 3573 1575 3642 τῆς
1611 3573 2010 3641 ἀναισχυντίας,

431 3657 616 3710 λοιπὸν
646 3654 831 3707 ἐαυτὸν
859 3654 1211 3722 παραδίδωσι,
1246 3654 1524 3724 μονονουχὶ
1546 3654 1747 3722 λέγων’
1777 3654 1920 3721 Ἐγὼ
1952 3658 2012 3709 :6

433 3738 669 3809 ἐμαυτοῦ
709 3736 827 3789 ὅλον
864 3738 1115 3807 ἐποίησα,
1164 3737 1264 3806 τὴν
1304 3736 1532 3807 δύναμιν
1578 3734 1880 3806 ἐξεκάλυψα
1913 3739 2013 3808 τὴν

433 3819 691 3891 ἐμαυτοῦ,
713 3818 889 3883 ἔδειξα
916 3818 998 3871 ὅτι
1024 3819 1305 3881 ἀδυνάτοις
1327 3820 1651 3889 ἐπιχειρεῖτε
1678 3821 2010 3891 πράγμασιν.

447 3901 781 3972 Ἦϐουλήθην
812 3899 1161 3953 καταστεῖλαι
1200 3901 1356 3971 ὑμῶν
1383 3901 1479 3972 τήν
1514 3900 1800 3971 πονηρίαν·
1830 3902 2015 3971 ἐπειδὴ

434 3984 493 4038 δὲ
522 3986 679 4055 ὑμεῖς
710 3984 810 4037 οὐκ
835 3981 1194 4053 ήϐουλήθητε,
1220 3983 1335 4035 ἀλλ’
1364 3983 1650 4052 ἐπιμένετε
1680 3984 2017 4054 παραπαίον-

435 4084 547 4132 τες,
573 4067 680 4121 ίδοὺ
708 4064 1050 4137 παραδίδωμι
1072 4065 1331 4135 ἐμαυτόν.
1371 4065 1559 4119 Ταῦτα
1586 4065 1643 4119 δέ
1675 4083 1763 4136 μοι
1783 4066 2015 4138 εἴρηται,

438 4152 526 4205 ἵνα
550 4150 624 4221 μὴ
646 4147 991 4220 κατηγορῶσί
1017 4163 1161 4208 τινες
1202 4145 1292 4199 τοῦ
1334 4145 1592 4216 Χριστοῦ,
1627 4148 1893 4216 λέγοντες·
1921 4150 2018 4201 Διά

435 4233 491 4286 τί
517 4234 579 4286 06
609 4230 873 4302 μετέϐαλε
924 4230 1014 4283 τὸν
1041 4228 1235 4283 Ἰούδαν
1260 4245 1275 4292 ;
1319 4229 1407 4281 διὰ
1440 4229 1493 4281 τί
1521 4231 1621 4282 οὐκ
1644 4230 1896 4301 ἐποίησεν
1920 4231 2018 4285 αὐ-

434 4315 527 4367 τὸν
557 4313 807 4383 σώφρονα
838 4313 936 4366 καὶ
965 4312 1217 4382 ἐπιεικῆ;
1253 4311 1377 4374 Πῶς
1408 4312 1517 4365 ἔδει
1543 4314 1762 4383 ἐπιεικῆ
1797 4313 2020 4383 ποιῆσαι

436 4396 627 4461 αὑτόν;
653 4396 939 4465 ἀνάγκῃ,ἢ
967 4395 1160 4467 γνώμῃ
1185 4413 1199 4461 ;
1232 4396 1291 4447 El
1326 4394 1423 4465 μὲν
1458 4397 1697 4465 ἀνάγκῃ,
1719 4396 1829 4449 066'
1849 4396 2022 4462 οὕτως

437 4478 663 4549 ἔμελλεν
701 4476 922 4530 ἔσεσθαι
954 4476 1179 4547 βελτίων
1198 4495 1211 4508 ο
1238 4477 1410 4539 06661;
1449 4477 1558 4548 γὰρ
1589 4478 1802 4549 ἀνάγκῃ
1822 4480 2019 4547 γένοιτ’

440 4561 507 4615 ἂν
529 4559 760 4630 ἀγαθός’
802 4560 852 4612 εί
883 4560 941 4614 δέ
993 4560 1190 4635 γνώμῃ
1240 4561 1335 4614 καὶ
1377 4560 1713 4631 προαιρέσει,
1746 4560 1926 4615 πάντα
1950 4561 2021 4615 τά

438 4645 704 4715 δυνάμενα
748 4640 1038 4711 διορθῶσαι
1102 4645 1421 4714 προαίρεσιν
1472 4644 1567 4695 καὶ
1628 4641 1853 4713 γνώμην
1908 4645 2021 4696 είσ-

438 4730 687 4800 ήνεγκεν.
726 4724 788 4778 Εἰ
816 4723 873 4776 δὲ
926 4724 999 4793 μὴ
1038 4725 1305 4797 ἐϐουλήθη
1337 4725 1586 4791 δέξασθαι
1613 4724 1673 4777 :6
1700 4725 2014 4795 φάρμακον,

439 4813 499 4864 06
528 4812 620 4864 τοῦ
649 4807 832 4880 ίατροῦ
876 4806 938 4859 :6
987 4806 1260 4877 ἔγκλημα,
1312 4808 1448 4861 ἀλλά
1475 4807 1567 4861 τοῦ
1601 4808 1696 4877 τὴν
1726 4807 2018 4877 θεραπείαν

439 4890 922 4962 διακρουσαμένου.
954 4889 1095 4956 ὐρα
1124 4886 1217 4942 οὖν
1242 4892 1344 4945 ὅσα
1387 4891 1662 4961 ἐποίησεν,
1693 4888 1831 4943 ὥστε
1858 4890 2018 4943 αὑτὸν

440 4973 852 5044 ἀνακτήσασθαι
877 4972 970 5024 καὶ
990 4971 1276 5024 διασῶσαι.
1326 4973 1634 5027 Ἐδίδασκεν
1657 4973 1819 5026 αὐτὸν
1845 4974 2022 5027 πᾶσαν

441 5056 757 5125 φιλοσοφίαν
793 5055 881 5109 διά
929 5054 1291 5127 πραγμάτων,
1317 5054 1405 5107 διὰ
1442 5056 1720 5127 ῥημάτων,
1751 5055 2023 5127 ἀνώτερον

441 5139 602 5191 αὑτὸν
648 5138 758 5191 τῶν
793 5140 1059 5210 δαιμόνων
1106 5135 1354 5206 ἐποίησε,
1398 5138 1653 5209 θαύματα
1697 5137 2021 5209 ἐργάζεσθαι

443 5220 613 5275 πολλά
634 5223 1071 5290 παρεσκεύασεν,
1098 5220 1327 5290 ἐφόϐησε
1343 5222 1408 5289 τῇ
1437 5221 1535 5289 τῆς
1557 5221 1777 5292 γεέννης
1798 5220 2016 5291 ἀπειλῇ,

444 5302 815 5374 προετρέψατο
845 5308 913 5375 τῇ
965 5307 1061 5377 τῆς
1114 5300 1385 5375 βασιλείας
1430 5300 1767 5373 ἐπαγγελία·
1828 5302 2019 5373 ῆλεγξε

443 5383 703 5457 διηνεκῶς
748 5386 818 5438 τά
850 5388 1138 5458 ἀπόρρητα
1193 5381 1355 5440 αὑτοῦ
1390 5381 1755 5452 βουλεύματα,
1787 5385 2021 5457 ἐλέγχων

442 5471 500 5525 δὲ
523 5470 621 5523 οὐκ
643 5466 958 5536 ἐδημοσίευε
982 5484 997 5499 ⁸
1017 5472 1147 5533 τοὺς
1174 5470 1337 5531 πόδας
1358 5463 1523 5520 αὑτοῦ
1546 5465 1685 5534 μετά
1715 5467 1824 5519 τῶν
1849 5469 2022 5523 ἀλλων

443 5554 645 5624 ἔνιψεν,
674 5548 816 5605 ἀλῶν
846 5550 995 5621 αὐτῷ
1011 5551 1400 5623 καὶτραπέζης
1427 5547 1781 5617 ἐκοινώνησεν
1801 5564 1813 5578 ·
1846 5550 2018 5619 οὐδὲν,

444 5638 507 5691 06
544 5633 803 5709 μικρὸν,ἢ
835 5633 979 5705 μέγα
1002 5634 1276 5688 ἐνέλιπενσ
1308 5638 1337 5689 6
1360 5635 1417 5689 66
1438 5631 1576 5688 ἐκὼν
1600 5630 1812 5701 ἔμεινεν
1839 5634 2023 5704 ἀδιόρ-

447 5723 637 5785 θωτος.
674 5720 783 5775 Καὶ
808 5718 893 5771 ἴνα
925 5716 1123 5788 μάθῃς,
1146 5718 1230 5769 6::
1258 5718 1485 5783 δυνατὸς
1516 5715 1590 5771 ῶν
1622 5715 2022 5789 μεταϐαλέσθαι

445 5806 545 5857 οὐκ
570 5803 851 5873 ἠθέλησεν,
886 5799 1022 5852 ἀλλὰ
1050 5800 1151 5867 τῆς
1176 5799 1344 5853 αὑτοῦ
1381 5800 1651 5872 ῥᾳθυμίας
1667 5800 1728 5853 τὸ
1758 5800 1864 5853 πᾶν
1898 5798 2024 5866 ἐγέ-

446 5903 585 5952 νετο,
613 5887 858 5941 ἄκουσον.
900 5882 1116 5954 Ἐπειδὴ
1132 5880 1238 5953 γὰρ
1262 5885 1581 5952 παρέδωκεν
1601 5884 1781 5952 αὐτὸν,
1822 5880 2013 5955 ἔρριψε

1439 483 1527 539 ms
1564 443 1978 542 ριιουιτιοΝε
2012 484 2209 543 mm:
2271 483 2504 543 HOMIL.
2541 486 2584 541 ι.

3541 487 3649 546 578

2083 603 2151 656 :6
2175 600 2463 673 τριάκοντα
2487 600 2748 674 ἀργύρια.
2779 599 2871 654 καί
2912 615 3095 672 φησιν’
3139 602 3433 671 Ἥμαρτον
3473 618 3657 670 παρα.

2082 683 2227 751 δοὺς
2255 678 2399 752 αἷμα
2431 683 2684 739 δίκαιον.
2732 683 2798 737 Τί
2842 684 3098 753 γέγονεν;
3138 686 3263 740 Ὅτε
3316 685 3660 756 θαυματουρο

2084 768 2282 835 γοῦντα
2319 762 2473 830 εἶδες,
2502 768 2602 820 οὑκ
2644 765 3151 837 ἕλεγες,Ἦμαρτον
3186 769 3488 838 παραδοὺς
3516 763 3661 837 αἷμα

2084 851 2308 906 ἀθῶον·
2359 850 2514 914 ἀλλὰ,
2565 852 2628 905 Τί
2669 850 2872 907 θέλετέ
2906 870 3008 920 μοι
3058 851 3289 918 δοῦναι,
3331 855 3491 923 κάγὼ
3519 852 3663 922 ὑμῖν

2085 930 2417 1001 παραδώσω
2433 934 2653 995 αὐτόν;
2682 933 2896 1004 Ἐπειδὴ
2921 934 2977 987 δέ
2993 935 3053 987 :6
3079 934 3248 989 κακὸν
3282 935 3657 1006 προεχώρησε,

2086 1015 2179 1067 καὶ
2212 1016 2245 1084 ή
2275 1014 2533 1086 προδοσία
2553 1016 2702 1079 τέλος
2725 1015 2872 1086 ἐσχε,
2904 1016 2996 1069 καὶ
3016 1019 3045 1086 ἡ
3065 1017 3309 1088 ἁμαρτία
3331 1019 3659 1088 ἀπήρτιστο,

2087 1098 2207 1151 τότε
2239 1098 2482 1168 ἐπέγνως
2514 1098 2611 1169 τὴν
2660 1099 2956 1171 ἁμαρτίαν.
2995 1100 3059 1152 Τί
3098 1097 3190 1154 οῦν
3239 1100 3489 1155 ἐντεῦθεν
3523 1117 3664 1170 μανι

2090 1180 2353 1251 θάνομεν;
2389 1181 2513 1233 Ὅτι
2554 1182 2677 1236 ὅταν
2727 1182 2828 1252 μὲν
2865 1181 3216 1252 ρᾳθυμῶμεν,
3249 1183 3369 1236 0666
3398 1182 3663 1256 παραίνε-

2092 1280 2175 1327 σις
2200 1264 2347 1332 ἡμᾶς
2398 1262 2632 1332 ώφελεῖ’
2682 1264 2809 1318 ὅταν
2837 1262 2895 1316 66
2942 1262 3352 1333 σπουδάζωμεν,
3378 1266 3471 1318 καὶ
3510 1266 3666 1319 αὐτοὶ

2089 1346 2184 1416 ἀφ’
2212 1345 2418 1399 ἐαυτῶν
2445 1344 2791 1417 διαναστῆναι
2832 1347 3130 1416 δυνάμεθα.
3168 1348 3277 1400 Καὶ
3313 1347 3422 1419 γάρ
3461 1350 3557 1401 καὶ
3577 1344 3667 1403 οῦς

2089 1447 2203 1493 τος,
2231 1429 2320 1482 ὅτε
2342 1428 2574 1499 παρῄνει
2610 1430 2706 1499 μέν
2733 1434 2762 1485 6
2785 1430 3126 1495 διδάσκαλος,
3172 1431 3273 1483 οὐκ
3319 1432 3543 1501 ήκουεν·
3577 1433 3667 1485 ὅτε

2090 1511 2149 1566 66
2173 1511 2346 1575 οὐδεὶς
2373 1506 2442 1581 ἦν
2472 1511 2501 1563 6
2548 1513 2848 1581 παραινῶν,
2886 1513 2947 1566 :6
2981 1514 3180 1567 οἰκεῖον
3217 1513 3453 1576 συνειδὸς
3497 1515 3669 1568 ἐπανι-

2093 1594 2246 1665 έστη,
2288 1593 2381 1646 καὶ
2414 1592 2639 1663 μηδενὸς
2672 1595 2820 1659 ὄντος
2846 1595 3164 1650 διδασκάλου
3198 1595 3543 1665 μετεϐάλετο,
3577 1596 3672 1649 καὶ

2093 1676 2340 1743 κατέγνω
2354 1674 2464 1729 τῶν
2492 1676 2925 1746 τετολμημένων,
2948 1678 3043 1730 καὶ
3074 1678 3265 1749 ἐρῤιψε
3290 1677 3359 1730 τά
3380 1677 3672 1748 τριάκοντα

2094 1759 2350 1831 ἀργύρια.
2396 1760 2457 1813 Tl
2482 1759 2687 1815 θέλετέ
2716 1776 2819 1828 μοι
2860 1758 3086 1823 δοῦναι,
3118 1760 3281 1830 κὰγ-ὼ
3312 1760 3455 1830 ὑμῖν
3485 1778 3674 1829 παρα·

2095 1842 2265 1896 δώσω
2300 1845 2518 1907 αὐτόν;
2549 1844 2658 1898 Καὶ
2714 1842 3010 1909 ἔστησαν,
3068 1846 3251 1912 φησὶν,
3303 1842 3463 1909 αὐτῷ
3516 1844 3673 1911 τριά-

2098 1942 2281 1978 κοντα
2330 1927 2598 1995 ἀργύρια.
2656 1924 2835 1995 Τιμὴν
2884 1924 3184 1979 κατέϐαλον
3236 1925 3463 1993 αἵματος
3508 1925 3675 1995 τιμὴν

2099 2007 2198 2058 οὐκ
2231 2006 2459 2075 ἔχοντος.
2507 2008 2571 2060 Τί
2624 2008 2922 2078 λαμϐάνεις
2974 2007 3269 2079 τριάκοντα
3320 2007 3579 2078 ἀργύρια,
3631 2008 3677 2061 ὦ

2114 2089 2313 2153 Ἰούδας
2371 2092 2585 2161 Δωρεάν
2634 2087 2798 2161 ἦλθεν
2833 2092 2861 2143 6
2898 2090 3135 2162 Χριστὸς
3181 2091 3365 2159 ἐκχέαι
3417 2090 3485 2144 τὸ
3536 2084 3678 2161 αἷμα

2102 2170 2258 2223 τοῦτο
2284 2172 2423 2242 ὑπὲρ
2473 2171 2571 2240 τῆς
2623 2172 2963 2241 οἰκουμένης,
3026 2173 3165 2243 ὑπὲρ
3211 2168 3272 2226 οῦ
3306 2172 3571 2243 σύμφωνα
3610 2175 3675 2227 σὺ

2104 2257 2274 2317 ποιεῖς
2286 2256 2378 2307 καὶ
2402 2255 2822 2325 συναλλάγματα
2846 2256 3055 2325 ἀναιδῆ.
3082 2256 3147 2308 Τί
3171 2257 3278 2327 γὰρ
3301 2257 3679 2325 ἀναιδέστερον

2103 2336 2194 2388 τοῦ
2220 2336 2665 2408 συναλλάγματος
2695 2336 2884 2391 τούτου
2905 2354 2919 2403 ;

2173 2500 2235 2553 6'.
2275 2500 2415 2554 Τότε
2441 2500 2794 2569 προσῆλθον
2812 2504 2864 2555 οἱ
2882 2502 3158 2571 μαθηταί.
3189 2502 3343 2555 Τότε*
3367 2503 3526 2569 πότε;
3549 2503 3679 2557 Ὅτε

2102 2584 2274 2638 ταῦτα
2322 2584 2558 2652 ἐγένετο,
2617 2584 2705 2636 ὅτε
2741 2586 2775 2651 ἡ
2808 2584 3065 2654 προδοσία
3122 2585 3544 2657 προεχώρησεν,
3587 2587 3679 2639 ὅτε

2105 2667 2297 2720 ἐαυτὸν
2329 2666 2608 2719 ἀπώλεσεν
2632 2668 2659 2719 6
2682 2665 2905 2729 Ἰούδας,
2931 2666 3290 2734 Προσῆνίθον
3310 2669 3471 2734 αὐτῷ
3510 2672 3565 2723 ol
3570 2688 3683 2739 μα-

2105 2750 2273 2817 θηταὶ
2286 2748 2723 2819 λέγοντεςθηοῦ
2738 2749 2931 2815 θέλεις
2947 2749 3350 2825 ἑτοιμάσωμέν
3362 2766 3459 2805 σοι
3474 2753 3686 2821 φαγεῖν

2106 2833 2170 2885 τὸ
2201 2832 2453 2900 Πάσχα;
2487 2829 2640 2895 Εἶδες
2669 2829 3108 2903 μαθητήν;είδες
3125 2834 3407 2904 μαθητάς;
3449 2835 3685 2898 Ἐκεῖνος

2111 2912 2263 2987 [382]
2293 2915 2580 2985 προδίδωσι
2608 2916 2698 2968 τὸν
2732 2915 3030 2985 Δεσπότην,
3069 2909 3213 2967 οῦτοι
3251 2916 3379 2985 περὶ
3408 2916 3466 2968 τὸ
3489 2917 3684 2985 Πάσχα

2116 2996 2462 3067 μεριμνῶσινο
2479 2998 2682 3058 ἐκεῖνος
2696 2994 2961 3064 σύμφωνα
2974 2999 3134 3057 ποιεῖ,
3156 2990 3300 3050 06:0:
3318 2997 3451 3067 πρὸς
3479 2998 3683 3069 ὑπηρε-

2115 3080 2234 3132 σίαν
2289 3078 2711 3152 παρεσκεύαζον.
2760 3078 2879 3131 Τῶν
2895 3077 3075 3132 αὐτῶν
3096 3078 3407 3132 ἀπέλαυσαν
3436 3082 3685 3142 κάκεῖνος

2109 3163 2202 3216 καὶ
2238 3156 2381 3216 οῦτοι
2434 3163 2744 3233 θαυμάτων,
2795 3161 2904 3214 τῶν
2969 3160 3146 3214 αὐτῶν
3194 3162 3559 3233 διδαγμάτων,
3589 3165 3686 3233 τῆς

2110 3246 2280 3315 αὐτῆς
2324 3244 2607 3309 ἐξουσίας·
2661 3243 2824 3297 πόθεν
2879 3240 2972 3296 οὖν
3007 3244 3039 3313 ή
3072 3242 3373 3315 μεταϐολή;
3425 3245 3557 3297 Ἀπὸ
3588 3245 3687 3316 τῆς

2111 3328 2483 3397 προαιρέσεως
2503 3343 2514 3353 ’
2556 3325 2696 3395 αὕτη
2731 3325 2949 3378 πάντων
2979 3326 3129 3378 αίτία
3164 3325 3436 3395 πανταχοῦ
3466 3328 3688 3381 καὶτῶν

2111 3409 2327 3477 ἀγαθῶν
2361 3410 2454 3462 καὶ
2495 3408 2605 3463 τῶν
2646 3408 2850 3461 κακῶν.
2894 3408 3021 3462 Ποῦ
3058 3409 3254 3474 θέλεις
3285 3409 3689 3480 ἑτοιμάσωμέν

2114 3508 2211 3546 σοι
2244 3491 2452 3561 φαγεῖν
2480 3491 2548 3545 τὸ
2580 3492 2829 3559 Πάσχα;
2864 3491 2929 3543 Ἢ
2980 3492 3186 3563 ἑσπέρα
3234 3491 3373 3562 αὕτη
3410 3488 3478 3564 ῆν
3522 3494 3644 3547 τότε
3671 3511 3685 3525 ·

2118 3576 2235 3627 ἐπεὶ
2263 3572 2354 3627 οῦν
2384 3575 2556 3627 οἰκίαν
2586 3575 2685 3626 οὐκ
2713 3572 2853 3643 εἶχεν
2874 3575 2903 3625 6
2922 3574 3221 3645 Δεσπότης,
3252 3574 3342 3628 διὰ
3365 3575 3524 3630 τοῦτο
3541 3577 3689 3648 αὐτῷ

2115 3658 2365 3723 λέγουσι’
2411 3657 2535 3710 Ποῦ
2566 3656 2762 3721 θέλεις
2794 3655 3200 3726 ἑτοιμάσωμέν
3244 3674 3345 3712 σοι
3378 3660 3588 3728 φαγεῖν
3624 3663 3691 3715 τὸ

2115 3739 2362 3807 Πάσχα;
2416 3739 2527 3791 Ούκ
2572 3738 2769 3808 ἔχομεν
2819 3738 3162 3806 καταγώγιον
3215 3740 3536 3811 ὡρισμένον,
3591 3743 3691 3796 οὐκ

2113 3823 2305 3891 ἔχομεν
2357 3821 2581 3890 σκηνὴν,
2612 3821 2731 3873 ούδέ
2776 3821 2971 3873 οἰκίαν.
3023 3820 3458 3877 Μανθανέτωσαν
3498 3825 3548 3877 οἱ
3591 3826 3692 3889 τάς

2114 3903 2371 3974 λαμπρὰς
2397 3901 2797 3971 οἰκοδομοῦντες
2820 3903 3015 3966 οἰκίας,
3034 3904 3128 3956 καὶ
3149 3902 3246 3967 τάς
3268 3905 3484 3975 εὐρείας
3507 3911 3692 3977 στοὰς,

2119 3987 2213 4040 καὶ
2254 3986 2379 4047 τοὺς
2430 3986 2673 4055 μακροὺς
2700 3984 3044 4055 περιϐόλους,
3070 3986 3152 4038 ὅτι
3196 3986 3297 4039 οὐκ
3332 3984 3473 4057 εἶχεν
3502 3991 3530 4042 6
3557 3988 3693 4060 Χρι-

2122 4070 2243 4133 στὸς
2276 4068 2378 4121 ποῦ
2410 4067 2509 4138 τὴν
2535 4067 2778 4138 κεφαλὴν
2812 4068 3151 4123 κατακλῖναι.
3192 4070 3284 4122 Διὸ
3312 4072 3587 4143 ἐρωτῶσιν
3612 4070 3695 4127 οῦ-

2121 4169 2225 4205 τοι·
2254 4150 2379 4205 Ποῦ
2411 4151 2605 4215 θέλεις
2641 4149 3047 4219 ἑτοιμάσωμέν
3077 4166 3175 4205 σοι
3209 4154 3425 4223 φαγεῖν
3464 4156 3531 4210 τὸ
3574 4156 3694 4210 Πά-

2119 4250 2273 4303 σχα;
2309 4235 2465 4286 Ποῖον
2497 4234 2721 4301 Πάσχα;
2772 4232 2906 4301 Οὐχὶ
2938 4234 3096 4287 τοῦτο
3127 4234 3187 4287 τὸ
3226 4237 3512 4308 ήμέτερον,
3558 4240 3694 4294 ἀλλά

2118 4318 2179 4371 :6
2215 4314 2503 4369 Ἰουδαϊκὸν
2532 4312 2697 4377 τέως’
2739 4314 2914 4366 ἐκεῖνο
2946 4315 3043 4384 μὲν
3074 4315 3183 4387 γάρ
3209 4319 3259 4370 οί
3293 4318 3532 4390 μαθηταὶ
3555 4340 3694 4393 παρ-

2122 4397 2442 4459 εσκεύασαν,
2475 4395 2633 4449 τοῦτο
2671 4394 2728 4449 66
2755 4396 2817 4448 :6
2842 4397 3110 4467 ἡμέτερον
3146 4398 3308 4464 αὐτὸς
3352 4404 3692 4458 κατεσκεύα-

2125 4500 2243 4536 σενο
2272 4484 2333 4535 06
2369 4482 2525 4551 μόνον
2554 4479 2609 4532 δέ
2641 4479 2803 4543 αὐτὸς
2835 4480 2966 4532 αὐτὸ
2999 4483 3419 4549 κατεσκεύασεν,
3444 4486 3580 4540 ἀλλά
3602 4489 3694 4542 καὶ

2121 4566 2281 4628 αὐτὸς
2308 4565 2496 4633 Πάσχα
2532 4564 2760 4630 ἐγένετο.
2803 4563 2926 4615 Ποῦ
2948 4563 3144 4630 θέλεὶς
3167 4566 3575 4639 ἑτοιμάσωμέν
3593 4588 3694 4627 σοι

2119 4646 2330 4717 φαγεῖν
2352 4646 2418 4699 τὸ
2450 4644 2705 4713 Πάσχα;
2738 4644 2943 4697 Ἐκεῖνο
2975 4645 3263 4699 Ἰουδαϊκὸν
3295 4644 3361 4719 ἦν
3384 4651 3446 4704 τὸ
3480 4653 3689 4724 Πάσχα,

2121 4731 2294 4782 ἐκεῖνο
2321 4729 2377 4779 ἐν
2406 4726 2666 4797 Αἰγύπτῳ
2692 4726 2792 4797 τὴν
2817 4726 2992 4800 ἀρχὴν
3015 4726 3367 4795 ἐλαϐε.Τίνος
3392 4727 3485 4785 οὖν
3505 4733 3692 4790 ἕνεκεν

2119 4812 2319 4884 τρώγει
2341 4810 2473 4863 αὐτὸ
2501 4812 2529 4864 6
2559 4806 2826 4881 Χριστός,
2857 4811 2981 4865 Ὀτι
3012 4810 3189 4866 πάντα
3215 4812 3282 4866 τά
3311 4816 3506 4886 νομικά
3528 4818 3691 4891 ἐπλήο

2124 4911 2286 4968 ρωσε.
2311 4894 2422 4947 Καλ⁵
2464 4892 2573 4965 γὰρ
2613 4894 2701 4947 ὅτε
2735 4892 3074 4959 ἐϐαπτίζετο,
3119 4894 3304 4963 ἔλεγεν
3329 4912 3343 4925 °
3381 4898 3545 4951 Οὕτω
3584 4904 3694 4971 γὰρ

2123 4977 2353 5045 πρέπον
2396 4976 2569 5029 ἐστὶν
2608 4975 2753 5044 ἡμῖν
2790 4976 3103 5042 πληρῶσαι
3136 4975 3347 5032 πᾶσαν
3387 4979 3692 5036 δικαιοσύο

2122 5056 2465 5127 νην.¹Ηλθον
2508 5060 2572 5111 ἐκ
2617 5057 2716 5126 τῆς
2746 5056 2839 5109 τοῦ
2871 5057 3036 5128 νόμου
3079 5059 3329 5131 κατάρας
3366 5062 3691 5134 ἐξαγοράσαι

2121 5142 2211 5193 τὸν
2241 5140 2539 5211 ἄνθρωπον.
2559 5138 2611 5191 '0
2643 5141 2751 5209 γὰρ
2782 5138 2927 5205 Θεὸς
2961 5139 3070 5194 τὸν
3099 5140 3316 5197 ἑαυτοῦ
3352 5144 3488 5197 Υἰὸν
3513 5145 3693 5216 ἐπεμο

2120 5226 2201 5291 ψε
2233 5220 2605 5291 γεννώμενον
2636 5220 2706 5273 ἐκ
2739 5221 3050 5289 γυναικὸς,
3086 5225 3407 5293 γενόμενον
3438 5228 3556 5280 ὐπὸ
3594 5230 3695 5283 νό-

2115 5320 2252 5373 μον,
2294 5304 2397 5357 ἵνα
2439 5302 2578 5369 τοὺς
2624 5302 2744 5358 ὑπὸ
2785 5305 2969 5372 νόμον
3003 5305 3364 5374 ἐξαγοράσῃ,
3399 5308 3492 5361 καὶ
3531 5311 3696 5365 αὑτὸν

2120 5385 2410 5460 ἀναπαύσῃ
2452 5386 2544 5441 τὸν
2576 5386 2882 5457 νόμον.Ἶνα
2922 5382 3015 5440 οὖν
3064 5388 3137 5456 μή
3172 5403 3255 5450 τις
3284 5387 3436 5461 λέγῃ,
3481 5391 3565 5445 ὅτι
3606 5393 3694 5448 6:6

2119 5467 2277 5523 τοῦτο
2306 5469 2467 5523 αὑτὸν
2495 5470 2862 5539 κατήργησεν,
2890 5466 3076 5539 ἐπειδὴ
3103 5467 3388 5540 πληρῶσαι
3412 5474 3573 5528 αὑτὸν
3594 5476 3693 5529 οὐκ

2121 5553 2374 5624 ηδύνατο,
2407 5553 2482 5617 ώς
2522 5552 2777 5622 φορτικὸν
2806 5552 2899 5605 καὶ
2925 5552 3138 5624 ἐπαχθῆ
3180 5553 3275 5607 καὶ
3317 5554 3693 5628 δυσκατόρθω-

2120 5654 2213 5691 τον
2236 5636 2383 5702 δντα,
2419 5636 2633 5707 πρῶτον
2664 5634 2828 5688 αὑτοῦ
2856 5634 3151 5708 πληρώσας
3176 5638 3407 5705 ἅπαντα,
3426 5640 3543 5693 τότε
3563 5657 3697 5696 κατ-

2122 5718 2299 5797 έλυσε.
2327 5718 2425 5771 Διὰ
2454 5716 2609 5769 τοῦτο
2646 5717 2741 5771 καὶ
2781 5718 2843 5771 :6
2887 5719 3081 5789 Πάσχα
3103 5720 3353 5790 ἐποίησε-ι’
3388 5720 3552 5792 νόμου
3586 5724 3695 5797 γάρ

2119 5795 2188 5870 ἦν
2216 5800 2496 5869 ἐπίταγμα
2522 5799 2582 5851 :6
2611 5802 2826 5871 Πάσχα.
2858 5804 2967 5856 Καὶ
2996 5803 3141 5865 τίνος
3165 5802 3350 5855 ἕνεκεν
3373 5804 3402 5856 6
3422 5805 3586 5875 νόμος
3607 5795 3699 5859 ἐτέ-

2123 5882 2277 5946 ἑταξε
2308 5884 2367 5936 :6
2399 5883 2591 5953 Πάσχα
2637 5883 2873 5951 ἐσθίειν;
2916 5884 3247 5954 Ἀγνώμονες
3280 5879 3420 5955 ἦσαν
3447 5889 3576 5959 περὶ
3602 5889 3695 5946 τὸν
