4432 6682
755 418 864 473 379

757 523 1053 598 εὐεργέτην
1093 523 1142 576 οἱ
1177 519 1431 580 Ἰουδαῖοι,
1467 519 1561 571 καὶ
1604 518 1732 588 παρ’
1757 515 1924 580 αύτάς
1964 515 2074 598 ea;
2109 512 2329 598 £65972:

758 591 880 673 σίας
901 591 1332 662 ἐπελανθάνοντο
1354 599 1450 654 τοῦ
1480 601 1901 672 προστάγματος
1923 597 2019 651 τοῦ
2046 593 2200 649 Θεοῦ.
2220 591 2331 644 Kal

759 694 868 765 7&9
895 693 983 745 ὅτε
1011 687 1230 757 ἐξῆλθον
1258 685 1316 750 ἐξ
1342 684 1639 753 Αἰγύπτου,
1679 683 1877 744 ίδόντες
1915 680 2184 765 θάλασσαν
2201 691 2334 765 Δσχιο

761 758 992 846 ζομένην
1036 773 1130 826 καὶ
1166 769 1456 824 συνιοῦσαν
1498 769 1676 828 πάλιν,
1709 766 1804 818 καὶ
1836 765 1973 819 ἀλλα
2003 763 2172 846 μυρία
2197 758 2330 813 θαύ-

766 842 928 931 ματα,
949 842 1141 923 ’ἔλεγον
1162 871 1176 884 ο
1211 854 1561 922 Ποιήσωμεν
1588 847 1824 931 ἑαυτοῖς
1865 847 2059 912 θεοὺς,
2103 842 2160 931 οῖ
2189 857 2332 909 προ-

762 930 1156 1012 πορεύσονται
1185 936 1372 1007 ἡμῶν.
1403 935 1469 988 Τί
1497 933 1671 1001 λέγεις
1695 948 1710 997 ;
1745 930 1816 984 τά
1841 931 2095 1001 θαύματα
2126 930 2186 1012 ἐν
2207 941 2334 1012 χερ-

763 1006 852 1082 σὶν
886 1027 988 1084 ἔτι.
1030 1023 1126 1076 καὶ
1155 1006 1416 1073 ἐπελάθου
1445 1015 1537 1069 τοῦ
1570 1014 1894 1087 εύεργέτου;
1936 1012 2088 1066 Ἐπεὶ
2127 1006 2220 1064 οὖν
2250 1007 2334 1062 οῦ-

761 1127 866 1173 τως
893 1106 1032 1180 ἦσαν
1062 1104 1373 1174 ἀναίσθητοι
1392 1100 1484 1152 καὶ
1507 1098 1847 1180 ἀγνώμονες,
1860 1098 1926 1180 τῃ
1955 1093 2206 1180 ὑποθέσει
2228 1091 2335 1180 τῶν

761 1173 963 1265 ἑορτῶν
1012 1187 1337 1257 ἐγκατέδησε
1380 1182 1490 1235 τῶν
1537 1181 1750 1265 δωρεῶν
1795 1178 1868 1265 τά
1899 1177 2270 1265 ύπομνήματα
2306 1173 2335 1224 6

761 1259 915 1340 θεὸς,
946 1275 1038 1328 καὶ
1070 1273 1156 1324 διά
1198 1267 1355 1320 τοῦτο
1398 1266 1493 1320 καὶ
1533 1266 1594 1318 τὸ
1634 1264 1824 1334 Πάσχα
1851 1261 1999 1315 θύειν
2027 1259 2334 1322 ἐκέλευσεν,

763 1361 908 1421 Ἵνα,
932 1357 1040 1412 ἐάν
1066 1370 1140 1406 σε
1188 1350 1487 1419 ἐρωτήσῃ,
1517 1350 1698 1418 φησὶν,
1732 1352 1764 1402 ό
1802 1349 1932 1414 υἱός
1959 1362 2096 1408 σου,
2123 1344 2189 1398 Τί
2222 1344 2338 1396 ἐστι

760 1443 820 1495 τὺ
861 1441 1050 1509 Πάσχα
1093 1437 1286 1496 τοῦτο;
1335 1435 1514 1507 είπῃς,
1549 1434 1630 1486 δτι
1658 1431 1764 1486 Τοῦ
1797 1431 2068 1502 προϐάτου
2098 1428 2160 1482 τὸ
2200 1421 2340 1497 αἷμα

763 1525 1059 1596 ἐπέχρισαν
1085 1524 1204 1584 ταῖς
1239 1519 1433 1590 θύραις
1461 1519 1589 1569 ποτέ
1615 1515 1770 1596 ἡμῶν
1797 1515 1846 1566 οί
1881 1513 2136 1596 πρόγονοι
2154 1512 2222 1596 ,ἐν
2245 1511 2342 1596 -Αί-

763 1591 976 1676 γύπτῳ,
1019 1605 1106 1658 ἵνα
1138 1603 1210 1674 μὴ
1240 1604 1268 1654 6
1295 1598 1593 1669 ὀλοθρεύων
1621 1595 1791 1648 ἐλθὼν
1817 1595 1909 1648 καὶ
1942 1593 2064 1676 ίδῶν
2091 1591 2336 1676 τολμήσῃ

763 1672 1108 1758 εἰσπηδῆσαι.
1141 1672 1241 1737 καὶ
1284 1681 1536 1750 ἐπαγάγῃ
1582 1678 1813 1749 πληγήν.
1861 1677 1970 1730 Kal
2003 1672 2071 1746 ἦν
2111 1677 2145 1746 ή
2179 1674 2338 1758 ἑορτὴ

761 1756 946 1823 λοιπὸν
975 1769 1276 1837 ὑπόμνησις
1308 1763 1579 1834 σωτηρίας
1608 1761 1882 1832 διηνεκής.
1915 1759 2128 1812 Μᾶλλον
2177 1757 2233 1810 δὲ
2277 1756 2338 1810 ού

762 1853 922 1907 τοῦτο
973 1851 1134 1923 μόνον
1185 1847 1517 1921 ἐκέρδαινον,
1560 1847 1642 1898 ὅτι
1685 1845 1795 1897 τῶν
1848 1841 2094 1896 παλαιῶν
2143 1841 2342 1903 αὐτοὺς

764 1935 1172 2007 ἀνεμίμνησκεν
1209 1929 1685 2002 εὐεργετημάτων,
1714 1925 1848 1979 ἀλλά
1878 1925 1973 1980 καὶ
2005 1926 2190 1998 ἔτερον
2232 1927 2343 2007 μεῖ-

764 2001 879 2082 ζον,
911 2001 995 2070 δτι
1021 2001 1089 2068 τὰ
1125 2001 1389 2084 μέλλοντα
1408 2009 1790 2079 προδιετύπου.
1822 2008 1934 2062 Kal
1957 2007 2068 2079 7&9
2089 2007 2258 2070 τύπος
2276 2001 2343 2077 ἦν

762 2103 968 2162 ἐκεῖνος
1001 2099 1031 2150 6
1057 2097 1228 2167 ἀμνὸς
1257 2095 1442 2165 ἐτέρου
1473 2093 1645 2165 ἀμνοῦ
1678 2090 2072 2162 πνευματικοῦ,
2096 2092 2188 2144 καὶ
2220 2091 2346 2161 πρό-

765 2184 926 2236 ϐατον
954 2179 1229 2252 προϐάτου
1248 2195 1262 2208 ·
1292 2177 1387 2232 καὶ
1417 2178 1479 2231 τὸ
1517 2177 1614 2248 μὲν
1645 2171 1713 2248 ἦν
1743 2175 1889 2236 σκιὰ,
1923 2174 1983 2227 τὸ
2010 2175 2066 2227 δέ
2094 2173 2340 2244 ἀλήθεια.

779 2266 998 2337 Ἐπειδὴ
1033 2265 1092 2319 δέ
1115 2263 1384 2333 ἐπέφανεν
1411 2263 1440 2315 6
1471 2262 1571 2332 τῆς
1594 2260 1937 2330 δικαιοσύνης
1961 2259 2130 2330 ἥλιος,
2153 2261 2186 2330 ἡ
2217 2259 2344 2311 σκιά

763 2350 948 2404 λοιπὸν
980 2346 1281 2402 ἐπαύσατο·
1315 2347 1467 2417 ἡλίου
1493 2349 1600 2416 γάρ
1624 2344 1954 2412 ἀνίσχοντος,
1979 2341 2281 2412 κρύπτεται
2308 2343 2341 2412 ή

765 2432 912 2485 σκιά.
935 2429 1032 2483 Διά
1055 2428 1210 2482 τοῦτο
1235 2427 1344 2500 γάρ
1373 2425 1522 2499 [585]
1550 2427 1606 2478 ἐν
1629 2426 1766 2496 αὐτῇ
1794 2427 1859 2494 τῇ
1887 2422 2134 2496 τραπέζῃ
2159 2423 2344 2476 ἑκάτε-

766 2531 856 2585 ρον
891 2512 1097 2581 γίνεται
1143 2512 1356 2582 Πάσχα,
1405 2510 1498 2563 καὶ
1540 2507 1602 2561 τὸ
1649 2507 1741 2561 τοῦ
1783 2507 1975 2568 τύπου,
2011 2508 2106 2560 καὶ
2151 2507 2210 2560 τὸ
2241 2507 2341 2577 τῆς

765 2595 1040 2668 ἀληθείας.
1067 2595 1336 2666 Καθάπερ
1363 2593 1472 2664 7&9
1496 2595 1544 2646 οἱ
1575 2592 1855 2664 ζωγράφοι
1888 2594 1946 2645 ἐν
1976 2590 2126 2661 αύτῷ
2151 2590 2230 2662 τῷ
2254 2592 2342 2644 πί·-

766 2698 890 2733 νακι
924 2678 1019 2732 καὶ
1044 2677 1141 2740 τάς
1161 2676 1426 2748 γραμμάς
1450 2675 1772 2746 περιάγουσι
1797 2676 1891 2728 καὶ
1915 2675 2013 2745 τὴν
2037 2674 2196 2728 σκιάν
2215 2674 2347 2746 γρά-

766 2777 926 2830 φουσι
946 2772 994 2824 ι,
1029 2760 1125 2812 καὶ
1154 2759 1275 2812 τότε
1300 2758 1399 2828 τὴν
1427 2758 1686 2827 ἀλήθειαν
1725 2758 1833 2810 τῶν
1861 2759 2170 2827 χρωμάτων
2195 2757 2347 2828 αύτῷ

765 2843 1102 2897 ἐπιτιθέασιν
1119 2857 1132 2871 ο
1156 2838 1300 2894 οὕτω
1323 2841 1417 2893 xal
1441 2841 1470 2892 6
1495 2839 1727 2910 Χριστὸς
1749 2840 2006 2908 ἐποίησεν
2030 2855 2040 2866 ·
2066 2839 2154 2892 ἐπ’
2177 2840 2348 2909 αὐτῆς

764 2927 862 2998 τῆς
901 2925 1178 2997 τραπέζης
1221 2923 1314 2976 καὶ
1340 2923 1401 2976 τὸ
1425 2923 1652 2976 τυπικὸν
1677 2923 1871 2993 Πάσχα
1911 2922 2218 2992 ὑπέγραψε,
2252 2924 2347 2977 καὶ

765 3009 827 3062 τδ
866 3008 1117 3077 ἀληθινὸν
1162 3006 1485 3076 προσέθηκε·
1534 3005 1658 3059 Ποῦ
1703 3007 1899 3072 θέλεις
1938 3005 2346 3075 ἑτοιμάσωμέν

766 3109 869 3147 σοι
921 3091 1134 3162 φαγεῖν
1176 3091 1243 3144 τὸ
1289 3087 1546 3157 Πάσχα;
1583 3083 1690 3142 Ἦν
1731 3088 1790 3141 τὸ
1821 3088 2110 3143 Ἰουδαϊκὸν
2155 3090 2347 3160 Πάσχα

766 3178 888 3232 τότε
911 3192 924 3205 ·
959 3175 1096 3230 ἀλλά
1116 3173 1210 3228 τοῦ
1237 3173 1386 3244 ἡλίου
1418 3171 1686 3235 ἐλθόντος,
1721 3173 1917 3243 μηκέτι
1945 3173 2138 3244 λύχνος
2171 3175 2348 3242 φαινέ·

767 3279 864 3328 τω,
889 3260 996 3330 τῆς
1027 3257 1284 3329 ἀληθείας
1309 3255 1781 3328 παραγενομένης,
1813 3257 2052 3328 ἀργείτω
2088 3256 2273 3311 λοιπὸν
2311 3260 2342 3328 ή

770 3342 918 3398 σκιά.
953 3393 962 3402 ,

837 3425 898 3480 ε’.
915 3423 1100 3477 Ταῦτα
1113 3422 1248 3494 πρὸς
1263 3421 1541 3482 Ἰουδαίους
1551 3419 1715 3488 λέγω,
1729 3421 1914 3492 ἐπειδὴ
1924 3421 2142 3475 δοκοῦσι
2154 3423 2348 3492 Πάσχα

767 3511 964 3571 ποιεῖν,
998 3507 1188 3576 ἐπειδὴ
1213 3505 1408 3577 γνώμῃ
1436 3503 1778 3574 ἀναισχύντῳ
1810 3504 1877 3556 τὰ
1900 3504 2084 3575 ἄζυμα
2115 3505 2349 3576 προϐαλ-

767 3592 954 3644 λουσιν
971 3591 1019 3643 οί
1045 3589 1410 3658 ἀπερίτμητοι
1449 3590 1569 3650 ταῖς
1599 3588 1866 3656 καρδίαις.
1907 3588 2050 3648 Πῶς,
2081 3591 2199 3642 είπέ
2234 3607 2345 3657 μοι,

766 3673 830 3726 τὸ
860 3672 1050 3742 Πάσχα
1075 3670 1364 3735 ἐπιτελεῖς,
1385 3663 1692 3731 ὦ’1ουδαῖε;
1725 3670 1781 3721 ’0
1807 3670 1930 3732 va6;
1947 3671 2344 3734 κατέσκαπται,

765 3758 796 3810 6
825 3755 1002 3826 βωμὸς
1031 3755 1320 3825 ἀνῄρηται,
1353 3754 1424 3806 τά
1451 3754 1616 3822 Ἀγια
1655 3753 1762 3806 τῶν
1799 3753 1970 3820 ἁγίων
2014 3755 2344 3825 πεπάτηται,

767 3839 947 3907 πάσης
984 3836 1174 3900 θυσίας
1206 3831 1344 3898 εἶδος
1372 3835 1586 3888 λέλυται
1606 3850 1618 3863 °
1654 3835 1796 3898 τίνος
1827 3831 1922 3889 οὖν
1951 3835 2137 3889 ἓνεκεν
2173 3838 2350 3890 ταῦτα

637 3943 650 3954 ι
765 3921 971 3990 τολμᾷς
994 3918 1074 3971 τάι
1090 3918 1383 3989 παράνομα
1427 3919 1686 3987 πράττειν
1715 3918 2050 3986 πράγματας
2082 3920 2350 3990 Ἀπῆλθες

769 4007 850 4066 είς
874 4001 1170 4056 Βαϐυλῶνά
1201 4018 1346 4055 ποτε.
1379 4001 1539 4053 κάκεῖ
1572 3999 1758 4067 ἔλεγον
1791 4001 1840 4052 οί
1879 4001 2351 4070 αίχμαλωτεύσανο

768 4086 860 4150 τές
888 4102 974 4139 σε’
1011 4087 1232 4155 ’ᾼσατε
1267 4082 1412 4152 ἡμῖν
1442 4084 1510 4137 ἐκ
1538 4082 1656 4136 τῶν
1688 4081 1858 4148 ᾠδῶν
1881 4083 2067 4138 Σιώνο
2116 4085 2211 4140 καὶ
2252 4086 2352 4138 οὐκ

769 4170 1018 4240 ἠνέσχου.
1062 4170 1170 4222 Kal
1213 4168 1385 4221 ταῦτα
1426 4167 1641 4230 δεικνὺς
1679 4169 1707 4219 ό
1737 4166 1920 4232 Δαυῒδ,
1952 4167 2174 4237 ἔλεγενο
2223 4169 2349 4221 Ἐπὶ

768 4253 876 4307 τὸν
923 4255 1192 4320 ποταμὸν
1248 4250 1626 4318 Βαϐυλῶνος,
1655 4250 1783 4304 ένεῖ
1833 4252 2202 4320 ἐκαθίσαμεν
2246 4253 2346 4306 καί

767 4337 1154 4402 ὲκλαύσαμεν
1179 4353 1190 4364 ο
1221 4335 1318 4386 ἐπὶ
1343 4334 1471 4398 ταῖς
1492 4335 1673 4399 ίτέαις
1694 4334 1764 4386 ἐν
1785 4333 1953 4402 μέσῳ
1975 4334 2161 4402 αὐτῆς
2181 4336 2349 4403 ἐκρε-

768 4417 1048 4488 μὰσαμεν
1075 4417 1144 4470 τὰ
1165 4417 1388 4484 ὄργανα
1413 4413 1602 4484 ἡμῶν,
1630 4416 1897 4479 τουτέστι,
1923 4416 2242 4487 ψαλτήριον,
2274 4436 2352 4470 κιο

771 4502 964 4571 θάραν,
997 4498 1186 4570 λύραν,
1217 4497 1313 4552 καί⁵
1336 4498 1404 4551 τά
1435 4497 1597 4552 λοιπά
1621 4515 1633 4526 ’
1666 4497 1878 4561 τούτοις
1913 4500 2022 4571 7&9
2056 4499 2352 4571 ἐκέχρηντο

769 4584 831 4636 τὸ
865 4582 1108 4643 παλαιὸν,
1139 4583 1234 4635 καὶ
1267 4580 1357 4635 διὰ
1387 4580 1592 4635 τούτων
1621 4581 1751 4645 τοὺς
1782 4581 2033 4652 ψαλμοὺς
2059 4578 2208 4656 ᾖδον.
2242 4584 2352 4636 Καὶ

769 4665 942 4721 ταῦτα
973 4665 1298 4727 ἀπελθόντες
1326 4667 1407 4727 είς
1444 4665 1543 4736 τὴν
1583 4664 1986 4734 αἰχμαλωσίαν,
2027 4666 2238 4729 ἔλαϐον,
2283 4667 2350 4719 ἵν’

773 4750 937 4820 ἔχωσι
952 4748 1050 4819 τὴν
1069 4747 1375 4817 ὑπόμνησιν
1397 4745 1497 4814 τῆς
1519 4745 1793 4810 πολιτείας
1814 4749 1914 4817 τῆς
1937 4751 1994 4801 ἐν
2016 4752 2081 4819 τῇ
2107 4751 2346 4823 πατρίδι,

773 4834 872 4902 οὐχ
905 4831 992 4884 ἴνα
1021 4831 1350 4900 χρήσωνται.
1369 4826 1529 4881 Ἐκεῖ
1559 4827 1690 4899 7&9,
1735 4829 1918 4898 φησὶν,
1957 4830 2352 4898 ἐπηρώτησαν

774 4913 931 4983 ἡμᾶς
969 4915 1022 4968 οἱ
1055 4911 1652 4982 αίχμαλωτεύσαντες
1693 4910 1854 4980 ἡμᾶς
1896 4911 2117 4980 λόγους
2161 4912 2348 4979 ᾠδῶν.

777 4996 884 5048 Kal
915 4996 1141 5064 εῖπομεν
1160 5011 1174 5024 ο
1209 4991 1342 5058 Πῶς
1371 4993 1612 5064 ᾷσωμεν
1639 4990 1760 5060 τὴν
1797 4993 1964 5062 ᾠδὴν
1991 4995 2215 5063 Κυρίου
2254 4996 2352 5050 ἐπί

777 5075 891 5146 τῆς
917 5077 1266 5144 ἀλλοτρίαςς
1314 5077 1378 5128 Τί
1421 5076 1627 5144 λέγειςς
1673 5077 1773 5147 τὴν
1817 5077 1960 5148 ᾠδὴν
2009 5078 2218 5147 Κυρίου
2253 5079 2354 5132 οὐκ

779 5160 923 5231 ᾄδεις
958 5161 1052 5214 ἐπὶ
1080 5160 1182 5229 γῆς
1223 5158 1530 5230 ἀλλοτρίας.
1561 5162 1654 5213 καὶ
1681 5159 1741 5213 τὸ
1771 5161 1962 5230 Πάσχα
1996 5162 2202 5234 Κυρίου
2238 5163 2354 5216 ἐπι-

777 5243 948 5308 τελεῖς
993 5243 1087 5298 ἐπὶ
1133 5242 1237 5313 γῆς
1262 5241 1581 5312 ἀλλοτρίας;
1613 5239 1763 5305 Εἶδες
1789 5242 1886 5312 τὴν
1915 5245 2310 5317 ἀγνωμοσύνην
2334 5261 2350 5310 ;

779 5321 914 5387 εἶδες
955 5324 1055 5394 τὴν
1096 5325 1470 5396 παρανομίαν;
1509 5324 1640 5376 Ὅτε
1681 5325 1928 5396 πολέμιοι
1971 5323 2108 5398 ἦσαν
2140 5330 2191 5382 οί
2228 5346 2354 5382 κατ·

776 5405 1200 5474 ἀναγκάζοντες,
1228 5408 1346 5460 οὐδὲ
1385 5407 1601 5478 ψαλμὸν
1645 5407 1820 5461 εἰπεῖν
1847 5409 2088 5480 ἐτόλμων
2123 5411 2215 5463 ἐπὶ
2246 5411 2352 5482 γῆς

777 5487 1060 5560 ἀλλοτρίας
1079 5506 1094 5522 ν
1117 5489 1212 5542 νῦν
1233 5489 1288 5543 δέ
1313 5491 1404 5558 ἀφ’
1435 5491 1664 5553 ἑαυτῶν,
1702 5491 1928 5563 μηδενὸς
1955 5493 2352 5558 ἀναγκάζοντος

780 5571 912 5640 μηδὲ
952 5570 1296 5641 βιαζομένου,
1324 5574 1557 5644 πόλεμον
1597 5576 1878 5644 είσάγουσι
1906 5577 2045 5649 πρὸς
2073 5577 2162 5631 τὸν
2194 5578 2346 5633 Θεόν.

787 5650 947 5724 Ὁρᾷς
995 5654 1111 5717 πῶς
1145 5655 1431 5726 ἀκάθαρτα
1457 5657 1524 5710 τὰ
1556 5658 1773 5731 ἄζυμα;
1820 5659 1938 5724 πῶς
1969 5658 2285 5732 παράνομος
2315 5663 2348 5732 ή

835 5838 863 5866 ⁸
881 5837 978 5887 Alii
999 5840 1075 5886 καὶ
1099 5843 1450 5903 σκιογεάςονσι.

1425 408 1484 462 S.
1522 402 1807 462 JOANNIS
1841 394 2329 458 CHRYSOSTOMI
2370 391 2692 450 ARCHIEP.
2727 391 3284 450 CONSTANTINOP.

3904 396 4010 453 380

2439 507 2597 578 ἑορτή
2619 523 2633 572 ;
2657 506 2774 570 πῶς
2809 508 2998 578 Πάσχα
3030 508 3130 562 ούκ
3155 507 3300 561 ἔστιν
3329 502 3650 570 Ἰουδαῖκόνς
3679 501 3787 560 Ἦν
3819 509 4011 580 Πάσχα

2449 591 2737 646 Ἰουδαϊκόν
2768 608 2919 654 ποτε,
2946 591 3060 644 ἀλλ’
3083 591 3246 664 ἐλύθη
3274 589 3388 653 νῦν,
3413 589 3508 643 καὶ
3542 587 3744 658 ἐπῆλθε
3776 590 3836 642 τὸ
3859 609 4014 645 πνευ-

2440 675 2664 746 ματικὸν
2684 674 2898 746 Πάσχα,
2933 673 2962 726 6
2992 675 3276 745 παρεδίδου
3306 673 3426 728 τότε
3463 673 3492 725 6
3514 671 3764 743 Χριστός.
3785 673 4016 726 Ἐσθιόν-

2436 776 2545 812 των
2587 759 2693 829 γάρ
2723 757 2902 812 αὐτῶν
2942 757 3037 810 καὶ
3075 758 3363 820 πινόντων,
3412 757 3564 828 φησὶ,
3605 753 3786 808 λαϐὼν
3825 756 4011 824 ἄρτον,

2436 841 2636 895 ἔκλασε
2658 842 2755 896 καὶ
2784 835 2933 893 εἶπε’
2973 839 3154 894 Τοῦτό
3178 841 3310 894 ἐστι
3339 840 3406 894 τὸ
3433 837 3604 910 σῶμά
3623 855 3740 908 μου
3773 837 3837 890 τὸ
3864 839 4016 904 ὑπὲρ

2436 923 2607 993 ὑμῶν
2651 924 2958 994 κλώμενον
3005 924 3090 987 είς
3136 922 3360 991 ἄφεσιν
3401 921 3932 994 ἁμαρτιῶν-,Ἴωσιν
3965 921 4016 972 οἱ

2441 1009 2784 1077 μεμυημένοι
2806 1009 2875 1062 τά
2901 1007 3183 1077 λεγόμενα.
3211 1006 3321 1058 Καὶ
3349 1007 3512 1059 πάλιν
3532 1006 3592 1059 τὸ
3624 1005 3905 1075 ποτήριον,
3927 1003 4018 1055 λέ-

2437 1105 2585 1160 γων’
2624 1090 2808 1145 Τοῦτό
2847 1093 2978 1146 ἐστι
3019 1091 3084 1145 τὸ
3129 1082 3272 1159 αἷμά
3295 1106 3436 1156 μου,
3471 1090 3538 1142 τὸ
3576 1088 3727 1157 ὑπὲρ
3769 1087 4018 1142 πολλῶν

2435 1175 2845 1242 ἐκχυνόμενον
2879 1177 2966 1240 είς
3009 1173 3229 1243 ἄφεσιν
3269 1171 3592 1240 ἁμαρτιῶν.
3630 1173 3740 1227 Kal
3780 1171 3960 1241 παρῆν
3988 1169 4019 1221 6

2451 1258 2668 1319 Ἰούδας,
2697 1256 2791 1310 τοῦ
2828 1258 3066 1328 Χριστοῦ
3107 1256 3277 1310 ταῦτα
3318 1255 3589 1322 λέγοντος.
3619 1256 3789 1310 Τοῦτό
3814 1258 3928 1309 ἐστι
3959 1255 4020 1308 τὸ

2445 1341 2621 1414 σῶμα,
2637 1342 2663 1395 ὃ
2683 1340 2994 1411 ἐπώλησας,
3011 1342 3200 1406 Ἰούδα,
3215 1340 3504 1411 τριάκοντα
3526 1339 3804 1410 ἀργυρίων
3824 1356 3840 1372 α
3863 1338 4020 1392 τοῦτό

2445 1428 2560 1480 ἐστι
2596 1426 2656 1479 τὸ
2685 1419 2840 1495 αἷμα,
2873 1424 3011 1493 ὑπὲρ
3055 1419 3117 1478 οὗ
3155 1424 3260 1495 πρὸ
3297 1420 3494 1492 μικροῦ
3538 1421 3607 1474 τά
3652 1422 3844 1493 ἀναιδῆ
3892 1421 4021 1492 σύμ-

2445 1526 2598 1577 φωνα
2644 1508 2828 1562 ἐποίου
2880 1507 3013 1579 πρὸς
3058 1507 3183 1569 τοὺς
3223 1505 3541 1575 ἀγνώμονας
3592 1505 3938 1574 Φαρισαίους.
3958 1507 4024 1556 Ὠ

2441 1593 2540 1661 τῆς
2586 1593 2681 1645 τοῦ
2730 1591 2966 1663 Χριστοῦ
3012 1589 3452 1660 φιλανθρωπίαςί
3485 1586 3529 1639 ῶ
3569 1587 3670 1656 τῆς
3719 1589 3814 1641 τοῦ
3855 1589 4023 1642 Ἰούδα

2441 1673 2856 1744 παραπληξίαςί
2883 1674 2928 1728 ῶ
2963 1676 3060 1746 τῆς
3119 1673 3345 1744 μανίαςί
3379 1673 3407 1724 6
3443 1671 3541 1741 μὲν
3583 1671 3692 1741 7&9
3740 1669 4023 1740 ἐπώλησεν

2441 1756 2604 1809 αὑτὸν
2641 1758 2937 1827 τριάκοντα
2966 1759 3262 1830 δηναρίων·
3305 1758 3335 1808 6
3379 1756 3614 1827 Χριστὸς
3659 1754 3715 1807 δέ
3756 1755 3850 1808 καὶ
3885 1755 4024 1824 μετά

2441 1841 2598 1895 τοῦτο
2622 1842 2681 1893 ού
2717 1845 3077 1914 παρῃτήσατο
3105 1842 3237 1896 αύτδ
3259 1842 3320 1895 τὸ
3345 1837 3484 1911 αἷμα
3515 1840 3576 1892 τὸ
3608 1838 3815 1910 πραθὲν
3837 1837 4024 1891 δοῦναι

2443 1927 2521 1990 εί,
2548 1927 2739 1994 ἄφεσιν
2767 1926 3053 1997 ἁμαρτιῶν
3085 1927 3164 1996 τῷ
3203 1927 3532 1998 πεπραχότι,
3575 1926 3629 1978 εί
3663 1941 3727 1992 γε
3763 1921 4020 1992 ἠθέλησε.

2443 2007 2552 2061 Kal
2580 2008 2688 2078 7&9
2718 2009 2901 2078 παρῆν
2944 2008 3163 2074 Ἰούδας,
3192 2009 3286 2064 xal
3339 2011 3552 2080 μετεῖχε
3579 2010 3679 2078 τῆς
3713 2007 3864 2076 ἱερᾶς
3893 2021 4026 2076 τρα-

2443 2091 2856 2161 πέζης.”Ὠσπερ
2880 2090 2987 2161 7&9
3012 2093 3139 2154 τοὺς
3170 2092 3336 2154 πόδας
3368 2090 3536 2146 αὑτοῦ
3564 2090 3702 2160 μετά
3728 2090 3836 2143 τῶν
3851 2089 4027 2142 ἀλλων

2445 2176 2593 2244 ἔνιψε
2625 2174 2902 2246 μαθητῶν,
2937 2173 3079 2226 οῦτω
3121 2175 3218 2228 καὶ
3253 2175 3352 2244 τῆς
3387 2175 3536 2245 ἱερᾶς
3568 2175 3796 2244 μετέσχε
3827 2175 4029 2244 τραπέ-

2445 2259 2566 2330 ζης,
2592 2259 2679 2312 ἵνα
2716 2257 2982 2330 μηδεμίαν
3003 2258 3299 2326 ἀπολογίας
3332 2257 3430 2329 ἔχῃ
3461 2259 3757 2328 πρόφασιν,
3781 2259 3878 2311 ἐὰν
3905 2260 4028 2310 ἐπι-

2447 2343 2608 2413 μείνῃ
2649 2345 2717 2412 τῇ
2765 2341 3017 2410 πονηρία.
3045 2341 3229 2394 Πάντα
3261 2342 3370 2410 7&9
3399 2339 3549 2411 [534]
3573 2341 3641 2393 τά
3677 2342 3806 2404 παρ’
3831 2339 4026 2393 ἐαυτοῦ

2443 2426 2778 2492 ἐπεδείξατο,
2809 2427 2904 2480 καὶ
2933 2426 3280 2497 εἰσήνεγκενο
3313 2426 3342 2477 6
3367 2425 3424 2480 δὲ
3447 2424 3626 2497 ἔμεινε
3654 2425 3753 2496 τὴν
3782 2425 4029 2496 πονηρὰν

2441 2509 2712 2580 διατηρῶν
2735 2511 2986 2581 γνώμην.

2517 2598 2568 2656 ς’
2578 2633 2590 2647 .
2609 2591 2773 2645 Ἀλλά
2789 2594 2979 2663 καιρὸς
3002 2592 3191 2646 λοιπὸν
3206 2594 3272 2663 τῇ
3291 2594 3495 2664 φρικτῇ
3517 2591 3689 2662 ταύτῃ
3711 2589 4032 2662 προσελθεῖν

2445 2675 2713 2748 τραπέζῃ.
2734 2676 2942 2740 Πάντες
2963 2677 3145 2730 τοίνυν
3177 2675 3566 2748 προσέλθωμεν
3590 2675 3727 2746 μετά
3746 2676 3844 2744 τῆς
3871 2691 4034 2744 προσ-

2448 2758 2688 2830 ηκούσης
2731 2759 3086 2830 σωφροσύνης
3131 2760 3226 2814 καὶ
3257 2759 3505 2830 νήψεωςο
3554 2759 3647 2813 καὶ
3679 2758 3868 2829 μηδεὶς
3891 2757 4034 2810 ἔστω

2462 2842 2662 2906 Ἰούδας
2695 2841 2797 2905 ἔτι,
2838 2843 3022 2913 μηδεὶς
3049 2843 3192 2896 ἔστω
3219 2842 3478 2912 πονηρὸς,
3513 2841 3703 2912 μηδεὶς
3745 2840 3884 2910 ἔχων
3931 2839 4030 2901 ίὺν,

2452 2926 2528 2996 μὴ
2558 2924 2692 2979 ἀλλα
2726 2926 2823 2995 μὲν
2852 2926 2945 2977 ἐπὶ
2979 2924 3074 2978 τοῦ
3116 2925 3388 2995 στόματος
3423 2924 3627 2994 φέρων,
3651 2922 3787 2976 ἄλλα
3834 2922 3892 2975 δὲ
3939 2923 4032 2974 ἐπὶ

2445 3011 2548 3079 τῆς
2570 3009 2832 3072 διανοίας.
2861 3008 3130 3079 Πάρεστιν
3170 3011 3199 3062 6
3246 3007 3503 3078 Χριστὸς,
3534 3008 3629 3060 καὶ
3652 3005 3746 3060 νῦν
3769 3007 3976 3068 ἐκεῖνος
4003 3007 4034 3060 6

2445 3092 2544 3162 τὴν
2569 3090 2849 3162 τράπεζαν
2871 3091 3242 3162 διακοσμήσας
3261 3091 3500 3160 ἐκείνην,
3519 3082 3673 3153 οὗτος
3703 3090 3796 3143 καί⁸
3828 3091 4034 3158 ταύτην

2445 3174 2733 3244 διακοσμεῖ
2754 3173 2870 3227 νῦν.
2909 3173 3044 3226 Ούδέ
3072 3174 3182 3243 γάρ
3214 3172 3500 3240 ἄνθρωπός
3531 3175 3678 3226 ἐστιν
3710 3174 3739 3225 6
3764 3171 3935 3226 ποιῶν
3964 3172 4035 3224 τά

2447 3243 2787 3330 προκείμενα
2831 3257 3088 3326 γενέσθαι
3129 3257 3287 3326 σῶμα
3319 3256 3416 3310 καὶ
3455 3251 3595 3325 αἷμα
3622 3255 3881 3326 Χριστοῦ,
3917 3243 4035 3310 ἀλλ’

2447 3341 2607 3404 αὐτὸς
2638 3344 2666 3394 6
2694 3339 3031 3412 σταυρωθεὶς
3060 3340 3200 3409 ὑπὲρ
3225 3338 3381 3409 ήμῶν
3410 3338 3664 3409 Χριστός.
3691 3338 3882 3409 Σχῆμα
3905 3339 4036 3411 πλη-

2451 3423 2560 3493 ρῶν
2594 3423 2824 3493 ἐστηκεν
2851 3426 2880 3476 6
2909 3423 3109 3494 ίερεὺς,
3139 3421 3208 3474 τά
3237 3423 3460 3492 ῥήματα
3491 3421 3863 3490 φθεγγόμενος
3899 3423 4036 3475 ἐκεῖ-

2450 3521 2549 3558 να’
2584 3507 2696 3576 ήδέ
2731 3505 2959 3576 δύναμις
3003 3505 3098 3557 καὶ
3138 3507 3172 3575 ή
3201 3504 3360 3575 χάρις
3386 3503 3478 3556 τοῦ
3504 3503 3640 3557 Θεοῦ
3679 3505 3814 3556 ἐστι.
3855 3504 4036 3559 Τοῦτό

2445 3607 2566 3658 μου
2595 3589 2724 3643 ἐστὶ
2748 3588 2814 3641 τὸ
2843 3587 3036 3656 σῶμα,
3058 3587 3208 3657 φησί.
3227 3587 3396 3640 Τοῦτο
3415 3587 3475 3640 τδ
3494 3588 3643 3658 ῥῆμα
3669 3587 4036 3659 μεταρρυθμί-

2448 3672 2530 3736 ζει
2575 3672 2646 3726 τά
2688 3672 3058 3743 προκείμεναο
3107 3672 3202 3724 καὶ
3230 3671 3482 3742 καθάπερ
3510 3674 3542 3742 ή
3575 3672 3727 3742 φωνὴ
3769 3672 3954 3741 ἐκείνη
4003 3674 4033 3744 ἡ

2447 3755 2712 3823 λέγουσαο
2749 3755 3119 3820 Αὐξὰνεσθε,
3151 3755 3250 3808 καὶ
3293 3757 3699 3822 minam-£008,
3727 3755 3826 3810 καί
3877 3760 4034 3821 πλη-

2440 3837 2676 3908 ρώσατε
2703 3838 2820 3906 τὴν
2848 3838 2984 3907 γῆν,
3029 3837 3229 3908 ἐρρέθη
3277 3838 3374 3907 μὲν
3419 3838 3587 3904 ἅπαξ,
3634 3839 3721 3892 διά
3751 3839 3951 3902 παντὸς
3978 3837 4036 3890 δὲ

2449 3921 2544 3974 τοῦ
2582 3923 2776 3991 χρόνου
2805 3922 3014 3989 γίνεται
3049 3922 3196 3990 ἔργῳ
3223 3921 3598 3990 ἐνδυναμοῦσα
3627 3925 3726 3992 τὴν
3753 3922 3915 3992 φύσιν
3937 3921 4035 3993 τὴν

2451 4005 2728 4075 ἡμετέραν
2773 4004 2911 4075 πρὸς
2947 4002 3318 4056 παιδοποιίαν·
3355 4004 3497 4056 οῦτω
3523 4009 3617 4057 καὶ
3643 4008 3676 4075 ή
3711 4006 3860 4075 φωνὴ
3893 4006 4033 4078 αῦτη

2453 4086 2602 4150 ἅπαξ
2633 4086 2888 4156 λεχθεῖσα
2922 4086 3044 4138 καθ’
3066 4085 3304 4156 ἑκάστην
3335 4087 3614 4155 τράπεζαν
3660 4090 3716 4139 ἐν
3757 4091 3875 4149 ταῖς
3909 4089 4036 4140 Ἐκ-

2451 4170 2704 4240 κλησίαις
2751 4170 2811 4236 ἐξ
2862 4169 3071 4223 ἐκείνου
3124 4169 3288 4240 μέχρι
3322 4171 3564 4240 σήμερον
3599 4170 3693 4223 καὶ
3727 4170 3891 4241 μέχρι
3933 4172 4036 4241 τῆς

2449 4253 2612 4306 αύτοῦ
2649 4253 2980 4323 παρουσίας,
3002 4252 3101 4323 τὴν
3132 4251 3323 4306 θυσίαν
3357 4254 3775 4323 ἀπηρτισμένην
3805 4253 4038 4324 ἐργάζε-

2449 4353 2561 4389 ται.
2596 4336 2803 4406 Μηδεὶς
2833 4336 3014 4388 τοίνυν
3061 4333 3294 4399 ὕπουλος
3335 4335 3498 4397 ἔστω,
3529 4335 3722 4406 μηδεὶς
3770 4339 4036 4410 πονηρίας

2451 4419 2661 4488 γέμων,
2695 4418 2884 4488 μηδεὶς
2939 4419 3016 4471 ίὸν
3063 4418 3202 4488 ἔχων
3253 4421 3313 4472 ἐν
3358 4422 3425 4491 τῇ
3476 4420 3707 4491 διανοίᾳ,
3741 4420 3829 4474 ίνα
3855 4423 3928 4494 μὴ
3955 4424 4035 4486 εἰς

2453 4503 2775 4572 κατάκριμα
2807 4501 3201 4572 μεταλαμϐάνῃ
3243 4504 3353 4557 Kal
3382 4503 3491 4572 7&9
3521 4503 3665 4565 τότε,
3697 4505 3835 4574 μετὰ
3861 4506 3920 4556 τι
3942 4504 4037 4557 λα-

2455 4585 2570 4638 ϐεῖν
2615 4585 2712 4653 τὴν
2745 4583 3085 4654 προσφοράν,
3113 4587 3426 4657 ἐπεπήδησε
3459 4584 3538 4656 τῷ
3571 4585 3740 4658 Ἰούδᾳ
3786 4589 3814 4640 ό
3852 4588 4035 4642 διάϐο-

2453 4667 2566 4733 λος,
2595 4669 2654 4721 ού
2687 4667 2782 4721 τοῦ
2811 4667 3062 4738 σώματος
3092 4674 3516 4742 καταφρονήσας
3545 4669 3642 4722 τοῦ
3678 4672 4033 4736 Δεσποτικοῦ,

2452 4751 2592 4805 ἀλλά
2621 4751 2709 4805 διά
2741 4751 2844 4821 τὴν
2874 4751 3262 4822 ἀναισχυντίαν
3303 4752 3663 4825 καταφρονῶν
3708 4753 3804 4806 τοῦ
3837 4755 4032 4819 Ἰούδα,

2453 4835 2540 4889 ἵνα
2568 4833 2768 4906 μάθῃς,
2799 4836 2883 4888 δτι
2912 4836 3026 4894 τοῖς
3056 4834 3288 4899 ἀναξίως
3313 4837 3598 4907 μετέχουσι
3621 4835 3731 4890 τῶν
3752 4836 3909 4890 θείων
3934 4857 4036 4908 μυ-

2454 4917 2714 4988 στηρίων,
2744 4916 2957 4978 τούτοις
2989 4916 3224 4985 μάλιστα
3245 4920 3488 4990 ἐπιπηδᾷ
3510 4920 3603 4972 καὶ
3618 4919 3884 4975 ἐπιϐαίνει
3910 4939 4036 4975 συν-

2453 5000 2593 5069 εχῶς
2621 5003 2650 5054 6
2672 4999 2942 5062 διάϐολος,
2983 4999 3170 5072 ὥσπερ
3217 5004 3311 5054 καὶ
3343 5003 3424 5072 τῷ
3459 5002 3630 5072 Ἰούδᾳ
3653 5004 3796 5058 τότε.
3823 5006 3890 5058 Αἱ
3923 5006 4035 5076 γάρ

2453 5084 2609 5152 τιμαὶ
2652 5084 2781 5146 τοὺς
2829 5082 2929 5152 μὲν
2966 5083 3150 5150 ἀξίους
3177 5086 3472 5154 ὠφελοῦσι,
3506 5087 3633 5149 τοὺς
3667 5087 3722 5141 δὲ
3749 5089 3902 5160 παρὰ
3936 5091 4034 5158 τὴν

2455 5165 2612 5233 ἀξίαν
2631 5164 3010 5229 ἀπολαύοντας
3033 5171 3112 5232 είς
3137 5169 3359 5240 μείζονα
3382 5169 3653 5239 τιμωρίαν
3677 5171 4029 5243 ἐμϐάλλουσι.

2455 5248 2564 5300 Kal
2604 5247 2799 5311 ταῦτα,
2831 5249 2929 5319 ούχ
2958 5249 3044 5303 ἵνα
3076 5254 3320 5322 φοϐήσω,
3357 5251 3518 5319 λέγω,
3551 5253 3666 5307 ἀλλ’
3691 5256 3777 5309 ἵνα
3806 5254 4036 5322 ἀσφαλί-

2456 5349 2658 5401 σωμαι.
2694 5333 2901 5403 Μηδεὶς
2944 5337 3126 5390 τοίνυν
3164 5336 3306 5388 ἔστω
3339 5337 3556 5401 Ἰούδας,
3611 5340 3801 5410 μηδεὶς
3849 5337 4034 5391 εἰσιὼν

2457 5416 2532 5468 ίδν
2577 5416 2748 5486 ἐχέτω
2781 5420 3064 5490 πονηρίας.
3097 5419 3285 5490 Τροφὴ
3318 5421 3423 5493 γάρ
3468 5426 3584 5476 ἐστι
3620 5423 3964 5493 πνευματικὴ
3998 5424 4030 5491 ἡ

2456 5497 2617 5552 θυσία
2639 5516 2651 5528 ·
2678 5501 2772 5553 καλ⁸
2797 5502 3048 5574 καθάπερ
3077 5503 3109 5572 ή
3141 5506 3427 5576 σωματικὴ
3455 5508 3651 5579 τροφὴ,
3680 5509 3808 5561 ὅταν
3835 5507 3913 5568 εἰς
3937 5521 4034 5574 γα.

2457 5582 2624 5654 στέρα
2652 5587 2857 5656 χυμοὺς
2889 5587 3120 5656 ἔχουσαν
3150 5591 3417 5659 πονηροὺς
3445 5593 3684 5663 ἐμπέσῃ,
3716 5589 3877 5642 πλέον
3913 5591 4033 5643 ἐπι-

2454 5667 2619 5721 τείνει
2664 5669 2763 5740 τήν
2808 5668 3229 5741 ἀρρωστίαν,ού
3278 5673 3431 5744 παρὰ
3478 5675 3579 5744 τὴν
3612 5673 3818 5726 οἰκείαν
3850 5672 4030 5743 φύσιν,

2457 5749 2590 5804 ἀλλά
2619 5752 2770 5823 παρά
2801 5753 2900 5821 τὴν
2926 5752 3206 5807 ἀσθένειαν
3233 5757 3330 5826 τῆς
3355 5756 3630 5826 γαστρόςδ
3650 5773 3664 5787 ο
3695 5755 3836 5809 οὕτω
3859 5757 3922 5829 δὴ
3943 5759 4031 5812 καὶ

2521 5853 2549 5892 ιδ
2571 5855 2667 5904 Alii
2689 5862 2770 5913 τῆς
2787 5857 2973 5919 σαρκός.
3003 5857 3122 5909 Infra
3152 5860 3337 5910 ἐπειδάν
3363 5860 3427 5914 εἰς
3449 5860 3652 5908 διάνοιαν
3677 5861 4029 5924 ἓμπὲοτρίθει.
