4432 6692
328 401 332 404 ’
379 397 479 451 379

379 525 497 577 erga
526 509 837 566 beneﬁcium
865 524 1018 568 erant
1043 513 1209 567 Judmi
1235 553 1250 576 ,
1281 521 1335 566 et
1372 515 1546 567 statim
1585 525 1702 584 post
1740 523 1956 581 accepta

378 599 632 655 beneﬁcia
676 607 921 673 praecepti
963 605 1130 658 divini
1171 603 1640 659 obliviscebantnr.
1677 605 1808 659 Nam
1839 619 1957 658 cum

375 697 572 762 egressi
613 707 737 751 sunt
782 713 844 751 ex
889 697 1162 767 Egypto,
1208 705 1484 766 postquam
1529 713 1678 752 mare
1713 695 1960 751 viderunt

375 787 597 842 scissum
627 799 680 844 et
713 804 894 843 rursus
923 789 1232 842 coalescens
1257 827 1271 852 ,
1303 789 1511 859 aliaque
1541 790 1819 843 innumera
1859 789 1959 842 mi-

377 881 573 942 racula,
609 880 852 935 dicebant
887 898 900 932 ε
934 877 1206 931 Faciamus
1232 879 1371 934 nobis
1390 882 1529 946 deos,
1562 882 1647 950 qui
1677 881 1958 948 prwcedant

375 986 464 1023 nos
495 969 686 1040 (Exod.
713 969 802 1025 52.
835 970 909 1037 l).
937 967 1070 1034 Quid
1098 967 1265 1022 dicis?
1293 971 1545 1024 miracula
1569 969 1744 1022 adhuc
1769 970 1819 1024 in
1847 986 1959 1023 ma-

375 1060 529 1115 nibus
575 1070 727 1126 sunt,
769 1068 824 1114 et
863 1059 972 1126 jam
1014 1058 1237 1115 beneﬁci
1278 1061 1476 1116 oblitus
1513 1061 1611 1115 es?
1638 1060 1768 1129 Quia
1803 1064 1959 1130 igitur

375 1165 538 1220 usque
559 1152 693 1206 adeo
717 1149 913 1216 stupidi
935 1157 990 1202 et
1015 1150 1200 1220 ingrati
1226 1161 1397 1218 erant,
1426 1152 1774 1206 festivitatum
1797 1169 1959 1224 argu-

373 1253 553 1295 mento
585 1242 726 1294 Deus
755 1240 1017 1293 donorum
1054 1243 1618 1298 commemorationem
1643 1243 1954 1310 adstrinxit,

376 1331 600 1400 ideoque
631 1329 832 1386 Pascha
864 1331 1140 1385 immolare
1169 1334 1326 1402 jussit
1356 1351 1376 1389 :
1408 1333 1508 1398 Ut,
1539 1335 1583 1387 si
1609 1344 1655 1386 te
1682 1335 1960 1406 interroga-

373 1423 524 1487 verit,
556 1423 754 1492 inquit,
781 1422 918 1490 ﬁlius
948 1431 1090 1487 tuus,
1117 1425 1250 1491 Quid
1279 1435 1362 1480 est
1391 1425 1491 1479 hoc
1520 1425 1762 1479 Pascha?
1783 1425 1956 1493 dicas,

375 1513 504 1577 Quia
547 1515 668 1584 agni
713 1513 974 1582 sanguine
1016 1514 1206 1583 januas
1249 1527 1516 1573 unxerunt
1561 1519 1687 1572 olim
1733 1518 1960 1587 majores

376 1607 543 1660 nostri
584 1610 635 1659 in
679 1605 946 1676 Egypto,
981 1621 1048 1661 ne
1090 1618 1324 1664 vastator
1367 1610 1588 1680 angelus
1627 1610 1846 1664 veniens
1880 1611 1960 1665 vi-

375 1698 612 1768 densque
636 1699 892 1753 insultare
913 1699 1149 1765 auderet,
1172 1710 1226 1756 et
1250 1702 1459 1773 plagam
1485 1701 1748 1771 inﬁigeret
1768 1701 1956 1770 (Exod.

377 1787 463 1841 12.
507 1788 622 1858 27).
670 1790 900 1856 Eratque
940 1789 1188 1859 deinceps
1229 1791 1423 1847 festum
1474 1803 1729 1861 perpetua
1774 1792 1962 1845 salutis

373 1880 828 1935 commemoratio.
862 1879 970 1934 lmo
1007 1897 1134 1937 vero
1167 1899 1270 1938 non
1303 1883 1354 1937 id
1385 1884 1556 1938 solum
1601 1884 1960 1946 lucrabantur,

375 1973 514 2040 qnod
545 1973 622 2026 eis
659 1972 996 2040 antiquorum
1039 1973 1414 2030 beneliciorum
1455 1977 1767 2029 memoriam
1807 1991 1964 2030 revo-

375 2074 556 2126 caret,
588 2064 682 2118 sed
711 2075 764 2117 et
788 2064 930 2118 aliud
959 2065 1128 2133 majus
1153 2107 1168 2130 ,
1201 2067 1339 2135 quod
1371 2069 1541 2123 futura
1575 2067 1963 2138 pra-ﬁguraret.

377 2153 469 2208 Ille
497 2155 690 2223 quippe
717 2169 886 2224 agnus
913 2154 1078 2224 ﬁgura
1107 2165 1224 2210 erat
1256 2157 1472 2210 alterius
1501 2159 1618 2226 agni
1651 2156 1962 2224 spiritualis,

375 2256 430 2298 et
450 2245 563 2298 ovis
589 2259 744 2299 ovem
774 2243 1120 2314 praenotabat.
1151 2245 1327 2314 Atque
1358 2245 1483 2298 illud
1515 2246 1724 2315 quidem
1755 2246 1962 2310 umbra,

381 2335 481 2390 huc
505 2337 700 2390 veritas
722 2345 854 2390 erat.
879 2336 1012 2390 Cum
1045 2345 1223 2390 autem
1253 2338 1584 2403 apparuisset
1608 2337 1697 2390 Sol
1721 2336 1959 2406 justitite,

382 2426 564 2480 umbra
594 2427 820 2481 cessavit
849 2445 862 2482 :
888 2428 1093 2481 oriente
1119 2426 1316 2496 quippe
1356 2426 1468 2478 sole
1507 2427 1726 2479 solvitur
1753 2427 1960 2480 umbra.

385 2518 504 2572 Ideo
534 2520 584 2572 in
616 2521 799 2573 eadem
839 2520 951 2590 ipsa
985 2535 1164 2574 mensa
1199 2529 1484 2589 utrumque
1515 2519 1716 2574 Pascha
1759 2521 1966 2590 perlici-

384 2617 488 2669 tur,
518 2619 570 2661 et
597 2611 702 2678 typi
727 2619 780 2663 et
803 2611 1055 2664 veritatis.
1080 2610 1538 2677 Quemadmodum
1571 2609 1713 2664 enim
1739 2611 1968 2679 pictores

383 2697 434 2750 in
464 2697 649 2751 eadem
679 2699 788 2766 ipsa
821 2700 994 2752 tabula
1030 2709 1084 2754 et
1126 2701 1297 2754 lineas
1326 2701 1736 2754 circumducunt
1764 2709 1818 2754 et
1847 2716 1968 2752 mn-

384 2790 530 2843 ln-am
574 2791 896 2860 depingunt,
944 2799 1172 2859 tuncque
1209 2793 1447 2846 colorum
1487 2793 1764 2846 veritatem
1804 2807 1970 2861 appo-

384 2890 558 2933 nunt:
589 2880 667 2934 sic
703 2889 756 2934 et
798 2879 1039 2933 Christus
1083 2880 1205 2934 fecit
1242 2898 1254 2933 :
1299 2882 1352 2934 in
1392 2881 1578 2936 eadem
1626 2882 1738 2950 ipsa
1782 2897 1966 2935 mensa

385 2972 612 3040 typicum
646 2971 846 3024 Pascha
874 2970 1187 3039 descripsit,
1217 2977 1270 3024 et
1299 2985 1480 3023 verum
1516 2970 1734 3024 addidit.
1770 2969 1868 3024 Ubi
1896 2971 1968 3025 vis

385 3077 615 3128 paremus
653 3061 739 3113 tibi
780 3061 1039 3113 comedere
1081 3059 1324 3114 Pascha?
1353 3060 1501 3114 Tunc
1541 3059 1813 3115 Judaicum
1853 3070 1969 3115 erat

387 3150 584 3204 Pascha
606 3191 621 3212 ,
651 3149 744 3203 sed
774 3153 1018 3204 veniente
1046 3152 1159 3205 sole
1185 3193 1200 3218 ,
1234 3152 1450 3206 lucerna
1478 3167 1546 3207 ne
1575 3152 1746 3208 luceat
1773 3169 1786 3206 :
1812 3167 1966 3207 accc.

385 3243 545 3295 dente
573 3241 815 3304 veritate,
842 3253 1014 3297 cesset
1039 3242 1232 3298 deinde
1258 3242 1468 3296 umbra.

457 3335 510 3388 5.
528 3334 713 3387 Contra
733 3333 959 3387 Judteos.
979 3335 998 3404 (
1018 3333 1139 3387 Vide
1163 3336 1214 3387 in
1245 3334 1484 3389 Homiliis
1499 3345 1674 3389 contra
1697 3335 1871 3398 eos,T.
1892 3335 1966 3406 1.)

385 3454 454 3463 -
487 3425 608 3478 ΗὶΡΟ
633 3423 828 3478 ,Ιιιᾱωίε
855 3423 995 3490 dico,
1026 3425 1146 3493 quia
1176 3424 1420 3478 videntur
1445 3425 1648 3480 Pascha
1675 3426 1969 3491 celebrare,

385 3517 507 3584 quia
536 3515 825 3582 impudenti
851 3515 1072 3570 consilio
1092 3530 1274 3585 azyma
1301 3515 1556 3584 objiciunt
1584 3516 1656 3568 illi
1687 3516 1973 3570 incircum-

387 3607 481 3658 cisi
506 3606 688 3659 corde.
717 3605 1016 3672 Quomodo,
1036 3622 1237 3675 qna'so,
1261 3606 1458 3659 Pascha
1479 3607 1734 3668 eclebras,
1753 3606 1969 3660 Jud:ce?

387 3697 666 3765 Templum
694 3697 922 3750 dirutum
954 3705 1036 3750 est
1059 3738 1074 3762 ,
1106 3699 1272 3751 altare
1302 3697 1564 3750 sublatum
1589 3739 1604 3763 ,
1634 3705 1813 3750 sancta
1843 3711 1964 3748 san-

385 3795 591 3840 ctorum
613 3786 939 3849 concalcata,
959 3800 1116 3839 omne
1140 3786 1383 3840 sacriﬁcii
1412 3802 1576 3856 genus
1598 3787 1823 3841 solutum
1845 3797 1923 3840 est
1954 3802 1967 3839 :

391 3896 486 3934 cur
507 3895 633 3949 ergo
649 3879 811 3934 audes
837 3879 949 3932 lucc
971 3879 1239 3948 illegitima
1273 3882 1619 3948 perpetrare?
1648 3881 1970 3952 Babylonem

388 3971 670 4041 aliquando
689 3971 1034 4036 concessisti,
1063 3981 1221 4039 atque
1251 3970 1357 4024 illic
1382 3971 1665 4038 dicebant,
1690 3973 1777 4041 qni
1807 3980 1858 4027 te
1882 3988 1974 4026 ca-

391 4062 592 4130 ptivum
645 4060 1012 4127 adduxerant,
1051 4059 1260 4116 Cantate
1302 4060 1445 4114 nobis
1484 4062 1547 4114 de
1586 4064 1794 4117 canticis
1844 4064 1975 4118 Sion

389 4155 406 4220 (
430 4152 572 4206 Psal.
600 4154 719 4207 156.
751 4152 820 4221 5)
859 4170 872 4205 :
903 4161 956 4206 et
983 4162 1035 4207 tu
1057 4153 1335 4207 rennebas.
1371 4153 1490 4205 llzec
1515 4167 1670 4220 porro
1693 4153 1973 4208 declarans

393 4244 556 4298 David
581 4245 790 4298 dicebat
821 4263 834 4297 :
866 4243 1035 4312 Super
1059 4245 1273 4314 flumina
1299 4243 1589 4314 Babylonis,
1624 4244 1728 4296 illic
1752 4245 1970 4296 sedimus

389 4341 436 4385 et
463 4334 689 4400 ﬂeuimus
713 4349 731 4386 :
753 4335 805 4386 in
834 4334 1070 4386 salicibus
1097 4335 1150 4386 in
1179 4334 1341 4386 medio
1370 4336 1476 4396 eius
1505 4333 1854 4399 suspendimus
1881 4349 1967 4383 or-

392 4439 524 4491 gana
554 4433 726 4474 nostra
755 4422 924 4493 (Ibid.
951 4439 999 4474 υ.
1031 4424 1080 4476 1.
1108 4423 1202 4492 2),
1235 4424 1284 4476 id
1314 4434 1415 4488 cst,
1451 4424 1771 4493 psalterium,
1802 4422 1971 4475 citha-

390 4530 540 4576 ram,
565 4514 761 4583 lyram,
793 4524 846 4568 et
874 4524 1086 4568 cmtera.
1118 4515 1210 4569 llis
1237 4517 1380 4570 enim
1412 4517 1537 4570 olim
1570 4515 1849 4569 utebantur
1873 4555 1886 4575 ,
1917 4526 1972 4568 ct

392 4607 474 4660 his
502 4607 734 4674 psalmos
759 4607 1057 4662 canebant:
1082 4607 1302 4676 hmcque
1334 4610 1384 4662 in
1414 4610 1771 4679 captivitatem
1801 4607 1968 4660 abdu-

391 4697 458 4749 cti
483 4711 661 4751 secum
694 4699 940 4763 tulerant,
967 4710 1022 4752 nt
1047 4709 1451 4754 monumentum
1481 4701 1660 4770 patriae
1686 4708 1970 4754 consuetu-

392 4788 528 4840 dian
559 4788 812 4843 haberent
831 4832 845 4854 ,
873 4806 974 4844 non
1003 4801 1059 4844 ut
1101 4791 1163 4843 iis
1190 4800 1485 4846 uterentur.
1519 4793 1632 4846 lllic
1658 4793 1795 4846 enim
1823 4834 1836 4855 ,
1867 4794 1970 4856 ait,

393 4883 817 4948 interrogaverunt
848 4900 937 4937 nos
962 4924 974 4946 ,
1002 4882 1084 4952 qui
1122 4883 1342 4950 captivos
1387 4883 1639 4937 duxerunt
1669 4900 1758 4936 nos
1783 4925 1796 4949 ,
1829 4883 1976 4936 verba

393 4974 678 5023 cantionum
715 4971 883 5040 (Ibid.
911 4990 956 5027 υ.
989 4973 1084 5044 5).
1116 4973 1179 5026 Ει
1214 4972 1478 5040 diximus,
1513 4975 1776 5040 Quomodo
1802 4987 1976 5028 canta-

393 5065 551 5117 bimus
588 5065 836 5115 canticum
879 5065 1082 5117 Domini
1123 5065 1176 5117 in
1217 5075 1350 5117 terra
1387 5064 1598 5118 aliena?
1636 5066 1772 5131 Quid
1799 5066 1974 5119 dicis?

395 5153 654 5207 canticum
682 5153 889 5207 Domini
913 5171 1016 5210 non
1043 5164 1224 5209 cantas
1247 5155 1295 5207 in
1320 5163 1459 5207 terra
1481 5156 1674 5220 aliena,
1699 5167 1752 5211 et
1773 5157 1973 5210 Pascha

400 5246 600 5300 Domini
623 5245 862 5299 celebras
889 5247 938 5299 in
968 5256 1104 5302 terra
1133 5247 1340 5303 aliena?
1365 5246 1548 5300 Viden'
1571 5248 1834 5317 ingratum
1856 5251 1974 5304 ani-

399 5337 580 5390 mum?
609 5335 779 5389 viden'
808 5335 1177 5404 iniquitatem?
1207 5341 1336 5395 Cum
1361 5339 1555 5394 inimici
1585 5349 1737 5393 erant
1761 5343 1853 5410 qui
1881 5358 1974 5396 co~

398 5437 605 5494 gerent,
635 5444 699 5481 ne
728 5427 985 5494 psalmum
1016 5431 1228 5496 quidem
1258 5432 1434 5486 dicere
1463 5431 1723 5484 audebant
1753 5432 1802 5483 in
1835 5441 1976 5487 terra

396 5521 598 5582 aliena;
629 5535 763 5573 nunc
788 5527 962 5572 antem
991 5534 1083 5571 sua
1116 5534 1305 5588 sponte
1332 5567 1342 5583 .
1369 5525 1577 5578 nemine
1603 5533 1820 5592 cogente
1841 5565 1855 5588 ,
1887 5541 1983 5578 nc-

399 5611 542 5664 mine
563 5613 666 5665 vim
691 5614 963 5675 inlerente,
985 5610 1180 5664 bellum
1205 5614 1438 5670 inferunt
1463 5617 1588 5671 Deo.
1616 5617 1798 5672 Viden‘
1819 5632 1976 5686 quam

398 5697 604 5766 impura
628 5705 733 5757 sint
754 5701 979 5775 azyma?
1007 5717 1163 5773 quam
1193 5704 1524 5774 illegitimum
1560 5709 1796 5764 festum?
1825 5725 1980 5780 quam

401 5803 522 5844 vere
550 5808 652 5847 non
682 5796 751 5851 sit
776 5797 975 5852 Pascha
1003 5794 1320 5851 Judaicum?
1351 5798 1476 5854 Erat
1511 5801 1636 5856 olim
1671 5801 1870 5857 Pascha
1900 5802 1983 5858 Ju-

1456 397 1540 452 Μ.
1580 398 1995 456 PRODITIONE
2031 403 2228 459 JUD.~E
2296 402 2519 462 1101111..
2566 408 2607 462 Ι.

3549 398 3652 454 580

2068 513 2303 581 daicnm,
2333 517 2424 570 sed
2454 533 2593 572 nunc
2615 517 2844 571 solutum
2872 523 2982 574 est.
3013 513 3333 582 advenitqne
3372 511 3652 575 S,.iritnate

2067 605 2293 672 Pascha,
2322 609 2462 678 quod
2495 620 2618 662 tunc
2663 605 2880 662 tradidit
2904 605 3168 660 Christus.
3203 604 3306 658 lllis
3341 603 3480 655 enim
3509 619 3656 655 inan-

2063 698 2379 752 dncantibus
2415 715 2476 754 ac
2523 699 2861 764 bibentibus,
2909 697 3116 767 inquit,
3158 695 3425 764 accipiens
3464 708 3655 762 panem

2065 789 2221 858 fregit
2258 798 2311 842 et
2339 789 2468 844 dixit
2503 809 2516 844 :
2549 789 2664 844 Hoc
2691 798 2760 843 est
2786 805 2970 858 corpus
2999 803 3163 840 meum
3185 828 3198 850 ,
3231 785 3366 855 quod
3401 801 3494 854 pro
3521 783 3659 837 vobis

2063 880 2318 949 frangitur
2340 882 2390 933 in
2427 882 2775 935 remissionem
2804 890 3122 949 peccatorum
3150 877 3368 948 (Matth.
3399 874 3489 931 26.
3518 873 3590 928 26

2062 971 2248 1024 Sciunt
2270 971 2323 1032 ii,
2346 973 2434 1040 qui
2459 972 2646 1026 initiati
2671 980 2816 1036 sunt,
2847 970 2931 1024 illa
2956 986 3075 1039 quae
3099 971 3365 1032 dicuntur,
3391 977 3445 1021 et
3472 980 3660 1021 rursus

2063 1061 2283 1114 Calicem
2314 1061 2496 1116 dicens
2527 1078 2541 1114 :
2573 1061 2673 1114 llic
2702 1071 2774 1114 est
2810 1061 3018 1129 sanguis
3044 1075 3214 1121 meus,
3250 1057 3336 1126 qui
3363 1073 3456 1125 pro
3483 1055 3658 1108 multis

2063 1153 2341 1219 e/funditur
2364 1155 2415 1207 in
2445 1156 2784 1208 remissionem
2813 1163 3128 1223 peccatorum
3157 1150 3327 1219 (Ibid.
3355 1150 3426 1205 28
3447 1149 3485 1219 ).
3514 1147 3658 1205 Ade-

2065 1254 2143 1297 rat
2174 1243 2339 1298 ludas
2369 1244 2484 1299 tunc
2508 1245 2722 1300 Christo
2748 1245 2984 1299 dicente.
3015 1243 3127 1297 lloc
3156 1251 3234 1297 est
3265 1256 3481 1311 corpus,
3513 1237 3656 1310 quod

2063 1334 2384 1400 vendidisti,
2414 1334 2546 1390 Iuda
2571 1378 2584 1399 ,
2617 1336 2828 1406 triginta
2858 1334 3162 1405 argenteis;
3193 1333 3279 1387 hic
3301 1342 3381 1387 est
3401 1331 3615 1402 sanguis
3638 1371 3654 1392 ,

2064 1441 2162 1497 pro
2187 1442 2293 1496 quo
2321 1444 2488 1497 ttttpcr
2508 1436 2655 1496 pacta
2688 1427 3024 1496 impudenter
3048 1426 3220 1479 inibas
3249 1440 3368 1477 cum
3403 1421 3658 1491 improbis

2066 1517 2367 1573 Pharisazis.
2392 1520 2435 1572 Ο
2454 1518 2653 1572 Christi
2679 1519 3083 1586 benignitatem!
3113 1534 3146 1571 o
3167 1516 3316 1570 Judm
3333 1514 3656 1567 dementiam

2065 1620 2117 1662 et
2147 1609 2441 1664 insaniam!
2477 1608 2571 1665 llle
2611 1623 2840 1678 namque
2867 1608 3106 1662 vendidit
3139 1608 3284 1661 illum
3315 1607 3533 1674 triginta
3560 1603 3659 1656 de-

2069 1704 2251 1768 nariis,
2269 1703 2514 1760 Christus
2529 1718 2657 1759 vero
2683 1710 2864 1772 postea
2897 1717 3002 1754 non
3026 1699 3297 1755 recusavit
3323 1699 3463 1751 hunc
3488 1698 3659 1766 ipsum

2068 1796 2374 1864 sanguinem
2412 1795 2683 1850 venditum
2725 1791 2979 1848 vendenti
3024 1790 3152 1844 dare
3191 1790 3244 1843 in
3289 1788 3658 1843 remissionem

2071 1895 2430 1954 peccatorum,
2456 1887 2712 1954 siquidem
2739 1885 3022 1940 voluisset.
3054 1883 3250 1936 Aderat
3274 1881 3458 1943 Judas,
3493 1891 3546 1935 et
3569 1895 3661 1934 sa-

2072 1990 2177 2028 cra:
2214 1990 2409 2030 mensa:
2439 1977 2698 2044 particeps
2734 1985 2866 2029 erat.
2894 1976 3043 2029 Sicut
3071 1975 3215 2027 enim
3249 1972 3412 2042 pedes
3439 1971 3556 2041 ejus
3584 1971 3661 2023 Ia-

2071 2066 2167 2124 vit.
2197 2075 2253 2119 ut
2281 2075 2333 2120 et
2362 2066 2586 2120 aiiorum
2627 2066 3006 2132 discipulorum
3027 2107 3043 2132 ,
3077 2067 3145 2119 ita
3187 2075 3239 2119 et
3269 2079 3436 2118 sacra:
3463 2076 3664 2117 mensa:

2068 2155 2336 2226 particeps
2363 2156 2450 2210 ille
2482 2156 2574 2210 fuit
2602 2197 2614 2218 ,
2647 2166 2703 2210 ut
2733 2156 2934 2209 nullum
2963 2154 3322 2210 excusationis
3353 2155 3528 2207 locum
3559 2153 3655 2205 ha-

2071 2251 2242 2313 beret,
2261 2248 2376 2302 siin
2396 2249 2628 2315 nequitia
2653 2256 3041 2318 perseveraret.
3064 2245 3254 2300 Omnia
3271 2246 3412 2298 enim
3436 2259 3554 2314 qum
3578 2259 3670 2311 pe-

2075 2353 2170 2394 hes
2199 2355 2256 2394 se
2289 2349 2441 2394 erant
2470 2341 2726 2396 Dominus
2764 2340 3080 2394 exhibuerat
3115 2347 3169 2392 et
3209 2335 3502 2406 protulerat
3532 2348 3545 2386 :
3577 2335 3667 2388 ille

2075 2448 2205 2486 vero
2233 2433 2284 2487 in
2312 2432 2453 2487 malo
2479 2447 2575 2485 suo
2601 2434 2873 2501 pr0posito
2899 2432 3114 2485 mansit.

2142 2523 2196 2577 6.
2242 2521 2404 2576 Panis
2430 2525 2822 2591 trans/armatur
2849 2521 2899 2573 in
2933 2519 3276 2584 Eucharistia,
3305 2527 3350 2572 et
3379 2518 3434 2586 ﬁt
3463 2517 3667 2583 sacri/i.

2074 2615 2203 2666 cium
2223 2617 2522 2683 perfectum.
2546 2641 2620 2651 —
2644 2610 2751 2666 Sed
2783 2621 2987 2679 tempus
3007 2610 3224 2663 demum
3255 2616 3336 2662 cst
3353 2607 3421 2660 ad
3443 2607 3636 2660 horren

2075 2703 2194 2754 dam
2234 2703 2368 2756 hanc
2408 2717 2649 2756 mensam
2699 2700 3011 2756 accedendi.
3053 2700 3251 2754 Omnes
3297 2700 3470 2768 itaque
3513 2713 3670 2752 acce-

2077 2794 2263 2848 damus
2301 2809 2420 2848 cum
2467 2793 2776 2863 congruenti
2828 2792 3179 2860 temperantia
3227 2805 3291 2844 ac
3336 2791 3602 2860 vigilantia
3649 2805 3663 2842 :

2079 2883 2252 2936 nullus
2278 2884 2410 2936 ultra
2441 2882 2606 2937 Judas
2632 2891 2749 2937 esto
2768 2923 2784 2949 ,
2815 2882 2990 2936 nullus
3021 2880 3298 2949 improbus
3319 2920 3333 2943 ,
3370 2879 3547 2932 nullus
3573 2894 3667 2930 ve-

2079 2988 2218 3027 neno
2243 2971 2488 3038 infectns,
2516 2987 2688 3041 neque
2712 2972 2812 3026 alia
2839 2971 2890 3024 in
2912 2985 3006 3025 ore
3027 2984 3268 3032 versans,
3291 2969 3392 3021 alia
3416 2969 3466 3021 in
3489 2979 3669 3023 mente

2077 3065 2333 3118 retinens.
2365 3063 2530 3118 Adest
2558 3062 2803 3118 Christus
2823 3103 2836 3126 ,
2866 3071 2920 3118 et
2947 3076 3089 3116 nunc
3118 3063 3182 3125 is,
3212 3061 3307 3130 qui
3337 3075 3574 3114 mensam
3604 3062 3668 3113 il-

2076 3157 2180 3210 lam
2201 3155 2497 3226 apparavit,
2522 3155 2610 3210 hic
2636 3156 2750 3225 ipse
2776 3154 2912 3208 hanc
2939 3167 3080 3208 nunc
3110 3161 3354 3206 exornat.
3385 3151 3499 3205 Non
3526 3153 3668 3206 enim

2077 3249 2236 3301 homo
2258 3255 2379 3314 est,
2401 3246 2490 3315 qui
2521 3243 2649 3300 facit
2682 3253 2737 3300 ut
2765 3244 3034 3314 proposita
3062 3243 3360 3297 efﬁciantur
3385 3255 3580 3310 corpus
3617 3251 3672 3295 et

2077 3336 2289 3407 sanguis
2317 3335 2513 3393 Christi
2537 3377 2552 3402 ,
2579 3334 2675 3391 sed
2702 3335 2814 3403 ipse
2841 3333 3084 3386 Christus
3114 3333 3201 3402 qui
3234 3348 3331 3402 pro
3359 3331 3512 3386 nobis
3541 3347 3639 3386 cru
3659 3362 3671 3372 -

2078 3429 2265 3480 cilixus
2293 3433 2396 3481 est.
2421 3427 2669 3496 Figuram
2701 3426 2928 3493 implens
2955 3434 3059 3478 stat
3084 3424 3337 3478 sacerdos
3375 3425 3537 3478 verba
3578 3424 3670 3479 illa

2082 3518 2359 3589 proferens
2393 3536 2406 3570 :
2438 3519 2606 3572 virtus
2653 3527 2830 3572 autem
2875 3525 2930 3571 et
2968 3519 3136 3586 gratia
3177 3516 3270 3570 Dei
3313 3524 3415 3571 est.
3449 3515 3562 3570 Hoc
3598 3527 3672 3570 cst

2077 3626 2262 3678 corpus
2299 3626 2502 3674 nteant,
2537 3609 2726 3678 inquit.
2771 3608 2882 3664 Hoc
2921 3607 3140 3662 verbum
3187 3608 3526 3661 trans'nrmat
3569 3623 3628 3662 ea
3651 3644 3675 3674 ,

2076 3717 2195 3770 qua:
2216 3701 2484 3770 proposita
2509 3709 2655 3754 sunt.
2681 3701 2758 3754 Ac
2784 3699 3231 3769 quemadmodum
3259 3716 3356 3752 vox
3388 3701 3474 3753 illa
3507 3717 3520 3753 ε
3553 3697 3673 3754 Cre-

2077 3792 2216 3856 scite,
2251 3801 2297 3845 et
2325 3790 2752 3861 multiplicamini,
2785 3801 2831 3843 et
2857 3790 3042 3858 replete
3068 3799 3251 3842 terram
3275 3788 3429 3857 (Cen.
3463 3791 3512 3843 1.
3541 3789 3632 3860 28)
3653 3832 3668 3853 ,

2080 3882 2246 3937 semel
2276 3882 2488 3952 quidem
2539 3881 2744 3951 prolata
2793 3889 2909 3943 est,
2950 3879 3095 3932 onmi
3134 3895 3260 3932 vero
3297 3887 3538 3948 tempore
3577 3895 3673 3932 na-

2084 3984 2215 4028 tura:
2244 3983 2442 4026 nostra:
2467 3972 2574 4026 vim
2601 3971 2799 4041 prmbet
2843 3969 2910 4023 ad
2943 3969 3171 4022 ﬁliorum
3205 3970 3627 4037 procreationem
3655 3988 3670 4034 ;

2085 4067 2154 4121 ita
2180 4074 2235 4120 et
2262 4081 2362 4119 vox
2404 4064 2520 4119 haec
2557 4063 2723 4118 semel
2764 4063 2966 4132 prolata
3007 4063 3059 4115 in
3101 4062 3356 4116 Ecclesiis
3391 4061 3456 4115 ad
3489 4077 3674 4115 unam-

2082 4172 2348 4228 quamque
2379 4169 2618 4210 mensam
2642 4195 2658 4220 ,
2689 4154 2756 4208 ab
2789 4154 2880 4208 illo
2905 4153 2972 4207 ad
3004 4153 3314 4208 hodiernum
3347 4167 3513 4222 usque
3540 4162 3675 4205 tem-

2083 4263 2181 4315 pus
2200 4256 2255 4301 et
2277 4260 2443 4313 usque
2464 4244 2530 4298 ad
2557 4244 2848 4298 adventum
2876 4243 3010 4310 ejus,
3036 4243 3356 4296 sacriﬁcium
3380 4241 3670 4310 perfectum

2079 4338 2259 4392 efﬁcit.
2295 4337 2478 4389 Nullus
2505 4335 2664 4403 igitur
2687 4333 2965 4387 simulatus
3004 4332 3244 4398 accedat,
3279 4333 3455 4386 nullus
3485 4334 3676 4401 ncqui-

2081 4431 2146 4481 tia
2179 4428 2392 4497 plenus,
2423 4426 2598 4480 nullus
2626 4434 2884 4480 venenata
2916 4434 3098 4479 mente
3124 4466 3138 4488 ,
3171 4440 3238 4478 ne
3264 4425 3315 4478 in
3342 4425 3674 4479 condemna-

2080 4523 2274 4574 tionem
2299 4522 2564 4590 particeps
2595 4518 2881 4574 efﬁciatur.
2909 4518 3061 4572 Tunc
3087 4519 3230 4572 enim
3258 4527 3379 4588 post
3397 4531 3672 4589 acceptam

2079 4611 2399 4665 oblationem
2419 4651 2434 4676 ,
2458 4610 2702 4664 diabolus
2740 4608 2926 4663 insiliit
2959 4608 3014 4662 in
3047 4608 3237 4663 ludam
3258 4649 3273 4672 ,
3304 4625 3408 4664 non
3439 4610 3674 4662 Domini-

2079 4717 2200 4756 cum
2221 4716 2415 4772 corpus
2431 4701 2849 4771 despiciens,s::d
2871 4701 2898 4754 J
2905 4699 3058 4754 udam
3076 4700 3146 4754 ob
3159 4699 3533 4768 impudentiam
3551 4715 3671 4752 con-

2085 4805 2358 4859 temnens;
2391 4805 2447 4848 ut
2467 4795 2639 4848 discas
2672 4795 2724 4847 in
2753 4808 2844 4847 eos
2869 4792 3119 4854 maxime,
3152 4793 3238 4860 qui
3263 4791 3440 4845 divina
3472 4801 3674 4863 myste-

2085 4888 2158 4942 ria
2190 4887 2398 4955 indigne
2437 4885 2786 4954 participant,
2819 4881 3126 4950 frequenter
3161 4881 3363 4936 insilire
3391 4892 3446 4938 et
3473 4885 3672 4938 irrum-

2085 4994 2208 5048 pere
2227 4976 2514 5038 diabolum,
2543 4982 2595 5026 ut
2623 4983 2748 5027 tunc
2771 4971 2923 5026 Judre
2944 4972 3185 5042 contigit.
3212 4972 3422 5028 Etenim
3441 4973 3672 5029 honores

2082 5084 2174 5122 eos
2195 5067 2281 5135 qui
2320 5065 2464 5134 digni
2504 5074 2633 5136 sunt
2673 5064 2894 5134 juvant,
2929 5079 3024 5119 eos
3055 5079 3180 5120 vero
3222 5066 3313 5133 qui
3356 5064 3566 5133 indigne
3608 5067 3674 5118 iis

2083 5160 2348 5221 fruuntur,
2384 5158 2436 5211 in
2464 5159 2637 5226 majus
2667 5157 2984 5227 supplicium
3025 5157 3330 5224 conjiciunt.
3362 5155 3486 5209 ﬂare
3513 5170 3674 5223 porro

2083 5266 2188 5304 non
2217 5259 2274 5303 ut
2303 5263 2402 5303 vos
2427 5251 2755 5303 terreiaciam
2775 5249 2911 5310 dico,
2945 5247 3036 5302 sed
3061 5257 3114 5299 nt
3135 5247 3403 5300 cautiores
3424 5246 3668 5300 reddam.

2085 5343 2253 5398 Nemo
2276 5344 2451 5412 itaque
2481 5343 2546 5396 sit
2574 5343 2756 5407 Judas,
2785 5356 2941 5394 nemo
2970 5337 3295 5406 ingrediatur
3317 5341 3562 5408 nequitia!
3585 5355 3674 5392 ve.

2089 5450 2226 5490 neno
2253 5434 2496 5487 infectus.
2528 5433 2658 5486 Nam
2699 5430 3011 5484 sacrilicium
3051 5438 3134 5483 est
3171 5430 3459 5500 spiritualis
3484 5430 3667 5486 cibus:

2087 5543 2149 5580 ac
2174 5523 2620 5594 quemadmodum
2659 5522 2808 5575 cibus
2836 5534 3130 5588 corporeus
3155 5562 3169 5584 ,
3201 5536 3323 5574 cum
3354 5521 3403 5572 in
3436 5531 3671 5572 ventrem

2089 5619 2269 5687 pravis
2294 5615 2606 5670 humoribus
2636 5613 2895 5682 repletum
2929 5612 3198 5676 inciderit,
3227 5621 3380 5679 auget
3405 5610 3670 5675 morbum,

2091 5724 2194 5762 non
2242 5717 2426 5760 natura
2471 5720 2562 5759 sua
2589 5743 2605 5769 ,
2645 5703 2740 5758 sed
2771 5703 2972 5758 ventris
3020 5702 3324 5757 inﬁrmitate
3357 5719 3371 5754 :
3402 5701 3471 5754 ita
3513 5701 3674 5755 etiam

2094 5797 2350 5868 contingit
2376 5797 2426 5850 in
2449 5795 2812 5866 spiritualibus
2842 5794 3144 5865 mysteriis;
3175 5806 3296 5846 nam
3326 5807 3447 5846 cum
3477 5792 3528 5846 in
3555 5793 3672 5846 snio
