4406 6748
849 413 946 468 381

849 542 990 581 mam
1022 524 1301 581 inciderint
1321 522 1547 591 nequitia
1576 522 1804 590 plenam,
1829 521 1971 575 illam
2000 521 2170 591 magis
2188 535 2424 575 corrum-

850 632 984 685 puut
1007 627 1062 671 et
1092 616 1442 679 labefactant,
1479 628 1582 667 non
1623 623 1809 666 natura
1842 628 1966 675 sua,
1998 611 2093 665 sed
2122 612 2430 681 recipientis

847 708 1041 763 animae
1085 706 1416 761 inﬁrmitate.
1465 704 1631 759 Nemo
1675 704 1834 775 igitur
1877 703 2042 758 malas
2080 704 2429 773 cogitationes

849 798 989 853 intus
1012 797 1223 863 haheat,
1251 796 1343 851 sed
1376 804 1609 850 mentem
1640 810 1927 865 purgemus
1959 811 1971 846 :
2001 793 2196 847 etenim
2227 791 2294 845 ad
2327 807 2427 859 pu-

846 903 965 941 rum
991 886 1309 942 sacriﬁcium
1353 886 1689 949 accedimus;
1721 894 1958 941 sanctam
1997 881 2280 939 reddamus
2306 880 2426 934 ani-

846 994 984 1031 mam
1011 996 1023 1030 :
1048 978 1150 1033 hoc
1170 978 1312 1033 enim
1338 978 1423 1033 vel
1452 994 1557 1032 uno
1583 978 1670 1032 die
1697 977 1877 1047 perﬁci
1908 984 2097 1046 potest.
2125 971 2423 1040 Quomodo,

842 1084 943 1137 qua
979 1069 1223 1124 ratione?
1266 1070 1322 1125 Si
1352 1070 1476 1140 quid
1513 1070 1709 1125 habeas
1744 1077 1929 1123 contra
1960 1067 2228 1120 inimicum
2252 1104 2269 1128 ,
2302 1064 2425 1118 tolle

841 1159 997 1223 iram,
1022 1159 1227 1229 plagam
1250 1160 1392 1213 illam
1418 1174 1566 1224 cura,
1593 1160 1740 1213 solve
1766 1156 2113 1218 inimicitiam,
2140 1164 2192 1208 ut
2219 1171 2247 1207 a
2272 1168 2425 1208 men-

838 1262 899 1301 sa
922 1248 1180 1302 medelam
1209 1248 1475 1315 accipias:
1502 1247 1568 1301 ad
1596 1246 1920 1302 horrendum
1946 1244 2088 1300 enim
2110 1252 2164 1298 ct
2183 1251 2423 1299 sanctum

836 1338 1157 1392 sacrificium
1186 1337 1411 1394 accedis.
1444 1338 1750 1393 Revereare
1782 1337 1937 1406 hujus
1964 1334 2249 1392 oblationis
2268 1350 2426 1404 argu-

839 1439 1098 1495 mentum,
1131 1430 1343 1486 occisus
1378 1431 1525 1499 jacet
1550 1430 1816 1485 Christus.
1847 1428 2010 1499 Cujus
2035 1444 2162 1484 vero
2183 1443 2345 1483 causa
2374 1437 2428 1483 et

840 1535 1008 1588 quare
1028 1521 1236 1577 occisus
1259 1521 1378 1576 est?
1405 1520 1476 1577 Ut
1500 1520 1808 1576 coalestibus
1833 1519 1991 1575 simul
2017 1529 2070 1573 et
2091 1520 2315 1573 terrenis
2336 1533 2427 1587 pa-

838 1626 956 1666 cem
987 1613 1233 1679 afferret,
1263 1622 1322 1667 ut
1347 1624 1398 1667 te
1422 1614 1728 1681 angelorum
1759 1613 1919 1666 etiam
1949 1612 2177 1664 amicum
2206 1610 2420 1673 faceret,

837 1712 895 1755 ut
913 1712 963 1757 te
987 1718 1107 1757 cum
1133 1705 1239 1757 Deo
1264 1704 1629 1756 universorum
1652 1702 2039 1767 reconciliaret,
2062 1710 2118 1753 ut
2138 1710 2189 1755 te
2215 1702 2420 1755 hostem

833 1802 887 1846 et
928 1793 1291 1847 adversarium
1333 1794 1561 1846 amicum
1605 1790 1827 1846 faceret.
1860 1790 1955 1845 Ille
1995 1791 2229 1844 animam
2268 1805 2420 1845 suam

834 1884 980 1937 dedit
1003 1899 1102 1953 pro
1123 1883 1208 1948 iis,
1233 1884 1321 1955 qui
1348 1882 1683 1949 seoderant;
1712 1892 1768 1937 tu
1792 1896 1919 1937 vero
1944 1880 2273 1936 inimicitiam
2301 1894 2418 1935 ser-

833 1990 930 2027 v;is
971 1984 1158 2028 contra
1198 1974 1557 2028 conservum?
1600 1982 1656 2028 et
1696 1987 1803 2042 quo
1840 1980 1997 2041 pacto
2034 1972 2183 2027 adire
2223 1972 2419 2041 poteris

832 2081 1069 2120 mensam
1093 2067 1277 2134 pacis?
1302 2075 1357 2120 et
1385 2066 1477 2120 ille
1501 2080 1571 2120 ne
1596 2066 1733 2119 mori
1760 2066 1976 2134 quidem
2005 2079 2100 2135 pro
2133 2072 2183 2119 te
2204 2078 2420 2120 recusa-

833 2158 924 2219 vit,
955 2164 1009 2208 tu
1037 2170 1165 2209 vero
1202 2155 1333 2209 iram
1363 2168 1624 2209 conservo
1666 2156 1740 2209 tui
1773 2156 1938 2223 ipsius
1962 2168 2121 2208 causa
2148 2154 2423 2209 remittere

828 2246 1056 2301 abnuis?
1085 2261 1249 2317 ecqua
1278 2246 1391 2300 haec
1429 2230 1579 2300 venia
1616 2244 1773 2315 digna
1804 2244 1972 2299 sunt?
2009 2244 2134 2298 Mihi
2164 2244 2419 2299 damnum

830 2334 1028 2400 intulit,
1062 2336 1269 2406 inquies
1292 2376 1307 2400 ,
1336 2344 1391 2390 et
1431 2335 1718 2388 admodum
1751 2350 1837 2389 me
1866 2334 2024 2388 laesit.
2065 2334 2134 2388 Et
2157 2334 2283 2402 quid
2312 2334 2415 2389 hoc

825 2426 941 2477 est?
969 2425 1319 2479 Pecuniarum
1348 2435 1430 2479 est
1458 2425 1709 2478 damnum
1739 2441 1753 2478 :
1787 2424 2023 2481 nondum
2052 2425 2198 2480 enim
2224 2425 2385 2480 vulne

828 2518 963 2570 ravit
984 2517 1123 2570 sicut
1150 2516 1420 2570 Christum
1447 2516 1646 2582 Judas;
1676 2524 1910 2571 attamen
1941 2517 2055 2585 ipse
2079 2516 2413 2585 sanguinem,

826 2607 919 2676 qui
947 2606 1148 2661 eﬁ'usus
1176 2615 1280 2672 est,
1305 2606 1357 2660 in
1388 2606 1645 2677 ipsorum,
1676 2606 1767 2676 qui
1799 2605 2160 2665 effundebant.
2191 2606 2417 2659 salutem

826 2699 992 2753 dedit.
1015 2699 1151 2765 Quid
1171 2700 1296 2753 huic
1317 2700 1392 2754 rei
1417 2698 1701 2769 pardiccre
1722 2698 1936 2754 valcas?
1958 2698 2135 2754 Sinon
2153 2698 2419 2753 dimiseris

826 2793 1057 2855 inimico,
1079 2805 1185 2844 non
1208 2790 1354 2844 illum
1381 2790 1551 2854 lmdis,
1577 2789 1670 2844 scd
1701 2792 1949 2859 tcipsum.
1977 2790 2127 2844 Illum
2152 2789 2415 2859 siquidem

824 2899 967 2952 smne
1000 2884 1054 2938 in
1104 2883 1204 2939 hac
1230 2884 1336 2938 vita
1382 2882 1561 2937 laesisti
1586 2922 1601 2948 ,
1646 2882 1874 2951 teipsum
1917 2896 2047 2937 vero
2077 2881 2231 2935 venia
2272 2881 2412 2935 indi-

823 2988 987 3042 gnum
1018 2973 1336 3039 reddidisti,
1363 2973 1417 3027 in
1448 2974 1653 3028 actione
1679 2972 1840 3027 futuri
1866 2970 2073 3041 judicii.
2101 2970 2240 3026 Nihil
2268 2972 2411 3026 enim

825 3062 896 3115 ita
930 3063 1067 3116 Deus
1094 3063 1208 3117 odit
1232 3072 1291 3117 ut
1333 3062 1602 3119 hominem
1648 3062 1965 3131 injuriarum
1992 3076 2282 3115 memorem
2308 3104 2323 3125 ,
2357 3070 2414 3115 ut

824 3169 921 3210 cor
943 3163 1152 3209 tumens
1178 3163 1233 3210 et
1260 3156 1493 3209 animum
1522 3158 1599 3209 ira
1624 3154 1920 3209 ardentem.
1947 3153 2085 3208 Audi
2111 3153 2267 3223 igitur
2285 3152 2411 3222 quid

823 3245 969 3299 dicat
1004 3262 1017 3298 :
1046 3242 1170 3299 Cum
1196 3244 1433 3297 obtuleris
1460 3260 1642 3297 munus
1667 3253 1810 3297 tuum
1836 3244 1906 3297 ad
1938 3244 2102 3298 altare
2122 3284 2140 3311 ,
2168 3254 2216 3298 et
2244 3243 2313 3296 ibi
2332 3259 2406 3296 re-

755 3332 758 3336 Α
821 3338 1057 3391 cordatus
1096 3338 1252 3405 fueris
1280 3336 1489 3390 adstans
1525 3336 1711 3403 altari,
1740 3335 1875 3404 quod
1897 3338 2057 3407 frater
2086 3344 2202 3389 tuus
2230 3335 2409 3387 habeat

820 3428 1013 3497 aliquid
1041 3428 1303 3481 adversum
1330 3437 1377 3480 te
1405 3442 1423 3481 :
1452 3426 1676 3495 relinque
1713 3442 1896 3480 munus
1938 3436 2079 3479 tuum
2114 3426 2183 3479 ad
2207 3426 2370 3479 altare
2392 3466 2408 3492 ,

819 3525 866 3570 et
902 3518 1073 3571 abiens
1110 3518 1435 3571 reconciliare
1482 3518 1629 3586 fratri
1678 3528 1762 3570 tuo
1786 3559 1801 3581 ,
1842 3527 1889 3570 et
1919 3526 2038 3571 tunc
2075 3517 2203 3583 offer
2227 3533 2411 3570 munus

820 3618 963 3661 tuum
993 3607 1223 3678 (Matth.
1268 3609 1322 3664 5.
1367 3608 1457 3665 25.
1488 3608 1556 3663 ξι
1574 3610 1614 3679 ).
1648 3609 1785 3675 Quid
1827 3610 1994 3675 dicis,
2027 3609 2408 3665 Dimittamne?

1542 421 1596 475 S.
1638 417 1913 474 JOANNIS
1948 411 2424 470 CHRYSOSTOMI
2466 410 2780 469 ARCHIEP.
2823 410 3346 470 CONSTANTINOP.

4015 413 4112 468 532

2536 516 2727 581 Etiam,
2753 517 2943 586 inquit,
2971 519 3039 574 ob
3061 533 3247 589 pacem
3276 516 3416 574 enim
3446 533 3564 573 cum
3592 518 3755 575 fratre
3782 531 3879 577 tuo
3907 525 4009 582 hoc
4031 545 4112 582 sa-

2530 607 2783 662 crificium
2803 608 3097 662 institutum
3116 610 3285 665 est.Si
3318 610 3475 679 igitur
3496 610 3565 665 ob
3582 625 3765 678 pacem
3794 628 3921 667 cum
3956 617 4114 675 fratre

2533 706 2625 753 tuo
2647 696 2957 752 servandam
2999 698 3100 751 hoc
3129 699 3448 756 sacriﬁcium
3480 700 3773 755 institutum
3798 713 3909 768 est,
3941 714 3998 759 tu
4025 725 4110 762 an-

2533 798 2641 843 tem
2667 804 2850 859 pacem
2896 804 3001 841 non
3048 788 3150 842 iuis
3170 830 3184 852 ,
3217 790 3411 847 frustra
3441 793 3757 847 sacriﬁcium
3783 796 4071 863 participas
4096 816 4111 851 :

2531 879 2716 934 inutile
2754 893 2978 947 namque
3018 878 3111 932 tibi
3155 878 3257 933 hoc
3294 896 3433 950 opus
3472 883 3716 937 efficitur.
3758 882 3897 937 lllud
3942 887 4115 955 itaque

2532 972 2761 1038 primum
2793 971 2982 1037 facito,
3018 986 3113 1041 pro
3149 985 3257 1040 quo
3300 975 3619 1030 sacriﬁcium
3650 976 3888 1030 oblatum
3918 987 4038 1041 est,
4066 990 4117 1033 et

2530 1069 2655 1114 tunc
2681 1061 2773 1115 illo
2802 1062 3025 1132 pulchre
3066 1062 3277 1116 frueris.
3321 1061 3447 1119 Ideo
3483 1065 3760 1122 descendit
3790 1067 3958 1121 Filius
3986 1067 4113 1133 Dei,

2528 1160 2585 1205 ut
2606 1160 2848 1206 naturam
2874 1163 3110 1209 nostram
3135 1153 3358 1207 Domino
3383 1167 3481 1207 suo
3503 1160 3875 1214 reconciliaret
3904 1176 3917 1209 :
3942 1173 4114 1227 neque

2529 1243 2648 1299 ideo
2667 1244 2838 1297 solum
2860 1246 3026 1313 venit,
3044 1244 3139 1301 sed
3167 1245 3327 1299 etiam
3358 1253 3416 1297 ut
3444 1260 3564 1311 nos,
3598 1248 3643 1301 si
3670 1265 3782 1303 rem
3808 1250 4117 1318 hujusmodi

2529 1334 2843 1400 faceremus,
2871 1350 2983 1389 sua:
2999 1336 3371 1405 appellationis
3395 1337 3679 1405 participes
3697 1338 3959 1394 efﬁceret.
3986 1339 4117 1393 Nam

2528 1426 2692 1493 Beati,
2720 1427 2905 1495 inquit,
2929 1427 3149 1496 paciﬁci,
3177 1427 3414 1490 quoniam
3436 1426 3534 1494 ipsi
3561 1426 3657 1492 ﬁlii
3683 1427 3778 1483 Dei
3808 1433 4119 1484 vocabuntur

2528 1519 2757 1589 (Matth.
2784 1519 2837 1573 5.
2864 1517 2951 1588 9).
2982 1516 3135 1584 Quod
3160 1518 3302 1571 enim
3330 1516 3455 1572 fecit
3478 1517 3779 1585 unigenitus
3807 1521 3977 1575 Filius
4005 1522 4117 1585 Dei,

2526 1611 2578 1664 id
2611 1620 2666 1665 tu
2698 1626 2795 1681 pro
2822 1610 2961 1664 virili
2990 1618 3077 1663 tua
3105 1607 3267 1663 facito
3290 1648 3303 1673 ,
3336 1616 3393 1661 ut
3419 1608 3565 1677 pacis
3592 1608 3909 1663 conciliator
3937 1622 3994 1665 et
4026 1612 4119 1665 tibi

2523 1701 2600 1755 sis
2627 1711 2681 1757 et
2702 1702 2843 1762 aliis.
2870 1701 2994 1757 Ideo
3032 1710 3083 1756 te
3112 1700 3422 1771 paciﬁcum,
3446 1699 3611 1753 ﬁlium
3643 1699 3733 1753 Dei
3761 1713 3920 1755 vocat
3950 1720 3965 1755 :
4000 1704 4121 1757 ideo

2524 1800 2768 1861 tempore
2792 1794 3045 1848 sacriﬁcii
3084 1792 3285 1848 nullum
3312 1790 3454 1846 aliud
3480 1799 3802 1860 praeceptum
3829 1803 4121 1858 memorat,

2520 1899 2679 1954 quam
2725 1886 3216 1941 reconciliationem
3253 1901 3377 1941 cum
3417 1884 3579 1940 fratre
3602 1926 3618 1950 ,
3651 1883 3947 1940 ostendens
3989 1886 4119 1941 illud

2520 1974 2757 2029 omnium
2804 1975 3093 2029 maximum
3136 1991 3277 2031 esse.
3326 1975 3575 2031 Volebam
3621 1975 3963 2045 prolixiorem
4023 1977 4121 2029 ha-

2522 2064 2648 2119 bere
2672 2078 3011 2128 sermonem,
3045 2066 3139 2119 scd
3181 2066 3246 2119 iis
3287 2067 3375 2135 qui
3415 2065 3515 2121 sibi
3554 2065 3833 2119 attendunt
3861 2065 3979 2120 btec
4005 2068 4120 2121 sola

2524 2154 2814 2215 sufﬁciunt,
2846 2152 2889 2206 si
2914 2153 3225 2208 memoriam
3256 2156 3533 2208 retineant.
3564 2154 3762 2207 Horum
3790 2155 4004 2224 itaque‘,
4034 2155 4120 2209 di-

2524 2245 2682 2312 lecti,
2717 2246 2997 2300 verborum
3042 2260 3253 2313 semper
3291 2244 3666 2309 recordemur,
3712 2260 3809 2299 nec
3851 2261 3961 2300 non
3993 2262 4121 2300 san—

2521 2345 2729 2391 ctorum
2784 2339 3127 2404 osculorum,
3170 2337 3535 2407 tremendique
3586 2341 3903 2409 amplexus,
3949 2356 4115 2410 quem

2524 2437 2711 2483 mutuo
2737 2428 2947 2482 damus.
2995 2429 3105 2483 Hoc
3132 2430 3327 2499 quippe
3371 2430 3577 2483 animas
3606 2431 3818 2499 colligat
3859 2440 4080 2485 nostras
4099 2472 4117 2495 ,

2522 2530 2577 2575 ct
2603 2535 2792 2575 omnes
2830 2536 2997 2575 unum
3039 2537 3233 2591 corpus
3275 2521 3476 2586 efﬁcit,
3508 2521 3936 2591 quandoquidem
3968 2532 4026 2575 et
4051 2524 4120 2575 de

2524 2628 2631 2667 uno
2655 2628 2880 2683 corpore
2909 2629 3098 2668 omnes
3139 2614 3539 2683 participamus.
3578 2613 3684 2669 Nos
3709 2628 3836 2683 ergo
3865 2614 3919 2666 in
3947 2630 4116 2667 unum

2524 2713 2579 2758 et
2608 2704 2747 2757 idem
2791 2719 2985 2773 corpus
3024 2704 3393 2759 coalescamus
3426 2720 3439 2757 :
3471 2720 3575 2758 nou
3617 2720 3839 2773 corpora
3877 2706 4117 2758 commi-

2522 2805 2755 2857 scentes,
2786 2794 2879 2849 sed
2908 2795 3117 2849 animas
3146 2805 3332 2849 mutuo
3358 2796 3594 2850 caritatis
3621 2795 3828 2849 vinculo
3854 2796 4148 2863 copulan-‘

2522 2896 2622 2940 tes.
2646 2887 2735 2941 Sic
2751 2887 3041 2955 poterimus
3062 2887 3161 2941 hac
3181 2903 3364 2943 mensa
3388 2903 3509 2943 cum
3530 2887 3720 2942 ﬁducia
3740 2889 3836 2941 frui
3858 2906 3871 2941 :
3895 2888 4117 2942 etiamsi

2519 2979 2662 3029 enim
2692 2978 2966 3031 sexcentis
2994 2976 3328 3031 abundemus
3360 2978 3579 3047 justitia:
3619 2978 3889 3047 operibus,
3929 2978 3977 3030 si
4023 2977 4114 3030 in-

2515 3066 2776 3134 juriarum
2812 3069 3125 3122 memoriam
3164 3068 3510 3134 retineamus,
3539 3070 3714 3121 omnia
3745 3068 3796 3121 in
3826 3083 4023 3121 vanum
4054 3077 4114 3121 et

2518 3156 2711 3212 frustra
2741 3156 2973 3222 cedunt,
3007 3174 3070 3212 ac
3101 3159 3306 3213 nullum
3348 3158 3471 3214 inde
3510 3158 3735 3213 fructum
3773 3158 3838 3211 ad
3877 3158 4110 3211 salutem

2517 3261 2805 3316 excerpere
2832 3248 3143 3317 poterimus.
3175 3248 3302 3303 ﬂare
3331 3249 3505 3319 itaque
3532 3248 3710 3312 docti,
3742 3264 3956 3301 onmem
3997 3249 4112 3302 sol-

2517 3351 2703 3391 vamus
2732 3338 2887 3400 iram,
2920 3346 3245 3407 purgataque
3269 3339 3613 3403 conscientia,
3646 3353 3764 3393 cum
3790 3348 4108 3393 mansuetu~

2518 3426 2641 3482 dine
2676 3437 2731 3483 et
2768 3428 3025 3482 modestia
3062 3429 3206 3483 omni
3239 3429 3555 3484 accedamus
3581 3429 3645 3482 ad
3678 3444 3913 3484 mensam
3940 3429 4107 3483 Chri-

2518 3518 2606 3582 sti,
2630 3534 2750 3572 cum
2781 3533 2888 3587 quo
2915 3518 3053 3573 Patri
3078 3519 3266 3588 gloria,
3298 3520 3487 3583 honor,
3520 3520 3821 3588 imperium,
3847 3535 3949 3573 uua
3979 3534 4105 3575 cum

2516 3619 2701 3663 sancto
2731 3609 2953 3679 Spiritu,
2985 3626 3127 3665 nunc
3147 3621 3202 3665 et
3221 3626 3453 3682 semper,
3484 3622 3589 3667 etc.

819 3863 877 3905 IN
926 3862 1192 3903 DIVINAM
1237 3862 1317 3903 ET
1360 3860 1678 3903 MYSTICAM
1723 3860 1971 3902 COENAM
2015 3858 2420 3903 SALVATORIS.
2466 3859 2545 3900 ET
2587 3860 2669 3900 DE
2712 3860 3096 3903 PRODITIONE
3139 3862 3318 3904 αἱ]υῶ
3350 3864 3365 3903 2
3399 3862 3464 3905 IN
3508 3863 3739 3906 PASCHA
3786 3865 3967 3917 ΙΤΕΜ,
4015 3865 4102 3908 ΕΤ

897 3962 959 4003 ιη
1007 3959 1542 4003 DISPENSATIONEM
1598 3958 1959 4000 DIVINORUM
2001 3956 2486 4009 MYSTERIORUM,
2534 3959 2613 3999 ET
2655 3958 2738 4000 DE
2780 3959 3118 4003 OBLIVIONE
3187 3963 3606 4006 INJURIABUM.

899 4060 1167 4103 BOUILIA
1209 4058 1273 4101 IN
1317 4057 1552 4101 SANCTA
1590 4056 1667 4098 ET
1697 4057 1915 4100 MAGNA
1943 4056 2134 4099 FERIA
2166 4055 2424 4106 QUINTA.

1442 4173 1663 4212 ιιοὶιιιιΑ
1700 4171 1761 4214 ll.

890 4254 942 4308 Ι.
970 4251 1136 4304 ludas
1165 4251 1331 4321 potius
1354 4266 1506 4321 quam
1546 4247 1718 4310 Jesus,
1747 4257 1792 4301 et
1826 4248 2103 4318 generatim
2128 4286 2144 4310 ,
2187 4246 2318 4299 male
2344 4262 2404 4297 a-

819 4359 986 4417 gentes
1013 4347 1174 4411 potius
1194 4358 1357 4413 quam
1376 4342 1521 4397 mala
1538 4341 1683 4413 passi
1698 4339 1904 4410 lugendi
1938 4348 2077 4393 sunt.
2128 4366 2200 4378 -—
2236 4337 2395 4392 Vole-

827 4438 969 4497 bam,
1002 4435 1203 4497 dilecti,
1222 4434 1290 4487 de
1310 4434 1609 4502 patriarcha
1638 4446 1821 4485 rursus
1848 4444 2149 4485 sermonem
2178 4428 2396 4492 habere,

821 4535 876 4578 et
907 4523 1028 4577 inde
1062 4523 1209 4577 vobis
1260 4521 1536 4590 spirituale
1584 4520 1885 4574 convivium
1940 4534 2208 4589 apponere
2256 4519 2399 4573 :sed

822 4615 1064 4684 ingratus
1107 4612 1395 4683 proditoris
1424 4611 1633 4665 animus
1675 4610 1741 4664 ad
1789 4610 1927 4664 illius
1973 4610 2397 4679 pertractandum

819 4708 1019 4760 facinus
1050 4705 1285 4775 linguam
1307 4712 1544 4758 nostram
1562 4701 1841 4772 pertrahit,
1868 4710 1923 4755 et
1948 4700 2055 4755 diei
2079 4704 2398 4772 opportuni-

818 4810 922 4863 tas,
950 4806 1009 4851 ut
1026 4796 1094 4851 de
1120 4797 1321 4851 insania
1350 4796 1567 4851 sceleris
1592 4793 1710 4864 ejus
1749 4808 1969 4864 agamus
1990 4833 2005 4859 ,
2033 4808 2132 4847 nos
2156 4792 2401 4848 cohorta-

819 4899 926 4944 tur.
960 4888 1129 4942 Hodie
1172 4888 1369 4958 quippe
1410 4887 1667 4941 Dominus
1714 4895 1898 4941 noster
1922 4885 2079 4940 Jesus
2102 4882 2346 4939 Christus
2370 4899 2399 4937 a

820 4980 1039 5050 proprio
1053 4978 1313 5046 discipulo
1328 4976 1630 5031 Iudaeorum
1656 4977 1903 5031 manibus
1920 4976 2147 5031 traditus
2166 4982 2272 5030 est.
2296 4973 2402 5029 Ve-

818 5088 934 5125 rum
966 5080 1019 5123 tu
1064 5068 1165 5122 hoc
1194 5067 1413 5122 audiens
1436 5107 1453 5132 ,
1483 5067 1757 5121 carissime
1776 5106 1791 5131 ,
1820 5082 1887 5121 ne
1910 5066 2075 5139 tristis
2101 5078 2220 5122 esto
2242 5105 2258 5131 ,
2300 5080 2401 5119 nec

820 5163 1057 5229 graviter
1085 5159 1248 5224 feras,
1283 5157 1424 5228 quod
1454 5157 1708 5210 Dominus
1740 5156 1959 5210 traditus
2005 5157 2073 5210 sit
2106 5173 2119 5209 :
2151 5157 2261 5210 imo
2306 5168 2402 5224 po-

823 5254 925 5304 tius
956 5251 1241 5319 ingemisce
1281 5258 1336 5304 et
1378 5249 1431 5302 in
1469 5246 1625 5302 ﬁctus
1650 5260 1892 5315 erumpe,
1926 5260 2028 5299 non
2055 5246 2121 5300 ob
2150 5245 2397 5299 traditum

819 5341 1026 5405 Jesum,
1052 5340 1145 5395 sed
1165 5341 1233 5394 ob
1263 5340 1569 5394 traditorcm
1598 5337 1810 5395 Judam.
1834 5336 1965 5391 Nam
1990 5337 2206 5392 traditus
2243 5335 2399 5391 Jesus

819 5432 1079 5487 mundum
1108 5433 1356 5497 servavit,
1376 5432 1616 5501 proditor
1641 5446 1770 5485 vero
1797 5428 1963 5484 Judas
1993 5428 2219 5483 animam
2245 5442 2396 5483 suam

819 5526 1082 5596 perdidit;
1113 5523 1350 5593 proditus
1371 5524 1523 5579 Jesus
1561 5524 1627 5579 ad
1658 5524 1932 5579 dexteram
1970 5522 2141 5576 Patris
2168 5522 2317 5577 sedet
2344 5523 2395 5575 in

818 5618 983 5679 ca-lis,
1009 5616 1248 5687 proditor
1274 5614 1436 5669 Judas
1463 5617 1513 5670 in
1545 5616 1749 5672 inferno
1779 5628 1919 5669 nunc
1944 5621 2046 5679 est,
2063 5621 2218 5683 atque
2247 5612 2397 5668 inde.

822 5709 1084 5776 prembile
1102 5718 1469 5777 aeternumque
1487 5717 1755 5777 exspectat
1784 5706 2123 5777 supplicium.
2165 5704 2288 5761 Ideo
2317 5704 2398 5759 in-

818 5798 1051 5867 gemisce
1072 5839 1089 5865 ,
1121 5798 1239 5855 ideo
1270 5799 1322 5854 in
1374 5798 1529 5855 ﬁctus
1566 5812 1785 5869 erumpe
1819 5815 1832 5851 :
1863 5796 2290 5869 quandoquidem
2339 5804 2395 5851 et

3680 3965 3913 4008 ΗΑΒΙΤΔ
3984 3967 4100 4009 EST

2516 4248 2627 4317 ipse
2644 4247 2900 4302 Dominus
2929 4256 3109 4301 uoster
3133 4246 3288 4301 Iesus
3309 4246 3552 4302 Christus
3569 4248 3751 4303 videns
3767 4248 3953 4303 Iudam
3983 4259 4099 4304 tur-

2515 4337 2668 4391 batus
2683 4347 2833 4391 estct
2861 4337 3024 4391 flevit.
3078 4336 3264 4390 l’idens
3292 4339 3434 4392 enim
3464 4353 3578 4391 eum
3605 4379 3619 4401 ,
3660 4340 3844 4407 inquit,
3869 4340 4097 4393 turbatus

2510 4440 2601 4491 est,
2630 4438 2676 4481 et
2700 4428 2826 4481 dixit
2850 4469 2865 4494 ,
2904 4428 3044 4483 Unus
3075 4440 3290 4483 vestrum
3322 4430 3481 4483 tradet
3509 4446 3587 4483 me
3616 4430 3635 4497 (
3673 4430 3831 4483 Joan.
3868 4432 3951 4484 l5.
3970 4430 4087 4493 2i).

2510 4520 2689 4585 Quare
2718 4519 2959 4572 turbatus
2979 4520 3104 4573 est?
3130 4520 3380 4588 Cogitaus
3414 4521 3635 4584 scilicet,
3664 4536 3783 4573 eum
3811 4531 3933 4589 post
3968 4531 4090 4573 tan-

2509 4621 2615 4666 tam
2657 4611 2954 4665 doctrinam
2980 4651 2995 4675 ,
3029 4621 3146 4679 post
3184 4622 3289 4665 tam
3340 4612 3539 4666 multas
3564 4612 3961 4665 adhortationes
3984 4653 4000 4674 ,
4033 4613 4085 4665 iu

2506 4714 2763 4772 quantum
2791 4716 2913 4757 sese
2936 4704 3282 4772 praecipitium
3307 4714 3509 4776 ageret,
3543 4721 3647 4757 non
3674 4706 4085 4774 prescutiscere.

2509 4797 2706 4851 Videns
2732 4796 2891 4866 igitur
2918 4796 3169 4849 Dominus
3191 4796 3433 4867 discipuli
3461 4796 3717 4850 insaniam
3740 4837 3756 4861 ,
3783 4806 3838 4850 et
3874 4798 4089 4853 miseri-

2506 4887 2684 4940 cordia
2718 4887 2769 4940 in
2801 4901 2922 4941 eum
2947 4895 3140 4950 motus,
3159 4887 3399 4941 turbatus
3426 4896 3508 4941 est
3533 4896 3587 4939 et
3618 4886 3780 4940 flevit.
3806 4888 3918 4943 Hoc
3944 4891 4086 4944 enim

2509 4976 2649 5029 ultro
2676 4977 2919 5045 citroque
2946 4985 3243 5029 memorant
3278 4976 3614 5045 evangelista:
3636 5016 3653 5038 ,
3695 4987 3752 5029 ut
3778 4982 4087 5033 (nconomia:

2507 5065 2713 5119 veritati
2741 5065 2900 5119 fidem
2943 5066 3155 5120 faciant.
3204 5067 3471 5121 Turbatus
3499 5066 3675 5135 itaque
3714 5079 3795 5123 est
3834 5070 4087 5124 Dominus

2504 5155 2745 5224 discipuli
2793 5156 3028 5210 animum
3058 5171 3398 5225 sununopere
3445 5157 3702 5225 ingratum
3743 5161 3978 5226 intuitus,
4028 5170 4086 5213 ut

2508 5261 2603 5301 nos
2628 5247 2819 5302 doceat
2850 5248 2967 5301 illos
3009 5248 3242 5301 maxime
3285 5246 3541 5315 lugendos
3584 5264 3701 5303 esse
3730 5251 3818 5319 qui
3860 5251 3997 5303 male
4023 5265 4084 5302 a-

2504 5347 2653 5407 gunt,
2695 5355 2800 5393 non
2850 5350 3029 5393 autem
3081 5354 3175 5392 eos
3214 5338 3303 5406 qui
3339 5338 3473 5391 mala
3506 5340 3791 5408 patiuntur.
3838 5341 3967 5394 Nam
3995 5342 4085 5410 qui

2508 5427 2699 5495 injusta
2723 5439 2775 5483 et
2821 5428 3034 5496 indigna
3089 5428 3392 5495 patiuntur,
3423 5428 3563 5500 digni
3608 5430 3789 5499 potius
3826 5440 3949 5483 sunt
3995 5432 4085 5498 qui

2505 5518 2643 5573 beati
2706 5520 3085 5589 prmdicentur.
3140 5518 3469 5590 Quapropter
3517 5522 3726 5576 dicebat
3769 5522 4013 5575 Christus
4068 5539 4083 5577 :

2502 5609 2647 5664 Beati
2672 5610 2759 5679 qui
2789 5611 3227 5680 persequutionem
3273 5617 3536 5683 patiuntur
3580 5622 3785 5682 praptcr
3801 5612 4079 5680 justitiam,

2500 5700 2734 5769 quoniam
2761 5701 2983 5771 ipsorum
3008 5710 3078 5757 est
3089 5719 3298 5773 regnum
3327 5704 3563 5758 ctelorum
3582 5702 3793 5767 (Matth.
3811 5701 4081 5772 5.10).“-

2499 5793 2618 5849 den‘
2642 5802 2899 5864 quantum
2924 5810 3042 5853 esse
3073 5798 3276 5853 lucrum
3315 5794 3545 5852 ostendit
3578 5808 3763 5849 eorum
3784 5834 3801 5860 ,
3831 5794 3916 5865 qui
3945 5797 4079 5853 male
