4432 6686
795 399 898 455 535

792 511 958 578 ἔδειξε
1001 512 1110 566 τῶν
1146 512 1327 574 κακῶς
1356 511 1700 582 πασχόντων;
1741 512 1910 566 Βλέπε
1939 514 2102 569 πάλιν
2131 516 2364 586 ἀλλαχοῦ

789 595 899 648 τῶν
941 595 1125 659 κακῶς
1177 594 1469 648 ποιούντων
1517 596 1616 666 την
1668 597 2041 666 ἀπαραίτητον
2071 598 2370 669 τιμωρίαν·

790 678 956 731 ἄκουε
1003 677 1096 730 τοῦ
1144 677 1414 747 μακαρίου
1477 677 1688 731 Παύλου
1739 677 2018 746 λέγοντος·
2059 680 2244 750 Ὑμεῖς
2279 679 2370 742 δὲ,

788 761 1056 828 ἀδελφοί,
1077 760 1326 828 μιμηταί
1365 761 1683 830 ἐγενήθητε
1713 759 1831 814 τῶν
1871 762 2241 832 Ἐκκλησιῶν
2264 760 2372 815 τοῦ

790 843 936 896 Θεοῦ
955 841 1072 894 τῶν
1098 841 1303 896 οὐσῶν
1327 843 1396 895 ἐν
1428 842 1497 909 τῇ
1527 843 1807 909 Ἰουδαίᾳ,
1840 843 1931 898 ὅτι
1964 844 2036 899 τὰ
2065 846 2213 902 αὐτά
2235 842 2374 897 ἐπά-

787 927 918 977 θετε
945 923 1041 975 καί
1062 923 1228 991 ὑμεῖς
1255 925 1372 980 ὑπὸ
1408 923 1523 976 τῶν
1538 923 1704 977 ἰδίων
1723 927 2146 996 συμφυλετῶν,
2175 925 2370 991 καθὼς

787 1007 880 1058 καί
922 1006 1097 1061 αὐτοι
1142 1007 1258 1061 ὑπὸ
1292 1007 1408 1060 τῶν
1440 1007 1757 1074 Ἰουδαίων,
1809 1011 1928 1064 τῶν
1975 1010 2069 1064 καὶ
2112 1010 2218 1062 τὸν
2254 1010 2372 1062 Κύ-

781 1105 913 1153 ριον
967 1089 1446 1143 ἀποκτεινάντων
1505 1089 1772 1158 Ἰησοῦν,
1833 1093 1929 1145 καί
1980 1093 2114 1156 τοὺς
2179 1091 2369 1158 ἰδίους

783 1171 1113 1239 προφήτας.
1137 1173 1234 1225 καὶ
1261 1173 1622 1228 κωλυόντων
1641 1175 1815 1244 ἡμᾶς,
1839 1175 1996 1244 φησὶ,
2022 1174 2145 1239 τοῖς
2166 1176 2369 1227 ἔθνεσι

781 1253 1070 1320 λαλῆσαι,
1099 1255 1198 1306 ἵνα
1227 1253 1527 1320 σωθῶσιν,
1572 1258 1653 1321 εἰς
1696 1255 1762 1308 τὸ
1785 1254 2220 1322 ἀναπληρῶσαι
2263 1257 2370 1309 αὺ-

783 1332 900 1386 τῶν
928 1337 1028 1401 τὰς
1059 1336 1382 1405 ἁμαρτίας·
1419 1337 1642 1406 ἔφθασε
1676 1335 1744 1388 δὲ
1777 1338 1868 1390 ἐπ’
1895 1338 2117 1405 αὐτοὺς
2147 1340 2186 1407 ὴ
2221 1338 2367 1408 ὀργὴ

779 1418 886 1470 τοῦ
924 1417 1073 1472 Θεοῦ
1111 1421 1201 1486 είς
1243 1419 1438 1486 τέλος.
1489 1417 1664 1484 Εἶδες,
1714 1420 1798 1473 ὅτι
1849 1422 2092 1485 ἐκείνους
2135 1422 2367 1492 μάλιστα

777 1499 985 1555 δίκαιον
1013 1503 1232 1574 θρηνεῖν
1273 1505 1364 1555 καὶ
1409 1501 1705 1556 κόπτεσθαι
1739 1505 1863 1568 τούς
1899 1503 2362 1568 κακοποιοῦντας;

779 1583 878 1636 Διά
912 1582 1069 1636 τοῦτο
1105 1584 1196 1636 καὶ
1247 1584 1275 1635 6
1325 1583 1708 1657 φιλάνθρωπος
1751 1588 2026 1657 Δεσπότης
2075 1587 2218 1657 δρῶν
2269 1585 2362 1637 τοῦ

782 1665 1023 1735 μαθητοῦ
1058 1666 1156 1736 τὴν
1204 1665 1431 1735 τόλμαν,
1466 1668 1792 1738 ἐταράττετο
1820 1669 1912 1720 καὶ
1944 1669 2192 1738 ἐδάκρυε,
2212 1666 2359 1738 [587]

775 1747 875 1817 τὴν
926 1748 1054 1817 περὶ
1096 1746 1187 1799 τὸν
1226 1748 1472 1820 μαθητὴν
1519 1749 1858 1819 συμπάθειαν
1899 1748 2359 1818 ἐπιδεικνύμενος,

775 1829 868 1880 καὶ
896 1829 1110 1893 δεικνὺς
1141 1830 1306 1884 αὐτοῦ
1349 1832 1446 1902 τῆς
1493 1830 1897 1901 φιλανθρωπίας
1923 1831 1983 1882 τὸ
2008 1830 2256 1900 μέγεθος,
2278 1831 2361 1882 ὅτι

775 1911 867 1964 καὶ
899 1911 1093 1982 μέχρις
1113 1913 1281 1983 αὐτῆς
1311 1917 1406 1984 τῆς
1439 1913 1725 1982 προδοσίας
1751 1914 1851 1966 οὐκ
1877 1913 2110 1966 ἐπαύετο
2136 1913 2234 1983 τῆς
2265 1912 2359 1965 τοῦ

775 1994 1021 2063 μαθητοῦ
1065 1994 1398 2065 διορθώσεως
1444 1995 1858 2066 προνοούμενος.
1896 1996 1996 2049 Διά
2040 1997 2228 2049 τοῦτον
2268 1992 2362 2049 οῦν

769 2077 1036 2146 δάκροσον
1078 2077 1273 2147 πικρὸν
1320 2079 1415 2129 καὶ
1477 2078 1731 2143 στέναξον
1771 2078 1992 2147 μᾶλλον,
2029 2080 2150 2130 ἐπεὶ
2200 2078 2295 2131 καὶ
2333 2079 2362 2130 6

770 2159 1046 2228 Δεσπότης
1069 2159 1136 2212 δι’
1158 2162 1364 2212 ἐκεῖνον
1387 2160 1490 2229 ηθύ
1499 2178 1669 2232 μησεν
1689 2177 1701 2188 ·
1739 2161 2064 2228 Ἑταριίχθη
2111 2160 2239 2228 γὰρ.
2265 2177 2364 2229 cpn-

773 2243 878 2305 σὶν,
909 2245 942 2296 ὀ
975 2242 1216 2309 Ἰησοῦς
1241 2244 1337 2296 καὶ
1364 2244 1563 2297 εἶπεν·
1598 2239 1702 2309 Εἷς
1726 2245 1794 2307 ἐξ
1826 2243 1991 2312 ὑμῶν
2017 2241 2358 2309 παραδώσει

768 2343 858 2394 με.
889 2327 953 2378 Ὠ
983 2327 1118 2396 πόση
1143 2327 1534 2396 εὐσπλαγχνία,
1567 2328 1705 2397 πόση
1745 2327 2018 2395 ἀγαθότης
2045 2327 2351 2379 Δεσπότουί

765 2412 794 2463 6
831 2408 1108 2480 προδοθεὶς
1131 2409 1271 2480 ὑπὲρ
1300 2408 1394 2461 τοῦ
1435 2409 1692 2480 προδότου
1725 2410 1898 2478 ἀλγεῖ.
1924 2411 2098 2481 Ὁρῶν
2120 2411 2230 2480 γάρ
2259 2411 2358 2462 αὐ-

765 2493 856 2546 τὸν
888 2493 1212 2563 ἐπιμένοντα
1241 2495 1306 2562 τῇ
1343 2491 1598 2564 πονηρίᾳ,
1639 2492 1972 2562 Ἐταράχθη
2021 2493 2118 2546 καὶ
2151 2493 2352 2546 εἶπεν·

771 2573 874 2642 Εἷς
898 2575 968 2639 ἐξ
1002 2572 1169 2643 ὑμῶν
1201 2574 1539 2641 παραδώσει
1565 2591 1663 2643 με.
1704 2575 1925 2639 Σκόπει,
1967 2575 2106 2645 πόση
2147 2591 2356 2646 μακρο-

767 2658 966 2727 θυμίαί
1005 2658 1146 2728 πόση
1199 2657 1608 2728 φιλανθρωπίαι
1643 2658 1759 2721 πῶς
1787 2658 2027 2727 φείδεται
2054 2657 2149 2711 τοῦ
2180 2656 2360 2725 ἀγνώ-

769 2758 948 2808 μονος,
993 2742 1085 2792 καὶ
1127 2741 1188 2792 οὐ
1235 2740 1482 2810 βούλεται
1523 2741 1686 2794 αὐτὸν
1729 2742 2084 2810 ἀναίσχυντον
2121 2741 2359 2811 ἐργάσα-

767 2823 906 2877 σθαι.
942 2822 1075 2876 ἀλλά
1125 2823 1330 2884 πάντας
1370 2824 1449 2884 εἰς
1485 2822 1686 2875 δειλίαν
1728 2824 1912 2889 ἐνάγει
1949 2823 2078 2882 τούς
2106 2821 2355 2893 μαθητὰς

765 2907 858 2960 καὶ
895 2905 1220 2974 ἐναγωνίους
1252 2906 1416 2967 ποιεῖ,
1446 2907 1581 2975 πρὸς
1614 2905 1672 2958 τὸ
1703 2905 1959 2976 ἀφορμήν
1995 2921 2119 2957 τινα
2159 2904 2352 2975 ἐκείνῳ

765 2992 1064 3060 παρασχεῖν
1101 2987 1196 3041 τοῦ
1239 2988 1580 3058 μεταγνῶναι
1617 2987 1717 3058 τῆς
1763 2988 1993 3058 μανίαςί
2039 2987 2176 3039 Ἀλλ’
2223 2988 2353 3040 ὅταν

763 3073 1088 3144 ἀναίσθητος
1112 3071 1338 3142 γένηται
1366 3073 1400 3142 ἡ
1439 3071 1585 3141 ψυχὴ
1626 3071 1698 3142 μὴ
1731 3071 1994 3142 δεχομένη
2027 3071 2119 3126 τὸν
2155 3071 2354 3140 σπόρον

763 3155 863 3225 τῆς
904 3155 1206 3218 εὐσεϐείας,
1235 3156 1294 3207 οὐ
1333 3155 1652 3224 παραίνεσιν
1673 3153 1902 3223 δέχεται,
1929 3153 1990 3206 οὐ
2023 3152 2350 3223 συμϐουλὴν,

709 3300 711 3303 ,
763 3240 900 3292 ἀλλὰ
954 3239 1285 3292 ποτωθείσα
1325 3239 1429 3290 ὑπὸ
1490 3237 1582 3290 τοῦ
1641 3237 1847 3299 πάθους
1898 3235 2040 3289 κατά
2091 3235 2352 3307 κρημνῶν

761 3324 978 3377 ἄπεισι·
1001 3321 1192 3393 διόπερ
1227 3319 1349 3373 οὔτε
1389 3311 1544 3382 οὗτος
1575 3319 1831 3392 ἐκέρδανέ
1864 3335 1917 3370 τι
1941 3319 2005 3370 ἐκ
2031 3317 2132 3388 τῆς
2151 3316 2350 3372 τοσαύ-

759 3423 860 3476 της
913 3403 1311 3475 μακροθυμίας.
1360 3398 1464 3469 Εἷς
1513 3402 1582 3467 ἐξ
1645 3401 1811 3471 ὑμῶν
1866 3401 2206 3469 παραδώσει
2251 3418 2347 3470 με,

762 3489 914 3557 φησί.
947 3488 1103 3551 Τίνος
1147 3486 1334 3539 ἐνεκεν
1373 3483 1650 3557 ἐταράχθη
1689 3485 1782 3536 καὶ
1826 3483 2139 3553 ὴθύμησεν;
2185 3483 2349 3554 Ὁμοῦ

761 3572 856 3624 καὶ
886 3571 984 3641 τὴν
1013 3568 1396 3640 φιλοστοργίαν
1423 3568 1521 3638 τὴν
1549 3566 1743 3620 ἐαυτοῦ
1774 3565 2233 3636 ἐπιδεικνύμενος,
2257 3565 2351 3619 καὶ

759 3654 1026 3708 διδάσκων
1069 3653 1244 3722 ἡμᾶς,
1293 3651 1373 3704 ἇτι
1412 3650 1653 3712 ἐκείνους
1695 3649 1928 3720 μάλιστα
1976 3649 2058 3702 δεῖ
2106 3649 2345 3719 θρηνεῖν,

758 3740 884 3800 τοὺς
917 3736 1102 3798 κακῶς
1137 3734 1215 3804 τῷ
1247 3733 1474 3804 πλησίον
1517 3732 2041 3804 κατεργαζομένους.
2083 3733 2193 3785 Kal
2237 3732 2346 3803 γάρ

758 3825 954 3874 ἐκεῖνοι
985 3819 1106 3872 καθ’
1137 3818 1343 3872 ἑαυτῶν
1367 3818 1468 3888 τὴν
1516 3818 1685 3887 ὀργὴν
1719 3817 2069 3886 ἐπιφέρουσιν
2088 3832 2102 3846 ·
2132 3816 2254 3885 οὐχὶ
2289 3815 2345 3868 δέ

757 3905 848 3956 τὸν
881 3904 1158 3972 πάσχοντα
1193 3901 1403 3964 κακῶς,
1429 3899 1567 3952 ἀλλά
1603 3899 1694 3952 τὸν
1741 3897 1998 3951 ποιοῦντα
2019 3899 2186 3959 κακά,
2217 3897 2345 3950 τοῦ-

757 4003 852 4038 τον
904 3985 1122 4056 θρηνεῖν
1167 3983 1444 4053 πανταχοῦ
1491 3982 1717 4038 δίκαιον.
1750 3981 1823 4033 Τὸ
1869 3981 1968 4051 μὲν
2011 3980 2120 4050 γάρ
2159 3981 2347 4044 κακῶς

761 4067 975 4130 παθεῖν,
1000 4069 1098 4139 την
1147 4065 1425 4136 βασιλείαν
1463 4066 1592 4135 ἡμῖν
1633 4063 1743 4116 τῶν
1778 4062 2024 4135 οὐρανῶν
2063 4063 2340 4134 προξενεῖ·

756 4153 817 4204 τὸ
843 4152 899 4204 δὲ
925 4150 1108 4213 κακῶς
1133 4147 1356 4219 ποιῆσαί
1383 4165 1486 4200 τινι
1513 4149 1681 4201 αῖτιον
1704 4149 1833 4218 ἡμῖν
1870 4146 1970 4216 τῆς
1997 4147 2222 4217 γεέννης
2249 4147 2343 4199 καὶ

756 4237 854 4305 τῆς
883 4235 1152 4297 κολάσεως
1182 4234 1406 4302 γίνεται.
1442 4231 1729 4298 Μακάριοι
1767 4229 1895 4301 γὰρ,
1930 4232 2114 4300 φησὶν,
2149 4233 2204 4282 οί
2242 4230 2338 4282 δε-

757 4319 1065 4387 διωγμέιόι
1093 4317 1300 4369 ἕνεκεν
1326 4316 1734 4379 δικαιοσύνης.
1787 4315 1969 4383 Ὀρᾷς.
1997 4314 2115 4377 πῶς
2149 4313 2211 4366 τὸ
2243 4332 2341 4366 κα-

760 4404 872 4467 κῶς
903 4401 1095 4454 παθεῖν
1126 4400 1236 4469 έχει
1267 4398 1455 4468 μισθὸν
1495 4398 1589 4450 καὶ
1633 4395 1885 4457 ἔπαθλον,
1917 4396 2016 4466 τὴν
2041 4397 2148 4448 τῶν
2177 4399 2342 4468 οὐρα-

761 4487 867 4539 νῶν
893 4485 1205 4556 βασιλείαν;
1238 4484 1502 4534 ’Ἄκουσον
1541 4480 1656 4542 πῶς
1682 4481 1774 4533 καὶ
1815 4480 1876 4531 τὸ
1905 4479 2091 4542 κακῶς
2117 4481 2341 4549 ποιῆσαι

759 4569 977 4623 κόλασιν
1025 4567 1178 4638 φέρει
1225 4566 1317 4618 καὶ
1363 4563 1650 4634 τιμωρίαν.
1696 4562 1880 4616 Εἰπὼν
1917 4562 2027 4633 γάρ
2069 4564 2098 4615 6
2133 4563 2341 4626 Παῦλος

758 4655 888 4725 περὶ
919 4650 1025 4704 τῶν
1059 4649 1349 4709 Ἰουδαίων,
1373 4647 1454 4698 ὅτι
1495 4647 1587 4698 τὸν
1634 4645 1836 4715 Κύριον
1868 4647 2216 4725 ἀπέκτειναν,
2248 4647 2342 4700 καὶ

755 4723 882 4796 τοῦς
928 4733 1214 4804 προφήτας
1259 4729 1502 4793 ἐδίωξαν,
1551 4729 1850 4796 ἐπήγαγεν·
1897 4723 2012 4782 Ὧν
2055 4728 2123 4782 τὸ
2166 4728 2341 4794 τέλος

755 4817 885 4870 ἐστὶ
921 4815 1070 4870 κατὰ
1097 4813 1164 4867 τὰ
1190 4814 1333 4880 ἔργα
1360 4808 1577 4864 αὐτῶν.
1607 4805 1755 4872 Εἶδες
1781 4812 1894 4874 πῶς
1927 4814 1975 4865 οἱ
2011 4813 2111 4882 μὲν
2151 4810 2340 4864 suum}-

761 4916 911 4968 μενοι
961 4899 1059 4968 τὴν
1087 4895 1360 4966 βασιλείαν
1383 4893 1493 4947 τῶν
1515 4892 1762 4963 οὐρανῶν
1788 4892 2171 4964 λαμϐάνουσιν·
2204 4896 2255 4950 οί
2282 4895 2338 4948 δὲ

756 4981 1057 5044 διώκοντες,
1083 4980 1180 5048 τὴν
1208 4977 1300 5031 τοῦ
1331 4976 1464 5030 Θεοῦ
1494 4976 1663 5048 ὀργὴν
1695 4975 2123 5047 κληρονομοῦσις

829 5062 1011 5116 Ταῦτα
1051 5062 1107 5114 δὲ
1156 5061 1253 5128 οὐχ
1296 5059 1481 5122 ἀπλῶς
1526 5057 1786 5128 κινοῦμεν
1817 5059 1908 5111 ἐπὶ
1945 5061 2040 5125 τῆς
2063 5061 2336 5130 ὑμετέρας

758 5147 992 5216 ἀγάπης,
1038 5144 1152 5198 ἀλλ’
1199 5143 1285 5195 ῖνα
1328 5142 1706 5212 παιδευώμεθα
1749 5141 1886 5212 πρὸς
1929 5144 2054 5205 τοὺς
2105 5143 2336 5214 ἐχθρούς

757 5230 912 5298 ἡμῶν
938 5230 1009 5298 μὴ
1032 5225 1367 5298 ὀργίζεσθαι,
1393 5224 1504 5276 ἀλλ’
1525 5225 1608 5277 ῖνα
1631 5224 1829 5294 μᾶλλον
1854 5224 2091 5294 ἐλεῶμεν
2114 5227 2331 5291 αὐτοὺς,

758 5312 850 5364 καὶ
868 5311 1190 5381 δακρύωμεν
1213 5309 1306 5361 καὶ
1326 5306 1581 5376 ἀλγῶμεν
1596 5308 1735 5380 ὐπέρ
1749 5307 1950 5360 αὐτῶν.
1977 5307 2201 5361 Ἐκεῖνοι
2224 5311 2334 5381 γάρ

756 5397 891 5449 εἰσιν
913 5396 960 5446 οἱ
987 5393 1167 5455 κακῶς
1201 5393 1521 5462 πάσχοντες,
1555 5392 1604 5443 οί
1646 5390 2022 5462 ἐχθραίνοντες
2063 5393 2194 5462 ἡμῖν
2230 5393 2334 5464 μά-

755 5493 872 5546 την.
895 5479 992 5528 “Av
1020 5475 1161 5527 οῦτω
1189 5475 1696 5545 παρασκευάσωμεν
1728 5475 1882 5544 ἡμῶν
1910 5473 2009 5544 τὴν
2035 5473 2230 5545 ψυχὴν,
2257 5477 2332 5538 ώς

759 5560 832 5631 μὴ
858 5559 1194 5632 ὀργίζεσθαι,
1233 5558 1365 5610 ἀλλά
1403 5559 1497 5611 καὶ
1527 5557 1712 5624 ἀλγεῖν
1758 5559 1896 5628 ὑπὲρ
1933 5558 2136 5621 αὐτῶν,
2174 5561 2334 5629 δυνη-

757 5643 956 5712 σόμεθα
1002 5642 1142 5695 κατά
1184 5640 1282 5710 τὴν
1313 5640 1405 5692 τοῦ
1450 5641 1654 5712 Κυρίου
1699 5640 1880 5709 φωνὴν
1915 5641 2009 5693 καὶ
2038 5641 2347 5712 ὐπερεύχει-ί

757 5697 880 5779 σθαι
917 5725 1112 5784 αὐτῶν,
1137 5725 1231 5778 καὶ
1275 5721 1472 5792 πολλὴν
1509 5697 1594 5776 δὶα
1623 5722 1813 5776 τούτου
1855 5724 1953 5794 τὴν
1984 5723 2189 5778 ἄνωθεν
2212 5697 2351 5778 ἐπι-ἐ

755 5806 1062 5862 σπάσασθαι
1098 5808 1288 5877 ῥοπήν.
1339 5804 1436 5858 Διά
1484 5805 1592 5876 γάρ
1630 5803 1788 5858 τοῦτο
1823 5807 2089 5877 τετάρτην
2116 5807 2328 5877 ἡμέραν

1543 398 1596 452 5.
1639 396 1924 454 JOANNIS
1959 399 2452 460 CHRYSOSTOMI
2490 399 2808 455 ARCHIEP.
2851 401 3387 459 CONSTANTINOP.

3948 410 4052 468 38-!

2474 513 2578 585 ἔχω
2631 513 3013 585 διαλεγόμενος
3058 519 3183 589 ὑμῖν
3234 518 3360 589 περὶ
3411 517 3573 587 εὐχῆς
3611 518 3710 587 τῆς
3763 523 3902 596 ὑπὲρ
3942 527 4052 580 τῶν

2474 595 2703 669 ἐχθρῶν,
2725 597 2812 650 ἴνα
2843 597 3068 668 μόνιμος
3094 602 3316 671 γένηται
3342 600 3440 668 τῆς
3467 599 3811 666 διδασκαλίας
3842 595 4050 676 όλόγος

2470 683 2538 751 τῇ
2567 678 2811 750 συνεχείᾳ
2837 679 2938 748 τῆς
2967 683 3363 751 παραινέσεως,
3403 683 3488 736 ῖνα
3517 680 3718 753 ριζωθῇ
3751 686 3905 752 ὑμῶν
3932 693 4050 752 ταῖς

2469 763 2744 826 διανοίαις.
2777 763 2874 816 Διά
2905 763 3062 816 τοῦτο
3091 767 3328 836 συνεχῶς
3363 765 3728 836 ἐπαντλοῦμεν
3771 767 3901 836 ὑμῖν
3936 774 4050 834 τοῖς

2470 848 2728 917 ῥήμασιν,
2753 847 2889 900 ὥστε
2915 846 2976 899 τὸ
2999 847 3112 914 οῖδη
3122 865 3198 916 μα
3219 851 3316 919 τῆς
3341 851 3508 922 ὀργῆς
3541 849 3925 918 ύπονοστῆσαι,
3952 854 4050 907 καὶ

2469 931 2872 1011 κέατασταλῆναι
2921 930 3018 1002 τὴν
3065 931 3393 1000 φλεγμονὴν,
3444 937 3537 988 καὶ
3594 935 3832 1006 καθαρὸν
3878 935 4049 1006 ὀργῆς
4153 1005 4162 1011 _

2467 1005 2605 1064 εἶναι
2634 1013 2724 1065 τὸν
2756 1017 2886 1086 εὐχῇ
2927 1014 3238 1086 προσιόντα.
3283 1016 3417 1068 Οὐδὲ
3445 1017 3554 1090 γάρ
3589 1020 3617 1071 6
3647 1005 3876 1089 Χριστὸς
3911 1018 4052 1090 ὑπὲρ

2465 1095 2573 1148 τῶν
2609 1096 2818 1168 ἐχθρῶν
2848 1099 3017 1152 ταῦτα
3065 1101 3321 1168 παραινεῖ
3354 1101 3548 1167 μόνον,
3591 1102 3726 1156 ἀλλά
3766 1104 3860 1154 καὶ
3909 1101 4048 1170 ὑπὲρ

2468 1179 2622 1249 ημῶν
2641 1179 2748 1230 τῶν
2773 1180 3039 1250 ἀφιέντων
3063 1182 3287 1243 ἐκείνοις
3307 1186 3372 1232 τὰ
3399 1182 3787 1254 ἁμαρτήματα.
3810 1184 4054 1247 Μείζονα

2468 1261 2744 1333 γάρ1588]
2789 1263 3085 1333 λαμϐάνεις
3133 1264 3166 1334 ἢ
3211 1264 3384 1329 δίδως,
3421 1266 3600 1332 ἀφιεὶς
3633 1269 3732 1338 τὴν
3769 1270 3936 1338 ὀργὴν
3971 1265 4047 1336 τῷ

2467 1345 2664 1416 ἐχθρῷ.
2719 1347 2826 1399 Kal
2857 1348 2973 1410 πῶς
3020 1349 3237 1417 μείζονα
3282 1347 3563 1417 λαμϐάνω,
3599 1353 3732 1418 φησί
3758 1369 3771 1415 ;
3808 1353 4046 1423 Πρόσεχε

2465 1428 2727 1499 ἀκριϐῶς.
2771 1429 2894 1482 Ἐὰν
2933 1431 3100 1502 ἀφίης
3130 1431 3308 1482 τοίνυν
3335 1429 3404 1481 τὰ
3427 1431 3507 1492 είς
3539 1429 3631 1482 τὸν
3655 1433 3842 1504 ἐχθρὸν
3869 1436 4044 1504 ἀμαρ-

2463 1513 2701 1580 τήματα,
2734 1512 3094 1584 συγχωρεῖταί
3121 1529 3201 1564 σοι
3229 1512 3298 1565 τὰ
3329 1515 3410 1575 είς
3441 1511 3534 1564 τὸν
3565 1514 3844 1585 Δεσπότην
3874 1517 4042 1587 πλημ-

2467 1592 2775 1662 μελήματα.
2840 1595 3052 1648 Ἐκεῖνα
3108 1593 3300 1646 άνίατά
3353 1595 3469 1646 ἐστι
3526 1595 3619 1646 καὶ
3664 1595 4042 1663 ἀσύγγνωστα,

2460 1674 2632 1728 ταῦτα
2673 1676 2728 1728 δὲ
2773 1677 2970 1748 πολλὴν
3035 1678 3146 1748 ἔχει
3171 1677 3522 1747 παραμυθίαν
3563 1677 3656 1729 καὶ
3691 1680 4039 1751 συγγνώμην.

2465 1757 2731 1811 ’Ἄκουσον
2771 1759 2901 1826 γοῦν
2938 1759 3033 1812 τοῦ
3077 1761 3194 1813 Ἠλὶ
3236 1759 3482 1828 λέγοντος
3539 1759 3670 1830 πρὸς
3717 1761 3845 1822 τοὺς
3897 1762 4046 1822 υίούς

2461 1839 2624 1892 αὐτοῦ
2645 1857 2658 1870 ·
2708 1842 2843 1894 Ἐὰν
2867 1843 3144 1910 ἁμαρτὼν
3181 1843 3410 1912 ἁμάρτῃ
3460 1843 3765 1910 ἄνθρωπος
3811 1845 3889 1907 είς
3935 1843 4044 1896 ἄν·

2462 1924 2714 1988 θρωπον,
2751 1928 2784 1977 ό
2824 1927 3008 1992 ἱερεὺς
3071 1928 3462 1992 προσεύξεται
3509 1925 3642 1992 περὶ
3679 1925 3892 1978 αὑτοῦ·
3935 1927 4044 1978 ἐὰν

2461 2004 2528 2058 δὲ
2569 2009 2657 2072 εὶς
2688 2007 2793 2060 τὸν
2827 2009 2977 2061 Θεὸν
3019 2010 3275 2078 ἁμάρτῃ,
3325 2011 3418 2076 τίς
3464 2011 3856 2078 προσεύξεται
3907 2011 4038 2078 περὶ

2460 2090 2681 2155 αὐτοῦ;
2710 2092 2870 2145 Ὥστε
2904 2093 3078 2146 ἐκεῖνο
3109 2094 3250 2162 μέγα
3282 2093 3523 2164 τραῦμα.
3556 2095 3660 2148 οὐδ’
3685 2096 3816 2165 εὐχῇ
3849 2093 4044 2166 ῥᾳδίως

2461 2171 2661 2226 λύεται.
2705 2177 2812 2228 Kal
2851 2176 2980 2246 εὐχῇ
3033 2177 3130 2246 μέν
3173 2177 3233 2230 οὐ
3278 2177 3459 2230 λύεται
3493 2179 3553 2230 τὸ
3588 2177 3823 2230 τοιοῦτον
3863 2175 4041 2248 παράο

2458 2271 2679 2324 πτωμα,
2722 2260 3066 2327 συγχωρήσει
3108 2259 3164 2310 δέ
3213 2260 3319 2310 τῶν
3365 2255 3775 2329 ἁμαρτημάτων
3811 2259 3919 2310 τῶν
3962 2259 4041 2319 είς

2454 2337 2546 2389 τὸν
2581 2338 2772 2408 ἐχθρὸν
2809 2338 2992 2392 λύεται
3024 2341 3356 2410 παραυτίκα.
3399 2341 3489 2393 Διὸ
3531 2342 3713 2394 ἐκεῖνα
3739 2341 3836 2411 μὲν
3871 2340 4042 2410 μύρια

2454 2421 2690 2476 τάλαντα
2722 2422 2980 2476 ἐκάλεσεν
3012 2425 3038 2476 6
3067 2423 3220 2487 Θεὸς,
3248 2424 3316 2477 τὰ
3341 2426 3418 2487 είς
3442 2425 3530 2478 τὸν
3553 2426 3826 2493 Δεσπότην
3863 2425 4041 2491 ἀμαρ-

2455 2505 2690 2574 τήματα,
2735 2505 2910 2560 ταῦτα
2971 2506 3028 2559 δὲ
3083 2506 3276 2560 ἐκατὸν
3326 2507 3588 2580 δηνάρια·
3635 2508 3670 2562 ἀ
3718 2508 3812 2560 ἐὰν
3869 2508 4036 2576 ἀφῇς,

2457 2589 2794 2660 ἀφεθήσεταί
2835 2607 2915 2643 σοι
2941 2591 3009 2643 τά
3043 2592 3211 2661 μύρια
3243 2590 3496 2647 τάλαντα.

2526 2740 2592 2809 β’.
2620 2743 2780 2796 Ἀλλά
2807 2743 2935 2812 περὶ
2970 2743 3070 2810 μὲν
3097 2745 3194 2813 τῆς
3221 2743 3388 2811 εὐχῆς
3425 2743 3623 2805 ἱκανῶς
3645 2745 3875 2814 εῖρηται.
3901 2743 3963 2794 El
3982 2741 4038 2794 δὲ

2451 2821 2615 2884 δοκεῖ,
2653 2825 2846 2894 μικρὸν
2879 2825 3136 2893 ἀνωτέρω
3184 2825 3274 2877 τὸν
3307 2825 3465 2892 λόγον
3491 2827 3807 2893 ἀγαγόντες,
3833 2826 3923 2876 ἐπὶ
3947 2824 4038 2876 τὸν

2449 2904 2549 2974 τῆς
2582 2907 2870 2974 προδοσίας
2903 2906 3288 2977 ἐπανέλθωμεν
3332 2908 3510 2976 λόγον.
3553 2910 3648 2962 καὶ
3685 2910 3881 2978 ἴδωμεν
3921 2907 4036 2970 πῶς

2453 2988 2723 3058 παρεδόθη
2752 2989 2910 3058 ἡμῶν
2937 2991 2966 3043 6
2997 2989 3293 3060 Δεσπότης.
3312 2991 3429 3043 Ἵνα
3453 2991 3506 3043 δέ
3537 2991 3630 3042 καὶ
3656 2989 3747 3042 τοῦ
3779 2990 4034 3060 προδότου

2451 3071 2550 3140 τὴν
2583 3071 2777 3140 μανίαν
2813 3073 3029 3127 ἃπασαν
3071 3073 3494 3144 καταμάθωμεν,
3537 3073 3630 3126 καὶ
3661 3074 3752 3126 τοῦ
3791 3072 4035 3142 μαθητοῦ

2452 3151 2550 3221 τὴν
2607 3153 3000 3226 ἀγνωμοσύνην
3043 3155 3282 3225 γνῶμεν,
3321 3155 3415 3208 καὶ
3463 3155 3556 3208 τοῦ
3613 3157 3882 3209 Δεσπότου
3937 3156 4036 3225 τὴν

2449 3231 2656 3300 ἄφατον
2684 3235 3111 3307 φιλανθρωπίαν,
3154 3238 3475 3307 ἀκούσωμεν
3504 3237 3596 3290 τοῦ
3627 3237 4034 3305 εὐαγγελιστοῦ,

2450 3317 2568 3380 πῶς
2595 3320 2730 3387 ἡμῖν
2758 3319 2923 3372 αὐτοῦ
2951 3321 3224 3391 διηγεῖται
3266 3322 3364 3393 τήν
3405 3321 3630 3390 τόλμαν·
3681 3325 3836 3383 Τότε,
3878 3323 4032 3391 φησι,

2448 3405 2757 3472 πορευθείς
2783 3400 2874 3472 εἷς
2909 3406 3031 3459 τῶν
3075 3407 3327 3473 δώδεκα,
3369 3408 3598 3472 Ἰούδας
3636 3412 3668 3461 ό
3711 3411 4034 3476 levatam;-

2462 3487 2862 3555 Ἰσκαριώτης,
2890 3489 3040 3557 πρὸς
3069 3490 3212 3556 τοὺς
3249 3490 3560 3559 ἀρχιερεῖς.
3589 3487 3760 3544 εἶπεν
3793 3491 3998 3557 αὐτοῖς
4016 3507 4032 3522 ·

2455 3571 2518 3623 Τί
2542 3570 2748 3624 θέλετέ
2775 3590 2877 3640 μοι
2920 3573 3154 3638 δοῦναι,
3200 3573 3362 3644 κάγὼ
3389 3573 3532 3644 ὑμῖν
3556 3573 3888 3642 παραδώσω
3922 3577 4033 3629 αὐ-

2446 3660 2588 3718 τόν;
2632 3657 2790 3708 Δοκεῖ
2831 3656 2930 3726 μὲν
2963 3658 3072 3727 γὰρ
3119 3657 3285 3726 σαφές
3331 3653 3558 3710 εἶναιτὸ
3591 3657 3905 3726 λεγόμενον,
3942 3660 4033 3712 καὶ

2448 3735 2612 3805 μηδὲν
2645 3737 2804 3790 πλέον
2841 3737 3205 3792 αἰνίττεσθαι·
3239 3741 3285 3792 εί
3332 3739 3388 3792 δέ
3436 3757 3518 3803 τις
3567 3741 3809 3811 ἀκριϐῶς
3850 3743 4032 3807 ἐξετά-

2446 3835 2586 3870 σειεν
2606 3820 2836 3872 ἕκαστον
2855 3819 2963 3872 τῶν
2983 3823 3103 3892 είρη
3113 3821 3310 3890 μένων,
3334 3821 3532 3894 πολλὴν
3555 3823 3667 3892 ἔχει
3693 3824 3920 3893 θεωρίαν
3937 3825 4032 3878 καὶ

2447 3901 2578 3953 πολύ
2605 3901 2666 3953 τὸ
2701 3901 2863 3970 βάθος
2888 3903 2994 3956 τῶν
3023 3904 3330 3972 νοημάτων.
3373 3905 3480 3958 Καὶ
3512 3906 3729 3974 πρῶτον
3757 3909 3785 3958 6
3817 3909 4026 3977 καιρός.

2447 3983 2521 4034 Οὐ
2553 3983 2659 4053 γὰρ
2692 3983 2876 4047 ἁπλῶς
2903 3985 3066 4037 αὐτὸν
3102 3987 3519 4055 ἐπισημαίνεται
3551 3988 3579 4038 6
3606 3989 4028 4059 εὐαγγελιστής·

2445 4065 2506 4116 οὐ
2545 4066 2653 4136 γάρ
2692 4061 2835 4127 εἷπε,
2880 4066 3212 4134 πορευθείς,
3255 4068 3468 4131 ἁπλῶς·
3518 4069 3654 4121 ἀλλά
3700 4071 4026 4139 προσέθηκε,

2451 4149 2586 4201 Τότε
2644 4152 2974 4218 πορευθείς.
3027 4149 3192 4202 Τότε·
3253 4150 3418 4214 πότε;
3481 4151 3590 4202 Kal
3649 4153 3792 4212 τίνος
3843 4153 4030 4204 ἕνεκεν

2442 4231 2791 4302 ἐπισημαίνει
2824 4231 2915 4283 τὸν
2947 4231 3169 4302 χρόνον;
3199 4232 3310 4301 Οὐχ
3345 4233 3528 4296 ἁπλῶς
3567 4235 3696 4302 ἡμῖν
3731 4233 4026 4303 ἐπισημαί-

2441 4330 2590 4366 νεται
2642 4315 2732 4366 τὸν
2791 4314 2980 4385 καιρὸν
3035 4316 3064 4367 ό
3117 4315 3508 4386 εὐαγγελιστὴς
3560 4317 3834 4386 Πνεύματι
3890 4318 4030 4386 ἁγίῳ

2441 4397 2838 4467 φθεγγόμενος·
2887 4400 2916 4451 6
2967 4399 3076 4467 γάρ
3124 4399 3404 4469 Πνεύματι
3453 4399 3841 4469 φθεγγόμενος,
3877 4400 4028 4452 οὐδὲν

2442 4479 2626 4540 ἁπλῶς
2671 4480 2790 4533 οὐδέ
2821 4481 2942 4550 εἰκῆ
2992 4481 3306 4550 φθέγγεται.
3350 4483 3415 4534 Τί
3453 4477 3547 4535 οὖν
3589 4484 3704 4534 ἐστι
3740 4481 3821 4543 τὸ,
3857 4483 3990 4535 τότε
4005 4505 4028 4546 ,-

2442 4560 2556 4629 Πρὸ
2598 4559 2761 4612 αὐτοῦ
2801 4560 2896 4614 τοῦ
2939 4561 3154 4633 χρόνου,
3198 4564 3303 4634 πρὸ
3331 4564 3500 4634 αὐτῆς
3532 4563 3631 4631 τῆς
3674 4563 3822 4632 ὥρας
3860 4581 4030 4632 προσ-

2441 4642 2570 4712 ῆλθε
2627 4643 2763 4712 κόρη
2824 4644 3161 4716 ἀλάϐαστρον
3215 4647 3384 4717 μύρου
3443 4645 3674 4715 ἔχουσα,
3736 4646 3830 4697 καὶ
3892 4663 4026 4699 κατ-

2440 4725 2559 4794 έχεε
2599 4725 2658 4778 τὸ
2686 4725 2865 4778 ἔλαιον
2898 4729 3070 4779 ἐκεῖνο
3109 4728 3200 4780 ἐπὶ
3232 4729 3328 4800 τὴν
3379 4727 3619 4797 κεφαλὴν
3659 4726 3752 4778 τοῦ
3797 4727 4020 4798 Κυρίου.

2452 4807 2789 4874 Ἐπεδείξατο
2821 4807 3018 4878 πολλὴν
3062 4809 3242 4864 πίστιν
3273 4813 3308 4882 ἡ
3346 4810 3506 4880 γυνὴ,
3551 4808 3859 4874 ἐπεδείξατο
3892 4811 4024 4863 πολ-

2438 4888 2536 4960 λὴν
2576 4888 2894 4960 θεραπείαν,
2929 4891 3236 4957 ἐπεδείξατο
3275 4893 3477 4962 πολλὴν
3524 4892 3766 4962 ὑπακοὴν
3805 4894 3896 4946 καὶ
3936 4894 4024 4946 εὐ-

2437 4971 2685 5026 λάϐειαν·
2737 4971 3092 5041 μετεϐάλλετο
3135 4975 3244 5029 ἀπὸ
3293 4975 3389 5028 τοῦ
3441 4974 3557 5042 βίου
3603 4973 3696 5028 τοῦ
3731 4977 4016 5046 προτέρου,

2437 5055 2528 5107 καὶ
2565 5055 2780 5122 ἐγένετο
2815 5053 3034 5124 βελτίων
3080 5059 3173 5111 καὶ
3217 5057 3651 5126 σωφρονεστέρα.
3702 5059 3811 5111 Kal
3855 5059 3942 5111 ὅτε
3988 5063 4020 5128 ἠ

2438 5138 2610 5209 πόρνη
2668 5137 3009 5208 μετενόησεν,
3061 5141 3147 5192 ὅτε
3182 5141 3276 5192 τὸν
3322 5141 3598 5211 Δεσπότην
3629 5140 3860 5208 ἐπέγνω,
3899 5143 4018 5194 τότε

2433 5223 2462 5272 ὁ
2512 5219 2758 5289 μαθητὴς
2792 5221 2884 5275 τὸν
2922 5221 3239 5275 διδάσκαλον
3286 5223 3590 5294 παρέδωκε.
3639 5226 3808 5278 Τότε·
3841 5227 4008 5289 πότις

2437 5303 2565 5356 Ὅτε
2596 5303 2767 5373 πόρνη
2798 5304 3192 5375 προσελθοῦσα,
3224 5303 3286 5356 τὸ
3331 5305 3668 5376 ἀλάϐαστρον
3711 5307 3808 5360 τοῦ
3845 5308 4020 5378 μύρου

2434 5385 2750 5454 καταχέασα
2781 5386 2924 5440 κατά
2969 5387 3078 5439 τῶν
3098 5385 3273 5439 ποδῶν
3305 5387 3396 5441 τοῦ
3425 5390 3624 5460 Ἰησοῦ,
3653 5394 3772 5454 ταῖς
3791 5391 4020 5453 οἰκείαις

2435 5466 2606 5536 θριξὶν
2621 5467 2870 5537 ἐξέμαξε,
2887 5469 2982 5522 καὶ
3003 5467 3203 5537 πολλὴν
3217 5470 3313 5541 τὴν
3335 5473 3627 5544 θεραπείαν
3648 5472 4015 5530 ἐπεδείκνυτο.

2434 5551 2500 5604 τὰ
2527 5551 2584 5603 ἐν
2617 5551 2778 5605 παντὶ
2813 5551 2892 5621 τῷ
2925 5551 3104 5621 χρόνῳ
3146 5552 3515 5626 ἁμαρτήματα
3548 5556 3903 5622 ἐξαλείφουσα
3931 5554 4017 5606 διά

2431 5635 2530 5700 τῆς
2578 5633 3019 5704 ἐξομολογησεως
3063 5633 3252 5706 αὐτῆς.
3306 5638 3439 5692 Τότε
3489 5635 3615 5700 οῦν,
3665 5641 3753 5691 ὅτε
3802 5637 4016 5705 ἐκείνην

2434 5714 2693 5769 ἐθεάσατο
2719 5714 2988 5784 τοσαύτην
3020 5715 3310 5789 θεραπείαν
3347 5720 3427 5790 τῷ
3468 5719 3771 5788 διδασκάλῳ
3809 5719 4010 5772 ἐπιδει-

2437 5797 2696 5864 ξαμένην,
2725 5799 2848 5852 τότε
2888 5799 3048 5864 αὐτὸς
3095 5803 3186 5856 ἐπὶ
3233 5803 3332 5875 τὴν
3373 5802 3683 5874 παράνομον
3726 5803 4013 5869 προδοσίαν
