4406 6682
265 384 374 438 585

264 500 581 570 patiuntur?
609 503 739 560 Vide
772 520 979 560 rursum
1017 505 1123 558 alio
1174 504 1225 557 in
1272 504 1391 559 loco
1419 506 1556 563 male
1584 510 1849 580 agentium

264 591 568 649 inevitabile
597 596 913 666 supplicium
955 614 967 648 :
1014 595 1137 647 audi
1189 596 1249 649 Β.
1281 595 1501 654 Paulum
1553 601 1850 656 dicentem:

275 681 376 737 Vos
396 695 588 754 autem,
620 692 825 759 fratres,
877 686 1154 741 imitatores
1178 690 1302 758 [acti
1348 694 1465 748 estis
1513 693 1854 749 Ecclesiarum

261 774 381 841 Dei,
414 795 525 846 qua:
552 790 668 833 sunt
696 780 749 832 in
770 778 954 831 Judwa
982 793 1002 840 ;
1030 782 1266 848 quoniam
1291 785 1462 839 eadem
1507 787 1643 855 passi
1666 788 1781 840 estis
1808 798 1852 840 et

258 884 347 923 tos
376 888 409 923 a
437 874 659 942 propriis
713 869 1075 925 contribulibus
1094 913 1110 938 ,
1143 878 1567 943 quemadmodum
1609 887 1654 929 et
1696 879 1796 944 ipsi
1821 895 1852 930 a

255 961 479 1027 Judtzis,
507 964 591 1032 qui
615 971 662 1014 et
694 959 966 1013 Dominum
995 965 1283 1021 occiderunt
1312 968 1507 1033 Jesum,
1537 978 1583 1022 et
1613 971 1847 1038 proprios

254 1070 380 1109 suos
401 1055 692 1123 praphetas,
720 1060 767 1105 et
814 1053 1146 1122 impedierunt
1206 1077 1297 1113 nos
1327 1061 1463 1130 loqui
1510 1061 1736 1131 gentibus
1755 1105 1770 1127 ,
1795 1072 1850 1116 ut

256 1146 417 1199 salva:
444 1146 568 1212 ﬁant
587 1184 601 1207 ,
630 1151 686 1194 ut
724 1143 967 1209 impleant
1008 1162 1213 1215 peccata
1242 1167 1336 1203 sua
1362 1167 1382 1204 :
1424 1154 1646 1220 pervenit
1680 1164 1847 1209 autem

257 1230 338 1281 ira
365 1228 461 1281 Dei
480 1242 631 1295 super
653 1226 769 1279 illos
791 1243 945 1297 usque
960 1230 1010 1283 in
1028 1232 1178 1299 ﬁnem
1204 1234 1278 1303 (Ι.
1305 1232 1486 1290 Thess.
1504 1236 1560 1291 2.
1608 1239 1774 1296 14-16
1803 1239 1844 1310 ).

260 1316 456 1371 Viden’
475 1330 568 1369 eos
597 1318 828 1371 maxime
858 1334 953 1387 par
977 1335 1096 1375 esse
1116 1322 1296 1392 lugere
1324 1333 1378 1379 et
1416 1325 1543 1382 ﬂetu
1574 1331 1843 1399 prosequi,

215 1401 354 1476 ’qui
407 1406 545 1461 mala
600 1412 954 1479 perpetrant?
1012 1414 1346 1487 Quapropter
1395 1422 1847 1478 clementissimus

262 1498 548 1565 Dominus,
581 1515 701 1555 cum
751 1502 957 1560 videret
992 1506 1236 1577 discipuli
1288 1510 1510 1574 facinus,
1539 1512 1848 1565 tnrbabatur

250 1596 308 1641 et
356 1586 551 1655 ﬂebat,
589 1593 1104 1651 commiserationem
1144 1614 1272 1668 erga
1332 1599 1650 1666 discipulum
1696 1615 1845 1654 suam

247 1676 538 1732 ostendens
559 1721 573 1744 ,
608 1681 1053 1754 benignitatisque
1081 1701 1191 1740 sua:
1236 1686 1654 1755 magnitudinem
1684 1691 1845 1744 exhi-

251 1766 405 1831 bens,
439 1769 578 1837 quod
600 1771 683 1826 vel
728 1788 897 1842 usque
924 1773 991 1827 ad
1023 1776 1190 1842 ipsam
1219 1776 1572 1843 proditionem
1603 1779 1841 1850 discipuli

249 1860 617 1917 emendationi
648 1865 957 1933 prospicere
1005 1880 1108 1918 non
1140 1875 1398 1921 cessaret.
1439 1868 1666 1940 Propter
1704 1871 1845 1927 hunc

247 1948 419 2018 igitur
443 1952 619 2020 potius
647 1954 842 2007 acerbe
868 1953 988 2022 luge
1008 1962 1063 2007 et
1090 1953 1401 2023 ingemisce,
1427 1959 1549 2028 quia
1583 1960 1839 2017 Dominus

244 2042 396 2097 illius
426 2058 585 2099 causa
616 2054 844 2101 maestus
888 2044 1005 2099 fuit.
1048 2044 1306 2102 Turbatus
1332 2060 1425 2115 est,
1448 2052 1647 2121 inquit,
1669 2052 1839 2120 Jesus,

242 2143 291 2185 et
316 2133 470 2199 dixit,
504 2134 646 2190 Unus
674 2146 893 2190 uestrum
944 2136 1108 2190 tradet
1152 2154 1231 2192 me
1257 2138 1277 2209 (
1298 2140 1456 2194 Joan.
1500 2144 1590 2198 15.
1632 2145 1692 2199 21
1727 2145 1769 2212 ).
1799 2146 1844 2201 Ο

241 2234 498 2294 quantam
523 2227 977 2283 misericordiam!
1010 2239 1260 2300 quantam
1286 2233 1493 2288 Domini
1523 2235 1836 2293 bonitatem!

239 2314 346 2381 Qui
398 2316 644 2385 proditur
691 2316 980 2387 proditoris
1017 2321 1185 2388 gratia
1238 2321 1406 2377 dolet.
1454 2324 1651 2382 Videns
1694 2329 1836 2383 enim

244 2419 373 2457 cum
404 2406 456 2458 in
486 2407 718 2477 nequitia
750 2409 1123 2464 immorantcm
1144 2452 1158 2475 ,
1188 2410 1436 2469 Turbatus
1473 2427 1547 2470 est
1574 2427 1621 2471 et
1655 2419 1785 2473 dixit
1818 2462 1832 2486 ,

244 2494 398 2550 Unus
424 2508 647 2552 vestrum
687 2499 851 2553 tradet
895 2516 992 2553 me.
1042 2501 1193 2569 Vide,
1224 2516 1471 2574 quantam
1502 2511 1664 2565 animi
1705 2513 1838 2567 tole-

242 2586 475 2641 rantiam
510 2588 523 2640 Ξ
552 2598 804 2657 quantam
846 2590 1266 2649 humanitatem!
1301 2599 1570 2666 quomodo
1627 2600 1836 2671 ingrato

242 2678 440 2744 parcit,
470 2693 569 2733 nec
599 2679 711 2733 vult
734 2695 856 2735 eum
885 2681 1343 2751 impudentissime
1371 2702 1561 2758 agere:
1596 2690 1691 2745 sed
1715 2706 1833 2745 om-

244 2781 345 2821 nes
374 2767 663 2837 discipulos
694 2770 747 2824 in
784 2771 1025 2826 timorem
1057 2782 1110 2827 et
1132 2778 1452 2833 anxietatem
1482 2780 1700 2836 deducit
1726 2825 1741 2849 ,
1776 2794 1835 2839 nt

245 2858 326 2911 illi
377 2873 561 2913 ansam
594 2862 831 2929 praebeat
871 2864 1218 2933 resipiscendi
1246 2869 1315 2925 ab
1345 2870 1572 2926 insania.
1605 2874 1673 2929 At
1712 2889 1829 2930 cum

237 2949 418 3003 anima
450 2952 595 3005 omni
627 2951 849 3009 dimisso
890 2970 1051 3011 sensu
1099 2974 1281 3015 semen
1309 2962 1520 3031 pietatis
1560 2980 1665 3021 non
1692 2969 1830 3023 acci-

239 3039 338 3109 pit,
378 3056 484 3095 non
514 3042 927 3101 admonitionem
951 3088 966 3112 ,
997 3064 1101 3103 non
1130 3052 1410 3105 consilium
1439 3054 1703 3123 admittit,
1736 3059 1829 3112 sed

241 3128 442 3184 aﬂ‘ectu
470 3131 633 3186 animi
661 3134 1007 3191 obtenebrata
1038 3155 1132 3208 per
1160 3141 1448 3211 praecipitia
1474 3145 1599 3200 abit.
1634 3147 1833 3215 Quam-

238 3220 429 3275 obrem
459 3237 631 3292 neque
670 3223 755 3279 hic
778 3241 843 3280 ex
872 3235 1015 3281 tanta
1044 3229 1245 3285 Christi
1272 3232 1525 3301 patientia
1555 3237 1828 3308 quidpiam

234 3310 472 3368 lucratus
492 3322 593 3368 est.
628 3314 774 3370 Unus
802 3328 1018 3372 vestrum
1044 3320 1204 3375 tradet
1230 3339 1327 3389 me,
1358 3326 1549 3394 inquit.
1578 3328 1687 3384 Cur
1717 3339 1829 3385 tur-

233 3402 392 3458 batus
436 3416 494 3459 et
533 3422 768 3463 mmrore
809 3410 1032 3466 affectus
1056 3414 1186 3468 est?
1222 3414 1292 3471 Ut
1317 3431 1471 3472 suum
1495 3420 1652 3477 simul
1678 3438 1826 3478 amo-

233 3508 350 3547 rem
378 3496 705 3561 ostenderet,
738 3513 942 3569 nosque
969 3501 1218 3569 doceret,
1252 3521 1345 3561 eos
1382 3510 1611 3565 maxime
1639 3513 1826 3584 lugen-

232 3584 336 3638 dos
366 3588 611 3655 esse,qui
641 3597 826 3643 contra
855 3594 1159 3661 proximum
1189 3598 1328 3652 mala
1367 3610 1689 3670 perpetrant.
1731 3605 1827 3660 Et-

232 3676 379 3730 enim
401 3678 475 3731 illi
496 3679 624 3733 iram
649 3692 835 3736 contra
856 3684 1062 3755 seipsos
1078 3688 1331 3744 excitant.
1359 3690 1672 3764 Neutiquam
1701 3711 1822 3751 eum

230 3771 323 3838 qui
353 3770 492 3823 male
513 3777 728 3839 patitur,
758 3775 851 3829 sed
882 3792 1005 3831 eum
1046 3781 1136 3849 qui
1159 3782 1296 3836 mala
1320 3796 1605 3855 perpetrat,
1628 3789 1824 3860 ubique

234 3862 424 3931 lugere
454 3878 550 3932 par
578 3874 677 3919 est.
707 3865 837 3921 Nam
867 3870 910 3923 si
943 3872 1078 3926 male
1106 3876 1369 3941 patiamur
1392 3920 1405 3943 ,
1448 3880 1497 3934 id
1542 3881 1693 3937 nobis
1735 3900 1823 3939 re-

235 3968 400 4019 gnum
433 3957 693 4011 ccelorum
726 3959 1079 4029 adipiscitur;
1124 3965 1204 4019 sin
1240 3970 1378 4023 male
1406 3971 1631 4039 cuipiam
1664 3972 1824 4029 facia-

236 4059 383 4108 mus,
410 4044 462 4098 id
519 4046 570 4099 in
617 4063 775 4103 causa
812 4060 895 4105 est
920 4063 973 4107 ut
1008 4056 1058 4108 in
1088 4057 1383 4125 gehennam
1411 4071 1463 4113 et
1506 4062 1821 4131 supplicium

232 4137 528 4190 mittamur.
558 4137 687 4192 Nam
715 4139 881 4207 Beati,
934 4144 1128 4214 inquit,
1152 4149 1241 4209 qui
1268 4153 1697 4219 persequutiouem
1725 4172 1821 4223 pa-

231 4231 433 4284 tiuntur
465 4237 941 4305 propterjustiliam
967 4238 984 4303 (
1016 4239 1201 4294 Matth.
1233 4244 1283 4297 5.
1316 4244 1383 4298 10
1409 4248 1451 4312 ).
1477 4245 1663 4302 Viden'
1687 4265 1823 4320 quo-

230 4322 394 4375 modo
425 4325 565 4377 male
597 4326 702 4393 pati
725 4327 775 4379 in
803 4329 1102 4382 mercedem
1132 4340 1187 4384 ct
1218 4335 1495 4400 przemium
1525 4338 1714 4395 afferat
1738 4358 1825 4398 re-

228 4427 391 4480 gnum
421 4414 710 4468 caelorum?
740 4416 875 4469 Audi
907 4420 1179 4487 quomodo
1200 4424 1339 4478 mala
1367 4438 1681 4498 perpetrare
1702 4448 1819 4503 pa;-

233 4517 356 4554 nain
384 4512 439 4557 et
461 4504 779 4572 supplicium
798 4506 985 4561 aﬂerat
1010 4526 1022 4561 :
1055 4525 1175 4565 cum
1202 4515 1347 4570 enim
1369 4518 1593 4576 dixisset
1625 4523 1822 4580 Paulus

230 4591 373 4659 quod
402 4591 570 4647 Judaai
602 4594 883 4650 Dominum
923 4599 1266 4665 occidissent.
1296 4615 1351 4661 et
1378 4611 1666 4681 prephetas
1696 4631 1819 4685 per-

228 4684 443 4750 sequuti
473 4693 655 4738 essent
675 4727 690 4749 ,
742 4686 935 4756 adjecit
962 4705 976 4741 :
1022 4690 1252 4758 Quorum
1282 4698 1401 4765 linis
1441 4712 1512 4755 est
1544 4706 1817 4758 secundum

229 4790 388 4839 opera
416 4790 586 4827 eorum
613 4776 692 4843 (2.
721 4775 839 4831 Cor.
871 4780 961 4835 Η.
986 4783 1100 4854 i5).
1132 4785 1319 4843 Viden’
1342 4796 1611 4861 quomodo
1634 4797 1697 4861 ii,
1726 4797 1817 4867 qui

235 4866 702 4933 persequutionem
736 4870 1027 4940 patiuntur,
1059 4891 1283 4948 regnum
1322 4884 1574 4938 ctcloruin
1605 4866 1817 4941 lucren-

240 4968 331 5012 tur
362 4975 375 5021 ;
408 4957 442 5011 ii
471 4974 598 5014 vero
628 5001 643 5025 ,
665 4962 754 5029 qui
784 4977 1191 5039 persequuntur,
1222 4973 1352 5029 iram
1396 4976 1485 5031 Dei
1515 4975 1566 5030 in
1592 4976 1816 5033 haeredi-

233 5059 399 5103 tatem
420 5050 679 5118 accipiant
703 5052 727 5105 ἲ

304 5138 570 5193 Orandum
612 5158 703 5212 pro
735 5145 971 5202 inimicis.
1004 5182 1075 5191 —
1101 5154 1225 5212 llaec
1272 5172 1429 5226 porro
1473 5173 1575 5213 non
1616 5170 1816 5219 temere

227 5231 367 5299 apud
390 5232 662 5286 caritatem
679 5245 908 5292 vestram
933 5242 1213 5311 agitamus,
1237 5248 1329 5302 sed
1356 5258 1413 5302 ut
1439 5249 1706 5306 discamus
1722 5255 1817 5308 ad-

229 5335 419 5377 versus
446 5323 689 5380 inimicos
713 5336 924 5384 nostros
940 5347 1043 5387 non
1076 5337 1266 5404 irasci;
1300 5341 1393 5395 sed
1421 5342 1594 5409 potius
1621 5352 1679 5397 ut
1716 5347 1816 5401 mi-

226 5416 519 5471 sericordia
559 5432 683 5488 erga
725 5417 843 5473 illos
884 5437 1233 5496 moveamur,
1286 5432 1601 5503 illorumque
1645 5438 1813 5505 gratia

226 5525 517 5567 maerorem
544 5518 600 5567 et
627 5512 893 5582 planetum
935 5530 1287 5577 assumamus.
1328 5524 1404 5579 Illi
1444 5528 1640 5597 quippe
1672 5530 1815 5586 male

225 5604 519 5672 patiuntur,
536 5606 624 5676 qui
645 5606 759 5662 sine
770 5620 929 5660 causa
947 5609 1100 5664 nobis
1115 5614 1489 5674 adversantur.
1505 5620 1560 5675 Si
1577 5622 1812 5677 animum

228 5706 472 5751 nostrum
506 5698 577 5752 ita
602 5713 995 5770 comparemus,
1029 5709 1209 5758 utnon
1236 5706 1545 5777 irascamur,
1576 5712 1671 5768 sed
1692 5713 1813 5769 illo-

228 5804 345 5843 rum
373 5794 537 5862 gratia
558 5793 855 5861 doleamus,
882 5794 1039 5849 etiam
1065 5799 1356 5866 poterimus
1375 5807 1665 5865 secundum
1699 5809 1806 5868 Do-

550 5896 819 5961 I‘nnoe.
868 5899 981 5962 Cu.
1032 5902 1252 5968 XLIX.

1304 392 1390 448 DE
1431 392 1836 451 I’RODITIONE
1873 394 2069 456 JUDAS
2133 402 2363 459 IIOIIIL.
2408 407 2469 461 II.

3434 428 3536 482 58st

1966 511 2098 567 mini
2123 528 2306 569 vocem
2335 533 2431 586 pro
2462 520 2565 574 illis
2587 536 2760 591 orare,
2792 526 2985 599 illoque
3013 532 3173 587 modo
3200 535 3415 592 multam
3443 558 3533 597 nuo

1959 788 2264 845 monitionis
2292 793 2584 864 frequentia
2620 797 2822 855 ﬁrmior
2845 804 2915 857 sit
2938 806 3177 864 doctrina
3200 854 3215 879 ,
3250 822 3305 868 ut
3334 814 3544 870 radices

1958 889 2078 945 agat
2109 882 2159 933 in
2191 883 2380 941 animis
2431 890 2638 944 vestris.
2677 891 2905 963 Ideoque
2935 896 3233 965 frequenter
3270 904 3411 974 apud
3450 922 3543 961 vos

1957 972 2297 1025 sermonibus
2328 974 2606 1038 instamus.
2640 992 2694 1035 ut
2724 983 2816 1039 ira:
2856 994 3122 1042 tumorem
3154 994 3397 1049 tollamus
3422 1037 3439 1063 ,
3486 1007 3543 1051 et

1958 1056 2218 1114 fervorem
2241 1062 2513 1130 sedemus,
2535 1077 2695 1137 utque
2718 1076 2831 1141 puri
2853 1078 2916 1131 ad
2934 1079 3229 1135 orationem
3249 1087 3533 1141 accedatis.

1954 1148 2136 1222 Neque
2165 1154 2306 1209 enim
2333 1154 2577 1214 Christus
2607 1161 2938 1221 inimicorum
2966 1178 3169 1225 tantum
3198 1176 3365 1243 gratia
3391 1178 3457 1232 ad
3484 1178 3538 1233 id

1962 1241 2227 1310 hortatur,
2259 1248 2351 1301 sed
2379 1250 2538 1305 etiam
2568 1254 2737 1308 nostri
2764 1270 2923 1310 causa
2950 1262 3038 1328 qui
3069 1262 3171 1319 illis
3216 1277 3428 1334 peccata
3460 1285 3537 1325 re-

1954 1336 2237 1388 mittimus.
2289 1338 2445 1391 Plura
2474 1343 2614 1396 enim
2645 1348 2843 1417 accipis
2864 1389 2878 1413 ,
2910 1365 3066 1419 quam
3097 1354 3191 1408 das
3242 1373 3359 1412 cum
3401 1360 3535 1415 iram

1953 1434 2098 1479 tuam
2122 1427 2337 1483 inimico
2360 1429 2600 1488 dimittis.
2622 1437 2901 1503 Quomodo
2922 1441 3043 1511 plus
3054 1446 3536 1519 accipio,inquies?

1953 1518 2184 1574 Attende
2213 1520 2517 1592 diligenter.
2550 1526 2606 1582 Si
2635 1530 2849 1588 inimico
2878 1547 3094 1605 peccata
3120 1518 3395 1605 dimittas,
3439 1544 3538 1599 de-

1953 1605 2073 1660 licta
2128 1618 2214 1663 tua
2256 1612 2309 1666 in
2354 1614 2626 1672 Christum
2679 1634 2981 1691 perpetrata
3037 1628 3377 1687 dimittuntur
3421 1634 3532 1690 tibi.

1953 1697 2077 1754 Haec
2104 1717 2262 1770 porro
2283 1706 2367 1760 vix
2399 1707 2591 1764 dimitti
2622 1722 2674 1765 et
2696 1715 2897 1767 veniam
2930 1716 3124 1775 habere
3154 1732 3397 1791 possunt,
3446 1726 3535 1780 illa

1950 1809 2076 1849 vero
2096 1798 2304 1852 veniam
2335 1811 2389 1854 et
2408 1802 2654 1858 solatium
2683 1807 2909 1860 multum
2934 1812 3225 1879 reperiunt.
3249 1815 3386 1869 Audi
3418 1816 3534 1871 Ileli

1950 1886 2074 1939 filiis
2106 1890 2217 1943 suis
2242 1890 2506 1948 dicentem
2538 1937 2551 1960 ,
2587 1896 2647 1950 Si
2676 1914 2888 1967 peccans
2907 1905 3177 1968 peccaverit
3202 1904 3351 1959 homo
3370 1907 3423 1960 in
3444 1909 3539 1961 ho-

1949 1978 2154 2043 minem,
2185 1982 2419 2036 sacerdos
2439 1986 2599 2039 orabit
2637 2005 2729 2056 pro
2748 2005 2835 2053 eo;
2857 1992 2903 2045 si
2930 2006 3044 2046 vero
3072 1995 3124 2047 iu
3154 1994 3319 2050 Deum
3354 2015 3534 2067 pecca-

1948 2070 2091 2133 uerit,
2123 2072 2236 2139 quis
2274 2090 2366 2141 pro
2396 2076 2487 2130 illo
2533 2080 2691 2133 orabit
2736 2083 2811 2151 (1.
2834 2084 2960 2155 Reg.
2985 2085 3040 2140 2.
3063 2086 3176 2157 25).
3207 2090 3387 2159 Itaque
3416 2108 3532 2147 ma-

1945 2175 2107 2230 gnum
2133 2171 2215 2217 est
2242 2165 2434 2220 vulnus
2461 2166 2607 2234 illud,
2639 2185 2810 2240 neque
2836 2173 2988 2227 facile
3010 2178 3246 2232 oratione
3271 2180 3530 2243 solvitur;

1946 2252 2052 2306 imo
2095 2269 2162 2309 ne
2201 2256 2441 2311 oratione
2488 2259 2699 2329 quidem
2750 2262 2973 2318 solvitur
3004 2265 3105 2321 tale
3135 2266 3411 2334 delictum,
3440 2272 3533 2325 sed

1943 2357 2041 2411 per
2080 2346 2288 2400 veniam
2336 2363 2668 2417 peccatorum
2729 2352 2943 2410 inimico
2992 2372 3302 2414 concessam
3352 2363 3529 2417 statim

1943 2436 2185 2492 solvitur.
2216 2437 2343 2494 Ideo
2378 2442 2463 2495 illa
2491 2443 2704 2512 quidem
2734 2445 2920 2500 decem
2959 2449 3121 2502 millia
3155 2452 3347 2507 talenta
3375 2468 3532 2507 voca-

1940 2525 2016 2579 vit
2040 2526 2199 2591 Deus,
2233 2545 2423 2598 nempe
2452 2532 2639 2587 delicta
2670 2534 2724 2588 in
2753 2536 3066 2603 Dominum;
3098 2540 3212 2596 haec
3237 2558 3363 2597 vero
3399 2559 3532 2598 cen-

1941 2625 2053 2672 tum
2079 2618 2328 2676 denarios
2352 2622 2562 2691 (Matth.
2607 2628 2693 2682 l9.
2727 2629 2816 2684 23.
2848 2631 3003 2701 sqq.),
3023 2648 3155 2704 quos
3173 2636 3219 2691 si
3244 2636 3530 2709 dimiseris,

1938 2709 2271 2768 dimittentur
2299 2714 2391 2769 tibi
2426 2715 2610 2772 decem
2644 2721 2806 2774 millia
2836 2722 3047 2779 talenta.

2009 2801 2062 2856 2.
2106 2803 2302 2859 Verum
2333 2806 2402 2861 de
2428 2810 2666 2864 oratione
2692 2813 2838 2867 Satis.
2872 2813 2926 2869 Si
2958 2816 3126 2884 placet
3154 2828 3352 2887 autem,
3376 2838 3531 2893 repe-

1940 2895 2034 2947 tito
2063 2897 2219 2965 paulo
2248 2898 2402 2953 altius
2427 2915 2692 2967 sermone,
2731 2903 2795 2957 ad
2827 2906 3180 2974 proditionem
3222 2911 3523 2975 redeamus.

1936 2987 2314 3058 videamusque
2350 2991 2619 3059 quomodo
2650 2994 2901 3049 Dominus
2944 3011 3126 3053 noster
3153 3002 3388 3069 proditus
3434 3004 3521 3059 sit.

1937 3076 2008 3132 lit
2036 3094 2161 3133 vero
2195 3088 2356 3134 totam
2391 3082 2675 3151 proditoris
2701 3084 2958 3141 insaniam
2988 3089 3306 3157 ediscamus,
3339 3094 3526 3148 simul-

1936 3182 2039 3235 que
2069 3168 2330 3238 ingratum
2357 3171 2598 3241 discipuli
2629 3176 2862 3231 animum
2889 3189 2943 3233 et
2973 3179 3178 3235 Domini
3202 3183 3524 3241 inell‘abilem

1935 3258 2271 3314 clementiam
2318 3276 2685 3332 agnoscamus,
2734 3267 3011 3324 audiamus
3053 3273 3320 3340 quomodo
3355 3290 3522 3330 cvan-

1933 3349 2119 3418 gelista
2162 3352 2315 3406 nobis
2341 3354 2455 3422 ejus
2479 3353 2685 3410 facinus
2713 3370 2943 3414 enarret.
2980 3361 3141 3427 Tunc,
3187 3366 3375 3436 inquit,
3401 3370 3524 3423 abiit

1934 3457 2065 3495 unus
2103 3443 2167 3497 de
2195 3444 2479 3511 duodecim,
2520 3445 2685 3502 ludas
2711 3450 2872 3504 dictus
2914 3450 3201 3521 Iscariotes,
3237 3458 3304 3510 ad
3330 3459 3523 3528 princi-

1934 3547 2020 3598 pes
2047 3534 2387 3599 sacerdotum,
2413 3546 2458 3589 et
2484 3538 2613 3590 dixit
2652 3540 2722 3593 eis
2743 3557 2762 3593 .'
2791 3540 2928 3605 Quid
2956 3545 3102 3598 vultis
3147 3548 3270 3601 mihi
3298 3549 3438 3615 dare,
3478 3562 3527 3605 et

1931 3637 2022 3690 ego
2067 3622 2202 3676 vobis
2248 3624 2445 3678 tradam
2493 3644 2607 3680 eum
2646 3629 2858 3698 (Matth.
2894 3634 2983 3689 26.
3027 3638 3107 3691 Η.
3142 3636 3254 3706 15).
3303 3639 3527 3697 Videtur

1930 3712 2142 3781 quidem
2172 3714 2221 3768 id
2254 3716 2393 3785 quod
2425 3717 2622 3774 dictum
2649 3735 2731 3776 est
2760 3724 2960 3779 clarum
2988 3743 3106 3784 csse
3136 3731 3377 3802 nihilque
3403 3750 3523 3789 am-

1932 3802 2066 3871 plius
2109 3805 2474 3874 subindicare;
2528 3812 2621 3866 sed
2663 3814 2708 3867 si
2754 3817 2874 3884 quis
2920 3819 3162 3889 singula,
3215 3840 3333 3894 quae
3382 3827 3520 3884 dicta

1931 3905 2092 3960 sunt,
2120 3898 2417 3963 examinet,
2460 3917 2703 3973 magnam
2732 3907 2969 3975 przehcnt
2992 3916 3384 3983 contemplandi
3410 3935 3525 3973 mae

1933 3987 2474 4061 teriam,multamque
2488 4009 2739 4049 sensuum
2758 3998 3373 4063 profunditatem.Primo
3390 4017 3525 4063 tem-

1933 4092 2032 4147 pus
2062 4081 2503 4137 considerandum
2548 4094 2651 4140 est.
2690 4087 2805 4142 Non
2842 4091 2983 4145 enim
3038 4094 3348 4165 simpliciter
3393 4101 3522 4156 illud

1932 4169 2132 4225 indicat
2184 4173 2538 4243 evangelista;
2594 4193 2765 4247 neque
2787 4182 2930 4237 enim
2967 4183 3101 4240 dixit
3142 4188 3335 4255 solum,
3366 4191 3520 4258 abiit;

1930 4263 2021 4316 Sed
2064 4263 2284 4333 adjecit,
2337 4266 2479 4321 Tum:
2505 4269 2645 4325 abiit.
2694 4271 2874 4340 Tunc,
2913 4278 3291 4347 quandonam?
3338 4283 3519 4355 Ecqua

1930 4353 1996 4408 dc
2020 4368 2177 4408 causa
2202 4365 2409 4427 tempus
2431 4360 2662 4415 indicat?
2680 4362 2796 4419 Non
2823 4367 2939 4422 sine
2954 4383 3111 4424 causa
3138 4371 3288 4425 nobis
3311 4353 3522 4445 tempus

1928 4443 2187 4511 significat
2212 4450 2534 4518 evangelista
2560 4468 2623 4507 ex
2652 4453 2848 4523 Spiritu
2888 4469 3072 4515 sancto
3093 4461 3317 4533 loquens
3348 4481 3363 4519 :
3396 4443 3517 4522 nam

1926 4536 2013 4601 qni
2059 4550 2125 4589 ex
2176 4536 2374 4608 Spiritu
2422 4542 2675 4613 loquitur.
2703 4548 2836 4602 nihil
2867 4550 2982 4607 sine
3020 4568 3176 4609 causa
3204 4559 3287 4613 vel
3318 4568 3520 4617 temere

1927 4626 2178 4696 loquitur.
2227 4630 2364 4698 Quid
2392 4632 2548 4704 igitur
2573 4645 2656 4691 est
2680 4638 2830 4705 illud,
2894 4646 3050 4698 tunc?
3074 4646 3210 4701 Ante
3237 4648 3365 4702 illud
3383 4660 3517 4705 tein-

1927 4730 2054 4784 pus,
2100 4731 2224 4775 ante
2269 4722 2415 4778 illam
2459 4724 2644 4783 horam
2691 4732 2914 4785 accessit
2961 4736 3129 4801 puclla
3170 4738 3370 4793 habens
3398 4741 3515 4795 ala-

1925 4806 2162 4864 bastrum
2196 4816 2487 4883 unguenti,
2543 4828 2597 4873 et
2641 4818 2822 4875 etfudit
2848 4822 3022 4877 oleum
3053 4824 3178 4879 illud
3221 4841 3382 4899 super
3419 4846 3513 4885 ca-

1924 4912 2020 4970 put
2070 4903 2301 4960 Domini.
2357 4908 2571 4965 Multam
2621 4911 2779 4968 ﬁdem
2826 4917 3058 4973 ostendit
3098 4923 3328 4990 mulier,
3370 4928 3514 4980 mul-

1925 5003 2030 5048 tam
2060 4996 2393 5054 ministrandi
2416 5016 2618 5070 curam,
2648 5005 3030 5078 obedientiam,
3059 5013 3307 5083 pietatem
3338 5034 3351 5069 :
3398 5034 3516 5073 mn-

1926 5093 2032 5137 tata
2063 5095 2197 5141 esta
2245 5090 2462 5157 pristina
2510 5093 2651 5161 vita,
2686 5098 2980 5171 meliorque
3027 5119 3089 5158 ac
3131 5110 3513 5176 temperantior

1842 5213 1854 5225 .
1922 5173 2107 5229 effecta
2137 5179 2337 5235 csuEt
2382 5197 2504 5238 cum
2562 5190 2812 5244 meretrix
2864 5194 3103 5261 resipuit,
3151 5211 3270 5250 cum
3324 5198 3513 5254 Domi-

1924 5281 2051 5319 num
2106 5270 2349 5339 agnovit,
2412 5282 2538 5330 tunc
2574 5278 2860 5347 discipulus
2915 5285 3224 5351 magistrum
3252 5290 3509 5357 prodidit.

1921 5353 2092 5423 Tunc,
2138 5362 2519 5430 quandonam?
2564 5382 2684 5422 cum
2737 5373 2986 5425 meretrix
3026 5377 3304 5444 accedens,
3336 5379 3509 5436 effuso

1922 5459 2084 5515 super
2118 5452 2280 5519 pedes
2318 5452 2444 5508 Jesu
2492 5456 2742 5525 unguenti
2770 5459 3071 5528 alabastro,
3119 5470 3345 5537 prepriis
3389 5470 3510 5525 illos

1920 5539 2129 5607 capillis
2158 5543 2442 5611 abstersit,
2465 5547 2795 5618 multumque
2835 5554 3188 5611 ministerium
3227 5559 3503 5628 exhibuit,

1922 5644 2019 5697 per
2042 5630 2342 5700 hujusmodi
2372 5635 2764 5696 confessionem
2796 5658 2983 5699 cuncta
3011 5650 3260 5716 praeteriti
3302 5660 3504 5720 temp".

1922 5724 1995 5779 ris
2034 5735 2248 5794 peccata
2292 5727 2496 5787 delens.
2546 5730 2696 5789 Tunc
2752 5736 2959 5807 itaque,
3005 5754 3123 5793 cum
3172 5742 3313 5797 illam
3372 5742 3509 5797 vidit

1924 5822 2129 5874 tantum
2155 5818 2387 5878 ofﬁcium
2411 5824 2664 5895 magistro
2689 5827 3047 5895 exhibentem,
3066 5842 3189 5889 tunc
3215 5838 3303 5893 ille
3319 5840 3381 5893 ad
3400 5844 3502 5893 uii-

3066 5919 3143 5979 2’s
