4432 6704
849 454 967 510 ’385

862 585 1022 640 quam
1055 569 1400 640 proditionem
1452 567 1732 624 festinavit.
1764 568 1828 622 Et
1875 568 1961 622 illa
1984 566 2193 637 quidem
2223 579 2287 620 ex
2329 563 2444 632 ipso

866 662 1110 731 nequitia:
1159 660 1323 715 fundo
1366 660 1417 714 in
1463 661 1631 731 ipsum
1670 659 1857 714 enilnm
1907 657 2175 720 ascendit;
2207 655 2292 708 hic
2319 669 2445 708 vero

864 765 980 825 post
1008 756 1282 809 innumera
1333 753 1586 808 miracula
1622 761 1676 808 et
1717 751 1888 822 signa,
1932 761 2052 822 post
2098 759 2294 805 tantam
2343 746 2444 802 do-

863 846 1125 908 ctrinam,
1184 852 1303 913 post
1355 844 1674 900 ineffabilem
1701 842 1843 896 illam
1885 842 2090 897 Domini
2129 849 2448 908 attempera-

867 941 1083 999 tionem,
1135 937 1185 989 in
1251 937 1432 990 tartari
1483 936 1700 989 fundum
1744 933 1959 990 decidit.
1993 934 2218 988 Tantum
2249 933 2445 988 malum

862 1037 943 1082 est
992 1026 1233 1082 socordia
1269 1037 1325 1082 et
1353 1036 1597 1095 corrupta
1635 1026 1898 1080 voluntas.
1933 1025 2284 1094 Quamobrem
2313 1024 2447 1078 Pan-

867 1118 947 1172 lns
980 1117 1334 1186 diccbatzQui
1350 1117 1542 1171 videtur
1566 1126 1718 1183 stare,
1749 1118 1908 1171 videat
1939 1133 2000 1169 ue
2028 1118 2177 1168 cadat
2206 1116 2282 1182 (l.
2318 1113 2440 1170 Cor.

864 1209 952 1264 10.
987 1210 1074 1280 19.)
1104 1227 1116 1262 :
1161 1219 1214 1265 et
1267 1208 1526 1279 propheta
1559 1209 1819 1262 clamabat
1864 1207 1987 1260 olim
2017 1225 2029 1261 :
2083 1205 2332 1276 Numqui
2362 1224 2450 1261 ca-

861 1303 956 1364 dit,
988 1317 1087 1354 non
1130 1300 1399 1370 resurget?
1439 1311 1486 1354 et
1535 1301 1620 1370 qui
1670 1299 1842 1351 avertit
1885 1315 1970 1361 se,
2021 1315 2122 1352 non
2178 1308 2450 1352 revertetur

863 1388 1071 1459 (Jercm.
1100 1389 1152 1444 8.
1177 1391 1230 1461 ιι)
1250 1392 1273 1444 ?
1327 1389 1397 1446 Ut
1437 1403 1607 1458 neque
1667 1389 1710 1442 is
1753 1388 1842 1453 qui
1885 1398 1991 1443 stat
2035 1388 2298 1452 conlidat,
2353 1389 2448 1443 sed

862 1495 1077 1550 semper
1103 1481 1356 1536 certando
1392 1480 1676 1543 consistat;
1709 1495 1807 1534 nec
1853 1479 1940 1550 qui
1972 1479 2204 1546 decidit,
2254 1481 2448 1547 deSpe-

863 1583 965 1629 ret.
987 1573 1152 1629 Tanta
1179 1574 1319 1627 enim
1348 1573 1427 1626 vis
1456 1581 1572 1626 erat
1595 1572 1850 1642 magistri,
1873 1583 1928 1626 ut
1953 1573 2110 1626 etiam
2139 1573 2447 1626 meretrices

863 1673 918 1718 et
947 1663 1251 1731 publicanos
1279 1663 1612 1731 pertraheret
1645 1664 1709 1716 ad
1737 1664 2003 1733 propriam
2024 1663 2445 1731 obsequentiam.

933 1751 1074 1807 Deus
1102 1768 1202 1806 non
1240 1753 1532 1807 necessitate
1566 1755 1813 1822 pertraltit
1849 1755 1918 1805 ad
1954 1753 2139 1806 bonum
2172 1753 2442 1823 agendum.

861 1875 932 1886 —
975 1843 1112 1912 Quid
1155 1859 1321 1915 ergo,
1367 1845 1608 1914 inquies,
1653 1845 1742 1915 qui
1791 1846 2103 1901 meretrices
2149 1846 2442 1916 pertraxit,

863 1935 1180 2007 discipulum
1221 1951 1327 1991 non
1371 1938 1540 2006 potuit
1585 1936 1932 2006 pertrahere?
1971 1937 2142 1991 Etiam
2184 1937 2355 2007 potuit
2393 1946 2448 1990 et

863 2028 1178 2098 discipulum
1209 2027 1555 2097 pertrahere;
1584 2027 1677 2083 sed
1713 2029 1880 2083 noluit
1920 2028 2094 2098 ipsum
2130 2029 2446 2083 necessitate

861 2120 1036 2174 facere
1060 2119 1254 2174 bonum
1280 2160 1294 2184 ,
1326 2133 1498 2188 neque
1521 2119 1573 2172 vi
1602 2119 1752 2173 illum
1774 2119 1838 2174 ad
1861 2120 2091 2190 seipsum
2117 2119 2446 2188 pertrahere.

849 2208 986 2266 Ideo
1011 2209 1335 2281 evangelista
1363 2211 1515 2266 nobis
1541 2225 1604 2266 ea
1633 2223 1856 2265 narrans
1879 2251 1894 2275 ,
1925 2225 2043 2280 quae
2076 2211 2142 2264 ad
2182 2211 2446 2280 ingratum

863 2299 1178 2370 discipulum
1218 2301 1566 2370 spectabant,
1613 2300 1786 2356 dixit:
1831 2299 1974 2354 Tunc
2024 2301 2186 2368 abiit,
2231 2301 2284 2355 id
2325 2309 2447 2369 est,

863 2406 970 2446 non
998 2391 1066 2445 ab
1089 2391 1205 2446 aliis
1236 2400 1451 2446 vocatus
1473 2433 1488 2456 ,
1525 2406 1697 2462 neque
1735 2400 1952 2446 coaetus
1981 2392 2047 2446 ab
2084 2393 2190 2447 alio
2215 2434 2231 2459 ,
2274 2409 2450 2464 neque

861 2483 968 2536 alio
991 2495 1050 2537 se
1083 2481 1368 2548 hortante;
1414 2481 1508 2536 sed
1550 2491 1740 2553 suopte
1778 2491 1925 2538 motu
1963 2484 2030 2538 ad
2069 2483 2122 2539 id
2159 2499 2452 2541 conversus

851 2581 946 2629 est
967 2615 982 2640 ,
1014 2574 1301 2628 ostendens
1331 2588 1389 2629 se
1426 2588 1522 2628 sua
1551 2581 1740 2644 sponte
1773 2584 1829 2629 et
1867 2574 2085 2645 pr0prio
2124 2574 2343 2631 arbitrio
2383 2576 2451 2630 ad

865 2665 1102 2734 iniquum
1152 2663 1279 2719 illud
1323 2663 1532 2719 facinus
1601 2679 1954 2735 properasse,
2004 2665 2145 2720 nulla
2204 2675 2451 2721 movente

864 2771 1062 2823 causa;
1107 2757 1202 2813 sed
1239 2772 1270 2811 a
1315 2758 1549 2826 nequitia
1585 2758 1727 2812 intus
1774 2757 2095 2813 scaturiente
2134 2757 2202 2812 ad
2244 2757 2448 2812 Domini

867 2833 1203 2904 traditio’nem
1255 2850 1488 2918 seipsum
1537 2850 1760 2919 impulit.
1795 2849 1933 2904 Tunc
1987 2850 2158 2905 abiens
2209 2867 2338 2906 unus
2387 2851 2452 2905 de

863 2939 1149 2994 duodecim.
1175 2939 1290 2995 Non
1319 2955 1537 3009 parvum
1561 2942 1762 2996 crimen
1785 2941 1915 2996 illud
1946 2950 2029 2997 est
2057 2941 2196 3011 quod
2222 2941 2446 3006 dicatur,

869 3029 1014 3086 Unus
1031 3031 1093 3085 de
1113 3031 1397 3085 duodecim.
1428 3031 1560 3098 Quia
1587 3033 1728 3087 enim
1757 3041 1910 3088 erant
1929 3043 1984 3088 et
2007 3034 2094 3088 alii
2122 3034 2452 3106 septuaginta

867 3120 1155 3191 discipuli,
1187 3121 1309 3176 ideo
1337 3121 1508 3188 dixit,
1542 3122 1685 3178 Unus
1710 3123 1773 3178 de
1799 3125 2102 3190 duodecim;
2141 3125 2195 3181 id
2235 3135 2318 3182 est
2338 3167 2353 3190 ,
2385 3143 2450 3182 ex

865 3211 1080 3267 selectis
1103 3253 1118 3278 ,
1148 3212 1238 3282 qui
1267 3213 1502 3283 quotidie
1528 3229 1649 3268 cum
1676 3215 1767 3270 illo
1795 3215 2144 3272 versabantur
2165 3259 2180 3284 ,
2213 3218 2302 3287 qui
2334 3233 2450 3272 ina-

866 3319 971 3375 gna
1023 3306 1218 3362 fiducia
1261 3307 1590 3364 fruebantur.
1639 3309 1707 3366 Ut
1749 3310 1907 3380 igitur
1943 3310 2118 3366 discas
2160 3311 2336 3382 ipsum
2383 3327 2451 3368 ex

866 3399 1150 3470 praecipuis
1175 3400 1451 3471 discipulis
1480 3401 1680 3470 fuisse,
1727 3403 1840 3469 ait,
1885 3401 2028 3458 Unus
2057 3403 2120 3458 de
2161 3403 2448 3458 duodecim.

865 3485 1049 3558 Neque
1077 3488 1130 3544 id
1161 3499 1300 3545 tacet
1332 3492 1654 3562 evangelista
1681 3534 1695 3556 ,
1721 3502 1781 3546 ut
1810 3501 1864 3547 tu
1893 3494 2084 3549 credas
2108 3534 2122 3558 ,
2151 3494 2268 3548 haec
2290 3535 2305 3557 ,
2333 3509 2453 3564 qua}

865 3579 1114 3636 videntur
1139 3582 1396 3652 probrosa
1423 3597 1543 3637 esse
1567 3623 1584 3649 ,
1616 3583 1826 3638 Domini
1863 3599 1986 3655 erga
2013 3599 2111 3640 nos
2137 3585 2454 3640 sollicitudi-

867 3683 992 3726 nem
1037 3671 1324 3727 ostendere
1347 3712 1361 3736 ,
1398 3672 1540 3742 quod
1586 3672 1788 3729 scilicet
1821 3674 2143 3744 proditorem
2186 3683 2241 3731 et
2280 3675 2454 3732 furem

864 3770 946 3817 tot
981 3762 1134 3818 bonis
1169 3762 1450 3833 dignatus,
1494 3774 1548 3820 et
1585 3780 1752 3836 usque
1788 3765 1856 3820 ad
1895 3766 2134 3822 ultimam
2174 3782 2456 3837 vesperam

864 3855 1174 3912 cohortatus
1203 3857 1292 3912 sit.
1327 3856 1570 3912 Vidistin‘
1599 3859 1932 3914 meretricem
1957 3900 1972 3926 ,
2017 3875 2137 3930 qua:
2169 3859 2452 3929 abluerat,

866 3947 1092 4002 salutem
1125 3955 1336 4002 nactam
1368 3963 1487 4004 esse
1510 3989 1527 4015 ,
1558 3949 1876 4019 discipulum
1909 3965 2036 4005 vero
2063 3992 2078 4015 ,
2116 3952 2239 4020 quia
2275 3954 2456 4023 segnis

867 4035 1081 4102 fuerat,
1108 4035 1411 4092 decidisse?
1429 4037 1507 4093 Ne
1537 4038 1692 4109 igitur
1713 4039 1780 4094 de
1803 4049 1853 4094 te
1873 4039 2126 4108 desperes
2149 4081 2165 4107 ,
2193 4041 2260 4095 ad
2283 4057 2457 4098 mere-

867 4128 1058 4184 tricem
1079 4127 1400 4198 respiciens;
1429 4145 1602 4201 neque
1613 4129 1871 4198 confidas,
1895 4130 1961 4186 ad
1983 4131 2225 4202 discipuli
2252 4132 2455 4189 facinus

865 4219 1054 4275 oculos
1089 4230 1448 4277 convertens:
1483 4221 1642 4278 ambo
1679 4223 1823 4279 enim
1862 4223 2161 4294 perniciosa
2199 4234 2342 4280 sunt.
2370 4226 2452 4282 Ad

866 4311 1075 4381 lapsum
1101 4313 1244 4367 enim
1282 4313 1532 4384 proclivis
1575 4324 1658 4369 est
1691 4313 1902 4369 animus
1939 4325 2161 4383 noster,
2206 4317 2454 4373 volubilis

867 4403 1152 4457 voluntas:
1183 4405 1532 4474 quamobrem
1573 4403 1805 4474 undique
1838 4419 1936 4459 nos
1965 4407 2265 4463 muniamus
2293 4423 2454 4478 opor-

869 4502 967 4548 tet.
1001 4493 1142 4548 Tum:
1175 4495 1344 4549 abiens
1373 4512 1502 4549 unus
1535 4496 1599 4550 de
1635 4495 1898 4549 duodecim
1918 4536 1934 4563 ,
1965 4495 2130 4552 Judas
2158 4499 2446 4554 lscariotes.

872 4574 1062 4642 Viden‘
1085 4603 1152 4643 ex
1177 4598 1376 4658 quanto
1409 4589 1576 4644 choro
1617 4589 1856 4646 decidit?
1890 4590 2066 4646 viden‘
2100 4604 2294 4662 quanta
2333 4610 2451 4650 sese

870 4677 1149 4749 disciplina
1179 4679 1449 4750 privavit?
1475 4680 1648 4735 viden’
1671 4689 1924 4750 quantum
1957 4684 2026 4738 sit
2055 4683 2252 4738 malum
2278 4686 2453 4755 segni-

872 4769 1017 4825 ties?
1044 4769 1241 4835 ludas,
1275 4771 1486 4840 inquit,
1521 4769 1789 4826 Iscariotes
1812 4814 1827 4840 ,
1859 4773 1980 4843 quia
2007 4773 2144 4829 alius
2182 4784 2297 4829 erat
2335 4775 2458 4830 huic

871 4863 1202 4931 cognominis
1225 4903 1242 4931 ,
1272 4863 1360 4934 qui
1382 4863 1657 4920 dicebatur
1678 4864 1882 4920 Jacobi.
1911 4866 2094 4923 Viden‘
2114 4869 2456 4938 evangelistm

872 4953 1188 5023 sapientiam
1212 4995 1226 5018 ,
1260 4955 1349 5024 qui
1381 4955 1527 5009 illum
1555 4970 1657 5010 non
1683 4972 1712 5010 a
1737 4955 1971 5012 facinore
1993 4999 2010 5024 ,
2040 4959 2133 5014 sed
2162 4974 2190 5014 a
2217 4959 2336 5014 loco
2365 4974 2462 5013 no-

873 5054 984 5099 tum
1016 5043 1171 5100 nobis
1199 5043 1362 5110 facit,
1389 5046 1476 5114 qui
1503 5047 1661 5101 alium
1690 5064 1794 5102 non
1825 5064 1855 5103 a
1899 5050 2016 5106 loco
2039 5093 2054 5117 ,
2095 5051 2188 5106 sed
2221 5067 2250 5105 a
2294 5051 2460 5121 patris

875 5135 1089 5191 nomine
1128 5135 1555 5206 cognoscendum
1596 5139 1748 5192 nobis
1794 5141 2014 5208 praabet.
2061 5143 2220 5212 Atqui
2265 5158 2456 5198 conse-

873 5239 1101 5293 quenter
1125 5229 1350 5288 dixisset
1376 5229 1566 5286 Judam
1597 5231 1921 5300 proditorem
1946 5250 1960 5297 ;
1997 5245 2360 5292 verumtamen
2404 5246 2460 5292 ut

876 5335 975 5374 nos
999 5321 1214 5378 doceret
1243 5323 1476 5396 linguam
1500 5338 1717 5379 servare
1757 5339 1788 5378 a
1823 5325 2193 5382 criminatione
2233 5343 2455 5396 puram,

875 5431 902 5468 ει
935 5415 1222 5484 proditoris
1248 5418 1466 5472 nomine
1501 5417 1750 5473 abstinet.
1783 5418 2059 5474 Discamus
2090 5419 2247 5488 igitur
2284 5420 2461 5473 inimi-

874 5519 1060 5560 corum
1103 5505 1368 5560 neminem
1408 5523 1530 5563 cum
1574 5510 1818 5565 convicio
1856 5525 2174 5566 memorare.
2216 5508 2272 5565 Si
2317 5511 2458 5565 enim

877 5597 1063 5653 beatus
1090 5597 1176 5652 hic
1205 5597 1285 5652 vir
1308 5597 1632 5668 proditorem
1660 5602 1828 5657 noluit
1850 5602 2119 5658 criminari
2145 5643 2160 5668 ,
2201 5618 2321 5658 cum
2361 5605 2460 5660 hoc

879 5685 1113 5761 iniquum
1143 5687 1347 5745 facinus
1371 5698 1648 5746 enarraret
1669 5733 1684 5756 ,
1711 5693 1804 5748 sed
1833 5693 1934 5750 hoc
1955 5693 2170 5765 quidem
2199 5695 2399 5762 tacuit,
2426 5711 2457 5752 a

879 5783 994 5838 loco
1023 5795 1197 5842 autem
1233 5785 1376 5843 unde
1415 5785 1688 5858 prodierat
1729 5798 1911 5844 notum
1953 5789 2099 5845 illum
2151 5789 2314 5847 fecit:
2351 5807 2454 5864 qua

863 5872 1073 5933 erimus
1100 5879 1252 5938 venia
1276 5879 1419 5952 digni
1445 5921 1460 5950 ,
1490 5895 1608 5938 cum
1640 5881 1938 5953 proximum
1962 5883 2306 5943 criminantur
2331 5931 2344 5955 ,
2392 5903 2454 5944 ac

1583 451 1638 507 S.
1678 448 1956 508 JOANNIS
1993 451 2473 509 CllRYSOSTOMl
2513 450 2832 512 ARClllEP.
2873 457 3406 518 CONSTANTINOP.

4031 463 4136 518 ﬁt!

2557 576 2700 632 sa‘pe
2728 577 2832 617 non
2861 566 3033 622 solum
3061 569 3303 626 inimicos
3343 583 3463 624 cum
3506 571 3826 626 contumelia
3868 588 4136 629 memora-

2561 669 2677 708 mus
2700 696 2715 720 ,
2737 653 2830 709 sed
2849 656 3010 711 etiam
3039 674 3132 714 eos
3157 701 3172 727 ,
3197 661 3287 732 qui
3315 675 3438 732 erga
3464 673 3564 714 nos
3591 660 3728 715 bene
3757 660 3930 717 affecti
3955 665 4140 718 viden-

2562 754 2665 799 tur.
2694 744 2772 800 Ne
2796 787 2811 813 ,
2841 759 3022 814 qumso
3047 790 3062 814 ,
3096 749 3146 804 id
3186 766 3424 822 agamus.
3473 751 3526 807 Id
3569 759 3624 806 et
3661 751 3857 806 Paulus
3901 755 4145 824 pmcipit

2559 837 2742 893 dicens
2771 855 2782 890 :
2821 837 2996 891 Omnis
3025 855 3185 894 sermo
3229 844 3391 899 malus
3428 844 3491 898 de
3527 859 3613 899 ore
3647 851 3810 897 vestro
3839 859 3902 897 ne
3930 846 4141 912 prodeat

2563 928 2796 1000 (Ep/tes.
2833 930 2867 984 4
2893 971 2908 995 ,
2954 929 3087 996 29).
3138 930 3263 986 Ideo
3304 935 3372 989 ab
3411 934 3711 1006 hujusmodi
3754 933 3942 989 morbo
3985 934 4144 1005 plane

2563 1035 2726 1089 purus
2757 1021 2940 1077 beatus
2966 1021 3242 1076 Matthzcus
3269 1024 3480 1082 dicebat
3508 1044 3521 1080 :
3557 1026 3696 1081 Tunc
3721 1025 3894 1080 abiens
3922 1040 4054 1078 unus
4081 1025 4147 1078 de

2565 1111 2862 1176 duodecim,
2889 1113 2976 1180 qui
3001 1111 3258 1167 dicebatur
3275 1115 3442 1169 Judas
3462 1117 3731 1172 Iscariotes
3753 1157 3768 1181 ,
3795 1117 3862 1170 ad
3887 1116 4143 1186 principes

2561 1203 2878 1256 sacerdotum
2903 1204 3069 1267 dixit,
3111 1203 3246 1268 Quid
3276 1203 3426 1258 vultis
3474 1209 3596 1260 iui/ti
3631 1209 3774 1271 dare,
3801 1216 3846 1261 ct
3882 1222 3974 1277 ego
4013 1205 4150 1259 robis

2563 1293 2761 1345 tradant
2786 1309 2898 1345 eum
2922 1295 2947 1346 ?
2965 1293 3009 1347 0
3034 1293 3412 1348 exsecrandum
3439 1311 3621 1350 vocem
3646 1296 3662 1350 l
3684 1313 3716 1351 ο
3739 1298 3982 1352 insanum
4009 1296 4139 1350 faci-

2563 1398 2660 1436 nus
2686 1385 2698 1436 ε
2734 1385 2862 1436 Dtnn
2894 1385 3006 1438 hinc
3025 1386 3198 1454 cogito
3226 1426 3240 1451 ,
3269 1395 3441 1440 tremo
3464 1428 3479 1455 ,
3503 1389 3704 1443 dilecti.
3727 1389 4004 1458 Quomodo
4027 1387 4146 1442 talis

2565 1488 2667 1526 vox
2699 1489 2763 1528 ex
2795 1489 2887 1529 ore
2917 1477 3154 1530 exsiliit?
3193 1478 3459 1547 quomodo
3502 1480 3734 1549 linguam
3775 1483 3980 1536 movit?
4010 1495 4146 1550 quo-

2562 1565 2722 1620 modo
2747 1567 2924 1622 anima
2950 1583 2981 1622 a
3009 1583 3233 1638 corpore
3257 1584 3364 1624 non
3389 1570 3692 1625 abscessit?
3718 1573 3986 1641 quomodo
4009 1572 4147 1626 labis

2563 1673 2670 1712 non
2701 1658 3133 1729 obtorpuerunt?
3159 1661 3427 1732 quomodo
3457 1677 3563 1716 non
3592 1673 3773 1717 mente
3799 1665 4069 1719 excessit?

2631 1751 2685 1805 5.
2727 1751 2862 1816 Quid
2887 1754 3034 1808 vultis
3059 1755 3182 1808 milii
3206 1755 3348 1820 dare,
3372 1764 3418 1808 et
3434 1771 3524 1825 ego
3539 1755 3676 1809 vobis
3699 1756 3899 1808 tradam
3922 1772 4036 1808 eum
4053 1754 4147 1809 P—

2560 1839 2656 1896 Dic
2681 1841 2810 1896 mihi
2836 1884 2848 1908 ,
2876 1843 3013 1900 Juda
3033 1887 3048 1912 ,
3094 1845 3327 1902 haeccine
3361 1847 3614 1916 magister
3654 1854 3800 1901 tanto
3831 1856 4071 1915 tempore
4099 1856 4151 1900 te

2559 1932 2785 1989 docuit?
2815 1934 2957 1991 itane
2984 1936 3037 1990 in
3063 1936 3389 1992 oblivionem
3430 1936 3788 2007 frequentium
3828 1937 4150 1992 admonitio-

2557 2040 2687 2081 num
2719 2027 2910 2082 venisti
2934 2027 2958 2080 ?
2982 2043 3159 2082 nonne
3186 2027 3306 2083 ideo
3339 2028 3508 2094 dixit,
3561 2027 3737 2083 Nolite
3775 2028 4031 2098 possidere
4051 2043 4150 2080 au-

2561 2136 2676 2173 rum
2697 2160 2714 2184 ,
2745 2136 2905 2190 neque
2926 2129 3185 2191 argentum
3213 2121 3234 2189 (
3262 2119 3446 2174 Matth.
3471 2120 3575 2186 10,
3603 2119 3636 2174 9
3661 2122 3701 2189 ),
3733 2129 3792 2174 ut
3812 2120 3922 2190 jam
3968 2118 4092 2174 inde
4119 2135 4149 2172 a

2561 2212 2827 2282 principio
2855 2223 3003 2267 tuum
3033 2227 3157 2280 erga
3188 2212 3444 2281 pecunias
3473 2210 3704 2264 furorem
3734 2212 4152 2280 comprimeret?

2561 2320 2740 2362 nonne
2783 2305 3095 2359 hortabatur
3135 2305 3360 2358 dicens:
3410 2303 3472 2358 Si
3514 2305 3625 2373 quis
3670 2315 3718 2358 te
3759 2307 4058 2374 percusserit
4098 2307 4150 2358 iu

2563 2399 2826 2453 maxillam
2849 2399 3143 2460 dexteram,
3165 2406 3300 2450 certe
3325 2396 3403 2449 illi
3421 2405 3468 2450 et
3495 2397 3648 2449 aliam
3679 2395 3901 2468 (Matth.
3931 2397 3966 2452 5
3986 2438 4005 2464 ,
4028 2397 4152 2464 39)?

2569 2487 2676 2542 Cur
2693 2529 2710 2556 ,
2737 2503 2920 2558 quaeso
2942 2528 2960 2553 ,
3000 2488 3313 2558 magistrum
3339 2487 3565 2557 prodis?
3591 2503 3659 2543 an
3685 2490 3805 2559 quia
3837 2499 4152 2560 potestatem

2564 2577 2660 2632 tibi
2685 2577 2835 2633 dedit
2861 2577 3117 2633 adversus
3143 2577 3403 2632 daemonia
3429 2617 3445 2643 ,
3475 2578 3546 2632 ita
3566 2587 3626 2632 ut
3650 2578 3864 2634 morbos
3891 2593 4111 2634 curares
4133 2620 4150 2640 .

2559 2671 2802 2742 leprosos
2829 2670 3116 2726 mundares
3139 2712 3156 2737 ,
3185 2679 3241 2726 et
3267 2670 3368 2724 alia
3399 2671 3566 2726 multa
3597 2671 3850 2725 miracula
3877 2681 4146 2742 perpetra-

2560 2763 2696 2818 res?
2723 2777 2822 2832 pro
2849 2762 3002 2818 hisne
3027 2761 3300 2818 beneﬁciis
3326 2761 3440 2817 haec
3485 2762 3559 2816 illi
3596 2762 3814 2832 praemia
3860 2763 4153 2817 rctribuis?

2559 2852 2606 2910 0
2631 2851 2867 2909 furorem
2891 2893 2906 2919 ,
2937 2853 3044 2908 imo
3068 2857 3243 2923 potius
3267 2895 3283 2920 ,
3311 2854 3586 2908 avaritiam
3612 2855 3625 2908 !
3671 2853 3786 2908 haec
3826 2855 3970 2908 enim
4015 2856 4152 2908 mala

2563 2944 2738 2999 omnia
2766 2944 2986 2999 avaritia
3012 2945 3254 3014 peperit,
3281 2943 3428 2998 radix
3458 2943 3546 2998 illa
3572 2945 3834 2999 malorum
3859 2985 3874 3006 .
3901 2959 4021 3012 qua:
4041 2946 4148 2998 ani-

2565 3047 2679 3089 mas
2706 3043 2918 3089 nostras
2943 3033 3256 3088 obtenebrat
3279 3073 3295 3097 ,
3319 3048 3526 3088 necnon
3554 3033 3696 3102 ipsas
3725 3034 3869 3104 leges
3899 3043 4106 3088 natura:
4130 3075 4146 3098 ,

2561 3142 2680 3196 quae
2707 3125 2760 3182 id
2789 3127 2984 3193 efficit,
3019 3136 3076 3181 ut
3103 3134 3284 3181 mente
3305 3125 3621 3181 excedamus
3644 3166 3660 3192 ,
3689 3141 3862 3196 neque
3887 3127 4149 3196 permittit

2565 3225 2624 3272 ut
2650 3218 2737 3274 vel
2761 3217 3010 3274 amicitia:
3034 3257 3050 3284 ,
3095 3217 3180 3272 vel
3207 3217 3534 3288 cognationis
3557 3257 3573 3282 ,
3617 3217 3704 3272 vel
3728 3217 3946 3271 alterius
3974 3217 4151 3286 cujus-

2558 3309 2703 3379 piam
2746 3307 3091 3363 recordemur
3121 3325 3134 3362 :
3166 3307 3260 3363 sed
3291 3307 3456 3362 semel
3500 3320 3777 3362 excaecans
3797 3307 3980 3362 oculos
4000 3322 4154 3361 men-

2563 3399 2633 3453 tis
2661 3408 2860 3454 nostrzc
2879 3438 2895 3464 ,
2922 3413 3022 3452 nos
3053 3397 3107 3452 in
3135 3397 3368 3453 tenebris
3395 3397 3642 3453 incedere
3666 3395 3811 3452 facit.
3842 3397 3910 3451 Et
3946 3405 4006 3451 ut
4047 3396 4151 3452 boe

2568 3490 2714 3546 clare
2765 3490 2980 3554 discas,
3022 3488 3142 3544 vide
3183 3499 3380 3559 quanta
3420 3497 3547 3543 tunc
3595 3487 3817 3558 ejecerit
3859 3502 3926 3542 ex
3968 3487 4147 3542 anima

2563 3582 2734 3638 Judze.
2761 3580 3114 3651 Subingressa
3154 3579 3341 3634 isthmc
3366 3580 3590 3634 avaritia
3615 3619 3631 3646 ,
3672 3577 3935 3648 colloquia
3962 3618 3978 3642 ,
4023 3592 4152 3631 eon-

2564 3673 2898 3730 suetudinem
2924 3715 2938 3739 ,
2961 3673 3393 3728 communionem
3410 3712 3425 3735 ,
3453 3670 3747 3725 mirabilem
3779 3670 3920 3724 illam
3947 3668 4151 3722 doctri-

2565 3783 2724 3832 nam,
2751 3768 2926 3822 omnia
2952 3808 2968 3832 ,
3017 3767 3232 3836 inquam
3260 3806 3274 3830 ,
3320 3765 3407 3818 illa
3445 3764 3497 3818 in
3543 3763 3862 3816 oblivionem
3901 3760 4140 3814 adduxit.

2566 3858 2794 3914 Pulchre
2831 3856 3040 3912 dicebat
3081 3857 3296 3919 Paulus,
3339 3855 3511 3909 Radix
3541 3853 3763 3906 omnium
3794 3851 4044 3904 malorum
4079 3858 4152 3902 est

2563 3949 2775 4004 avaritia
2813 3950 2888 4020 (i.
2915 3947 3051 4002 Tim.
3072 3945 3266 4014 6,10).
3305 3944 3440 4010 Quid
3466 3943 3612 3996 vultis
3646 3941 3769 3994 mihi
3805 3940 3947 4001 dare,
3972 3949 4018 3992 et
4061 3954 4152 4008 ego

2561 4043 2694 4096 vobis
2736 4042 2934 4095 tradam
2981 4039 3146 4095 eum?
3189 4036 3412 4102 Tradis,
3451 4031 3626 4094 .luda,
3671 4047 3791 4086 eum
3837 4032 3930 4102 qui
3972 4031 4150 4086 omnia

2564 4136 2801 4191 continet
2827 4133 3035 4189 verbo?
3065 4129 3249 4184 vendis
3292 4125 3876 4196 incompreltensibilem
3902 4165 3916 4186 ,
3945 4131 3999 4177 et
4039 4124 4153 4193 Opi-

2563 4228 2718 4283 licem
2748 4225 2866 4280 caeli
2898 4232 2954 4278 et
2981 4232 3139 4275 terra:
3161 4259 3178 4286 ,
3208 4228 3505 4274 creatorem
3550 4223 3752 4270 natura:
3781 4224 3976 4268 nostra:
3999 4253 4015 4278 ,
4060 4213 4151 4282 qui

2564 4320 2729 4375 verbo
2757 4326 2812 4372 et
2839 4322 2972 4370 nutu
3010 4311 3186 4365 omnia
3229 4308 3549 4365 constituit?
3599 4307 3663 4363 Ut
3706 4307 3866 4376 igitur
3908 4303 4154 4360 ostendat

2563 4409 2705 4482 quod
2734 4407 2928 4462 lubens
2955 4403 3180 4458 traditus
3209 4403 3276 4456 sit
3301 4443 3316 4466 ,
3347 4401 3468 4456 audi
3497 4399 3624 4470 quid
3650 4397 3826 4452 faciat.
3869 4397 3993 4467 Ipso
4019 4410 4144 4466 pro—

2563 4497 2782 4554 ditionis
2809 4505 3050 4564 tempore
3073 4534 3087 4557 ,
3120 4491 3330 4562 quando
3361 4492 3670 4546 invaserunt
3712 4504 3834 4544 eum
3875 4503 3996 4542 cum
4039 4487 4124 4556 gla

2571 4590 2674 4645 diis
2704 4596 2758 4643 et
2787 4586 2941 4656 lignis
2963 4625 2978 4650 ,
3011 4583 3342 4654 lampadibus
3365 4592 3420 4638 et
3464 4580 3683 4636 laternis
3712 4577 3954 4632 instructi
3981 4619 3996 4643 ,
4023 4577 4153 4631 dicit

2565 4680 2644 4734 eis
2674 4697 2688 4733 :
2740 4678 2900 4742 Quem
2934 4676 3154 4746 qua’ritis
3198 4675 3215 4744 (
3244 4673 3401 4728 Joan.
3434 4672 3499 4727 18
3523 4713 3539 4737 ,
3571 4670 3604 4725 4
3636 4670 3692 4738 )?
3735 4668 3804 4722 Et
3839 4668 4154 4735 ignorabant

2572 4786 2693 4826 eum
2721 4809 2736 4834 ,
2780 4783 2934 4838 quem
2981 4768 3182 4837 capturi
3224 4775 3393 4821 erant.
3441 4765 3666 4819 Tantum
3711 4760 3896 4814 aberat
3932 4770 3990 4813 ut
4031 4776 4152 4814 eum

2569 4861 2797 4932 prodere
2840 4868 3058 4930 posset,
3087 4859 3175 4930 qui
3221 4875 3393 4928 neque
3431 4863 3750 4927 praesentem
3801 4867 3922 4907 eum
3969 4853 4153 4910 videre

2569 4963 2815 5026 poterat,
2845 4969 3003 5024 quem
3031 4952 3316 5008 traditurus
3355 4959 3511 5011 erat,
3562 4947 3661 5000 etsi
3707 4953 3784 4998 tot
3823 4943 4152 5014 lampadibus

2569 5046 2959 5116 luminibusque
2986 5046 3294 5101 instructus.
3317 5041 3468 5109 Quod
3495 5037 3637 5094 enim
3661 5036 3776 5090 hare
3797 5035 4151 5091 subindicaret

2566 5154 2688 5195 cum
2743 5137 2877 5193 dixit
2917 5153 3012 5194 eos
3051 5147 3106 5193 et
3148 5133 3422 5204 lampades
3473 5136 3528 5184 et
3570 5127 3802 5180 laternas
3856 5125 4105 5181 habuisse
4132 5168 4149 5190 ,

2568 5246 2742 5298 neque
2770 5232 2846 5286 sic
2873 5247 2990 5286 eum
3021 5227 3286 5284 invenisse
3311 5263 3326 5288 ,
3365 5221 3416 5276 id
3448 5218 3619 5274 innuit
3645 5233 3766 5273 cum
3794 5219 3904 5281 ait,
3937 5213 4003 5268 Et
4044 5215 4148 5268 Ju-

2567 5325 2660 5378 das
2689 5323 2849 5377 stabat
2873 5339 2984 5376 cum
3009 5321 3111 5374 illis
3136 5360 3150 5383 ,
3183 5320 3226 5371 is
3256 5316 3344 5381 qui
3370 5312 3575 5365 dixerat
3599 5347 3615 5373 ,
3645 5306 3759 5379 Ego
3784 5307 3918 5362 vobis
3945 5305 4146 5360 tradam

2566 5435 2698 5472 eum.
2731 5418 2926 5473 Eorum
2951 5416 3146 5485 quippe
3169 5416 3401 5464 mentem
3421 5403 3706 5460 excaecavit
3728 5443 3741 5466 ,
3773 5410 3828 5454 tit
3855 5401 4146 5469 potentiam

2567 5526 2713 5565 suam
2744 5508 3088 5568 ostenderet,
3113 5511 3167 5556 et
3197 5499 3269 5552 illi
3291 5496 3558 5551 discerent
3577 5508 3638 5548 ea
3665 5507 3726 5547 se.
3750 5489 3964 5560 aggredi
3988 5531 4003 5552 ,
4026 5506 4148 5560 qua:

2567 5605 2678 5660 ﬁeri
2711 5619 2814 5660 non
2844 5606 3083 5673 possent.
3129 5590 3330 5646 Deinde
3364 5587 3542 5642 audita
3579 5585 3694 5655 ejus
3731 5598 3861 5639 voce
3903 5582 4147 5640 abierunt

2565 5697 2737 5768 supini
2758 5736 2776 5764 ,
2806 5704 2860 5751 et
2884 5689 3188 5749 ceciderunt
3218 5682 3271 5737 in
3302 5691 3519 5736 terram.
3549 5676 3738 5731 Vidisti
3778 5673 4044 5744 quomodo
4074 5692 4143 5732 ne

2563 5805 2748 5846 vocem
2769 5786 2984 5858 quidem
3013 5781 3151 5835 ferre
3182 5782 3502 5846 potuerunt,
3531 5769 3624 5825 sed
3649 5769 3894 5839 prolapsu
3925 5769 4147 5827 infirmi.

2568 5896 2731 5943 latent
2771 5893 2922 5939 suam
2965 5866 3437 5931 demonstrarunt?
3489 5861 3623 5920 V’idc
3670 5861 3878 5919 Domini
3913 5861 4141 5919 clemeu»
