4432 6688
368 444 472 498 5δὸ

366 560 617 614 ἔσπευσε.
645 562 885 633 Κάκείνη
931 566 1029 635 μὲν
1067 564 1159 617 ἀπ’
1204 560 1367 615 αὐτοῦ
1408 560 1502 613 τοῦ
1545 560 1815 633 πυθμένος
1846 564 1943 632 τῆς

365 644 561 708 κακίας
585 647 663 710 είς
687 644 848 702 αὐτὸν
873 649 964 701 τὸν
992 645 1219 717 οὐρανὸν
1249 643 1478 713 ἀνῆλθεν
1496 662 1510 677 ο
1540 637 1693 709 οὗτος
1715 646 1772 699 δὲ
1806 648 1944 716 μετά

367 727 536 799 μυρία
582 729 837 802 θαύματα
879 730 972 784 καὶ
1007 730 1226 799 σημεῖα,
1258 732 1394 796 μετὰ
1433 728 1531 799 τὴν
1568 730 1832 799 τοσαύτην
1864 730 1943 781 δι-

364 811 677 875 δασκαλίαν,
704 814 841 883 μετά
871 814 968 882 τήν
998 812 1201 878 ἄφατον
1234 812 1660 877 συγκατάϐασιν,
1682 813 1761 873 εἰς
1784 811 1943 863 αὐτὸν

363 896 455 948 τὸν
489 897 735 968 πυθμένα
766 898 873 950 τῶν
904 894 1188 964 ταρτάρων
1218 898 1506 949 κατέπεσε.
1540 894 1803 947 Τοσοῦτόν
1832 893 1942 943 ἐστι

367 979 608 1049 ῥᾳθυμία
648 980 814 1033 κακὸν
863 977 956 1029 καὶ
998 974 1143 1046 [589]
1198 979 1509 1050 προαίρεσις
1550 975 1939 1045 διεφθαρμένη.

363 1062 456 1114 Διὸ
491 1063 584 1115 καὶ
624 1061 833 1123 Παῦλος
884 1058 1096 1125 ἔλεγεν·
1140 1059 1201 1111 '0
1242 1058 1435 1113 δοκῶν
1479 1058 1750 1121 ἑστάναι,
1791 1058 1939 1120 ,βλε-

364 1147 519 1199 πέτω
544 1147 623 1215 μὴ
650 1145 809 1212 πέσῃ
830 1162 844 1174 ·
876 1144 969 1197 καὶ
998 1145 1025 1195 6
1061 1145 1344 1216 προφήτης
1380 1147 1547 1199 πάλαι
1590 1145 1748 1199 ὲϐόα’
1780 1144 1874 1210 Μή
1910 1148 1943 1197 ό

364 1230 598 1281 πίπτων
639 1229 748 1281 οὐκ
795 1226 1150 1291 ἀνίσταται;
1206 1228 1245 1295 ἣ
1299 1232 1331 1281 ό
1385 1227 1779 1296 ἀποστρέφων
1830 1229 1941 1280 οὐκ

360 1310 742 1377 ἐπιστρέφευ
775 1309 862 1362 ἵνα
897 1315 1032 1379 μήτε
1072 1311 1100 1363 6
1148 1310 1319 1375 ἑστὼς
1341 1311 1538 1383 θαρρῇ,
1570 1312 1683 1365 ἀλλ’
1731 1310 1938 1377 ἐναγώο

362 1388 530 1462 νιος
559 1390 840 1461 διηνεκῶς,
872 1393 1009 1462 μήτε
1048 1394 1077 1444 6
1111 1394 1435 1447 καταπεσὼν
1466 1393 1687 1462 ἀπογνῷ
1722 1391 1938 1444 ἐαυτοῦ.

362 1473 608 1542 Τοσαύτη
631 1473 739 1543 γάρ
763 1475 796 1543 ή
834 1474 1059 1545 δύναμις
1089 1476 1181 1529 τοῦ
1212 1476 1552 1537 διδασκάλου,
1578 1476 1653 1537 ὡς
1679 1474 1774 1526 καὶ
1804 1472 1939 1541 πόρ-

362 1571 458 1617 νας
480 1558 569 1610 καὶ
596 1556 831 1620 τελώνας
859 1559 1263 1613 ἐπισπάσασθαι
1292 1559 1428 1628 πρὸς
1450 1559 1548 1627 τὴν
1576 1554 1782 1609 οἰκείαν
1812 1555 1944 1607 ὐπο-

360 1641 534 1707 ταγήν

432 1756 496 1807 Τί
517 1752 608 1810 οὖν
636 1774 835 1829 φησιν;
876 1760 933 1813 Ὀ
966 1762 1168 1830 πόρνας
1197 1758 1666 1827 ἐπισπασάμενος,
1689 1758 1940 1829 μαθητὴν

358 1838 460 1890 οὐκ
498 1838 712 1909 ἴσχυσεν
748 1841 1196 1905 ἐπισπάσασθαι;
1239 1841 1368 1904 Ναὶ,
1414 1838 1598 1910 ἴσχυεν
1628 1842 1939 1893 ἐπισπάσα-

363 1922 486 1975 σθαι
536 1923 631 1976 καλ⁵
680 1924 769 1975 τὸν
823 1923 1113 1994 μαθητήν⁸
1167 1924 1281 1976 ἀλλ’
1334 1924 1435 1977 οὐκ
1468 1923 1722 1976 ἐϐούλετο
1778 1925 1938 1976 αὐτὸν

360 2005 575 2075 ἀνάγκη
603 2005 826 2074 ποιῆσαι
867 2006 1051 2069 καλὸν,
1086 2006 1204 2059 οὐδέ
1244 2005 1335 2077 βίᾳ
1361 2006 1588 2061 ἑλκύσαι
1616 2006 1779 2059 αὐτὸν
1805 2006 1941 2077 πρὸς

361 2087 572 2139 ἑαυτόν.
606 2087 705 2139 Διά
729 2086 886 2141 τοῦτο
924 2090 953 2142 6
984 2089 1376 2160 εύαγγελιστής
1406 2089 1762 2161 διηγούμενος
1808 2092 1940 2161 ἡμῖν

360 2170 427 2222 τά
462 2171 603 2223 κατὰ
647 2170 741 2223 τὸν
794 2172 1044 2243 μαθητὴν
1088 2173 1177 2226 τὸν
1206 2172 1501 2243 ἀγνώμονα
1547 2175 1735 2243 ἔλεγε·
1796 2174 1939 2228 Τότε

361 2254 690 2321 πορευθεὶς,
734 2258 1032 2321 τουτέστιν,
1067 2259 1166 2328 οὐχ
1199 2258 1289 2329 ὐφ’
1311 2260 1513 2329 ἐτέρων
1545 2258 1785 2328 κληθεὶς,
1812 2258 1934 2311 οὔτε

362 2336 604 2407 βιασθεὶς
636 2340 765 2411 παρ’
782 2341 964 2408 ἄλλου,
991 2342 1113 2395 οὐδὲ
1144 2342 1273 2413 παρ’
1308 2343 1494 2413 ἐτέρου
1525 2342 1815 2412 δεξάμενος
1837 2344 1936 2414 τὴν

361 2423 710 2493 προτροπὴν,
767 2424 885 2477 ἀλλ’
949 2424 1161 2478 οἴκοθεν
1242 2426 1561 2495 κινούμενος
1625 2428 1718 2478 ἐπὶ
1779 2426 1938 2479 τοῦτο

361 2504 596 2573 ἐτράπη,
623 2505 835 2569 δεικνὺς
856 2508 937 2559 ὅτι
966 2509 1306 2577 αὐτομάτως,
1348 2508 1442 2559 καὶ
1471 2507 1529 2570 ἐξ
1554 2507 1761 2569 οἰκείας
1794 2507 1937 2575 γνώ-

364 2602 470 2654 μης
516 2588 607 2638 ἐπὶ
636 2586 695 2638 τὸ
740 2588 1055 2658 παράνομον
1104 2588 1261 2641 τοῦτο
1286 2588 1543 2658 τόλμημα
1571 2589 1851 2659 ῶρμησεν,
1879 2588 1937 2655 ἐξ

359 2667 613 2736 οὐδεμιᾶς
636 2669 815 2732 αἰτίας
836 2672 1175 2740 κινούμενος,
1204 2671 1438 2724 ἀλλ’ὐπὸ
1452 2672 1552 2741 τῆς
1584 2672 1830 2742 πηγαζού
1842 2688 1936 2742 σης

359 2748 570 2801 ἔνδοθεν
604 2752 801 2813 κακίας
828 2753 919 2803 ἐπὶ
950 2754 1049 2822 τήν
1072 2752 1361 2823 προδοσίαν
1388 2751 1483 2805 τοῦ
1514 2754 1784 2806 Δεσπότου
1815 2756 1937 2807 ἐαυ-

360 2830 449 2883 τὸν
487 2831 705 2902 ὠθήσας
725 2850 738 2862 ·
779 2834 919 2886 Τότε
956 2835 1266 2901 πορευθεὶς
1291 2833 1377 2901 εἵς
1402 2833 1519 2888 τῶν
1549 2835 1795 2888 δώδεκα.
1826 2836 1936 2888 Καὶ

359 2914 513 2966 τοῦτο
542 2916 601 2966 οὐ
624 2916 818 2985 μικρὸν
849 2916 1100 2987 ἔγκλημα
1116 2918 1177 2970 τὸ
1205 2920 1399 2983 εἰπεῖν,
1420 2913 1524 2983 Εἷς
1539 2918 1657 2971 τῶν
1684 2917 1931 2971 δώδεκα.

374 2996 589 3067 Ἐπειδὴ
622 2997 730 3067 γάρ
756 2993 897 3068 ἦσαν
924 3000 1019 3052 καὶ
1049 2999 1228 3071 ἐτεροι
1258 3001 1627 3070 ἐϐδομήκοντα
1669 3001 1931 3071 μαθηταὶ,

357 3076 447 3130 διὰ
476 3078 631 3131 τοῦτο
662 3077 833 3145 εἶπεν,
895 3076 999 3147 Εἷς
1050 3081 1167 3135 τῶν
1212 3081 1462 3147 δώδεκα,
1515 3082 1783 3144 τουτέστι,
1823 3081 1934 3135 τῶν

359 3161 647 3231 ἐγκρίτων,
677 3163 786 3215 τῶν
812 3164 906 3216 καὶ
940 3164 1060 3218 καθ’
1087 3166 1323 3235 ἑκάστην
1377 3164 1528 3234 αὐτῷ
1569 3181 1931 3235 συναναστρε-

360 3246 633 3316 φομένων,
661 3246 769 3299 τῶν
801 3248 1003 3318 πολλῆς
1035 3248 1414 3302 ἀπολαυόντων
1454 3249 1554 3319 τῆς
1598 3250 1931 3319 παρρησίας.

360 3326 478 3380 Ἵνα
504 3324 594 3381 οὖν
624 3329 800 3403 μάθῃς
831 3332 911 3383 ὃτι
940 3331 1187 3402 μαθητής
1218 3327 1285 3401 ἦν
1314 3329 1422 3384 τῶν
1454 3330 1714 3400 δοκίμων,
1747 3331 1930 3400 φησίν·

355 3405 458 3476 Εἷς
486 3410 603 3464 τῶν
628 3412 877 3467 δώδεκα.
919 3416 1029 3466 Καὶ
1050 3415 1110 3466 οὐ
1140 3415 1469 3484 παρασιωπᾷ
1504 3414 1676 3466 ταῦτα
1708 3416 1931 3484 γράφων

355 3496 385 3547 6
400 3495 810 3566 εὐαγγελιστής,
830 3496 913 3548 ἵνα
936 3498 999 3548 σὺ
1029 3496 1271 3559 πεισθεὶς
1297 3498 1379 3548 ότι
1401 3496 1573 3548 ταῦτα
1588 3497 1657 3549 τὰ
1674 3495 1935 3549 δοκοῦντα

357 3579 694 3631 ἐπονείδιστα
744 3577 883 3632 εἶναι
939 3579 1176 3634 δείκνυσι
1212 3580 1306 3633 τοῦ
1342 3581 1611 3634 Δεσπότου
1661 3582 1761 3650 τὴν
1796 3581 1933 3651 πρὸς

356 3664 502 3733 ἡμᾶς
550 3662 890 3733 κηδεμονίαν,
940 3663 1020 3715 ὅτι
1070 3663 1162 3715 τὸν
1214 3664 1501 3734 προδότην,
1550 3664 1646 3716 τὸν
1693 3664 1932 3733 κλέπτην

356 3746 625 3797 τοσούτων
660 3746 889 3815 ἠξίωσεν
938 3745 1183 3813 ἀγαθῶν,
1234 3748 1329 3799 καὶ
1373 3747 1537 3818 μέχρι
1566 3748 1665 3816 τῆς
1694 3748 1931 3817 ἐσχάτης

356 3829 595 3900 ἑσπέρας
645 3830 894 3901 παρῄνει.
920 3824 1075 3892 Εἶδες
1121 3831 1239 3893 πῶς
1283 3832 1316 3900 ή
1364 3833 1538 3901 πόρνη
1576 3832 1674 3900 μὲν
1717 3832 1929 3901 ἐσώθη,

356 3914 547 3985 ἐπειδὴ
576 3914 754 3983 ἔνιψεν
776 3931 790 3943 ·
824 3916 852 3966 6
902 3914 1148 3984 μαθητὴς
1187 3915 1242 3967 δὲ
1276 3916 1599 3985 ρᾳθυμήσας
1628 3914 1926 3980 κατέπεσε;

357 3998 447 4066 Μὴ
470 3998 645 4048 τοίνυν
677 3996 931 4065 ἀπογνῴς
957 3997 1148 4048 ἐαυτοῦ
1172 3999 1306 4067 πρὸς
1337 3998 1431 4066 τὴν
1462 3998 1666 4067 πόρνην
1688 3996 1928 4064 ἀφορῶν,

362 4082 497 4153 μηδὲ
534 4080 814 4151 θαρσήσῃς
850 4078 1011 4132 πάλιν
1040 4079 1177 4148 πρὸς
1206 4083 1304 4149 τήν
1333 4080 1427 4132 τοῦ
1462 4079 1703 4151 μαθητοῦ
1726 4081 1930 4150 τόλμαν

354 4162 589 4217 ἀπιδών·
619 4164 902 4234 ἀμφότερα
930 4162 1037 4235 γάρ
1063 4162 1302 4233 ὀλέθρια.
1340 4164 1629 4228 Εὐόλισθος
1647 4165 1754 4235 γὰρ
1775 4164 1931 4234 ήμῶν

354 4250 389 4316 ή
420 4248 633 4317 γνώμη,
660 4248 1083 4318 εὐπερίτρεπτος
1124 4249 1155 4316 ἡ
1190 4250 1510 4320 προαίρεσις
1531 4266 1543 4277 ⁸
1567 4250 1646 4303 διὸ
1671 4249 1931 4305 πάντοθεν

356 4330 748 4399 ἀσφαλίςεσθαι
788 4331 916 4400 χρή.
960 4331 1093 4382 Τότε
1140 4333 1451 4399 πορευθεὶς
1480 4328 1569 4399 εἷς
1611 4333 1727 4386 τῶν
1757 4332 1932 4385 δώδε-

357 4430 455 4477 κα,
509 4412 735 4478 Ἰούδας
778 4416 810 4465 ό
853 4411 1245 4479 Ἰσκαριώτης.
1281 4415 1444 4487 Ὁρᾷς
1476 4417 1628 4469 ποίου
1655 4416 1811 4487 χοροῦ
1842 4416 1930 4479 ἐξ·

359 4498 588 4559 ἑπεσεν;
638 4498 770 4567 ὁρᾷς
810 4496 968 4558 ποίας
1000 4495 1345 4561 διδασκαλίας
1379 4501 1570 4553 ἐαυτὸν
1595 4502 1885 4571 ἐστέρησεν
1913 4517 1927 4564 ;

357 4583 489 4653 ὁρᾷς
542 4582 703 4634 πόσον
760 4581 926 4633 κακὸν
976 4582 1008 4650 ή
1059 4580 1335 4652 ῥᾳθυμία,
1402 4585 1631 4648 Ἰούδας,
1672 4587 1862 4655 φησιν,
1903 4586 1932 4635 6

372 4666 739 4737 Ἰσκαριώτης,
779 4666 966 4737 ἐπειδὴ
1018 4666 1201 4735 ἕτερος
1250 4664 1317 4739 ἦν
1367 4671 1541 4741 τούτῳ
1582 4668 1866 4739 ὁμώνυμος
1902 4670 1932 4720 6

356 4752 646 4822 λεγόμενος
688 4752 964 4804 Ἰακώϐου.
1019 4752 1180 4823 Ὁρᾷς
1234 4755 1327 4806 τοῦ
1387 4754 1775 4823 εὐαγγελιστοῦ
1831 4753 1931 4823 τήν

359 4837 574 4904 σοφίαν,
607 4838 690 4888 ὅτι
720 4837 819 4889 οὐκ
851 4837 959 4890 ἀπὸ
990 4838 1083 4891 τοῦ
1118 4839 1491 4911 τολμήματος,
1536 4840 1649 4893 ἀλλ’
1689 4841 1795 4892 άπδ
1837 4840 1930 4893 τοῦ

356 4922 545 4985 τόπου,
570 4920 725 4989 δῆλον
768 4922 899 4989 ήμῖν
927 4922 1089 4975 αὐτὸν
1126 4927 1287 4987 ποιεῖ,
1319 4927 1525 4977 ἐκεῖνον
1552 4925 1649 4975 οὐκ
1680 4923 1788 4975 ἀπὸ
1833 4922 1928 4976 τοῦ

355 5006 544 5065 τόπου,
577 5004 689 5057 ἀλλ’
722 5005 830 5057 ἀπὸ
856 5005 958 5075 τῆς
990 5010 1386 5080 πατρωνυμίας
1428 5007 1697 5078 γνώριμον
1726 5007 1929 5073 ποιῶν;

356 5095 551 5148 Καίτοι
606 5107 668 5158 γε
717 5090 1008 5145 ἀκόλουθον
1055 5091 1123 5165 ἧν
1177 5096 1368 5161 εἰπεῖν,
1428 5094 1621 5147 Ἰούδαν
1670 5092 1761 5145 τὸν
1795 5110 1930 5164 προ-

356 5181 515 5249 δότην
536 5195 550 5211 ·
583 5176 697 5229 ἀλλ’
740 5176 826 5228 ἵνα
861 5180 1007 5247 ἡμᾶς
1046 5182 1308 5254 παιδεύσῃ
1355 5180 1598 5250 καθαράν
1632 5179 1773 5249 ἔχειν
1804 5198 1932 5233 κατ-

358 5262 586 5334 ηγορίας
638 5258 737 5329 τήν
794 5259 1089 5327 γλῶσσαν,
1143 5266 1238 5317 καὶ
1294 5265 1425 5318 αὐτὸ
1480 5264 1540 5315 τὸ
1586 5265 1760 5315 εἰπεῖν
1803 5282 1933 5334 προ-

359 5348 511 5402 δότου
573 5345 829 5416 φείδεται.
890 5346 1279 5419 Παιδευώμεθα
1331 5349 1508 5402 τοίνυν
1568 5349 1769 5419 μηδένα
1825 5352 1933 5405 τῶν

360 5432 571 5505 ἐχθρῶν
631 5429 815 5493 κακῶς
871 5431 1199 5500 μεμνῆσθαι.
1271 5434 1333 5486 EE
1392 5432 1499 5503 γάρ
1568 5433 1597 5484 6
1665 5435 1931 5505 μακάριος

358 5513 512 5580 οἰτος
546 5515 640 5570 τοῦ
693 5513 949 5585 προδότου
981 5514 1083 5567 οὐκ
1136 5517 1394 5586 ἠνέσχετο
1428 5520 1831 5588 κατηγορῆσαι,
1876 5523 1936 5573 τὸ

363 5605 677 5674 παράνομον
724 5598 882 5653 τοῦτο
913 5598 1169 5670 τόλμημα
1201 5600 1575 5672 διηγούμενος,
1630 5603 1787 5657 τοῦτο
1837 5608 1936 5675 μὲν

362 5686 764 5757 ἀπεσιώπησεν,
789 5682 895 5739 ἀπὸ
918 5682 974 5737 δὲ
1010 5683 1101 5736 τοῦ
1133 5684 1320 5752 τόπου,
1357 5688 1475 5741 ὅθεν
1499 5687 1739 5759 ὥρμητο,
1778 5690 1936 5761 δῆλον

362 5772 522 5823 αὑτὸν
558 5774 725 5823 ποιεῖ·
763 5771 920 5833 ποίας
950 5768 1015 5823 ἂν
1046 5768 1236 5841 εἴημεν
1258 5776 1416 5843 ἡμεῖς
1442 5775 1580 5841 ἄξιοι
1610 5780 1937 5847 συγγνώμης

363 5854 487 5918 τοὺς
520 5856 739 5928 πλησίον
770 5854 1203 5929 κακηγοροῦντες
1225 5874 1237 5924 ,
1262 5860 1369 5914 Καὶ
1398 5860 1654 5925 πολλάκις
1683 5860 1741 5914 οὐ
1774 5860 1932 5932 μόνον

1419 443 1507 498 DE
1546 443 1962 501 PRODITIONE
2002 447 2218 505 JUDIE.
2265 449 2497 505 HOMIL.
2538 450 2603 503 ll.

3519 458 3624 512 ὅθί)

2058 563 2209 635 Ῐ590]
2243 564 2349 618 τῶν
2376 564 2586 635 ἐχθρῶν
2624 564 2945 635 μεμνήμεθα
2971 564 3087 633 μεθ’
3126 564 3355 635 ὐερεως,
3378 566 3512 620 ἀλλὰ
3538 568 3627 620 καὶ

2054 648 2162 699 τῶν
2187 646 2485 702 δοκούντων
2516 649 2650 719 πρὸς
2677 650 2825 717 ἡμᾶς
2863 647 3005 716 ἔχειν
3022 649 3278 702 διάθεσιν.
3307 650 3418 720 Μὴ,
3449 668 3627 721 παρα-

2057 728 2227 781 καλῶ.
2259 729 2427 783 Τοῦτο
2443 732 2534 784 καὶ
2552 730 2763 793 Παῦλος
2792 733 3043 801 παραινεῖ
3072 731 3241 800 λέγων
3262 749 3274 762 ⁸
3299 732 3425 799 Πᾶς
3446 735 3629 802 λόγος

2054 812 2287 877 σαπρὸς
2318 814 2385 867 ἐκ
2411 816 2514 869 τοῦ
2547 818 2845 884 στόματος
2872 813 3036 883 ὑμῶν
3060 816 3144 882 μὴ
3192 818 3626 884 ἐκπορευέσθω.

2054 895 2149 946 Διὰ
2205 894 2362 947 τοῦτο
2416 899 2615 959 παντὸς
2672 898 2914 951 τοιούτου
2976 897 3182 960 πάθους
3236 900 3554 971 καθαρεύων
3598 904 3628 955 6

2057 977 2323 1046 μακάριος
2348 979 2623 1042 Ματθαῖος
2649 980 2831 1048 ἐλεγε⁶
2876 983 3013 1035 Τότε
3044 983 3356 1048 πορευθεὶς
3389 979 3473 1048 εἷς
3507 983 3626 1036 τῶν

2052 1058 2297 1123 δώδεκα,
2328 1063 2359 1113 ό
2384 1064 2704 1130 λεγόμενος
2744 1065 2970 1130 Ἰούδας
2994 1068 3025 1118 ό
3058 1063 3455 1132 Ἰσκαριώτης,
3477 1068 3625 1133 πρὸς

2051 1142 2193 1208 τοὺς
2230 1143 2524 1213 ἀρχιερεῖς
2554 1141 2703 1198 εἷπε·
2741 1148 2799 1197 Τί
2828 1147 3027 1201 θέλετέ
3063 1166 3164 1217 μοι
3204 1147 3434 1209 δοῦναι,
3465 1150 3624 1218 κάγὼ

2050 1226 2192 1294 ὑμῖν
2239 1227 2571 1296 παραδώσω
2630 1228 2849 1291 αὐτόν;
2910 1231 2973 1281 Ὢ
3037 1234 3235 1302 μιαρᾶς
3302 1232 3525 1301 φωνῆςί
3580 1232 3626 1285 ὦ

2048 1309 2255 1378 τόλμης
2291 1312 2474 1365 ἄνοιαί
2507 1312 2910 1383 ἐνθυμούμενος
2931 1314 3139 1383 τρέμω,
3170 1317 3470 1387 ἀγαπητοὶ,
3507 1316 3624 1378 πῶς

2050 1390 2347 1461 ἐξεπήδησε
2394 1394 2489 1447 τοῦ
2533 1396 2799 1465 στόματος
2828 1399 2861 1467 ή
2893 1397 3063 1465 φωνή,
3103 1397 3223 1459 πῶς
3254 1399 3350 1467 τήν
3380 1396 3624 1465 γλῶτταν

2050 1474 2289 1543 ἐκίνησε,
2328 1475 2444 1539 πῶς
2478 1478 2577 1530 οὐκ
2613 1481 2822 1549 ἀπέστη
2855 1479 2949 1532 τοῦ
2975 1480 3224 1551 σώματος
3257 1483 3289 1550 ή
3330 1480 3625 1551 ψυχή,πῶς

2050 1559 2150 1610 οὐκ
2198 1560 2510 1632 ἐνάρκησαν
2555 1563 2624 1617 τά
2656 1564 2828 1633 χείλη,
2858 1565 2974 1628 πῶς
3020 1566 3120 1618 οὐκ
3168 1564 3360 1635 ἐξέστη
3410 1568 3476 1635 τῇ
3512 1566 3627 1619 δια-

2050 1642 2186 1697 νοία.

2118 1798 2188 1865 γ’.
2230 1800 2290 1851 Τί
2318 1799 2519 1855 θέλετέ
2532 1819 2633 1870 μοι
2664 1801 2895 1866 δοῦναι,
2936 1803 3096 1872 κάγὼ
3122 1804 3262 1872 ὑμῖν
3296 1805 3623 1872 παραδώσω

2047 1881 2269 1943 αὺτόν;
2296 1882 2428 1935 Εἰπέ
2464 1900 2576 1953 μοι,
2616 1884 2805 1949 Ἰούδα,
2835 1884 3012 1938 ταῦτά
3036 1903 3114 1938 σοι
3144 1887 3461 1939 ἐπαίδευσεν
3487 1888 3515 1938 6
3546 1886 3625 1938 δι-

2049 1962 2312 2027 δάσκαλος
2352 1966 2409 2017 ἐν
2449 1967 2685 2037 τοσούτῳ
2720 1970 2934 2039 χρόνῳς
2981 1969 3124 2022 οὕτω
3166 1968 3335 2039 λήθην
3382 1970 3626 2037 ἐποιήσω

2048 2044 2156 2097 τῶν
2186 2046 2425 2115 συνεχῶν
2450 2051 2823 2118 παραινέσεων
2849 2069 2863 2115 ;
2895 2054 2956 2104 οὐ
2991 2052 3079 2106 διά
3102 2053 3259 2105 τοῦτο
3293 2052 3441 2120 ἔλεγε
3463 2094 3478 2117 ,
3526 2052 3623 2119 Μὴ

2048 2126 2360 2195 κτήσησθε
2383 2131 2637 2197 χρυσὸν,
2662 2132 2814 2200 μήτε
2840 2134 3119 2202 ἄργυρον,
3152 2134 3357 2187 ἀνωθεν
3389 2150 3627 2204 προανα-

2049 2211 2282 2265 στέλλων
2311 2229 2403 2265 σου
2432 2213 2531 2283 τῆς
2580 2214 2707 2284 περὶ
2736 2215 2803 2268 τά
2830 2217 3082 2285 χρήματα
3106 2217 3298 2286 μανίας
3321 2216 3419 2286 τὴν
3460 2219 3626 2287 ὐπερ-

2046 2293 2235 2364 ϐολήν;
2270 2296 2331 2348 οὐ
2361 2297 2589 2369 παρῄνει
2624 2297 2816 2362 λέγων,
2866 2296 3007 2351 Ἐάν
3038 2300 3130 2364 τίς
3159 2313 3233 2351 σε
3264 2300 3500 2366 ραπίσῃ
3539 2302 3623 2363 εἰς

2045 2376 2160 2443 τὴν
2206 2376 2415 2441 δεξιὰν
2471 2381 2760 2449 σιαγόνα,
2810 2380 3081 2449 στρέψον
3138 2380 3299 2445 αὐτῷ
3357 2383 3452 2435 καὶ
3512 2382 3626 2448 τὴν

2045 2459 2278 2527 (illum
2312 2462 2354 2513 Τ
2362 2461 2467 2525 ίνος
2504 2463 2712 2528 ἕνεκεν,
2762 2465 2883 2517 εἰπέ
2925 2482 3034 2533 μοι,
3076 2464 3386 2533 παραδίδως
3424 2465 3513 2516 τὸν
3548 2466 3624 2517 δι-

2044 2538 2347 2607 δάσκαλονς
2373 2544 2574 2613 ὃτιτὴν
2620 2544 2763 2597 κατά
2788 2544 2897 2597 τῶν
2927 2545 3194 2612 δαιμόνων
3238 2542 3487 2609 ἐξουσίαν
3540 2562 3624 2599 σοι

2048 2622 2384 2693 παρέδωκεν,
2415 2626 2490 2689 ὡς
2514 2628 2607 2679 καὶ
2622 2629 2903 2697 νοσήματα
2928 2626 3625 2698 θεραπεύειν,καὶλεπρούς

2046 2704 2351 2775 καθαίρειν,
2373 2710 2467 2761 καὶ
2490 2707 2654 2777 ἕτερα
2678 2708 2846 2761 πολλά
2874 2709 3099 2762 τοιαῦτα
3139 2708 3395 2779 θαύματα
3423 2712 3623 2762 ἐπιδεί-

2045 2787 2309 2850 κνυσθαις
2376 2791 2498 2843 ἀντὶ
2542 2786 2635 2844 οὖν
2665 2791 2775 2845 τῶν
2818 2792 3148 2861 εὐεργεσιῶν
3176 2793 3382 2845 τούτων
3426 2794 3624 2856 ταύτας

2042 2870 2191 2939 αὐτῷ
2224 2871 2489 2934 ἀποδίδως
2516 2870 2615 2935 τάς
2644 2872 2913 2941 ἀμοιϐάς;
2954 2876 3017 2926 Ὠ
3046 2874 3145 2943 τῆς
3169 2876 3382 2943 μανίας,
3421 2876 3621 2945 μᾶλλον

2040 2952 2098 3004 δὲ
2127 2953 2225 3023 τῆς
2256 2952 2652 3023 φιλαργυρίαςί
2683 2954 2867 3007 Πάντα
2914 2954 3022 3024 γάρ
3068 2956 3245 3008 ταῦτα
3289 2958 3358 3009 τά
3412 2958 3557 3009 κακά
3584 2959 3619 3026 ή

2044 3035 2378 3106 φιλαργυρία
2410 3037 2734 3107 πεποίηκεν,
2762 3039 2798 3108 ή
2833 3038 2957 3109 ῥίζα
2983 3036 3093 3091 τῶν
3136 3039 3344 3103 κακῶν,
3372 3039 3492 3109 ἥτις
3522 3040 3621 3101 τάς

2040 3117 2219 3187 ψυχάς
2272 3118 2427 3189 ήμῶν
2481 3123 2664 3173 σκοτοϊ
2718 3122 2813 3175 καὶ
2850 3122 3049 3185 αὐτοὺς
3096 3122 3223 3184 τοὺς
3264 3120 3365 3190 τῆς
3408 3120 3624 3189 φύσεως

2042 3200 2262 3270 νόμους,
2294 3202 2386 3254 καὶ
2414 3202 2591 3256 αὐτῶν
2621 3205 2769 3273 ἡμᾶς
2797 3203 3049 3258 ἐκϐάλλει
3089 3204 3197 3257 τῶν
3241 3203 3483 3274 φρενῶν,
3532 3204 3624 3257 καὶ

2041 3284 2141 3337 οὐκ
2164 3285 2389 3356 ἀφίησιν
2410 3284 2531 3339 οὐτε
2574 3287 2755 3355 φιλίας
2792 3286 2915 3340 οὔτε
2952 3287 3270 3356 συγγενείας
3306 3286 3429 3339 οὔτε
3460 3286 3621 3341 ἄλλου

2040 3368 2184 3431 τινὸς
2218 3368 2526 3438 μεμνῆσθαι
2544 3383 2558 3397 ’
2601 3369 2741 3421 ἀλλά
2764 3369 3018 3433 καθάπαξ
3048 3368 3354 3440 πηρώσασα
3380 3370 3535 3439 ήμῶν
3556 3373 3620 3422 τὰ

2040 3452 2262 3520 ὄμματα
2312 3450 2412 3520 τῆς
2447 3451 2713 3516 διανοίας,
2755 3451 2928 3515 οὕτως
2980 3454 3036 3504 ἐν
3092 3454 3273 3506 σκότει
3332 3454 3476 3505 ποιεῖ
3528 3451 3626 3521 βα-

2040 3535 2227 3597 δίζειν.
2265 3536 2373 3589 Καὶ
2406 3536 2492 3588 ἴνα
2528 3535 2707 3606 μάθῃς
2743 3535 2903 3588 τοῦτο
2944 3535 3153 3604 σαφῶς,
3183 3536 3283 3606 δρα
3324 3537 3445 3588 τότε
3482 3537 3623 3589 πόσα

2041 3617 2293 3681 ἐξέϐαλεν
2320 3620 2382 3669 ἐκ
2404 3618 2501 3687 τῆς
2522 3617 2614 3670 τοῦ
2644 3617 3025 3687 ’1ούδαψυχῆς.
3059 3617 3206 3688 Αὕτη
3236 3617 3624 3671 ἐπεισελθοῦσα

2040 3700 2137 3768 τὴν
2166 3698 2403 3768 ὁμιλίαν,
2435 3698 2533 3769 τήν
2557 3700 2869 3769 συνήθειαν,
2905 3700 3004 3769 τὴν
3035 3700 3342 3763 κοινωνίαν,
3370 3700 3467 3770 τὴν
3493 3700 3623 3752 θαυ-

2044 3782 2252 3851 μαστὴν
2274 3782 2642 3844 διδασκαλίαν,
2672 3784 2848 3835 πάντα
2882 3783 3053 3835 ταῦτα
3083 3784 3162 3845 είς
3186 3782 3356 3853 λήθην
3373 3784 3625 3837 ἐνέϐαλεν

2042 3867 2075 3935 ἡ
2106 3865 2460 3935 φιλαργυρία.
2495 3865 2689 3928 Καλῶς
2714 3865 2869 3933 ἔλεγε
2898 3865 3133 3929 Παῦλος,
3169 3867 3252 3919 ὅτι
3291 3865 3441 3925 Ῥίζα
3474 3865 3626 3919 πάν-

2042 3966 2158 4001 των
2182 3948 2299 4000 τῶν
2326 3947 2527 4002 κακῶν
2555 3950 2725 4002 ἐστιν
2752 3949 2790 4015 ἢ
2832 3950 3214 4018 φιλαργυρία.
3237 3978 3307 3989 —
3332 3950 3392 4002 Τί
3420 3948 3624 4003 θέλετέ

2034 4048 2133 4099 μοι
2166 4030 2396 4094 δοῦναι,
2430 4030 2589 4099 κάγὼ
2609 4032 2754 4099 ὑμῖν
2781 4032 3112 4099 παραδώσω
3141 4033 3362 4095 αὐτόν;
3398 4032 3629 4101 Παραδί-

2038 4114 2164 4177 δως,
2184 4114 2374 4175 Ἰούδα,
2396 4114 2482 4166 τὸν
2508 4115 2576 4166 τά
2605 4114 2783 4167 πάντα
2806 4116 3094 4183 συνέχοντα
3116 4115 3287 4185 λόγῳ;
3317 4115 3513 4178 πωλεῖς
3534 4114 3628 4166 τὸν

2040 4198 2446 4269 ἀκατάληπτον,
2482 4198 2572 4251 τὸν
2610 4198 2834 4268 κτίστην
2872 4198 3100 4267 οὐρανοῦ
3142 4216 3202 4251 τε
3243 4199 3337 4251 καὶ
3383 4199 3508 4267 γῆς,
3534 4196 3627 4249 τὸν

2038 4280 2373 4351 δημιουργὸν
2400 4281 2497 4349 τῆς
2521 4280 2795 4351 ἡμετέρας
2830 4280 3066 4348 φύσεως,
3101 4281 3194 4332 τὸν
3220 4280 3364 4351 λόγῳ
3396 4281 3491 4333 καλ⁴
3514 4279 3627 4331 νεύο

2044 4363 2263 4432 ματιτά
2280 4363 2460 4417 πάντα
2487 4363 2895 4433 συστησάμενον
2917 4381 2932 4429 ;
2955 4364 3071 4417 Ἵνα
3100 4358 3193 4416 οὖν
3213 4362 3361 4434 δείξῃ
3381 4363 3461 4415 ὅτι
3485 4360 3625 4415 ἐκὼν

2043 4447 2337 4519 παρεδόθη,
2383 4449 2611 4502 ἄκουσον
2640 4446 2693 4499 τί
2734 4450 2897 4499 ποιεῖ.
2950 4449 3085 4501 Κατ’
3113 4449 3274 4503 αὐτὸν
3306 4449 3397 4501 τὸν
3437 4446 3626 4518 καιρὸν

2038 4532 2139 4601 τῆς
2194 4530 2505 4602 προδοσίας,
2542 4531 2630 4582 ὅτε
2665 4530 2897 4599 ἐπῆλθον
2952 4532 3100 4602 αὐτῷ
3155 4531 3290 4601 μετά
3344 4530 3628 4601 μαχαιρῶν

2041 4614 2137 4667 καὶ
2169 4614 2361 4680 ξύλων,
2404 4612 2693 4683 λαμπάδας
2722 4613 2817 4666 καὶ
2857 4614 3058 4681 φανοὺς
3088 4614 3325 4683 ἔχοντες,
3353 4614 3500 4679 λέγει
3525 4613 3624 4665 αὐ-

2040 4703 2182 4762 τοῖς’
2224 4700 2361 4752 Τίνα
2398 4697 2649 4765 (quin;
2681 4699 2791 4751 Καὶ
2817 4699 3090 4766 ἠγνόησαν
3128 4698 3186 4749 ὃν
3230 4696 3461 4766 ἤμελλον
3493 4695 3623 4749 συλ-

2042 4784 2357 4853 λαμϐάνειν.
2384 4781 2651 4835 Τοσοῦτον
2688 4783 2909 4850 ἀπεῖχεν
2948 4784 3154 4843 ἐκεῖνος
3190 4781 3285 4835 τοῦ
3321 4780 3622 4851 δυνηθῆναι

2040 4864 2379 4935 παραδοῦναι
2412 4865 2593 4927 αὐτὸν,
2624 4864 2705 4915 ὅτι
2731 4864 2850 4915 οὐδὲ
2870 4864 3000 4933 όρᾷν
3031 4864 3193 4916 αὐτὸν
3224 4862 3458 4934 ἠδύνατο
3483 4880 3622 4933 παρ-

2040 4950 2167 5002 όντα
2189 4988 2203 5011 ,
2234 4949 2292 5002 ὃν
2322 4947 2524 5017 ἡμελλε
2565 4945 2943 5015 παραδιδόναι,
2990 4947 3085 4999 καὶ
3120 4947 3294 5000 ταῦτα
3322 4946 3622 5017 λαμπάδων

2040 5034 2216 5085 οὐσῶν
2270 5033 2362 5084 καὶ
2412 5030 2589 5099 φωτὸς
2621 5029 2899 5083 τοσούτου.
2933 5030 3057 5083 Ὅτι
3106 5031 3215 5102 γάρ
3258 5030 3415 5084 τοῦτο
3448 5031 3621 5083 αἰνιτ-

2040 5117 2264 5185 τόμενος
2316 5111 2488 5177 εἶπεν,
2535 5115 2617 5166 ὅτι
2644 5114 2935 5184 λαμπάδας
2966 5116 3057 5167 καὶ
3088 5116 3287 5183 φανοὺς
3328 5109 3492 5182 εἶχον,
3528 5113 3622 5165 καὶ

2041 5199 2160 5251 οὐδέ
2177 5198 2348 5260 οὐτως
2375 5198 2540 5251 αὐτὸν
2572 5197 2858 5268 ηῦρισκον,
2879 5201 3012 5269 φησὶ
3045 5198 3219 5269 [γάρ],
3250 5198 3358 5250 Καὶ
3391 5195 3623 5263 Ἰούδας

2040 5280 2301 5346 εἱστήκει
2320 5281 2447 5349 μετ’
2478 5282 2698 5347 αὐτῶν,
2731 5286 2934 5347 ἐκεῖνος
2964 5282 3149 5335 εἰπών’
3178 5283 3317 5349 Ἐγὼ
3344 5280 3485 5349 ὑμῖν
3519 5298 3625 5334 πα-

2034 5365 2286 5435 ραδώσω
2320 5368 2526 5421 αὐτόν.
2574 5367 2855 5437 Ἐπήρωσε
2889 5367 2993 5436 γάρ
3018 5365 3199 5418 αὐτῶν
3232 5366 3328 5435 τὴν
3357 5366 3619 5427 διάνοιαν,

2045 5449 2365 5519 βουλόμενος
2393 5449 2561 5515 δεῖξαι
2589 5451 2685 5520 τὴν
2714 5449 2915 5502 οἰκείαν
2943 5449 3190 5519 δύναμιν,
3212 5451 3304 5502 καὶ
3320 5452 3404 5504 ἵνα
3441 5461 3624 5520 μαθω-

2044 5552 2127 5587 σιν
2156 5534 2237 5585 ὃτι
2261 5534 2537 5593 ἀδυνάτοις
2566 5533 2950 5603 ἐπιχειροῦσιν.
2978 5530 3108 5587 Εἶτα
3125 5534 3619 5604 ἀκούσαπεςίὸθιι

2044 5619 2142 5688 τὴν
2176 5617 2359 5688 φωνὴν
2386 5616 2550 5670 αὐτοῦ
2584 5616 2827 5685 ἀπῆλθον
2857 5617 3061 5685 ῦπτιοι,
3091 5621 3185 5671 καὶ
3211 5618 3403 5671 ἔπεσον
3424 5618 3620 5687 χαμαί.

2045 5697 2198 5763 Εἶδες
2217 5699 2334 5762 πῶς
2363 5698 2486 5753 οὐτε
2511 5698 2607 5769 τὴν
2633 5700 2815 5772 φωνήν
2844 5702 3086 5771 ἐνεγκεῖν
3108 5702 3468 5771 ἠδυνήθησαν,
3488 5701 3623 5753 ἀλλὰ

2045 5784 2131 5837 διά
2156 5784 2252 5851 τῆς
2281 5783 2680 5847 καταπτώσεως
2700 5785 2798 5855 τήν
2828 5787 3035 5840 ἑαυτῶν
3060 5786 3344 5838 ἀσθένειαν
3378 5784 3620 5852 ἐναργῶς

2047 5861 2366 5934 ἀπέδειξαν;
2418 5868 2559 5936 Ὅρα
2614 5870 2887 5925 Δεσπότου
2945 5868 3368 5942 φ.).ανο,οιυπίαν.
3407 5867 3617 5919 Ἐπειδὴ
