4432 6700
822 450 945 509 387

837 568 959 623 οὐδὲ
990 564 1132 618 οῦτω
1169 563 1425 618 καθίκετο
1456 563 1558 634 τῆς
1591 564 1976 634 ἀναισχυντίας
1998 563 2090 618 τοῦ
2122 563 2402 636 προδότου,

836 651 960 705 οὐτε
1005 649 1104 718 τῆς
1145 647 1255 701 τῶν
1307 647 1577 700 Ἰουδαίων
1607 646 2022 716 ἀγνωμοσύνης,
2047 647 2240 699 ἐαυτὸν
2269 645 2409 698 ἐκδί-

837 735 988 796 δωσι,
1015 729 1108 785 καί
1132 745 1297 800 φησιν
1327 729 1357 781 6
1382 728 1604 800 Κύριος·
1639 729 1770 782 Ὅτε
1798 728 1974 793 ἔδειξα
2011 729 2086 792 ὡς
2123 728 2407 790 ἀδυνάτοις

837 813 1220 886 ἐπιχειροῦσιν,
1251 812 1558 884 ἠϐουλήθην
1588 811 1766 866 αὐτῶν
1790 811 2103 865 ἀναστεῖλαι
2153 812 2254 884 τὴν
2309 828 2410 882 μαι

841 901 954 952 νίαν
973 915 986 928 ·
1019 897 1079 950 οὐ
1117 895 1420 967 βούλονται,
1443 895 1557 950 ἀλλ’
1587 895 1666 948 ἔτι
1700 895 2020 966 ἐπιμένουσι
2041 897 2109 966 τῇ
2137 895 2374 966 πονηρίᾳ
2393 912 2406 926 ·

839 981 946 1034 ίδού
970 979 1204 1049 ἐμαυτὸν
1235 979 1597 1050 παραδίδωμι.

907 1061 1094 1116 Ταῦτα
1130 1062 1273 1131 λέγω
1298 1063 1446 1131 ὑμῖν,
1469 1061 1556 1114 ἵνα
1591 1060 1666 1132 μὴ
1700 1061 2119 1132 κατηγορήσωσί
2151 1077 2296 1122 τινες
2315 1059 2408 1112 τοῦ

837 1146 1095 1217 Χριστοῦ,
1131 1146 1401 1214 λέγοντεςο
1439 1146 1540 1200 Διά
1571 1146 1622 1199 τί
1647 1147 1707 1199 οὐ
1744 1147 2005 1216 μετέϐαλε
2043 1145 2133 1197 τὸν
2166 1143 2406 1208 Ἰούδαν;

837 1229 920 1283 διά
962 1230 1014 1283 τί
1042 1230 1140 1282 οὐκ
1177 1227 1432 1298 ἐποίησεν
1461 1229 1624 1282 αὐτὸν
1668 1228 1947 1298 βελτίονα;
1997 1226 2107 1278 Καὶ
2158 1225 2277 1287 πῶς
2302 1225 2409 1277 ἔδει

838 1313 1058 1382 ποιῆσαι
1091 1311 1180 1364 τὸν
1215 1311 1418 1364 Ἰούδαν
1443 1311 1692 1382 σώφρονα
1720 1311 1815 1363 καὶ
1834 1309 2079 1378 ἐπιεικῆς
2107 1308 2340 1380 ἀνάγκῃ,
2372 1306 2404 1377 ἢ

837 1394 1068 1467 γνώμῃ;
1122 1396 1184 1448 El
1217 1396 1314 1466 μὲν
1356 1395 1466 1466 γάρ
1521 1395 1754 1464 ἀνάγκῃ,
1793 1393 1914 1446 οὐδὲ
1969 1391 2141 1454 οῦτως
2185 1390 2408 1461 ἔμελλεν

839 1477 1054 1531 ἔσεσθαι
1079 1477 1302 1548 βελτίων
1327 1495 1346 1513 ο
1363 1479 1536 1541 οὐδεὶς
1552 1476 1660 1547 γάρ
1683 1475 1898 1548 ἀνάγκῃ
1920 1475 2130 1544 γίνεται
2160 1473 2406 1544 βελτίων·

839 1563 888 1613 εί
932 1561 990 1614 δὲ
1029 1560 1223 1633 γνώμῃ
1259 1561 1350 1614 καὶ
1395 1559 1748 1631 προαιρέσει,
1797 1561 1977 1613 πάντα
2030 1558 2291 1627 εἰσήγαγε
2339 1555 2408 1608 τά

840 1642 1108 1712 δυνάμενα
1165 1643 1327 1696 αὐτὸν
1380 1644 1697 1712 ἀναγαγεῖν.
1753 1643 1816 1696 Εί
1870 1643 1926 1695 δὲ
1994 1642 2068 1711 μὴ
2133 1638 2404 1710 ἠϐουλήθη

839 1723 1088 1789 δέξασθαι
1137 1725 1342 1788 ἐκεῖνος
1393 1727 1464 1780 τά
1515 1727 1801 1796 φάρμακα,
1854 1725 1916 1777 οὐ
1962 1722 2054 1776 τοῦ
2115 1719 2299 1792 ίατροῦ
2347 1721 2410 1773 τὸ

837 1806 1107 1876 ἔγκλημα,
1144 1805 1280 1860 ἀλλά
1308 1805 1401 1860 τοῦ
1431 1807 1532 1876 τὴν
1581 1807 1874 1878 θεραπείαν
1907 1804 2326 1874 διακρουομένου
2373 1805 2408 1874 ὴ

835 1889 1159 1961 κατηγορία.
1178 1890 1364 1954 Θέλεις
1401 1891 1591 1960 μαθεῖν
1624 1889 1764 1942 πόσα
1792 1888 2069 1958 ἐποίησεν.
2087 1886 2228 1940 ὥστε
2246 1886 2409 1939 αὐτὸν

841 1972 1277 2042 ἀνακτήσασθαις
1326 1973 1664 2043 Ἐδωρήσατο
1709 1970 1861 2041 αὐτῷ
1911 1969 2086 2024 πολλὰ
2117 1968 2408 2039 θαύματα,

839 2057 1098 2124 προεῖπεν
1143 2055 1291 2125 αὐτῷ
1323 2054 1449 2126 περὶ
1484 2054 1586 2124 τῆς
1615 2054 1924 2125 προδοσίας,
1958 2053 2111 2107 οὐδὲν
2139 2053 2412 2107 ἐνέλειπεν

838 2131 912 2188 ὥν
937 2137 1103 2208 ἐχρῆν
1138 2139 1218 2200 είς
1244 2136 1490 2208 μαθητὴν
1521 2136 1908 2204 ἐπιδείξασθαι.
1939 2137 2051 2191 Καὶ
2079 2137 2165 2189 ἱνα
2197 2135 2410 2207 μάθῃς,

838 2219 919 2272 ὅτι
944 2217 1164 2283 δυνατὸς
1191 2219 1266 2272 ῶν
1291 2219 1689 2290 μεταϐαλέσθαι
1719 2220 1819 2273 οὐκ
1838 2219 2122 2290 ἠθέλησεν,
2155 2219 2292 2271 ἀλλά
2310 2219 2412 2288 τῆς

839 2300 1002 2354 αὐτοῦ
1034 2301 1306 2372 ῥᾳθυμίας
1345 2303 1408 2355 τὸ
1460 2303 1568 2356 πᾶν
1601 2302 1833 2369 ἐγένετο·
1875 2301 2063 2372 ἐπειδὴ
2093 2301 2411 2372 παρέδωκεν

839 2385 1018 2450 αὐτὸν,
1035 2387 1127 2438 καὶ
1139 2386 1237 2456 τὴν
1255 2387 1452 2456 μανίαν
1468 2383 1630 2438 αὐτοῦ
1649 2387 1729 2446 εἰς
1745 2385 1897 2449 τέλος
1915 2386 2144 2455 ἤγαγεν,
2161 2386 2414 2454 Ἔρῤιψε

839 2467 909 2520 τὰ
929 2466 1255 2536 τριάκοντα
1306 2467 1576 2536 ἀργύρια,
1631 2469 1845 2536 λέγων·
1893 2468 2191 2537 Ἥμαρτον
2222 2483 2408 2536 παραυ

838 2548 980 2622 δοὺς
1001 2543 1145 2620 αἷμα
1171 2549 1382 2604 ἀθῶον.
1420 2549 1531 2620 Πρὸ
1557 2549 1746 2602 τούτου
1769 2551 1973 2618 ἔλεγεςο
2002 2552 2062 2604 Τί
2083 2549 2288 2604 θέλετέ
2311 2566 2412 2619 μοι

840 2631 1069 2696 δοῦναι,
1125 2631 1284 2701 κάγὼ
1324 2632 1468 2700 ὑμῖν
1524 2632 1858 2700 παραδώσω
1907 2635 2134 2694 αὐτόνς
2191 2632 2409 2703 Ἐπειδὴ

841 2713 1092 2784 ἐτελέσθη
1128 2717 1161 2784 ὴ
1194 2715 1458 2784 ἁμαρτία,
1495 2715 1616 2768 τότε
1641 2715 1783 2784 ἔγνω
1808 2717 1906 2788 τὴν
1936 2717 2226 2787 ἁμαρτίαν.
2294 2717 2411 2766 Ἐν·

837 2796 1026 2851 τεῦθεν
1085 2797 1441 2868 μανθάνωμεν
1493 2799 1575 2852 δτι
1604 2839 1619 2861 ,
1675 2800 1801 2852 ὅταν
1861 2799 2228 2870 ρᾳθυμῶμεν,
2284 2796 2407 2850 οὐτε

837 2882 1158 2954 παραίνεσις
1184 2883 1329 2952 ἡμᾶς
1349 2881 1570 2950 ὠφελεῖ,
1588 2881 1710 2934 οὔτε
1728 2881 1976 2935 νουθεσία
1997 2897 2011 2911 '
2030 2883 2156 2934 ὅταν
2171 2883 2228 2934 δὲ
2247 2898 2411 2934 σπου-

836 2965 1103 3036 δάζωμεν,
1134 2967 1227 3018 καὶ
1259 2966 1415 3018 αὐτοὶ
1442 2968 1534 3032 ἀφ’
1566 2965 1772 3020 ἑαυτῶν
1816 2966 2092 3036 δυνάμεθα
2120 2965 2412 3035 διαναστῆ-

837 3065 946 3104 ναι.
963 3049 1243 3122 Ἐννόησον
1268 3050 1396 3121 γάρ’
1425 3049 1554 3104 Ὅτε
1585 3048 1815 3120 παρῄνει
1845 3051 2024 3114 αὐτὸν,
2051 3050 2144 3103 καὶ
2172 3050 2415 3102 ἀνέστελ-

838 3133 930 3186 λεν
951 3133 1112 3187 αὐτὸν
1134 3134 1233 3203 τῆς
1259 3133 1438 3203 κακῆς
1467 3134 1879 3204 ἐπιχειρήσεως,
1899 3133 2001 3186 οὐκ
2023 3133 2257 3204 ἡκουσεν
2289 3133 2414 3186 οὔτε

839 3217 1162 3281 κατεδέξατο
1185 3216 1284 3288 τὴν
1304 3216 1586 3270 νουθεσίαν
1605 3235 1617 3246 ·
1657 3217 1747 3268 ὅτε
1779 3215 1836 3270 δέ
1861 3215 2039 3280 οὐδεὶς
2061 3211 2130 3288 ἦν
2161 3219 2190 3270 6
2217 3233 2416 3286 παραι-

837 3300 965 3366 νῶν,
988 3300 1048 3354 τὸ
1079 3301 1276 3354 οἰκεῖον
1315 3300 1554 3363 συνειδὸς
1585 3299 1878 3369 ἐπανέστη,
1907 3300 1999 3352 καὶ
2019 3299 2234 3362 οὐδενὸς
2260 3299 2415 3364 ὄντος

835 3381 931 3436 τοῦ
957 3381 1296 3446 διδάσκοντος
1318 3381 1663 3453 μετεϐάλετο,
1689 3381 1781 3435 καὶ
1807 3381 1997 3452 ἔρριψε
2029 3381 2099 3434 τά
2119 3381 2414 3453 τριάκοντα

838 3466 1094 3538 ἀργύρια.
1151 3468 1460 3535 Ἕστησαν
1501 3465 1632 3536 γάρ,
1683 3463 1864 3531 αὐτῷ,
1907 3466 2058 3534 φησὶ,
2096 3465 2416 3533 τριάκοντα

839 3551 1108 3620 ἀργύρια.
1131 3551 1309 3621 Τιμὴν
1349 3550 1648 3603 κατέϐαλον
1681 3550 1912 3619 αἵματος
1944 3549 2108 3620 τιμὴν
2139 3551 2238 3603 οὐκ
2263 3549 2414 3619 ἔχον-

842 3651 950 3698 τος.
996 3633 1062 3685 Τί
1111 3633 1408 3704 λαμϐάνεις
1461 3633 1754 3703 τριάκοντα
1801 3631 2060 3703 ἀργύρια,
2113 3625 2158 3686 ὦ
2202 3634 2411 3699 Ἰούδας

839 3714 1058 3786 Δωρεάν
1081 3709 1242 3786 ἦλθεν
1264 3715 1403 3785 ὑπὲρ
1429 3715 1530 3783 τῆς
1559 3715 1882 3787 οἰκουμένης
1913 3717 1942 3768 6
1969 3717 2205 3788 Χριστὸς
2224 3718 2414 3788 ἐκχέαι

837 3797 902 3851 τὸ
933 3791 1089 3868 αἷμα,
1120 3798 1260 3868 ὑπὲρ
1291 3791 1351 3852 οῦ
1395 3796 1662 3868 σύμφωνα
1693 3797 1788 3851 νῦν
1819 3801 2012 3861 ποιεῖς.
2076 3799 2141 3852 Τί
2190 3801 2298 3872 γάρ
2346 3801 2412 3854 ἀν

839 3880 1320 3952 ἀναισχυντότερον
1343 3879 1438 3934 τοῦ
1467 3880 1908 3953 συναλλάγματος
1927 3882 2117 3936 τούτου
2139 3899 2153 3948 ;
2173 3883 2256 3947 τίς
2281 3882 2410 3949 εἶδε,

835 3963 922 4029 ,τίς
950 3964 1148 4036 ἤκουσέ
1181 3979 1342 4030 ποτε;

910 4046 972 4100 δ’.
1024 4046 1163 4100 Ἀλλ’
1199 4047 1288 4100 ἴνα
1323 4045 1586 4116 μάθωμεν
1619 4046 1718 4116 τὴν
1739 4045 2002 4116 διαφοράν
2029 4046 2122 4100 τοῦ
2154 4049 2412 4120 προδότου

841 4131 936 4182 καὶ
979 4127 1088 4182 τῶν
1134 4127 1412 4199 μαθητῶν,
1451 4128 1802 4198 ἀκούσωμεν·
1851 4128 2068 4182 ἅπαντα
2117 4131 2226 4202 γάρ
2276 4133 2416 4200 μετὰ

839 4212 1122 4286 ἀκριϐείας
1142 4215 1274 4284 ημῖν
1295 4213 1559 4282 διηγεῖται
1586 4215 1614 4266 6
1635 4211 2047 4284 εὐαγγελιστής.
2063 4215 2190 4268 Ὅτε
2218 4216 2412 4281 ταῦτα,

840 4299 1026 4367 φησὶν,
1061 4297 1308 4366 ἐγένετο,
1367 4297 1454 4350 ὅτε
1487 4298 1520 4368 ἡ
1553 4296 1811 4366 προδοσία
1846 4297 2235 4368 προεχώρησεν
2259 4339 2274 4363 ,
2325 4303 2414 4354 ὅτε

838 4379 1120 4434 ἀπώλεσεν
1169 4381 1363 4433 ἐαυτὸν
1415 4381 1446 4434 6
1507 4378 1729 4443 Ἰούδας,
1784 4381 1872 4432 ὅτε
1921 4380 2020 4442 τὰς
2059 4383 2412 4454 παρανόμους

841 4463 1054 4526 ἐκείνας
1106 4463 1378 4532 συνθήκας
1435 4463 1747 4535 ἐποιήσατο,
1801 4463 1896 4516 καὶ
1945 4463 2155 4535 ἐζήτει,
2208 4468 2409 4537 φησὶν,

841 4545 1146 4615 εὐκαιρίαν,
1168 4544 1256 4597 ἵνα
1277 4544 1436 4597 αὐτὸν
1452 4545 1675 4615 παραδῴ
1689 4562 1702 4575 ·
1730 4546 1867 4598 Τότε
1882 4546 2234 4614 προσῆλθον
2251 4549 2412 4616 αὐτῷ

841 4633 896 4683 οἱ
920 4628 1180 4699 μαθηταί
1197 4627 1499 4698 λέγοντες-⁸
1524 4627 1644 4683 Ποῦ
1669 4628 1864 4694 Θέλεις
1883 4629 2288 4701 ἑτοιμάσωμέν
2311 4651 2410 4688 σοι

836 4713 1052 4784 φαγεῖν
1078 4713 1144 4766 τὸ
1173 4713 1422 4780 Πάσχα;
1452 4707 1604 4774 Εἶδες
1647 4711 1912 4781 μαθητάς,
1957 4709 2095 4776 εἶδες
2128 4715 2406 4789 μαθητήν;

850 4800 1087 4860 Ἐκεῖνος
1132 4797 1260 4868 περὶ
1306 4797 1407 4868 τὴν
1437 4795 1727 4866 προδοσίαν
1760 4796 2062 4864 ἠσχολεῖτο,
2104 4794 2248 4851 οὗτοι
2282 4804 2410 4871 περὶ

835 4882 936 4953 τὴν
984 4880 1289 4933 διακονίαν·
1338 4881 1545 4943 ἐκεῖνος
1595 4878 1864 4948 σύμφωνα
1917 4879 2130 4943 ἐποίει,
2183 4883 2409 4938 καὶτοῦ

836 4964 1070 5034 αἵματος
1096 4963 1187 5015 τοῦ
1209 4961 1541 5016 Δεσποτικοῦ
1564 4961 1660 5033 τὴν
1682 4961 1846 5033 τιμὴν
1871 4961 2172 5033 λαμϐάνειν
2199 4966 2412 5035 ἐπεχεί-

839 5063 944 5118 ρει,
982 5038 1127 5097 οῦιοι
1160 5046 1288 5115 περ)⁸
1307 5044 1404 5115 τὴν
1438 5043 1588 5116 [392]
1621 5045 1923 5116 ὑπηρεσίαν
1960 5047 2411 5117 παρασκευάζον-

835 5147 946 5183 ται.
999 5129 1120 5182 Τῶν
1178 5128 1358 5182 αὐτῶν
1397 5128 1686 5198 θαυμάτων
1741 5131 2062 5201 ἀπήλαυσαν
2123 5133 2218 5185 καὶ
2255 5127 2410 5196 οὗτος

837 5215 1100 5276 κάκεῖνοι,
1129 5213 1238 5266 τῶν
1265 5212 1444 5267 αὐτῶν
1485 5213 1858 5284 διδαγμάτωνα
1893 5215 2056 5268 πόθεν
2085 5211 2178 5270 οῦν
2216 5219 2250 5288 ἡ
2295 5218 2402 5271 δια·

838 5296 1008 5366 φορά;
1047 5295 1178 5348 Ἀπὸ
1197 5295 1298 5366 τῆς
1325 5296 1718 5366 προαιρέσεως.
1743 5295 1890 5366 Αὕτη
1923 5297 2066 5350 αίτία
2095 5298 2201 5352 τῶν
2221 5301 2409 5353 κακῶν

837 5380 932 5432 καὶ
955 5379 1061 5432 τῶν
1095 5379 1316 5447 ἀγαθῶν
1349 5379 1578 5448 γίνεται.
1629 5379 1692 5432 Ἦ
1743 5380 1952 5449 ἐσπέρα
1983 5381 2118 5451 αῦτη
2149 5378 2238 5454 ἦν,
2285 5383 2408 5436 καθ’

835 5463 904 5533 ῆν
949 5462 996 5514 οί
1031 5461 1267 5532 μαθηταὶ
1311 5463 1482 5517 ταῦτα
1535 5461 1740 5531 ελεγον.
1773 5462 1838 5514 Τί
1882 5465 2017 5527 ἐστι,
2055 5465 2179 5519 Ποῦ
2212 5467 2408 5534 θέλεις

835 5544 1238 5614 ἑτοιμάσωμέν
1269 5560 1367 5600 σοι
1397 5545 1614 5616 φαγεῖν
1643 5547 1707 5598 τὸ
1731 5545 1948 5616 Πάσχα
1972 5563 1992 5610 ;
2033 5549 2407 5620 Διδασκόμεθα

836 5625 1101 5688 ἐντεῦθεν,
1132 5630 1210 5682 ὅτι
1255 5630 1356 5683 οὐκ
1390 5627 1533 5700 εἶχεν
1581 5627 1757 5682 οἰκίαν
1791 5630 2178 5703 ἀφωρισμένην
2206 5635 2235 5687 6
2271 5636 2406 5704 Χρι-

837 5711 980 5774 στός.
1030 5711 1399 5766 Ἀκουέτωσαν
1441 5715 1491 5766 οι
1540 5713 1639 5777 τὰς
1695 5712 1954 5784 λαμπράς
2001 5717 2179 5780 οίκίας
2203 5717 2407 5771 οίκοδο-

841 5791 1064 5860 μοῦντες
1094 5796 1187 5847 καὶ
1209 5797 1334 5860 τοὺς
1359 5798 1600 5868 μακροὺς
1628 5797 1970 5868 περιϐόλους,
1996 5798 2076 5852 ὅτι
2101 5799 2130 5851 6
2159 5799 2286 5862 Υἱὸς
2310 5799 2404 5852 τοῦ

838 5873 1124 5946 ἀνθρώπου
1162 5880 1262 5934 οὐκ
1291 5882 1402 5952 ἔχει
1436 5880 1538 5934 ποῦ
1571 5881 1668 5953 τὴν
1700 5878 1946 5953 κεφαλὴν
1974 5882 2170 5940 κλῖναι.
2199 5883 2299 5938 Διά
2318 5899 2400 5936 τοι

1579 449 1636 506 8.
1667 448 1950 505 JOANNIS
1978 445 2464 507 CIIBYSOSTOMI
2495 449 2814 511 ARCHIEP.
2854 448 3396 510 CONSTANTINOP.

3987 453 4093 511 388

2515 565 2674 618 τοῦτο
2706 565 2954 633 λέγουσιν
2987 568 3134 640 αὐτῷ
3164 570 3213 622 οί
3245 565 3503 639 μαθηταί·
3548 563 3672 616 Ποῦ
3699 563 3893 632 θέλεις
3940 567 4094 621 ἐτοι-

2506 648 2796 717 μάσωμέν
2822 665 2920 704 σοι
2951 653 3161 722 φαγεῖν
3185 653 3253 706 τὸ
3272 649 3484 720 Πάσχα
3502 663 3521 711 ;
3553 647 3710 700 Ποῖον
3741 648 3972 719 Πάσχα;
4015 650 4087 704 Τὸ

2524 730 2847 792 Ἰουδαϊκὸν,
2882 732 2944 785 τὸ
2981 737 3074 786 ἀπ’
3104 737 3380 804 Αἰγύπτου
3424 731 3522 802 τὴν
3580 729 3756 801 ἀρχὴν
3801 731 4036 801 ἐσχηκός
4068 747 4083 762 ο

2512 814 2627 866 ἐκεῖ
2677 811 2783 882 γάρ
2831 813 2927 884 τὴν
2977 817 3150 889 ἀρχὴν
3199 817 3543 871 ἐπετέλεσαν.
3577 811 3689 866 Καὶ
3727 811 3871 874 τίνος
3898 812 4089 864 ἔνεκεν

2512 896 2748 949 ἐπιτελεῖ
2785 895 2918 948 αὐτὸ
2952 898 2982 949 6
3019 901 3285 968 Χριστός;
3339 901 3550 968 ’Ὠσπερ
3602 895 3781 948 πάντα
3831 893 3899 946 τά
3951 894 4090 947 ἀλλα

2514 980 2720 1050 νόμιμα
2755 979 3096 1050 ἐπλήρωσεν,
3129 983 3272 1036 οῦτω
3321 983 3416 1037 καὶ
3457 981 3634 1036 τοῦτο.
3666 977 3766 1031 Διά
3803 975 3963 1028 τοῦτο
3992 977 4088 1028 καὶ

2513 1062 2650 1131 πρὸς
2678 1061 2770 1114 τὸν
2816 1061 3066 1129 Ἰωάννην
3089 1063 3301 1133 ἔλεγεν
3342 1067 3505 1120 Οὕτω
3535 1063 3642 1134 γὰρ
3678 1059 3907 1128 πρέπον
3943 1057 4090 1126 ἡμῖν

2511 1144 2640 1196 ἐστι
2668 1141 2983 1210 πληρῶσαι
3010 1142 3220 1198 πᾶσαν
3259 1148 3674 1213 δικαιοσύνην.
3715 1143 3789 1196 Οὐ
3814 1139 3997 1193 τοίνυν
4027 1144 4088 1191 το

2513 1225 2782 1297 ἡμέτερον
2814 1227 3024 1296 Πάσχα.
3057 1228 3194 1281 ἀλλά
3217 1230 3278 1282 τὸ
3310 1231 3597 1284 Ἰουδαϊκὸν
3617 1226 3901 1298 ἑτοιμάσαι
3930 1223 4085 1277 ἐϐούο

2511 1307 2662 1361 λοντο
2693 1311 2741 1361 οί
2775 1309 3032 1379 μαθηταί.
3062 1309 3237 1363 Τοῦτο
3277 1314 3376 1381 μέν
3401 1315 3508 1384 γὰρ
3561 1312 3714 1365 αὐτοὶ
3759 1309 4084 1381 ἡτοίμασαν,

2510 1389 2572 1442 τὸ
2593 1389 2650 1443 δέ
2679 1391 2945 1464 ἡμέτερον
2969 1392 3130 1455 αὐτὸς
3155 1395 3582 1463 παρεσκεύασεν,
3613 1393 3751 1448 ἀλλά
3798 1393 3892 1447 καὶ⁴
3920 1389 4086 1452 αὐτὸς

2512 1473 2704 1543 Πάσχα
2731 1473 2946 1541 ἐγένετο
2997 1474 3086 1528 διά
3133 1475 3229 1528 τοῦ
3274 1478 3458 1546 τιμίου
3504 1478 3730 1540 πάθους.
3792 1477 3949 1538 Τίνος
3990 1468 4086 1526 οῦν

2509 1555 2696 1608 ἔκενεν
2727 1557 2821 1608 ἐπ)⁵
2852 1557 2914 1611 τὸ
2940 1557 3110 1621 πάθος
3132 1559 3350 1629 ἔρχεται
3376 1575 3391 1623 ;
3424 1560 3544 1613 ’ίνα
3569 1561 3715 1629 ἡμᾶς
3739 1557 4086 1626 λυτρώσηται

2511 1639 2576 1690 ἐκ
2609 1638 2710 1708 τῆς
2755 1640 2998 1710 κατάρας
3036 1641 3130 1694 τοῦ
3165 1641 3350 1712 νόμου.
3384 1642 3477 1694 Διὸ
3523 1644 3617 1694 καὶ
3651 1641 3860 1704 Παῦλος
3911 1639 4040 1693 ἐϐόα
4067 1653 4083 1668 ⁸

2523 1719 2980 1784 Ἐξαπέστειλεν
3004 1726 3036 1778 ό
3066 1723 3209 1789 Θεὸς
3241 1723 3348 1777 τὸν
3383 1723 3518 1777 Υίὸν
3548 1722 3734 1776 αὑτοῦ
3763 1724 4089 1792 γενόμενον

2511 1800 2580 1856 ἐκ
2606 1806 2908 1874 γυναικὸς,
2940 1808 3260 1875 γενόμενον
3287 1805 3406 1861 ὑπὸ
3438 1805 3644 1874 νόμον,
3668 1805 3768 1858 ἵνα
3803 1804 3943 1869 τοὺς
3968 1801 4087 1857 ὑπὸ

2512 1886 2701 1956 νόμον
2750 1887 3107 1957 ἐξαγοράσῃ.
3155 1889 3272 1942 ’Ἰνα
3317 1885 3408 1942 οὖν
3461 1889 3534 1960 μή
3568 1905 3652 1951 τις
3684 1888 3837 1958 λέγῃ,
3879 1888 3960 1939 ὅτι
3999 1885 4090 1938 διά

2513 1969 2671 2023 τοῦτο
2703 1970 2960 2036 ἔπαυσεν,
2990 1971 3175 2043 ἐπειδὴ
3205 1971 3490 2043 πληρῶσαι
3522 1973 3683 2026 αὐτὸν
3707 1973 3808 2024 οὐκ
3831 1969 4087 2034 ἠδύνατο,

2513 2052 2589 2117 ῶς
2632 2056 2888 2125 φορτικὸν
2931 2056 3024 2108 καὶ
3062 2054 3276 2126 ἐπαχθῆ
3325 2056 3420 2110 καὶ
3481 2055 3944 2126 δυσκατόρθωτον,
3999 2052 4090 2105 διά

2513 2135 2672 2188 τοῦτο
2698 2136 2860 2190 αὐτὸν
2889 2137 3179 2208 πληρώσας
3207 2138 3440 2202 ἅπαντα,
3463 2141 3582 2191 τότε
3601 2138 3761 2191 αὐτὸν
3785 2136 3961 2188 ἔλυσε.
3988 2133 4090 2186 Διά

2516 2215 2672 2270 τοῦτο
2695 2220 2787 2272 καὶ
2817 2220 3007 2288 Πάσχα
3034 2219 3255 2289 ἐποίησε
3278 2236 3294 2252 ·
3326 2222 3490 2288 νόμου
3528 2218 3635 2290 γὰρ
3665 2217 3943 2286 ἐπίταγμα
3986 2215 4089 2267 αὐ-

2517 2302 2631 2364 τοῖς
2677 2297 2744 2371 ἦν
2785 2303 2818 2372 ή
2851 2301 2946 2354 τοῦ
2975 2302 3164 2370 Πάσχα
3205 2302 3386 2373 ἑορτή.
3422 2303 3706 2354 Ἄκουσον·
3749 2299 4092 2369 Ἀγνώμονες

2517 2379 2657 2454 ἦσαν
2700 2386 2827 2454 περὶ
2852 2385 2943 2437 τὸν
2974 2384 3272 2455 εὐεργέτην
3309 2385 3358 2436 οἱ
3401 2383 3661 2446 Ἰουδαῖοι,
3695 2383 3790 2435 καὶ
3833 2382 4090 2451 παραυτά

2518 2467 2939 2523 ἐπελανθάνοντο
2969 2467 3064 2522 τοῦ
3113 2468 3425 2540 εὐεργέτου.
3459 2468 3570 2520 Καὶ
3602 2468 3688 2520 ἴνα
3724 2467 3900 2538 μάθῃς
3930 2467 4090 2536 ἀκρι-

2515 2549 2644 2615 ϐῶς,
2672 2550 2894 2622 ἐξῆλθον
2933 2551 2994 2616 ἐξ
3020 2549 3321 2620 Αἰγύπτου,
3374 2549 3632 2621 διέϐησαν
3675 2551 3772 2621 τὴν
3815 2547 4086 2620 Ἐρυθρὰν

2514 2631 2810 2699 θάλασσαν,
2861 2629 2999 2687 εἶδον
3028 2635 3199 2706 αὐτὴν
3233 2632 3614 2704 διαιρεθεῖσαν,
3648 2633 3742 2686 καὶ
3773 2632 3933 2684 πάλιν
3969 2647 4089 2682 συν·

2513 2718 2856 2789 απτομένηνο
2907 2721 3000 2772 καὶ
3056 2723 3171 2790 μετ’
3205 2721 3266 2773 οὐ
3303 2718 3435 2772 πολύ
3468 2717 3686 2787 λέγουσι
3735 2715 3812 2787 τῷ
3849 2713 4085 2786 ’Λαρὼνο

2513 2802 2782 2869 Ποίησον
2813 2800 2958 2870 ἡμῖν
2979 2802 3152 2867 θεοὺς
3185 2801 3241 2855 οἳ
3270 2803 3785 2869 προπορεύσονται
3808 2797 3996 2868 ἡμῶν.
4021 2795 4088 2847 Τί

2514 2883 2692 2951 λέγεις
2714 2925 2730 2949 ,
2754 2877 2798 2936 ὦ
2828 2884 3084 2954 ἀγνῶμον
3122 2884 3341 2938 Ἰουδαῖε
3362 2901 3377 2949 ;
3401 2879 3539 2948 εἶδες
3568 2881 3790 2936 τοιαῦτα
3811 2881 4084 2951 θαύματα,

2512 2969 2608 3020 καὶ
2640 2966 2906 3020 ἐπελάθου
2937 2967 3069 3019 Θεού
3095 2965 3186 3019 τοῦ
3218 2966 3509 3037 τρέφοντός
3561 2982 3641 3025 σε,
3671 2964 3766 3017 καὶ
3793 2963 3913 3016 οὐτε
3946 2964 4086 3032 μνή-

2518 3068 2628 3121 μην
2661 3052 2834 3113 ποιεῖς
2863 3048 2958 3102 τοῦ
2997 3049 3318 3120 εὐεργέτου;
3365 3049 3516 3102 Ἐπεὶ
3545 3045 3638 3102 οῦν
3665 3045 4088 3100 ἐπελανθάνοντο

2513 3131 2621 3185 τῶν
2655 3131 2984 3202 εὐεργεσιῶν
3014 3131 3199 3197 αὐτοῦ,
3245 3135 3310 3202 τῇ
3337 3132 3593 3185 ὑποθέσει
3620 3130 3729 3184 τῶν
3769 3127 3972 3200 ἐορτῶν
4003 3129 4089 3194 ἐγ·-

2515 3213 2778 3283 κατέδησε
2826 3214 2936 3268 τῶν
2985 3213 3202 3286 δωρεῶν
3251 3214 3320 3267 τά
3369 3216 3733 3284 ὑπομνήματα
3760 3214 3789 3265 6
3818 3211 3969 3272 Θεὸς,
4001 3210 4091 3263 ῖνα

2518 3297 2611 3352 καὶ
2639 3297 2856 3359 ἐκόντες
2888 3297 2983 3350 καὶ
3009 3296 3231 3360 ἄκοντες
3259 3297 3479 3351 ἔναυλον
3510 3295 3673 3366 ἔχωσι
3711 3295 3807 3365 τὴν
3843 3295 4086 3365 μνήμην.

2517 3379 2621 3434 Καὶ
2640 3379 2836 3432 ἐκεῖνοι
2857 3380 2955 3450 μὲν
2981 3378 3124 3432 οὕτω
3145 3395 3157 3410 ο
3182 3378 3272 3433 διὰ
3298 3379 3350 3431 τί
3364 3398 3378 3444 ς
3415 3379 3548 3439 Ἰν’,
3567 3377 3712 3430 ὅταν
3737 3374 4088 3443 ἐπερωτήσει

2517 3477 2590 3516 σε
2621 3465 2652 3515 ὀ
2675 3463 2804 3528 υἱός
2834 3477 2972 3525 σου,
3005 3461 3069 3514 Τί
3101 3465 3215 3515 ἐστι
3241 3461 3416 3524 τοῦτο,
3447 3460 3640 3533 εἴπῃς,
3684 3461 3765 3512 ὃτι
3812 3457 3969 3510 τοῦτο
3992 3454 4090 3508 τοῦ

2518 3545 2791 3616 προϐάτου
2820 3544 2880 3598 τὸ
2909 3542 3046 3615 αἷμα
3068 3547 3362 3616 ἐπέχρισαν
3395 3547 3512 3607 ταῖς
3549 3543 3731 3613 φλιαῖς
3756 3541 3862 3595 τῶν
3885 3539 4087 3612 θυρῶν,

2517 3631 2611 3683 καὶ
2650 3629 2903 3698 διέφυγον
2939 3629 3031 3683 τὸν
3067 3630 3296 3682 θάνατον
3337 3630 3395 3682 ὃν
3432 3631 3460 3682 ὁ
3508 3627 3809 3699 ὀλοθρεύων
3841 3626 4090 3694 ἐπήγαγε

2514 3717 2627 3778 τοῖς
2654 3715 2795 3768 κατά
2818 3713 2916 3785 τὴν
2940 3714 3215 3782 Αἴγυπτον
3241 3714 3411 3768 ἅπασι
3432 3731 3444 3744 ο
3465 3714 3560 3766 καὶ
3583 3712 3672 3764 δια
3685 3711 3744 3764 τὸ
3765 3704 3902 3779 αἷμα
3932 3707 4093 3760 τοῦτο

2513 3799 2614 3852 οὐκ
2647 3799 2863 3868 ἴσχυσεν
2909 3798 3234 3868 εἰσπηδῆσαι
3269 3800 3363 3850 καὶ
3391 3797 3486 3868 τὴν
3524 3796 3737 3866 πληγὴν
3768 3793 4089 3861 ἐπαγαγεῖν.

2528 3883 2757 3938 Ἐκεῖνοι
2787 3879 2880 3936 οὖν
2915 3882 3161 3945 ἄκοντες,
3190 3875 3291 3934 ὦδε
3328 3882 3384 3936 δὲ
3429 3880 3570 3934 ἑκὼν
3618 3880 3803 3932 θύεται
3831 3873 4087 3947 Χριστός.

2515 3967 2612 4018 Διά
2653 3967 2735 4029 τί;
2781 3964 3000 4036 Ἐπειδὴ
3035 3964 3204 4026 τύπος
3231 3960 3298 4033 ἦν
3345 3967 3518 4016 ἐκεῖνο
3563 3962 3655 4014 τοῦ
3694 3955 4086 4029 πνευματικοῦ.

2516 4051 2626 4102 Καὶ
2681 4049 2768 4100 ἵνα
2821 4046 3035 4118 μάθῃς,
3066 4047 3169 4116 ὅρα
3205 4047 3303 4116 ὅση
3339 4049 3372 4116 ἡ
3410 4046 3713 4113 συγγένειαο
3757 4042 3950 4112 Ἀμνὸς
3997 4039 4093 4091 καὶ

2517 4131 2705 4198 ἀμνὸς,
2747 4128 2860 4182 ἀλλ’
2899 4131 2927 4182 ό
2967 4128 3066 4199 μὲν
3099 4129 3310 4196 ἄλογος,
3359 4131 3387 4181 ὁ
3432 4128 3488 4181 δὲ
3533 4126 3772 4193 λογικός·
3821 4123 4090 4194 πρόϐατον

2519 4212 2613 4265 καὶ
2646 4211 2934 4282 πρόϐατον,
2979 4210 3106 4264 σκιά
3155 4212 3248 4264 καὶ
3305 4209 3528 4280 ἀλήθεια
3557 4226 3570 4238 ·
3600 4209 3715 4262 ἀλλ’
3749 4209 4020 4274 ἐπέφανεν
4059 4205 4090 4258 6

2518 4295 2618 4364 τῆς
2654 4293 2998 4363 δικαιοσύνης
3038 4292 3208 4364 ἥλιος,
3250 4294 3402 4363 καὶὴ
3440 4294 3565 4346 σκιὰ
3590 4292 3864 4344 πέπαυται
3887 4307 3901 4321 ο
3933 4289 4088 4358 ἡλίου

2516 4379 2625 4450 γὰρ
2655 4378 2806 4441 ὄντος
2862 4376 3162 4449 κρύπτεται
3193 4379 3226 4448 ἡ
3280 4379 3427 4430 σκιά.
3471 4378 3569 4429 Διά
3598 4375 3757 4427 τοῦτο
3789 4371 3959 4441 ἀμνὸς
3995 4371 4088 4424 καὶ

2515 4464 2574 4515 ἐν
2604 4464 2670 4531 τῇ
2705 4460 2955 4532 τραπέζῃ
2988 4463 3053 4530 τῇ
3118 4465 3376 4532 μυστικῇ,
3428 4460 3514 4513 ἵνα
3567 4458 3644 4528 τῷ
3687 4457 3880 4526 αἵματι
3920 4453 4086 4508 αὐτοῦ

2514 4545 2889 4615 ἀγιαζὼμεθα.
2920 4543 3018 4596 Διά
3041 4545 3134 4597 τοῦ
3163 4556 3185 4584 ⁸
3223 4546 3371 4616 ἡλίου
3398 4543 3638 4605 ἐλθόντος
3669 4539 3860 4610 λύχνος
3891 4541 4086 4609 μηκέτι

2513 4633 2783 4699 φαινέτω·
2837 4627 2996 4680 τύποι
3040 4629 3147 4698 γάρ
3182 4625 3321 4701 ἦσαν
3372 4628 3480 4680 τῶν
3517 4625 3815 4697 μελλόντων
3867 4624 3934 4676 τά
3992 4641 4088 4693 γε-

2511 4718 2724 4784 γονὸτα.

2583 4799 2648 4852 ε’.
2673 4798 2715 4849 Τ
2719 4795 2858 4850 αῦτα
2884 4796 3019 4868 πρὸς
3056 4796 3338 4859 Ἰουδαίους
3361 4794 3524 4861 λέγω,
3558 4791 3643 4845 ἵνα
3671 4791 3744 4862 μὴ
3768 4791 4087 4857 ἀπατῶντες

2511 4883 2760 4944 ἑαυτοὺς,
2777 4881 2975 4934 δοκῶσι
2997 4881 3186 4951 Πάσχα
3202 4879 3490 4938 ἐπιτελεῖν,
3521 4876 3706 4946 ἐπειδὴ
3722 4875 3915 4950 γνώμῃ
3933 4877 4084 4950 [593}

2513 4964 2852 5036 ἀναισχύντῳ
2891 4967 2959 5019 τά
2986 4965 3168 5035 ἄζυμα
3222 4960 3683 5034 προλαμϐάνουσι,
3725 4963 3818 5015 καὶ
3847 4963 4087 5032 προϐάλ-

2513 5048 2692 5102 λονται
2737 5049 2950 5119 ἑορτὴν,
3001 5052 3049 5102 οί
3097 5050 3186 5102 ἀεὶ
3227 5046 3591 5117 ἀπερίτμητοι
3623 5048 3687 5115 τῇ
3736 5046 3955 5118 καρδίᾳ.
3994 5047 4088 5098 καὶ

2511 5136 2623 5196 τοῖς
2657 5133 2759 5185 ὠσὶ
2803 5132 3011 5204 βαρέως
3050 5133 3360 5192 ἀκούοντες.
3393 5128 3545 5194 Πῶς,
3578 5130 3696 5183 εἰπέ
3735 5149 3855 5201 μοι,
3893 5131 4089 5197 Πάσχα

2513 5217 2795 5283 ἐπιτελεῖς,
2827 5212 2872 5270 ὦ
2897 5219 3112 5272 Ἰουδαῖε
3134 5233 3148 5282 ;
3182 5217 3240 5268 ὐ
3267 5213 3392 5275 ναὸς
3415 5213 3785 5268 κατέσκαπται
3808 5231 3822 5243 ·
3849 5216 3877 5267 6
3901 5212 4086 5283 βωμὸς

2512 5300 2800 5371 ἀνῄρηται,
2832 5301 2901 5354 τὰ
2923 5303 3089 5369 ’Ἅγια
3114 5299 3222 5352 τῶν
3248 5296 3418 5364 ἁγίων
3444 5298 3773 5368 πεπάτηται,
3804 5298 3955 5350 πᾶσα
3985 5294 4082 5346 θυ-

2512 5384 2602 5436 σία
2647 5385 3039 5440 καταλέλυταιο
3083 5383 3227 5444 τίνος
3257 5375 3348 5433 οὖν
3390 5380 3573 5434 ἕνεκεν
3608 5381 3812 5451 τολμᾷς
3841 5392 4082 5448 παρανο-

2513 5469 2668 5537 μεῖν;
2713 5468 2982 5539 Ἀπῆλθές
3035 5481 3165 5518 ποτε
3202 5465 3282 5526 εἰς
3329 5463 3643 5526 Βαϐυλῶνα,
3702 5465 3939 5534 ηκουσας
3969 5458 4080 5511 τῶν

2509 5553 3065 5622 αἰχμαλωτευσάντων
3082 5548 3226 5617 ὑμᾶς
3241 5548 3527 5616 λεγόντων,
3549 5551 3769 5619 ’ᾼσατε
3787 5545 3898 5610 τὴν
3914 5541 4081 5609 ᾠδὴν

2507 5635 2652 5702 ἡμῖν
2670 5638 2774 5689 τοῦ
2789 5635 3011 5702 Κυρίου
3034 5649 3047 5662 ο
3069 5633 3162 5684 καὶ
3191 5632 3290 5686 οὐκ
3306 5633 3678 5704 ἠνέσχου.Καὶ
3693 5627 3778 5681 διά
3807 5627 3858 5679 τί
3882 5626 4080 5692 ἔξωθεν

2487 5748 2497 5756 ~
2518 5717 2581 5771 Ὶε
2591 5718 2777 5788 ροσολύ
2786 5736 2901 5787 μων
2919 5717 3090 5778 ποιεῖς
3105 5715 3164 5768 τὸ
3181 5715 3387 5788 Πάσχας
3403 5718 3475 5773 Σὺ
3496 5713 3673 5778 εἶπαςο
3691 5708 3823 5773 Πῶς
3837 5707 4077 5776 ᾷσωμεν

2505 5803 2620 5868 τὴν
2642 5803 2807 5869 ᾠδὴν
2838 5799 3059 5868 Κυρίου
3094 5799 3192 5853 ἐπὶ
3224 5799 3333 5871 γῆς
3359 5799 3714 5868 άλλοτρίας;
3748 5793 3857 5849 Καὶ
3905 5791 4076 5846 ταῦτα

2571 5895 2598 5926 ⁸
2621 5893 2770 5945 Forte
2791 5893 2868 5942 διὰ
2887 5890 3047 5942 τοῦτο.
3077 5891 3229 5944 Savil.
