4432 6696
846 448 952 504 389

847 563 1031 619 beatus
1058 558 1215 615 David
1251 557 1458 613 dicebat
1487 573 1500 609 :
1530 554 1697 624 Super
1734 556 1919 622 ﬂumen
1956 551 2262 622 Babylonis,
2318 549 2424 604 illic

845 654 1064 708 sedimus
1089 663 1134 706 et
1176 651 1405 716 ﬂeuimus
1435 663 1451 701 :
1477 648 1527 700 in
1551 645 1787 700 salicibus
1811 647 1864 696 in
1891 644 2053 696 medio
2082 646 2190 714 ejus
2213 656 2425 710 suspen-

848 747 1015 800 dimus
1033 759 1222 816 organa
1241 753 1414 796 nostra
1432 739 1603 812 (Psal.
1615 742 1635 793 l
1647 739 1765 793 56.1
1780 736 1875 808 .2);
1902 737 1951 790 id
1977 746 2077 800 est,
2096 735 2420 806 psalterium,

848 840 1117 912 cytharatn
1139 877 1154 897 .
1201 836 1368 907 lyram
1399 852 1411 887 :
1449 834 1531 887 his
1559 833 1700 887 enim
1743 831 1870 885 olim
1917 831 2230 894 utebantur,
2262 836 2316 882 et
2341 825 2425 879 bis

848 929 1082 1000 psalmos
1108 927 1389 981 canebant.
1423 923 1540 978 Illic
1569 924 1701 977 enim
1720 963 1736 988 ,
1767 922 1968 991 inquit,
1998 921 2425 988 interrogaverunt

847 1038 960 1083 nos,
987 1019 1073 1090 qui
1098 1019 1322 1090 captivos
1351 1019 1603 1072 duxerunt
1629 1033 1741 1080 nos,
1775 1015 1922 1068 verba
1947 1014 2232 1067 cantionum
2263 1009 2419 1080 (Ibid.

846 1131 893 1166 υ.
923 1111 1012 1183 5).
1062 1110 1131 1166 Ει
1171 1111 1402 1165 diximus
1445 1127 1456 1160 :
1505 1109 1770 1173 Quomodo
1817 1106 2128 1159 cantabimus
2173 1103 2424 1156 canticum

851 1205 1056 1258 Domini
1078 1205 1131 1258 in
1160 1215 1293 1258 terra
1316 1203 1480 1256 aliena
1497 1202 1522 1254 1’
1547 1201 1700 1269 Quid,
1732 1214 1932 1266 qumso,
1960 1196 2131 1251 dicis?
2159 1194 2421 1250 canticum

852 1295 1058 1349 Domini
1091 1311 1195 1348 non
1237 1304 1424 1348 cantas
1463 1294 1513 1347 itt
1557 1303 1696 1348 terra
1727 1292 1927 1351 aliena,
1971 1297 2028 1340 et
2055 1287 2250 1341 Pascha
2280 1285 2422 1339 cele-

847 1386 970 1440 bras
998 1385 1052 1439 in
1091 1395 1230 1439 terra
1261 1384 1464 1438 aliena?
1488 1383 1671 1437 Viden’
1699 1379 2058 1449 stttpiditatem
2081 1375 2422 1430 Judtrorum?

846 1475 979 1530 Cum
1007 1475 1230 1530 aderant
1259 1475 1456 1529 inimici
1486 1473 1573 1542 qui
1611 1477 1897 1540 cogerent,
1931 1483 1997 1521 ne
2022 1466 2282 1536 psalmum
2307 1463 2422 1533 qui-

846 1569 968 1623 dem
1014 1568 1238 1623 recitare
1265 1566 1513 1620 volebant
1553 1564 1605 1617 in
1649 1571 1792 1618 terra
1832 1562 2002 1616 aliena
2032 1578 2044 1612 :
2071 1569 2124 1614 et
2161 1573 2301 1612 nunc
2329 1571 2423 1611 sua

845 1666 1065 1727 sponte,
1094 1658 1306 1711 nemine
1329 1665 1555 1726 cogente
1576 1695 1590 1720 ,
1626 1653 1826 1708 bellum
1857 1650 2089 1706 inferunt
2117 1650 2243 1702 Deo.
2283 1648 2424 1714 Qua.

847 1757 1064 1819 propter
1109 1748 1294 1802 beatus
1333 1745 1636 1816 Stephanus
1674 1744 1884 1798 dicebat
1922 1741 2066 1794 illis:
2105 1738 2204 1792 Vos
2232 1755 2426 1809 semper

847 1839 1072 1906 Spiritui
1105 1849 1280 1893 sancto
1317 1838 1545 1892 resistitis
1568 1837 1704 1905 (Act.
1731 1835 1780 1886 7.
1803 1830 1916 1902 5i).
1946 1831 2105 1884 Vides
2133 1845 2288 1900 quam
2320 1829 2424 1883 im-

848 1945 975 1997 pura
1005 1929 1108 1983 sint
1143 1944 1326 2000 azyma
1350 1971 1366 1994 ,
1412 1942 1568 1996 quam
1601 1927 1831 1993 iniquum
1858 1922 2160 1976 Jttdzeorum
2191 1919 2426 1974 festum?

847 2021 975 2076 Erat
1001 2021 1127 2075 olim
1157 2019 1360 2074 Pascha
1389 2020 1685 2081 Judaicum,
1725 2016 1817 2071 sed
1846 2016 2077 2071 solutum
2109 2022 2210 2068 est.
2251 2012 2422 2076 Tunc,

843 2112 1039 2182 inquit,
1069 2112 1238 2178 Iesus,
1268 2108 1685 2164 ntanducantibus
1714 2107 1818 2160 illis
1842 2115 1896 2160 et
1922 2103 2223 2159 bibentibus
2245 2145 2259 2168 ,
2287 2103 2424 2156 acci-

845 2208 986 2276 piens
1015 2221 1192 2276 panem
1240 2205 1294 2258 in
1324 2210 1536 2257 sanctas
1577 2209 1632 2254 et
1665 2200 2009 2252 intemeratas
2053 2208 2242 2248 manus
2277 2207 2420 2256 suas,

843 2300 1034 2371 gratias
1059 2314 1212 2368 agens
1241 2297 1424 2367 fregit,
1457 2295 1679 2363 dixitque
1721 2289 1983 2358 discipulis
2025 2287 2126 2339 suis
2156 2301 2174 2337 :
2204 2285 2425 2352 Accipite

845 2400 891 2442 et
921 2389 1220 2441 manducate
1247 2403 1264 2440 :
1289 2387 1384 2437 hoc
1412 2393 1483 2437 est
1513 2397 1693 2449 corpus
1722 2393 1883 2430 meum
1923 2374 2144 2444 (Matth.
2169 2372 2260 2426 26.
2291 2371 2420 2441 26),

847 2479 988 2550 quod
1021 2493 1116 2547 pro
1157 2478 1307 2529 vobis
1347 2485 1400 2528 et
1441 2473 1620 2527 multis
1663 2469 1918 2538 frangitur
1962 2467 2014 2519 in
2057 2464 2421 2518 remissionem

843 2579 1204 2642 peccatorum.
1253 2567 1319 2620 Et
1361 2566 1567 2618 calicem
1613 2576 1822 2616 rursum
1868 2558 2154 2626 accipiens,
2185 2554 2321 2608 dedit
2354 2555 2424 2607 eis

843 2663 1016 2717 dicens
1045 2677 1063 2716 :
1093 2658 1191 2714 Hic
1223 2669 1292 2714 est
1319 2657 1524 2727 sanguis
1564 2670 1701 2708 meus
1741 2653 1825 2722 qui
1857 2667 1948 2722 pro
1987 2649 2123 2703 vobis
2149 2647 2425 2714 eﬂ'unditur

843 2757 898 2808 in
918 2753 1256 2808 remissionem
1285 2758 1602 2821 peccatorum
1625 2743 1784 2816 (Ibid.
1804 2759 1852 2796 υ.
1871 2742 1962 2794 27.
1979 2739 2092 2811 28).
2123 2738 2423 2805 Aderatque

843 2846 1009 2903 Judas
1030 2887 1044 2913 ,
1089 2861 1208 2899 cum
1240 2843 1354 2898 hmc
1392 2843 1593 2898 diceret
1623 2839 1896 2893 Dominus.
1939 2835 2035 2888 Hic
2076 2842 2156 2887 est
2186 2831 2421 2900 sanguis,

844 2953 879 2992 ο
905 2936 1041 2993 Juda
1063 2977 1078 3001 ,
1123 2949 1279 3004 quem
1307 2932 1591 2986 vendidisti
1635 2930 1845 2998 triginta
1886 2925 2150 2995 argenteis
2182 2937 2196 2974 :
2226 2922 2313 2977 hic
2342 2930 2424 2976 est

843 3029 1084 3099 sanguis,
1113 3042 1210 3097 pro
1243 3039 1348 3095 quo
1374 3039 1543 3092 nuper
1567 3021 1902 3092 impudentia
1927 3025 2075 3094 pacta
2103 3022 2273 3077 inibas
2303 3035 2422 3075 cum

843 3117 1098 3187 improbis
1121 3115 1424 3173 Pharistcis.
1449 3110 1496 3172 0
1522 3124 1773 3186 quantam
1791 3113 1987 3168 Christi
2012 3111 2418 3180 benignitatem!

845 3225 879 3265 ο
917 3211 1178 3282 ingratum
1219 3211 1368 3265 inda:
1409 3207 1680 3261 animum!
1724 3203 1981 3258 Dominus
2023 3200 2322 3263 nutriebat,
2371 3206 2426 3252 et

844 3319 1034 3360 servus
1060 3303 1342 3359 vendebat.
1389 3299 1482 3354 Ille
1512 3309 1737 3365 namque
1764 3291 2001 3348 vendidit
2034 3305 2155 3345 eum
2192 3287 2425 3356 acceptis

844 3395 1058 3466 triginta
1101 3391 1410 3463 argenteis;
1455 3386 1698 3441 Christus
1737 3396 1865 3436 vero
1911 3380 1962 3434 in
2003 3376 2420 3446 redemptionem

843 3465 1079 3542 nostram
1123 3482 1394 3553 proprium
1443 3476 1750 3547 sanguinem
1799 3471 2022 3535 etl‘udit,
2067 3477 2122 3523 et
2161 3465 2420 3523 venditori

844 3577 1090 3643 tradidit,
1121 3574 1382 3645 siquidem
1413 3570 1686 3625 voluisset.
1721 3567 1918 3622 Aderat
1946 3564 2086 3617 enim
2114 3560 2276 3615 Judas
2298 3568 2422 3612 ante

847 3667 1220 3739 proditionem,
1243 3673 1297 3718 et
1318 3677 1483 3717 sacra:
1510 3673 1706 3714 mensa:
1733 3655 1996 3726 particeps
2015 3660 2147 3715 erat,
2175 3649 2422 3720 mystica-

846 3738 951 3830 que
978 3772 1128 3813 cinna
1162 3754 1453 3809 fruebatur.
1492 3746 1946 3815 Quemadmodum
1975 3742 2115 3798 enim
2143 3740 2306 3810 pedes
2333 3738 2416 3792 di-

845 3829 1171 3919 scipulorum
1202 3845 1326 3899 lavit
1360 3842 1634 3906 Dominus,
1663 3839 1741 3892 sic
1766 3845 1819 3891 et
1843 3849 2008 3889 sacra:
2036 3846 2235 3887 mensa:
2259 3829 2420 3899 parti-

845 3956 976 4010 ceps
1002 3939 1099 3993 fuit
1118 3937 1315 3999 Judas;
1345 3943 1400 3988 ut
1425 3933 1619 3987 nullam
1647 3929 1867 3983 haberet
1889 3925 2303 3987 excusationem,
2327 3920 2420 3975 sed

844 4030 1096 4102 judicium
1127 4028 1408 4094 acciperet.
1455 4023 1586 4076 Nam
1622 4022 1675 4074 in
1704 4033 1864 4088 prava
1891 4014 2149 4070 sententia
2180 4025 2424 4081 perseve-

847 4123 1033 4184 rabat.
1074 4130 1128 4175 et
1175 4132 1461 4188 egressus.
1503 4112 1671 4167 osculi
1715 4112 1833 4164 loco
1877 4106 2229 4176 proditionem
2279 4103 2420 4164 fecit,

850 4214 1133 4267 immemor
1159 4208 1554 4264 beneﬁciorum.
1581 4206 1654 4256 Ac
1686 4209 1803 4268 post
1830 4197 2181 4267 proditionem
2204 4193 2425 4262 projecit

851 4304 1063 4374 triginta
1091 4307 1371 4370 argenteos
1396 4297 1580 4350 dicens
1613 4316 1626 4346 :
1659 4291 1870 4344 Peccavi
1896 4288 2102 4340 tradens
2130 4283 2423 4352 sanguinem

847 4395 1159 4447 innocentem
1189 4389 1401 4462 (Matth.
1429 4385 1521 4438 27.
1549 4385 1624 4454 5).
1656 4382 1702 4436 0
1728 4380 2019 4436 caecitatem
2043 4377 2057 4430 !
2103 4388 2270 4429 omna:
2300 4386 2424 4462 par-

850 4481 1019 4552 ticeps
1062 4461 1238 4543 fuisti,
1280 4485 1334 4531 et
1374 4473 1667 4529 beneﬁcum
1717 4465 2040 4540 prodidisti?
2079 4464 2146 4518 Et
2171 4461 2425 4518 Dominus

853 4572 1069 4642 quidem
1116 4568 1256 4638 quod
1310 4567 1564 4634 scriptum
1606 4573 1721 4617 erat
1768 4561 1937 4614 libens
1987 4555 2236 4626 implebat
2275 4573 2310 4603 ὀ
2338 4553 2426 4607 Va:

853 4673 1022 4717 autem
1047 4662 1125 4714 illi
1149 4675 1237 4729 per
1260 4673 1407 4728 quem
1433 4654 1725 4708 scandalum
1754 4651 1884 4705 venit
1908 4648 2122 4723 (Matth.
2148 4654 2236 4712 18.
2262 4652 2350 4717 7)!

925 4756 976 4809 6.
1005 4752 1129 4806 llarc
1155 4751 1322 4814 verba,
1341 4747 1450 4801 [loc
1470 4756 1550 4799 est
1569 4757 1761 4812 corpus
1782 4756 1956 4795 meum
1985 4737 2239 4807 proposita
2262 4745 2426 4788 trans-

855 4852 1095 4919 {ortnant.
1143 4843 1298 4896 Pacis
1344 4838 1566 4892 studium
1601 4831 1934 4888 necessarium
1962 4831 2031 4879 ad
2069 4828 2163 4878 tite
2203 4841 2426 4877 commu-

855 4913 1144 4989 nicandum.
1171 4961 1239 4972 —
1274 4931 1376 4984 Sed
1409 4939 1616 4995 tempus
1651 4923 1865 4978 demum
1904 4926 1985 4972 est
2013 4915 2079 4969 ad
2109 4913 2426 4967 horrendam

857 5030 995 5083 hanc
1026 5024 1459 5089 tremendamque
1498 5030 1734 5074 mensam
1764 5009 2071 5067 accedendi.
2102 5006 2298 5062 Omnes
2333 5003 2428 5072 igi-

859 5133 942 5176 tur
973 5133 1094 5173 cum
1131 5130 1256 5184 pura
1288 5110 1609 5165 conscientia
1637 5105 1970 5160 accedamus.
2015 5098 2201 5154 Nullus
2229 5094 2315 5149 hic
2339 5093 2432 5148 Ju-

857 5213 954 5266 das
981 5219 1098 5265 esto
1117 5182 1304 5262 dolose
1326 5214 1488 5270 agens
1514 5199 1566 5252 in
1591 5197 1887 5266 proximum
1915 5205 2092 5254 suum,
2119 5200 2275 5242 nemo
2293 5182 2432 5238 adsit

862 5303 1131 5376 improbus
1157 5341 1172 5365 ,
1223 5309 1384 5352 nemo
1429 5304 1691 5346 venenum
1734 5284 1961 5340 occultet
2006 5283 2059 5335 itt
2103 5278 2266 5335 corde
2309 5290 2426 5330 suo.

861 5395 1026 5449 Adest
1065 5401 1119 5447 et
1160 5403 1304 5444 nunc
1344 5385 1586 5440 Christus
1632 5390 1865 5431 mensam
1909 5386 2179 5427 exornans
2211 5387 2225 5423 :
2257 5381 2431 5435 neque

862 5487 1003 5540 enim
1045 5484 1203 5537 homo
1231 5489 1314 5535 est
1341 5481 1386 5531 is
1409 5518 1424 5539 .
1467 5473 1555 5543 qui
1588 5469 1709 5525 facit
1747 5475 1805 5521 ut
1851 5463 2116 5534 proposita
2157 5473 2350 5528 corpus
2379 5465 2433 5510 et

861 5577 1077 5649 sanguis
1100 5573 1293 5628 Christi
1332 5569 1642 5624 efﬁciantur.
1682 5560 1928 5630 Figuram
1974 5562 2175 5608 tantum
2206 5549 2432 5618 impletis

865 5643 1264 5730 stat'sacerdos,
1293 5671 1346 5716 et
1367 5655 1803 5728 supplicationem
1832 5649 1988 5705 oll‘ert
2016 5663 2028 5698 :
2060 5643 2227 5714 gratia
2257 5650 2432 5695 autem

867 5777 920 5819 et
947 5765 1108 5818 virtus
1137 5757 1227 5812 Dei
1254 5763 1334 5808 est
1357 5793 1371 5818 ,
1416 5766 1532 5820 qum
1561 5747 1735 5802 omnia
1765 5742 1945 5798 efficit.
1999 5736 2111 5791 Hoc
2143 5744 2214 5790 est
2254 5749 2432 5803 corpus

871 5836 1844 5920 meum(Matth.36.3“),ittt1ttil.Hoc
1884 5832 2100 5889 verbum
2161 5830 2426 5900 proposita

1560 435 1616 491 S.
1654 433 1930 490 JOANNIS
1959 426 2430 489 CHRYSOSTOMI
2469 429 2783 486 ARCHIEP.
2823 429 3354 487 CONSTANTINOP.

3991 446 4097 502 590

2532 546 2890 602 transformat.
2923 551 2988 604 Et
3014 550 3456 620 quemadmodum
3487 565 3585 604 vox
3616 553 3733 616 illa,
3764 557 4010 623 Crescite,
4051 571 4100 617 et

2529 641 2937 710 multiplicamini
2963 652 3010 696 et
3037 646 3219 714 replete
3244 653 3428 698 terram
3458 641 3607 714 (Gen.
3639 646 3690 698 i.
3713 645 3817 716 28)
3837 689 3851 713 ,
3880 651 4100 706 verbum

2528 738 2677 794 erat,
2706 738 2759 785 et
2801 731 2990 786 factum
3019 743 3103 787 est
3145 748 3279 804 opus
3297 775 3312 799 ,
3341 734 3478 804 quod
3526 733 3770 790 humanae
3799 749 4002 795 natura:
4033 743 4098 796 ad

2531 819 2817 875 liberorum
2840 824 3260 890 procreationem
3283 825 3384 877 vim
3409 823 3613 879 inderet
3637 841 3650 876 :
3677 825 3757 882 sic
3778 835 3831 880 et
3856 827 3972 883 hsce
3995 845 4101 886 vos

2529 913 2731 980 prolata
2777 927 2987 982 semper
3015 915 3183 980 gratia
3223 927 3378 987 auget
3405 931 3498 972 eos
3519 957 3536 982 ,
3583 916 3670 984 qui
3699 916 3858 986 digne
3887 923 4093 987 parttci-

2530 1011 2676 1068 pant.
2725 1002 2910 1057 Nullus
2941 1003 3116 1071 itaque
3157 1007 3433 1060 simulatus
3458 1007 3564 1071 sit,
3597 1005 3772 1060 nullus
3801 1007 4096 1076 improbus,

2530 1090 2706 1146 nullus
2735 1108 2894 1160 rapax
2919 1134 2935 1159 ,
2969 1092 3142 1147 nullus
3176 1096 3588 1151 contumeliosus
3613 1137 3627 1161 ,
3671 1096 3845 1151 nullus
3875 1097 4097 1150 fratrum

2529 1195 2673 1246 osor,
2705 1182 2880 1236 nullus
2904 1196 3117 1247 avarus,
3149 1184 3325 1238 nullus
3352 1186 3613 1250 ebriosus,
3647 1186 3820 1241 nullus
3845 1187 4097 1240 ambitio-

2527 1287 2618 1326 sus
2638 1313 2652 1337 ,
2684 1275 2858 1329 nullus
2887 1275 3238 1328 masculorum
3273 1278 3602 1344 concubitor,
3649 1279 3822 1333 nullus
3863 1278 4095 1343 invidus,

2529 1363 2708 1417 nullus
2734 1363 3064 1418 fornicationi
3091 1363 3321 1428 deditus,
3349 1366 3522 1421 nullus
3548 1366 3651 1432 fur,
3683 1369 3854 1424 nullus
3879 1369 4096 1422 insidio-

2527 1468 2618 1507 sus
2637 1495 2651 1518 ,
2687 1469 2752 1508 ne
2767 1453 3020 1523 judicium
3049 1453 3146 1507 sibi
3177 1465 3368 1508 sumat.
3398 1456 3604 1511 Etenim
3636 1435 3760 1514 tunc
3785 1460 3948 1516 ludas
3975 1475 4094 1532 my-

2527 1545 2714 1598 sticam
2745 1559 2949 1600 ccenam
2983 1544 3192 1613 indigne
3223 1545 3552 1614 participavit
3573 1589 3590 1614 ,
3620 1559 3676 1604 et
3699 1565 3948 1620 egressus
3988 1553 4095 1606 Do-

2529 1636 2729 1688 minutn
2756 1634 2988 1705 prodidit
3012 1651 3024 1686 :
3055 1633 3304 1688 utdiscas
3325 1636 3378 1688 in
3402 1651 3496 1690 eos
3517 1641 3752 1696 maxime
3776 1650 3830 1696 et
3849 1642 4098 1713 frequen-

2532 1727 2636 1780 tius
2663 1726 2926 1781 diabolum
2971 1725 3205 1791 insilire,
3235 1726 3323 1794 qui
3350 1728 3599 1798 mysteria
3641 1730 3851 1801 indigne
3876 1735 4094 1802 partici-

2531 1831 2678 1887 pant,
2705 1834 2903 1888 eosque
2931 1821 3073 1888 ipsos
3099 1819 3150 1872 in
3179 1819 3348 1886 majus
3373 1835 3430 1874 se
3458 1822 3770 1891 supplicium
3808 1827 4094 1895 conjicere.

2530 1910 2653 1964 Haec
2681 1910 2799 1964 dico
2827 1925 2931 1963 non
2961 1919 3017 1963 ut
3059 1919 3306 1973 terream,
3350 1910 3444 1964 sed
3485 1921 3542 1964 ut
3564 1915 3828 1969 cautiores
3851 1915 4093 1970 reddam.

2529 2001 2982 2067 Quemadmodum
3013 2002 3151 2056 enim
3195 2017 3482 2071 corporeus
3508 2003 3658 2058 cibus
3677 2047 3692 2070 ,
3723 2020 3842 2059 cum
3884 2007 3934 2060 in
3960 2021 4094 2061 ven-

2530 2103 2661 2147 trem
2709 2092 2882 2161 pravis
2924 2091 3230 2146 humoribus
3272 2092 3480 2161 plenum
3528 2093 3804 2160 inciderit,
3851 2095 4090 2150 morbum

2528 2195 2683 2254 auget
2718 2203 2728 2237 :
2763 2185 2838 2238 sic
2867 2193 2920 2238 et
2947 2183 3234 2252 spiritualis
3258 2183 3408 2238 cibus
3431 2198 3550 2238 cum
3578 2185 3789 2254 indigne
3815 2185 4092 2254 participa-

2528 2287 2640 2338 tur,
2689 2277 2982 2346 graviorem
3015 2277 3405 2331 damnationem
3435 2278 3667 2331 attrahit.
3711 2278 3877 2332 Nemo
3911 2279 4090 2347 igitur,

2525 2365 2746 2419 obsecro
2771 2408 2784 2431 ,
2819 2381 3006 2434 pravas
3035 2367 3174 2421 intus
3214 2367 3555 2436 cogitationes
3598 2366 3786 2420 habeat
3809 2407 3825 2431 ,
3870 2367 3964 2421 sed
3998 2381 4094 2421 eor

2525 2466 2763 2508 nostrum
2800 2471 3152 2526 expurgemus
3184 2474 3196 2510 :
3224 2458 3418 2511 etenim
3448 2457 3638 2524 templa
3666 2456 3755 2510 Dei
3795 2471 3980 2510 sumus
3999 2497 4014 2521 ,
4045 2459 4092 2512 si

2527 2560 2654 2612 pure
2676 2561 2910 2616 agamus.
2959 2546 3170 2601 Castam
3216 2547 3495 2601 reddamus
3537 2547 3764 2600 animam
3811 2557 4088 2602 nostram:

2526 2649 2647 2686 nam
2677 2635 2758 2688 vel
2805 2652 2911 2689 uno
2953 2635 3041 2689 die
3084 2636 3134 2688 id
3178 2634 3289 2688 ﬁeri
3335 2645 3529 2704 potest.
3574 2635 3850 2701 Quomodo
3891 2646 3947 2692 et
3986 2653 4090 2706 qua

2526 2725 2774 2778 ratione?
2799 2723 2854 2778 Si
2876 2725 3140 2794 quidpiam
3167 2724 3413 2778 habueris
3438 2733 3621 2778 contra
3649 2726 3938 2790 inimicum,
3963 2727 4092 2782 tolle

2528 2815 2695 2879 iram,
2741 2817 2886 2868 solve
2929 2813 3250 2868 inimicitiam
3274 2854 3288 2879 ,
3334 2823 3390 2867 ut
3417 2814 3674 2869 medelam
3705 2815 4032 2871 remissionis
4058 2831 4088 2870 a

2527 2922 2708 2961 mensa
2739 2908 2980 2982 recipias.
3007 2906 3089 2966 Ad
3113 2907 3428 2966 sacriﬁcium
3465 2908 3676 2968 accedis
3696 2908 4014 2968 horrendum
4039 2923 4096 2970 et

2534 3012 2773 3056 Sanctum
2806 3018 2824 3055 .°
2855 3003 3152 3056 immolatus
3190 3003 3333 3071 jacet
3378 3002 3636 3056 Christus.
3681 3002 3873 3057 Verum
3921 3005 4091 3073 cogita

2528 3107 2631 3160 qua
2656 3093 2722 3146 de
2751 3107 2906 3146 causa
2933 3093 3139 3146 occisus
3163 3102 3251 3146 stt.
3279 3093 3323 3146 Ο
3355 3093 3597 3162 qualibus
3628 3094 3891 3164 mysteriis
3922 3097 4093 3162 priva-

2528 3191 2613 3236 tus
2636 3197 2694 3236 es
2716 3225 2729 3245 ,
2760 3183 2941 3237 .luda?
2977 3183 3220 3238 Christus
3260 3183 3485 3238 libenter
3532 3199 3737 3252 passus,
3783 3195 3840 3239 ut
3874 3186 4093 3238 medium

2525 3271 2763 3340 parietem
2785 3272 3016 3328 macerite
3039 3272 3264 3342 (Ep/tes.
3286 3273 3340 3327 2.
3365 3271 3466 3344 Η)
3497 3275 3742 3337 solveret.
3773 3283 3827 3330 et
3848 3275 4093 3346 jungeret

2524 3360 2729 3416 inferna
2758 3363 3002 3432 supernis
3024 3405 3038 3429 ,
3073 3374 3128 3418 ut
3153 3373 3205 3417 te
3235 3364 3501 3417 inimicum
3530 3372 3584 3416 et
3609 3363 3810 3418 hostem
3829 3405 3844 3430 ,
3875 3365 4092 3434 angelo-

2524 3467 2644 3507 rum
2673 3463 2977 3508 consortem
3008 3453 3224 3508 laceret.
3267 3452 3336 3505 Et
3358 3451 3600 3506 Christus
3622 3452 3834 3522 quidem
3861 3454 4090 3508 animam

2523 3559 2675 3600 suam
2726 3543 2940 3599 tradidit
2987 3559 3082 3612 pro
3127 3551 3226 3606 te;
3274 3551 3326 3595 ttt
3369 3557 3498 3596 vero
3547 3543 3867 3596 inimicitiam
3912 3557 4092 3598 servas

2523 3635 2778 3690 adversus
2797 3633 3155 3690 conservum?
3183 3632 3348 3701 Ecqui
3368 3632 3562 3699 poteris
3582 3632 3832 3686 accedere
3856 3632 3922 3687 ad
3944 3648 4095 3687 men-

2523 3740 2637 3781 sam
2668 3726 2854 3795 pacis?
2896 3723 3151 3779 Dominus
3181 3731 3300 3775 tuus
3329 3737 3433 3775 non
3475 3723 3735 3777 recusavit
3762 3722 3938 3776 omnia
3983 3724 4093 3793 pati

2525 3827 2741 3887 propter
2780 3825 2863 3879 te,
2903 3824 2955 3868 ttt
2985 3828 3108 3868 vero
3148 3827 3214 3866 ne
3259 3812 3390 3866 iram
3432 3813 3644 3882 quidem
3675 3814 3949 3868 remittere
3972 3815 4092 3868 vis?

2522 3909 2629 3964 Cur
2656 3907 2880 3977 qua-so?
2905 3906 3112 3960 Caritas
3136 3913 3218 3957 est
3245 3903 3412 3969 radix,
3443 3903 3558 3959 fons
3585 3914 3638 3959 et
3663 3915 3831 3959 mater
3857 3906 4089 3958 omnium

2525 4000 2808 4054 bonorum.
2840 3995 3125 4060 Mammas,
3155 3992 3359 4062 inquies
3381 4035 3396 4057 ,
3427 3993 3556 4047 mihi
3600 3994 3868 4048 molestias
3895 3994 4089 4056 intulit,

2525 4091 2799 4143 innumera
2845 4087 3074 4150 damna,
3126 4085 3176 4137 in
3220 4085 3339 4138 vitae
3382 4084 3664 4139 discrimen
3713 4099 3800 4138 me
3841 4082 4088 4152 conjecit.

2527 4179 2724 4250 Ecquid
2752 4179 2852 4232 hoc
2878 4176 2998 4231 est?
3025 4175 3254 4230 nondum
3281 4186 3331 4231 te
3352 4175 3494 4230 cruci
3519 4173 3704 4238 afﬁxit,
3733 4183 3790 4227 ut
3809 4173 4090 4226 Dominum

2525 4271 2712 4326 iudici.
2745 4271 2799 4324 Si
2829 4285 2932 4322 non
2971 4267 3236 4322 remiseris
3274 4267 3516 4336 proximo
3557 4273 3646 4318 tuo
3685 4263 3952 4332 injuriam,
3997 4278 4092 4318 nec

2528 4366 2684 4418 Pater
2723 4373 2842 4416 tuus
2885 4361 3108 4416 catlestis
3153 4361 3387 4414 remittet
3429 4358 3521 4412 tibi
3567 4365 3778 4425 peccata
3822 4363 3929 4408 tua.
3979 4354 4092 4422 Qua

2527 4453 2849 4508 conscientia
2878 4450 3040 4514 dices,
3071 4448 3222 4502 Pater
3250 4459 3437 4515 noster,
3462 4447 3548 4516 qui
3574 4461 3625 4498 es
3647 4444 3699 4496 in
3725 4444 3879 4508 ctelis,
3909 4445 4093 4496 sancti-

2527 4547 2704 4614 ﬁcetur
2746 4557 2924 4596 nomen
2951 4550 3109 4602 tuum,
3153 4549 3202 4592 et
3231 4548 3421 4591 caatet'a
3443 4538 3464 4590 ?
3494 4533 3752 4603 Similiter
3777 4531 4016 4585 Christus
4041 4543 4094 4586 et

2526 4638 2834 4708 sanguinem
2859 4677 2874 4703 ,
2902 4650 3059 4705 quem
3103 4634 3173 4688 illi
3204 4631 3502 4687 eﬁ‘uderunt
3526 4668 3540 4692 ,
3571 4628 3620 4678 in
3652 4624 3875 4678 salutem
3918 4623 4089 4677 effun-

2526 4732 2762 4786 dentium
2786 4728 2950 4783 dedit.
2991 4725 3124 4794 Quid
3166 4725 3286 4778 huic
3315 4723 3389 4776 rei
3425 4734 3518 4788 par
3542 4715 3754 4770 efﬁcere
3779 4715 3994 4782 potest?
4034 4715 4089 4769 Si

2529 4838 2633 4877 non
2656 4820 2920 4876 dimiseris
2940 4818 3175 4884 inimico,
3200 4830 3306 4870 non
3327 4813 3473 4866 illutn
3497 4805 3698 4869 lmsisti,
3722 4804 3814 4859 sed
3839 4805 4090 4874 teipsum:

2531 4912 2675 4965 illum
2705 4911 2916 4979 quidem
2942 4923 3084 4977 saepe
3109 4909 3159 4960 in
3192 4900 3439 4975 prmsenti
3470 4897 3572 4950 vita
3599 4895 3778 4949 ltesisti
3803 4935 3819 4962 ,
3847 4897 3940 4950 tibi
3970 4912 4094 4950 vero

2531 4999 2871 5068 supplicium,
2917 4995 3056 5066 quod
3103 5006 3386 5062 numquam
3434 4984 3766 5050 remittetur,
3808 4988 4001 5055 parasti
4044 4989 4093 5039 in

2534 5092 2768 5147 futurum
2808 5091 2953 5144 illum
2993 5087 3154 5143 diem.
3196 5083 3471 5142 Neminem
3501 5077 3639 5131 enim
3678 5076 3748 5131 ita
3779 5077 3918 5132 Deus
3945 5093 4096 5132 aver-

2533 5195 2699 5248 satur,
2729 5191 2783 5237 ιιι
2812 5181 3119 5250 iniuriarum
3151 5186 3441 5232 memorem
3469 5168 3736 5222 hominem
3757 5210 3772 5233 ,
3802 5177 3860 5224 ut
3888 5183 3980 5224 cor
4011 5176 4097 5220 tu-

2535 5291 2704 5338 mens,
2729 5283 2782 5328 et
2807 5273 2882 5327 ira
2911 5274 3177 5326 incensam
3202 5265 3453 5318 animam.
3487 5257 3618 5312 Audi
3643 5258 3785 5313 enim
3811 5257 3934 5327 quid
3961 5256 4098 5308 dicat

2537 5366 2787 5420 Dominus
2813 5383 2826 5417 :
2852 5363 2908 5418 Si
2930 5361 3081 5429 oﬁ‘ers
3107 5368 3286 5410 munus
3314 5363 3452 5404 tuum
3477 5348 3543 5401 ad
3565 5349 3745 5410 altare,
3773 5357 3820 5400 et
3842 5347 3909 5400 ibi
3934 5359 4094 5396 recor-

2536 5457 2684 5510 datus
2712 5455 2865 5524 fueris
2893 5453 3011 5522 quia
3041 5454 3196 5518 frater
3224 5453 3338 5495 tuus
3367 5439 3505 5494 habet
3531 5439 3721 5508 aliquid
3745 5439 4006 5490 adversm);
4032 5441 4097 5497 te,

2535 5523 2754 5616 relinque
2799 5544 2866 5598 ibi
2912 5553 3093 5596 munus
3136 5543 3276 5588 tuum
3315 5540 3432 5584 ante
3472 5531 3666 5592 altare,
3716 5537 3761 5582 et
3802 5523 3928 5579 vade
3965 5524 4108 5588 prius

2535 5612 2855 5694 reconciliare
2904 5630 3052 5704 fratri
3101 5634 3221 5687 tuo;
3266 5631 3311 5676 et
3354 5632 3469 5676 tunc
3510 5622 3709 5676 vettiens
3755 5612 3882 5680 offer
3925 5626 4108 5663 munus

2541 5743 2676 5786 tttum
2711 5703 2918 5798 (Matth.
2944 5722 2996 5776 5.
3023 5718 3116 5773 es.
3138 5716 3253 5782 et).
3281 5713 3414 5781 Quid
3443 5712 3616 5767 dicis?
3647 5709 3784 5763 ibinc
3813 5703 4106 5769 relinquam

2538 5841 2749 5885 munus,
2778 5835 2870 5875 seu
2897 5807 3252 5870 sacriﬁcium?
3293 5806 3483 5874 Etiam,
3513 5803 3681 5871 inquit
3706 5817 3716 5850 :
3743 5809 3862 5849 nam
3890 5803 4105 5866 propter
