4432 6690
350 464 458 518 389

350 577 524 645 δηλῶν
550 579 582 630 6
605 578 872 648 μακάριος
908 577 1068 631 Δαυῗδ
1098 578 1280 646 ἔλεγεν
1301 593 1312 604 ·
1360 577 1482 629 Ἐπὶ
1516 577 1620 630 τὸν
1655 576 1924 646 ποταμὸν

352 657 726 727 Βαϐυλῶνος,
739 661 869 714 ἐκεῖ
881 662 1244 728 ἐκαθίσαμεν
1265 659 1361 711 καί
1385 658 1768 730 ἐκλαύσαμεν
1786 676 1798 689 ⁸
1823 657 1922 711 ἐπὶ

355 741 482 806 ταῖς
508 741 686 809 ίτέαις
704 744 773 796 ἐν
789 745 958 813 μέσῳ
976 743 1164 809 αὐτῆς
1184 741 1594 812 ἐκρεμάσαμεν
1609 743 1680 796 τὰ
1702 743 1924 810 ὄργανα

352 822 540 891 ἡμῶν,
574 826 918 890 τουτέστι,τὸ
949 825 1268 894 ψαλτήριον,
1297 825 1395 895 τὴν
1424 827 1674 898 κιθάραν,
1702 824 1802 894 τὴν
1831 822 1924 875 λύ-

354 924 454 976 ραν
470 923 484 937 ·
515 907 723 971 τούτοις
751 907 860 979 γάρ
885 907 948 960 τὸ
972 906 1198 958 παλαιὸν
1220 907 1533 978 ἐκέχρηντο,
1569 907 1663 961 καὶ
1690 906 1777 959 διὰ
1798 904 1923 958 τού-

349 1005 458 1042 των
486 989 613 1052 τούς
647 989 895 1059 ψαλμοὺς
932 985 1078 1061 ᾖδον.
1110 988 1267 1042 Ἐκεῖ
1310 990 1439 1058 γὰρ,
1481 991 1666 1059 φησὶν,
1699 986 1924 1055 ἐπηρώ-

350 1088 546 1137 τησαν
587 1069 745 1140 ἡμᾶς
780 1073 835 1122 οἱ
872 1071 1468 1138 αᾶμαλωτεύσαντες
1511 1071 1667 1140 ἡμᾶς
1699 1071 1921 1137 λόγους

350 1152 552 1218 ᾠδῶν·
607 1153 701 1206 καὶ
737 1151 989 1219 εἴπαμεν
1026 1151 1157 1217 Πῶς
1187 1153 1427 1222 ς’ίσωμεν
1470 1153 1583 1220 τὴν
1614 1151 1780 1219 ᾠδὴν
1803 1155 1922 1205 Κυ-

344 1237 482 1301 ρίου
519 1235 616 1287 ἑπὶ
643 1233 757 1302 γῆς
781 1235 1145 1302 ἀλλοτρίας
1184 1239 1246 1291 Τί
1268 1239 1472 1307 λέγεις,
1510 1237 1631 1291 είπέ
1665 1252 1784 1308 μοι;
1822 1233 1921 1305 τὴν

346 1314 494 1386 ᾠδὴν
543 1315 748 1385 Κυρίου
789 1315 890 1370 οὐκ
938 1317 1082 1388 ᾀδεις
1120 1321 1210 1372 ἐπὶ
1240 1322 1342 1392 γῆς
1372 1323 1691 1392 ἀλλοτρίας,
1737 1320 1832 1373 καὶ
1861 1319 1921 1371 τὸ

353 1399 543 1467 Πάσχα
569 1397 839 1461 ἐπιτελεῖς
865 1400 956 1452 ἐπὶ
984 1403 1085 1472 γῆς
1121 1402 1404 1474 ἀλλοτρίας
1427 1421 1442 1470 ;
1479 1400 1633 1468 Εἶδες
1661 1402 1921 1473 ἀναισθη-

352 1483 472 1535 σίαν
514 1481 819 1548 ἰουδαίων;
855 1483 984 1537 Ὅτε
1020 1486 1267 1556 πολέμιοι
1325 1484 1465 1559 ἦσαν
1495 1493 1543 1543 οί
1579 1487 1921 1554 καταναγκά-

351 1567 557 1626 ζοντες,
585 1563 708 1618 οὔτε
736 1565 952 1636 ψαλμὸν
975 1569 1177 1623 εἴλοντο
1195 1574 1370 1623 εἰπεῖν
1391 1572 1482 1623 ἐπὶ
1499 1572 1600 1641 γῆς
1615 1569 1918 1638 ἀλλοτρίαςο

354 1647 447 1700 καὶ
481 1645 576 1698 νῦν
603 1647 695 1716 ἀφ’
723 1649 953 1715 ἑαυτῶν,
986 1652 1197 1716 οὐδενὸς
1231 1654 1650 1720 ἀναγκάζοντος,
1690 1650 1922 1712 πόλεμον

351 1731 631 1798 εἰσάγουσι
674 1733 814 1803 πρὸς
849 1735 941 1787 τὸν
971 1736 1124 1789 Θεόν.
1165 1737 1257 1788 Διὸ
1297 1737 1389 1788 καὶ
1432 1738 1460 1788 6
1497 1735 1764 1806 μακάριος
1798 1734 1922 1785 Στέ-

353 1831 522 1881 φανος
550 1815 702 1884 ἔλεγε
739 1817 875 1889 πρὸς
902 1820 1132 1882 αὐτούς·
1163 1820 1360 1888 ’Υμεῖς
1393 1820 1484 1872 ἀεὶ
1515 1819 1594 1883 τῷ
1628 1820 1923 1887 ιῖνεύματι

352 1895 430 1960 τῷ
445 1897 592 1965 ἁγίῳ
607 1900 1006 1954 ἀντιπίπτετε.
1036 1902 1196 1971 Ὁρᾷς
1212 1903 1287 1963 ὡς
1315 1901 1599 1968 ἀκάθαρτα
1616 1903 1682 1953 τὰ
1705 1901 1887 1969 ἄζυμα
1905 1918 1920 1965 ;

352 1979 469 2040 πῶς
521 1981 837 2051 παράνομος
885 1985 920 2052 ή
973 1984 1136 2052 ἑορτὴ
1183 1984 1218 2052 ή
1266 1979 1698 2053 Ἰουδαῐκή;Ἶιν
1733 1985 1924 2052 Πάσχα

364 2062 651 2116 Ἰουδαϊκόν
676 2081 825 2127 ποτε,
846 2065 959 2117 ἀλλ’
980 2064 1335 2136 ἐλύθη.Τότε,
1364 2067 1548 2135 φησὶν,
1579 2066 1638 2118 '0
1664 2065 1922 2131 Ἰησοῦς,

348 2144 678 2197 ἐσθιόντων
701 2145 900 2199 αὐτῶν
923 2147 1021 2200 καί
1053 2148 1372 2208 πινόντων,
1393 2148 1595 2201 λαϐὼν
1626 2147 1806 2216 ἄρτον
1825 2147 1924 2200 ἐπὶ

352 2223 471 2279 τῶν
499 2227 682 2296 ἁγίων
707 2228 805 2281 καί
856 2227 1172 2298 ἀχράντων
1200 2230 1386 2284 αὐτοῦ
1413 2229 1645 2298 χειρῶν,
1688 2232 1924 2298 εὐχαρι-

347 2307 588 2374 στήσας
629 2309 728 2362 καί
773 2313 1004 2377 κλάσας
1039 2309 1170 2365 εἶπε
1200 2313 1323 2379 τοῖς
1351 2314 1568 2367 ἑαυτοῦ
1599 2315 1918 2383 μαθηταῖς·

347 2391 592 2455 Λάϐετε,
625 2393 872 2464 φάγετεο
907 2395 1084 2448 τοῦτό
1109 2415 1228 2464 μου
1251 2395 1382 2450 ἐστὶ
1408 2397 1474 2450 τὸ
1493 2396 1664 2466 σῶμα
1693 2399 1754 2451 τὸ
1784 2398 1922 2468 ὑπὲρ

344 2475 505 2543 ,ὐμῶν
551 2477 647 2528 καὶ
701 2477 912 2531 πολλῶν
941 2479 1220 2549 κλώμενον
1269 2483 1348 2544 είς
1386 2481 1583 2548 ἄφεσιν
1611 2481 1916 2552 ἁμαρτιῶν.

347 2558 459 2611 Καὶ
510 2559 576 2612 τὸ
613 2559 904 2628 ποτήριον
951 2562 1111 2615 πάλιν
1171 2563 1410 2628 λαϐὼν,
1467 2564 1669 2617 ἐδίδου
1719 2563 1922 2630 αὐτοῖς

347 2640 575 2708 λέγων’
615 2643 796 2696 Τοῦτό
837 2644 970 2696 ἐστι
1010 2645 1077 2697 τὸ
1125 2640 1268 2712 αἷμά
1305 2663 1424 2712 μου
1454 2645 1521 2698 τὸ
1565 2646 1718 2712 ὑπὲρ
1758 2645 1924 2713 ὑμῶν

347 2722 708 2789 ἐκχεόμενον
736 2727 825 2790 είς
848 2725 1070 2793 ἄφεσιν
1101 2726 1418 2794 ἁμαρτιῶν.
1470 2729 1581 2781 Καὶ
1619 2729 1800 2799 παρῆν
1829 2731 1924 2782 καὶ

361 2803 562 2866 Ἰούδας
609 2805 768 2858 τοῦτο
814 2806 1064 2873 λέγοντος
1117 2808 1210 2860 τοῦ
1251 2810 1479 2878 Κυρίου.
1512 2809 1682 2862 Τοῦτό
1707 2812 1826 2863 ἐστι
1864 2812 1924 2864 τὸ

349 2881 507 2954 αἷμα,
528 2880 573 2936 ὦ
600 2887 787 2951 Ἰούδα,
814 2889 948 2959 ὅπερ
979 2889 1267 2959 ἐπώλησας
1293 2891 1584 2960 τριάκοντα
1616 2892 1918 2963 ἀργυρίων·

347 2966 507 3020 τοῦτό
535 2971 651 3022 ἐστι
690 2969 749 3022 τὸ
778 2965 940 3040 αἷμα,
973 2973 1112 3041 ὑπὲρ
1155 2968 1214 3026 οὗ
1242 2975 1347 3045 πρὸ
1389 2974 1586 3045 μικροῦ
1619 2975 1688 3028 τὰ
1730 2975 1920 3046 ἀναιδῆ

353 3051 617 3120 σύμφωνα
641 3052 827 3105 ἐποίου
858 3053 994 3122 πρὸς
1029 3056 1153 3117 τοὺς
1200 3055 1521 3126 ἀγνώμονας
1570 3058 1917 3128 Φαρισαίους.

355 3135 420 3185 Ὢ
471 3135 611 3204 πόση
651 3137 683 3204 ή
721 3135 815 3188 τοῦ
861 3137 1096 3208 Χριστοῦ
1133 3139 1543 3208 φιλανθρωπίαί
1596 3139 1642 3192 ὣ
1682 3141 1778 3211 τῆς
1825 3140 1919 3194 τοῦ

364 3215 532 3269 Ἰούδα
587 3217 1008 3288 ἀγνωμοσύνηςί
1060 3223 1088 3273 ὁ
1135 3222 1414 3289 Δεσπότης
1469 3222 1697 3293 ἔτρεφε,
1755 3224 1849 3276 καὶ
1893 3225 1922 3277 6

348 3302 532 3364 δοῦλος
560 3303 901 3374 ἐπίπρασκεν
920 3325 931 3336 ·
952 3308 979 3358 6
1009 3308 1108 3376 μὲν
1127 3307 1234 3376 γὰρ
1257 3306 1538 3378 ἐπώλησεν
1557 3309 1717 3360 αὐτὸν
1743 3308 1922 3362 λαϐὼν

348 3387 641 3456 τριάκοντα
668 3388 925 3459 ἀργύρια,
955 3393 984 3443 6
1010 3390 1068 3443 δέ
1100 3391 1334 3460 Χριστὸς
1372 3391 1566 3461 λυτρὺν
1598 3392 1736 3461 ὑπὲρ
1765 3393 1919 3462 ἡμῶν

349 3473 410 3524 τὸ
464 3473 593 3525 ίδιον
627 3468 765 3544 αἷμα
798 3475 1002 3545 ἐξέχεε,
1037 3477 1129 3528 καὶ
1180 3476 1258 3546 τῷ
1307 3479 1610 3545 πεπρακότι
1663 3478 1913 3542 δέδωκεν,

349 3555 506 3624 εἴπερ
525 3555 776 3625 ἠθέλησε.
816 3559 927 3609 Καὶ
967 3559 1074 3626 γὰρ
1107 3559 1288 3628 παρῆν
1324 3560 1416 3610 καὶ
1458 3560 1659 3621 Ἰούδας
1688 3561 1793 3629 πρδ
1818 3559 1917 3629 τῆς

349 3637 656 3704 προδοσίας,
684 3638 779 3692 καὶ⁸
805 3639 908 3708 τῆς
941 3641 1092 3708 ἱερᾶς
1116 3639 1396 3709 τραπέζης
1432 3640 1680 3710 μετέσχε,
1709 3642 1801 3694 καὶ
1823 3643 1917 3695 τοῦ

352 3721 616 3788 μυστικοῦ
644 3720 858 3773 δείπνου
888 3721 1219 3790 ἀπήλαυσεν.
1245 3723 1455 3793 ’Ὠσπερ
1476 3724 1582 3794 γὰρ
1608 3726 1733 3788 τούς
1755 3725 1919 3787 πόδας

347 3802 456 3855 τῶν
492 3803 748 3873 μαθητῶν
776 3803 974 3872 ἔνιψεν,
1010 3804 1151 3857 οὓτω
1196 3805 1288 3857 καὶ
1326 3805 1425 3875 τῆς
1467 3808 1616 3877 ἱερᾶς
1642 3808 1920 3879 τραπέζης

352 3887 613 3956 μετέσχεν
648 3886 865 3951 Ἰούδας,
896 3887 980 3940 ἵνα
1010 3887 1278 3957 μηδεμίαν
1313 3887 1413 3960 ἐχῃ
1441 3890 1757 3959 ἀπολογίαν,
1784 3892 1920 3944 ἀλλά

349 3972 522 4040 κρῖμα
555 3969 805 4041 λήψηται.
853 3971 1112 4038 Ἐπέμενε
1141 3970 1247 4041 γάρ
1272 3974 1340 4043 τῇ
1365 3974 1574 4043 πονηρᾷ
1597 3972 1809 4045 γνώμῃ,
1825 3974 1918 4026 καὶ

347 4051 590 4117 ἐξελθὼν·
630 4054 750 4105 ἀντὶ
807 4052 1109 4122 φιλήματος
1160 4053 1449 4122 προδοσίαν
1491 4057 1806 4124 εἰργάσατο,
1841 4055 1913 4124 μὴ

351 4135 609 4204 μνησθεὶς
642 4137 749 4188 τῶν
779 4137 1108 4205 εὐεργεσιῶν
1141 4135 1328 4199 αὐτοῦ,
1364 4140 1456 4190 καὶ
1492 4137 1629 4206 μετὰ
1659 4139 1756 4205 τὴν
1781 4154 1913 4207 προ-

344 4218 527 4272 δοσίαν
555 4219 742 4290 ἔρριψε
766 4218 834 4272 τὰ
862 4220 1154 4289 τριάκοντα
1187 4221 1448 4290 ἀργύρια,
1476 4219 1678 4286 λέγων’
1702 4219 1913 4286 ’Ἥμαρ-

345 4317 454 4354 τον
481 4303 789 4369 παραδοὺς
819 4297 961 4370 αἷμα
990 4302 1142 4371 [594]
1163 4301 1374 4356 ἀθῶον.
1405 4303 1468 4353 Ὢ
1495 4299 1768 4368 τύφλωσις
1789 4300 1910 4354 ίτοῦ

345 4385 564 4437 δείπνου
608 4386 888 4454 μετέσχες,
934 4387 1026 4436 καὶ
1077 4386 1168 4435 τὸν
1203 4384 1498 4452 εὐεργέτην
1551 4383 1910 4452 παρέδωκας;

347 4469 455 4519 Καὶ
482 4469 510 4519 6
545 4469 640 4537 μὲν
671 4468 870 4538 Κύριος
899 4466 1041 4519 ἑκὼν
1099 4465 1158 4516 τὸ
1200 4466 1586 4536 γεγραμμένον
1629 4465 1870 4538 ἐπλήρου
1897 4485 1911 4498 ·

342 4549 484 4603 Οὐαὶ
517 4549 585 4603 δὲ
605 4549 681 4603 δι’
714 4546 785 4605 οὗ
815 4549 882 4601 τὸ
905 4547 1256 4601 σκάνδαλον
1283 4543 1490 4616 ἦλθεν.

416 4716 492 4782 ς’.
528 4715 686 4769 Ἀλλά
702 4716 892 4786 καιρὸς
913 4714 1096 4768 λοιπὸν
1110 4717 1176 4785 τῇ
1196 4718 1394 4786 φρικτῇ
1411 4715 1583 4788 ταύτῃ
1600 4717 1692 4768 καὶ
1709 4714 1913 4785 φοϐερᾷ

342 4799 592 4870 τραπέζῃ
640 4800 940 4868 προσιέναι.
1002 4797 1208 4860 Πάντες
1255 4799 1433 4852 τοίνυν
1483 4797 1621 4868 μετὰ
1673 4797 1910 4866 καθαροῦ

345 4879 643 4941 συνειδότος
659 4880 1062 4949 προσέλθωμεν
1085 4880 1274 4948 μηδεὶς
1296 4881 1435 4934 ἔστω
1467 4875 1664 4941 ’Ῑόύδας
1680 4877 1911 4932 ἐνταῦθα

341 4961 707 5030 δολιευόμενος
747 4962 872 5023 τοὺς
918 4961 1144 5032 πλησίον
1192 4963 1377 5027 αὐτοῦ,
1417 4963 1602 5033 μηδεὶς
1651 4961 1906 5032 πονηρὸς.

346 5043 532 5114 μηδεὶς
570 5042 645 5093 ίὸν
668 5043 806 5112 ἔχων
829 5045 1275 5114 ἐγκεκρυμμένον
1305 5048 1360 5098 ἐν
1400 5048 1465 5116 τῇ
1495 5043 1690 5114 καρδίᾳ
1721 5043 1905 5096 αὐτοῦ.

344 5128 581 5197 Πάρεστι
608 5127 702 5179 καὶ
726 5124 818 5178 νῦν
847 5127 876 5177 6
898 5126 1130 5197 Χριστὸς
1153 5128 1249 5198 τὴν
1277 5127 1554 5199 τράπεζαν
1576 5126 1793 5195 κοσμῶν
1813 5142 1824 5154 ·
1848 5127 1908 5178 οὐ

343 5210 449 5279 γὰρ
478 5208 758 5278 ἄνθρωπός
779 5212 924 5262 ἐστιν
948 5212 975 5263 6
1006 5210 1174 5263 ποιῶν
1198 5214 1266 5262 τὰ
1301 5208 1630 5280 προκείμενα
1659 5207 1908 5274 γενέσθαι

343 5293 503 5364 σῶμα
531 5293 622 5344 καὶ
649 5286 788 5361 αἷμα
821 5291 917 5346 τοῦ
961 5293 1216 5364 Χριστοῦ.
1259 5292 1454 5362 Σχῆμα
1488 5290 1708 5359 πληρῶν
1749 5292 1907 5360 μόνον

341 5378 570 5447 ἕστηκεν
602 5377 630 5428 6
653 5376 849 5446 ἱερεὺς,
886 5377 981 5429 καὶ
1007 5376 1188 5444 δέησιν
1219 5374 1544 5446 προσφέρει·
1588 5375 1620 5442 ή
1655 5373 1712 5426 δὲ
1747 5373 1906 5445 χάρις

341 5460 436 5514 καὶ
462 5463 496 5531 ή
527 5457 754 5528 δύναμίς
783 5460 981 5528 ἐστινὴ
1010 5459 1100 5512 τοῦ
1129 5457 1313 5528 Θεοῦή
1345 5457 1519 5509 πάντα
1543 5453 1903 5527 ἐργαζομένη.

345 5543 527 5598 Τοῦτό
551 5558 669 5610 μου
695 5539 826 5593 ἐστὶ
859 5539 925 5594 τὸ
954 5541 1148 5610 σῶμα,
1183 5541 1332 5612 φησί.
1365 5538 1532 5591 Τοῦτο
1557 5539 1618 5590 τὸ
1663 5540 1812 5609 ῥῆμα
1840 5542 1907 5594 τά

341 5625 674 5695 προκείμενα
718 5624 1166 5694 μεταρρυθμίζει.
1203 5625 1311 5678 Καὶ
1355 5622 1603 5692 καθάπερ
1650 5623 1833 5693 ἐκείνη
1873 5625 1904 5693 ή

341 5709 514 5780 φωνὴ,
546 5712 579 5779 ή
613 5708 862 5778 λέγουσα,
891 5709 1260 5772 Αὐξιὶνεσθε,
1278 5706 1789 5772 καίπληθύνεσθε,
1809 5707 1906 5761 καὶ

342 5795 694 5862 πληρώσατε
725 5796 840 5863 τὴν
869 5793 1004 5863 γῆν,
1039 5795 1188 5863 ῥῆμα
1221 5790 1308 5865 ἦν,
1350 5793 1442 5846 καὶ
1473 5792 1686 5858 ἐγένετο
1723 5790 1902 5861 ἔργον,

342 5874 707 5948 ἐνδυναμοῦσα
723 5879 819 5952 τὴν
839 5877 1183 5950 ἀνθρωπίνην
1199 5878 1357 5946 φύσιν
1385 5878 1511 5947 πρὸς
1541 5877 1896 5931 παιδοποιίαν·

1467 457 1554 510 DE
1590 453 2001 513 PRODITIONE
2038 453 2259 511 ιυῡίε.
2305 453 2536 510 HOMIL.
2580 453 2622 508 ll

2033 572 2175 626 οὕτω
2215 574 2306 627 καὶ
2338 573 2477 640 αὕτη
2510 575 2541 643 ή
2578 567 2748 642 φωνὴ,
2783 575 2814 642 ἡ
2845 571 3104 640 λέγουσα,
3133 571 3418 635 διαπαντὸς
3451 575 3600 641 αὔξει
3696 595 3701 601 ’

3495 459 3608 511 ῧυϋ

2031 659 2096 726 τῇ
2127 657 2306 727 χάριτι
2329 656 2454 718 τοὺς
2473 655 2635 719 ἀξίως
2657 655 2999 726 μετέχοντας.
3016 655 3220 725 Μηδεὶς
3241 655 3416 706 τοίνυν
3440 657 3602 710 ὓπου-

2030 736 2121 801 λος
2168 739 2330 801 ἔστω,
2389 737 2576 808 μηδεὶς
2604 739 2858 808 πονηρὸς,
2923 739 3108 809 μηδεὶς
3159 737 3363 808 ἅρπαξ,
3419 739 3602 807 μηδεὶς

2030 818 2288 891 λοίδορος,
2323 819 2510 892 μηδεὶς
2545 820 2885 890 μισάδελφος,
2913 822 3098 891 μηδεὶς
3117 821 3465 892 φιλάργυρος,
3504 840 3604 891 μη-

2029 903 2141 966 δεὶς
2177 904 2430 975 μέθυσος,
2461 905 2648 976 μηδεὶς
2682 904 3030 974 πλεονέκτης,
3063 907 3252 975 μηδεὶς
3284 907 3603 976 ἀρσενοκοί-

2029 1004 2148 1057 της,
2189 988 2374 1059 μηδεὶς
2425 989 2712 1061 φθονερὸς,
2774 989 2961 1058 μηδεὶς
3007 991 3230 1060 πορνείᾳ
3278 990 3603 1051 δουλευέτω,

2034 1072 2222 1140 μηδεὶς
2271 1072 2533 1142 κλέπτης,
2584 1073 2771 1142 μηδεὶς
2806 1071 3109 1134 ἐπίϐουλος,
3163 1074 3249 1124 ἴνα
3307 1075 3380 1143 μὴ
3429 1077 3606 1144 κρῖμα

2030 1151 2205 1220 ἐαυτῴ
2230 1152 2489 1224 λήψηται.
2520 1154 2630 1206 Καὶ
2645 1155 2752 1224 γὰρ
2777 1155 2896 1207 τότε
2920 1155 2948 1207 ὀ
2984 1153 3184 1216 Ἰούδας
3213 1155 3441 1220 ἀναξίως
3474 1172 3603 1224 μετα

2029 1235 2152 1306 ἐστίε
2197 1236 2291 1289 τοῦ
2335 1237 2596 1306 μυστικοῦ
2625 1237 2866 1302 δείπνου,
2898 1241 2993 1292 καὶ
3039 1237 3272 1305 ἐξελθὼν
3314 1239 3600 1308 παρέδωκε

2027 1318 2118 1371 τὸν
2162 1319 2383 1391 Κύριον,
2430 1320 2515 1372 ἵνα
2551 1320 2748 1391 μάθῃς,
2781 1321 2862 1373 ὅτι
2904 1326 3015 1385 τοῖς
3046 1321 3277 1386 ἀναξίως
3321 1322 3602 1391 μετέχουσι

2028 1403 2135 1455 τῶν
2165 1405 2499 1476 μυστηρίων,
2537 1404 2747 1464 τούτοις
2779 1404 3010 1475 μάλιστα
3035 1405 3270 1474 συνεχῶς
3314 1403 3551 1474 ἐπιπηδᾷ
3576 1406 3606 1456 6

2027 1486 2291 1548 διάϐολος,
2335 1487 2429 1540 καὶ
2472 1489 2553 1550 εἰς
2602 1487 2774 1558 μείζω
2815 1488 3088 1558 τιμωρίαν
3132 1489 3357 1550 ἐαυτούς
3403 1486 3605 1556 ἐμϐάλ-

2030 1568 2197 1620 λουσι.
2234 1568 2418 1621 Ταῦτα
2444 1570 2586 1638 λέγω
2613 1572 2710 1640 οὐχ
2753 1572 2838 1623 ἵνα
2870 1571 3092 1641 φοϐήσω
3135 1570 3316 1640 μόνον,
3367 1569 3482 1622 ἀλλ’
3513 1570 3603 1622 ἵνα

2033 1653 2123 1703 καὶ
2178 1652 2617 1724 ἀσφαλεστέρους
2674 1657 2905 1726 ποιήσω.
2948 1655 3218 1726 Καθάπερ
3256 1656 3364 1724 γὰρ
3421 1671 3599 1722 σωμα-

2030 1735 2152 1806 τικὴ
2186 1737 2382 1807 τροφὴ,
2419 1739 2546 1790 ὅταν
2585 1741 2664 1799 εἰς
2694 1739 2933 1808 γαστέρα
2959 1741 3162 1808 χυμοὺς
3191 1742 3418 1809 ἔχουσαν
3449 1755 3605 1806 πονη·

2032 1821 2158 1888 ρους
2184 1821 2418 1891 ἐμπέσῃ,
2447 1821 2628 1874 πλεῖον
2663 1821 2920 1873 ἐπιτείνει
2944 1823 3041 1890 τὴν
3077 1823 3227 1873 νόσον
3247 1836 3258 1847 ·
3283 1821 3424 1872 οὕτω
3455 1821 3547 1872 καὶ
3573 1821 3606 1888 ὴ

2031 1904 2372 1973 πνευματικὴ
2422 1905 2618 1976 τροφὴ.
2655 1905 2782 1956 ὅταν
2815 1903 3051 1969 ἀναξίως
3097 1903 3410 1972 μετέχηται,
3441 1902 3606 1954 πλέον

2031 1987 2204 2056 κρῖμα
2231 1987 2408 2056 ἐαυτῷ
2439 1987 2690 2058 σωρεύει.
2723 1987 2928 2057 Μηδεὶς
2956 1986 3135 2037 τοίνυν
3166 1985 3433 2054 πονηρους
3461 1983 3607 2034 ἔνδον

2031 2067 2203 2135 ἐχέτω
2249 2069 2570 2139 λογισμοὺς,
2645 2069 2986 2139 παρακαλῶ,
3042 2067 3156 2121 ἀλλ’
3214 2066 3606 2136 ἐκκαθάρωμεν

2033 2151 2164 2219 ἡμῖν
2205 2151 2302 2221 τὴν
2351 2154 2612 2222 καρδίανσ
2649 2155 2742 2206 καὶ
2787 2153 2894 2223 γὰρ
2940 2154 3058 2205 ναοὶ
3091 2149 3227 2203 Θεοῦ
3282 2151 3465 2219 ἐσμεν,
3512 2147 3606 2201 ἐὰν

2033 2232 2451 2303 καθαρεύωμεν.
2495 2235 2693 2304 Ἀγνὴν
2727 2236 2882 2304 ἡμῶν
2913 2236 3229 2303 ποιήσωμεν
3268 2232 3363 2301 τὴν
3391 2231 3569 2299 Φυλήν
3589 2248 3603 2260 ⁸

2032 2317 2125 2368 καὶ¹
2155 2317 2266 2388 γὰρ
2309 2318 2538 2372 δυνατόν
2576 2321 2692 2371 ἐστι
2726 2319 2882 2370 τοῦτο
2916 2318 3138 2382 ποιῆσαι
3172 2319 3229 2368 ἐν
3275 2317 3370 2385 μιᾷ
3401 2315 3603 2384 ἡμέρᾳ.

2031 2402 2157 2464 Πῶς
2183 2403 2276 2454 καὶ
2304 2402 2410 2455 τίνι
2441 2403 2631 2473 τρόπῳ
2656 2419 2670 2468 ;
2713 2401 2838 2454 Ἐἀν
2863 2402 2990 2471 ἔχῃς
3017 2418 3068 2452 τι
3097 2401 3235 2453 κατᾶ
3256 2398 3347 2450 τοῦ
3390 2395 3605 2466 ἐχθροῦ,

2030 2483 2177 2548 ἐξελε
2212 2484 2308 2556 τήν
2342 2485 2532 2557 ὀργὴν,
2558 2485 2720 2538 λῦσον
2747 2486 2846 2555 τὴν
2870 2485 3091 2554 ἔχθραν,
3135 2483 3221 2534 ἵνα
3253 2481 3420 2550 λάϐῃς
3451 2479 3606 2550 θερα-

2032 2568 2188 2620 πείαν
2222 2568 2470 2636 ἀφέσεως
2498 2569 2606 2620 ἀπὸ
2637 2569 2735 2639 τῆς
2773 2566 3074 2640 τραπέζης.
3123 2564 3294 2633 Θυσίᾳ
3330 2561 3606 2632 προσέρχῃ

2031 2654 2233 2721 φρικτῇ
2265 2651 2357 2703 καὶ
2389 2651 2552 2721 ἁγίᾳο
2586 2652 2930 2721 ἐσφαγμένος
2968 2650 3253 2717 πρόκειται
3284 2649 3310 2698 6
3348 2645 3602 2714 Χριστός.

2044 2733 2182 2785 Ἀλλ’
2211 2733 2463 2802 ἐννόησον
2489 2735 2634 2797 τίνος
2655 2734 2838 2786 ἐνεκεν
2860 2732 3095 2801 ἐσφάγη.
3129 2732 3192 2781 Ὢ
3217 2728 3384 2780 ποίων
3407 2743 3606 2796 μυστη-

2034 2817 2170 2885 ρίων
2220 2817 2538 2887 ἐστερήθης,
2585 2818 2792 2870 Ἰούδαῑ
2827 2817 3060 2887 Χριστὸς
3087 2814 3226 2867 ἐκὼν
3262 2811 3482 2875 ἔπαθεν,
3516 2809 3607 2862 ἵνα

2031 2899 2169 2971 λύσῃ
2203 2899 2270 2952 τὸ
2312 2902 2674 2970 μεσότοιχον
2707 2901 2813 2954 τοῦ
2847 2898 3138 2970 φραγμοῦ,
3195 2897 3287 2948 καὶ
3319 2893 3495 2966 ἐνὼσῃ
3538 2892 3606 2945 τὰ

2030 2984 2182 3036 κάτω
2211 2987 2321 3046 τοῖς
2349 2983 2483 3045 ἄνω,
2519 2986 2605 3037 ἵνα
2641 2985 2886 3052 ἀγγέλων
2908 2984 3107 3052 ποιήσῃ
3139 2979 3391 3034 κοινωνὸν
3411 2976 3604 3046 ἐχθρὸν

2028 3067 2158 3118 ὅντα
2193 3083 2248 3118 σε
2280 3069 2375 3118 καὶ
2411 3067 2692 3136 πολέμιον.
2719 3068 2830 3120 Καὶ
2864 3067 2892 3118 6
2923 3067 3020 3136 μὲν
3045 3063 3276 3135 Χριστὸς
3305 3060 3402 3130 τὴν
3424 3057 3602 3128 ψυχὴν

2029 3146 2193 3200 αὐτοῦ
2228 3147 2485 3211 ἐξέδωκεν
2519 3150 2658 3217 ὑπὲρ
2681 3149 2773 3202 σοῦ
2793 3166 2806 3178 ο
2845 3150 2907 3200 σὺ
2935 3148 2990 3200 δέ
3016 3147 3093 3216 τῷ
3121 3145 3387 3212 συνδούλῳ
3420 3143 3602 3212 μένεις

2031 3231 2367 3301 ἐχθραίνων;
2401 3232 2492 3284 καὶ
2530 3232 2646 3294 πῶς
2676 3233 2876 3302 δυνήσῃ
2905 3230 3135 3300 βαδίζειν
3166 3229 3256 3280 ἐπὶ
3286 3229 3382 3298 τὴν
3406 3225 3503 3294 τῆς
3527 3226 3604 3276 εί-

2032 3314 2203 3382 ρήνης
2233 3313 2544 3383 τράπεζαν;
2601 3316 2658 3367 ὐ
2704 3317 2981 3384 Δεσπότης
3011 3331 3102 3365 σου
3141 3313 3202 3364 οὐ
3249 3309 3604 3379 παρῃτήσατο

2028 3395 2205 3447 πάντα
2240 3397 2532 3466 ὑπομεῖναι
2576 3397 2664 3449 διὰ
2696 3398 2774 3459 σὲ,
2813 3398 2876 3448 σὺ
2912 3397 2967 3449 δὲ
3013 3395 3134 3448 οὐδὲ
3176 3392 3344 3462 ὀργὴν
3383 3390 3600 3458 ἀφιέναι

2026 3475 2229 3546 ἀνέχῃ;
2273 3478 2430 3541 Τίνος
2458 3480 2664 3541 ἐνεκεν,
2694 3480 2814 3531 εἰπέ
2859 3497 2977 3547 μοι;
3026 3479 3087 3530 'H
3134 3477 3320 3544 ἀγάπη
3350 3474 3474 3543 ῥίζα
3506 3474 3601 3526 καὶ

2028 3559 2182 3630 πηγὴ
2203 3561 2297 3612 καὶ
2320 3563 2504 3632 μήτηρ
2520 3563 2637 3614 ἐστὶ
2657 3564 2871 3616 πάντων
2896 3561 3004 3614 τῶν
3025 3559 3264 3628 ἀγαθῶν,
3293 3554 3600 3625 Ἐπηρέασέ

2031 3661 2143 3714 μοι,
2172 3645 2327 3713 φησὶ,
2357 3645 2426 3697 τά
2457 3650 2712 3716 μέγιστα,
2745 3647 2913 3718 μυρία
2946 3644 3171 3714 ἠδίκησέ
3210 3659 3322 3712 μοι,
3347 3641 3438 3694 τὸν
3473 3640 3601 3708 περὶ

2027 3725 2120 3777 τοῦ
2175 3723 2274 3795 ζῇν
2309 3727 2656 3797 ἐπεκρέμασέ
2711 3746 2801 3798 μοι
2847 3727 3110 3780 κίνδυνον.
3150 3724 3262 3778 Καὶ
3306 3722 3362 3775 τί
3405 3719 3598 3782 τοῦτο;

2030 3807 2179 3880 [395]
2214 3809 2328 3862 ἀλλ’
2344 3810 2559 3862 οὐδέπω
2581 3827 2639 3863 σε
2663 3812 2996 3881 ἐσταύρωσε,
3021 3810 3271 3878 καθάπερ
3286 3807 3376 3860 τὸν
3399 3805 3600 3875 Κύριον

2027 3893 2076 3944 οἱ
2127 3891 2387 3946 Ἰουδαῖοι.
2425 3893 2553 3946 Ἐὰν
2599 3895 2674 3963 μὴ
2726 3895 2870 3965 ἀφῇς
2909 3895 2986 3962 τῷ
3019 3893 3244 3963 πλησίον
3273 3907 3366 3942 σου
3394 3888 3456 3940 τὸ
3481 3887 3600 3940 ἀδίη

2027 3991 2197 4044 κημα,
2233 3974 2353 4028 οὐδέ
2387 3978 2416 4028 6
2447 3976 2638 4045 Πατήρ
2690 3993 2784 4029 σου
2823 3979 2850 4029 6
2877 3975 3126 4044 οὐράνιος
3165 3974 3364 4042 ἀφήσει
3401 3985 3488 4022 σοι
3530 3966 3601 4020 τὰ

2025 4058 2401 4128 ἁμαρτήματά
2441 4075 2555 4112 σου.
2593 4059 2740 4129 Ποίῳ
2787 4060 2844 4112 δὲ
2887 4059 3148 4111 συνειδότι
3192 4058 3356 4128 ἐρεῖς,
3409 4051 3599 4119 Πάτερ

2023 4137 2192 4207 ἡμῶν
2223 4143 2256 4193 ὁ
2301 4141 2371 4192 ἐν
2402 4141 2526 4206 τοῖς
2572 4141 2869 4210 οὐρανοῖς,
2915 4140 3248 4208 ἁγιασθήτω
3298 4137 3363 4189 τὸ
3414 4133 3600 4202 ὄνομά

2023 4235 2161 4286 σου,
2191 4223 2283 4276 κα.)⁸
2309 4223 2374 4275 τά
2405 4222 2565 4291 ἐξῆς;
2607 4211 2835 4292 Ὁμοίως
2863 4227 2890 4276 6
2915 4223 3148 4291 Χριστὸς
3175 4221 3268 4275 καὶ
3296 4221 3356 4271 τὸ
3382 4213 3540 4287 αἷμα,
3570 4216 3599 4267 δ

2024 4306 2244 4377 ἐξέχεαν
2274 4309 2492 4372 ἐκεῖνοι,
2516 4309 2596 4371 είς
2620 4307 2893 4377 σωτηρίαν
2918 4307 3026 4359 τῶν
3052 4306 3348 4376 ἐκχεόντων
3373 4303 3594 4356 δέδωκε.

2024 4391 2090 4442 Τί
2137 4391 2325 4442 τούτου
2375 4389 2487 4442 ἴσον
2522 4389 2664 4459 ἔχεις
2707 4391 2964 4460 ποιῆσαι;
3024 4389 3146 4442 Ἐἀν
3199 4387 3273 4457 μὴ
3321 4388 3463 4454 ἀφῇς
3518 4383 3596 4453 τῷ

2023 4468 2224 4538 ἐχθρῷ,
2257 4468 2356 4521 οὐκ
2389 4469 2596 4520 ἐκεῖνον
2634 4468 2920 4537 ἠδίκησας,
2952 4467 3088 4521 ἀλλὰ
3131 4466 3325 4518 σαυτόν
3346 4482 3358 4495 ·
3390 4465 3596 4516 ἐκεῖνον

2026 4553 2122 4621 μὲν
2156 4552 2264 4621 γάρ
2303 4550 2565 4614 πολλάκις
2619 4553 2700 4614 είς
2746 4552 2838 4604 τὸν
2880 4552 3119 4622 παρόντα
3161 4549 3275 4619 βίον
3331 4544 3591 4614 ἔϐλαψας.

2023 4634 2215 4685 σαυτὸν
2255 4633 2312 4686 δέ
2343 4633 2724 4702 ἀσύγγνωστον
2777 4635 3016 4704 ἐποιήσω
3066 4631 3164 4701 τὴν
3200 4629 3466 4700 τιμωρίαν
3513 4629 3592 4688 εἰς

2019 4718 2116 4788 τὴν
2153 4717 2452 4788 μέλλουσαν
2486 4717 2714 4786 ἡμέραν.
2762 4718 2966 4771 Οὐδένα
3009 4715 3117 4787 γὰρ
3151 4715 3291 4769 οὕτω
3323 4713 3472 4782 μισεῖ
3497 4711 3589 4763 καὶ

2020 4800 2426 4871 ἀποστρέφεται
2463 4803 2492 4854 6
2527 4801 2678 4864 Θεὸς,
2722 4801 2798 4863 ὼς
2825 4801 3161 4871 μνησίκακον
3189 4795 3491 4866 ἄνθρωπον,
3513 4793 3590 4854 ὡς

2021 4883 2359 4938 οἰδαίνουσαν
2381 4883 2610 4955 καρδίαν
2630 4885 2724 4938 καὶ
2735 4884 3167 4954 φλεγμαίνουσαν
3181 4879 3379 4950 ψυχήν.
3398 4877 3590 4930 ’Δκουο

2023 4984 2114 5021 σον
2163 4967 2298 5035 γοῦν
2330 4967 2380 5020 τί
2415 4984 2580 5037 φησιν
2620 4969 2649 5019 6
2685 4966 2888 5037 Κύριος
2909 4982 2924 4998 ο
2981 4965 3115 5019 Ἐὰν
3146 4960 3493 5032 προσφέρῃς
3522 4959 3588 5012 τὸ

2017 5050 2210 5117 δῶρόν
2239 5066 2355 5103 σου
2380 5049 2476 5102 ἐπὶ
2507 5050 2570 5101 τὸ
2608 5048 3062 5116 θυσιαστήριον,
3088 5049 3264 5104 κάκεῖ
3281 5043 3582 5116 μνησθῇς.

2017 5131 2105 5185 ὅτι
2143 5136 2175 5186 ό
2207 5132 2470 5200 ἀδελφός
2508 5145 2624 5183 σου
2652 5130 2778 5198 ἔχει
2827 5148 2882 5184 τι
2920 5130 3071 5184 κατὰ
3102 5130 3238 5195 σοῦ,
3286 5130 3435 5196 ἄφες
3461 5125 3589 5179 ἐκεῖ

2016 5215 2082 5266 τὸ
2116 5213 2308 5281 δῶρόν
2346 5229 2462 5266 σου
2500 5213 2840 5281 ἔμπροσθεν
2864 5214 2970 5268 τοῦ
3005 5212 3457 5278 θυσιαστηρίου,
3485 5207 3586 5263 καί

2016 5296 2234 5348 ἄπελθε
2273 5295 2509 5361 πρῶτον
2551 5297 2646 5350 καὶ
2675 5295 3029 5365 διαλλάγηθι
3067 5295 3145 5359 τῷ
3167 5291 3403 5361 ἀδελφῷ
3428 5307 3547 5344 σου
3567 5305 3581 5320 ⁸

2016 5373 2111 5425 καί
2143 5374 2273 5425 τότε
2311 5373 2506 5427 ἐλθὼν
2541 5376 2843 5443 πρόσφερε
2880 5373 2946 5426 τὸ
2990 5373 3180 5440 δῶρόν
3215 5388 3350 5424 σου.
3386 5371 3451 5423 Τί
3497 5369 3585 5422 λέ-

2014 5471 2148 5523 γεις,
2179 5455 2397 5526 ’Δφήσω
2431 5458 2548 5510 ἐκεῖ
2571 5457 2631 5510 τὸ
2655 5458 2847 5528 δῶρον,
2882 5457 3047 5524 ήγουν
3076 5453 3174 5524 τὴν
3208 5453 3427 5519 θυσίαν;
3451 5453 3580 5520 Ναὶ,

2015 5539 2178 5609 φησί·
2207 5539 2294 5591 διὰ
2328 5539 2436 5611 γάρ
2457 5542 2555 5611 τὴν
2579 5542 2799 5611 εἰρήνην
2820 5539 2917 5610 τὴν
2943 5539 3079 5611 πρὸς
3111 5540 3203 5592 τὸν
3236 5540 3462 5607 ἀδελφόν
3487 5556 3580 5594 σου

2014 5621 2106 5672 καὶ
2139 5619 2274 5689 αὐτὴ
2301 5622 2334 5690 ή
2357 5619 2515 5672 θυσία
2539 5621 2772 5688 ἐγένετο.
2802 5621 2865 5672 Εἰ
2903 5621 3082 5674 τοίνυν
3107 5620 3196 5674 διὰ
3230 5621 3329 5691 τὴν
3359 5621 3579 5691 εἰρήνην

2011 5705 2107 5775 τὴν
2130 5706 2210 5766 είς
2241 5704 2330 5756 τὸν
2354 5703 2574 5771 πλησίον
2603 5705 2635 5774 ή
2665 5703 2824 5757 θυσία
2854 5706 2992 5768 ἐστὶ,
3035 5707 3099 5759 σὺ
3121 5705 3176 5758 δέ
3205 5705 3264 5758 οὐ
3293 5705 3578 5774 κατορθοῖς

2010 5788 2109 5857 τὴν
2154 5788 2395 5856 εἰρήνην,
2429 5787 2476 5838 εἰ
2501 5788 2592 5839 καὶ
2627 5788 2874 5857 μετέχεις
2911 5789 3012 5858 τῆς
3049 5789 3259 5850 θυσίας,
3294 5788 3576 5856 ἀνωφελής

2014 5889 2092 5925 σοι
2119 5872 2149 5940 ἡ
2193 5868 2489 5941 μετάληψις
2518 5870 2735 5939 γέγονεν
2757 5873 2884 5926 ἀνευ
2914 5873 3002 5926 τοῦ
3033 5869 3448 5941 κατορθώματος
3481 5871 3575 5940 τῆς
