4406 6740
839 458 937 516 591

838 557 1080 629 εἰρήνης,
1112 558 1190 610 Ilo
1213 575 1344 628 ησον
1377 559 1554 612 τοίνυν
1589 562 1762 614 ἐκεῖνο
1797 560 2032 633 πρῶτον,
2057 560 2200 630 λέγω
2223 555 2288 626 δὴ
2317 561 2414 630 τὴν

838 641 1084 712 εἰρήνην,
1132 641 1198 694 δι’
1228 643 1365 714 ὅπερ
1403 645 1498 696 καὶ
1541 645 1574 714 ή
1617 643 1776 696 θυσία
1820 646 2265 716 προσενήνεκται,
2321 646 2417 699 καὶ

839 725 960 778 τότε
991 725 1158 794 αὐτῆς
1205 726 1536 791 ἀπολαύσεις
1561 728 1762 794 καλῶς.
1794 729 1893 783 Διὰ
1923 729 2030 801 γὰρ
2062 730 2220 783 τοῦτο
2252 725 2418 798 ἦλθεν

843 811 926 872 εἰς
944 809 1033 861 τὸν
1055 810 1258 880 κόσμον
1280 812 1307 863 ὁ
1337 811 1463 874 Υἱὸς
1491 812 1585 864 τοῦ
1616 813 1772 877 Θεοῦ,
1807 815 1894 866 ἵνα
1915 813 2229 886 καταλλάξῃ
2259 812 2418 883 ἡμῶν

841 895 939 966 τήν
965 893 1124 964 φύσιν
1153 893 1228 965 τῷ
1253 895 1448 967 Πατρὶ,
1475 895 1548 960 ὤς
1582 913 1683 950 που
1712 899 1805 950 καὶ
1835 898 2046 961 Παῦλός
2073 911 2238 970 φησι’
2265 896 2418 950 Νυνί

843 975 910 1031 δὲ
967 977 1474 1044 ἀποκατήλλαξεν
1521 979 1710 1044 ἐαυτῷ
1764 983 1836 1036 τὰ
1887 981 2104 1048 πάντα,
2161 980 2258 1034 διὰ
2311 979 2420 1034 τοῦ

843 1061 1108 1129 σταυροῦ
1163 1063 1523 1130 ἀποκτείνας
1555 1064 1672 1130 τὴν
1717 1065 1942 1134 ἔχθραν
1977 1066 2047 1118 ἑν
2095 1063 2276 1129 αὐτῷ.
2322 1063 2422 1116 Διὰ

844 1141 1002 1198 τοῦτο
1029 1144 1151 1214 οὐχὶ
1197 1147 1359 1210 αὐτὸς
1403 1147 1563 1217 μόνον
1609 1143 1742 1219 ἦλθε
1785 1149 1952 1202 ποιῶν
1999 1149 2244 1218 εἰρήνην,
2285 1145 2421 1201 ἀλλὰ

846 1229 939 1282 καὶ
962 1231 1111 1300 ἡμᾶς
1147 1230 1445 1302 μακαρίζει
1472 1233 1599 1296 τοὺς
1627 1233 1696 1288 τὰ
1731 1233 1955 1287 τοιαῦτα
1985 1231 2292 1294 ποιοῦντας,
2329 1231 2423 1284 καὶ

846 1315 991 1365 ποιεῖ
1016 1315 1114 1384 τῆς
1157 1313 1319 1367 αὐτοῦ
1366 1315 1742 1386 προσηγορίας
1783 1314 2094 1376 κοινωνούς.
2137 1313 2424 1381 Μακάριοι

844 1398 954 1470 γὰρ
985 1400 1038 1450 οἰ
1070 1399 1468 1466 εἰρηνοποιοί,
1503 1399 1592 1452 ὅτι
1624 1397 1790 1452 αὐτοί
1839 1396 1956 1450 υἱοὶ
2002 1395 2151 1450 Θεοῦ
2203 1397 2427 1464 κληθή-

846 1495 1075 1534 σονται.
1102 1481 1278 1554 Ὀπερ
1316 1479 1410 1536 οὖν
1453 1483 1707 1550 ἐποίησεν
1753 1480 1780 1530 ὁ
1812 1481 2068 1550 Χριστὸς,
2099 1481 2128 1532 ὁ
2153 1481 2280 1544 Υἱὸς
2327 1479 2423 1532 τοῦ

846 1563 1004 1628 Θεοῦ,
1039 1563 1197 1618 τοῦτο
1227 1568 1322 1618 καὶ
1363 1567 1428 1618 σὺ
1475 1567 1696 1636 ποίησον
1725 1565 1865 1618 κατὰ
1891 1564 2122 1636 δύναμιν
2149 1567 2426 1637 ἀνθρωπί-

848 1663 967 1715 νην,
995 1648 1216 1718 εἰρήνης
1250 1649 1538 1718 γενόμενος
1581 1647 1841 1720 πρόξενος
1869 1651 1966 1702 καὶ
1996 1649 2178 1720 σαυτῷ
2224 1652 2320 1702 καὶ
2351 1648 2427 1718 τῷ

851 1729 1080 1800 πλησίον
1115 1746 1227 1782 σου.
1262 1730 1361 1784 Διά
1393 1730 1553 1784 τοῦτο
1592 1731 1688 1784 καὶ
1719 1730 1834 1784 υἰδν
1877 1731 2014 1786 Θεοῦ
2049 1733 2206 1786 καλεῖ
2233 1734 2322 1786 τὸν
2349 1733 2426 1784 εἰ-

853 1812 1136 1884 ρηνοποιόν
1157 1829 1170 1843 ·
1198 1813 1286 1868 διὰ
1314 1813 1472 1867 τοῦτο
1507 1817 1562 1868 ἐν
1593 1813 1672 1886 τῷ
1713 1815 1890 1886 καιρῷ
1917 1815 2018 1884 τῆς
2047 1815 2238 1880 θυσίας
2275 1813 2426 1868 οὐδε-

853 1895 984 1964 μιᾶς
1027 1895 1223 1967 ἐτέρας
1254 1897 1628 1966 ἐμνημόνευσε
1672 1897 2038 1968 δικαιοσύνης,
2091 1898 2206 1952 ἁλλ’
2253 1897 2286 1968 ἢ
2330 1896 2431 1966 τῆς

852 1977 990 2048 πρὸς
1025 1979 1117 2030 τὸν
1162 1978 1392 2048 ἀδελφὸν
1423 1980 1790 2050 καταλλαγῆς,
1839 1980 2076 2045 δεικνὺς,
2115 1983 2196 2034 ὅτι
2244 1979 2432 2032 πασῶν

852 2063 1064 2132 ἀρετῶν
1100 2064 1302 2133 μείζων
1328 2067 1359 2134 ή
1390 2065 1577 2133 ἀγάπη
1619 2065 1785 2118 ἐστίν.
1829 2063 2158 2136 Ἐϐουλόμην
2191 2065 2288 2134 μὲν
2315 2061 2432 2130 οὖν,

853 2147 1149 2216 ἀγαπητοὶ,
1185 2149 1280 2200 ἐπὶ
1311 2147 1559 2200 πλεῖστον
1592 2150 1917 2219 παρατεῖναι
1947 2147 2040 2200 τὸν
2087 2146 2244 2214 λόγον
2265 2163 2279 2176 ·
2316 2146 2432 2200 ἀλλ’

853 2231 1016 2300 ἀρκεῖ
1065 2231 1159 2284 καὶ
1212 2231 1282 2283 τὰ
1332 2231 1599 2302 εἰρημένα
1656 2233 1768 2294 τοῖς
1823 2230 1960 2301 μετὰ
2007 2229 2285 2302 προσοχῆς
2341 2231 2438 2284 καὶ

857 2314 1125 2378 συνέσεως
1161 2315 1475 2386 δεχομένοις
1512 2315 1602 2368 τὸν
1645 2315 1845 2386 σπόρον
1881 2315 1981 2384 τῆς
2009 2313 2310 2378 εὐσεϐείας,
2343 2315 2438 2368 καὶ

859 2398 1144 2472 προσέχειν
1181 2399 1426 2452 ἐθέλουσι
1464 2401 1576 2462 τοῖς
1617 2398 1950 2468 λεγομένοις.
1989 2397 2440 2468 Μνημονεύωμεν

858 2483 1058 2548 τοίνυν,
1091 2483 1415 2554 παρακαλῶ,
1448 2482 1736 2545 διαπαντὸς
1777 2482 1981 2536 τούτων
2003 2482 2112 2536 τῶν
2154 2482 2438 2553 ῥημάτων,

858 2567 953 2619 καὶ
979 2566 1072 2620 τοῦ
1124 2565 1564 2638 φρικωδεστάτου
1614 2565 1908 2637 ἀσπασμοῦ
1950 2564 2046 2618 τοῦ
2095 2565 2233 2635 πρὸς
2279 2563 2440 2635 ἀλλή-

859 2651 1004 2714 λους.
1040 2642 1206 2712 Οὗτος
1235 2651 1344 2722 γὰρ
1367 2652 1394 2704 ό
1430 2649 1719 2720 ἀσπασμὸς
1745 2649 2050 2720 συμπλέκει
2078 2647 2176 2711 τὰς
2204 2648 2441 2710 διανοίας

862 2733 1040 2804 ἡμῶν,
1067 2734 1160 2787 καί
1185 2738 1326 2787 ποιεῖ
1349 2735 1602 2802 γενέσθαι
1621 2733 1781 2804 σῶμα
1809 2733 1866 2786 ἐν
1889 2733 2155 2796 ἅπαντας,
2181 2733 2276 2785 καὶ
2305 2731 2438 2802 μέλη

863 2815 1122 2888 Χριστοῦ,
1155 2817 1340 2890 ἐπειδὴ
1369 2819 1464 2871 καὶ
1506 2818 1625 2880 ἐνὸς
1656 2817 1906 2886 σώματος
1941 2815 2238 2888 μετέχομεν
2268 2814 2442 2867 ἅπαν·-

864 2917 978 2966 τες.
1022 2901 1311 2970 Γενώμεθα
1357 2897 1450 2956 οῦν
1473 2903 1594 2956 κατ’
1643 2901 1900 2973 ἀλήθειαν
1950 2900 2108 2969 σῶμα
2139 2899 2218 2962 ἓν,
2257 2898 2319 2950 ού
2371 2895 2442 2950 τὰ

867 2987 1097 3057 σώματα
1126 2987 1376 3058 ἀλλήλοις
1423 2985 1813 3058 ἀναφύροντες,
1851 2984 1987 3039 ἀλλὰ
2027 2983 2125 3047 τὰς
2148 2981 2324 3052 ψυχὰς
2354 2982 2444 3035 ἀλ-

865 3067 1056 3140 λήλαις
1081 3069 1158 3141 τῷ
1186 3070 1286 3142 τῆς
1315 3070 1538 3140 ἀγάπης
1559 3069 1842 3140 συνδέσμῳ
1867 3066 2249 3130 συνάπτοντες.
2285 3064 2442 3118 Οὕτω

867 3152 976 3224 γὰρ
997 3153 1295 3219 ποιοῦντες,
1321 3153 1668 3226 δυνησόμεθα
1699 3153 1836 3225 μετὰ
1861 3152 2174 3224 παρρησίας
2205 3149 2446 3204 ἀπολαῦ-

869 3254 962 3292 σαι
991 3237 1093 3309 τῆς
1130 3238 1498 3310 προκειμένης
1555 3237 1858 3308 τραπέζης,
1910 3235 2006 3289 καὶ¹
2051 3235 2148 3304 τῆς
2201 3232 2307 3286 ὑπὸ
2348 3230 2444 3285 τοῦ

869 3319 1105 3396 Χριστοῦ
1143 3322 1282 3395 πρὸς
1306 3321 1384 3394 τῷ
1419 3320 1562 3374 τέλει
1591 3318 1988 3392 βραϐευθείσης
2014 3317 2236 3386 εἰρήνης
2264 3313 2446 3384 δοχεῖα

871 3418 1138 3490 γενέσθαι.
1161 3418 1278 3473 Κᾶν
1293 3418 1401 3491 γὰρ
1433 3417 1602 3491 μυρία
1623 3417 1836 3489 ἔχωμεν
1865 3414 2284 3486 κατορθώματα,
2311 3429 2446 3483 μνη-

1553 449 1610 502 S.
1648 445 1936 503 JOANNIS
1971 443 2470 502 CHRYSOSTOMI
2510 445 2828 502 AliClllliP.
2870 447 3414 506 CONSTANTINOP.

3997 451 4108 506 59?.

2527 562 2742 616 σίκακοι
2769 562 2826 615 δὲ
2857 556 3028 634 ὦμεν,
3055 564 3233 618 πάντα
3261 563 3382 632 εἰκῆ
3411 561 3507 612 καὶ
3542 559 3718 630 μάτην
3743 558 3891 634 [596]
3915 566 4108 635 εἰργα-

2529 647 2756 717 σάμεθα,
2797 649 2892 700 καὶ
2931 647 3086 700 οὐδὲν
3137 651 3202 702 ἐκ
3245 646 3448 700 τούτων
3489 645 3570 705 εἰς
3621 643 3894 714 σωτηρίας
3941 647 4109 715 λόγον

2527 730 2920 800 καρπώσασθαι
2985 730 3346 802 δυνησόμεθα.
3402 726 3628 783 Μέλλων
3689 725 3798 794 γὰρ
3837 729 3868 778 ό
3912 731 4110 800 Σωτὴρ

2525 813 2766 868 ἀνελθεῖν
2791 814 2929 885 πρὸς
2955 814 3049 866 τὸν
3074 815 3314 886 Πατέρα,
3329 813 3453 868 ἀντί
3477 809 3634 880 δόξης
3650 809 3986 880 προσκαίρου
4013 815 4111 866 καὶ

2527 897 2760 952 πλούτου
2791 897 3029 968 μεγάλου
3059 897 3264 970 ταύτην
3289 901 3402 960 τοῖς
3443 894 3712 967 μαθηταῖς
3736 892 4111 964 κληρονομίαν

2528 981 2773 1051 ἀφίησιν,
2823 979 2991 1034 εἰπών
3011 996 3024 1008 ·
3053 981 3322 1050 Εἰρήνην
3363 982 3477 1048 τὴν
3514 978 3669 1049 ἐμὴν
3699 977 3910 1046 δίδωμι
3941 978 4110 1045 ὑμῖν,

2527 1066 2776 1134 εἰρήνην
2803 1064 2919 1132 τὴν
2943 1063 3098 1134 ἐμὴν
3123 1065 3338 1134 ἀφίημι
3356 1065 3520 1135 ὑμῖν.
3547 1063 3704 1126 Ποῖος
3720 1059 3830 1131 γὰρ
3851 1059 4110 1126 πλοῦτος,

2529 1149 2562 1220 ἢ
2611 1151 2751 1220 πόση
2791 1149 3088 1220 χρημάτων
3121 1152 3412 1220 περιουσία
3455 1149 3650 1218 γένοιτ’
3694 1146 3760 1200 ἂν
3801 1145 4113 1217 τιμιωτέρα

2529 1232 2630 1301 τῆς
2657 1233 2880 1302 εἰρήνης
2916 1231 3011 1284 τοῦ
3052 1232 3312 1304 Χριστοῦ,
3337 1234 3440 1303 τῆς
3465 1233 3644 1285 πάντα
3667 1229 3824 1296 λόγον
3853 1229 3952 1280 καί⁸
3984 1227 4114 1281 νοῦν

2531 1315 2934 1386 ύπερεχούσης;
2971 1317 3141 1370 Τοῦτο
3173 1313 3264 1370 οὖν
3306 1319 3400 1370 καὶ
3437 1320 3464 1370 ὁ
3493 1315 3780 1386 προφήτης
3819 1311 4114 1382 Μαλαχίας

2532 1398 2689 1460 εἰδὼς
2731 1400 2968 1470 χαλεπὸν
3002 1397 3142 1456 εἶναι
3166 1403 3260 1456 καί¹
3299 1402 3606 1473 ὑπέρογκον
3633 1399 3694 1450 τὸ
3731 1398 4112 1470 παράπτωμα,

2533 1483 2719 1553 ἔλεγεν
2749 1486 2825 1549 ὼς
2853 1488 2918 1540 ἐκ
2957 1487 3248 1558 προσώπου
3283 1487 3377 1539 τοῦ
3421 1484 3555 1538 Θεοῦ
3581 1500 3596 1514 ⁸
3622 1483 3781 1547 Λαός
3822 1499 3968 1552 μου,
4002 1485 4116 1535 λα·

2531 1567 2692 1620 λεῖτε
2711 1567 3006 1635 ἀλήθειαν
3031 1569 3290 1633 ἕκαστος
3305 1567 3453 1636 μετὰ
3477 1565 3582 1620 τοῦ
3605 1565 3876 1631 πλησίον
3901 1563 4114 1630 αὐτοῦ,

2533 1649 2634 1704 καὶ
2669 1651 2932 1718 ἕκαστος
2963 1652 3184 1708 κακίαν
3235 1651 3306 1704 ἐν
3343 1649 3420 1718 τῇ
3469 1649 3681 1716 καρδίᾳ
3725 1646 3804 1713 τῷ
3841 1649 4120 1712 πλησίον

2535 1733 2722 1788 αὐτοῦ
2765 1735 2851 1804 μὴ
2895 1735 3359 1804 μνησικακεὰω.
3397 1733 3498 1786 καὶ
3537 1732 3720 1798 ὅρκον
3775 1729 3978 1799 ψευδῆ
4029 1728 4116 1798 μὴ

2533 1816 2818 1887 ἀγαπᾶτε·
2837 1820 2934 1872 καὶ
2951 1821 3024 1873 οὐ
3036 1819 3122 1886 μὴ
3141 1815 3517 1880 ἀποθανεῖτε,
3537 1811 3704 1882 cluat;
3719 1815 3826 1870 τοῦ
3842 1814 4116 1882 Ἰσραὴλ.

2532 1900 2695 1969 λέγει
2741 1903 2976 1970 Κύριος.
3023 1899 3110 1962 Ὧς
3161 1898 3227 1952 ἂν
3272 1900 3320 1951 εἰ
3375 1899 3624 1968 μέλλοιτε
3666 1895 3808 1953 εἶναι
3857 1899 4116 1968 ψεῦσται,

2538 1983 2888 2056 μνησίκακοι,
2909 1983 3177 2053 ἐπίορκοι,
3203 1983 3584 2054 ἐπιλαθόμενοι
3604 1983 3712 2036 τῶν
3733 1983 3966 2036 ἐντολῶν
3991 1999 4118 2052 μου,

2537 2067 2754 2138 θανάτῳ
2805 2065 3182 2122 ἀποθανεῖσθε.
3243 2065 3434 2120 Ταῦτα
3477 2062 3570 2119 οῦν
3625 2067 3842 2120 ἅπαντα
3889 2065 4118 2124 ειδότες,

2537 2151 2848 2221 ἀγαπητοὶ,
2910 2151 3090 2202 πᾶσαν
3145 2148 3544 2218 καταλύσωμεν
3587 2149 3779 2222 ὀργὴν,
3825 2147 3922 2200 καὶ
3981 2143 4124 2214 πρὸς

2537 2235 2797 2304 ἀλλήλους
2843 2231 3272 2304 εἰρηνεύσωμεν,
3313 2234 3409 2286 καὶ
3447 2233 3546 2302 τὴν
3589 2233 3744 2302 ῥίζαν
3772 2231 3870 2299 τῆς
3921 2227 4125 2288 κακίας

2541 2317 2867 2380 ἐκτίλαντες,
2903 2315 3002 2369 καί¹
3032 2314 3372 2386 καθάραντες
3405 2315 3562 2386 ήμῶν
3595 2314 3658 2366 τὸ
3689 2313 3946 2374 συνειδὸς,
3985 2308 4127 2380 μετὰ

2540 2402 2844 2472 πραότητος
2871 2401 2968 2452 καὶ
3005 2399 3308 2464 ἐπιεικείας
3337 2401 3431 2453 καὶ
3459 2398 3661 2467 πολλῆς
3703 2397 3805 2466 τῆς
3833 2393 4127 2453 εὐλαϐείας

2541 2484 2854 2557 προσίωμεν
2889 2485 2956 2554 τῇ
3009 2483 3310 2555 μεταλήψει
3345 2481 3453 2536 τῶν
3495 2481 3738 2552 φρικτῶν
3771 2479 3980 2531 τούτων
4031 2475 4128 2528 καὶ

2541 2569 2788 2641 φοϐερῶν
2824 2568 3163 2640 μυστηρίων,
3201 2569 3274 2638 μὴ
3303 2564 3573 2628 ὠθοῦντες
3615 2565 3709 2616 καὶ
3749 2561 4125 2630 λακτίζοντες,

2545 2655 2684 2726 μήτε
2725 2652 2957 2715 κτύποις
2997 2653 3092 2706 καὶ⁹
3116 2652 3388 2724 κραυγαῖς
3425 2648 3746 2710 ἐκϐοῶντες,
3789 2645 3930 2700 ἀλλὰ
3975 2641 4130 2712 φόϐῳ

2541 2739 2724 2809 πολλῷ
2767 2741 2864 2792 καὶ
2915 2738 3104 2810 τρόμῳ
3139 2736 3276 2808 μετὰ
3321 2733 3666 2800 κατανύξεως
3719 2733 3816 2786 καὶ
3867 2728 4130 2801 δακρύων

2543 2824 2997 2896 προσερχόμενοι,
3039 2823 3128 2876 ἶνα
3170 2821 3265 2874 καὶ
3305 2822 3335 2873 ὁ
3379 2819 3760 2890 φιλάνθρωπος
3808 2815 4128 2882 Δεσπότης,

2545 2907 2889 2970 ἐποπτεύσας
2913 2907 3070 2978 ήμῶν
3101 2905 3305 2960 ἄνωθεν
3329 2904 3429 2974 τὴν
3451 2902 3734 2973 εἰρηνικὴν
3763 2899 4127 2956 κατάστασιν,

2551 2994 2646 3047 καὶ
2659 2991 2758 3063 τὴν
2779 2991 3138 3061 ἀνυπόκριτον
3160 2989 3404 3059 ἀγάπην,
3427 2986 3520 3040 καὶ
3543 2985 3640 3054 τὴν
3665 2982 3988 3052 φιλάδελφον
4011 2994 4134 3063 κοι-

2549 3062 2767 3140 νωνίαν,
2782 3074 2876 3127 καὶ
2890 3073 3093 3126 τούτων
3107 3073 3214 3126 τῶν
3233 3069 3452 3140 ἀγαθῶν
3466 3069 3560 3124 καί¹
3575 3069 3683 3122 τῶν
3701 3062 4132 3135 ἐπηγγελμένων

2551 3160 2762 3222 πάντας
2797 3157 2944 3228 ἡμᾶς
2973 3156 3200 3230 ἀξιώσῃ,
3253 3156 3437 3228 χάριτι
3485 3154 3580 3208 καὶ
3619 3151 4004 3230 φιλανθρωπίᾳ
4033 3145 4130 3200 τοῦ

2551 3243 2760 3314 Κυρίου
2810 3239 2970 3312 ήμῶν
3011 3229 3186 3310 Ἰησοῦ
3240 3237 3504 3311 Χριστοῦ,
3539 3236 3656 3306 μεθ’
3695 3229 3757 3289 οῦ
3801 3232 3880 3303 τῷ
3929 3231 4132 3314 Πατρὶ,

2553 3313 2674 3396 ἅμα
2699 3323 2778 3396 τῷ
2802 3324 2942 3393 ἁγίῳ
2962 3323 3262 3394 Πνεύματι,
3295 3323 3444 3388 δόξα,
3475 3321 3695 3392 κράτος,
3725 3317 3879 3388 τιμὴ,
3915 3314 4016 3368 νῦν
4037 3313 4134 3368 καὶ

2553 3408 2663 3468 ἀεὶ.
2693 3407 2790 3462 καὶ
2818 3409 2898 3472 εἰς
2921 3407 3046 3471 τοὺς
3069 3407 3274 3471 αἰῶνας
3301 3404 3410 3460 τῶν
3431 3403 3664 3459 αἰώνων.
3708 3401 3900 3473 ’Δμήν.

937 4019 4136 4069 W

1579 4273 1660 4333 ΙΝ
1716 4273 2134 4336 HOMILIAM
2178 4273 2285 4334 DE
2334 4272 2850 4334 COEMETERIO
2907 4273 3010 4332 ΕΤ
3056 4271 3166 4331 DE
3219 4269 3474 4334 CRUCE

968 4520 1119 4577 lianc
1147 4520 1428 4578 homiliam
1459 4521 1649 4576 habuit
1679 4519 2105 4593 Chrysostomus
2137 4519 2324 4591 viginti
2359 4526 2454 4573 aut
2477 4519 2643 4589 paulo
2679 4519 2865 4572 minus
2894 4515 3088 4572 diebus
3139 4527 3426 4588 antequam
3466 4517 3535 4572 de
3567 4514 3772 4572 sanctis
3826 4511 4148 4570 mulieribus

895 4615 1149 4676 Bernice,
1177 4613 1473 4673 Prosdoce.
1508 4623 1561 4667 et
1591 4611 1859 4666 Domnina
1891 4613 2309 4668 concionaretur
2337 4630 2352 4679 ;
2387 4621 2446 4666 ut
2473 4625 2580 4665 non
2607 4609 2788 4664 dubiis
2810 4608 2955 4663 notis
2996 4605 3267 4677 colligitur
3297 4623 3362 4661 ex
3403 4607 3560 4664 initio
3587 4617 3872 4678 postrema:
3915 4607 4149 4675 hujusce

894 4704 1200 4767 concionis,
1236 4704 1327 4758 ubi
1363 4719 1420 4758 sc
1443 4711 1568 4758 ante
1597 4703 1783 4773 viginti
1813 4703 1925 4760 fere
1961 4704 2077 4759 dies
2101 4705 2170 4759 de
2199 4719 2363 4760 cruce
2400 4702 2612 4759 Domini
2666 4701 3076 4764 concionatum,
3127 4701 3297 4754 multa
3323 4699 3530 4756 dixisse
3573 4699 3650 4752 ait
3688 4697 3742 4750 in
3781 4696 3897 4752 haec
3929 4697 4096 4750 verba
4127 4715 4142 4751 :

895 4799 1154 4856 Contriuit
1183 4807 1362 4863 portas
1403 4814 1597 4860 teneas,
1627 4806 1674 4850 et
1707 4807 1872 4850 vectes
1915 4798 2108 4866 ferreos
2146 4799 2450 4868 confregit:
2497 4811 2618 4866 quae
2665 4796 2870 4863 optime
2899 4794 3229 4850 conveniunt
3276 4795 3330 4847 in
3364 4795 3504 4847 hanc
3538 4790 3612 4846 De
3655 4791 3946 4844 cmmeterio
3983 4799 4036 4844 et
4074 4793 4138 4845 de

895 4908 1048 4946 cruce
1077 4891 1381 4946 homiliam.
1417 4889 1554 4947 llinc
1581 4887 1752 4944 Graeci
1779 4897 2054 4958 putantes,
2095 4889 2292 4944 festum
2321 4891 2386 4944 de
2415 4887 2611 4950 Cruce,
2652 4883 2796 4954 quod
2829 4901 3016 4941 mense
3052 4884 3354 4954 Septembri
3385 4885 3471 4940 die
3502 4901 3592 4940 xw
3642 4886 3900 4950 occurrit,
3966 4886 4056 4940 hic
4107 4901 4140 4940 ει

895 4985 1286 5054 Chrysostomo
1321 4983 1637 5046 memorari.
1663 4980 1864 5037 festum
1896 4989 2211 5036 sanctarum
2253 4979 2538 5036 Domnina
2565 4987 2619 5032 et
2653 4976 2887 5032 ﬁliarum
2927 4977 3118 5045 viginti
3175 4985 3360 5046 postea
3395 4977 3613 5042 diebus,
3662 4985 3854 5045 quarta
3895 4977 4148 5034 videlicet

895 5076 1148 5132 Octobris
1177 5078 1492 5144 celebrant;
1519 5079 1613 5133 sed
1643 5091 1968 5146 perperam:
2003 5091 2110 5131 non
2143 5077 2286 5131 enim
2326 5075 2380 5130 in
2427 5073 2565 5130 festo
2594 5085 2798 5128 sancta‘
2827 5072 3043 5138 Crucis,
3083 5089 3204 5144 qua:
3251 5075 3304 5128 in
3355 5071 3724 5142 Septembrem
3760 5068 3970 5136 incidit,
4000 5086 4153 5138 quaa-

895 5184 1002 5238 que
1029 5168 1271 5222 nondum
1315 5169 1408 5222 illo
1435 5183 1550 5223 aevo
1580 5169 1978 5238 celebrabatur,
2009 5171 2150 5227 hanc
2185 5170 2378 5226 habuit
2421 5169 2702 5224 homiliam
2734 5165 3182 5237 Chrysostomus,
3216 5169 3311 5226 sed
3349 5171 3402 5224 in
3433 5168 3520 5224 die
3569 5163 3916 5235 Parascevcs,
3953 5169 4148 5222 eadem

897 5273 1088 5327 nempe
1115 5274 1224 5329 qua
1265 5259 1560 5314 cruciﬁxus
1587 5271 1671 5318 est
1697 5263 1978 5328 Dominus,
2017 5272 2076 5317 ut
2108 5265 2223 5334 ipse
2247 5263 2501 5334 plurimis
2551 5261 2606 5315 in
2641 5261 2779 5316 locis
2817 5259 3078 5316 declarat.
3109 5261 3185 5316 Ea
3224 5277 3356 5317 vero
3403 5260 3471 5314 de
3523 5272 3583 5310 re
3636 5255 3940 5312 audiendus
3979 5257 4150 5311 Tille-

893 5349 1150 5415 montius,
1183 5367 1307 5422 pag.
1355 5351 1452 5408 57l
1490 5371 1502 5407 :
1535 5353 1810 5424 Reliquum
1840 5357 2002 5426 igitur
2028 5365 2101 5410 est
2133 5366 2188 5410 ut
2226 5357 2501 5410 credamus
2542 5356 2732 5424 festum
2761 5364 2956 5408 sancta:
2989 5355 3261 5410 Domnime
3289 5364 3338 5410 et
3375 5357 3638 5409 sociarum
3684 5356 3996 5420 Antiochice,
4047 5365 4153 5408 non

894 5455 1086 5508 quarta
1119 5445 1373 5509 Octobris.
1405 5449 1496 5503 sed
1533 5449 1734 5504 decima
1766 5459 1958 5522 quarta
1987 5449 2204 5518 Aprilis,
2237 5467 2342 5521 qua
2367 5453 2450 5506 die
2493 5459 2709 5504 notatur
2747 5451 2802 5504 in
2827 5451 3200 5522 Martyrologio
3227 5450 3532 5520 Hieronymi
3561 5461 3610 5504 et
3639 5453 3886 5514 aliorum.
3923 5450 4156 5505 celebra-

895 5543 1008 5589 tum
1050 5537 1228 5606 fuisse.
1270 5539 1418 5603 Quod
1457 5551 1655 5608 spectat
1701 5554 1878 5596 autent
1921 5543 1992 5597 ad
2042 5559 2261 5606 annum,
2309 5559 2408 5614 quo
2457 5545 2537 5596 ha?
2571 5542 2690 5594 dua:
2735 5541 2965 5596 humilia:
3012 5543 3204 5596 habita:
3255 5548 3398 5602 sunt,
3447 5543 3684 5612 queritur
3732 5541 4150 5612 Chrysostomus,

895 5642 1020 5688 tunc
1063 5649 1316 5703 magnum
1365 5639 1583 5692 excitari
1626 5639 1910 5694 tumultum
1941 5657 2060 5695 cum
2090 5640 2426 5694 accederetnr
2467 5643 2538 5692 ad
2580 5655 2786 5693 sacram
2819 5640 3274 5693 communionem:
3313 5635 3594 5708 eademque
3629 5637 3797 5690 utitur
3822 5628 4150 5702 querimonia

898 5727 954 5778 in
1006 5727 1250 5781 concione
1302 5729 1367 5781 de
1414 5729 1498 5782 die
1541 5730 1748 5796 Natali,
1797 5749 1935 5787 anno
1979 5733 2104 5798 386,
2157 5741 2206 5786 et
2259 5732 2312 5786 in
2365 5731 2607 5794 concione
2657 5732 2720 5784 de
2763 5729 3088 5800 Epiphania,
3143 5727 3324 5797 paucis
3376 5739 3488 5798 post
3529 5730 3706 5783 diebus
3753 5724 3954 5784 habita,
4013 5735 4150 5772 anno

899 5817 1022 5873 387.
1066 5821 1207 5878 Unde
1251 5823 1489 5894 [οι-ιακίε
1527 5823 1677 5896 [397!
1716 5831 1768 5882 in
1808 5829 2114 5884 alterutrius
2157 5829 2286 5884 anni
2313 5837 2550 5883 sanctam
2577 5825 2905 5884 Parasceven
2931 5827 3039 5882 hinc
3060 5823 3274 5879 lwmilia
3305 5826 3623 5898 conjicienda
3661 5823 3920 5879 uideatur.
3961 5812 4148 5870 Verum
