4432 6692
379 435 475 491 391

381 561 564 613 paceni
606 560 728 599 cum
777 545 937 600 fratre
974 553 1065 598 tuo
1105 545 1207 596 hoc
1245 540 1559 596 sacriﬁcium
1612 542 1807 597 factum
1848 550 1947 598 est.

378 639 431 693 Si
460 639 620 708 igitur
646 648 863 710 propter
894 651 1075 708 pacem
1101 650 1221 691 cum
1253 636 1495 704 proximo
1519 646 1611 691 tuo
1632 634 1948 691 sacriﬁcium

381 728 642 794 oﬁ'crtur,
687 738 741 784 tu
771 743 900 784 vero
942 740 1125 798 pacem
1157 739 1263 779 non
1307 736 1451 781 recte
1493 741 1701 793 servas,
1746 725 1952 783 etiarnsi

378 822 621 877 sacriﬁcii
666 824 933 893 particeps
954 820 1050 884 sis,
1094 817 1296 872 inutilis
1340 818 1434 873 tibi
1478 818 1595 875 lucc
1621 817 1954 888 participatio

377 913 603 970 efﬁcitur
628 915 744 969 sine
772 912 950 967 studio
974 908 1247 964 servandae
1276 910 1440 979 pacis.
1480 909 1613 967 illud
1646 924 1773 979 ergo
1810 911 1955 978 prius

379 1004 554 1073 facito,
584 1022 766 1077 pacem
792 1004 995 1059 scilicet
1018 1015 1175 1068 cura,
1208 1013 1425 1074 propter
1449 1017 1608 1071 quam
1634 1000 1952 1055 sacriﬁcium

379 1100 618 1161 oﬁ'ertur,
664 1106 719 1153 et
757 1106 884 1149 tunc
914 1100 1057 1147 recte
1097 1092 1187 1147 illo
1226 1092 1441 1148 frueris.
1486 1093 1774 1161 Propterea
1813 1094 1952 1146 enim

382 1190 548 1246 Filius
581 1189 675 1243 Dei
704 1186 849 1241 venit
893 1184 947 1238 in
991 1183 1242 1239 mundum
1268 1225 1284 1250 ,
1326 1195 1386 1239 ut
1432 1193 1673 1239 naturam
1719 1194 1952 1238 nostram

380 1284 453 1337 Pa
482 1281 525 1338 ri
542 1277 933 1339 reconciliaret,
962 1276 1405 1343 quemadmodum
1442 1276 1515 1329 ait
1544 1274 1738 1328 Paulus
1762 1291 1776 1328 :
1802 1272 1955 1328 Nunc

376 1387 551 1428 autem
569 1368 910 1425 reconciliavit
934 1366 1026 1420 sibi
1053 1369 1221 1421 omnia
1275 1368 1464 1436 (Calas.
1496 1368 1544 1420 l.
1568 1365 1686 1436 22),
1717 1382 1804 1434 per
1830 1383 1953 1418 cru-

378 1480 486 1519 cem
511 1459 816 1527 interﬁciens
842 1457 1153 1512 inimicitiam
1172 1459 1223 1513 in
1243 1458 1508 1527 semetipso
1530 1456 1745 1528 (Ephes.
1761 1456 1819 1510 2.
1842 1455 1953 1526 16).

381 1555 507 1610 ldeo
527 1567 631 1606 non
662 1551 775 1620 ipse
802 1550 946 1603 solus
972 1550 1111 1604 venit
1148 1559 1205 1605 ut
1240 1564 1422 1619 pacem
1456 1549 1634 1613 iniret,
1661 1547 1753 1602 sed
1781 1555 1832 1602 et
1859 1562 1957 1603 nos

380 1656 593 1716 quoque
620 1640 804 1694 beatos
836 1640 1106 1708 prtedicat,
1149 1640 1194 1694 si
1236 1640 1380 1709 paria
1425 1638 1711 1703 faciamus,
1752 1652 1956 1707 nosque

381 1746 493 1787 sua:
516 1730 891 1801 appellatimtis
933 1741 1209 1785 consortes
1242 1729 1427 1784 efﬁcit.
1474 1728 1604 1783 Nam
1627 1728 1770 1783 Beati
1813 1730 1957 1797 paci-

380 1822 484 1891 fici,
510 1820 749 1890 quoniam
776 1819 870 1887 filii
896 1818 992 1873 Dei
1015 1818 1324 1873 vocabuntur
1349 1816 1563 1886 (Matth.
1591 1819 1644 1872 5.
1670 1819 1758 1889 9).
1803 1818 1956 1887 Quod

383 1913 561 1982 itaque
588 1910 834 1965 Christus
858 1910 1022 1965 Filius
1051 1911 1145 1966 Dei
1176 1910 1318 1975 fecit,
1346 1910 1573 1979 idipsum
1603 1920 1657 1964 et
1683 1921 1737 1964 tu
1767 1927 1956 1967 secun-

380 2004 507 2058 dum
554 2003 843 2055 humanam
873 1999 1175 2056 facultatem
1207 2000 1385 2064 facito,
1430 2000 1681 2070 pacisque
1708 2002 1960 2057 concilia-

380 2104 463 2149 tor
491 2102 547 2149 et
574 2093 668 2148 tibi
694 2093 799 2157 sis,
828 2101 885 2147 et
917 2092 1161 2162 proximo
1191 2100 1302 2146 tuo.
1338 2092 1461 2147 Ideo
1490 2091 1655 2146 ﬁlium
1686 2092 1780 2147 Dei
1808 2103 1961 2148 vocat

378 2184 657 2257 paciﬁcum
693 2200 708 2238 :
739 2198 858 2240 eam
883 2183 954 2238 ob
976 2198 1090 2238 rem
1125 2184 1175 2237 in
1201 2190 1445 2253 tempore
1484 2182 1732 2238 sacriﬁcii
1756 2183 1959 2238 nullum

378 2278 540 2331 alium
568 2284 833 2332 memorat
851 2275 1072 2346 iustitia:
1094 2275 1329 2340 modum,
1354 2275 1453 2329 nisi
1477 2274 1960 2331 reconciliationem

377 2386 499 2427 cum
542 2370 741 2437 fratre,
783 2369 1070 2424 ostendens
1112 2369 1387 2423 caritatem
1428 2368 1667 2422 omnium
1708 2368 1961 2423 virtutum

381 2465 661 2519 maximam
705 2477 844 2519 esse.
886 2460 1143 2518 Volebam
1184 2476 1334 2528 sane,
1374 2462 1573 2527 dilecti,
1618 2463 1961 2531 prolixiorem

380 2556 578 2609 habere
622 2568 923 2609 sermonem
966 2571 981 2606 :
1025 2568 1207 2607 verum
1251 2552 1518 2608 sufﬁciunt
1555 2568 1619 2608 ea
1662 2569 1781 2623 qu:e
1821 2553 1959 2609 dicta

377 2656 502 2699 sunt
527 2645 612 2712 iis,
638 2645 727 2716 qui
752 2659 938 2700 semen
966 2644 1176 2713 pietatis
1221 2659 1341 2698 cum
1372 2645 1665 2699 attentione
1708 2653 1761 2698 et
1806 2645 1960 2700 intel-

379 2738 592 2806 Iigentia
638 2737 952 2806 suscipiunt,
994 2737 1191 2806 quique
1237 2736 1392 2791 dictis
1435 2737 1671 2791 animum
1710 2737 1961 2793 adhibere

380 2827 582 2883 volunt.
628 2827 848 2890 llornm,
892 2843 1096 2895 quazso,
1125 2828 1408 2882 verborum
1451 2842 1667 2897 semper
1709 2829 1959 2884 recorde-

381 2933 521 2984 mur,
571 2917 941 2985 tremendique
983 2918 1279 2988 amplexus,
1326 2933 1484 2988 quem
1529 2927 1716 2974 mutuo
1752 2919 1959 2974 damus.

381 3008 479 3065 llic
502 3010 647 3065 enim
672 3009 951 3079 amplexus
976 3008 1181 3064 animas
1202 3010 1412 3079 colligat
1432 3021 1664 3075 nostras,
1689 3019 1743 3065 et
1776 3025 1963 3066 omnes

382 3115 544 3155 unum
586 3114 781 3168 corpus
830 3114 894 3153 ac
941 3100 1178 3154 membra
1217 3097 1413 3155 Christi
1458 3101 1623 3156 efﬁcit
1667 3103 1960 3172 :quoniatn

379 3190 535 3245 unius
559 3189 800 3258 corporis
827 3189 1111 3258 participes
1134 3203 1319 3244 sumus
1339 3206 1546 3246 omnes.
1578 3190 1753 3247 Unum
1784 3193 1964 3263 itaque

380 3279 671 3334 secundum
715 3277 795 3333 rei
842 3279 1123 3334 veritatem
1171 3293 1370 3349 corpus
1414 3279 1710 3336 efﬁciamur
1751 3296 1960 3348 omnes,

384 3386 489 3426 non
513 3385 738 3440 corpora
768 3371 1179 3427 commiscentes
1197 3412 1214 3438 ,
1254 3371 1349 3427 sed
1372 3372 1581 3428 animas
1609 3383 1793 3428 mutuo
1827 3375 1964 3430 cari-

384 3463 506 3516 tatis
534 3461 742 3517 vinculo
762 3461 1098 3531 colligantes.
1140 3462 1197 3517 Si
1241 3462 1386 3517 enim
1431 3464 1503 3517 ita
1548 3464 1821 3533 faciamus,
1864 3462 1965 3522 hac

384 3552 485 3607 frui
512 3565 694 3606 mensa
737 3565 857 3606 cum
886 3550 1075 3605 ﬁducia
1112 3560 1168 3606 et
1210 3566 1241 3605 a
1266 3553 1469 3609 victore
1495 3554 1708 3610 Christo
1745 3554 1958 3611 tandem

1156 440 1244 496 DE
1284 438 1713 497 C(EMETERIO
1752 440 1841 496 ET
1885 440 1971 496 DE
2010 437 2259 496 CRUCE.
2290 463 2361 473 —
2387 431 2721 491 MONITUM.

3534 435 3642 492 393

2060 542 2360 598 conciliata:
2388 543 2531 611 pacis
2558 543 2892 611 receptacula
2924 541 3036 598 ﬁeri
3076 545 3390 614 poterimus.
3434 546 3641 604 Etenim

2057 634 2104 689 si
2132 642 2386 688 sexcenta
2424 633 2561 688 bona
2590 646 2753 702 Opera
2800 648 2962 703 penes
2991 650 3087 690 nos
3132 635 3457 702 habeamus,
3487 648 3540 693 et
3566 640 3646 692 in-

2054 724 2319 795 juriarum
2346 738 2611 779 memores
2644 709 2842 790 simus,
2870 725 3046 779 omnia
3073 724 3264 781 frustm
3296 738 3350 783 et
3379 728 3644 782 incassum

2062 815 2288 884 egimus,
2323 814 2560 883 nihilque
2587 814 2710 871 inde
2749 815 2816 870 ad
2844 815 3067 870 salutem
3097 817 3290 873 lucrari
3330 820 3645 888 poterimus.

2058 907 2395 961 Ascensurus
2431 906 2572 961 enim
2617 908 2684 963 ad
2731 907 2945 963 Patrem
2992 908 3252 974 Christus,
3302 910 3419 966 loco
3460 912 3647 982 gloria:

2059 1005 2417 1064 temporanete
2443 1006 2497 1051 et
2521 1012 2830 1068 magnarum
2857 1015 3017 1068 opum
3034 1041 3048 1061 ,
3085 998 3221 1052 hanc
3246 999 3520 1071 discipulis
3552 1004 3646 1055 he-

2057 1086 2340 1143 reditatem
2387 1087 2635 1156 relinquit
2675 1088 2858 1143 dicens
2902 1087 3137 1144 :Pacem
3179 1106 3342 1142 meam
3379 1090 3444 1144 do
3489 1093 3647 1157 vobis,

2058 1193 2235 1247 pacem
2266 1193 2428 1231 meam
2456 1179 2685 1246 relinquo
2709 1178 2845 1231 vobis
2878 1179 3053 1250 (Joan.
3086 1180 3174 1235 Η.
3203 1178 3329 1251 27).
3359 1180 3488 1248 Quze
3515 1182 3649 1236 divi-

2062 1269 2167 1333 tiae,
2191 1278 2387 1338 quanta
2415 1268 2757 1338 pecuniarum
2784 1272 2933 1340 copia
2964 1271 3244 1339 pretiosior
3266 1270 3429 1327 fuerit
3450 1272 3647 1328 Christi

2060 1376 2218 1429 pace,
2262 1377 2379 1430 qua:
2407 1377 2566 1415 omne
2597 1362 2815 1415 verbum
2838 1404 2851 1425 ,
2883 1376 3095 1417 onmem
3135 1374 3367 1418 mentem
3396 1365 3650 1434 superat?

2061 1452 2173 1506 Hoc
2202 1454 2378 1523 itaque
2416 1468 2536 1507 cum
2567 1452 2728 1507 sciret
2757 1453 3044 1507 lllalacltias
3076 1454 3332 1523 propheta
3354 1496 3367 1517 ,
3405 1467 3457 1510 et
3485 1472 3647 1525 grave

2063 1551 2118 1595 et
2138 1545 2523 1598 atrocissimum
2550 1559 2667 1599 esse
2694 1544 2979 1607 delictum,
3015 1560 3081 1598 ex
3113 1559 3340 1614 persona
3370 1546 3459 1600 Dei
3498 1547 3649 1601 dice-

2065 1632 2155 1686 bat
2195 1651 2208 1685 :
2251 1631 2449 1702 Papule
2490 1652 2664 1700 meus,
2710 1635 2973 1703 loquimini
3016 1636 3273 1689 veritatem
3313 1638 3654 1708 unusquisque

2063 1737 2176 1775 cum
2205 1726 2434 1793 proximo
2457 1742 2569 1791 suo,
2597 1736 2643 1779 et
2668 1727 3009 1795 unusquisque
3034 1727 3282 1780 malitiam
3308 1728 3359 1781 in
3386 1729 3538 1782 corde
3562 1746 3657 1784 suo

2062 1823 2240 1867 contra
2284 1816 2563 1883 proximum
2589 1832 2742 1873 suum
2759 1835 2858 1873 non
2883 1826 3062 1887 cogitet
3093 1818 3295 1887 injuria:
3334 1836 3524 1872 mentor
3558 1835 3578 1873 :
3606 1829 3654 1873 et

2052 1906 2403 1975 juramentum
2431 1907 2648 1960 mendax
2675 1924 2737 1960 ne
2776 1908 2971 1978 diligite
2990 1949 3005 1973 ,
3036 1917 3082 1961 et
3112 1925 3213 1963 non
3243 1911 3522 1963 moriemini
3563 1912 3656 1963 do-

2063 2012 2177 2050 mu;
2231 1987 2439 2057 Israel,
2492 1988 2622 2045 dicit
2675 1990 2928 2046 Dominus
2987 1992 3159 2061 (Zach
3200 2038 3214 2051 .
3275 1997 3326 2052 8.
3391 1995 3482 2051 16.
3541 2002 3656 2063 l7).

2064 2088 2144 2142 Ac
2172 2086 2218 2142 si
2248 2086 2491 2152 diceret,
2535 2087 2578 2138 si
2618 2087 2787 2142 futuri
2815 2087 2947 2141 estis
2984 2088 3301 2153 mendaces,
3342 2089 3654 2157 injuriarum

2066 2190 2355 2241 memores,
2389 2174 2608 2244 perjuri,
2640 2174 3012 2229 obliwscentcs
3039 2177 3283 2230 mandata
3313 2194 3451 2241 mea,
3481 2188 3654 2233 morte

2068 2268 2388 2322 moriemini.
2437 2266 2563 2321 [hcc
2595 2266 2755 2336 igitur
2792 2266 2969 2320 omnia
3000 2269 3231 2321 scientes
3254 2310 3268 2333 ,
3299 2269 3514 2335 dilecti,
3543 2285 3660 2323 um-

2068 2374 2189 2414 nem
2219 2361 2486 2414 solvamus
2511 2359 2674 2423 iram,
2705 2374 2887 2428 pacem
2929 2372 3114 2413 mutuo
3142 2374 3447 2427 servemus,
3475 2363 3660 2417 avulsa

2072 2450 2319 2519 nequitiae
2349 2450 2526 2505 radice
2570 2460 2897 2520 purgataque
2938 2451 3305 2515 conscientia;
3351 2467 3472 2507 cum
3505 2468 3655 2507 man.

2070 2542 2350 2597 suetudine
2389 2550 2444 2598 et
2473 2542 2733 2597 modestia
2773 2558 3065 2613 magnaque
3108 2546 3303 2613 pietate
3337 2545 3403 2598 ad
3433 2545 3660 2600 horreu-

2069 2633 2260 2687 dorum
2308 2641 2365 2687 et
2414 2633 2729 2688 terribilium
2779 2634 3151 2705 mysteriorum
3202 2635 3660 2704 participationem

2068 2723 2390 2778 accedamus
2410 2764 2425 2788 ,
2458 2739 2566 2778 non
2597 2724 2965 2793 impellentes,
2996 2738 3100 2778 non
3127 2724 3362 2779 calcibus
3398 2724 3663 2795 impeten-

2069 2822 2169 2880 tes,
2218 2830 2323 2867 non
2367 2829 2488 2868 cum
2529 2818 2750 2883 strepitu
2782 2822 2836 2869 et
2879 2816 3111 2870 clamore
3138 2813 3535 2882 vociferantes,
3566 2815 3661 2871 sed

2067 2919 2186 2959 cum
2212 2906 2403 2959 timore
2442 2914 2499 2960 et
2525 2916 2759 2960 tremore
2784 2921 2994 2975 magno,
3026 2922 3145 2960 cum
3176 2908 3583 2974 compunctione
3606 2915 3662 2962 et

2070 2996 2322 3067 lacrymis
2348 3014 2362 3052 :
2393 3006 2451 3050 ut
2480 2997 2739 3067 benignus
2769 2999 2855 3053 ille
2884 2998 3157 3063 Dominus,
3189 3000 3466 3068 paciﬁcum
3498 3000 3659 3055 animi

2068 3096 2285 3152 statum,
2316 3102 2419 3141 non
2447 3089 2748 3141 simulatam
2774 3088 3077 3152 caritatem,
3127 3097 3178 3141 et
3216 3087 3439 3142 fraterni
3464 3091 3662 3144 amoris

2069 3178 2396 3233 consortium
2420 3193 2649 3247 superne
2670 3178 2983 3247 reapicicns,
3005 3187 3059 3233 et
3082 3178 3165 3233 his
3185 3178 3343 3232 bonis
3365 3187 3419 3233 et
3439 3180 3666 3248 promis-

2070 3268 2145 3323 sis
2171 3283 2268 3323 nos
2295 3283 2481 3323 omnes
2516 3268 2764 3337 dignetur
2786 3309 2799 3331 ,
2828 3268 2995 3339 gratia
3020 3277 3075 3323 et
3101 3268 3425 3339 benignitate
3453 3269 3661 3325 Domini

2068 3358 2237 3415 nostri
2275 3358 2401 3413 Jesu
2427 3358 2625 3413 Christi
2647 3399 2661 3423 ,
2694 3360 2907 3428 quicum
2937 3359 3101 3424 Patri,
3128 3369 3184 3414 et
3209 3375 3308 3413 una
3336 3369 3519 3414 sancto
3541 3360 3663 3430 Spi-

2068 3447 2194 3503 ritui
2214 3488 2229 3512 ,
2264 3446 2429 3516 gloria
2451 3489 2467 3513 ,
2498 3447 2779 3517 imperium
2800 3488 2816 3514 ,
2847 3448 3053 3516 honor,
3083 3463 3225 3503 nunc
3252 3457 3307 3505 ct
3329 3464 3564 3519 semper,
3606 3458 3664 3506 et

2071 3538 2128 3594 in
2154 3538 2352 3595 saecula
2374 3538 2718 3593 stnculorum.
2748 3540 2942 3593 Amen.

1780 4228 2265 4290 ADMONITIO.

402 4487 540 4524 anno
590 4471 689 4526 586
730 4471 921 4541 festum
957 4484 1154 4529 sanctae
1198 4476 1491 4542 Domnina’,
1542 4478 1648 4532 sive
1702 4477 1903 4530 decima
1954 4487 2147 4548 quarta
2191 4480 2301 4533 dies
2330 4478 2545 4549 Aprilis,
2574 4480 2849 4534 undecimo
2888 4487 3005 4548 post
3051 4477 3401 4544 Parasceven,
3441 4486 3490 4532 et
3525 4495 3665 4533 anno

403 4567 505 4622 587
537 4570 811 4622 undecimo
849 4579 970 4624 ante
1014 4570 1339 4626 Parasceven
1384 4573 1467 4626 die
1505 4573 1824 4626 occurrebat.
1857 4571 2191 4627 Probabilius
2224 4591 2345 4645 ergo
2374 4577 2637 4645 referatur
2663 4576 2719 4627 in
2763 4591 2961 4627 annum
2997 4574 3123 4639 59‘2,
3163 4590 3263 4644 quo
3293 4572 3499 4626 Pascha
3534 4573 3668 4627 cele-

403 4662 655 4719 brabatur
693 4666 938 4721 vicesima
984 4676 1168 4720 octava
1234 4667 1435 4731 Martii,
1488 4677 1537 4721 et
1587 4669 1790 4722 decima
1853 4678 2047 4739 quarta
2109 4668 2305 4738 Aprilis
2349 4670 2651 4723 occurrebat
2705 4670 2985 4723 octodecim
3030 4668 3208 4720 diebus
3265 4675 3379 4733 post
3427 4677 3669 4720 sanctam

403 4758 753 4815 Parasceven.
796 4760 911 4815 lmo
953 4761 1139 4832 viginti
1184 4761 1320 4826 dies,
1359 4759 1403 4814 si
1434 4760 1747 4815 vicesimam
1778 4771 1987 4816 sextam
2033 4759 2209 4815 Martii
2240 4776 2345 4831 qua
2382 4760 2728 4825 Parasccves,
2768 4770 2823 4814 et
2859 4759 3121 4813 decimam
3158 4765 3410 4825 quartam
3444 4757 3666 4826 Aprilis,

405 4866 511 4920 qua
554 4850 611 4904 S.
650 4851 932 4908 Domninte
970 4854 1168 4909 festum
1219 4852 1615 4917 celebrabatur,
1661 4867 2043 4909 connumeres.

477 4945 572 4999 llis
622 4946 931 5014 adjicimus,
976 4961 1078 5000 nos
1118 4962 1182 5001 ex
1227 4948 1597 5003 admonitione
1622 4948 1764 5001 circa
1795 4948 2086 5001 tumultum
2120 4947 2174 4999 in
2211 4943 2518 4999 accedendo
2547 4942 2615 4995 ad
2647 4955 2854 4996 sacram
2885 4939 3327 4995 communionem
3380 4957 3487 4996 non
3532 4942 3669 4997 llllll-

410 5046 523 5091 tum
571 5037 798 5102 moveri,
850 5047 909 5091 ut
950 5056 1069 5093 eam
1113 5039 1198 5092 vel
1231 5041 1282 5091 in
1318 5055 1517 5092 annum
1551 5038 1674 5100 586,
1706 5038 1791 5089 vel
1845 5040 1898 5090 in
1929 5052 2133 5090 annum
2158 5036 2261 5089 387
2302 5034 2675 5102 conjiciamus.
2706 5031 2894 5102 Neque
2928 5033 3076 5087 enim
3103 5032 3157 5087 in
3193 5033 3432 5088 homiliis
3463 5043 3669 5088 tantum

406 5133 474 5187 de
515 5130 693 5183 Natali
737 5140 793 5184 ct
831 5133 897 5184 de
940 5133 1279 5201 Ephiphania
1327 5132 1623 5185 admonitio
1670 5130 1982 5198 huiusmodi
2036 5130 2294 5193 occurrit,
2335 5129 2432 5183 sed
2471 5128 2635 5182 etiam
2678 5126 2736 5181 in
2774 5127 2997 5181 homilia
3042 5127 3364 5198 praecedenti
3412 5128 3487 5181 De
3517 5128 3671 5183 Judw

408 5222 720 5294 proditione,
776 5220 933 5289 cujus
974 5238 1179 5276 annum
1222 5222 1495 5292 assignare
1533 5236 1641 5274 non
1684 5220 1980 5288 potuimus.
2016 5218 2155 5284 Quid
2203 5219 2347 5272 enim
2392 5218 2724 5273 incommodi
2755 5219 2996 5284 accedat,
3040 5218 3085 5273 si
3132 5232 3396 5288 ponamus
3427 5216 3667 5291 Chryso-

412 5327 648 5370 stomum
688 5311 873 5366 multis
921 5316 1195 5385 variisque
1240 5316 1417 5378 annis,
1450 5314 1574 5385 quia
1606 5330 1704 5384 par
1735 5314 1999 5368 tumultus
2033 5330 2063 5368 a
2109 5314 2310 5383 populo
2340 5315 2737 5380 concitabatur,
2780 5315 2969 5369 eadem
3008 5314 3085 5368 uti
3123 5314 3500 5369 adhortatione
3533 5331 3673 5386 Opus

412 5405 713 5463 habuisse?
751 5402 957 5458 Meliori
1006 5406 1170 5477 igitur
1212 5409 1419 5464 calculo
1465 5409 1518 5463 in
1558 5422 1760 5462 annum
1811 5406 1915 5461 592.
1963 5407 2266 5462 referamus
2303 5426 2318 5461 :
2352 5408 2454 5463 etsi
2505 5424 2612 5463 non
2658 5408 2836 5462 omnis
2875 5421 3099 5476 prorsus
3132 5406 3349 5460 tollatur
3384 5407 3669 5463 dubitandi
3718 5420 3723 5421 '

411 5518 575 5557 causa
611 5520 623 5556 :
654 5513 780 5555 nam
816 5510 875 5551 ut
907 5496 1143 5553 diximus
1188 5502 1393 5556 Monito
1441 5502 1496 5556 in
1545 5500 1791 5556 homilias
1833 5508 2015 5553 contra
2060 5498 2291 5564 Judwos,
2342 5500 2564 5555 Tabula:
2596 5500 2904 5569 paschales,
2946 5512 3068 5567 qute
3111 5507 3242 5553 sunt
3270 5499 3669 5569 posterioribus

412 5594 623 5648 saeculis
654 5588 1014 5655 concinnatae,
1046 5603 1170 5643 cum
1212 5592 1488 5647 veteribus
1529 5591 1751 5647 calculis
1790 5605 1901 5646 non
1938 5591 2272 5647 concordare
2318 5591 2476 5647 facile
2519 5599 2766 5661 possunt,
2798 5591 2974 5660 iisque
3014 5606 3127 5645 non
3159 5591 3385 5649 omnino
3420 5592 3552 5647 ﬁdes
3579 5598 3666 5646 est

414 5689 686 5743 habenda.

488 5779 668 5837 Jacobi
714 5780 950 5839 Grelscri
1001 5777 1514 5851 interpretationem
1561 5779 1829 5842 Latinam,
1876 5779 2082 5853 aliquot
2124 5778 2178 5836 in
2221 5778 2353 5836 locis
2397 5778 2728 5851 castigatam,
2773 5776 3065 5834 edidimus.
