4406 6690
844 418 950 478 3135

1553 426 1609 480 S.
1648 425 1936 485 JOANNIS
1974 430 2464 492 CllRYS()STOMI
2504 435 2825 495 AliClllEI’.
2869 439 3418 499 CONSTANTINOI‘.

4014 453 4119 507 τω.

1807 1099 1881 1158 IN
1936 1099 2388 1165 COEMETERI
2401 1105 2421 1164 ι
2481 1103 3158 1174 APPELLATIONEM

1323 1438 1400 1480 ET
1446 1441 1506 1483 IN
1552 1441 1798 1486 CRUCEM
1840 1444 2065 1491 DOMINI
2108 1448 2184 1492 ET
2228 1451 2330 1494 DEI
2374 1453 2448 1496 ET
2489 1455 2871 1503 SALVATORIS
2918 1461 3141 1507 NOSTRI
3182 1464 3329 1508 JESU
3373 1469 3637 1514 CHRISTI.

911 1975 959 2025 1.
1000 1971 1103 2028 Cur
1129 1984 1271 2028 extra
1295 1975 1536 2028 civitatem
1563 1977 1734 2030 concio
1757 1977 2054 2045 haberetur;
2082 1984 2416 2038 clymeterium

836 2062 968 2115 snde
989 2062 1197 2115 dictum.
1229 2095 1300 2104 —
1316 2065 1468 2133 Sarpe
1489 2066 1628 2134 apud
1650 2068 1888 2123 animum
1908 2085 2087 2126 meum
2108 2072 2381 2142 disquisivi
2397 2115 2413 2140 ,

833 2154 983 2219 cujus
1009 2154 1174 2222 gratia
1205 2157 1438 2225 majores
1482 2159 1683 2222 nostri,
1716 2161 1914 2216 relictis
1942 2163 2178 2228 sedibus,
2200 2181 2332 2234 quas
2363 2166 2414 2220 in

833 2244 1050 2298 urbibus
1091 2244 1315 2309 habent,
1337 2247 1454 2315 lege
1483 2249 1584 2302 lata
1610 2251 1924 2315 statuerint,
1956 2261 2012 2306 ut
2037 2263 2184 2308 extra
2225 2255 2413 2308 civita-

833 2345 938 2389 tem
969 2337 1146 2401 hodie,
1176 2348 1229 2392 et
1254 2339 1468 2409 quidem
1508 2341 1558 2394 in
1591 2341 1693 2395 hoc
1717 2343 1838 2395 loco
1871 2345 1921 2396 in
1947 2345 2257 2398 concionem
2283 2359 2411 2399 con-

832 2429 1132 2482 veniremus
1160 2448 1172 2482 :
1207 2445 1376 2500 neque
1402 2432 1542 2484 enim
1587 2432 1704 2486 sine
1729 2447 1908 2496 causa,
1938 2449 2110 2502 neque
2136 2445 2340 2490 temere
2358 2435 2409 2490 id

827 2517 1015 2574 fecisse
1035 2520 1299 2574 videntur.
1329 2521 1585 2588 Quocirca
1609 2531 1663 2576 et
1685 2537 1899 2577 causam
1932 2524 2194 2594 indagavi,
2216 2537 2408 2580 etcum

831 2609 921 2666 Dei
957 2612 1125 2681 gratia
1171 2613 1345 2668 inveni
1379 2614 1578 2682 justam
1616 2630 1757 2680 esse,
1788 2623 1842 2670 et
1892 2617 2084 2670 rationi
2126 2627 2412 2672 consenta-

827 2717 981 2757 neam
1008 2744 1022 2768 ,
1051 2705 1406 2773 pnesentique
1447 2705 1583 2760 festo
1623 2716 2034 2775 competentem.
2081 2709 2210 2775 Quae
2252 2709 2412 2779 igitur

825 2807 981 2848 causa
1025 2796 1146 2850 est?
1186 2796 1373 2850 Crucis
1417 2799 1728 2851 memoriam
1775 2800 1998 2867 agimus.
2032 2802 2098 2852 At
2127 2801 2409 2856 cruciﬁxus

824 2896 972 2939 extra
1003 2887 1271 2942 civitatem
1301 2889 1447 2941 cruci
1477 2889 1666 2942 affixus
1689 2899 1808 2943 est:
1840 2901 2119 2960 propterea
2147 2901 2298 2945 extra
2329 2892 2406 2945 ci-

823 2979 1036 3030 vitatem
1090 2994 1188 3032 nos
1223 2975 1541 3032 eduxerunt.
1581 2977 1714 3033 Nam
1756 2991 2018 3049 pastorem
2039 3020 2055 3047 ,
2084 2981 2285 3050 inquit,
2315 2997 2403 3036 se-

821 3078 1052 3136 quuntur
1071 3084 1218 3122 oves.
1245 3068 1347 3124 Ubi
1367 3085 1494 3124 vero
1519 3085 1612 3125 rex
1636 3111 1652 3136 ,
1679 3070 1749 3125 ibi
1776 3078 1832 3126 et
1857 3072 2050 3126 milites
2073 3090 2087 3135 ;
2117 3082 2171 3127 et
2200 3071 2286 3127 ubi
2316 3087 2407 3127 ca-

820 3159 1006 3224 daver,
1039 3160 1108 3214 ibi
1139 3169 1194 3215 et
1215 3160 1406 3230 aquila:
1436 3160 1664 3231 (Matth.
1692 3162 1784 3216 24.
1838 3161 1952 3234 28).
1987 3162 2092 3219 Sed
2120 3173 2271 3218 extra
2315 3163 2395 3219 ci-

822 3249 1039 3304 vitatem
1097 3251 1233 3304 hanc
1276 3251 1488 3320 quidem
1535 3252 1605 3306 ob
1646 3268 1860 3308 causam
1913 3256 2400 3326 (congregamur).

817 3342 1081 3395 ueterum
1129 3341 1264 3396 hanc
1308 3357 1428 3396 esse
1459 3358 1671 3397 causam
1697 3385 1711 3408 ,
1757 3345 1926 3399 satius
1971 3345 2211 3402 fortassis
2241 3346 2403 3403 fuerit

817 3432 1187 3487 demonstrare
1233 3433 1381 3502 prius
1427 3449 1492 3488 ex
1531 3433 1724 3488 divinis
1774 3434 2063 3506 Scripturis
2093 3454 2106 3490 :
2137 3453 2206 3493 ne
2257 3440 2400 3494 enim

815 3524 1130 3579 existimetis
1161 3525 1298 3579 hanc
1332 3540 1452 3580 esse
1480 3526 1843 3594 conjecturam
1873 3539 2144 3592 nostram,
2177 3529 2399 3585 Paulum

818 3616 967 3671 vobis
1011 3625 1199 3671 testem
1227 3617 1315 3671 do.
1349 3617 1483 3682 Quid
1521 3619 1679 3688 igitur
1717 3619 1806 3674 ille
1853 3621 1925 3672 ait
1968 3621 2035 3673 de
2081 3622 2402 3676 sacrificiis?

819 3710 1046 3772 Quorum
1075 3709 1206 3760 citius
1253 3710 1548 3761 animalium
1586 3710 1800 3778 infertur
1832 3711 2038 3780 sanguis
2066 3728 2158 3781 pro
2185 3713 2400 3780 peccatis

814 3800 864 3852 in
906 3808 1080 3853 sancta
1121 3815 1211 3866 per
1249 3798 1547 3867 Pontiﬁcem
1568 3840 1583 3862 ,
1627 3802 1806 3854 horum
1855 3818 2067 3872 corpora
2109 3815 2400 3858 cremantur

812 3901 952 3943 extra
975 3900 1140 3944 castra
1170 3889 1190 3962 (
1222 3889 1374 3943 Hebr.
1409 3892 1494 3943 15.
1527 3893 1582 3946 ll
1612 3894 1652 3958 ).
1685 3892 1908 3960 Propter
1949 3894 2088 3962 quod
2119 3904 2172 3948 et
2200 3895 2355 3950 Jcsus
2377 3938 2392 3960 ,

811 3990 870 4034 ut
895 3981 1250 4036 sanctificaret
1279 3998 1374 4050 per
1400 3998 1552 4035 suum
1594 3983 1904 4051 sanguinem
1943 3987 2223 4054 populum,
2247 3997 2397 4042 extra

814 4082 1018 4140 portam
1048 4086 1234 4140 passus
1260 4081 1359 4124 est.
1403 4072 1672 4126 Exeamns
1702 4074 1858 4142 igitur
1896 4076 1960 4128 ad
1989 4092 2109 4130 eum
2137 4089 2284 4132 extra
2311 4094 2400 4132 ca-

810 4176 952 4229 stra,
980 4163 1358 4232 improperium
1388 4165 1501 4232 ejus
1533 4176 1821 4232 portantes.
1856 4167 2028 4234 Dixit,
2052 4170 2211 4236 jussit
2255 4171 2395 4224 Pau-

809 4255 929 4320 lus;
957 4255 1440 4323 obtemperavimus
1460 4295 1474 4319 ,
1503 4256 1786 4310 exivimus.
1830 4257 1991 4311 Extra
2022 4259 2180 4330 igitur
2205 4260 2302 4315 hac
2329 4261 2396 4317 de

809 4361 964 4400 causa
992 4361 1396 4415 congregamur.
1433 4348 1498 4398 At
1529 4347 1677 4415 cujus
1701 4349 1872 4418 gratia
1903 4349 1954 4402 in
1985 4348 2087 4403 hoc
2117 4353 2392 4422 martyrio,

810 4451 914 4489 non
961 4437 1011 4489 itt
1054 4437 1202 4490 alio?
1230 4437 1437 4490 Etenim
1476 4437 1655 4490 divino
1685 4454 1904 4494 munere
1942 4457 2274 4513 quocumque
2325 4457 2392 4495 ex

811 4529 974 4580 latere
1012 4527 1138 4580 urbs
1184 4537 1361 4579 nostra
1403 4537 1709 4581 sanctorum
1753 4531 1986 4599 reliquiis
2011 4532 2390 4586 circummuni-

811 4627 910 4669 tur.
944 4616 1105 4684 Cujus
1151 4617 1307 4686 igitur
1333 4616 1499 4686 gratia
1533 4616 1651 4683 hic,
1687 4634 1790 4671 non
1827 4619 1878 4672 in
1904 4621 2008 4672 alio
2037 4624 2288 4691 martyrio
2313 4621 2386 4690 (a)

809 4724 902 4761 nos
944 4709 1232 4762 convenire
1276 4709 1556 4762 voluerunt
1601 4709 1831 4778 majores
1878 4711 2090 4765 nostri?
2130 4712 2259 4780 Quia
2305 4713 2392 4767 hic

808 4811 1132 4853 nwrtuorum
1162 4800 1447 4854 multitudo
1487 4801 1585 4854 sita
1614 4811 1715 4854 est.
1752 4800 1882 4855 Cum
1911 4801 2068 4871 igitur
2095 4803 2253 4858 hodie
2285 4804 2393 4857 Do-

807 4890 980 4943 minus
1014 4891 1078 4943 ad
1107 4899 1343 4944 mortuos
1369 4891 1736 4954 descenderit,
1760 4906 1822 4948 ea
1853 4891 1920 4947 de
1944 4907 2102 4947 causa
2132 4892 2216 4946 hic
2239 4895 2391 4948 colli-

804 4983 998 5050 gimur,
1019 4981 1087 5034 ob
1113 4981 1163 5033 id
1193 4981 1307 5049 ipse
1329 4982 1486 5034 etiam
1517 4982 1665 5036 locus
1692 4983 2059 5038 coemeterium
2087 4984 2389 5039 nominatus

805 5081 885 5125 est
909 5089 921 5124 :
948 5079 1004 5125 ιιι
1028 5070 1222 5134 discas,
1250 5081 1506 5139 mortuos,
1539 5081 1591 5126 et
1617 5088 1710 5128 eos
1735 5075 1820 5144 qui
1853 5076 1939 5130 hic
1967 5077 2074 5143 siti,
2106 5093 2210 5131 non
2239 5093 2386 5130 mor-

805 5174 958 5229 tuos,
988 5163 1082 5217 sed
1130 5177 1320 5217 somno
1363 5166 1669 5233 consopitos
1698 5181 1817 5219 esse
1858 5176 1911 5220 et
1955 5167 2210 5224 dormire.
2251 5167 2382 5222 Nam

805 5264 924 5307 ante
952 5254 1144 5310 Christi
1175 5255 1462 5310 adventum
1506 5271 1650 5309 mors
1695 5272 1886 5310 nomen
1919 5261 2104 5312 mortis
2134 5261 2380 5316 habebat.

808 5345 1162 5413 Quacumque,
1197 5346 1362 5414 inquit
1390 5387 1406 5410 ,
1438 5346 1520 5399 die
1564 5347 1876 5400 comederitis
1919 5348 1982 5401 de
2028 5351 2191 5419 ligno,
2224 5362 2383 5407 morte

808 5435 1084 5488 moriemini
1109 5436 1128 5508 ζ
1153 5436 1280 5491 Gen.
1311 5438 1366 5492 2.
1402 5439 1467 5492 17
1495 5439 1532 5509 ).
1563 5438 1626 5492 Et
1655 5438 1847 5492 iterum
1873 5456 1886 5492 :
1915 5438 2096 5492 Anima
2125 5458 2237 5510 quis
2261 5460 2378 5512 pec-

863 5568 932 5630 fa)
968 5567 1270 5635 Martyrium,
1299 5572 1342 5619 id
1365 5580 1459 5629 est,
1484 5571 1691 5635 ecclesia
1713 5578 1972 5635 martyrum
1991 5573 2186 5635 nomine
2208 5587 2378 5623 conse-

795 5627 940 5696 crata,
961 5627 1040 5696 vel
1065 5627 1113 5678 in
1130 5644 1222 5692 qua
1246 5627 1503 5696 martyrum
1527 5645 1634 5682 ossa
1647 5627 1864 5696 deposita
1883 5641 2011 5683 sunt.
2034 5641 2128 5682 Vox
2148 5634 2378 5696 frequens

797 5691 920 5750 apud
947 5691 1210 5757 scriptores
1226 5691 1597 5757 Δεοειιιὲὶειειὶοοίδ.
1626 5691 1741 5743 Vide
1764 5707 1874 5757 quae
1895 5696 2108 5745 diximus
2133 5696 2178 5743 in
2206 5691 2376 5744 tiditio-

797 5764 861 5799 ne
883 5761 927 5800 δ.
951 5753 1186 5803 Athanasii
1223 5754 1271 5802 in
1293 5757 1606 5806 onomastioo.
1652 5753 1949 5808 vide'etiam
1982 5757 2270 5808 Glossarium
2295 5766 2369 5807 Gr.

797 5814 951 5874 Caugii
974 5813 1032 5865 ad
1057 5828 1223 5865 vocem
1247 5829 1453 5878 “mm.

2523 1994 2640 2050 cat,
2663 1987 2776 2056 ipsa
2803 1989 3046 2043 morietur
3090 1988 3109 2061 (
3129 1990 3316 2050 Ezech.
3347 1995 3433 2050 18.
3454 1996 3524 2053 20
3542 1997 3586 2069 ).
3634 1999 3699 2055 Et
3728 2000 3890 2058 David
3915 2021 3929 2058 :
3961 2005 4101 2064 Hor:

2527 2087 2843 2143 peccatorum
2873 2081 3008 2133 mala
3035 2080 3055 2151 (
3077 2081 3222 2137 Psal.
3247 2086 3335 2140 55.
3362 2086 3430 2140 22
3455 2089 3473 2158 )
3503 2104 3518 2142 :
3550 2105 3765 2159 rursus,
3800 2094 4026 2152 Pretiosa
4050 2101 4100 2154 in

2523 2177 2788 2235 conspectu
2812 2167 3015 2222 Domini
3042 2187 3175 2226 mors
3201 2185 3488 2230 sanctorum
3512 2181 3621 2248 ejus
3642 2182 3811 2255 (Psal.
3835 2188 3958 2244 115.
3989 2189 4098 2260 15).

2517 2254 2584 2309 Ει
2610 2256 2731 2321 Job,
2762 2257 2902 2312 Mors
2928 2261 3036 2313 uiro
3062 2264 3253 2332 requies
3274 2264 3398 2332 (Job
3450 2269 3502 2321 δ.
3532 2269 3626 2325 23.
3654 2254 3704 2325 et
3727 2276 3811 2328 Π.
3843 2278 3958 2348 to).
3990 2254 4096 2335 uel

2514 2358 2618 2411 que
2640 2345 2811 2399 solum
2850 2362 3016 2412 mors,
3039 2349 3134 2403 sed
3163 2361 3215 2404 et
3236 2353 3472 2410 infernus
3499 2360 3806 2420 vocabatur.
3828 2345 3964 2422 Audi
3994 2370 4096 2424 Da-

2512 2433 2686 2488 videm
2741 2434 3006 2493 dicentem
3055 2457 3067 2492 :
3109 2438 3462 2500 Verumtamen
3513 2447 3652 2504 Deus
3691 2465 3830 2508 eruet
3874 2460 4098 2518 animum

2513 2539 2675 2577 meam
2698 2526 2761 2579 de
2789 2544 2940 2580 manu
2965 2531 3137 2599 inferi,
3165 2548 3281 2586 cum
3307 2538 3554 2606 acceperit
3580 2556 3660 2594 me
3687 2541 3858 2609 (Psal.
3875 2547 3964 2603 48.
3980 2550 4095 2622 16);

2512 2623 2566 2668 et
2597 2614 2763 2671 Jacob
2781 2659 2795 2682 ,
2831 2616 3094 2675 Deducetis
3119 2633 3418 2678 senectutem
3455 2643 3615 2682 meam
3648 2648 3764 2687 cum
3789 2652 4005 2692 manare

2515 2706 2769 2777 infernum
2794 2707 2959 2779 (Gen.
2984 2711 3075 2766 42.
3104 2713 3174 2768 58
3193 2713 3234 2784 ).
3265 2715 3390 2771 llaec
3417 2721 3629 2776 nomina
3655 2722 3884 2782 habebat
3921 2731 4100 2786 obitus

2515 2806 2696 2852 noster
2737 2801 2996 2855 anteactis
3039 2807 3364 2874 temporibus
3394 2827 3409 2864 :
3434 2820 3489 2864 at
3536 2822 3811 2884 postquam
3848 2816 4098 2878 Christus

2511 2891 2674 2955 venit,
2711 2899 2766 2944 et
2797 2907 2892 2960 pro
2935 2895 3117 2949 mundi
3151 2897 3254 2952 vita
3294 2911 3518 2957 mortem
3567 2907 3762 2974 subiit,
3792 2925 3938 2966 mors
3985 2929 4094 2968 non

2508 2979 2738 3047 amplius
2769 2995 2988 3035 vocatur
3017 2999 3195 3053 mors,
3221 2990 3316 3044 sed
3342 3005 3564 3048 somnus
3587 3004 3640 3049 et
3663 2996 3934 3054 dormitio.
3966 3003 4099 3059 Dor-

2509 3070 2782 3125 mitionem
2815 3075 3073 3142 appellari
3102 3086 3364 3133 testantur
3391 3083 3479 3136 illa
3509 3084 3718 3140 Domini
3748 3091 3906 3145 verba
3939 3108 3954 3144 :
3987 3092 4094 3147 La—

2505 3175 2655 3214 sarus
2682 3164 2876 3218 amicus
2899 3176 3067 3221 noster
3088 3169 3273 3223 dormit
3293 3171 3315 3244 (
3333 3171 3492 3228 Joan.
3536 3178 3620 3231 11.
3651 3179 3712 3232 11
3737 3179 3777 3247 ).
3806 3180 3921 3236 Non
3951 3186 4094 3241 enim

2509 3251 2658 3317 dixit,
2688 3253 2926 3310 Mortuus
2952 3266 3053 3321 est,
3084 3263 3326 3329 quamvis
3355 3279 3540 3320 revera
3570 3279 3810 3325 mortuus
3836 3285 3998 3330 esset.
4026 3277 4094 3334 Ut

2506 3357 2637 3397 vero
2669 3345 2928 3416 intelligas
2956 3364 3148 3404 nomen
3177 3351 3509 3410 dormitionis
3537 3363 3872 3430 peregrinum
3903 3364 4088 3432 fuisse,

2507 3433 2786 3489 considera
2809 3438 3078 3506 quomodo
3106 3438 3209 3495 hoc
3245 3443 3426 3498 audito
3466 3449 3679 3504 nomine
3705 3450 3947 3521 discipuli
3979 3465 4092 3510 tnr-

2506 3525 2722 3616 bentur,
2747 3537 2799 3581 et
2823 3529 3004 3584 dicant
3027 3548 3041 3584 :
3065 3529 3302 3598 Domine,
3323 3536 3369 3589 si
3391 3538 3593 3602 dormit,
3616 3543 3783 3598 salvus
3807 3547 3902 3600 erit
3927 3547 4087 3616 (Ibid.

2503 3631 2551 3667 υ.
2580 3615 2689 3687 12).
2718 3617 2867 3672 Adeo
2896 3635 3000 3674 non
3032 3623 3429 3688 intellexerant,
3456 3630 3578 3696 quid
3603 3632 3701 3686 sibi
3729 3615 4086 3693 dicttunlillud

2501 3705 2746 3762 voluerit.
2782 3709 2973 3764 lterum
3003 3711 3236 3767 Paulus:
3267 3713 3407 3786 Ergo
3421 3728 3466 3771 et
3495 3720 3580 3787 qui
3606 3722 3937 3790 dormierunt,
3967 3744 4088 3794 per-

2499 3798 2665 3851 ierunt
2706 3799 2798 3870 (1.
2830 3799 2948 3856 Cor.
2991 3804 3080 3858 15.
3132 3805 3380 3876 18)?ad
3429 3813 3684 3879 quosdam
3726 3815 3820 3871 ait.
3881 3819 4084 3874 Rursus

2499 3889 2621 3942 alibi
2649 3889 2716 3944 de
2741 3891 3006 3947 defunctis
3032 3895 3255 3965 loquens
3276 3939 3290 3960 ,
3328 3898 3470 3964 Nos,
3501 3903 3696 3972 inquit,
3727 3909 3814 3976 qui
3840 3909 4078 3975 vivimus,

2505 3996 2605 4033 non
2635 3987 2989 4049 prmteniemus
3015 4005 3099 4042 eos
3123 3991 3210 4058 qui
3234 3990 3544 4046 dormierunt
3574 3995 3649 4064 (1.
3681 3995 3856 4053 Thess.
3879 4002 3934 4054 4.
3968 4003 4080 4071 id).

2504 4073 2572 4128 Et
2613 4075 2736 4128 alibi
2771 4093 2784 4129 :
2817 4077 2982 4147 Surge
3003 4119 3019 4145 ,
3048 4082 3132 4150 qui
3179 4083 3370 4136 dormis
3397 4083 3631 4155 (Ephes.
3673 4088 3726 4142 5.
3756 4088 3884 4161 14).
3918 4091 3983 4146 Et
4025 4104 4085 4148 ut

2505 4167 2809 4222 ostenderet
2850 4184 2908 4223 se
2954 4170 3020 4224 de
3050 4174 3272 4227 mortuis
3315 4175 3417 4230 hoc
3458 4176 3657 4244 dicere,
3692 4180 3963 4236 additzEt
3988 4201 4082 4239 ar-

2501 4273 2652 4328 surqe
2677 4275 2709 4310 a
2733 4261 2960 4314 mortuis.
2997 4261 3128 4318 Vide
3147 4267 3415 4334 quomodo
3443 4268 3638 4338 ubique
3666 4285 3809 4326 mors
3834 4275 4080 4332 nomine-

2501 4355 2587 4399 tur
2609 4362 2830 4402 somnus
2858 4366 2870 4401 :
2898 4365 3002 4419 qua
3029 4350 3095 4405 de
3132 4368 3290 4409 causa
3313 4367 3368 4411 et
3399 4356 3546 4413 locus
3582 4363 3902 4427 emmeterii,
3924 4368 4078 4436 quasi

2496 4438 2664 4505 dicas,
2697 4440 3018 4506 dormitorii,
3049 4459 3239 4500 nomen
3273 4447 3491 4507 invenit.
3522 4451 3663 4507 Utile
3686 4454 3826 4507 enim
3852 4454 3955 4510 hoc
3978 4473 4080 4512 no-

2496 4545 2616 4584 men
2655 4541 2735 4585 est
2754 4574 2768 4594 ,
2798 4542 2851 4586 et
2879 4531 3226 4603 philosophiae
3252 4540 3430 4592 multa!
3458 4541 3693 4609 plenum.
3725 4545 3948 4609 Quando
3975 4548 4078 4617 igi-

2496 4631 2580 4674 tur
2626 4622 2727 4676 imc
2774 4630 3042 4677 mortuum
3086 4624 3268 4691 ducis,
3302 4643 3368 4682 ne
3398 4629 3511 4696 ipse
3560 4639 3613 4684 te
3649 4633 3916 4690 concidas.
3956 4637 4074 4692 Non

2495 4713 2634 4765 enim
2667 4714 2839 4780 ipsum
2866 4715 2933 4768 ad
2961 4725 3185 4770 mortem
3205 4759 3218 4781 ,
3245 4718 3342 4772 sed
3377 4719 3443 4772 ad
3471 4735 3715 4776 somnum
3745 4723 3893 4778 ducis
3917 4743 3933 4780 :
3964 4729 4076 4783 suf-

2496 4805 2604 4858 ficit
2645 4807 2734 4859 tibi
2768 4823 2957 4862 nomen
2989 4809 3090 4864 hoc
3115 4807 3182 4864 ad
3219 4808 3538 4865 calamitatis
3578 4813 3820 4868 solatium
3849 4827 3904 4871 et
3931 4819 4073 4873 leva-

2494 4911 2636 4948 men.
2656 4897 2804 4950 Disce
2825 4915 2926 4968 quo
2949 4902 3137 4965 ducas;
3163 4900 3214 4954 in
3238 4903 3603 4966 cmmeterium
3625 4919 3638 4955 :
3663 4911 3717 4957 et
3736 4907 3947 4973 quando
3967 4910 4072 4964 du-

2492 4987 2607 5049 cis;
2661 4996 2776 5055 post
2823 5001 3046 5043 mortem
3099 4991 3331 5058 Christi,
3359 5001 3636 5063 postquam
3687 4999 3837 5050 nervi
3885 5003 4075 5055 mortis

2491 5079 2653 5132 excisi
2685 5087 2808 5133 sunt
2839 5096 2852 5132 :
2884 5081 2954 5134 ita
2985 5091 3043 5136 ut
3071 5091 3124 5137 et
3164 5099 3193 5136 a
3231 5085 3350 5138 loco
3370 5124 3386 5150 ,
3417 5093 3470 5138 et
3506 5099 3536 5138 a
3569 5093 3802 5156 tempore
3843 5093 4071 5146 multum

2490 5171 2869 5225 consolationis
2898 5174 3169 5242 percipere
3200 5175 3434 5244 possitis.
3477 5175 3699 5232 Maxime
3726 5180 3790 5234 ad
3821 5183 4074 5237 mulieres

2487 5263 2660 5316 oratio
2692 5263 2804 5316 haec
2826 5265 2976 5319 nobis
3008 5267 3318 5329 instituitur,
3344 5280 3465 5318 cum
3496 5283 3657 5322 sexus
3681 5269 3764 5324 hic
3791 5273 4073 5327 affectibus

2489 5356 2655 5420 magis
2687 5355 2755 5406 sit
2778 5355 3061 5422 obnoxius,
3093 5366 3148 5411 et
3169 5356 3234 5409 ad
3269 5358 3586 5413 anxietatem
3608 5362 4070 5430 thSperationcm-

2486 5460 2590 5513 que
2623 5460 2874 5514 perquam
2902 5447 3170 5516 proclivis.
3198 5446 3301 5501 Sed
3347 5449 3592 5503 idoneum
3627 5452 3788 5507 habes
3815 5452 4062 5520 pharma-

2483 5549 2602 5587 cunt
2647 5537 2863 5590 tntnrori
2907 5535 3192 5602 lenientlo,
3221 5552 3412 5593 nomen
3453 5540 3573 5596 loci.
3605 5541 3890 5609 Propterea
3937 5556 4066 5611 ergo

2488 5626 2570 5679 hic
2598 5640 3002 5696 congregamur.

2551 5716 2601 5770 Ξ.
2631 5715 2683 5769 Μ
2689 5727 2843 5771 artem
2866 5733 2966 5788 quo
2988 5725 3135 5783 pacto
3155 5713 3379 5775 Christus
3402 5720 3653 5775 devicerit.
3686 5717 3924 5786 Infernns
3950 5725 4057 5776 the.

2481 5825 2657 5863 saurus
2683 5809 2887 5863 dicitur.
2911 5837 2982 5849 ——-
3007 5807 3178 5865 Hodie
3221 5812 3362 5867 enim
3406 5811 3583 5867 omnia
3623 5808 3911 5866 inferorum
3943 5810 4060 5869 loca
