4406 6692
336 460 440 513 395

1339 463 1424 519 DE
1458 463 1891 521 C(EMETERIO
1932 466 2018 521 ΕΤ
2056 464 2423 541 ΒΕ-(ΣΠΕΩΕ.

3470 466 3574 519 594

1429 1302 1540 1359 ΕΙΣ
1578 1305 1664 1359 ΤΟ
1697 1304 1937 1359 ONOMA
1971 1304 2111 1358 ΤΟΥ
2146 1303 2653 1367 ΚΟΙΜΗΊἩΡΙΟΥ,

622 1731 729 1785 Καὶ
758 1733 847 1799 εἰς
877 1732 984 1787 τὸν
1020 1730 1283 1800 σταυρὸν
1332 1728 1439 1783 τοῦ
1488 1727 1713 1795 Κυρίου
1746 1725 1845 1779 καὶ
1888 1725 2033 1780 Θεοῦ
2082 1727 2180 1781 καὶ
2217 1722 2493 1794 Σωτῆρος
2531 1718 2702 1791 ἡμῶν
2746 1718 2939 1789 Ἰησοῦ
2971 1720 3251 1791 Χριστοῦ.

410 2370 476 2424 α’.
502 2369 765 2432 Πολλάκις
795 2371 1033 2441 ἐζήτησα
1063 2372 1198 2442 πρὸς
1218 2370 1472 2441 ἐμαυτὸν,
1496 2370 1639 2434 τίνος
1659 2371 1843 2424 ἕνεκεν
1859 2373 1910 2424 οἱ

339 2455 573 2524 πατέρες
601 2454 758 2524 ήμῶν
786 2454 910 2517 τοὺς
936 2455 1116 2517 οἴκους
1153 2454 1279 2516 τοὺς
1333 2453 1659 2524 εὐκτηρίους
1684 2455 1810 2516 τοὺς
1847 2455 1904 2505 ἐν

336 2539 455 2600 ταῖς
498 2537 685 2590 πόλεσι
722 2538 1192 2608 παραδραμόντες,
1239 2536 1345 2599 ἔξω
1383 2537 1481 2607 τῆς
1524 2536 1734 2600 πόλεως
1762 2537 1910 2607 ἡμᾶς

339 2622 579 2691 σήμερον
624 2621 718 2673 καὶ
764 2620 997 2674 ἐνταῦθα
1053 2619 1434 2690 ἐκκλησιάζειν
1476 2620 1907 2688 ἐνομοθέτησανο

338 2705 398 2755 οὐ
435 2704 543 2774 γὰρ
580 2704 783 2767 ἁπλῶς,
816 2704 935 2757 οὐδὲ
959 2704 1083 2774 εἰκῆ
1114 2720 1204 2774 μοι
1235 2701 1453 2756 δοκοῦσι
1484 2702 1640 2754 τοῦτο
1670 2720 1906 2772 πεποιη-

341 2787 513 2839 κέναι.
546 2786 635 2838 Διὸ
658 2787 749 2838 καὶ
782 2787 880 2855 τὴν
911 2786 1087 2839 αἰτίαν
1120 2785 1381 2856 ἐζήτησα,
1412 2786 1506 2838 καὶ
1540 2778 1694 2854 εὕρον
1724 2787 1789 2855 τῇ
1816 2783 1909 2836 τοῦ

340 2868 474 2921 Θεοῦ
505 2870 683 2939 χάριτι
705 2869 915 2921 δικαίαν
942 2866 1106 2923 οὖσαν
1146 2871 1240 2922 καὶ
1269 2868 1513 2935 εὔλογον,
1545 2869 1637 2920 καὶ¹
1668 2871 1733 2938 τῇ
1766 2885 1911 2939 παρ-

340 2951 473 3021 ούσῃ
513 2952 825 3021 πρέπουσαν
860 2953 1040 3021 ἑορτῇ.
1065 2951 1161 3014 Τίς
1183 2948 1275 3004 οὖν
1304 2954 1452 3004 ἐστιν
1481 2952 1714 3021 ἠαίτίας
1733 2952 1905 3004 Σταυ-

345 3034 438 3104 ροῦ
477 3035 664 3104 μνείαν
711 3034 1067 3104 ἐπιτελοῦμεν
1089 3051 1102 3065 ·
1134 3035 1162 3085 6
1208 3035 1263 3086 δὲ
1295 3034 1631 3103 σταυρωθεὶς
1679 3034 1783 3100 ἔξω
1815 3034 1913 3103 τῆς

342 3118 548 3181 πόλεως
580 3117 897 3189 ἐσταυρώθη
919 3134 933 3147 ο
972 3118 1058 3171 διὰ
1079 3117 1232 3170 τοῦτο
1256 3116 1360 3181 ἔξω
1394 3120 1494 3187 τῆς
1523 3117 1730 3180 πόλεως
1766 3118 1913 3187 ἡμᾶς

340 3203 547 3272 ἤγαγον
569 3200 609 3258 ⁸.
636 3202 726 3271 Τῷ
757 3204 865 3271 γὰρ
895 3201 1133 3269 ποιμένι,
1168 3202 1353 3271 φησὶν,
1378 3201 1663 3254 ακολουθεῖ
1686 3200 1754 3255 τὰ
1780 3201 1914 3271 πρό·-

341 3284 511 3337 6ατα’
549 3283 677 3337 ἔνθα
707 3286 736 3337 6
772 3283 1041 3354 βασιλεὺς,
1072 3286 1187 3337 ἐκεῖ
1222 3285 1313 3336 καὶ
1349 3286 1398 3336 οἱ
1431 3284 1762 3355 στρατιῶται
1782 3302 1796 3316 ο
1822 3286 1915 3338 καὶ

340 3366 473 3418 ὅπου
508 3366 569 3419 τὸ
602 3368 822 3437 πτῶμα,
872 3368 988 3419 ἐκεῖ
1018 3368 1111 3420 καὶ
1143 3368 1191 3419 οί
1246 3367 1413 3419 ἀετοί.
1477 3368 1619 3421 Ἀλλ’
1670 3366 1773 3433 ἔξω
1817 3370 1914 3440 μὲν

340 3450 439 3518 τῆς
459 3450 669 3513 πόλεως
697 3449 784 3502 διὰ
808 3450 964 3502 τοῦτο
986 3467 999 3481 ·
1033 3450 1229 3520 μᾶλλον
1250 3451 1306 3503 δὲ
1344 3451 1609 3522 πρότερον
1630 3452 1913 3523 δείξαιμεν,

339 3533 421 3586 ὅτι
442 3533 531 3586 διὰ
552 3534 730 3598 τοῦτο,
770 3536 863 3587 καὶ
887 3534 993 3587 ἀπὸ
1027 3533 1134 3585 τῶν
1166 3533 1328 3586 θείων
1361 3534 1617 3605 Γραφῶν.
1660 3535 1780 3589 Ἵνα
1809 3535 1917 3605 γάρ

343 3618 419 3689 μὴ
448 3620 707 3689 νομίσητε
732 3620 996 3692 ἡμέτερον
1025 3613 1162 3671 εἶναι
1193 3619 1516 3690 στοχασμὸν,
1544 3620 1756 3673 Παῦλον
1785 3622 1913 3690 ὑμῖν

338 3703 573 3771 παράγω
604 3704 877 3773 μάρτυρα.
907 3703 972 3755 Τί
996 3698 1087 3755 οῦν
1122 3703 1324 3764 ἐκεῖνός
1358 3721 1490 3774 φησι
1523 3705 1651 3775 περὶ
1676 3704 1788 3756 τῶν
1815 3705 1911 3756 θυ-

341 3784 501 3848 σιῶν;
556 3779 666 3837 ’Ὧν
716 3786 826 3855 γὰρ
885 3786 1223 3855 εἰσφέρεται
1278 3785 1432 3847 ζώων
1481 3788 1548 3841 τὸ
1588 3783 1732 3856 αἷμα
1775 3787 1909 3853 περὶ

336 3867 628 3934 ἁμαρτίας
658 3872 747 3933 εἱς
780 3869 852 3922 τὰ
890 3870 1029 3938 ἅγια
1056 3871 1155 3925 διὰ
1192 3871 1299 3925 τοῦ
1326 3871 1662 3941 ἀρχιερέως,
1688 3872 1913 3925 τούτων

338 3952 411 4003 τὰ
439 3950 685 4019 σώματα
712 3952 831 4015 ἔξω
862 3953 971 4019 τῆς
996 3955 1383 4024 παρεμϐολῆς
1405 3956 1803 4009 κατακαίεται.
1822 3954 1912 4006 Διὸ

342 4040 435 4092 καὶ
478 4038 701 4108 Ἰησοῦς,
734 4040 820 4092 ἵνα
869 4040 1072 4112 ἁγιάσῃ
1115 4041 1202 4093 διὰ
1248 4040 1341 4094 τοῦ
1389 4041 1516 4094 ἰδίου
1563 4040 1791 4110 αἵματος
1822 4037 1913 4091 τὸν

341 4124 489 4189 λαὸν,
540 4124 643 4189 ἔξω
693 4124 791 4193 τῆς
840 4123 1016 4191 πύλης
1069 4124 1259 4177 ἔπαθε.
1322 4124 1512 4177 Τοίνυν
1568 4120 1914 4193 ἐξερχώμεθα

343 4206 478 4277 πρὸς
502 4207 659 4259 αὐτὸν
686 4206 789 4270 ἔξω
822 4207 921 4276 τῆς
954 4208 1333 4278 παρεμΰολῆς,
1370 4209 1459 4261 τὸν
1492 4206 1793 4275 ὀνειδισμὸν
1818 4206 1915 4257 αὐ-

340 4289 434 4342 τοῦ
467 4289 739 4359 φέροντες.
784 4283 970 4352 Εἶπεν,
1012 4290 1266 4342 ἐκέλευσε
1312 4291 1560 4353 Παῦλος*
1600 4288 1915 4358 ὑπηκούσα-

342 4390 463 4443 μεν,
497 4373 811 4441 ἐξήλθομεν.
852 4371 1092 4437 Ἐξωθεν
1120 4369 1213 4424 οὖν
1240 4373 1329 4424 διὰ
1363 4371 1520 4424 τοῦτο
1545 4370 1910 4439 συναγόμεθα.

339 4456 496 4517 Τίνος
541 4456 598 4508 δέ
638 4457 820 4509 ἐνεκεν
862 4455 920 4507 ἐν
958 4453 1034 4523 τῷ
1082 4454 1368 4524 μαρτυρίῳ
1412 4454 1615 4522 τούτῳ,
1655 4454 1749 4504 καὶ
1792 4453 1913 4522 οὐχὶ

337 4541 394 4590 ἐν
426 4538 598 4609 ἑτέρῳ
626 4557 639 4603 ;
667 4538 891 4608 Καὶγὰρ
923 4540 987 4606 τῇ
1031 4536 1124 4588 τοῦ
1170 4536 1305 4588 Θεοῦ
1351 4536 1531 4605 χάριτι
1563 4533 1622 4597 ἐξ
1673 4534 1913 4603 ἑκάστης

339 4621 473 4673 πλευ
482 4624 582 4689 ρᾶς
607 4626 640 4689 ή
665 4623 816 4685 πόλις
838 4623 967 4691 ἡμῖν
982 4622 1091 4681 τοῖς
1118 4618 1392 4687 λειψάνοις
1417 4619 1525 4670 τῶν
1550 4618 1719 4685 ἁγίων
1740 4617 1908 4686 τειχί-

339 4709 509 4772 ζεται.
543 4710 699 4772 Τίνος
734 4705 825 4763 οὖν
864 4708 1045 4760 ’ἐνεκεν
1089 4705 1342 4765 ἐνταῦθα,
1385 4704 1481 4757 καὶ
1526 4704 1625 4756 οὐκ
1665 4704 1723 4755 ἐν
1769 4702 1913 4772 ἄλλῳ

341 4793 628 4861 μαρτυρίῳ
660 4792 989 4861 συνάγεσθαι
1020 4791 1166 4862 ἡμᾶς
1197 4788 1491 4841 ἐκέλευσαν
1539 4787 1589 4838 οἱ
1642 4786 1912 4856 πατέρες;

340 4875 463 4925 Ὀτι
514 4873 749 4927 ἐνταῦθα
801 4876 910 4927 τῶν
970 4873 1173 4945 νεκρῶν
1228 4874 1401 4924 κεῖται
1463 4866 1685 4936 πλῆθος.
1728 4866 1910 4939 [598]

351 4957 501 5009 Ἐπεὶ
536 4953 629 5007 οὖν
664 4957 903 5027 σήμερον
946 4957 1153 5029 Ἰησοῦς
1182 4955 1317 5027 πρὸς
1358 4954 1483 5016 τοὺς
1514 4951 1739 5021 νεκροὺς
1776 4968 1907 5002 κατ-

337 5040 457 5109 έόη.
491 5038 579 5091 διὰ
625 5038 786 5091 τοῦτο
817 5040 1049 5092 ἐνταῦθα
1086 5037 1474 5109 συλλεγόμεθα.
1509 5035 1605 5089 Διὰ
1630 5033 1786 5087 τοῦτο
1814 5034 1911 5086 καὶ

337 5125 498 5188 αὐτὸς
541 5126 569 5176 6
606 5124 768 5184 τόπος
810 5125 1165 5195 κοιμητήριον
1205 5124 1555 5192 ὠνόμασται,
1598 5121 1685 5173 ἴνα
1734 5118 1909 5189 μάθῃς

337 5214 417 5265 ὅτι
450 5212 497 5262 οἱ
542 5206 991 5276 τετελευτηκότες
1030 5207 1125 5259 καὶ
1155 5205 1392 5259 ἐνταῦθα
1439 5206 1681 5276 κείμενοι
1725 5203 1782 5254 οὐ
1818 5217 1909 5252 τε·

340 5297 622 5366 θνήκασιν,
665 5292 800 5344 ἀλλὰ
826 5292 1131 5361 κοιμῶνται
1165 5290 1259 5343 καὶ
1288 5289 1631 5344 καθεύδουσι.
1664 5287 1776 5359 Πρὸ
1811 5286 1909 5357 μὲν

338 5382 446 5452 γὰρ
472 5380 568 5448 τῆς
605 5377 908 5446 παρουσίας
939 5375 1177 5448 Χριστοῦ
1207 5378 1234 5428 ὁ
1258 5373 1485 5438 θάνατος
1519 5376 1747 5438 θάνατος
1780 5375 1908 5426 ἐκαο

339 5468 500 5520 λεῖτο’
528 5458 609 5537 ⁷ῌ
638 5462 715 5516 ἂν
741 5462 930 5530 ἡμέρᾳ
954 5462 1183 5533 φάγητε
1207 5463 1321 5516 ἀπὸ
1357 5462 1461 5515 τοῦ
1505 5462 1719 5527 ξύλου,
1753 5464 1905 5534 φησι,

343 5550 572 5616 θανάτῳ
591 5545 983 5602 ἀποθανεῖσθε
1001 5564 1013 5577 ο
1045 5549 1138 5600 καὶ
1167 5548 1350 5613 πάλιν,
1392 5547 1566 5615 Ψυχὴ
1598 5550 1633 5614 1'}
1661 5547 1911 5616 ἀμαρτάο

404 5762 429 5790 ⁸
456 5761 704 5823 ΡΙυι-ιιιεηι
727 5770 999 5823 numerum.
1025 5760 1158 5807 serie
1181 5761 1414 5809 omlhmis
1439 5773 1509 5823 ρο,
1529 5758 1735 5814 ιιιῖειιιιο,
1764 5757 1908 5805 rc~rli~

344 5824 538 5872 luimus.
571 5820 766 5873 Edilum
792 5821 949 5870 fuerat
974 5822 1161 5880 ἢγαγεν.
1191 5823 1323 5871 lion".

2009 2385 2226 2434 νουσα,
2261 2368 2416 2437 αὐτὴ
2453 2369 2549 2423 καὶ
2591 2367 2998 2425 ἀποθανεῖται.
3034 2368 3144 2421 Καὶ
3186 2369 3214 2421 6
3242 2367 3427 2420 Δαυῖδ⁶
3479 2363 3589 2419 Od-

2009 2472 2189 2519 νατος
2247 2453 2609 2521 ἁμαρτωλῶν
2648 2452 2945 2521 πονηρός·
2994 2451 3088 2503 καὶ
3146 2452 3327 2516 πάλιν,
3392 2452 3587 2517 Τίμιος

2010 2541 2288 2595 ἐναντίον
2333 2540 2559 2607 Κυρίου
2603 2542 2634 2592 ό
2680 2538 2935 2605 θάνατος
2982 2536 3102 2591 τῶν
3149 2538 3336 2592 ὁσίων
3374 2532 3584 2587 αὐτοῦ.

2013 2622 2122 2676 Καὶ
2151 2624 2179 2674 ὁ
2216 2621 2358 2675 Ἰὼϐ·
2397 2620 2665 2686 Θάνατος
2698 2619 2872 2688 ἀνδρὶ
2914 2620 3279 2684 ἀνάπαυσις.
3322 2616 3458 2686 Οὐχὶ
3489 2614 3589 2668 θά-

2013 2725 2171 2770 νατος
2203 2707 2259 2760 δέ
2297 2706 2479 2775 μόνον,
2513 2705 2652 2759 ἀλλὰ
2685 2705 2780 2758 καὶ
2820 2705 2953 2776 ᾅδης
2979 2704 3246 2757 ἐκαλεῖτο.
3280 2703 3392 2754 Καὶ⁹
3422 2700 3588 2753 ἄκουε

2012 2794 2107 2849 τοῦ
2140 2791 2301 2846 Δαυῖδ
2333 2792 2616 2860 λέγοντος·
2647 2788 2822 2855 Πλὴν
2844 2792 2878 2843 ό
2907 2788 3051 2853 Θεὸς
3080 2785 3448 2853 λυτρὼσεται
3475 2779 3593 2847 τὴν

2012 2878 2227 2947 ψυχήν
2247 2894 2365 2946 μου
2392 2876 2460 2928 ἐκ
2510 2874 2708 2943 χειρὸς
2737 2872 2909 2939 ᾅδου,
2960 2872 3107 2924 ὅταν
3152 2867 3429 2936 λαμϐάνῃ
3476 2878 3588 2934 με·

2013 2965 2107 3017 καὶ
2129 2965 2157 3015 6
2191 2960 2404 3015 Ἰακώϐ·
2428 2960 2727 3023 Κατάξετε
2762 2959 2825 3011 τὸ
2863 2954 3053 3027 γῆράς
3072 2974 3192 3025 μου
3220 2953 3371 3022 μετὰ
3388 2952 3590 3017 λύπης

2012 3051 2102 3112 εἰς
2149 3045 2323 3113 ᾅδην.
2367 3043 2555 3096 Ταῦτα
2582 3038 2695 3111 εἶχε
2723 3040 2792 3093 τὰ
2824 3040 3066 3109 ὀνόματα
3101 3037 3257 3107 ήμῶν
3283 3039 3317 3105 ἠ
3362 3034 3589 3102 τελευτὴ

2014 3131 2122 3202 1:96
2143 3129 2371 3182 τούτου·
2422 3126 2609 3195 ἐπειδὴ
2654 3126 2711 3177 δέ
2742 3120 2906 3195 ἦλθεν
2931 3124 2960 3174 ὁ
3002 3123 3261 3194 Χριστὸς,
3309 3119 3405 3173 καὶ
3450 3116 3591 3187 ὑπὲρ

2015 3213 2164 3282 ζωῆς
2189 3211 2284 3265 τοῦ
2314 3210 2524 3281 κόσμου
2549 3208 2847 3273 ἀπέθανεν,
2869 3206 3055 3260 οὐκέτι
3086 3205 3315 3266 θάνατος
3344 3202 3594 3256 καλεῖται

2014 3298 2199 3351 λοιπὸν
2223 3299 2252 3349 6
2286 3295 2533 3357 θάνατος,
2576 3292 2711 3346 ἀλλὰ
2737 3290 2904 3353 ὕπνος
2934 3290 3031 3343 καὶ
3060 3288 3336 3358 κοίμησις.
3367 3284 3478 3337 Καὶ
3510 3285 3592 3336 ὅτι

2014 3383 2272 3451 κοίμησις
2311 3378 2577 3440 καλεῖται,
2607 3375 2764 3445 δῆλον
2817 3374 2876 3437 ἐξ
2924 3367 2998 3425 ὦν
3047 3388 3209 3439 φησιν
3246 3370 3273 3421 6
3323 3366 3590 3451 Χριστόςο

2017 3446 2277 3533 Λάζαρος
2316 3467 2347 3518 ὁ
2373 3463 2555 3532 φίλος
2580 3459 2752 3529 ἡμῶν
2783 3458 3149 3525 κεκοίμηται.
3175 3454 3248 3507 Οὐ
3274 3452 3383 3521 γὰρ
3414 3446 3591 3512 εἶπεν,

2031 3549 2311 3611 Ἀπέθανε,
2344 3547 2522 3600 καίτοι
2556 3561 2619 3612 γε
2648 3542 2922 3613 τεθνηκὼς
2946 3536 3034 3611 ἦν.
3062 3540 3178 3592 Ἵνα
3209 3538 3266 3590 δὲ
3304 3535 3480 3607 μάθῃς
3509 3535 3593 3587 ὅτι

2015 3634 2076 3687 1:6
2102 3634 2271 3703 ὄνομα
2300 3630 2449 3697 ξένον
2482 3624 2551 3699 ἦν
2581 3627 2641 3680 τὸ
2662 3627 2759 3695 τῆς
2786 3625 3118 3695 κοιμήσεως,
3154 3621 3256 3692 ὅρα
3282 3619 3398 3703 πῶς
3425 3616 3595 3670 ἁκού-

2018 3702 2212 3778 σαντες
2238 3715 2396 3767 τοῦτο
2430 3714 2478 3765 οί
2522 3710 2761 3781 μαθηταὶ
2799 3707 3157 3779 θορυϐοῦνται
3203 3704 3297 3758 καὶ
3338 3702 3593 3767 λέγουσι·

2013 3801 2213 3867 Κύριε,
2245 3800 2295 3850 εί
2333 3796 2701 3863 κεκοίμηται,
2731 3792 3103 3855 σωθήσεταν
3150 3787 3325 3848 οὕτως
3354 3786 3453 3837 οὐκ
3480 3783 3597 3853 ᾔδε-

2015 3901 2114 3937 σαν
2143 3883 2195 3934 τί
2236 3898 2367 3934 ποτε
2404 3876 2474 3950 ἦν
2499 3878 2561 3931 τὸ
2590 3876 2903 3945 λεγόμενον.
2952 3872 3063 3927 Καὶ
3088 3871 3251 3925 πάλιν
3275 3872 3303 3923 6
3345 3867 3587 3928 Παῦλος·

2013 3966 2167 4034 Ἀρα
2188 3969 2240 4019 οἱ
2275 3961 2661 4031 κοιμηθέντες
2687 3959 3033 4019 ἀπώλοντω
3063 3956 3201 4023 πρός
3220 3970 3373 4013 τινας
3391 3950 3590 4017 λέγων.

2015 4052 2128 4106 Καὶ
2162 4048 2326 4103 πάλιν
2347 4044 2603 4116 ἀλλαχοῦ·
2650 4041 2841 4109 Ἡμεῖς
2874 4044 2925 4095 οἱ
2954 4039 3167 4105 ζῶντες
3204 4040 3276 4091 οὐ
3314 4036 3399 4105 μὴ
3443 4034 3593 4104 ςεθά-

2018 4150 2219 4203 σωμεν
2248 4131 2390 4195 τοὺς
2418 4127 2833 4197 κοιμηθέντας,
2871 4124 3001 4195 περὶ
3025 4124 3134 4175 τῶν
3161 4119 3372 4191 νεκρῶν
3396 4118 3592 4203 λὲγῶν.

2017 4201 2130 4274 καὶ
2164 4218 2325 4271 πάλιν
2349 4212 2604 4283 ἀλλαχοῦ·
2645 4213 2920 4278 Ἕγειραι,
2951 4211 2984 4260 ό
3008 4205 3334 4260 καθεύδων.
3366 4202 3475 4254 Καὶ
3508 4201 3595 4252 ἵνα

2016 4302 2163 4371 δείξῃ
2194 4301 2274 4351 ὅτι
2319 4296 2447 4367 περὶ¹
2491 4292 2684 4363 νεκροῦ
2727 4292 2886 4344 τοῦτο
2939 4290 3107 4355 λέγει,
3154 4288 3427 4371 ἐπήγαγε·
3481 4283 3592 4338 Καὶ

2016 4368 2251 4437 ἀνάστα
2279 4380 2346 4432 ἐκ
2378 4377 2495 4430 τῶν
2523 4373 2769 4441 νεκρῶν.
2809 4374 2953 4441 Ὅρα
2982 4369 3262 4439 πανταχοῦ
3301 4368 3469 4419 ὕπνον
3500 4382 3595 4419 κα-

2013 4467 2273 4535 λούμενον
2303 4461 2393 4513 τὸν
2422 4460 2648 4512 θάνατον
2669 4472 2684 4487 ο
2717 4457 2803 4509 διὰ
2842 4455 3005 4507 τοῦτο
3032 4455 3126 4507 καὶ
3146 4455 3175 4505 ὁ
3202 4453 3363 4515 τόπος
3392 4468 3593 4521 κοιμη-

2010 4552 2199 4619 τήριον
2230 4544 2545 4613 ὠνόμασται
2567 4558 2580 4571 ⁸
2610 4543 2880 4611 χρήσιμον
2909 4539 3019 4610 γὰρ
3037 4540 3167 4609 ἡμῖν
3196 4538 3290 4590 καὶ
3320 4536 3379 4589 :6
3400 4535 3592 4605 δνομα,

2012 4633 2106 4686 καὶ
2162 4626 2483 4697 φιλοσοφίας
2535 4624 2708 4695 γέμον
2748 4623 2975 4691 πολλῆς.
3011 4623 3181 4673 Ὅταν
3219 4621 3400 4672 τοίνυν
3454 4619 3594 4689 ἄγῃς

2015 4716 2245 4773 ἐνταῦθα
2270 4712 2486 4783 νεκρὸν,
2524 4710 2598 4781 μὴ
2634 4710 2945 4763 κατάκοπτε
2975 4705 3197 4759 σαυτόν·
3227 4706 3287 4755 οὐ
3314 4703 3422 4773 γὰρ
3456 4702 3592 4772 1:96;

2016 4806 2267 4865 θάνατον,
2317 4798 2452 4851 ἀλλὰ
2499 4797 2635 4867 πρὸς
2665 4794 2833 4848 ὕπνον
2864 4793 3026 4845 αὐτὸν
3069 4792 3244 4857 ἄγεις.
3291 4790 3476 4853 Ἀρκεῖ
3507 4803 3592 4839 σοι

2018 4888 2175 4942 τοῦτο
2204 4885 2263 4938 :6
2286 4884 2457 4951 ὄνομα
2484 4882 2565 4942 εις
2594 4877 2948 4947 παραμυθίαν
2979 4874 3282 4946 συμφορᾶς.
3307 4872 3465 4926 Μάθε
3490 4871 3592 4924 ποῦ

2018 4975 2172 5040 ἄγεις
2192 4987 2205 5001 ’
2247 4971 2327 5030 εἰς
2362 4965 2718 5033 κοιμητήριον
2740 4979 2754 4993 ·
2798 4964 2893 5015 καὶ⁵
2937 4962 3067 5014 πότε
3098 4961 3253 5029 ἄγεις
3273 4976 3288 4990 ·
3337 4959 3476 5029 μετὰ
3502 4958 3594 5011 τὸν

2017 5056 2110 5109 τοῦ
2134 5048 2368 5122 Χριστοῦ
2401 5048 2648 5109 θάνατον,
2680 5047 2770 5100 ὅτε
2799 5045 2869 5098 τὰ
2898 5044 3066 5117 νεῦρα
3095 5044 3332 5113 ἐξεκόπη
3375 5041 3467 5095 τοῦ
3500 5041 3593 5122 θας

2017 5119 2199 5194 νάτουξ
2230 5136 2393 5187 Ὥστε
2414 5132 2510 5185 καὶ
2545 5130 2653 5183 ἀπὸ
2674 5129 2767 5183 τοῦ
2799 5131 2988 5193 τόπου,
3015 5129 3111 5183 καὶ
3139 5126 3245 5181 ἀπὸ
3274 5125 3366 5177 τοῦ
3396 5119 3591 5192 καιροῦ

2017 5223 2217 5295 πολλὴν
2243 5218 2480 5273 δύνασθε
2511 5214 3037 5295 καρπώσασθαιῌτὴν
3066 5208 3436 5280 παραμυθίαν,
3472 5206 3593 5295 lili-

2016 5290 2187 5363 λιστα⁷
2214 5304 2352 5375 πρὸς
2383 5307 2652 5373 γυναῖκας
2695 5303 2829 5371 ἡμῖν
2874 5292 3029 5360 οὕτος
3076 5299 3103 5349 6
3132 5296 3287 5361 λόγος
3335 5290 3589 5360 ἁρμόζει,

2014 5393 2201 5462 ἐπειδὴ
2233 5388 2683 5462 συμπαθέστερόν
2718 5403 2835 5448 πως
2865 5384 2925 5437 τδ
2960 5383 3115 5450 γένος
3142 5380 3301 5462 τοῦτο
3328 5378 3423 5431 καὶ
3453 5377 3590 5462 πρὸς

2017 5461 2254 5548 ἀθυμίαν
2284 5461 2634 5546 εὕέμπτωτόν
2670 5472 2837 5521 ἐστιν.
2880 5466 3017 5518 Ἀλλ’
3050 5462 3253 5533 ἀρκοῦν
3279 5461 3422 5548 ἔχεις
3447 5461 3589 5548 φάρ-

2020 5544 2191 5634 μακον
2230 5559 2329 5629 τῆς
2373 5544 2625 5625 ἀθυμίας,
2662 5552 2754 5606 τοῦ
2793 5550 2959 5602 τόπου
2997 5548 3055 5601 τὸ
3080 5548 3271 5617 δνομα.
3305 5546 3402 5598 Διὰ
3431 5544 3587 5595 τοῦτο

2015 5644 2247 5700 ἐνταῦθα
2280 5639 2638 5706 συναγόμεθα.

2116 5734 2148 5778 ’.
2181 5727 2424 5793 Σήμερον
2448 5721 2555 5790 γὰρ
2583 5719 2649 5772 τά
2680 5722 2737 5772 ἐν
2757 5717 2885 5789 ᾅδου
2922 5717 3210 5790 περιπολεῖ
3242 5715 3414 5767 πάντα
3434 5715 3464 5766 6
3486 5714 3587 5765 Δε-

2013 5811 2212 5878 σπότης
2260 5808 2444 5877 ἡμῶν·
2508 5806 2746 5877 σήμερον
2801 5805 2900 5868 τὰς
2953 5803 3159 5874 χαλκᾶς
3219 5798 3392 5860 πύλας
3469 5814 3588 5851 συν·
