4432 6682
778 443 882 496 εθῖἰ

761 551 958 606 έκλασε
983 570 998 584 ·
1039 557 1280 628 σήμερον
1318 559 1443 623 106;
1485 559 1716 630 μοχλοὺς
1749 561 1876 624 106;
1910 563 2166 633 σιδηροῦς
2213 580 2338 615 συν-

762 642 1010 698 έθλαιτεν.
1044 648 1186 719 Ὅρα
1203 650 1301 720 τὴν
1323 651 1612 722 ἀκρίϐειαν
1639 653 1739 722 τῆς
1768 653 1987 720 λέξεως.
2024 657 2137 708 Οὐκ
2160 650 2336 718 εἶπεν,

776 736 1001 806 Ἀνέῳξε
1041 737 1214 802 πύλας
1257 742 1487 811 χαλκᾶς,
1522 743 1694 810 ἀλλά,
1739 746 2088 800 Evn-50.1008
2139 747 2341 812 πύλας

763 828 1017 896 χαλκᾶς,
1046 830 1133 883 ἵνα
1167 830 1440 903 ἄχρηστον
1462 835 1688 905 γένηται
1711 835 1771 888 τὸ
1801 837 2195 907 δεσμωτήριον.
2228 837 2342 890 Οὐκ

763 918 948 986 ἀφεῖλε
987 921 1115 983 106;
1159 923 1411 993 μοχλοὺς,
1454 925 1593 978 άλλά
1644 929 2003 994 συνέθλασεν,
2049 931 2135 982 ἵνα
2182 931 2343 983 ἀσθε-

764 1009 862 1078 νὴς
906 1010 1131 1080 γένηται
1173 1005 1475 1088 ήφυλακή.
1519 1019 1696 1072 Ὅπου
1735 1038 1801 1090 γε
1838 1020 1962 1073 οῦτε
2008 1022 2168 1092 θύρα,
2217 1021 2343 1076 οὔτε

767 1099 988 1170 μοχλὸς,
1020 1101 1123 1156 κᾶν
1154 1105 1366 1174 εἰσέλθῃ
1403 1124 1510 1172 τις,
1545 1111 1606 1162 06
1643 1111 1954 1182 κατέχεται.
1989 1113 2158 1167 Ὅταν
2199 1112 2292 1168 0611
2315 1117 2344 1169 6

762 1192 992 1261 Χριστὸς
1030 1194 1304 1272 συνθλάσῃ
1325 1239 1338 1262 ,
1361 1200 1446 1263 τίς
1475 1201 1663 1272 ἕτερος
1693 1202 1984 1273 διορθῶσαι
2010 1203 2300 1274 δυνήσεται
2326 1223 2341 1272 ;

768 1283 832 1334 Ὀ
864 1283 971 1354 γάρ
1016 1284 1148 1350 Θεὸς
1181 1286 1533 1361 διαστρέψει,
1570 1294 1740 1361 φησὶ,
1765 1293 1848 1355 τίς
1892 1291 2178 1364 διορθώσει
2231 1296 2346 1350 λοι-

763 1373 891 1436 πόν;
928 1375 989 1426 Οί
1019 1374 1259 1444 βασιλεῖς
1293 1379 1418 1433 ὅταν
1461 1381 1724 1451 μέλλωσιν
1745 1383 1964 1452 ἀφιέναι
1987 1386 2114 1447 τοὺς
2136 1385 2345 1454 δεσμώ-

759 1482 892 1529 τας,
935 1465 1247 1536 πέμποντες
1276 1471 1594 1536 ἐπιστολὰς,
1624 1474 1722 1544 οὐχ
1755 1473 1896 1528 οὕτω
1933 1475 2197 1540 ποιοῦσιν,
2231 1477 2344 1530 ἀλλ’

759 1557 954 1626 ἀφιᾶσι
990 1561 1084 1612 καὶ
1135 1562 1230 1623 τὰς
1262 1561 1428 1632 θύρας
1458 1563 1551 1615 καὶ¹
1585 1565 1712 1627 106;
1758 1564 2036 1632 φύλακας,
2062 1565 2346 1636 δηλοῦντες

761 1646 913 1720 [599]
943 1650 1022 1702 ὅτι
1074 1650 1334 1704 εἰσελθεῖν
1369 1652 1533 1706 πάλιν
1573 1653 1787 1724 ἀνάγκη
1849 1656 1965 1707 ἐκεῖ
2003 1655 2033 1724 ἢ
2074 1654 2166 1708 καὶ
2221 1655 2345 1715 τοὺς

757 1739 1098 1806 ἀφεθέντας,
1152 1741 1186 1812 ἢ
1236 1743 1460 1813 ἐτέρους
1504 1745 1620 1798 ἀντ’
1667 1744 1888 1798 ἐκείνων
1939 1747 2111 1808 τινάς.
2177 1745 2235 1796 '0
2288 1745 2344 1796 δὲ

757 1823 994 1895 Χριστὸς
1028 1828 1128 1898 οὐχ
1163 1829 1338 1893 οὕτως
1361 1847 1375 1859 ·
1409 1831 1542 1884 ἀλλά
1563 1829 1729 1894 δεῖξαι
1755 1831 2108 1902 βουλόμενος,
2139 1834 2220 1885 δτι
2259 1833 2345 1884 τέ-

757 1912 846 1976 λος
874 1918 902 1968 6
929 1915 1158 1982 θάνατος
1191 1920 1325 1990 ἔχει,
1360 1922 1680 1974 συνέθλασεν
1713 1921 1878 1974 06106
1911 1923 2010 1986 τὰς
2045 1923 2218 1987 πύλας
2245 1924 2346 1987 τὰς

756 2005 966 2071 χαλκᾶς
993 2027 1005 2038 ·
1043 2010 1249 2080 χαλκᾶς
1283 2013 1338 2063 δὲ
1377 2013 1657 2082 ὠνόμασεν
1680 2053 1694 2077 ,
1724 2014 1823 2066 οῦκ
1855 2014 2044 2080 ἐπειδὴ
2077 2015 2184 2068 ἀπὸ
2220 2015 2348 2084 χαλ-

757 2099 854 2151 κοῦ
891 2094 1030 2168 ἦσαν
1061 2102 1118 2152 αἱ
1150 2101 1350 2166 πύλαι,
1395 2103 1532 2158 ἀλλὰ
1563 2106 1624 2157 τὸ
1654 2106 1862 2177 ἀπηνὲς
1896 2108 1991 2160 καὶ
2037 2109 2348 2179 ἀπαραίτη-

755 2200 850 2238 τον
884 2186 976 2240 τοῦ
1011 2187 1242 2243 θανάτου
1281 2191 1480 2262 δηλῶν,
1514 2195 1624 2248 Καὶ
1667 2197 1754 2249 ἵνα
1801 2197 1979 2268 μάθῃς
2003 2239 2018 2262 ,
2048 2198 2128 2250 611
2181 2201 2273 2252 καὶ
2319 2202 2348 2252 6

754 2278 953 2346 χαλκὸς
985 2281 1076 2333 καὶ
1106 2283 1134 2334 6
1169 2283 1387 2355 σίδηρος
1414 2287 1475 2338 τὸ
1505 2287 1693 2350 ἀτενὲς
1729 2289 1821 2341 καὶ
1851 2289 2128 2341 άνένδοτον
2169 2289 2339 2359 δηλοῖ,

755 2370 988 2424 ἄκουσον
1021 2373 1074 2425 τί
1113 2391 1246 2446 φησι
1277 2378 1416 2446 πρός
1439 2395 1559 2430 τινα
1600 2379 1789 2448 ἰταμόν
1810 2395 1822 2407 ·
1866 2378 1935 2432 Τὸ
1983 2379 2199 2447 νεῦρόν
2225 2395 2343 2434 σου

753 2461 1080 2530 σιδηροῦν,
1131 2469 1165 2518 d
1199 2465 1501 2534 τράχηλός
1542 2483 1658 2521 σου
1693 2469 1790 2521 καί
1820 2470 1884 2521 τὸ
1920 2469 2200 2539 μέτωπόν
2227 2485 2344 2525 σου

752 2555 1024 2622 χαλκοῦν
1047 2573 1061 2585 ο
1095 2557 1258 2610 τοῦτο
1293 2557 1349 2609 δὲ
1383 2558 1556 2624 οὕτως
1591 2555 1764 2625 εἶπεν,
1799 2563 1900 2614 οὐκ
1939 2562 2128 2634 ἐπειδὴ
2155 2563 2345 2634 νεῦρον

752 2635 869 2710 εἶχε
923 2643 1209 2714 σιδηροῦν,
1246 2645 1353 2699 οὐδ’
1389 2647 1577 2719 ἐπειδὴ
1631 2650 1879 2720 μέτωπον
1919 2645 2034 2720 εἶχε
2085 2651 2346 2720 χαλκοῦν,

753 2731 868 2784 ἀλλ’
896 2733 1086 2804 ἐπειδὴ
1108 2735 1422 2806 ἀμείλικτον
1451 2737 1572 2807 ὄψιν
1601 2739 1697 2792 καὶ
1727 2739 2082 2812 ἀναίσχυντον
2115 2739 2229 2813 εἶχε
2255 2744 2348 2796 καὶ

752 2822 956 2893 ἀπηνῆ.
983 2824 1172 2878 Βούλει
1197 2827 1390 2894 μαθεῖν
1430 2828 1547 2891 πῶς
1575 2823 1643 2899 ἦν
1672 2829 1987 2900 ἀμείλικτος
2009 2833 2105 2885 καὶ
2133 2833 2346 2886 άνένδο-

752 2930 844 2976 τος
877 2915 970 2967 καὶ
997 2917 1379 2988 αὑτοαδάμαςλ
1429 2920 1516 2972 Ἐν
1554 2921 1794 2992 τοσούτῳ
1827 2922 2004 2994 χρόνῳ
2041 2923 2216 2986 οὐδεὶς
2241 2924 2342 2976 06-

752 3005 845 3058 τὸν
895 3005 1109 3061 ἔπεισεν
1137 3011 1355 3077 ἀφεῖναι
1402 3011 1591 3064 οὐδένα
1637 3013 1746 3068 τῶν
1791 3016 2210 3086 κατεχομένων,
2239 3016 2343 3080 ἓως

755 3097 917 3151 αὑτὸν
951 3102 979 3153 6
1008 3101 1116 3155 τῶν
1146 3103 1393 3170 ἀγγέλων
1426 3106 1706 3176 Δεσπότης
1731 3106 2012 3161 κατελθὼν
2040 3109 2344 3178 ἠνάγκαζε.

757 3189 980 3262 Πρῶτον
1014 3193 1113 3262 μὲν
1163 3195 1271 3265 γάρ
1320 3195 1478 3264 ἔδησε
1533 3195 1625 3249 τὸν
1677 3198 1931 3268 ἰσχυρὸν,
1966 3200 2060 3252 καὶ
2112 3200 2233 3252 τότε
2277 3200 2348 3253 τά

669 3341 672 3344 λ
757 3283 927 3353 σκεύη
963 3285 1127 3337 06106
1153 3285 1423 3356 διήρπασε
1444 3304 1460 3318 ·
1490 3287 1570 3341 διὸ
1595 3290 1691 3342 καὶ
1720 3291 1953 3357 ἐπάγει·
1991 3293 2346 3359 Θησαυροὺς

756 3375 1142 3443 σκοτεινοὺς,
1176 3377 1489 3445 ἀοράτους.
1541 3378 1606 3433 Εἰ
1659 3381 1756 3433 καὶ
1805 3381 1868 3434 τὸ
1919 3381 2212 3456 λεγόμενον
2260 3385 2338 3446 ἓν,

755 3467 893 3522 ἀλλά
917 3467 1135 3522 διπλοῦν
1159 3471 1218 3522 τὸ
1250 3469 1533 3540 νοούμενον
1553 3488 1567 3501 ο
1591 3471 1706 3524 ἔστι
1734 3473 1843 3545 γάρ
1865 3478 2116 3529 σκοτεινὰ
2144 3478 2341 3548 χωρία,

757 3557 872 3609 ἀλλ’
896 3557 1155 3630 ὁραθῆναι
1187 3560 1448 3624 πολλάκις
1495 3561 1747 3616 δύνανται
1767 3607 1782 3630 ,
1814 3565 2012 3636 λύχνου
2043 3570 2138 3622 καὶ
2172 3571 2348 3638 φωτὸς

757 3651 1104 3720 εἰσαχθέντος
1128 3668 1142 3680 ·
1177 3655 1353 3705 ἐκεῖνο
1391 3654 1449 3706 δὲ
1479 3654 1575 3706 τοῦ
1607 3655 1733 3726 ᾅδου
1767 3657 1828 3710 τὸ
1861 3658 2058 3728 χωρίον
2108 3659 2348 3729 ζοιξωδέ-

759 3758 952 3795 στατον
984 3735 1052 3814 ἦν
1087 3743 1178 3794 καὶ
1205 3743 1437 3812 ἀτερπὲς
1456 3786 1471 3809 ,
1505 3746 1597 3798 καὶ
1633 3745 1888 3800 οὐδέποτε
1917 3749 2096 3819 φωτὸς
2128 3752 2349 3817 ἐδέξατο

758 3835 947 3902 φύσιν·
979 3832 1065 3886 διὰ
1087 3832 1246 3886 τοῦτο
1275 3837 1584 3900 σκοτεινοῦς
1604 3877 1620 3903 ,
1648 3837 1916 3908 άοράτους
1942 3837 2095 3894 εἶπεν
2120 3845 2342 3910 αὐτούς.

758 3925 870 3980 Καὶ
893 3927 1001 3998 γὰρ
1047 3926 1218 3990 ὅντως
1273 3929 1536 3980 σκοτεινοὶ
1563 3923 1704 4000 ἦσαν
1729 3969 1746 3994 ,
1771 3930 1879 3994 ἓως
1917 3925 1978 3985 06
2013 3935 2282 4006 κατῆλθεν
2315 3940 2345 3991 6

759 4019 858 4088 τῆς
878 4017 1224 4086 δικαιοσύνης
1259 4018 1410 4088 ἥλιος
1433 4057 1450 4083 ,
1479 4019 1574 4073 καὶ
1603 4020 1940 4092 κατέλαμψε,
1975 4027 2180 4079 καὶτὸν
2213 4027 2345 4098 ᾅδην

757 4111 1020 4181 ἐποίησεν
1063 4111 1292 4180 οὐρανόν
1311 4125 1328 4142 ⁶
1356 4111 1492 4164 ὃπου
1545 4112 1654 4184 γάρ
1692 4115 1721 4166 6
1753 4115 2020 4186 Χριστὸς,
2052 4118 2169 4170 ἐκεῖ
2195 4121 2290 4173 καὶ
2315 4123 2346 4174 6

758 4203 1005 4273 οὐρανός.
1037 4202 1360 4274 Θησαυροὺς
1413 4203 1472 4257 δὲ
1503 4205 1814 4288 σκοτεινοὺς
1843 4207 2000 4260 καλεῖ
2033 4209 2126 4261 τὸν
2171 4209 2302 4282 ᾅδην
2328 4229 2342 4244 ·

759 4296 1025 4360 εἰκότως,
1057 4295 1191 4348 διότι
1249 4295 1409 4358 πολὺς
1465 4295 1694 4359 πλοῦτος
1751 4298 2014 4352 ἀπέκειτο
2063 4302 2198 4354 ἐκεῖ.
2239 4303 2348 4356 Καὶ

759 4388 869 4459 γάρ
911 4387 1018 4439 τῶν
1072 4387 1375 4458 ἀνθρώπων
1411 4389 1560 4440 πᾶσα
1617 4389 1649 4459 ἡ
1692 4389 1854 4458 φύσις
1890 4389 2120 4456 πλοῦτος
2173 4392 2350 4465 ὑπάρι

759 4495 928 4550 χουσα
955 4477 1048 4530 τοῦ
1082 4477 1216 4530 Θεοῦ
1239 4517 1254 4542 ,
1285 4479 1390 4530 ὑπὸ
1437 4479 1530 4531 τοῦ
1565 4481 1945 4552 ἀπατήσαντος
1982 4482 2075 4536 τὸν
2131 4485 2348 4556 πρῶτον

760 4571 1047 4641 ἄνθρωπον
1084 4569 1332 4622 διαϐόλου
1364 4571 1696 4643 ἀπεσυλήθη,
1726 4575 1820 4626 καὶ
1857 4574 1934 4646 τῷ
1967 4573 2180 4648 θανάτῳ
2213 4578 2350 4632 καθα

761 4661 1092 4732 υπεςεύχθη.
1131 4663 1252 4715 ’Ὁτι
1296 4661 1354 4714 δὲ
1395 4661 1622 4726 πλοῦτος
1667 4661 1734 4736 ἦν
1768 4664 1844 4734 τῷ
1878 4666 1998 4736 θεῷ
2039 4669 2190 4723 πᾶσα
2239 4672 2348 4724 τῶν

761 4755 1062 4826 ἀνθρώπων
1091 4756 1123 4826 ή
1161 4754 1323 4825 φύσις
1347 4794 1362 4818 ,
1390 4755 1630 4808 δείκνυσι
1659 4755 1868 4820 Παῦλος
1901 4757 2079 4826 λέγων
2103 4777 2114 4790 ·
2153 4765 2350 4815 Πλου-

761 4846 880 4900 τῶν
912 4849 999 4911 είς
1031 4846 1294 4913 πάντας,
1334 4846 1434 4901 καὶ
1465 4847 1568 4900 ἐπὶ
1590 4846 1824 4914 πάντας
1851 4849 1992 4915 τοὺς
2030 4851 2350 4907 ἐπικαλου-

762 4939 984 5008 μένους
1012 4940 1216 4994 αὑτόν.
1255 4941 1466 5010 Ὥσπερ
1499 4935 1592 4994 0611
1626 4939 1882 5010 βασιλεύς
1925 4958 2012 5005 τις
2049 4942 2352 5014 λῂσταρχον

763 5029 942 5104 εὑρὼν
973 5031 1379 5104 κατατρέχοντα
1415 5034 1514 5096 τάς
1541 5035 1725 5098 πόλεις
1748 5075 1763 5098 ,
1803 5034 2124 5106 ἁρπάζοντα
2155 5037 2353 5090 πάντο-

765 5123 887 5189 θεν,
925 5125 1018 5176 καὶ
1046 5125 1126 5186 εἰς
1173 5125 1241 5176 τὰ
1285 5124 1527 5192 σπήλαια
1553 5126 1954 5195 καταδυόμενον
1975 5169 1988 5194 ,
2035 5129 2132 5182 καὶ
2162 5129 2353 5182 ἀποτι-

766 5214 990 5283 θέμενον
1041 5217 1160 5269 ἐκεῖ
1205 5215 1296 5267 τὸν
1353 5214 1581 5268 πλοῦτον
1607 5255 1620 5278 ,
1659 5217 1826 5287 δήσας
1881 5220 1972 5272 τὸν
2021 5221 2350 5292 λῄσταρχον,

766 5315 971 5366 ἐκεῖνον
1007 5315 1104 5386 μὲν
1143 5313 1360 5368 κολάσει
1397 5312 1777 5385 παραδίδωσι,
1826 5316 1916 5367 τὸν
1968 5317 2023 5370 δὲ
2077 5318 2352 5392 θησαυρὸν

766 5407 933 5462 αὐτοῦ
967 5409 1262 5480 μεταφέρει
1310 5411 1390 5471 εἰς
1423 5407 1491 5462 τά
1539 5411 1764 5479 ταμιεῖα
1796 5409 1863 5462 τά
1889 5407 2144 5480 βασιλικά
2167 5429 2178 5441 ·
2206 5415 2352 5467 οῦτω

768 5504 861 5556 καὶ
883 5505 910 5556 6
931 5503 1165 5573 Χριστὸς
1194 5503 1445 5574 ἐποίησε,
1473 5503 1564 5556 τὸν
1592 5503 1897 5576 λῄσταρχον
1925 5505 2020 5558 καὶ
2045 5506 2135 5560 τὸν
2157 5507 2352 5578 δεσμου

767 5595 986 5664 φύλακα
1005 5633 1020 5659 ,
1052 5594 1144 5648 τὸν
1165 5593 1406 5648 διάϐολον
1436 5594 1572 5665 ὁμοῦ
1602 5599 1692 5649 καί
1724 5597 1813 5650 τὸν
1849 5596 2080 5652 θάνατον
2105 5639 2120 5664 ,
2145 5599 2232 5652 διά
2254 5598 2348 5652 τοῦ

767 5689 998 5742 θανάτου
1029 5685 1196 5741 αὐτοῦ
1229 5686 1394 5757 δήσας
1413 5727 1428 5750 ,
1470 5687 1565 5741 καὶ
1592 5688 1683 5742 τὸν
1721 5687 1950 5744 πλοῦτον
1995 5690 2207 5756 πάντα,
2239 5691 2350 5744 τῶν

769 5778 1069 5849 ἀνθρώπων
1100 5778 1244 5847 λέγω
1265 5779 1328 5832 τὸ
1365 5779 1549 5847 γένος,
1580 5781 1890 5852 μετήγαγεν
1923 5785 2002 5845 εἰς
2025 5783 2093 5837 τά
2123 5787 2350 5854 ταμιεῖα

2227 5875 2239 5892 Ὦ

770 5869 838 5924 τά
862 5869 1132 5942 βασιλικά.
1176 5871 1348 5928 Τοῦτο
1388 5872 1478 5925 καὶ
1510 5873 1718 5936 Παῦλος
1741 5873 1892 5944 δηλοῖ
1919 5875 2094 5945 λέγων
2117 5894 2128 5907 ·
2174 5875 2346 5932 Ἐλυ-

1431 445 1488 502 S.
1531 443 1816 500 JOANNIS
1852 443 2341 502 CHRYSOSTOMI
2387 444 2711 504 ARCHIEP.
2757 443 3304 506 CONSTANTINOP.

3923 445 4030 500 596

2445 563 2710 632 τρώσατο
2735 565 2894 634 ἡμᾶς
2930 567 3000 620 ἐκ
3025 565 3136 634 τῆς
3161 561 3448 629 ἐξουσίας
3466 561 3573 614 τοῦ
3603 562 3894 626 σκότους,
3929 561 4030 616 καί

2440 661 2815 732 μετέστησεν
2833 663 2918 727 είς
2941 661 3057 730 τὴν
3070 659 3398 726 ,βασιλείαν
3418 655 3603 710 αὑτοῦ
3631 653 3744 722 τῆς
3767 653 4028 724 ἀγάπης.

2444 758 2555 810 Καὶ
2605 759 2666 812 τὸ
2721 757 2785 829 δὴ
2824 757 3137 827 θαυμαστὸν
3162 800 3177 824 ,
3231 756 3391 819 αὐτὸς
3426 756 3454 808 6
3493 750 3746 825 βασιλεὺς
3779 751 3984 822 ἐπέστη
4009 766 4028 784 ο

2447 857 2623 910 καίτοι
2653 873 2717 926 γε
2746 853 2995 927 βασιλεὺς
3019 855 3194 918 οὐδεὶς
3222 854 3288 908 ἂν
3307 851 3666 919 καταξιωσειε
3693 843 3852 899 τοῦτο
3872 845 4032 914 ποιῆ-

2448 953 2538 1005 σαί
2577 971 2728 1013 ποτε.
2761 951 2898 1006 ἀλλά
2927 949 3018 1004 διά
3039 949 3148 1002 τῶν
3176 949 3465 1021 ὑπηρετῶν
3499 947 3690 1016 ἀφιᾶσι
3727 944 3853 1006 τοὺς
3879 941 3994 994 δεδε
4019 971 4028 982 ο

2452 1049 2668 1120 μένους.
2686 1048 2949 1103 Ἐνταῦθα
2967 1047 3024 1100 δὲ
3049 1045 3148 1116 οὐχ
3175 1044 3370 1109 οὕτως,
3393 1043 3532 1100 ἀλλά
3559 1043 3718 1104 0616;
3739 1037 3870 1112 ἦλθε
3891 1037 4030 1109 πρὸς

2448 1147 2573 1208 τοὺς
2606 1145 2890 1216 δεσμώτας
2941 1147 2968 1198 6
3007 1141 3300 1213 βασιλεὺς,
3339 1142 3437 1195 καὶ
3482 1142 3584 1194 οὐκ
3615 1134 3930 1211 ἐπῃσχύνθη
3967 1133 4031 1186 τὸ

2448 1242 2816 1312 δεσμωτήριον
2851 1239 2972 1294 οὐδὲ
3001 1239 3124 1302 τοὺς
3151 1236 3471 1306 δεδεμένους
3491 1251 3503 1264 ·
3549 1235 3608 1289 ὃν
3635 1233 3745 1305 γάρ
3775 1231 4028 1295 ἔπλασεν,

2449 1335 2873 1405 ἐπαισχύνεσθαι
2901 1336 3001 1388 οὐκ
3023 1333 3242 1403 ἔμελλε·
3275 1331 3367 1384 καί¹
3395 1332 3692 1384 συνέκλασε
3716 1331 3814 1393 τὰς
3837 1328 4028 1400 θύρας,

2449 1432 2736 1503 συνέτριψε
2765 1433 2892 1494 106;
2929 1429 3196 1500 μοχλοὺς,
3251 1427 3454 1498 ἐπέστη
3509 1427 3588 1498 τῷ
3631 1427 3769 1498 ᾅδῃ,
3827 1426 4032 1496 ἔρημον

2451 1529 2598 1602 [400]
2628 1528 2790 1583 06106
2820 1528 2918 1598 τὴν
2947 1525 3192 1596 φυλακὴν
3221 1523 3480 1594 ἐποίησεν
3522 1523 3741 1576 ἃπασαν
3766 1563 3782 1588 ,
3815 1521 3912 1576 καὶ⁵
3939 1520 4034 1574 τὸν

2446 1628 2832 1698 δεσμοφύλακα
2863 1623 3043 1678 λαϐὼν
3081 1621 3381 1690 δεδεμένον,
3414 1619 3588 1684 οὕτως
3620 1623 3752 1691 ἡμῖν
3796 1619 4035 1689 ἐπανῆλ-

2447 1725 2560 1778 θεν.
2605 1725 2664 1776 Ὀ
2693 1723 2958 1794 τύραννος
2997 1719 3343 1792 αἰχμάλωτος
3385 1717 3585 1787 ἧγετο,
3633 1715 3663 1766 6
3697 1715 3916 1784 ίσχυρὸς
3945 1715 4034 1767 δε-

2447 1821 2704 1891 δεμένος·
2747 1821 2774 1872 6
2809 1819 3038 1881 θάνατος
3061 1815 3225 1879 αὐτὸς
3273 1813 3436 1884 ῥίψας
3482 1810 3554 1863 ’τά
3600 1809 3774 1874 ὅπλα,
3827 1809 4036 1878 γυμνὸς

2451 1917 2588 1989 πρὸς
2619 1917 2748 1980 106;
2775 1915 2944 1978 πόδας
2973 1913 3069 1967 τοῦ
3105 1912 3366 1983 βασιλέως
3401 1909 3657 1980 ἔδραμεν.

2523 2051 2678 2116 Εἶδες
2727 2051 2883 2122 νίκην
2919 2050 3277 2120 θαυμαστήν;
3309 2041 3446 2109 εἶδες
3487 2039 3720 2113 σταυροῦ
3755 2037 4034 2106 κατορθώ-

2456 2167 2636 2222 ματα;
2673 2152 2825 2204 Εἴπω
2854 2165 2938 2201 σοι
2977 2148 3074 2200 καὶ
3114 2144 3241 2200 ἄλλο
3270 2141 3746 2212 Θαυμαστότερονς
3776 2137 3911 2208 μάθε
3945 2137 4035 2190 τὸν

2449 2246 2646 2316 τρόπον
2677 2245 2776 2313 τῆς
2801 2243 2956 2309 νίκης
2975 2282 2990 2304 ,
3019 2241 3114 2294 καὶ
3140 2240 3262 2291 τότε
3293 2237 3613 2306 ἐκπλαγήσῃ
3645 2234 3822 2288 πλέον.
3853 2237 3930 2286 Δι’
3959 2228 4036 2286 ὧν

2448 2340 2558 2410 γάρ
2593 2339 2845 2408 ἐνίκησεν
2873 2339 2902 2389 6
2928 2335 3174 2396 διάϐολος
3199 2373 3212 2396 ,
3243 2332 3333 2385 διά
3363 2332 3570 2384 τούτων
3600 2329 3765 2383 06106
3793 2329 4040 2397 περιεγέ-

2448 2453 2566 2491 νετο
2599 2437 2628 2487 6
2665 2433 2900 2504 Χριστός
2921 2448 2936 2462 ·
2973 2431 3068 2485 καὶ
3103 2429 3244 2484 αὐτὰ
3279 2426 3350 2482 τά
3395 2427 3605 2480 ἐκείνου
3661 2425 3840 2478 λαϐὼν
3869 2425 4033 2488 ὅπλα,

2448 2533 2658 2598 τούτοις
2704 2531 2867 2587 αὑτὸν
2917 2527 3330 2600 κατηγωνίσατο
3357 2537 3374 2554 ·
3427 2525 3522 2577 καὶ
3571 2523 3691 2587 πῶς
3709 2563 3725 2587 ,
3779 2523 4032 2578 ἄκουσονο

2451 2630 2726 2702 Παρθένος
2759 2629 2855 2682 καὶ
2897 2627 3054 2694 ξύλον
3074 2665 3088 2690 ,
3127 2622 3222 2679 καὶ
3269 2623 3496 2684 θάνατος
3528 2620 3628 2690 τῆς
3657 2621 3826 2691 ἣττης
3877 2619 4036 2690 ἡμῶν

2449 2723 2518 2799 ἦν
2548 2728 2616 2782 τά
2656 2725 2919 2798 σύμϐολα.
2954 2722 3232 2794 Παρθένος
3257 2715 3327 2790 ἦν
3358 2723 3392 2790 ἠ
3423 2719 3537 2773 E60
3558 2735 3573 2750 '
3601 2717 3757 2770 οὔπω
3795 2715 3905 2788 γάρ
3939 2718 4037 2772 άν-

2449 2825 2552 2894 δρα
2581 2822 2843 2890 ἐγίνωσκε
2865 2840 2876 2851 ·
2928 2819 3084 2886 ξύλον
3122 2813 3191 2890 ἦν
3229 2817 3289 2870 16
3322 2817 3558 2886 δένδρον,
3590 2815 3685 2868 καὶ
3715 2814 3943 2876 θάνατος
3967 2807 4039 2882 ἦν

2448 2921 2510 2973 16
2541 2919 2815 2988 ἐπιτίμιον
2848 2916 2942 2970 τοῦ
2981 2917 3170 2986 Ἀδάμ.
3225 2915 3366 2968 Ἀλλ’
3403 2914 3512 2967 ἰδοὺ
3533 2953 3548 2976 ,
3582 2912 3741 2966 πάλιν
3771 2911 4038 2982 παρθένος

2450 3016 2546 3070 καὶ
2569 3015 2720 3080 ξύλον
2750 3015 2846 3067 καὶ
2873 3013 3104 3075 θάνατος
3121 3052 3136 3076 ,
3157 3011 3226 3064 τὰ
3247 3011 3348 3081 τῆς
3375 3011 3546 3081 ἣττης
3577 3008 3818 3078 σύμϐολα
3841 3005 4036 3070 ταῦτα,

2452 3113 2546 3168 καὶ
2576 3113 2676 3181 τῆς
2713 3111 2870 3180 νίκης
2895 3109 3112 3176 ἐγένετο
3144 3107 3407 3178 σύμϐολα.
3461 3106 3608 3158 Ἀντὶ
3633 3105 3741 3174 γάρ
3766 3103 3866 3172 τῆς
3894 3102 4040 3166 Εῦας

2451 3199 2485 3268 ἡ
2516 3194 2750 3265 Μαριάμ
2769 3211 2782 3225 ·
2815 3194 2935 3246 ἀντὶ
2961 3192 3056 3246 τοῦ
3099 3191 3258 3258 ξύλου
3287 3189 3384 3243 τοῦ
3419 3189 3616 3243 εἰδέναι
3659 3187 3722 3240 τὸ
3753 3186 3915 3239 καλὸν
3943 3185 4040 3238 καὶ

2451 3293 2512 3345 τὸ
2539 3291 2774 3362 πονηρὸν
2796 3329 2810 3354 ,
2841 3289 2900 3341 τὸ
2932 3287 3085 3354 ξύλον
3115 3286 3208 3340 τοῦ
3237 3285 3469 3358 σταυροῦ
3487 3300 3501 3314 ο
3536 3284 3660 3336 ἀντὶ
3683 3281 3776 3334 τοῦ
3807 3281 4038 3335 θανάτου

2449 3385 2544 3439 τοῦ
2585 3386 2757 3456 Ἀδάμ
2777 3385 2804 3438 6
2843 3385 3070 3446 θάνατος
3099 3380 3194 3434 τοῦ
3225 3379 3486 3452 Χριστοῦ.
3519 3373 3704 3443 Εἶδες,
3735 3375 3801 3430 δι’
3835 3369 3910 3432 ὧν
3933 3377 4042 3428 ἐνί-

2450 3496 2586 3548 κησε
2609 3521 2624 3546 ,
2663 3475 2755 3531 διὰ
2779 3474 2986 3528 τούτων
3017 3473 3179 3527 αὑτὸν
3207 3471 3548 3542 ήττώμενον;
3575 3469 3714 3540 Περὶ
3740 3467 3800 3521 τὸ
3825 3466 4040 3536 δένδρον

2450 3573 2863 3645 κατηγωνίσατο
2895 3572 2986 3625 τὸν
3025 3569 3194 3640 Ἀδὰμ
3225 3570 3254 3621 6
3284 3568 3530 3632 διάϐολος
3550 3583 3567 3599 ο
3603 3567 3733 3640 περὶ
3763 3565 3856 3619 τὸν
3881 3581 4042 3618 σταυ-

2453 3675 2544 3746 ρὸν
2572 3671 2942 3726 κατεπάλαισε
2986 3667 3076 3721 τὸν
3105 3665 3351 3721 διάϐολον
3393 3668 3421 3719 6
3457 3663 3690 3736 Χριστός
3709 3679 3724 3694 ·
3754 3663 3848 3716 καὶ
3881 3661 4041 3727 ξύλον

2449 3765 2512 3817 τὸ
2537 3765 2631 3834 μὲν
2655 3763 2904 3834 ἔπεμπεν
2932 3763 3012 3825 εἰς
3039 3760 3174 3832 ᾅδην
3193 3799 3209 3821 ,
3235 3759 3296 3812 16
3327 3757 3386 3811 δὲ
3423 3758 3518 3810 καὶ
3551 3757 3676 3818 106;
3703 3751 4041 3814 ἀπελθόντας

2452 3858 2658 3911 ἐκεῖθεν
2701 3857 3036 3911 ἀνεκαλεῖτο.
3072 3856 3241 3910 Πάλιν
3285 3853 3441 3919 ξύλον
3481 3851 3544 3904 16
3579 3851 3680 3922 μὲν
3715 3848 3806 3902 τὸν
3836 3847 4040 3916 αἰχμά-

2451 3954 2618 4008 λωτον
2643 3953 2849 4024 γυμνὸν
2879 3952 3114 4024 ἔκρυψε,
3147 3951 3209 4004 τὸ
3235 3951 3294 4004 δὲ
3330 3951 3420 4003 τὸν
3453 3947 3679 4018 νικητήν
3711 3946 3918 4017 γυμνὸν
3951 3945 4038 4014 ἑτρ⁹

2449 4051 2656 4122 ὑψηλοῦ
2686 4051 2855 4103 πᾶσιν
2879 4049 3108 4102 ἐδείκνυ.
3143 4047 3255 4100 Καὶ
3282 4045 3512 4107 θάνατος
3553 4045 3582 4096 6
3623 4042 3720 4112 μὲν
3757 4043 3884 4104 106;
3919 4041 4036 4112 μετ’

2449 4149 2613 4203 αὐτὸν
2640 4147 2962 4217 κατέκρινεν
2985 4186 3000 4210 ,
3035 4145 3063 4198 6
3091 4145 3149 4198 δὲ
3193 4143 3290 4196 καὶ
3317 4142 3441 4204 106;
3472 4141 3577 4212 πρὸ
3610 4138 3774 4192 06106
3809 4137 4038 4208 γενομέ-

2450 4263 2572 4308 νους
2603 4245 2890 4314 ἀνέστησε.
2934 4241 3030 4308 Τις
3057 4241 3320 4310 λαλήσει
3369 4237 3478 4304 τὰς
3521 4235 3881 4301 δυναστείας
3932 4233 4038 4288 τοῦ

2452 4341 2703 4409 Κυρίους
2747 4341 2882 4396 Ἀπὸ
2909 4339 3142 4394 θανάτου
3193 4337 3500 4406 γεγόναμεν
3545 4332 3832 4387 ἀθάνατοι·
3866 4331 4039 4386 ταῦτα

2453 4436 2548 4490 τοῦ
2589 4437 2822 4509 σταυροῦ
2859 4437 2930 4492 τὰ
2971 4435 3394 4507 κατορθώματα.
3429 4429 3670 4502 Ἔμαθες
3721 4429 3818 4498 τὴν
3847 4428 4040 4498 νίκην;

2454 4532 2656 4603 ἔμαθες
2683 4533 2778 4584 τὸν
2796 4533 2998 4603 τρόπον
3025 4531 3126 4598 τῆς
3159 4529 3316 4599 νίκης
3339 4546 3354 4594 ;
3383 4527 3521 4598 μάθε
3549 4523 3780 4586 καὶπῶς
3809 4523 4040 4594 ἀπονητὶ

2453 4629 2645 4698 γέγονε
2669 4628 2731 4681 16
2759 4627 3110 4700 κατόρθωμα.
3142 4627 3254 4696 Οὐχ
3286 4623 3578 4696 ᾑμάξαμεν
3601 4622 3762 4690 ἡμεῖς
3785 4618 3854 4672 τά
3876 4619 4037 4683 ὅπλα,

2452 4729 2553 4780 οὐκ
2585 4726 2826 4796 ἔστημεν
2863 4724 2956 4775 ἐπί
3002 4723 3103 4790 τῆς
3153 4719 3542 4793 παρατάξεως,
3595 4715 3696 4768 οὐκ
3742 4714 4039 4786 ἐδεξάμεθα

2451 4823 2764 4894 τραύματα,
2789 4820 2911 4875 οὐδὲ
2939 4818 3152 4890 εἴδομεν
3183 4819 3276 4870 τὸν
3303 4815 3538 4884 πόλεμον
3566 4851 3582 4874 ,
3624 4811 3718 4865 καὶ
3745 4812 3845 4883 τὴν
3882 4813 4039 4883 νίκην

2456 4918 2724 4989 ἐλάϐομεν
2753 4934 2766 4947 ο
2811 4918 2840 4969 6
2892 4913 3042 4984 ἀγὼν
3070 4913 3165 4967 τοῦ
3216 4911 3491 4966 Δεσπότου
3517 4947 3533 4973 ,
3577 4907 3670 4960 καὶ
3699 4909 3728 4962 6
3779 4907 4040 4978 στέφανος

2457 5015 2744 5085 ἡμέτερος.
2783 5011 2940 5066 Ἐπεὶ
2971 5005 3064 5064 οῦν
3090 5009 3186 5066 καὶ
3224 5005 3473 5077 ἡμετέρα
3515 5006 3550 5074 ή
3577 5003 3702 5072 νίκη
3720 5045 3735 5066 ,
3763 5003 4042 5070 ἀλαλάξω-

2459 5128 2557 5182 μεν
2577 5151 2590 5174 ,
2622 5109 2879 5180 καθάπερ
2919 5107 3269 5178 στρατιῶται,
3299 5104 3400 5174 τὴν
3431 5099 3698 5154 ἐπινίκιον
3725 5101 3866 5172 ᾠδὴν
3901 5100 4042 5154 πάν-

2455 5224 2545 5272 τες
2579 5207 2642 5278 σή
2652 5224 2716 5276 με
2727 5223 2838 5276 ρον,
2857 5205 3100 5276 εἴπωμεν
3121 5201 3420 5273 ὑμνοῦντες
3443 5198 3534 5251 τὸν
3558 5199 3854 5268 Δεσπότην·
3885 5197 4040 5250 Κατ-

2455 5305 2637 5373 επόθη
2676 5305 2710 5358 ὁ
2733 5303 2987 5368 θάνατος
3012 5305 3098 5368 είς
3129 5301 3325 5367 νῖκος·
3358 5297 3476 5352 ποῦ
3505 5313 3620 5352 σου
3647 5340 3662 5362 ,
3687 5299 3904 5354 θάνατε
3928 5335 3942 5359 ,
3969 5293 4040 5348 τὸ

2454 5397 2661 5464 νῖκος;
2689 5399 2806 5452 ποῦ
2831 5413 2967 5464 σου,
3006 5397 3119 5466 ᾄδη
3147 5437 3160 5462 ,
3193 5397 3258 5450 τὸ
3289 5393 3579 5463 κέντρον;
3611 5393 3800 5449 Ταῦτα
3822 5395 3850 5446 6
3879 5407 4041 5444 σταυ-

2460 5493 2547 5564 ρὸς
2570 5495 2702 5566 ἡμῖν
2728 5493 3060 5566 κατώρθωσε
3079 5510 3093 5524 ·
3120 5491 3350 5564 σταυρὸς
3379 5491 3440 5545 τὸ
3471 5492 3613 5546 κατά
3632 5491 3739 5546 τῶν
3768 5487 4040 5558 δαιμόνων

2452 5591 2712 5662 τρόπαιον
2733 5630 2748 5656 ,
2773 5592 2808 5660 ή
2844 5593 2988 5645 κατὰ
3015 5590 3118 5659 τῆς
3145 5587 3420 5660 ἁμαρτίας
3449 5588 3690 5660 μάχαιρα
3711 5627 3726 5652 ,
3758 5584 3820 5637 τὸ
3863 5581 4036 5652 ξίφος.

2452 5679 2496 5752 ᾧ
2527 5686 2618 5741 τὸν
2657 5687 2780 5756 δφιν
2824 5685 3117 5755 ἐκέντησεν
3171 5685 3201 5737 6
3251 5685 3516 5756 Χριστός·
3577 5678 3806 5752 σταυρδς
3843 5680 3905 5733 τὸ
3942 5679 4038 5734 τοῦ

2457 5783 2666 5854 Πατρὸς
2717 5783 2964 5852 θέλημα,
3001 5783 3035 5852 ή
3089 5779 3182 5835 τοῦ
3232 5781 3570 5852 Μονογενοῦς
3609 5781 3774 5846 δόξα,
3823 5774 3886 5832 τὸ
3940 5783 4036 5832 τοῦ

2460 5877 2774 5950 Πνεῦματος
2805 5877 3115 5950 ἀγαλλίαμα
3139 5919 3152 5946 ,
3187 5879 3216 5932 6
3261 5879 3367 5936 τῶν
3396 5878 3643 5948 ἀγγέλων
3677 5875 3909 5946 κόσμος,
3937 5879 4038 5948 τῆς
