  <div class='ocr_page' id='page_1' title='image "/cluster/home/n/w/nwhite01/storage/ocr_20150623/49/hvd.32044025239823/390.png"; bbox 0 0 4432 6732; ppageno 0'>
   <div class='ocr_carea' id='block_1_1' title="bbox 376 506 478 560">
    <p class='ocr_par' dir='ltr' id='par_1_1' title="bbox 376 506 478 560">
     <span class='ocr_line' id='line_1_1' title="bbox 376 506 478 560; baseline -0.049 0"><span class='ocrx_word' id='word_1_1' title='bbox 376 506 478 560; x_wconf 72' lang='lat'><strong>595</strong></span> 
     </span>
    </p>
   </div>
   <div class='ocr_carea' id='block_1_2' title="bbox 371 608 1948 681">
    <p class='ocr_par' dir='ltr' id='par_1_2' title="bbox 371 608 1948 681">
     <span class='ocr_line' id='line_1_2' title="bbox 371 608 1948 681; baseline -0.008 -8"><span class='ocrx_word' id='word_1_2' title='bbox 371 616 560 673; x_wconf 91' lang='lat' dir='ltr'><strong>circuit</strong></span> <span class='ocrx_word' id='word_1_3' title='bbox 586 617 837 673; x_wconf 81' lang='lat' dir='ltr'><strong>Dominus</strong></span> <span class='ocrx_word' id='word_1_4' title='bbox 863 626 1064 681; x_wconf 90' lang='lat' dir='ltr'><strong>noster,</strong></span> <span class='ocrx_word' id='word_1_5' title='bbox 1094 610 1253 667; x_wconf 91' lang='lat' dir='ltr'><strong>hodie</strong></span> <span class='ocrx_word' id='word_1_6' title='bbox 1271 619 1448 678; x_wconf 88' lang='lat' dir='ltr'><strong>portas</strong></span> <span class='ocrx_word' id='word_1_7' title='bbox 1474 622 1640 664; x_wconf 80' lang='lat' dir='ltr'><strong>:ereas</strong></span> <span class='ocrx_word' id='word_1_8' title='bbox 1658 608 1948 678; x_wconf 86' lang='lat' dir='ltr'><strong>confregit:</strong></span> 
     </span>
    </p>
   </div>
   <div class='ocr_carea' id='block_1_3' title="bbox 370 699 1944 772">
    <p class='ocr_par' dir='ltr' id='par_1_3' title="bbox 370 699 1944 772">
     <span class='ocr_line' id='line_1_3' title="bbox 370 699 1944 772; baseline -0.007 -9"><span class='ocrx_word' id='word_1_9' title='bbox 370 708 528 765; x_wconf 80' lang='lat' dir='ltr'><strong>hodie</strong></span> <span class='ocrx_word' id='word_1_10' title='bbox 555 719 732 765; x_wconf 87' lang='lat' dir='ltr'><strong>vectes</strong></span> <span class='ocrx_word' id='word_1_11' title='bbox 758 710 958 764; x_wconf 91' lang='lat' dir='ltr'><strong>ferreos</strong></span> <span class='ocrx_word' id='word_1_12' title='bbox 977 703 1226 760; x_wconf 90' lang='lat' dir='ltr'><strong>contrivit</strong></span> <span class='ocrx_word' id='word_1_13' title='bbox 1245 699 1412 772; x_wconf 80' lang='lat' dir='ltr'><strong>(Psal.</strong></span> <span class='ocrx_word' id='word_1_14' title='bbox 1436 700 1552 759; x_wconf 74' lang='lat'><strong>106.</strong></span> <span class='ocrx_word' id='word_1_15' title='bbox 1578 701 1673 766; x_wconf 74' lang='lat'><strong>16;</strong></span> <span class='ocrx_word' id='word_1_16' title='bbox 1703 700 1830 754; x_wconf 84' lang='lat' dir='ltr'><strong>lsai.</strong></span> <span class='ocrx_word' id='word_1_17' title='bbox 1855 700 1944 755; x_wconf 71' lang='lat'><strong>45.</strong></span> 
     </span>
    </p>
   </div>
   <div class='ocr_carea' id='block_1_4' title="bbox 367 791 1951 873">
    <p class='ocr_par' dir='ltr' id='par_1_4' title="bbox 367 791 1951 873">
     <span class='ocr_line' id='line_1_4' title="bbox 367 791 1951 873; baseline -0.008 -16"><span class='ocrx_word' id='word_1_18' title='bbox 367 802 444 873; x_wconf 74' lang='lat'><strong>2).</strong></span> <span class='ocrx_word' id='word_1_19' title='bbox 468 802 599 859; x_wconf 91' lang='lat' dir='ltr'><strong>Vide</strong></span> <span class='ocrx_word' id='word_1_20' title='bbox 616 800 742 858; x_wconf 82' lang='lat' dir='ltr'><strong>dicti</strong></span> <span class='ocrx_word' id='word_1_21' title='bbox 767 797 1182 856; x_wconf 90' lang='lat' dir='ltr'><strong>accurationem.</strong></span> <span class='ocrx_word' id='word_1_22' title='bbox 1203 792 1316 847; x_wconf 88' lang='lat' dir='ltr'><strong>Non</strong></span> <span class='ocrx_word' id='word_1_23' title='bbox 1338 791 1490 860; x_wconf 85' lang='lat' dir='ltr'><strong>dixit,</strong></span> <span class='ocrx_word' id='word_1_24' title='bbox 1520 792 1741 862; x_wconf 84' lang='lat' dir='ltr'><strong>Aperuit</strong></span> <span class='ocrx_word' id='word_1_25' title='bbox 1771 799 1951 860; x_wconf 86' lang='lat' dir='ltr'><strong>portas</strong></span> 
     </span>
    </p>
   </div>
   <div class='ocr_carea' id='block_1_5' title="bbox 367 883 1951 963">
    <p class='ocr_par' dir='ltr' id='par_1_5' title="bbox 367 883 1951 963">
     <span class='ocr_line' id='line_1_5' title="bbox 367 883 1951 963; baseline -0.009 -11"><span class='ocrx_word' id='word_1_26' title='bbox 367 913 558 959; x_wconf 72' lang='lat' dir='ltr'><strong>mreas,</strong></span> <span class='ocrx_word' id='word_1_27' title='bbox 573 896 687 963; x_wconf 92' lang='lat' dir='ltr'><strong>sed,</strong></span> <span class='ocrx_word' id='word_1_28' title='bbox 709 890 965 963; x_wconf 77' lang='lat' dir='ltr'><strong>Confregit</strong></span> <span class='ocrx_word' id='word_1_29' title='bbox 990 897 1161 958; x_wconf 86' lang='lat' dir='ltr'><strong>portas</strong></span> <span class='ocrx_word' id='word_1_30' title='bbox 1187 902 1376 951; x_wconf 66' lang='lat' dir='ltr'><strong>cereas;</strong></span> <span class='ocrx_word' id='word_1_31' title='bbox 1400 898 1457 941; x_wconf 91' lang='lat' dir='ltr'><strong>ut</strong></span> <span class='ocrx_word' id='word_1_32' title='bbox 1486 886 1684 940; x_wconf 87' lang='lat' dir='ltr'><strong>inutilis</strong></span> <span class='ocrx_word' id='word_1_33' title='bbox 1701 883 1951 952; x_wconf 84' lang='lat' dir='ltr'><strong>deinceps</strong></span> 
     </span>
    </p>
   </div>
   <div class='ocr_carea' id='block_1_6' title="bbox 366 977 1954 1045">
    <p class='ocr_par' dir='ltr' id='par_1_6' title="bbox 366 977 1954 1045">
     <span class='ocr_line' id='line_1_6' title="bbox 366 977 1954 1045; baseline -0.012 -1"><span class='ocrx_word' id='word_1_34' title='bbox 366 1003 549 1043; x_wconf 80' lang='lat' dir='ltr'><strong>carcer</strong></span> <span class='ocrx_word' id='word_1_35' title='bbox 567 985 806 1041; x_wconf 83' lang='lat' dir='ltr'><strong>fiat.Non</strong></span> <span class='ocrx_word' id='word_1_36' title='bbox 829 980 1048 1036; x_wconf 87' lang='lat' dir='ltr'><strong>abstulit</strong></span> <span class='ocrx_word' id='word_1_37' title='bbox 1068 988 1267 1045; x_wconf 83' lang='lat' dir='ltr'><strong>vectes,</strong></span> <span class='ocrx_word' id='word_1_38' title='bbox 1297 979 1388 1033; x_wconf 90' lang='lat' dir='ltr'><strong>sed</strong></span> <span class='ocrx_word' id='word_1_39' title='bbox 1415 977 1685 1041; x_wconf 91' lang='lat' dir='ltr'><strong>contrivit,</strong></span> <span class='ocrx_word' id='word_1_40' title='bbox 1703 983 1954 1029; x_wconf 88' lang='lat' dir='ltr'><strong>utcusto-</strong></span> 
     </span>
    </p>
   </div>
   <div class='ocr_carea' id='block_1_7' title="bbox 362 1067 1951 1146">
    <p class='ocr_par' dir='ltr' id='par_1_7' title="bbox 362 1067 1951 1146">
     <span class='ocr_line' id='line_1_7' title="bbox 362 1067 1951 1146; baseline -0.011 -10"><span class='ocrx_word' id='word_1_41' title='bbox 362 1081 449 1135; x_wconf 88' lang='lat' dir='ltr'><strong>dia</strong></span> <span class='ocrx_word' id='word_1_42' title='bbox 470 1081 723 1146; x_wconf 91' lang='lat' dir='ltr'><strong>deinceps</strong></span> <span class='ocrx_word' id='word_1_43' title='bbox 743 1076 953 1129; x_wconf 86' lang='lat' dir='ltr'><strong>infirma</strong></span> <span class='ocrx_word' id='word_1_44' title='bbox 979 1070 1263 1125; x_wconf 88' lang='lat' dir='ltr'><strong>reddatur:</strong></span> <span class='ocrx_word' id='word_1_45' title='bbox 1288 1070 1374 1124; x_wconf 91' lang='lat' dir='ltr'><strong>ubi</strong></span> <span class='ocrx_word' id='word_1_46' title='bbox 1399 1084 1571 1139; x_wconf 90' lang='lat' dir='ltr'><strong>neque</strong></span> <span class='ocrx_word' id='word_1_47' title='bbox 1583 1067 1764 1137; x_wconf 93' lang='lat' dir='ltr'><strong>janua,</strong></span> <span class='ocrx_word' id='word_1_48' title='bbox 1781 1080 1951 1134; x_wconf 90' lang='lat' dir='ltr'><strong>neque</strong></span> 
     </span>
    </p>
   </div>
   <div class='ocr_carea' id='block_1_8' title="bbox 371 1154 1951 1236">
    <p class='ocr_par' dir='ltr' id='par_1_8' title="bbox 371 1154 1951 1236">
     <span class='ocr_line' id='line_1_8' title="bbox 371 1154 1951 1236; baseline -0.012 -10"><span class='ocrx_word' id='word_1_49' title='bbox 371 1172 567 1236; x_wconf 88' lang='lat' dir='ltr'><strong>vectis;</strong></span> <span class='ocrx_word' id='word_1_50' title='bbox 595 1177 648 1223; x_wconf 93' lang='lat' dir='ltr'><strong>et</strong></span> <span class='ocrx_word' id='word_1_51' title='bbox 673 1168 797 1222; x_wconf 87' lang='lat' dir='ltr'><strong>licet</strong></span> <span class='ocrx_word' id='word_1_52' title='bbox 826 1163 944 1233; x_wconf 89' lang='lat' dir='ltr'><strong>quis</strong></span> <span class='ocrx_word' id='word_1_53' title='bbox 970 1163 1266 1226; x_wconf 86' lang='lat' dir='ltr'><strong>intret,non</strong></span> <span class='ocrx_word' id='word_1_54' title='bbox 1298 1169 1523 1216; x_wconf 84' lang='lat' dir='ltr'><strong>tenetur.</strong></span> <span class='ocrx_word' id='word_1_55' title='bbox 1544 1154 1769 1224; x_wconf 81' lang='lat' dir='ltr'><strong>Quando</strong></span> <span class='ocrx_word' id='word_1_56' title='bbox 1796 1155 1951 1224; x_wconf 86' lang='lat' dir='ltr'><strong>igitur</strong></span> 
     </span>
    </p>
   </div>
   <div class='ocr_carea' id='block_1_9' title="bbox 364 1247 1949 1324">
    <p class='ocr_par' dir='ltr' id='par_1_9' title="bbox 364 1247 1949 1324">
     <span class='ocr_line' id='line_1_9' title="bbox 364 1247 1949 1324; baseline -0.011 -8"><span class='ocrx_word' id='word_1_57' title='bbox 364 1262 609 1316; x_wconf 79' lang='lat' dir='ltr'><strong>Christus</strong></span> <span class='ocrx_word' id='word_1_58' title='bbox 645 1255 941 1324; x_wconf 89' lang='lat' dir='ltr'><strong>confregit,</strong></span> <span class='ocrx_word' id='word_1_59' title='bbox 966 1253 1084 1323; x_wconf 89' lang='lat' dir='ltr'><strong>quis</strong></span> <span class='ocrx_word' id='word_1_60' title='bbox 1112 1251 1246 1307; x_wconf 89' lang='lat' dir='ltr'><strong>alius</strong></span> <span class='ocrx_word' id='word_1_61' title='bbox 1271 1266 1517 1321; x_wconf 90' lang='lat' dir='ltr'><strong>reparare</strong></span> <span class='ocrx_word' id='word_1_62' title='bbox 1539 1248 1779 1319; x_wconf 86' lang='lat' dir='ltr'><strong>poterit?</strong></span> <span class='ocrx_word' id='word_1_63' title='bbox 1799 1247 1949 1312; x_wconf 83' lang='lat' dir='ltr'><strong>Quod</strong></span> 
     </span>
    </p>
   </div>
   <div class='ocr_carea' id='block_1_10' title="bbox 367 1335 1951 1413">
    <p class='ocr_par' dir='ltr' id='par_1_10' title="bbox 367 1335 1951 1413">
     <span class='ocr_line' id='line_1_10' title="bbox 367 1335 1951 1413; baseline -0.011 -9"><span class='ocrx_word' id='word_1_64' title='bbox 367 1351 510 1404; x_wconf 90' lang='lat' dir='ltr'><strong>enim</strong></span> <span class='ocrx_word' id='word_1_65' title='bbox 538 1350 677 1402; x_wconf 90' lang='lat' dir='ltr'><strong>Deus</strong></span> <span class='ocrx_word' id='word_1_66' title='bbox 700 1352 940 1410; x_wconf 91' lang='lat' dir='ltr'><strong>evertet,</strong></span> <span class='ocrx_word' id='word_1_67' title='bbox 972 1342 1173 1413; x_wconf 90' lang='lat' dir='ltr'><strong>inquit,</strong></span> <span class='ocrx_word' id='word_1_68' title='bbox 1205 1341 1324 1411; x_wconf 92' lang='lat' dir='ltr'><strong>quis</strong></span> <span class='ocrx_word' id='word_1_69' title='bbox 1348 1341 1413 1395; x_wconf 91' lang='lat' dir='ltr'><strong>de</strong></span> <span class='ocrx_word' id='word_1_70' title='bbox 1439 1349 1635 1395; x_wconf 63' lang='lat' dir='ltr'><strong>caetero</strong></span> <span class='ocrx_word' id='word_1_71' title='bbox 1664 1335 1951 1391; x_wconf 82' lang='lat' dir='ltr'><strong>restituet?</strong></span> 
     </span>
    </p>
   </div>
   <div class='ocr_carea' id='block_1_11' title="bbox 369 1424 1949 1509">
    <p class='ocr_par' dir='ltr' id='par_1_11' title="bbox 369 1424 1949 1509">
     <span class='ocr_line' id='line_1_11' title="bbox 369 1424 1949 1509; baseline -0.013 -13"><span class='ocrx_word' id='word_1_72' title='bbox 369 1440 544 1509; x_wconf 78' lang='lat' dir='ltr'><strong>Reges</strong></span> <span class='ocrx_word' id='word_1_73' title='bbox 566 1452 686 1493; x_wconf 90' lang='lat' dir='ltr'><strong>cum</strong></span> <span class='ocrx_word' id='word_1_74' title='bbox 717 1436 921 1490; x_wconf 88' lang='lat' dir='ltr'><strong>vinctos</strong></span> <span class='ocrx_word' id='word_1_75' title='bbox 940 1434 1205 1489; x_wconf 87' lang='lat' dir='ltr'><strong>dimittere</strong></span> <span class='ocrx_word' id='word_1_76' title='bbox 1228 1432 1439 1496; x_wconf 85' lang='lat' dir='ltr'><strong>volunt,</strong></span> <span class='ocrx_word' id='word_1_77' title='bbox 1472 1429 1650 1484; x_wconf 87' lang='lat' dir='ltr'><strong>missis</strong></span> <span class='ocrx_word' id='word_1_78' title='bbox 1677 1424 1915 1495; x_wconf 86' lang='lat' dir='ltr'><strong>epistolis</strong></span> <span class='ocrx_word' id='word_1_79' title='bbox 1934 1466 1949 1489; x_wconf 93' lang='lat'><strong>,</strong></span> 
     </span>
    </p>
   </div>
   <div class='ocr_carea' id='block_1_12' title="bbox 370 1517 1951 1599">
    <p class='ocr_par' dir='ltr' id='par_1_12' title="bbox 370 1517 1951 1599">
     <span class='ocr_line' id='line_1_12' title="bbox 370 1517 1951 1599; baseline -0.01 -13"><span class='ocrx_word' id='word_1_80' title='bbox 370 1546 480 1587; x_wconf 90' lang='lat' dir='ltr'><strong>non</strong></span> <span class='ocrx_word' id='word_1_81' title='bbox 506 1536 577 1584; x_wconf 88' lang='lat' dir='ltr'><strong>ita</strong></span> <span class='ocrx_word' id='word_1_82' title='bbox 618 1536 811 1599; x_wconf 86' lang='lat' dir='ltr'><strong>agunt,</strong></span> <span class='ocrx_word' id='word_1_83' title='bbox 840 1526 931 1582; x_wconf 90' lang='lat' dir='ltr'><strong>sed</strong></span> <span class='ocrx_word' id='word_1_84' title='bbox 965 1536 1070 1581; x_wconf 89' lang='lat' dir='ltr'><strong>tam</strong></span> <span class='ocrx_word' id='word_1_85' title='bbox 1110 1525 1273 1589; x_wconf 86' lang='lat' dir='ltr'><strong>fores,</strong></span> <span class='ocrx_word' id='word_1_86' title='bbox 1300 1539 1457 1594; x_wconf 82' lang='lat' dir='ltr'><strong>quam</strong></span> <span class='ocrx_word' id='word_1_87' title='bbox 1505 1519 1756 1576; x_wconf 85' lang='lat' dir='ltr'><strong>custodes</strong></span> <span class='ocrx_word' id='word_1_88' title='bbox 1784 1517 1951 1571; x_wconf 86' lang='lat' dir='ltr'><strong>relin-</strong></span> 
     </span>
    </p>
   </div>
   <div class='ocr_carea' id='block_1_13' title="bbox 372 1609 1949 1692">
    <p class='ocr_par' dir='ltr' id='par_1_13' title="bbox 372 1609 1949 1692">
     <span class='ocr_line' id='line_1_13' title="bbox 372 1609 1949 1692; baseline -0.01 -16"><span class='ocrx_word' id='word_1_89' title='bbox 372 1630 540 1692; x_wconf 91' lang='lat' dir='ltr'><strong>quunt</strong></span> <span class='ocrx_word' id='word_1_90' title='bbox 559 1662 572 1686; x_wconf 93' lang='lat'><strong>,</strong></span> <span class='ocrx_word' id='word_1_91' title='bbox 602 1630 659 1674; x_wconf 93' lang='lat' dir='ltr'><strong>ut</strong></span> <span class='ocrx_word' id='word_1_92' title='bbox 694 1619 1009 1685; x_wconf 89' lang='lat' dir='ltr'><strong>ostendant,</strong></span> <span class='ocrx_word' id='word_1_93' title='bbox 1037 1632 1103 1672; x_wconf 89' lang='lat' dir='ltr'><strong>eo</strong></span> <span class='ocrx_word' id='word_1_94' title='bbox 1134 1616 1313 1671; x_wconf 89' lang='lat' dir='ltr'><strong>denuo</strong></span> <span class='ocrx_word' id='word_1_95' title='bbox 1358 1609 1764 1682; x_wconf 87' lang='lat' dir='ltr'><strong>ingrediendum</strong></span> <span class='ocrx_word' id='word_1_96' title='bbox 1792 1622 1911 1663; x_wconf 86' lang='lat' dir='ltr'><strong>esse</strong></span> <span class='ocrx_word' id='word_1_97' title='bbox 1934 1648 1949 1673; x_wconf 95' lang='lat'><strong>,</strong></span> 
     </span>
    </p>
   </div>
   <div class='ocr_carea' id='block_1_14' title="bbox 371 1696 1949 1780">
    <p class='ocr_par' dir='ltr' id='par_1_14' title="bbox 371 1696 1949 1780">
     <span class='ocr_line' id='line_1_14' title="bbox 371 1696 1949 1780; baseline -0.013 -11"><span class='ocrx_word' id='word_1_98' title='bbox 371 1714 455 1769; x_wconf 83' lang='lat' dir='ltr'><strong>vel</strong></span> <span class='ocrx_word' id='word_1_99' title='bbox 488 1712 610 1775; x_wconf 88' lang='lat' dir='ltr'><strong>illis,</strong></span> <span class='ocrx_word' id='word_1_100' title='bbox 637 1711 722 1780; x_wconf 91' lang='lat' dir='ltr'><strong>qui</strong></span> <span class='ocrx_word' id='word_1_101' title='bbox 737 1711 844 1778; x_wconf 89' lang='lat' dir='ltr'><strong>jam</strong></span> <span class='ocrx_word' id='word_1_102' title='bbox 873 1709 1022 1763; x_wconf 86' lang='lat' dir='ltr'><strong>liberi</strong></span> <span class='ocrx_word' id='word_1_103' title='bbox 1045 1708 1317 1767; x_wconf 89' lang='lat' dir='ltr'><strong>abierunt,</strong></span> <span class='ocrx_word' id='word_1_104' title='bbox 1344 1704 1427 1758; x_wconf 93' lang='lat' dir='ltr'><strong>vel</strong></span> <span class='ocrx_word' id='word_1_105' title='bbox 1463 1704 1580 1756; x_wconf 91' lang='lat' dir='ltr'><strong>loco</strong></span> <span class='ocrx_word' id='word_1_106' title='bbox 1599 1713 1785 1754; x_wconf 90' lang='lat' dir='ltr'><strong>eorum</strong></span> <span class='ocrx_word' id='word_1_107' title='bbox 1811 1696 1949 1751; x_wconf 81' lang='lat' dir='ltr'><strong>aliis.</strong></span> 
     </span>
    </p>
   </div>
   <div class='ocr_carea' id='block_1_15' title="bbox 370 1790 1952 1865">
    <p class='ocr_par' dir='ltr' id='par_1_15' title="bbox 370 1790 1952 1865">
     <span class='ocr_line' id='line_1_15' title="bbox 370 1790 1952 1865; baseline -0.013 -5"><span class='ocrx_word' id='word_1_108' title='bbox 370 1803 487 1861; x_wconf 82' lang='lat' dir='ltr'><strong>Non</strong></span> <span class='ocrx_word' id='word_1_109' title='bbox 532 1805 601 1856; x_wconf 93' lang='lat' dir='ltr'><strong>ita</strong></span> <span class='ocrx_word' id='word_1_110' title='bbox 644 1801 920 1865; x_wconf 81' lang='lat' dir='ltr'><strong>Christus,</strong></span> <span class='ocrx_word' id='word_1_111' title='bbox 949 1796 1043 1853; x_wconf 90' lang='lat' dir='ltr'><strong>sed</strong></span> <span class='ocrx_word' id='word_1_112' title='bbox 1084 1796 1453 1850; x_wconf 89' lang='lat' dir='ltr'><strong>demonstrare</strong></span> <span class='ocrx_word' id='word_1_113' title='bbox 1492 1790 1679 1846; x_wconf 88' lang='lat' dir='ltr'><strong>volens</strong></span> <span class='ocrx_word' id='word_1_114' title='bbox 1725 1796 1952 1843; x_wconf 89' lang='lat' dir='ltr'><strong>mortem</strong></span> 
     </span>
    </p>
   </div>
   <div class='ocr_carea' id='block_1_16' title="bbox 367 1880 1954 1967">
    <p class='ocr_par' dir='ltr' id='par_1_16' title="bbox 367 1880 1954 1967">
     <span class='ocr_line' id='line_1_16' title="bbox 367 1880 1954 1967; baseline -0.012 -16"><span class='ocrx_word' id='word_1_115' title='bbox 367 1899 476 1967; x_wconf 90' lang='lat' dir='ltr'><strong>jam</strong></span> <span class='ocrx_word' id='word_1_116' title='bbox 498 1895 563 1949; x_wconf 91' lang='lat' dir='ltr'><strong>ad</strong></span> <span class='ocrx_word' id='word_1_117' title='bbox 591 1894 748 1947; x_wconf 87' lang='lat' dir='ltr'><strong>finem</strong></span> <span class='ocrx_word' id='word_1_118' title='bbox 787 1898 1092 1956; x_wconf 88' lang='lat' dir='ltr'><strong>metamque</strong></span> <span class='ocrx_word' id='word_1_119' title='bbox 1121 1886 1458 1956; x_wconf 86' lang='lat' dir='ltr'><strong>pervenisse,</strong></span> <span class='ocrx_word' id='word_1_120' title='bbox 1491 1897 1659 1939; x_wconf 65' lang='lat' dir='ltr'><strong>aereas</strong></span> <span class='ocrx_word' id='word_1_121' title='bbox 1685 1880 1802 1951; x_wconf 91' lang='lat' dir='ltr'><strong>ejus</strong></span> <span class='ocrx_word' id='word_1_122' title='bbox 1826 1894 1954 1948; x_wconf 86' lang='lat' dir='ltr'><strong>por-</strong></span> 
     </span>
    </p>
   </div>
   <div class='ocr_carea' id='block_1_17' title="bbox 371 1972 1957 2053">
    <p class='ocr_par' dir='ltr' id='par_1_17' title="bbox 371 1972 1957 2053">
     <span class='ocr_line' id='line_1_17' title="bbox 371 1972 1957 2053; baseline -0.011 -10"><span class='ocrx_word' id='word_1_123' title='bbox 371 1997 453 2043; x_wconf 89' lang='lat' dir='ltr'><strong>tas</strong></span> <span class='ocrx_word' id='word_1_124' title='bbox 479 1985 737 2053; x_wconf 83' lang='lat' dir='ltr'><strong>confregit</strong></span> <span class='ocrx_word' id='word_1_125' title='bbox 761 1999 775 2033; x_wconf 89' lang='lat'><strong>:</strong></span> <span class='ocrx_word' id='word_1_126' title='bbox 798 1993 967 2034; x_wconf 69' lang='lat' dir='ltr'><strong>terens</strong></span> <span class='ocrx_word' id='word_1_127' title='bbox 997 1992 1123 2032; x_wconf 89' lang='lat' dir='ltr'><strong>vero</strong></span> <span class='ocrx_word' id='word_1_128' title='bbox 1153 1976 1464 2042; x_wconf 81' lang='lat' dir='ltr'><strong>nominavit,</strong></span> <span class='ocrx_word' id='word_1_129' title='bbox 1494 1990 1598 2029; x_wconf 91' lang='lat' dir='ltr'><strong>non</strong></span> <span class='ocrx_word' id='word_1_130' title='bbox 1626 1972 1767 2044; x_wconf 92' lang='lat' dir='ltr'><strong>quod</strong></span> <span class='ocrx_word' id='word_1_131' title='bbox 1790 1980 1957 2043; x_wconf 63' lang='lat' dir='ltr'><strong>porta;</strong></span> 
     </span>
    </p>
   </div>
   <div class='ocr_carea' id='block_1_18' title="bbox 372 2054 1954 2134">
    <p class='ocr_par' dir='ltr' id='par_1_18' title="bbox 372 2054 1954 2134">
     <span class='ocr_line' id='line_1_18' title="bbox 372 2054 1954 2134; baseline -0.011 0"><span class='ocrx_word' id='word_1_132' title='bbox 372 2079 475 2134; x_wconf 69' lang='lat' dir='ltr'><strong>illa:</strong></span> <span class='ocrx_word' id='word_1_133' title='bbox 503 2092 568 2132; x_wconf 89' lang='lat' dir='ltr'><strong>ex</strong></span> <span class='ocrx_word' id='word_1_134' title='bbox 609 2089 717 2129; x_wconf 71' lang='lat' dir='ltr'><strong>tere</strong></span> <span class='ocrx_word' id='word_1_135' title='bbox 746 2073 852 2126; x_wconf 90' lang='lat' dir='ltr'><strong>sint</strong></span> <span class='ocrx_word' id='word_1_136' title='bbox 890 2068 1219 2133; x_wconf 65' lang='lat' dir='ltr'><strong>fabrefacta,</strong></span> <span class='ocrx_word' id='word_1_137' title='bbox 1248 2067 1342 2123; x_wconf 86' lang='lat' dir='ltr'><strong>sed</strong></span> <span class='ocrx_word' id='word_1_138' title='bbox 1368 2075 1425 2122; x_wconf 93' lang='lat' dir='ltr'><strong>ut</strong></span> <span class='ocrx_word' id='word_1_139' title='bbox 1453 2067 1747 2122; x_wconf 88' lang='lat' dir='ltr'><strong>declararet</strong></span> <span class='ocrx_word' id='word_1_140' title='bbox 1762 2054 1954 2119; x_wconf 47' lang='lat' dir='ltr'><strong>&#39;immi-</strong></span> 
     </span>
    </p>
   </div>
   <div class='ocr_carea' id='block_1_19' title="bbox 372 2156 1956 2224">
    <p class='ocr_par' dir='ltr' id='par_1_19' title="bbox 372 2156 1956 2224">
     <span class='ocr_line' id='line_1_19' title="bbox 372 2156 1956 2224; baseline -0.011 0"><span class='ocrx_word' id='word_1_141' title='bbox 372 2178 479 2224; x_wconf 89' lang='lat' dir='ltr'><strong>tem</strong></span> <span class='ocrx_word' id='word_1_142' title='bbox 507 2167 649 2220; x_wconf 83' lang='lat' dir='ltr'><strong>illam</strong></span> <span class='ocrx_word' id='word_1_143' title='bbox 679 2172 733 2218; x_wconf 90' lang='lat' dir='ltr'><strong>et</strong></span> <span class='ocrx_word' id='word_1_144' title='bbox 761 2160 1140 2217; x_wconf 83' lang='lat' dir='ltr'><strong>inexorabilem</strong></span> <span class='ocrx_word' id='word_1_145' title='bbox 1181 2158 1368 2211; x_wconf 89' lang='lat' dir='ltr'><strong>mortis</strong></span> <span class='ocrx_word' id='word_1_146' title='bbox 1387 2158 1778 2211; x_wconf 84' lang='lat' dir='ltr'><strong>necessitatem.</strong></span> <span class='ocrx_word' id='word_1_147' title='bbox 1811 2156 1875 2209; x_wconf 86' lang='lat' dir='ltr'><strong>Et</strong></span> <span class='ocrx_word' id='word_1_148' title='bbox 1898 2164 1956 2207; x_wconf 91' lang='lat' dir='ltr'><strong>ut</strong></span> 
     </span>
    </p>
   </div>
   <div class='ocr_carea' id='block_1_20' title="bbox 373 2243 1953 2326">
    <p class='ocr_par' dir='ltr' id='par_1_20' title="bbox 373 2243 1953 2326">
     <span class='ocr_line' id='line_1_20' title="bbox 373 2243 1953 2326; baseline -0.011 -12"><span class='ocrx_word' id='word_1_149' title='bbox 373 2258 658 2326; x_wconf 86' lang='lat' dir='ltr'><strong>intelligas,</strong></span> <span class='ocrx_word' id='word_1_150' title='bbox 686 2264 791 2308; x_wconf 90' lang='lat' dir='ltr'><strong>tam</strong></span> <span class='ocrx_word' id='word_1_151' title='bbox 821 2266 895 2307; x_wconf 76' lang='lat' dir='ltr'><strong>aes</strong></span> <span class='ocrx_word' id='word_1_152' title='bbox 920 2264 1077 2320; x_wconf 88' lang='lat' dir='ltr'><strong>quam</strong></span> <span class='ocrx_word' id='word_1_153' title='bbox 1100 2248 1299 2303; x_wconf 89' lang='lat' dir='ltr'><strong>ferrum</strong></span> <span class='ocrx_word' id='word_1_154' title='bbox 1324 2247 1624 2316; x_wconf 83' lang='lat' dir='ltr'><strong>significare</strong></span> <span class='ocrx_word' id='word_1_155' title='bbox 1649 2245 1787 2300; x_wconf 87' lang='lat' dir='ltr'><strong>idem</strong></span> <span class='ocrx_word' id='word_1_156' title='bbox 1814 2243 1953 2315; x_wconf 90' lang='lat' dir='ltr'><strong>quod</strong></span> 
     </span>
    </p>
   </div>
   <div class='ocr_carea' id='block_1_21' title="bbox 371 2337 1955 2422">
    <p class='ocr_par' dir='ltr' id='par_1_21' title="bbox 371 2337 1955 2422">
     <span class='ocr_line' id='line_1_21' title="bbox 371 2337 1955 2422; baseline -0.011 -15"><span class='ocrx_word' id='word_1_157' title='bbox 371 2351 596 2422; x_wconf 89' lang='lat' dir='ltr'><strong>rigidum</strong></span> <span class='ocrx_word' id='word_1_158' title='bbox 623 2356 679 2403; x_wconf 91' lang='lat' dir='ltr'><strong>et</strong></span> <span class='ocrx_word' id='word_1_159' title='bbox 719 2344 1036 2407; x_wconf 80' lang='lat' dir='ltr'><strong>inﬂexibile,</strong></span> <span class='ocrx_word' id='word_1_160' title='bbox 1065 2340 1185 2397; x_wconf 91' lang='lat' dir='ltr'><strong>audi</strong></span> <span class='ocrx_word' id='word_1_161' title='bbox 1216 2338 1343 2411; x_wconf 91' lang='lat' dir='ltr'><strong>quid</strong></span> <span class='ocrx_word' id='word_1_162' title='bbox 1372 2339 1439 2394; x_wconf 93' lang='lat' dir='ltr'><strong>ad</strong></span> <span class='ocrx_word' id='word_1_163' title='bbox 1467 2337 1751 2409; x_wconf 82' lang='lat' dir='ltr'><strong>quemdam</strong></span> <span class='ocrx_word' id='word_1_164' title='bbox 1781 2337 1955 2405; x_wconf 88' lang='lat' dir='ltr'><strong>impu-</strong></span> 
     </span>
    </p>
   </div>
   <div class='ocr_carea' id='block_1_22' title="bbox 372 2428 1959 2500">
    <p class='ocr_par' dir='ltr' id='par_1_22' title="bbox 372 2428 1959 2500">
     <span class='ocr_line' id='line_1_22' title="bbox 372 2428 1959 2500; baseline -0.013 -1"><span class='ocrx_word' id='word_1_165' title='bbox 372 2444 585 2499; x_wconf 86' lang='lat' dir='ltr'><strong>dentem</strong></span> <span class='ocrx_word' id='word_1_166' title='bbox 632 2439 770 2494; x_wconf 89' lang='lat' dir='ltr'><strong>Deus</strong></span> <span class='ocrx_word' id='word_1_167' title='bbox 816 2436 959 2491; x_wconf 89' lang='lat' dir='ltr'><strong>dicat</strong></span> <span class='ocrx_word' id='word_1_168' title='bbox 990 2452 1003 2489; x_wconf 90' lang='lat'><strong>:</strong></span> <span class='ocrx_word' id='word_1_169' title='bbox 1034 2432 1236 2487; x_wconf 87' lang='lat' dir='ltr'><strong>Nervus</strong></span> <span class='ocrx_word' id='word_1_170' title='bbox 1279 2431 1504 2500; x_wconf 79' lang='lat' dir='ltr'><strong>ferreus,</strong></span> <span class='ocrx_word' id='word_1_171' title='bbox 1537 2428 1704 2482; x_wconf 69' lang='lat' dir='ltr'><strong>cervix</strong></span> <span class='ocrx_word' id='word_1_172' title='bbox 1748 2436 1868 2492; x_wconf 90' lang='lat' dir='ltr'><strong>tua,</strong></span> <span class='ocrx_word' id='word_1_173' title='bbox 1912 2436 1959 2479; x_wconf 89' lang='lat' dir='ltr'><strong>et</strong></span> 
     </span>
    </p>
   </div>
   <div class='ocr_carea' id='block_1_23' title="bbox 373 2515 1960 2605">
    <p class='ocr_par' dir='ltr' id='par_1_23' title="bbox 373 2515 1960 2605">
     <span class='ocr_line' id='line_1_23' title="bbox 373 2515 1960 2605; baseline -0.012 -17"><span class='ocrx_word' id='word_1_174' title='bbox 373 2536 512 2605; x_wconf 75' lang='lat' dir='ltr'><strong>frons</strong></span> <span class='ocrx_word' id='word_1_175' title='bbox 559 2541 647 2585; x_wconf 89' lang='lat' dir='ltr'><strong>tua</strong></span> <span class='ocrx_word' id='word_1_176' title='bbox 690 2544 821 2584; x_wconf 74' lang='lat' dir='ltr'><strong>terea</strong></span> <span class='ocrx_word' id='word_1_177' title='bbox 851 2529 868 2598; x_wconf 89' lang='lat'>(</span> <span class='ocrx_word' id='word_1_178' title='bbox 898 2525 1022 2581; x_wconf 86' lang='lat' dir='ltr'><strong>Isai.</strong></span> <span class='ocrx_word' id='word_1_179' title='bbox 1055 2524 1143 2580; x_wconf 71' lang='lat'><strong>48.</strong></span> <span class='ocrx_word' id='word_1_180' title='bbox 1177 2521 1271 2594; x_wconf 74' lang='grc' dir='ltr'><strong>ι).</strong></span> <span class='ocrx_word' id='word_1_181' title='bbox 1307 2522 1419 2576; x_wconf 88' lang='lat' dir='ltr'><strong>lloc</strong></span> <span class='ocrx_word' id='word_1_182' title='bbox 1463 2520 1634 2585; x_wconf 90' lang='lat' dir='ltr'><strong>dixit,</strong></span> <span class='ocrx_word' id='word_1_183' title='bbox 1663 2532 1768 2571; x_wconf 88' lang='lat' dir='ltr'><strong>non</strong></span> <span class='ocrx_word' id='word_1_184' title='bbox 1816 2515 1960 2585; x_wconf 93' lang='lat' dir='ltr'><strong>quod</strong></span> 
     </span>
    </p>
   </div>
   <div class='ocr_carea' id='block_1_24' title="bbox 371 2607 1958 2683">
    <p class='ocr_par' dir='ltr' id='par_1_24' title="bbox 371 2607 1958 2683">
     <span class='ocr_line' id='line_1_24' title="bbox 371 2607 1958 2683; baseline -0.013 -3"><span class='ocrx_word' id='word_1_185' title='bbox 371 2639 564 2681; x_wconf 71' lang='lat' dir='ltr'><strong>mream</strong></span> <span class='ocrx_word' id='word_1_186' title='bbox 591 2622 818 2677; x_wconf 87' lang='lat' dir='ltr'><strong>frontem</strong></span> <span class='ocrx_word' id='word_1_187' title='bbox 847 2618 1091 2673; x_wconf 89' lang='lat' dir='ltr'><strong>habuerit</strong></span> <span class='ocrx_word' id='word_1_188' title='bbox 1115 2632 1130 2681; x_wconf 89' lang='lat'><strong>;</strong></span> <span class='ocrx_word' id='word_1_189' title='bbox 1159 2613 1253 2669; x_wconf 91' lang='lat' dir='ltr'><strong>sed</strong></span> <span class='ocrx_word' id='word_1_190' title='bbox 1286 2613 1405 2683; x_wconf 87' lang='lat' dir='ltr'><strong>quia</strong></span> <span class='ocrx_word' id='word_1_191' title='bbox 1429 2608 1816 2680; x_wconf 83' lang='lat' dir='ltr'><strong>implacabilem</strong></span> <span class='ocrx_word' id='word_1_192' title='bbox 1842 2607 1958 2663; x_wconf 88' lang='lat' dir='ltr'><strong>vul-</strong></span> 
     </span>
    </p>
   </div>
   <div class='ocr_carea' id='block_1_25' title="bbox 374 2702 1957 2783">
    <p class='ocr_par' dir='ltr' id='par_1_25' title="bbox 374 2702 1957 2783">
     <span class='ocr_line' id='line_1_25' title="bbox 374 2702 1957 2783; baseline -0.011 -10"><span class='ocrx_word' id='word_1_193' title='bbox 374 2728 483 2773; x_wconf 87' lang='lat' dir='ltr'><strong>tum</strong></span> <span class='ocrx_word' id='word_1_194' title='bbox 512 2726 566 2771; x_wconf 86' lang='lat' dir='ltr'><strong>et</strong></span> <span class='ocrx_word' id='word_1_195' title='bbox 606 2713 964 2783; x_wconf 79' lang='lat' dir='ltr'><strong>impudentem</strong></span> <span class='ocrx_word' id='word_1_196' title='bbox 1000 2719 1053 2764; x_wconf 91' lang='lat' dir='ltr'><strong>et</strong></span> <span class='ocrx_word' id='word_1_197' title='bbox 1100 2708 1357 2762; x_wconf 88' lang='lat' dir='ltr'><strong>immitem</strong></span> <span class='ocrx_word' id='word_1_198' title='bbox 1386 2705 1587 2758; x_wconf 89' lang='lat' dir='ltr'><strong>habuit.</strong></span> <span class='ocrx_word' id='word_1_199' title='bbox 1616 2702 1707 2757; x_wconf 89' lang='lat' dir='ltr'><strong>Vis</strong></span> <span class='ocrx_word' id='word_1_200' title='bbox 1750 2702 1957 2757; x_wconf 89' lang='lat' dir='ltr'><strong>discere</strong></span> 
     </span>
    </p>
   </div>
   <div class='ocr_carea' id='block_1_26' title="bbox 373 2791 1958 2880">
    <p class='ocr_par' dir='ltr' id='par_1_26' title="bbox 373 2791 1958 2880">
     <span class='ocr_line' id='line_1_26' title="bbox 373 2791 1958 2880; baseline -0.013 -17"><span class='ocrx_word' id='word_1_201' title='bbox 373 2806 640 2880; x_wconf 88' lang='lat' dir='ltr'><strong>quomodo</strong></span> <span class='ocrx_word' id='word_1_202' title='bbox 672 2805 831 2858; x_wconf 86' lang='lat' dir='ltr'><strong>fueris</strong></span> <span class='ocrx_word' id='word_1_203' title='bbox 863 2798 1246 2869; x_wconf 88' lang='lat' dir='ltr'><strong>implacabilis,</strong></span> <span class='ocrx_word' id='word_1_204' title='bbox 1278 2795 1618 2861; x_wconf 74' lang='lat' dir='ltr'><strong>inﬂexibilis,</strong></span> <span class='ocrx_word' id='word_1_205' title='bbox 1660 2801 1715 2848; x_wconf 89' lang='lat' dir='ltr'><strong>et</strong></span> <span class='ocrx_word' id='word_1_206' title='bbox 1753 2791 1958 2862; x_wconf 72' lang='lat' dir='ltr'><strong>ipsissi-</strong></span> 
     </span>
    </p>
   </div>
   <div class='ocr_carea' id='block_1_27' title="bbox 375 2883 1957 2959">
    <p class='ocr_par' dir='ltr' id='par_1_27' title="bbox 375 2883 1957 2959">
     <span class='ocr_line' id='line_1_27' title="bbox 375 2883 1957 2959; baseline -0.013 -4"><span class='ocrx_word' id='word_1_207' title='bbox 375 2914 494 2955; x_wconf 91' lang='lat' dir='ltr'><strong>mus</strong></span> <span class='ocrx_word' id='word_1_208' title='bbox 538 2895 793 2951; x_wconf 80' lang='lat' dir='ltr'><strong>adamas?</strong></span> <span class='ocrx_word' id='word_1_209' title='bbox 822 2892 993 2946; x_wconf 87' lang='lat' dir='ltr'><strong>Tanto</strong></span> <span class='ocrx_word' id='word_1_210' title='bbox 1019 2898 1258 2959; x_wconf 90' lang='lat' dir='ltr'><strong>tempore</strong></span> <span class='ocrx_word' id='word_1_211' title='bbox 1284 2902 1442 2942; x_wconf 90' lang='lat' dir='ltr'><strong>nemo</strong></span> <span class='ocrx_word' id='word_1_212' title='bbox 1477 2899 1727 2954; x_wconf 86' lang='lat' dir='ltr'><strong>umquam</strong></span> <span class='ocrx_word' id='word_1_213' title='bbox 1757 2883 1806 2938; x_wconf 94' lang='lat' dir='ltr'><strong>ei</strong></span> <span class='ocrx_word' id='word_1_214' title='bbox 1836 2898 1957 2950; x_wconf 89' lang='lat' dir='ltr'><strong>per-</strong></span> 
     </span>
    </p>
   </div>
   <div class='ocr_carea' id='block_1_28' title="bbox 372 2973 1957 3056">
    <p class='ocr_par' dir='ltr' id='par_1_28' title="bbox 372 2973 1957 3056">
     <span class='ocr_line' id='line_1_28' title="bbox 372 2973 1957 3056; baseline -0.011 -11"><span class='ocrx_word' id='word_1_215' title='bbox 372 2989 598 3044; x_wconf 79' lang='lat' dir='ltr'><strong>suadere</strong></span> <span class='ocrx_word' id='word_1_216' title='bbox 627 2985 824 3056; x_wconf 93' lang='lat' dir='ltr'><strong>potuit,</strong></span> <span class='ocrx_word' id='word_1_217' title='bbox 853 2991 907 3036; x_wconf 92' lang='lat' dir='ltr'><strong>ut</strong></span> <span class='ocrx_word' id='word_1_218' title='bbox 938 2993 1261 3052; x_wconf 90' lang='lat' dir='ltr'><strong>quemquam</strong></span> <span class='ocrx_word' id='word_1_219' title='bbox 1289 2993 1355 3033; x_wconf 89' lang='lat' dir='ltr'><strong>ex</strong></span> <span class='ocrx_word' id='word_1_220' title='bbox 1382 2976 1488 3031; x_wconf 90' lang='lat' dir='ltr'><strong>illis</strong></span> <span class='ocrx_word' id='word_1_221' title='bbox 1506 3017 1521 3041; x_wconf 93' lang='lat'><strong>,</strong></span> <span class='ocrx_word' id='word_1_222' title='bbox 1559 2990 1691 3045; x_wconf 91' lang='lat' dir='ltr'><strong>quos</strong></span> <span class='ocrx_word' id='word_1_223' title='bbox 1720 2973 1957 3043; x_wconf 83' lang='lat' dir='ltr'><strong>captivos</strong></span> 
     </span>
    </p>
   </div>
   <div class='ocr_carea' id='block_1_29' title="bbox 373 3064 1960 3142">
    <p class='ocr_par' dir='ltr' id='par_1_29' title="bbox 373 3064 1960 3142">
     <span class='ocr_line' id='line_1_29' title="bbox 373 3064 1960 3142; baseline -0.013 -5"><span class='ocrx_word' id='word_1_224' title='bbox 373 3082 608 3142; x_wconf 88' lang='lat' dir='ltr'><strong>tenebat,</strong></span> <span class='ocrx_word' id='word_1_225' title='bbox 630 3077 954 3138; x_wconf 87' lang='lat' dir='ltr'><strong>dimitteret;</strong></span> <span class='ocrx_word' id='word_1_226' title='bbox 982 3070 1330 3142; x_wconf 86' lang='lat' dir='ltr'><strong>quoadusque</strong></span> <span class='ocrx_word' id='word_1_227' title='bbox 1357 3068 1671 3137; x_wconf 83' lang='lat' dir='ltr'><strong>angelorum</strong></span> <span class='ocrx_word' id='word_1_228' title='bbox 1704 3064 1960 3119; x_wconf 87' lang='lat' dir='ltr'><strong>Dominus</strong></span> 
     </span>
    </p>
   </div>
   <div class='ocr_carea' id='block_1_30' title="bbox 374 3155 1959 3231">
    <p class='ocr_par' dir='ltr' id='par_1_30' title="bbox 374 3155 1959 3231">
     <span class='ocr_line' id='line_1_30' title="bbox 374 3155 1959 3231; baseline -0.014 -2"><span class='ocrx_word' id='word_1_229' title='bbox 374 3188 441 3228; x_wconf 92' lang='lat' dir='ltr'><strong>eo</strong></span> <span class='ocrx_word' id='word_1_230' title='bbox 467 3167 799 3226; x_wconf 89' lang='lat' dir='ltr'><strong>descendens</strong></span> <span class='ocrx_word' id='word_1_231' title='bbox 818 3208 832 3231; x_wconf 90' lang='lat'><strong>,</strong></span> <span class='ocrx_word' id='word_1_232' title='bbox 856 3180 977 3220; x_wconf 91' lang='lat' dir='ltr'><strong>eum</strong></span> <span class='ocrx_word' id='word_1_233' title='bbox 1005 3163 1057 3217; x_wconf 88' lang='lat' dir='ltr'><strong>vi</strong></span> <span class='ocrx_word' id='word_1_234' title='bbox 1084 3177 1176 3215; x_wconf 89' lang='lat' dir='ltr'><strong>sua</strong></span> <span class='ocrx_word' id='word_1_235' title='bbox 1203 3159 1399 3230; x_wconf 84' lang='lat' dir='ltr'><strong>coegit.</strong></span> <span class='ocrx_word' id='word_1_236' title='bbox 1422 3158 1554 3215; x_wconf 86' lang='lat' dir='ltr'><strong>Nam</strong></span> <span class='ocrx_word' id='word_1_237' title='bbox 1582 3157 1811 3227; x_wconf 90' lang='lat' dir='ltr'><strong>primum</strong></span> <span class='ocrx_word' id='word_1_238' title='bbox 1838 3155 1959 3225; x_wconf 92' lang='lat' dir='ltr'><strong>qui-</strong></span> 
     </span>
    </p>
   </div>
   <div class='ocr_carea' id='block_1_31' title="bbox 370 3249 1961 3330">
    <p class='ocr_par' dir='ltr' id='par_1_31' title="bbox 370 3249 1961 3330">
     <span class='ocr_line' id='line_1_31' title="bbox 370 3249 1961 3330; baseline -0.011 -11"><span class='ocrx_word' id='word_1_239' title='bbox 370 3264 491 3319; x_wconf 90' lang='lat' dir='ltr'><strong>dem</strong></span> <span class='ocrx_word' id='word_1_240' title='bbox 516 3260 749 3330; x_wconf 82' lang='lat' dir='ltr'><strong>alligavit</strong></span> <span class='ocrx_word' id='word_1_241' title='bbox 773 3256 986 3319; x_wconf 88' lang='lat' dir='ltr'><strong>fortem,</strong></span> <span class='ocrx_word' id='word_1_242' title='bbox 1003 3264 1057 3309; x_wconf 93' lang='lat' dir='ltr'><strong>et</strong></span> <span class='ocrx_word' id='word_1_243' title='bbox 1080 3262 1206 3308; x_wconf 93' lang='lat' dir='ltr'><strong>tunc</strong></span> <span class='ocrx_word' id='word_1_244' title='bbox 1222 3266 1347 3307; x_wconf 90' lang='lat' dir='ltr'><strong>vasa</strong></span> <span class='ocrx_word' id='word_1_245' title='bbox 1369 3251 1486 3321; x_wconf 88' lang='lat' dir='ltr'><strong>ejus</strong></span> <span class='ocrx_word' id='word_1_246' title='bbox 1510 3249 1766 3320; x_wconf 89' lang='lat' dir='ltr'><strong>diripuit:</strong></span> <span class='ocrx_word' id='word_1_247' title='bbox 1795 3261 1961 3319; x_wconf 88' lang='lat' dir='ltr'><strong>quare</strong></span> 
     </span>
    </p>
   </div>
   <div class='ocr_carea' id='block_1_32' title="bbox 370 3337 1953 3421">
    <p class='ocr_par' dir='ltr' id='par_1_32' title="bbox 370 3337 1953 3421">
     <span class='ocr_line' id='line_1_32' title="bbox 370 3337 1953 3421; baseline -0.012 -11"><span class='ocrx_word' id='word_1_248' title='bbox 370 3363 427 3410; x_wconf 88' lang='lat' dir='ltr'><strong>et</strong></span> <span class='ocrx_word' id='word_1_249' title='bbox 449 3351 688 3421; x_wconf 88' lang='lat' dir='ltr'><strong>adjungit</strong></span> <span class='ocrx_word' id='word_1_250' title='bbox 715 3367 730 3402; x_wconf 88' lang='lat'><strong>:</strong></span> <span class='ocrx_word' id='word_1_251' title='bbox 760 3347 1047 3402; x_wconf 68' lang='lat' dir='ltr'><strong>Thesauro:</strong></span> <span class='ocrx_word' id='word_1_252' title='bbox 1069 3343 1401 3399; x_wconf 79' lang='lat' dir='ltr'><strong>tenebricosos</strong></span> <span class='ocrx_word' id='word_1_253' title='bbox 1423 3382 1438 3405; x_wconf 90' lang='lat'><strong>,</strong></span> <span class='ocrx_word' id='word_1_254' title='bbox 1481 3340 1748 3395; x_wconf 78' lang='lat' dir='ltr'><strong>invisibiles</strong></span> <span class='ocrx_word' id='word_1_255' title='bbox 1788 3342 1805 3407; x_wconf 95' lang='lat'>(</span> <span class='ocrx_word' id='word_1_256' title='bbox 1827 3337 1953 3392; x_wconf 85' lang='lat' dir='ltr'><strong>Isai.</strong></span> 
     </span>
    </p>
   </div>
   <div class='ocr_carea' id='block_1_33' title="bbox 372 3430 1961 3513">
    <p class='ocr_par' dir='ltr' id='par_1_33' title="bbox 372 3430 1961 3513">
     <span class='ocr_line' id='line_1_33' title="bbox 372 3430 1961 3513; baseline -0.011 -13"><span class='ocrx_word' id='word_1_257' title='bbox 372 3446 459 3500; x_wconf 63' lang='lat' dir='ltr'><strong>b5.</strong></span> <span class='ocrx_word' id='word_1_258' title='bbox 493 3444 569 3513; x_wconf 79' lang='grc'><strong>5).</strong></span> <span class='ocrx_word' id='word_1_259' title='bbox 606 3440 755 3495; x_wconf 86' lang='lat' dir='ltr'><strong>Licet</strong></span> <span class='ocrx_word' id='word_1_260' title='bbox 782 3438 982 3492; x_wconf 91' lang='lat' dir='ltr'><strong>dictum</strong></span> <span class='ocrx_word' id='word_1_261' title='bbox 1012 3436 1113 3489; x_wconf 92' lang='lat' dir='ltr'><strong>hoc</strong></span> <span class='ocrx_word' id='word_1_262' title='bbox 1142 3434 1367 3503; x_wconf 89' lang='lat' dir='ltr'><strong>simplex</strong></span> <span class='ocrx_word' id='word_1_263' title='bbox 1411 3432 1481 3485; x_wconf 89' lang='lat' dir='ltr'><strong>sit</strong></span> <span class='ocrx_word' id='word_1_264' title='bbox 1504 3472 1518 3495; x_wconf 88' lang='lat'><strong>,</strong></span> <span class='ocrx_word' id='word_1_265' title='bbox 1548 3440 1603 3485; x_wconf 89' lang='lat' dir='ltr'><strong>at</strong></span> <span class='ocrx_word' id='word_1_266' title='bbox 1639 3430 1833 3498; x_wconf 85' lang='lat' dir='ltr'><strong>duplex</strong></span> <span class='ocrx_word' id='word_1_267' title='bbox 1878 3436 1961 3483; x_wconf 92' lang='lat' dir='ltr'><strong>est</strong></span> 
     </span>
    </p>
   </div>
   <div class='ocr_carea' id='block_1_34' title="bbox 372 3522 1961 3598">
    <p class='ocr_par' dir='ltr' id='par_1_34' title="bbox 372 3522 1961 3598">
     <span class='ocr_line' id='line_1_34' title="bbox 372 3522 1961 3598; baseline -0.013 -5"><span class='ocrx_word' id='word_1_268' title='bbox 372 3550 587 3598; x_wconf 89' lang='lat' dir='ltr'><strong>sensus;</strong></span> <span class='ocrx_word' id='word_1_269' title='bbox 611 3540 733 3587; x_wconf 91' lang='lat' dir='ltr'><strong>sunt</strong></span> <span class='ocrx_word' id='word_1_270' title='bbox 758 3530 897 3584; x_wconf 91' lang='lat' dir='ltr'><strong>enim</strong></span> <span class='ocrx_word' id='word_1_271' title='bbox 924 3530 1035 3581; x_wconf 83' lang='lat' dir='ltr'><strong>loca</strong></span> <span class='ocrx_word' id='word_1_272' title='bbox 1057 3528 1410 3591; x_wconf 85' lang='lat' dir='ltr'><strong>tenebricosa,</strong></span> <span class='ocrx_word' id='word_1_273' title='bbox 1434 3524 1526 3578; x_wconf 92' lang='lat' dir='ltr'><strong>sed</strong></span> <span class='ocrx_word' id='word_1_274' title='bbox 1548 3522 1712 3578; x_wconf 88' lang='lat' dir='ltr'><strong>videri</strong></span> <span class='ocrx_word' id='word_1_275' title='bbox 1737 3528 1961 3593; x_wconf 90' lang='lat' dir='ltr'><strong>possunt</strong></span> 
     </span>
    </p>
   </div>
   <div class='ocr_carea' id='block_1_35' title="bbox 371 3612 1961 3683">
    <p class='ocr_par' dir='ltr' id='par_1_35' title="bbox 371 3612 1961 3683">
     <span class='ocr_line' id='line_1_35' title="bbox 371 3612 1961 3683; baseline -0.011 -1"><span class='ocrx_word' id='word_1_276' title='bbox 371 3627 589 3682; x_wconf 88' lang='lat' dir='ltr'><strong>candela</strong></span> <span class='ocrx_word' id='word_1_277' title='bbox 627 3633 681 3677; x_wconf 90' lang='lat' dir='ltr'><strong>et</strong></span> <span class='ocrx_word' id='word_1_278' title='bbox 709 3621 905 3675; x_wconf 89' lang='lat' dir='ltr'><strong>lumine</strong></span> <span class='ocrx_word' id='word_1_279' title='bbox 933 3619 1119 3683; x_wconf 91' lang='lat' dir='ltr'><strong>illato;</strong></span> <span class='ocrx_word' id='word_1_280' title='bbox 1154 3618 1243 3671; x_wconf 90' lang='lat' dir='ltr'><strong>ille</strong></span> <span class='ocrx_word' id='word_1_281' title='bbox 1280 3632 1408 3671; x_wconf 89' lang='lat' dir='ltr'><strong>vero</strong></span> <span class='ocrx_word' id='word_1_282' title='bbox 1436 3615 1629 3670; x_wconf 89' lang='lat' dir='ltr'><strong>inferni</strong></span> <span class='ocrx_word' id='word_1_283' title='bbox 1661 3614 1806 3669; x_wconf 89' lang='lat' dir='ltr'><strong>locus</strong></span> <span class='ocrx_word' id='word_1_284' title='bbox 1833 3612 1961 3666; x_wconf 89' lang='lat' dir='ltr'><strong>cali-</strong></span> 
     </span>
    </p>
   </div>
   <div class='ocr_carea' id='block_1_36' title="bbox 373 3707 1961 3793">
    <p class='ocr_par' dir='ltr' id='par_1_36' title="bbox 373 3707 1961 3793">
     <span class='ocr_line' id='line_1_36' title="bbox 373 3707 1961 3793; baseline -0.009 -18"><span class='ocrx_word' id='word_1_285' title='bbox 373 3721 737 3793; x_wconf 63' lang='lat' dir='ltr'><strong>ginosissimus</strong></span> <span class='ocrx_word' id='word_1_286' title='bbox 774 3724 912 3779; x_wconf 89' lang='lat' dir='ltr'><strong>erat,</strong></span> <span class='ocrx_word' id='word_1_287' title='bbox 943 3722 997 3768; x_wconf 91' lang='lat' dir='ltr'><strong>et</strong></span> <span class='ocrx_word' id='word_1_288' title='bbox 1027 3716 1283 3782; x_wconf 85' lang='lat' dir='ltr'><strong>ingratus,</strong></span> <span class='ocrx_word' id='word_1_289' title='bbox 1309 3727 1482 3781; x_wconf 89' lang='lat' dir='ltr'><strong>neque</strong></span> <span class='ocrx_word' id='word_1_290' title='bbox 1530 3725 1779 3779; x_wconf 87' lang='lat' dir='ltr'><strong>umquam</strong></span> <span class='ocrx_word' id='word_1_291' title='bbox 1829 3707 1961 3761; x_wconf 83' lang='lat' dir='ltr'><strong>lueis</strong></span> 
     </span>
    </p>
   </div>
   <div class='ocr_carea' id='block_1_37' title="bbox 374 3801 1964 3874">
    <p class='ocr_par' dir='ltr' id='par_1_37' title="bbox 374 3801 1964 3874">
     <span class='ocr_line' id='line_1_37' title="bbox 374 3801 1964 3874; baseline -0.01 -5"><span class='ocrx_word' id='word_1_292' title='bbox 374 3825 614 3869; x_wconf 92' lang='lat' dir='ltr'><strong>naturam</strong></span> <span class='ocrx_word' id='word_1_293' title='bbox 654 3812 787 3865; x_wconf 81' lang='lat' dir='ltr'><strong>intra</strong></span> <span class='ocrx_word' id='word_1_294' title='bbox 818 3824 876 3865; x_wconf 90' lang='lat' dir='ltr'><strong>se</strong></span> <span class='ocrx_word' id='word_1_295' title='bbox 915 3814 1188 3874; x_wconf 85' lang='lat' dir='ltr'><strong>receperat</strong></span> <span class='ocrx_word' id='word_1_296' title='bbox 1221 3822 1234 3858; x_wconf 89' lang='lat'><strong>:</strong></span> <span class='ocrx_word' id='word_1_297' title='bbox 1278 3812 1559 3873; x_wconf 87' lang='lat' dir='ltr'><strong>propterea</strong></span> <span class='ocrx_word' id='word_1_298' title='bbox 1601 3801 1964 3857; x_wconf 88' lang='lat' dir='ltr'><strong>tenebricosos</strong></span> 
     </span>
    </p>
   </div>
   <div class='ocr_carea' id='block_1_38' title="bbox 373 3894 1960 3961">
    <p class='ocr_par' dir='ltr' id='par_1_38' title="bbox 373 3894 1960 3961">
     <span class='ocr_line' id='line_1_38' title="bbox 373 3894 1960 3961; baseline -0.01 -1"><span class='ocrx_word' id='word_1_299' title='bbox 373 3915 427 3961; x_wconf 89' lang='lat' dir='ltr'><strong>et</strong></span> <span class='ocrx_word' id='word_1_300' title='bbox 455 3903 745 3959; x_wconf 82' lang='lat' dir='ltr'><strong>invisibiles</strong></span> <span class='ocrx_word' id='word_1_301' title='bbox 782 3916 873 3955; x_wconf 80' lang='lat' dir='ltr'><strong>eos</strong></span> <span class='ocrx_word' id='word_1_302' title='bbox 898 3898 1047 3953; x_wconf 79' lang='lat' dir='ltr'><strong>dixit.</strong></span> <span class='ocrx_word' id='word_1_303' title='bbox 1078 3897 1213 3951; x_wconf 67' lang='lat' dir='ltr'><strong>\‘ere</strong></span> <span class='ocrx_word' id='word_1_304' title='bbox 1246 3896 1388 3950; x_wconf 92' lang='lat' dir='ltr'><strong>enim</strong></span> <span class='ocrx_word' id='word_1_305' title='bbox 1421 3894 1741 3949; x_wconf 90' lang='lat' dir='ltr'><strong>tenebricosi</strong></span> <span class='ocrx_word' id='word_1_306' title='bbox 1770 3901 1960 3957; x_wconf 91' lang='lat' dir='ltr'><strong>erant,</strong></span> 
     </span>
    </p>
   </div>
   <div class='ocr_carea' id='block_1_39' title="bbox 372 3983 1965 4058">
    <p class='ocr_par' dir='ltr' id='par_1_39' title="bbox 372 3983 1965 4058">
     <span class='ocr_line' id='line_1_39' title="bbox 372 3983 1965 4058; baseline -0.008 -9"><span class='ocrx_word' id='word_1_307' title='bbox 372 3996 546 4051; x_wconf 88' lang='lat' dir='ltr'><strong>donec</strong></span> <span class='ocrx_word' id='word_1_308' title='bbox 570 3992 839 4049; x_wconf 88' lang='lat' dir='ltr'><strong>descendit</strong></span> <span class='ocrx_word' id='word_1_309' title='bbox 864 3989 954 4046; x_wconf 87' lang='lat' dir='ltr'><strong>Sol</strong></span> <span class='ocrx_word' id='word_1_310' title='bbox 981 3987 1200 4058; x_wconf 76' lang='lat' dir='ltr'><strong>jnstitia:</strong></span> <span class='ocrx_word' id='word_1_311' title='bbox 1221 4028 1235 4047; x_wconf 85' lang='grc'>,</span> <span class='ocrx_word' id='word_1_312' title='bbox 1265 4000 1463 4054; x_wconf 88' lang='lat' dir='ltr'><strong>eosque</strong></span> <span class='ocrx_word' id='word_1_313' title='bbox 1485 3983 1789 4050; x_wconf 79' lang='lat' dir='ltr'><strong>illustravit,</strong></span> <span class='ocrx_word' id='word_1_314' title='bbox 1818 3992 1875 4037; x_wconf 90' lang='lat' dir='ltr'><strong>et</strong></span> <span class='ocrx_word' id='word_1_315' title='bbox 1898 3999 1965 4039; x_wconf 83' lang='lat' dir='ltr'><strong>ex</strong></span> 
     </span>
    </p>
   </div>
   <div class='ocr_carea' id='block_1_40' title="bbox 374 4076 1961 4143">
    <p class='ocr_par' dir='ltr' id='par_1_40' title="bbox 374 4076 1961 4143">
     <span class='ocr_line' id='line_1_40' title="bbox 374 4076 1961 4143; baseline -0.009 0"><span class='ocrx_word' id='word_1_316' title='bbox 374 4088 580 4143; x_wconf 85' lang='lat' dir='ltr'><strong>inferno</strong></span> <span class='ocrx_word' id='word_1_317' title='bbox 609 4088 799 4142; x_wconf 67' lang='lat' dir='ltr'><strong>carlnm</strong></span> <span class='ocrx_word' id='word_1_318' title='bbox 833 4084 975 4139; x_wconf 87' lang='lat' dir='ltr'><strong>fecit.</strong></span> <span class='ocrx_word' id='word_1_319' title='bbox 999 4082 1129 4136; x_wconf 78' lang='lat' dir='ltr'><strong>Nam</strong></span> <span class='ocrx_word' id='word_1_320' title='bbox 1160 4080 1246 4134; x_wconf 89' lang='lat' dir='ltr'><strong>ubi</strong></span> <span class='ocrx_word' id='word_1_321' title='bbox 1270 4078 1544 4142; x_wconf 77' lang='lat' dir='ltr'><strong>Christus,</strong></span> <span class='ocrx_word' id='word_1_322' title='bbox 1570 4076 1639 4130; x_wconf 86' lang='lat' dir='ltr'><strong>ibi</strong></span> <span class='ocrx_word' id='word_1_323' title='bbox 1666 4084 1720 4129; x_wconf 90' lang='lat' dir='ltr'><strong>ct</strong></span> <span class='ocrx_word' id='word_1_324' title='bbox 1749 4076 1961 4129; x_wconf 68' lang='lat' dir='ltr'><strong>caelum.</strong></span> 
     </span>
    </p>
   </div>
   <div class='ocr_carea' id='block_1_41' title="bbox 376 4166 1958 4233">
    <p class='ocr_par' dir='ltr' id='par_1_41' title="bbox 376 4166 1958 4233">
     <span class='ocr_line' id='line_1_41' title="bbox 376 4166 1958 4233; baseline -0.009 0"><span class='ocrx_word' id='word_1_325' title='bbox 376 4181 680 4233; x_wconf 86' lang='lat' dir='ltr'><strong>&#39;l‘hesauros</strong></span> <span class='ocrx_word' id='word_1_326' title='bbox 722 4188 899 4232; x_wconf 91' lang='lat' dir='ltr'><strong>autem</strong></span> <span class='ocrx_word' id='word_1_327' title='bbox 949 4174 1311 4229; x_wconf 90' lang='lat' dir='ltr'><strong>tenebricosos</strong></span> <span class='ocrx_word' id='word_1_328' title='bbox 1358 4170 1594 4223; x_wconf 88' lang='lat' dir='ltr'><strong>nominat</strong></span> <span class='ocrx_word' id='word_1_329' title='bbox 1644 4166 1958 4221; x_wconf 89' lang='lat' dir='ltr'><strong>infernum:</strong></span> 
     </span>
    </p>
   </div>
   <div class='ocr_carea' id='block_1_42' title="bbox 375 4259 1962 4339">
    <p class='ocr_par' dir='ltr' id='par_1_42' title="bbox 375 4259 1962 4339">
     <span class='ocr_line' id='line_1_42' title="bbox 375 4259 1962 4339; baseline -0.008 -16"><span class='ocrx_word' id='word_1_330' title='bbox 375 4272 589 4336; x_wconf 91' lang='lat' dir='ltr'><strong>merito,</strong></span> <span class='ocrx_word' id='word_1_331' title='bbox 622 4270 744 4339; x_wconf 89' lang='lat' dir='ltr'><strong>quia</strong></span> <span class='ocrx_word' id='word_1_332' title='bbox 777 4267 959 4321; x_wconf 77' lang='lat' dir='ltr'><strong>multa:</strong></span> <span class='ocrx_word' id='word_1_333' title='bbox 994 4265 1192 4318; x_wconf 77' lang='lat' dir='ltr'><strong>divitia:</strong></span> <span class='ocrx_word' id='word_1_334' title='bbox 1224 4262 1379 4317; x_wconf 86' lang='lat' dir='ltr'><strong>isthic</strong></span> <span class='ocrx_word' id='word_1_335' title='bbox 1405 4270 1554 4315; x_wconf 88' lang='lat' dir='ltr'><strong>erant</strong></span> <span class='ocrx_word' id='word_1_336' title='bbox 1575 4259 1838 4327; x_wconf 69' lang='lat' dir='ltr'><strong>reposito.</strong></span> <span class='ocrx_word' id='word_1_337' title='bbox 1868 4259 1962 4311; x_wconf 77' lang='lat' dir='ltr'><strong>Et-</strong></span> 
     </span>
    </p>
   </div>
   <div class='ocr_carea' id='block_1_43' title="bbox 374 4350 1960 4425">
    <p class='ocr_par' dir='ltr' id='par_1_43' title="bbox 374 4350 1960 4425">
     <span class='ocr_line' id='line_1_43' title="bbox 374 4350 1960 4425; baseline -0.007 -10"><span class='ocrx_word' id='word_1_338' title='bbox 374 4362 517 4415; x_wconf 90' lang='lat' dir='ltr'><strong>enim</strong></span> <span class='ocrx_word' id='word_1_339' title='bbox 548 4370 654 4414; x_wconf 91' lang='lat' dir='ltr'><strong>tota</strong></span> <span class='ocrx_word' id='word_1_340' title='bbox 688 4360 964 4412; x_wconf 86' lang='lat' dir='ltr'><strong>hominum</strong></span> <span class='ocrx_word' id='word_1_341' title='bbox 996 4370 1181 4409; x_wconf 91' lang='lat' dir='ltr'><strong>natura</strong></span> <span class='ocrx_word' id='word_1_342' title='bbox 1206 4398 1221 4419; x_wconf 87' lang='lat'><strong>,</strong></span> <span class='ocrx_word' id='word_1_343' title='bbox 1250 4370 1369 4425; x_wconf 70' lang='lat' dir='ltr'><strong>qua:</strong></span> <span class='ocrx_word' id='word_1_344' title='bbox 1417 4368 1543 4424; x_wconf 83' lang='lat' dir='ltr'><strong>gaza</strong></span> <span class='ocrx_word' id='word_1_345' title='bbox 1579 4350 1820 4421; x_wconf 67' lang='lat' dir='ltr'><strong>qumdam</strong></span> <span class='ocrx_word' id='word_1_346' title='bbox 1868 4350 1960 4404; x_wconf 86' lang='lat' dir='ltr'><strong>Dei</strong></span> 
     </span>
    </p>
   </div>
   <div class='ocr_carea' id='block_1_44' title="bbox 376 4443 1961 4519">
    <p class='ocr_par' dir='ltr' id='par_1_44' title="bbox 376 4443 1961 4519">
     <span class='ocr_line' id='line_1_44' title="bbox 376 4443 1961 4519; baseline -0.008 -12"><span class='ocrx_word' id='word_1_347' title='bbox 376 4465 485 4517; x_wconf 87' lang='lat' dir='ltr'><strong>est,</strong></span> <span class='ocrx_word' id='word_1_348' title='bbox 514 4469 543 4506; x_wconf 92' lang='lat' dir='ltr'><strong>a</strong></span> <span class='ocrx_word' id='word_1_349' title='bbox 570 4452 817 4513; x_wconf 82' lang='lat' dir='ltr'><strong>diabolo,</strong></span> <span class='ocrx_word' id='word_1_350' title='bbox 847 4450 935 4519; x_wconf 89' lang='lat' dir='ltr'><strong>qui</strong></span> <span class='ocrx_word' id='word_1_351' title='bbox 962 4449 1192 4518; x_wconf 91' lang='lat' dir='ltr'><strong>primum</strong></span> <span class='ocrx_word' id='word_1_352' title='bbox 1218 4447 1489 4502; x_wconf 90' lang='lat' dir='ltr'><strong>hominem</strong></span> <span class='ocrx_word' id='word_1_353' title='bbox 1519 4445 1570 4499; x_wconf 91' lang='lat' dir='ltr'><strong>in</strong></span> <span class='ocrx_word' id='word_1_354' title='bbox 1596 4443 1832 4498; x_wconf 89' lang='lat' dir='ltr'><strong>fraudem</strong></span> <span class='ocrx_word' id='word_1_355' title='bbox 1861 4443 1961 4496; x_wconf 90' lang='lat' dir='ltr'><strong>im-</strong></span> 
     </span>
    </p>
   </div>
   <div class='ocr_carea' id='block_1_45' title="bbox 378 4534 1964 4614">
    <p class='ocr_par' dir='ltr' id='par_1_45' title="bbox 378 4534 1964 4614">
     <span class='ocr_line' id='line_1_45' title="bbox 378 4534 1964 4614; baseline -0.006 -16"><span class='ocrx_word' id='word_1_356' title='bbox 378 4544 538 4614; x_wconf 90' lang='lat' dir='ltr'><strong>pulit,</strong></span> <span class='ocrx_word' id='word_1_357' title='bbox 563 4543 807 4610; x_wconf 70' lang='lat' dir='ltr'><strong>spoliata,</strong></span> <span class='ocrx_word' id='word_1_358' title='bbox 839 4540 1105 4606; x_wconf 84' lang='lat' dir='ltr'><strong>mortique</strong></span> <span class='ocrx_word' id='word_1_359' title='bbox 1138 4538 1380 4605; x_wconf 87' lang='lat' dir='ltr'><strong>subjecta</strong></span> <span class='ocrx_word' id='word_1_360' title='bbox 1408 4545 1508 4593; x_wconf 87' lang='lat' dir='ltr'><strong>est.</strong></span> <span class='ocrx_word' id='word_1_361' title='bbox 1538 4534 1684 4603; x_wconf 88' lang='lat' dir='ltr'><strong>Quod</strong></span> <span class='ocrx_word' id='word_1_362' title='bbox 1711 4549 1838 4589; x_wconf 91' lang='lat' dir='ltr'><strong>vero</strong></span> <span class='ocrx_word' id='word_1_363' title='bbox 1867 4534 1964 4589; x_wconf 91' lang='lat' dir='ltr'><strong>ho-</strong></span> 
     </span>
    </p>
   </div>
   <div class='ocr_carea' id='block_1_46' title="bbox 378 4625 1963 4690">
    <p class='ocr_par' dir='ltr' id='par_1_46' title="bbox 378 4625 1963 4690">
     <span class='ocr_line' id='line_1_46' title="bbox 378 4625 1963 4690; baseline -0.004 -4"><span class='ocrx_word' id='word_1_364' title='bbox 378 4633 576 4687; x_wconf 86' lang='lat' dir='ltr'><strong>minum</strong></span> <span class='ocrx_word' id='word_1_365' title='bbox 609 4639 853 4684; x_wconf 88' lang='lat' dir='ltr'><strong>naturam</strong></span> <span class='ocrx_word' id='word_1_366' title='bbox 900 4629 1041 4682; x_wconf 90' lang='lat' dir='ltr'><strong>Deus</strong></span> <span class='ocrx_word' id='word_1_367' title='bbox 1068 4628 1373 4681; x_wconf 86' lang='lat' dir='ltr'><strong>divitiarum</strong></span> <span class='ocrx_word' id='word_1_368' title='bbox 1415 4629 1534 4682; x_wconf 91' lang='lat' dir='ltr'><strong>loco</strong></span> <span class='ocrx_word' id='word_1_369' title='bbox 1577 4625 1857 4690; x_wconf 86' lang='lat' dir='ltr'><strong>habuerit,</strong></span> <span class='ocrx_word' id='word_1_370' title='bbox 1886 4634 1963 4679; x_wconf 89' lang='lat' dir='ltr'><strong>tc-</strong></span> 
     </span>
    </p>
   </div>
   <div class='ocr_carea' id='block_1_47' title="bbox 378 4718 1963 4788">
    <p class='ocr_par' dir='ltr' id='par_1_47' title="bbox 378 4718 1963 4788">
     <span class='ocr_line' id='line_1_47' title="bbox 378 4718 1963 4788; baseline -0.003 -11"><span class='ocrx_word' id='word_1_371' title='bbox 378 4733 552 4778; x_wconf 86' lang='lat' dir='ltr'><strong>statnr</strong></span> <span class='ocrx_word' id='word_1_372' title='bbox 588 4722 669 4776; x_wconf 81' lang='lat' dir='ltr'><strong>his</strong></span> <span class='ocrx_word' id='word_1_373' title='bbox 715 4722 892 4776; x_wconf 85' lang='lat' dir='ltr'><strong>verbis</strong></span> <span class='ocrx_word' id='word_1_374' title='bbox 943 4720 1132 4774; x_wconf 82' lang='lat' dir='ltr'><strong>Paulus</strong></span> <span class='ocrx_word' id='word_1_375' title='bbox 1163 4736 1177 4773; x_wconf 93' lang='lat'><strong>:</strong></span> <span class='ocrx_word' id='word_1_376' title='bbox 1215 4718 1362 4773; x_wconf 78' lang='lat' dir='ltr'><strong>Dives</strong></span> <span class='ocrx_word' id='word_1_377' title='bbox 1392 4722 1443 4774; x_wconf 92' lang='lat' dir='ltr'><strong>in</strong></span> <span class='ocrx_word' id='word_1_378' title='bbox 1489 4735 1655 4773; x_wconf 83' lang='lat' dir='ltr'><strong>omnes</strong></span> <span class='ocrx_word' id='word_1_379' title='bbox 1679 4760 1693 4784; x_wconf 93' lang='lat'><strong>,</strong></span> <span class='ocrx_word' id='word_1_380' title='bbox 1724 4726 1769 4772; x_wconf 87' lang='lat' dir='ltr'><strong>et</strong></span> <span class='ocrx_word' id='word_1_381' title='bbox 1810 4735 1963 4788; x_wconf 83' lang='lat' dir='ltr'><strong>super</strong></span> 
     </span>
    </p>
   </div>
   <div class='ocr_carea' id='block_1_48' title="bbox 378 4807 1961 4881">
    <p class='ocr_par' dir='ltr' id='par_1_48' title="bbox 378 4807 1961 4881">
     <span class='ocr_line' id='line_1_48' title="bbox 378 4807 1961 4881; baseline -0.003 -15"><span class='ocrx_word' id='word_1_382' title='bbox 378 4828 548 4866; x_wconf 88' lang='lat' dir='ltr'><strong>omnes</strong></span> <span class='ocrx_word' id='word_1_383' title='bbox 572 4854 586 4877; x_wconf 95' lang='lat'><strong>,</strong></span> <span class='ocrx_word' id='word_1_384' title='bbox 626 4813 711 4881; x_wconf 84' lang='lat' dir='ltr'><strong>qui</strong></span> <span class='ocrx_word' id='word_1_385' title='bbox 737 4812 967 4865; x_wconf 83' lang='lat' dir='ltr'><strong>invocant</strong></span> <span class='ocrx_word' id='word_1_386' title='bbox 1012 4825 1124 4863; x_wconf 89' lang='lat' dir='ltr'><strong>eum</strong></span> <span class='ocrx_word' id='word_1_387' title='bbox 1160 4807 1335 4877; x_wconf 81' lang='lat' dir='ltr'><strong>(Rom.</strong></span> <span class='ocrx_word' id='word_1_388' title='bbox 1362 4811 1446 4865; x_wconf 83' lang='lat' dir='ltr'><strong>l0.</strong></span> <span class='ocrx_word' id='word_1_389' title='bbox 1474 4810 1583 4878; x_wconf 68' lang='grc'><strong>12).</strong></span> <span class='ocrx_word' id='word_1_390' title='bbox 1610 4807 1961 4876; x_wconf 85' lang='lat' dir='ltr'><strong>Quemadmo-</strong></span> 
     </span>
    </p>
   </div>
   <div class='ocr_carea' id='block_1_49' title="bbox 378 4900 1963 4973">
    <p class='ocr_par' dir='ltr' id='par_1_49' title="bbox 378 4900 1963 4973">
     <span class='ocr_line' id='line_1_49' title="bbox 378 4900 1963 4973; baseline -0.004 -14"><span class='ocrx_word' id='word_1_391' title='bbox 378 4906 503 4959; x_wconf 87' lang='lat' dir='ltr'><strong>dum</strong></span> <span class='ocrx_word' id='word_1_392' title='bbox 531 4904 688 4973; x_wconf 87' lang='lat' dir='ltr'><strong>igitur</strong></span> <span class='ocrx_word' id='word_1_393' title='bbox 712 4919 805 4957; x_wconf 87' lang='lat' dir='ltr'><strong>rex</strong></span> <span class='ocrx_word' id='word_1_394' title='bbox 829 4944 842 4965; x_wconf 89' lang='lat'><strong>,</strong></span> <span class='ocrx_word' id='word_1_395' title='bbox 884 4900 1273 4969; x_wconf 88' lang='lat' dir='ltr'><strong>comprehenso</strong></span> <span class='ocrx_word' id='word_1_396' title='bbox 1298 4901 1435 4956; x_wconf 92' lang='lat' dir='ltr'><strong>duce</strong></span> <span class='ocrx_word' id='word_1_397' title='bbox 1461 4902 1723 4957; x_wconf 86' lang='lat' dir='ltr'><strong>latronum</strong></span> <span class='ocrx_word' id='word_1_398' title='bbox 1747 4910 1801 4955; x_wconf 91' lang='lat' dir='ltr'><strong>et</strong></span> <span class='ocrx_word' id='word_1_399' title='bbox 1828 4915 1963 4969; x_wconf 73' lang='lat' dir='ltr'><strong>prm-</strong></span> 
     </span>
    </p>
   </div>
   <div class='ocr_carea' id='block_1_50' title="bbox 378 4992 1966 5063">
    <p class='ocr_par' dir='ltr' id='par_1_50' title="bbox 378 4992 1966 5063">
     <span class='ocr_line' id='line_1_50' title="bbox 378 4992 1966 5063; baseline 0 -16"><span class='ocrx_word' id='word_1_400' title='bbox 378 4997 575 5049; x_wconf 82' lang='lat' dir='ltr'><strong>donum</strong></span> <span class='ocrx_word' id='word_1_401' title='bbox 596 5033 610 5057; x_wconf 93' lang='lat'><strong>,</strong></span> <span class='ocrx_word' id='word_1_402' title='bbox 641 4996 731 5063; x_wconf 88' lang='lat' dir='ltr'><strong>qui</strong></span> <span class='ocrx_word' id='word_1_403' title='bbox 759 4996 1001 5048; x_wconf 76' lang='lat' dir='ltr'><strong>civitates</strong></span> <span class='ocrx_word' id='word_1_404' title='bbox 1029 4992 1325 5062; x_wconf 89' lang='lat' dir='ltr'><strong>percurrit,</strong></span> <span class='ocrx_word' id='word_1_405' title='bbox 1360 5003 1415 5047; x_wconf 91' lang='lat' dir='ltr'><strong>et</strong></span> <span class='ocrx_word' id='word_1_406' title='bbox 1449 4993 1682 5063; x_wconf 89' lang='lat' dir='ltr'><strong>undique</strong></span> <span class='ocrx_word' id='word_1_407' title='bbox 1707 4994 1877 5061; x_wconf 89' lang='lat' dir='ltr'><strong>rapit,</strong></span> <span class='ocrx_word' id='word_1_408' title='bbox 1912 5002 1966 5047; x_wconf 89' lang='lat' dir='ltr'><strong>et</strong></span> 
     </span>
    </p>
   </div>
   <div class='ocr_carea' id='block_1_51' title="bbox 379 5080 1962 5153">
    <p class='ocr_par' dir='ltr' id='par_1_51' title="bbox 379 5080 1962 5153">
     <span class='ocr_line' id='line_1_51' title="bbox 379 5080 1962 5153; baseline -0.002 -13"><span class='ocrx_word' id='word_1_409' title='bbox 379 5096 527 5141; x_wconf 78' lang='lat' dir='ltr'><strong>antra</strong></span> <span class='ocrx_word' id='word_1_410' title='bbox 569 5084 746 5148; x_wconf 91' lang='lat' dir='ltr'><strong>subit,</strong></span> <span class='ocrx_word' id='word_1_411' title='bbox 777 5094 835 5138; x_wconf 94' lang='lat' dir='ltr'><strong>ut</strong></span> <span class='ocrx_word' id='word_1_412' title='bbox 862 5085 929 5138; x_wconf 92' lang='lat' dir='ltr'><strong>ibi</strong></span> <span class='ocrx_word' id='word_1_413' title='bbox 961 5089 1184 5153; x_wconf 87' lang='lat' dir='ltr'><strong>reponat</strong></span> <span class='ocrx_word' id='word_1_414' title='bbox 1209 5080 1421 5136; x_wconf 86' lang='lat' dir='ltr'><strong>divitias</strong></span> <span class='ocrx_word' id='word_1_415' title='bbox 1448 5094 1626 5153; x_wconf 75' lang='lat' dir='ltr'><strong>raptas</strong></span> <span class='ocrx_word' id='word_1_416' title='bbox 1646 5125 1660 5149; x_wconf 92' lang='lat'><strong>,</strong></span> <span class='ocrx_word' id='word_1_417' title='bbox 1694 5083 1962 5139; x_wconf 87' lang='lat' dir='ltr'><strong>latrOnum</strong></span> 
     </span>
    </p>
   </div>
   <div class='ocr_carea' id='block_1_52' title="bbox 380 5173 1963 5246">
    <p class='ocr_par' dir='ltr' id='par_1_52' title="bbox 380 5173 1963 5246">
     <span class='ocr_line' id='line_1_52' title="bbox 380 5173 1963 5246; baseline 0 -17"><span class='ocrx_word' id='word_1_418' title='bbox 380 5179 566 5231; x_wconf 80' lang='lat' dir='ltr'><strong>ducem</strong></span> <span class='ocrx_word' id='word_1_419' title='bbox 596 5176 755 5244; x_wconf 86' lang='lat' dir='ltr'><strong>ligat,</strong></span> <span class='ocrx_word' id='word_1_420' title='bbox 790 5175 1157 5245; x_wconf 83' lang='lat' dir='ltr'><strong>supplicioque</strong></span> <span class='ocrx_word' id='word_1_421' title='bbox 1187 5173 1405 5227; x_wconf 87' lang='lat' dir='ltr'><strong>meritas</strong></span> <span class='ocrx_word' id='word_1_422' title='bbox 1444 5191 1631 5243; x_wconf 78' lang='lat' dir='ltr'><strong>ptenas</strong></span> <span class='ocrx_word' id='word_1_423' title='bbox 1663 5176 1963 5246; x_wconf 56' lang='lat' dir='ltr'><strong>persoluta-</strong></span> 
     </span>
    </p>
   </div>
   <div class='ocr_carea' id='block_1_53' title="bbox 380 5264 1963 5334">
    <p class='ocr_par' dir='ltr' id='par_1_53' title="bbox 380 5264 1963 5334">
     <span class='ocr_line' id='line_1_53' title="bbox 380 5264 1963 5334; baseline -0.003 -10"><span class='ocrx_word' id='word_1_424' title='bbox 380 5284 494 5325; x_wconf 88' lang='lat' dir='ltr'><strong>rum</strong></span> <span class='ocrx_word' id='word_1_425' title='bbox 522 5265 708 5331; x_wconf 90' lang='lat' dir='ltr'><strong>tradit,</strong></span> <span class='ocrx_word' id='word_1_426' title='bbox 741 5264 1049 5319; x_wconf 90' lang='lat' dir='ltr'><strong>thesaurum</strong></span> <span class='ocrx_word' id='word_1_427' title='bbox 1078 5280 1205 5319; x_wconf 91' lang='lat' dir='ltr'><strong>vero</strong></span> <span class='ocrx_word' id='word_1_428' title='bbox 1243 5264 1356 5333; x_wconf 87' lang='lat' dir='ltr'><strong>ejus</strong></span> <span class='ocrx_word' id='word_1_429' title='bbox 1383 5264 1435 5317; x_wconf 93' lang='lat' dir='ltr'><strong>in</strong></span> <span class='ocrx_word' id='word_1_430' title='bbox 1481 5267 1687 5334; x_wconf 86' lang='lat' dir='ltr'><strong>regium</strong></span> <span class='ocrx_word' id='word_1_431' title='bbox 1718 5267 1963 5321; x_wconf 71' lang='lat' dir='ltr'><strong>mrarinm</strong></span> 
     </span>
    </p>
   </div>
   <div class='ocr_carea' id='block_1_54' title="bbox 381 5355 1968 5427">
    <p class='ocr_par' dir='ltr' id='par_1_54' title="bbox 381 5355 1968 5427">
     <span class='ocr_line' id='line_1_54' title="bbox 381 5355 1968 5427; baseline -0.002 -12"><span class='ocrx_word' id='word_1_432' title='bbox 381 5358 644 5415; x_wconf 86' lang='lat' dir='ltr'><strong>convertit</strong></span> <span class='ocrx_word' id='word_1_433' title='bbox 668 5373 683 5411; x_wconf 91' lang='lat'><strong>:</strong></span> <span class='ocrx_word' id='word_1_434' title='bbox 710 5356 787 5409; x_wconf 91' lang='lat' dir='ltr'><strong>sic</strong></span> <span class='ocrx_word' id='word_1_435' title='bbox 811 5365 867 5409; x_wconf 91' lang='lat' dir='ltr'><strong>et</strong></span> <span class='ocrx_word' id='word_1_436' title='bbox 893 5355 1137 5412; x_wconf 86' lang='lat' dir='ltr'><strong>Christus</strong></span> <span class='ocrx_word' id='word_1_437' title='bbox 1165 5356 1307 5419; x_wconf 91' lang='lat' dir='ltr'><strong>fecit,</strong></span> <span class='ocrx_word' id='word_1_438' title='bbox 1337 5355 1627 5427; x_wconf 88' lang='lat' dir='ltr'><strong>principem</strong></span> <span class='ocrx_word' id='word_1_439' title='bbox 1660 5358 1809 5412; x_wconf 91' lang='lat' dir='ltr'><strong>illum</strong></span> <span class='ocrx_word' id='word_1_440' title='bbox 1835 5375 1968 5427; x_wconf 71' lang='lat' dir='ltr'><strong>pra:-</strong></span> 
     </span>
    </p>
   </div>
   <div class='ocr_carea' id='block_1_55' title="bbox 384 5448 1967 5516">
    <p class='ocr_par' dir='ltr' id='par_1_55' title="bbox 384 5448 1967 5516">
     <span class='ocr_line' id='line_1_55' title="bbox 384 5448 1967 5516; baseline -0.003 -7"><span class='ocrx_word' id='word_1_441' title='bbox 384 5457 579 5510; x_wconf 75' lang='lat' dir='ltr'><strong>tlonum</strong></span> <span class='ocrx_word' id='word_1_442' title='bbox 622 5458 676 5506; x_wconf 91' lang='lat' dir='ltr'><strong>et</strong></span> <span class='ocrx_word' id='word_1_443' title='bbox 723 5450 954 5504; x_wconf 89' lang='lat' dir='ltr'><strong>carceris</strong></span> <span class='ocrx_word' id='word_1_444' title='bbox 999 5450 1310 5516; x_wconf 87' lang='lat' dir='ltr'><strong>custodem,</strong></span> <span class='ocrx_word' id='word_1_445' title='bbox 1358 5448 1659 5513; x_wconf 89' lang='lat' dir='ltr'><strong>diabolum,</strong></span> <span class='ocrx_word' id='word_1_446' title='bbox 1711 5450 1868 5504; x_wconf 87' lang='lat' dir='ltr'><strong>simul</strong></span> <span class='ocrx_word' id='word_1_447' title='bbox 1913 5461 1967 5504; x_wconf 90' lang='lat' dir='ltr'><strong>et</strong></span> 
     </span>
    </p>
   </div>
   <div class='ocr_carea' id='block_1_56' title="bbox 386 5540 1969 5611">
    <p class='ocr_par' dir='ltr' id='par_1_56' title="bbox 386 5540 1969 5611">
     <span class='ocr_line' id='line_1_56' title="bbox 386 5540 1969 5611; baseline -0.006 -8"><span class='ocrx_word' id='word_1_448' title='bbox 386 5558 632 5610; x_wconf 88' lang='lat' dir='ltr'><strong>mortem,</strong></span> <span class='ocrx_word' id='word_1_449' title='bbox 661 5556 779 5599; x_wconf 90' lang='lat' dir='ltr'><strong>cum</strong></span> <span class='ocrx_word' id='word_1_450' title='bbox 806 5555 904 5611; x_wconf 86' lang='lat' dir='ltr'><strong>per</strong></span> <span class='ocrx_word' id='word_1_451' title='bbox 931 5551 1160 5597; x_wconf 88' lang='lat' dir='ltr'><strong>mortem</strong></span> <span class='ocrx_word' id='word_1_452' title='bbox 1190 5558 1340 5597; x_wconf 89' lang='lat' dir='ltr'><strong>suam</strong></span> <span class='ocrx_word' id='word_1_453' title='bbox 1366 5540 1642 5605; x_wconf 88' lang='lat' dir='ltr'><strong>vinxissct,</strong></span> <span class='ocrx_word' id='word_1_454' title='bbox 1668 5555 1858 5596; x_wconf 91' lang='lat' dir='ltr'><strong>omnes</strong></span> <span class='ocrx_word' id='word_1_455' title='bbox 1886 5541 1969 5595; x_wconf 88' lang='lat' dir='ltr'><strong>di-</strong></span> 
     </span>
    </p>
   </div>
   <div class='ocr_carea' id='block_1_57' title="bbox 384 5637 1964 5713">
    <p class='ocr_par' dir='ltr' id='par_1_57' title="bbox 384 5637 1964 5713">
     <span class='ocr_line' id='line_1_57' title="bbox 384 5637 1964 5713; baseline -0.005 -12"><span class='ocrx_word' id='word_1_456' title='bbox 384 5649 538 5703; x_wconf 83' lang='lat' dir='ltr'><strong>vuias</strong></span> <span class='ocrx_word' id='word_1_457' title='bbox 560 5690 574 5713; x_wconf 92' lang='lat'><strong>,</strong></span> <span class='ocrx_word' id='word_1_458' title='bbox 605 5646 888 5700; x_wconf 89' lang='lat' dir='ltr'><strong>humanum</strong></span> <span class='ocrx_word' id='word_1_459' title='bbox 919 5639 1133 5709; x_wconf 89' lang='lat' dir='ltr'><strong>inquam</strong></span> <span class='ocrx_word' id='word_1_460' title='bbox 1180 5656 1348 5711; x_wconf 89' lang='lat' dir='ltr'><strong>genus</strong></span> <span class='ocrx_word' id='word_1_461' title='bbox 1374 5638 1640 5695; x_wconf 87' lang='lat' dir='ltr'><strong>transtulit</strong></span> <span class='ocrx_word' id='word_1_462' title='bbox 1680 5637 1733 5690; x_wconf 89' lang='lat' dir='ltr'><strong>in</strong></span> <span class='ocrx_word' id='word_1_463' title='bbox 1777 5638 1964 5693; x_wconf 79' lang='lat' dir='ltr'><strong>:eraria</strong></span> 
     </span>
    </p>
   </div>
   <div class='ocr_carea' id='block_1_58' title="bbox 383 5731 1965 5810">
    <p class='ocr_par' dir='ltr' id='par_1_58' title="bbox 383 5731 1965 5810">
     <span class='ocr_line' id='line_1_58' title="bbox 383 5731 1965 5810; baseline -0.008 -14"><span class='ocrx_word' id='word_1_464' title='bbox 383 5748 549 5810; x_wconf 84' lang='lat' dir='ltr'><strong>regia.</strong></span> <span class='ocrx_word' id='word_1_465' title='bbox 581 5740 690 5796; x_wconf 89' lang='lat' dir='ltr'><strong>lloc</strong></span> <span class='ocrx_word' id='word_1_466' title='bbox 726 5746 779 5793; x_wconf 91' lang='lat' dir='ltr'><strong>et</strong></span> <span class='ocrx_word' id='word_1_467' title='bbox 824 5733 1020 5790; x_wconf 86' lang='lat' dir='ltr'><strong>Paulus</strong></span> <span class='ocrx_word' id='word_1_468' title='bbox 1048 5733 1265 5799; x_wconf 85' lang='lat' dir='ltr'><strong>indicat,</strong></span> <span class='ocrx_word' id='word_1_469' title='bbox 1300 5751 1422 5790; x_wconf 92' lang='lat' dir='ltr'><strong>cum</strong></span> <span class='ocrx_word' id='word_1_470' title='bbox 1453 5736 1527 5789; x_wconf 89' lang='lat' dir='ltr'><strong>ait</strong></span> <span class='ocrx_word' id='word_1_471' title='bbox 1557 5752 1569 5788; x_wconf 91' lang='lat'><strong>:</strong></span> <span class='ocrx_word' id='word_1_472' title='bbox 1601 5731 1827 5788; x_wconf 83' lang='lat' dir='ltr'><strong>Redemit</strong></span> <span class='ocrx_word' id='word_1_473' title='bbox 1872 5746 1965 5783; x_wconf 82' lang='lat' dir='ltr'><strong>nos</strong></span> 
     </span>
    </p>
   </div>
   <div class='ocr_carea' id='block_1_59' title="bbox 387 5820 1966 5904">
    <p class='ocr_par' dir='ltr' id='par_1_59' title="bbox 387 5820 1966 5904">
     <span class='ocr_line' id='line_1_59' title="bbox 387 5820 1966 5904; baseline -0.009 -18"><span class='ocrx_word' id='word_1_474' title='bbox 387 5834 448 5886; x_wconf 75' lang='lat' dir='ltr'><strong>de</strong></span> <span class='ocrx_word' id='word_1_475' title='bbox 469 5840 709 5904; x_wconf 76' lang='lat' dir='ltr'><strong>potestate</strong></span> <span class='ocrx_word' id='word_1_476' title='bbox 734 5827 1062 5887; x_wconf 81' lang='lat' dir='ltr'><strong>tenebrarum,</strong></span> <span class='ocrx_word' id='word_1_477' title='bbox 1085 5834 1131 5877; x_wconf 89' lang='lat' dir='ltr'><strong>et</strong></span> <span class='ocrx_word' id='word_1_478' title='bbox 1162 5827 1415 5880; x_wconf 85' lang='lat' dir='ltr'><strong>transtulit</strong></span> <span class='ocrx_word' id='word_1_479' title='bbox 1436 5827 1487 5880; x_wconf 91' lang='lat' dir='ltr'><strong>in</strong></span> <span class='ocrx_word' id='word_1_480' title='bbox 1508 5840 1717 5895; x_wconf 86' lang='lat' dir='ltr'><strong>regnum</strong></span> <span class='ocrx_word' id='word_1_481' title='bbox 1742 5820 1966 5875; x_wconf 87' lang='lat' dir='ltr'><strong>dilectio-</strong></span> 
     </span>
    </p>
   </div>
   <div class='ocr_carea' id='block_1_60' title="bbox 384 5913 1968 6001">
    <p class='ocr_par' dir='ltr' id='par_1_60' title="bbox 384 5913 1968 6001">
     <span class='ocr_line' id='line_1_60' title="bbox 384 5913 1968 6001; baseline -0.006 -21"><span class='ocrx_word' id='word_1_482' title='bbox 384 5927 462 5982; x_wconf 84' lang='lat' dir='ltr'><strong>nis</strong></span> <span class='ocrx_word' id='word_1_483' title='bbox 484 5928 595 5998; x_wconf 82' lang='lat' dir='ltr'><strong>ejus</strong></span> <span class='ocrx_word' id='word_1_484' title='bbox 626 5929 643 6001; x_wconf 88' lang='lat'><strong>(</strong></span> <span class='ocrx_word' id='word_1_485' title='bbox 668 5923 861 5981; x_wconf 81' lang='lat' dir='ltr'><strong>Coloss.</strong></span> <span class='ocrx_word' id='word_1_486' title='bbox 893 5919 948 5975; x_wconf 75' lang='grc' dir='ltr'><strong>1ο</strong></span> <span class='ocrx_word' id='word_1_487' title='bbox 975 5918 1042 5974; x_wconf 71' lang='grc'><strong>15</strong></span> <span class='ocrx_word' id='word_1_488' title='bbox 1061 5915 1103 5987; x_wconf 83' lang='grc'><strong>).</strong></span> <span class='ocrx_word' id='word_1_489' title='bbox 1132 5916 1302 5975; x_wconf 85' lang='lat' dir='ltr'><strong>Porro</strong></span> <span class='ocrx_word' id='word_1_490' title='bbox 1331 5919 1473 5992; x_wconf 87' lang='lat' dir='ltr'><strong>quod</strong></span> <span class='ocrx_word' id='word_1_491' title='bbox 1511 5916 1860 5975; x_wconf 80' lang='lat' dir='ltr'><strong>admiratione</strong></span> <span class='ocrx_word' id='word_1_492' title='bbox 1887 5913 1968 5970; x_wconf 89' lang='lat' dir='ltr'><strong>di-</strong></span> 
     </span>
    </p>
   </div>
   <div class='ocr_carea' id='block_1_61' title="bbox 1379 490 2468 562">
    <p class='ocr_par' dir='ltr' id='par_1_61' title="bbox 1379 490 2468 562">
     <span class='ocr_line' id='line_1_61' title="bbox 1379 490 2468 562; baseline -0.009 -5"><span class='ocrx_word' id='word_1_493' title='bbox 1379 504 1464 557; x_wconf 82' lang='lat' dir='ltr'><strong>DE</strong></span> <span class='ocrx_word' id='word_1_494' title='bbox 1502 502 1940 562; x_wconf 69' lang='lat' dir='ltr'><strong>COEMETERIO</strong></span> <span class='ocrx_word' id='word_1_495' title='bbox 1975 500 2063 557; x_wconf 83' lang='lat' dir='ltr'><strong>ET</strong></span> <span class='ocrx_word' id='word_1_496' title='bbox 2098 498 2186 553; x_wconf 85' lang='lat' dir='ltr'><strong>DE</strong></span> <span class='ocrx_word' id='word_1_497' title='bbox 2224 490 2468 549; x_wconf 79' lang='lat' dir='ltr'><strong>CRUCE.</strong></span> 
     </span>
    </p>
   </div>
   <div class='ocr_carea' id='block_1_62' title="bbox 3528 497 3631 554">
    <p class='ocr_par' dir='ltr' id='par_1_62' title="bbox 3528 497 3631 554">
     <span class='ocr_line' id='line_1_62' title="bbox 3528 497 3631 554; baseline -0.01 -1"><span class='ocrx_word' id='word_1_498' title='bbox 3528 497 3631 554; x_wconf 73' lang='lat'><strong>536</strong></span> 
     </span>
    </p>
   </div>
   <div class='ocr_carea' id='block_1_63' title="bbox 2056 604 3631 679">
    <p class='ocr_par' dir='ltr' id='par_1_63' title="bbox 2056 604 3631 679">
     <span class='ocr_line' id='line_1_63' title="bbox 2056 604 3631 679; baseline -0.001 -17"><span class='ocrx_word' id='word_1_499' title='bbox 2056 608 2367 679; x_wconf 85' lang='lat' dir='ltr'><strong>gnissimum</strong></span> <span class='ocrx_word' id='word_1_500' title='bbox 2395 615 2515 673; x_wconf 90' lang='lat' dir='ltr'><strong>est,</strong></span> <span class='ocrx_word' id='word_1_501' title='bbox 2556 607 2671 677; x_wconf 86' lang='lat' dir='ltr'><strong>ipse</strong></span> <span class='ocrx_word' id='word_1_502' title='bbox 2711 604 2819 661; x_wconf 79' lang='lat' dir='ltr'><strong>Rex</strong></span> <span class='ocrx_word' id='word_1_503' title='bbox 2850 606 3082 663; x_wconf 88' lang='lat' dir='ltr'><strong>advenit.</strong></span> <span class='ocrx_word' id='word_1_504' title='bbox 3114 606 3274 678; x_wconf 83' lang='lat' dir='ltr'><strong>Atqui</strong></span> <span class='ocrx_word' id='word_1_505' title='bbox 3323 605 3499 661; x_wconf 89' lang='lat' dir='ltr'><strong>nullus</strong></span> <span class='ocrx_word' id='word_1_506' title='bbox 3543 623 3631 663; x_wconf 70' lang='lat' dir='ltr'><strong>rev</strong></span> 
     </span>
    </p>
   </div>
   <div class='ocr_carea' id='block_1_64' title="bbox 2054 697 3635 770">
    <p class='ocr_par' dir='ltr' id='par_1_64' title="bbox 2054 697 3635 770">
     <span class='ocr_line' id='line_1_64' title="bbox 2054 697 3635 770; baseline 0 -16"><span class='ocrx_word' id='word_1_507' title='bbox 2054 715 2303 770; x_wconf 90' lang='lat' dir='ltr'><strong>umquam</strong></span> <span class='ocrx_word' id='word_1_508' title='bbox 2342 698 2443 753; x_wconf 90' lang='lat' dir='ltr'><strong>hoc</strong></span> <span class='ocrx_word' id='word_1_509' title='bbox 2472 698 2780 769; x_wconf 84' lang='lat' dir='ltr'><strong>dignaretur</strong></span> <span class='ocrx_word' id='word_1_510' title='bbox 2820 697 3017 763; x_wconf 87' lang='lat' dir='ltr'><strong>facere,</strong></span> <span class='ocrx_word' id='word_1_511' title='bbox 3049 699 3142 755; x_wconf 90' lang='lat' dir='ltr'><strong>sed</strong></span> <span class='ocrx_word' id='word_1_512' title='bbox 3172 698 3403 753; x_wconf 89' lang='lat' dir='ltr'><strong>ministri</strong></span> <span class='ocrx_word' id='word_1_513' title='bbox 3433 699 3635 754; x_wconf 75' lang='lat' dir='ltr'><strong>vinctos</strong></span> 
     </span>
    </p>
   </div>
   <div class='ocr_carea' id='block_1_65' title="bbox 2052 791 3636 861">
    <p class='ocr_par' dir='ltr' id='par_1_65' title="bbox 2052 791 3636 861">
     <span class='ocr_line' id='line_1_65' title="bbox 2052 791 3636 861; baseline 0.001 -14"><span class='ocrx_word' id='word_1_514' title='bbox 2052 793 2326 847; x_wconf 90' lang='lat' dir='ltr'><strong>dimittunt</strong></span> <span class='ocrx_word' id='word_1_515' title='bbox 2355 807 2368 844; x_wconf 90' lang='lat'><strong>:</strong></span> <span class='ocrx_word' id='word_1_516' title='bbox 2401 805 2558 846; x_wconf 90' lang='lat' dir='ltr'><strong>secus</strong></span> <span class='ocrx_word' id='word_1_517' title='bbox 2586 791 2703 856; x_wconf 91' lang='lat' dir='ltr'><strong>hic;</strong></span> <span class='ocrx_word' id='word_1_518' title='bbox 2739 791 2960 861; x_wconf 88' lang='lat' dir='ltr'><strong>ipsemet</strong></span> <span class='ocrx_word' id='word_1_519' title='bbox 2981 792 3090 848; x_wconf 81' lang='lat' dir='ltr'><strong>Rex</strong></span> <span class='ocrx_word' id='word_1_520' title='bbox 3132 793 3200 847; x_wconf 89' lang='lat' dir='ltr'><strong>ad</strong></span> <span class='ocrx_word' id='word_1_521' title='bbox 3236 793 3444 849; x_wconf 90' lang='lat' dir='ltr'><strong>vinctos</strong></span> <span class='ocrx_word' id='word_1_522' title='bbox 3472 794 3636 849; x_wconf 89' lang='lat' dir='ltr'><strong>venit.</strong></span> 
     </span>
    </p>
   </div>
   <div class='ocr_carea' id='block_1_66' title="bbox 2052 885 3636 953">
    <p class='ocr_par' dir='ltr' id='par_1_66' title="bbox 2052 885 3636 953">
     <span class='ocr_line' id='line_1_66' title="bbox 2052 885 3636 953; baseline 0.001 -13"><span class='ocrx_word' id='word_1_523' title='bbox 2052 886 2166 940; x_wconf 83' lang='lat' dir='ltr'><strong>Non</strong></span> <span class='ocrx_word' id='word_1_524' title='bbox 2206 885 2419 940; x_wconf 90' lang='lat' dir='ltr'><strong>erubuit</strong></span> <span class='ocrx_word' id='word_1_525' title='bbox 2462 898 2729 938; x_wconf 89' lang='lat' dir='ltr'><strong>carcerem</strong></span> <span class='ocrx_word' id='word_1_526' title='bbox 2752 925 2765 947; x_wconf 91' lang='lat'><strong>,</strong></span> <span class='ocrx_word' id='word_1_527' title='bbox 2799 898 2971 953; x_wconf 88' lang='lat' dir='ltr'><strong>neque</strong></span> <span class='ocrx_word' id='word_1_528' title='bbox 3018 885 3263 940; x_wconf 91' lang='lat' dir='ltr'><strong>detentos</strong></span> <span class='ocrx_word' id='word_1_529' title='bbox 3294 888 3344 941; x_wconf 90' lang='lat' dir='ltr'><strong>in</strong></span> <span class='ocrx_word' id='word_1_530' title='bbox 3372 900 3590 941; x_wconf 81' lang='lat' dir='ltr'><strong>carcere</strong></span> <span class='ocrx_word' id='word_1_531' title='bbox 3621 903 3636 941; x_wconf 94' lang='lat'><strong>:</strong></span> 
     </span>
    </p>
   </div>
   <div class='ocr_carea' id='block_1_67' title="bbox 2052 975 3641 1050">
    <p class='ocr_par' dir='ltr' id='par_1_67' title="bbox 2052 975 3641 1050">
     <span class='ocr_line' id='line_1_67' title="bbox 2052 975 3641 1050; baseline 0.001 -18"><span class='ocrx_word' id='word_1_532' title='bbox 2052 977 2118 1032; x_wconf 91' lang='lat' dir='ltr'><strong>de</strong></span> <span class='ocrx_word' id='word_1_533' title='bbox 2143 992 2207 1032; x_wconf 91' lang='lat' dir='ltr'><strong>eo</strong></span> <span class='ocrx_word' id='word_1_534' title='bbox 2232 977 2374 1031; x_wconf 86' lang='lat' dir='ltr'><strong>enim</strong></span> <span class='ocrx_word' id='word_1_535' title='bbox 2404 992 2561 1046; x_wconf 90' lang='lat' dir='ltr'><strong>quem</strong></span> <span class='ocrx_word' id='word_1_536' title='bbox 2592 975 2839 1040; x_wconf 87' lang='lat' dir='ltr'><strong>finxerat,</strong></span> <span class='ocrx_word' id='word_1_537' title='bbox 2867 976 3185 1034; x_wconf 84' lang='lat' dir='ltr'><strong>erubescere</strong></span> <span class='ocrx_word' id='word_1_538' title='bbox 3213 995 3318 1033; x_wconf 91' lang='lat' dir='ltr'><strong>non</strong></span> <span class='ocrx_word' id='word_1_539' title='bbox 3346 980 3556 1050; x_wconf 88' lang='lat' dir='ltr'><strong>potuit;</strong></span> <span class='ocrx_word' id='word_1_540' title='bbox 3586 988 3641 1033; x_wconf 90' lang='lat' dir='ltr'><strong>et</strong></span> 
     </span>
    </p>
   </div>
   <div class='ocr_carea' id='block_1_68' title="bbox 2052 1068 3637 1141">
    <p class='ocr_par' dir='ltr' id='par_1_68' title="bbox 2052 1068 3637 1141">
     <span class='ocr_line' id='line_1_68' title="bbox 2052 1068 3637 1141; baseline 0.001 -17"><span class='ocrx_word' id='word_1_541' title='bbox 2052 1069 2317 1139; x_wconf 79' lang='lat' dir='ltr'><strong>confregit</strong></span> <span class='ocrx_word' id='word_1_542' title='bbox 2362 1068 2536 1131; x_wconf 88' lang='lat' dir='ltr'><strong>fores,</strong></span> <span class='ocrx_word' id='word_1_543' title='bbox 2566 1078 2620 1122; x_wconf 94' lang='lat' dir='ltr'><strong>et</strong></span> <span class='ocrx_word' id='word_1_544' title='bbox 2650 1078 2829 1123; x_wconf 86' lang='lat' dir='ltr'><strong>vectes</strong></span> <span class='ocrx_word' id='word_1_545' title='bbox 2859 1070 3142 1137; x_wconf 87' lang='lat' dir='ltr'><strong>contrivit,</strong></span> <span class='ocrx_word' id='word_1_546' title='bbox 3188 1074 3516 1141; x_wconf 89' lang='lat' dir='ltr'><strong>superastitit</strong></span> <span class='ocrx_word' id='word_1_547' title='bbox 3560 1073 3637 1127; x_wconf 92' lang='lat' dir='ltr'><strong>in-</strong></span> 
     </span>
    </p>
   </div>
   <div class='ocr_carea' id='block_1_69' title="bbox 2053 1158 3643 1231">
    <p class='ocr_par' dir='ltr' id='par_1_69' title="bbox 2053 1158 3643 1231">
     <span class='ocr_line' id='line_1_69' title="bbox 2053 1158 3643 1231; baseline 0.003 -18"><span class='ocrx_word' id='word_1_548' title='bbox 2053 1159 2204 1214; x_wconf 86' lang='lat' dir='ltr'><strong>ferno</strong></span> <span class='ocrx_word' id='word_1_549' title='bbox 2227 1202 2242 1223; x_wconf 88' lang='lat'><strong>,</strong></span> <span class='ocrx_word' id='word_1_550' title='bbox 2272 1170 2324 1215; x_wconf 93' lang='lat' dir='ltr'><strong>et</strong></span> <span class='ocrx_word' id='word_1_551' title='bbox 2347 1160 2615 1215; x_wconf 87' lang='lat' dir='ltr'><strong>desertam</strong></span> <span class='ocrx_word' id='word_1_552' title='bbox 2644 1158 2773 1215; x_wconf 88' lang='lat' dir='ltr'><strong>fecit</strong></span> <span class='ocrx_word' id='word_1_553' title='bbox 2803 1169 2967 1215; x_wconf 89' lang='lat' dir='ltr'><strong>totam</strong></span> <span class='ocrx_word' id='word_1_554' title='bbox 3000 1162 3139 1215; x_wconf 91' lang='lat' dir='ltr'><strong>illius</strong></span> <span class='ocrx_word' id='word_1_555' title='bbox 3165 1165 3455 1219; x_wconf 88' lang='lat' dir='ltr'><strong>custodiam</strong></span> <span class='ocrx_word' id='word_1_556' title='bbox 3477 1206 3494 1231; x_wconf 96' lang='lat'><strong>,</strong></span> <span class='ocrx_word' id='word_1_557' title='bbox 3524 1181 3643 1220; x_wconf 81' lang='lat' dir='ltr'><strong>car-</strong></span> 
     </span>
    </p>
   </div>
   <div class='ocr_carea' id='block_1_70' title="bbox 2053 1248 3643 1319">
    <p class='ocr_par' dir='ltr' id='par_1_70' title="bbox 2053 1248 3643 1319">
     <span class='ocr_line' id='line_1_70' title="bbox 2053 1248 3643 1319; baseline 0.003 -17"><span class='ocrx_word' id='word_1_558' title='bbox 2053 1250 2298 1319; x_wconf 91' lang='lat' dir='ltr'><strong>cerisque</strong></span> <span class='ocrx_word' id='word_1_559' title='bbox 2342 1248 2562 1305; x_wconf 80' lang='lat' dir='ltr'><strong>custode</strong></span> <span class='ocrx_word' id='word_1_560' title='bbox 2592 1250 2643 1303; x_wconf 92' lang='lat' dir='ltr'><strong>in</strong></span> <span class='ocrx_word' id='word_1_561' title='bbox 2671 1250 2882 1305; x_wconf 85' lang='lat' dir='ltr'><strong>vincula</strong></span> <span class='ocrx_word' id='word_1_562' title='bbox 2911 1251 3175 1319; x_wconf 86' lang='lat' dir='ltr'><strong>conjecto,</strong></span> <span class='ocrx_word' id='word_1_563' title='bbox 3206 1252 3271 1305; x_wconf 87' lang='lat' dir='ltr'><strong>ad</strong></span> <span class='ocrx_word' id='word_1_564' title='bbox 3306 1268 3400 1306; x_wconf 91' lang='lat' dir='ltr'><strong>nos</strong></span> <span class='ocrx_word' id='word_1_565' title='bbox 3438 1269 3643 1309; x_wconf 84' lang='lat' dir='ltr'><strong>remea-</strong></span> 
     </span>
    </p>
   </div>
   <div class='ocr_carea' id='block_1_71' title="bbox 2053 1338 3639 1409">
    <p class='ocr_par' dir='ltr' id='par_1_71' title="bbox 2053 1338 3639 1409">
     <span class='ocr_line' id='line_1_71' title="bbox 2053 1338 3639 1409; baseline 0.006 -20"><span class='ocrx_word' id='word_1_566' title='bbox 2053 1338 2148 1391; x_wconf 84' lang='lat' dir='ltr'><strong>vit.</strong></span> <span class='ocrx_word' id='word_1_567' title='bbox 2179 1338 2458 1408; x_wconf 88' lang='lat' dir='ltr'><strong>Tyrannus</strong></span> <span class='ocrx_word' id='word_1_568' title='bbox 2502 1341 2742 1409; x_wconf 85' lang='lat' dir='ltr'><strong>captivus</strong></span> <span class='ocrx_word' id='word_1_569' title='bbox 2792 1341 3129 1407; x_wconf 84' lang='lat' dir='ltr'><strong>ducebatur,</strong></span> <span class='ocrx_word' id='word_1_570' title='bbox 3183 1340 3336 1396; x_wconf 87' lang='lat' dir='ltr'><strong>fortis</strong></span> <span class='ocrx_word' id='word_1_571' title='bbox 3386 1344 3639 1399; x_wconf 91' lang='lat' dir='ltr'><strong>vinctus:</strong></span> 
     </span>
    </p>
   </div>
   <div class='ocr_carea' id='block_1_72' title="bbox 2057 1430 3637 1507">
    <p class='ocr_par' dir='ltr' id='par_1_72' title="bbox 2057 1430 3637 1507">
     <span class='ocr_line' id='line_1_72' title="bbox 2057 1430 3637 1507; baseline 0.006 -25"><span class='ocrx_word' id='word_1_572' title='bbox 2057 1430 2169 1498; x_wconf 80' lang='lat' dir='ltr'><strong>ipsa</strong></span> <span class='ocrx_word' id='word_1_573' title='bbox 2199 1446 2343 1486; x_wconf 84' lang='lat' dir='ltr'><strong>mors</strong></span> <span class='ocrx_word' id='word_1_574' title='bbox 2387 1432 2607 1503; x_wconf 85' lang='lat' dir='ltr'><strong>abjectis</strong></span> <span class='ocrx_word' id='word_1_575' title='bbox 2636 1434 2800 1490; x_wconf 88' lang='lat' dir='ltr'><strong>armis</strong></span> <span class='ocrx_word' id='word_1_576' title='bbox 2822 1477 2837 1501; x_wconf 93' lang='lat'><strong>,</strong></span> <span class='ocrx_word' id='word_1_577' title='bbox 2867 1435 3007 1490; x_wconf 91' lang='lat' dir='ltr'><strong>nuda</strong></span> <span class='ocrx_word' id='word_1_578' title='bbox 3038 1436 3104 1492; x_wconf 88' lang='lat' dir='ltr'><strong>ad</strong></span> <span class='ocrx_word' id='word_1_579' title='bbox 3148 1435 3309 1507; x_wconf 82' lang='lat' dir='ltr'><strong>Regis</strong></span> <span class='ocrx_word' id='word_1_580' title='bbox 3339 1436 3503 1507; x_wconf 89' lang='lat' dir='ltr'><strong>pedes</strong></span> <span class='ocrx_word' id='word_1_581' title='bbox 3548 1451 3637 1492; x_wconf 92' lang='lat' dir='ltr'><strong>cu-</strong></span> 
     </span>
    </p>
   </div>
   <div class='ocr_carea' id='block_1_73' title="bbox 2056 1524 2242 1579">
    <p class='ocr_par' dir='ltr' id='par_1_73' title="bbox 2056 1524 2242 1579">
     <span class='ocr_line' id='line_1_73' title="bbox 2056 1524 2242 1579; baseline -0.005 -2"><span class='ocrx_word' id='word_1_582' title='bbox 2056 1524 2242 1579; x_wconf 88' lang='lat' dir='ltr'><strong>currit.</strong></span> 
     </span>
    </p>
   </div>
   <div class='ocr_carea' id='block_1_74' title="bbox 2133 1612 3647 1681">
    <p class='ocr_par' dir='ltr' id='par_1_74' title="bbox 2133 1612 3647 1681">
     <span class='ocr_line' id='line_1_74' title="bbox 2133 1612 3647 1681; baseline 0.003 -14"><span class='ocrx_word' id='word_1_583' title='bbox 2133 1612 2240 1668; x_wconf 89' lang='lat' dir='ltr'><strong>Per</strong></span> <span class='ocrx_word' id='word_1_584' title='bbox 2265 1630 2377 1680; x_wconf 70' lang='lat' dir='ltr'><strong>quin</strong></span> <span class='ocrx_word' id='word_1_585' title='bbox 2406 1615 2589 1670; x_wconf 83' lang='lat' dir='ltr'><strong>vicerat</strong></span> <span class='ocrx_word' id='word_1_586' title='bbox 2619 1615 2850 1670; x_wconf 84' lang='lat' dir='ltr'><strong>diabolus</strong></span> <span class='ocrx_word' id='word_1_587' title='bbox 2888 1618 3135 1681; x_wconf 81' lang='lat' dir='ltr'><strong>vincitur;</strong></span> <span class='ocrx_word' id='word_1_588' title='bbox 3178 1618 3385 1672; x_wconf 87' lang='lat' dir='ltr'><strong>victoria</strong></span> <span class='ocrx_word' id='word_1_589' title='bbox 3424 1620 3535 1672; x_wconf 82' lang='lat' dir='ltr'><strong>sine</strong></span> <span class='ocrx_word' id='word_1_590' title='bbox 3571 1620 3647 1673; x_wconf 85' lang='lat' dir='ltr'><strong>la-</strong></span> 
     </span>
    </p>
   </div>
   <div class='ocr_carea' id='block_1_75' title="bbox 2057 1704 3647 1766">
    <p class='ocr_par' dir='ltr' id='par_1_75' title="bbox 2057 1704 3647 1766">
     <span class='ocr_line' id='line_1_75' title="bbox 2057 1704 3647 1766; baseline 0.004 -8"><span class='ocrx_word' id='word_1_591' title='bbox 2057 1704 2176 1759; x_wconf 89' lang='lat' dir='ltr'><strong>bore</strong></span> <span class='ocrx_word' id='word_1_592' title='bbox 2217 1716 2409 1760; x_wconf 88' lang='lat' dir='ltr'><strong>nostra.</strong></span> <span class='ocrx_word' id='word_1_593' title='bbox 2438 1737 2504 1748; x_wconf 86' lang='lat'><strong>-—</strong></span> <span class='ocrx_word' id='word_1_594' title='bbox 2529 1706 2721 1761; x_wconf 84' lang='lat' dir='ltr'><strong>Vidisti</strong></span> <span class='ocrx_word' id='word_1_595' title='bbox 2767 1708 3063 1762; x_wconf 87' lang='lat' dir='ltr'><strong>mirandam</strong></span> <span class='ocrx_word' id='word_1_596' title='bbox 3112 1709 3429 1763; x_wconf 88' lang='lat' dir='ltr'><strong>victoriam?</strong></span> <span class='ocrx_word' id='word_1_597' title='bbox 3472 1711 3647 1766; x_wconf 88' lang='lat' dir='ltr'><strong>vidisti</strong></span> 
     </span>
    </p>
   </div>
   <div class='ocr_carea' id='block_1_76' title="bbox 2057 1797 3651 1870">
    <p class='ocr_par' dir='ltr' id='par_1_76' title="bbox 2057 1797 3651 1870">
     <span class='ocr_line' id='line_1_76' title="bbox 2057 1797 3651 1870; baseline 0.005 -20"><span class='ocrx_word' id='word_1_598' title='bbox 2057 1797 2231 1851; x_wconf 91' lang='lat' dir='ltr'><strong>crucis</strong></span> <span class='ocrx_word' id='word_1_599' title='bbox 2258 1797 2514 1866; x_wconf 71' lang='lat' dir='ltr'><strong>prmclara</strong></span> <span class='ocrx_word' id='word_1_600' title='bbox 2546 1798 2820 1854; x_wconf 88' lang='lat' dir='ltr'><strong>facinora?</strong></span> <span class='ocrx_word' id='word_1_601' title='bbox 2849 1799 3029 1854; x_wconf 88' lang='lat' dir='ltr'><strong>Dicam</strong></span> <span class='ocrx_word' id='word_1_602' title='bbox 3072 1798 3163 1855; x_wconf 92' lang='lat' dir='ltr'><strong>tibi</strong></span> <span class='ocrx_word' id='word_1_603' title='bbox 3194 1801 3441 1870; x_wconf 90' lang='lat' dir='ltr'><strong>quiddam</strong></span> <span class='ocrx_word' id='word_1_604' title='bbox 3475 1801 3651 1858; x_wconf 86' lang='lat' dir='ltr'><strong>adhuc</strong></span> 
     </span>
    </p>
   </div>
   <div class='ocr_carea' id='block_1_77' title="bbox 2059 1887 3650 1964">
    <p class='ocr_par' dir='ltr' id='par_1_77' title="bbox 2059 1887 3650 1964">
     <span class='ocr_line' id='line_1_77' title="bbox 2059 1887 3650 1964; baseline 0.004 -24"><span class='ocrx_word' id='word_1_605' title='bbox 2059 1887 2393 1943; x_wconf 89' lang='lat' dir='ltr'><strong>mirabilius?</strong></span> <span class='ocrx_word' id='word_1_606' title='bbox 2421 1890 2566 1946; x_wconf 91' lang='lat' dir='ltr'><strong>disce</strong></span> <span class='ocrx_word' id='word_1_607' title='bbox 2591 1891 2807 1947; x_wconf 91' lang='lat' dir='ltr'><strong>modum</strong></span> <span class='ocrx_word' id='word_1_608' title='bbox 2839 1892 3098 1960; x_wconf 76' lang='lat' dir='ltr'><strong>victoriae,</strong></span> <span class='ocrx_word' id='word_1_609' title='bbox 3125 1900 3181 1948; x_wconf 91' lang='lat' dir='ltr'><strong>et</strong></span> <span class='ocrx_word' id='word_1_610' title='bbox 3211 1901 3335 1949; x_wconf 92' lang='lat' dir='ltr'><strong>tunc</strong></span> <span class='ocrx_word' id='word_1_611' title='bbox 3361 1894 3531 1964; x_wconf 88' lang='lat' dir='ltr'><strong>magis</strong></span> <span class='ocrx_word' id='word_1_612' title='bbox 3555 1894 3650 1949; x_wconf 88' lang='lat' dir='ltr'><strong>ob-</strong></span> 
     </span>
    </p>
   </div>
   <div class='ocr_carea' id='block_1_78' title="bbox 2062 1981 3646 2055">
    <p class='ocr_par' dir='ltr' id='par_1_78' title="bbox 2062 1981 3646 2055">
     <span class='ocr_line' id='line_1_78' title="bbox 2062 1981 3646 2055; baseline 0.003 -22"><span class='ocrx_word' id='word_1_613' title='bbox 2062 1987 2358 2048; x_wconf 87' lang='lat' dir='ltr'><strong>stupesces.</strong></span> <span class='ocrx_word' id='word_1_614' title='bbox 2386 1981 2489 2036; x_wconf 83' lang='lat' dir='ltr'><strong>Per</strong></span> <span class='ocrx_word' id='word_1_615' title='bbox 2512 1998 2631 2052; x_wconf 73' lang='lat' dir='ltr'><strong>qua:</strong></span> <span class='ocrx_word' id='word_1_616' title='bbox 2658 1985 2800 2038; x_wconf 90' lang='lat' dir='ltr'><strong>enim</strong></span> <span class='ocrx_word' id='word_1_617' title='bbox 2825 1984 3069 2039; x_wconf 88' lang='lat' dir='ltr'><strong>diabolus</strong></span> <span class='ocrx_word' id='word_1_618' title='bbox 3096 1985 3315 2049; x_wconf 87' lang='lat' dir='ltr'><strong>vicerat,</strong></span> <span class='ocrx_word' id='word_1_619' title='bbox 3345 2000 3441 2055; x_wconf 89' lang='lat' dir='ltr'><strong>per</strong></span> <span class='ocrx_word' id='word_1_620' title='bbox 3460 1986 3646 2041; x_wconf 85' lang='lat' dir='ltr'><strong>eadem</strong></span> 
     </span>
    </p>
   </div>
   <div class='ocr_carea' id='block_1_79' title="bbox 2061 2071 3654 2145">
    <p class='ocr_par' dir='ltr' id='par_1_79' title="bbox 2061 2071 3654 2145">
     <span class='ocr_line' id='line_1_79' title="bbox 2061 2071 3654 2145; baseline 0.003 -18"><span class='ocrx_word' id='word_1_621' title='bbox 2061 2071 2304 2127; x_wconf 91' lang='lat' dir='ltr'><strong>Christus</strong></span> <span class='ocrx_word' id='word_1_622' title='bbox 2331 2074 2576 2128; x_wconf 87' lang='lat' dir='ltr'><strong>eumdem</strong></span> <span class='ocrx_word' id='word_1_623' title='bbox 2600 2074 2813 2141; x_wconf 87' lang='lat' dir='ltr'><strong>devicit,</strong></span> <span class='ocrx_word' id='word_1_624' title='bbox 2843 2086 2896 2130; x_wconf 91' lang='lat' dir='ltr'><strong>et</strong></span> <span class='ocrx_word' id='word_1_625' title='bbox 2916 2078 3148 2145; x_wconf 86' lang='lat' dir='ltr'><strong>acceptis</strong></span> <span class='ocrx_word' id='word_1_626' title='bbox 3173 2076 3364 2145; x_wconf 90' lang='lat' dir='ltr'><strong>quibus</strong></span> <span class='ocrx_word' id='word_1_627' title='bbox 3389 2092 3517 2131; x_wconf 85' lang='lat' dir='ltr'><strong>usus</strong></span> <span class='ocrx_word' id='word_1_628' title='bbox 3542 2075 3654 2131; x_wconf 83' lang='lat' dir='ltr'><strong>fne-</strong></span> 
     </span>
    </p>
   </div>
   <div class='ocr_carea' id='block_1_80' title="bbox 2064 2163 3648 2238">
    <p class='ocr_par' dir='ltr' id='par_1_80' title="bbox 2064 2163 3648 2238">
     <span class='ocr_line' id='line_1_80' title="bbox 2064 2163 3648 2238; baseline 0.003 -21"><span class='ocrx_word' id='word_1_629' title='bbox 2064 2172 2147 2217; x_wconf 91' lang='lat' dir='ltr'><strong>rat</strong></span> <span class='ocrx_word' id='word_1_630' title='bbox 2173 2163 2362 2231; x_wconf 87' lang='lat' dir='ltr'><strong>armis,</strong></span> <span class='ocrx_word' id='word_1_631' title='bbox 2395 2179 2517 2219; x_wconf 92' lang='lat' dir='ltr'><strong>eum</strong></span> <span class='ocrx_word' id='word_1_632' title='bbox 2546 2164 2833 2220; x_wconf 91' lang='lat' dir='ltr'><strong>debellavit</strong></span> <span class='ocrx_word' id='word_1_633' title='bbox 2861 2184 2873 2220; x_wconf 91' lang='lat'><strong>:</strong></span> <span class='ocrx_word' id='word_1_634' title='bbox 2900 2174 2955 2221; x_wconf 92' lang='lat' dir='ltr'><strong>et</strong></span> <span class='ocrx_word' id='word_1_635' title='bbox 2977 2167 3266 2236; x_wconf 91' lang='lat' dir='ltr'><strong>quomodo,</strong></span> <span class='ocrx_word' id='word_1_636' title='bbox 3297 2167 3441 2223; x_wconf 89' lang='lat' dir='ltr'><strong>audi.</strong></span> <span class='ocrx_word' id='word_1_637' title='bbox 3472 2168 3648 2238; x_wconf 88' lang='lat' dir='ltr'><strong>Virgo,</strong></span> 
     </span>
    </p>
   </div>
   <div class='ocr_carea' id='block_1_81' title="bbox 2059 2252 3656 2328">
    <p class='ocr_par' dir='ltr' id='par_1_81' title="bbox 2059 2252 3656 2328">
     <span class='ocr_line' id='line_1_81' title="bbox 2059 2252 3656 2328; baseline 0.004 -22"><span class='ocrx_word' id='word_1_638' title='bbox 2059 2252 2259 2321; x_wconf 90' lang='lat' dir='ltr'><strong>lignum</strong></span> <span class='ocrx_word' id='word_1_639' title='bbox 2288 2263 2341 2308; x_wconf 90' lang='lat' dir='ltr'><strong>et</strong></span> <span class='ocrx_word' id='word_1_640' title='bbox 2369 2270 2516 2309; x_wconf 86' lang='lat' dir='ltr'><strong>mors</strong></span> <span class='ocrx_word' id='word_1_641' title='bbox 2543 2255 2708 2309; x_wconf 90' lang='lat' dir='ltr'><strong>cladis</strong></span> <span class='ocrx_word' id='word_1_642' title='bbox 2739 2266 2937 2311; x_wconf 63' lang='lat' dir='ltr'><strong>nostra</strong></span> <span class='ocrx_word' id='word_1_643' title='bbox 2960 2256 3178 2312; x_wconf 91' lang='lat' dir='ltr'><strong>fuerunt</strong></span> <span class='ocrx_word' id='word_1_644' title='bbox 3205 2257 3467 2328; x_wconf 85' lang='lat' dir='ltr'><strong>symbola.</strong></span> <span class='ocrx_word' id='word_1_645' title='bbox 3497 2258 3656 2328; x_wconf 85' lang='lat' dir='ltr'><strong>Virgo</strong></span> 
     </span>
    </p>
   </div>
   <div class='ocr_carea' id='block_1_82' title="bbox 2063 2344 3655 2418">
    <p class='ocr_par' dir='ltr' id='par_1_82' title="bbox 2063 2344 3655 2418">
     <span class='ocr_line' id='line_1_82' title="bbox 2063 2344 3655 2418; baseline 0.005 -23"><span class='ocrx_word' id='word_1_646' title='bbox 2063 2352 2176 2397; x_wconf 89' lang='lat' dir='ltr'><strong>erat</strong></span> <span class='ocrx_word' id='word_1_647' title='bbox 2218 2344 2367 2398; x_wconf 85' lang='lat' dir='ltr'><strong>Eva:</strong></span> <span class='ocrx_word' id='word_1_648' title='bbox 2400 2345 2625 2399; x_wconf 89' lang='lat' dir='ltr'><strong>necdum</strong></span> <span class='ocrx_word' id='word_1_649' title='bbox 2664 2346 2805 2401; x_wconf 91' lang='lat' dir='ltr'><strong>enim</strong></span> <span class='ocrx_word' id='word_1_650' title='bbox 2840 2348 3013 2402; x_wconf 88' lang='lat' dir='ltr'><strong>virum</strong></span> <span class='ocrx_word' id='word_1_651' title='bbox 3053 2356 3409 2418; x_wconf 82' lang='lat' dir='ltr'><strong>cognoverat;</strong></span> <span class='ocrx_word' id='word_1_652' title='bbox 3455 2348 3655 2418; x_wconf 89' lang='lat' dir='ltr'><strong>lignum</strong></span> 
     </span>
    </p>
   </div>
   <div class='ocr_carea' id='block_1_83' title="bbox 2062 2436 3655 2511">
    <p class='ocr_par' dir='ltr' id='par_1_83' title="bbox 2062 2436 3655 2511">
     <span class='ocr_line' id='line_1_83' title="bbox 2062 2436 3655 2511; baseline 0.003 -21"><span class='ocrx_word' id='word_1_653' title='bbox 2062 2447 2177 2490; x_wconf 91' lang='lat' dir='ltr'><strong>erat</strong></span> <span class='ocrx_word' id='word_1_654' title='bbox 2206 2436 2385 2503; x_wconf 91' lang='lat' dir='ltr'><strong>arbor,</strong></span> <span class='ocrx_word' id='word_1_655' title='bbox 2410 2452 2554 2493; x_wconf 88' lang='lat' dir='ltr'><strong>mors</strong></span> <span class='ocrx_word' id='word_1_656' title='bbox 2583 2439 2778 2493; x_wconf 90' lang='lat' dir='ltr'><strong>mulcta</strong></span> <span class='ocrx_word' id='word_1_657' title='bbox 2806 2440 3017 2494; x_wconf 90' lang='lat' dir='ltr'><strong>Adami.</strong></span> <span class='ocrx_word' id='word_1_658' title='bbox 3040 2441 3109 2494; x_wconf 81' lang='lat' dir='ltr'><strong>At</strong></span> <span class='ocrx_word' id='word_1_659' title='bbox 3131 2455 3258 2495; x_wconf 90' lang='lat' dir='ltr'><strong>ecce</strong></span> <span class='ocrx_word' id='word_1_660' title='bbox 3279 2441 3470 2497; x_wconf 91' lang='lat' dir='ltr'><strong>iterum</strong></span> <span class='ocrx_word' id='word_1_661' title='bbox 3494 2441 3655 2511; x_wconf 85' lang='lat' dir='ltr'><strong>Virgo</strong></span> 
     </span>
    </p>
   </div>
   <div class='ocr_carea' id='block_1_84' title="bbox 2065 2527 3655 2601">
    <p class='ocr_par' dir='ltr' id='par_1_84' title="bbox 2065 2527 3655 2601">
     <span class='ocr_line' id='line_1_84' title="bbox 2065 2527 3655 2601; baseline 0.003 -20"><span class='ocrx_word' id='word_1_662' title='bbox 2065 2535 2119 2581; x_wconf 89' lang='lat' dir='ltr'><strong>et</strong></span> <span class='ocrx_word' id='word_1_663' title='bbox 2147 2527 2345 2596; x_wconf 90' lang='lat' dir='ltr'><strong>lignum</strong></span> <span class='ocrx_word' id='word_1_664' title='bbox 2372 2538 2426 2582; x_wconf 91' lang='lat' dir='ltr'><strong>et</strong></span> <span class='ocrx_word' id='word_1_665' title='bbox 2452 2544 2618 2591; x_wconf 89' lang='lat' dir='ltr'><strong>mors,</strong></span> <span class='ocrx_word' id='word_1_666' title='bbox 2648 2531 2734 2583; x_wconf 90' lang='lat' dir='ltr'><strong>illa</strong></span> <span class='ocrx_word' id='word_1_667' title='bbox 2756 2529 2923 2585; x_wconf 90' lang='lat' dir='ltr'><strong>cladis</strong></span> <span class='ocrx_word' id='word_1_668' title='bbox 2941 2530 3205 2601; x_wconf 84' lang='lat' dir='ltr'><strong>symbola,</strong></span> <span class='ocrx_word' id='word_1_669' title='bbox 3230 2531 3396 2601; x_wconf 90' lang='lat' dir='ltr'><strong>ipsius</strong></span> <span class='ocrx_word' id='word_1_670' title='bbox 3420 2532 3655 2586; x_wconf 82' lang='lat' dir='ltr'><strong>victoria:</strong></span> 
     </span>
    </p>
   </div>
   <div class='ocr_carea' id='block_1_85' title="bbox 2065 2617 3658 2688">
    <p class='ocr_par' dir='ltr' id='par_1_85' title="bbox 2065 2617 3658 2688">
     <span class='ocr_line' id='line_1_85' title="bbox 2065 2617 3658 2688; baseline 0.001 -18"><span class='ocrx_word' id='word_1_671' title='bbox 2065 2617 2303 2688; x_wconf 87' lang='lat' dir='ltr'><strong>symbola</strong></span> <span class='ocrx_word' id='word_1_672' title='bbox 2337 2617 2470 2671; x_wconf 89' lang='lat' dir='ltr'><strong>facta</strong></span> <span class='ocrx_word' id='word_1_673' title='bbox 2502 2627 2648 2673; x_wconf 91' lang='lat' dir='ltr'><strong>sunt.</strong></span> <span class='ocrx_word' id='word_1_674' title='bbox 2678 2625 2812 2675; x_wconf 80' lang='lat' dir='ltr'><strong>Nam</strong></span> <span class='ocrx_word' id='word_1_675' title='bbox 2858 2620 2977 2675; x_wconf 92' lang='lat' dir='ltr'><strong>loco</strong></span> <span class='ocrx_word' id='word_1_676' title='bbox 3017 2620 3144 2675; x_wconf 75' lang='lat' dir='ltr'><strong>Eva:</strong></span> <span class='ocrx_word' id='word_1_677' title='bbox 3180 2631 3264 2676; x_wconf 87' lang='lat' dir='ltr'><strong>est</strong></span> <span class='ocrx_word' id='word_1_678' title='bbox 3296 2620 3491 2683; x_wconf 82' lang='lat' dir='ltr'><strong>Maria;</strong></span> <span class='ocrx_word' id='word_1_679' title='bbox 3537 2621 3658 2676; x_wconf 89' lang='lat' dir='ltr'><strong>loco</strong></span> 
     </span>
    </p>
   </div>
   <div class='ocr_carea' id='block_1_86' title="bbox 2065 2705 3659 2780">
    <p class='ocr_par' dir='ltr' id='par_1_86' title="bbox 2065 2705 3659 2780">
     <span class='ocr_line' id='line_1_86' title="bbox 2065 2705 3659 2780; baseline 0.004 -21"><span class='ocrx_word' id='word_1_680' title='bbox 2065 2705 2191 2776; x_wconf 87' lang='lat' dir='ltr'><strong>ligni</strong></span> <span class='ocrx_word' id='word_1_681' title='bbox 2219 2707 2455 2762; x_wconf 78' lang='lat' dir='ltr'><strong>scientia:</strong></span> <span class='ocrx_word' id='word_1_682' title='bbox 2481 2708 2605 2763; x_wconf 90' lang='lat' dir='ltr'><strong>boni</strong></span> <span class='ocrx_word' id='word_1_683' title='bbox 2634 2718 2685 2764; x_wconf 91' lang='lat' dir='ltr'><strong>et</strong></span> <span class='ocrx_word' id='word_1_684' title='bbox 2715 2710 2839 2764; x_wconf 91' lang='lat' dir='ltr'><strong>mali</strong></span> <span class='ocrx_word' id='word_1_685' title='bbox 2866 2710 3063 2780; x_wconf 92' lang='lat' dir='ltr'><strong>lignum</strong></span> <span class='ocrx_word' id='word_1_686' title='bbox 3091 2712 3294 2776; x_wconf 91' lang='lat' dir='ltr'><strong>crucis;</strong></span> <span class='ocrx_word' id='word_1_687' title='bbox 3319 2712 3438 2765; x_wconf 90' lang='lat' dir='ltr'><strong>loco</strong></span> <span class='ocrx_word' id='word_1_688' title='bbox 3469 2714 3659 2767; x_wconf 87' lang='lat' dir='ltr'><strong>mortis</strong></span> 
     </span>
    </p>
   </div>
   <div class='ocr_carea' id='block_1_87' title="bbox 2062 2798 3660 2874">
    <p class='ocr_par' dir='ltr' id='par_1_87' title="bbox 2062 2798 3660 2874">
     <span class='ocr_line' id='line_1_87' title="bbox 2062 2798 3660 2874; baseline 0.005 -23"><span class='ocrx_word' id='word_1_689' title='bbox 2062 2798 2255 2853; x_wconf 85' lang='lat' dir='ltr'><strong>Adami</strong></span> <span class='ocrx_word' id='word_1_690' title='bbox 2300 2813 2445 2854; x_wconf 92' lang='lat' dir='ltr'><strong>mors</strong></span> <span class='ocrx_word' id='word_1_691' title='bbox 2483 2799 2702 2856; x_wconf 86' lang='lat' dir='ltr'><strong>Christi.</strong></span> <span class='ocrx_word' id='word_1_692' title='bbox 2734 2802 2893 2857; x_wconf 88' lang='lat' dir='ltr'><strong>Vides</strong></span> <span class='ocrx_word' id='word_1_693' title='bbox 2921 2818 3042 2857; x_wconf 92' lang='lat' dir='ltr'><strong>eum</strong></span> <span class='ocrx_word' id='word_1_694' title='bbox 3062 2844 3076 2869; x_wconf 93' lang='lat'><strong>,</strong></span> <span class='ocrx_word' id='word_1_695' title='bbox 3112 2818 3209 2873; x_wconf 89' lang='lat' dir='ltr'><strong>per</strong></span> <span class='ocrx_word' id='word_1_696' title='bbox 3235 2819 3353 2874; x_wconf 75' lang='lat' dir='ltr'><strong>qua:</strong></span> <span class='ocrx_word' id='word_1_697' title='bbox 3377 2804 3532 2866; x_wconf 90' lang='lat' dir='ltr'><strong>vicit,</strong></span> <span class='ocrx_word' id='word_1_698' title='bbox 3566 2821 3660 2874; x_wconf 84' lang='lat' dir='ltr'><strong>per</strong></span> 
     </span>
    </p>
   </div>
   <div class='ocr_carea' id='block_1_88' title="bbox 2061 2891 3659 2964">
    <p class='ocr_par' dir='ltr' id='par_1_88' title="bbox 2061 2891 3659 2964">
     <span class='ocr_line' id='line_1_88' title="bbox 2061 2891 3659 2964; baseline 0.004 -20"><span class='ocrx_word' id='word_1_699' title='bbox 2061 2892 2246 2945; x_wconf 89' lang='lat' dir='ltr'><strong>eadem</strong></span> <span class='ocrx_word' id='word_1_700' title='bbox 2276 2902 2331 2946; x_wconf 91' lang='lat' dir='ltr'><strong>et</strong></span> <span class='ocrx_word' id='word_1_701' title='bbox 2356 2893 2551 2947; x_wconf 90' lang='lat' dir='ltr'><strong>victum</strong></span> <span class='ocrx_word' id='word_1_702' title='bbox 2580 2909 2701 2950; x_wconf 89' lang='lat' dir='ltr'><strong>esse</strong></span> <span class='ocrx_word' id='word_1_703' title='bbox 2723 2894 2746 2947; x_wconf 91' lang='lat'><strong>?</strong></span> <span class='ocrx_word' id='word_1_704' title='bbox 2772 2891 2926 2949; x_wconf 90' lang='lat' dir='ltr'><strong>Circa</strong></span> <span class='ocrx_word' id='word_1_705' title='bbox 2957 2896 3203 2950; x_wconf 90' lang='lat' dir='ltr'><strong>arborem</strong></span> <span class='ocrx_word' id='word_1_706' title='bbox 3236 2897 3519 2964; x_wconf 88' lang='lat' dir='ltr'><strong>prostravit</strong></span> <span class='ocrx_word' id='word_1_707' title='bbox 3545 2896 3659 2951; x_wconf 88' lang='lat' dir='ltr'><strong>dia-</strong></span> 
     </span>
    </p>
   </div>
   <div class='ocr_carea' id='block_1_89' title="bbox 2063 2980 3661 3050">
    <p class='ocr_par' dir='ltr' id='par_1_89' title="bbox 2063 2980 3661 3050">
     <span class='ocr_line' id='line_1_89' title="bbox 2063 2980 3661 3050; baseline 0.006 -16"><span class='ocrx_word' id='word_1_708' title='bbox 2063 2980 2218 3035; x_wconf 91' lang='lat' dir='ltr'><strong>bolus</strong></span> <span class='ocrx_word' id='word_1_709' title='bbox 2263 2982 2563 3050; x_wconf 81' lang='lat' dir='ltr'><strong>Adamum,</strong></span> <span class='ocrx_word' id='word_1_710' title='bbox 2608 2986 2746 3039; x_wconf 91' lang='lat' dir='ltr'><strong>circa</strong></span> <span class='ocrx_word' id='word_1_711' title='bbox 2790 2984 3038 3041; x_wconf 89' lang='lat' dir='ltr'><strong>arborem</strong></span> <span class='ocrx_word' id='word_1_712' title='bbox 3086 2986 3373 3041; x_wconf 89' lang='lat' dir='ltr'><strong>debellavit</strong></span> <span class='ocrx_word' id='word_1_713' title='bbox 3417 2987 3661 3043; x_wconf 89' lang='lat' dir='ltr'><strong>Christus</strong></span> 
     </span>
    </p>
   </div>
   <div class='ocr_carea' id='block_1_90' title="bbox 2064 3072 3733 3148">
    <p class='ocr_par' dir='ltr' id='par_1_90' title="bbox 2064 3072 3733 3148">
     <span class='ocr_line' id='line_1_90' title="bbox 2064 3072 3733 3148; baseline 0.006 -22"><span class='ocrx_word' id='word_1_714' title='bbox 2064 3072 2355 3130; x_wconf 90' lang='lat' dir='ltr'><strong>diabolum.</strong></span> <span class='ocrx_word' id='word_1_715' title='bbox 2383 3076 2447 3129; x_wconf 85' lang='lat' dir='ltr'><strong>Et</strong></span> <span class='ocrx_word' id='word_1_716' title='bbox 2476 3076 2605 3131; x_wconf 90' lang='lat' dir='ltr'><strong>illud</strong></span> <span class='ocrx_word' id='word_1_717' title='bbox 2632 3077 2845 3145; x_wconf 91' lang='lat' dir='ltr'><strong>quidem</strong></span> <span class='ocrx_word' id='word_1_718' title='bbox 2877 3078 3076 3148; x_wconf 89' lang='lat' dir='ltr'><strong>lignum</strong></span> <span class='ocrx_word' id='word_1_719' title='bbox 3122 3080 3369 3134; x_wconf 87' lang='lat' dir='ltr'><strong>mittebat</strong></span> <span class='ocrx_word' id='word_1_720' title='bbox 3405 3080 3473 3134; x_wconf 89' lang='lat' dir='ltr'><strong>ad</strong></span> <span class='ocrx_word' id='word_1_721' title='bbox 3516 3080 3657 3136; x_wconf 84' lang='lat' dir='ltr'><strong>infe-</strong></span> <span class='ocrx_word' id='word_1_722' title='bbox 3729 3122 3733 3126; x_wconf 63' lang='grc' dir='ltr'>ι</span> 
     </span>
    </p>
   </div>
   <div class='ocr_carea' id='block_1_91' title="bbox 2066 3164 3661 3238">
    <p class='ocr_par' dir='ltr' id='par_1_91' title="bbox 2066 3164 3661 3238">
     <span class='ocr_line' id='line_1_91' title="bbox 2066 3164 3661 3238; baseline 0.007 -22"><span class='ocrx_word' id='word_1_723' title='bbox 2066 3176 2156 3217; x_wconf 89' lang='lat' dir='ltr'><strong>ros</strong></span> <span class='ocrx_word' id='word_1_724' title='bbox 2183 3180 2196 3215; x_wconf 90' lang='lat'><strong>:</strong></span> <span class='ocrx_word' id='word_1_725' title='bbox 2227 3172 2283 3218; x_wconf 90' lang='lat' dir='ltr'><strong>at</strong></span> <span class='ocrx_word' id='word_1_726' title='bbox 2313 3164 2416 3218; x_wconf 91' lang='lat' dir='ltr'><strong>hoc</strong></span> <span class='ocrx_word' id='word_1_727' title='bbox 2444 3167 2603 3219; x_wconf 91' lang='lat' dir='ltr'><strong>etiam</strong></span> <span class='ocrx_word' id='word_1_728' title='bbox 2635 3166 2776 3232; x_wconf 90' lang='lat' dir='ltr'><strong>illos,</strong></span> <span class='ocrx_word' id='word_1_729' title='bbox 2801 3168 2890 3237; x_wconf 88' lang='lat' dir='ltr'><strong>qui</strong></span> <span class='ocrx_word' id='word_1_730' title='bbox 2914 3168 3024 3238; x_wconf 89' lang='lat' dir='ltr'><strong>jam</strong></span> <span class='ocrx_word' id='word_1_731' title='bbox 3047 3184 3112 3223; x_wconf 91' lang='lat' dir='ltr'><strong>eo</strong></span> <span class='ocrx_word' id='word_1_732' title='bbox 3132 3169 3540 3238; x_wconf 87' lang='lat' dir='ltr'><strong>descenderant,</strong></span> <span class='ocrx_word' id='word_1_733' title='bbox 3572 3188 3661 3227; x_wconf 82' lang='lat' dir='ltr'><strong>re-</strong></span> 
     </span>
    </p>
   </div>
   <div class='ocr_carea' id='block_1_92' title="bbox 2065 3252 3657 3332">
    <p class='ocr_par' dir='ltr' id='par_1_92' title="bbox 2065 3252 3657 3332">
     <span class='ocr_line' id='line_1_92' title="bbox 2065 3252 3657 3332; baseline 0.004 -23"><span class='ocrx_word' id='word_1_734' title='bbox 2065 3256 2310 3310; x_wconf 89' lang='lat' dir='ltr'><strong>vocabat.</strong></span> <span class='ocrx_word' id='word_1_735' title='bbox 2366 3256 2564 3312; x_wconf 81' lang='lat' dir='ltr'><strong>Iterum</strong></span> <span class='ocrx_word' id='word_1_736' title='bbox 2626 3258 2892 3328; x_wconf 86' lang='lat' dir='ltr'><strong>lignorum</strong></span> <span class='ocrx_word' id='word_1_737' title='bbox 2943 3252 3172 3315; x_wconf 77' lang='lat' dir='ltr'><strong>alterum</strong></span> <span class='ocrx_word' id='word_1_738' title='bbox 3229 3261 3499 3317; x_wconf 89' lang='lat' dir='ltr'><strong>hominem</strong></span> <span class='ocrx_word' id='word_1_739' title='bbox 3548 3264 3657 3332; x_wconf 87' lang='lat' dir='ltr'><strong>jam</strong></span> 
     </span>
    </p>
   </div>
   <div class='ocr_carea' id='block_1_93' title="bbox 2064 3350 3659 3420">
    <p class='ocr_par' dir='ltr' id='par_1_93' title="bbox 2064 3350 3659 3420">
     <span class='ocr_line' id='line_1_93' title="bbox 2064 3350 3659 3420; baseline 0.003 -18"><span class='ocrx_word' id='word_1_740' title='bbox 2064 3357 2278 3418; x_wconf 91' lang='lat' dir='ltr'><strong>captum</strong></span> <span class='ocrx_word' id='word_1_741' title='bbox 2321 3350 2627 3420; x_wconf 91' lang='lat' dir='ltr'><strong>nudumque</strong></span> <span class='ocrx_word' id='word_1_742' title='bbox 2676 3352 3007 3407; x_wconf 89' lang='lat' dir='ltr'><strong>occultavit:</strong></span> <span class='ocrx_word' id='word_1_743' title='bbox 3036 3362 3090 3406; x_wconf 91' lang='lat' dir='ltr'><strong>at</strong></span> <span class='ocrx_word' id='word_1_744' title='bbox 3130 3352 3231 3407; x_wconf 91' lang='lat' dir='ltr'><strong>hoc</strong></span> <span class='ocrx_word' id='word_1_745' title='bbox 3271 3354 3525 3409; x_wconf 90' lang='lat' dir='ltr'><strong>victorem</strong></span> <span class='ocrx_word' id='word_1_746' title='bbox 3558 3368 3659 3406; x_wconf 90' lang='lat' dir='ltr'><strong>nn-</strong></span> 
     </span>
    </p>
   </div>
   <div class='ocr_carea' id='block_1_94' title="bbox 2064 3440 3662 3513">
    <p class='ocr_par' dir='ltr' id='par_1_94' title="bbox 2064 3440 3662 3513">
     <span class='ocr_line' id='line_1_94' title="bbox 2064 3440 3662 3513; baseline 0.001 -19"><span class='ocrx_word' id='word_1_747' title='bbox 2064 3441 2191 3494; x_wconf 78' lang='lat' dir='ltr'><strong>durn</strong></span> <span class='ocrx_word' id='word_1_748' title='bbox 2238 3440 2290 3494; x_wconf 91' lang='lat' dir='ltr'><strong>in</strong></span> <span class='ocrx_word' id='word_1_749' title='bbox 2330 3441 2438 3495; x_wconf 89' lang='lat' dir='ltr'><strong>alto</strong></span> <span class='ocrx_word' id='word_1_750' title='bbox 2471 3441 2720 3496; x_wconf 90' lang='lat' dir='ltr'><strong>omnibus</strong></span> <span class='ocrx_word' id='word_1_751' title='bbox 2762 3442 3017 3497; x_wconf 91' lang='lat' dir='ltr'><strong>ostendit.</strong></span> <span class='ocrx_word' id='word_1_752' title='bbox 3048 3442 3118 3497; x_wconf 91' lang='lat' dir='ltr'><strong>Et</strong></span> <span class='ocrx_word' id='word_1_753' title='bbox 3158 3444 3242 3497; x_wconf 87' lang='lat' dir='ltr'><strong>illa</strong></span> <span class='ocrx_word' id='word_1_754' title='bbox 3270 3443 3482 3513; x_wconf 91' lang='lat' dir='ltr'><strong>quidem</strong></span> <span class='ocrx_word' id='word_1_755' title='bbox 3514 3458 3662 3498; x_wconf 85' lang='lat' dir='ltr'><strong>mors</strong></span> 
     </span>
    </p>
   </div>
   <div class='ocr_carea' id='block_1_95' title="bbox 2066 3534 3662 3603">
    <p class='ocr_par' dir='ltr' id='par_1_95' title="bbox 2066 3534 3662 3603">
     <span class='ocr_line' id='line_1_95' title="bbox 2066 3534 3662 3603; baseline 0.001 -15"><span class='ocrx_word' id='word_1_756' title='bbox 2066 3548 2194 3599; x_wconf 91' lang='lat' dir='ltr'><strong>eos,</strong></span> <span class='ocrx_word' id='word_1_757' title='bbox 2227 3534 2315 3603; x_wconf 90' lang='lat' dir='ltr'><strong>qui</strong></span> <span class='ocrx_word' id='word_1_758' title='bbox 2350 3541 2471 3603; x_wconf 90' lang='lat' dir='ltr'><strong>post</strong></span> <span class='ocrx_word' id='word_1_759' title='bbox 2498 3534 2667 3602; x_wconf 90' lang='lat' dir='ltr'><strong>ipsam</strong></span> <span class='ocrx_word' id='word_1_760' title='bbox 2701 3534 2808 3587; x_wconf 88' lang='lat' dir='ltr'><strong>nati</strong></span> <span class='ocrx_word' id='word_1_761' title='bbox 2841 3541 3000 3600; x_wconf 92' lang='lat' dir='ltr'><strong>sunt,</strong></span> <span class='ocrx_word' id='word_1_762' title='bbox 3042 3534 3449 3592; x_wconf 85' lang='lat' dir='ltr'><strong>condemnavit:</strong></span> <span class='ocrx_word' id='word_1_763' title='bbox 3478 3544 3532 3587; x_wconf 91' lang='lat' dir='ltr'><strong>at</strong></span> <span class='ocrx_word' id='word_1_764' title='bbox 3562 3537 3662 3589; x_wconf 81' lang='lat' dir='ltr'><strong>i5ta</strong></span> 
     </span>
    </p>
   </div>
   <div class='ocr_carea' id='block_1_96' title="bbox 2067 3623 3661 3694">
    <p class='ocr_par' dir='ltr' id='par_1_96' title="bbox 2067 3623 3661 3694">
     <span class='ocr_line' id='line_1_96' title="bbox 2067 3623 3661 3694; baseline 0 -15"><span class='ocrx_word' id='word_1_765' title='bbox 2067 3639 2214 3679; x_wconf 90' lang='lat' dir='ltr'><strong>mors</strong></span> <span class='ocrx_word' id='word_1_766' title='bbox 2235 3624 2395 3679; x_wconf 90' lang='lat' dir='ltr'><strong>etiam</strong></span> <span class='ocrx_word' id='word_1_767' title='bbox 2422 3625 2539 3678; x_wconf 85' lang='lat' dir='ltr'><strong>illos</strong></span> <span class='ocrx_word' id='word_1_768' title='bbox 2564 3625 2654 3694; x_wconf 88' lang='lat' dir='ltr'><strong>qui</strong></span> <span class='ocrx_word' id='word_1_769' title='bbox 2684 3624 2792 3679; x_wconf 89' lang='lat' dir='ltr'><strong>nati</strong></span> <span class='ocrx_word' id='word_1_770' title='bbox 2820 3623 3031 3679; x_wconf 88' lang='lat' dir='ltr'><strong>fuerant</strong></span> <span class='ocrx_word' id='word_1_771' title='bbox 3057 3633 3181 3680; x_wconf 92' lang='lat' dir='ltr'><strong>ante</strong></span> <span class='ocrx_word' id='word_1_772' title='bbox 3205 3626 3395 3694; x_wconf 88' lang='lat' dir='ltr'><strong>ipsam,</strong></span> <span class='ocrx_word' id='word_1_773' title='bbox 3428 3628 3661 3681; x_wconf 87' lang='lat' dir='ltr'><strong>resusci-</strong></span> 
     </span>
    </p>
   </div>
   <div class='ocr_carea' id='block_1_97' title="bbox 2068 3714 3659 3789">
    <p class='ocr_par' dir='ltr' id='par_1_97' title="bbox 2068 3714 3659 3789">
     <span class='ocr_line' id='line_1_97' title="bbox 2068 3714 3659 3789; baseline 0.002 -19"><span class='ocrx_word' id='word_1_774' title='bbox 2068 3717 2216 3770; x_wconf 88' lang='lat' dir='ltr'><strong>tavit.</strong></span> <span class='ocrx_word' id='word_1_775' title='bbox 2245 3716 2371 3781; x_wconf 81' lang='lat' dir='ltr'><strong>Quis</strong></span> <span class='ocrx_word' id='word_1_776' title='bbox 2400 3717 2631 3785; x_wconf 85' lang='lat' dir='ltr'><strong>loquetur</strong></span> <span class='ocrx_word' id='word_1_777' title='bbox 2658 3716 2907 3787; x_wconf 86' lang='lat' dir='ltr'><strong>potentias</strong></span> <span class='ocrx_word' id='word_1_778' title='bbox 2929 3715 3142 3770; x_wconf 83' lang='lat' dir='ltr'><strong>Domini</strong></span> <span class='ocrx_word' id='word_1_779' title='bbox 3174 3714 3341 3788; x_wconf 85' lang='lat' dir='ltr'><strong>(Psal.</strong></span> <span class='ocrx_word' id='word_1_780' title='bbox 3372 3718 3491 3773; x_wconf 69' lang='lat'><strong>105.</strong></span> <span class='ocrx_word' id='word_1_781' title='bbox 3514 3716 3597 3789; x_wconf 73' lang='lat'><strong>2)?</strong></span> <span class='ocrx_word' id='word_1_782' title='bbox 3616 3720 3659 3773; x_wconf 78' lang='grc' dir='ltr'><strong>Α</strong></span> 
     </span>
    </p>
   </div>
   <div class='ocr_carea' id='block_1_98' title="bbox 2069 3806 3655 3879">
    <p class='ocr_par' dir='ltr' id='par_1_98' title="bbox 2069 3806 3655 3879">
     <span class='ocr_line' id='line_1_98' title="bbox 2069 3806 3655 3879; baseline 0.001 -18"><span class='ocrx_word' id='word_1_783' title='bbox 2069 3817 2239 3863; x_wconf 85' lang='lat' dir='ltr'><strong>morte</strong></span> <span class='ocrx_word' id='word_1_784' title='bbox 2270 3806 2596 3861; x_wconf 90' lang='lat' dir='ltr'><strong>immortales</strong></span> <span class='ocrx_word' id='word_1_785' title='bbox 2625 3806 2749 3862; x_wconf 89' lang='lat' dir='ltr'><strong>facti</strong></span> <span class='ocrx_word' id='word_1_786' title='bbox 2775 3822 2962 3863; x_wconf 89' lang='lat' dir='ltr'><strong>sumus</strong></span> <span class='ocrx_word' id='word_1_787' title='bbox 2986 3826 3000 3861; x_wconf 93' lang='lat'><strong>:</strong></span> <span class='ocrx_word' id='word_1_788' title='bbox 3034 3808 3148 3861; x_wconf 57' lang='lat' dir='ltr'><strong>haec</strong></span> <span class='ocrx_word' id='word_1_789' title='bbox 3173 3817 3299 3861; x_wconf 90' lang='lat' dir='ltr'><strong>sunt</strong></span> <span class='ocrx_word' id='word_1_790' title='bbox 3324 3809 3495 3863; x_wconf 92' lang='lat' dir='ltr'><strong>crucis</strong></span> <span class='ocrx_word' id='word_1_791' title='bbox 3520 3825 3655 3879; x_wconf 73' lang='lat' dir='ltr'><strong>pra:-</strong></span> 
     </span>
    </p>
   </div>
   <div class='ocr_carea' id='block_1_99' title="bbox 2071 3897 2499 3951">
    <p class='ocr_par' dir='ltr' id='par_1_99' title="bbox 2071 3897 2499 3951">
     <span class='ocr_line' id='line_1_99' title="bbox 2071 3897 2499 3951; baseline -0.005 0"><span class='ocrx_word' id='word_1_792' title='bbox 2071 3898 2149 3951; x_wconf 89' lang='lat' dir='ltr'><strong>cla</strong></span> <span class='ocrx_word' id='word_1_793' title='bbox 2159 3913 2214 3951; x_wconf 92' lang='lat' dir='ltr'><strong>ra</strong></span> <span class='ocrx_word' id='word_1_794' title='bbox 2246 3897 2499 3951; x_wconf 85' lang='lat' dir='ltr'><strong>facinora.</strong></span> 
     </span>
    </p>
   </div>
   <div class='ocr_carea' id='block_1_100' title="bbox 2142 3988 3661 4046">
    <p class='ocr_par' dir='ltr' id='par_1_100' title="bbox 2142 3988 3661 4046">
     <span class='ocr_line' id='line_1_100' title="bbox 2142 3988 3661 4046; baseline 0.001 -2"><span class='ocrx_word' id='word_1_795' title='bbox 2142 3988 2452 4044; x_wconf 82' lang='lat' dir='ltr'><strong>Intellexisti</strong></span> <span class='ocrx_word' id='word_1_796' title='bbox 2478 3988 2792 4044; x_wconf 85' lang='lat' dir='ltr'><strong>victoriam?</strong></span> <span class='ocrx_word' id='word_1_797' title='bbox 2821 3988 3129 4045; x_wconf 84' lang='lat' dir='ltr'><strong>intellexisti</strong></span> <span class='ocrx_word' id='word_1_798' title='bbox 3150 3989 3367 4045; x_wconf 91' lang='lat' dir='ltr'><strong>modum</strong></span> <span class='ocrx_word' id='word_1_799' title='bbox 3389 3991 3622 4046; x_wconf 76' lang='lat' dir='ltr'><strong>victorizr</strong></span> <span class='ocrx_word' id='word_1_800' title='bbox 3636 3995 3661 4045; x_wconf 68' lang='grc' dir='ltr'><strong>’ἰ</strong></span> 
     </span>
    </p>
   </div>
   <div class='ocr_carea' id='block_1_101' title="bbox 2071 4080 3659 4150">
    <p class='ocr_par' dir='ltr' id='par_1_101' title="bbox 2071 4080 3659 4150">
     <span class='ocr_line' id='line_1_101' title="bbox 2071 4080 3659 4150; baseline 0.002 -15"><span class='ocrx_word' id='word_1_801' title='bbox 2071 4080 2218 4135; x_wconf 90' lang='lat' dir='ltr'><strong>disce</strong></span> <span class='ocrx_word' id='word_1_802' title='bbox 2244 4096 2404 4146; x_wconf 91' lang='lat' dir='ltr'><strong>nunc,</strong></span> <span class='ocrx_word' id='word_1_803' title='bbox 2435 4080 2705 4150; x_wconf 92' lang='lat' dir='ltr'><strong>quomodo</strong></span> <span class='ocrx_word' id='word_1_804' title='bbox 2733 4089 2789 4136; x_wconf 92' lang='lat' dir='ltr'><strong>et</strong></span> <span class='ocrx_word' id='word_1_805' title='bbox 2814 4082 2930 4136; x_wconf 92' lang='lat' dir='ltr'><strong>sine</strong></span> <span class='ocrx_word' id='word_1_806' title='bbox 2955 4081 3137 4136; x_wconf 90' lang='lat' dir='ltr'><strong>labore</strong></span> <span class='ocrx_word' id='word_1_807' title='bbox 3168 4091 3223 4137; x_wconf 94' lang='lat' dir='ltr'><strong>et</strong></span> <span class='ocrx_word' id='word_1_808' title='bbox 3252 4082 3448 4138; x_wconf 91' lang='lat' dir='ltr'><strong>sudore</strong></span> <span class='ocrx_word' id='word_1_809' title='bbox 3475 4094 3659 4139; x_wconf 91' lang='lat' dir='ltr'><strong>nostro</strong></span> 
     </span>
    </p>
   </div>
   <div class='ocr_carea' id='block_1_102' title="bbox 2069 4172 3660 4243">
    <p class='ocr_par' dir='ltr' id='par_1_102' title="bbox 2069 4172 3660 4243">
     <span class='ocr_line' id='line_1_102' title="bbox 2069 4172 3660 4243; baseline 0.001 -16"><span class='ocrx_word' id='word_1_810' title='bbox 2069 4174 2292 4227; x_wconf 85' lang='lat' dir='ltr'><strong>victoria</strong></span> <span class='ocrx_word' id='word_1_811' title='bbox 2312 4173 2426 4228; x_wconf 77' lang='lat' dir='ltr'><strong>lunc</strong></span> <span class='ocrx_word' id='word_1_812' title='bbox 2448 4173 2604 4228; x_wconf 91' lang='lat' dir='ltr'><strong>fuerit</strong></span> <span class='ocrx_word' id='word_1_813' title='bbox 2627 4182 2797 4243; x_wconf 88' lang='lat' dir='ltr'><strong>parta.</strong></span> <span class='ocrx_word' id='word_1_814' title='bbox 2820 4172 2928 4227; x_wconf 87' lang='lat' dir='ltr'><strong>Nos</strong></span> <span class='ocrx_word' id='word_1_815' title='bbox 2949 4188 3094 4228; x_wconf 90' lang='lat' dir='ltr'><strong>arma</strong></span> <span class='ocrx_word' id='word_1_816' title='bbox 3119 4190 3224 4227; x_wconf 92' lang='lat' dir='ltr'><strong>non</strong></span> <span class='ocrx_word' id='word_1_817' title='bbox 3246 4176 3660 4240; x_wconf 79' lang='lat' dir='ltr'><strong>cruentavimns,</strong></span> 
     </span>
    </p>
   </div>
   <div class='ocr_carea' id='block_1_103' title="bbox 2071 4262 3663 4336">
    <p class='ocr_par' dir='ltr' id='par_1_103' title="bbox 2071 4262 3663 4336">
     <span class='ocr_line' id='line_1_103' title="bbox 2071 4262 3663 4336; baseline 0.001 -17"><span class='ocrx_word' id='word_1_818' title='bbox 2071 4281 2177 4319; x_wconf 89' lang='lat' dir='ltr'><strong>non</strong></span> <span class='ocrx_word' id='word_1_819' title='bbox 2220 4266 2460 4319; x_wconf 89' lang='lat' dir='ltr'><strong>stetimus</strong></span> <span class='ocrx_word' id='word_1_820' title='bbox 2489 4265 2540 4317; x_wconf 92' lang='lat' dir='ltr'><strong>in</strong></span> <span class='ocrx_word' id='word_1_821' title='bbox 2571 4262 2686 4317; x_wconf 89' lang='lat' dir='ltr'><strong>acie</strong></span> <span class='ocrx_word' id='word_1_822' title='bbox 2705 4305 2719 4330; x_wconf 94' lang='lat'><strong>,</strong></span> <span class='ocrx_word' id='word_1_823' title='bbox 2750 4278 2854 4317; x_wconf 92' lang='lat' dir='ltr'><strong>non</strong></span> <span class='ocrx_word' id='word_1_824' title='bbox 2881 4266 3183 4332; x_wconf 90' lang='lat' dir='ltr'><strong>accepimus</strong></span> <span class='ocrx_word' id='word_1_825' title='bbox 3210 4266 3424 4319; x_wconf 86' lang='lat' dir='ltr'><strong>vulnera</strong></span> <span class='ocrx_word' id='word_1_826' title='bbox 3444 4306 3458 4328; x_wconf 89' lang='lat'><strong>,</strong></span> <span class='ocrx_word' id='word_1_827' title='bbox 3490 4281 3663 4336; x_wconf 89' lang='lat' dir='ltr'><strong>neque</strong></span> 
     </span>
    </p>
   </div>
   <div class='ocr_carea' id='block_1_104' title="bbox 2068 4355 3662 4419">
    <p class='ocr_par' dir='ltr' id='par_1_104' title="bbox 2068 4355 3662 4419">
     <span class='ocr_line' id='line_1_104' title="bbox 2068 4355 3662 4419; baseline 0 -10"><span class='ocrx_word' id='word_1_828' title='bbox 2068 4358 2298 4412; x_wconf 90' lang='lat' dir='ltr'><strong>vidimus</strong></span> <span class='ocrx_word' id='word_1_829' title='bbox 2324 4355 2541 4419; x_wconf 90' lang='lat' dir='ltr'><strong>bellum,</strong></span> <span class='ocrx_word' id='word_1_830' title='bbox 2566 4365 2621 4408; x_wconf 91' lang='lat' dir='ltr'><strong>et</strong></span> <span class='ocrx_word' id='word_1_831' title='bbox 2645 4362 2819 4407; x_wconf 89' lang='lat' dir='ltr'><strong>tamen</strong></span> <span class='ocrx_word' id='word_1_832' title='bbox 2847 4355 3123 4408; x_wconf 90' lang='lat' dir='ltr'><strong>victoriam</strong></span> <span class='ocrx_word' id='word_1_833' title='bbox 3152 4355 3481 4409; x_wconf 89' lang='lat' dir='ltr'><strong>obtinuimus</strong></span> <span class='ocrx_word' id='word_1_834' title='bbox 3504 4373 3518 4409; x_wconf 92' lang='lat'><strong>:</strong></span> <span class='ocrx_word' id='word_1_835' title='bbox 3542 4371 3662 4410; x_wconf 87' lang='lat' dir='ltr'><strong>cer-</strong></span> 
     </span>
    </p>
   </div>
   <div class='ocr_carea' id='block_1_105' title="bbox 2069 4443 3659 4516">
    <p class='ocr_par' dir='ltr' id='par_1_105' title="bbox 2069 4443 3659 4516">
     <span class='ocr_line' id='line_1_105' title="bbox 2069 4443 3659 4516; baseline 0 -15"><span class='ocrx_word' id='word_1_836' title='bbox 2069 4457 2244 4502; x_wconf 88' lang='lat' dir='ltr'><strong>tamen</strong></span> <span class='ocrx_word' id='word_1_837' title='bbox 2266 4444 2475 4500; x_wconf 91' lang='lat' dir='ltr'><strong>Domini</strong></span> <span class='ocrx_word' id='word_1_838' title='bbox 2499 4445 2618 4510; x_wconf 86' lang='lat' dir='ltr'><strong>l&#39;uit,</strong></span> <span class='ocrx_word' id='word_1_839' title='bbox 2641 4459 2840 4499; x_wconf 86' lang='lat' dir='ltr'><strong>corona</strong></span> <span class='ocrx_word' id='word_1_840' title='bbox 2865 4457 3067 4501; x_wconf 92' lang='lat' dir='ltr'><strong>nostra.</strong></span> <span class='ocrx_word' id='word_1_841' title='bbox 3093 4443 3226 4499; x_wconf 91' lang='lat' dir='ltr'><strong>Cum</strong></span> <span class='ocrx_word' id='word_1_842' title='bbox 3250 4461 3378 4516; x_wconf 88' lang='lat' dir='ltr'><strong>ergo</strong></span> <span class='ocrx_word' id='word_1_843' title='bbox 3402 4456 3455 4501; x_wconf 92' lang='lat' dir='ltr'><strong>et</strong></span> <span class='ocrx_word' id='word_1_844' title='bbox 3478 4456 3659 4502; x_wconf 87' lang='lat' dir='ltr'><strong>nostra</strong></span> 
     </span>
    </p>
   </div>
   <div class='ocr_carea' id='block_1_106' title="bbox 2066 4536 3662 4607">
    <p class='ocr_par' dir='ltr' id='par_1_106' title="bbox 2066 4536 3662 4607">
     <span class='ocr_line' id='line_1_106' title="bbox 2066 4536 3662 4607; baseline -0.001 -14"><span class='ocrx_word' id='word_1_845' title='bbox 2066 4540 2136 4593; x_wconf 90' lang='lat' dir='ltr'><strong>sit</strong></span> <span class='ocrx_word' id='word_1_846' title='bbox 2168 4538 2409 4602; x_wconf 89' lang='lat' dir='ltr'><strong>victoria,</strong></span> <span class='ocrx_word' id='word_1_847' title='bbox 2440 4536 2635 4591; x_wconf 87' lang='lat' dir='ltr'><strong>milites</strong></span> <span class='ocrx_word' id='word_1_848' title='bbox 2662 4538 2956 4604; x_wconf 89' lang='lat' dir='ltr'><strong>imitemur,</strong></span> <span class='ocrx_word' id='word_1_849' title='bbox 2982 4536 3226 4607; x_wconf 63' lang='lat' dir='ltr'><strong>laetisque</strong></span> <span class='ocrx_word' id='word_1_850' title='bbox 3252 4537 3470 4593; x_wconf 88' lang='lat' dir='ltr'><strong>vocibus</strong></span> <span class='ocrx_word' id='word_1_851' title='bbox 3496 4538 3662 4592; x_wconf 88' lang='lat' dir='ltr'><strong>victo-</strong></span> 
     </span>
    </p>
   </div>
   <div class='ocr_carea' id='block_1_107' title="bbox 2066 4627 3662 4684">
    <p class='ocr_par' dir='ltr' id='par_1_107' title="bbox 2066 4627 3662 4684">
     <span class='ocr_line' id='line_1_107' title="bbox 2066 4627 3662 4684; baseline -0.001 -1"><span class='ocrx_word' id='word_1_852' title='bbox 2066 4629 2160 4684; x_wconf 68' lang='lat' dir='ltr'><strong>ria:</strong></span> <span class='ocrx_word' id='word_1_853' title='bbox 2205 4628 2389 4681; x_wconf 89' lang='lat' dir='ltr'><strong>laudes</strong></span> <span class='ocrx_word' id='word_1_854' title='bbox 2434 4637 2487 4681; x_wconf 92' lang='lat' dir='ltr'><strong>et</strong></span> <span class='ocrx_word' id='word_1_855' title='bbox 2516 4629 2755 4682; x_wconf 83' lang='lat' dir='ltr'><strong>carmina</strong></span> <span class='ocrx_word' id='word_1_856' title='bbox 2803 4628 2959 4682; x_wconf 87' lang='lat' dir='ltr'><strong>hodie</strong></span> <span class='ocrx_word' id='word_1_857' title='bbox 2999 4627 3343 4682; x_wconf 85' lang='lat' dir='ltr'><strong>decantemus</strong></span> <span class='ocrx_word' id='word_1_858' title='bbox 3376 4646 3390 4682; x_wconf 91' lang='lat'><strong>:</strong></span> <span class='ocrx_word' id='word_1_859' title='bbox 3422 4629 3662 4682; x_wconf 89' lang='lat' dir='ltr'><strong>dicamus</strong></span> 
     </span>
    </p>
   </div>
   <div class='ocr_carea' id='block_1_108' title="bbox 2070 4720 3654 4788">
    <p class='ocr_par' dir='ltr' id='par_1_108' title="bbox 2070 4720 3654 4788">
     <span class='ocr_line' id='line_1_108' title="bbox 2070 4720 3654 4788; baseline -0.001 -13"><span class='ocrx_word' id='word_1_860' title='bbox 2070 4721 2350 4775; x_wconf 91' lang='lat' dir='ltr'><strong>Dominum</strong></span> <span class='ocrx_word' id='word_1_861' title='bbox 2392 4720 2715 4774; x_wconf 88' lang='lat' dir='ltr'><strong>laudantes:</strong></span> <span class='ocrx_word' id='word_1_862' title='bbox 2749 4720 3001 4788; x_wconf 83' lang='lat' dir='ltr'><strong>Absorpta</strong></span> <span class='ocrx_word' id='word_1_863' title='bbox 3044 4730 3115 4773; x_wconf 86' lang='lat' dir='ltr'><strong>est</strong></span> <span class='ocrx_word' id='word_1_864' title='bbox 3158 4736 3290 4773; x_wconf 82' lang='lat' dir='ltr'><strong>mors</strong></span> <span class='ocrx_word' id='word_1_865' title='bbox 3332 4720 3383 4773; x_wconf 91' lang='lat' dir='ltr'><strong>in</strong></span> <span class='ocrx_word' id='word_1_866' title='bbox 3428 4721 3654 4774; x_wconf 81' lang='lat' dir='ltr'><strong>victoria.</strong></span> 
     </span>
    </p>
   </div>
   <div class='ocr_carea' id='block_1_109' title="bbox 2072 4810 3662 4883">
    <p class='ocr_par' dir='ltr' id='par_1_109' title="bbox 2072 4810 3662 4883">
     <span class='ocr_line' id='line_1_109' title="bbox 2072 4810 3662 4883; baseline -0.001 -16"><span class='ocrx_word' id='word_1_867' title='bbox 2072 4812 2169 4867; x_wconf 82' lang='lat' dir='ltr'><strong>Ubi</strong></span> <span class='ocrx_word' id='word_1_868' title='bbox 2208 4824 2278 4867; x_wconf 87' lang='lat' dir='ltr'><strong>est</strong></span> <span class='ocrx_word' id='word_1_869' title='bbox 2300 4852 2315 4875; x_wconf 85' lang='lat'><strong>,</strong></span> <span class='ocrx_word' id='word_1_870' title='bbox 2343 4829 2497 4878; x_wconf 87' lang='lat' dir='ltr'><strong>mors,</strong></span> <span class='ocrx_word' id='word_1_871' title='bbox 2540 4811 2749 4865; x_wconf 87' lang='lat' dir='ltr'><strong>victoria</strong></span> <span class='ocrx_word' id='word_1_872' title='bbox 2776 4812 2888 4863; x_wconf 83' lang='lat' dir='ltr'><strong>tua?</strong></span> <span class='ocrx_word' id='word_1_873' title='bbox 2916 4811 2997 4862; x_wconf 89' lang='lat' dir='ltr'><strong>ubi</strong></span> <span class='ocrx_word' id='word_1_874' title='bbox 3024 4810 3255 4862; x_wconf 79' lang='lat' dir='ltr'><strong>stimulus</strong></span> <span class='ocrx_word' id='word_1_875' title='bbox 3281 4820 3398 4862; x_wconf 86' lang='lat' dir='ltr'><strong>tuus</strong></span> <span class='ocrx_word' id='word_1_876' title='bbox 3416 4851 3431 4875; x_wconf 90' lang='lat'><strong>,</strong></span> <span class='ocrx_word' id='word_1_877' title='bbox 3463 4812 3662 4883; x_wconf 71' lang='lat' dir='ltr'><strong>inferne</strong></span> 
     </span>
    </p>
   </div>
   <div class='ocr_carea' id='block_1_110' title="bbox 2070 4899 3659 4975">
    <p class='ocr_par' dir='ltr' id='par_1_110' title="bbox 2070 4899 3659 4975">
     <span class='ocr_line' id='line_1_110' title="bbox 2070 4899 3659 4975; baseline 0 -20"><span class='ocrx_word' id='word_1_878' title='bbox 2070 4903 2243 4975; x_wconf 80' lang='lat' dir='ltr'><strong>(Osee</strong></span> <span class='ocrx_word' id='word_1_879' title='bbox 2284 4904 2373 4959; x_wconf 76' lang='grc'><strong>15.</strong></span> <span class='ocrx_word' id='word_1_880' title='bbox 2404 4904 2501 4963; x_wconf 73' lang='grc' dir='ltr'>Η;</span> <span class='ocrx_word' id='word_1_881' title='bbox 2540 4903 2589 4953; x_wconf 80' lang='grc'><strong>1.</strong></span> <span class='ocrx_word' id='word_1_882' title='bbox 2621 4899 2737 4955; x_wconf 90' lang='lat' dir='ltr'><strong>Cor.</strong></span> <span class='ocrx_word' id='word_1_883' title='bbox 2766 4901 2849 4954; x_wconf 85' lang='lat' dir='ltr'><strong>l5.</strong></span> <span class='ocrx_word' id='word_1_884' title='bbox 2874 4900 2963 4954; x_wconf 70' lang='grc'><strong>54.</strong></span> <span class='ocrx_word' id='word_1_885' title='bbox 2988 4899 3128 4969; x_wconf 82' lang='lat'><strong>55)?</strong></span> <span class='ocrx_word' id='word_1_886' title='bbox 3156 4899 3279 4954; x_wconf 73' lang='lat' dir='ltr'><strong>lltec</strong></span> <span class='ocrx_word' id='word_1_887' title='bbox 3312 4902 3490 4955; x_wconf 89' lang='lat' dir='ltr'><strong>omnia</strong></span> <span class='ocrx_word' id='word_1_888' title='bbox 3520 4915 3659 4971; x_wconf 69' lang='lat' dir='ltr'><strong>pra:-</strong></span> 
     </span>
    </p>
   </div>
   <div class='ocr_carea' id='block_1_111' title="bbox 2071 4991 3657 5059">
    <p class='ocr_par' dir='ltr' id='par_1_111' title="bbox 2071 4991 3657 5059">
     <span class='ocr_line' id='line_1_111' title="bbox 2071 4991 3657 5059; baseline -0.003 -9"><span class='ocrx_word' id='word_1_889' title='bbox 2071 4997 2215 5050; x_wconf 90' lang='lat' dir='ltr'><strong>clare</strong></span> <span class='ocrx_word' id='word_1_890' title='bbox 2246 4996 2376 5047; x_wconf 86' lang='lat' dir='ltr'><strong>facta</strong></span> <span class='ocrx_word' id='word_1_891' title='bbox 2407 5008 2534 5045; x_wconf 76' lang='lat' dir='ltr'><strong>crux</strong></span> <span class='ocrx_word' id='word_1_892' title='bbox 2569 4991 2720 5043; x_wconf 92' lang='lat' dir='ltr'><strong>nobis</strong></span> <span class='ocrx_word' id='word_1_893' title='bbox 2748 4991 2953 5058; x_wconf 78' lang='lat' dir='ltr'><strong>peperit</strong></span> <span class='ocrx_word' id='word_1_894' title='bbox 2986 5008 2998 5044; x_wconf 91' lang='lat'><strong>:</strong></span> <span class='ocrx_word' id='word_1_895' title='bbox 3031 5005 3160 5044; x_wconf 85' lang='lat' dir='ltr'><strong>crux</strong></span> <span class='ocrx_word' id='word_1_896' title='bbox 3189 4998 3448 5059; x_wconf 86' lang='lat' dir='ltr'><strong>tr0paeum</strong></span> <span class='ocrx_word' id='word_1_897' title='bbox 3474 5002 3657 5046; x_wconf 81' lang='lat' dir='ltr'><strong>contra</strong></span> 
     </span>
    </p>
   </div>
   <div class='ocr_carea' id='block_1_112' title="bbox 2071 5082 3658 5151">
    <p class='ocr_par' dir='ltr' id='par_1_112' title="bbox 2071 5082 3658 5151">
     <span class='ocr_line' id='line_1_112' title="bbox 2071 5082 3658 5151; baseline -0.004 -10"><span class='ocrx_word' id='word_1_898' title='bbox 2071 5087 2343 5141; x_wconf 60' lang='lat' dir='ltr'><strong>daemones</strong></span> <span class='ocrx_word' id='word_1_899' title='bbox 2371 5090 2629 5145; x_wconf 90' lang='lat' dir='ltr'><strong>erectum,</strong></span> <span class='ocrx_word' id='word_1_900' title='bbox 2660 5082 2865 5151; x_wconf 84' lang='lat' dir='ltr'><strong>gladius</strong></span> <span class='ocrx_word' id='word_1_901' title='bbox 2890 5091 3079 5135; x_wconf 88' lang='lat' dir='ltr'><strong>contra</strong></span> <span class='ocrx_word' id='word_1_902' title='bbox 3114 5094 3423 5151; x_wconf 89' lang='lat' dir='ltr'><strong>peccatum,</strong></span> <span class='ocrx_word' id='word_1_903' title='bbox 3453 5082 3658 5151; x_wconf 86' lang='lat' dir='ltr'><strong>gladius</strong></span> 
     </span>
    </p>
   </div>
   <div class='ocr_carea' id='block_1_113' title="bbox 2071 5174 3658 5248">
    <p class='ocr_par' dir='ltr' id='par_1_113' title="bbox 2071 5174 3658 5248">
     <span class='ocr_line' id='line_1_113' title="bbox 2071 5174 3658 5248; baseline -0.004 -16"><span class='ocrx_word' id='word_1_904' title='bbox 2071 5195 2174 5248; x_wconf 86' lang='lat' dir='ltr'><strong>quo</strong></span> <span class='ocrx_word' id='word_1_905' title='bbox 2200 5185 2501 5245; x_wconf 86' lang='lat' dir='ltr'><strong>serpentem</strong></span> <span class='ocrx_word' id='word_1_906' title='bbox 2532 5174 2773 5229; x_wconf 85' lang='lat' dir='ltr'><strong>confodit</strong></span> <span class='ocrx_word' id='word_1_907' title='bbox 2804 5176 3087 5230; x_wconf 89' lang='lat' dir='ltr'><strong>Christus:</strong></span> <span class='ocrx_word' id='word_1_908' title='bbox 3112 5191 3239 5229; x_wconf 87' lang='lat' dir='ltr'><strong>crux</strong></span> <span class='ocrx_word' id='word_1_909' title='bbox 3272 5176 3441 5229; x_wconf 88' lang='lat' dir='ltr'><strong>Patris</strong></span> <span class='ocrx_word' id='word_1_910' title='bbox 3468 5174 3658 5228; x_wconf 88' lang='lat' dir='ltr'><strong>volun-</strong></span> 
     </span>
    </p>
   </div>
   <div class='ocr_carea' id='block_1_114' title="bbox 2073 5265 3660 5338">
    <p class='ocr_par' dir='ltr' id='par_1_114' title="bbox 2073 5265 3660 5338">
     <span class='ocr_line' id='line_1_114' title="bbox 2073 5265 3660 5338; baseline -0.003 -15"><span class='ocrx_word' id='word_1_911' title='bbox 2073 5282 2152 5325; x_wconf 92' lang='lat' dir='ltr'><strong>tas</strong></span> <span class='ocrx_word' id='word_1_912' title='bbox 2171 5310 2187 5335; x_wconf 92' lang='lat'><strong>,</strong></span> <span class='ocrx_word' id='word_1_913' title='bbox 2232 5269 2496 5337; x_wconf 82' lang='lat' dir='ltr'><strong>Unigeniti</strong></span> <span class='ocrx_word' id='word_1_914' title='bbox 2524 5268 2715 5338; x_wconf 88' lang='lat' dir='ltr'><strong>gloria,</strong></span> <span class='ocrx_word' id='word_1_915' title='bbox 2756 5268 2984 5337; x_wconf 86' lang='lat' dir='ltr'><strong>Spiritus</strong></span> <span class='ocrx_word' id='word_1_916' title='bbox 3012 5267 3315 5331; x_wconf 81' lang='lat' dir='ltr'><strong>exsultatio,</strong></span> <span class='ocrx_word' id='word_1_917' title='bbox 3343 5265 3660 5335; x_wconf 85' lang='lat' dir='ltr'><strong>angelorum</strong></span> 
     </span>
    </p>
   </div>
   <div class='ocr_carea' id='block_1_115' title="bbox 2070 5357 3661 5427">
    <p class='ocr_par' dir='ltr' id='par_1_115' title="bbox 2070 5357 3661 5427">
     <span class='ocr_line' id='line_1_115' title="bbox 2070 5357 3661 5427; baseline -0.004 -9"><span class='ocrx_word' id='word_1_918' title='bbox 2070 5364 2249 5425; x_wconf 87' lang='lat' dir='ltr'><strong>decus,</strong></span> <span class='ocrx_word' id='word_1_919' title='bbox 2297 5362 2551 5416; x_wconf 71' lang='lat' dir='ltr'><strong>Ecclesiae</strong></span> <span class='ocrx_word' id='word_1_920' title='bbox 2578 5362 2858 5425; x_wconf 87' lang='lat' dir='ltr'><strong>securitas,</strong></span> <span class='ocrx_word' id='word_1_921' title='bbox 2884 5359 3128 5427; x_wconf 83' lang='lat' dir='ltr'><strong>gloriatio</strong></span> <span class='ocrx_word' id='word_1_922' title='bbox 3158 5357 3324 5421; x_wconf 87' lang='lat' dir='ltr'><strong>Pauli,</strong></span> <span class='ocrx_word' id='word_1_923' title='bbox 3351 5365 3661 5412; x_wconf 85' lang='lat' dir='ltr'><strong>sanctorum</strong></span> 
     </span>
    </p>
   </div>
   <div class='ocr_carea' id='block_1_116' title="bbox 2071 5448 3662 5515">
    <p class='ocr_par' dir='ltr' id='par_1_116' title="bbox 2071 5448 3662 5515">
     <span class='ocr_line' id='line_1_116' title="bbox 2071 5448 3662 5515; baseline -0.004 -7"><span class='ocrx_word' id='word_1_924' title='bbox 2071 5469 2287 5515; x_wconf 85' lang='lat' dir='ltr'><strong>murus.</strong></span> <span class='ocrx_word' id='word_1_925' title='bbox 2321 5454 2481 5507; x_wconf 91' lang='lat' dir='ltr'><strong>totius</strong></span> <span class='ocrx_word' id='word_1_926' title='bbox 2523 5454 2666 5506; x_wconf 85' lang='lat' dir='ltr'><strong>orbis</strong></span> <span class='ocrx_word' id='word_1_927' title='bbox 2699 5453 2894 5505; x_wconf 90' lang='lat' dir='ltr'><strong>lumen.</strong></span> <span class='ocrx_word' id='word_1_928' title='bbox 2920 5448 3381 5514; x_wconf 86' lang='lat' dir='ltr'><strong>Quemadmodum</strong></span> <span class='ocrx_word' id='word_1_929' title='bbox 3425 5450 3567 5504; x_wconf 88' lang='lat' dir='ltr'><strong>enim</strong></span> <span class='ocrx_word' id='word_1_930' title='bbox 3615 5450 3662 5503; x_wconf 89' lang='lat' dir='ltr'><strong>si</strong></span> 
     </span>
    </p>
   </div>
   <div class='ocr_carea' id='block_1_117' title="bbox 2071 5540 3656 5616">
    <p class='ocr_par' dir='ltr' id='par_1_117' title="bbox 2071 5540 3656 5616">
     <span class='ocr_line' id='line_1_117' title="bbox 2071 5540 3656 5616; baseline -0.004 -17"><span class='ocrx_word' id='word_1_931' title='bbox 2071 5547 2191 5616; x_wconf 88' lang='lat' dir='ltr'><strong>quis</strong></span> <span class='ocrx_word' id='word_1_932' title='bbox 2235 5546 2504 5599; x_wconf 85' lang='lat' dir='ltr'><strong>lucernam</strong></span> <span class='ocrx_word' id='word_1_933' title='bbox 2551 5545 2602 5597; x_wconf 93' lang='lat' dir='ltr'><strong>in</strong></span> <span class='ocrx_word' id='word_1_934' title='bbox 2642 5542 2801 5596; x_wconf 91' lang='lat' dir='ltr'><strong>domo</strong></span> <span class='ocrx_word' id='word_1_935' title='bbox 2829 5540 3075 5611; x_wconf 87' lang='lat' dir='ltr'><strong>quapiam</strong></span> <span class='ocrx_word' id='word_1_936' title='bbox 3107 5540 3342 5595; x_wconf 88' lang='lat' dir='ltr'><strong>tenebris</strong></span> <span class='ocrx_word' id='word_1_937' title='bbox 3369 5540 3537 5595; x_wconf 82' lang='lat' dir='ltr'><strong>obsita</strong></span> <span class='ocrx_word' id='word_1_938' title='bbox 3567 5554 3656 5593; x_wconf 85' lang='lat' dir='ltr'><strong>ac-</strong></span> 
     </span>
    </p>
   </div>
   <div class='ocr_carea' id='block_1_118' title="bbox 2072 5631 3660 5701">
    <p class='ocr_par' dir='ltr' id='par_1_118' title="bbox 2072 5631 3660 5701">
     <span class='ocr_line' id='line_1_118' title="bbox 2072 5631 3660 5701; baseline -0.004 -9"><span class='ocrx_word' id='word_1_939' title='bbox 2072 5639 2265 5693; x_wconf 79' lang='lat' dir='ltr'><strong>condat</strong></span> <span class='ocrx_word' id='word_1_940' title='bbox 2294 5647 2348 5691; x_wconf 89' lang='lat' dir='ltr'><strong>et</strong></span> <span class='ocrx_word' id='word_1_941' title='bbox 2376 5638 2426 5690; x_wconf 90' lang='lat' dir='ltr'><strong>in</strong></span> <span class='ocrx_word' id='word_1_942' title='bbox 2456 5636 2617 5688; x_wconf 86' lang='lat' dir='ltr'><strong>altum</strong></span> <span class='ocrx_word' id='word_1_943' title='bbox 2643 5641 2857 5695; x_wconf 83' lang='lat' dir='ltr'><strong>statuat,</strong></span> <span class='ocrx_word' id='word_1_944' title='bbox 2889 5631 3141 5687; x_wconf 90' lang='lat' dir='ltr'><strong>tenebras</strong></span> <span class='ocrx_word' id='word_1_945' title='bbox 3170 5631 3457 5701; x_wconf 89' lang='lat' dir='ltr'><strong>derepente</strong></span> <span class='ocrx_word' id='word_1_946' title='bbox 3486 5631 3660 5700; x_wconf 88' lang='lat' dir='ltr'><strong>fugat:</strong></span> 
     </span>
    </p>
   </div>
   <div class='ocr_carea' id='block_1_119' title="bbox 2071 5721 3660 5796">
    <p class='ocr_par' dir='ltr' id='par_1_119' title="bbox 2071 5721 3660 5796">
     <span class='ocr_line' id='line_1_119' title="bbox 2071 5721 3660 5796; baseline -0.003 -13"><span class='ocrx_word' id='word_1_947' title='bbox 2071 5730 2150 5783; x_wconf 90' lang='lat' dir='ltr'><strong>sic</strong></span> <span class='ocrx_word' id='word_1_948' title='bbox 2178 5728 2407 5782; x_wconf 91' lang='lat' dir='ltr'><strong>tenebris</strong></span> <span class='ocrx_word' id='word_1_949' title='bbox 2438 5742 2536 5796; x_wconf 90' lang='lat' dir='ltr'><strong>per</strong></span> <span class='ocrx_word' id='word_1_950' title='bbox 2563 5725 2870 5779; x_wconf 89' lang='lat' dir='ltr'><strong>universum</strong></span> <span class='ocrx_word' id='word_1_951' title='bbox 2901 5725 3089 5780; x_wconf 90' lang='lat' dir='ltr'><strong>orbem</strong></span> <span class='ocrx_word' id='word_1_952' title='bbox 3118 5724 3314 5794; x_wconf 89' lang='lat' dir='ltr'><strong>sparsis</strong></span> <span class='ocrx_word' id='word_1_953' title='bbox 3338 5763 3353 5787; x_wconf 91' lang='lat'><strong>,</strong></span> <span class='ocrx_word' id='word_1_954' title='bbox 3385 5721 3660 5785; x_wconf 78' lang='lat' dir='ltr'><strong>Christus,</strong></span> 
     </span>
    </p>
   </div>
   <div class='ocr_carea' id='block_1_120' title="bbox 2074 5812 3664 5887">
    <p class='ocr_par' dir='ltr' id='par_1_120' title="bbox 2074 5812 3664 5887">
     <span class='ocr_line' id='line_1_120' title="bbox 2074 5812 3664 5887; baseline -0.003 -14"><span class='ocrx_word' id='word_1_955' title='bbox 2074 5827 2343 5887; x_wconf 87' lang='lat' dir='ltr'><strong>tamquam</strong></span> <span class='ocrx_word' id='word_1_956' title='bbox 2370 5814 2670 5887; x_wconf 88' lang='lat' dir='ltr'><strong>lampadem</strong></span> <span class='ocrx_word' id='word_1_957' title='bbox 2706 5816 2995 5886; x_wconf 88' lang='lat' dir='ltr'><strong>quamdam</strong></span> <span class='ocrx_word' id='word_1_958' title='bbox 3018 5858 3034 5883; x_wconf 91' lang='lat'><strong>,</strong></span> <span class='ocrx_word' id='word_1_959' title='bbox 3061 5830 3272 5870; x_wconf 91' lang='lat' dir='ltr'><strong>crucem</strong></span> <span class='ocrx_word' id='word_1_960' title='bbox 3304 5812 3582 5879; x_wconf 88' lang='lat' dir='ltr'><strong>accendit,</strong></span> <span class='ocrx_word' id='word_1_961' title='bbox 3610 5824 3664 5869; x_wconf 93' lang='lat' dir='ltr'><strong>et</strong></span> 
     </span>
    </p>
   </div>
   <div class='ocr_carea' id='block_1_121' title="bbox 2076 5906 3662 5982">
    <p class='ocr_par' dir='ltr' id='par_1_121' title="bbox 2076 5906 3662 5982">
     <span class='ocr_line' id='line_1_121' title="bbox 2076 5906 3662 5982; baseline -0.006 -14"><span class='ocrx_word' id='word_1_962' title='bbox 2076 5911 2131 5968; x_wconf 91' lang='lat' dir='ltr'><strong>in</strong></span> <span class='ocrx_word' id='word_1_963' title='bbox 2159 5911 2323 5966; x_wconf 90' lang='lat' dir='ltr'><strong>altum</strong></span> <span class='ocrx_word' id='word_1_964' title='bbox 2364 5909 2566 5975; x_wconf 84' lang='lat' dir='ltr'><strong>erexit,</strong></span> <span class='ocrx_word' id='word_1_965' title='bbox 2612 5922 2933 5982; x_wconf 89' lang='lat' dir='ltr'><strong>omnemque</strong></span> <span class='ocrx_word' id='word_1_966' title='bbox 2975 5907 3255 5979; x_wconf 88' lang='lat' dir='ltr'><strong>caliginem</strong></span> <span class='ocrx_word' id='word_1_967' title='bbox 3301 5906 3464 5962; x_wconf 90' lang='lat' dir='ltr'><strong>totius</strong></span> <span class='ocrx_word' id='word_1_968' title='bbox 3507 5913 3662 5960; x_wconf 61' lang='lat' dir='ltr'><strong>terra</strong></span> 
     </span>
    </p>
   </div>
  </div>
