  <div class='ocr_page' id='page_1' title='image "/cluster/home/n/w/nwhite01/storage/ocr_20150623/49/hvd.32044025239823/391.png"; bbox 0 0 4432 6712; ppageno 0'>
   <div class='ocr_carea' id='block_1_1' title="bbox 779 416 884 474">
    <p class='ocr_par' dir='ltr' id='par_1_1' title="bbox 779 416 884 474">
     <span class='ocr_line' id='line_1_1' title="bbox 779 416 884 474; baseline -0.019 0"><span class='ocrx_word' id='word_1_1' title='bbox 779 416 884 474; x_wconf 70' lang='lat'><strong>397</strong></span> 
     </span>
    </p>
   </div>
   <div class='ocr_carea' id='block_1_2' title="bbox 784 530 2362 604">
    <p class='ocr_par' dir='ltr' id='par_1_2' title="bbox 784 530 2362 604">
     <span class='ocr_line' id='line_1_2' title="bbox 784 530 2362 604; baseline 0.003 -20"><span class='ocrx_word' id='word_1_2' title='bbox 784 530 1082 602; x_wconf 73' lang='lat' dir='ltr'><strong>dissipavit.</strong></span> <span class='ocrx_word' id='word_1_3' title='bbox 1112 531 1179 586; x_wconf 83' lang='lat' dir='ltr'><strong>Et</strong></span> <span class='ocrx_word' id='word_1_4' title='bbox 1206 530 1650 601; x_wconf 90' lang='lat' dir='ltr'><strong>quemadmodum</strong></span> <span class='ocrx_word' id='word_1_5' title='bbox 1681 533 1884 602; x_wconf 78' lang='lat' dir='ltr'><strong>lampas</strong></span> <span class='ocrx_word' id='word_1_6' title='bbox 1903 549 2061 604; x_wconf 81' lang='lat' dir='ltr'><strong>supra</strong></span> <span class='ocrx_word' id='word_1_7' title='bbox 2088 535 2139 588; x_wconf 91' lang='lat' dir='ltr'><strong>in</strong></span> <span class='ocrx_word' id='word_1_8' title='bbox 2164 533 2362 588; x_wconf 81' lang='lat' dir='ltr'><strong>vertice</strong></span> 
     </span>
    </p>
   </div>
   <div class='ocr_carea' id='block_1_3' title="bbox 783 619 2362 690">
    <p class='ocr_par' dir='ltr' id='par_1_3' title="bbox 783 619 2362 690">
     <span class='ocr_line' id='line_1_3' title="bbox 783 619 2362 690; baseline 0.003 -18"><span class='ocrx_word' id='word_1_9' title='bbox 783 619 964 674; x_wconf 91' lang='lat' dir='ltr'><strong>lmncn</strong></span> <span class='ocrx_word' id='word_1_10' title='bbox 996 621 1190 688; x_wconf 93' lang='lat' dir='ltr'><strong>habet,</strong></span> <span class='ocrx_word' id='word_1_11' title='bbox 1219 621 1294 674; x_wconf 90' lang='lat' dir='ltr'><strong>sic</strong></span> <span class='ocrx_word' id='word_1_12' title='bbox 1323 628 1379 674; x_wconf 91' lang='lat' dir='ltr'><strong>et</strong></span> <span class='ocrx_word' id='word_1_13' title='bbox 1403 635 1530 674; x_wconf 81' lang='lat' dir='ltr'><strong>crux</strong></span> <span class='ocrx_word' id='word_1_14' title='bbox 1565 620 1748 675; x_wconf 91' lang='lat' dir='ltr'><strong>habuit</strong></span> <span class='ocrx_word' id='word_1_15' title='bbox 1774 637 1934 690; x_wconf 89' lang='lat' dir='ltr'><strong>supra</strong></span> <span class='ocrx_word' id='word_1_16' title='bbox 1967 625 2016 678; x_wconf 93' lang='lat' dir='ltr'><strong>in</strong></span> <span class='ocrx_word' id='word_1_17' title='bbox 2043 623 2241 677; x_wconf 86' lang='lat' dir='ltr'><strong>vertice</strong></span> <span class='ocrx_word' id='word_1_18' title='bbox 2260 621 2362 677; x_wconf 86' lang='lat' dir='ltr'><strong>So-</strong></span> 
     </span>
    </p>
   </div>
   <div class='ocr_carea' id='block_1_4' title="bbox 784 710 2363 780">
    <p class='ocr_par' dir='ltr' id='par_1_4' title="bbox 784 710 2363 780">
     <span class='ocr_line' id='line_1_4' title="bbox 784 710 2363 780; baseline 0.002 -16"><span class='ocrx_word' id='word_1_19' title='bbox 784 711 888 764; x_wconf 80' lang='lat' dir='ltr'><strong>lent</strong></span> <span class='ocrx_word' id='word_1_20' title='bbox 913 712 1129 780; x_wconf 67' lang='lat' dir='ltr'><strong>justitiae</strong></span> <span class='ocrx_word' id='word_1_21' title='bbox 1158 710 1516 780; x_wconf 81' lang='lat' dir='ltr'><strong>eil&#39;ulgentem.</strong></span> <span class='ocrx_word' id='word_1_22' title='bbox 1555 711 1704 766; x_wconf 90' lang='lat' dir='ltr'><strong>llunc</strong></span> <span class='ocrx_word' id='word_1_23' title='bbox 1741 729 1862 768; x_wconf 91' lang='lat' dir='ltr'><strong>cum</strong></span> <span class='ocrx_word' id='word_1_24' title='bbox 1903 713 2106 769; x_wconf 84' lang='lat' dir='ltr'><strong>videret</strong></span> <span class='ocrx_word' id='word_1_25' title='bbox 2136 712 2363 768; x_wconf 88' lang='lat' dir='ltr'><strong>mundus</strong></span> 
     </span>
    </p>
   </div>
   <div class='ocr_carea' id='block_1_5' title="bbox 785 799 2368 872">
    <p class='ocr_par' dir='ltr' id='par_1_5' title="bbox 785 799 2368 872">
     <span class='ocr_line' id='line_1_5' title="bbox 785 799 2368 872; baseline 0.002 -18"><span class='ocrx_word' id='word_1_26' title='bbox 785 801 948 854; x_wconf 78' lang='lat' dir='ltr'><strong>clavis</strong></span> <span class='ocrx_word' id='word_1_27' title='bbox 973 800 1210 865; x_wconf 88' lang='lat' dir='ltr'><strong>afﬁxum,</strong></span> <span class='ocrx_word' id='word_1_28' title='bbox 1254 799 1547 865; x_wconf 82' lang='lat' dir='ltr'><strong>cohorruit,</strong></span> <span class='ocrx_word' id='word_1_29' title='bbox 1590 813 1731 856; x_wconf 91' lang='lat' dir='ltr'><strong>mota</strong></span> <span class='ocrx_word' id='word_1_30' title='bbox 1772 817 1852 858; x_wconf 90' lang='lat' dir='ltr'><strong>est</strong></span> <span class='ocrx_word' id='word_1_31' title='bbox 1897 813 2071 867; x_wconf 84' lang='lat' dir='ltr'><strong>terra,</strong></span> <span class='ocrx_word' id='word_1_32' title='bbox 2116 804 2368 872; x_wconf 62' lang='lat' dir='ltr'><strong>disrupta:</strong></span> 
     </span>
    </p>
   </div>
   <div class='ocr_carea' id='block_1_6' title="bbox 787 889 2366 964">
    <p class='ocr_par' dir='ltr' id='par_1_6' title="bbox 787 889 2366 964">
     <span class='ocr_line' id='line_1_6' title="bbox 787 889 2366 964; baseline 0.004 -22"><span class='ocrx_word' id='word_1_33' title='bbox 787 902 967 958; x_wconf 51' lang='lat' dir='ltr'><strong>petrae.</strong></span> <span class='ocrx_word' id='word_1_34' title='bbox 997 889 1102 944; x_wconf 85' lang='lat' dir='ltr'><strong>Sed</strong></span> <span class='ocrx_word' id='word_1_35' title='bbox 1134 891 1253 944; x_wconf 89' lang='lat' dir='ltr'><strong>licet</strong></span> <span class='ocrx_word' id='word_1_36' title='bbox 1283 892 1536 960; x_wconf 65' lang='lat' dir='ltr'><strong>disrupta:</strong></span> <span class='ocrx_word' id='word_1_37' title='bbox 1563 895 1668 947; x_wconf 91' lang='lat' dir='ltr'><strong>sint</strong></span> <span class='ocrx_word' id='word_1_38' title='bbox 1701 907 1866 964; x_wconf 74' lang='lat' dir='ltr'><strong>petrae</strong></span> <span class='ocrx_word' id='word_1_39' title='bbox 1887 937 1902 961; x_wconf 93' lang='lat'><strong>,</strong></span> <span class='ocrx_word' id='word_1_40' title='bbox 1941 896 2162 950; x_wconf 87' lang='lat' dir='ltr'><strong>durities</strong></span> <span class='ocrx_word' id='word_1_41' title='bbox 2192 907 2366 950; x_wconf 89' lang='lat' dir='ltr'><strong>tamen</strong></span> 
     </span>
    </p>
   </div>
   <div class='ocr_carea' id='block_1_7' title="bbox 783 982 2368 1057">
    <p class='ocr_par' dir='ltr' id='par_1_7' title="bbox 783 982 2368 1057">
     <span class='ocr_line' id='line_1_7' title="bbox 783 982 2368 1057; baseline 0.004 -21"><span class='ocrx_word' id='word_1_42' title='bbox 783 982 1084 1036; x_wconf 60' lang='lat' dir='ltr'><strong>ludat-orum</strong></span> <span class='ocrx_word' id='word_1_43' title='bbox 1129 1000 1234 1037; x_wconf 91' lang='lat' dir='ltr'><strong>non</strong></span> <span class='ocrx_word' id='word_1_44' title='bbox 1280 995 1362 1038; x_wconf 90' lang='lat' dir='ltr'><strong>est</strong></span> <span class='ocrx_word' id='word_1_45' title='bbox 1402 986 1639 1056; x_wconf 87' lang='lat' dir='ltr'><strong>disrupta</strong></span> <span class='ocrx_word' id='word_1_46' title='bbox 1673 1005 1686 1040; x_wconf 88' lang='lat'><strong>:</strong></span> <span class='ocrx_word' id='word_1_47' title='bbox 1718 989 1889 1042; x_wconf 82' lang='lat' dir='ltr'><strong>velum</strong></span> <span class='ocrx_word' id='word_1_48' title='bbox 1932 990 2114 1057; x_wconf 87' lang='lat' dir='ltr'><strong>templi</strong></span> <span class='ocrx_word' id='word_1_49' title='bbox 2145 990 2368 1043; x_wconf 90' lang='lat' dir='ltr'><strong>scissum</strong></span> 
     </span>
    </p>
   </div>
   <div class='ocr_carea' id='block_1_8' title="bbox 790 1077 2282 1147">
    <p class='ocr_par' dir='ltr' id='par_1_8' title="bbox 790 1077 2282 1147">
     <span class='ocr_line' id='line_1_8' title="bbox 790 1077 2282 1147; baseline 0.005 -22"><span class='ocrx_word' id='word_1_50' title='bbox 790 1083 889 1134; x_wconf 91' lang='lat' dir='ltr'><strong>est,</strong></span> <span class='ocrx_word' id='word_1_51' title='bbox 921 1081 975 1126; x_wconf 89' lang='lat' dir='ltr'><strong>et</strong></span> <span class='ocrx_word' id='word_1_52' title='bbox 1003 1089 1108 1128; x_wconf 92' lang='lat' dir='ltr'><strong>non</strong></span> <span class='ocrx_word' id='word_1_53' title='bbox 1139 1084 1221 1129; x_wconf 86' lang='lat' dir='ltr'><strong>est</strong></span> <span class='ocrx_word' id='word_1_54' title='bbox 1245 1077 1410 1130; x_wconf 89' lang='lat' dir='ltr'><strong>scissa</strong></span> <span class='ocrx_word' id='word_1_55' title='bbox 1440 1078 1677 1147; x_wconf 89' lang='lat' dir='ltr'><strong>improba</strong></span> <span class='ocrx_word' id='word_1_56' title='bbox 1701 1079 1910 1132; x_wconf 91' lang='lat' dir='ltr'><strong>illorum</strong></span> <span class='ocrx_word' id='word_1_57' title='bbox 1937 1080 2282 1147; x_wconf 78' lang='lat' dir='ltr'><strong>conspiratio.</strong></span> 
     </span>
    </p>
   </div>
   <div class='ocr_carea' id='block_1_9' title="bbox 870 1162 2370 1234">
    <p class='ocr_par' dir='ltr' id='par_1_9' title="bbox 870 1162 2370 1234">
     <span class='ocr_line' id='line_1_9' title="bbox 870 1162 2370 1234; baseline 0.004 -18"><span class='ocrx_word' id='word_1_58' title='bbox 870 1162 1044 1217; x_wconf 67' lang='lat' dir='ltr'><strong>Vatum</strong></span> <span class='ocrx_word' id='word_1_59' title='bbox 1071 1166 1243 1234; x_wconf 78' lang='lat' dir='ltr'><strong>templi</strong></span> <span class='ocrx_word' id='word_1_60' title='bbox 1267 1184 1358 1220; x_wconf 86' lang='lat' dir='ltr'><strong>cur</strong></span> <span class='ocrx_word' id='word_1_61' title='bbox 1379 1168 1607 1220; x_wconf 78' lang='lat' dir='ltr'><strong>scissum.</strong></span> <span class='ocrx_word' id='word_1_62' title='bbox 1634 1197 1705 1207; x_wconf 91' lang='lat'><strong>—--</strong></span> <span class='ocrx_word' id='word_1_63' title='bbox 1729 1167 1902 1232; x_wconf 85' lang='lat' dir='ltr'><strong>Quare</strong></span> <span class='ocrx_word' id='word_1_64' title='bbox 1923 1169 2145 1221; x_wconf 80' lang='lat' dir='ltr'><strong>scissum</strong></span> <span class='ocrx_word' id='word_1_65' title='bbox 2169 1178 2252 1220; x_wconf 89' lang='lat' dir='ltr'><strong>est</strong></span> <span class='ocrx_word' id='word_1_66' title='bbox 2281 1183 2370 1222; x_wconf 88' lang='lat' dir='ltr'><strong>ve-</strong></span> 
     </span>
    </p>
   </div>
   <div class='ocr_carea' id='block_1_10' title="bbox 787 1253 2372 1326">
    <p class='ocr_par' dir='ltr' id='par_1_10' title="bbox 787 1253 2372 1326">
     <span class='ocr_line' id='line_1_10' title="bbox 787 1253 2372 1326; baseline 0.003 -19"><span class='ocrx_word' id='word_1_67' title='bbox 787 1253 938 1307; x_wconf 86' lang='lat' dir='ltr'><strong>lum?</strong></span> <span class='ocrx_word' id='word_1_68' title='bbox 965 1254 1097 1322; x_wconf 86' lang='lat' dir='ltr'><strong>Quia</strong></span> <span class='ocrx_word' id='word_1_69' title='bbox 1125 1258 1379 1325; x_wconf 84' lang='lat' dir='ltr'><strong>templum</strong></span> <span class='ocrx_word' id='word_1_70' title='bbox 1411 1273 1514 1310; x_wconf 93' lang='lat' dir='ltr'><strong>non</strong></span> <span class='ocrx_word' id='word_1_71' title='bbox 1547 1257 1713 1326; x_wconf 92' lang='lat' dir='ltr'><strong>potuit</strong></span> <span class='ocrx_word' id='word_1_72' title='bbox 1742 1257 1922 1312; x_wconf 90' lang='lat' dir='ltr'><strong>videre</strong></span> <span class='ocrx_word' id='word_1_73' title='bbox 1954 1258 2237 1312; x_wconf 89' lang='lat' dir='ltr'><strong>Dominum</strong></span> <span class='ocrx_word' id='word_1_74' title='bbox 2261 1273 2372 1312; x_wconf 89' lang='lat' dir='ltr'><strong>cru-</strong></span> 
     </span>
    </p>
   </div>
   <div class='ocr_carea' id='block_1_11' title="bbox 788 1343 2370 1415">
    <p class='ocr_par' dir='ltr' id='par_1_11' title="bbox 788 1343 2370 1415">
     <span class='ocr_line' id='line_1_11' title="bbox 788 1343 2370 1415; baseline 0.003 -17"><span class='ocrx_word' id='word_1_75' title='bbox 788 1343 1030 1409; x_wconf 83' lang='lat' dir='ltr'><strong>ciﬁxum,</strong></span> <span class='ocrx_word' id='word_1_76' title='bbox 1059 1355 1110 1400; x_wconf 90' lang='lat' dir='ltr'><strong>et</strong></span> <span class='ocrx_word' id='word_1_77' title='bbox 1142 1362 1234 1414; x_wconf 91' lang='lat' dir='ltr'><strong>per</strong></span> <span class='ocrx_word' id='word_1_78' title='bbox 1259 1362 1342 1412; x_wconf 87' lang='lat' dir='ltr'><strong>ea,</strong></span> <span class='ocrx_word' id='word_1_79' title='bbox 1374 1363 1491 1415; x_wconf 75' lang='lat' dir='ltr'><strong>qum</strong></span> <span class='ocrx_word' id='word_1_80' title='bbox 1513 1347 1635 1401; x_wconf 91' lang='lat' dir='ltr'><strong>velo</strong></span> <span class='ocrx_word' id='word_1_81' title='bbox 1664 1364 1763 1402; x_wconf 92' lang='lat' dir='ltr'><strong>suo</strong></span> <span class='ocrx_word' id='word_1_82' title='bbox 1792 1349 2137 1413; x_wconf 90' lang='lat' dir='ltr'><strong>acciderunt,</strong></span> <span class='ocrx_word' id='word_1_83' title='bbox 2165 1359 2370 1403; x_wconf 89' lang='lat' dir='ltr'><strong>tantum</strong></span> 
     </span>
    </p>
   </div>
   <div class='ocr_carea' id='block_1_12' title="bbox 789 1435 2374 1508">
    <p class='ocr_par' dir='ltr' id='par_1_12' title="bbox 789 1435 2374 1508">
     <span class='ocr_line' id='line_1_12' title="bbox 789 1435 2374 1508; baseline 0.002 -20"><span class='ocrx_word' id='word_1_84' title='bbox 789 1450 894 1489; x_wconf 91' lang='lat' dir='ltr'><strong>non</strong></span> <span class='ocrx_word' id='word_1_85' title='bbox 924 1435 1308 1491; x_wconf 81' lang='lat' dir='ltr'><strong>exhortationis</strong></span> <span class='ocrx_word' id='word_1_86' title='bbox 1338 1438 1497 1492; x_wconf 87' lang='lat' dir='ltr'><strong>modo</strong></span> <span class='ocrx_word' id='word_1_87' title='bbox 1523 1440 1623 1492; x_wconf 90' lang='lat' dir='ltr'><strong>ista</strong></span> <span class='ocrx_word' id='word_1_88' title='bbox 1657 1440 1896 1508; x_wconf 82' lang='lat' dir='ltr'><strong>protulit.</strong></span> <span class='ocrx_word' id='word_1_89' title='bbox 1923 1440 1996 1494; x_wconf 90' lang='lat' dir='ltr'><strong>De</strong></span> <span class='ocrx_word' id='word_1_90' title='bbox 2026 1449 2221 1493; x_wconf 75' lang='lat' dir='ltr'><strong>czetero</strong></span> <span class='ocrx_word' id='word_1_91' title='bbox 2246 1455 2374 1494; x_wconf 88' lang='lat' dir='ltr'><strong>san-</strong></span> 
     </span>
    </p>
   </div>
   <div class='ocr_carea' id='block_1_13' title="bbox 787 1529 2372 1600">
    <p class='ocr_par' dir='ltr' id='par_1_13' title="bbox 787 1529 2372 1600">
     <span class='ocr_line' id='line_1_13' title="bbox 787 1529 2372 1600; baseline 0.002 -21"><span class='ocrx_word' id='word_1_92' title='bbox 787 1535 870 1579; x_wconf 89' lang='lat' dir='ltr'><strong>cta</strong></span> <span class='ocrx_word' id='word_1_93' title='bbox 896 1535 1201 1580; x_wconf 90' lang='lat' dir='ltr'><strong>sanctorum</strong></span> <span class='ocrx_word' id='word_1_94' title='bbox 1230 1529 1545 1594; x_wconf 89' lang='lat' dir='ltr'><strong>conculcet,</strong></span> <span class='ocrx_word' id='word_1_95' title='bbox 1585 1531 1824 1600; x_wconf 86' lang='lat' dir='ltr'><strong>quisquis</strong></span> <span class='ocrx_word' id='word_1_96' title='bbox 1852 1531 2010 1584; x_wconf 87' lang='lat' dir='ltr'><strong>volet.</strong></span> <span class='ocrx_word' id='word_1_97' title='bbox 2053 1529 2186 1597; x_wconf 86' lang='lat' dir='ltr'><strong>Quid</strong></span> <span class='ocrx_word' id='word_1_98' title='bbox 2232 1529 2372 1584; x_wconf 89' lang='lat' dir='ltr'><strong>enim</strong></span> 
     </span>
    </p>
   </div>
   <div class='ocr_carea' id='block_1_14' title="bbox 791 1615 2375 1686">
    <p class='ocr_par' dir='ltr' id='par_1_14' title="bbox 791 1615 2375 1686">
     <span class='ocr_line' id='line_1_14' title="bbox 791 1615 2375 1686; baseline 0.001 -17"><span class='ocrx_word' id='word_1_99' title='bbox 791 1615 907 1669; x_wconf 86' lang='lat' dir='ltr'><strong>istis</strong></span> <span class='ocrx_word' id='word_1_100' title='bbox 927 1631 1060 1685; x_wconf 81' lang='lat' dir='ltr'><strong>Opus</strong></span> <span class='ocrx_word' id='word_1_101' title='bbox 1085 1617 1272 1681; x_wconf 85' lang='lat' dir='ltr'><strong>habeo,</strong></span> <span class='ocrx_word' id='word_1_102' title='bbox 1301 1619 1389 1671; x_wconf 91' lang='lat' dir='ltr'><strong>tali</strong></span> <span class='ocrx_word' id='word_1_103' title='bbox 1409 1620 1673 1674; x_wconf 86' lang='lat' dir='ltr'><strong>sacriﬁcio</strong></span> <span class='ocrx_word' id='word_1_104' title='bbox 1694 1630 1841 1674; x_wconf 74' lang='lat' dir='ltr'><strong>extra</strong></span> <span class='ocrx_word' id='word_1_105' title='bbox 1864 1621 2042 1673; x_wconf 87' lang='lat' dir='ltr'><strong>oblato</strong></span> <span class='ocrx_word' id='word_1_106' title='bbox 2062 1630 2114 1674; x_wconf 88' lang='lat' dir='ltr'><strong>et</strong></span> <span class='ocrx_word' id='word_1_107' title='bbox 2136 1619 2375 1686; x_wconf 88' lang='lat' dir='ltr'><strong>peracto?</strong></span> 
     </span>
    </p>
   </div>
   <div class='ocr_carea' id='block_1_15' title="bbox 791 1706 2374 1776">
    <p class='ocr_par' dir='ltr' id='par_1_15' title="bbox 791 1706 2374 1776">
     <span class='ocr_line' id='line_1_15' title="bbox 791 1706 2374 1776; baseline 0.004 -18"><span class='ocrx_word' id='word_1_108' title='bbox 791 1706 916 1774; x_wconf 88' lang='lat' dir='ltr'><strong>quid</strong></span> <span class='ocrx_word' id='word_1_109' title='bbox 945 1707 1072 1760; x_wconf 93' lang='lat' dir='ltr'><strong>mihi</strong></span> <span class='ocrx_word' id='word_1_110' title='bbox 1101 1709 1320 1776; x_wconf 87' lang='lat' dir='ltr'><strong>prodest</strong></span> <span class='ocrx_word' id='word_1_111' title='bbox 1349 1711 1762 1764; x_wconf 83' lang='lat' dir='ltr'><strong>testamentum?</strong></span> <span class='ocrx_word' id='word_1_112' title='bbox 1788 1710 1980 1764; x_wconf 78' lang='lat' dir='ltr'><strong>frustra</strong></span> <span class='ocrx_word' id='word_1_113' title='bbox 2022 1720 2075 1764; x_wconf 92' lang='lat' dir='ltr'><strong>et</strong></span> <span class='ocrx_word' id='word_1_114' title='bbox 2107 1712 2374 1765; x_wconf 83' lang='lat' dir='ltr'><strong>incassum</strong></span> 
     </span>
    </p>
   </div>
   <div class='ocr_carea' id='block_1_16' title="bbox 793 1801 2376 1871">
    <p class='ocr_par' dir='ltr' id='par_1_16' title="bbox 793 1801 2376 1871">
     <span class='ocr_line' id='line_1_16' title="bbox 793 1801 2376 1871; baseline 0.004 -21"><span class='ocrx_word' id='word_1_115' title='bbox 793 1808 940 1852; x_wconf 89' lang='lat' dir='ltr'><strong>tanto</strong></span> <span class='ocrx_word' id='word_1_116' title='bbox 969 1809 1208 1868; x_wconf 87' lang='lat' dir='ltr'><strong>tempore</strong></span> <span class='ocrx_word' id='word_1_117' title='bbox 1238 1801 1366 1854; x_wconf 92' lang='lat' dir='ltr'><strong>istos</strong></span> <span class='ocrx_word' id='word_1_118' title='bbox 1393 1801 1568 1854; x_wconf 90' lang='lat' dir='ltr'><strong>docui.</strong></span> <span class='ocrx_word' id='word_1_119' title='bbox 1593 1801 1720 1867; x_wconf 63' lang='lat' dir='ltr'><strong>Qua:</strong></span> <span class='ocrx_word' id='word_1_120' title='bbox 1747 1818 1809 1854; x_wconf 88' lang='lat' dir='ltr'><strong>ex</strong></span> <span class='ocrx_word' id='word_1_121' title='bbox 1839 1802 1953 1871; x_wconf 88' lang='lat' dir='ltr'><strong>lege</strong></span> <span class='ocrx_word' id='word_1_122' title='bbox 1973 1801 2037 1854; x_wconf 89' lang='lat' dir='ltr'><strong>ad</strong></span> <span class='ocrx_word' id='word_1_123' title='bbox 2067 1818 2150 1856; x_wconf 91' lang='lat' dir='ltr'><strong>me</strong></span> <span class='ocrx_word' id='word_1_124' title='bbox 2179 1803 2376 1856; x_wconf 89' lang='lat' dir='ltr'><strong>utilitas</strong></span> 
     </span>
    </p>
   </div>
   <div class='ocr_carea' id='block_1_17' title="bbox 790 1887 2374 1963">
    <p class='ocr_par' dir='ltr' id='par_1_17' title="bbox 790 1887 2374 1963">
     <span class='ocr_line' id='line_1_17' title="bbox 790 1887 2374 1963; baseline 0.003 -23"><span class='ocrx_word' id='word_1_125' title='bbox 790 1887 967 1941; x_wconf 85' lang='lat' dir='ltr'><strong>redit?</strong></span> <span class='ocrx_word' id='word_1_126' title='bbox 997 1889 1106 1942; x_wconf 92' lang='lat' dir='ltr'><strong>lloc</strong></span> <span class='ocrx_word' id='word_1_127' title='bbox 1139 1899 1192 1943; x_wconf 89' lang='lat' dir='ltr'><strong>et</strong></span> <span class='ocrx_word' id='word_1_128' title='bbox 1231 1889 1485 1959; x_wconf 89' lang='lat' dir='ltr'><strong>propheta</strong></span> <span class='ocrx_word' id='word_1_129' title='bbox 1514 1891 1776 1944; x_wconf 87' lang='lat' dir='ltr'><strong>clamabat</strong></span> <span class='ocrx_word' id='word_1_130' title='bbox 1814 1891 2036 1946; x_wconf 85' lang='lat' dir='ltr'><strong>dicens:</strong></span> <span class='ocrx_word' id='word_1_131' title='bbox 2071 1891 2239 1958; x_wconf 86' lang='lat' dir='ltr'><strong>Quare</strong></span> <span class='ocrx_word' id='word_1_132' title='bbox 2268 1895 2374 1963; x_wconf 77' lang='lat' dir='ltr'><strong>fre-</strong></span> 
     </span>
    </p>
   </div>
   <div class='ocr_carea' id='block_1_18' title="bbox 790 1983 2375 2057">
    <p class='ocr_par' dir='ltr' id='par_1_18' title="bbox 790 1983 2375 2057">
     <span class='ocr_line' id='line_1_18' title="bbox 790 1983 2375 2057; baseline 0.007 -28"><span class='ocrx_word' id='word_1_133' title='bbox 790 1989 1019 2032; x_wconf 85' lang='lat' dir='ltr'><strong>muerunt</strong></span> <span class='ocrx_word' id='word_1_134' title='bbox 1043 1991 1228 2050; x_wconf 77' lang='lat' dir='ltr'><strong>gentes,</strong></span> <span class='ocrx_word' id='word_1_135' title='bbox 1259 1991 1304 2034; x_wconf 85' lang='lat' dir='ltr'><strong>et</strong></span> <span class='ocrx_word' id='word_1_136' title='bbox 1334 1983 1509 2052; x_wconf 78' lang='lat' dir='ltr'><strong>populi</strong></span> <span class='ocrx_word' id='word_1_137' title='bbox 1535 1984 1760 2037; x_wconf 81' lang='lat' dir='ltr'><strong>meditati</strong></span> <span class='ocrx_word' id='word_1_138' title='bbox 1783 1994 1898 2037; x_wconf 84' lang='lat' dir='ltr'><strong>sunt</strong></span> <span class='ocrx_word' id='word_1_139' title='bbox 1923 1985 2096 2038; x_wconf 86' lang='lat' dir='ltr'><strong>inania</strong></span> <span class='ocrx_word' id='word_1_140' title='bbox 2125 1983 2295 2057; x_wconf 78' lang='lat' dir='ltr'><strong>(Psat.</strong></span> <span class='ocrx_word' id='word_1_141' title='bbox 2320 1985 2375 2040; x_wconf 74' lang='grc'><strong>2.</strong></span> 
     </span>
    </p>
   </div>
   <div class='ocr_carea' id='block_1_19' title="bbox 791 2070 2380 2144">
    <p class='ocr_par' dir='ltr' id='par_1_19' title="bbox 791 2070 2380 2144">
     <span class='ocr_line' id='line_1_19' title="bbox 791 2070 2380 2144; baseline 0.004 -20"><span class='ocrx_word' id='word_1_142' title='bbox 791 2070 886 2140; x_wconf 76' lang='lat' dir='ltr'><strong>l)?</strong></span> <span class='ocrx_word' id='word_1_143' title='bbox 912 2071 1209 2126; x_wconf 81' lang='lat' dir='ltr'><strong>Audierant</strong></span> <span class='ocrx_word' id='word_1_144' title='bbox 1237 2091 1251 2126; x_wconf 89' lang='lat'><strong>:</strong></span> <span class='ocrx_word' id='word_1_145' title='bbox 1280 2071 1564 2144; x_wconf 85' lang='lat' dir='ltr'><strong>Tamquam</strong></span> <span class='ocrx_word' id='word_1_146' title='bbox 1608 2077 1712 2129; x_wconf 84' lang='lat' dir='ltr'><strong>ovis</strong></span> <span class='ocrx_word' id='word_1_147' title='bbox 1752 2078 1820 2129; x_wconf 85' lang='lat' dir='ltr'><strong>ad</strong></span> <span class='ocrx_word' id='word_1_148' title='bbox 1865 2078 2164 2130; x_wconf 69' lang='lat' dir='ltr'><strong>occisionem</strong></span> <span class='ocrx_word' id='word_1_149' title='bbox 2201 2077 2380 2130; x_wconf 81' lang='lat' dir='ltr'><strong>ductus</strong></span> 
     </span>
    </p>
   </div>
   <div class='ocr_carea' id='block_1_20' title="bbox 791 2167 2378 2239">
    <p class='ocr_par' dir='ltr' id='par_1_20' title="bbox 791 2167 2378 2239">
     <span class='ocr_line' id='line_1_20' title="bbox 791 2167 2378 2239; baseline 0.006 -23"><span class='ocrx_word' id='word_1_150' title='bbox 791 2173 883 2225; x_wconf 78' lang='lat' dir='ltr'><strong>est,</strong></span> <span class='ocrx_word' id='word_1_151' title='bbox 905 2173 954 2216; x_wconf 89' lang='lat' dir='ltr'><strong>et</strong></span> <span class='ocrx_word' id='word_1_152' title='bbox 976 2174 1230 2234; x_wconf 83' lang='lat' dir='ltr'><strong>tamquam</strong></span> <span class='ocrx_word' id='word_1_153' title='bbox 1251 2183 1412 2236; x_wconf 83' lang='lat' dir='ltr'><strong>agnus</strong></span> <span class='ocrx_word' id='word_1_154' title='bbox 1437 2184 1606 2220; x_wconf 89' lang='lat' dir='ltr'><strong>coram</strong></span> <span class='ocrx_word' id='word_1_155' title='bbox 1627 2169 1857 2222; x_wconf 79' lang='lat' dir='ltr'><strong>tondente</strong></span> <span class='ocrx_word' id='word_1_156' title='bbox 1872 2186 1926 2223; x_wconf 81' lang='lat' dir='ltr'><strong>se</strong></span> <span class='ocrx_word' id='word_1_157' title='bbox 1949 2170 2192 2222; x_wconf 81' lang='lat' dir='ltr'><strong>obmutuit</strong></span> <span class='ocrx_word' id='word_1_158' title='bbox 2223 2167 2378 2239; x_wconf 83' lang='lat' dir='ltr'><strong>(Isai.</strong></span> 
     </span>
    </p>
   </div>
   <div class='ocr_carea' id='block_1_21' title="bbox 792 2254 2375 2332">
    <p class='ocr_par' dir='ltr' id='par_1_21' title="bbox 792 2254 2375 2332">
     <span class='ocr_line' id='line_1_21' title="bbox 792 2254 2375 2332; baseline 0.003 -23"><span class='ocrx_word' id='word_1_159' title='bbox 792 2254 882 2309; x_wconf 81' lang='grc'><strong>55.</strong></span> <span class='ocrx_word' id='word_1_160' title='bbox 915 2256 973 2325; x_wconf 83' lang='lat'><strong>7)</strong></span> <span class='ocrx_word' id='word_1_161' title='bbox 1003 2275 1014 2308; x_wconf 91' lang='lat'>:</span> <span class='ocrx_word' id='word_1_162' title='bbox 1046 2267 1100 2310; x_wconf 91' lang='lat' dir='ltr'><strong>et</strong></span> <span class='ocrx_word' id='word_1_163' title='bbox 1125 2273 1247 2311; x_wconf 90' lang='lat' dir='ltr'><strong>cum</strong></span> <span class='ocrx_word' id='word_1_164' title='bbox 1277 2258 1413 2313; x_wconf 90' lang='lat' dir='ltr'><strong>hanc</strong></span> <span class='ocrx_word' id='word_1_165' title='bbox 1444 2261 1775 2328; x_wconf 89' lang='lat' dir='ltr'><strong>prophetiam</strong></span> <span class='ocrx_word' id='word_1_166' title='bbox 1803 2273 1947 2315; x_wconf 88' lang='lat' dir='ltr'><strong>tanto</strong></span> <span class='ocrx_word' id='word_1_167' title='bbox 1974 2271 2216 2332; x_wconf 89' lang='lat' dir='ltr'><strong>tempore</strong></span> <span class='ocrx_word' id='word_1_168' title='bbox 2241 2277 2375 2316; x_wconf 90' lang='lat' dir='ltr'><strong>con-</strong></span> 
     </span>
    </p>
   </div>
   <div class='ocr_carea' id='block_1_22' title="bbox 790 2345 2373 2421">
    <p class='ocr_par' dir='ltr' id='par_1_22' title="bbox 790 2345 2373 2421">
     <span class='ocr_line' id='line_1_22' title="bbox 790 2345 2373 2421; baseline 0.006 -23"><span class='ocrx_word' id='word_1_169' title='bbox 790 2345 964 2398; x_wconf 86' lang='lat' dir='ltr'><strong>sidera</strong></span> <span class='ocrx_word' id='word_1_170' title='bbox 977 2355 1136 2409; x_wconf 71' lang='lat' dir='ltr'><strong>~scnt,</strong></span> <span class='ocrx_word' id='word_1_171' title='bbox 1162 2359 1424 2416; x_wconf 70' lang='lat' dir='ltr'><strong>prarsente</strong></span> <span class='ocrx_word' id='word_1_172' title='bbox 1445 2350 1554 2417; x_wconf 88' lang='lat' dir='ltr'><strong>jam</strong></span> <span class='ocrx_word' id='word_1_173' title='bbox 1577 2366 1660 2414; x_wconf 92' lang='lat' dir='ltr'><strong>eo,</strong></span> <span class='ocrx_word' id='word_1_174' title='bbox 1685 2351 1824 2420; x_wconf 91' lang='lat' dir='ltr'><strong>quod</strong></span> <span class='ocrx_word' id='word_1_175' title='bbox 1852 2351 2157 2421; x_wconf 79' lang='lat' dir='ltr'><strong>pra-dictum</strong></span> <span class='ocrx_word' id='word_1_176' title='bbox 2181 2351 2373 2418; x_wconf 83' lang='lat' dir='ltr'><strong>fuerat,</strong></span> 
     </span>
    </p>
   </div>
   <div class='ocr_carea' id='block_1_23' title="bbox 791 2436 2378 2510">
    <p class='ocr_par' dir='ltr' id='par_1_23' title="bbox 791 2436 2378 2510">
     <span class='ocr_line' id='line_1_23' title="bbox 791 2436 2378 2510; baseline 0.006 -22"><span class='ocrx_word' id='word_1_177' title='bbox 791 2447 896 2488; x_wconf 87' lang='lat' dir='ltr'><strong>non</strong></span> <span class='ocrx_word' id='word_1_178' title='bbox 926 2436 1284 2491; x_wconf 89' lang='lat' dir='ltr'><strong>crediderunt.</strong></span> <span class='ocrx_word' id='word_1_179' title='bbox 1311 2438 1518 2505; x_wconf 89' lang='lat' dir='ltr'><strong>Cernis,</strong></span> <span class='ocrx_word' id='word_1_180' title='bbox 1551 2440 1818 2510; x_wconf 88' lang='lat' dir='ltr'><strong>quomodo</strong></span> <span class='ocrx_word' id='word_1_181' title='bbox 1847 2441 2083 2496; x_wconf 89' lang='lat' dir='ltr'><strong>meditati</strong></span> <span class='ocrx_word' id='word_1_182' title='bbox 2111 2451 2233 2496; x_wconf 91' lang='lat' dir='ltr'><strong>sunt</strong></span> <span class='ocrx_word' id='word_1_183' title='bbox 2259 2442 2378 2497; x_wconf 87' lang='lat' dir='ltr'><strong>ina-</strong></span> 
     </span>
    </p>
   </div>
   <div class='ocr_carea' id='block_1_24' title="bbox 792 2527 2381 2603">
    <p class='ocr_par' dir='ltr' id='par_1_24' title="bbox 792 2527 2381 2603">
     <span class='ocr_line' id='line_1_24' title="bbox 792 2527 2381 2603; baseline 0.005 -23"><span class='ocrx_word' id='word_1_184' title='bbox 792 2528 912 2581; x_wconf 82' lang='lat' dir='ltr'><strong>nia?</strong></span> <span class='ocrx_word' id='word_1_185' title='bbox 940 2527 1227 2597; x_wconf 83' lang='lat' dir='ltr'><strong>Propterea</strong></span> <span class='ocrx_word' id='word_1_186' title='bbox 1265 2531 1491 2586; x_wconf 90' lang='lat' dir='ltr'><strong>scissum</strong></span> <span class='ocrx_word' id='word_1_187' title='bbox 1519 2543 1599 2586; x_wconf 86' lang='lat' dir='ltr'><strong>est</strong></span> <span class='ocrx_word' id='word_1_188' title='bbox 1625 2533 1912 2602; x_wconf 89' lang='lat' dir='ltr'><strong>templum,</strong></span> <span class='ocrx_word' id='word_1_189' title='bbox 1955 2534 2264 2603; x_wconf 85' lang='lat' dir='ltr'><strong>signiﬁcans</strong></span> <span class='ocrx_word' id='word_1_190' title='bbox 2289 2549 2381 2588; x_wconf 88' lang='lat' dir='ltr'><strong>so-</strong></span> 
     </span>
    </p>
   </div>
   <div class='ocr_carea' id='block_1_25' title="bbox 794 2617 2385 2694">
    <p class='ocr_par' dir='ltr' id='par_1_25' title="bbox 794 2617 2385 2694">
     <span class='ocr_line' id='line_1_25' title="bbox 794 2617 2385 2694; baseline 0.004 -23"><span class='ocrx_word' id='word_1_191' title='bbox 794 2617 1070 2673; x_wconf 89' lang='lat' dir='ltr'><strong>litudinem</strong></span> <span class='ocrx_word' id='word_1_192' title='bbox 1114 2630 1168 2674; x_wconf 89' lang='lat' dir='ltr'><strong>et</strong></span> <span class='ocrx_word' id='word_1_193' title='bbox 1211 2621 1561 2676; x_wconf 89' lang='lat' dir='ltr'><strong>vastationem</strong></span> <span class='ocrx_word' id='word_1_194' title='bbox 1603 2623 1824 2693; x_wconf 81' lang='lat' dir='ltr'><strong>posthac</strong></span> <span class='ocrx_word' id='word_1_195' title='bbox 1865 2624 1917 2677; x_wconf 91' lang='lat' dir='ltr'><strong>in</strong></span> <span class='ocrx_word' id='word_1_196' title='bbox 1965 2635 2277 2694; x_wconf 88' lang='lat' dir='ltr'><strong>perpetuum</strong></span> <span class='ocrx_word' id='word_1_197' title='bbox 2306 2624 2385 2678; x_wconf 88' lang='lat' dir='ltr'><strong>fu-</strong></span> 
     </span>
    </p>
   </div>
   <div class='ocr_carea' id='block_1_26' title="bbox 795 2719 987 2762">
    <p class='ocr_par' dir='ltr' id='par_1_26' title="bbox 795 2719 987 2762">
     <span class='ocr_line' id='line_1_26' title="bbox 795 2719 987 2762; baseline -0.005 0"><span class='ocrx_word' id='word_1_198' title='bbox 795 2719 987 2762; x_wconf 84' lang='lat' dir='ltr'><strong>turam.</strong></span> 
     </span>
    </p>
   </div>
   <div class='ocr_carea' id='block_1_27' title="bbox 865 2801 2384 2874">
    <p class='ocr_par' dir='ltr' id='par_1_27' title="bbox 865 2801 2384 2874">
     <span class='ocr_line' id='line_1_27' title="bbox 865 2801 2384 2874; baseline 0.004 -22"><span class='ocrx_word' id='word_1_199' title='bbox 865 2801 920 2853; x_wconf 80' lang='lat'><strong>5.</strong></span> <span class='ocrx_word' id='word_1_200' title='bbox 954 2801 1032 2852; x_wconf 79' lang='lat' dir='ltr'><strong>At!</strong></span> <span class='ocrx_word' id='word_1_201' title='bbox 1057 2801 1466 2856; x_wconf 80' lang='lat' dir='ltr'><strong>Communionem</strong></span> <span class='ocrx_word' id='word_1_202' title='bbox 1489 2820 1587 2872; x_wconf 82' lang='lat' dir='ltr'><strong>quo</strong></span> <span class='ocrx_word' id='word_1_203' title='bbox 1613 2818 1758 2874; x_wconf 83' lang='lat' dir='ltr'><strong>pacto</strong></span> <span class='ocrx_word' id='word_1_204' title='bbox 1780 2807 2016 2859; x_wconf 78' lang='lat' dir='ltr'><strong>euadunt.</strong></span> <span class='ocrx_word' id='word_1_205' title='bbox 2039 2837 2112 2845; x_wconf 98' lang='lat'><strong>—</strong></span> <span class='ocrx_word' id='word_1_206' title='bbox 2130 2805 2262 2860; x_wconf 92' lang='lat' dir='ltr'><strong>Cum</strong></span> <span class='ocrx_word' id='word_1_207' title='bbox 2287 2806 2384 2874; x_wconf 80' lang='lat' dir='ltr'><strong>igi-</strong></span> 
     </span>
    </p>
   </div>
   <div class='ocr_carea' id='block_1_28' title="bbox 794 2893 2382 2962">
    <p class='ocr_par' dir='ltr' id='par_1_28' title="bbox 794 2893 2382 2962">
     <span class='ocr_line' id='line_1_28' title="bbox 794 2893 2382 2962; baseline 0.002 -17"><span class='ocrx_word' id='word_1_208' title='bbox 794 2900 880 2945; x_wconf 88' lang='lat' dir='ltr'><strong>tur</strong></span> <span class='ocrx_word' id='word_1_209' title='bbox 922 2905 1076 2957; x_wconf 90' lang='lat' dir='ltr'><strong>eum,</strong></span> <span class='ocrx_word' id='word_1_210' title='bbox 1125 2893 1215 2962; x_wconf 90' lang='lat' dir='ltr'><strong>qui</strong></span> <span class='ocrx_word' id='word_1_211' title='bbox 1260 2895 1310 2947; x_wconf 92' lang='lat' dir='ltr'><strong>in</strong></span> <span class='ocrx_word' id='word_1_212' title='bbox 1359 2909 1516 2948; x_wconf 90' lang='lat' dir='ltr'><strong>cruce</strong></span> <span class='ocrx_word' id='word_1_213' title='bbox 1557 2897 1745 2949; x_wconf 70' lang='lat' dir='ltr'><strong>afﬁxus</strong></span> <span class='ocrx_word' id='word_1_214' title='bbox 1775 2906 1884 2961; x_wconf 86' lang='lat' dir='ltr'><strong>est,</strong></span> <span class='ocrx_word' id='word_1_215' title='bbox 1921 2912 2017 2951; x_wconf 89' lang='lat' dir='ltr'><strong>nos</strong></span> <span class='ocrx_word' id='word_1_216' title='bbox 2060 2897 2240 2952; x_wconf 88' lang='lat' dir='ltr'><strong>itidem</strong></span> <span class='ocrx_word' id='word_1_217' title='bbox 2281 2895 2382 2950; x_wconf 87' lang='lat' dir='ltr'><strong>sub</strong></span> 
     </span>
    </p>
   </div>
   <div class='ocr_carea' id='block_1_29' title="bbox 794 2985 2383 3058">
    <p class='ocr_par' dir='ltr' id='par_1_29' title="bbox 794 2985 2383 3058">
     <span class='ocr_line' id='line_1_29' title="bbox 794 2985 2383 3058; baseline 0.004 -24"><span class='ocrx_word' id='word_1_218' title='bbox 794 2997 1073 3050; x_wconf 82' lang='lat' dir='ltr'><strong>vesperam</strong></span> <span class='ocrx_word' id='word_1_219' title='bbox 1104 2985 1268 3038; x_wconf 86' lang='lat' dir='ltr'><strong>visuri</strong></span> <span class='ocrx_word' id='word_1_220' title='bbox 1313 2985 1514 3050; x_wconf 89' lang='lat' dir='ltr'><strong>simus,</strong></span> <span class='ocrx_word' id='word_1_221' title='bbox 1559 2997 1826 3058; x_wconf 86' lang='lat' dir='ltr'><strong>tamquam</strong></span> <span class='ocrx_word' id='word_1_222' title='bbox 1871 3004 2064 3058; x_wconf 82' lang='lat' dir='ltr'><strong>agnum</strong></span> <span class='ocrx_word' id='word_1_223' title='bbox 2096 2998 2383 3042; x_wconf 89' lang='lat' dir='ltr'><strong>mactatum</strong></span> 
     </span>
    </p>
   </div>
   <div class='ocr_carea' id='block_1_30' title="bbox 797 3075 2387 3145">
    <p class='ocr_par' dir='ltr' id='par_1_30' title="bbox 797 3075 2387 3145">
     <span class='ocr_line' id='line_1_30' title="bbox 797 3075 2387 3145; baseline 0.004 -18"><span class='ocrx_word' id='word_1_224' title='bbox 797 3083 853 3128; x_wconf 93' lang='lat' dir='ltr'><strong>ct</strong></span> <span class='ocrx_word' id='word_1_225' title='bbox 879 3075 1232 3142; x_wconf 84' lang='lat' dir='ltr'><strong>immolatum,</strong></span> <span class='ocrx_word' id='word_1_226' title='bbox 1262 3092 1455 3132; x_wconf 90' lang='lat' dir='ltr'><strong>moneo</strong></span> <span class='ocrx_word' id='word_1_227' title='bbox 1475 3120 1490 3144; x_wconf 92' lang='lat'><strong>,</strong></span> <span class='ocrx_word' id='word_1_228' title='bbox 1519 3089 1718 3134; x_wconf 90' lang='lat' dir='ltr'><strong>etcum</strong></span> <span class='ocrx_word' id='word_1_229' title='bbox 1748 3089 2004 3145; x_wconf 89' lang='lat' dir='ltr'><strong>tremore,</strong></span> <span class='ocrx_word' id='word_1_230' title='bbox 2043 3081 2387 3135; x_wconf 85' lang='lat' dir='ltr'><strong>veneratione</strong></span> 
     </span>
    </p>
   </div>
   <div class='ocr_carea' id='block_1_31' title="bbox 796 3156 2388 3242">
    <p class='ocr_par' dir='ltr' id='par_1_31' title="bbox 796 3156 2388 3242">
     <span class='ocr_line' id='line_1_31' title="bbox 796 3156 2388 3242; baseline 0.004 -23"><span class='ocrx_word' id='word_1_231' title='bbox 796 3173 854 3219; x_wconf 91' lang='lat' dir='ltr'><strong>et</strong></span> <span class='ocrx_word' id='word_1_232' title='bbox 880 3167 1177 3220; x_wconf 86' lang='lat' dir='ltr'><strong>reverentia</strong></span> <span class='ocrx_word' id='word_1_233' title='bbox 1199 3168 1364 3222; x_wconf 91' lang='lat' dir='ltr'><strong>multa</strong></span> <span class='ocrx_word' id='word_1_234' title='bbox 1387 3156 1722 3224; x_wconf 76' lang='lat' dir='ltr'><strong>accedamus.</strong></span> <span class='ocrx_word' id='word_1_235' title='bbox 1749 3172 1827 3224; x_wconf 87' lang='lat' dir='ltr'><strong>An</strong></span> <span class='ocrx_word' id='word_1_236' title='bbox 1856 3171 2091 3237; x_wconf 85' lang='lat' dir='ltr'><strong>nescitis,</strong></span> <span class='ocrx_word' id='word_1_237' title='bbox 2119 3172 2388 3242; x_wconf 86' lang='lat' dir='ltr'><strong>quomodo</strong></span> 
     </span>
    </p>
   </div>
   <div class='ocr_carea' id='block_1_32' title="bbox 795 3258 2388 3333">
    <p class='ocr_par' dir='ltr' id='par_1_32' title="bbox 795 3258 2388 3333">
     <span class='ocr_line' id='line_1_32' title="bbox 795 3258 2388 3333; baseline 0.004 -23"><span class='ocrx_word' id='word_1_238' title='bbox 795 3258 968 3327; x_wconf 85' lang='lat' dir='ltr'><strong>angeli</strong></span> <span class='ocrx_word' id='word_1_239' title='bbox 999 3258 1301 3314; x_wconf 88' lang='lat' dir='ltr'><strong>adstiterint</strong></span> <span class='ocrx_word' id='word_1_240' title='bbox 1322 3261 1570 3330; x_wconf 91' lang='lat' dir='ltr'><strong>sepulcro</strong></span> <span class='ocrx_word' id='word_1_241' title='bbox 1597 3277 1790 3332; x_wconf 89' lang='lat' dir='ltr'><strong>corpus</strong></span> <span class='ocrx_word' id='word_1_242' title='bbox 1815 3279 1919 3317; x_wconf 93' lang='lat' dir='ltr'><strong>non</strong></span> <span class='ocrx_word' id='word_1_243' title='bbox 1953 3263 2185 3330; x_wconf 88' lang='lat' dir='ltr'><strong>habenti,</strong></span> <span class='ocrx_word' id='word_1_244' title='bbox 2209 3263 2388 3333; x_wconf 89' lang='lat' dir='ltr'><strong>sepul-</strong></span> 
     </span>
    </p>
   </div>
   <div class='ocr_carea' id='block_1_33' title="bbox 799 3352 2384 3426">
    <p class='ocr_par' dir='ltr' id='par_1_33' title="bbox 799 3352 2384 3426">
     <span class='ocr_line' id='line_1_33' title="bbox 799 3352 2384 3426; baseline 0.005 -24"><span class='ocrx_word' id='word_1_245' title='bbox 799 3365 894 3404; x_wconf 81' lang='lat' dir='ltr'><strong>cro</strong></span> <span class='ocrx_word' id='word_1_246' title='bbox 923 3352 1134 3405; x_wconf 84' lang='lat' dir='ltr'><strong>vacuo?</strong></span> <span class='ocrx_word' id='word_1_247' title='bbox 1157 3360 1390 3407; x_wconf 88' lang='lat' dir='ltr'><strong>attamen</strong></span> <span class='ocrx_word' id='word_1_248' title='bbox 1417 3369 1536 3408; x_wconf 91' lang='lat' dir='ltr'><strong>cum</strong></span> <span class='ocrx_word' id='word_1_249' title='bbox 1567 3355 1734 3409; x_wconf 88' lang='lat' dir='ltr'><strong>semel</strong></span> <span class='ocrx_word' id='word_1_250' title='bbox 1765 3364 1930 3410; x_wconf 92' lang='lat' dir='ltr'><strong>totum</strong></span> <span class='ocrx_word' id='word_1_251' title='bbox 1953 3371 2148 3426; x_wconf 89' lang='lat' dir='ltr'><strong>corpus</strong></span> <span class='ocrx_word' id='word_1_252' title='bbox 2176 3356 2384 3410; x_wconf 87' lang='lat' dir='ltr'><strong>Domini</strong></span> 
     </span>
    </p>
   </div>
   <div class='ocr_carea' id='block_1_34' title="bbox 803 3443 2383 3514">
    <p class='ocr_par' dir='ltr' id='par_1_34' title="bbox 803 3443 2383 3514">
     <span class='ocr_line' id='line_1_34' title="bbox 803 3443 2383 3514; baseline 0.002 -19"><span class='ocrx_word' id='word_1_253' title='bbox 803 3443 1110 3510; x_wconf 87' lang='lat' dir='ltr'><strong>recepisset,</strong></span> <span class='ocrx_word' id='word_1_254' title='bbox 1139 3443 1362 3496; x_wconf 90' lang='lat' dir='ltr'><strong>multum</strong></span> <span class='ocrx_word' id='word_1_255' title='bbox 1396 3444 1614 3500; x_wconf 90' lang='lat' dir='ltr'><strong>honoris</strong></span> <span class='ocrx_word' id='word_1_256' title='bbox 1644 3446 1742 3514; x_wconf 91' lang='lat' dir='ltr'><strong>ipsi</strong></span> <span class='ocrx_word' id='word_1_257' title='bbox 1772 3447 1931 3499; x_wconf 89' lang='lat' dir='ltr'><strong>etiam</strong></span> <span class='ocrx_word' id='word_1_258' title='bbox 1962 3448 2082 3501; x_wconf 87' lang='lat' dir='ltr'><strong>loco</strong></span> <span class='ocrx_word' id='word_1_259' title='bbox 2110 3446 2383 3500; x_wconf 82' lang='lat' dir='ltr'><strong>exhibent.</strong></span> 
     </span>
    </p>
   </div>
   <div class='ocr_carea' id='block_1_35' title="bbox 804 3534 2388 3610">
    <p class='ocr_par' dir='ltr' id='par_1_35' title="bbox 804 3534 2388 3610">
     <span class='ocr_line' id='line_1_35' title="bbox 804 3534 2388 3610; baseline 0.004 -22"><span class='ocrx_word' id='word_1_260' title='bbox 804 3534 989 3603; x_wconf 78' lang='lat' dir='ltr'><strong>Angeli</strong></span> <span class='ocrx_word' id='word_1_261' title='bbox 1014 3575 1031 3598; x_wconf 85' lang='lat'><strong>,</strong></span> <span class='ocrx_word' id='word_1_262' title='bbox 1058 3535 1149 3604; x_wconf 88' lang='lat' dir='ltr'><strong>qui</strong></span> <span class='ocrx_word' id='word_1_263' title='bbox 1185 3544 1426 3590; x_wconf 87' lang='lat' dir='ltr'><strong>naturam</strong></span> <span class='ocrx_word' id='word_1_264' title='bbox 1466 3547 1703 3591; x_wconf 86' lang='lat' dir='ltr'><strong>nostram</strong></span> <span class='ocrx_word' id='word_1_265' title='bbox 1730 3539 2043 3592; x_wconf 80' lang='lat' dir='ltr'><strong>excellentia</strong></span> <span class='ocrx_word' id='word_1_266' title='bbox 2091 3554 2186 3594; x_wconf 91' lang='lat' dir='ltr'><strong>sua</strong></span> <span class='ocrx_word' id='word_1_267' title='bbox 2235 3540 2388 3610; x_wconf 90' lang='lat' dir='ltr'><strong>longe</strong></span> 
     </span>
    </p>
   </div>
   <div class='ocr_carea' id='block_1_36' title="bbox 803 3629 2388 3698">
    <p class='ocr_par' dir='ltr' id='par_1_36' title="bbox 803 3629 2388 3698">
     <span class='ocr_line' id='line_1_36' title="bbox 803 3629 2388 3698; baseline 0.003 -18"><span class='ocrx_word' id='word_1_268' title='bbox 803 3635 1082 3694; x_wconf 86' lang='lat' dir='ltr'><strong>superant,</strong></span> <span class='ocrx_word' id='word_1_269' title='bbox 1135 3635 1277 3680; x_wconf 89' lang='lat' dir='ltr'><strong>tanta</strong></span> <span class='ocrx_word' id='word_1_270' title='bbox 1325 3630 1620 3682; x_wconf 85' lang='lat' dir='ltr'><strong>reverentia</strong></span> <span class='ocrx_word' id='word_1_271' title='bbox 1665 3637 1720 3683; x_wconf 89' lang='lat' dir='ltr'><strong>et</strong></span> <span class='ocrx_word' id='word_1_272' title='bbox 1761 3629 2101 3683; x_wconf 89' lang='lat' dir='ltr'><strong>observantia</strong></span> <span class='ocrx_word' id='word_1_273' title='bbox 2141 3631 2388 3698; x_wconf 89' lang='lat' dir='ltr'><strong>sepulcro</strong></span> 
     </span>
    </p>
   </div>
   <div class='ocr_carea' id='block_1_37' title="bbox 803 3717 2389 3791">
    <p class='ocr_par' dir='ltr' id='par_1_37' title="bbox 803 3717 2389 3791">
     <span class='ocr_line' id='line_1_37' title="bbox 803 3717 2389 3791; baseline 0.004 -21"><span class='ocrx_word' id='word_1_274' title='bbox 803 3717 1059 3770; x_wconf 88' lang='lat' dir='ltr'><strong>assistunt</strong></span> <span class='ocrx_word' id='word_1_275' title='bbox 1089 3734 1104 3770; x_wconf 92' lang='lat'><strong><em>:</em></strong></span> <span class='ocrx_word' id='word_1_276' title='bbox 1133 3732 1230 3771; x_wconf 90' lang='lat' dir='ltr'><strong>nos</strong></span> <span class='ocrx_word' id='word_1_277' title='bbox 1252 3733 1356 3772; x_wconf 93' lang='lat' dir='ltr'><strong>non</strong></span> <span class='ocrx_word' id='word_1_278' title='bbox 1382 3719 1448 3773; x_wconf 89' lang='lat' dir='ltr'><strong>ad</strong></span> <span class='ocrx_word' id='word_1_279' title='bbox 1474 3720 1779 3789; x_wconf 88' lang='lat' dir='ltr'><strong>sepulcrum</strong></span> <span class='ocrx_word' id='word_1_280' title='bbox 1810 3721 1985 3783; x_wconf 89' lang='lat' dir='ltr'><strong>inane,</strong></span> <span class='ocrx_word' id='word_1_281' title='bbox 2007 3722 2100 3776; x_wconf 91' lang='lat' dir='ltr'><strong>sed</strong></span> <span class='ocrx_word' id='word_1_282' title='bbox 2125 3722 2191 3776; x_wconf 92' lang='lat' dir='ltr'><strong>ad</strong></span> <span class='ocrx_word' id='word_1_283' title='bbox 2219 3723 2389 3791; x_wconf 86' lang='lat' dir='ltr'><strong>ipsam</strong></span> 
     </span>
    </p>
   </div>
   <div class='ocr_carea' id='block_1_38' title="bbox 805 3808 2392 3880">
    <p class='ocr_par' dir='ltr' id='par_1_38' title="bbox 805 3808 2392 3880">
     <span class='ocr_line' id='line_1_38' title="bbox 805 3808 2392 3880; baseline 0.004 -20"><span class='ocrx_word' id='word_1_284' title='bbox 805 3821 1042 3861; x_wconf 88' lang='lat' dir='ltr'><strong>mensam</strong></span> <span class='ocrx_word' id='word_1_285' title='bbox 1062 3849 1078 3872; x_wconf 90' lang='lat'><strong>,</strong></span> <span class='ocrx_word' id='word_1_286' title='bbox 1111 3808 1163 3862; x_wconf 91' lang='lat' dir='ltr'><strong>in</strong></span> <span class='ocrx_word' id='word_1_287' title='bbox 1191 3823 1292 3877; x_wconf 91' lang='lat' dir='ltr'><strong>qua</strong></span> <span class='ocrx_word' id='word_1_288' title='bbox 1318 3811 1499 3879; x_wconf 85' lang='lat' dir='ltr'><strong>Agnus</strong></span> <span class='ocrx_word' id='word_1_289' title='bbox 1530 3811 1733 3880; x_wconf 90' lang='lat' dir='ltr'><strong>positus</strong></span> <span class='ocrx_word' id='word_1_290' title='bbox 1758 3821 1867 3876; x_wconf 91' lang='lat' dir='ltr'><strong>est,</strong></span> <span class='ocrx_word' id='word_1_291' title='bbox 1895 3813 2124 3877; x_wconf 87' lang='lat' dir='ltr'><strong>adituri,</strong></span> <span class='ocrx_word' id='word_1_292' title='bbox 2151 3828 2274 3867; x_wconf 92' lang='lat' dir='ltr'><strong>cum</strong></span> <span class='ocrx_word' id='word_1_293' title='bbox 2304 3823 2392 3866; x_wconf 87' lang='lat' dir='ltr'><strong>tu-</strong></span> 
     </span>
    </p>
   </div>
   <div class='ocr_carea' id='block_1_39' title="bbox 805 3898 2390 3973">
    <p class='ocr_par' dir='ltr' id='par_1_39' title="bbox 805 3898 2390 3973">
     <span class='ocr_line' id='line_1_39' title="bbox 805 3898 2390 3973; baseline 0.005 -21"><span class='ocrx_word' id='word_1_294' title='bbox 805 3898 976 3952; x_wconf 88' lang='lat' dir='ltr'><strong>multu</strong></span> <span class='ocrx_word' id='word_1_295' title='bbox 1004 3907 1057 3953; x_wconf 92' lang='lat' dir='ltr'><strong>et</strong></span> <span class='ocrx_word' id='word_1_296' title='bbox 1088 3901 1392 3956; x_wconf 89' lang='lat' dir='ltr'><strong>turbatione</strong></span> <span class='ocrx_word' id='word_1_297' title='bbox 1416 3903 1759 3956; x_wconf 87' lang='lat' dir='ltr'><strong>accedimus?</strong></span> <span class='ocrx_word' id='word_1_298' title='bbox 1786 3905 1847 3957; x_wconf 84' lang='lat' dir='ltr'><strong>Et</strong></span> <span class='ocrx_word' id='word_1_299' title='bbox 1881 3920 1997 3973; x_wconf 73' lang='lat' dir='ltr'><strong>qua:</strong></span> <span class='ocrx_word' id='word_1_300' title='bbox 2025 3906 2177 3960; x_wconf 90' lang='lat' dir='ltr'><strong>nobis</strong></span> <span class='ocrx_word' id='word_1_301' title='bbox 2207 3906 2274 3961; x_wconf 92' lang='lat' dir='ltr'><strong>de</strong></span> <span class='ocrx_word' id='word_1_302' title='bbox 2304 3921 2390 3960; x_wconf 88' lang='lat' dir='ltr'><strong>re-</strong></span> 
     </span>
    </p>
   </div>
   <div class='ocr_carea' id='block_1_40' title="bbox 809 3991 2398 4066">
    <p class='ocr_par' dir='ltr' id='par_1_40' title="bbox 809 3991 2398 4066">
     <span class='ocr_line' id='line_1_40' title="bbox 809 3991 2398 4066; baseline 0.004 -23"><span class='ocrx_word' id='word_1_303' title='bbox 809 3991 954 4060; x_wconf 89' lang='lat' dir='ltr'><strong>liquo</strong></span> <span class='ocrx_word' id='word_1_304' title='bbox 991 3992 1147 4046; x_wconf 86' lang='lat' dir='ltr'><strong>venia</strong></span> <span class='ocrx_word' id='word_1_305' title='bbox 1191 3993 1453 4061; x_wconf 79' lang='lat' dir='ltr'><strong>Speranda</strong></span> <span class='ocrx_word' id='word_1_306' title='bbox 1482 3993 1623 4048; x_wconf 87' lang='lat' dir='ltr'><strong>erit?</strong></span> <span class='ocrx_word' id='word_1_307' title='bbox 1650 3993 1761 4048; x_wconf 84' lang='lat' dir='ltr'><strong>Non</strong></span> <span class='ocrx_word' id='word_1_308' title='bbox 1801 3995 1918 4048; x_wconf 91' lang='lat' dir='ltr'><strong>dico</strong></span> <span class='ocrx_word' id='word_1_309' title='bbox 1949 3994 2063 4050; x_wconf 69' lang='lat' dir='ltr'><strong>hate</strong></span> <span class='ocrx_word' id='word_1_310' title='bbox 2087 3997 2398 4066; x_wconf 87' lang='lat' dir='ltr'><strong>simpliciter</strong></span> 
     </span>
    </p>
   </div>
   <div class='ocr_carea' id='block_1_41' title="bbox 809 4085 2399 4155">
    <p class='ocr_par' dir='ltr' id='par_1_41' title="bbox 809 4085 2399 4155">
     <span class='ocr_line' id='line_1_41' title="bbox 809 4085 2399 4155; baseline 0.001 -17"><span class='ocrx_word' id='word_1_311' title='bbox 809 4094 865 4138; x_wconf 89' lang='lat' dir='ltr'><strong>et</strong></span> <span class='ocrx_word' id='word_1_312' title='bbox 890 4093 1110 4149; x_wconf 90' lang='lat' dir='ltr'><strong>temere,</strong></span> <span class='ocrx_word' id='word_1_313' title='bbox 1137 4085 1230 4140; x_wconf 89' lang='lat' dir='ltr'><strong>sed</strong></span> <span class='ocrx_word' id='word_1_314' title='bbox 1260 4100 1381 4139; x_wconf 92' lang='lat' dir='ltr'><strong>cum</strong></span> <span class='ocrx_word' id='word_1_315' title='bbox 1405 4085 1584 4140; x_wconf 85' lang='lat' dir='ltr'><strong>videre</strong></span> <span class='ocrx_word' id='word_1_316' title='bbox 1605 4086 1803 4141; x_wconf 81' lang='lat' dir='ltr'><strong>soleam</strong></span> <span class='ocrx_word' id='word_1_317' title='bbox 1833 4087 1931 4141; x_wconf 93' lang='lat' dir='ltr'><strong>hac</strong></span> <span class='ocrx_word' id='word_1_318' title='bbox 1957 4103 2176 4155; x_wconf 87' lang='lat' dir='ltr'><strong>vespera</strong></span> <span class='ocrx_word' id='word_1_319' title='bbox 2205 4087 2399 4141; x_wconf 91' lang='lat' dir='ltr'><strong>multos</strong></span> 
     </span>
    </p>
   </div>
   <div class='ocr_carea' id='block_1_42' title="bbox 812 4175 2400 4245">
    <p class='ocr_par' dir='ltr' id='par_1_42' title="bbox 812 4175 2400 4245">
     <span class='ocr_line' id='line_1_42' title="bbox 812 4175 2400 4245; baseline 0.001 -17"><span class='ocrx_word' id='word_1_320' title='bbox 812 4175 1210 4235; x_wconf 86' lang='lat' dir='ltr'><strong>tumultuantes.</strong></span> <span class='ocrx_word' id='word_1_321' title='bbox 1243 4175 1556 4241; x_wconf 84' lang='lat' dir='ltr'><strong>clamantes,</strong></span> <span class='ocrx_word' id='word_1_322' title='bbox 1579 4190 1697 4232; x_wconf 89' lang='lat' dir='ltr'><strong>sese</strong></span> <span class='ocrx_word' id='word_1_323' title='bbox 1723 4187 1908 4233; x_wconf 93' lang='lat' dir='ltr'><strong>mutuo</strong></span> <span class='ocrx_word' id='word_1_324' title='bbox 1931 4177 2225 4245; x_wconf 87' lang='lat' dir='ltr'><strong>trudentes,</strong></span> <span class='ocrx_word' id='word_1_325' title='bbox 2255 4178 2400 4232; x_wconf 83' lang='lat' dir='ltr'><strong>exsi-</strong></span> 
     </span>
    </p>
   </div>
   <div class='ocr_carea' id='block_1_43' title="bbox 811 4267 2398 4341">
    <p class='ocr_par' dir='ltr' id='par_1_43' title="bbox 811 4267 2398 4341">
     <span class='ocr_line' id='line_1_43' title="bbox 811 4267 2398 4341; baseline 0.001 -21"><span class='ocrx_word' id='word_1_326' title='bbox 811 4267 1004 4321; x_wconf 88' lang='lat' dir='ltr'><strong>lientes</strong></span> <span class='ocrx_word' id='word_1_327' title='bbox 1026 4309 1040 4330; x_wconf 91' lang='lat'><strong>,</strong></span> <span class='ocrx_word' id='word_1_328' title='bbox 1072 4267 1306 4322; x_wconf 90' lang='lat' dir='ltr'><strong>convicia</strong></span> <span class='ocrx_word' id='word_1_329' title='bbox 1344 4267 1598 4337; x_wconf 80' lang='lat' dir='ltr'><strong>iacientes</strong></span> <span class='ocrx_word' id='word_1_330' title='bbox 1619 4310 1633 4334; x_wconf 94' lang='lat'><strong>,</strong></span> <span class='ocrx_word' id='word_1_331' title='bbox 1667 4271 1941 4341; x_wconf 86' lang='lat' dir='ltr'><strong>magisque</strong></span> <span class='ocrx_word' id='word_1_332' title='bbox 1991 4285 2200 4340; x_wconf 71' lang='lat' dir='ltr'><strong>poenam</strong></span> <span class='ocrx_word' id='word_1_333' title='bbox 2241 4285 2398 4340; x_wconf 89' lang='lat' dir='ltr'><strong>quam</strong></span> 
     </span>
    </p>
   </div>
   <div class='ocr_carea' id='block_1_44' title="bbox 814 4358 2402 4428">
    <p class='ocr_par' dir='ltr' id='par_1_44' title="bbox 814 4358 2402 4428">
     <span class='ocr_line' id='line_1_44' title="bbox 814 4358 2402 4428; baseline 0.002 -16"><span class='ocrx_word' id='word_1_334' title='bbox 814 4358 1038 4412; x_wconf 88' lang='lat' dir='ltr'><strong>salutem</strong></span> <span class='ocrx_word' id='word_1_335' title='bbox 1066 4359 1164 4413; x_wconf 89' lang='lat' dir='ltr'><strong>sibi</strong></span> <span class='ocrx_word' id='word_1_336' title='bbox 1191 4371 1562 4428; x_wconf 87' lang='lat' dir='ltr'><strong>comparantes</strong></span> <span class='ocrx_word' id='word_1_337' title='bbox 1582 4403 1597 4428; x_wconf 94' lang='lat'><strong>,</strong></span> <span class='ocrx_word' id='word_1_338' title='bbox 1623 4377 1689 4417; x_wconf 86' lang='lat' dir='ltr'><strong>ea</strong></span> <span class='ocrx_word' id='word_1_339' title='bbox 1710 4362 1776 4417; x_wconf 91' lang='lat' dir='ltr'><strong>de</strong></span> <span class='ocrx_word' id='word_1_340' title='bbox 1804 4378 1964 4418; x_wconf 89' lang='lat' dir='ltr'><strong>causa</strong></span> <span class='ocrx_word' id='word_1_341' title='bbox 1996 4362 2134 4417; x_wconf 89' lang='lat' dir='ltr'><strong>hanc</strong></span> <span class='ocrx_word' id='word_1_342' title='bbox 2159 4363 2402 4416; x_wconf 84' lang='lat' dir='ltr'><strong>admoni-</strong></span> 
     </span>
    </p>
   </div>
   <div class='ocr_carea' id='block_1_45' title="bbox 819 4451 1286 4505">
    <p class='ocr_par' dir='ltr' id='par_1_45' title="bbox 819 4451 1286 4505">
     <span class='ocr_line' id='line_1_45' title="bbox 819 4451 1286 4505; baseline 0 -1"><span class='ocrx_word' id='word_1_343' title='bbox 819 4451 1019 4505; x_wconf 88' lang='lat' dir='ltr'><strong>tionem</strong></span> <span class='ocrx_word' id='word_1_344' title='bbox 1047 4451 1286 4505; x_wconf 86' lang='lat' dir='ltr'><strong>instituo.</strong></span> 
     </span>
    </p>
   </div>
   <div class='ocr_carea' id='block_1_46' title="bbox 893 4542 2405 4614">
    <p class='ocr_par' dir='ltr' id='par_1_46' title="bbox 893 4542 2405 4614">
     <span class='ocr_line' id='line_1_46' title="bbox 893 4542 2405 4614; baseline 0.003 -18"><span class='ocrx_word' id='word_1_345' title='bbox 893 4542 1155 4598; x_wconf 84' lang='lat' dir='ltr'><strong>Invocatio</strong></span> <span class='ocrx_word' id='word_1_346' title='bbox 1207 4543 1432 4614; x_wconf 87' lang='lat' dir='ltr'><strong>Spiritus</strong></span> <span class='ocrx_word' id='word_1_347' title='bbox 1465 4556 1647 4600; x_wconf 77' lang='lat' dir='ltr'><strong>sancti.</strong></span> <span class='ocrx_word' id='word_1_348' title='bbox 1678 4578 1748 4588; x_wconf 94' lang='lat'><strong><em>—</em></strong></span> <span class='ocrx_word' id='word_1_349' title='bbox 1775 4550 1925 4614; x_wconf 82' lang='lat' dir='ltr'><strong>Quod</strong></span> <span class='ocrx_word' id='word_1_350' title='bbox 1981 4549 2110 4603; x_wconf 88' lang='lat' dir='ltr'><strong>facis</strong></span> <span class='ocrx_word' id='word_1_351' title='bbox 2139 4588 2154 4612; x_wconf 89' lang='lat'><strong>,</strong></span> <span class='ocrx_word' id='word_1_352' title='bbox 2205 4547 2405 4600; x_wconf 83' lang='lat' dir='ltr'><strong>homo?</strong></span> 
     </span>
    </p>
   </div>
   <div class='ocr_carea' id='block_1_47' title="bbox 822 4634 2409 4704">
    <p class='ocr_par' dir='ltr' id='par_1_47' title="bbox 822 4634 2409 4704">
     <span class='ocr_line' id='line_1_47' title="bbox 822 4634 2409 4704; baseline 0.003 -18"><span class='ocrx_word' id='word_1_353' title='bbox 822 4634 1037 4704; x_wconf 84' lang='lat' dir='ltr'><strong>quando</strong></span> <span class='ocrx_word' id='word_1_354' title='bbox 1066 4635 1320 4690; x_wconf 89' lang='lat' dir='ltr'><strong>sacerdos</strong></span> <span class='ocrx_word' id='word_1_355' title='bbox 1349 4645 1454 4691; x_wconf 91' lang='lat' dir='ltr'><strong>stat</strong></span> <span class='ocrx_word' id='word_1_356' title='bbox 1477 4647 1602 4692; x_wconf 88' lang='lat' dir='ltr'><strong>ante</strong></span> <span class='ocrx_word' id='word_1_357' title='bbox 1629 4653 1834 4692; x_wconf 87' lang='lat' dir='ltr'><strong>sacram</strong></span> <span class='ocrx_word' id='word_1_358' title='bbox 1864 4653 2101 4692; x_wconf 89' lang='lat' dir='ltr'><strong>mensam</strong></span> <span class='ocrx_word' id='word_1_359' title='bbox 2123 4680 2138 4704; x_wconf 95' lang='lat'><strong>,</strong></span> <span class='ocrx_word' id='word_1_360' title='bbox 2166 4637 2409 4690; x_wconf 91' lang='lat' dir='ltr'><strong>manibus</strong></span> 
     </span>
    </p>
   </div>
   <div class='ocr_carea' id='block_1_48' title="bbox 824 4728 2413 4802">
    <p class='ocr_par' dir='ltr' id='par_1_48' title="bbox 824 4728 2413 4802">
     <span class='ocr_line' id='line_1_48' title="bbox 824 4728 2413 4802; baseline -0.003 -17"><span class='ocrx_word' id='word_1_361' title='bbox 824 4730 876 4785; x_wconf 82' lang='lat' dir='ltr'><strong>in</strong></span> <span class='ocrx_word' id='word_1_362' title='bbox 901 4728 1090 4784; x_wconf 64' lang='lat' dir='ltr'><strong>caelum</strong></span> <span class='ocrx_word' id='word_1_363' title='bbox 1111 4729 1366 4795; x_wconf 86' lang='lat' dir='ltr'><strong>extensis,</strong></span> <span class='ocrx_word' id='word_1_364' title='bbox 1397 4729 1650 4786; x_wconf 89' lang='lat' dir='ltr'><strong>invocans</strong></span> <span class='ocrx_word' id='word_1_365' title='bbox 1671 4730 1923 4802; x_wconf 85' lang='lat' dir='ltr'><strong>Spiritum</strong></span> <span class='ocrx_word' id='word_1_366' title='bbox 1947 4737 2208 4796; x_wconf 87' lang='lat' dir='ltr'><strong>sanctum,</strong></span> <span class='ocrx_word' id='word_1_367' title='bbox 2237 4737 2294 4783; x_wconf 91' lang='lat' dir='ltr'><strong>ut</strong></span> <span class='ocrx_word' id='word_1_368' title='bbox 2319 4728 2413 4782; x_wconf 81' lang='lat' dir='ltr'><strong>ad-</strong></span> 
     </span>
    </p>
   </div>
   <div class='ocr_carea' id='block_1_49' title="bbox 1529 414 3339 476">
    <p class='ocr_par' dir='ltr' id='par_1_49' title="bbox 1529 414 3339 476">
     <span class='ocr_line' id='line_1_49' title="bbox 1529 414 3339 476; baseline -0.004 -3"><span class='ocrx_word' id='word_1_369' title='bbox 1529 418 1586 474; x_wconf 92' lang='lat' dir='ltr'><strong>S.</strong></span> <span class='ocrx_word' id='word_1_370' title='bbox 1624 419 1903 476; x_wconf 78' lang='lat' dir='ltr'><strong>JOANNIS</strong></span> <span class='ocrx_word' id='word_1_371' title='bbox 1927 415 2413 475; x_wconf 78' lang='lat' dir='ltr'><strong>CHRYSOSTOMI</strong></span> <span class='ocrx_word' id='word_1_372' title='bbox 2443 416 2765 472; x_wconf 81' lang='lat' dir='ltr'><strong>ARCHIEP.</strong></span> <span class='ocrx_word' id='word_1_373' title='bbox 2808 414 3339 472; x_wconf 79' lang='lat' dir='ltr'><strong>CONSTANTINOP.</strong></span> 
     </span>
    </p>
   </div>
   <div class='ocr_carea' id='block_1_50' title="bbox 3949 419 4054 476">
    <p class='ocr_par' dir='ltr' id='par_1_50' title="bbox 3949 419 4054 476">
     <span class='ocr_line' id='line_1_50' title="bbox 3949 419 4054 476; baseline -0.019 0"><span class='ocrx_word' id='word_1_374' title='bbox 3949 419 4054 476; x_wconf 75' lang='lat'><strong>398</strong></span> 
     </span>
    </p>
   </div>
   <div class='ocr_carea' id='block_1_51' title="bbox 2470 527 4052 602">
    <p class='ocr_par' dir='ltr' id='par_1_51' title="bbox 2470 527 4052 602">
     <span class='ocr_line' id='line_1_51' title="bbox 2470 527 4052 602; baseline 0.001 -17"><span class='ocrx_word' id='word_1_375' title='bbox 2470 530 2684 596; x_wconf 88' lang='lat' dir='ltr'><strong>veniat,</strong></span> <span class='ocrx_word' id='word_1_376' title='bbox 2714 539 2773 584; x_wconf 94' lang='lat' dir='ltr'><strong>ut</strong></span> <span class='ocrx_word' id='word_1_377' title='bbox 2798 531 3070 600; x_wconf 81' lang='lat' dir='ltr'><strong>proposita</strong></span> <span class='ocrx_word' id='word_1_378' title='bbox 3113 530 3252 585; x_wconf 91' lang='lat' dir='ltr'><strong>dona</strong></span> <span class='ocrx_word' id='word_1_379' title='bbox 3297 527 3600 598; x_wconf 81' lang='lat' dir='ltr'><strong>contingat,</strong></span> <span class='ocrx_word' id='word_1_380' title='bbox 3647 542 3835 598; x_wconf 84' lang='lat' dir='ltr'><strong>magna</strong></span> <span class='ocrx_word' id='word_1_381' title='bbox 3865 536 4052 602; x_wconf 83' lang='lat' dir='ltr'><strong>quies,</strong></span> 
     </span>
    </p>
   </div>
   <div class='ocr_carea' id='block_1_52' title="bbox 2470 619 4057 692">
    <p class='ocr_par' dir='ltr' id='par_1_52' title="bbox 2470 619 4057 692">
     <span class='ocr_line' id='line_1_52' title="bbox 2470 619 4057 692; baseline 0.001 -16"><span class='ocrx_word' id='word_1_382' title='bbox 2470 635 2716 691; x_wconf 89' lang='lat' dir='ltr'><strong>magnum</strong></span> <span class='ocrx_word' id='word_1_383' title='bbox 2766 620 3038 674; x_wconf 88' lang='lat' dir='ltr'><strong>silentium</strong></span> <span class='ocrx_word' id='word_1_384' title='bbox 3065 639 3079 676; x_wconf 72' lang='grc' dir='ltr'><strong>ε</strong></span> <span class='ocrx_word' id='word_1_385' title='bbox 3105 621 3318 692; x_wconf 88' lang='lat' dir='ltr'><strong>quando</strong></span> <span class='ocrx_word' id='word_1_386' title='bbox 3365 619 3594 689; x_wconf 86' lang='lat' dir='ltr'><strong>Spiritus</strong></span> <span class='ocrx_word' id='word_1_387' title='bbox 3637 619 3860 688; x_wconf 80' lang='lat' dir='ltr'><strong>gratiam</strong></span> <span class='ocrx_word' id='word_1_388' title='bbox 3903 636 4057 678; x_wconf 75' lang='lat' dir='ltr'><strong>suam</strong></span> 
     </span>
    </p>
   </div>
   <div class='ocr_carea' id='block_1_53' title="bbox 2472 712 4057 784">
    <p class='ocr_par' dir='ltr' id='par_1_53' title="bbox 2472 712 4057 784">
     <span class='ocr_line' id='line_1_53' title="bbox 2472 712 4057 784; baseline 0 -14"><span class='ocrx_word' id='word_1_389' title='bbox 2472 715 2688 778; x_wconf 90' lang='lat' dir='ltr'><strong>tribuit,</strong></span> <span class='ocrx_word' id='word_1_390' title='bbox 2735 712 2947 782; x_wconf 86' lang='lat' dir='ltr'><strong>quando</strong></span> <span class='ocrx_word' id='word_1_391' title='bbox 2991 713 3302 780; x_wconf 89' lang='lat' dir='ltr'><strong>descendit,</strong></span> <span class='ocrx_word' id='word_1_392' title='bbox 3351 712 3562 784; x_wconf 88' lang='lat' dir='ltr'><strong>quando</strong></span> <span class='ocrx_word' id='word_1_393' title='bbox 3603 713 3869 781; x_wconf 88' lang='lat' dir='ltr'><strong>proposita</strong></span> <span class='ocrx_word' id='word_1_394' title='bbox 3915 714 4057 770; x_wconf 87' lang='lat' dir='ltr'><strong>dona</strong></span> 
     </span>
    </p>
   </div>
   <div class='ocr_carea' id='block_1_54' title="bbox 2474 801 4056 876">
    <p class='ocr_par' dir='ltr' id='par_1_54' title="bbox 2474 801 4056 876">
     <span class='ocr_line' id='line_1_54' title="bbox 2474 801 4056 876; baseline -0.003 -14"><span class='ocrx_word' id='word_1_395' title='bbox 2474 805 2769 876; x_wconf 85' lang='lat' dir='ltr'><strong>contingit,</strong></span> <span class='ocrx_word' id='word_1_396' title='bbox 2793 801 3006 874; x_wconf 90' lang='lat' dir='ltr'><strong>quando</strong></span> <span class='ocrx_word' id='word_1_397' title='bbox 3034 818 3188 857; x_wconf 90' lang='lat' dir='ltr'><strong>ovem</strong></span> <span class='ocrx_word' id='word_1_398' title='bbox 3234 815 3516 859; x_wconf 89' lang='lat' dir='ltr'><strong>mactatam</strong></span> <span class='ocrx_word' id='word_1_399' title='bbox 3552 811 3608 858; x_wconf 95' lang='lat' dir='ltr'><strong>et</strong></span> <span class='ocrx_word' id='word_1_400' title='bbox 3633 813 4056 858; x_wconf 86' lang='lat' dir='ltr'><strong>consummatam</strong></span> 
     </span>
    </p>
   </div>
   <div class='ocr_carea' id='block_1_55' title="bbox 2475 896 4064 963">
    <p class='ocr_par' dir='ltr' id='par_1_55' title="bbox 2475 896 4064 963">
     <span class='ocr_line' id='line_1_55' title="bbox 2475 896 4064 963; baseline -0.001 -9"><span class='ocrx_word' id='word_1_401' title='bbox 2475 900 2671 962; x_wconf 91' lang='lat' dir='ltr'><strong>cernis,</strong></span> <span class='ocrx_word' id='word_1_402' title='bbox 2701 910 2825 953; x_wconf 89' lang='lat' dir='ltr'><strong>tunc</strong></span> <span class='ocrx_word' id='word_1_403' title='bbox 2853 896 3134 950; x_wconf 90' lang='lat' dir='ltr'><strong>tumultum</strong></span> <span class='ocrx_word' id='word_1_404' title='bbox 3159 937 3177 962; x_wconf 92' lang='lat'><strong>,</strong></span> <span class='ocrx_word' id='word_1_405' title='bbox 3209 906 3336 952; x_wconf 90' lang='lat' dir='ltr'><strong>tunc</strong></span> <span class='ocrx_word' id='word_1_406' title='bbox 3374 899 3554 954; x_wconf 86' lang='lat' dir='ltr'><strong>turbas</strong></span> <span class='ocrx_word' id='word_1_407' title='bbox 3573 939 3586 963; x_wconf 89' lang='lat'><strong>,</strong></span> <span class='ocrx_word' id='word_1_408' title='bbox 3620 905 3745 951; x_wconf 88' lang='lat' dir='ltr'><strong>tunc</strong></span> <span class='ocrx_word' id='word_1_409' title='bbox 3761 898 4064 952; x_wconf 88' lang='lat' dir='ltr'><strong>contentio-</strong></span> 
     </span>
    </p>
   </div>
   <div class='ocr_carea' id='block_1_56' title="bbox 2476 985 4062 1055">
    <p class='ocr_par' dir='ltr' id='par_1_56' title="bbox 2476 985 4062 1055">
     <span class='ocr_line' id='line_1_56' title="bbox 2476 985 4062 1055; baseline 0 -13"><span class='ocrx_word' id='word_1_410' title='bbox 2476 1004 2596 1042; x_wconf 90' lang='lat' dir='ltr'><strong>nem</strong></span> <span class='ocrx_word' id='word_1_411' title='bbox 2624 988 2825 1042; x_wconf 77' lang='lat' dir='ltr'><strong>excitas</strong></span> <span class='ocrx_word' id='word_1_412' title='bbox 2843 995 2897 1040; x_wconf 91' lang='lat' dir='ltr'><strong>et</strong></span> <span class='ocrx_word' id='word_1_413' title='bbox 2921 985 3159 1040; x_wconf 90' lang='lat' dir='ltr'><strong>convicia</strong></span> <span class='ocrx_word' id='word_1_414' title='bbox 3184 985 3357 1054; x_wconf 87' lang='lat' dir='ltr'><strong>jacis?</strong></span> <span class='ocrx_word' id='word_1_415' title='bbox 3379 988 3654 1055; x_wconf 84' lang='lat' dir='ltr'><strong>Quomodo</strong></span> <span class='ocrx_word' id='word_1_416' title='bbox 3677 985 3938 1041; x_wconf 85' lang='lat' dir='ltr'><strong>sacriﬁcio</strong></span> <span class='ocrx_word' id='word_1_417' title='bbox 3958 987 4062 1042; x_wconf 88' lang='lat' dir='ltr'><strong>hoc</strong></span> 
     </span>
    </p>
   </div>
   <div class='ocr_carea' id='block_1_57' title="bbox 2476 1076 4066 1148">
    <p class='ocr_par' dir='ltr' id='par_1_57' title="bbox 2476 1076 4066 1148">
     <span class='ocr_line' id='line_1_57' title="bbox 2476 1076 4066 1148; baseline 0 -17"><span class='ocrx_word' id='word_1_418' title='bbox 2476 1077 2674 1146; x_wconf 79' lang='lat' dir='ltr'><strong>perfrui</strong></span> <span class='ocrx_word' id='word_1_419' title='bbox 2701 1087 2870 1147; x_wconf 89' lang='lat' dir='ltr'><strong>potes,</strong></span> <span class='ocrx_word' id='word_1_420' title='bbox 2899 1091 3020 1130; x_wconf 91' lang='lat' dir='ltr'><strong>cum</strong></span> <span class='ocrx_word' id='word_1_421' title='bbox 3052 1085 3200 1129; x_wconf 91' lang='lat' dir='ltr'><strong>tanto</strong></span> <span class='ocrx_word' id='word_1_422' title='bbox 3231 1080 3458 1132; x_wconf 88' lang='lat' dir='ltr'><strong>tumultu</strong></span> <span class='ocrx_word' id='word_1_423' title='bbox 3485 1088 3539 1133; x_wconf 90' lang='lat' dir='ltr'><strong>et</strong></span> <span class='ocrx_word' id='word_1_424' title='bbox 3564 1078 3787 1148; x_wconf 86' lang='lat' dir='ltr'><strong>strepitu</strong></span> <span class='ocrx_word' id='word_1_425' title='bbox 3815 1076 3881 1132; x_wconf 89' lang='lat' dir='ltr'><strong>ad</strong></span> <span class='ocrx_word' id='word_1_426' title='bbox 3910 1093 4066 1131; x_wconf 81' lang='lat' dir='ltr'><strong>men-</strong></span> 
     </span>
    </p>
   </div>
   <div class='ocr_carea' id='block_1_58' title="bbox 2475 1167 4065 1240">
    <p class='ocr_par' dir='ltr' id='par_1_58' title="bbox 2475 1167 4065 1240">
     <span class='ocr_line' id='line_1_58' title="bbox 2475 1167 4065 1240; baseline -0.001 -18"><span class='ocrx_word' id='word_1_427' title='bbox 2475 1183 2587 1222; x_wconf 91' lang='lat' dir='ltr'><strong>sam</strong></span> <span class='ocrx_word' id='word_1_428' title='bbox 2617 1169 2753 1223; x_wconf 90' lang='lat' dir='ltr'><strong>hanc</strong></span> <span class='ocrx_word' id='word_1_429' title='bbox 2773 1168 3033 1224; x_wconf 89' lang='lat' dir='ltr'><strong>accedas?</strong></span> <span class='ocrx_word' id='word_1_430' title='bbox 3060 1167 3173 1221; x_wconf 87' lang='lat' dir='ltr'><strong>Non</strong></span> <span class='ocrx_word' id='word_1_431' title='bbox 3201 1167 3398 1222; x_wconf 85' lang='lat' dir='ltr'><strong>sufﬁcit</strong></span> <span class='ocrx_word' id='word_1_432' title='bbox 3431 1169 3584 1224; x_wconf 92' lang='lat' dir='ltr'><strong>nobis</strong></span> <span class='ocrx_word' id='word_1_433' title='bbox 3623 1169 3851 1240; x_wconf 87' lang='lat' dir='ltr'><strong>peccatis</strong></span> <span class='ocrx_word' id='word_1_434' title='bbox 3879 1179 4065 1224; x_wconf 83' lang='lat' dir='ltr'><strong>conta-</strong></span> 
     </span>
    </p>
   </div>
   <div class='ocr_carea' id='block_1_59' title="bbox 2476 1259 4064 1328">
    <p class='ocr_par' dir='ltr' id='par_1_59' title="bbox 2476 1259 4064 1328">
     <span class='ocr_line' id='line_1_59' title="bbox 2476 1259 4064 1328; baseline 0.001 -15"><span class='ocrx_word' id='word_1_435' title='bbox 2476 1261 2704 1314; x_wconf 91' lang='lat' dir='ltr'><strong>minatos</strong></span> <span class='ocrx_word' id='word_1_436' title='bbox 2731 1260 3009 1326; x_wconf 84' lang='lat' dir='ltr'><strong>accedere,</strong></span> <span class='ocrx_word' id='word_1_437' title='bbox 3039 1260 3134 1314; x_wconf 91' lang='lat' dir='ltr'><strong>sed</strong></span> <span class='ocrx_word' id='word_1_438' title='bbox 3161 1259 3332 1328; x_wconf 91' lang='lat' dir='ltr'><strong>ipsum</strong></span> <span class='ocrx_word' id='word_1_439' title='bbox 3363 1261 3522 1314; x_wconf 91' lang='lat' dir='ltr'><strong>ctiam</strong></span> <span class='ocrx_word' id='word_1_440' title='bbox 3549 1277 3796 1317; x_wconf 89' lang='lat' dir='ltr'><strong>accessus</strong></span> <span class='ocrx_word' id='word_1_441' title='bbox 3820 1278 4064 1317; x_wconf 59' lang='lat' dir='ltr'><strong>momen-</strong></span> 
     </span>
    </p>
   </div>
   <div class='ocr_carea' id='block_1_60' title="bbox 2481 1349 4068 1420">
    <p class='ocr_par' dir='ltr' id='par_1_60' title="bbox 2481 1349 4068 1420">
     <span class='ocr_line' id='line_1_60' title="bbox 2481 1349 4068 1420; baseline 0.001 -16"><span class='ocrx_word' id='word_1_442' title='bbox 2481 1361 2589 1405; x_wconf 92' lang='lat' dir='ltr'><strong>tum</strong></span> <span class='ocrx_word' id='word_1_443' title='bbox 2623 1366 2724 1405; x_wconf 92' lang='lat' dir='ltr'><strong>non</strong></span> <span class='ocrx_word' id='word_1_444' title='bbox 2757 1350 2978 1404; x_wconf 85' lang='lat' dir='ltr'><strong>sinimus</strong></span> <span class='ocrx_word' id='word_1_445' title='bbox 3005 1365 3034 1403; x_wconf 91' lang='lat' dir='ltr'><strong>a</strong></span> <span class='ocrx_word' id='word_1_446' title='bbox 3059 1359 3278 1418; x_wconf 89' lang='lat' dir='ltr'><strong>peccato</strong></span> <span class='ocrx_word' id='word_1_447' title='bbox 3305 1349 3533 1404; x_wconf 93' lang='lat' dir='ltr'><strong>liberum</strong></span> <span class='ocrx_word' id='word_1_448' title='bbox 3574 1354 3864 1420; x_wconf 72' lang='lat' dir='ltr'><strong>prteterire.</strong></span> <span class='ocrx_word' id='word_1_449' title='bbox 3889 1353 4068 1420; x_wconf 85' lang='lat' dir='ltr'><strong>Quan-</strong></span> 
     </span>
    </p>
   </div>
   <div class='ocr_carea' id='block_1_61' title="bbox 2480 1438 4068 1513">
    <p class='ocr_par' dir='ltr' id='par_1_61' title="bbox 2480 1438 4068 1513">
     <span class='ocr_line' id='line_1_61' title="bbox 2480 1438 4068 1513; baseline 0.001 -17"><span class='ocrx_word' id='word_1_450' title='bbox 2480 1441 2549 1496; x_wconf 90' lang='lat' dir='ltr'><strong>do</strong></span> <span class='ocrx_word' id='word_1_451' title='bbox 2575 1440 2714 1496; x_wconf 91' lang='lat' dir='ltr'><strong>enim</strong></span> <span class='ocrx_word' id='word_1_452' title='bbox 2736 1440 3031 1510; x_wconf 88' lang='lat' dir='ltr'><strong>jurgamur,</strong></span> <span class='ocrx_word' id='word_1_453' title='bbox 3058 1438 3271 1509; x_wconf 87' lang='lat' dir='ltr'><strong>quando</strong></span> <span class='ocrx_word' id='word_1_454' title='bbox 3303 1441 3707 1506; x_wconf 89' lang='lat' dir='ltr'><strong>tumultuamur,</strong></span> <span class='ocrx_word' id='word_1_455' title='bbox 3736 1444 3947 1513; x_wconf 86' lang='lat' dir='ltr'><strong>quando</strong></span> <span class='ocrx_word' id='word_1_456' title='bbox 3969 1458 4068 1498; x_wconf 82' lang='lat' dir='ltr'><strong>nos</strong></span> 
     </span>
    </p>
   </div>
   <div class='ocr_carea' id='block_1_62' title="bbox 2483 1531 4068 1600">
    <p class='ocr_par' dir='ltr' id='par_1_62' title="bbox 2483 1531 4068 1600">
     <span class='ocr_line' id='line_1_62' title="bbox 2483 1531 4068 1600; baseline 0.003 -14"><span class='ocrx_word' id='word_1_457' title='bbox 2483 1542 2666 1586; x_wconf 93' lang='lat' dir='ltr'><strong>mutuo</strong></span> <span class='ocrx_word' id='word_1_458' title='bbox 2698 1533 3024 1597; x_wconf 90' lang='lat' dir='ltr'><strong>mordemus,</strong></span> <span class='ocrx_word' id='word_1_459' title='bbox 3057 1531 3327 1600; x_wconf 90' lang='lat' dir='ltr'><strong>quomodo</strong></span> <span class='ocrx_word' id='word_1_460' title='bbox 3352 1547 3382 1582; x_wconf 89' lang='lat' dir='ltr'><strong>a</strong></span> <span class='ocrx_word' id='word_1_461' title='bbox 3413 1533 3646 1599; x_wconf 90' lang='lat' dir='ltr'><strong>peccatis</strong></span> <span class='ocrx_word' id='word_1_462' title='bbox 3670 1533 3934 1590; x_wconf 90' lang='lat' dir='ltr'><strong>immunes</strong></span> <span class='ocrx_word' id='word_1_463' title='bbox 3961 1536 4068 1590; x_wconf 81' lang='lat' dir='ltr'><strong>eri-</strong></span> 
     </span>
    </p>
   </div>
   <div class='ocr_carea' id='block_1_63' title="bbox 2481 1622 4068 1693">
    <p class='ocr_par' dir='ltr' id='par_1_63' title="bbox 2481 1622 4068 1693">
     <span class='ocr_line' id='line_1_63' title="bbox 2481 1622 4068 1693; baseline -0.001 -15"><span class='ocrx_word' id='word_1_464' title='bbox 2481 1625 2634 1678; x_wconf 85' lang='lat' dir='ltr'><strong>mus?</strong></span> <span class='ocrx_word' id='word_1_465' title='bbox 2664 1625 2758 1679; x_wconf 87' lang='lat' dir='ltr'><strong>Dic</strong></span> <span class='ocrx_word' id='word_1_466' title='bbox 2784 1625 2934 1689; x_wconf 90' lang='lat' dir='ltr'><strong>mihi,</strong></span> <span class='ocrx_word' id='word_1_467' title='bbox 2962 1623 3086 1693; x_wconf 89' lang='lat' dir='ltr'><strong>quid</strong></span> <span class='ocrx_word' id='word_1_468' title='bbox 3117 1622 3410 1692; x_wconf 86' lang='lat' dir='ltr'><strong>properas?</strong></span> <span class='ocrx_word' id='word_1_469' title='bbox 3435 1623 3588 1690; x_wconf 86' lang='lat' dir='ltr'><strong>cujus</strong></span> <span class='ocrx_word' id='word_1_470' title='bbox 3615 1625 3783 1691; x_wconf 81' lang='lat' dir='ltr'><strong>gratia</strong></span> <span class='ocrx_word' id='word_1_471' title='bbox 3816 1625 4030 1680; x_wconf 82' lang='lat' dir='ltr'><strong>festinas</strong></span> <span class='ocrx_word' id='word_1_472' title='bbox 4052 1669 4068 1688; x_wconf 89' lang='lat'><strong>,</strong></span> 
     </span>
    </p>
   </div>
   <div class='ocr_carea' id='block_1_64' title="bbox 2481 1713 4070 1784">
    <p class='ocr_par' dir='ltr' id='par_1_64' title="bbox 2481 1713 4070 1784">
     <span class='ocr_line' id='line_1_64' title="bbox 2481 1713 4070 1784; baseline 0.001 -16"><span class='ocrx_word' id='word_1_473' title='bbox 2481 1730 2602 1768; x_wconf 92' lang='lat' dir='ltr'><strong>cum</strong></span> <span class='ocrx_word' id='word_1_474' title='bbox 2648 1729 2802 1768; x_wconf 89' lang='lat' dir='ltr'><strong>ovem</strong></span> <span class='ocrx_word' id='word_1_475' title='bbox 2845 1715 2954 1784; x_wconf 89' lang='lat' dir='ltr'><strong>jam</strong></span> <span class='ocrx_word' id='word_1_476' title='bbox 3000 1715 3230 1769; x_wconf 87' lang='lat' dir='ltr'><strong>occisam</strong></span> <span class='ocrx_word' id='word_1_477' title='bbox 3259 1713 3488 1782; x_wconf 88' lang='lat' dir='ltr'><strong>aspicis?</strong></span> <span class='ocrx_word' id='word_1_478' title='bbox 3515 1728 3636 1767; x_wconf 91' lang='lat' dir='ltr'><strong>nam</strong></span> <span class='ocrx_word' id='word_1_479' title='bbox 3668 1713 3712 1767; x_wconf 91' lang='lat' dir='ltr'><strong>si</strong></span> <span class='ocrx_word' id='word_1_480' title='bbox 3752 1723 3863 1768; x_wconf 89' lang='lat' dir='ltr'><strong>tota</strong></span> <span class='ocrx_word' id='word_1_481' title='bbox 3912 1725 4070 1770; x_wconf 87' lang='lat' dir='ltr'><strong>nocte</strong></span> 
     </span>
    </p>
   </div>
   <div class='ocr_carea' id='block_1_65' title="bbox 2481 1803 4063 1871">
    <p class='ocr_par' dir='ltr' id='par_1_65' title="bbox 2481 1803 4063 1871">
     <span class='ocr_line' id='line_1_65' title="bbox 2481 1803 4063 1871; baseline -0.001 -13"><span class='ocrx_word' id='word_1_482' title='bbox 2481 1805 2800 1858; x_wconf 89' lang='lat' dir='ltr'><strong>sacriﬁcium</strong></span> <span class='ocrx_word' id='word_1_483' title='bbox 2830 1805 2931 1858; x_wconf 89' lang='lat' dir='ltr'><strong>hoc</strong></span> <span class='ocrx_word' id='word_1_484' title='bbox 2958 1805 3149 1859; x_wconf 87' lang='lat' dir='ltr'><strong>intueri</strong></span> <span class='ocrx_word' id='word_1_485' title='bbox 3179 1803 3424 1865; x_wconf 88' lang='lat' dir='ltr'><strong>deberes,</strong></span> <span class='ocrx_word' id='word_1_486' title='bbox 3453 1818 3519 1856; x_wconf 88' lang='lat' dir='ltr'><strong>an</strong></span> <span class='ocrx_word' id='word_1_487' title='bbox 3549 1803 3912 1871; x_wconf 81' lang='lat' dir='ltr'><strong>spectaculum</strong></span> <span class='ocrx_word' id='word_1_488' title='bbox 3941 1805 4063 1866; x_wconf 89' lang='lat' dir='ltr'><strong>hoc,</strong></span> 
     </span>
    </p>
   </div>
   <div class='ocr_carea' id='block_1_66' title="bbox 2483 1894 4071 1963">
    <p class='ocr_par' dir='ltr' id='par_1_66' title="bbox 2483 1894 4071 1963">
     <span class='ocr_line' id='line_1_66' title="bbox 2483 1894 4071 1963; baseline -0.002 -13"><span class='ocrx_word' id='word_1_489' title='bbox 2483 1895 2617 1950; x_wconf 89' lang='lat' dir='ltr'><strong>cedo</strong></span> <span class='ocrx_word' id='word_1_490' title='bbox 2642 1937 2656 1960; x_wconf 97' lang='lat'><strong>,</strong></span> <span class='ocrx_word' id='word_1_491' title='bbox 2706 1897 3004 1950; x_wconf 84' lang='lat' dir='ltr'><strong>satietatem</strong></span> <span class='ocrx_word' id='word_1_492' title='bbox 3043 1895 3300 1950; x_wconf 77' lang='lat' dir='ltr'><strong>aﬂ‘erret?</strong></span> <span class='ocrx_word' id='word_1_493' title='bbox 3326 1894 3460 1948; x_wconf 90' lang='lat' dir='ltr'><strong>&#39;l‘oto</strong></span> <span class='ocrx_word' id='word_1_494' title='bbox 3484 1894 3571 1948; x_wconf 91' lang='lat' dir='ltr'><strong>die</strong></span> <span class='ocrx_word' id='word_1_495' title='bbox 3599 1895 3857 1962; x_wconf 90' lang='lat' dir='ltr'><strong>patienter</strong></span> <span class='ocrx_word' id='word_1_496' title='bbox 3875 1908 4071 1963; x_wconf 80' lang='lat' dir='ltr'><strong>exspe-</strong></span> 
     </span>
    </p>
   </div>
   <div class='ocr_carea' id='block_1_67' title="bbox 2484 1987 4073 2056">
    <p class='ocr_par' dir='ltr' id='par_1_67' title="bbox 2484 1987 4073 2056">
     <span class='ocr_line' id='line_1_67' title="bbox 2484 1987 4073 2056; baseline 0 -15"><span class='ocrx_word' id='word_1_497' title='bbox 2484 1988 2639 2042; x_wconf 89' lang='lat' dir='ltr'><strong>ctasti</strong></span> <span class='ocrx_word' id='word_1_498' title='bbox 2664 2029 2678 2052; x_wconf 93' lang='lat'><strong>,</strong></span> <span class='ocrx_word' id='word_1_499' title='bbox 2707 1989 2899 2042; x_wconf 91' lang='lat' dir='ltr'><strong>bonam</strong></span> <span class='ocrx_word' id='word_1_500' title='bbox 2931 1989 3102 2043; x_wconf 92' lang='lat' dir='ltr'><strong>noctis</strong></span> <span class='ocrx_word' id='word_1_501' title='bbox 3134 1996 3336 2056; x_wconf 88' lang='lat' dir='ltr'><strong>partem</strong></span> <span class='ocrx_word' id='word_1_502' title='bbox 3367 1987 3701 2041; x_wconf 88' lang='lat' dir='ltr'><strong>transmisisti</strong></span> <span class='ocrx_word' id='word_1_503' title='bbox 3723 2029 3738 2052; x_wconf 95' lang='lat'><strong>,</strong></span> <span class='ocrx_word' id='word_1_504' title='bbox 3763 1995 4073 2054; x_wconf 89' lang='lat' dir='ltr'><strong>tantumque</strong></span> 
     </span>
    </p>
   </div>
   <div class='ocr_carea' id='block_1_68' title="bbox 2487 2075 4070 2146">
    <p class='ocr_par' dir='ltr' id='par_1_68' title="bbox 2487 2075 4070 2146">
     <span class='ocr_line' id='line_1_68' title="bbox 2487 2075 4070 2146; baseline -0.004 -14"><span class='ocrx_word' id='word_1_505' title='bbox 2487 2079 2728 2132; x_wconf 87' lang='lat' dir='ltr'><strong>laborum</strong></span> <span class='ocrx_word' id='word_1_506' title='bbox 2773 2078 2919 2132; x_wconf 89' lang='lat' dir='ltr'><strong>brevi</strong></span> <span class='ocrx_word' id='word_1_507' title='bbox 2955 2080 3208 2146; x_wconf 89' lang='lat' dir='ltr'><strong>temporis</strong></span> <span class='ocrx_word' id='word_1_508' title='bbox 3250 2086 3446 2145; x_wconf 91' lang='lat' dir='ltr'><strong>puncto</strong></span> <span class='ocrx_word' id='word_1_509' title='bbox 3477 2077 3708 2145; x_wconf 78' lang='lat' dir='ltr'><strong>prodigis</strong></span> <span class='ocrx_word' id='word_1_510' title='bbox 3752 2085 3807 2130; x_wconf 91' lang='lat' dir='ltr'><strong>et</strong></span> <span class='ocrx_word' id='word_1_511' title='bbox 3849 2075 4070 2144; x_wconf 81' lang='lat' dir='ltr'><strong>perdis?</strong></span> 
     </span>
    </p>
   </div>
   <div class='ocr_carea' id='block_1_69' title="bbox 2485 2147 4072 2236">
    <p class='ocr_par' dir='ltr' id='par_1_69' title="bbox 2485 2147 4072 2236">
     <span class='ocr_line' id='line_1_69' title="bbox 2485 2147 4072 2236; baseline -0.003 -16"><span class='ocrx_word' id='word_1_512' title='bbox 2485 2167 2688 2236; x_wconf 85' lang='lat' dir='ltr'><strong>Cogita,</strong></span> <span class='ocrx_word' id='word_1_513' title='bbox 2708 2147 2975 2235; x_wconf 54' lang='lat' dir='ltr'><strong>.quidnam</strong></span> <span class='ocrx_word' id='word_1_514' title='bbox 3001 2167 3069 2220; x_wconf 90' lang='lat' dir='ltr'><strong>sit</strong></span> <span class='ocrx_word' id='word_1_515' title='bbox 3092 2165 3216 2219; x_wconf 88' lang='lat' dir='ltr'><strong>illud</strong></span> <span class='ocrx_word' id='word_1_516' title='bbox 3239 2164 3378 2233; x_wconf 89' lang='lat' dir='ltr'><strong>quod</strong></span> <span class='ocrx_word' id='word_1_517' title='bbox 3402 2165 3728 2233; x_wconf 87' lang='lat' dir='ltr'><strong>propositum</strong></span> <span class='ocrx_word' id='word_1_518' title='bbox 3751 2173 3853 2227; x_wconf 85' lang='lat' dir='ltr'><strong>est,</strong></span> <span class='ocrx_word' id='word_1_519' title='bbox 3879 2175 3930 2218; x_wconf 87' lang='lat' dir='ltr'><strong>et</strong></span> <span class='ocrx_word' id='word_1_520' title='bbox 3951 2179 4072 2233; x_wconf 73' lang='lat' dir='ltr'><strong>qua:</strong></span> 
     </span>
    </p>
   </div>
   <div class='ocr_carea' id='block_1_70' title="bbox 2484 2253 4075 2322">
    <p class='ocr_par' dir='ltr' id='par_1_70' title="bbox 2484 2253 4075 2322">
     <span class='ocr_line' id='line_1_70' title="bbox 2484 2253 4075 2322; baseline 0 -14"><span class='ocrx_word' id='word_1_521' title='bbox 2484 2257 2553 2308; x_wconf 87' lang='lat' dir='ltr'><strong>sit</strong></span> <span class='ocrx_word' id='word_1_522' title='bbox 2577 2255 2692 2322; x_wconf 86' lang='lat' dir='ltr'><strong>ejus</strong></span> <span class='ocrx_word' id='word_1_523' title='bbox 2721 2269 2880 2308; x_wconf 86' lang='lat' dir='ltr'><strong>causa</strong></span> <span class='ocrx_word' id='word_1_524' title='bbox 2912 2271 2924 2306; x_wconf 90' lang='lat'>:</span> <span class='ocrx_word' id='word_1_525' title='bbox 2955 2253 3164 2307; x_wconf 88' lang='lat' dir='ltr'><strong>occisus</strong></span> <span class='ocrx_word' id='word_1_526' title='bbox 3191 2262 3274 2307; x_wconf 89' lang='lat' dir='ltr'><strong>est</strong></span> <span class='ocrx_word' id='word_1_527' title='bbox 3302 2263 3520 2322; x_wconf 88' lang='lat' dir='ltr'><strong>propter</strong></span> <span class='ocrx_word' id='word_1_528' title='bbox 3550 2263 3601 2306; x_wconf 91' lang='lat' dir='ltr'><strong>te</strong></span> <span class='ocrx_word' id='word_1_529' title='bbox 3621 2293 3633 2315; x_wconf 90' lang='lat'><strong>,</strong></span> <span class='ocrx_word' id='word_1_530' title='bbox 3675 2261 3729 2306; x_wconf 88' lang='lat' dir='ltr'><strong>et</strong></span> <span class='ocrx_word' id='word_1_531' title='bbox 3777 2263 3829 2306; x_wconf 95' lang='lat' dir='ltr'><strong>tu</strong></span> <span class='ocrx_word' id='word_1_532' title='bbox 3869 2253 4075 2308; x_wconf 80' lang='lat' dir='ltr'><strong>deseris</strong></span> 
     </span>
    </p>
   </div>
   <div class='ocr_carea' id='block_1_71' title="bbox 2485 2341 4070 2414">
    <p class='ocr_par' dir='ltr' id='par_1_71' title="bbox 2485 2341 4070 2414">
     <span class='ocr_line' id='line_1_71' title="bbox 2485 2341 4070 2414; baseline -0.001 -16"><span class='ocrx_word' id='word_1_533' title='bbox 2485 2345 2632 2399; x_wconf 91' lang='lat' dir='ltr'><strong>illum</strong></span> <span class='ocrx_word' id='word_1_534' title='bbox 2658 2346 2828 2414; x_wconf 91' lang='lat' dir='ltr'><strong>ipsum</strong></span> <span class='ocrx_word' id='word_1_535' title='bbox 2850 2344 3180 2398; x_wconf 90' lang='lat' dir='ltr'><strong>immolatum</strong></span> <span class='ocrx_word' id='word_1_536' title='bbox 3200 2343 3483 2412; x_wconf 86' lang='lat' dir='ltr'><strong>aspiciens.</strong></span> <span class='ocrx_word' id='word_1_537' title='bbox 3506 2341 3604 2397; x_wconf 84' lang='lat' dir='ltr'><strong>Ubi</strong></span> <span class='ocrx_word' id='word_1_538' title='bbox 3627 2343 3858 2408; x_wconf 83' lang='lat' dir='ltr'><strong>cadaver,</strong></span> <span class='ocrx_word' id='word_1_539' title='bbox 3883 2344 4070 2412; x_wconf 81' lang='lat' dir='ltr'><strong>inquit,</strong></span> 
     </span>
    </p>
   </div>
   <div class='ocr_carea' id='block_1_72' title="bbox 2485 2436 4077 2510">
    <p class='ocr_par' dir='ltr' id='par_1_72' title="bbox 2485 2436 4077 2510">
     <span class='ocr_line' id='line_1_72' title="bbox 2485 2436 4077 2510; baseline -0.003 -18"><span class='ocrx_word' id='word_1_540' title='bbox 2485 2437 2554 2492; x_wconf 86' lang='lat' dir='ltr'><strong>ibi</strong></span> <span class='ocrx_word' id='word_1_541' title='bbox 2579 2449 2626 2492; x_wconf 80' lang='lat' dir='ltr'><strong>et</strong></span> <span class='ocrx_word' id='word_1_542' title='bbox 2651 2438 2835 2506; x_wconf 82' lang='lat' dir='ltr'><strong>aquin</strong></span> <span class='ocrx_word' id='word_1_543' title='bbox 2855 2436 3064 2510; x_wconf 78' lang='lat' dir='ltr'><strong>(Matth.</strong></span> <span class='ocrx_word' id='word_1_544' title='bbox 3095 2436 3186 2492; x_wconf 66' lang='lat'><strong>24.</strong></span> <span class='ocrx_word' id='word_1_545' title='bbox 3214 2436 3332 2506; x_wconf 72' lang='lat'><strong>‘28).</strong></span> <span class='ocrx_word' id='word_1_546' title='bbox 3359 2436 3466 2490; x_wconf 86' lang='lat' dir='ltr'><strong>Nos</strong></span> <span class='ocrx_word' id='word_1_547' title='bbox 3503 2443 3682 2490; x_wconf 89' lang='lat' dir='ltr'><strong>autem</strong></span> <span class='ocrx_word' id='word_1_548' title='bbox 3713 2452 3816 2488; x_wconf 93' lang='lat' dir='ltr'><strong>non</strong></span> <span class='ocrx_word' id='word_1_549' title='bbox 3843 2445 3899 2489; x_wconf 92' lang='lat' dir='ltr'><strong>ut</strong></span> <span class='ocrx_word' id='word_1_550' title='bbox 3925 2439 4077 2505; x_wconf 82' lang='lat' dir='ltr'><strong>aqui-</strong></span> 
     </span>
    </p>
   </div>
   <div class='ocr_carea' id='block_1_73' title="bbox 2489 2525 4074 2595">
    <p class='ocr_par' dir='ltr' id='par_1_73' title="bbox 2489 2525 4074 2595">
     <span class='ocr_line' id='line_1_73' title="bbox 2489 2525 4074 2595; baseline -0.004 -11"><span class='ocrx_word' id='word_1_551' title='bbox 2489 2530 2577 2595; x_wconf 75' lang='lat' dir='ltr'><strong>he,</strong></span> <span class='ocrx_word' id='word_1_552' title='bbox 2607 2529 2702 2583; x_wconf 89' lang='lat' dir='ltr'><strong>sed</strong></span> <span class='ocrx_word' id='word_1_553' title='bbox 2733 2539 2790 2582; x_wconf 92' lang='lat' dir='ltr'><strong>ut</strong></span> <span class='ocrx_word' id='word_1_554' title='bbox 2815 2544 2979 2583; x_wconf 90' lang='lat' dir='ltr'><strong>canes</strong></span> <span class='ocrx_word' id='word_1_555' title='bbox 3003 2528 3307 2582; x_wconf 88' lang='lat' dir='ltr'><strong>accedimus</strong></span> <span class='ocrx_word' id='word_1_556' title='bbox 3339 2545 3352 2580; x_wconf 91' lang='lat'><strong>:</strong></span> <span class='ocrx_word' id='word_1_557' title='bbox 3389 2535 3528 2580; x_wconf 89' lang='lat' dir='ltr'><strong>tanta</strong></span> <span class='ocrx_word' id='word_1_558' title='bbox 3562 2537 3738 2580; x_wconf 87' lang='lat' dir='ltr'><strong>nostra</strong></span> <span class='ocrx_word' id='word_1_559' title='bbox 3780 2536 3862 2580; x_wconf 91' lang='lat' dir='ltr'><strong>est</strong></span> <span class='ocrx_word' id='word_1_560' title='bbox 3903 2525 4074 2594; x_wconf 81' lang='lat' dir='ltr'><strong>impu-</strong></span> 
     </span>
    </p>
   </div>
   <div class='ocr_carea' id='block_1_74' title="bbox 2490 2617 4074 2690">
    <p class='ocr_par' dir='ltr' id='par_1_74' title="bbox 2490 2617 4074 2690">
     <span class='ocr_line' id='line_1_74' title="bbox 2490 2617 4074 2690; baseline -0.004 -15"><span class='ocrx_word' id='word_1_561' title='bbox 2490 2621 2694 2676; x_wconf 86' lang='lat' dir='ltr'><strong>dentia.</strong></span> <span class='ocrx_word' id='word_1_562' title='bbox 2725 2621 2907 2688; x_wconf 85' lang='lat' dir='ltr'><strong>Cogita</strong></span> <span class='ocrx_word' id='word_1_563' title='bbox 2933 2621 3057 2690; x_wconf 88' lang='lat' dir='ltr'><strong>quid</strong></span> <span class='ocrx_word' id='word_1_564' title='bbox 3087 2619 3298 2674; x_wconf 83' lang='lat' dir='ltr'><strong>tandem</strong></span> <span class='ocrx_word' id='word_1_565' title='bbox 3340 2619 3466 2673; x_wconf 89' lang='lat' dir='ltr'><strong>illud</strong></span> <span class='ocrx_word' id='word_1_566' title='bbox 3510 2619 3612 2683; x_wconf 92' lang='lat' dir='ltr'><strong>sit,</strong></span> <span class='ocrx_word' id='word_1_567' title='bbox 3661 2617 3802 2687; x_wconf 88' lang='lat' dir='ltr'><strong>quod</strong></span> <span class='ocrx_word' id='word_1_568' title='bbox 3848 2618 4074 2671; x_wconf 82' lang='lat' dir='ltr'><strong>eil&#39;usum</strong></span> 
     </span>
    </p>
   </div>
   <div class='ocr_carea' id='block_1_75' title="bbox 2492 2711 4077 2782">
    <p class='ocr_par' dir='ltr' id='par_1_75' title="bbox 2492 2711 4077 2782">
     <span class='ocr_line' id='line_1_75' title="bbox 2492 2711 4077 2782; baseline -0.004 -13"><span class='ocrx_word' id='word_1_569' title='bbox 2492 2724 2574 2769; x_wconf 84' lang='lat' dir='ltr'><strong>est</strong></span> <span class='ocrx_word' id='word_1_570' title='bbox 2599 2733 2612 2768; x_wconf 89' lang='lat'><strong>:</strong></span> <span class='ocrx_word' id='word_1_571' title='bbox 2643 2715 2857 2782; x_wconf 79' lang='lat' dir='ltr'><strong>sanguis</strong></span> <span class='ocrx_word' id='word_1_572' title='bbox 2886 2723 2987 2775; x_wconf 88' lang='lat' dir='ltr'><strong>est,</strong></span> <span class='ocrx_word' id='word_1_573' title='bbox 3017 2714 3234 2782; x_wconf 83' lang='lat' dir='ltr'><strong>sanguis</strong></span> <span class='ocrx_word' id='word_1_574' title='bbox 3262 2712 3350 2782; x_wconf 89' lang='lat' dir='ltr'><strong>qui</strong></span> <span class='ocrx_word' id='word_1_575' title='bbox 3381 2711 3790 2781; x_wconf 84' lang='lat' dir='ltr'><strong>chirograplunn</strong></span> <span class='ocrx_word' id='word_1_576' title='bbox 3833 2719 4077 2778; x_wconf 88' lang='lat' dir='ltr'><strong>peccato-</strong></span> 
     </span>
    </p>
   </div>
   <div class='ocr_carea' id='block_1_76' title="bbox 2491 2798 4076 2872">
    <p class='ocr_par' dir='ltr' id='par_1_76' title="bbox 2491 2798 4076 2872">
     <span class='ocr_line' id='line_1_76' title="bbox 2491 2798 4076 2872; baseline -0.006 -14"><span class='ocrx_word' id='word_1_577' title='bbox 2491 2820 2606 2858; x_wconf 87' lang='lat' dir='ltr'><strong>rum</strong></span> <span class='ocrx_word' id='word_1_578' title='bbox 2635 2803 2827 2858; x_wconf 85' lang='lat' dir='ltr'><strong>delevit</strong></span> <span class='ocrx_word' id='word_1_579' title='bbox 2853 2820 2867 2855; x_wconf 90' lang='lat'><strong>:</strong></span> <span class='ocrx_word' id='word_1_580' title='bbox 2899 2804 3148 2872; x_wconf 81' lang='lat' dir='ltr'><strong>sanguis,</strong></span> <span class='ocrx_word' id='word_1_581' title='bbox 3179 2801 3270 2871; x_wconf 86' lang='lat' dir='ltr'><strong>qui</strong></span> <span class='ocrx_word' id='word_1_582' title='bbox 3317 2802 3548 2855; x_wconf 88' lang='lat' dir='ltr'><strong>animam</strong></span> <span class='ocrx_word' id='word_1_583' title='bbox 3593 2811 3734 2853; x_wconf 89' lang='lat' dir='ltr'><strong>tuam</strong></span> <span class='ocrx_word' id='word_1_584' title='bbox 3783 2798 4076 2860; x_wconf 80' lang='lat' dir='ltr'><strong>inundavit,</strong></span> 
     </span>
    </p>
   </div>
   <div class='ocr_carea' id='block_1_77' title="bbox 2490 2893 4076 2964">
    <p class='ocr_par' dir='ltr' id='par_1_77' title="bbox 2490 2893 4076 2964">
     <span class='ocr_line' id='line_1_77' title="bbox 2490 2893 4076 2964; baseline -0.004 -14"><span class='ocrx_word' id='word_1_585' title='bbox 2490 2897 2576 2964; x_wconf 91' lang='lat' dir='ltr'><strong>qui</strong></span> <span class='ocrx_word' id='word_1_586' title='bbox 2629 2895 2889 2948; x_wconf 90' lang='lat' dir='ltr'><strong>maculam</strong></span> <span class='ocrx_word' id='word_1_587' title='bbox 2935 2894 3103 2959; x_wconf 91' lang='lat' dir='ltr'><strong>eluit,</strong></span> <span class='ocrx_word' id='word_1_588' title='bbox 3157 2894 3246 2962; x_wconf 91' lang='lat' dir='ltr'><strong>qui</strong></span> <span class='ocrx_word' id='word_1_589' title='bbox 3303 2893 3632 2962; x_wconf 85' lang='lat' dir='ltr'><strong>principatus</strong></span> <span class='ocrx_word' id='word_1_590' title='bbox 3683 2901 3736 2944; x_wconf 90' lang='lat' dir='ltr'><strong>et</strong></span> <span class='ocrx_word' id='word_1_591' title='bbox 3789 2900 4076 2959; x_wconf 91' lang='lat' dir='ltr'><strong>potestates</strong></span> 
     </span>
    </p>
   </div>
   <div class='ocr_carea' id='block_1_78' title="bbox 2493 2983 4080 3056">
    <p class='ocr_par' dir='ltr' id='par_1_78' title="bbox 2493 2983 4080 3056">
     <span class='ocr_line' id='line_1_78' title="bbox 2493 2983 4080 3056; baseline -0.006 -16"><span class='ocrx_word' id='word_1_592' title='bbox 2493 2987 2854 3056; x_wconf 86' lang='lat' dir='ltr'><strong>triumphavit.</strong></span> <span class='ocrx_word' id='word_1_593' title='bbox 2874 2984 3182 3053; x_wconf 76' lang='lat' dir='ltr'><strong>Exspatians</strong></span> <span class='ocrx_word' id='word_1_594' title='bbox 3202 2985 3354 3050; x_wconf 86' lang='lat' dir='ltr'><strong>enim,</strong></span> <span class='ocrx_word' id='word_1_595' title='bbox 3378 2985 3562 3053; x_wconf 89' lang='lat' dir='ltr'><strong>inquit,</strong></span> <span class='ocrx_word' id='word_1_596' title='bbox 3589 2983 3895 3052; x_wconf 82' lang='lat' dir='ltr'><strong>principatus</strong></span> <span class='ocrx_word' id='word_1_597' title='bbox 3915 2991 3961 3033; x_wconf 83' lang='lat' dir='ltr'><strong>et</strong></span> <span class='ocrx_word' id='word_1_598' title='bbox 3985 2997 4080 3050; x_wconf 89' lang='lat' dir='ltr'><strong>po-</strong></span> 
     </span>
    </p>
   </div>
   <div class='ocr_carea' id='block_1_79' title="bbox 2495 3071 4076 3145">
    <p class='ocr_par' dir='ltr' id='par_1_79' title="bbox 2495 3071 4076 3145">
     <span class='ocr_line' id='line_1_79' title="bbox 2495 3071 4076 3145; baseline -0.007 -12"><span class='ocrx_word' id='word_1_599' title='bbox 2495 3089 2693 3134; x_wconf 79' lang='lat' dir='ltr'><strong>testates</strong></span> <span class='ocrx_word' id='word_1_600' title='bbox 2715 3080 2938 3132; x_wconf 78' lang='lat' dir='ltr'><strong>traduxit</strong></span> <span class='ocrx_word' id='word_1_601' title='bbox 2959 3078 3268 3145; x_wconf 84' lang='lat' dir='ltr'><strong>conﬁdenter</strong></span> <span class='ocrx_word' id='word_1_602' title='bbox 3288 3075 3604 3143; x_wconf 81' lang='lat' dir='ltr'><strong>triumphans</strong></span> <span class='ocrx_word' id='word_1_603' title='bbox 3629 3075 3679 3126; x_wconf 86' lang='lat' dir='ltr'><strong>in</strong></span> <span class='ocrx_word' id='word_1_604' title='bbox 3701 3089 3846 3125; x_wconf 83' lang='lat' dir='ltr'><strong>cruce</strong></span> <span class='ocrx_word' id='word_1_605' title='bbox 3861 3071 4076 3144; x_wconf 70' lang='lat' dir='ltr'><strong>(Colon.</strong></span> 
     </span>
    </p>
   </div>
   <div class='ocr_carea' id='block_1_80' title="bbox 2495 3165 4076 3241">
    <p class='ocr_par' dir='ltr' id='par_1_80' title="bbox 2495 3165 4076 3241">
     <span class='ocr_line' id='line_1_80' title="bbox 2495 3165 4076 3241; baseline -0.008 -17"><span class='ocrx_word' id='word_1_606' title='bbox 2495 3169 2550 3224; x_wconf 72' lang='lat'><strong>2.</strong></span> <span class='ocrx_word' id='word_1_607' title='bbox 2595 3169 2728 3241; x_wconf 75' lang='grc'><strong>15).</strong></span> <span class='ocrx_word' id='word_1_608' title='bbox 2771 3169 2930 3222; x_wconf 83' lang='lat' dir='ltr'><strong>Multa</strong></span> <span class='ocrx_word' id='word_1_609' title='bbox 2974 3168 3212 3222; x_wconf 77' lang='lat' dir='ltr'><strong>victoria:</strong></span> <span class='ocrx_word' id='word_1_610' title='bbox 3257 3166 3498 3236; x_wconf 89' lang='lat' dir='ltr'><strong>symbola</strong></span> <span class='ocrx_word' id='word_1_611' title='bbox 3546 3165 3728 3217; x_wconf 83' lang='lat' dir='ltr'><strong>habuit</strong></span> <span class='ocrx_word' id='word_1_612' title='bbox 3777 3174 4076 3230; x_wconf 64' lang='lat' dir='ltr'><strong>troparum:</strong></span> 
     </span>
    </p>
   </div>
   <div class='ocr_carea' id='block_1_81' title="bbox 2494 3252 4078 3330">
    <p class='ocr_par' dir='ltr' id='par_1_81' title="bbox 2494 3252 4078 3330">
     <span class='ocr_line' id='line_1_81' title="bbox 2494 3252 4078 3330; baseline -0.006 -16"><span class='ocrx_word' id='word_1_613' title='bbox 2494 3260 2664 3330; x_wconf 86' lang='lat' dir='ltr'><strong>spolia</strong></span> <span class='ocrx_word' id='word_1_614' title='bbox 2711 3273 2944 3328; x_wconf 90' lang='lat' dir='ltr'><strong>superne</strong></span> <span class='ocrx_word' id='word_1_615' title='bbox 2993 3257 3061 3313; x_wconf 89' lang='lat' dir='ltr'><strong>de</strong></span> <span class='ocrx_word' id='word_1_616' title='bbox 3109 3272 3268 3312; x_wconf 88' lang='lat' dir='ltr'><strong>cruce</strong></span> <span class='ocrx_word' id='word_1_617' title='bbox 3324 3255 3576 3325; x_wconf 87' lang='lat' dir='ltr'><strong>pendent.</strong></span> <span class='ocrx_word' id='word_1_618' title='bbox 3626 3252 4078 3320; x_wconf 87' lang='lat' dir='ltr'><strong>Quemadmodum</strong></span> 
     </span>
    </p>
   </div>
   <div class='ocr_carea' id='block_1_82' title="bbox 2493 3345 4086 3421">
    <p class='ocr_par' dir='ltr' id='par_1_82' title="bbox 2493 3345 4086 3421">
     <span class='ocr_line' id='line_1_82' title="bbox 2493 3345 4086 3421; baseline -0.006 -15"><span class='ocrx_word' id='word_1_619' title='bbox 2493 3353 2636 3406; x_wconf 90' lang='lat' dir='ltr'><strong>enim</strong></span> <span class='ocrx_word' id='word_1_620' title='bbox 2667 3352 3036 3421; x_wconf 79' lang='lat' dir='ltr'><strong>magnanimus</strong></span> <span class='ocrx_word' id='word_1_621' title='bbox 3067 3351 3258 3419; x_wconf 89' lang='lat' dir='ltr'><strong>aliquis</strong></span> <span class='ocrx_word' id='word_1_622' title='bbox 3285 3365 3404 3410; x_wconf 90' lang='lat' dir='ltr'><strong>rex,</strong></span> <span class='ocrx_word' id='word_1_623' title='bbox 3431 3348 3675 3402; x_wconf 77' lang='lat' dir='ltr'><strong>confecto</strong></span> <span class='ocrx_word' id='word_1_624' title='bbox 3701 3347 3923 3400; x_wconf 76' lang='lat' dir='ltr'><strong>feliciter</strong></span> <span class='ocrx_word' id='word_1_625' title='bbox 3947 3345 4086 3399; x_wconf 74' lang='lat' dir='ltr'><strong>difﬁ-</strong></span> 
     </span>
    </p>
   </div>
   <div class='ocr_carea' id='block_1_83' title="bbox 2495 3436 4086 3510">
    <p class='ocr_par' dir='ltr' id='par_1_83' title="bbox 2495 3436 4086 3510">
     <span class='ocr_line' id='line_1_83' title="bbox 2495 3436 4086 3510; baseline -0.008 -12"><span class='ocrx_word' id='word_1_626' title='bbox 2495 3443 2699 3498; x_wconf 87' lang='lat' dir='ltr'><strong>cillimo</strong></span> <span class='ocrx_word' id='word_1_627' title='bbox 2730 3442 2888 3510; x_wconf 86' lang='lat' dir='ltr'><strong>bello,</strong></span> <span class='ocrx_word' id='word_1_628' title='bbox 2920 3441 3192 3495; x_wconf 88' lang='lat' dir='ltr'><strong>thoracem</strong></span> <span class='ocrx_word' id='word_1_629' title='bbox 3211 3447 3264 3494; x_wconf 90' lang='lat' dir='ltr'><strong>et</strong></span> <span class='ocrx_word' id='word_1_630' title='bbox 3293 3439 3539 3510; x_wconf 90' lang='lat' dir='ltr'><strong>clypeum</strong></span> <span class='ocrx_word' id='word_1_631' title='bbox 3566 3448 3618 3492; x_wconf 90' lang='lat' dir='ltr'><strong>et</strong></span> <span class='ocrx_word' id='word_1_632' title='bbox 3639 3452 3785 3490; x_wconf 81' lang='lat' dir='ltr'><strong>arma</strong></span> <span class='ocrx_word' id='word_1_633' title='bbox 3806 3436 4010 3505; x_wconf 80' lang='lat' dir='ltr'><strong>tyranni</strong></span> <span class='ocrx_word' id='word_1_634' title='bbox 4032 3445 4086 3488; x_wconf 90' lang='lat' dir='ltr'><strong>et</strong></span> 
     </span>
    </p>
   </div>
   <div class='ocr_carea' id='block_1_84' title="bbox 2495 3527 4084 3603">
    <p class='ocr_par' dir='ltr' id='par_1_84' title="bbox 2495 3527 4084 3603">
     <span class='ocr_line' id='line_1_84' title="bbox 2495 3527 4084 3603; baseline -0.006 -15"><span class='ocrx_word' id='word_1_635' title='bbox 2495 3534 2719 3588; x_wconf 90' lang='lat' dir='ltr'><strong>militum</strong></span> <span class='ocrx_word' id='word_1_636' title='bbox 2743 3548 2878 3603; x_wconf 88' lang='lat' dir='ltr'><strong>quos</strong></span> <span class='ocrx_word' id='word_1_637' title='bbox 2903 3532 3118 3596; x_wconf 89' lang='lat' dir='ltr'><strong>devicit,</strong></span> <span class='ocrx_word' id='word_1_638' title='bbox 3148 3545 3311 3600; x_wconf 84' lang='lat' dir='ltr'><strong>super</strong></span> <span class='ocrx_word' id='word_1_639' title='bbox 3329 3530 3598 3584; x_wconf 90' lang='lat' dir='ltr'><strong>excelsum</strong></span> <span class='ocrx_word' id='word_1_640' title='bbox 3622 3537 3879 3594; x_wconf 76' lang='lat' dir='ltr'><strong>tr0pzeum</strong></span> <span class='ocrx_word' id='word_1_641' title='bbox 3905 3527 4084 3594; x_wconf 89' lang='lat' dir='ltr'><strong>ponit:</strong></span> 
     </span>
    </p>
   </div>
   <div class='ocr_carea' id='block_1_85' title="bbox 2495 3617 4088 3690">
    <p class='ocr_par' dir='ltr' id='par_1_85' title="bbox 2495 3617 4088 3690">
     <span class='ocr_line' id='line_1_85' title="bbox 2495 3617 4088 3690; baseline -0.008 -11"><span class='ocrx_word' id='word_1_642' title='bbox 2495 3626 2574 3680; x_wconf 90' lang='lat' dir='ltr'><strong>sic</strong></span> <span class='ocrx_word' id='word_1_643' title='bbox 2600 3635 2654 3680; x_wconf 92' lang='lat' dir='ltr'><strong>et</strong></span> <span class='ocrx_word' id='word_1_644' title='bbox 2681 3623 2945 3687; x_wconf 88' lang='lat' dir='ltr'><strong>Christus,</strong></span> <span class='ocrx_word' id='word_1_645' title='bbox 2979 3623 3129 3676; x_wconf 87' lang='lat' dir='ltr'><strong>ﬁnito</strong></span> <span class='ocrx_word' id='word_1_646' title='bbox 3161 3622 3318 3686; x_wconf 92' lang='lat' dir='ltr'><strong>bello,</strong></span> <span class='ocrx_word' id='word_1_647' title='bbox 3346 3621 3486 3690; x_wconf 89' lang='lat' dir='ltr'><strong>quod</strong></span> <span class='ocrx_word' id='word_1_648' title='bbox 3517 3634 3639 3673; x_wconf 90' lang='lat' dir='ltr'><strong>cum</strong></span> <span class='ocrx_word' id='word_1_649' title='bbox 3668 3617 3879 3670; x_wconf 88' lang='lat' dir='ltr'><strong>diabolo</strong></span> <span class='ocrx_word' id='word_1_650' title='bbox 3901 3631 4088 3685; x_wconf 87' lang='lat' dir='ltr'><strong>gesse-</strong></span> 
     </span>
    </p>
   </div>
   <div class='ocr_carea' id='block_1_86' title="bbox 2495 3706 4086 3783">
    <p class='ocr_par' dir='ltr' id='par_1_86' title="bbox 2495 3706 4086 3783">
     <span class='ocr_line' id='line_1_86' title="bbox 2495 3706 4086 3783; baseline -0.009 -13"><span class='ocrx_word' id='word_1_651' title='bbox 2495 3725 2612 3780; x_wconf 91' lang='lat' dir='ltr'><strong>rat,</strong></span> <span class='ocrx_word' id='word_1_652' title='bbox 2640 3731 2789 3770; x_wconf 90' lang='lat' dir='ltr'><strong>arma</strong></span> <span class='ocrx_word' id='word_1_653' title='bbox 2830 3715 2946 3783; x_wconf 89' lang='lat' dir='ltr'><strong>ejus</strong></span> <span class='ocrx_word' id='word_1_654' title='bbox 2975 3715 3224 3768; x_wconf 88' lang='lat' dir='ltr'><strong>universa</strong></span> <span class='ocrx_word' id='word_1_655' title='bbox 3249 3754 3263 3775; x_wconf 96' lang='lat'><strong>,</strong></span> <span class='ocrx_word' id='word_1_656' title='bbox 3307 3719 3534 3764; x_wconf 89' lang='lat' dir='ltr'><strong>mortem</strong></span> <span class='ocrx_word' id='word_1_657' title='bbox 3567 3719 3620 3762; x_wconf 84' lang='lat' dir='ltr'><strong>et</strong></span> <span class='ocrx_word' id='word_1_658' title='bbox 3660 3706 4086 3760; x_wconf 87' lang='lat' dir='ltr'><strong>maledictionem</strong></span> 
     </span>
    </p>
   </div>
   <div class='ocr_carea' id='block_1_87' title="bbox 2500 3799 4091 3871">
    <p class='ocr_par' dir='ltr' id='par_1_87' title="bbox 2500 3799 4091 3871">
     <span class='ocr_line' id='line_1_87' title="bbox 2500 3799 4091 3871; baseline -0.005 -14"><span class='ocrx_word' id='word_1_659' title='bbox 2500 3806 2567 3859; x_wconf 91' lang='lat' dir='ltr'><strong>ab</strong></span> <span class='ocrx_word' id='word_1_660' title='bbox 2597 3806 2807 3860; x_wconf 83' lang='lat' dir='ltr'><strong>excelsa</strong></span> <span class='ocrx_word' id='word_1_661' title='bbox 2835 3819 2994 3858; x_wconf 92' lang='lat' dir='ltr'><strong>cruce</strong></span> <span class='ocrx_word' id='word_1_662' title='bbox 3018 3803 3316 3871; x_wconf 90' lang='lat' dir='ltr'><strong>suspendit,</strong></span> <span class='ocrx_word' id='word_1_663' title='bbox 3344 3813 3608 3870; x_wconf 89' lang='lat' dir='ltr'><strong>tamquam</strong></span> <span class='ocrx_word' id='word_1_664' title='bbox 3631 3799 3698 3852; x_wconf 91' lang='lat' dir='ltr'><strong>de</strong></span> <span class='ocrx_word' id='word_1_665' title='bbox 3727 3808 3930 3866; x_wconf 57' lang='lat' dir='ltr'><strong>tropaeo</strong></span> <span class='ocrx_word' id='word_1_666' title='bbox 3957 3810 4091 3866; x_wconf 86' lang='lat' dir='ltr'><strong>quo-</strong></span> 
     </span>
    </p>
   </div>
   <div class='ocr_carea' id='block_1_88' title="bbox 2503 3891 4090 3961">
    <p class='ocr_par' dir='ltr' id='par_1_88' title="bbox 2503 3891 4090 3961">
     <span class='ocr_line' id='line_1_88' title="bbox 2503 3891 4090 3961; baseline -0.009 -9"><span class='ocrx_word' id='word_1_667' title='bbox 2503 3898 2625 3953; x_wconf 90' lang='lat' dir='ltr'><strong>dam</strong></span> <span class='ocrx_word' id='word_1_668' title='bbox 2653 3915 2664 3949; x_wconf 92' lang='lat'><strong>:</strong></span> <span class='ocrx_word' id='word_1_669' title='bbox 2692 3905 2748 3950; x_wconf 91' lang='lat' dir='ltr'><strong>ut</strong></span> <span class='ocrx_word' id='word_1_670' title='bbox 2779 3909 2968 3949; x_wconf 90' lang='lat' dir='ltr'><strong>omnes</strong></span> <span class='ocrx_word' id='word_1_671' title='bbox 3015 3901 3274 3961; x_wconf 71' lang='lat' dir='ltr'><strong>tropaeum</strong></span> <span class='ocrx_word' id='word_1_672' title='bbox 3321 3891 3447 3945; x_wconf 89' lang='lat' dir='ltr'><strong>illud</strong></span> <span class='ocrx_word' id='word_1_673' title='bbox 3497 3891 3951 3958; x_wconf 88' lang='lat' dir='ltr'><strong>eonspicareutur,</strong></span> <span class='ocrx_word' id='word_1_674' title='bbox 3995 3901 4090 3940; x_wconf 86' lang='lat' dir='ltr'><strong>su-</strong></span> 
     </span>
    </p>
   </div>
   <div class='ocr_carea' id='block_1_89' title="bbox 2505 3977 4091 4057">
    <p class='ocr_par' dir='ltr' id='par_1_89' title="bbox 2505 3977 4091 4057">
     <span class='ocr_line' id='line_1_89' title="bbox 2505 3977 4091 4057; baseline -0.008 -15"><span class='ocrx_word' id='word_1_675' title='bbox 2505 4003 2685 4057; x_wconf 75' lang='lat' dir='ltr'><strong>perna:</strong></span> <span class='ocrx_word' id='word_1_676' title='bbox 2715 3986 2980 4050; x_wconf 77' lang='lat' dir='ltr'><strong>Virtutes,</strong></span> <span class='ocrx_word' id='word_1_677' title='bbox 3013 4000 3132 4054; x_wconf 70' lang='lat' dir='ltr'><strong>qua:</strong></span> <span class='ocrx_word' id='word_1_678' title='bbox 3164 3985 3215 4037; x_wconf 90' lang='lat' dir='ltr'><strong>in</strong></span> <span class='ocrx_word' id='word_1_679' title='bbox 3245 3983 3389 4037; x_wconf 70' lang='lat' dir='ltr'><strong>cmlis</strong></span> <span class='ocrx_word' id='word_1_680' title='bbox 3410 4023 3423 4042; x_wconf 97' lang='lat'><strong>,</strong></span> <span class='ocrx_word' id='word_1_681' title='bbox 3458 3980 3700 4034; x_wconf 89' lang='lat' dir='ltr'><strong>homines</strong></span> <span class='ocrx_word' id='word_1_682' title='bbox 3721 4021 3735 4044; x_wconf 94' lang='lat'><strong>,</strong></span> <span class='ocrx_word' id='word_1_683' title='bbox 3767 3981 3854 4048; x_wconf 92' lang='lat' dir='ltr'><strong>qui</strong></span> <span class='ocrx_word' id='word_1_684' title='bbox 3886 3977 4091 4032; x_wconf 84' lang='lat' dir='ltr'><strong>inferne</strong></span> 
     </span>
    </p>
   </div>
   <div class='ocr_carea' id='block_1_90' title="bbox 2507 4071 4090 4146">
    <p class='ocr_par' dir='ltr' id='par_1_90' title="bbox 2507 4071 4090 4146">
     <span class='ocr_line' id='line_1_90' title="bbox 2507 4071 4090 4146; baseline -0.007 -11"><span class='ocrx_word' id='word_1_685' title='bbox 2507 4091 2706 4135; x_wconf 88' lang='lat' dir='ltr'><strong>terram</strong></span> <span class='ocrx_word' id='word_1_686' title='bbox 2739 4078 3009 4141; x_wconf 86' lang='lat' dir='ltr'><strong>incolunt;</strong></span> <span class='ocrx_word' id='word_1_687' title='bbox 3041 4078 3246 4146; x_wconf 88' lang='lat' dir='ltr'><strong>ipsique</strong></span> <span class='ocrx_word' id='word_1_688' title='bbox 3275 4074 3396 4128; x_wconf 87' lang='lat' dir='ltr'><strong>mali</strong></span> <span class='ocrx_word' id='word_1_689' title='bbox 3433 4073 3705 4126; x_wconf 71' lang='lat' dir='ltr'><strong>thentones</strong></span> <span class='ocrx_word' id='word_1_690' title='bbox 3730 4113 3742 4132; x_wconf 90' lang='lat'><strong>,</strong></span> <span class='ocrx_word' id='word_1_691' title='bbox 3771 4073 3858 4142; x_wconf 88' lang='lat' dir='ltr'><strong>qui</strong></span> <span class='ocrx_word' id='word_1_692' title='bbox 3898 4071 4090 4124; x_wconf 89' lang='lat' dir='ltr'><strong>devicti</strong></span> 
     </span>
    </p>
   </div>
   <div class='ocr_carea' id='block_1_91' title="bbox 2508 4163 4093 4238">
    <p class='ocr_par' dir='ltr' id='par_1_91' title="bbox 2508 4163 4093 4238">
     <span class='ocr_line' id='line_1_91' title="bbox 2508 4163 4093 4238; baseline -0.007 -11"><span class='ocrx_word' id='word_1_693' title='bbox 2508 4182 2651 4227; x_wconf 90' lang='lat' dir='ltr'><strong>sunt.</strong></span> <span class='ocrx_word' id='word_1_694' title='bbox 2681 4173 2813 4227; x_wconf 89' lang='lat' dir='ltr'><strong>Cum</strong></span> <span class='ocrx_word' id='word_1_695' title='bbox 2851 4171 3009 4238; x_wconf 85' lang='lat' dir='ltr'><strong>igitur</strong></span> <span class='ocrx_word' id='word_1_696' title='bbox 3041 4177 3188 4222; x_wconf 89' lang='lat' dir='ltr'><strong>tanto</strong></span> <span class='ocrx_word' id='word_1_697' title='bbox 3220 4181 3438 4221; x_wconf 86' lang='lat' dir='ltr'><strong>munere</strong></span> <span class='ocrx_word' id='word_1_698' title='bbox 3468 4165 3641 4219; x_wconf 70' lang='lat' dir='ltr'><strong>allecti</strong></span> <span class='ocrx_word' id='word_1_699' title='bbox 3677 4165 3843 4216; x_wconf 79' lang='lat' dir='ltr'><strong>simus</strong></span> <span class='ocrx_word' id='word_1_700' title='bbox 3863 4203 3876 4224; x_wconf 92' lang='lat'><strong>,</strong></span> <span class='ocrx_word' id='word_1_701' title='bbox 3905 4163 4093 4230; x_wconf 79' lang='lat' dir='ltr'><strong>dignos</strong></span> 
     </span>
    </p>
   </div>
   <div class='ocr_carea' id='block_1_92' title="bbox 2509 4254 4094 4332">
    <p class='ocr_par' dir='ltr' id='par_1_92' title="bbox 2509 4254 4094 4332">
     <span class='ocr_line' id='line_1_92' title="bbox 2509 4254 4094 4332; baseline -0.008 -14"><span class='ocrx_word' id='word_1_702' title='bbox 2509 4264 2868 4332; x_wconf 90' lang='lat' dir='ltr'><strong>nosmetipsos</strong></span> <span class='ocrx_word' id='word_1_703' title='bbox 2900 4275 2997 4330; x_wconf 88' lang='lat' dir='ltr'><strong>pro</strong></span> <span class='ocrx_word' id='word_1_704' title='bbox 3027 4259 3227 4313; x_wconf 90' lang='lat' dir='ltr'><strong>viribus</strong></span> <span class='ocrx_word' id='word_1_705' title='bbox 3258 4259 3600 4312; x_wconf 84' lang='lat' dir='ltr'><strong>ostendamus</strong></span> <span class='ocrx_word' id='word_1_706' title='bbox 3627 4257 3778 4309; x_wconf 79' lang='lat' dir='ltr'><strong>boris</strong></span> <span class='ocrx_word' id='word_1_707' title='bbox 3811 4254 3912 4308; x_wconf 89' lang='lat' dir='ltr'><strong>illis</strong></span> <span class='ocrx_word' id='word_1_708' title='bbox 3932 4295 3947 4319; x_wconf 96' lang='lat'><strong>,</strong></span> <span class='ocrx_word' id='word_1_709' title='bbox 3975 4269 4094 4322; x_wconf 66' lang='lat' dir='ltr'><strong>qua!</strong></span> 
     </span>
    </p>
   </div>
   <div class='ocr_carea' id='block_1_93' title="bbox 2510 4351 4096 4418">
    <p class='ocr_par' dir='ltr' id='par_1_93' title="bbox 2510 4351 4096 4418">
     <span class='ocr_line' id='line_1_93' title="bbox 2510 4351 4096 4418; baseline -0.008 -8"><span class='ocrx_word' id='word_1_710' title='bbox 2510 4358 2663 4412; x_wconf 91' lang='lat' dir='ltr'><strong>nobis</strong></span> <span class='ocrx_word' id='word_1_711' title='bbox 2689 4364 2816 4411; x_wconf 92' lang='lat' dir='ltr'><strong>sunt</strong></span> <span class='ocrx_word' id='word_1_712' title='bbox 2844 4367 3100 4408; x_wconf 91' lang='lat' dir='ltr'><strong>concessa</strong></span> <span class='ocrx_word' id='word_1_713' title='bbox 3123 4395 3136 4416; x_wconf 92' lang='lat'><strong>,</strong></span> <span class='ocrx_word' id='word_1_714' title='bbox 3166 4362 3222 4406; x_wconf 93' lang='lat' dir='ltr'><strong>ut</strong></span> <span class='ocrx_word' id='word_1_715' title='bbox 3251 4360 3303 4406; x_wconf 88' lang='lat' dir='ltr'><strong>et</strong></span> <span class='ocrx_word' id='word_1_716' title='bbox 3332 4351 3580 4404; x_wconf 61' lang='lat' dir='ltr'><strong>caelorum</strong></span> <span class='ocrx_word' id='word_1_717' title='bbox 3609 4364 3825 4418; x_wconf 77' lang='lat' dir='ltr'><strong>regnum</strong></span> <span class='ocrx_word' id='word_1_718' title='bbox 3852 4361 4096 4415; x_wconf 87' lang='lat' dir='ltr'><strong>assequa-</strong></span> 
     </span>
    </p>
   </div>
   <div class='ocr_carea' id='block_1_94' title="bbox 2512 4437 4095 4517">
    <p class='ocr_par' dir='ltr' id='par_1_94' title="bbox 2512 4437 4095 4517">
     <span class='ocr_line' id='line_1_94' title="bbox 2512 4437 4095 4517; baseline -0.009 -15"><span class='ocrx_word' id='word_1_719' title='bbox 2512 4464 2652 4512; x_wconf 90' lang='lat' dir='ltr'><strong>mur,</strong></span> <span class='ocrx_word' id='word_1_720' title='bbox 2681 4447 2851 4517; x_wconf 85' lang='lat' dir='ltr'><strong>gratia</strong></span> <span class='ocrx_word' id='word_1_721' title='bbox 2875 4455 2930 4499; x_wconf 93' lang='lat' dir='ltr'><strong>et</strong></span> <span class='ocrx_word' id='word_1_722' title='bbox 2958 4443 3283 4497; x_wconf 88' lang='lat' dir='ltr'><strong>humanitate</strong></span> <span class='ocrx_word' id='word_1_723' title='bbox 3309 4441 3513 4496; x_wconf 87' lang='lat' dir='ltr'><strong>Domini</strong></span> <span class='ocrx_word' id='word_1_724' title='bbox 3541 4441 3707 4494; x_wconf 91' lang='lat' dir='ltr'><strong>nostri</strong></span> <span class='ocrx_word' id='word_1_725' title='bbox 3732 4439 3856 4494; x_wconf 82' lang='lat' dir='ltr'><strong>Jesu</strong></span> <span class='ocrx_word' id='word_1_726' title='bbox 3878 4437 4095 4500; x_wconf 86' lang='lat' dir='ltr'><strong>Christi,</strong></span> 
     </span>
    </p>
   </div>
   <div class='ocr_carea' id='block_1_95' title="bbox 2517 4531 4094 4610">
    <p class='ocr_par' dir='ltr' id='par_1_95' title="bbox 2517 4531 4094 4610">
     <span class='ocr_line' id='line_1_95' title="bbox 2517 4531 4094 4610; baseline -0.01 -14"><span class='ocrx_word' id='word_1_727' title='bbox 2517 4557 2611 4610; x_wconf 89' lang='lat' dir='ltr'><strong>per</strong></span> <span class='ocrx_word' id='word_1_728' title='bbox 2639 4556 2794 4610; x_wconf 88' lang='lat' dir='ltr'><strong>quem</strong></span> <span class='ocrx_word' id='word_1_729' title='bbox 2827 4549 2881 4594; x_wconf 90' lang='lat' dir='ltr'><strong>et</strong></span> <span class='ocrx_word' id='word_1_730' title='bbox 2907 4553 3028 4591; x_wconf 91' lang='lat' dir='ltr'><strong>cum</strong></span> <span class='ocrx_word' id='word_1_731' title='bbox 3068 4551 3175 4606; x_wconf 92' lang='lat' dir='ltr'><strong>quo</strong></span> <span class='ocrx_word' id='word_1_732' title='bbox 3203 4536 3341 4590; x_wconf 87' lang='lat' dir='ltr'><strong>Patri</strong></span> <span class='ocrx_word' id='word_1_733' title='bbox 3373 4535 3528 4591; x_wconf 91' lang='lat' dir='ltr'><strong>simul</strong></span> <span class='ocrx_word' id='word_1_734' title='bbox 3559 4544 3612 4587; x_wconf 89' lang='lat' dir='ltr'><strong>et</strong></span> <span class='ocrx_word' id='word_1_735' title='bbox 3637 4531 3857 4602; x_wconf 86' lang='lat' dir='ltr'><strong>Spiritui</strong></span> <span class='ocrx_word' id='word_1_736' title='bbox 3882 4539 4094 4589; x_wconf 88' lang='lat' dir='ltr'><strong>sancto,</strong></span> 
     </span>
    </p>
   </div>
   <div class='ocr_carea' id='block_1_96' title="bbox 2517 4621 4099 4706">
    <p class='ocr_par' dir='ltr' id='par_1_96' title="bbox 2517 4621 4099 4706">
     <span class='ocr_line' id='line_1_96' title="bbox 2517 4621 4099 4706; baseline -0.012 -15"><span class='ocrx_word' id='word_1_737' title='bbox 2517 4637 2719 4706; x_wconf 84' lang='lat' dir='ltr'><strong>gloria,</strong></span> <span class='ocrx_word' id='word_1_738' title='bbox 2775 4633 2992 4696; x_wconf 88' lang='lat' dir='ltr'><strong>honor,</strong></span> <span class='ocrx_word' id='word_1_739' title='bbox 3063 4629 3334 4700; x_wconf 87' lang='lat' dir='ltr'><strong>potentia,</strong></span> <span class='ocrx_word' id='word_1_740' title='bbox 3390 4629 3442 4683; x_wconf 89' lang='lat' dir='ltr'><strong>in</strong></span> <span class='ocrx_word' id='word_1_741' title='bbox 3501 4625 3695 4684; x_wconf 71' lang='lat' dir='ltr'><strong>stet-uia</strong></span> <span class='ocrx_word' id='word_1_742' title='bbox 3759 4621 4099 4678; x_wconf 69' lang='lat' dir='ltr'><strong>saeculorum.</strong></span> 
     </span>
    </p>
   </div>
   <div class='ocr_carea' id='block_1_97' title="bbox 2518 4731 2708 4784">
    <p class='ocr_par' dir='ltr' id='par_1_97' title="bbox 2518 4731 2708 4784">
     <span class='ocr_line' id='line_1_97' title="bbox 2518 4731 2708 4784; baseline -0.011 0"><span class='ocrx_word' id='word_1_743' title='bbox 2518 4731 2708 4784; x_wconf 85' lang='lat' dir='ltr'><strong>Amen.</strong></span> 
     </span>
    </p>
   </div>
  </div>
