4406 6762
396 633 718 704 Ἐκκλησίας
750 635 783 704 ή
807 632 1094 702 ἀσφάλεια,
1126 630 1185 682 16
1218 628 1474 699 καύχημα
1498 627 1731 685 Παύλου,
1758 624 1819 677 16
1842 624 1950 676 τῶν

384 716 553 784 ἀγίων
628 721 837 788 τεῖχος,
892 717 951 768 16
999 714 1114 782 φῶς
1174 712 1271 781 τῆς
1334 714 1655 783 οἰκουμένης
1711 709 1948 776 ἀπάσης.

383 802 648 865 Καθάπερ
685 803 793 871 γάρ
832 799 1007 867 σκότῳ
1028 795 1387 865 κατεχομένου
1412 799 1560 850 οἴκου
1587 791 1845 861 λαμπάδα
1871 808 1953 853 τις

383 885 590 954 ἀνά-ξας
623 886 718 938 καὶ
762 882 926 953 ὀρθὴν
968 879 1272 949 ἀναστήσας
1311 879 1600 932 ἀπελαύνει
1633 875 1692 927 16
1727 874 1911 936 σκότος
1936 890 1951 903 ·

380 969 520 1023 οῦτω
548 969 645 1037 τῆς
675 964 997 1034 οἰκουμένης
1031 960 1132 1014 ὑπὸ
1157 962 1317 1030 ζόφου
1348 959 1748 1030 κατεχομένης,
1783 956 1951 1010 καθά-

384 1069 488 1122 περ
519 1049 776 1119 λαμπάδα
819 1045 937 1098 τινὰ
1006 1045 1095 1097 τὸν
1146 1046 1372 1113 σταυρὸν
1402 1042 1613 1111 ἀνάψας
1662 1042 1753 1092 καὶ
1798 1041 1952 1110 ὀρθὸν

382 1135 690 1203 ἀναστήσας
722 1133 750 1183 6
796 1128 1059 1197 Χριστὸς,
1110 1130 1207 1198 τῆς
1260 1129 1362 1198 γῆς
1410 1127 1627 1179 ἅπαντα
1665 1125 1753 1177 τὸν
1795 1123 1953 1191 ζόφον

383 1217 556 1268 ἔλυσε.
586 1213 697 1267 Καὶ
723 1211 972 1281 καθάπερ
1000 1213 1032 1279 ή
1063 1211 1281 1281 λαμπάς
1307 1211 1398 1261 ἐπὶ
1420 1212 1485 1278 τῇ
1514 1207 1721 1277 κεφαλῇ
1755 1208 1866 1261 άνω
1893 1207 1954 1259 16

384 1299 497 1366 φῶς
531 1299 662 1366 ἔχει,
690 1295 838 1366 οὕτω,
861 1296 955 1347 καὶ
974 1297 1001 1347 6
1034 1296 1263 1365 σταυρὸς
1289 1294 1400 1347 ἄνω
1426 1293 1485 1343 ἐν
1512 1294 1578 1361 τῇ
1613 1290 1819 1360 κεφαλῇ
1866 1289 1955 1341 τὸν

382 1364 533 1450 ἥλιον
555 1364 653 1447 τῆς
673 1364 1012 1447 δικαιόσύνης
1034 1364 1181 1447 εἶχεν
1205 1375 1577 1443 ὲκλάμποντα.
1603 1374 1799 1424 Τοῦτον
1833 1371 1955 1424 ἰδὼν

385 1460 801 1532 προσηλωμένον
854 1462 882 1513 ό
939 1461 1139 1531 κόσμος
1190 1458 1440 1529 ἔφριξεν,
1484 1455 1746 1525 ἑκλονήθη
1786 1458 1818 1523 ἠ
1860 1458 1952 1525 γῆ,

383 1543 748 1613 διερῤάγησαν
777 1543 831 1595 αἱ
867 1544 1081 1614 πέτραι.
1127 1542 1262 1595 Ἀλλ’
1298 1544 1346 1594 εί
1379 1541 1473 1594 καὶ
1504 1538 1868 1609 διερράγησαν
1900 1538 1954 1589 αἱ

385 1628 614 1697 πέτραι,
656 1627 689 1695 ή
724 1627 1044 1696 ἀναισθησία
1093 1627 1200 1678 τῶν
1246 1626 1512 1678 Ἰουδαίων
1549 1623 1609 1676 οὐ
1652 1622 1913 1691 διερῤάγη
1940 1638 1954 1653 ·

386 1709 608 1781 ἐσχίσθη
641 1709 701 1762 16
734 1712 1126 1779 καταπέτασμα
1148 1751 1162 1773 ,
1213 1711 1307 1763 καὶ
1347 1710 1446 1762 οὐκ
1482 1707 1633 1780 [401]
1666 1704 1889 1775 ἐσχίσθη
1924 1706 1955 1775 ή

386 1792 600 1863 πονηρά
633 1794 919 1863 συμφωνία
951 1794 1191 1846 ἐκείνων.

458 1876 556 1928 Διά
580 1876 631 1929 τί
661 1875 883 1945 ἐσχίσθη
907 1874 965 1926 16
994 1873 1419 1942 καταπέτασμα;
1452 1874 1579 1925 ’Ότι
1602 1870 1703 1924 οὐκ
1729 1868 1958 1945 ἠδύνατο

385 1957 477 2012 τὸν
512 1944 790 2028 Δεσπότην
831 1958 961 2027 ὁρᾷν
995 1955 1394 2026 σταυρούμενον
1436 1957 1465 2008 6
1502 1955 1628 2015 ναός
1651 1970 1665 1984 ο
1704 1952 1772 2004 δι’
1803 1944 1876 2003 ὧν
1903 1950 1957 2002 δέ

386 2043 467 2103 εἰς
493 2040 554 2093 16
584 2038 750 2091 αὑτοῦ
783 2038 1183 2107 καταπέτασμα
1215 2039 1436 2105 γέγονε,
1486 2034 1767 2107 μονονουχὶ
1804 2030 1959 2085 τοῦτο

386 2124 709 2193 προτρέπων
754 2120 935 2190 φησίν·
978 2120 1035 2172 Ὀ
1072 2120 1382 2190 βουλόμενος
1414 2119 1652 2171 πατείτω
1698 2116 1765 2168 τὰ
1794 2115 1959 2181 ’Ἅγια

386 2186 496 2259 τῶν
523 2186 693 2272 ἀγίων
721 2186 924 2259 λοιπόν.
957 2203 1021 2255 Τί
1047 2186 1155 2273 γάρ
1191 2186 1278 2272 μοι
1303 2203 1363 2255 16
1391 2204 1581 2271 ὄφελος
1606 2200 1831 2262 τούτων,
1857 2198 1960 2264 ἔξω

388 2287 641 2357 τοιαύτης
677 2287 865 2349 θυσίας
906 2284 1378 2354 προσενεχθείσης;
1431 2286 1484 2337 τί
1534 2301 1623 2354 μοι
1667 2282 1729 2335 16
1771 2281 1960 2349 ὄφελος

387 2371 487 2441 τῆς
513 2370 808 2440 διαθήκης;
850 2368 904 2421 τί
937 2385 1025 2439 μοι
1046 2368 1107 2420 16
1134 2368 1321 2436 ὄφελος
1351 2367 1444 2421 τοῦ
1476 2367 1677 2437 νόμους
1713 2364 1835 2432 εἰκῆ
1870 2365 1965 2415 καὶ

393 2455 569 2523 μάτην
615 2451 837 2514 τούτους
892 2450 1184 2503 ἐπαίδευσα
1240 2449 1489 2502 τοσοῦτον
1546 2449 1759 2519 χρόνον.
1794 2445 1966 2498 Τοῦτο

389 2536 482 2588 καὶ
532 2536 561 2587 ό
614 2534 900 2604 προφήτης
946 2532 1107 2595 ἐϐόα,
1164 2531 1367 2599 λέγων’
1441 2532 1611 2585 ἰνατί
1656 2528 1966 2598 ἐφρύαξαν

391 2618 533 2682 ἔθνη
556 2657 570 2681 ,
598 2614 697 2667 καί
729 2615 866 2668 λαοὶ
892 2614 1269 2683 ἐμελέτησαν
1296 2612 1442 2666 κενά
1473 2629 1489 2675 ;
1524 2615 1817 2664 Ἤκουσανο
1871 2611 1965 2675 Ὡς

392 2699 688 2765 πρόϐατον
718 2697 814 2749 ἐπὶ
836 2696 1082 2766 σφαγὴν
1114 2696 1273 2764 ἤχθη
1294 2736 1308 2758 ,
1335 2695 1433 2748 καὶ
1455 2695 1536 2759 ὡς
1564 2694 1749 2762 ἀμνὸς
1790 2696 1963 2747 ἐναν-

392 2781 522 2832 τίον
546 2780 653 2832 τοῦ
694 2782 989 2846 κείροντος
1024 2780 1212 2833 αὑτὸν
1249 2779 1486 2847 ἄφωνος
1508 2794 1520 2808 '
1568 2778 1660 2830 ml
1706 2776 1966 2847 μελετῶν-

392 2879 480 2925 τες
512 2862 573 2914 ἑν
607 2862 842 2929 τοσούτῳ
867 2861 1037 2933 χρόνῳ
1068 2860 1164 2927 τὴν
1195 2860 1552 2931 προφητείαν,
1583 2858 1675 2911 τοῦ
1707 2859 1965 2928 πράγμα-

393 2960 482 3006 τος
514 2943 954 3013 παραγενομένου
986 2943 1315 3012 ἠπίστησαν.
1352 2938 1506 3005 Εἶδες
1549 2941 1669 3003 πῶς
1708 2940 1967 3010 ἐμελέτη-

396 3043 494 3079 σαν
552 3025 714 3088 κενά;
769 3022 870 3076 Διά
915 3023 1072 3076 τοῦτο
1129 3024 1506 3095 περιεσχίσατο
1568 3027 1597 3075 6
1652 3023 1812 3085 ναὸς,
1870 3023 1967 3091 τὴν

394 3108 671 3177 ἐρήμωσιν
712 3102 997 3176 προδηλῶν
1053 3106 1151 3175 τὴν
1185 3106 1320 3176 μετά
1364 3104 1538 3159 ταῦτα
1584 3104 1849 3174 ἐσομένην
1894 3104 1970 3156 δι-

394 3206 624 3260 ηνεκως.

476 3272 629 3325 Ἐπεὶ
651 3266 743 3327 οὖν
771 3271 860 3325 τὸν
889 3273 948 3324 ἐν
976 3270 1054 3341 τῷ
1088 3271 1307 3342 σταυρῷ
1334 3269 1756 3341 προσηλωμένον
1790 3270 1931 3339 μέλ-

394 3354 557 3424 λομεν
587 3355 679 3407 καὶ
709 3356 865 3424 ἡμεῖς
903 3353 1044 3407 κατά
1073 3355 1172 3421 τὴν
1205 3354 1441 3423 ἑσπέραν
1470 3354 1669 3424 ταύτην
1699 3354 1854 3419 ίδεῖν,
1892 3354 1969 3417 ὡς

396 3437 565 3508 ἀμνὸν
587 3436 922 3506 ἐσφαγμένον
953 3437 1045 3489 καὶ
1072 3436 1391 3505 τεθυμένον,
1425 3437 1559 3505 μετά
1581 3437 1781 3506 φρίκης
1801 3452 1970 3506 προσ-

398 3517 587 3587 ίωμεν,
628 3516 946 3588 παρακαλῶ,
986 3519 1078 3571 καὶ
1104 3517 1287 3580 αἰδοῦς
1318 3518 1518 3587 πολλῆς
1539 3519 1632 3571 καὶ
1660 3517 1963 3581 εὐλαϐείας.

395 3600 511 3652 Οὐκ
535 3599 731 3667 ἔγνωτε
772 3601 896 3662 τοὺς
932 3598 1229 3666 ἀγγέλους,
1262 3599 1381 3662 πῶς
1412 3602 1861 3671 παρειστήκεισαν
1886 3600 1965 3671 τῷ

394 3684 549 3751 τάφῳ
605 3682 705 3735 οὐκ
760 3682 933 3751 ἔχοντι
985 3682 1175 3750 σῶμα,
1234 3683 1389 3750 τάφῳ
1448 3681 1622 3752 κενῷ;
1680 3682 1791 3735 ἀλλ’
1819 3684 1967 3752 ὅμως

394 3763 583 3833 ἐπειδὴ
612 3764 746 3826 ὅλως
783 3764 994 3828 ἐδέξατο
1031 3764 1091 3816 τὸ
1125 3763 1283 3833 σῶμα
1304 3762 1365 3815 16
1390 3763 1741 3828 Δεσποτικὺν,
1772 3764 1968 3832 πολλὴν

396 3844 729 3914 ἀπονέμουσι
760 3847 854 3899 καὶ
875 3833 951 3915 τῷ
976 3845 1124 3915 τόπῳ
1146 3846 1244 3912 τὴν
1266 3846 1451 3914 τιμήν.
1481 3846 1543 3899 Ol
1568 3846 1785 3914 ἄγγελοι
1806 3849 1973 3917 ὑπερ-

397 3925 671 3991 ϐαίνοντες
699 3929 798 3996 τὴν
822 3927 1093 3999 ήμετέραν
1117 3928 1275 3996 φύσιν
1308 3927 1448 3997 μετὰ
1485 3929 1753 3999 τοσαύτης
1792 3929 1974 3993 αίδοῦς

398 4008 493 4061 καὶ
521 4008 806 4074 εὐλαϐείας
839 4012 1293 4082 παρειστήκεισαν
1315 4010 1393 4080 τῷ
1424 4010 1608 4080 τάφῳ·
1637 4014 1795 4082 ἡμεῖς
1821 4015 1879 4067 δὲ
1910 4015 1971 4066 ού

397 4090 553 4160 τάφῳ
589 4092 873 4160 μέλλοντες
917 4092 1278 4164 παρίστασθαι
1322 4091 1497 4162 κενῷ,
1552 4093 1667 4145 ἀλλ’
1719 4095 1856 4164 αὐτῇ
1901 4098 1967 4165 τῇ

397 4173 645 4245 τραπέζῃ
691 4177 757 4245 τῇ
793 4176 885 4229 τὸν
924 4176 1095 4248 ἀμνὸν
1133 4174 1327 4245 ἐχούσῃ
1351 4214 1366 4239 ,
1409 4174 1546 4244 μετά
1594 4175 1822 4246 θορύϐου
1876 4180 1970 4230 καὶ

398 4259 640 4327 ταραχῆς
665 4259 964 4328 πρόσιμεν;
992 4260 1101 4312 Καὶ
1120 4259 1201 4322 τίς
1227 4260 1354 4329 ἡμῖν
1377 4258 1525 4311 ἔσται
1548 4258 1843 4330 συγγνώμη
1863 4260 1971 4311 λοι-

402 4339 532 4402 πόν;
570 4339 681 4408 Οὐχ
711 4341 895 4403 ἁπλῶς
927 4342 1096 4395 ταῦτα
1138 4341 1278 4409 λέγω
1304 4379 1319 4403 ,
1348 4340 1461 4392 ἀλλ’
1508 4342 1692 4413 ἐπειδὴ
1744 4342 1971 4405 πολλοὺς

401 4420 509 4491 δρῶ
533 4422 671 4473 κατά
694 4420 790 4491 τὴν
812 4423 1049 4493 ἑσπέραν
1073 4424 1274 4493 ταύτην
1299 4422 1655 4494 θορυϐοῦντας
1674 4464 1688 4488 ,
1709 4424 1968 4494 βοῶντας,

402 4502 777 4570 ἐπικειμένους
823 4503 1104 4575 ἀλλήλοις,
1155 4505 1431 4576 πηδῶντας
1456 4545 1470 4567 ,
1510 4504 1968 4575 λοιδορουμένους,

402 4584 497 4639 καὶ
547 4583 741 4653 μᾶλλον
773 4586 981 4651 ἑαυτοῖς
1033 4589 1252 4642 κόλασιν
1289 4589 1322 4659 ἧ
1354 4590 1618 4661 σωτηρίαν
1645 4590 1970 4660 προξενοῦνο

403 4683 500 4729 τας
518 4683 531 4696 ο
559 4665 741 4718 τούτου
777 4667 937 4737 χάριν
963 4671 1060 4739 τὴν
1095 4672 1234 4742 ὑπὲρ
1256 4672 1459 4725 τούτων
1484 4671 1735 4741 ποιοῦμαι
1770 4674 1972 4743 παραί-

404 4765 570 4803 νεσιν.
602 4747 667 4801 Τί
719 4752 929 4815 ποιεῖς,
970 4752 1258 4825 ἀνθρωπε;
1316 4757 1443 4810 ὃταν
1492 4756 1690 4825 ἑστήκῃ
1721 4756 1827 4823 πρὸ
1869 4758 1970 4826 τῆς

1409 524 1495 577 DE
1535 516 1964 582 (ZOEMETERIO
2005 515 2091 569 ET
2123 513 2211 567 DE
2242 511 2485 568 CRUCE.

3522 521 3630 574 398

2055 622 2332 694 τραπέζης
2360 623 2388 672 ὁ
2430 623 2608 693 ἱερεὺς
2631 662 2645 684 ,
2674 624 2772 689 τὰς
2801 627 2985 695 χεῖρας
3010 624 3303 678 ἀνατείνων
3334 629 3413 690 εἰς
3431 628 3520 682 τὸν
3541 634 3627 685 ού-

2060 708 2251 777 ρανὸν,
2298 704 2475 757 καλῶν
2501 706 2561 758 16
2610 705 2833 777 Πνεῦμα
2861 708 2920 759 16
2958 708 3110 774 ἅγιον
3137 750 3151 773 ,
3190 708 3284 763 τοῦ
3328 716 3623 780 παραγενέ-

2056 790 2182 842 σθαι
2220 790 2314 841 καὶ
2342 788 2578 854 ἆῷασθαι
2612 790 2720 841 τῶν
2763 791 3161 860 προκειμένων,
3209 792 3377 861 πολλὴ
3414 795 3629 864 ἡσυχία,

2054 873 2223 942 πολλὴ
2249 874 2393 942 σιγή·
2414 874 2538 925 ὅταν
2558 872 2686 943 διδῷ
2707 872 2802 944 τὴν
2829 875 2984 944 χάριν
3010 876 3068 927 16
3086 875 3327 946 Πνεῦμα,
3353 879 3484 931 ὅταν
3507 896 3626 932 κατ-

2055 956 2344 1025 έ).οη,ὄταν
2369 955 2572 1026 ἅψηται
2588 956 2696 1008 τῶν
2720 957 3112 1025 προκειμένων,
3134 960 3262 1011 ὅταν
3286 959 3398 1029 ἴδῃς
3422 962 3483 1013 16
3505 961 3634 1033 πρό-

2055 1042 2219 1093 ϐατον
2236 1040 2664 1109 ἑσφαγιασμένον
2682 1040 2776 1091 καὶ
2797 1040 2907 1109 άπη
2918 1041 3219 1109 ρτισμένον,
3238 1044 3358 1095 τότε
3380 1044 3631 1115 θόρυϐον,

2053 1124 2175 1176 τότε
2199 1122 2456 1192 ταραχὴν,
2490 1124 2609 1176 τότε
2632 1123 2985 1191 φιλονεικίαν,
3014 1125 3134 1175 τότε
3164 1124 3426 1194 λοιδορίαν
3450 1129 3634 1181 ἐπεισ-

2055 1209 2210 1274 άγεις
2231 1221 2245 1269 ;
2278 1207 2369 1257 καὶ
2391 1206 2506 1269 πῶς
2534 1207 2740 1277 δυνήσῃ
2757 1206 2855 1273 τῆς
2881 1205 3069 1267 θυσίας
3090 1207 3391 1259 ἀπολαῦσαι
3407 1210 3630 1281 ταύτης,

2059 1292 2200 1364 μετά
2220 1292 2485 1361 τοσαύτης
2511 1293 2757 1363 ταραχῆς
2781 1294 2845 1361 τῇ
2886 1291 3130 1362 τραπέζῃ
3166 1294 3404 1362 προσιὼν
3427 1296 3597 1370 ταύτῃ
3618 1316 3632 1359 ;

2056 1378 2170 1429 Ούκ
2208 1376 2365 1445 ἀρκεῖ
2407 1377 2535 1444 ήμῖν
2567 1377 2647 1429 ὅτι
2701 1376 2838 1445 μετά
2883 1375 3293 1444 ἁμαρτημάτων
3337 1381 3634 1446 προσερχόα

2060 1458 2218 1530 μεθα,
2250 1458 2383 1510 ἀλλά
2408 1460 2501 1509 καὶ
2532 1458 2690 1510 αὑτὸν
2714 1459 2804 1511 τὸν
2839 1457 3029 1526 καιρὸν
3052 1458 3153 1525 τῆς
3180 1458 3440 1525 προσόδου
3482 1460 3636 1523 ἐκτὸς

2055 1540 2309 1610 γενέσθαι
2362 1540 2846 1609 πλημμελημάτων
2906 1542 3005 1593 ούκ
3067 1538 3413 1609 ἀνεχόμεοα;
3471 1544 3638 1595 Ὅταν

2056 1625 2166 1693 γὰρ
2196 1623 2587 1691 φιλονεικῶμεν
2610 1664 2625 1686 ,
2655 1624 2779 1676 ὅταν
2808 1622 3188 1693 θορυϐώμεθα,
3223 1623 3352 1675 ὅταν
3377 1623 3638 1693 ἀλλήλους

2054 1708 2362 1775 δάκνωμεν,
2390 1705 2505 1767 πῶς
2532 1705 2633 1769 ἔξω
2658 1707 3069 1775 ἁμαρτημάτων
3092 1705 3328 1774 ἐσόμεθα
3355 1722 3369 1768 ;
3392 1705 3455 1758 Τί
3482 1707 3639 1759 σπεύ-

2056 1790 2206 1851 δεις,
2240 1787 2360 1841 είπέ
2409 1805 2534 1857 μοις
2570 1788 2710 1850 τίνος
2764 1789 2949 1841 ἕνεκεν
3001 1790 3194 1859 ἐπείγῃ
3248 1789 3311 1841 16
3367 1789 3637 1859 πρόϐατον

2058 1871 2197 1941 ὁρῶν
2228 1870 2704 1939 ἑσφαγιασμένον;
2756 1872 2803 1922 εί
2836 1872 2944 1940 γὰρ
2990 1871 3076 1924 διὰ
3113 1873 3291 1937 πάσης
3320 1873 3418 1940 τῆς
3447 1872 3638 1934 νυκτὸς

2060 1948 2127 2023 ἦν
2176 1954 2313 2023 πρὸς
2359 1954 2457 2022 τὴν
2513 1953 2702 2005 θυσίαν
2749 1954 2917 2021 αὐτὴν
2948 1956 3113 2023 όρᾷν,
3151 1949 3263 2022 εἶχε
3302 1953 3492 2022 κόρον,
3522 1954 3639 2007 είπέ

2066 2052 2173 2105 μοι,
2212 2035 2271 2088 τὸ
2304 2038 2540 2106 πρᾶγμα
2563 2054 2576 2100 ;
2603 2035 2753 2107 [402]
2783 2035 2949 2106 Ὅλην
2975 2036 3074 2104 τὴν
3098 2036 3310 2106 ἡμέραν
3343 2035 3642 2107 ἐκαρτέρη-

2064 2136 2198 2181 σας,
2232 2118 2292 2171 16
2346 2118 2507 2172 πλέον
2549 2120 2649 2188 τῆς
2694 2118 2887 2180 νυκτὸς
2917 2118 3204 2187 διήγαγες,
3256 2119 3346 2171 καὶ
3393 2119 3643 2171 τοσοῦτον

2064 2201 2304 2270 κάματον
2334 2203 2390 2254 ἐν
2416 2202 2645 2273 βραχείᾳ
2672 2200 2862 2271 καιροῦ
2897 2203 3037 2271 ῥοπῇ
3062 2200 3321 2270 προδίδως
3347 2202 3441 2253 καὶ
3474 2201 3642 2254 ἀπολ-

2066 2282 2244 2347 λύεις;
2281 2285 2561 2351 Ἐννόησον
2595 2285 2648 2337 τί
2704 2284 2835 2337 ποτέ
2867 2285 2984 2336 ἐστι
3016 2284 3075 2336 16
3125 2284 3485 2355 προκείμενον
3511 2324 3521 2345 ,
3551 2286 3645 2338 καὶ

2066 2366 2226 2417 πόθεν
2259 2367 2415 2419 ἑλαϐε
2444 2368 2541 2438 τὴν
2568 2367 2745 2421 αἰτίαν
2765 2384 2780 2398 ο
2822 2368 3036 2436 ἐσφάγη
3083 2365 3169 2419 διὰ
3210 2366 3306 2429 σὲ,
3344 2368 3435 2419 καὶ
3464 2368 3527 2420 σὺ
3556 2368 3644 2435 ἑγ-

2065 2448 2496 2517 καταλιμπάνεις
2523 2449 2682 2502 αὐτὸν
2710 2447 3143 2518 ἐσφαγιασμένον
3173 2448 3334 2518 δρῶν.
3364 2449 3550 2501 Ὅπου
3576 2449 3640 2502 τὸ

2066 2528 2293 2598 πτῶμα,
2328 2531 2513 2601 φησὶν,
2552 2531 2678 2584 ἐκεῖ
2704 2533 2800 2584 καὶ
2844 2535 2897 2585 οἱ
2928 2532 3107 2584 ἀετοί.
3152 2531 3341 2600 Ἡμεῖς
3367 2531 3424 2584 δέ
3448 2531 3545 2600 οὑχ
3569 2531 3646 2594 ὡς

2065 2613 2248 2675 ἀετοὶ,
2281 2613 2396 2665 ἀλλ’
2430 2614 2506 2677 ὼς
2540 2614 2700 2676 κύνες
2726 2611 3142 2683 προσερχόμεθα
3166 2631 3179 2641 ·
3222 2613 3458 2680 τοσαύτη
3487 2612 3647 2681 ἡμῶν

2064 2697 2097 2764 ή
2129 2696 2503 2766 ἀναισχυντία.
2547 2697 2825 2764 Ἐννόησον
2852 2696 2903 2747 τί
2928 2695 3056 2748 ποτέ
3090 2696 3205 2747 ἐστι
3223 2694 3283 2747 16
3314 2696 3611 2764 κεχυμένον
3631 2710 3644 2723 ⁸

2063 2772 2203 2848 αἷμά
2240 2782 2420 2844 ἐστιν,
2446 2775 2583 2849 αἷμα
2623 2779 2651 2831 ὃ
2704 2779 2764 2830 16
2812 2778 3173 2848 χειρόγραφον
3205 2777 3312 2829 τῶν
3364 2776 3648 2847 ἁμαρτιῶν

2063 2861 2383 2931 ἀπήλειψενο
2418 2857 2555 2931 αἷμα
2598 2861 2626 2913 6
2654 2862 2752 2930 τὴν
2808 2861 2984 2931 ψυχήν
3037 2878 3129 2913 σου
3161 2858 3453 2929 ἐκάθηρεν,
3496 2859 3524 2911 6
3548 2859 3647 2926 τὴν

2064 2943 2253 3012 κηλῖδα
2300 2943 2607 2995 ἀπέπλυνεν
2632 2981 2647 3003 ,
2697 2944 2725 2995 6
2762 2944 2861 3006 τάς
2898 2943 3073 3015 ἀρχάς
3111 2943 3204 2995 καὶ
3240 2941 3341 3005 τάς
3394 2941 3643 3006 ἐξουσίας

2065 3025 2482 3095 ἐθριάμϐευσεν.
2552 3026 3065 3093 Ἀπεκδυσάμενος
3124 3024 3264 3094 γὰρ,
3318 3026 3492 3094 φησὶ,
3541 3026 3648 3091 τὰς

2065 3108 2256 3177 ἀρχὰς
2285 3109 2383 3161 καὶ
2419 3108 2525 3173 τὰς
2556 3107 2841 3172 ἐξουσίας
2873 3106 3286 3176 ἐδειγμάτισεν
3320 3109 3391 3160 ἐν
3435 3110 3651 3175 «appu-

2066 3191 2174 3256 σίᾳ
2209 3192 2608 3261 θριαμϐεύσας
2634 3192 2703 3242 ἐν
2738 3189 2818 3255 τῷ
2850 3188 3110 3260 σταυρῷ.
3141 3190 3318 3243 Πολλά
3337 3231 3353 3256 ,
3391 3192 3559 3260 φησὶ,
3591 3190 3649 3243 16

2066 3273 2325 3343 τρόπαιον
2368 3272 2482 3342 ἔχει
2530 3272 2629 3339 τῆς
2666 3273 2823 3341 νίκης
2873 3273 2941 3326 τά
2988 3272 3265 3341 σύμϐολα·
3305 3273 3372 3325 τά
3434 3274 3646 3342 λάφυρα

2067 3354 2338 3424 κρέμαται
2366 3356 2477 3409 ἀνω
2506 3354 2590 3424 ἐφ’
2615 3354 2820 3424 ὑψηλοῦ
2843 3356 2933 3408 ἐπὶ
2956 3354 3049 3407 τοῦ
3086 3354 3338 3425 σταυροῦ.
3378 3355 3646 3424 Καθάπερ

2066 3440 2174 3507 γάρ
2203 3437 2456 3507 βασιλεὺς
2480 3440 2723 3505 γενναῖος
2742 3438 2977 3507 πόλεμον
2996 3439 3222 3507 νικήσας
3244 3436 3646 3506 χαλεπώτατον,

2066 3519 2159 3573 16v
2186 3520 2412 3591 θώρακα
2446 3520 2538 3572 καὶ
2575 3520 2672 3590 τὴν
2699 3519 2901 3572 ἀσπίδα
2928 3519 3024 3572 καὶ
3049 3520 3116 3572 τά
3150 3519 3288 3571 ὅπλα
3318 3518 3411 3572 τοῦ
3446 3521 3649 3590 τυράνο

2067 3619 2159 3655 νου
2190 3604 2286 3655 καὶ
2316 3603 2423 3655 τῶν
2450 3601 2796 3673 στρατιωτῶν
2825 3600 2933 3653 τῶν
2963 3602 3301 3671 ἡττηθέντων
3328 3603 3411 3669 ἐφ’
3445 3601 3649 3672 ὑψηλοῦ

2066 3683 2161 3736 τοῦ
2185 3684 2448 3754 τροπαίου
2477 3685 2690 3753 τίθησιν
2710 3701 2724 3715 ο
2764 3683 2904 3735 οὕτω
2931 3684 3023 3735 καὶ
3058 3685 3086 3735 6
3112 3684 3345 3755 Χριστὸς
3372 3684 3463 3736 τὸν
3503 3685 3653 3736 πόλε-

2072 3783 2171 3836 μον
2207 3769 2434 3838 νικήσας
2465 3767 2555 3818 τὸν
2596 3767 2731 3837 πρὸς
2783 3766 2873 3818 τὸν
2898 3766 3138 3819 διάϐολον
3158 3810 3170 3831 ,
3202 3766 3269 3819 τά
3315 3766 3454 3820 ὅπλα
3484 3766 3649 3819 αὑτοῦ

2071 3850 2281 3912 πάντα,
2324 3849 2415 3902 τὸν
2461 3849 2715 3912 θάνατον,
2771 3848 2870 3916 τὴν
2914 3850 3162 3918 κατάραν
3205 3849 3513 3919 ἐκρέμασεν
3563 3850 3646 3917 ἐφ’

2075 3932 2279 4002 ὑψηλοῦ
2311 3932 2404 3984 τοῦ
2453 3930 2682 4000 σταυροῦ
2706 3970 2720 3995 ,
2767 3931 3017 4000 καθάπερ
3056 3930 3148 3983 ἐπὶ
3189 3932 3451 4001 τροπαίου
3485 3932 3648 3997 τινὸς,

2073 4014 2162 4068 ἴνα
2197 4016 2396 4078 πάντες
2433 4015 2495 4068 16
2522 4016 2782 4084 τρόπαιον
2818 4014 3105 4083 βλέπωσιν,
3144 4014 3199 4065 αί
3242 4014 3353 4067 ἀνω
3376 4014 3649 4085 δυνάμεις,

2073 4100 2129 4152 αί
2160 4102 2217 4151 ἐν
2252 4101 2365 4160 τοῖς
2400 4098 2650 4168 ούρανοῖς
2672 4139 2688 4164 ,
2714 4099 2764 4149 οί
2802 4097 2951 4150 κάτω
2984 4096 3292 4166 ἅνθρωποι,
3325 4098 3375 4149 οί
3415 4099 3506 4150 ἐπὶ
3555 4099 3653 4167 τῆς

2071 4181 2220 4248 γῆς,
2276 4182 2430 4233 αὐτοὶ
2488 4181 2537 4232 οί
2599 4180 2826 4249 πονηροὶ
2890 4178 3141 4247 δαίμονες
3192 4180 3238 4231 οἱ
3305 4180 3649 4249 ἡττηθέντες.

2084 4263 2302 4332 Ἐπειδὴ
2333 4260 2426 4315 οὖν
2455 4262 2722 4333 τοσαύτης
2742 4261 3130 4330 ἀπελαύσαμεν
3155 4261 3362 4330 δωρεᾶς
3380 4303 3395 4327 ,
3426 4264 3653 4326 ἑαυτοὺς

2071 4344 2212 4398 κατὰ
2241 4344 2467 4414 δύναμιν
2500 4346 2682 4411 ἀξίους
2736 4343 3089 4411 ἐπιδείξωμεν
3121 4343 3229 4395 τῶν
3282 4344 3651 4416 ὑπηργμένων

2072 4430 2201 4498 ἡμῖν
2224 4427 2461 4495 ἀγαθῶν,
2496 4428 2584 4480 ἵνα
2610 4427 2703 4479 καὶ
2724 4425 2823 4495 τῆς
2846 4425 3121 4494 βασιλείας
3152 4425 3260 4477 τῶν
3279 4426 3526 4495 οὐρανῶν
3552 4427 3650 4479 τύ-

2073 4527 2292 4581 χωμεν,
2334 4510 2514 4582 χάριτι
2548 4509 2642 4562 καὶ
2676 4508 3057 4578 φιλανθρωπίᾳ
3105 4506 3201 4560 τοῦ
3242 4507 3449 4578 Κυρίου
3493 4508 3652 4580 ήμῶν

2087 4592 2261 4663 Ἰησοῦ
2293 4592 2552 4665 Χριστοῦ,
2587 4593 2653 4645 δι’
2681 4586 2743 4645 οὗ
2772 4590 2866 4643 καὶ
2895 4590 3011 4661 μεθ’
3041 4586 3102 4644 06
3132 4589 3209 4659 τῷ
3239 4590 3415 4660 Πατρὶ
3439 4590 3553 4661 ἅμα
3578 4590 3653 4659 τῷ

2075 4677 2215 4748 άγίῳ
2238 4676 2514 4747 Πνεύματι
2549 4676 2697 4740 δόξα,
2722 4675 2891 4748 τιμὴ,
2929 4675 3160 4747 κράτος,
3187 4676 3267 4738 είς
3304 4676 3429 4738 τοὺς
3452 4673 3651 4737 αίῶνας

2075 4761 2183 4814 τῶν
2211 4760 2440 4815 αἰώνων.
2478 4760 2668 4830 Ἀμήν.

1589 5210 2104 5245 ._-————--O-m--
2128 5217 2458 5240 ———--‘——'
