4432 6738
337 517 442 572 399
1100 506 1187 560 DE
1235 501 1462 559 CRUCE
1510 499 1595 555 ET
1641 499 1964 558 LATRONE
2004 500 2235 556 IIOMIL.
2278 500 2316 553 1.
2360 532 2426 541 -—
2465 499 2801 557 MONIT‘UM.
3476 505 3581 561 400

428 663 3504 690 Mm

1786 828 2187 891 MONITUM.

408 1052 810 1112 Advertendum
851 1053 1030 1099 autem
1074 1052 1177 1108 est,
1228 1044 1352 1098 licet
1381 1045 1436 1098 in
1485 1042 1787 1112 posteriore
1815 1043 1978 1107 dicat,
2013 1042 2140 1108 Quae
2183 1045 2292 1097 heri
2339 1047 2537 1109 monui,
2572 1050 2870 1104 earumdem
2909 1060 2957 1105 et
2993 1069 3131 1106 nunc
3158 1058 3582 1128 commonefacio,

340 1167 446 1205 non
499 1143 709 1202 excludi
767 1152 946 1195 tamen
982 1154 1163 1207 parem
1210 1136 1646 1210 praecedentibus
1676 1137 1869 1194 diebus
1912 1138 2153 1193 habitam
2182 1140 2630 1195 admonitionem.
2658 1144 2793 1197 Nam
2842 1146 2898 1199 in
2928 1146 3139 1202 duabus
3168 1150 3235 1205 de
3273 1150 3587 1209 Proditione

336 1236 488 1292 inda:
511 1232 882 1293 concionibus,
905 1245 1045 1298 quae,
1079 1229 1154 1285 uti
1184 1239 1392 1284 certum
1424 1227 1655 1292 videtur,
1687 1227 1849 1283 hasce
1877 1230 2012 1284 duas
2035 1230 2102 1283 de
2127 1228 2300 1284 Cruce
2325 1239 2381 1284 et
2415 1229 2648 1286 Latrone
2685 1248 2795 1287 uno
2822 1243 3026 1291 tantum
3055 1238 3142 1293 die
3169 1255 3583 1310 praecesserunt,

342 1330 419 1383 sic
448 1329 682 1398 loquitur
708 1322 859 1396 [403]
881 1322 1297 1395 Chrysostomus
1324 1342 1337 1376 ε
1368 1322 1492 1376 Ideo
1514 1330 1705 1391 quarta
1735 1322 1851 1389 jam
1879 1324 1965 1376 die
2008 1324 2151 1391 apud
2178 1340 2265 1377 vos
2293 1340 2584 1379 sermonem
2624 1326 2786 1379 habeo
2820 1328 2882 1381 de
2920 1328 3174 1386 Oratione
3202 1350 3298 1401 pro
3339 1334 3582 1392 inimicis.

342 1422 434 1475 llas
462 1434 621 1490 porro
645 1419 765 1473 duae
802 1416 1093 1472 conciones
1114 1418 1302 1473 eadem
1331 1427 1643 1472 recurrente
1682 1416 1837 1473 Feria
1865 1417 2051 1485 quinta
2083 1416 2136 1469 in
2161 1416 2328 1471 Coma
2359 1416 2589 1484 Domini,
2628 1420 2723 1474 sed
2750 1420 2981 1476 diversis
3007 1424 3183 1490 annis,
3211 1426 3406 1483 habitae
3435 1438 3584 1496 sunt,

342 1522 401 1564 ut
452 1510 689 1563 diximus
717 1508 772 1561 in
801 1506 1004 1561 Monito
1041 1506 1242 1562 ibidem
1272 1525 1285 1559 :
1317 1507 1372 1560 in
1412 1516 1641 1575 utraque
1669 1519 1819 1569 vero,
1860 1516 2052 1572 quarta
2077 1505 2185 1574 jam
2215 1506 2521 1561 adhortatio
2549 1509 2613 1563 ad
2644 1511 2907 1566 orandum
2939 1527 3039 1582 pro
3063 1514 3315 1580 inimicis,
3348 1518 3402 1574 in
3437 1521 3587 1578 hisce

343 1614 524 1659 autem
574 1604 785 1658 duabus
821 1602 1010 1673 quinta
1066 1603 1488 1665 numerabatur;
1536 1599 1646 1653 nisi
1708 1598 1936 1653 fortasse
1982 1600 2103 1669 quis
2148 1600 2345 1655 dixerit
2384 1604 2762 1671 posteriorem,
2816 1607 2870 1660 in
2918 1623 3023 1677 qua
3075 1610 3330 1668 hesterna
3377 1625 3585 1673 tantum

340 1696 645 1751 adhortatio
689 1705 1042 1760 memoratur,
1098 1704 1349 1749 neutram
1393 1709 1460 1746 ex
1499 1689 1731 1752 duabus,
1762 1704 1883 1759 quae
1912 1701 2225 1761 supersunt,
2252 1691 2321 1746 de
2348 1692 2658 1748 Proditione
2689 1695 2841 1752 Judae
2868 1698 3143 1754 homiliam
3175 1704 3328 1774 sequi
3360 1706 3584 1775 debere.

343 1789 437 1846 sed
469 1788 524 1842 in
570 1788 731 1843 alium
771 1805 972 1844 annum
1010 1802 1131 1841 esse
1159 1786 1550 1854 conjiciendam
1596 1803 1825 1843 :verum
1857 1788 1910 1842 id
1946 1800 2045 1857 pro
2091 1795 2239 1840 certo
2276 1793 2515 1840 statuere
2550 1802 2660 1841 non
2708 1790 2902 1847 ausim.
2941 1793 3016 1846 De
3049 1803 3295 1865 tempore
3336 1806 3392 1852 et
3419 1814 3583 1869 anno,

343 1897 451 1950 quo
484 1881 681 1935 habita:
726 1889 854 1934 sunt
890 1880 974 1933 bas
1023 1879 1144 1932 duae
1187 1877 1497 1939 conciones.
1546 1879 1668 1933 vide
1713 1880 1769 1933 in
1816 1879 2019 1933 Monito
2061 1879 2126 1933 ad
2176 1876 2433 1933 Homilias
2476 1878 2542 1933 de
2574 1877 2886 1936 Proditionc
2913 1882 3085 1939 ludas.

415 1971 614 2026 Prioris
645 1971 879 2024 bomiliae
916 1968 1419 2038 interpretationem
1451 1968 1695 2024 Latinam
1724 1970 2135 2034 adornavimus;
2165 1970 2474 2039 posterioris
2505 1986 2634 2026 vero
2671 1986 2701 2026 a
2736 1971 2992 2031 Gretsero
3023 1976 3221 2034 editam
3254 1980 3578 2052 versionem,

344 2065 441 2119 sed
481 2064 840 2128 emendatam,
890 2062 1102 2117 damus.

337 2354 480 2372 5——

334 2452 604 2495 IIOMILIA
649 2453 712 2494 IN
755 2452 1009 2495 CBUCEM
1057 2453 1135 2494 ΕΤ
1178 2453 1240 2495 ιη
1312 2454 1647 2497 ιΑτΒοΝΕΜ

1857 2359 2242 2372 ——————‘

1696 2458 1711 2497 1
1758 2455 1917 2498 ITEM
1960 2455 2042 2495 DE
2088 2452 2373 2496 SECUNDO
2415 2453 2665 2496 CHRISTI
2709 2452 3034 2507 ADVENTU,
3080 2454 3161 2495 ΕΤ
3228 2451 3398 2504 QUOD
3438 2450 3595 2497 nn-

1313 2554 1606 2605 QUENTER
1649 2556 1748 2597 srr
1774 2555 2081 2596 GRANDUM
2127 2554 2245 2595 mo
2292 2553 2559 2597 INIMICIS
2605 2538 2647 2595 ¹.

1612 2698 1887 2711 ———‘

786 2742 1010 2783 HOHILIA
1042 2740 1081 2788 Ι,

398 2806 600 2870 Quanta
627 2808 768 2860 nobis
796 2808 925 2860 bona
952 2823 1078 2860 crux
1113 2806 1294 2872 a/ferat
1320 2823 1338 2870 ;
1367 2807 1528 2876 quivis
1557 2808 1699 2862 locus
1725 2825 1905 2880 preca»

323 2897 449 2950 tioni
485 2907 653 2965 aptus.
675 2927 743 2937 —
770 2897 938 2951 llodie
970 2897 1222 2951 Dominus
1257 2908 1438 2953 noster
1463 2896 1618 2953 Jesus
1662 2896 1906 2953 Christus

325 2990 378 3043 in
403 3004 579 3054 cruce,
609 2997 662 3043 et
690 3004 788 3042 nos
810 2989 1001 3043 festum
1028 2990 1252 3057 agimus,
1278 2998 1335 3043 ut
1355 2988 1530 3043 discas
1550 3004 1763 3043 crucem
1786 3003 1907 3045 esse

327 3079 520 3134 festum
572 3088 625 3132 et
670 3078 1035 3135 celebritatem
1085 3080 1435 3147 spiritualcm.
1478 3080 1717 3135 Antehac
1762 3081 1904 3134 enim

324 3185 455 3223 crux
493 3184 687 3223 nomen
715 3180 830 3224 erat
867 3170 1254 3237 damnationis,
1281 3185 1421 3225 nunc
1450 3186 1578 3225 vero
1618 3186 1706 3226 res
1736 3173 1903 3227 bono-

325 3262 508 3316 rabilis
532 3261 715 3317 cll‘ecta
743 3271 827 3316 est
853 3280 866 3314 :
898 3263 1047 3332 prius
1076 3264 1375 3334 symbolum
1413 3263 1905 3330 condemnationis,

325 3370 467 3407 nunc
483 3364 854 3421 argumentum
882 3356 1086 3408 salutis.
1114 3355 1237 3409 llaec
1253 3355 1396 3408 enim
1424 3356 1578 3409 nobis
1606 3356 1909 3410 innumera-

327 3444 505 3497 bilium
548 3444 806 3498 bonorum
850 3460 1006 3499 causa
1053 3444 1236 3499 ellecta
1266 3456 1349 3501 est
1382 3463 1396 3498 :
1428 3445 1544 3500 haec
1584 3460 1683 3499 nos
1716 3445 1785 3500 ab
1823 3461 1909 3500 er-

328 3549 448 3588 rore
476 3535 739 3599 liberavit,
786 3534 901 3589 hmc
948 3536 998 3589 in
1046 3536 1281 3590 tenebris
1325 3537 1527 3605 positos
1566 3535 1904 3599 illuminavit,

326 3628 440 3681 lucc
462 3628 571 3697 jam
602 3629 927 3691 debellatos,
955 3645 1074 3681 cum
1127 3630 1233 3682 Deo
1279 3630 1658 3695 reconciliavit,
1704 3630 1906 3683 abalie-

324 3730 481 3771 natos
528 3718 847 3772 domesticos
894 3718 1098 3785 ell'ccit,
1155 3720 1337 3787 procul
1386 3720 1584 3788 positos
1633 3720 1908 3788 proximos

328 3812 600 3865 constituit
629 3829 642 3863 :
674 3812 790 3865 haec
821 3812 1108 3865 inimicitize
1134 3812 1440 3875 destructio,
1475 3812 1618 3881 pacis
1645 3822 1902 3876 tutamen,

325 3912 695 3958 sexcentarum
743 3902 1005 3956 bonorum
1047 3901 1349 3957 thesaurus.
1378 3902 1603 3970 Propter
1635 3917 1753 3957 eam
1798 3918 1903 3956 non

328 3994 462 4048 ultra
492 3992 545 4046 in
574 3992 800 4047 desertis
828 4008 1114 4062 vagamur;
1155 4008 1337 4048 veram
1370 3993 1566 4063 quippe
1590 3994 1727 4047 viam
1756 3994 1906 4048 novi-

326 4098 490 4137 mus:
525 4097 631 4136 non
673 4082 901 4151 amplius
942 4092 1090 4137 extra
1125 4084 1324 4152 regiam
1370 4083 1645 4151 degimus;
1690 4083 1906 4152 januam

326 4172 468 4226 enim
499 4172 794 4229 invenimus
830 4190 841 4225 :
872 4189 976 4227 non
1023 4173 1272 4226 timemus
1322 4172 1482 4243 ignita
1532 4173 1726 4228 diaboli
1770 4175 1903 4241 tela,

327 4264 526 4319 fontem
555 4266 817 4335 siquidem
863 4266 1115 4320 vidimus.
1145 4266 1246 4321 Per
1284 4281 1497 4321 crucem
1545 4282 1651 4321 non
1678 4268 1907 4337 amplius

328 4355 379 4407 in
410 4355 665 4410 viduitate
689 4370 910 4419 sumus;
944 4370 1197 4423 Sponsum
1238 4358 1379 4410 enim
1423 4357 1725 4425 recepimus
1758 4376 1770 4411 :
1801 4360 1905 4412 non

328 4446 577 4501 timemus
601 4448 813 4515 lupum;
844 4446 1042 4500 bonum
1075 4448 1269 4515 quippe
1300 4455 1563 4514 pastorem
1602 4447 1860 4503 habemus
1891 4468 1904 4502 :

329 4553 449 4591 nam
471 4578 486 4603 ,
523 4537 632 4608 Ego
660 4554 790 4601 sum,
822 4538 1013 4606 inquit,
1048 4547 1219 4604 pastor
1258 4537 1416 4589 bonus
1445 4535 1621 4605 (Joan.
1667 4537 1753 4591 10.
1789 4540 1901 4605 11).

328 4626 431 4681 Per
457 4627 595 4681 hanc
629 4639 907 4697 tyrannum
948 4642 1054 4680 non
1099 4626 1580 4693 perhorrescimus;
1606 4625 1738 4695 Regi
1761 4628 1902 4681 enim

328 4720 624 4775 assidemus
654 4738 668 4775 :
695 4727 749 4775 et
777 4720 897 4774 ideo
926 4718 1117 4773 festum
1144 4719 1369 4787 agimus,
1393 4719 1566 4772 crucis
1596 4720 1903 4773 memoriam

329 4814 681 4868 celebrantes.
725 4812 799 4867 Ita
830 4822 885 4867 et
909 4811 1102 4866 Paulus
1138 4808 1295 4879 jussit
1332 4823 1426 4875 per
1461 4825 1673 4864 crucem
1716 4810 1905 4865 festum

328 4920 487 4974 agerc
518 4922 532 4957 :
565 4902 770 4957 Festum
806 4919 1035 4973 agamus,
1067 4900 1265 4969 inquit,
1310 4916 1411 4952 non
1452 4900 1505 4952 in
1550 4900 1793 4969 fermento
1823 4917 1905 4955 tte-

334 4997 447 5057 teri,
468 4996 557 5049 sed
571 4996 624 5047 in
644 4997 833 5065 azymis
858 4996 1156 5049 sinceritatis
1182 5004 1227 5047 et
1254 4994 1475 5046 veritatis
1497 4992 1570 5063 (l.
1594 4993 1712 5048 Cor.
1738 4996 1791 5050 5.
1827 4997 1903 5063 8).

338 5088 541 5143 Deinde
576 5100 790 5141 causam
833 5086 1122 5156 adjiciens,
1168 5086 1235 5138 ita
1277 5084 1489 5155 pergit:
1534 5085 1665 5151 Quia
1711 5085 1910 5140 Pascha

333 5187 560 5231 nostrum
589 5192 681 5247 pro
710 5178 852 5231 nobis
877 5179 1162 5233 immolatus
1185 5186 1256 5231 est
1284 5175 1533 5230 Christus.
1573 5176 1756 5231 Vidcn'
1777 5195 1909 5247 quo-

334 5267 494 5323 modo
521 5282 618 5336 per
640 5282 853 5322 crucem
901 5268 1092 5323 festum
1133 5281 1289 5338 agere
1330 5266 1632 5333 praecipiat?
1659 5267 1711 5320 in
1750 5283 1909 5321 cruce

334 5375 563 5431 namque
604 5359 906 5414 immolatus
931 5372 1012 5415 est
1041 5361 1300 5416 Christus.
1330 5356 1427 5414 Ubi
1470 5374 1698 5427 namque
1737 5360 1903 5413 sacri-

335 5453 534 5514 ﬁcium,
565 5448 635 5504 ibi
666 5459 1002 5516 peccatorum
1030 5452 1267 5514 abolitio,
1300 5450 1369 5504 ibi
1402 5448 1763 5503 reconciliatio
1788 5466 1908 5505 cum

339 5544 584 5609 Domino,
630 5541 697 5595 ibi
739 5539 930 5594 festum
972 5551 1026 5595 et
1073 5543 1269 5597 laetitia.
1307 5540 1505 5595 Pascha
1549 5551 1771 5592 nostrum
1818 5558 1909 5610 pro

336 5638 474 5691 nobis
502 5636 788 5689 immolatus
816 5642 886 5688 est
916 5632 1161 5690 Christus.
1195 5636 1315 5701 Ubi,
1351 5650 1553 5705 qumso,
1572 5633 1909 5687 immolatus?

337 5731 391 5784 lo
424 5730 637 5785 excelso
684 5726 937 5799 patibulo.
982 5726 1186 5781 Novum
1232 5729 1398 5784 altare
1444 5726 1598 5795 hujus
1638 5725 1905 5791 sacriﬁcii,

402 5866 419 5897 ι
461 5865 641 5929 adjecit
671 5862 834 5924 SaviL,
856 5860 1017 5913 habita
1038 5869 1109 5913 est
1131 5862 1184 5913 in
1205 5870 1370 5915 sancta
1391 5873 1435 5917 et
1458 5876 1629 5931 inagna
1660 5862 1739 5914 die
1763 5871 1910 5913 Para-

340 5937 494 5977 ςωειεδ
501 5962 511 5974 .

662 6014 928 6072 ιἈῑιιῡι,
981 6009 1092 6071 Gn.
1142 6009 1188 6066 Χ
1209 6008 1271 6066 Ll
1291 6013 1361 6071 Χ.

1890 2676 2051 2729 ωδ

2015 2809 2138 2878 quia
2188 2808 2360 2877 ipsum
2417 2805 2734 2861 sacriﬁcium
2778 2819 2972 2861 novum
3016 2805 3441 2876 stupendumque
3487 2814 3590 2863 est.

2015 2899 2159 2954 idem
2185 2898 2381 2968 quippe
2411 2906 2464 2951 et
2487 2897 2805 2951 sacriﬁcium
2837 2906 2891 2952 et
2910 2897 3162 2953 sacerdos
3198 2906 3312 2952 erat
3341 2915 3355 2951 :
3384 2898 3591 2953 sacriﬁ-

2012 2989 2153 3044 cium
2196 2989 2487 3044 secundum
2531 3004 2745 3045 carnem
2767 3031 2783 3055 ,
2812 2990 3062 3045 sacerdos
3101 2990 3392 3045 secundum
3429 2992 3593 3061 spirio

2017 3089 2126 3133 tum
2159 3098 2172 3133 :
2206 3080 2345 3134 idem
2372 3090 2423 3135 et
2453 3080 2730 3146 oﬁ‘erebat,
2758 3089 2814 3135 et
2841 3081 3133 3136 secundum
3158 3097 3375 3136 carnem
3401 3082 3595 3138 oﬁ‘crev

2014 3170 2187 3225 batur.
2220 3169 2356 3224 Audi
2376 3172 2643 3241 quomodo
2670 3171 2784 3225 haec
2806 3171 2963 3226 ambo
2984 3171 3178 3227 Paulus
3201 3171 3549 3227 declaraverit
3575 3189 3591 3228 :

2018 3259 2196 3314 Omnis
2224 3260 2498 3332 Pontifex,
2527 3262 2725 3331 inquit,
2753 3278 2816 3315 ea:
2842 3262 3125 3316 hominibus
3153 3272 3470 3332 assumptus,
3502 3277 3594 3331 pro

2015 3353 2299 3407 hominibus
2351 3354 2707 3417 constituitur;
2756 3353 2890 3407 unde
2941 3369 3137 3407 necesse
3187 3363 3263 3407 est
3306 3364 3363 3407 ut
3412 3354 3594 3407 habent

2013 3447 2307 3515 quidpiam,
2343 3446 2479 3515 quod
2517 3445 2717 3511 olferat.
2772 3443 2905 3498 Ecce
2941 3446 3048 3515 ipse
3082 3444 3231 3510 offert
3272 3447 3593 3515 semetipsum

2017 3536 2200 3607 (Hebr.
2231 3538 2282 3591 5.
2320 3539 2342 3590 i
2371 3554 2387 3599 ;
2417 3546 2462 3589 et
2487 3537 2539 3591 8.
2562 3536 2638 3608 3).
2667 3536 2805 3590 Alibi
2835 3552 2964 3590 vero
2984 3536 3111 3590 dicit
3141 3554 3156 3590 :
3189 3536 3416 3591 Christus
3442 3535 3592 3592 semel

2015 3627 2212 3682 oblatus
2238 3628 2304 3680 ad
2344 3626 2616 3681 multorum
2653 3628 2931 3698 auferenda
2958 3638 3159 3697 peccata
3179 3669 3193 3690 ,
3220 3630 3481 3697 apparebit
3506 3643 3595 3683 ee-

2012 3721 2348 3788 spectantibus
2398 3737 2451 3772 se
2492 3721 2546 3773 in
2595 3719 2823 3772 salutem
2851 3715 3037 3785 (Hebr.
3077 3717 3130 3773 9.
3160 3718 3273 3790 28).
3303 3717 3443 3777 Ecce
3507 3719 3595 3774 hic

2012 3812 2221 3865 oblatus
2265 3821 2367 3877 est,
2427 3811 2535 3866 illic
2577 3826 2708 3866 vero
2755 3812 3100 3880 semetipsum
3146 3811 3353 3866 obtulit.
3405 3810 3594 3865 Viden’

2012 3902 2283 3972 quomodo
2302 3914 2356 3957 et
2380 3901 2706 3957 sacriﬁcium
2729 3911 2784 3957 et
2808 3902 3058 3957 sacerdos
3074 3900 3243 3956 factus
3271 3902 3357 3966 sit,
3382 3911 3436 3957 et
3459 3917 3588 3957 crux

2012 3995 2179 4049 altare
2208 3994 2407 4050 fuerit?
2435 3995 2504 4050 Et
2537 4010 2653 4057 cur,
2683 3995 2918 4065 inquies,
2947 4008 3053 4047 non
3098 3993 3153 4047 iit
3192 3994 3390 4062 templo
3418 3992 3589 4048 hOSlia

2012 4084 2251 4151 offertur,
2281 4084 2375 4140 sed
2402 4095 2553 4140 extra
2585 4085 2769 4139 urbem
2813 4093 2868 4139 et
2890 4082 3124 4139 moenia?
3150 4082 3219 4138 Ut
3278 4076 3599 4148 impleretur

2016 4176 2167 4235 illud.
2183 4175 2307 4230 Cum
2323 4177 2508 4244 iniquis
2522 4184 2781 4243 reputatus
2801 4184 2872 4227 est
2889 4173 3039 4243 (Isai.
3059 4173 3147 4228 53.
3166 4173 3278 4239 12).
3296 4172 3401 4225 Cur
3412 4182 3590 4226 autem

2014 4267 2067 4321 in
2097 4266 2306 4321 sublimi
2333 4265 2568 4334 patibulo
2589 4264 2881 4332 iugulatur,
2917 4278 3020 4317 non
3048 4264 3147 4317 sub
3160 4261 3333 4317 tecto?
3357 4260 3429 4317 Ut
3450 4261 3592 4316 aeris

2014 4369 2256 4412 naturam
2286 4364 2565 4426 purgaret;
2612 4354 2735 4409 ideo
2762 4356 2813 4409 in
2852 4354 3103 4420 sublimi,
3135 4370 3240 4411 non
3280 4355 3593 4409 imminente

2013 4457 2172 4509 tecto,
2214 4447 2307 4501 sed
2348 4446 2660 4501 imminente
2694 4446 2849 4500 caalo.
2890 4447 2998 4500 Aer
3021 4446 3217 4515 quippe
3249 4446 3590 4514 purgabatur,

2010 4554 2130 4591 cum
2149 4538 2262 4591 ovis
2293 4539 2343 4591 in
2371 4539 2583 4593 sublimi
2611 4538 3014 4593 immolaretur:
3049 4538 3371 4608 purgabatur
3393 4538 3517 4592 item
3538 4546 3595 4591 et

2010 4638 2150 4683 terra
2173 4647 2184 4680 :
2216 4628 2411 4683 ﬂuebat
2431 4630 2574 4684 enim
2597 4646 2627 4684 e
2644 4630 2809 4683 latere
2828 4629 3042 4698 sanguis
3058 4629 3111 4681 in
3127 4628 3316 4697 ipsam.
3340 4627 3463 4681 Ideo
3485 4642 3594 4682 non

2012 4723 2110 4777 sub
2141 4733 2301 4789 tecto,
2336 4724 2455 4776 ideo
2483 4737 2587 4777 non
2634 4722 2687 4775 in
2717 4721 2916 4791 templo
2934 4720 3183 4784 .lndaico;
3208 4736 3273 4774 ne
3292 4720 3393 4775 sibi
3421 4718 3592 4773 Judaei

2013 4815 2241 4868 hostiam
2296 4820 2713 4882 scquestrarent,
2763 4826 2897 4865 neve
2923 4821 3136 4880 putares
3176 4826 3270 4879 pro
3302 4810 3387 4863 illa
3432 4818 3592 4877 gente

2014 4916 2214 4961 tantum
2249 4906 2383 4960 hanc
2413 4904 2612 4958 oﬁ'erri.
2656 4904 2856 4958 Idcirco
2877 4911 3025 4956 extra
3064 4901 3247 4955 urbem
3275 4908 3329 4954 et
3358 4899 3588 4964 muenia,

2016 5012 2072 5055 ut
2099 5000 2274 5053 discas
2316 4998 2612 5052 universale
2655 4994 2973 5049 sacriﬁcium
3022 5007 3164 5056 esse,
3197 4993 3316 5061 quia
3346 5007 3441 5061 pro
3469 4991 3591 5045 uni-

2014 5110 2165 5148 versa
2196 5104 2331 5147 terra
2377 5100 2489 5145 erat
2517 5089 2750 5143 oblatio:
2792 5098 2848 5141 ut
2891 5086 3127 5141 disceres
3164 5086 3292 5139 item
3326 5083 3591 5155 purgatio.

2014 5201 2157 5247 nem,
2217 5197 2568 5242 communem,
2630 5194 2736 5233 non
2785 5178 3107 5249 peculiarem
3151 5190 3291 5239 esse,
3337 5174 3591 5245 quemad.

2015 5277 2227 5332 modum
2272 5273 2410 5341 apud
2457 5272 2689 5328 Judzeos.
2744 5270 2944 5326 Iudaeis
2985 5269 3127 5323 enim
3177 5267 3295 5322 ideo
3338 5265 3590 5335 praecepit

2015 5368 2153 5421 Deus
2202 5373 2259 5418 ut
2288 5364 2589 5417 universam
2632 5371 2830 5416 terram
2866 5360 3255 5426 relinquerent,
3287 5363 3341 5410 et
3383 5370 3492 5408 uno
3535 5354 3587 5408 in

2015 5457 2132 5511 loco
2162 5454 2363 5508 hostias
2388 5464 2442 5508 et
2482 5467 2665 5524 preces
2690 5452 2960 5514 offerrent,
2994 5448 3116 5517 quia
3160 5455 3268 5501 tota
3299 5455 3441 5501 terra
3484 5446 3589 5500 im-

2016 5560 2147 5615 pura
2180 5553 2314 5608 erat,
2350 5542 2517 5609 fumo,
2552 5543 2736 5597 nidore
2766 5540 3087 5609 reliquisque
3112 5537 3361 5593 omnibus
3380 5537 3591 5608 gentili-

2017 5639 2206 5691 tiorum
2227 5635 2609 5690 sacriﬁciorum
2624 5629 3036 5701 inquinamentis
3049 5644 3168 5685 eam
3182 5629 3585 5700 occupantibus.

2014 5728 2177 5783 Nobis
2196 5743 2343 5793 vero,
2376 5728 2499 5798 quia
2539 5725 2779 5782 Christus
2804 5722 3017 5777 tandem
3043 5723 3263 5777 veniens
3300 5730 3467 5776 totum
3496 5734 3589 5774 or-

2014 5822 2132 5875 bem
2165 5821 2440 5889 purgavit,
2468 5818 2640 5889 quivis
2664 5817 2812 5871 locus
2849 5814 3036 5869 orandi
3068 5814 3216 5869 locus
3240 5812 3462 5867 eﬁ‘ectus
3484 5820 3587 5868 est.

2017 5914 2138 5971 ideo
2166 5911 2358 5969 Paulus
2403 5910 2731 5968 conﬁdenter
2775 5906 3119 5973 hortabatur,
3146 5912 3206 5959 ut
3241 5903 3438 5976 ubique
3476 5904 3591 5966 sius

3176 5992 3256 6058 25
