4406 6712
826 436 923 494 ιθί

826 556 1021 612 timore
1062 568 1252 628 preces
1290 562 1664 610 emitterentur
1686 596 1699 618 ,
1749 554 1832 609 his
1863 556 2075 610 verbis:
2130 556 2250 612 Volo
2281 559 2411 612 viros

824 663 974 701 orare
1015 648 1066 701 in
1104 647 1241 701 omni
1279 647 1419 711 loco,
1448 646 1667 701 levantes
1711 659 1909 701 sanctas
1950 665 2131 720 manus
2176 650 2407 721 (LTim.

825 737 883 791 ‘2.
915 736 993 807 8).
1027 737 1212 792 Viuen‘
1231 738 1500 805 quomodo
1529 749 1784 809 purgatus
1805 740 1874 793 sit
1898 740 2077 794 orbis?
2107 741 2210 796 Per
2240 744 2410 797 locum

827 829 971 885 enim
1022 829 1146 884 licet
1189 828 1386 899 ubique
1429 829 1607 884 levare
1645 840 1857 885 sanctas
1896 844 2085 884 manus
2116 848 2130 885 :
2162 834 2412 902 quoniam

829 922 1006 977 omnis
1033 932 1173 976 terra
1214 935 1395 978 saneta
1422 923 1608 978 effecta
1635 932 1751 991 est,
1780 934 1834 979 et
1861 924 2058 979 sanctis
2098 925 2205 981 illis
2235 930 2413 999 templi

828 1012 1173 1069 interioribus
1200 1016 1458 1069 sanctior.
1489 1013 1599 1069 Illic
1615 1014 1759 1069 enim
1782 1014 2108 1071 olierebatur
2136 1018 2255 1073 ovis
2275 1020 2415 1074 irra-

828 1105 1121 1169 tionabilis,
1155 1106 1241 1161 hic
1275 1122 1405 1161 vero
1432 1105 1725 1175 spiritualis
1751 1122 1765 1159 :
1795 1116 1994 1176 quanto
2031 1116 2211 1161 autem
2243 1111 2415 1179 majus

825 1205 910 1250 est
932 1198 1274 1263 sacriﬁcium,
1307 1208 1457 1252 tanto
1483 1198 1691 1253 auctior
1714 1198 2054 1254 sautiﬁcatio.
2080 1198 2417 1272 Quapropter

832 1301 964 1340 crux
991 1296 1075 1341 est
1098 1287 1404 1341 celebritas.

895 1378 949 1431 2.
977 1376 1067 1434 Vis
1080 1378 1289 1436 discere
1304 1377 1449 1431 aliud
1471 1378 1589 1447 ejus
1614 1378 1818 1448 insigne
1844 1378 2013 1450 opus?
2040 1379 2351 1436 Paradisum
2381 1400 2412 1439 a

826 1468 1109 1539 quinquies
1150 1468 1299 1523 mille
1346 1476 1401 1523 et
1447 1468 1678 1536 amplius
1720 1468 1876 1522 annis
1923 1468 2161 1523 clausum
2189 1510 2204 1533 ,
2256 1472 2413 1527 hodie

826 1563 982 1618 nobis
1006 1562 1240 1632 aperuit.
1285 1562 1397 1617 lloc
1433 1563 1631 1632 quippe
1658 1560 1778 1629 die,
1807 1562 1908 1618 bac
1949 1565 2060 1633 ipsa
2090 1564 2219 1618 hora
2252 1566 2412 1620 latro-

828 1671 950 1712 nem
996 1671 1062 1711 eo
1105 1654 1400 1711 introduxit
1439 1653 1615 1718 Deus,
1662 1652 1771 1708 duo
1824 1656 2077 1723 praeclara
2121 1656 2412 1726 designans

824 1762 1023 1815 opera;
1052 1762 1236 1811 unum,
1259 1744 1400 1815 quod
1428 1744 1733 1814 paradisum
1755 1745 2049 1814 aperuerit,
2075 1745 2241 1813 aliud,
2264 1749 2408 1818 quod

825 1838 1085 1892 latronem
1126 1836 1518 1892 introduxerit.
1557 1835 1729 1890 Hodie
1753 1846 2033 1905 antequam
2062 1837 2287 1906 patriam
2316 1854 2412 1892 no-

832 1930 918 1986 bis
944 1929 1177 1985 reddidit
1198 1972 1214 1997 ,
1245 1928 1407 1984 hodie
1434 1929 1487 1983 in
1512 1928 1732 1998 patriam
1753 1927 2022 1981 civitatem
2052 1941 2151 1981 nos
2175 1927 2408 1996 reduxit,

822 2030 879 2076 et
912 2022 1182 2077 communi
1227 2021 1503 2076 hominum
1545 2028 1751 2073 naturae
1794 2018 2014 2073 domum
2055 2019 2204 2074 dedit
2244 2035 2409 2074 :nam

823 2113 1013 2177 llodie,
1046 2113 1239 2183 inquit,
1268 2128 1459 2166 mecum
1486 2111 1584 2166 eris
1612 2112 1668 2165 in
1694 2111 1937 2181 paradiso
1966 2110 2119 2180 (Luc.
2160 2112 2253 2168 25.
2292 2113 2407 2182 ιδ).

822 2204 962 2272 Quid
983 2204 1157 2259 dicis?
1190 2202 1487 2259 Cruciﬁxus
1516 2217 1577 2257 es
1616 2210 1672 2258 et
1717 2202 1883 2258 clavis
1920 2201 2110 2257 afﬁxus
2135 2242 2151 2267 ,
2175 2212 2229 2257 et
2255 2217 2411 2271 para-

826 2299 1005 2353 disum
1032 2295 1340 2367 polliceris?
1367 2296 1565 2362 Etiam,
1596 2294 1787 2365 inquit,
1818 2304 1876 2349 ut
1897 2296 1949 2348 in
1975 2309 2135 2349 cruce
2158 2295 2407 2349 virtutem

822 2404 999 2445 meam
1048 2389 1277 2444 ediscas.
1328 2388 1464 2455 Quia
1509 2388 1653 2442 enirn
1697 2401 1786 2441 res
1820 2395 1937 2440 erat
1976 2384 2163 2452 tristis,
2207 2401 2276 2441 ne
2317 2401 2410 2439 na-

824 2490 958 2534 tura:
1006 2480 1184 2536 crucis
1227 2477 1557 2543 attenderes,
1585 2475 1677 2531 sed
1705 2475 1947 2531 cruciﬁxi
2000 2476 2249 2531 virtutem
2296 2475 2411 2530 edi-

824 2569 1088 2635 sceres,in
1115 2582 1272 2622 cruce
1303 2566 1404 2622 hoc
1434 2575 1707 2637 perpetrat
1736 2566 2058 2620 miraculum
2076 2608 2091 2632 ,
2121 2566 2264 2638 quod
2292 2567 2412 2637 ejus

822 2659 1055 2715 maxime
1098 2661 1347 2714 virtutem
1394 2659 1745 2714 demonstrat.
1787 2657 1907 2713 Non
1948 2658 2092 2713 enim
2140 2668 2409 2714 mortuum

819 2766 943 2804 cum
972 2752 1275 2817 suscitaret,
1308 2767 1414 2807 non
1443 2766 1564 2806 cum
1598 2766 1745 2806 mare
1770 2766 1833 2806 ac
1861 2759 2049 2806 ventos
2088 2751 2407 2822 increparet,

822 2861 928 2900 non
968 2860 1089 2900 cum
1136 2845 1411 2900 dremonas
1460 2845 1701 2915 fugaret,
1750 2843 1847 2899 scd
1895 2842 2197 2908 cruciﬁxus,
2248 2843 2411 2899 clavis

822 2934 1143 3005 perforatus,
1172 2935 1532 3002 contumeliis,
1563 2934 1755 3003 sputis,
1787 2934 2046 2988 conviciis
2066 2975 2081 2999 ,
2109 2934 2412 3004 opprobriis

820 3035 1098 3092 oneratus,
1129 3024 1429 3095 improbum
1462 3024 1686 3080 latronis
1710 3026 1948 3079 aninmm
1979 3035 2187 3081 mutare
2216 3028 2408 3096 potuit,

824 3128 883 3172 ut
906 3119 1173 3189 utrimque
1204 3119 1475 3182 virtutem,
1499 3117 1615 3188 ejus
1635 3116 1817 3172 videas
1843 3132 1860 3173 :
1888 3127 2187 3173 creaturam
2217 3119 2411 3189 quippe

824 3218 990 3264 totam
1032 3210 1354 3276 commovit,
1388 3218 1567 3278 petras
1608 3208 1785 3275 scidit,
1819 3218 1969 3278 petra
2011 3208 2278 3265 duriorem
2328 3210 2410 3265 la-

823 3303 994 3357 tronis
1020 3303 1253 3357 animam
1288 3301 1506 3356 attraxit
1530 3310 1585 3355 ct
1611 3298 1931 3356 honoravit:
1956 3316 2080 3355 nam
2110 3302 2205 3367 ait,
2242 3300 2412 3357 Ilodie

821 3408 1012 3447 mecum
1041 3394 1139 3448 eris
1177 3394 1229 3447 in
1256 3392 1519 3463 paradiso.
1567 3392 1727 3463 Atqui
1772 3390 2062 3447 Cberubini
2104 3394 2407 3462 paradisum

823 3484 1109 3537 servabant
1131 3501 1147 3549 ;
1172 3498 1354 3537 verum
1374 3482 1461 3537 hic
1478 3481 1900 3538 Cherubinorum
1922 3482 2083 3538 etiam
2112 3483 2405 3538 Dominus:

822 3583 907 3628 est
954 3573 1233 3629 ﬂammeus
1278 3573 1489 3644 gladius
1538 3573 1607 3628 ibi
1663 3573 1925 3639 volvitur;
1973 3588 2162 3628 verum
2204 3574 2318 3644 ipse
2356 3583 2411 3631 et

825 3665 1052 3720 llammze
1097 3674 1151 3719 et
1195 3665 1478 3735 gehennae,
1518 3674 1575 3720 et
1607 3664 1729 3719 vitae
1767 3672 1823 3720 et
1862 3666 2051 3720 mortis
2091 3675 2408 3736 potestatem

824 3754 1005 3811 habet.
1037 3756 1191 3826 Atqui
1234 3772 1325 3810 rex
1357 3756 1538 3811 nullus
1564 3771 1815 3826 umquam
1865 3756 2099 3826 patiatur
2146 3758 2411 3814 latronem

824 3847 1119 3915 hominem,
1150 3848 1235 3904 vel
1266 3849 1429 3904 alium
1455 3850 1761 3919 quempiam
1782 3865 1848 3906 ex
1876 3849 2090 3905 famulis
2116 3866 2300 3907 secum
2327 3866 2412 3908 sc-

821 3942 1037 3998 dentem
1072 3943 1413 3998 introducere
1442 3944 1494 3998 in
1540 3944 1754 3999 urbem.
1797 3944 1995 4000 Verum
2033 3945 2282 4001 Christus
2312 3947 2413 4001 hoc

824 4031 971 4098 fecit,
1004 4031 1163 4101 inque
1182 4046 1388 4087 sacram
1418 4035 1646 4103 patriam
1673 4034 2001 4104 ingrediens,
2028 4050 2209 4092 secum
2240 4036 2409 4092 furem

825 4121 1134 4188 introducit,
1174 4137 1280 4177 non
1328 4124 1631 4193 paradisum
1677 4124 2041 4192 conculcans,
2093 4142 2268 4195 neque
2314 4144 2407 4197 pc-

822 4212 980 4267 (libus
1030 4214 1253 4270 latronis
1306 4214 1641 4285 deturpans,
1698 4214 1807 4271 imo
1859 4217 2034 4285 potius
2079 4216 2348 4272 honoratis
2390 4236 2405 4272 :

825 4301 1001 4357 honor
1048 4305 1241 4374 quippe
1270 4306 1495 4374 paradisi
1519 4314 1601 4359 est
1638 4306 1798 4363 talem
1846 4307 2044 4362 habere
2083 4306 2396 4374 dominum,

822 4394 915 4462 qui
948 4397 1116 4464 possit
1138 4397 1224 4451 vel
1255 4399 1425 4449 furem
1455 4397 1764 4466 voluptatis,
1792 4414 1912 4468 quae
1937 4406 2019 4453 est
2047 4400 2098 4453 in
2128 4401 2372 4467 paradiso
2390 4441 2407 4467 ,

823 4487 1043 4557 dignum
1073 4486 1269 4543 facere.
1302 4488 1511 4543 Etenim
1535 4504 1656 4544 cum
1685 4491 1995 4559 publicanos
2017 4501 2069 4545 et
2098 4494 2411 4546 meretrices

824 4576 1197 4635 introducebat
1227 4582 1278 4635 in
1307 4596 1529 4650 regnum
1554 4582 1808 4637 czelorum
1828 4625 1843 4649 ,
1875 4566 1981 4638 non
2009 4582 2284 4648 dedecori,
2315 4582 2410 4636 scd

824 4670 1016 4726 honori
1046 4670 1099 4726 id
1121 4682 1259 4738 erat,
1291 4673 1578 4728 ostendens
1608 4673 1914 4743 hujusmodi
1959 4690 2080 4731 esse
2126 4676 2409 4730 Dominum

823 4760 978 4829 regni
1027 4759 1319 4824 caelorum.
1376 4762 1466 4831 qui
1516 4764 1826 4819 meretrices
1876 4774 1930 4819 et
1978 4767 2290 4834 publicanos
2336 4766 2411 4821 ita

822 4852 1149 4921 spectabiles
1175 4853 1395 4917 faceret,
1432 4865 1489 4908 ut
1516 4853 1660 4924 digni
1688 4854 1999 4911 viderentur
2032 4858 2159 4910 tanti
2193 4857 2411 4912 honoris

822 4952 877 4996 et
907 4944 1165 4998 muneris.
1194 4942 1654 5011 Quemadmodum
1685 4944 1827 5000 enim
1856 4944 2121 5000 medicum
2152 4956 2278 5001 tunc
2300 4963 2412 5000 ma-

821 5034 967 5089 xime
1008 5036 1284 5101 miramur,
1315 5050 1436 5091 cum
1480 5036 1727 5090 videmus
1753 5052 1875 5091 eum
1928 5036 2173 5091 homines
2200 5038 2411 5091 incura-

822 5126 1023 5181 bilibus
1049 5126 1252 5180 morbis
1282 5126 1585 5182 laborantes
1610 5129 1678 5182 ab
1710 5129 2027 5199 aégritudine
2074 5128 2325 5196 liberare,
2357 5138 2409 5183 et

822 5218 1039 5273 sanitati
1084 5219 1411 5273 restituere:
1462 5219 1533 5272 ita
1572 5228 1627 5273 et
1666 5218 1937 5275 Christum
1981 5222 2160 5275 mirari
2205 5222 2407 5289 justum

824 5318 927 5371 cst,
955 5324 1076 5365 cum
1105 5310 1420 5365 insanabilia
1447 5321 1597 5366 curat
1625 5312 1844 5366 vulnera
1866 5354 1880 5377 ,
1908 5327 2030 5367 cum
2063 5313 2403 5381 publicanum

822 5409 879 5453 et
904 5403 1243 5456 meretricem
1285 5402 1339 5456 in
1368 5412 1570 5457 tantam
1620 5403 1901 5456 sanitatem
1942 5404 2165 5469 reducit,
2192 5414 2249 5458 ut
2278 5409 2408 5461 caelo

820 5490 967 5561 digni
1002 5491 1299 5547 videantur.
1334 5494 1535 5564 Ecquid
1569 5503 1775 5549 tantum
1816 5493 1939 5550 fecit
1966 5494 2121 5561 latro,
2154 5498 2363 5567 inquies
2390 5540 2404 5564 ,

823 5591 882 5635 ut
909 5590 1029 5651 post
1053 5596 1266 5638 crucem
1296 5585 1602 5652 paradisum
1630 5587 1700 5641 sit
1726 5586 1995 5657 adeptus?
2026 5588 2186 5643 Visne
2214 5597 2271 5643 ut
2300 5591 2407 5644 vir-

823 5683 990 5729 tutem
1018 5676 1136 5744 ejus
1165 5675 1399 5731 breviter
1423 5677 1834 5736 demonstrem?
1864 5682 1996 5736 Cum
2028 5681 2218 5737 Petrus
2247 5698 2409 5752 nega-

823 5765 914 5820 bat
944 5766 1100 5834 infra,
1148 5777 1275 5825 tunc
1304 5768 1393 5824 ille
1419 5784 1581 5839 supra
1620 5773 1993 5829 conﬁtebatur.
2036 5773 2151 5829 Non
2189 5774 2404 5830 Petrum

825 5860 1075 5917 incusans
1104 5861 1217 5919 haec
1247 5862 1390 5929 dico,
1416 5862 1592 5931 absit;
1619 5864 1713 5921 sed
1748 5864 1971 5922 latronis
1998 5866 2403 5938 magnanimita-

1569 440 1624 497 S.
1653 441 1931 500 JOANNIS
1959 446 2429 508 CllRYSOSTOMI
2469 454 2789 513 ARCHIEP.
2817 457 3347 518 CONSTANTINOP.

3989 462 4093 519 $03

2522 570 2628 618 tem
2676 566 2933 625 exhibere
2980 570 3186 627 volens.
3244 564 3542 642 Discipulos
3590 572 3864 632 vilissrma:
3910 580 4102 649 puellm

2522 654 2695 709 minas
2722 672 2831 712 non
2854 658 2994 726 tulit,
3026 660 3163 716 latro
3189 672 3367 717 autem
3394 661 3582 717 videns
3613 664 3868 735 populum
3893 676 4100 734 totum,

2516 740 2989 817 circumstantem,
3014 750 3359 817 clamantem,
3388 752 3746 822 blasphemias
3783 762 3839 809 et
3878 755 4102 812 dicteria

2512 834 2864 907 jaculantem,
2897 857 3003 898 non
3033 847 3260 901 attendit
3290 848 3421 911 illis,
3454 862 3562 902 non
3588 846 3841 917 cogitavit
3864 863 4097 917 praesen-

2518 932 2627 980 tcm
2669 930 2907 987 cruciﬁxi
2958 935 3233 1000 vilitatem,
3274 938 3367 992 sed
3400 939 3520 994 ﬁdei
3566 938 3733 993 oculis
3772 937 3887 993 hazc
3922 942 4099 995 omnia

2517 1027 2955 1089 pmtemunens,
2981 1027 3158 1081 missis
3180 1028 3281 1083 illis
3299 1030 3489 1085 vilibus
3510 1030 3923 1101 impedimentis,
3940 1045 4101 1102 agno-

2517 1110 2592 1163 vit
2612 1110 2865 1166 calorum
2911 1114 3220 1185 Dominum,
3250 1130 3304 1175 et
3337 1122 3403 1175 ad
3435 1123 3606 1192 ipsum
3636 1123 3814 1179 animo
3850 1140 4097 1194 procoru-

2520 1199 2651 1256 bons
2671 1200 2919 1260 dicebat:
2951 1206 3206 1264 Memento
3245 1213 3372 1278 mei,
3406 1213 3639 1279 Domine,
3677 1232 3791 1270 cum
3822 1218 4016 1270 ueneris
4047 1218 4099 1270 in

2519 1307 2728 1361 regnum
2748 1302 2887 1347 tuum
2909 1294 3062 1368 (Luc.
3084 1300 3177 1354 25.
3198 1302 3312 1373 42).
3332 1303 3409 1359 Ne
3424 1305 3682 1361 latronem
3712 1307 3872 1375 hunc,
3893 1322 4096 1377 qua‘so.

2520 1393 3007 1454 praetercurramus,
3059 1406 3231 1461 neque
3271 1409 3367 1449 nos
3413 1398 3606 1465 pudeat
3650 1412 3773 1454 eam
3823 1400 4099 1455 doctorem

2517 1476 2787 1562 accipere,
2815 1494 2974 1548 quem
3009 1479 3267 1539 Dominus
3296 1497 3479 1541 noster
3503 1505 3607 1543 non
3633 1492 3844 1546 erubuit
3869 1492 4097 1562 primum
4130 1486 4133 1489 ’

2519 1561 2770 1619 inducere
2798 1564 2852 1618 in
2878 1566 3182 1635 paradisum
3214 1586 3227 1621 :
3262 1586 3329 1624 ne
3366 1574 3747 1631 erubescamus
3790 1561 4096 1648 magistrum

2515 1655 2761 1725 accipere
2806 1671 2960 1723 eum,
2986 1660 3071 1727 qui
3113 1669 3238 1714 ante
3277 1663 3576 1718 universam
3623 1678 3862 1722 naturam
3907 1668 4097 1736 dignus

2515 1748 2762 1816 apparuit
2795 1750 3215 1806 conversationis
3262 1752 3400 1822 ejus,
3428 1770 3546 1824 qua:
3587 1756 3637 1809 in
3668 1759 3812 1813 c.elis
3846 1770 3929 1815 est
3956 1776 3972 1813 :
4002 1760 4095 1814 scd

2514 1838 2718 1909 singula
2746 1849 2992 1895 accurate
3018 1844 3369 1910 excutiamus,
3398 1856 3454 1901 nt
3504 1850 3679 1904 crucis
3717 1852 3967 1906 virtutem
4008 1852 4092 1905 di-

2512 1942 2745 1984 scamus.
2792 1929 2908 1985 Non
2947 1930 3079 1987 dixit
3118 1934 3200 1999 ei,
3224 1937 3664 2006 quemadmodum
3704 1941 3861 1996 Petro
3898 1960 3913 1996 :
3969 1941 4097 1996 Veni

2513 2028 2625 2089 post
2636 2036 2734 2086 me,
2753 2030 2801 2074 et
2814 2021 3001 2091 faciam
3019 2033 3066 2077 te
3082 2026 3380 2095 piscatorem
3392 2028 3648 2083 hominum
3664 2031 3876 2100 (Matth.
3892 2034 3944 2086 4.
3964 2031 4055 2101 19)
4077 2050 4093 2086 :

2511 2125 2618 2166 non
2657 2110 2793 2167 dixit
2833 2114 2908 2182 ei,
2952 2124 3013 2171 ut
3047 2126 3102 2173 et
3144 2118 3250 2173 illis
3296 2119 3598 2185 duodecim,
3647 2122 3895 2176 Sedebitis
3939 2138 4094 2191 super

2512 2199 2720 2257 thronos
2762 2203 3031 2259 duodecim
3075 2206 3364 2279 judicantes
3412 2210 3679 2265 duodecim
3726 2211 3883 2265 tribus
3928 2209 4094 2265 Israel

2512 2286 2735 2361 (Matth.
2764 2289 2845 2345 l9.
2867 2288 3119 2360 28):imo
3134 2304 3201 2345 ne
3220 2293 3388 2350 verbo
3434 2299 3648 2369 quidem
3692 2299 3863 2368 ipsum
3913 2300 4097 2370 digna:

2514 2391 2599 2436 tus
2644 2392 2729 2438 est
2758 2400 2773 2437 :
2806 2399 2913 2440 non
2970 2386 3289 2442 miraculum
3327 2388 3559 2442 ostendit
3599 2428 3616 2452 ,
3671 2402 3775 2442 non
3816 2401 4091 2443 mortuum

2514 2473 2606 2530 ille
2632 2477 2945 2532 suscitatum
2979 2478 3133 2543 vidit,
3163 2493 3267 2533 non
3304 2478 3486 2548 pulsos
3511 2478 3799 2541 daemonas,
3828 2495 3933 2535 non
3965 2482 4094 2537 obe-

2514 2565 2670 2621 diens
2696 2582 2845 2624 mare
2876 2568 3043 2623 vidit:
3078 2584 3183 2623 non
3213 2569 3360 2622 illum
3390 2568 3457 2623 de
3483 2584 3650 2639 regno
3672 2570 3923 2625 caelorum
3953 2573 4089 2625 allo-

2512 2666 2713 2727 qnutus
2736 2666 2839 2726 est,
2872 2674 2978 2713 non
3007 2658 3074 2714 de
3099 2659 3375 2729 gelnenna;
3406 2671 3459 2714 et
3487 2669 3663 2715 tamen
3702 2660 3788 2717 ille
3818 2672 3943 2717 ante
3970 2677 4093 2717 om-

2514 2762 2613 2804 nes
2652 2749 2823 2819 ipsum
2874 2748 3149 2805 confessus
3192 2758 3297 2817 est,
3326 2750 3482 2822 idque
3530 2752 3676 2805 socio
3717 2752 4089 2808 conviciante:

2514 2841 2911 2897 conviciabatur
2946 2844 3089 2897 enim
3115 2842 3165 2897 ei
3190 2843 3328 2898 latro
3362 2845 3518 2899 alter.
3549 2844 3757 2900 Etenim
3796 2847 3933 2900 alius
3960 2862 4095 2915 quo-

2513 2947 2618 3001 que
2648 2932 2782 2986 latro
2809 2932 3097 2988 cruciﬁxus
3122 2948 3244 2987 cum
3272 2948 3339 2988 eo
3363 2943 3499 2997 erat,
3528 2945 3583 2988 ut
3607 2935 3914 3003 impleretur
3936 2936 4089 3000 illud,

2515 3020 2659 3076 Inter
2701 3022 2901 3092 iniquos
2941 3032 3197 3094 reputatus
3241 3034 3314 3079 est
3353 3023 3503 3094 (Isai.
3546 3026 3637 3081 55.
3682 3025 3789 3096 12).
3831 3025 4095 3080 Volebant

2513 3114 2656 3170 enim
2692 3114 2917 3185 gloriam
2947 3119 3064 3184 ejus
3102 3116 3389 3171 obscurare
3427 3115 3616 3182 Judaei,
3649 3124 3704 3171 et
3741 3116 4094 3187 undeqnaque

2511 3205 2609 3271 iis.
2660 3222 2781 3278 qua:
2841 3208 3165 3278 agebantur,
3220 3208 3578 3273 insultabant;
3632 3224 3815 3264 verum
3860 3212 4094 3281 undique

2512 3301 2709 3355 veritas
2768 3298 3054 3369 fulgebat,
3116 3308 3173 3354 et
3240 3315 3337 3370 per
3396 3301 3507 3370 ipsa
3561 3300 3936 3371 impedimenta
3997 3317 4095 3355 au.

2511 3391 2753 3461 gebatur.
2817 3390 3227 3446 Conviciabatur
3276 3406 3405 3463 ergo
3459 3392 3507 3446 ei
3593 3391 3729 3445 latro
3779 3394 3936 3446 alter.
4005 3392 4096 3445 Vi-

2512 3480 2636 3537 den‘
2650 3482 2935 3546 latronem,
2970 3492 3026 3537 et
3068 3481 3368 3537 latronem?
3406 3482 3563 3537 ambo
3604 3481 3657 3536 in
3702 3497 3887 3545 cruce.
3932 3484 4096 3537 ambo

2514 3587 2581 3629 ex
2608 3573 2716 3628 vita
2751 3572 3089 3643 pmdatoﬁa,
3119 3573 3276 3628 ambo
3296 3587 3325 3627 a
3357 3573 3624 3643 nequitia;
3653 3572 3745 3627 sed
3794 3587 3898 3626 non
3932 3573 4095 3627 ambo

2514 3663 2569 3718 in
2597 3662 2823 3719 iisdem:
2852 3663 2988 3719 alius
3030 3664 3172 3719 enim
3202 3679 3425 3735 regnum
3462 3664 3713 3719 calorum
3750 3664 3801 3717 in
3828 3661 4096 3717 heredita-

2515 3761 2623 3808 tem
2652 3754 2891 3824 accepit,
2921 3753 3058 3809 alius
3083 3755 3135 3808 in
3163 3754 3464 3826 gehennam
3503 3753 3700 3808 missus
3740 3762 3844 3809 est.
3888 3752 4093 3807 Eodem

2516 3845 2675 3901 modo
2699 3854 2753 3901 et
2775 3844 3023 3901 hesterna
3051 3845 3136 3901 die
3172 3846 3415 3916 discipuli
3448 3854 3503 3900 et
3518 3844 3830 3913 discipulus,
3857 3842 4021 3898 ludas
4040 3854 4095 3898 et

2514 3936 2794 4003 undecim;
2823 3936 2919 3992 sed
2956 3936 3031 3991 illi
3063 3937 3279 4007 quidem
3319 3935 3587 3998 dicebant.
3622 3934 3720 3990 Ubi
3759 3936 3831 3989 vis
3859 3952 4093 4003 paremus

2482 4020 2487 4025 ’
2516 4029 2605 4082 tibi
2632 4027 2892 4082 comedere
2916 4026 3119 4081 Pascha
3144 4028 3169 4080 ?
3200 4027 3285 4081 hic
3310 4040 3439 4081 vero
3466 4025 3817 4095 proditionem
3848 4027 4090 4095 parabat,

2515 4129 2570 4175 et
2612 4119 2821 4175 dicebat
2860 4137 2873 4173 :
2910 4118 3044 4184 Quid
3084 4119 3238 4171 vultis
3280 4118 3577 4183 mihidare,
3603 4126 3651 4170 et
3678 4133 3770 4188 ego
3816 4119 3952 4172 vobis
3981 4130 4087 4172 tra-

2514 4212 2634 4265 dam
2656 4208 2997 4279 eum(Mattlt.
3020 4207 3205 4261 26.17.
3226 4216 3271 4261 et
3290 4209 3403 4278 l5)?
3426 4208 3501 4262 illi
3527 4208 3739 4278 quidem
3764 4209 3828 4265 ad
3851 4212 4093 4267 ministe-

2513 4304 2652 4357 rium
2681 4299 3023 4368 divinamque
3063 4299 3442 4369 mystagogiam
3479 4312 3599 4353 sese
3626 4301 3979 4369 apparabant,
4009 4306 4095 4358 hic

2514 4404 2646 4445 vero
2670 4388 2738 4443 ad
2784 4387 3113 4457 prodeundum
3160 4388 3461 4443 festinabat.
3503 4387 3578 4443 ita
3612 4398 3667 4443 et
3695 4405 3834 4446 nunc
3875 4392 4011 4449 latro
4040 4409 4094 4449 et

2517 4482 2676 4546 latro,
2717 4480 2811 4536 sed
2838 4481 2927 4535 ille
2969 4480 3183 4551 quidem
3229 4481 3589 4544 conviciatur,
3620 4480 3707 4536 hic
3742 4481 3927 4539 adorat
3958 4504 3972 4539 :
4006 4487 4096 4541 ille

2518 4572 2877 4643 blaSphemat,
2906 4572 2993 4627 hic
3018 4572 3304 4640 benedicit,
3339 4581 3394 4627 et
3420 4571 3873 4642 blasphemantem
3917 4578 4091 4631 incre-

2518 4677 2607 4737 pat
2629 4667 2710 4723 his
2730 4667 2927 4735 verbis,
2961 4666 3138 4738 Neque
3152 4676 3207 4721 tu
3230 4667 3374 4720 times
3400 4664 3563 4719 Deum
3579 4666 3605 4719 .9
3629 4683 3745 4722 nam
3772 4668 3927 4741 digna
3946 4673 4097 4740 factis

2516 4761 2783 4827 recipimus
2808 4760 2959 4831 (Luc.
2990 4759 3083 4815 25.
3116 4759 3205 4814 40.
3236 4756 3349 4827 ﬂ).

2587 4856 2639 4910 5.
2687 4854 2875 4909 Vidisti
2921 4853 3168 4909 ﬁduciam
3216 4849 3477 4905 latronis?
3518 4850 3691 4907 vidisti
3745 4852 3990 4908 ﬁduciam
4042 4857 4098 4905 in

2515 4946 2707 5003 cruce?
2724 4946 2900 5003 vidisti
2923 4942 3309 5016 philosophiam
3333 4943 3383 4996 in
3406 4944 3681 5014 supplicio,
3695 4956 3747 5001 et
3767 4947 4017 5015 pietatem
4042 4945 4097 4997 in

2516 5040 2792 5096 cruciatu?
2818 5038 2969 5109 Quod
2995 5037 3139 5093 enim
3170 5034 3271 5091 sibi
3301 5048 3555 5104 przesens,
3573 5052 3677 5092 non
3703 5047 3883 5093 mente
3909 5051 4096 5091 exces-

2516 5132 2646 5185 serit
2671 5131 2837 5185 clavis
2863 5126 3103 5184 conﬁxus
3124 5166 3138 5191 ,
3173 5124 3290 5195 quis
3315 5140 3419 5179 non
3447 5128 3691 5197 stupeat?
3720 5128 3811 5183 llle
3838 5141 3967 5181 vero
3988 5142 4095 5179 non

2516 5222 2675 5278 modo
2698 5230 2879 5277 mente
2906 5216 3213 5280 constabat,
3241 5215 3335 5270 sed
3362 5218 3605 5280 omnibus
3626 5220 3739 5274 suis
3763 5216 3963 5273 relictis
3981 5256 3995 5278 ,
4028 5216 4099 5269 de

2514 5315 2740 5371 aliorum
2770 5314 2933 5370 rebus
2952 5309 3191 5371 curabat,
3220 5308 3406 5365 doctor
3431 5310 3484 5365 in
3510 5327 3670 5368 cruce
3697 5312 3887 5371 factus,
3916 5309 4095 5359 incre-

2514 5421 2754 5477 pansque
2779 5406 2863 5461 his
2888 5403 3065 5459 verbis
3098 5417 3111 5453 :
3150 5398 3323 5471 Neque
3350 5411 3401 5455 tu
3422 5405 3562 5458 times
3588 5401 3788 5457 Deum?
3815 5399 3891 5453 Nc
3917 5405 4096 5449 atten-

2514 5499 2631 5563 das,
2665 5497 2871 5567 inquit,
2902 5493 2969 5548 ad
2999 5490 3218 5548 inferius
3244 5492 3345 5550 hoc
3368 5494 3629 5549 tribunal:
3658 5499 3740 5545 est
3767 5486 3909 5542 aliud
3928 5486 4092 5554 judex

2515 5590 2817 5654 invisibilis,
2855 5594 2937 5641 est
2980 5586 3335 5655 incorruptum
3377 5586 3623 5641 tribunal.
3654 5582 3731 5636 Ne
3773 5588 3825 5634 te
3863 5589 4095 5643 moveat,

2514 5681 2653 5752 quod
2683 5680 2816 5734 infra
2846 5676 3226 5732 condemnatus
3254 5680 3323 5734 sit
3357 5697 3371 5734 :
3399 5693 3518 5732 nam
3556 5684 3784 5743 superna
3829 5683 3935 5722 non
3973 5681 4096 5724 sunt

2518 5769 2841 5842 hujusmodi.
2867 5768 2922 5822 In
2946 5767 3047 5822 hoc
3067 5770 3260 5840 quippe
3283 5779 3495 5823 terreno
3516 5760 3764 5821 tribunali
3786 5759 3910 5827 justi
3936 5775 4036 5827 qua
4049 5780 4112 5814 n-

2519 5861 2696 5933 doque
2734 5861 3077 5927 damnantur,
3106 5872 3159 5917 ct
3184 5861 3361 5930 lujusti
3393 5868 3601 5929 poenam
3630 5850 3912 5921 etl'ugiunt;
3946 5851 4102 5902 noxis
