4432 6724
409 449 506 506 4M

410 577 528 644 ῄνει
574 573 755 630 λοιπὸν
806 577 976 638 ἀδεῶς
1019 572 1415 644 προσεύχεσθαι
1450 578 1747 648 πανταχοῦ,
1801 577 1974 643 λέγων

412 659 573 712 οὕτω·
637 661 934 728 Βούλομαι
967 655 1411 724 προσεύχεσθαι
1451 659 1590 726 τοὺς
1632 660 1855 726 ἄνδρας
1909 657 1980 710 ἐν

413 741 589 795 παντὶ
621 743 780 808 τόπῳ
832 740 1188 807 ἐπαίροντας
1215 740 1388 806 ὁσίας
1431 742 1648 810 χεῖρας.
1676 739 1830 804 Εἶδες
1861 739 1978 802 πῶς

413 824 688 896 ἐκαθάρθη
712 828 744 894 ἡ
775 821 1068 896 οἰκουμένη
1090 837 1104 884 ;
1134 821 1231 875 Διά
1251 823 1360 895 γάρ
1386 826 1478 878 τοῦ
1504 827 1670 880 τόπου
1703 823 1978 892 πανταχοῦ

413 909 658 979 ἐπαίρειν
697 909 884 976 χεῖρας
913 903 1064 965 ὁσίας
1091 903 1388 974 δυνάμεθα,
1413 909 1600 978 ἐπειδὴ
1629 910 1780 962 πᾶσα
1823 908 1857 976 ἠ
1905 904 1977 975 γῆ

411 992 543 1058 ἁγία
581 991 803 1058 γέγονεν
840 986 1113 1056 ἀγιωτέρα
1138 987 1246 1044 τῶν
1277 993 1448 1061 ἀγίων
1491 993 1600 1047 τῶν
1617 991 1784 1045 ἔνδον.
1833 990 1982 1043 Ἐκεῖ

417 1074 515 1143 μὲν
554 1075 660 1143 γὰρ
701 1069 1045 1141 προσηνέχθη
1095 1072 1364 1142 πρόϐατον
1400 1076 1614 1144 ἄλογον,
1645 1073 1880 1127 ἐνταῦθα
1921 1073 1979 1127 δὲ

412 1154 793 1225 πνευματικόν·
810 1153 919 1221 ὅσῳ
946 1152 1004 1205 δέ
1038 1153 1236 1223 μείζων
1261 1159 1294 1227 ἡ
1320 1157 1502 1223 θυσία,
1527 1156 1768 1227 τοσούτῳ
1781 1156 1979 1212 πλείων

413 1239 506 1291 καὶ
524 1240 552 1290 0
581 1233 868 1304 ἀγιασμός.
904 1234 1002 1288 Διά
1035 1235 1192 1292 τοῦτο
1215 1240 1375 1311 ἐορτὴ
1393 1243 1422 1294 0
1451 1240 1701 1310 σταυρός.

486 1384 549 1451 β’.
566 1375 748 1434 Βούλει
767 1379 956 1450 μαθεῖν
972 1383 1135 1438 αὐτοῦ
1157 1387 1249 1440 καὶ
1275 1388 1458 1459 ἕτερον
1487 1386 1850 1458 κατόρθωμα;
1875 1387 1981 1439 Τὸν

412 1464 739 1536 παράδεισον
774 1468 1180 1538 πεντακισχίλια
1208 1470 1303 1539 ἐτη
1333 1472 1427 1524 καὶ
1461 1469 1632 1524 πλείω
1660 1469 1981 1539 κεκλεισμέ-

411 1564 500 1600 νον
532 1547 766 1616 σήμερον
788 1549 916 1618 ἡμῖν
941 1551 1194 1623 ἠνέῳξεν.
1234 1555 1321 1607 Ἐν
1352 1553 1521 1623 ταύτῃ
1543 1553 1650 1624 γὰρ
1674 1553 1742 1621 τῇ
1775 1551 1978 1623 ἡμέρᾳ,

410 1629 471 1682 ἐν
494 1628 668 1701 ταύτῃ
704 1633 770 1701 τῇ
801 1630 939 1704 ὥρᾳ,
982 1635 1073 1687 τὸν
1101 1635 1305 1706 λῃστὴν
1332 1637 1626 1705 εἰσήγαγεν
1647 1635 1676 1687 0
1712 1634 1866 1698 Θεὸς,
1889 1634 1982 1688 δύο

414 1710 806 1782 κατορθώματα
851 1715 1246 1788 ἐργασάμενος·
1295 1718 1353 1770 ἐν
1394 1718 1514 1786 μὲν,
1541 1717 1625 1771 ὅτι
1658 1716 1982 1786 παράδεισον

410 1794 667 1864 ἡνέῳξεν,
711 1796 895 1868 ἕτερον
937 1799 1018 1861 δέ,
1069 1801 1152 1853 ὅτι
1187 1799 1386 1871 λῃστὴν
1424 1801 1704 1870 εἰσήγαγε.
1735 1797 1983 1870 Σήμερον

409 1878 688 1932 ἀπέδωκεν
713 1882 843 1951 ἡμῖν
881 1881 980 1952 τὴν
1013 1882 1244 1953 ἀρχαίαν
1263 1881 1516 1952 πατρίδα,
1541 1883 1784 1953 σήμερον
1813 1884 1981 1935 ἐπανι

410 1961 618 2029 ήγαγεν
678 1964 824 2033 ἡμᾶς
852 1965 946 2018 ἐπὶ
978 1964 1077 2036 τὴν
1117 1963 1378 2034 πατρῴαν
1427 1964 1604 2029 πόλιν,
1633 1965 1726 2017 καὶ
1758 1964 1857 2033 τὴν
1907 1965 1984 2016 0!-

411 2045 536 2098 κίαν
561 2047 850 2119 ἐχαρίσατο
877 2050 943 2119 τῇ
971 2051 1124 2119 κοινῇ
1152 2049 1260 2102 τῶν
1312 2046 1614 2119 ἀνθρώπων
1644 2046 1824 2116 φύσει·
1865 2046 1983 2112 Σή-

404 2146 591 2196 μερον
617 2131 745 2203 γάρ,
773 2131 956 2201 φησὶν,
971 2131 1099 2199 μετ’
1116 2130 1264 2200 ἐμοῦ
1279 2131 1394 2198 ἔσῃ
1418 2131 1488 2184 ἐν
1507 2129 1588 2195 τῷ
1619 2129 1980 2198 παραδείσῳ.

411 2212 476 2264 Τί
499 2213 675 2282 λέγεις
694 2232 708 2278 ;
728 2214 1072 2286 ἐσταύρωσαι
1100 2215 1195 2268 καὶ
1219 2215 1591 2286 προσήλωσαι,
1610 2213 1703 2266 καὶ¹
1733 2213 1984 2283 παράδει-

413 2313 503 2348 σον
531 2297 879 2370 ἐπαγγέλλῃ;
926 2298 1056 2361 Ναὶ,
1089 2299 1276 2369 φησὶν,
1319 2299 1405 2351 ἵνα
1438 2299 1496 2352 ἐν
1518 2296 1594 2368 τῷ
1629 2296 1848 2368 σταυρῷ
1883 2297 1981 2368 τὴν

409 2377 634 2448 δύναμιν
666 2380 762 2450 τὴν
792 2381 929 2451 ἐμὴν
969 2380 1312 2452 καταμάθῃς.
1358 2380 1574 2450 Ἐπειδὴ
1608 2379 1717 2449 γάρ
1752 2380 1812 2433 τὸ
1839 2382 1982 2451 πρά-

413 2477 528 2530 γμα
564 2462 885 2532 σκυθρωπὸν
932 2458 1020 2534 ἦν,
1058 2463 1144 2516 ἵνα
1177 2463 1251 2533 μὴ
1293 2465 1359 2534 τῇ
1396 2462 1554 2531 φύσει
1597 2463 1690 2516 τοῦ
1745 2462 1982 2532 σταυροῦ

411 2545 673 2617 πρόσχῃς,
708 2545 843 2599 ἀλλά
857 2546 956 2616 τὴν
983 2544 1211 2615 δύναμιν
1241 2548 1334 2598 τοῦ
1356 2561 1486 2597 σταυ
1497 2545 1759 2615 ρουμένου
1784 2545 1981 2616 μάθῃς,

410 2627 470 2678 ἐν
494 2627 709 2698 σταυρῷ
738 2628 798 2681 τὸ
827 2628 1008 2698 θαῦμα
1036 2627 1327 2696 ἐργάζεται
1359 2626 1539 2689 τοῦτο,
1567 2626 1595 2678 0
1630 2626 1862 2697 μάλιστα
1881 2623 1993 2681 δεί-’

411 2725 600 2760 κνυσιν
642 2709 806 2763 αὐτοῦ
839 2709 937 2781 τὴν
984 2709 1158 2779 ίσχύν.
1188 2709 1263 2762 Οὐ
1286 2707 1395 2779 γάρ
1415 2709 1608 2780 νεκρὸν
1649 2709 1983 2780 ἀναστήσας,

410 2791 470 2842 οὐ
506 2790 740 2864 θαλάττῃ
776 2795 872 2848 καὶ
904 2791 1212 2866 πνεύμασιν
1246 2792 1602 2864 ἐπιτιμήσας,
1635 2793 1696 2850 οὐ
1724 2793 1982 2867 δαίμονας

410 2872 704 2940 ἀπελάσας,
728 2877 863 2931 ἀλλά
897 2877 1318 2950 σταυρούμενος,
1349 2878 1811 2950 προσηλούμενος,
1834 2880 1984 2952 ὑϐρι-

411 2954 654 3027 ζόμενος,
687 2960 1099 3030 ἐμπτυόμενος,
1132 2960 1561 3031 λοιδορούμενος.
1597 2961 1980 3033 διασυρόμενος

413 3038 598 3109 ἴσχυσε
625 3043 721 3112 τὴν
742 3043 983 3116 πονηρὰν
1015 3043 1110 3098 τοῦ
1144 3043 1340 3117 λῃστοῦ
1368 3043 1606 3098 διάνοιαν
1646 3044 1981 3115 μεταθεῖναι,

411 3121 496 3176 ἴνα
523 3125 856 3197 ἑκατέρωθεν
889 3127 986 3198 τὴν
1008 3127 1236 3198 δύναμιν
1264 3127 1430 3182 αὐτοῦ
1455 3128 1592 3199 ἴδῃς.
1627 3128 1740 3196 Τήν
1773 3144 1834 3180 τε
1878 3128 1986 3199 γὰρ

411 3207 588 3260 κτίσιν
621 3209 910 3280 ἐκλόνησεν
943 3211 1178 3274 ἃπασαν,
1213 3211 1306 3263 καὶ
1329 3211 1429 3274 τὰς
1450 3212 1656 3282 πέτρας
1676 3210 1984 3283 [4030:00-

413 3289 564 3359 ρηξεν
592 3291 692 3360 τῆς
720 3291 926 3363 πέτρας
958 3309 1017 3346 τε
1053 3292 1516 3364 ἀναισθητοτέραν
1540 3293 1636 3346 τοῦ
1655 3293 1855 3367 λῃστοῦ
1883 3293 1986 3363 ψυ-

408 3371 511 3441 χὴν
549 3373 900 3430 ἐπεσπάσατο
949 3377 1046 3430 καὶ
1083 3376 1334 3448 ἐτίμησε·
1369 3374 1641 3443 Σήμερον
1695 3376 1805 3447 γὰρ
1855 3378 1985 3446 μετ’

406 3452 554 3521 ἐμοῦ
583 3458 700 3525 ἐστι
718 3458 789 3511 ἐν
810 3457 890 3524 τῷ
922 3458 1284 3526 παραδείσῳ,
1304 3459 1455 3528 φησί.
1481 3458 1673 3512 Καίτοι
1700 3458 1770 3512 τά
1797 3475 1987 3530 χερου-

410 3535 515 3605 ϐὶμ
546 3539 730 3610 ἐτήρει
769 3541 862 3596 τὸν
899 3541 1245 3612 παράδεισον·
1278 3541 1393 3595 ἀλλ’
1427 3531 1586 3603 οὗτος
1621 3543 1716 3594 καὶ
1751 3540 1861 3593 τῶν
1897 3558 1987 3610 χε-

411 3621 609 3691 ρουϐὶμ
631 3624 926 3694 Δεσπότης·
967 3624 1192 3696 φλογίνη
1239 3622 1484 3695 ρομφαία
1520 3623 1638 3676 ἐκεῖ
1665 3621 1981 3692 στρέφεται·

408 3703 522 3756 ἀλλ’
558 3705 717 3769 αὐτὸς
740 3707 836 3760 καὶ
864 3706 1063 3776 φλογὸς
1093 3707 1186 3760 καὶ
1209 3707 1435 3777 γεέννης
1457 3705 1553 3759 καὶ
1591 3704 1740 3774 ζωῆς
1768 3705 1863 3758 καὶ
1886 3703 1984 3757 θα-

408 3788 568 3841 νάτου
613 3790 859 3854 ἐξουσίαν
904 3790 1039 3860 ἔχει.
1082 3790 1275 3844 Καίτοι
1305 3806 1370 3857 γε
1399 3789 1652 3859 βασιλεὺς
1684 3789 1861 3853 οὐδεὶς
1916 3791 1982 3844 ἀν

410 3887 537 3922 ποτε
569 3873 854 3942 ἀνάσχοιτο
881 3871 1083 3946 λῃστὴν
1111 3872 1420 3944 ἄνθρωπον,
1446 3872 1478 3943 ἦ
1509 3873 1697 3942 ἕτερόν
1724 3889 1847 3926 τινα
1873 3871 1981 3926 τῶν

407 3952 712 4022 ὁμοδούλων
746 3957 865 4025 μεθ’
887 3954 1081 4009 ἐαυτοῦ
1099 3955 1348 4018 καθίσας,
1376 3954 1549 4019 οὕτως
1577 3958 1656 4019 εἰς
1683 3955 1838 4009 πόλιν
1864 3958 1983 4010 εἰσ-

408 4040 654 4103 αγαγεῖν.
692 4037 829 4091 Ἀλλ’
857 4039 886 4091 0
918 4039 1152 4109 Χριστὸς
1187 4038 1346 4090 τοῦτο
1387 4037 1630 4108 ἐποίησε,
1658 4040 1750 4091 καὶ
1778 4040 1858 4102 είς
1884 4040 1983 4110 τὴν

410 4119 563 4188 ίεράν
586 4121 964 4192 εἰσερχόμενος
995 4122 1248 4193 πατρίδα,
1285 4122 1404 4193 μεθ’
1443 4123 1637 4177 ἐαυτοῦ
1663 4123 1755 4177 τὸν
1781 4124 1986 4195 λῃστὴν

408 4203 636 4270 εἰσάγει,
664 4206 726 4259 οὐ
778 4204 1104 4259 καταπατῶν
1133 4205 1222 4258 τὸν
1249 4205 1597 4277 παράδεισον,
1639 4206 1761 4260 οὐδέ
1787 4224 1985 4262 καται-

410 4287 618 4356 σχύνων
655 4290 769 4351 τοῖς
804 4289 934 4342 ποσὶ
981 4288 1075 4342 τοῦ
1121 4288 1344 4361 λῃστοῦ,
1394 4291 1533 4343 ἀλλά
1569 4290 1770 4360 μᾶλλον
1808 4290 1984 4361 τιμῶν

407 4370 500 4422 τὸν
540 4371 884 4440 παράδεισον·
925 4373 1058 4443 τιμὴ
1099 4372 1208 4444 γὰρ
1243 4374 1598 4443 παραδείσου,
1640 4375 1701 4427 τὸ
1743 4374 1983 4427 τοιοῦτον

409 4453 550 4522 ἔχειν
595 4453 879 4524 δεσπότην,
939 4455 1016 4519 ὡς
1066 4456 1162 4510 zeal
1203 4455 1404 4527 λῃστὴν
1434 4455 1581 4520 ἀξιον
1621 4457 1844 4525 ποιῆσαι
1881 4455 1982 4524 τῆς

407 4536 619 4604 τρυφῆς
643 4535 744 4605 τῆς
765 4537 824 4588 ἐν
848 4537 926 4608 τῷ
964 4538 1297 4610 παραδείσῳ.
1342 4537 1450 4592 Καὶ
1487 4539 1595 4609 γάρ
1627 4539 1716 4590 ὅτε
1743 4536 1980 4599 τελώνας

409 4618 503 4670 καὶ
531 4618 733 4688 πόρνας
760 4618 1053 4689 εισήγαγεν
1074 4623 1154 4686 είς
1168 4621 1266 4693 τὴν
1296 4622 1571 4692 βασιλείαν
1587 4620 1693 4672 τῶν
1714 4619 1979 4692 οὐρανῶν,

409 4701 507 4754 οὐκ
532 4703 814 4771 ἀτιμάζων
850 4702 1008 4756 τοῦτο
1031 4706 1228 4769 ἐποίει,
1251 4705 1387 4760 ἀλλά
1425 4704 1625 4775 μᾶλλον
1653 4703 1834 4774 ἐτίμα,
1869 4702 1980 4755 δει-

411 4787 543 4846 κνὺς
575 4783 918 4846 ὅτιτοιοῦτός
940 4786 1088 4840 ἐστιν
1116 4789 1145 4840 0
1172 4788 1376 4858 Κύριος
1405 4789 1504 4857 τῆς
1543 4787 1821 4856 βασιλείας
1873 4785 1981 4839 τῶν

407 4867 671 4937 οὐρανῶν,
695 4867 770 4930 ώς
799 4868 896 4920 καλ⁹
933 4869 1138 4939 πόρνας
1166 4874 1258 4926 καλ⁵
1287 4871 1522 4935 τελώνας
1546 4872 1718 4935 οὓτως
1746 4871 1982 4942 ἐργάσα-

411 4949 535 5003 σθαι
555 4949 828 5020 δοκίμους,
852 4951 929 5013 ὡς
975 4953 1157 5017 ἀξίους
1193 4957 1427 5025 φανῆναι
1469 4958 1569 5026 τῆς
1610 4956 1790 5008 ἐκεῖσε
1821 4953 1983 5023 τιμῆς

409 5033 501 5084 καὶ
521 5031 747 5102 δωρεᾶς.
778 5033 1043 5103 Καθάπερ
1072 5039 1180 5106 γάρ
1221 5039 1402 5107 ἰατρὸν
1432 5041 1553 5092 τότε
1596 5039 1827 5110 μάλιστα
1854 5039 1984 5090 θαυ-

413 5116 676 5186 μάζομεν,
703 5117 830 5170 ὅταν
871 5116 1069 5187 ῖδωμεν
1098 5120 1416 5188 ἀνθρώπους
1452 5124 1645 5176 ἀνίατα
1689 5123 1984 5191 παθήματα

409 5199 630 5269 ἔχοντας
646 5199 1061 5255 ἀπαλλάττοντα
1083 5203 1181 5272 τῆς
1197 5205 1507 5274 ἀρρωστίας
1533 5207 1630 5260 καὶ
1645 5208 1780 5278 πρὸς
1803 5205 1984 5275 ὑγείαν

408 5285 769 5352 ἐπανάγοντα·
807 5284 950 5338 οὕτω
994 5286 1089 5338 καὶ
1131 5286 1220 5339 τὸν
1267 5287 1501 5358 Χριστὸν
1555 5288 1858 5359 θαυμάζειν
1909 5290 1986 5342 δί-

407 5387 584 5435 καιον,
615 5371 742 5424 ὅταν
769 5369 1060 5441 τραύματα
1093 5369 1288 5423 ἀνίατα
1331 5369 1633 5441 θεραπεύῃ,
1667 5375 1797 5427 ὅταν
1817 5373 1987 5428 τελώ-

409 5472 505 5524 νην
535 5456 629 5508 καὶ
654 5453 861 5525 πόρνην
895 5455 976 5518 είς
999 5453 1268 5523 τοσαύτην
1298 5454 1485 5522 ὑγείαν
1526 5456 1872 5528 ἐπαναγάγῃ,
1911 5459 1985 5522 ὡς

407 5537 591 5604 ἀξίους
619 5539 896 5609 ἀποφῆναι
918 5537 1027 5591 τῶν
1055 5536 1324 5609 οὐρανῶν.
1356 5537 1466 5591 Καὶ
1487 5537 1540 5590 τί
1575 5539 1815 5592 τοιοῦτον
1837 5543 1865 5594 0
1886 5541 1986 5613 λῃ-

409 5623 541 5696 στὴς
574 5624 904 5689 ἐπεδείξατο,
938 5622 1124 5693 φησὶν,
1162 5623 1248 5676 ἵνα
1293 5621 1623 5691 παραδείσου
1664 5622 1802 5693 τύχῃ
1848 5627 1987 5692 μετά

410 5709 641 5777 σταυρόν
661 5726 675 5775 ;
695 5708 882 5763 Βούλει
912 5707 1193 5776 συντόμως
1221 5705 1361 5758 εἰπω
1389 5705 1487 5776 τὴν
1504 5704 1754 5771 ἀνδρείαν
1782 5705 1946 5759 αὐτοῦ
1969 5724 1982 5767 ;

411 5788 537 5840 Ὅτε
563 5791 766 5863 Πέτρος
789 5795 1066 5865 ἠρνήσατο
1100 5790 1272 5852 κάτω,
1305 5788 1425 5842 τότε
1456 5789 1660 5850 ἐκεῖνος
1697 5787 1838 5853 ώφολ
1857 5788 1983 5858 {vara-

408 5884 499 5923 σεν
527 5872 659 5927 ἄνω.
693 5876 987 5928 Καὶταῦτα
1017 5877 1077 5930 οὐ
1107 5874 1198 5929 τοῦ
1232 5873 1438 5944 Πέτρο.,ι
1470 5892 1528 5920 γυ-
1550 5893 1596 5923 ιτ
1822 5906 1828 5916 -ν
1851 5903 1858 5919 ι»
1899 5895 1956 5918 m-

1367 443 1456 504 DE
1494 447 1718 510 (ἶΠοοΕ
1756 453 1844 510 ET
1883 447 2229 508 LATRONE.
2269 444 2499 510 HOMIL.
2538 455 2578 510 l.

3548 458 3647 519 ιω

2083 571 2158 642 μὴ
2186 573 2413 641 γένοιτο,
2447 576 2582 629 ἀλλά
2619 575 2711 628 τοῦ
2742 575 2942 647 λῃστοῦ
2975 573 3075 646 τὴν
3116 575 3522 646 μεγαλοψυχίαν
3542 579 3647 633 δεῖ·

2080 656 2168 721 ξαι
2219 656 2557 728 βουλόμενος.
2623 660 2680 712 Ὀ
2716 658 2963 728 μαθητὴς
3012 658 3242 728 ἀπειλὴν
3266 659 3366 711 οὐκ
3423 659 3652 730 ἧνεγκεν

2080 739 2331 804 εὐτελοῦς
2363 742 2642 813 κορασίου·
2675 743 2704 794 0
2731 741 2787 794 δὲ
2830 739 3033 812 λῃστὴς
3067 740 3207 812 ὁρῶν
3249 741 3422 812 δῆμον
3441 742 3658 814 ὀλόκλη-

2084 838 2177 892 ρον
2227 824 2592 892 περιεστῶτα,
2630 822 2858 892 βοῶντα,
2902 821 3247 894 μαινόμενον,
3306 825 3651 895 βλασφημίας

2079 905 2175 956 καὶ
2209 905 2520 976 σκώμματα
2547 905 2976 972 ἐξακοντίζοντα,
2993 905 3056 959 οὐ
3074 907 3372 977 προσέσχεν
3400 909 3651 973 ἐκείνοις,

2079 987 2181 1040 οὐκ
2211 988 2460 1056 ἐνενόησε
2491 985 2588 1060 τὴν
2626 991 2959 1061 φαινομένην
2985 987 3259 1044 εὐτέλειαν
3284 991 3379 1045 τοῦ
3397 1009 3652 1063 σταυρου·

2083 1067 2270 1139 μένου,
2321 1069 2461 1124 ἀλλά
2516 1074 2630 1136 τοῖς
2682 1073 2783 1141 τῆς
2817 1073 3054 1136 πίστεως
3111 1071 3408 1143 ὀφθαλμοῖς
3444 1074 3652 1129 ἅπαντα

2079 1151 2252 1206 ταῦτα
2281 1151 2679 1224 παραδραμὼν,
2697 1154 2792 1207 καὶ
2819 1154 2888 1206 τὰ
2904 1155 3136 1209 ταπεινά
3158 1154 3458 1226 κωλύματα
3471 1157 3652 1226 ἀφεὶς,

2080 1234 2295 1302 ἐπέγνω
2319 1236 2412 1289 τὸν
2445 1235 2557 1288 τῶν
2589 1235 2837 1307 οὐρανῶν
2870 1237 3169 1308 Δεσπότην,
3204 1237 3299 1291 καὶ
3318 1237 3469 1307 αὐτῷ
3489 1255 3646 1308 προσ-

2081 1317 2261 1370 πεσὼν
2294 1317 2802 1386 ἐλεγε·Μνήσθητί
2825 1336 2966 1388 μου,
2998 1321 3191 1388 Κύριε,
3218 1321 3363 1374 ὅταν
3390 1321 3653 1391 ἕλθῃςέν

2081 1399 2156 1468 τῇ
2177 1401 2468 1469 βασιλείᾳ
2494 1420 2632 1457 σου.
2655 1402 2746 1474 Μὴ
2772 1402 2836 1474 δὴ
2871 1403 3318 1474 παραδράμωμεν
3353 1405 3538 1468 ἀπλῶς
3566 1406 3654 1460 τὸν

2083 1482 2283 1553 λῃστὴν
2307 1484 2517 1548 τοῦτον,
2569 1486 2703 1555 μηδὲ
2742 1484 3193 1556 ἐπαισχυνθῶμεν
3224 1486 3536 1541 διδάσκαλον
3563 1489 3653 1542 λα-

2085 1563 2218 1630 ϐεῖν,
2240 1564 2300 1617 ὃν
2331 1567 2431 1618 οὐκ
2463 1567 2775 1637 ἐπῃσχύνθη
2803 1570 2832 1621 0
2863 1568 3141 1638 Δεσπότης
3163 1570 3191 1622 0
3216 1569 3481 1640 ἡμέτερος
3509 1571 3649 1640 πρῶ-

2083 1664 2174 1700 τον
2195 1649 2506 1718 εἰσαγαγεῖν
2536 1651 2614 1713 είς
2649 1650 2741 1702 τὸν
2782 1651 3126 1720 παράδεισον·
3161 1651 3235 1721 μὴ
3282 1651 3654 1722 ἐπαισχυνθῶ-

2087 1747 2186 1798 μεν
2222 1731 2542 1786 διδάσκαλον
2590 1733 2775 1787 λαϐεῖν
2821 1733 3104 1803 ἄνθρωπον
3152 1734 3258 1803 πρὸ
3297 1735 3394 1804 τῆς
3443 1735 3656 1804 φύσεως

2082 1815 2300 1885 ἀπάσης
2315 1815 2463 1881 ἀξιον
2479 1817 2715 1886 φανέντα
2741 1817 2842 1886 τῆς
2871 1815 3144 1879 πολιτείας
3164 1816 3262 1885 τῆς
3277 1818 3336 1869 ἐν
3363 1820 3474 1880 τοῖς
3491 1819 3655 1889 οὐρα-

2083 1900 2216 1959 νοῖς,
2253 1898 2390 1952 ἀλλὰ
2417 1901 2478 1952 τὸ
2498 1900 2622 1953 καθ’
2655 1901 2885 1953 ἕκαστον
2899 1897 3144 1969 ἀκριϐῶς
3171 1898 3535 1968 ἐξετάσωμεν,
3571 1901 3658 1954 ῖνα

2088 1980 2348 2051 μάθωμεν
2373 1982 2470 2034 τοῦ
2521 1983 2758 2052 σταυροῦ
2791 1983 2892 2053 τὴν
2918 1983 3167 2053 δύναμιν.
3209 1983 3323 2036 οὐκ
3361 1977 3484 2035 εἷπε
3522 1985 3657 2055 πρὸς

2085 2063 2266 2126 αὐτὸν,
2294 2063 2543 2135 καθάπερ
2571 2065 2708 2135 πρὸς
2732 2065 2822 2118 τὸν
2853 2064 3078 2134 Πέτρον·
3097 2061 3276 2133 Δεῦρο
3305 2066 3496 2118 ὀπίσω
3515 2084 3656 2135 μου,

2084 2144 2447 2232 καὶΑποιήσω
2476 2162 2550 2199 σε
2587 2145 2763 2232 ἁλιέα
2810 2145 3154 2232 ἀνθρώπεν·
3186 2145 3308 2232 οὐδέ
3350 2142 3476 2232 εἶπεΔ
3523 2148 3658 2218 πρὸς

2083 2229 2264 2292 αὐτὸν,
2299 2228 2552 2300 καθάπερ
2604 2229 2742 2300 πρὸς
2773 2228 2900 2292 τοὺς
2946 2227 3179 2292 δώδεκα,
3212 2229 3294 2281 ὃτι
3327 2230 3659 2284 Καθίσεσθε

2080 2312 2177 2365 ἐπὶ
2207 2307 2432 2366 δώδεκα
2467 2312 2721 2379 θρόνους
2750 2312 3058 2379 κρίνοντες
3080 2309 3188 2377 τὰς
3215 2309 3444 2365 δώδεκα
3461 2313 3659 2382 φυλὰς

2082 2393 2188 2447 τοῦ
2235 2394 2495 2462 Ἰσραήλ·
2533 2393 2735 2463 μᾶλλον
2785 2393 2841 2446 δὲ
2882 2393 3001 2446 ούδέ
3051 2395 3293 2464 ῥήματος
3333 2394 3495 2447 αὐτὸν
3524 2395 3659 2457 ὅλως

2084 2477 2333 2545 ἠξίωσεν·
2365 2479 2424 2530 οὐ
2465 2477 2652 2546 θαῦμα
2705 2477 2926 2543 ἔδειξεν,
2973 2477 3034 2529 οὐ
3074 2476 3265 2546 νεκρὸν
3306 2477 3660 2546 ἀνιστάμενον

2085 2560 2366 2624 ἐθεάσατο,
2401 2562 2462 2612 οὐ
2495 2561 2756 2629 δαίμονας
2783 2560 3274 2629 ἀπελαυνομένους·
3306 2559 3366 2611 οὐ
3391 2559 3662 2614 θάλατταν

2086 2636 2224 2693 εἶδεν
2253 2641 2663 2705 ὑπακούσασαν,
2683 2641 2744 2694 οὐ
2779 2642 2908 2713 περὶ
2927 2640 3201 2710 βασιλείας
3227 2640 3376 2710 αὐτῷ
3412 2658 3464 2694 τι
3485 2637 3662 2706 εἶπεν,

2085 2725 2144 2776 οὐ
2175 2723 2304 2794 περὶ⁵
2335 2723 2580 2794 γεέννης·
2615 2725 2709 2778 καὶ
2735 2724 2842 2788 πρὸ
2876 2725 3094 2778 πάντων
3119 2723 3286 2777 αὐτὸν
3317 2723 3660 2794 ὡμολόγησε,

2085 2805 2404 2874 καὶταῦτα,
2447 2805 2540 2864 τοῦ
2584 2807 2774 2882 ἑτέρου
2825 2806 3212 2881 λοιδοροῦντος·
3255 2804 3508 2877 ἐλοιδόρει
3557 2808 3663 2879 γὰρ

2085 2894 2246 2946 αὐτὸν
2267 2895 2298 2947 0
2321 2893 2478 2956 ἀλλος
2505 2893 2732 2965 λῃστής.
2761 2892 2870 2946 Καὶ
2902 2891 3012 2963 γάρ
3047 2892 3141 2945 καὶ
3167 2889 3327 2955 ἄλλος
3359 2889 3565 2964 λῃστὴς
3591 2887 3663 2961 ἦν

2085 2976 2496 3046 ἐσταυρωμένος
2544 2977 2661 3045 μετ’
2706 2972 2897 3040 αὐτοῦ,
2926 2974 3012 3028 ἵνα
3040 2973 3302 3046 πληρωθῇ
3350 2976 3546 3039 ἐκεῖνο,
3581 2977 3664 3029 ὅτι

2099 3059 2201 3113 Ἑν
2223 3057 2374 3130 [006]
2401 3057 2527 3123 τοῖς
2565 3057 2812 3125 ἀνόμοις
2856 3057 3166 3126 ἐλογίσθη.
3210 3056 3524 3112 Ἐϐούλοντο
3556 3057 3666 3128 ⁸ίάρ

2086 3141 2181 3194 καὶ
2205 3141 2304 3212 τὴν
2333 3138 2492 3205 δόξαν
2527 3136 2694 3192 αὐτοῦ
2721 3137 2996 3192 διαϐαλεῖν
3023 3140 3073 3190 οί
3120 3138 3382 3205 Ἰουδαῖοι,
3412 3141 3504 3193 καὶ
3527 3158 3666 3194 παν-

2085 3223 2316 3294 ταχόθεν
2346 3221 2651 3295 ἐπηρέαζον
2668 3223 2782 3284 τοῖς
2801 3221 3124 3290 γινομένοις·
3166 3221 3302 3276 ἀλλὰ
3329 3224 3664 3294 πανταχόθεν

2085 3306 2382 3374 διέλαμπεν
2410 3307 2443 3376 ή
2465 3303 2708 3374 ἀλήθεια,
2735 3304 2830 3358 καὶ
2855 3303 3048 3375 ηὔξετο
3072 3304 3160 3358 διὰ
3197 3303 3304 3358 τῶν
3321 3305 3662 3375 κωλυμάτωισ

2086 3389 2286 3443 αὐτῶν.
2333 3387 2620 3458 Ἐλοιδόρει
2656 3385 2836 3440 τοίνυν
2865 3385 3028 3439 αὐτὸν
3055 3387 3084 3440 0
3127 3387 3288 3451 ἀλλος
3319 3387 3544 3460 λῃστής.
3581 3385 3663 3442 Εἷ-

2085 3472 2174 3537 δες
2201 3469 2401 3542 λῃστὴν
2427 3471 2522 3524 καὶ
2547 3470 2778 3541 λῃστήν;
2809 3469 3106 3540 ἀμφότεροι
3137 3471 3195 3522 ἐν
3218 3471 3456 3541 σταυρῷ,
3483 3471 3666 3541 ἀμφό..

2087 3571 2236 3625 τεροι
2255 3554 2364 3607 ἀπὸ
2393 3552 2508 3622 βίου
2537 3551 2854 3624 λῃστρικοῦ,
2897 3552 3200 3623 ἀμφότεροι
3242 3553 3351 3607 ἀπὸ
3378 3556 3665 3626 πονηρίας·

2085 3636 2200 3689 ἀλλ’
2227 3637 2327 3689 οὐκ
2365 3635 2664 3705 ἀμφότεροι
2705 3636 2762 3686 ἐν
2797 3635 2910 3695 τοῖς
2939 3634 3144 3696 αὐτοῖς,
3181 3634 3296 3687 ἀλλ’
3323 3637 3352 3688 0
3379 3637 3481 3705 μέν
3510 3639 3667 3707 βασι-

2085 3719 2234 3772 λείαν
2279 3716 2740 3788 ἐκληρονόμησεν,
2785 3722 2815 3774 ὸ
2869 3715 2927 3769 δέ
2981 3717 3062 3780 εἰς
3111 3717 3334 3785 γέενναν
3367 3719 3664 3790 ἐπέμπετο.

2084 3800 2242 3855 Οὕτω
2299 3802 2393 3855 καὶ
2441 3799 2586 3869 χθές·
2657 3797 2898 3869 μαθηταὶ
2969 3800 3064 3852 καὶ
3131 3800 3400 3872 μαθητὴς,
3465 3805 3666 3868 Ἰούδας

2086 3884 2181 3939 καὶ
2207 3886 2258 3936 οἱ
2279 3883 2492 3936 ἕνδεκα·
2529 3882 2645 3936 ἀλλ’
2685 3884 2885 3936 ἐκεῖνοι
2926 3881 3026 3953 μὲν
3069 3882 3276 3951 ἔλεγον·
3318 3885 3443 3939 Ποῦ
3471 3886 3668 3952 θέλεις

2084 3965 2492 4036 ἑτοιμάσωμέν
2512 3981 2612 4019 σοι
2639 3964 2852 4036 φαγεῖν
2878 3965 2946 4018 τὸ
2983 3964 3202 4035 Πάσχα
3221 3981 3240 4031 ;
3260 3959 3418 4030 οὗτος
3449 3967 3509 4021 δέ
3532 3987 3669 4040 προ-

2085 4049 2269 4104 δοσίαν
2301 4050 2745 4118 παρεσκευάζετο
2771 4049 2866 4103 καὶ
2899 4049 3068 4118 ἔλεγε·
3114 4050 3174 4103 Τί
3189 4050 3394 4104 θέλετέ
3411 4067 3514 4121 μοι
3533 4052 3669 4106 δοῦ-

2085 4149 2204 4190 ναι,
2236 4131 2399 4201 κὰγ-ὼ
2436 4131 2579 4199 ὑμῖν
2625 4130 2958 4197 παραδώσω
2994 4134 3217 4196 αὐτόν;
3268 4135 3508 4187 κάκεῖνοι
3571 4135 3669 4208 μὲν

2087 4215 2223 4288 πρὸς
2238 4215 2511 4268 διακονίαν
2531 4213 2922 4286 ηὐτρεπίζοντο
2947 4215 3040 4269 καὶ
3065 4217 3165 4286 τὴν
3198 4217 3350 4270 Θείαν
3379 4234 3668 4288 μυσταγω-

2085 4300 2232 4367 γίαν,
2253 4295 2407 4363 οὗτος
2432 4299 2488 4350 δὲ
2506 4298 2642 4368 πρὸς
2672 4297 2734 4350 τὸ
2762 4299 3052 4368 προδοῦναι
3082 4299 3359 4354 ἔσπευδεν.
3393 4299 3550 4354 Οὕτω
3576 4303 3671 4354 καὶ

2085 4381 2320 4434 ἐνταῦθα
2339 4381 2540 4452 λῃστὴς
2561 4382 2656 4435 καὶ
2693 4381 2927 4454 λῃστής·
2964 4383 3080 4435 ἀλλ’
3101 4385 3130 4436 0
3162 4384 3260 4455 μὲν
3285 4383 3537 4454 λοιδορεῖ,
3567 4386 3670 4439 όδὲ

2085 4467 2400 4534 προσκυνεῖ·
2433 4464 2525 4518 καὶ
2557 4465 2586 4517 0
2627 4464 2726 4534 μὲν
2761 4464 3093 4536 βλασφημεῖ,
3121 4468 3149 4520 0
3191 4467 3247 4520 δὲ
3279 4468 3535 4538 εὐφημεῖ,
3576 4469 3671 4523 καὶ

2083 4545 2176 4599 τὸν
2210 4545 2424 4616 βλασφη
2433 4547 2638 4616 μοῦντα
2653 4548 2996 4618 ἐπιστομίζει
3018 4550 3212 4618 λέγων·
3231 4550 3382 4604 οὐδὲ
3397 4551 3553 4620 φοϐῇ
3583 4551 3668 4605 σὺ

2085 4630 2193 4683 τὸν
2247 4632 2432 4696 Θεόν;
2482 4631 2622 4696 ἀξια
2662 4631 2772 4701 τὰρ
2819 4625 2908 4686 ὧν
2951 4633 3294 4703 ἐπράξαμεν
3331 4635 3670 4704 ἀπολαμϐά-

2084 4730 2288 4782 νομεν.

2149 4876 2218 4938 γ’.
2259 4864 2413 4933 Εἶδες
2451 4869 2764 4942 παρρησίαν
2802 4868 3033 4941 λῃστοῦς
3078 4865 3217 4933 εἶδες
3256 4869 3568 4942 παρρησίαν
3609 4873 3670 4926 ἐν

2087 4953 2303 5024 σταυρῷ
2322 4971 2337 5019 ;
2359 4948 2495 5015 εἶδες
2515 4952 2830 5022 φιλοσοφίαν
2847 4954 2906 5005 ἐν
2921 4952 3181 5022 τιμωρίᾳ,
3205 4954 3299 5006 καὶ
3313 4955 3594 5008 εὐλάϐειαν
3609 4957 3669 5008 ἐν

2086 5036 2342 5101 κολάσει;
2376 5037 2499 5089 Ὀτι
2525 5035 2634 5106 γὰρ
2663 5036 2720 5089 ἐν
2746 5035 2924 5107 ἐαυτῷ
2944 5031 3033 5106 ἦν,
3059 5037 3142 5089 ὅτι
3171 5037 3373 5108 φρένας
3414 5034 3668 5108 εἶχε,τῶν

2083 5119 2230 5188 ἥλων
2279 5119 2430 5188 αὐτῷ
2459 5120 2926 5192 ἐμπεπαρμένων,
2973 5119 3057 5181 τίς
3108 5120 3206 5172 οὐκ
3231 5119 3296 5172 ἂν
3330 5120 3626 5189 ἐκπλαγείη
3647 5155 3665 5185 ,

2098 5204 2156 5254 'U
2178 5202 2235 5256 δὲ
2259 5203 2320 5255 οὐ
2356 5202 2516 5274 μόνον
2549 5205 2606 5257 ἐν
2630 5203 2810 5275 ἐαυτῷ
2829 5201 2918 5276 ἦν,
2951 5203 3086 5258 ἀλλὰ
3119 5204 3212 5256 καὶ
3229 5202 3295 5254 τά
3323 5198 3443 5254 καθ’
3472 5203 3667 5256 ἐαυτὸν

2084 5285 2265 5350 ἀφεὶς,
2292 5285 2362 5341 τά
2380 5287 2488 5339 τῶν
2514 5286 2688 5341 ἀλλων
2719 5287 3020 5357 ἐφρόντιζε,
3042 5283 3358 5347 διδάσκαλος
3375 5287 3433 5337 ἐν
3449 5285 3669 5357 σταυρῷ

2086 5368 2392 5438 γινόμενος,
2419 5370 2514 5423 καὶ
2535 5370 2803 5440 ἐπιτιμῶν
2838 5369 2930 5422 καὶ
2961 5368 3152 5434 λέγων·
3194 5367 3347 5422 Οὐδὲ
3383 5368 3541 5438 φοϐῇ
3584 5388 3665 5423 συ

2087 5452 2194 5507 τὸν
2220 5455 2402 5518 Θεόν;
2433 5454 2524 5524 Μὴ
2549 5455 2802 5526 πρόσεχε,
2849 5452 3000 5522 φησὶ,
3029 5452 3107 5521 τῷ
3135 5453 3284 5506 κάτω
3306 5454 3663 5524 δικαστηρίῳ·

2088 5539 2234 5592 ἐστιν
2258 5537 2442 5608 ἕτερος
2456 5539 2649 5610 κριτὴς
2672 5539 2920 5608 ἀόρατος,
2939 5536 3086 5588 ἐστιν
3107 5537 3404 5590 ἀδέκαστον
3415 5538 3670 5604 δικαστή-

2092 5639 2224 5694 ριον.
2267 5620 2361 5690 Μὴ
2397 5623 2577 5674 τοίνυν
2623 5622 2758 5692 ἴδῃς,
2799 5621 2880 5672 ὅτι
2926 5620 3222 5690 κατεκρίθη
3262 5621 3432 5674 κάτω·
3457 5622 3526 5674 τά
3559 5620 3669 5691 γάρ

2455 5704 2476 5714 υ

2089 5709 2198 5760 ἅνω
2226 5705 2284 5756 οὔ
2328 5704 2567 5755 τοιαῦτα)
2608 5702 2833 5757 ἐχῖχίῖῖα
2871 5703 2966 5754 ’.αὶ-,ι
3001 5704 3064 5744 "’-
