  <div class='ocr_page' id='page_1' title='image "/cluster/home/n/w/nwhite01/storage/ocr_20150623/49/hvd.32044025239823/398.png"; bbox 0 0 4432 6700; ppageno 0'>
   <div class='ocr_carea' id='block_1_1' title="bbox 370 492 473 547">
    <p class='ocr_par' dir='ltr' id='par_1_1' title="bbox 370 492 473 547">
     <span class='ocr_line' id='line_1_1' title="bbox 370 492 473 547; baseline -0.019 0"><span class='ocrx_word' id='word_1_1' title='bbox 370 492 473 547; x_wconf 62' lang='grc'><strong>405</strong></span> 
     </span>
    </p>
   </div>
   <div class='ocr_carea' id='block_1_2' title="bbox 368 603 1941 693">
    <p class='ocr_par' dir='ltr' id='par_1_2' title="bbox 368 603 1941 693">
     <span class='ocr_line' id='line_1_2' title="bbox 368 603 1941 693; baseline 0.013 -37"><span class='ocrx_word' id='word_1_2' title='bbox 368 603 724 677; x_wconf 90' lang='lat' dir='ltr'><strong>dimittuntur,</strong></span> <span class='ocrx_word' id='word_1_3' title='bbox 752 622 806 667; x_wconf 88' lang='lat' dir='ltr'><strong>et</strong></span> <span class='ocrx_word' id='word_1_4' title='bbox 844 613 1044 670; x_wconf 77' lang='lat' dir='ltr'><strong>innoxii</strong></span> <span class='ocrx_word' id='word_1_5' title='bbox 1086 616 1393 672; x_wconf 80' lang='lat' dir='ltr'><strong>afficiuntur</strong></span> <span class='ocrx_word' id='word_1_6' title='bbox 1420 623 1697 693; x_wconf 89' lang='lat' dir='ltr'><strong>supplicio.</strong></span> <span class='ocrx_word' id='word_1_7' title='bbox 1736 626 1941 679; x_wconf 81' lang='lat' dir='ltr'><strong>Etenim</strong></span> 
     </span>
    </p>
   </div>
   <div class='ocr_carea' id='block_1_3' title="bbox 364 696 1947 783">
    <p class='ocr_par' dir='ltr' id='par_1_3' title="bbox 364 696 1947 783">
     <span class='ocr_line' id='line_1_3' title="bbox 364 696 1947 783; baseline 0.013 -34"><span class='ocrx_word' id='word_1_8' title='bbox 364 696 591 765; x_wconf 89' lang='lat' dir='ltr'><strong>judices,</strong></span> <span class='ocrx_word' id='word_1_9' title='bbox 611 702 773 758; x_wconf 89' lang='lat' dir='ltr'><strong>velint</strong></span> <span class='ocrx_word' id='word_1_10' title='bbox 801 705 986 770; x_wconf 91' lang='lat' dir='ltr'><strong>nolint,</strong></span> <span class='ocrx_word' id='word_1_11' title='bbox 1014 707 1066 759; x_wconf 93' lang='lat' dir='ltr'><strong>in</strong></span> <span class='ocrx_word' id='word_1_12' title='bbox 1088 707 1269 760; x_wconf 89' lang='lat' dir='ltr'><strong>multis</strong></span> <span class='ocrx_word' id='word_1_13' title='bbox 1297 722 1545 777; x_wconf 82' lang='lat' dir='ltr'><strong>peccant;</strong></span> <span class='ocrx_word' id='word_1_14' title='bbox 1576 714 1835 783; x_wconf 82' lang='lat' dir='ltr'><strong>siquidem</strong></span> <span class='ocrx_word' id='word_1_15' title='bbox 1866 717 1947 770; x_wconf 92' lang='lat' dir='ltr'><strong>vel</strong></span> 
     </span>
    </p>
   </div>
   <div class='ocr_carea' id='block_1_4' title="bbox 366 786 1947 874">
    <p class='ocr_par' dir='ltr' id='par_1_4' title="bbox 366 786 1947 874">
     <span class='ocr_line' id='line_1_4' title="bbox 366 786 1947 874; baseline 0.014 -34"><span class='ocrx_word' id='word_1_16' title='bbox 366 786 453 853; x_wconf 81' lang='lat' dir='ltr'><strong>jus</strong></span> <span class='ocrx_word' id='word_1_17' title='bbox 480 790 781 860; x_wconf 77' lang='lat' dir='ltr'><strong>ignorantes</strong></span> <span class='ocrx_word' id='word_1_18' title='bbox 809 805 865 851; x_wconf 90' lang='lat' dir='ltr'><strong>et</strong></span> <span class='ocrx_word' id='word_1_19' title='bbox 890 796 1120 864; x_wconf 85' lang='lat' dir='ltr'><strong>decepti,</strong></span> <span class='ocrx_word' id='word_1_20' title='bbox 1150 798 1232 851; x_wconf 83' lang='lat' dir='ltr'><strong>vel</strong></span> <span class='ocrx_word' id='word_1_21' title='bbox 1278 801 1423 868; x_wconf 88' lang='lat' dir='ltr'><strong>gnari</strong></span> <span class='ocrx_word' id='word_1_22' title='bbox 1463 803 1700 872; x_wconf 88' lang='lat' dir='ltr'><strong>quidem,</strong></span> <span class='ocrx_word' id='word_1_23' title='bbox 1733 804 1827 859; x_wconf 87' lang='lat' dir='ltr'><strong>sed</strong></span> <span class='ocrx_word' id='word_1_24' title='bbox 1853 821 1947 874; x_wconf 90' lang='lat' dir='ltr'><strong>pe-</strong></span> 
     </span>
    </p>
   </div>
   <div class='ocr_carea' id='block_1_5' title="bbox 370 884 1948 967">
    <p class='ocr_par' dir='ltr' id='par_1_5' title="bbox 370 884 1948 967">
     <span class='ocr_line' id='line_1_5' title="bbox 370 884 1948 967; baseline 0.013 -33"><span class='ocrx_word' id='word_1_25' title='bbox 370 884 529 941; x_wconf 88' lang='lat' dir='ltr'><strong>cunia</strong></span> <span class='ocrx_word' id='word_1_26' title='bbox 552 889 785 956; x_wconf 86' lang='lat' dir='ltr'><strong>corrupti</strong></span> <span class='ocrx_word' id='word_1_27' title='bbox 808 902 994 941; x_wconf 90' lang='lat' dir='ltr'><strong>verum</strong></span> <span class='ocrx_word' id='word_1_28' title='bbox 1024 888 1284 943; x_wconf 85' lang='lat' dir='ltr'><strong>calculum</strong></span> <span class='ocrx_word' id='word_1_29' title='bbox 1307 893 1677 961; x_wconf 89' lang='lat' dir='ltr'><strong>prodiderunt.</strong></span> <span class='ocrx_word' id='word_1_30' title='bbox 1709 895 1948 967; x_wconf 87' lang='lat' dir='ltr'><strong>Superne</strong></span> 
     </span>
    </p>
   </div>
   <div class='ocr_carea' id='block_1_6' title="bbox 367 978 1947 1056">
    <p class='ocr_par' dir='ltr' id='par_1_6' title="bbox 367 978 1947 1056">
     <span class='ocr_line' id='line_1_6' title="bbox 367 978 1947 1056; baseline 0.011 -30"><span class='ocrx_word' id='word_1_31' title='bbox 367 982 544 1029; x_wconf 87' lang='lat' dir='ltr'><strong>autem</strong></span> <span class='ocrx_word' id='word_1_32' title='bbox 587 991 743 1033; x_wconf 88' lang='lat' dir='ltr'><strong>secus</strong></span> <span class='ocrx_word' id='word_1_33' title='bbox 773 995 790 1033; x_wconf 90' lang='lat'><strong>:</strong></span> <span class='ocrx_word' id='word_1_34' title='bbox 822 978 962 1031; x_wconf 88' lang='lat' dir='ltr'><strong>Deus</strong></span> <span class='ocrx_word' id='word_1_35' title='bbox 1005 978 1146 1032; x_wconf 91' lang='lat' dir='ltr'><strong>enim</strong></span> <span class='ocrx_word' id='word_1_36' title='bbox 1182 980 1344 1048; x_wconf 79' lang='lat' dir='ltr'><strong>judex</strong></span> <span class='ocrx_word' id='word_1_37' title='bbox 1384 983 1579 1051; x_wconf 92' lang='lat' dir='ltr'><strong>justus,</strong></span> <span class='ocrx_word' id='word_1_38' title='bbox 1611 998 1664 1039; x_wconf 89' lang='lat' dir='ltr'><strong>et</strong></span> <span class='ocrx_word' id='word_1_39' title='bbox 1694 987 1947 1056; x_wconf 87' lang='lat' dir='ltr'><strong>judicium</strong></span> 
     </span>
    </p>
   </div>
   <div class='ocr_carea' id='block_1_7' title="bbox 368 1067 1949 1149">
    <p class='ocr_par' dir='ltr' id='par_1_7' title="bbox 368 1067 1949 1149">
     <span class='ocr_line' id='line_1_7' title="bbox 368 1067 1949 1149; baseline 0.011 -33"><span class='ocrx_word' id='word_1_40' title='bbox 368 1078 486 1135; x_wconf 84' lang='lat' dir='ltr'><strong>ejus</strong></span> <span class='ocrx_word' id='word_1_41' title='bbox 508 1068 659 1135; x_wconf 90' lang='lat' dir='ltr'><strong>quasi</strong></span> <span class='ocrx_word' id='word_1_42' title='bbox 686 1069 772 1122; x_wconf 77' lang='lat' dir='ltr'><strong>lus</strong></span> <span class='ocrx_word' id='word_1_43' title='bbox 800 1067 1121 1136; x_wconf 80' lang='lat' dir='ltr'><strong>egredietur,</strong></span> <span class='ocrx_word' id='word_1_44' title='bbox 1148 1086 1253 1124; x_wconf 93' lang='lat' dir='ltr'><strong>non</strong></span> <span class='ocrx_word' id='word_1_45' title='bbox 1288 1074 1540 1138; x_wconf 83' lang='lat' dir='ltr'><strong>tenebris,</strong></span> <span class='ocrx_word' id='word_1_46' title='bbox 1574 1092 1677 1130; x_wconf 89' lang='lat' dir='ltr'><strong>non</strong></span> <span class='ocrx_word' id='word_1_47' title='bbox 1705 1079 1949 1149; x_wconf 89' lang='lat' dir='ltr'><strong>ignoran-</strong></span> 
     </span>
    </p>
   </div>
   <div class='ocr_carea' id='block_1_8' title="bbox 371 1156 1948 1229">
    <p class='ocr_par' dir='ltr' id='par_1_8' title="bbox 371 1156 1948 1229">
     <span class='ocr_line' id='line_1_8' title="bbox 371 1156 1948 1229; baseline 0.006 -19"><span class='ocrx_word' id='word_1_48' title='bbox 371 1157 441 1211; x_wconf 89' lang='lat' dir='ltr'><strong>tia</strong></span> <span class='ocrx_word' id='word_1_49' title='bbox 472 1156 895 1211; x_wconf 86' lang='lat' dir='ltr'><strong>obscurantibus.</strong></span> <span class='ocrx_word' id='word_1_50' title='bbox 941 1158 1147 1212; x_wconf 84' lang='lat' dir='ltr'><strong>Etenim</strong></span> <span class='ocrx_word' id='word_1_51' title='bbox 1175 1176 1241 1215; x_wconf 87' lang='lat' dir='ltr'><strong>ne</strong></span> <span class='ocrx_word' id='word_1_52' title='bbox 1264 1161 1497 1229; x_wconf 87' lang='lat' dir='ltr'><strong>diceret,</strong></span> <span class='ocrx_word' id='word_1_53' title='bbox 1528 1181 1648 1221; x_wconf 91' lang='lat' dir='ltr'><strong>eum</strong></span> <span class='ocrx_word' id='word_1_54' title='bbox 1681 1169 1813 1223; x_wconf 88' lang='lat' dir='ltr'><strong>infra</strong></span> <span class='ocrx_word' id='word_1_55' title='bbox 1851 1171 1948 1222; x_wconf 84' lang='lat' dir='ltr'><strong>da-</strong></span> 
     </span>
    </p>
   </div>
   <div class='ocr_carea' id='block_1_9' title="bbox 374 1248 1941 1325">
    <p class='ocr_par' dir='ltr' id='par_1_9' title="bbox 374 1248 1941 1325">
     <span class='ocr_line' id='line_1_9' title="bbox 374 1248 1941 1325; baseline 0.01 -26"><span class='ocrx_word' id='word_1_56' title='bbox 374 1258 610 1304; x_wconf 86' lang='lat' dir='ltr'><strong>mnatum</strong></span> <span class='ocrx_word' id='word_1_57' title='bbox 650 1248 833 1313; x_wconf 89' lang='lat' dir='ltr'><strong>fuisse,</strong></span> <span class='ocrx_word' id='word_1_58' title='bbox 861 1249 929 1304; x_wconf 86' lang='lat' dir='ltr'><strong>ad</strong></span> <span class='ocrx_word' id='word_1_59' title='bbox 957 1265 1245 1318; x_wconf 83' lang='lat' dir='ltr'><strong>snpernum</strong></span> <span class='ocrx_word' id='word_1_60' title='bbox 1281 1256 1505 1311; x_wconf 88' lang='lat' dir='ltr'><strong>tribunal</strong></span> <span class='ocrx_word' id='word_1_61' title='bbox 1536 1259 1680 1315; x_wconf 92' lang='lat' dir='ltr'><strong>illum</strong></span> <span class='ocrx_word' id='word_1_62' title='bbox 1710 1263 1941 1325; x_wconf 82' lang='lat' dir='ltr'><strong>deduxit,</strong></span> 
     </span>
    </p>
   </div>
   <div class='ocr_carea' id='block_1_10' title="bbox 371 1336 1949 1415">
    <p class='ocr_par' dir='ltr' id='par_1_10' title="bbox 371 1336 1949 1415">
     <span class='ocr_line' id='line_1_10' title="bbox 371 1336 1949 1415; baseline 0.01 -26"><span class='ocrx_word' id='word_1_63' title='bbox 371 1336 782 1392; x_wconf 73' lang='lat' dir='ltr'><strong>commonefecit</strong></span> <span class='ocrx_word' id='word_1_64' title='bbox 810 1338 951 1394; x_wconf 90' lang='lat' dir='ltr'><strong>illius</strong></span> <span class='ocrx_word' id='word_1_65' title='bbox 978 1340 1225 1398; x_wconf 87' lang='lat' dir='ltr'><strong>horrendi</strong></span> <span class='ocrx_word' id='word_1_66' title='bbox 1256 1346 1569 1415; x_wconf 67' lang='lat' dir='ltr'><strong>tribunalis;</strong></span> <span class='ocrx_word' id='word_1_67' title='bbox 1615 1367 1676 1406; x_wconf 88' lang='lat' dir='ltr'><strong>ac</strong></span> <span class='ocrx_word' id='word_1_68' title='bbox 1719 1354 1761 1406; x_wconf 91' lang='lat' dir='ltr'><strong>si</strong></span> <span class='ocrx_word' id='word_1_69' title='bbox 1802 1352 1949 1405; x_wconf 92' lang='lat' dir='ltr'><strong>dice-</strong></span> 
     </span>
    </p>
   </div>
   <div class='ocr_carea' id='block_1_11' title="bbox 374 1430 1949 1505">
    <p class='ocr_par' dir='ltr' id='par_1_11' title="bbox 374 1430 1949 1505">
     <span class='ocr_line' id='line_1_11' title="bbox 374 1430 1949 1505; baseline 0.01 -24"><span class='ocrx_word' id='word_1_70' title='bbox 374 1440 496 1483; x_wconf 87' lang='lat' dir='ltr'><strong>ret:</strong></span> <span class='ocrx_word' id='word_1_71' title='bbox 530 1430 605 1483; x_wconf 79' lang='lat' dir='ltr'><strong>Eo</strong></span> <span class='ocrx_word' id='word_1_72' title='bbox 654 1432 894 1500; x_wconf 88' lang='lat' dir='ltr'><strong>respice,</strong></span> <span class='ocrx_word' id='word_1_73' title='bbox 933 1449 1031 1488; x_wconf 90' lang='lat' dir='ltr'><strong>nec</strong></span> <span class='ocrx_word' id='word_1_74' title='bbox 1070 1435 1424 1495; x_wconf 82' lang='lat' dir='ltr'><strong>damnationis</strong></span> <span class='ocrx_word' id='word_1_75' title='bbox 1466 1443 1729 1498; x_wconf 81' lang='lat' dir='ltr'><strong>calculum</strong></span> <span class='ocrx_word' id='word_1_76' title='bbox 1775 1444 1949 1505; x_wconf 89' lang='lat' dir='ltr'><strong>feres,</strong></span> 
     </span>
    </p>
   </div>
   <div class='ocr_carea' id='block_1_12' title="bbox 372 1523 1951 1605">
    <p class='ocr_par' dir='ltr' id='par_1_12' title="bbox 372 1523 1951 1605">
     <span class='ocr_line' id='line_1_12' title="bbox 372 1523 1951 1605; baseline 0.011 -33"><span class='ocrx_word' id='word_1_77' title='bbox 372 1536 544 1589; x_wconf 90' lang='lat' dir='ltr'><strong>neque</strong></span> <span class='ocrx_word' id='word_1_78' title='bbox 573 1523 706 1575; x_wconf 84' lang='lat' dir='ltr'><strong>infra</strong></span> <span class='ocrx_word' id='word_1_79' title='bbox 738 1526 903 1580; x_wconf 87' lang='lat' dir='ltr'><strong>stabis</strong></span> <span class='ocrx_word' id='word_1_80' title='bbox 937 1544 1056 1582; x_wconf 90' lang='lat' dir='ltr'><strong>cum</strong></span> <span class='ocrx_word' id='word_1_81' title='bbox 1088 1534 1353 1601; x_wconf 88' lang='lat' dir='ltr'><strong>corruptis</strong></span> <span class='ocrx_word' id='word_1_82' title='bbox 1375 1535 1659 1601; x_wconf 89' lang='lat' dir='ltr'><strong>judicibus,</strong></span> <span class='ocrx_word' id='word_1_83' title='bbox 1688 1536 1780 1591; x_wconf 90' lang='lat' dir='ltr'><strong>sed</strong></span> <span class='ocrx_word' id='word_1_84' title='bbox 1806 1535 1951 1605; x_wconf 90' lang='lat' dir='ltr'><strong>judi-</strong></span> 
     </span>
    </p>
   </div>
   <div class='ocr_carea' id='block_1_13' title="bbox 371 1613 1949 1696">
    <p class='ocr_par' dir='ltr' id='par_1_13' title="bbox 371 1613 1949 1696">
     <span class='ocr_line' id='line_1_13' title="bbox 371 1613 1949 1696; baseline 0.01 -29"><span class='ocrx_word' id='word_1_85' title='bbox 371 1613 513 1667; x_wconf 88' lang='lat' dir='ltr'><strong>cium</strong></span> <span class='ocrx_word' id='word_1_86' title='bbox 540 1630 766 1678; x_wconf 89' lang='lat' dir='ltr'><strong>superne</strong></span> <span class='ocrx_word' id='word_1_87' title='bbox 794 1617 955 1674; x_wconf 91' lang='lat' dir='ltr'><strong>latum</strong></span> <span class='ocrx_word' id='word_1_88' title='bbox 986 1625 1308 1691; x_wconf 84' lang='lat' dir='ltr'><strong>acceptabis.</strong></span> <span class='ocrx_word' id='word_1_89' title='bbox 1338 1626 1528 1680; x_wconf 80' lang='lat' dir='ltr'><strong>Vidisti</strong></span> <span class='ocrx_word' id='word_1_90' title='bbox 1558 1627 1949 1696; x_wconf 84' lang='lat' dir='ltr'><strong>philosophiam</strong></span> 
     </span>
    </p>
   </div>
   <div class='ocr_carea' id='block_1_14' title="bbox 371 1704 1951 1781">
    <p class='ocr_par' dir='ltr' id='par_1_14' title="bbox 371 1704 1951 1781">
     <span class='ocr_line' id='line_1_14' title="bbox 371 1704 1951 1781; baseline 0.01 -23"><span class='ocrx_word' id='word_1_91' title='bbox 371 1704 632 1759; x_wconf 80' lang='lat' dir='ltr'><strong>latronis?</strong></span> <span class='ocrx_word' id='word_1_92' title='bbox 653 1709 825 1764; x_wconf 85' lang='lat' dir='ltr'><strong>vidisti</strong></span> <span class='ocrx_word' id='word_1_93' title='bbox 849 1714 1201 1781; x_wconf 90' lang='lat' dir='ltr'><strong>prudentiam,</strong></span> <span class='ocrx_word' id='word_1_94' title='bbox 1224 1728 1277 1771; x_wconf 91' lang='lat' dir='ltr'><strong>et</strong></span> <span class='ocrx_word' id='word_1_95' title='bbox 1301 1718 1642 1772; x_wconf 83' lang='lat' dir='ltr'><strong>doctrinam?</strong></span> <span class='ocrx_word' id='word_1_96' title='bbox 1661 1718 1951 1775; x_wconf 80' lang='lat' dir='ltr'><strong>Confestim</strong></span> 
     </span>
    </p>
   </div>
   <div class='ocr_carea' id='block_1_15' title="bbox 369 1796 1948 1881">
    <p class='ocr_par' dir='ltr' id='par_1_15' title="bbox 369 1796 1948 1881">
     <span class='ocr_line' id='line_1_15' title="bbox 369 1796 1948 1881; baseline 0.012 -35"><span class='ocrx_word' id='word_1_97' title='bbox 369 1808 399 1845; x_wconf 88' lang='lat' dir='ltr'><strong>a</strong></span> <span class='ocrx_word' id='word_1_98' title='bbox 425 1809 581 1850; x_wconf 88' lang='lat' dir='ltr'><strong>cruce</strong></span> <span class='ocrx_word' id='word_1_99' title='bbox 604 1796 653 1850; x_wconf 92' lang='lat' dir='ltr'><strong>in</strong></span> <span class='ocrx_word' id='word_1_100' title='bbox 675 1800 860 1855; x_wconf 76' lang='lat' dir='ltr'><strong>ezclum</strong></span> <span class='ocrx_word' id='word_1_101' title='bbox 882 1804 1132 1858; x_wconf 87' lang='lat' dir='ltr'><strong>avolavit.</strong></span> <span class='ocrx_word' id='word_1_102' title='bbox 1160 1806 1359 1860; x_wconf 89' lang='lat' dir='ltr'><strong>Deinde</strong></span> <span class='ocrx_word' id='word_1_103' title='bbox 1380 1822 1444 1861; x_wconf 82' lang='lat' dir='ltr'><strong>ex</strong></span> <span class='ocrx_word' id='word_1_104' title='bbox 1465 1807 1753 1863; x_wconf 87' lang='lat' dir='ltr'><strong>abundanti</strong></span> <span class='ocrx_word' id='word_1_105' title='bbox 1778 1810 1948 1881; x_wconf 89' lang='lat' dir='ltr'><strong>ipsum</strong></span> 
     </span>
    </p>
   </div>
   <div class='ocr_carea' id='block_1_16' title="bbox 373 1885 1953 1967">
    <p class='ocr_par' dir='ltr' id='par_1_16' title="bbox 373 1885 1953 1967">
     <span class='ocr_line' id='line_1_16' title="bbox 373 1885 1953 1967; baseline 0.011 -27"><span class='ocrx_word' id='word_1_106' title='bbox 373 1885 652 1957; x_wconf 87' lang='lat' dir='ltr'><strong>increpans</strong></span> <span class='ocrx_word' id='word_1_107' title='bbox 681 1908 696 1944; x_wconf 89' lang='lat'><strong>:</strong></span> <span class='ocrx_word' id='word_1_108' title='bbox 728 1890 850 1946; x_wconf 83' lang='lat' dir='ltr'><strong>Non</strong></span> <span class='ocrx_word' id='word_1_109' title='bbox 874 1894 1034 1958; x_wconf 94' lang='lat' dir='ltr'><strong>times,</strong></span> <span class='ocrx_word' id='word_1_110' title='bbox 1064 1896 1290 1959; x_wconf 89' lang='lat' dir='ltr'><strong>dicebat,</strong></span> <span class='ocrx_word' id='word_1_111' title='bbox 1318 1898 1435 1967; x_wconf 84' lang='lat' dir='ltr'><strong>quia</strong></span> <span class='ocrx_word' id='word_1_112' title='bbox 1462 1899 1516 1952; x_wconf 89' lang='lat' dir='ltr'><strong>in</strong></span> <span class='ocrx_word' id='word_1_113' title='bbox 1541 1900 1714 1955; x_wconf 90' lang='lat' dir='ltr'><strong>eadem</strong></span> <span class='ocrx_word' id='word_1_114' title='bbox 1740 1902 1953 1957; x_wconf 88' lang='lat' dir='ltr'><strong>damna-</strong></span> 
     </span>
    </p>
   </div>
   <div class='ocr_carea' id='block_1_17' title="bbox 372 1980 1951 2061">
    <p class='ocr_par' dir='ltr' id='par_1_17' title="bbox 372 1980 1951 2061">
     <span class='ocr_line' id='line_1_17' title="bbox 372 1980 1951 2061; baseline 0.01 -29"><span class='ocrx_word' id='word_1_115' title='bbox 372 1980 507 2035; x_wconf 85' lang='lat' dir='ltr'><strong>tione</strong></span> <span class='ocrx_word' id='word_1_116' title='bbox 529 1997 713 2038; x_wconf 89' lang='lat' dir='ltr'><strong>sumus</strong></span> <span class='ocrx_word' id='word_1_117' title='bbox 741 1983 888 2055; x_wconf 86' lang='lat' dir='ltr'><strong>(Luc.</strong></span> <span class='ocrx_word' id='word_1_118' title='bbox 915 1988 1004 2042; x_wconf 82' lang='grc'><strong>25.</strong></span> <span class='ocrx_word' id='word_1_119' title='bbox 1035 1988 1147 2057; x_wconf 77' lang='grc'><strong>40).</strong></span> <span class='ocrx_word' id='word_1_120' title='bbox 1177 1988 1313 2054; x_wconf 84' lang='lat' dir='ltr'><strong>Quid</strong></span> <span class='ocrx_word' id='word_1_121' title='bbox 1357 1989 1457 2044; x_wconf 86' lang='lat' dir='ltr'><strong>sibi</strong></span> <span class='ocrx_word' id='word_1_122' title='bbox 1485 1992 1598 2046; x_wconf 89' lang='lat' dir='ltr'><strong>vult</strong></span> <span class='ocrx_word' id='word_1_123' title='bbox 1636 1992 1790 2059; x_wconf 90' lang='lat' dir='ltr'><strong>illud,</strong></span> <span class='ocrx_word' id='word_1_124' title='bbox 1820 1995 1951 2061; x_wconf 84' lang='lat' dir='ltr'><strong>Quia</strong></span> 
     </span>
    </p>
   </div>
   <div class='ocr_carea' id='block_1_18' title="bbox 372 2072 1944 2152">
    <p class='ocr_par' dir='ltr' id='par_1_18' title="bbox 372 2072 1944 2152">
     <span class='ocr_line' id='line_1_18' title="bbox 372 2072 1944 2152; baseline 0.01 -29"><span class='ocrx_word' id='word_1_125' title='bbox 372 2072 425 2124; x_wconf 87' lang='lat' dir='ltr'><strong>in</strong></span> <span class='ocrx_word' id='word_1_126' title='bbox 449 2072 621 2125; x_wconf 88' lang='lat' dir='ltr'><strong>eadem</strong></span> <span class='ocrx_word' id='word_1_127' title='bbox 641 2074 963 2129; x_wconf 85' lang='lat' dir='ltr'><strong>damnatione</strong></span> <span class='ocrx_word' id='word_1_128' title='bbox 981 2078 1194 2131; x_wconf 84' lang='lat' dir='ltr'><strong>sumus?</strong></span> <span class='ocrx_word' id='word_1_129' title='bbox 1219 2079 1274 2133; x_wconf 89' lang='lat' dir='ltr'><strong>lu</strong></span> <span class='ocrx_word' id='word_1_130' title='bbox 1305 2079 1491 2135; x_wconf 85' lang='lat' dir='ltr'><strong>eodem</strong></span> <span class='ocrx_word' id='word_1_131' title='bbox 1521 2097 1714 2151; x_wconf 87' lang='lat' dir='ltr'><strong>nempe</strong></span> <span class='ocrx_word' id='word_1_132' title='bbox 1745 2084 1944 2152; x_wconf 87' lang='lat' dir='ltr'><strong>suppli-</strong></span> 
     </span>
    </p>
   </div>
   <div class='ocr_carea' id='block_1_19' title="bbox 370 2162 1949 2243">
    <p class='ocr_par' dir='ltr' id='par_1_19' title="bbox 370 2162 1949 2243">
     <span class='ocr_line' id='line_1_19' title="bbox 370 2162 1949 2243; baseline 0.007 -27"><span class='ocrx_word' id='word_1_133' title='bbox 370 2162 477 2217; x_wconf 93' lang='lat' dir='ltr'><strong>cio.</strong></span> <span class='ocrx_word' id='word_1_134' title='bbox 507 2162 692 2217; x_wconf 87' lang='lat' dir='ltr'><strong>Nonne</strong></span> <span class='ocrx_word' id='word_1_135' title='bbox 720 2174 772 2217; x_wconf 91' lang='lat' dir='ltr'><strong>tu</strong></span> <span class='ocrx_word' id='word_1_136' title='bbox 796 2167 954 2220; x_wconf 91' lang='lat' dir='ltr'><strong>etiam</strong></span> <span class='ocrx_word' id='word_1_137' title='bbox 978 2182 1037 2222; x_wconf 90' lang='lat' dir='ltr'><strong>es</strong></span> <span class='ocrx_word' id='word_1_138' title='bbox 1058 2168 1110 2221; x_wconf 91' lang='lat' dir='ltr'><strong>in</strong></span> <span class='ocrx_word' id='word_1_139' title='bbox 1132 2170 1327 2225; x_wconf 84' lang='lat' dir='ltr'><strong>cruce?</strong></span> <span class='ocrx_word' id='word_1_140' title='bbox 1354 2172 1486 2226; x_wconf 92' lang='lat' dir='ltr'><strong>Dum</strong></span> <span class='ocrx_word' id='word_1_141' title='bbox 1513 2188 1642 2243; x_wconf 89' lang='lat' dir='ltr'><strong>ergo</strong></span> <span class='ocrx_word' id='word_1_142' title='bbox 1664 2174 1735 2227; x_wconf 92' lang='lat' dir='ltr'><strong>illi</strong></span> <span class='ocrx_word' id='word_1_143' title='bbox 1763 2174 1949 2228; x_wconf 89' lang='lat' dir='ltr'><strong>convi-</strong></span> 
     </span>
    </p>
   </div>
   <div class='ocr_carea' id='block_1_20' title="bbox 370 2254 1948 2331">
    <p class='ocr_par' dir='ltr' id='par_1_20' title="bbox 370 2254 1948 2331">
     <span class='ocr_line' id='line_1_20' title="bbox 370 2254 1948 2331; baseline 0.006 -24"><span class='ocrx_word' id='word_1_144' title='bbox 370 2254 547 2313; x_wconf 87' lang='lat' dir='ltr'><strong>ciaris.</strong></span> <span class='ocrx_word' id='word_1_145' title='bbox 570 2254 794 2324; x_wconf 90' lang='lat' dir='ltr'><strong>Ieipsum</strong></span> <span class='ocrx_word' id='word_1_146' title='bbox 818 2257 962 2325; x_wconf 91' lang='lat' dir='ltr'><strong>prius</strong></span> <span class='ocrx_word' id='word_1_147' title='bbox 982 2260 1211 2328; x_wconf 89' lang='lat' dir='ltr'><strong>impetis.</strong></span> <span class='ocrx_word' id='word_1_148' title='bbox 1238 2260 1694 2328; x_wconf 84' lang='lat' dir='ltr'><strong>Quemadmodum</strong></span> <span class='ocrx_word' id='word_1_149' title='bbox 1717 2264 1859 2319; x_wconf 92' lang='lat' dir='ltr'><strong>enim</strong></span> <span class='ocrx_word' id='word_1_150' title='bbox 1884 2263 1948 2331; x_wconf 90' lang='lat' dir='ltr'><strong>is,</strong></span> 
     </span>
    </p>
   </div>
   <div class='ocr_carea' id='block_1_21' title="bbox 370 2344 1950 2425">
    <p class='ocr_par' dir='ltr' id='par_1_21' title="bbox 370 2344 1950 2425">
     <span class='ocr_line' id='line_1_21' title="bbox 370 2344 1950 2425; baseline 0.009 -29"><span class='ocrx_word' id='word_1_151' title='bbox 370 2344 459 2413; x_wconf 87' lang='lat' dir='ltr'><strong>qui</strong></span> <span class='ocrx_word' id='word_1_152' title='bbox 501 2345 552 2398; x_wconf 91' lang='lat' dir='ltr'><strong>in</strong></span> <span class='ocrx_word' id='word_1_153' title='bbox 594 2348 821 2412; x_wconf 84' lang='lat' dir='ltr'><strong>peccatis</strong></span> <span class='ocrx_word' id='word_1_154' title='bbox 862 2356 963 2413; x_wconf 90' lang='lat' dir='ltr'><strong>est,</strong></span> <span class='ocrx_word' id='word_1_155' title='bbox 1005 2350 1049 2404; x_wconf 89' lang='lat' dir='ltr'><strong>si</strong></span> <span class='ocrx_word' id='word_1_156' title='bbox 1089 2351 1313 2407; x_wconf 89' lang='lat' dir='ltr'><strong>alterum</strong></span> <span class='ocrx_word' id='word_1_157' title='bbox 1352 2355 1685 2420; x_wconf 91' lang='lat' dir='ltr'><strong>criminetur,</strong></span> <span class='ocrx_word' id='word_1_158' title='bbox 1717 2356 1950 2425; x_wconf 92' lang='lat' dir='ltr'><strong>seipsum</strong></span> 
     </span>
    </p>
   </div>
   <div class='ocr_carea' id='block_1_22' title="bbox 374 2435 1954 2512">
    <p class='ocr_par' dir='ltr' id='par_1_22' title="bbox 374 2435 1954 2512">
     <span class='ocr_line' id='line_1_22' title="bbox 374 2435 1954 2512; baseline 0.009 -27"><span class='ocrx_word' id='word_1_159' title='bbox 374 2435 520 2503; x_wconf 89' lang='lat' dir='ltr'><strong>prius</strong></span> <span class='ocrx_word' id='word_1_160' title='bbox 546 2437 858 2491; x_wconf 89' lang='lat' dir='ltr'><strong>criminatur</strong></span> <span class='ocrx_word' id='word_1_161' title='bbox 887 2457 900 2492; x_wconf 93' lang='lat'>:</span> <span class='ocrx_word' id='word_1_162' title='bbox 931 2439 1009 2494; x_wconf 91' lang='lat' dir='ltr'><strong>sic</strong></span> <span class='ocrx_word' id='word_1_163' title='bbox 1035 2449 1089 2496; x_wconf 89' lang='lat' dir='ltr'><strong>et</strong></span> <span class='ocrx_word' id='word_1_164' title='bbox 1118 2441 1193 2509; x_wconf 87' lang='lat' dir='ltr'><strong>is,</strong></span> <span class='ocrx_word' id='word_1_165' title='bbox 1224 2445 1312 2512; x_wconf 90' lang='lat' dir='ltr'><strong>qui</strong></span> <span class='ocrx_word' id='word_1_166' title='bbox 1343 2445 1396 2499; x_wconf 92' lang='lat' dir='ltr'><strong>in</strong></span> <span class='ocrx_word' id='word_1_167' title='bbox 1424 2446 1727 2502; x_wconf 89' lang='lat' dir='ltr'><strong>calamitate</strong></span> <span class='ocrx_word' id='word_1_168' title='bbox 1755 2446 1954 2502; x_wconf 85' lang='lat' dir='ltr'><strong>consti-</strong></span> 
     </span>
    </p>
   </div>
   <div class='ocr_carea' id='block_1_23' title="bbox 373 2529 1951 2607">
    <p class='ocr_par' dir='ltr' id='par_1_23' title="bbox 373 2529 1951 2607">
     <span class='ocr_line' id='line_1_23' title="bbox 373 2529 1951 2607; baseline 0.008 -29"><span class='ocrx_word' id='word_1_169' title='bbox 373 2533 535 2592; x_wconf 89' lang='lat' dir='ltr'><strong>tutus,</strong></span> <span class='ocrx_word' id='word_1_170' title='bbox 571 2529 722 2582; x_wconf 81' lang='lat' dir='ltr'><strong>alteri</strong></span> <span class='ocrx_word' id='word_1_171' title='bbox 761 2531 1117 2587; x_wconf 88' lang='lat' dir='ltr'><strong>calamitatem</strong></span> <span class='ocrx_word' id='word_1_172' title='bbox 1159 2534 1291 2588; x_wconf 92' lang='lat' dir='ltr'><strong>vitio</strong></span> <span class='ocrx_word' id='word_1_173' title='bbox 1327 2536 1504 2601; x_wconf 80' lang='lat' dir='ltr'><strong>vertit,</strong></span> <span class='ocrx_word' id='word_1_174' title='bbox 1530 2538 1763 2606; x_wconf 89' lang='lat' dir='ltr'><strong>seipsum</strong></span> <span class='ocrx_word' id='word_1_175' title='bbox 1804 2538 1951 2607; x_wconf 91' lang='lat' dir='ltr'><strong>prius</strong></span> 
     </span>
    </p>
   </div>
   <div class='ocr_carea' id='block_1_24' title="bbox 375 2617 1953 2697">
    <p class='ocr_par' dir='ltr' id='par_1_24' title="bbox 375 2617 1953 2697">
     <span class='ocr_line' id='line_1_24' title="bbox 375 2617 1953 2697; baseline 0.008 -26"><span class='ocrx_word' id='word_1_176' title='bbox 375 2617 610 2673; x_wconf 87' lang='lat' dir='ltr'><strong>damnat.</strong></span> <span class='ocrx_word' id='word_1_177' title='bbox 657 2622 786 2686; x_wconf 83' lang='lat' dir='ltr'><strong>Quia</strong></span> <span class='ocrx_word' id='word_1_178' title='bbox 817 2624 868 2676; x_wconf 91' lang='lat' dir='ltr'><strong>in</strong></span> <span class='ocrx_word' id='word_1_179' title='bbox 894 2625 1066 2678; x_wconf 88' lang='lat' dir='ltr'><strong>eadem</strong></span> <span class='ocrx_word' id='word_1_180' title='bbox 1095 2626 1419 2681; x_wconf 84' lang='lat' dir='ltr'><strong>damnatione</strong></span> <span class='ocrx_word' id='word_1_181' title='bbox 1445 2644 1637 2681; x_wconf 88' lang='lat' dir='ltr'><strong>sumus.</strong></span> <span class='ocrx_word' id='word_1_182' title='bbox 1686 2629 1953 2697; x_wconf 87' lang='lat' dir='ltr'><strong>Apostoli-</strong></span> 
     </span>
    </p>
   </div>
   <div class='ocr_carea' id='block_1_25' title="bbox 374 2711 1951 2787">
    <p class='ocr_par' dir='ltr' id='par_1_25' title="bbox 374 2711 1951 2787">
     <span class='ocr_line' id='line_1_25' title="bbox 374 2711 1951 2787; baseline 0.01 -26"><span class='ocrx_word' id='word_1_183' title='bbox 374 2723 491 2762; x_wconf 91' lang='lat' dir='ltr'><strong>cam</strong></span> <span class='ocrx_word' id='word_1_184' title='bbox 529 2711 653 2781; x_wconf 91' lang='lat' dir='ltr'><strong>legit</strong></span> <span class='ocrx_word' id='word_1_185' title='bbox 692 2713 789 2780; x_wconf 89' lang='lat' dir='ltr'><strong>ipsi</strong></span> <span class='ocrx_word' id='word_1_186' title='bbox 831 2714 1020 2784; x_wconf 87' lang='lat' dir='ltr'><strong>legem,</strong></span> <span class='ocrx_word' id='word_1_187' title='bbox 1051 2716 1165 2771; x_wconf 66' lang='lat' dir='ltr'><strong>haec</strong></span> <span class='ocrx_word' id='word_1_188' title='bbox 1193 2719 1393 2773; x_wconf 88' lang='lat' dir='ltr'><strong>scilicet</strong></span> <span class='ocrx_word' id='word_1_189' title='bbox 1418 2719 1717 2787; x_wconf 88' lang='lat' dir='ltr'><strong>evangelica</strong></span> <span class='ocrx_word' id='word_1_190' title='bbox 1747 2722 1904 2776; x_wconf 89' lang='lat' dir='ltr'><strong>verba</strong></span> <span class='ocrx_word' id='word_1_191' title='bbox 1937 2740 1951 2776; x_wconf 88' lang='lat'><strong>:</strong></span> 
     </span>
    </p>
   </div>
   <div class='ocr_carea' id='block_1_26' title="bbox 377 2798 1955 2881">
    <p class='ocr_par' dir='ltr' id='par_1_26' title="bbox 377 2798 1955 2881">
     <span class='ocr_line' id='line_1_26' title="bbox 377 2798 1955 2881; baseline 0.008 -29"><span class='ocrx_word' id='word_1_192' title='bbox 377 2798 552 2854; x_wconf 80' lang='lat' dir='ltr'><strong>Nolite</strong></span> <span class='ocrx_word' id='word_1_193' title='bbox 563 2803 815 2870; x_wconf 88' lang='lat' dir='ltr'><strong>judicare,</strong></span> <span class='ocrx_word' id='word_1_194' title='bbox 844 2817 898 2857; x_wconf 88' lang='lat' dir='ltr'><strong>ut</strong></span> <span class='ocrx_word' id='word_1_195' title='bbox 928 2822 1028 2859; x_wconf 88' lang='lat' dir='ltr'><strong>non</strong></span> <span class='ocrx_word' id='word_1_196' title='bbox 1047 2808 1346 2874; x_wconf 85' lang='lat' dir='ltr'><strong>judicemini</strong></span> <span class='ocrx_word' id='word_1_197' title='bbox 1374 2807 1583 2877; x_wconf 80' lang='lat' dir='ltr'><strong>(Matth.</strong></span> <span class='ocrx_word' id='word_1_198' title='bbox 1612 2811 1662 2862; x_wconf 89' lang='grc'><strong>7.</strong></span> <span class='ocrx_word' id='word_1_199' title='bbox 1697 2811 1773 2881; x_wconf 83' lang='lat' dir='ltr'><strong>i).</strong></span> <span class='ocrx_word' id='word_1_200' title='bbox 1823 2811 1955 2878; x_wconf 85' lang='lat' dir='ltr'><strong>Quia</strong></span> 
     </span>
    </p>
   </div>
   <div class='ocr_carea' id='block_1_27' title="bbox 374 2893 1953 2966">
    <p class='ocr_par' dir='ltr' id='par_1_27' title="bbox 374 2893 1953 2966">
     <span class='ocr_line' id='line_1_27' title="bbox 374 2893 1953 2966; baseline 0.007 -22"><span class='ocrx_word' id='word_1_201' title='bbox 374 2907 428 2944; x_wconf 83' lang='lat' dir='ltr'><strong>tn</strong></span> <span class='ocrx_word' id='word_1_202' title='bbox 456 2893 628 2946; x_wconf 85' lang='lat' dir='ltr'><strong>eadem</strong></span> <span class='ocrx_word' id='word_1_203' title='bbox 653 2893 974 2949; x_wconf 80' lang='lat' dir='ltr'><strong>damnatione</strong></span> <span class='ocrx_word' id='word_1_204' title='bbox 996 2913 1187 2951; x_wconf 85' lang='lat' dir='ltr'><strong>sumus.</strong></span> <span class='ocrx_word' id='word_1_205' title='bbox 1218 2898 1354 2966; x_wconf 89' lang='lat' dir='ltr'><strong>Quid</strong></span> <span class='ocrx_word' id='word_1_206' title='bbox 1380 2900 1527 2961; x_wconf 89' lang='lat' dir='ltr'><strong>facis,</strong></span> <span class='ocrx_word' id='word_1_207' title='bbox 1558 2915 1593 2954; x_wconf 95' lang='lat' dir='ltr'><strong>o</strong></span> <span class='ocrx_word' id='word_1_208' title='bbox 1622 2901 1793 2955; x_wconf 85' lang='lat' dir='ltr'><strong>latro?</strong></span> <span class='ocrx_word' id='word_1_209' title='bbox 1826 2902 1953 2956; x_wconf 91' lang='lat' dir='ltr'><strong>dum</strong></span> 
     </span>
    </p>
   </div>
   <div class='ocr_carea' id='block_1_28' title="bbox 375 2983 1950 3062">
    <p class='ocr_par' dir='ltr' id='par_1_28' title="bbox 375 2983 1950 3062">
     <span class='ocr_line' id='line_1_28' title="bbox 375 2983 1950 3062; baseline 0.006 -25"><span class='ocrx_word' id='word_1_210' title='bbox 375 2998 496 3037; x_wconf 90' lang='lat' dir='ltr'><strong>eum</strong></span> <span class='ocrx_word' id='word_1_211' title='bbox 518 2983 774 3042; x_wconf 88' lang='lat' dir='ltr'><strong>defendis.</strong></span> <span class='ocrx_word' id='word_1_212' title='bbox 799 2986 1092 3042; x_wconf 77' lang='lat' dir='ltr'><strong>latronisne</strong></span> <span class='ocrx_word' id='word_1_213' title='bbox 1116 2989 1318 3044; x_wconf 90' lang='lat' dir='ltr'><strong>socium</strong></span> <span class='ocrx_word' id='word_1_214' title='bbox 1342 2999 1392 3045; x_wconf 89' lang='lat' dir='ltr'><strong>te</strong></span> <span class='ocrx_word' id='word_1_215' title='bbox 1407 2990 1570 3045; x_wconf 88' lang='lat' dir='ltr'><strong>facis?</strong></span> <span class='ocrx_word' id='word_1_216' title='bbox 1591 2992 1950 3062; x_wconf 83' lang='lat' dir='ltr'><strong>Nequaquam,</strong></span> 
     </span>
    </p>
   </div>
   <div class='ocr_carea' id='block_1_29' title="bbox 374 3075 1953 3148">
    <p class='ocr_par' dir='ltr' id='par_1_29' title="bbox 374 3075 1953 3148">
     <span class='ocr_line' id='line_1_29' title="bbox 374 3075 1953 3148; baseline 0.008 -22"><span class='ocrx_word' id='word_1_217' title='bbox 374 3075 491 3127; x_wconf 88' lang='lat' dir='ltr'><strong>ait:</strong></span> <span class='ocrx_word' id='word_1_218' title='bbox 521 3090 585 3128; x_wconf 81' lang='lat' dir='ltr'><strong>ex</strong></span> <span class='ocrx_word' id='word_1_219' title='bbox 621 3076 967 3145; x_wconf 78' lang='lat' dir='ltr'><strong>Sequentibus</strong></span> <span class='ocrx_word' id='word_1_220' title='bbox 1010 3077 1149 3133; x_wconf 89' lang='lat' dir='ltr'><strong>hanc</strong></span> <span class='ocrx_word' id='word_1_221' title='bbox 1190 3082 1547 3148; x_wconf 91' lang='lat' dir='ltr'><strong>suspicionem</strong></span> <span class='ocrx_word' id='word_1_222' title='bbox 1590 3098 1834 3139; x_wconf 89' lang='lat' dir='ltr'><strong>amoveo.</strong></span> <span class='ocrx_word' id='word_1_223' title='bbox 1875 3084 1953 3139; x_wconf 88' lang='lat' dir='ltr'><strong>Ne</strong></span> 
     </span>
    </p>
   </div>
   <div class='ocr_carea' id='block_1_30' title="bbox 376 3166 1949 3243">
    <p class='ocr_par' dir='ltr' id='par_1_30' title="bbox 376 3166 1949 3243">
     <span class='ocr_line' id='line_1_30' title="bbox 376 3166 1949 3243; baseline 0.01 -28"><span class='ocrx_word' id='word_1_224' title='bbox 376 3173 531 3233; x_wconf 83' lang='lat' dir='ltr'><strong>putes</strong></span> <span class='ocrx_word' id='word_1_225' title='bbox 568 3166 709 3221; x_wconf 86' lang='lat' dir='ltr'><strong>enim</strong></span> <span class='ocrx_word' id='word_1_226' title='bbox 744 3183 864 3220; x_wconf 86' lang='lat' dir='ltr'><strong>eum</strong></span> <span class='ocrx_word' id='word_1_227' title='bbox 894 3182 958 3222; x_wconf 83' lang='lat' dir='ltr'><strong>ex</strong></span> <span class='ocrx_word' id='word_1_228' title='bbox 985 3172 1358 3226; x_wconf 90' lang='lat' dir='ltr'><strong>communione</strong></span> <span class='ocrx_word' id='word_1_229' title='bbox 1383 3174 1625 3243; x_wconf 85' lang='lat' dir='ltr'><strong>supplicii</strong></span> <span class='ocrx_word' id='word_1_230' title='bbox 1650 3184 1949 3231; x_wconf 90' lang='lat' dir='ltr'><strong>consortem</strong></span> 
     </span>
    </p>
   </div>
   <div class='ocr_carea' id='block_1_31' title="bbox 379 3257 1951 3336">
    <p class='ocr_par' dir='ltr' id='par_1_31' title="bbox 379 3257 1951 3336">
     <span class='ocr_line' id='line_1_31' title="bbox 379 3257 1951 3336; baseline 0.007 -27"><span class='ocrx_word' id='word_1_231' title='bbox 379 3257 525 3310; x_wconf 89' lang='lat' dir='ltr'><strong>illum</strong></span> <span class='ocrx_word' id='word_1_232' title='bbox 571 3259 771 3325; x_wconf 89' lang='lat' dir='ltr'><strong>peccati</strong></span> <span class='ocrx_word' id='word_1_233' title='bbox 817 3258 1026 3325; x_wconf 85' lang='lat' dir='ltr'><strong>fecisse,</strong></span> <span class='ocrx_word' id='word_1_234' title='bbox 1056 3262 1133 3315; x_wconf 91' lang='lat' dir='ltr'><strong>sic</strong></span> <span class='ocrx_word' id='word_1_235' title='bbox 1172 3263 1318 3331; x_wconf 90' lang='lat' dir='ltr'><strong>prius</strong></span> <span class='ocrx_word' id='word_1_236' title='bbox 1362 3264 1559 3320; x_wconf 90' lang='lat' dir='ltr'><strong>dictmn</strong></span> <span class='ocrx_word' id='word_1_237' title='bbox 1589 3268 1806 3336; x_wconf 78' lang='lat' dir='ltr'><strong>corrigit</strong></span> <span class='ocrx_word' id='word_1_238' title='bbox 1839 3286 1851 3321; x_wconf 92' lang='lat'>:</span> <span class='ocrx_word' id='word_1_239' title='bbox 1886 3268 1951 3322; x_wconf 84' lang='lat' dir='ltr'><strong>Et</strong></span> 
     </span>
    </p>
   </div>
   <div class='ocr_carea' id='block_1_32' title="bbox 377 3350 1948 3430">
    <p class='ocr_par' dir='ltr' id='par_1_32' title="bbox 377 3350 1948 3430">
     <span class='ocr_line' id='line_1_32' title="bbox 377 3350 1948 3430; baseline 0.008 -30"><span class='ocrx_word' id='word_1_240' title='bbox 377 3364 467 3401; x_wconf 90' lang='lat' dir='ltr'><strong>nos</strong></span> <span class='ocrx_word' id='word_1_241' title='bbox 491 3350 692 3418; x_wconf 82' lang='lat' dir='ltr'><strong>quidem</strong></span> <span class='ocrx_word' id='word_1_242' title='bbox 709 3352 852 3421; x_wconf 88' lang='lat' dir='ltr'><strong>juste</strong></span> <span class='ocrx_word' id='word_1_243' title='bbox 880 3368 899 3405; x_wconf 92' lang='lat'><strong><em>:</em></strong></span> <span class='ocrx_word' id='word_1_244' title='bbox 924 3369 1041 3405; x_wconf 89' lang='lat' dir='ltr'><strong>nam</strong></span> <span class='ocrx_word' id='word_1_245' title='bbox 1065 3355 1220 3424; x_wconf 85' lang='lat' dir='ltr'><strong>digna</strong></span> <span class='ocrx_word' id='word_1_246' title='bbox 1245 3357 1394 3426; x_wconf 81' lang='lat' dir='ltr'><strong>factis</strong></span> <span class='ocrx_word' id='word_1_247' title='bbox 1421 3358 1642 3425; x_wconf 87' lang='lat' dir='ltr'><strong>patimur</strong></span> <span class='ocrx_word' id='word_1_248' title='bbox 1681 3358 1829 3430; x_wconf 89' lang='lat' dir='ltr'><strong>(Luc.</strong></span> <span class='ocrx_word' id='word_1_249' title='bbox 1858 3360 1948 3415; x_wconf 76' lang='grc'><strong>25.</strong></span> 
     </span>
    </p>
   </div>
   <div class='ocr_carea' id='block_1_33' title="bbox 374 3442 1954 3521">
    <p class='ocr_par' dir='ltr' id='par_1_33' title="bbox 374 3442 1954 3521">
     <span class='ocr_line' id='line_1_33' title="bbox 374 3442 1954 3521; baseline 0.008 -26"><span class='ocrx_word' id='word_1_250' title='bbox 374 3442 490 3509; x_wconf 55' lang='lat' dir='ltr'><strong>ei).</strong></span> <span class='ocrx_word' id='word_1_251' title='bbox 522 3442 679 3496; x_wconf 84' lang='lat' dir='ltr'><strong>Vides</strong></span> <span class='ocrx_word' id='word_1_252' title='bbox 719 3444 1110 3501; x_wconf 79' lang='lat' dir='ltr'><strong>confessionem</strong></span> <span class='ocrx_word' id='word_1_253' title='bbox 1153 3448 1474 3516; x_wconf 83' lang='lat' dir='ltr'><strong>perfectam?</strong></span> <span class='ocrx_word' id='word_1_254' title='bbox 1499 3450 1646 3507; x_wconf 90' lang='lat' dir='ltr'><strong>vides</strong></span> <span class='ocrx_word' id='word_1_255' title='bbox 1688 3453 1954 3521; x_wconf 89' lang='lat' dir='ltr'><strong>quomodo</strong></span> 
     </span>
    </p>
   </div>
   <div class='ocr_carea' id='block_1_34' title="bbox 374 3532 1957 3617">
    <p class='ocr_par' dir='ltr' id='par_1_34' title="bbox 374 3532 1957 3617">
     <span class='ocr_line' id='line_1_34' title="bbox 374 3532 1957 3617; baseline 0.009 -31"><span class='ocrx_word' id='word_1_256' title='bbox 374 3532 428 3586; x_wconf 93' lang='lat' dir='ltr'><strong>in</strong></span> <span class='ocrx_word' id='word_1_257' title='bbox 457 3548 613 3590; x_wconf 88' lang='lat' dir='ltr'><strong>cruce</strong></span> <span class='ocrx_word' id='word_1_258' title='bbox 644 3547 856 3605; x_wconf 88' lang='lat' dir='ltr'><strong>peccata</strong></span> <span class='ocrx_word' id='word_1_259' title='bbox 887 3539 1065 3592; x_wconf 78' lang='lat' dir='ltr'><strong>exuit?</strong></span> <span class='ocrx_word' id='word_1_260' title='bbox 1103 3539 1234 3594; x_wconf 86' lang='lat' dir='ltr'><strong>Nam</strong></span> <span class='ocrx_word' id='word_1_261' title='bbox 1263 3542 1453 3611; x_wconf 83' lang='lat' dir='ltr'><strong>legitur</strong></span> <span class='ocrx_word' id='word_1_262' title='bbox 1479 3560 1493 3597; x_wconf 91' lang='lat'>:</span> <span class='ocrx_word' id='word_1_263' title='bbox 1526 3543 1622 3598; x_wconf 87' lang='lat' dir='ltr'><strong>Dic</strong></span> <span class='ocrx_word' id='word_1_264' title='bbox 1663 3554 1717 3599; x_wconf 91' lang='lat' dir='ltr'><strong>tu</strong></span> <span class='ocrx_word' id='word_1_265' title='bbox 1751 3557 1957 3617; x_wconf 85' lang='lat' dir='ltr'><strong>peccata</strong></span> 
     </span>
    </p>
   </div>
   <div class='ocr_carea' id='block_1_35' title="bbox 374 3628 1957 3707">
    <p class='ocr_par' dir='ltr' id='par_1_35' title="bbox 374 3628 1957 3707">
     <span class='ocr_line' id='line_1_35' title="bbox 374 3628 1957 3707; baseline 0.01 -32"><span class='ocrx_word' id='word_1_266' title='bbox 374 3633 460 3676; x_wconf 87' lang='lat' dir='ltr'><strong>tua</strong></span> <span class='ocrx_word' id='word_1_267' title='bbox 485 3628 694 3694; x_wconf 88' lang='lat' dir='ltr'><strong>primus,</strong></span> <span class='ocrx_word' id='word_1_268' title='bbox 724 3637 776 3679; x_wconf 85' lang='lat' dir='ltr'><strong>ut</strong></span> <span class='ocrx_word' id='word_1_269' title='bbox 793 3629 1091 3697; x_wconf 82' lang='lat' dir='ltr'><strong>justi/iceris</strong></span> <span class='ocrx_word' id='word_1_270' title='bbox 1117 3630 1281 3703; x_wconf 88' lang='lat' dir='ltr'><strong>(lsai.</strong></span> <span class='ocrx_word' id='word_1_271' title='bbox 1312 3634 1403 3688; x_wconf 73' lang='grc'><strong>45.</strong></span> <span class='ocrx_word' id='word_1_272' title='bbox 1425 3634 1496 3689; x_wconf 81' lang='grc'><strong>26</strong></span> <span class='ocrx_word' id='word_1_273' title='bbox 1521 3634 1560 3703; x_wconf 91' lang='grc'><strong>).</strong></span> <span class='ocrx_word' id='word_1_274' title='bbox 1591 3634 1760 3690; x_wconf 87' lang='lat' dir='ltr'><strong>Nemo</strong></span> <span class='ocrx_word' id='word_1_275' title='bbox 1784 3636 1957 3707; x_wconf 87' lang='lat' dir='ltr'><strong>coegit</strong></span> 
     </span>
    </p>
   </div>
   <div class='ocr_carea' id='block_1_36' title="bbox 376 3713 1955 3795">
    <p class='ocr_par' dir='ltr' id='par_1_36' title="bbox 376 3713 1955 3795">
     <span class='ocr_line' id='line_1_36' title="bbox 376 3713 1955 3795; baseline 0.009 -28"><span class='ocrx_word' id='word_1_276' title='bbox 376 3713 548 3777; x_wconf 91' lang='lat' dir='ltr'><strong>illum,</strong></span> <span class='ocrx_word' id='word_1_277' title='bbox 572 3732 730 3770; x_wconf 88' lang='lat' dir='ltr'><strong>nemo</strong></span> <span class='ocrx_word' id='word_1_278' title='bbox 751 3718 858 3772; x_wconf 87' lang='lat' dir='ltr'><strong>vim</strong></span> <span class='ocrx_word' id='word_1_279' title='bbox 890 3720 987 3786; x_wconf 93' lang='lat' dir='ltr'><strong>ipsi</strong></span> <span class='ocrx_word' id='word_1_280' title='bbox 1016 3719 1159 3785; x_wconf 85' lang='lat' dir='ltr'><strong>fecit,</strong></span> <span class='ocrx_word' id='word_1_281' title='bbox 1190 3724 1285 3777; x_wconf 92' lang='lat' dir='ltr'><strong>sed</strong></span> <span class='ocrx_word' id='word_1_282' title='bbox 1318 3724 1432 3791; x_wconf 92' lang='lat' dir='ltr'><strong>ipse</strong></span> <span class='ocrx_word' id='word_1_283' title='bbox 1454 3726 1799 3794; x_wconf 89' lang='lat' dir='ltr'><strong>semetipsum</strong></span> <span class='ocrx_word' id='word_1_284' title='bbox 1831 3741 1955 3795; x_wconf 88' lang='lat' dir='ltr'><strong>pro-</strong></span> 
     </span>
    </p>
   </div>
   <div class='ocr_carea' id='block_1_37' title="bbox 375 3805 1955 3885">
    <p class='ocr_par' dir='ltr' id='par_1_37' title="bbox 375 3805 1955 3885">
     <span class='ocr_line' id='line_1_37' title="bbox 375 3805 1955 3885; baseline 0.008 -29"><span class='ocrx_word' id='word_1_285' title='bbox 375 3805 495 3858; x_wconf 91' lang='lat' dir='ltr'><strong>tulit</strong></span> <span class='ocrx_word' id='word_1_286' title='bbox 520 3806 701 3861; x_wconf 88' lang='lat' dir='ltr'><strong>dicens</strong></span> <span class='ocrx_word' id='word_1_287' title='bbox 729 3825 744 3861; x_wconf 94' lang='lat'><strong>:</strong></span> <span class='ocrx_word' id='word_1_288' title='bbox 767 3808 835 3861; x_wconf 78' lang='lat' dir='ltr'><strong>Et</strong></span> <span class='ocrx_word' id='word_1_289' title='bbox 861 3825 953 3862; x_wconf 88' lang='lat' dir='ltr'><strong>nos</strong></span> <span class='ocrx_word' id='word_1_290' title='bbox 972 3811 1173 3878; x_wconf 83' lang='lat' dir='ltr'><strong>quidem</strong></span> <span class='ocrx_word' id='word_1_291' title='bbox 1190 3814 1350 3881; x_wconf 88' lang='lat' dir='ltr'><strong>juste,</strong></span> <span class='ocrx_word' id='word_1_292' title='bbox 1376 3830 1495 3867; x_wconf 87' lang='lat' dir='ltr'><strong>nam</strong></span> <span class='ocrx_word' id='word_1_293' title='bbox 1516 3816 1670 3885; x_wconf 84' lang='lat' dir='ltr'><strong>digna</strong></span> <span class='ocrx_word' id='word_1_294' title='bbox 1692 3817 1841 3884; x_wconf 77' lang='lat' dir='ltr'><strong>factis</strong></span> <span class='ocrx_word' id='word_1_295' title='bbox 1860 3834 1955 3885; x_wconf 89' lang='lat' dir='ltr'><strong>pa-</strong></span> 
     </span>
    </p>
   </div>
   <div class='ocr_carea' id='block_1_38' title="bbox 376 3897 1953 3977">
    <p class='ocr_par' dir='ltr' id='par_1_38' title="bbox 376 3897 1953 3977">
     <span class='ocr_line' id='line_1_38' title="bbox 376 3897 1953 3977; baseline 0.01 -29"><span class='ocrx_word' id='word_1_296' title='bbox 376 3897 561 3959; x_wconf 84' lang='lat' dir='ltr'><strong>timur;</strong></span> <span class='ocrx_word' id='word_1_297' title='bbox 590 3898 672 3951; x_wconf 81' lang='lat' dir='ltr'><strong>hic</strong></span> <span class='ocrx_word' id='word_1_298' title='bbox 695 3913 809 3951; x_wconf 85' lang='lat' dir='ltr'><strong>uero</strong></span> <span class='ocrx_word' id='word_1_299' title='bbox 837 3900 966 3953; x_wconf 85' lang='lat' dir='ltr'><strong>nihil</strong></span> <span class='ocrx_word' id='word_1_300' title='bbox 991 3902 1115 3954; x_wconf 86' lang='lat' dir='ltr'><strong>mali</strong></span> <span class='ocrx_word' id='word_1_301' title='bbox 1134 3904 1250 3973; x_wconf 87' lang='lat' dir='ltr'><strong>fecit</strong></span> <span class='ocrx_word' id='word_1_302' title='bbox 1273 3904 1420 3973; x_wconf 86' lang='lat' dir='ltr'><strong>(Luc.</strong></span> <span class='ocrx_word' id='word_1_303' title='bbox 1452 3905 1541 3959; x_wconf 77' lang='grc'><strong>25.</strong></span> <span class='ocrx_word' id='word_1_304' title='bbox 1574 3906 1662 3962; x_wconf 74' lang='grc'><strong>41.</strong></span> <span class='ocrx_word' id='word_1_305' title='bbox 1695 3906 1786 3977; x_wconf 71' lang='grc'><strong>42)</strong></span> <span class='ocrx_word' id='word_1_306' title='bbox 1812 3924 1825 3959; x_wconf 88' lang='lat'><strong>:</strong></span> <span class='ocrx_word' id='word_1_307' title='bbox 1859 3909 1953 3962; x_wconf 85' lang='lat' dir='ltr'><strong>ad-</strong></span> 
     </span>
    </p>
   </div>
   <div class='ocr_carea' id='block_1_39' title="bbox 373 3988 1949 4069">
    <p class='ocr_par' dir='ltr' id='par_1_39' title="bbox 373 3988 1949 4069">
     <span class='ocr_line' id='line_1_39' title="bbox 373 3988 1949 4069; baseline 0.008 -29"><span class='ocrx_word' id='word_1_308' title='bbox 373 3988 554 4057; x_wconf 87' lang='lat' dir='ltr'><strong>ditque</strong></span> <span class='ocrx_word' id='word_1_309' title='bbox 600 3999 782 4058; x_wconf 83' lang='lat' dir='ltr'><strong>postea</strong></span> <span class='ocrx_word' id='word_1_310' title='bbox 815 4008 830 4045; x_wconf 88' lang='lat'><strong>:</strong></span> <span class='ocrx_word' id='word_1_311' title='bbox 864 3991 1115 4047; x_wconf 80' lang='lat' dir='ltr'><strong>Memento</strong></span> <span class='ocrx_word' id='word_1_312' title='bbox 1140 3996 1274 4061; x_wconf 82' lang='lat' dir='ltr'><strong>mei,</strong></span> <span class='ocrx_word' id='word_1_313' title='bbox 1318 3996 1561 4063; x_wconf 90' lang='lat' dir='ltr'><strong>Domine,</strong></span> <span class='ocrx_word' id='word_1_314' title='bbox 1588 3999 1640 4051; x_wconf 90' lang='lat' dir='ltr'><strong>in</strong></span> <span class='ocrx_word' id='word_1_315' title='bbox 1668 4016 1821 4069; x_wconf 86' lang='lat' dir='ltr'><strong>regno</strong></span> <span class='ocrx_word' id='word_1_316' title='bbox 1847 4010 1949 4053; x_wconf 88' lang='lat' dir='ltr'><strong>tuo.</strong></span> 
     </span>
    </p>
   </div>
   <div class='ocr_carea' id='block_1_40' title="bbox 372 4079 1948 4162">
    <p class='ocr_par' dir='ltr' id='par_1_40' title="bbox 372 4079 1948 4162">
     <span class='ocr_line' id='line_1_40' title="bbox 372 4079 1948 4162; baseline 0.008 -29"><span class='ocrx_word' id='word_1_317' title='bbox 372 4079 488 4134; x_wconf 82' lang='lat' dir='ltr'><strong>Non</strong></span> <span class='ocrx_word' id='word_1_318' title='bbox 522 4081 665 4149; x_wconf 91' lang='lat' dir='ltr'><strong>prius</strong></span> <span class='ocrx_word' id='word_1_319' title='bbox 683 4096 846 4137; x_wconf 86' lang='lat' dir='ltr'><strong>ausus</strong></span> <span class='ocrx_word' id='word_1_320' title='bbox 870 4094 955 4139; x_wconf 92' lang='lat' dir='ltr'><strong>est</strong></span> <span class='ocrx_word' id='word_1_321' title='bbox 978 4085 1175 4153; x_wconf 90' lang='lat' dir='ltr'><strong>dicere,</strong></span> <span class='ocrx_word' id='word_1_322' title='bbox 1205 4086 1460 4143; x_wconf 83' lang='lat' dir='ltr'><strong>Memento</strong></span> <span class='ocrx_word' id='word_1_323' title='bbox 1481 4090 1577 4143; x_wconf 85' lang='lat' dir='ltr'><strong>mei</strong></span> <span class='ocrx_word' id='word_1_324' title='bbox 1596 4091 1649 4143; x_wconf 91' lang='lat' dir='ltr'><strong>in</strong></span> <span class='ocrx_word' id='word_1_325' title='bbox 1669 4107 1821 4162; x_wconf 88' lang='lat' dir='ltr'><strong>regno</strong></span> <span class='ocrx_word' id='word_1_326' title='bbox 1842 4102 1948 4158; x_wconf 88' lang='lat' dir='ltr'><strong>tuo,</strong></span> 
     </span>
    </p>
   </div>
   <div class='ocr_carea' id='block_1_41' title="bbox 373 4175 1952 4251">
    <p class='ocr_par' dir='ltr' id='par_1_41' title="bbox 373 4175 1952 4251">
     <span class='ocr_line' id='line_1_41' title="bbox 373 4175 1952 4251; baseline 0.008 -28"><span class='ocrx_word' id='word_1_327' title='bbox 373 4186 532 4238; x_wconf 90' lang='lat' dir='ltr'><strong>quam</strong></span> <span class='ocrx_word' id='word_1_328' title='bbox 577 4186 674 4241; x_wconf 92' lang='lat' dir='ltr'><strong>per</strong></span> <span class='ocrx_word' id='word_1_329' title='bbox 709 4175 1099 4232; x_wconf 89' lang='lat' dir='ltr'><strong>confessionem</strong></span> <span class='ocrx_word' id='word_1_330' title='bbox 1129 4188 1471 4247; x_wconf 85' lang='lat' dir='ltr'><strong>peccatorum</strong></span> <span class='ocrx_word' id='word_1_331' title='bbox 1502 4194 1764 4236; x_wconf 82' lang='lat' dir='ltr'><strong>sarcinam</strong></span> <span class='ocrx_word' id='word_1_332' title='bbox 1791 4182 1952 4251; x_wconf 83' lang='lat' dir='ltr'><strong>depo-</strong></span> 
     </span>
    </p>
   </div>
   <div class='ocr_carea' id='block_1_42' title="bbox 374 4260 589 4315">
    <p class='ocr_par' dir='ltr' id='par_1_42' title="bbox 374 4260 589 4315">
     <span class='ocr_line' id='line_1_42' title="bbox 374 4260 589 4315; baseline 0.014 -3"><span class='ocrx_word' id='word_1_333' title='bbox 374 4260 589 4315; x_wconf 85' lang='lat' dir='ltr'><strong>suisset.</strong></span> 
     </span>
    </p>
   </div>
   <div class='ocr_carea' id='block_1_43' title="bbox 445 4352 1953 4432">
    <p class='ocr_par' dir='ltr' id='par_1_43' title="bbox 445 4352 1953 4432">
     <span class='ocr_line' id='line_1_43' title="bbox 445 4352 1953 4432; baseline 0.008 -27"><span class='ocrx_word' id='word_1_334' title='bbox 445 4352 699 4421; x_wconf 78' lang='lat' dir='ltr'><strong>Confessio</strong></span> <span class='ocrx_word' id='word_1_335' title='bbox 710 4366 899 4425; x_wconf 86' lang='lat' dir='ltr'><strong>quanla</strong></span> <span class='ocrx_word' id='word_1_336' title='bbox 915 4375 994 4412; x_wconf 90' lang='lat' dir='ltr'><strong>res</strong></span> <span class='ocrx_word' id='word_1_337' title='bbox 1007 4359 1091 4412; x_wconf 88' lang='lat' dir='ltr'><strong>sit.</strong></span> <span class='ocrx_word' id='word_1_338' title='bbox 1110 4389 1180 4400; x_wconf 89' lang='lat'><strong></strong></span> <span class='ocrx_word' id='word_1_339' title='bbox 1195 4359 1384 4416; x_wconf 82' lang='lat' dir='ltr'><strong>Viden</strong></span> <span class='ocrx_word' id='word_1_340' title='bbox 1407 4370 1601 4432; x_wconf 89' lang='lat' dir='ltr'><strong>quanta</strong></span> <span class='ocrx_word' id='word_1_341' title='bbox 1628 4378 1714 4418; x_wconf 89' lang='lat' dir='ltr'><strong>res</strong></span> <span class='ocrx_word' id='word_1_342' title='bbox 1739 4365 1807 4418; x_wconf 93' lang='lat' dir='ltr'><strong>sit</strong></span> <span class='ocrx_word' id='word_1_343' title='bbox 1826 4379 1953 4419; x_wconf 89' lang='lat' dir='ltr'><strong>con-</strong></span> 
     </span>
    </p>
   </div>
   <div class='ocr_carea' id='block_1_44' title="bbox 376 4446 1955 4523">
    <p class='ocr_par' dir='ltr' id='par_1_44' title="bbox 376 4446 1955 4523">
     <span class='ocr_line' id='line_1_44' title="bbox 376 4446 1955 4523; baseline 0.009 -27"><span class='ocrx_word' id='word_1_344' title='bbox 376 4446 570 4499; x_wconf 84' lang='lat' dir='ltr'><strong>fessio?</strong></span> <span class='ocrx_word' id='word_1_345' title='bbox 594 4447 881 4503; x_wconf 89' lang='lat' dir='ltr'><strong>Confessus</strong></span> <span class='ocrx_word' id='word_1_346' title='bbox 900 4458 1000 4511; x_wconf 91' lang='lat' dir='ltr'><strong>est,</strong></span> <span class='ocrx_word' id='word_1_347' title='bbox 1024 4460 1077 4503; x_wconf 90' lang='lat' dir='ltr'><strong>et</strong></span> <span class='ocrx_word' id='word_1_348' title='bbox 1097 4452 1395 4519; x_wconf 87' lang='lat' dir='ltr'><strong>paradisum</strong></span> <span class='ocrx_word' id='word_1_349' title='bbox 1421 4455 1660 4523; x_wconf 91' lang='lat' dir='ltr'><strong>aperuit:</strong></span> <span class='ocrx_word' id='word_1_350' title='bbox 1683 4456 1955 4510; x_wconf 85' lang='lat' dir='ltr'><strong>confessus</strong></span> 
     </span>
    </p>
   </div>
   <div class='ocr_carea' id='block_1_45' title="bbox 376 4539 1950 4615">
    <p class='ocr_par' dir='ltr' id='par_1_45' title="bbox 376 4539 1950 4615">
     <span class='ocr_line' id='line_1_45' title="bbox 376 4539 1950 4615; baseline 0.008 -28"><span class='ocrx_word' id='word_1_351' title='bbox 376 4542 477 4599; x_wconf 90' lang='lat' dir='ltr'><strong>est,</strong></span> <span class='ocrx_word' id='word_1_352' title='bbox 501 4544 554 4589; x_wconf 91' lang='lat' dir='ltr'><strong>et</strong></span> <span class='ocrx_word' id='word_1_353' title='bbox 574 4544 772 4591; x_wconf 82' lang='lat' dir='ltr'><strong>tantam</strong></span> <span class='ocrx_word' id='word_1_354' title='bbox 793 4539 997 4608; x_wconf 89' lang='lat' dir='ltr'><strong>accepit</strong></span> <span class='ocrx_word' id='word_1_355' title='bbox 1017 4540 1282 4607; x_wconf 83' lang='lat' dir='ltr'><strong>duciam,</strong></span> <span class='ocrx_word' id='word_1_356' title='bbox 1306 4554 1415 4599; x_wconf 90' lang='lat' dir='ltr'><strong>uta</strong></span> <span class='ocrx_word' id='word_1_357' title='bbox 1437 4545 1711 4600; x_wconf 87' lang='lat' dir='ltr'><strong>latrocinio</strong></span> <span class='ocrx_word' id='word_1_358' title='bbox 1732 4560 1950 4615; x_wconf 86' lang='lat' dir='ltr'><strong>regnum</strong></span> 
     </span>
    </p>
   </div>
   <div class='ocr_carea' id='block_1_46' title="bbox 375 4624 1950 4696">
    <p class='ocr_par' dir='ltr' id='par_1_46' title="bbox 375 4624 1950 4696">
     <span class='ocr_line' id='line_1_46' title="bbox 375 4624 1950 4696; baseline 0.01 -21"><span class='ocrx_word' id='word_1_359' title='bbox 375 4633 597 4693; x_wconf 81' lang='lat' dir='ltr'><strong>peteret.</strong></span> <span class='ocrx_word' id='word_1_360' title='bbox 626 4624 811 4681; x_wconf 78' lang='lat' dir='ltr'><strong>Viden</strong></span> <span class='ocrx_word' id='word_1_361' title='bbox 838 4636 1154 4696; x_wconf 90' lang='lat' dir='ltr'><strong>quantorum</strong></span> <span class='ocrx_word' id='word_1_362' title='bbox 1179 4633 1332 4688; x_wconf 91' lang='lat' dir='ltr'><strong>nobis</strong></span> <span class='ocrx_word' id='word_1_363' title='bbox 1356 4633 1613 4688; x_wconf 90' lang='lat' dir='ltr'><strong>bonorum</strong></span> <span class='ocrx_word' id='word_1_364' title='bbox 1636 4649 1762 4689; x_wconf 81' lang='lat' dir='ltr'><strong>crux</strong></span> <span class='ocrx_word' id='word_1_365' title='bbox 1792 4650 1950 4690; x_wconf 87' lang='lat' dir='ltr'><strong>causa</strong></span> 
     </span>
    </p>
   </div>
   <div class='ocr_carea' id='block_1_47' title="bbox 375 4714 1951 4793">
    <p class='ocr_par' dir='ltr' id='par_1_47' title="bbox 375 4714 1951 4793">
     <span class='ocr_line' id='line_1_47' title="bbox 375 4714 1951 4793; baseline 0.01 -28"><span class='ocrx_word' id='word_1_366' title='bbox 375 4714 567 4768; x_wconf 81' lang='lat' dir='ltr'><strong>fuerit?</strong></span> <span class='ocrx_word' id='word_1_367' title='bbox 597 4715 835 4785; x_wconf 79' lang='lat' dir='ltr'><strong>Regnum</strong></span> <span class='ocrx_word' id='word_1_368' title='bbox 864 4719 1038 4785; x_wconf 86' lang='lat' dir='ltr'><strong>petis?</strong></span> <span class='ocrx_word' id='word_1_369' title='bbox 1077 4721 1212 4789; x_wconf 88' lang='lat' dir='ltr'><strong>Quid</strong></span> <span class='ocrx_word' id='word_1_370' title='bbox 1253 4723 1402 4779; x_wconf 90' lang='lat' dir='ltr'><strong>vides</strong></span> <span class='ocrx_word' id='word_1_371' title='bbox 1443 4723 1778 4793; x_wconf 89' lang='lat' dir='ltr'><strong>hujusmodi?</strong></span> <span class='ocrx_word' id='word_1_372' title='bbox 1804 4725 1951 4780; x_wconf 88' lang='lat' dir='ltr'><strong>Clavi</strong></span> 
     </span>
    </p>
   </div>
   <div class='ocr_carea' id='block_1_48' title="bbox 374 4807 1951 4885">
    <p class='ocr_par' dir='ltr' id='par_1_48' title="bbox 374 4807 1951 4885">
     <span class='ocr_line' id='line_1_48' title="bbox 374 4807 1951 4885; baseline 0.01 -30"><span class='ocrx_word' id='word_1_373' title='bbox 374 4815 421 4856; x_wconf 88' lang='lat' dir='ltr'><strong>ct</strong></span> <span class='ocrx_word' id='word_1_374' title='bbox 443 4821 571 4858; x_wconf 87' lang='lat' dir='ltr'><strong>crux</strong></span> <span class='ocrx_word' id='word_1_375' title='bbox 599 4807 646 4858; x_wconf 92' lang='lat' dir='ltr'><strong>in</strong></span> <span class='ocrx_word' id='word_1_376' title='bbox 670 4818 954 4873; x_wconf 90' lang='lat' dir='ltr'><strong>conspectu</strong></span> <span class='ocrx_word' id='word_1_377' title='bbox 976 4820 1125 4873; x_wconf 86' lang='lat' dir='ltr'><strong>sunt;</strong></span> <span class='ocrx_word' id='word_1_378' title='bbox 1151 4828 1331 4867; x_wconf 83' lang='lat' dir='ltr'><strong>verum</strong></span> <span class='ocrx_word' id='word_1_379' title='bbox 1362 4829 1422 4868; x_wconf 91' lang='lat' dir='ltr'><strong>ea</strong></span> <span class='ocrx_word' id='word_1_380' title='bbox 1445 4815 1554 4882; x_wconf 88' lang='lat' dir='ltr'><strong>ipsa</strong></span> <span class='ocrx_word' id='word_1_381' title='bbox 1583 4829 1733 4876; x_wconf 80' lang='lat' dir='ltr'><strong>crux,</strong></span> <span class='ocrx_word' id='word_1_382' title='bbox 1762 4816 1951 4885; x_wconf 83' lang='lat' dir='ltr'><strong>inquit,</strong></span> 
     </span>
    </p>
   </div>
   <div class='ocr_carea' id='block_1_49' title="bbox 373 4899 1954 4977">
    <p class='ocr_par' dir='ltr' id='par_1_49' title="bbox 373 4899 1954 4977">
     <span class='ocr_line' id='line_1_49' title="bbox 373 4899 1954 4977; baseline 0.009 -27"><span class='ocrx_word' id='word_1_383' title='bbox 373 4906 455 4951; x_wconf 88' lang='lat' dir='ltr'><strong>est</strong></span> <span class='ocrx_word' id='word_1_384' title='bbox 495 4899 793 4967; x_wconf 87' lang='lat' dir='ltr'><strong>symbolum</strong></span> <span class='ocrx_word' id='word_1_385' title='bbox 841 4901 1009 4969; x_wconf 87' lang='lat' dir='ltr'><strong>regni.</strong></span> <span class='ocrx_word' id='word_1_386' title='bbox 1053 4903 1177 4958; x_wconf 91' lang='lat' dir='ltr'><strong>Ideo</strong></span> <span class='ocrx_word' id='word_1_387' title='bbox 1215 4906 1384 4974; x_wconf 91' lang='lat' dir='ltr'><strong>ipsum</strong></span> <span class='ocrx_word' id='word_1_388' title='bbox 1423 4921 1599 4977; x_wconf 86' lang='lat' dir='ltr'><strong>regem</strong></span> <span class='ocrx_word' id='word_1_389' title='bbox 1638 4922 1788 4971; x_wconf 83' lang='lat' dir='ltr'><strong>voco,</strong></span> <span class='ocrx_word' id='word_1_390' title='bbox 1833 4910 1954 4976; x_wconf 85' lang='lat' dir='ltr'><strong>quia</strong></span> 
     </span>
    </p>
   </div>
   <div class='ocr_carea' id='block_1_50' title="bbox 372 4988 1951 5068">
    <p class='ocr_par' dir='ltr' id='par_1_50' title="bbox 372 4988 1951 5068">
     <span class='ocr_line' id='line_1_50' title="bbox 372 4988 1951 5068; baseline 0.011 -28"><span class='ocrx_word' id='word_1_391' title='bbox 372 4988 528 5043; x_wconf 85' lang='lat' dir='ltr'><strong>video</strong></span> <span class='ocrx_word' id='word_1_392' title='bbox 552 4990 863 5045; x_wconf 79' lang='lat' dir='ltr'><strong>crucixum</strong></span> <span class='ocrx_word' id='word_1_393' title='bbox 893 5011 907 5047; x_wconf 88' lang='lat'><strong>:</strong></span> <span class='ocrx_word' id='word_1_394' title='bbox 934 4995 1071 5063; x_wconf 89' lang='lat' dir='ltr'><strong>regis</strong></span> <span class='ocrx_word' id='word_1_395' title='bbox 1115 4998 1257 5052; x_wconf 91' lang='lat' dir='ltr'><strong>enim</strong></span> <span class='ocrx_word' id='word_1_396' title='bbox 1297 5009 1379 5054; x_wconf 89' lang='lat' dir='ltr'><strong>est</strong></span> <span class='ocrx_word' id='word_1_397' title='bbox 1416 5014 1510 5068; x_wconf 93' lang='lat' dir='ltr'><strong>pro</strong></span> <span class='ocrx_word' id='word_1_398' title='bbox 1546 5000 1769 5053; x_wconf 84' lang='lat' dir='ltr'><strong>subditis</strong></span> <span class='ocrx_word' id='word_1_399' title='bbox 1795 5004 1951 5057; x_wconf 91' lang='lat' dir='ltr'><strong>mori.</strong></span> 
     </span>
    </p>
   </div>
   <div class='ocr_carea' id='block_1_51' title="bbox 376 5081 1953 5162">
    <p class='ocr_par' dir='ltr' id='par_1_51' title="bbox 376 5081 1953 5162">
     <span class='ocr_line' id='line_1_51' title="bbox 376 5081 1953 5162; baseline 0.008 -28"><span class='ocrx_word' id='word_1_400' title='bbox 376 5082 472 5136; x_wconf 88' lang='lat' dir='ltr'><strong>llic</strong></span> <span class='ocrx_word' id='word_1_401' title='bbox 516 5082 631 5150; x_wconf 90' lang='lat' dir='ltr'><strong>ipse</strong></span> <span class='ocrx_word' id='word_1_402' title='bbox 673 5081 805 5135; x_wconf 77' lang='lat' dir='ltr'><strong>dixit</strong></span> <span class='ocrx_word' id='word_1_403' title='bbox 831 5099 845 5134; x_wconf 77' lang='grc' dir='ltr'><strong></strong></span> <span class='ocrx_word' id='word_1_404' title='bbox 873 5082 1047 5139; x_wconf 86' lang='lat' dir='ltr'><strong>Bonus</strong></span> <span class='ocrx_word' id='word_1_405' title='bbox 1076 5100 1245 5155; x_wconf 85' lang='lat' dir='ltr'><strong>pastor</strong></span> <span class='ocrx_word' id='word_1_406' title='bbox 1268 5092 1487 5144; x_wconf 88' lang='lat' dir='ltr'><strong>animam</strong></span> <span class='ocrx_word' id='word_1_407' title='bbox 1520 5106 1665 5143; x_wconf 88' lang='lat' dir='ltr'><strong>suam</strong></span> <span class='ocrx_word' id='word_1_408' title='bbox 1694 5093 1833 5159; x_wconf 84' lang='lat' dir='ltr'><strong>ponit</strong></span> <span class='ocrx_word' id='word_1_409' title='bbox 1862 5111 1953 5162; x_wconf 90' lang='lat' dir='ltr'><strong>pro</strong></span> 
     </span>
    </p>
   </div>
   <div class='ocr_carea' id='block_1_52' title="bbox 373 5173 1951 5251">
    <p class='ocr_par' dir='ltr' id='par_1_52' title="bbox 373 5173 1951 5251">
     <span class='ocr_line' id='line_1_52' title="bbox 373 5173 1951 5251; baseline 0.007 -23"><span class='ocrx_word' id='word_1_410' title='bbox 373 5176 544 5229; x_wconf 81' lang='lat' dir='ltr'><strong>ovibus</strong></span> <span class='ocrx_word' id='word_1_411' title='bbox 569 5173 761 5244; x_wconf 81' lang='lat' dir='ltr'><strong>(Joan.</strong></span> <span class='ocrx_word' id='word_1_412' title='bbox 794 5176 878 5231; x_wconf 81' lang='grc'><strong>10.</strong></span> <span class='ocrx_word' id='word_1_413' title='bbox 910 5178 967 5232; x_wconf 77' lang='grc' dir='ltr'></span> <span class='ocrx_word' id='word_1_414' title='bbox 998 5178 1015 5248; x_wconf 96' lang='grc'>)</span> <span class='ocrx_word' id='word_1_415' title='bbox 1045 5195 1209 5251; x_wconf 86' lang='lat' dir='ltr'><strong>:ergo</strong></span> <span class='ocrx_word' id='word_1_416' title='bbox 1258 5191 1313 5238; x_wconf 89' lang='lat' dir='ltr'><strong>et</strong></span> <span class='ocrx_word' id='word_1_417' title='bbox 1360 5183 1528 5236; x_wconf 87' lang='lat' dir='ltr'><strong>bonus</strong></span> <span class='ocrx_word' id='word_1_418' title='bbox 1575 5197 1669 5236; x_wconf 85' lang='lat' dir='ltr'><strong>rex</strong></span> <span class='ocrx_word' id='word_1_419' title='bbox 1720 5185 1951 5239; x_wconf 90' lang='lat' dir='ltr'><strong>animam</strong></span> 
     </span>
    </p>
   </div>
   <div class='ocr_carea' id='block_1_53' title="bbox 373 5266 1951 5342">
    <p class='ocr_par' dir='ltr' id='par_1_53' title="bbox 373 5266 1951 5342">
     <span class='ocr_line' id='line_1_53' title="bbox 373 5266 1951 5342; baseline 0.005 -20"><span class='ocrx_word' id='word_1_420' title='bbox 373 5281 524 5322; x_wconf 90' lang='lat' dir='ltr'><strong>suam</strong></span> <span class='ocrx_word' id='word_1_421' title='bbox 572 5266 721 5335; x_wconf 89' lang='lat' dir='ltr'><strong>ponit</strong></span> <span class='ocrx_word' id='word_1_422' title='bbox 766 5282 865 5336; x_wconf 90' lang='lat' dir='ltr'><strong>pro</strong></span> <span class='ocrx_word' id='word_1_423' title='bbox 907 5269 1153 5327; x_wconf 91' lang='lat' dir='ltr'><strong>subditis.</strong></span> <span class='ocrx_word' id='word_1_424' title='bbox 1199 5272 1459 5342; x_wconf 85' lang='lat' dir='ltr'><strong>Quoniam</strong></span> <span class='ocrx_word' id='word_1_425' title='bbox 1510 5273 1671 5342; x_wconf 90' lang='lat' dir='ltr'><strong>igitur</strong></span> <span class='ocrx_word' id='word_1_426' title='bbox 1718 5275 1951 5330; x_wconf 89' lang='lat' dir='ltr'><strong>animam</strong></span> 
     </span>
    </p>
   </div>
   <div class='ocr_carea' id='block_1_54' title="bbox 373 5359 1950 5435">
    <p class='ocr_par' dir='ltr' id='par_1_54' title="bbox 373 5359 1950 5435">
     <span class='ocr_line' id='line_1_54' title="bbox 373 5359 1950 5435; baseline 0.006 -23"><span class='ocrx_word' id='word_1_427' title='bbox 373 5374 522 5413; x_wconf 86' lang='lat' dir='ltr'><strong>suam</strong></span> <span class='ocrx_word' id='word_1_428' title='bbox 564 5359 757 5428; x_wconf 86' lang='lat' dir='ltr'><strong>posuit,</strong></span> <span class='ocrx_word' id='word_1_429' title='bbox 788 5359 910 5416; x_wconf 90' lang='lat' dir='ltr'><strong>ideo</strong></span> <span class='ocrx_word' id='word_1_430' title='bbox 952 5378 1134 5435; x_wconf 87' lang='lat' dir='ltr'><strong>regem</strong></span> <span class='ocrx_word' id='word_1_431' title='bbox 1180 5366 1329 5422; x_wconf 90' lang='lat' dir='ltr'><strong>illum</strong></span> <span class='ocrx_word' id='word_1_432' title='bbox 1358 5380 1509 5421; x_wconf 92' lang='lat' dir='ltr'><strong>voco.</strong></span> <span class='ocrx_word' id='word_1_433' title='bbox 1553 5364 1807 5421; x_wconf 81' lang='lat' dir='ltr'><strong>Memmto</strong></span> <span class='ocrx_word' id='word_1_434' title='bbox 1834 5370 1950 5435; x_wconf 84' lang='lat' dir='ltr'><strong>mei,</strong></span> 
     </span>
    </p>
   </div>
   <div class='ocr_carea' id='block_1_55' title="bbox 374 5452 1006 5523">
    <p class='ocr_par' dir='ltr' id='par_1_55' title="bbox 374 5452 1006 5523">
     <span class='ocr_line' id='line_1_55' title="bbox 374 5452 1006 5523; baseline 0.003 -16"><span class='ocrx_word' id='word_1_435' title='bbox 374 5452 618 5517; x_wconf 87' lang='lat' dir='ltr'><strong>Domine,</strong></span> <span class='ocrx_word' id='word_1_436' title='bbox 644 5453 697 5507; x_wconf 90' lang='lat' dir='ltr'><strong>in</strong></span> <span class='ocrx_word' id='word_1_437' title='bbox 723 5469 876 5523; x_wconf 86' lang='lat' dir='ltr'><strong>regno</strong></span> <span class='ocrx_word' id='word_1_438' title='bbox 899 5463 1006 5509; x_wconf 88' lang='lat' dir='ltr'><strong>tuo.</strong></span> 
     </span>
    </p>
   </div>
   <div class='ocr_carea' id='block_1_56' title="bbox 445 5543 1954 5622">
    <p class='ocr_par' dir='ltr' id='par_1_56' title="bbox 445 5543 1954 5622">
     <span class='ocr_line' id='line_1_56' title="bbox 445 5543 1954 5622; baseline 0.004 -24"><span class='ocrx_word' id='word_1_439' title='bbox 445 5543 503 5599; x_wconf 79' lang='grc'><strong>4.</strong></span> <span class='ocrx_word' id='word_1_440' title='bbox 538 5543 721 5599; x_wconf 80' lang='lat' dir='ltr'><strong>Viden</strong></span> <span class='ocrx_word' id='word_1_441' title='bbox 751 5546 1017 5615; x_wconf 77' lang='lat' dir='ltr'><strong>quomodo</strong></span> <span class='ocrx_word' id='word_1_442' title='bbox 1046 5561 1176 5605; x_wconf 81' lang='lat' dir='ltr'><strong>crux</strong></span> <span class='ocrx_word' id='word_1_443' title='bbox 1204 5551 1272 5606; x_wconf 86' lang='lat' dir='ltr'><strong>sit</strong></span> <span class='ocrx_word' id='word_1_444' title='bbox 1295 5551 1443 5622; x_wconf 88' lang='lat' dir='ltr'><strong>regni</strong></span> <span class='ocrx_word' id='word_1_445' title='bbox 1472 5548 1809 5621; x_wconf 78' lang='lat' dir='ltr'><strong>symbolum?</strong></span> <span class='ocrx_word' id='word_1_446' title='bbox 1839 5550 1954 5604; x_wconf 74' lang='lat' dir='ltr'><strong>Vis-</strong></span> 
     </span>
    </p>
   </div>
   <div class='ocr_carea' id='block_1_57' title="bbox 378 5638 1949 5713">
    <p class='ocr_par' dir='ltr' id='par_1_57' title="bbox 378 5638 1949 5713">
     <span class='ocr_line' id='line_1_57' title="bbox 378 5638 1949 5713; baseline 0.004 -23"><span class='ocrx_word' id='word_1_447' title='bbox 378 5651 445 5692; x_wconf 93' lang='lat' dir='ltr'><strong>ne</strong></span> <span class='ocrx_word' id='word_1_448' title='bbox 466 5644 524 5693; x_wconf 89' lang='lat' dir='ltr'><strong>et</strong></span> <span class='ocrx_word' id='word_1_449' title='bbox 540 5638 751 5693; x_wconf 84' lang='lat' dir='ltr'><strong>aliunde</strong></span> <span class='ocrx_word' id='word_1_450' title='bbox 776 5638 902 5693; x_wconf 91' lang='lat' dir='ltr'><strong>illud</strong></span> <span class='ocrx_word' id='word_1_451' title='bbox 924 5638 1167 5696; x_wconf 88' lang='lat' dir='ltr'><strong>discere?</strong></span> <span class='ocrx_word' id='word_1_452' title='bbox 1194 5643 1308 5698; x_wconf 85' lang='grc' dir='ltr'><strong></strong></span> <span class='ocrx_word' id='word_1_453' title='bbox 1333 5645 1541 5713; x_wconf 88' lang='lat' dir='ltr'><strong>reliquit</strong></span> <span class='ocrx_word' id='word_1_454' title='bbox 1568 5658 1685 5698; x_wconf 89' lang='lat' dir='ltr'><strong>eum</strong></span> <span class='ocrx_word' id='word_1_455' title='bbox 1710 5643 1761 5697; x_wconf 89' lang='lat' dir='ltr'><strong>in</strong></span> <span class='ocrx_word' id='word_1_456' title='bbox 1787 5652 1949 5710; x_wconf 89' lang='lat' dir='ltr'><strong>terra,</strong></span> 
     </span>
    </p>
   </div>
   <div class='ocr_carea' id='block_1_58' title="bbox 378 5728 1955 5804">
    <p class='ocr_par' dir='ltr' id='par_1_58' title="bbox 378 5728 1955 5804">
     <span class='ocr_line' id='line_1_58' title="bbox 378 5728 1955 5804; baseline 0.006 -24"><span class='ocrx_word' id='word_1_457' title='bbox 378 5728 473 5782; x_wconf 85' lang='lat' dir='ltr'><strong>sed</strong></span> <span class='ocrx_word' id='word_1_458' title='bbox 515 5730 731 5784; x_wconf 81' lang='lat' dir='ltr'><strong>attraxit</strong></span> <span class='ocrx_word' id='word_1_459' title='bbox 756 5745 874 5785; x_wconf 91' lang='lat' dir='ltr'><strong>eum</strong></span> <span class='ocrx_word' id='word_1_460' title='bbox 904 5739 958 5785; x_wconf 89' lang='lat' dir='ltr'><strong>et</strong></span> <span class='ocrx_word' id='word_1_461' title='bbox 991 5730 1042 5784; x_wconf 92' lang='lat' dir='ltr'><strong>in</strong></span> <span class='ocrx_word' id='word_1_462' title='bbox 1072 5733 1260 5787; x_wconf 70' lang='lat' dir='ltr'><strong>castum</strong></span> <span class='ocrx_word' id='word_1_463' title='bbox 1285 5736 1519 5789; x_wconf 88' lang='lat' dir='ltr'><strong>deduxit.</strong></span> <span class='ocrx_word' id='word_1_464' title='bbox 1555 5734 1703 5789; x_wconf 89' lang='lat' dir='ltr'><strong>Unde</strong></span> <span class='ocrx_word' id='word_1_465' title='bbox 1732 5732 1833 5789; x_wconf 89' lang='lat' dir='ltr'><strong>hoc</strong></span> <span class='ocrx_word' id='word_1_466' title='bbox 1864 5752 1955 5804; x_wconf 86' lang='lat' dir='ltr'><strong>pa-</strong></span> 
     </span>
    </p>
   </div>
   <div class='ocr_carea' id='block_1_59' title="bbox 382 5819 1954 5897">
    <p class='ocr_par' dir='ltr' id='par_1_59' title="bbox 382 5819 1954 5897">
     <span class='ocr_line' id='line_1_59' title="bbox 382 5819 1954 5897; baseline 0.006 -25"><span class='ocrx_word' id='word_1_467' title='bbox 382 5819 486 5873; x_wconf 87' lang='lat' dir='ltr'><strong>lam</strong></span> <span class='ocrx_word' id='word_1_468' title='bbox 508 5821 623 5875; x_wconf 87' lang='lat' dir='ltr'><strong>est?</strong></span> <span class='ocrx_word' id='word_1_469' title='bbox 649 5821 779 5890; x_wconf 90' lang='lat' dir='ltr'><strong>Quia</strong></span> <span class='ocrx_word' id='word_1_470' title='bbox 799 5831 1053 5877; x_wconf 87' lang='lat' dir='ltr'><strong>venturus</strong></span> <span class='ocrx_word' id='word_1_471' title='bbox 1072 5831 1153 5878; x_wconf 90' lang='lat' dir='ltr'><strong>est</strong></span> <span class='ocrx_word' id='word_1_472' title='bbox 1173 5839 1290 5878; x_wconf 90' lang='lat' dir='ltr'><strong>cum</strong></span> <span class='ocrx_word' id='word_1_473' title='bbox 1320 5827 1409 5881; x_wconf 93' lang='lat' dir='ltr'><strong>illo</strong></span> <span class='ocrx_word' id='word_1_474' title='bbox 1436 5828 1485 5879; x_wconf 91' lang='lat' dir='ltr'><strong>in</strong></span> <span class='ocrx_word' id='word_1_475' title='bbox 1514 5826 1745 5881; x_wconf 90' lang='lat' dir='ltr'><strong>secundo</strong></span> <span class='ocrx_word' id='word_1_476' title='bbox 1767 5835 1820 5882; x_wconf 90' lang='lat' dir='ltr'><strong>et</strong></span> <span class='ocrx_word' id='word_1_477' title='bbox 1838 5827 1954 5897; x_wconf 84' lang='lat' dir='ltr'><strong>glo-</strong></span> 
     </span>
    </p>
   </div>
   <div class='ocr_carea' id='block_1_60' title="bbox 382 5911 1953 5983">
    <p class='ocr_par' dir='ltr' id='par_1_60' title="bbox 382 5911 1953 5983">
     <span class='ocr_line' id='line_1_60' title="bbox 382 5911 1953 5983; baseline 0.005 -16"><span class='ocrx_word' id='word_1_478' title='bbox 382 5913 524 5968; x_wconf 86' lang='lat' dir='ltr'><strong>rioso</strong></span> <span class='ocrx_word' id='word_1_479' title='bbox 550 5911 663 5983; x_wconf 90' lang='lat' dir='ltr'><strong>ejus</strong></span> <span class='ocrx_word' id='word_1_480' title='bbox 689 5913 917 5973; x_wconf 87' lang='lat' dir='ltr'><strong>adventu</strong></span> <span class='ocrx_word' id='word_1_481' title='bbox 937 5957 952 5982; x_wconf 94' lang='lat'><strong>,</strong></span> <span class='ocrx_word' id='word_1_482' title='bbox 982 5924 1037 5970; x_wconf 91' lang='lat' dir='ltr'><strong>ut</strong></span> <span class='ocrx_word' id='word_1_483' title='bbox 1059 5913 1233 5971; x_wconf 88' lang='lat' dir='ltr'><strong>discas</strong></span> <span class='ocrx_word' id='word_1_484' title='bbox 1258 5932 1468 5974; x_wconf 89' lang='lat' dir='ltr'><strong>crucem</strong></span> <span class='ocrx_word' id='word_1_485' title='bbox 1499 5934 1616 5976; x_wconf 89' lang='lat' dir='ltr'><strong>esse</strong></span> <span class='ocrx_word' id='word_1_486' title='bbox 1645 5935 1752 5974; x_wconf 90' lang='lat' dir='ltr'><strong>rem</strong></span> <span class='ocrx_word' id='word_1_487' title='bbox 1786 5919 1953 5975; x_wconf 83' lang='lat' dir='ltr'><strong>bono-</strong></span> 
     </span>
    </p>
   </div>
   <div class='ocr_carea' id='block_1_61' title="bbox 1407 500 2613 565">
    <p class='ocr_par' dir='ltr' id='par_1_61' title="bbox 1407 500 2613 565">
     <span class='ocr_line' id='line_1_61' title="bbox 1407 500 2613 565; baseline 0.01 -12"><span class='ocrx_word' id='word_1_488' title='bbox 1407 500 1492 555; x_wconf 83' lang='lat' dir='ltr'><strong>DE</strong></span> <span class='ocrx_word' id='word_1_489' title='bbox 1530 500 1756 560; x_wconf 77' lang='lat' dir='ltr'><strong>CRUCE</strong></span> <span class='ocrx_word' id='word_1_490' title='bbox 1798 504 1885 559; x_wconf 83' lang='lat' dir='ltr'><strong>ET</strong></span> <span class='ocrx_word' id='word_1_491' title='bbox 1922 505 2266 562; x_wconf 76' lang='lat' dir='ltr'><strong>LATRONE.</strong></span> <span class='ocrx_word' id='word_1_492' title='bbox 2308 508 2532 565; x_wconf 84' lang='lat' dir='ltr'><strong>llOMIL.</strong></span> <span class='ocrx_word' id='word_1_493' title='bbox 2576 510 2613 565; x_wconf 95' lang='grc'><strong>1.</strong></span> 
     </span>
    </p>
   </div>
   <div class='ocr_carea' id='block_1_62' title="bbox 3520 519 3623 575">
    <p class='ocr_par' dir='ltr' id='par_1_62' title="bbox 3520 519 3623 575">
     <span class='ocr_line' id='line_1_62' title="bbox 3520 519 3623 575; baseline 0.039 -4"><span class='ocrx_word' id='word_1_494' title='bbox 3520 519 3623 575; x_wconf 68' lang='lat' dir='ltr'><strong>ltili</strong></span> 
     </span>
    </p>
   </div>
   <div class='ocr_carea' id='block_1_63' title="bbox 2061 626 3624 700">
    <p class='ocr_par' dir='ltr' id='par_1_63' title="bbox 2061 626 3624 700">
     <span class='ocr_line' id='line_1_63' title="bbox 2061 626 3624 700; baseline 0.008 -21"><span class='ocrx_word' id='word_1_495' title='bbox 2061 626 2313 691; x_wconf 86' lang='lat' dir='ltr'><strong>rabilem;</strong></span> <span class='ocrx_word' id='word_1_496' title='bbox 2342 644 2501 698; x_wconf 88' lang='lat' dir='ltr'><strong>quare</strong></span> <span class='ocrx_word' id='word_1_497' title='bbox 2528 642 2580 685; x_wconf 90' lang='lat' dir='ltr'><strong>et</strong></span> <span class='ocrx_word' id='word_1_498' title='bbox 2599 632 2817 700; x_wconf 82' lang='lat' dir='ltr'><strong>gloriam</strong></span> <span class='ocrx_word' id='word_1_499' title='bbox 2850 632 2988 686; x_wconf 89' lang='lat' dir='ltr'><strong>illam</strong></span> <span class='ocrx_word' id='word_1_500' title='bbox 3012 634 3238 688; x_wconf 73' lang='lat' dir='ltr'><strong>vocavit.</strong></span> <span class='ocrx_word' id='word_1_501' title='bbox 3274 640 3338 687; x_wconf 77' lang='lat' dir='ltr'><strong>At</strong></span> <span class='ocrx_word' id='word_1_502' title='bbox 3360 635 3624 691; x_wconf 73' lang='lat' dir='ltr'><strong>videamus</strong></span> 
     </span>
    </p>
   </div>
   <div class='ocr_carea' id='block_1_64' title="bbox 2055 720 3633 796">
    <p class='ocr_par' dir='ltr' id='par_1_64' title="bbox 2055 720 3633 796">
     <span class='ocr_line' id='line_1_64' title="bbox 2055 720 3633 796; baseline 0.006 -23"><span class='ocrx_word' id='word_1_503' title='bbox 2055 720 2322 788; x_wconf 86' lang='lat' dir='ltr'><strong>quomodo</strong></span> <span class='ocrx_word' id='word_1_504' title='bbox 2349 736 2466 774; x_wconf 89' lang='lat' dir='ltr'><strong>cum</strong></span> <span class='ocrx_word' id='word_1_505' title='bbox 2495 738 2652 776; x_wconf 90' lang='lat' dir='ltr'><strong>cruce</strong></span> <span class='ocrx_word' id='word_1_506' title='bbox 2685 724 2857 777; x_wconf 83' lang='lat' dir='ltr'><strong>veniat</strong></span> <span class='ocrx_word' id='word_1_507' title='bbox 2891 742 2902 775; x_wconf 90' lang='lat'>:</span> <span class='ocrx_word' id='word_1_508' title='bbox 2939 740 3155 780; x_wconf 89' lang='lat' dir='ltr'><strong>necesse</strong></span> <span class='ocrx_word' id='word_1_509' title='bbox 3195 728 3390 796; x_wconf 84' lang='lat' dir='ltr'><strong>quippe</strong></span> <span class='ocrx_word' id='word_1_510' title='bbox 3428 738 3509 781; x_wconf 89' lang='lat' dir='ltr'><strong>est</strong></span> <span class='ocrx_word' id='word_1_511' title='bbox 3538 728 3633 781; x_wconf 85' lang='lat' dir='ltr'><strong>dc-</strong></span> 
     </span>
    </p>
   </div>
   <div class='ocr_carea' id='block_1_65' title="bbox 2059 811 3631 878">
    <p class='ocr_par' dir='ltr' id='par_1_65' title="bbox 2059 811 3631 878">
     <span class='ocr_line' id='line_1_65' title="bbox 2059 811 3631 878; baseline 0.005 -17"><span class='ocrx_word' id='word_1_512' title='bbox 2059 811 2492 866; x_wconf 82' lang='lat' dir='ltr'><strong>Inonstratiouem</strong></span> <span class='ocrx_word' id='word_1_513' title='bbox 2524 814 2573 864; x_wconf 90' lang='lat' dir='ltr'><strong>in</strong></span> <span class='ocrx_word' id='word_1_514' title='bbox 2604 813 2833 866; x_wconf 90' lang='lat' dir='ltr'><strong>medium</strong></span> <span class='ocrx_word' id='word_1_515' title='bbox 2862 815 3130 870; x_wconf 79' lang='lat' dir='ltr'><strong>reducere.</strong></span> <span class='ocrx_word' id='word_1_516' title='bbox 3181 818 3241 873; x_wconf 86' lang='lat' dir='ltr'><strong>Si</strong></span> <span class='ocrx_word' id='word_1_517' title='bbox 3278 818 3517 878; x_wconf 70' lang='lat' dir='ltr'><strong>dixerint,</strong></span> <span class='ocrx_word' id='word_1_518' title='bbox 3553 817 3631 869; x_wconf 86' lang='lat' dir='ltr'><strong>in-</strong></span> 
     </span>
    </p>
   </div>
   <div class='ocr_carea' id='block_1_66' title="bbox 2054 901 3632 970">
    <p class='ocr_par' dir='ltr' id='par_1_66' title="bbox 2054 901 3632 970">
     <span class='ocr_line' id='line_1_66' title="bbox 2054 901 3632 970; baseline 0.005 -18"><span class='ocrx_word' id='word_1_519' title='bbox 2054 901 2186 969; x_wconf 88' lang='lat' dir='ltr'><strong>quit,</strong></span> <span class='ocrx_word' id='word_1_520' title='bbox 2212 918 2325 954; x_wconf 86' lang='lat' dir='ltr'><strong>ecce</strong></span> <span class='ocrx_word' id='word_1_521' title='bbox 2354 904 2405 955; x_wconf 91' lang='lat' dir='ltr'><strong>in</strong></span> <span class='ocrx_word' id='word_1_522' title='bbox 2446 903 2781 967; x_wconf 78' lang='lat' dir='ltr'><strong>penetralibus</strong></span> <span class='ocrx_word' id='word_1_523' title='bbox 2818 916 2890 958; x_wconf 88' lang='lat' dir='ltr'><strong>est</strong></span> <span class='ocrx_word' id='word_1_524' title='bbox 2935 907 3157 960; x_wconf 79' lang='lat' dir='ltr'><strong>Christus</strong></span> <span class='ocrx_word' id='word_1_525' title='bbox 3176 950 3189 970; x_wconf 98' lang='lat'><strong>,</strong></span> <span class='ocrx_word' id='word_1_526' title='bbox 3224 926 3333 962; x_wconf 81' lang='lat' dir='ltr'><strong>ecce</strong></span> <span class='ocrx_word' id='word_1_527' title='bbox 3361 911 3410 962; x_wconf 87' lang='lat' dir='ltr'><strong>in</strong></span> <span class='ocrx_word' id='word_1_528' title='bbox 3437 911 3632 961; x_wconf 77' lang='lat' dir='ltr'><strong>deserto</strong></span> 
     </span>
    </p>
   </div>
   <div class='ocr_carea' id='block_1_67' title="bbox 2055 988 3631 1068">
    <p class='ocr_par' dir='ltr' id='par_1_67' title="bbox 2055 988 3631 1068">
     <span class='ocr_line' id='line_1_67' title="bbox 2055 988 3631 1068; baseline 0.003 -23"><span class='ocrx_word' id='word_1_529' title='bbox 2055 1004 2163 1055; x_wconf 87' lang='lat' dir='ltr'><strong>est;</strong></span> <span class='ocrx_word' id='word_1_530' title='bbox 2191 988 3257 1062; x_wconf 68' lang='lat' dir='ltr'><strong>ueabeatis(MatlIt.24.26);desecuudo</strong></span> <span class='ocrx_word' id='word_1_531' title='bbox 3300 1011 3353 1053; x_wconf 85' lang='lat' dir='ltr'><strong>et</strong></span> <span class='ocrx_word' id='word_1_532' title='bbox 3398 1000 3631 1068; x_wconf 83' lang='lat' dir='ltr'><strong>glorioso</strong></span> 
     </span>
    </p>
   </div>
   <div class='ocr_carea' id='block_1_68' title="bbox 2056 1083 3633 1157">
    <p class='ocr_par' dir='ltr' id='par_1_68' title="bbox 2056 1083 3633 1157">
     <span class='ocr_line' id='line_1_68' title="bbox 2056 1083 3633 1157; baseline 0.005 -23"><span class='ocrx_word' id='word_1_533' title='bbox 2056 1098 2155 1135; x_wconf 89' lang='lat' dir='ltr'><strong>suo</strong></span> <span class='ocrx_word' id='word_1_534' title='bbox 2180 1083 2405 1136; x_wconf 87' lang='lat' dir='ltr'><strong>adventu</strong></span> <span class='ocrx_word' id='word_1_535' title='bbox 2433 1086 2508 1138; x_wconf 93' lang='lat' dir='ltr'><strong>sic</strong></span> <span class='ocrx_word' id='word_1_536' title='bbox 2534 1086 2753 1155; x_wconf 87' lang='lat' dir='ltr'><strong>loquens</strong></span> <span class='ocrx_word' id='word_1_537' title='bbox 2785 1097 3000 1155; x_wconf 85' lang='lat' dir='ltr'><strong>pr0pter</strong></span> <span class='ocrx_word' id='word_1_538' title='bbox 3028 1086 3186 1141; x_wconf 79' lang='lat' dir='ltr'><strong>faISos</strong></span> <span class='ocrx_word' id='word_1_539' title='bbox 3212 1088 3481 1154; x_wconf 70' lang='lat' dir='ltr'><strong>Christos,</strong></span> <span class='ocrx_word' id='word_1_540' title='bbox 3511 1105 3633 1157; x_wconf 87' lang='lat' dir='ltr'><strong>pro-</strong></span> 
     </span>
    </p>
   </div>
   <div class='ocr_carea' id='block_1_69' title="bbox 2059 1174 3632 1247">
    <p class='ocr_par' dir='ltr' id='par_1_69' title="bbox 2059 1174 3632 1247">
     <span class='ocr_line' id='line_1_69' title="bbox 2059 1174 3632 1247; baseline 0.005 -24"><span class='ocrx_word' id='word_1_541' title='bbox 2059 1184 2176 1241; x_wconf 88' lang='lat' dir='ltr'><strong>pter</strong></span> <span class='ocrx_word' id='word_1_542' title='bbox 2202 1174 2357 1228; x_wconf 77' lang='lat' dir='ltr'><strong>falsos</strong></span> <span class='ocrx_word' id='word_1_543' title='bbox 2391 1175 2702 1245; x_wconf 90' lang='lat' dir='ltr'><strong>prophetas,</strong></span> <span class='ocrx_word' id='word_1_544' title='bbox 2738 1188 2955 1245; x_wconf 86' lang='lat' dir='ltr'><strong>propter</strong></span> <span class='ocrx_word' id='word_1_545' title='bbox 2980 1178 3359 1232; x_wconf 71' lang='lat' dir='ltr'><strong>Antichristum</strong></span> <span class='ocrx_word' id='word_1_546' title='bbox 3380 1220 3392 1241; x_wconf 90' lang='lat'><strong>,</strong></span> <span class='ocrx_word' id='word_1_547' title='bbox 3422 1196 3489 1233; x_wconf 88' lang='lat' dir='ltr'><strong>ne</strong></span> <span class='ocrx_word' id='word_1_548' title='bbox 3514 1180 3632 1247; x_wconf 89' lang='lat' dir='ltr'><strong>quis</strong></span> 
     </span>
    </p>
   </div>
   <div class='ocr_carea' id='block_1_70' title="bbox 2057 1265 3631 1334">
    <p class='ocr_par' dir='ltr' id='par_1_70' title="bbox 2057 1265 3631 1334">
     <span class='ocr_line' id='line_1_70' title="bbox 2057 1265 3631 1334; baseline 0.003 -18"><span class='ocrx_word' id='word_1_549' title='bbox 2057 1265 2306 1319; x_wconf 87' lang='lat' dir='ltr'><strong>seductus</strong></span> <span class='ocrx_word' id='word_1_550' title='bbox 2351 1267 2401 1319; x_wconf 92' lang='lat' dir='ltr'><strong>in</strong></span> <span class='ocrx_word' id='word_1_551' title='bbox 2450 1266 2595 1320; x_wconf 93' lang='lat' dir='ltr'><strong>illum</strong></span> <span class='ocrx_word' id='word_1_552' title='bbox 2643 1267 2916 1321; x_wconf 72' lang='lat' dir='ltr'><strong>inrideret.</strong></span> <span class='ocrx_word' id='word_1_553' title='bbox 2945 1270 3077 1334; x_wconf 89' lang='lat' dir='ltr'><strong>Quia</strong></span> <span class='ocrx_word' id='word_1_554' title='bbox 3109 1269 3249 1323; x_wconf 89' lang='lat' dir='ltr'><strong>enim</strong></span> <span class='ocrx_word' id='word_1_555' title='bbox 3281 1269 3631 1321; x_wconf 54' lang='lat' dir='ltr'><strong>Anticln-istus</strong></span> 
     </span>
    </p>
   </div>
   <div class='ocr_carea' id='block_1_71' title="bbox 2056 1356 3633 1426">
    <p class='ocr_par' dir='ltr' id='par_1_71' title="bbox 2056 1356 3633 1426">
     <span class='ocr_line' id='line_1_71' title="bbox 2056 1356 3633 1426; baseline 0.001 -18"><span class='ocrx_word' id='word_1_556' title='bbox 2056 1365 2306 1411; x_wconf 91' lang='lat' dir='ltr'><strong>venturus</strong></span> <span class='ocrx_word' id='word_1_557' title='bbox 2330 1367 2409 1411; x_wconf 81' lang='lat' dir='ltr'><strong>est</strong></span> <span class='ocrx_word' id='word_1_558' title='bbox 2429 1367 2553 1411; x_wconf 90' lang='lat' dir='ltr'><strong>ante</strong></span> <span class='ocrx_word' id='word_1_559' title='bbox 2573 1356 2865 1419; x_wconf 88' lang='lat' dir='ltr'><strong>Christum,</strong></span> <span class='ocrx_word' id='word_1_560' title='bbox 2890 1373 2955 1411; x_wconf 89' lang='lat' dir='ltr'><strong>ne</strong></span> <span class='ocrx_word' id='word_1_561' title='bbox 2971 1360 3089 1426; x_wconf 87' lang='lat' dir='ltr'><strong>quis</strong></span> <span class='ocrx_word' id='word_1_562' title='bbox 3112 1368 3372 1426; x_wconf 84' lang='lat' dir='ltr'><strong>pastorem</strong></span> <span class='ocrx_word' id='word_1_563' title='bbox 3393 1374 3633 1426; x_wconf 69' lang='lat' dir='ltr'><strong>quwrens</strong></span> 
     </span>
    </p>
   </div>
   <div class='ocr_carea' id='block_1_72' title="bbox 2059 1446 3634 1516">
    <p class='ocr_par' dir='ltr' id='par_1_72' title="bbox 2059 1446 3634 1516">
     <span class='ocr_line' id='line_1_72' title="bbox 2059 1446 3634 1516; baseline 0.001 -17"><span class='ocrx_word' id='word_1_564' title='bbox 2059 1447 2109 1499; x_wconf 93' lang='lat' dir='ltr'><strong>iu</strong></span> <span class='ocrx_word' id='word_1_565' title='bbox 2137 1446 2315 1515; x_wconf 90' lang='lat' dir='ltr'><strong>lupum</strong></span> <span class='ocrx_word' id='word_1_566' title='bbox 2344 1447 2559 1510; x_wconf 84' lang='lat' dir='ltr'><strong>incidat,</strong></span> <span class='ocrx_word' id='word_1_567' title='bbox 2585 1446 2781 1500; x_wconf 88' lang='lat' dir='ltr'><strong>idcirco</strong></span> <span class='ocrx_word' id='word_1_568' title='bbox 2805 1446 3054 1501; x_wconf 90' lang='lat' dir='ltr'><strong>indicium</strong></span> <span class='ocrx_word' id='word_1_569' title='bbox 3085 1449 3175 1500; x_wconf 91' lang='lat' dir='ltr'><strong>tibi</strong></span> <span class='ocrx_word' id='word_1_570' title='bbox 3205 1448 3272 1500; x_wconf 91' lang='lat' dir='ltr'><strong>do</strong></span> <span class='ocrx_word' id='word_1_571' title='bbox 3294 1450 3518 1516; x_wconf 83' lang='lat' dir='ltr'><strong>pastoris</strong></span> <span class='ocrx_word' id='word_1_572' title='bbox 3540 1449 3634 1501; x_wconf 86' lang='lat' dir='ltr'><strong>ad-</strong></span> 
     </span>
    </p>
   </div>
   <div class='ocr_carea' id='block_1_73' title="bbox 2059 1535 3634 1606">
    <p class='ocr_par' dir='ltr' id='par_1_73' title="bbox 2059 1535 3634 1606">
     <span class='ocr_line' id='line_1_73' title="bbox 2059 1535 3634 1606; baseline 0.001 -17"><span class='ocrx_word' id='word_1_573' title='bbox 2059 1544 2267 1590; x_wconf 87' lang='lat' dir='ltr'><strong>ventus.</strong></span> <span class='ocrx_word' id='word_1_574' title='bbox 2296 1535 2427 1591; x_wconf 85' lang='lat' dir='ltr'><strong>Nam</strong></span> <span class='ocrx_word' id='word_1_575' title='bbox 2455 1539 2573 1606; x_wconf 89' lang='lat' dir='ltr'><strong>quia</strong></span> <span class='ocrx_word' id='word_1_576' title='bbox 2607 1537 2751 1606; x_wconf 89' lang='lat' dir='ltr'><strong>prior</strong></span> <span class='ocrx_word' id='word_1_577' title='bbox 2775 1538 2890 1606; x_wconf 86' lang='lat' dir='ltr'><strong>ejus</strong></span> <span class='ocrx_word' id='word_1_578' title='bbox 2917 1537 3174 1591; x_wconf 90' lang='lat' dir='ltr'><strong>adventus</strong></span> <span class='ocrx_word' id='word_1_579' title='bbox 3204 1538 3369 1601; x_wconf 89' lang='lat' dir='ltr'><strong>latuit,</strong></span> <span class='ocrx_word' id='word_1_580' title='bbox 3396 1554 3460 1591; x_wconf 91' lang='lat' dir='ltr'><strong>ne</strong></span> <span class='ocrx_word' id='word_1_581' title='bbox 3484 1548 3634 1604; x_wconf 85' lang='lat' dir='ltr'><strong>putes</strong></span> 
     </span>
    </p>
   </div>
   <div class='ocr_carea' id='block_1_74' title="bbox 2057 1630 3635 1697">
    <p class='ocr_par' dir='ltr' id='par_1_74' title="bbox 2057 1630 3635 1697">
     <span class='ocr_line' id='line_1_74' title="bbox 2057 1630 3635 1697; baseline -0.001 -12"><span class='ocrx_word' id='word_1_582' title='bbox 2057 1632 2345 1687; x_wconf 88' lang='lat' dir='ltr'><strong>secundum</strong></span> <span class='ocrx_word' id='word_1_583' title='bbox 2376 1632 2659 1687; x_wconf 88' lang='lat' dir='ltr'><strong>adventum</strong></span> <span class='ocrx_word' id='word_1_584' title='bbox 2690 1633 2842 1686; x_wconf 88' lang='lat' dir='ltr'><strong>talem</strong></span> <span class='ocrx_word' id='word_1_585' title='bbox 2878 1632 3107 1686; x_wconf 90' lang='lat' dir='ltr'><strong>futurum</strong></span> <span class='ocrx_word' id='word_1_586' title='bbox 3140 1646 3280 1697; x_wconf 81' lang='lat' dir='ltr'><strong>esse,</strong></span> <span class='ocrx_word' id='word_1_587' title='bbox 3317 1630 3415 1683; x_wconf 88' lang='lat' dir='ltr'><strong>hoc</strong></span> <span class='ocrx_word' id='word_1_588' title='bbox 3443 1630 3532 1684; x_wconf 89' lang='lat' dir='ltr'><strong>tibi</strong></span> <span class='ocrx_word' id='word_1_589' title='bbox 3559 1632 3635 1684; x_wconf 91' lang='lat' dir='ltr'><strong>si-</strong></span> 
     </span>
    </p>
   </div>
   <div class='ocr_carea' id='block_1_75' title="bbox 2057 1722 3635 1794">
    <p class='ocr_par' dir='ltr' id='par_1_75' title="bbox 2057 1722 3635 1794">
     <span class='ocr_line' id='line_1_75' title="bbox 2057 1722 3635 1794; baseline -0.003 -16"><span class='ocrx_word' id='word_1_590' title='bbox 2057 1740 2217 1794; x_wconf 91' lang='lat' dir='ltr'><strong>gnum</strong></span> <span class='ocrx_word' id='word_1_591' title='bbox 2244 1725 2407 1779; x_wconf 90' lang='lat' dir='ltr'><strong>dedit.</strong></span> <span class='ocrx_word' id='word_1_592' title='bbox 2436 1725 2563 1779; x_wconf 82' lang='lat' dir='ltr'><strong>Jure</strong></span> <span class='ocrx_word' id='word_1_593' title='bbox 2588 1734 2761 1779; x_wconf 89' lang='lat' dir='ltr'><strong>autem</strong></span> <span class='ocrx_word' id='word_1_594' title='bbox 2790 1725 2878 1779; x_wconf 91' lang='lat' dir='ltr'><strong>ille</strong></span> <span class='ocrx_word' id='word_1_595' title='bbox 2897 1724 3153 1779; x_wconf 89' lang='lat' dir='ltr'><strong>adventus</strong></span> <span class='ocrx_word' id='word_1_596' title='bbox 3172 1724 3309 1778; x_wconf 90' lang='lat' dir='ltr'><strong>clam</strong></span> <span class='ocrx_word' id='word_1_597' title='bbox 3342 1722 3437 1776; x_wconf 83' lang='lat' dir='ltr'><strong>fuit</strong></span> <span class='ocrx_word' id='word_1_598' title='bbox 3463 1724 3635 1775; x_wconf 86' lang='lat' dir='ltr'><strong>:venit</strong></span> 
     </span>
    </p>
   </div>
   <div class='ocr_carea' id='block_1_76' title="bbox 2056 1813 3633 1885">
    <p class='ocr_par' dir='ltr' id='par_1_76' title="bbox 2056 1813 3633 1885">
     <span class='ocr_line' id='line_1_76' title="bbox 2056 1813 3633 1885; baseline -0.003 -18"><span class='ocrx_word' id='word_1_599' title='bbox 2056 1816 2197 1869; x_wconf 92' lang='lat' dir='ltr'><strong>enim</strong></span> <span class='ocrx_word' id='word_1_600' title='bbox 2227 1816 2507 1885; x_wconf 73' lang='lat' dir='ltr'><strong>qumsitum</strong></span> <span class='ocrx_word' id='word_1_601' title='bbox 2536 1815 2675 1884; x_wconf 90' lang='lat' dir='ltr'><strong>quod</strong></span> <span class='ocrx_word' id='word_1_602' title='bbox 2707 1815 2970 1884; x_wconf 89' lang='lat' dir='ltr'><strong>perierat;</strong></span> <span class='ocrx_word' id='word_1_603' title='bbox 3019 1822 3073 1868; x_wconf 90' lang='lat' dir='ltr'><strong>at</strong></span> <span class='ocrx_word' id='word_1_604' title='bbox 3113 1815 3198 1867; x_wconf 91' lang='lat' dir='ltr'><strong>hic</strong></span> <span class='ocrx_word' id='word_1_605' title='bbox 3236 1813 3501 1868; x_wconf 86' lang='lat' dir='ltr'><strong>secundus</strong></span> <span class='ocrx_word' id='word_1_606' title='bbox 3529 1827 3633 1864; x_wconf 87' lang='lat' dir='ltr'><strong>non</strong></span> 
     </span>
    </p>
   </div>
   <div class='ocr_carea' id='block_1_77' title="bbox 2059 1904 3637 1973">
    <p class='ocr_par' dir='ltr' id='par_1_77' title="bbox 2059 1904 3637 1973">
     <span class='ocr_line' id='line_1_77' title="bbox 2059 1904 3637 1973; baseline -0.004 -14"><span class='ocrx_word' id='word_1_607' title='bbox 2059 1908 2151 1969; x_wconf 89' lang='lat' dir='ltr'><strong>ita,</strong></span> <span class='ocrx_word' id='word_1_608' title='bbox 2194 1906 2289 1961; x_wconf 91' lang='lat' dir='ltr'><strong>sed</strong></span> <span class='ocrx_word' id='word_1_609' title='bbox 2327 1906 2595 1973; x_wconf 89' lang='lat' dir='ltr'><strong>quomodo</strong></span> <span class='ocrx_word' id='word_1_610' title='bbox 2616 1947 2629 1969; x_wconf 93' lang='lat'><strong>,</strong></span> <span class='ocrx_word' id='word_1_611' title='bbox 2658 1906 2881 1973; x_wconf 72' lang='lat' dir='ltr'><strong>qumso?</strong></span> <span class='ocrx_word' id='word_1_612' title='bbox 2912 1905 3057 1958; x_wconf 83' lang='lat' dir='ltr'><strong>Sicut</strong></span> <span class='ocrx_word' id='word_1_613' title='bbox 3097 1906 3228 1957; x_wconf 87' lang='lat' dir='ltr'><strong>enim</strong></span> <span class='ocrx_word' id='word_1_614' title='bbox 3262 1904 3429 1973; x_wconf 77' lang='lat' dir='ltr'><strong>fulgur</strong></span> <span class='ocrx_word' id='word_1_615' title='bbox 3451 1904 3549 1956; x_wconf 79' lang='lat' dir='ltr'><strong>erit</strong></span> <span class='ocrx_word' id='word_1_616' title='bbox 3576 1904 3637 1953; x_wconf 82' lang='lat' dir='ltr'><strong>ob</strong></span> 
     </span>
    </p>
   </div>
   <div class='ocr_carea' id='block_1_78' title="bbox 2061 1994 3638 2064">
    <p class='ocr_par' dir='ltr' id='par_1_78' title="bbox 2061 1994 3638 2064">
     <span class='ocr_line' id='line_1_78' title="bbox 2061 1994 3638 2064; baseline -0.002 -16"><span class='ocrx_word' id='word_1_617' title='bbox 2061 1996 2284 2056; x_wconf 87' lang='lat' dir='ltr'><strong>Oriente,</strong></span> <span class='ocrx_word' id='word_1_618' title='bbox 2311 2005 2356 2047; x_wconf 89' lang='lat' dir='ltr'><strong>et</strong></span> <span class='ocrx_word' id='word_1_619' title='bbox 2381 2005 2589 2064; x_wconf 86' lang='lat' dir='ltr'><strong>apparet</strong></span> <span class='ocrx_word' id='word_1_620' title='bbox 2613 2011 2767 2063; x_wconf 86' lang='lat' dir='ltr'><strong>usque</strong></span> <span class='ocrx_word' id='word_1_621' title='bbox 2794 1995 2861 2047; x_wconf 89' lang='lat' dir='ltr'><strong>ad</strong></span> <span class='ocrx_word' id='word_1_622' title='bbox 2891 1994 3229 2057; x_wconf 81' lang='lat' dir='ltr'><strong>Occidentem,</strong></span> <span class='ocrx_word' id='word_1_623' title='bbox 3258 1996 3331 2047; x_wconf 85' lang='lat' dir='ltr'><strong>sic</strong></span> <span class='ocrx_word' id='word_1_624' title='bbox 3360 1996 3448 2046; x_wconf 87' lang='lat' dir='ltr'><strong>erit</strong></span> <span class='ocrx_word' id='word_1_625' title='bbox 3476 2004 3521 2047; x_wconf 85' lang='lat' dir='ltr'><strong>et</strong></span> <span class='ocrx_word' id='word_1_626' title='bbox 3546 1995 3638 2045; x_wconf 80' lang='lat' dir='ltr'><strong>ati-</strong></span> 
     </span>
    </p>
   </div>
   <div class='ocr_carea' id='block_1_79' title="bbox 2058 2084 3641 2154">
    <p class='ocr_par' dir='ltr' id='par_1_79' title="bbox 2058 2084 3641 2154">
     <span class='ocr_line' id='line_1_79' title="bbox 2058 2084 3641 2154; baseline -0.001 -16"><span class='ocrx_word' id='word_1_627' title='bbox 2058 2096 2230 2140; x_wconf 80' lang='lat' dir='ltr'><strong>ventus</strong></span> <span class='ocrx_word' id='word_1_628' title='bbox 2277 2085 2403 2139; x_wconf 81' lang='lat' dir='ltr'><strong>Filii</strong></span> <span class='ocrx_word' id='word_1_629' title='bbox 2452 2087 2666 2139; x_wconf 79' lang='lat' dir='ltr'><strong>hominis</strong></span> <span class='ocrx_word' id='word_1_630' title='bbox 2714 2084 2874 2153; x_wconf 79' lang='lat' dir='ltr'><strong>(Ibid.</strong></span> <span class='ocrx_word' id='word_1_631' title='bbox 2910 2102 2955 2138; x_wconf 89' lang='lat' dir='ltr'><strong>v.</strong></span> <span class='ocrx_word' id='word_1_632' title='bbox 2985 2085 3109 2154; x_wconf 87' lang='grc'><strong>27).</strong></span> <span class='ocrx_word' id='word_1_633' title='bbox 3139 2086 3425 2141; x_wconf 84' lang='lat' dir='ltr'><strong>Confestim</strong></span> <span class='ocrx_word' id='word_1_634' title='bbox 3468 2086 3641 2139; x_wconf 89' lang='lat' dir='ltr'><strong>omni-</strong></span> 
     </span>
    </p>
   </div>
   <div class='ocr_carea' id='block_1_80' title="bbox 2061 2179 3635 2248">
    <p class='ocr_par' dir='ltr' id='par_1_80' title="bbox 2061 2179 3635 2248">
     <span class='ocr_line' id='line_1_80' title="bbox 2061 2179 3635 2248; baseline -0.001 -17"><span class='ocrx_word' id='word_1_635' title='bbox 2061 2181 2157 2233; x_wconf 89' lang='lat' dir='ltr'><strong>bus</strong></span> <span class='ocrx_word' id='word_1_636' title='bbox 2179 2179 2472 2248; x_wconf 88' lang='lat' dir='ltr'><strong>apparebit,</strong></span> <span class='ocrx_word' id='word_1_637' title='bbox 2504 2180 2807 2248; x_wconf 91' lang='lat' dir='ltr'><strong>ncminique</strong></span> <span class='ocrx_word' id='word_1_638' title='bbox 2839 2182 3160 2247; x_wconf 81' lang='lat' dir='ltr'><strong>interrogatu</strong></span> <span class='ocrx_word' id='word_1_639' title='bbox 3186 2194 3321 2246; x_wconf 91' lang='lat' dir='ltr'><strong>opus</strong></span> <span class='ocrx_word' id='word_1_640' title='bbox 3341 2180 3475 2242; x_wconf 91' lang='lat' dir='ltr'><strong>erit,</strong></span> <span class='ocrx_word' id='word_1_641' title='bbox 3511 2194 3635 2230; x_wconf 89' lang='lat' dir='ltr'><strong>num</strong></span> 
     </span>
    </p>
   </div>
   <div class='ocr_carea' id='block_1_81' title="bbox 2060 2270 3637 2339">
    <p class='ocr_par' dir='ltr' id='par_1_81' title="bbox 2060 2270 3637 2339">
     <span class='ocr_line' id='line_1_81' title="bbox 2060 2270 3637 2339; baseline -0.004 -13"><span class='ocrx_word' id='word_1_642' title='bbox 2060 2272 2145 2326; x_wconf 86' lang='lat' dir='ltr'><strong>hic</strong></span> <span class='ocrx_word' id='word_1_643' title='bbox 2166 2313 2180 2339; x_wconf 93' lang='lat'><strong>,</strong></span> <span class='ocrx_word' id='word_1_644' title='bbox 2212 2287 2339 2326; x_wconf 90' lang='lat' dir='ltr'><strong>num</strong></span> <span class='ocrx_word' id='word_1_645' title='bbox 2370 2271 2477 2327; x_wconf 89' lang='lat' dir='ltr'><strong>illic</strong></span> <span class='ocrx_word' id='word_1_646' title='bbox 2502 2272 2571 2326; x_wconf 87' lang='lat' dir='ltr'><strong>sit</strong></span> <span class='ocrx_word' id='word_1_647' title='bbox 2595 2270 2857 2326; x_wconf 78' lang='lat' dir='ltr'><strong>Christus.</strong></span> <span class='ocrx_word' id='word_1_648' title='bbox 2892 2271 3346 2338; x_wconf 86' lang='lat' dir='ltr'><strong>Quemadmodum</strong></span> <span class='ocrx_word' id='word_1_649' title='bbox 3374 2271 3515 2323; x_wconf 89' lang='lat' dir='ltr'><strong>enim</strong></span> <span class='ocrx_word' id='word_1_650' title='bbox 3542 2285 3637 2337; x_wconf 89' lang='lat' dir='ltr'><strong>ap-</strong></span> 
     </span>
    </p>
   </div>
   <div class='ocr_carea' id='block_1_82' title="bbox 2059 2364 3639 2435">
    <p class='ocr_par' dir='ltr' id='par_1_82' title="bbox 2059 2364 3639 2435">
     <span class='ocr_line' id='line_1_82' title="bbox 2059 2364 3639 2435; baseline -0.002 -17"><span class='ocrx_word' id='word_1_651' title='bbox 2059 2372 2279 2433; x_wconf 89' lang='lat' dir='ltr'><strong>parente</strong></span> <span class='ocrx_word' id='word_1_652' title='bbox 2301 2364 2523 2435; x_wconf 88' lang='lat' dir='ltr'><strong>fulgure,</strong></span> <span class='ocrx_word' id='word_1_653' title='bbox 2553 2380 2659 2417; x_wconf 90' lang='lat' dir='ltr'><strong>non</strong></span> <span class='ocrx_word' id='word_1_654' title='bbox 2692 2379 2826 2434; x_wconf 87' lang='lat' dir='ltr'><strong>opus</strong></span> <span class='ocrx_word' id='word_1_655' title='bbox 2853 2375 2934 2418; x_wconf 91' lang='lat' dir='ltr'><strong>est</strong></span> <span class='ocrx_word' id='word_1_656' title='bbox 2962 2365 3265 2433; x_wconf 90' lang='lat' dir='ltr'><strong>perquirere</strong></span> <span class='ocrx_word' id='word_1_657' title='bbox 3293 2379 3358 2416; x_wconf 89' lang='lat' dir='ltr'><strong>an</strong></span> <span class='ocrx_word' id='word_1_658' title='bbox 3380 2377 3639 2431; x_wconf 86' lang='lat' dir='ltr'><strong>apparue-</strong></span> 
     </span>
    </p>
   </div>
   <div class='ocr_carea' id='block_1_83' title="bbox 2059 2454 3639 2524">
    <p class='ocr_par' dir='ltr' id='par_1_83' title="bbox 2059 2454 3639 2524">
     <span class='ocr_line' id='line_1_83' title="bbox 2059 2454 3639 2524; baseline -0.003 -16"><span class='ocrx_word' id='word_1_659' title='bbox 2059 2457 2159 2517; x_wconf 86' lang='lat' dir='ltr'><strong>rit;</strong></span> <span class='ocrx_word' id='word_1_660' title='bbox 2207 2456 2286 2510; x_wconf 90' lang='lat' dir='ltr'><strong>sic</strong></span> <span class='ocrx_word' id='word_1_661' title='bbox 2327 2465 2380 2509; x_wconf 89' lang='lat' dir='ltr'><strong>et</strong></span> <span class='ocrx_word' id='word_1_662' title='bbox 2414 2456 2465 2509; x_wconf 94' lang='lat' dir='ltr'><strong>in</strong></span> <span class='ocrx_word' id='word_1_663' title='bbox 2495 2455 2721 2509; x_wconf 83' lang='lat' dir='ltr'><strong>adventu</strong></span> <span class='ocrx_word' id='word_1_664' title='bbox 2748 2454 2941 2508; x_wconf 88' lang='lat' dir='ltr'><strong>Christi</strong></span> <span class='ocrx_word' id='word_1_665' title='bbox 2975 2470 3076 2508; x_wconf 89' lang='lat' dir='ltr'><strong>non</strong></span> <span class='ocrx_word' id='word_1_666' title='bbox 3103 2469 3237 2524; x_wconf 89' lang='lat' dir='ltr'><strong>opus</strong></span> <span class='ocrx_word' id='word_1_667' title='bbox 3264 2455 3366 2509; x_wconf 92' lang='lat' dir='ltr'><strong>erit</strong></span> <span class='ocrx_word' id='word_1_668' title='bbox 3400 2468 3639 2523; x_wconf 69' lang='lat' dir='ltr'><strong>quarrerc</strong></span> 
     </span>
    </p>
   </div>
   <div class='ocr_carea' id='block_1_84' title="bbox 2057 2546 3637 2616">
    <p class='ocr_par' dir='ltr' id='par_1_84' title="bbox 2057 2546 3637 2616">
     <span class='ocr_line' id='line_1_84' title="bbox 2057 2546 3637 2616; baseline -0.003 -16"><span class='ocrx_word' id='word_1_669' title='bbox 2057 2562 2123 2600; x_wconf 86' lang='lat' dir='ltr'><strong>an</strong></span> <span class='ocrx_word' id='word_1_670' title='bbox 2150 2546 2393 2601; x_wconf 84' lang='lat' dir='ltr'><strong>Christus</strong></span> <span class='ocrx_word' id='word_1_671' title='bbox 2424 2548 2714 2601; x_wconf 82' lang='lat' dir='ltr'><strong>advenerit.</strong></span> <span class='ocrx_word' id='word_1_672' title='bbox 2750 2550 2815 2601; x_wconf 87' lang='lat' dir='ltr'><strong>At</strong></span> <span class='ocrx_word' id='word_1_673' title='bbox 2845 2548 2983 2616; x_wconf 88' lang='lat' dir='ltr'><strong>quod</strong></span> <span class='ocrx_word' id='word_1_674' title='bbox 3015 2548 3268 2615; x_wconf 81' lang='lat' dir='ltr'><strong>qna-ritur</strong></span> <span class='ocrx_word' id='word_1_675' title='bbox 3294 2554 3393 2603; x_wconf 91' lang='lat' dir='ltr'><strong>est.</strong></span> <span class='ocrx_word' id='word_1_676' title='bbox 3422 2560 3487 2598; x_wconf 92' lang='lat' dir='ltr'><strong>an</strong></span> <span class='ocrx_word' id='word_1_677' title='bbox 3516 2560 3637 2599; x_wconf 90' lang='lat' dir='ltr'><strong>cum</strong></span> 
     </span>
    </p>
   </div>
   <div class='ocr_carea' id='block_1_85' title="bbox 2059 2636 3635 2704">
    <p class='ocr_par' dir='ltr' id='par_1_85' title="bbox 2059 2636 3635 2704">
     <span class='ocr_line' id='line_1_85' title="bbox 2059 2636 3635 2704; baseline -0.002 -14"><span class='ocrx_word' id='word_1_678' title='bbox 2059 2651 2215 2690; x_wconf 90' lang='lat' dir='ltr'><strong>cruce</strong></span> <span class='ocrx_word' id='word_1_679' title='bbox 2240 2647 2495 2690; x_wconf 88' lang='lat' dir='ltr'><strong>venturus</strong></span> <span class='ocrx_word' id='word_1_680' title='bbox 2533 2638 2602 2689; x_wconf 87' lang='lat' dir='ltr'><strong>sit</strong></span> <span class='ocrx_word' id='word_1_681' title='bbox 2634 2654 2646 2688; x_wconf 92' lang='lat'><strong>:</strong></span> <span class='ocrx_word' id='word_1_682' title='bbox 2677 2652 2780 2690; x_wconf 93' lang='lat' dir='ltr'><strong>non</strong></span> <span class='ocrx_word' id='word_1_683' title='bbox 2812 2638 2954 2690; x_wconf 88' lang='lat' dir='ltr'><strong>enim</strong></span> <span class='ocrx_word' id='word_1_684' title='bbox 2990 2637 3233 2704; x_wconf 70' lang='lat' dir='ltr'><strong>promissi</strong></span> <span class='ocrx_word' id='word_1_685' title='bbox 3256 2636 3405 2689; x_wconf 92' lang='lat' dir='ltr'><strong>obliti</strong></span> <span class='ocrx_word' id='word_1_686' title='bbox 3433 2648 3635 2688; x_wconf 87' lang='lat' dir='ltr'><strong>smnus.</strong></span> 
     </span>
    </p>
   </div>
   <div class='ocr_carea' id='block_1_86' title="bbox 2060 2726 3637 2796">
    <p class='ocr_par' dir='ltr' id='par_1_86' title="bbox 2060 2726 3637 2796">
     <span class='ocr_line' id='line_1_86' title="bbox 2060 2726 3637 2796; baseline -0.002 -16"><span class='ocrx_word' id='word_1_687' title='bbox 2060 2728 2196 2781; x_wconf 83' lang='lat' dir='ltr'><strong>Audi</strong></span> <span class='ocrx_word' id='word_1_688' title='bbox 2244 2728 2399 2795; x_wconf 77' lang='lat' dir='ltr'><strong>igitur</strong></span> <span class='ocrx_word' id='word_1_689' title='bbox 2437 2743 2519 2789; x_wconf 83' lang='lat' dir='ltr'><strong>ea,</strong></span> <span class='ocrx_word' id='word_1_690' title='bbox 2553 2743 2670 2796; x_wconf 79' lang='lat' dir='ltr'><strong>quae</strong></span> <span class='ocrx_word' id='word_1_691' title='bbox 2718 2736 3029 2795; x_wconf 86' lang='lat' dir='ltr'><strong>sequuntur.</strong></span> <span class='ocrx_word' id='word_1_692' title='bbox 3062 2727 3225 2787; x_wconf 87' lang='lat' dir='ltr'><strong>Tunc,</strong></span> <span class='ocrx_word' id='word_1_693' title='bbox 3253 2726 3451 2794; x_wconf 87' lang='lat' dir='ltr'><strong>inquit;</strong></span> <span class='ocrx_word' id='word_1_694' title='bbox 3494 2735 3637 2785; x_wconf 78' lang='lat' dir='ltr'><strong>time,</strong></span> 
     </span>
    </p>
   </div>
   <div class='ocr_carea' id='block_1_87' title="bbox 2059 2816 3640 2889">
    <p class='ocr_par' dir='ltr' id='par_1_87' title="bbox 2059 2816 3640 2889">
     <span class='ocr_line' id='line_1_87' title="bbox 2059 2816 3640 2889; baseline -0.004 -17"><span class='ocrx_word' id='word_1_695' title='bbox 2059 2821 2430 2889; x_wconf 87' lang='lat' dir='ltr'><strong>quandonam?</strong></span> <span class='ocrx_word' id='word_1_696' title='bbox 2460 2820 2583 2873; x_wconf 88' lang='lat' dir='ltr'><strong>Cum</strong></span> <span class='ocrx_word' id='word_1_697' title='bbox 2606 2820 2793 2873; x_wconf 84' lang='lat' dir='ltr'><strong>venerit</strong></span> <span class='ocrx_word' id='word_1_698' title='bbox 2826 2818 2868 2871; x_wconf 74' lang='grc' dir='ltr'><strong></strong></span> <span class='ocrx_word' id='word_1_699' title='bbox 2872 2820 2986 2872; x_wconf 81' lang='lat' dir='ltr'><strong>ilius</strong></span> <span class='ocrx_word' id='word_1_700' title='bbox 3007 2820 3241 2883; x_wconf 85' lang='lat' dir='ltr'><strong>hominis,</strong></span> <span class='ocrx_word' id='word_1_701' title='bbox 3259 2819 3336 2870; x_wconf 88' lang='lat' dir='ltr'><strong>sol</strong></span> <span class='ocrx_word' id='word_1_702' title='bbox 3356 2816 3640 2869; x_wconf 69' lang='lat' dir='ltr'><strong>obscurabio</strong></span> 
     </span>
    </p>
   </div>
   <div class='ocr_carea' id='block_1_88' title="bbox 2061 2907 3636 2980">
    <p class='ocr_par' dir='ltr' id='par_1_88' title="bbox 2061 2907 3636 2980">
     <span class='ocr_line' id='line_1_88' title="bbox 2061 2907 3636 2980; baseline -0.003 -16"><span class='ocrx_word' id='word_1_703' title='bbox 2061 2923 2181 2976; x_wconf 88' lang='lat' dir='ltr'><strong>tur,</strong></span> <span class='ocrx_word' id='word_1_704' title='bbox 2223 2922 2269 2966; x_wconf 89' lang='lat' dir='ltr'><strong>et</strong></span> <span class='ocrx_word' id='word_1_705' title='bbox 2324 2912 2444 2964; x_wconf 81' lang='lat' dir='ltr'><strong>luna</strong></span> <span class='ocrx_word' id='word_1_706' title='bbox 2510 2928 2607 2965; x_wconf 91' lang='lat' dir='ltr'><strong>non</strong></span> <span class='ocrx_word' id='word_1_707' title='bbox 2660 2911 2797 2963; x_wconf 86' lang='lat' dir='ltr'><strong>dabit</strong></span> <span class='ocrx_word' id='word_1_708' title='bbox 2853 2912 3011 2963; x_wconf 86' lang='lat' dir='ltr'><strong>lucem</strong></span> <span class='ocrx_word' id='word_1_709' title='bbox 3064 2926 3206 2964; x_wconf 84' lang='lat' dir='ltr'><strong>suam</strong></span> <span class='ocrx_word' id='word_1_710' title='bbox 3261 2908 3390 2980; x_wconf 83' lang='lat' dir='ltr'><strong>(Ib.</strong></span> <span class='ocrx_word' id='word_1_711' title='bbox 3425 2924 3472 2960; x_wconf 86' lang='grc' dir='ltr'><strong>.</strong></span> <span class='ocrx_word' id='word_1_712' title='bbox 3505 2907 3636 2975; x_wconf 84' lang='grc'><strong>29).</strong></span> 
     </span>
    </p>
   </div>
   <div class='ocr_carea' id='block_1_89' title="bbox 2062 2999 3640 3068">
    <p class='ocr_par' dir='ltr' id='par_1_89' title="bbox 2062 2999 3640 3068">
     <span class='ocr_line' id='line_1_89' title="bbox 2062 2999 3640 3068; baseline -0.003 -13"><span class='ocrx_word' id='word_1_713' title='bbox 2062 3003 2228 3055; x_wconf 90' lang='lat' dir='ltr'><strong>Tanta</strong></span> <span class='ocrx_word' id='word_1_714' title='bbox 2270 3003 2407 3055; x_wconf 89' lang='lat' dir='ltr'><strong>enim</strong></span> <span class='ocrx_word' id='word_1_715' title='bbox 2450 3011 2573 3055; x_wconf 92' lang='lat' dir='ltr'><strong>tunc</strong></span> <span class='ocrx_word' id='word_1_716' title='bbox 2618 3002 2719 3055; x_wconf 87' lang='lat' dir='ltr'><strong>erit</strong></span> <span class='ocrx_word' id='word_1_717' title='bbox 2764 3000 2893 3055; x_wconf 90' lang='lat' dir='ltr'><strong>lueis</strong></span> <span class='ocrx_word' id='word_1_718' title='bbox 2935 3002 3107 3067; x_wconf 84' lang='lat' dir='ltr'><strong>e0pia,</strong></span> <span class='ocrx_word' id='word_1_719' title='bbox 3154 3010 3210 3053; x_wconf 91' lang='lat' dir='ltr'><strong>ut</strong></span> <span class='ocrx_word' id='word_1_720' title='bbox 3254 2999 3640 3068; x_wconf 75' lang='lat' dir='ltr'><strong>splendidiores</strong></span> 
     </span>
    </p>
   </div>
   <div class='ocr_carea' id='block_1_90' title="bbox 2056 3090 3638 3158">
    <p class='ocr_par' dir='ltr' id='par_1_90' title="bbox 2056 3090 3638 3158">
     <span class='ocr_line' id='line_1_90' title="bbox 2056 3090 3638 3158; baseline -0.004 -12"><span class='ocrx_word' id='word_1_721' title='bbox 2056 3092 2224 3148; x_wconf 65' lang='lat' dir='ltr'><strong>stellm</strong></span> <span class='ocrx_word' id='word_1_722' title='bbox 2246 3092 2592 3145; x_wconf 74' lang='lat' dir='ltr'><strong>obscuranda:</strong></span> <span class='ocrx_word' id='word_1_723' title='bbox 2613 3092 2740 3144; x_wconf 90' lang='lat' dir='ltr'><strong>sint.</strong></span> <span class='ocrx_word' id='word_1_724' title='bbox 2767 3090 2908 3143; x_wconf 85' lang='lat' dir='ltr'><strong>Tunc</strong></span> <span class='ocrx_word' id='word_1_725' title='bbox 2924 3091 3080 3143; x_wconf 72' lang='lat' dir='ltr'><strong>stella:</strong></span> <span class='ocrx_word' id='word_1_726' title='bbox 3092 3091 3290 3152; x_wconf 86' lang='lat' dir='ltr'><strong>cadent,</strong></span> <span class='ocrx_word' id='word_1_727' title='bbox 3309 3100 3424 3141; x_wconf 88' lang='lat' dir='ltr'><strong>tunc</strong></span> <span class='ocrx_word' id='word_1_728' title='bbox 3440 3091 3638 3158; x_wconf 85' lang='lat' dir='ltr'><strong>signum</strong></span> 
     </span>
    </p>
   </div>
   <div class='ocr_carea' id='block_1_91' title="bbox 2060 3180 3635 3249">
    <p class='ocr_par' dir='ltr' id='par_1_91' title="bbox 2060 3180 3635 3249">
     <span class='ocr_line' id='line_1_91' title="bbox 2060 3180 3635 3249; baseline -0.003 -14"><span class='ocrx_word' id='word_1_729' title='bbox 2060 3180 2184 3235; x_wconf 82' lang='lat' dir='ltr'><strong>Filii</strong></span> <span class='ocrx_word' id='word_1_730' title='bbox 2210 3181 2423 3234; x_wconf 82' lang='lat' dir='ltr'><strong>hominis</strong></span> <span class='ocrx_word' id='word_1_731' title='bbox 2450 3180 2710 3249; x_wconf 84' lang='lat' dir='ltr'><strong>apparebit</strong></span> <span class='ocrx_word' id='word_1_732' title='bbox 2746 3181 2798 3232; x_wconf 89' lang='lat' dir='ltr'><strong>in</strong></span> <span class='ocrx_word' id='word_1_733' title='bbox 2824 3182 2966 3233; x_wconf 72' lang='lat' dir='ltr'><strong>cazlo.</strong></span> <span class='ocrx_word' id='word_1_734' title='bbox 3000 3180 3185 3233; x_wconf 83' lang='lat' dir='ltr'><strong>Viden</strong></span> <span class='ocrx_word' id='word_1_735' title='bbox 3212 3190 3406 3247; x_wconf 89' lang='lat' dir='ltr'><strong>quanta</strong></span> <span class='ocrx_word' id='word_1_736' title='bbox 3436 3180 3499 3231; x_wconf 91' lang='lat' dir='ltr'><strong>sit</strong></span> <span class='ocrx_word' id='word_1_737' title='bbox 3527 3180 3635 3231; x_wconf 86' lang='lat' dir='ltr'><strong>vir-</strong></span> 
     </span>
    </p>
   </div>
   <div class='ocr_carea' id='block_1_92' title="bbox 2059 3271 3637 3342">
    <p class='ocr_par' dir='ltr' id='par_1_92' title="bbox 2059 3271 3637 3342">
     <span class='ocr_line' id='line_1_92' title="bbox 2059 3271 3637 3342; baseline -0.004 -13"><span class='ocrx_word' id='word_1_738' title='bbox 2059 3284 2143 3329; x_wconf 94' lang='lat' dir='ltr'><strong>tus</strong></span> <span class='ocrx_word' id='word_1_739' title='bbox 2171 3276 2304 3342; x_wconf 68' lang='lat' dir='ltr'><strong>signi</strong></span> <span class='ocrx_word' id='word_1_740' title='bbox 2328 3273 2539 3327; x_wconf 90' lang='lat' dir='ltr'><strong>crucis?</strong></span> <span class='ocrx_word' id='word_1_741' title='bbox 2569 3272 2659 3327; x_wconf 90' lang='lat' dir='ltr'><strong>Sol</strong></span> <span class='ocrx_word' id='word_1_742' title='bbox 2690 3271 3078 3335; x_wconf 89' lang='lat' dir='ltr'><strong>obseurabitur,</strong></span> <span class='ocrx_word' id='word_1_743' title='bbox 3109 3282 3161 3325; x_wconf 86' lang='lat' dir='ltr'><strong>et</strong></span> <span class='ocrx_word' id='word_1_744' title='bbox 3193 3273 3312 3324; x_wconf 83' lang='lat' dir='ltr'><strong>luna</strong></span> <span class='ocrx_word' id='word_1_745' title='bbox 3345 3287 3447 3324; x_wconf 89' lang='lat' dir='ltr'><strong>non</strong></span> <span class='ocrx_word' id='word_1_746' title='bbox 3472 3286 3637 3339; x_wconf 86' lang='lat' dir='ltr'><strong>appa-</strong></span> 
     </span>
    </p>
   </div>
   <div class='ocr_carea' id='block_1_93' title="bbox 2057 3362 3635 3431">
    <p class='ocr_par' dir='ltr' id='par_1_93' title="bbox 2057 3362 3635 3431">
     <span class='ocr_line' id='line_1_93' title="bbox 2057 3362 3635 3431; baseline -0.003 -12"><span class='ocrx_word' id='word_1_747' title='bbox 2057 3365 2195 3419; x_wconf 89' lang='lat' dir='ltr'><strong>rebit</strong></span> <span class='ocrx_word' id='word_1_748' title='bbox 2224 3382 2237 3415; x_wconf 88' lang='lat'><strong>:</strong></span> <span class='ocrx_word' id='word_1_749' title='bbox 2270 3363 2396 3417; x_wconf 91' lang='lat' dir='ltr'><strong>illud</strong></span> <span class='ocrx_word' id='word_1_750' title='bbox 2427 3379 2552 3416; x_wconf 90' lang='lat' dir='ltr'><strong>vero</strong></span> <span class='ocrx_word' id='word_1_751' title='bbox 2597 3362 2762 3431; x_wconf 89' lang='lat' dir='ltr'><strong>fulget</strong></span> <span class='ocrx_word' id='word_1_752' title='bbox 2810 3372 2865 3417; x_wconf 89' lang='lat' dir='ltr'><strong>et</strong></span> <span class='ocrx_word' id='word_1_753' title='bbox 2907 3371 3152 3431; x_wconf 87' lang='lat' dir='ltr'><strong>apparet.</strong></span> <span class='ocrx_word' id='word_1_754' title='bbox 3199 3373 3254 3415; x_wconf 91' lang='lat' dir='ltr'><strong>ut</strong></span> <span class='ocrx_word' id='word_1_755' title='bbox 3290 3362 3465 3415; x_wconf 90' lang='lat' dir='ltr'><strong>discas</strong></span> <span class='ocrx_word' id='word_1_756' title='bbox 3511 3362 3635 3415; x_wconf 91' lang='lat' dir='ltr'><strong>illud</strong></span> 
     </span>
    </p>
   </div>
   <div class='ocr_carea' id='block_1_94' title="bbox 2058 3452 3638 3523">
    <p class='ocr_par' dir='ltr' id='par_1_94' title="bbox 2058 3452 3638 3523">
     <span class='ocr_line' id='line_1_94' title="bbox 2058 3452 3638 3523; baseline -0.001 -15"><span class='ocrx_word' id='word_1_757' title='bbox 2058 3469 2175 3508; x_wconf 85' lang='lat' dir='ltr'><strong>esse</strong></span> <span class='ocrx_word' id='word_1_758' title='bbox 2200 3454 2526 3523; x_wconf 91' lang='lat' dir='ltr'><strong>splendidius</strong></span> <span class='ocrx_word' id='word_1_759' title='bbox 2546 3453 2659 3507; x_wconf 90' lang='lat' dir='ltr'><strong>sole</strong></span> <span class='ocrx_word' id='word_1_760' title='bbox 2680 3464 2730 3507; x_wconf 89' lang='lat' dir='ltr'><strong>et</strong></span> <span class='ocrx_word' id='word_1_761' title='bbox 2757 3453 2899 3507; x_wconf 90' lang='lat' dir='ltr'><strong>luna.</strong></span> <span class='ocrx_word' id='word_1_762' title='bbox 2927 3454 3002 3506; x_wconf 87' lang='lat' dir='ltr'><strong>Ac</strong></span> <span class='ocrx_word' id='word_1_763' title='bbox 3021 3452 3485 3521; x_wconf 88' lang='lat' dir='ltr'><strong>quemadmodum,</strong></span> <span class='ocrx_word' id='word_1_764' title='bbox 3514 3468 3638 3520; x_wconf 84' lang='lat' dir='ltr'><strong>rege</strong></span> 
     </span>
    </p>
   </div>
   <div class='ocr_carea' id='block_1_95' title="bbox 2063 3546 3633 3613">
    <p class='ocr_par' dir='ltr' id='par_1_95' title="bbox 2063 3546 3633 3613">
     <span class='ocr_line' id='line_1_95' title="bbox 2063 3546 3633 3613; baseline -0.002 -15"><span class='ocrx_word' id='word_1_765' title='bbox 2063 3548 2113 3599; x_wconf 90' lang='lat' dir='ltr'><strong>in</strong></span> <span class='ocrx_word' id='word_1_766' title='bbox 2145 3547 2329 3600; x_wconf 89' lang='lat' dir='ltr'><strong>urbem</strong></span> <span class='ocrx_word' id='word_1_767' title='bbox 2352 3546 2600 3611; x_wconf 90' lang='lat' dir='ltr'><strong>intrante,</strong></span> <span class='ocrx_word' id='word_1_768' title='bbox 2634 3546 2825 3600; x_wconf 86' lang='lat' dir='ltr'><strong>milites</strong></span> <span class='ocrx_word' id='word_1_769' title='bbox 2866 3555 3081 3613; x_wconf 79' lang='lat' dir='ltr'><strong>accepta</strong></span> <span class='ocrx_word' id='word_1_770' title='bbox 3127 3546 3297 3613; x_wconf 83' lang='lat' dir='ltr'><strong>signa,</strong></span> <span class='ocrx_word' id='word_1_771' title='bbox 3341 3554 3393 3598; x_wconf 90' lang='lat' dir='ltr'><strong>ut</strong></span> <span class='ocrx_word' id='word_1_772' title='bbox 3424 3556 3633 3603; x_wconf 83' lang='lat' dir='ltr'><strong>vocant,</strong></span> 
     </span>
    </p>
   </div>
   <div class='ocr_carea' id='block_1_96' title="bbox 2059 3636 3640 3707">
    <p class='ocr_par' dir='ltr' id='par_1_96' title="bbox 2059 3636 3640 3707">
     <span class='ocr_line' id='line_1_96' title="bbox 2059 3636 3640 3707; baseline -0.004 -14"><span class='ocrx_word' id='word_1_773' title='bbox 2059 3645 2269 3707; x_wconf 85' lang='lat' dir='ltr'><strong>gestant</strong></span> <span class='ocrx_word' id='word_1_774' title='bbox 2294 3636 2531 3693; x_wconf 89' lang='lat' dir='ltr'><strong>humeris</strong></span> <span class='ocrx_word' id='word_1_775' title='bbox 2554 3678 2569 3701; x_wconf 96' lang='lat'><strong>,</strong></span> <span class='ocrx_word' id='word_1_776' title='bbox 2601 3636 2717 3703; x_wconf 91' lang='lat' dir='ltr'><strong>ejus</strong></span> <span class='ocrx_word' id='word_1_777' title='bbox 2744 3638 3040 3706; x_wconf 87' lang='lat' dir='ltr'><strong>ingressum</strong></span> <span class='ocrx_word' id='word_1_778' title='bbox 3082 3636 3494 3704; x_wconf 57' lang='lat' dir='ltr'><strong>praenuntiantes</strong></span> <span class='ocrx_word' id='word_1_779' title='bbox 3525 3653 3537 3687; x_wconf 89' lang='lat'><strong>:</strong></span> <span class='ocrx_word' id='word_1_780' title='bbox 3564 3636 3640 3688; x_wconf 89' lang='lat' dir='ltr'><strong>sic</strong></span> 
     </span>
    </p>
   </div>
   <div class='ocr_carea' id='block_1_97' title="bbox 2060 3726 3639 3794">
    <p class='ocr_par' dir='ltr' id='par_1_97' title="bbox 2060 3726 3639 3794">
     <span class='ocr_line' id='line_1_97' title="bbox 2060 3726 3639 3794; baseline -0.003 -12"><span class='ocrx_word' id='word_1_781' title='bbox 2060 3738 2114 3782; x_wconf 90' lang='lat' dir='ltr'><strong>et</strong></span> <span class='ocrx_word' id='word_1_782' title='bbox 2141 3728 2365 3781; x_wconf 88' lang='lat' dir='ltr'><strong>Domino</strong></span> <span class='ocrx_word' id='word_1_783' title='bbox 2391 3726 2747 3781; x_wconf 88' lang='lat' dir='ltr'><strong>descendente</strong></span> <span class='ocrx_word' id='word_1_784' title='bbox 2789 3726 2855 3780; x_wconf 93' lang='lat' dir='ltr'><strong>de</strong></span> <span class='ocrx_word' id='word_1_785' title='bbox 2893 3726 3059 3790; x_wconf 74' lang='lat' dir='ltr'><strong>cmlis,</strong></span> <span class='ocrx_word' id='word_1_786' title='bbox 3090 3726 3350 3794; x_wconf 68' lang='lat' dir='ltr'><strong>prmibunt</strong></span> <span class='ocrx_word' id='word_1_787' title='bbox 3375 3726 3639 3780; x_wconf 84' lang='lat' dir='ltr'><strong>exercitus</strong></span> 
     </span>
    </p>
   </div>
   <div class='ocr_carea' id='block_1_98' title="bbox 2058 3815 3637 3887">
    <p class='ocr_par' dir='ltr' id='par_1_98' title="bbox 2058 3815 3637 3887">
     <span class='ocr_line' id='line_1_98' title="bbox 2058 3815 3637 3887; baseline -0.001 -17"><span class='ocrx_word' id='word_1_788' title='bbox 2058 3818 2367 3887; x_wconf 86' lang='lat' dir='ltr'><strong>angelorum</strong></span> <span class='ocrx_word' id='word_1_789' title='bbox 2408 3825 2463 3872; x_wconf 89' lang='lat' dir='ltr'><strong>et</strong></span> <span class='ocrx_word' id='word_1_790' title='bbox 2504 3817 2967 3884; x_wconf 82' lang='lat' dir='ltr'><strong>archangelorum,</strong></span> <span class='ocrx_word' id='word_1_791' title='bbox 2998 3818 3203 3886; x_wconf 86' lang='lat' dir='ltr'><strong>signum</strong></span> <span class='ocrx_word' id='word_1_792' title='bbox 3234 3815 3535 3885; x_wconf 89' lang='lat' dir='ltr'><strong>bujusmodi</strong></span> <span class='ocrx_word' id='word_1_793' title='bbox 3562 3815 3637 3869; x_wconf 88' lang='lat' dir='ltr'><strong>fe-</strong></span> 
     </span>
    </p>
   </div>
   <div class='ocr_carea' id='block_1_99' title="bbox 2060 3907 3641 3978">
    <p class='ocr_par' dir='ltr' id='par_1_99' title="bbox 2060 3907 3641 3978">
     <span class='ocr_line' id='line_1_99' title="bbox 2060 3907 3641 3978; baseline -0.002 -16"><span class='ocrx_word' id='word_1_794' title='bbox 2060 3920 2237 3962; x_wconf 90' lang='lat' dir='ltr'><strong>rentes</strong></span> <span class='ocrx_word' id='word_1_795' title='bbox 2267 3908 2521 3969; x_wconf 89' lang='lat' dir='ltr'><strong>humeris,</strong></span> <span class='ocrx_word' id='word_1_796' title='bbox 2545 3916 2599 3962; x_wconf 92' lang='lat' dir='ltr'><strong>et</strong></span> <span class='ocrx_word' id='word_1_797' title='bbox 2622 3911 2823 3977; x_wconf 87' lang='lat' dir='ltr'><strong>regium</strong></span> <span class='ocrx_word' id='word_1_798' title='bbox 2852 3908 2968 3975; x_wconf 87' lang='lat' dir='ltr'><strong>ejus</strong></span> <span class='ocrx_word' id='word_1_799' title='bbox 2996 3909 3290 3978; x_wconf 84' lang='lat' dir='ltr'><strong>ingressum</strong></span> <span class='ocrx_word' id='word_1_800' title='bbox 3322 3907 3476 3960; x_wconf 88' lang='lat' dir='ltr'><strong>nobis</strong></span> <span class='ocrx_word' id='word_1_801' title='bbox 3504 3922 3641 3975; x_wconf 64' lang='lat' dir='ltr'><strong>prm-</strong></span> 
     </span>
    </p>
   </div>
   <div class='ocr_carea' id='block_1_100' title="bbox 2058 3994 3639 4051">
    <p class='ocr_par' dir='ltr' id='par_1_100' title="bbox 2058 3994 3639 4051">
     <span class='ocr_line' id='line_1_100' title="bbox 2058 3994 3639 4051; baseline -0.003 0"><span class='ocrx_word' id='word_1_802' title='bbox 2058 3997 2380 4051; x_wconf 91' lang='lat' dir='ltr'><strong>nuntiantes.</strong></span> <span class='ocrx_word' id='word_1_803' title='bbox 2437 3996 2581 4050; x_wconf 87' lang='lat' dir='ltr'><strong>Tunc</strong></span> <span class='ocrx_word' id='word_1_804' title='bbox 2633 3997 3066 4050; x_wconf 68' lang='lat' dir='ltr'><strong>commovebuntur</strong></span> <span class='ocrx_word' id='word_1_805' title='bbox 3131 3994 3348 4049; x_wconf 82' lang='lat' dir='ltr'><strong>Virtutes</strong></span> <span class='ocrx_word' id='word_1_806' title='bbox 3404 3996 3639 4049; x_wconf 81' lang='lat' dir='ltr'><strong>ctelorurn</strong></span> 
     </span>
    </p>
   </div>
   <div class='ocr_carea' id='block_1_101' title="bbox 2059 4087 3634 4161">
    <p class='ocr_par' dir='ltr' id='par_1_101' title="bbox 2059 4087 3634 4161">
     <span class='ocr_line' id='line_1_101' title="bbox 2059 4087 3634 4161; baseline -0.003 -18"><span class='ocrx_word' id='word_1_807' title='bbox 2059 4089 2270 4161; x_wconf 71' lang='lat' dir='ltr'><strong>(Ibid),</strong></span> <span class='ocrx_word' id='word_1_808' title='bbox 2304 4090 2371 4144; x_wconf 90' lang='lat' dir='ltr'><strong>de</strong></span> <span class='ocrx_word' id='word_1_809' title='bbox 2397 4089 2598 4159; x_wconf 89' lang='lat' dir='ltr'><strong>angelis</strong></span> <span class='ocrx_word' id='word_1_810' title='bbox 2624 4089 2858 4158; x_wconf 89' lang='lat' dir='ltr'><strong>loquitur</strong></span> <span class='ocrx_word' id='word_1_811' title='bbox 2882 4106 2893 4139; x_wconf 94' lang='lat'>:</span> <span class='ocrx_word' id='word_1_812' title='bbox 2921 4098 3119 4143; x_wconf 86' lang='lat' dir='ltr'><strong>tremor</strong></span> <span class='ocrx_word' id='word_1_813' title='bbox 3136 4087 3495 4157; x_wconf 89' lang='lat' dir='ltr'><strong>apprehendet</strong></span> <span class='ocrx_word' id='word_1_814' title='bbox 3521 4102 3634 4149; x_wconf 91' lang='lat' dir='ltr'><strong>eos,</strong></span> 
     </span>
    </p>
   </div>
   <div class='ocr_carea' id='block_1_102' title="bbox 2060 4177 3638 4250">
    <p class='ocr_par' dir='ltr' id='par_1_102' title="bbox 2060 4177 3638 4250">
     <span class='ocr_line' id='line_1_102' title="bbox 2060 4177 3638 4250; baseline -0.005 -15"><span class='ocrx_word' id='word_1_815' title='bbox 2060 4190 2113 4235; x_wconf 88' lang='lat' dir='ltr'><strong>et</strong></span> <span class='ocrx_word' id='word_1_816' title='bbox 2145 4182 2304 4235; x_wconf 92' lang='lat' dir='ltr'><strong>timor</strong></span> <span class='ocrx_word' id='word_1_817' title='bbox 2328 4195 2570 4250; x_wconf 91' lang='lat' dir='ltr'><strong>magnus.</strong></span> <span class='ocrx_word' id='word_1_818' title='bbox 2592 4179 2658 4233; x_wconf 89' lang='lat' dir='ltr'><strong>Et</strong></span> <span class='ocrx_word' id='word_1_819' title='bbox 2676 4195 2791 4239; x_wconf 91' lang='lat' dir='ltr'><strong>cur,</strong></span> <span class='ocrx_word' id='word_1_820' title='bbox 2807 4179 3025 4248; x_wconf 78' lang='lat' dir='ltr'><strong>qmeso?</strong></span> <span class='ocrx_word' id='word_1_821' title='bbox 3048 4177 3403 4232; x_wconf 89' lang='lat' dir='ltr'><strong>Tremendum</strong></span> <span class='ocrx_word' id='word_1_822' title='bbox 3426 4180 3526 4230; x_wconf 88' lang='lat' dir='ltr'><strong>erit</strong></span> <span class='ocrx_word' id='word_1_823' title='bbox 3546 4178 3638 4228; x_wconf 85' lang='lat' dir='ltr'><strong>tri-</strong></span> 
     </span>
    </p>
   </div>
   <div class='ocr_carea' id='block_1_103' title="bbox 2060 4268 3637 4340">
    <p class='ocr_par' dir='ltr' id='par_1_103' title="bbox 2060 4268 3637 4340">
     <span class='ocr_line' id='line_1_103' title="bbox 2060 4268 3637 4340; baseline -0.004 -12"><span class='ocrx_word' id='word_1_824' title='bbox 2060 4274 2219 4328; x_wconf 90' lang='lat' dir='ltr'><strong>bunal</strong></span> <span class='ocrx_word' id='word_1_825' title='bbox 2248 4273 2372 4327; x_wconf 92' lang='lat' dir='ltr'><strong>illud</strong></span> <span class='ocrx_word' id='word_1_826' title='bbox 2399 4290 2412 4325; x_wconf 88' lang='lat'><strong>:</strong></span> <span class='ocrx_word' id='word_1_827' title='bbox 2438 4272 2682 4326; x_wconf 88' lang='lat' dir='ltr'><strong>universa</strong></span> <span class='ocrx_word' id='word_1_828' title='bbox 2704 4272 2897 4340; x_wconf 84' lang='lat' dir='ltr'><strong>quippe</strong></span> <span class='ocrx_word' id='word_1_829' title='bbox 2913 4281 3094 4323; x_wconf 87' lang='lat' dir='ltr'><strong>natura</strong></span> <span class='ocrx_word' id='word_1_830' title='bbox 3116 4279 3292 4323; x_wconf 89' lang='lat' dir='ltr'><strong>nostra</strong></span> <span class='ocrx_word' id='word_1_831' title='bbox 3307 4268 3527 4337; x_wconf 89' lang='lat' dir='ltr'><strong>judicari</strong></span> <span class='ocrx_word' id='word_1_832' title='bbox 3545 4269 3637 4322; x_wconf 48' lang='lat' dir='ltr'><strong>de.</strong></span> 
     </span>
    </p>
   </div>
   <div class='ocr_carea' id='block_1_104' title="bbox 2061 4359 3638 4432">
    <p class='ocr_par' dir='ltr' id='par_1_104' title="bbox 2061 4359 3638 4432">
     <span class='ocr_line' id='line_1_104' title="bbox 2061 4359 3638 4432; baseline -0.003 -14"><span class='ocrx_word' id='word_1_833' title='bbox 2061 4366 2170 4432; x_wconf 89' lang='lat' dir='ltr'><strong>bet,</strong></span> <span class='ocrx_word' id='word_1_834' title='bbox 2186 4376 2240 4421; x_wconf 89' lang='lat' dir='ltr'><strong>et</strong></span> <span class='ocrx_word' id='word_1_835' title='bbox 2257 4370 2465 4420; x_wconf 88' lang='lat' dir='ltr'><strong>adstare</strong></span> <span class='ocrx_word' id='word_1_836' title='bbox 2490 4372 2612 4417; x_wconf 88' lang='lat' dir='ltr'><strong>ante</strong></span> <span class='ocrx_word' id='word_1_837' title='bbox 2634 4362 3018 4416; x_wconf 89' lang='lat' dir='ltr'><strong>formidabilem</strong></span> <span class='ocrx_word' id='word_1_838' title='bbox 3036 4362 3181 4414; x_wconf 83' lang='lat' dir='ltr'><strong>illum</strong></span> <span class='ocrx_word' id='word_1_839' title='bbox 3198 4360 3448 4429; x_wconf 76' lang='lat' dir='ltr'><strong>judicent.</strong></span> <span class='ocrx_word' id='word_1_840' title='bbox 3465 4359 3638 4424; x_wconf 90' lang='lat' dir='ltr'><strong>Quare</strong></span> 
     </span>
    </p>
   </div>
   <div class='ocr_carea' id='block_1_105' title="bbox 2059 4450 3639 4526">
    <p class='ocr_par' dir='ltr' id='par_1_105' title="bbox 2059 4450 3639 4526">
     <span class='ocr_line' id='line_1_105' title="bbox 2059 4450 3639 4526; baseline -0.005 -15"><span class='ocrx_word' id='word_1_841' title='bbox 2059 4473 2187 4526; x_wconf 89' lang='lat' dir='ltr'><strong>ergo</strong></span> <span class='ocrx_word' id='word_1_842' title='bbox 2212 4457 2385 4525; x_wconf 84' lang='lat' dir='ltr'><strong>angeli</strong></span> <span class='ocrx_word' id='word_1_843' title='bbox 2412 4455 2598 4508; x_wconf 88' lang='lat' dir='ltr'><strong>timent</strong></span> <span class='ocrx_word' id='word_1_844' title='bbox 2634 4461 2687 4507; x_wconf 90' lang='lat' dir='ltr'><strong>et</strong></span> <span class='ocrx_word' id='word_1_845' title='bbox 2726 4452 3154 4507; x_wconf 84' lang='lat' dir='ltr'><strong>exborrescuut?</strong></span> <span class='ocrx_word' id='word_1_846' title='bbox 3198 4467 3369 4520; x_wconf 89' lang='lat' dir='ltr'><strong>neque</strong></span> <span class='ocrx_word' id='word_1_847' title='bbox 3391 4452 3533 4505; x_wconf 90' lang='lat' dir='ltr'><strong>enim</strong></span> <span class='ocrx_word' id='word_1_848' title='bbox 3566 4450 3639 4503; x_wconf 88' lang='lat' dir='ltr'><strong>illi</strong></span> 
     </span>
    </p>
   </div>
   <div class='ocr_carea' id='block_1_106' title="bbox 2056 4542 3636 4616">
    <p class='ocr_par' dir='ltr' id='par_1_106' title="bbox 2056 4542 3636 4616">
     <span class='ocr_line' id='line_1_106' title="bbox 2056 4542 3636 4616; baseline -0.007 -13"><span class='ocrx_word' id='word_1_849' title='bbox 2056 4548 2325 4616; x_wconf 89' lang='lat' dir='ltr'><strong>judicandi</strong></span> <span class='ocrx_word' id='word_1_850' title='bbox 2369 4554 2509 4600; x_wconf 89' lang='lat' dir='ltr'><strong>sunt.</strong></span> <span class='ocrx_word' id='word_1_851' title='bbox 2554 4543 3012 4612; x_wconf 88' lang='lat' dir='ltr'><strong>Quemadmodum</strong></span> <span class='ocrx_word' id='word_1_852' title='bbox 3050 4542 3320 4612; x_wconf 90' lang='lat' dir='ltr'><strong>judicante</strong></span> <span class='ocrx_word' id='word_1_853' title='bbox 3369 4542 3636 4610; x_wconf 80' lang='lat' dir='ltr'><strong>principe,</strong></span> 
     </span>
    </p>
   </div>
   <div class='ocr_carea' id='block_1_107' title="bbox 2062 4633 3639 4702">
    <p class='ocr_par' dir='ltr' id='par_1_107' title="bbox 2062 4633 3639 4702">
     <span class='ocr_line' id='line_1_107' title="bbox 2062 4633 3639 4702; baseline -0.006 -8"><span class='ocrx_word' id='word_1_854' title='bbox 2062 4656 2167 4694; x_wconf 93' lang='lat' dir='ltr'><strong>non</strong></span> <span class='ocrx_word' id='word_1_855' title='bbox 2196 4640 2273 4694; x_wconf 89' lang='lat' dir='ltr'><strong>rei</strong></span> <span class='ocrx_word' id='word_1_856' title='bbox 2306 4646 2504 4692; x_wconf 88' lang='lat' dir='ltr'><strong>tantum</strong></span> <span class='ocrx_word' id='word_1_857' title='bbox 2531 4677 2546 4699; x_wconf 94' lang='lat'><strong>,</strong></span> <span class='ocrx_word' id='word_1_858' title='bbox 2578 4635 2673 4689; x_wconf 90' lang='lat' dir='ltr'><strong>sed</strong></span> <span class='ocrx_word' id='word_1_859' title='bbox 2697 4635 2857 4690; x_wconf 89' lang='lat' dir='ltr'><strong>etiam</strong></span> <span class='ocrx_word' id='word_1_860' title='bbox 2884 4635 2971 4689; x_wconf 88' lang='lat' dir='ltr'><strong>alii</strong></span> <span class='ocrx_word' id='word_1_861' title='bbox 2999 4650 3066 4690; x_wconf 84' lang='lat' dir='ltr'><strong>ex</strong></span> <span class='ocrx_word' id='word_1_862' title='bbox 3096 4634 3300 4695; x_wconf 88' lang='lat' dir='ltr'><strong>militia,</strong></span> <span class='ocrx_word' id='word_1_863' title='bbox 3329 4633 3420 4702; x_wconf 90' lang='lat' dir='ltr'><strong>qui</strong></span> <span class='ocrx_word' id='word_1_864' title='bbox 3445 4633 3639 4686; x_wconf 91' lang='lat' dir='ltr'><strong>nullius</strong></span> 
     </span>
    </p>
   </div>
   <div class='ocr_carea' id='block_1_108' title="bbox 2061 4721 3637 4788">
    <p class='ocr_par' dir='ltr' id='par_1_108' title="bbox 2061 4721 3637 4788">
     <span class='ocr_line' id='line_1_108' title="bbox 2061 4721 3637 4788; baseline -0.007 -4"><span class='ocrx_word' id='word_1_865' title='bbox 2061 4731 2159 4784; x_wconf 91' lang='lat' dir='ltr'><strong>sibi</strong></span> <span class='ocrx_word' id='word_1_866' title='bbox 2191 4728 2427 4784; x_wconf 90' lang='lat' dir='ltr'><strong>criminis</strong></span> <span class='ocrx_word' id='word_1_867' title='bbox 2461 4725 2658 4781; x_wconf 89' lang='lat' dir='ltr'><strong>conscii</strong></span> <span class='ocrx_word' id='word_1_868' title='bbox 2702 4734 2825 4779; x_wconf 90' lang='lat' dir='ltr'><strong>sunt</strong></span> <span class='ocrx_word' id='word_1_869' title='bbox 2848 4765 2863 4788; x_wconf 87' lang='lat'><strong>,</strong></span> <span class='ocrx_word' id='word_1_870' title='bbox 2894 4726 3084 4779; x_wconf 90' lang='lat' dir='ltr'><strong>timent</strong></span> <span class='ocrx_word' id='word_1_871' title='bbox 3107 4732 3158 4778; x_wconf 90' lang='lat' dir='ltr'><strong>et</strong></span> <span class='ocrx_word' id='word_1_872' title='bbox 3183 4722 3399 4776; x_wconf 90' lang='lat' dir='ltr'><strong>horrent</strong></span> <span class='ocrx_word' id='word_1_873' title='bbox 3425 4721 3495 4775; x_wconf 94' lang='lat' dir='ltr'><strong>ob</strong></span> <span class='ocrx_word' id='word_1_874' title='bbox 3521 4738 3637 4774; x_wconf 89' lang='lat' dir='ltr'><strong>me-</strong></span> 
     </span>
    </p>
   </div>
   <div class='ocr_carea' id='block_1_109' title="bbox 2064 4811 3638 4876">
    <p class='ocr_par' dir='ltr' id='par_1_109' title="bbox 2064 4811 3638 4876">
     <span class='ocr_line' id='line_1_109' title="bbox 2064 4811 3638 4876; baseline -0.009 0"><span class='ocrx_word' id='word_1_875' title='bbox 2064 4834 2171 4876; x_wconf 91' lang='lat' dir='ltr'><strong>tum</strong></span> <span class='ocrx_word' id='word_1_876' title='bbox 2214 4820 2414 4875; x_wconf 85' lang='lat' dir='ltr'><strong>Judicis</strong></span> <span class='ocrx_word' id='word_1_877' title='bbox 2444 4834 2458 4872; x_wconf 93' lang='lat'>:</span> <span class='ocrx_word' id='word_1_878' title='bbox 2494 4819 2565 4871; x_wconf 87' lang='lat' dir='ltr'><strong>ita</strong></span> <span class='ocrx_word' id='word_1_879' title='bbox 2595 4827 2648 4872; x_wconf 89' lang='lat' dir='ltr'><strong>et</strong></span> <span class='ocrx_word' id='word_1_880' title='bbox 2675 4826 2799 4871; x_wconf 92' lang='lat' dir='ltr'><strong>tunc</strong></span> <span class='ocrx_word' id='word_1_881' title='bbox 2823 4831 2943 4870; x_wconf 92' lang='lat' dir='ltr'><strong>cum</strong></span> <span class='ocrx_word' id='word_1_882' title='bbox 2969 4815 3036 4869; x_wconf 89' lang='lat' dir='ltr'><strong>de</strong></span> <span class='ocrx_word' id='word_1_883' title='bbox 3064 4823 3248 4867; x_wconf 87' lang='lat' dir='ltr'><strong>natura</strong></span> <span class='ocrx_word' id='word_1_884' title='bbox 3279 4821 3456 4865; x_wconf 89' lang='lat' dir='ltr'><strong>nostra</strong></span> <span class='ocrx_word' id='word_1_885' title='bbox 3490 4811 3638 4876; x_wconf 87' lang='lat' dir='ltr'><strong>judi-</strong></span> 
     </span>
    </p>
   </div>
   <div class='ocr_carea' id='block_1_110' title="bbox 2059 4898 3637 4974">
    <p class='ocr_par' dir='ltr' id='par_1_110' title="bbox 2059 4898 3637 4974">
     <span class='ocr_line' id='line_1_110' title="bbox 2059 4898 3637 4974; baseline -0.008 -7"><span class='ocrx_word' id='word_1_886' title='bbox 2059 4898 2280 4974; x_wconf 88' lang='lat' dir='ltr'><strong>cabitur,</strong></span> <span class='ocrx_word' id='word_1_887' title='bbox 2312 4908 2508 4964; x_wconf 91' lang='lat' dir='ltr'><strong>nullius</strong></span> <span class='ocrx_word' id='word_1_888' title='bbox 2537 4908 2661 4962; x_wconf 88' lang='lat' dir='ltr'><strong>mali</strong></span> <span class='ocrx_word' id='word_1_889' title='bbox 2691 4908 2790 4961; x_wconf 92' lang='lat' dir='ltr'><strong>sibi</strong></span> <span class='ocrx_word' id='word_1_890' title='bbox 2816 4905 3013 4960; x_wconf 92' lang='lat' dir='ltr'><strong>conscii</strong></span> <span class='ocrx_word' id='word_1_891' title='bbox 3040 4904 3211 4972; x_wconf 85' lang='lat' dir='ltr'><strong>angeli</strong></span> <span class='ocrx_word' id='word_1_892' title='bbox 3240 4902 3533 4965; x_wconf 88' lang='lat' dir='ltr'><strong>timebunt,</strong></span> <span class='ocrx_word' id='word_1_893' title='bbox 3570 4917 3637 4955; x_wconf 77' lang='lat' dir='ltr'><strong>oo</strong></span> 
     </span>
    </p>
   </div>
   <div class='ocr_carea' id='block_1_111' title="bbox 2063 4992 3638 5061">
    <p class='ocr_par' dir='ltr' id='par_1_111' title="bbox 2063 4992 3638 5061">
     <span class='ocr_line' id='line_1_111' title="bbox 2063 4992 3638 5061; baseline -0.008 -5"><span class='ocrx_word' id='word_1_894' title='bbox 2063 5004 2374 5057; x_wconf 90' lang='lat' dir='ltr'><strong>immensam</strong></span> <span class='ocrx_word' id='word_1_895' title='bbox 2420 4998 2620 5053; x_wconf 87' lang='lat' dir='ltr'><strong>Judicis</strong></span> <span class='ocrx_word' id='word_1_896' title='bbox 2668 4994 3021 5049; x_wconf 90' lang='lat' dir='ltr'><strong>formidinem.</strong></span> <span class='ocrx_word' id='word_1_897' title='bbox 3067 4992 3263 5047; x_wconf 83' lang='lat' dir='ltr'><strong>Verum</strong></span> <span class='ocrx_word' id='word_1_898' title='bbox 3307 5007 3473 5061; x_wconf 90' lang='lat' dir='ltr'><strong>quare</strong></span> <span class='ocrx_word' id='word_1_899' title='bbox 3515 5002 3638 5045; x_wconf 90' lang='lat' dir='ltr'><strong>tunc</strong></span> 
     </span>
    </p>
   </div>
   <div class='ocr_carea' id='block_1_112' title="bbox 2060 5084 3636 5164">
    <p class='ocr_par' dir='ltr' id='par_1_112' title="bbox 2060 5084 3636 5164">
     <span class='ocr_line' id='line_1_112' title="bbox 2060 5084 3636 5164; baseline -0.01 -13"><span class='ocrx_word' id='word_1_900' title='bbox 2060 5111 2190 5151; x_wconf 80' lang='lat' dir='ltr'><strong>crux</strong></span> <span class='ocrx_word' id='word_1_901' title='bbox 2212 5094 2504 5164; x_wconf 87' lang='lat' dir='ltr'><strong>apparebit,</strong></span> <span class='ocrx_word' id='word_1_902' title='bbox 2527 5098 2581 5145; x_wconf 91' lang='lat' dir='ltr'><strong>et</strong></span> <span class='ocrx_word' id='word_1_903' title='bbox 2605 5104 2698 5143; x_wconf 93' lang='lat' dir='ltr'><strong>cur</strong></span> <span class='ocrx_word' id='word_1_904' title='bbox 2718 5102 2838 5142; x_wconf 90' lang='lat' dir='ltr'><strong>cum</strong></span> <span class='ocrx_word' id='word_1_905' title='bbox 2862 5086 2949 5140; x_wconf 88' lang='lat' dir='ltr'><strong>illa</strong></span> <span class='ocrx_word' id='word_1_906' title='bbox 2968 5094 3220 5140; x_wconf 88' lang='lat' dir='ltr'><strong>venturus</strong></span> <span class='ocrx_word' id='word_1_907' title='bbox 3241 5086 3354 5140; x_wconf 84' lang='lat' dir='ltr'><strong>est?</strong></span> <span class='ocrx_word' id='word_1_908' title='bbox 3382 5084 3447 5141; x_wconf 90' lang='lat' dir='ltr'><strong>Ut</strong></span> <span class='ocrx_word' id='word_1_909' title='bbox 3472 5085 3525 5149; x_wconf 92' lang='lat' dir='ltr'><strong>ii,</strong></span> <span class='ocrx_word' id='word_1_910' title='bbox 3549 5084 3636 5151; x_wconf 89' lang='lat' dir='ltr'><strong>qui</strong></span> 
     </span>
    </p>
   </div>
   <div class='ocr_carea' id='block_1_113' title="bbox 2060 5176 3638 5249">
    <p class='ocr_par' dir='ltr' id='par_1_113' title="bbox 2060 5176 3638 5249">
     <span class='ocr_line' id='line_1_113' title="bbox 2060 5176 3638 5249; baseline -0.012 -7"><span class='ocrx_word' id='word_1_911' title='bbox 2060 5188 2207 5242; x_wconf 90' lang='lat' dir='ltr'><strong>illum</strong></span> <span class='ocrx_word' id='word_1_912' title='bbox 2232 5184 2624 5244; x_wconf 82' lang='lat' dir='ltr'><strong>crucifixerunt,</strong></span> <span class='ocrx_word' id='word_1_913' title='bbox 2650 5179 2840 5249; x_wconf 87' lang='lat' dir='ltr'><strong>ingrati</strong></span> <span class='ocrx_word' id='word_1_914' title='bbox 2868 5177 3033 5233; x_wconf 90' lang='lat' dir='ltr'><strong>animi</strong></span> <span class='ocrx_word' id='word_1_915' title='bbox 3060 5176 3143 5233; x_wconf 90' lang='lat' dir='ltr'><strong>sui</strong></span> <span class='ocrx_word' id='word_1_916' title='bbox 3169 5177 3453 5246; x_wconf 87' lang='lat' dir='ltr'><strong>nequitiam</strong></span> <span class='ocrx_word' id='word_1_917' title='bbox 3476 5190 3638 5244; x_wconf 85' lang='lat' dir='ltr'><strong>agno-</strong></span> 
     </span>
    </p>
   </div>
   <div class='ocr_carea' id='block_1_114' title="bbox 2061 5265 3633 5340">
    <p class='ocr_par' dir='ltr' id='par_1_114' title="bbox 2061 5265 3633 5340">
     <span class='ocr_line' id='line_1_114' title="bbox 2061 5265 3633 5340; baseline -0.011 -8"><span class='ocrx_word' id='word_1_918' title='bbox 2061 5285 2244 5333; x_wconf 90' lang='lat' dir='ltr'><strong>scant:</strong></span> <span class='ocrx_word' id='word_1_919' title='bbox 2274 5275 2393 5329; x_wconf 91' lang='lat' dir='ltr'><strong>ideo</strong></span> <span class='ocrx_word' id='word_1_920' title='bbox 2416 5272 2626 5327; x_wconf 89' lang='lat' dir='ltr'><strong>illorum</strong></span> <span class='ocrx_word' id='word_1_921' title='bbox 2652 5269 2994 5340; x_wconf 71' lang='lat' dir='ltr'><strong>impudentite</strong></span> <span class='ocrx_word' id='word_1_922' title='bbox 3032 5266 3331 5338; x_wconf 90' lang='lat' dir='ltr'><strong>symbolum</strong></span> <span class='ocrx_word' id='word_1_923' title='bbox 3371 5265 3633 5319; x_wconf 85' lang='lat' dir='ltr'><strong>ostendet.</strong></span> 
     </span>
    </p>
   </div>
   <div class='ocr_carea' id='block_1_115' title="bbox 2061 5353 3635 5437">
    <p class='ocr_par' dir='ltr' id='par_1_115' title="bbox 2061 5353 3635 5437">
     <span class='ocr_line' id='line_1_115' title="bbox 2061 5353 3635 5437; baseline -0.011 -12"><span class='ocrx_word' id='word_1_924' title='bbox 2061 5368 2213 5437; x_wconf 92' lang='lat' dir='ltr'><strong>Quod</strong></span> <span class='ocrx_word' id='word_1_925' title='bbox 2239 5375 2415 5423; x_wconf 89' lang='lat' dir='ltr'><strong>autem</strong></span> <span class='ocrx_word' id='word_1_926' title='bbox 2446 5365 2567 5420; x_wconf 89' lang='lat' dir='ltr'><strong>ideo</strong></span> <span class='ocrx_word' id='word_1_927' title='bbox 2595 5364 2736 5418; x_wconf 90' lang='lat' dir='ltr'><strong>illam</strong></span> <span class='ocrx_word' id='word_1_928' title='bbox 2762 5362 3019 5415; x_wconf 88' lang='lat' dir='ltr'><strong>allaturus</strong></span> <span class='ocrx_word' id='word_1_929' title='bbox 3045 5360 3141 5421; x_wconf 90' lang='lat' dir='ltr'><strong>sit,</strong></span> <span class='ocrx_word' id='word_1_930' title='bbox 3172 5355 3292 5409; x_wconf 88' lang='lat' dir='ltr'><strong>audi</strong></span> <span class='ocrx_word' id='word_1_931' title='bbox 3322 5353 3635 5424; x_wconf 82' lang='lat' dir='ltr'><strong>prophetam</strong></span> 
     </span>
    </p>
   </div>
   <div class='ocr_carea' id='block_1_116' title="bbox 2063 5444 3636 5522">
    <p class='ocr_par' dir='ltr' id='par_1_116' title="bbox 2063 5444 3636 5522">
     <span class='ocr_line' id='line_1_116' title="bbox 2063 5444 3636 5522; baseline -0.013 -5"><span class='ocrx_word' id='word_1_932' title='bbox 2063 5460 2422 5516; x_wconf 89' lang='lat' dir='ltr'><strong>declarantem</strong></span> <span class='ocrx_word' id='word_1_933' title='bbox 2479 5475 2492 5510; x_wconf 91' lang='lat'><strong>:</strong></span> <span class='ocrx_word' id='word_1_934' title='bbox 2543 5453 2691 5509; x_wconf 85' lang='lat' dir='ltr'><strong>Tunc</strong></span> <span class='ocrx_word' id='word_1_935' title='bbox 2738 5452 2973 5522; x_wconf 84' lang='lat' dir='ltr'><strong>plangent</strong></span> <span class='ocrx_word' id='word_1_936' title='bbox 3025 5447 3179 5501; x_wconf 85' lang='lat' dir='ltr'><strong>tribus</strong></span> <span class='ocrx_word' id='word_1_937' title='bbox 3228 5455 3374 5499; x_wconf 72' lang='lat' dir='ltr'><strong>terra:</strong></span> <span class='ocrx_word' id='word_1_938' title='bbox 3429 5444 3536 5516; x_wconf 80' lang='grc' dir='ltr'><strong>(.</strong></span> <span class='ocrx_word' id='word_1_939' title='bbox 3590 5462 3636 5497; x_wconf 73' lang='grc' dir='ltr'><strong>.</strong></span> 
     </span>
    </p>
   </div>
   <div class='ocr_carea' id='block_1_117' title="bbox 2062 5549 3633 5622">
    <p class='ocr_par' dir='ltr' id='par_1_117' title="bbox 2062 5549 3633 5622">
     <span class='ocr_line' id='line_1_117' title="bbox 2062 5549 3633 5622; baseline -0.012 -14"><span class='ocrx_word' id='word_1_940' title='bbox 2062 5553 2173 5622; x_wconf 81' lang='lat'><strong>50).</strong></span> <span class='ocrx_word' id='word_1_941' title='bbox 2202 5552 2443 5607; x_wconf 85' lang='lat' dir='ltr'><strong>videntes</strong></span> <span class='ocrx_word' id='word_1_942' title='bbox 2466 5556 2849 5608; x_wconf 88' lang='lat' dir='ltr'><strong>accusatorem,</strong></span> <span class='ocrx_word' id='word_1_943' title='bbox 2875 5550 2930 5597; x_wconf 85' lang='lat' dir='ltr'><strong>et</strong></span> <span class='ocrx_word' id='word_1_944' title='bbox 2956 5550 3231 5611; x_wconf 86' lang='lat' dir='ltr'><strong>peccatum</strong></span> <span class='ocrx_word' id='word_1_945' title='bbox 3261 5549 3633 5609; x_wconf 84' lang='lat' dir='ltr'><strong>agnoscentes.</strong></span> 
     </span>
    </p>
   </div>
   <div class='ocr_carea' id='block_1_118' title="bbox 2064 5631 3641 5702">
    <p class='ocr_par' dir='ltr' id='par_1_118' title="bbox 2064 5631 3641 5702">
     <span class='ocr_line' id='line_1_118' title="bbox 2064 5631 3641 5702; baseline -0.011 -3"><span class='ocrx_word' id='word_1_946' title='bbox 2064 5646 2128 5699; x_wconf 86' lang='lat' dir='ltr'><strong>Et</strong></span> <span class='ocrx_word' id='word_1_947' title='bbox 2152 5660 2247 5696; x_wconf 87' lang='lat' dir='ltr'><strong>cur</strong></span> <span class='ocrx_word' id='word_1_948' title='bbox 2277 5641 2483 5695; x_wconf 77' lang='lat' dir='ltr'><strong>miraris</strong></span> <span class='ocrx_word' id='word_1_949' title='bbox 2529 5640 2570 5693; x_wconf 89' lang='lat' dir='ltr'><strong>si</strong></span> <span class='ocrx_word' id='word_1_950' title='bbox 2616 5650 2825 5690; x_wconf 87' lang='lat' dir='ltr'><strong>crucem</strong></span> <span class='ocrx_word' id='word_1_951' title='bbox 2869 5641 3085 5702; x_wconf 63' lang='lat' dir='ltr'><strong>gestans</strong></span> <span class='ocrx_word' id='word_1_952' title='bbox 3127 5631 3321 5695; x_wconf 88' lang='lat' dir='ltr'><strong>veniet,</strong></span> <span class='ocrx_word' id='word_1_953' title='bbox 3346 5631 3558 5699; x_wconf 89' lang='lat' dir='ltr'><strong>quando</strong></span> <span class='ocrx_word' id='word_1_954' title='bbox 3587 5638 3641 5682; x_wconf 87' lang='lat' dir='ltr'><strong>et</strong></span> 
     </span>
    </p>
   </div>
   <div class='ocr_carea' id='block_1_119' title="bbox 2065 5721 3639 5804">
    <p class='ocr_par' dir='ltr' id='par_1_119' title="bbox 2065 5721 3639 5804">
     <span class='ocr_line' id='line_1_119' title="bbox 2065 5721 3639 5804; baseline -0.011 -14"><span class='ocrx_word' id='word_1_955' title='bbox 2065 5738 2172 5804; x_wconf 87' lang='lat' dir='ltr'><strong>ipsa</strong></span> <span class='ocrx_word' id='word_1_956' title='bbox 2219 5735 2431 5785; x_wconf 85' lang='lat' dir='ltr'><strong>vulnera</strong></span> <span class='ocrx_word' id='word_1_957' title='bbox 2479 5743 2601 5782; x_wconf 91' lang='lat' dir='ltr'><strong>tunc</strong></span> <span class='ocrx_word' id='word_1_958' title='bbox 2644 5725 2921 5780; x_wconf 67' lang='lat' dir='ltr'><strong>ostendet?</strong></span> <span class='ocrx_word' id='word_1_959' title='bbox 2968 5724 3100 5778; x_wconf 85' lang='lat' dir='ltr'><strong>Nam</strong></span> <span class='ocrx_word' id='word_1_960' title='bbox 3142 5724 3261 5778; x_wconf 88' lang='lat' dir='ltr'><strong>ait:</strong></span> <span class='ocrx_word' id='word_1_961' title='bbox 3307 5721 3549 5774; x_wconf 81' lang='lat' dir='ltr'><strong>Videbunt</strong></span> <span class='ocrx_word' id='word_1_962' title='bbox 3589 5722 3639 5772; x_wconf 88' lang='lat' dir='ltr'><strong>in</strong></span> 
     </span>
    </p>
   </div>
   <div class='ocr_carea' id='block_1_120' title="bbox 2062 5811 3638 5897">
    <p class='ocr_par' dir='ltr' id='par_1_120' title="bbox 2062 5811 3638 5897">
     <span class='ocr_line' id='line_1_120' title="bbox 2062 5811 3638 5897; baseline -0.011 -16"><span class='ocrx_word' id='word_1_963' title='bbox 2062 5842 2205 5897; x_wconf 79' lang='lat' dir='ltr'><strong>quem</strong></span> <span class='ocrx_word' id='word_1_964' title='bbox 2246 5823 2602 5889; x_wconf 77' lang='lat' dir='ltr'><strong>trunsxerunt</strong></span> <span class='ocrx_word' id='word_1_965' title='bbox 2652 5817 2849 5888; x_wconf 84' lang='lat' dir='ltr'><strong>(Zach.</strong></span> <span class='ocrx_word' id='word_1_966' title='bbox 2884 5816 2967 5871; x_wconf 73' lang='grc'><strong>12.</strong></span> <span class='ocrx_word' id='word_1_967' title='bbox 3005 5815 3134 5883; x_wconf 84' lang='grc'><strong>10).</strong></span> <span class='ocrx_word' id='word_1_968' title='bbox 3184 5811 3638 5881; x_wconf 83' lang='lat' dir='ltr'><strong>Quemadmodum</strong></span> 
     </span>
    </p>
   </div>
   <div class='ocr_carea' id='block_1_121' title="bbox 2065 5900 3640 5985">
    <p class='ocr_par' dir='ltr' id='par_1_121' title="bbox 2065 5900 3640 5985">
     <span class='ocr_line' id='line_1_121' title="bbox 2065 5900 3640 5985; baseline -0.012 -12"><span class='ocrx_word' id='word_1_969' title='bbox 2065 5918 2203 5973; x_wconf 87' lang='lat' dir='ltr'><strong>enim</strong></span> <span class='ocrx_word' id='word_1_970' title='bbox 2236 5928 2357 5985; x_wconf 76' lang='lat' dir='ltr'><strong>erga</strong></span> <span class='ocrx_word' id='word_1_971' title='bbox 2385 5911 2645 5967; x_wconf 80' lang='lat' dir='ltr'><strong>Thomam</strong></span> <span class='ocrx_word' id='word_1_972' title='bbox 2668 5908 2809 5977; x_wconf 81' lang='lat' dir='ltr'><strong>fecit,</strong></span> <span class='ocrx_word' id='word_1_973' title='bbox 2839 5924 2981 5977; x_wconf 90' lang='lat' dir='ltr'><strong>cum,</strong></span> <span class='ocrx_word' id='word_1_974' title='bbox 3010 5918 3065 5962; x_wconf 88' lang='lat' dir='ltr'><strong>ut</strong></span> <span class='ocrx_word' id='word_1_975' title='bbox 3091 5904 3332 5977; x_wconf 88' lang='lat' dir='ltr'><strong>discipuli</strong></span> <span class='ocrx_word' id='word_1_976' title='bbox 3355 5900 3640 5957; x_wconf 79' lang='lat' dir='ltr'><strong>increduli-</strong></span> 
     </span>
    </p>
   </div>
  </div>
