4432 6700
819 474 922 529 405

817 600 981 648 tatem
1005 586 1331 656 emendaret,
1359 590 1590 647 ostendit
1615 592 1662 648 ei
1686 591 1906 647 ﬁxuram
1923 592 2188 648 clavorum
2211 601 2265 647 et
2282 591 2397 647 vul-

818 699 946 738 nera
984 682 1167 738 dicens
1199 699 1214 737 :
1243 680 1388 754 Infer-
1414 700 1618 738 manum
1652 694 1809 749 tuam,
1840 692 1889 738 et
1911 682 2025 737 vide
2046 684 2165 752 quia
2188 684 2397 754 spiritus

818 788 1019 826 carnem
1040 780 1086 826 et
1111 788 1227 827 ossa
1251 788 1351 826 non
1378 771 1521 826 habet
1551 772 1726 844 (Joan.
1755 773 1846 830 20.
1871 773 1969 838 27;
1999 771 2124 829 Luc.
2153 774 2243 832 2t.
2272 774 2394 846 '59);

819 864 897 919 sic
917 873 971 919 et
995 873 1119 919 tunc
1143 865 1387 921 ostendet
1410 865 1627 920 vulnera
1650 875 1704 921 et
1727 880 1961 932 crucem,
1986 875 2041 920 ut
2069 866 2398 925 demonstret

820 953 961 1010 hunc
984 955 1156 1024 ipsum
1181 971 1300 1012 esse
1323 956 1413 1028 qui
1436 957 1717 1012 cruciﬁxus
1748 957 1863 1013 luit.

891 1046 948 1101 5.
973 1046 1154 1117 Neque
1177 1063 1243 1104 ex
1272 1064 1429 1104 cruce
1459 1058 1682 1114 tantum,
1712 1050 1805 1106 sed
1833 1051 1989 1105 etiam
2016 1066 2082 1107 ex
2110 1053 2288 1108 verbis
2315 1052 2399 1109 his

819 1138 874 1194 in
902 1153 1061 1195 cruce
1090 1141 1306 1209 prolatis
1336 1142 1649 1197 immensam
1685 1144 1801 1215 ejus
1824 1145 2197 1214 benignitatem
2213 1145 2398 1201 videre

818 1241 899 1287 est
926 1250 942 1287 :
969 1233 1252 1287 cruciﬁxus
1277 1234 1442 1301 enim,
1470 1235 1726 1301 dicteriis,
1751 1236 2022 1291 cachinnis
2042 1246 2095 1289 et
2115 1235 2286 1304 sputis
2310 1237 2398 1292 de-

817 1323 1125 1381 honestatus
1151 1327 1362 1383 dicebat
1396 1349 1408 1383 :
1438 1329 1611 1393 Pater,
1632 1330 1825 1384 dimitte
1850 1331 1953 1384 illis
1977 1339 2232 1401 peccatum
2259 1348 2397 1388 :non

814 1417 948 1470 enim
970 1419 1135 1472 sciunt
1162 1420 1284 1488 quid
1309 1422 1500 1491 faciunt
1526 1423 1543 1490 (
1570 1420 1694 1474 Luc.
1721 1420 1813 1477 23.
1842 1422 1911 1477 54
1930 1419 1972 1492 ).
2014 1422 2081 1479 Et
2109 1423 2396 1479 cruciﬁxus

816 1521 914 1575 pro
959 1509 1387 1580 cruciﬁgentibus
1434 1520 1676 1580 precatur
1704 1528 1717 1564 :
1750 1528 2066 1583 quamquam
2100 1514 2175 1568 illi
2208 1525 2394 1571 contra

813 1599 1060 1656 dicebant
1092 1619 1105 1657 :
1135 1602 1196 1657 Si
1224 1602 1390 1657 Filius
1420 1603 1511 1657 Dei
1546 1620 1598 1659 es
1617 1644 1630 1667 ,
1667 1604 1909 1660 descende
1931 1606 1994 1659 de
2020 1621 2184 1669 cruce,
2216 1616 2262 1661 et
2288 1624 2393 1662 cre-

814 1690 988 1745 demus
1010 1692 1096 1745 tibi
1122 1692 1142 1762 (
1166 1691 1350 1747 Matth.
1380 1693 1469 1751 27.
1497 1695 1585 1749 40.
1614 1704 1659 1749 et
1683 1695 1809 1766 42).
1840 1695 1996 1766 Atqui
2023 1696 2141 1751 ideo
2168 1698 2257 1752 ille
2287 1714 2393 1753 non

814 1779 1087 1835 descendit
1105 1781 1171 1836 de
1196 1797 1376 1849 cruce,
1399 1787 1520 1853 quia
1553 1784 1718 1839 Filius
1748 1786 1839 1839 Dei
1864 1795 1971 1850 est;
2001 1795 2055 1840 et
2082 1786 2201 1842 ideo
2224 1789 2392 1855 venit,

815 1878 873 1925 ut
913 1872 1317 1943 cruciligeretur
1364 1890 1461 1945 pro
1505 1875 1676 1930 nobis.
1724 1875 1986 1931 Descende
2013 1878 2077 1933 de
2106 1895 2274 1946 cruce,
2309 1880 2392 1934 in-

812 1965 1019 2032 quiunt,
1049 1975 1093 2019 et
1123 1968 1380 2022 credemus
1406 1969 1511 2022 tibi.
1543 1968 1666 2024 Haec
1690 1970 1851 2025 verba
1888 1980 2031 2038 sunt,
2065 1980 2120 2027 et
2145 1973 2393 2029 incredu-

811 2051 973 2110 litatis
1000 2054 1265 2110 obtentus.
1312 2056 1444 2112 Nam
1470 2058 1640 2113 multo
1674 2059 1846 2130 majus
1872 2072 1985 2117 erat
2009 2063 2182 2133 lapide
2207 2080 2395 2134 super-

810 2148 985 2215 posito
1011 2163 1078 2204 ex
1107 2151 1352 2219 sepulcro
1375 2167 1675 2224 resurgere,
1700 2171 1858 2226 quam
1888 2157 1958 2214 de
1984 2173 2144 2216 cruce
2170 2160 2395 2217 descen-

809 2236 968 2305 dere;
1008 2239 1176 2297 multo
1202 2242 1373 2312 majus
1400 2252 1515 2300 erat
1547 2255 1815 2303 mortuum
1849 2250 2081 2305 vinctum
2110 2260 2163 2306 et
2186 2254 2390 2321 quatri-

809 2330 1041 2384 duunum
1090 2331 1348 2390 Lazarum
1401 2349 1523 2390 cum
1576 2338 1704 2407 ipsis
1749 2337 1927 2393 fasciis
1972 2355 2004 2394 e
2047 2352 2391 2396 monumento

809 2419 1059 2488 educere,
1085 2437 1243 2491 quam
1278 2424 1347 2481 de
1371 2441 1529 2482 cruce
1552 2427 1899 2483 descendere.
1945 2429 2027 2484 11ιί
2054 2430 2215 2500 igitur
2241 2432 2387 2487 dice-

809 2508 935 2565 bant
966 2528 979 2565 :
1008 2511 1071 2567 Si
1095 2513 1263 2569 Filius
1307 2515 1403 2570 Dei
1443 2533 1528 2581 es,
1568 2518 1763 2574 saluum
1801 2519 1885 2588 [ac
1927 2522 2240 2592 temetipsum
2264 2525 2389 2579 :ille

807 2614 936 2655 vero
965 2600 1092 2656 nihil
1124 2619 1228 2659 non
1256 2607 1479 2676 agebat,
1524 2616 1582 2663 ut
1619 2609 1737 2664 illos
1767 2610 1912 2681 ipsos
1936 2613 2024 2683 qui
2053 2626 2113 2668 se
2135 2615 2389 2672 conviciis

807 2693 1103 2751 onerabant
1132 2698 1311 2753 salvos
1336 2698 1553 2765 laceret,
1580 2701 1764 2757 dicens
1795 2721 1809 2757 :
1838 2702 2043 2759 Dimitte
2075 2704 2177 2759 illis
2212 2723 2388 2770 pecca-

811 2794 916 2841 tum
966 2801 987 2840 :
1031 2803 1131 2841 non
1152 2792 2207 2866 enimsciuntquidfueiunt(Luc.25.54).
2251 2798 2389 2867 Quid

808 2876 1001 2945 igitur?
1026 2894 1150 2934 num
1176 2880 1280 2934 illis
1310 2891 1583 2949 peccatum
1608 2884 1847 2941 dimisit?
1867 2888 2165 2944 Dimisrsset
2184 2890 2385 2959 utique,

808 2968 851 3021 si
879 2968 1170 3026 voluissent
1199 2976 1563 3041 pmnitentiam
1605 2991 1784 3048 agere.
1825 2978 1879 3033 Si
1924 2979 2067 3035 enim
2098 2996 2204 3036 non
2231 2982 2391 3039 dimi-

808 3062 959 3118 sisset
992 3065 1094 3119 illis
1114 3076 1410 3135 peccatum,
1432 3084 1723 3138 numquam
1753 3071 1945 3126 Paulus
1970 3071 2156 3129 fuisset
2175 3083 2389 3145 aposto—

807 3152 889 3207 lus
921 3172 933 3207 :
966 3154 1009 3209 si
1055 3170 1158 3210 non
1202 3157 1490 3214 dimisisset
1533 3160 1637 3215 illis
1679 3170 1977 3230 peccatum,
2012 3178 2118 3218 non
2162 3166 2258 3219 tria
2300 3165 2386 3220 illa

806 3245 994 3307 millia,
1025 3262 1130 3301 non
1151 3250 1384 3319 quinque
1412 3251 1595 3316 millia,
1631 3268 1735 3308 non
1766 3254 1945 3310 multa:
1974 3256 2239 3328 myriades
2262 3273 2385 3314 cre-

804 3336 1083 3393 didissent.
1143 3340 1292 3408 Quod
1346 3341 1488 3398 enim
1534 3344 1716 3398 multa:
1757 3344 2064 3403 Juda'orum
2120 3349 2386 3421 myriadvs

802 3427 1157 3496 crediderint,
1192 3432 1315 3487 audi
1345 3433 1471 3502 quid
1506 3435 1733 3505 apostoli
1765 3436 1927 3491 Paulo
1955 3437 2172 3494 dicant:
2215 3438 2382 3504 Vides,

804 3522 981 3589 frater,
1010 3532 1129 3589 quot
1174 3525 1273 3577 sint
1311 3526 1562 3595 myriades
1602 3525 1901 3582 Iudaeorum
1944 3529 2030 3599 qui
2065 3530 2385 3585 crediderunt

805 3611 939 3685 (Act.
966 3611 1197 3685 21.20).

878 3680 1133 3751 Frequens
1154 3680 1287 3737 circa
1327 3685 1600 3740 orationem
1618 3703 1713 3757 pro
1738 3688 1954 3743 inimicis
1978 3689 2279 3745 admonitio.
2309 3721 2382 3733 —-

804 3770 1076 3828 Imitemur
1095 3776 1272 3846 itaque
1299 3776 1605 3845 Dominum,
1628 3786 1684 3834 et
1706 3793 1801 3848 pro
1822 3780 2052 3836 inimicis
2078 3795 2376 3851 precemur:

802 3866 1043 3922 eamdem
1069 3868 1209 3923 enim
1234 3870 1662 3927 cohortationem
1685 3886 1921 3938 resumo,
1943 3872 2053 3941 jam
2079 3873 2268 3943 quinto
2292 3872 2381 3929 die

802 3957 954 4013 vobis
976 3958 1043 4016 de
1066 3960 1255 4014 eodem
1288 3971 1600 4032 argumento
1641 3962 1870 4029 dissero,
1912 3978 2017 4021 non
2043 3966 2195 4034 quasi
2223 3965 2377 4020 inob-

802 4058 1089 4119 sequentes
1108 4066 1202 4104 vos
1216 4067 1465 4121 arguens,
1490 4053 1627 4107 absit
1649 4070 1665 4117 ;
1694 4054 1788 4109 sed
1809 4069 2032 4123 sperans
2051 4070 2148 4111 vos
2173 4056 2377 4115 obtem-

800 4150 1078 4210 peraturus
1103 4156 1240 4197 esse.
1270 4142 1421 4209 Quod
1442 4144 1486 4197 si
1509 4145 1595 4214 qui
1615 4146 1722 4200 sint
1743 4145 1879 4209 duri,
1916 4147 2151 4203 iracundi
2175 4157 2229 4205 et
2256 4164 2373 4203 mo-

802 4231 930 4297 rosi,
962 4232 1049 4302 qui
1074 4234 1268 4288 utmtris
1292 4234 1431 4289 circa
1462 4235 1755 4291 orationem
1795 4238 2007 4293 monitis
2033 4254 2137 4293 non
2170 4255 2372 4295 morem

798 4333 1002 4391 gerant,
1022 4339 1089 4379 ex
1119 4340 1339 4381 numero
1367 4326 1553 4383 saltem
1584 4326 1789 4382 dierum
1818 4327 2104 4399 pudefacti,
2146 4330 2373 4384 inimici-

800 4415 900 4470 tias
926 4425 980 4470 et
1012 4418 1311 4473 simultates
1334 4418 1622 4487 deponent.
1655 4414 1867 4475 Imitare
1896 4421 2177 4475 Dominum
2206 4439 2218 4473 :
2247 4436 2371 4475 cru-

798 4507 988 4561 ciﬁxus
1011 4517 1111 4570 est,
1140 4517 1194 4563 et
1220 4525 1313 4577 pro
1340 4510 1767 4579 cruciﬁgentibus
1782 4509 1991 4564 Patrem
2017 4510 2370 4579 compellavit.

800 4596 867 4651 Et
895 4597 1161 4667 quomodo
1205 4599 1424 4668 possim,
1455 4599 1687 4670 inquies,
1718 4600 1997 4654 Dominum
2041 4600 2237 4655 imitari
2265 4602 2289 4655 ?
2318 4601 2373 4657 Si

797 4688 949 4753 velis,
974 4689 1171 4759 poteris
1209 4689 1348 4745 :nisi
1375 4691 1516 4745 enim
1548 4705 1732 4760 posses
1757 4691 1986 4755 imitari,
2017 4707 2111 4747 cur
2129 4692 2367 4759 dixisset,

799 4778 988 4835 Discite
1028 4798 1061 4834 a
1091 4798 1169 4835 me
1191 4782 1313 4852 quia
1351 4783 1487 4836 mitis
1516 4791 1699 4836 sumet
1738 4782 1944 4836 humilis
1979 4783 2130 4837 corde
2156 4783 2368 4854 (Matth.

796 4874 884 4930 ll.
913 4874 1053 4940 29)?
1097 4873 1206 4928 Nisi
1262 4889 1445 4944 posses
1487 4875 1703 4939 imitari,
1753 4890 1856 4930 non
1895 4876 2114 4931 dixisset
2154 4877 2369 4944 Paulus,

795 4962 1083 5018 lmitatores
1127 4965 1224 5017 mei
1265 4975 1437 5030 estote,
1466 4966 1596 5019 sicut
1623 4976 1670 5020 et
1695 4983 1787 5037 ego
1815 4966 2003 5021 Christi
2037 4968 2114 5036 (l.
2141 4967 2259 5021 Cor.
2281 4970 2367 5023 ll.

794 5057 872 5121 1).
897 5056 1157 5109 Ca-ternm
1210 5056 1396 5111 sinon
1434 5058 1516 5111 vis
1568 5058 1762 5112 imitari
1814 5059 2114 5120 Dominum.
2164 5060 2371 5115 imitare

791 5165 1127 5213 couservurn,
1160 5150 1485 5219 Stephanum
1512 5151 1755 5205 videlicet
1780 5151 2077 5220 apostolum
2112 5168 2125 5203 :
2166 5153 2364 5207 etenim

794 5241 881 5297 ille
910 5242 1187 5297 Dominum
1235 5242 1467 5295 imitatus
1509 5250 1611 5297 est.
1643 5241 1709 5296 Et
1744 5241 2188 5311 quemadmodum
2218 5242 2370 5299 Chri-

792 5341 903 5385 stus
946 5332 1081 5388 inter
1106 5332 1498 5402 cruciﬁgentes,
1531 5333 1692 5387 missa
1732 5346 1911 5396 cruce,
1936 5332 2110 5388 missis
2136 5333 2219 5400 iis,
2249 5349 2369 5405 qua:

790 5422 855 5476 ad
888 5437 947 5477 se
970 5424 1296 5491 spectabant,
1330 5439 1426 5493 pro
1450 5423 1880 5494 cruciﬁgentibus
1907 5438 1965 5479 se
2005 5423 2211 5480 Patrem
2238 5441 2363 5496 pre-

788 5513 1045 5573 cabatur:
1085 5515 1154 5568 ita
1196 5524 1250 5568 et
1280 5529 1465 5569 servus
1502 5517 1638 5570 inter
1666 5514 1981 5585 lapidantcs,
2010 5514 2079 5570 ab
2116 5518 2366 5571 omnibus

791 5605 1078 5675 impetitus,
1107 5604 1381 5674 excipiens
1405 5605 1637 5675 lapidum
1658 5608 1813 5673 ictus,
1841 5609 2006 5661 misso
2026 5606 2230 5673 dolore,
2256 5622 2364 5677 quo

794 5697 916 5753 hinc
938 5697 1283 5763 afﬁciebatur,
1315 5696 1545 5763 dicebat,
1570 5698 1804 5764 Domine,
1836 5717 1899 5755 ne
1917 5708 2112 5755 statuas
2140 5701 2243 5755 illis
2268 5701 2361 5754 hoc

795 5799 1047 5857 peccatum
1075 5791 1207 5859 (Act.
1236 5791 1287 5846 7.
1316 5790 1429 5861 59).
1455 5791 1633 5847 Videu‘
1659 5792 1929 5861 quomodo
1969 5793 2215 5862 loquatur
2253 5792 2360 5845 Do-

789 5879 1007 5935 minus?
1040 5882 1219 5939 Vidcu'
1252 5884 1516 5949 quomodo
1540 5893 1782 5955 precetur
1824 5886 2053 5944 servus?
2094 5884 2184 5955 ille
2214 5886 2361 5945 dicit,

1556 476 1616 533 s.
1655 476 1934 536 JOANNIS
1971 461 2442 541 cunvsos’rout
2473 485 2783 543 ARClllEl’.
2827 486 3359 545 cousraumor.

3974 490 4078 545 406

2504 593 2679 664 Pater,
2714 598 2908 653 dimitte
2925 598 3028 654 illis
3053 598 3147 653 hoc
3172 608 3471 671 peccatum;
3497 616 3597 654 non
3623 602 3756 655 enim
3774 604 3936 660 sciunt
3960 610 4085 677 quid

2499 686 2697 755 faciunt
2718 688 2867 762 (Luc.
2897 689 2988 746 23.
3018 691 3114 759 54)
3141 708 3156 746 :
3200 690 3286 746 hic
3323 703 3472 755 vero,
3504 689 3587 745 Ne
3614 700 3811 747 statuas
3837 695 3942 750 illis
3986 699 4083 753 hoc

2500 790 2776 848 peccatum.
2806 781 2876 839 Ut
2903 798 3028 839 vero
3056 783 3232 839 discas
3274 781 3427 838 illum
3461 780 3698 837 studiose
3723 787 3948 852 precari,
3972 804 4079 843 non

2500 882 2669 938 stans,
2718 873 2978 944 lapidibus
3005 876 3129 932 licet
3147 876 3387 943 obrutus,
3414 883 3566 942 orat,
3592 874 3689 930 sed
3718 877 3902 945 positis
3927 880 4077 948 geni-

2500 965 2600 1020 bus
2624 979 2746 1020 cum
2786 969 3192 1038 compunctione
3231 969 3486 1039 loquitur,
3513 978 3710 1024 etcum
3742 967 3905 1023 multa
3930 984 4077 1025 corn-
4108 960 4117 991 ³

2502 1056 2860 1113 miseratione.
2877 1059 2969 1114 Vis
2997 1059 3273 1116 ostendam
3288 1060 3379 1116 tibi
3399 1073 3714 1115 conservum
3742 1058 3904 1115 alium
3922 1059 4078 1130 longe

2501 1145 2767 1215 graviora,
2800 1163 2957 1217 quam
2988 1149 3098 1216 ille,
3122 1151 3454 1221 patientem?
3480 1151 3673 1207 Paulus
3691 1150 3786 1218 ait,
3814 1150 3859 1204 Α
3880 1148 4079 1204 Iudicis

2504 1247 2577 1291 ter
2602 1237 2754 1308 virgis
2783 1254 2945 1294 ctesus
2973 1256 3109 1309 sum,
3131 1246 3287 1298 semet
3321 1243 3577 1313 lapidatus
3600 1261 3733 1312 sum,
3766 1254 3909 1299 nocte
3932 1252 3979 1299 et
3996 1245 4082 1299 die

2500 1330 2551 1383 in
2573 1329 2826 1399 profundo
2846 1332 2924 1401 fui
2952 1330 3034 1401 (2.
3058 1331 3175 1386 Cor.
3200 1334 3288 1388 ll.
3318 1334 3409 1389 24.
3427 1333 3545 1405 25).
3562 1334 3699 1401 Quid
3727 1344 3835 1391 tum
3856 1343 4036 1406 postea
4056 1336 4083 1389 ?

2505 1417 2772 1489 Optabam,
2793 1418 2980 1490 inquit,
3004 1421 3115 1490 ipse
3139 1422 3410 1476 anathema
3430 1440 3535 1478 esse
3560 1442 3650 1493 pro
3672 1426 3915 1494 fratribus
3931 1427 4072 1492 meis,

2499 1509 2724 1580 cognatis
2749 1509 2868 1564 meis
2908 1509 3185 1564 secundum
3220 1527 3421 1566 carnem
3448 1512 3625 1581 (Rom.
3659 1516 3709 1570 9.
3740 1515 3989 1586 3).Visne
4025 1527 4079 1571 et

2500 1600 2661 1655 alium
2693 1600 2893 1666 videre,
2923 1615 3025 1654 nou
3049 1616 3115 1655 ex
3144 1615 3301 1668 novo,
3320 1602 3414 1657 sed
3438 1618 3505 1659 ex
3534 1607 3700 1659 veteri
3715 1606 4083 1661 Testamento?

2501 1690 2613 1747 lloc
2637 1691 2777 1745 enim
2812 1700 2895 1746 est
2939 1690 3168 1746 maxime
3207 1692 3443 1746 omnium
3484 1693 3745 1758 mirabile,
3797 1697 3936 1765 quod
3989 1697 4081 1751 ubi

2500 1798 2607 1838 non
2656 1784 3095 1853 praecipiebantur
3139 1784 3382 1841 inimicos
3423 1785 3666 1856 diligere,
3721 1790 3847 1858 quin
3900 1791 4078 1860 potius

2498 1873 2709 1927 oculum
2741 1887 2834 1942 pro
2862 1872 3016 1927 oculo
3067 1873 3399 1943 exsculpere,
3430 1883 3483 1931 et
3512 1875 3726 1930 dentem
3769 1891 3868 1947 pro
3916 1879 4079 1934 dente

2500 1961 2691 2032 (Exod.
2717 1963 2805 2017 21.
2828 1962 2917 2018 24.
2946 1963 3061 2034 25),
3089 1966 3317 2035 atquein
3333 1965 3488 2022 malis
3512 1981 3608 2036 par
3632 1967 3745 2036 pari
3769 1966 3991 2035 referre,
4010 1970 4077 2024 ad

2497 2054 2841 2121 apostolicam
2870 2056 3213 2124 pervenerint
3238 2055 3646 2127 philosophiam.
3669 2058 3808 2114 Audi
3840 2061 3965 2130 quid
3989 2060 4076 2115 di-

2496 2154 2580 2201 cat
2594 2146 2825 2217 Moyses,
2845 2148 2933 2217 qui
2953 2162 3096 2218 stupe
3120 2146 3363 2204 aJudazis
3380 2148 3659 2219 lapidatus,
3681 2160 3735 2205 et
3756 2152 4079 2221 contemptui

2498 2237 2708 2293 habitus
2732 2248 2815 2294 est
2843 2256 2857 2292 :
2880 2239 2942 2294 Si
2956 2239 3168 2295 dimittis
3190 2241 3293 2297 illis
3322 2253 3600 2313 peccatum,
3631 2244 3865 2309 dimitte;
3895 2244 3940 2298 si
3962 2260 4079 2297 vero

2494 2343 2616 2394 non,
2638 2328 2791 2383 etiam
2820 2345 2899 2383 me
2923 2329 3037 2386 dele
3061 2330 3291 2395 delibro,
3308 2342 3460 2399 quem
3477 2330 3735 2394 scripsisti
3748 2328 3949 2397 (Exod.
3985 2333 4074 2388 32.

2496 2420 2585 2474 3l.
2617 2419 2729 2493 32).
2759 2419 2945 2476 Viden'
2968 2421 3259 2492 quemlibet
3288 2435 3353 2477 ex
3372 2421 3531 2492 Justis
3552 2421 3774 2475 aliorum
3812 2422 4073 2476 securita-

2497 2520 2605 2566 tem
2646 2513 3003 2583 praeposuisse
3043 2511 3198 2567 saluti
3240 2526 3350 2567 sua:
3377 2511 3401 2565 ?
3430 2510 3571 2565 Nihil
3599 2511 3850 2581 peccasti,
3897 2520 3953 2567 et
3977 2527 4075 2567 cur

2498 2602 2580 2655 vis
2611 2616 2731 2657 esse
2775 2616 2961 2658 eorum
3010 2602 3254 2674 supplicii
3297 2601 3559 2657 consors?
3600 2601 3755 2670 Quia,
3805 2602 4071 2673 inquiunt,

2499 2696 2708 2749 caeteris
2748 2696 2889 2750 malo
2913 2694 3135 2758 affectis,
3156 2694 3233 2749 rei
3263 2708 3398 2750 meae
3423 2708 3695 2765 prospera:
3724 2708 3939 2751 sensum
3967 2711 4076 2751 non

2495 2786 2754 2857 percipio.
2784 2786 2909 2842 Hcce
2935 2786 3175 2855 exempla
3204 2787 3332 2842 satis
3359 2794 3577 2842 essent:
3604 2786 3672 2841 ad
3696 2786 3951 2856 majorem
3971 2803 4069 2841 au-

2496 2883 2604 2930 tem
2632 2877 2799 2932 nostri
2849 2877 3275 2933 emendationem
3315 2877 3477 2933 alium
3517 2876 3705 2934 eadem
3739 2878 4075 2947 philosophia

2498 2973 2733 3020 utentem
2760 2966 2815 3020 in
2840 2965 3070 3021 medium
3099 2966 3381 3023 adducam.
3412 2968 3483 3022 At
3531 2967 3675 3023 enim
3700 2967 3864 3022 David
3888 2969 4076 3024 beatus

2495 3057 2586 3112 ille
2635 3068 3046 3129 mansuetusque
3073 3058 3187 3125 vir,
3216 3068 3493 3129 postquam
3527 3060 3793 3114 exercitus
3815 3068 3957 3115 totus
3980 3060 4073 3115 de-

2494 3150 2712 3212 fecerat,
2743 3158 2909 3217 atque
2937 3165 3124 3206 necem
3150 3150 3267 3220 ejus
3291 3150 3520 3206 moliens
3544 3150 3655 3206 ﬁlio
3681 3151 3963 3208 Abesalom
3984 3162 4071 3225 ty-

2489 3240 2766 3296 rannidem
2794 3240 3093 3307 detulerat;
3140 3241 3334 3299 deinde
3376 3242 3489 3301 Deo
3535 3242 3604 3299 oh
3629 3242 3761 3299 illud
3788 3243 3991 3301 facinus
4018 3248 4072 3300 in

2492 3330 2625 3385 iram
2644 3331 2909 3386 concitato
2930 3329 3079 3403 (quid
3121 3332 3265 3387 enim
3302 3332 3527 3389 interest
3573 3334 3617 3389 si
3646 3333 3804 3389 aliam
3832 3335 4068 3390 interne-

2489 3422 2661 3477 cionis
2703 3437 2918 3477 causam
2944 3421 3241 3492 proferat?)
3273 3422 3494 3494 ipsoque
3531 3424 3773 3494 angelum
3803 3425 4068 3490 mittente,

2490 3513 2580 3582 qui
2618 3513 2860 3569 districto
2902 3514 3078 3585 gladio
3107 3515 3314 3586 plagam
3348 3529 3577 3587 superne
3595 3516 3833 3584 inferret,
3861 3518 4068 3582 videns,

2491 3603 2727 3672 inquam,
2760 3604 2925 3659 David
2967 3619 3152 3661 omnes
3175 3604 3349 3675 gladio
3376 3605 3591 3672 cadere,
3612 3607 3739 3679 quid
3768 3607 3935 3663 dicit?
3955 3606 4069 3679 Ege

2493 3695 2579 3764 qui
2598 3705 2773 3764 pastor
2792 3712 2905 3750 sum
2924 3696 3146 3766 peccavi,
3174 3705 3221 3751 et
3241 3712 3332 3767 ego
3352 3705 3526 3767 pastor
3548 3698 3719 3768 inique
3737 3699 3814 3770 egi
3836 3714 3855 3753 :
3878 3699 3944 3753 sit
3966 3716 4069 3752 nta-

2486 3800 2581 3837 nus
2603 3794 2692 3837 tua
2730 3800 2883 3855 super
2908 3801 3007 3852 me,
3036 3796 3081 3840 et
3103 3802 3253 3851 super
3278 3786 3485 3841 domum
3511 3789 3672 3858 patris
3697 3789 3793 3842 mei
3825 3788 3902 3854 (2.
3935 3788 4062 3860 Reg.

2483 3875 2573 3929 24.
2600 3874 2712 3947 17).
2740 3874 2901 3930 Vides
2923 3877 3114 3931 iterum
3140 3876 3334 3931 similia
3365 3878 3622 3946 praeclare
3636 3887 3783 3947 gesta
3808 3878 3832 3930 ?
3862 3878 3954 3933 Vis
3972 3892 4065 3933 os-

2487 3968 2697 4023 tendam
2746 3968 2839 4022 tibi
2882 3978 2937 4023 et
2985 3969 3195 4024 alium?
3221 3984 3395 4039 neque
3418 3969 3560 4024 enim
3599 3969 3769 4024 deerit
3792 3969 3928 4025 alter
3971 3971 4063 4041 qui

2484 4058 2672 4114 eodem
2713 4058 2874 4113 modo
2905 4059 3329 4128 philosophetur.
3364 4058 3579 4114 Samuel
3620 4058 3712 4113 ille
3755 4060 4064 4129 prophetaa

2482 4148 2508 4203 J
2518 4150 2681 4203 udmis
2692 4149 3013 4204 contumelia
3028 4147 3251 4203 aﬁ'ectus
3266 4156 3368 4214 est,
3390 4147 3683 4216 depositus,
3704 4156 4061 4217 contemptus,

2484 4240 2553 4292 ita
2599 4246 2654 4291 ut
2696 4238 2836 4292 Deus
2864 4238 3036 4307 ipsum
3081 4236 3347 4291 consolari
3371 4236 3590 4304 cupiens
3618 4236 3835 4303 diceret,
3871 4236 3991 4292 Non
4017 4248 4063 4295 te

2482 4335 2906 4397 contempserunt,
2934 4326 3023 4380 sed
3060 4342 3140 4380 me
3163 4325 3239 4397 (1.
3272 4326 3401 4396 Reg.
3439 4326 3492 4381 8.
3522 4325 3598 4397 7)..
3621 4325 3755 4393 Quid
3785 4327 3941 4397 igitur
3965 4328 4058 4385 ille

2484 4418 2854 4480 contemptus,
2876 4411 3183 4479 despectus,
3205 4407 3533 4463 contumelia
3562 4408 3821 4466 adactus?
3840 4413 3989 4466 Absit
4014 4432 4049 4467 a

2486 4520 2568 4560 me
2595 4514 2650 4557 ut
2688 4504 2764 4557 ita
2786 4517 3008 4572 peccem,
3032 4509 3089 4554 ut
3109 4516 3301 4556 cessem
3322 4514 3474 4553 orare
3488 4515 3581 4568 pro
3600 4503 3741 4556 uobis
3762 4502 4049 4558 Dominum

2486 4595 2564 4667 (1.
2584 4593 2709 4665 Reg.
2738 4593 2825 4659 12,
2846 4592 2961 4663 25).
2979 4589 3267 4645 Peccatum
3286 4590 3495 4659 putavit
3510 4606 3630 4647 esse
3651 4609 3758 4647 nun
3776 4609 3933 4650 orare
3948 4612 4048 4666 pro

2487 4691 2746 4747 inimicis.
2772 4690 2929 4744 Absit
2961 4703 2991 4742 a
3016 4704 3103 4742 me
3129 4696 3189 4742 ut
3206 4687 3278 4741 ita
3300 4703 3540 4757 peccem.
3562 4698 3621 4742 ut
3647 4704 3755 4743 non
3778 4702 3926 4743 orem
3948 4703 4049 4757 pro

2480 4783 2660 4838 vobis!
2676 4779 2927 4835 Christus
2939 4779 3098 4833 dicit:
3119 4777 3501 4843 l’ater,dimitte
3517 4779 3623 4832 illis
3639 4787 3930 4846 peccatum;
3946 4794 4049 4830 non

2479 4879 2619 4934 enim
2640 4878 2815 4930 sciunt
2829 4873 2953 4944 quid
2973 4872 3180 4941 faciunt
3205 4872 3357 4943 (Luc.
3372 4874 3466 4941 23,
3484 4875 3598 4947 3i):
3624 4874 3933 4943 Stephanus
3954 4888 4045 4927 vee

2480 4984 2566 5033 ro,
2590 4966 2833 5030 Domine,
2854 4980 2914 5018 ne
2934 4971 3139 5017 statuas
3164 4964 3272 5019 illis
3292 4965 3385 5019 hoc
3404 4974 3672 5035 peccatum
3698 4965 3836 5035 (Act.
3862 4965 3912 5018 7.
3928 4964 4044 5030 59);

2479 5058 2672 5113 Paulus
2717 5065 2915 5116 autem,
2948 5052 3197 5123 Optabam
3230 5056 3503 5110 anathema
3531 5070 3639 5108 esse
3673 5071 3767 5122 pro
3810 5055 4053 5125 fratribus

2476 5149 2619 5213 meis,
2671 5144 2896 5215 cognatis
2945 5144 3069 5201 meis
3119 5146 3395 5202 secundum
3440 5160 3641 5198 carnem
3682 5145 3856 5214 (Rom.
3886 5144 3938 5199 9.
3970 5145 4051 5212 5).

2476 5238 2684 5306 Moyses
2708 5234 2853 5297 dicit,
2878 5232 2939 5286 Si
2959 5233 3167 5289 dimittis
3187 5243 3445 5304 peccatum
3471 5233 3595 5299 illis,
3619 5233 3811 5289 dimitte
3836 5251 3855 5286 :
3875 5233 3918 5286 si
3939 5248 4052 5288 vero

2474 5346 2597 5387 non,
2626 5327 2778 5380 etiam
2807 5342 2883 5379 me
2911 5326 3021 5380 dele
3039 5327 3101 5382 de
3125 5328 3274 5393 libro,
3294 5342 3442 5397 quem
3468 5326 3716 5396 scripsisti
3737 5325 3929 5395 (Exod.
3958 5323 4048 5379 32.

2476 5423 2562 5476 3|.
2594 5419 2709 5488 32);
2733 5417 2893 5474 David
2918 5435 3066 5486 vero,
3094 5420 3177 5475 Sit
3203 5436 3383 5474 manus
3413 5428 3501 5473 tua
3527 5435 3683 5489 super
3708 5434 3808 5482 me,
3839 5427 3887 5472 et
3902 5431 4051 5485 super

2474 5514 2677 5564 domum
2719 5512 2876 5580 patris
2916 5513 3014 5567 mei
3059 5508 3140 5581 (l.
3168 5510 3296 5582 Reg.
3337 5511 3428 5568 24.
3462 5510 3573 5581 17);
3600 5509 3811 5565 Samuel
3848 5515 4045 5572 autem,

2475 5604 2612 5656 Absit
2656 5621 2686 5656 a
2713 5621 2789 5658 me
2812 5606 2883 5659 ita
2905 5620 3128 5674 peccare,
3162 5612 3215 5655 ut
3244 5618 3455 5658 cesssem
3489 5617 3634 5656 orare
3659 5615 3750 5666 pro
3773 5597 3909 5651 vobis
3935 5594 4047 5650 Do-

2473 5697 2662 5751 minum
2691 5694 2740 5767 (l
2758 5736 2773 5751 .
2798 5697 2922 5766 Reg.
2968 5695 3054 5751 l2.
3094 5695 3208 5764 23).
3231 5694 3401 5763 Quam
3449 5694 3607 5762 igitur
3627 5689 3832 5745 veniam
3859 5702 4045 5744 conse~

2470 5804 2713 5856 quemur,
2747 5790 2970 5844 Domino
2995 5798 3050 5843 et
3077 5788 3245 5843 servis
3273 5799 3383 5841 tum
3414 5784 3533 5839 novi
3565 5792 3678 5836 tum
3710 5782 3907 5838 veteris
3932 5781 4038 5838 Te-

2471 5891 2717 5943 stamcutt
2746 5880 3127 5938 concitantibus
3156 5878 3222 5935 ad
3252 5880 3541 5935 orationem
3574 5887 3670 5944 pro
3715 5871 3963 5940 inimicis,
3995 5878 4042 5932 si
