4432 6718
395 486 494 538 105

393 595 546 648 στίαν
592 594 985 667 διορθώσασθαι
1026 597 1289 669 μαθητοῦ,
1344 597 1439 649 καὶ
1482 595 1716 657 ἀναστὰς
1765 591 1958 656 ἔδειξεν

394 678 537 749 αύτῷ
567 680 657 734 τὸν
681 680 847 735 τύπον
890 683 1001 735 τῶν
1024 682 1189 750 ἥλων,
1221 679 1315 731 καὶ
1343 678 1412 731 τὰ
1437 678 1745 748 τραύματα,
1772 675 1959 736 είπὼν,

393 762 547 823 Βάλε
602 764 715 832 τὴν
756 764 925 835 χεῖρὰ
970 782 1107 828 σου,
1162 760 1261 815 καὶ
1307 762 1538 825 βλέπε,
1589 763 1675 815 ὅτι
1732 759 1965 826 πνεῦμα

391 848 588 916 σάρκα
612 851 709 904 καί
758 850 909 904 ὀστᾶ
936 850 1047 902 οὐκ
1076 849 1219 913 ἔχει·
1251 845 1393 899 οὓτω
1425 848 1517 900 καὶ
1549 848 1669 899 τότε
1697 842 1859 908 δείξει
1898 842 1966 894 τὰ

393 930 682 1002 τραύματα
724 932 820 985 xal
863 933 954 983 τὸν
990 929 1241 998 σταυρὸν,
1292 930 1378 982 ἵνα
1426 929 1574 999 δείξῃ
1603 930 1684 981 ὅτι
1716 919 1869 985 οὗτος
1899 919 1967 993 ἦν

393 1014 598 1077 ἐκεῖνος
627 1017 656 1067 6
677 1011 1027 1084 σταυρωθείς.

468 1097 529 1151 ε’.
553 1098 667 1150 Ούκ
695 1097 804 1149 ἀπὸ
822 1095 918 1147 τοῦ
948 1094 1181 1165 σταυροῦ
1197 1094 1255 1147 δὲ
1281 1098 1461 1165 μόνον,
1488 1093 1623 1145 ἀλλά
1639 1092 1733 1145 καὶ
1754 1091 1859 1144 ἀπὸ
1880 1090 1971 1143 αύ-

394 1180 500 1233 τῶν
527 1180 635 1232 τῶν
666 1178 925 1249 ῥημάτων
950 1178 1057 1229 τῶν
1082 1180 1139 1230 ἐν
1166 1178 1243 1247 τῷ
1266 1177 1485 1247 σταυρῷ
1506 1176 1601 1245 τὴν
1639 1178 1842 1243 ἄφατον
1872 1174 1969 1226 αύ-

394 1262 488 1325 τοῦ
515 1260 922 1331 φιλανθρωπίαν
953 1260 1101 1315 ἐστιν
1137 1260 1282 1315 ἰδεῖν.
1320 1262 1439 1313 Ἔτι
1478 1261 1584 1331 γὰρ
1613 1256 1969 1330 προσηλωμέ-

395 1363 484 1407 νος
520 1346 612 1397 καὶ
653 1342 1081 1413 κωμῳδούμενος
1121 1345 1215 1397 καὶ
1247 1342 1696 1413 καταγελώμενος
1724 1342 1841 1395 τότε
1878 1340 1970 1394 καὶ

396 1427 789 1497 ἑμπτυόμενος,
820 1426 993 1495 ἔλεγε·
1028 1426 1237 1495 Πάτερ,
1262 1427 1409 1496 ἄφες
1431 1428 1634 1493 αὐτοῖς
1658 1426 1770 1494 τὴν
1789 1426 1970 1494 ἁμαρ-

396 1512 550 1563 τίαν·
582 1511 653 1563 οὐ
680 1510 791 1577 γὰρ
831 1510 1030 1564 οἴδασι
1062 1512 1119 1563 τί
1141 1511 1400 1565 ποιοῦσι.
1428 1510 1537 1564 Kal
1571 1508 1970 1578 σταυρούμενος

397 1592 537 1661 ὑπὲρ
586 1591 693 1643 τῶν
734 1592 1111 1663 σταυρούντων
1162 1592 1399 1663 εὔχεται·
1449 1593 1626 1644 καίτοι
1676 1591 1870 1639 ἐκεῖνοι
1912 1588 1972 1639 τὸ

397 1675 636 1727 ἐναντίον
652 1674 852 1742 ἔλεγον·
889 1679 958 1730 El
988 1678 1117 1742 Υἱὸς
1134 1672 1194 1729 εἴ
1218 1677 1322 1729 τοῦ
1343 1673 1513 1733 Θεοῦ,
1542 1669 1825 1735 κατάϐηθι
1853 1668 1971 1721 ἀπὸ

397 1758 504 1811 τοῦ
532 1759 815 1827 σταυροῦ,
841 1760 935 1813 καὶ
966 1754 1374 1825 πιστεύσομεν
1399 1769 1519 1815 σοι,
1544 1752 1696 1823 φησί.
1726 1751 1836 1804 Kal
1867 1752 1972 1820 μὴν

398 1838 552 1911 [409]
586 1842 675 1894 διά
694 1843 851 1895 τοῦτο
874 1843 934 1893 ού
961 1840 1277 1894 καταϐαίνει
1296 1837 1403 1890 ἀπὸ
1424 1836 1515 1889 τοῦ
1548 1834 1799 1905 σταυροῦ,
1826 1835 1972 1887 ἐπει-

396 1924 462 1993 δὴ
491 1925 617 1988 Υίός
640 1927 754 1980 ἐστι
782 1926 875 1978 τοῦ
901 1924 1059 1986 Θεοῦ,
1089 1923 1183 1975 καὶ
1207 1921 1297 1973 διὰ
1318 1918 1473 1972 τοῦτο
1497 1914 1677 1989 ἦλθεν,
1705 1918 1792 1972 ἵνα
1820 1934 1974 1970 σταυ-

402 2006 549 2077 ρωθῇ
572 2008 711 2076 ὑπὲρ
726 2008 904 2077 ήμῶν.
928 2006 1223 2067 Κατάϐηθι
1240 2002 1360 2056 ἀπὸ
1377 2002 1480 2055 τοῦ
1502 2000 1789 2067 σταυροῦ,
1816 1999 1971 2069 φησὶ,

401 2090 499 2143 καί
523 2089 933 2156 πιστεύσομεν
958 2104 1076 2141 σοι.
1140 2086 1388 2155 Ῥήματα
1418 2084 1609 2147 ταῦτα,
1642 2084 1735 2136 xal
1765 2083 1975 2154 πρόφα-

402 2188 487 2233 σις
520 2171 796 2233 ἀπιστίας.
847 2169 953 2222 Τοῦ
996 2168 1105 2239 γὰρ
1135 2168 1440 2237 καταϐῆναι
1466 2167 1573 2219 ἀπὸ
1618 2168 1710 2219 τοῦ
1739 2167 1972 2237 σταυροῦ

403 2252 581 2322 πολλῷ
607 2254 791 2322 μεῖζον
816 2248 882 2324 ῆν
905 2252 965 2305 τὸ
989 2251 1311 2321 ἀναστῆναι,
1345 2249 1438 2303 τοῦ
1462 2251 1609 2303 λίθου
1628 2251 1973 2320 ἐπικειμένου

399 2334 476 2405 τῷ
518 2336 692 2404 τάφῳ·
745 2336 837 2389 τοῦ
880 2334 1179 2404 καταϐῆναι
1215 2334 1323 2386 ἀπὸ
1370 2332 1464 2385 τοῦ
1526 2332 1754 2402 σταυροῦ
1794 2332 1973 2401 πολλῷ

404 2419 584 2487 μεῖζον
612 2413 678 2488 ῆν
710 2418 996 2489 τὸ,νεκρὸν
1025 2417 1308 2487 δεδεμένον
1339 2417 1431 2469 καὶ
1453 2416 1823 2487 τετραήμερον
1844 2415 1972 2468 ὄντα

398 2500 490 2553 τὸν
519 2500 765 2569 Λάζαρον
801 2500 938 2570 μετὰ
980 2500 1089 2552 τῶν
1122 2498 1344 2571 κειριῶν
1381 2498 1668 2566 ἐξαγαγεῖν
1695 2496 1790 2551 τοῦ
1835 2500 1973 2569 μνή-

404 2601 592 2654 ματος.
626 2584 852 2636 Ἐκεῖνοι
879 2585 975 2652 μὲν
1002 2578 1094 2635 οῦν
1116 2583 1318 2649 ἔλεγον·
1346 2584 1413 2635 El
1446 2583 1578 2648 Υἱὸς
1601 2578 1659 2635 εἴ
1673 2582 1779 2636 τοῦ
1803 2584 1971 2645 Θεοῦ,

398 2665 607 2720 σῶσον
639 2668 917 2719 σεαυτόν·
973 2665 1135 2727 αὐτὸς
1171 2664 1229 2717 δέ
1274 2665 1449 2718 πάντα
1503 2665 1784 2736 ἔπραττεν,
1826 2668 1975 2730 ὅπως

400 2749 641 2810 ἐκείνους
670 2747 817 2819 σώσῃ
849 2748 975 2810 τοὺς
999 2747 1349 2811 ὀνειδίζοντας
1371 2746 1550 2810 αὐτὸν,
1568 2748 1761 2816 λέγων·
1801 2750 1975 2817 Ἄφες

399 2830 604 2895 αὐτοῖς
640 2830 752 2895 τὴν
788 2831 1103 2897 ἁμαρτίαν·
1139 2832 1210 2883 οὺ
1247 2829 1358 2899 γὰρ
1394 2831 1595 2885 οἴδασι
1625 2833 1682 2885 τί
1708 2832 1972 2885 ποιοῦσι.

400 2915 465 2966 Τί
497 2910 629 2979 οῦν;
677 2914 888 2984 ἀφῆκεν
921 2915 1105 2976 αὐτοῖς
1140 2914 1236 2985 τὴν
1276 2915 1577 2984 ἀμαρτίαν;
1640 2915 1896 2984 Ἀφῆκεν,
1927 2918 1975 2969 εί

401 2997 678 3051 ἐϐούλοντο
712 3000 1060 3068 μετανοῆσαι.
1094 2999 1153 3050 El
1180 2998 1288 3067 γὰρ
1315 2998 1388 3067 μὴ
1412 2997 1626 3067 ἀφῆκεν
1654 2998 1837 3061 αὐτοῖς
1875 2997 1975 3067 τὴν

403 3082 696 3151 ἁμαρτίαν,
714 3080 814 3132 ούκ
849 3080 914 3133 ἂν
950 3080 1161 3141 Παῦλος
1194 3080 1489 3143 ἀπόστολος
1530 3080 1769 3146 ἐγένετο·
1807 3083 1855 3132 εί
1899 3080 1976 3151 μὴ

400 3165 613 3232 ἀφῆκεν
644 3165 826 3226 αὐτοῖς
872 3164 966 3233 τὴν
995 3165 1287 3233 ἁμαρτίαν,
1323 3164 1423 3216 ούκ
1444 3163 1509 3217 ἂν
1545 3163 1746 3226 εύθέως
1774 3165 1977 3234 τρισχί-

401 3248 503 3300 λιοι
526 3248 849 3301 ἐπίστευσαν
869 3247 962 3299 καὶ
990 3247 1414 3315 πεντακισχίλιοι
1446 3249 1538 3301 καὶ
1561 3245 1749 3299 πολλαὶ
1780 3246 1975 3316 μυριά-

400 3331 507 3393 δες.
540 3332 663 3383 Ὅτι
689 3330 797 3401 γὰρ
819 3329 1009 3383 πολλαὶ
1036 3329 1295 3399 μυριάδες
1328 3330 1596 3383 Ἰουδαίων
1624 3329 1970 3395 ἐπίστευσαν,

401 3414 631 3466 ἄκουσον
668 3412 721 3465 τί
754 3412 1001 3479 λέγουσιν
1031 3412 1081 3464 οί
1124 3411 1408 3465 ἀπόστολοι
1442 3411 1519 3480 τῷ
1546 3410 1761 3481 Παύλῳ·
1823 3413 1973 3464 Θεω-

400 3494 541 3563 psic.
568 3494 812 3565 ἀδελφέ,
833 3496 1019 3549 πόσαι
1038 3493 1323 3564 μυριάδες
1348 3495 1508 3547 είσὶν
1538 3494 1835 3549 Ἰουδαίων
1856 3492 1976 3548 τῶν

402 3579 887 3632 πεπιστευκότων
904 3594 923 3640 ;

474 3660 859 3731 Μιμησώμεθα
882 3660 1059 3713 τοίνυν
1084 3659 1175 3713 τὸν
1218 3658 1513 3729 Δεσπότην,
1565 3658 1657 3712 καὶ
1701 3658 1840 3729 ὑπὲρ
1864 3658 1973 3712 τῶν

404 3742 613 3814 ἐχθρῶν
632 3742 941 3813 εὐχώμεθα.
987 3742 1155 3795 Πάλιν
1186 3740 1294 3810 γάρ
1336 3741 1504 3811 αὐτῆς
1537 3740 1974 3810 ἐπιλαμϐάνομαι

402 3825 505 3893 τῆς
540 3826 953 3895 παραινέσεως·
1010 3825 1267 3894 πέμπτην
1310 3824 1419 3895 ἔχω
1469 3825 1707 3894 σήμερον
1763 3823 1975 3893 ἡμέραν

405 3909 546 3979 ὑπὲρ
572 3908 775 3979 ταύτης
811 3908 939 3979 ὑμῖν
966 3908 1063 3978 τῆς
1090 3906 1399 3971 ὑποθέσεως
1426 3906 1826 3977 διαλεγόμενος,
1856 3906 1977 3975 οὐχὶ

405 3989 831 4059 καταγινώσκων
872 3991 1026 4061 ὑμῶν
1064 3990 1383 4061 παρακοὴν,
1422 3989 1499 4060 μὴ
1551 3988 1797 4057 γένοιτο,
1842 3986 1975 4041 ἀλλά

408 4073 644 4147 μάλιστα
690 4072 925 4136 ἐλπίζων
954 4073 1036 4127 ὅτι
1074 4072 1455 4144 πεισθήσεσθε.
1484 4073 1546 4125 El
1584 4070 1642 4125 δέ
1686 4070 1830 4135 τινές
1870 4071 1977 4124 είσι

407 4157 633 4228 σκληροὶ
652 4155 745 4210 καὶ
771 4154 975 4227 ὀργίλοι
1003 4156 1096 4210 καὶ
1123 4156 1515 4224 δυσανάγωγοι,
1538 4154 1678 4208 ὥστε
1702 4151 1980 4225 παρακοῦ-

408 4258 497 4294 σαι
529 4240 637 4294 τῶν
672 4240 923 4311 περὶτῆς
955 4240 1117 4311 εύχῆς
1152 4240 1457 4313 ῥηθέντων,
1496 4237 1598 4292 κᾶν
1621 4239 1713 4293 τὸν
1750 4236 1979 4307 ἀριθμὸν

405 4324 513 4376 τῶν
535 4326 565 4393 ή
576 4323 755 4394 μερῶν
781 4321 1118 4385 αἰδεσθέντες
1146 4321 1455 4375 ἀπόθωνταί
1490 4337 1619 4373 ποτε
1646 4320 1746 4390 τὴν
1779 4319 1979 4391 ἔχθραν

407 4407 501 4459 καὶ⁵
528 4406 625 4475 τὴν
683 4403 1068 4475 μικροψυχίαν.
1117 4404 1369 4473 Μίμησαί
1428 4419 1523 4454 σου
1554 4402 1645 4454 τὸν
1671 4401 1976 4471 Δεσπότην·

409 4485 755 4558 ἐσταυροῦτο,
807 4486 902 4539 κα¹ι
945 4485 1084 4554 ὑπὲρ
1114 4484 1221 4537 τῶν
1272 4483 1645 4553 σταυρούντων
1677 4482 1756 4551 τῷ
1806 4483 1983 4558 Πατρ⁶ι

406 4570 696 4638 διελέγετο.
730 4568 840 4622 Kal
863 4567 980 4628 πῶς
1010 4566 1258 4634 δύναμαι,
1282 4566 1435 4637 φησὶ,
1472 4566 1565 4620 τὸν
1585 4564 1862 4635 Δεσπότην
1891 4582 1981 4636 μι-

413 4652 718 4726 μήσασθαις
756 4651 883 4704 Ἐἀν
910 4650 1088 4723 θέλῃς,
1115 4647 1360 4701 δύνασαι.
1384 4649 1446 4701 El
1470 4646 1544 4719 μὴ
1568 4647 1673 4723 γὰρ
1703 4642 1813 4711 οἷός
1836 4644 1984 4725 τεῆς

413 4736 774 4807 μιμήσασθαι,
800 4734 915 4798 πῶς
933 4734 1103 4801 ἔλεγε,
1125 4731 1350 4786 Μὰθετε
1370 4731 1471 4786 ἀπ’
1494 4731 1661 4804 ἐμοῦ,
1684 4730 1774 4785 ὅτι
1794 4730 1982 4800 πρᾶός

409 4822 523 4888 ειμι
556 4820 655 4873 καί
682 4819 959 4885 ταπεινὸς
985 4816 1061 4886 τῇ
1086 4814 1335 4883 καρδίᾳ;
1359 4816 1423 4885 Et
1452 4815 1527 4886 μὴ
1555 4814 1775 4888 δυνατὸν
1790 4810 1858 4887 ἦν
1890 4834 1981 4887 μι-

416 4904 713 4973 μήσασθαι,
760 4903 863 4957 οὐκ
895 4904 962 4959 ἂν
1006 4901 1241 4975 ἐλεγενδ
1273 4899 1515 4967 Παῦλος·
1565 4901 1827 4969 Μιμηταί
1863 4919 1982 4971 μου

412 4987 671 5054 τίνεσθε,
694 4984 887 5052 καθὼς
915 4983 1075 5055 κάγὼ
1093 4980 1367 5051 Χριστοῦ.
1399 4980 1545 5053 Πλὴν
1572 4982 1685 5035 ἀλλ’
1716 4985 1775 5036 ού
1808 4984 1983 5053 βούλει

411 5067 505 5119 τὸν
553 5067 826 5139 Δεσπότην
859 5066 1233 5139 μιμήσασθαι;
1270 5063 1507 5134 μίμησαι
1547 5066 1639 5119 τὸν
1679 5066 1979 5132 σύνδουλον,

414 5148 682 5220 Στέφανον
708 5148 851 5221 λέγω
894 5152 985 5204 τὸν
1014 5148 1310 5203 ἀπόστολον
1330 5163 1343 5177 ⁸
1375 5146 1471 5199 καὶ
1508 5148 1619 5219 γὰρ
1657 5152 1862 5213 ἐκεῖνος
1894 5152 1984 5204 τὸν

413 5232 689 5303 Δεσπότην
711 5234 1038 5307 ἐμιμήσατο.
1066 5233 1176 5286 Καὶ
1196 5230 1444 5301 καθάπερ
1465 5231 1493 5283 6
1518 5233 1751 5303 Χριστὸς
1783 5232 1983 5304 μεταξὺ

414 5315 521 5379 τῶν
554 5313 947 5385 σταυρούντων,
975 5315 1134 5383 ἀφεὶς
1166 5314 1257 5368 τὸν
1289 5312 1545 5383 σταυρὸν,
1578 5316 1738 5381 ἀφεὶς
1767 5317 1834 5369 τὰ
1862 5317 1984 5370 καθ’

415 5398 626 5460 ἑαυτὸν,
654 5396 793 5467 ὑπὲρ
820 5397 927 5456 τῶν
962 5398 1336 5469 σταυρούντων
1385 5397 1693 5468 παρακαλεῖ
1726 5400 1818 5453 τὸν
1871 5402 1984 5460 Πα-

415 5482 576 5553 τέρα·
609 5481 749 5535 οῦτω
798 5479 893 5533 καὶ
940 5482 970 5533 6
1020 5481 1203 5546 δοῦλος
1244 5481 1444 5553 μεταξὺ
1477 5479 1587 5532 τῶν
1635 5479 1983 5548 λιθαζόντων,

421 5564 742 5636 βαλλόμενος
770 5561 875 5615 ὑπὸ
906 5564 1124 5617 πάντων
1149 5604 1164 5625 ,
1210 5564 1496 5635 δεχόμενος
1538 5562 1637 5625 τὰς
1666 5562 1827 5631 βολὰς
1878 5566 1988 5621 τῶν

418 5648 602 5711 λίθων,
617 5648 713 5702 xal
738 5645 838 5709 τάς
861 5644 1052 5708 ὀδύνας
1072 5647 1170 5708 τάς
1192 5649 1257 5700 ἐκ
1273 5647 1475 5701 τούτων
1501 5646 1791 5715 γινομένας
1808 5649 1985 5717 ἀφεὶς,

419 5732 572 5801 ἔλεγε
587 5749 601 5764 ο
619 5732 813 5801 Κύριε,
824 5728 910 5799 μὴ
932 5728 1170 5797 στήσῃς
1190 5729 1397 5796 αὐτοῖς
1413 5728 1525 5799 τὴν
1540 5729 1832 5799 ἁμαρτίαν
1852 5734 1991 5789 ταύ-

421 5830 551 5880 την.
585 5813 735 5879 Εἶδες
768 5814 885 5877 πῶς
914 5810 1267 5879 διαλέγεταιὸ
1299 5812 1460 5879 Υίός;
1502 5809 1637 5877 είδες
1669 5813 1786 5878 πῶς
1814 5814 1991 5869 δέεται

422 5897 450 5951 ἐ
480 5897 695 5964 δοῦλοςς
738 5896 970 5961 Ἐκεῖνός
1016 5908 1168 5967 φησι·
1225 5895 1440 5966 Πάτερ,
1475 5896 1621 5966 ἄφες
1646 5897 1846 5965 αὐτοῖς
1880 5899 1994 5967 τὴν

1346 481 1434 535 DE
1473 477 1702 535 CRUCE
1741 474 1827 530 ΕΤ
1862 468 2202 529 LATRONE.
2254 470 2483 525 IIOMIL
2528 471 2567 527 I.

3531 470 3634 527 606

2072 589 2365 657 ἁμαρτίαν
2396 592 2619 655 ταύτην
2642 606 2652 618 ·
2682 592 2751 641 οὺ
2778 589 2883 656 γὰρ
2900 588 3098 641 οἴδασι
3119 589 3175 640 τί
3206 588 3480 641 ποιοῦσιν
3508 605 3519 618 ·
3544 586 3635 645 οῦ-

2067 690 2157 735 τος
2184 672 2239 725 δέ
2269 689 2422 743 φησι·
2449 673 2645 739 Κύριε,
2671 672 2756 739 μὴ
2778 671 3018 739 στήσῃς
3057 669 3262 737 αὐτοῖς
3295 670 3409 737 τὴν
3452 671 3635 741 ἁμαρ-

2072 757 2208 810 τίαν
2241 757 2483 822 ταύτην.
2512 755 2623 808 Kal
2646 755 2732 806 ἵνα
2762 753 2937 825 μάθῃς
2962 757 3045 808 ὅτι
3067 753 3205 824 μετά
3230 754 3463 824 σπουδῆς
3488 754 3639 825 εὔχεο

2068 854 2180 901 ται,
2208 838 2306 907 οὐχ
2354 820 2540 901 ἁπλῶς
2574 820 2793 906 εὔχεται
2848 820 3016 900 ἑστὼς
3062 820 3155 889 καὶ
3188 820 3669 908 καταλευόμενος,“

2068 921 2204 974 ἀλλά
2234 921 2347 985 θεὶς
2378 921 2445 975 τὰ
2498 922 2701 990 γόνατα
2748 916 2869 974 εἷπε
2906 921 3042 991 μετὰ
3083 921 3446 987 κατανύξεως,
3502 921 3641 993 μετὰ

2070 1002 2267 1071 πολλῆς
2304 1003 2667 1072 συμπαθείας.
2698 1004 2884 1057 Βούλει
2917 1021 2998 1057 σοι
3019 1002 3175 1069 δείξω
3206 1005 3301 1058 καὶ
3324 1005 3483 1059 ἀλλον
3514 1004 3639 1058 σύν-

2067 1087 2252 1139 δουλον
2287 1085 2467 1156 πολλῷ
2499 1086 2717 1157 μείζονα
2765 1089 2973 1141 ἐκείνου
3012 1087 3280 1150 παθόντας
3326 1088 3385 1141 '0
3431 1088 3640 1151 Παῦλὸς

2070 1184 2257 1238 φησιν·
2309 1169 2457 1221 Ὑπὸ
2509 1167 2813 1223 Ἰουδαίων
2846 1172 2970 1237 τρὶς
3020 1169 3438 1238 ἐρῤαόδίσθην,
3480 1170 3640 1235 ἅπαξ

2070 1251 2422 1319 ἐλιθάσθην,
2466 1251 2844 1321 νυχθήμερον
2878 1253 2948 1304 ἐν
2991 1252 3070 1317 τῷ
3098 1251 3271 1318 ,βυθῷ
3320 1254 3640 1321 πεποίηκα.

2071 1335 2135 1386 Τί
2157 1331 2249 1388 οῦν
2276 1334 2413 1405 μετά
2450 1334 2618 1387 ταῦτα
2638 1353 2653 1399 ;
2672 1334 2982 1403 Ηύχόμην,
3011 1335 3193 1405 φησὶν,
3229 1334 3413 1402 αὐτὸς
3431 1335 3640 1391 ἀνάθε-

2064 1436 2149 1488 μα
2174 1414 2322 1472 εἶναι
2352 1418 2502 1484 ὑπὲρ
2534 1417 2652 1470 τῶν
2681 1417 2962 1487 ἀδελφῶν
3001 1436 3143 1486 μου,
3176 1419 3293 1473 τῶν
3336 1421 3642 1490 συγγενῶν

2064 1520 2184 1571 μου
2214 1500 2365 1554 κατὰ
2396 1499 2611 1567 σάρκα.
2642 1501 2826 1564 Θέλεις
2858 1504 2949 1555 καὶ
2979 1502 3135 1555 ἄλλον
3182 1502 3332 1575 [410]
3370 1506 3516 1569 ίδείν,
3545 1506 3643 1559 ούκ

2070 1584 2178 1634 ἀπὸ
2200 1584 2296 1652 τῆς
2329 1584 2557 1652 Καινῆς,
2577 1583 2689 1635 ἀλλ’
2722 1585 2829 1637 ἀπὸ
2866 1586 2962 1655 τῆς
3004 1585 3278 1651 Παλαιᾶς;
3323 1586 3493 1640 Τοῦτο
3537 1590 3644 1658 γάρ

2072 1664 2189 1715 ἐστι
2227 1664 2458 1732 μάλιστα
2484 1665 2544 1717 τὸ
2576 1665 2907 1735 θαυμαστὸν,
2943 1669 3023 1720 ὅτι
3053 1670 3184 1722 ὅπου
3211 1669 3311 1723 οὐκ
3337 1670 3646 1722 ἐκελεύοντο

2072 1747 2198 1809 τοὺς
2228 1746 2458 1818 ἐχθροὺς
2503 1748 2699 1816 φιλεῖν,
2753 1750 2868 1801 ἀλλ’
2906 1751 3181 1822 ὀφθαλμὸν
3211 1754 3498 1807 ἐκκόπτειν
3531 1755 3647 1807 ἀντ’

2072 1829 2373 1899 ὀφθαλμοῦ,
2405 1833 2500 1885 καὶ
2554 1833 2743 1886 ὀδόντα
2788 1834 2909 1886 ἀντὶ
2956 1835 3183 1901 ὀδόντος,
3222 1838 3317 1889 καὶ
3368 1839 3481 1899 τοῖς
3513 1837 3646 1899 [σοις

2073 1914 2411 1983 ἀμείψασθαι
2442 1917 2653 1979 κακοῖς,
2677 1916 2816 1987 πρὸς
2840 1916 3201 1988 ἀποστολικὴν
3230 1918 3472 1987 ἔφθασαν
3503 1920 3648 1988 φιλο⁹

2076 1997 2287 2064 σοφίαν.
2310 1999 2572 2051 Ἀκουσον
2594 1999 2645 2051 τί
2667 2016 2831 2069 φησιν
2859 2002 2888 2052 6
2911 2001 3169 2071 Μωῦσῆς,
3195 2002 3223 2053 6
3247 1998 3521 2065 λιθασθεὶς
3546 2003 3651 2055 ὑπὸ

2074 2080 2180 2133 τῶν
2220 2081 2486 2134 Ἰουδαίων
2516 2081 2793 2145 πολλάκις,
2829 2083 2923 2136 καὶ
2952 2083 3387 2155 καταφρονηθεὶς
3425 2086 3515 2138 ὑπ’
3549 2086 3649 2139 αύ-

2074 2163 2181 2215 τῶν
2198 2179 2211 2192 ·
2246 2164 2315 2220 El
2330 2162 2448 2231 μὲν
2472 2162 2657 2231 ἀφίης
2680 2164 2882 2230 αὐτοῖς
2902 2165 3010 2233 τὴν
3038 2168 3352 2234 ἁμαρτίαν,
3375 2167 3526 2237 ἄφες
3548 2185 3563 2199 ·
3598 2172 3650 2223 εί

2072 2244 2269 2314 δὲμὴ,
2305 2245 2457 2314 κάμὲ
2489 2246 2818 2315 ἐξάλειψον
2851 2248 2919 2300 ἐκ
2959 2247 3071 2315 τῆς
3110 2249 3331 2311 ,βίϐλου
3368 2246 3444 2321 ἧς
3476 2253 3651 2321 Enca-

2075 2330 2218 2395 ψας.
2267 2328 2430 2399 Ὁρᾷς
2458 2328 2688 2382 ἕκαστον
2711 2328 2809 2400 τὴν
2842 2329 2951 2382 τῶν
2994 2330 3169 2384 ἀλλων
3206 2332 3505 2399 ἀσφάλειαν
3545 2336 3652 2405 πρὸ

2074 2412 2172 2481 τῆς
2224 2412 2428 2474 οἰκείας
2469 2412 2740 2483 σωτηρίας
2772 2413 3089 2483 τιθέμενον;
3146 2415 3313 2469 Οὐδὲν
3369 2418 3647 2490 ἥμαρτες·

2076 2494 2167 2547 καὶ
2189 2493 2239 2547 τί
2275 2494 2455 2563 βούλει
2482 2495 2806 2567 κοινωνῆσαι
2838 2497 3021 2560 αὐτοῖς
3052 2496 3153 2567 τῆς
3192 2501 3493 2571 τιμωρίας;
3528 2503 3649 2557 Ὀτι

2076 2578 2135 2630 ού
2168 2578 2371 2649 σφόδρα
2398 2578 2746 2651 αἰσθάνομαι,
2772 2581 2924 2651 φησὶ,
2954 2583 3053 2650 τῆς
3080 2581 3406 2653 εὐπραγίας,
3446 2584 3650 2656 ἐτέρων

2077 2660 2398 2730 πασχόντων
2426 2661 2630 2725 κακῶς.
2673 2663 2870 2733 Ἤρκει
2916 2662 3014 2733 μὲν
3049 2659 3143 2717 οῦν
3180 2665 3276 2717 καὶ
3319 2665 3493 2719 ταῦτα
3522 2668 3651 2737 ήμίν

2076 2744 2143 2796 τά
2161 2743 2576 2813 παραδείγματα
2604 2762 2616 2775 ·
2646 2745 2733 2797 ἵνα
2754 2745 2809 2797 δέ
2828 2747 2891 2798 ἐκ
2920 2747 3239 2817 περιουσίας
3266 2748 3652 2821 διορθώσωμεν

2076 2828 2332 2889 ἑαυτοὺς,
2368 2828 2462 2879 καὶ
2496 2828 2681 2897 ἕτερον
2707 2827 2773 2880 τά
2800 2828 2939 2881 αύτά
2970 2830 3359 2899 φιλοσοφοῦντα
3391 2833 3652 2904 πειράσο-

2080 2930 2177 2982 μαι
2207 2925 2255 2964 α.
2311 2912 2420 2964 Kal
2475 2912 2584 2981 γὰρ
2640 2912 2668 2964 6
2708 2911 2891 2978 Δαυῖδ,
2922 2915 2950 2966 6
2997 2916 3267 2985 μακάριος
3312 2918 3518 2981 ἐκεῖνος
3556 2921 3651 2972 καὶ

2079 2996 2269 3063 πρᾶος,
2293 2992 2385 3046 τοῦ
2413 2993 2773 3064 στρατοπέδου
2800 2996 3001 3059 παντὸς
3026 2999 3524 3065 κατεξαναστάντος
3556 3002 3652 3055 αύο

2075 3075 2191 3137 τοῦ,
2224 3076 2317 3128 καὶ
2340 3077 2431 3127 τὸν
2460 3076 2574 3128 υἱὸν
2601 3075 3029 3141 καθοπλίσαντος
3052 3080 3143 3132 τὸν
3184 3080 3527 3151 Ἀϐεσαλὼμ,
3559 3088 3653 3138 καὶ

2075 3158 2399 3228 ἐπιθεμένου
2422 3161 2488 3229 τῇ
2514 3159 2810 3229 τυραννίδι,
2834 3162 2926 3212 καὶ
2950 3161 3302 3231 βουληθέντος
3330 3164 3493 3218 αὑτὸν
3517 3168 3653 3236 σφά-

2076 3239 2186 3305 ξαι,
2217 3238 2335 3294 εἶτα
2367 3241 2461 3293 τοῦ
2483 3241 2617 3294 Θεοῦ
2650 3242 2739 3296 διὰ
2762 3241 2922 3295 τοῦτο
2945 3244 3372 3314 παροξυνθέντος
3405 3248 3427 3317 (
3446 3248 3499 3301 τί
3543 3250 3653 3320 γὰρ

2073 3325 2122 3375 εί
2149 3324 2245 3378 καὶ
2269 3324 2543 3394 πρόφασιν
2575 3324 2768 3395 ἑτέραν
2792 3325 3029 3392 ἐπέθηκε
3052 3330 3116 3401 τῇ
3146 3331 3329 3400 σφαγῇ
3346 3328 3386 3403 ;)
3439 3329 3533 3402 καὶ
3558 3332 3651 3393 τὸν

2074 3406 2303 3475 ἄγγελον
2341 3407 2657 3477 πέμψαντος
2692 3410 2968 3480 ῥομφαίαν
2996 3412 3341 3481 ἐσπασμένον
3361 3454 3376 3477 ,
3426 3414 3521 3470 καὶ
3553 3415 3650 3485 τὴν

2076 3489 2292 3559 πληγὴν
2343 3490 2675 3560 ἐπιφέροντα
2735 3490 2944 3547 ἀνωθεν
2970 3532 2985 3556 ,
3053 3494 3195 3565 ὁρῶν
3247 3496 3652 3567 ἀπολλυμένους

2078 3572 2344 3638 ἅπαντας,
2366 3573 2419 3625 τί
2450 3590 2615 3644 φησιν
2641 3590 2655 3639 ;
2701 3575 2851 3645 Ἐγὼ
2871 3580 2903 3630 ό
2927 3576 3462 3647 ποιμὴνῆμαρτον,
3493 3582 3655 3653 κάγὼ

2079 3658 2112 3707 ό
2132 3656 2358 3723 ποιμὴν
2387 3656 2821 3724 ἐκακοποίησα.
2873 3661 3150 3721 Γενέσθω
3184 3662 3278 3720 ἐπ’
3318 3662 3423 3731 ἐμὲ
3456 3664 3495 3726 ἠ
3526 3667 3655 3734 κερ

2077 3754 2215 3801 σου,
2244 3738 2342 3792 καί
2365 3738 2462 3791 ἐπὶ
2488 3740 2596 3793 τὸν
2620 3737 2791 3794 οἷκον
2816 3742 2923 3796 τοῦ
2938 3745 3161 3811 πατρός
3181 3763 3322 3813 μου.
3360 3747 3520 3817 Ὁρᾷς
3547 3751 3651 3800 πά-

2076 3821 2159 3875 λιν
2196 3821 2435 3893 συγγενῆ
2464 3821 2531 3875 τὰ
2566 3823 3003 3896 κατορθώματα;
3040 3827 3226 3889 Βούλει
3259 3844 3343 3881 σοι
3368 3829 3528 3893 δείξω
3560 3832 3654 3884 καὶ¹

2076 3906 2270 3971 ἀλλον;
2302 3906 2425 3960 οὐδὲ
2456 3906 2567 3977 γάρ
2589 3907 2780 3978 ἐτέρου
2819 3910 2888 3963 τά
2914 3909 3060 3970 αὐτὰ
3082 3911 3504 3981 φιλοσοφοῦντος
3528 3916 3656 3967 ἀπο-

2082 3992 2343 4060 ρήσομεν.
2372 3990 2675 4063 Σαμουὴλό
2702 3995 2991 4065 προφήτης
3017 3995 3223 4058 ἐκεῖνος
3252 3994 3487 4068 ὑϐρίσθη
3503 3998 3657 4068 παρά

2078 4072 2186 4127 τῶν
2225 4071 2517 4139 Ἰουδαίων,
2547 4073 3035 4148 ἀπεχειροτονήθη,
3064 4077 3343 4149 ὴτιμάσθη
3360 4078 3553 4145 οὕτως,
3580 4080 3656 4145 ὡς

2079 4156 2171 4209 τὸν
2202 4155 2334 4209 Θεὸν
2355 4154 2580 4227 θελῆσαι
2603 4156 2772 4230 αὑτὸν
2788 4158 3291 4231 παραμυθήσασθαι
3317 4162 3412 4215 καὶ
3445 4163 3653 4215 είπεῖντ

2083 4240 2166 4292 Οὐ
2191 4238 2267 4291 σὲ
2294 4238 2770 4311 ἐξουθενήκασιν
2791 4280 2807 4305 ,
2841 4241 2980 4294 ἀλλ’
3009 4240 3131 4309 ἐμέ.
3163 4242 3228 4295 Τί
3270 4238 3363 4298 οῦν
3392 4244 3599 4307 ἐκεῖνος
3626 4247 3657 4299 6

2079 4322 2477 4396 ἐξουθενηθεὶς,
2505 4324 2533 4376 6
2557 4321 2861 4393 ύϐρισθείςς
2894 4323 3056 4391 Ἐμοί
3081 4322 3149 4375 δὲ
3172 4323 3261 4392 μὴ
3282 4326 3534 4395 γένοιτο,
3560 4346 3658 4399 φη-

2082 4408 2189 4468 σὶν.
2212 4406 2491 4476 ἁμαρτεῖν
2507 4405 2718 4471 οὕτως,
2739 4406 2821 4474 ὠς
2847 4406 3145 4461 διαλιπεῖν
3165 4412 3657 4481 προσευχόμενον

2081 4486 2237 4557 ὑπὲρ
2268 4487 2436 4557 ὑμῶν
2473 4486 2555 4552 τῷ
2588 4488 2807 4555 Κυρίῳ.
2858 4488 3163 4561 ’Δμαρτίαν
3192 4490 3444 4562 ἐνόμισεν
3491 4487 3655 4557 εἶναι,

2081 4572 2144 4625 τὸ
2182 4571 2258 4643 μὴ
2287 4568 2686 4642 προσεύχεσθαι
2724 4571 2867 4643 ὑπὲρ
2898 4571 3010 4627 τῶν
3064 4572 3296 4645 ἐχθρῶν.
3325 4575 3418 4647 Μὴ
3446 4576 3659 4644 γένοιτο

2084 4655 2196 4743 γάρ
2224 4654 2603 4743 μοι-ἁμαρτεῖν
2628 4653 2834 4743 οῦτως,
2865 4656 2953 4743 ὡς.
2975 4655 3051 4729 μὴ
3084 4658 3489 4743 προσεύχεσθαι
3514 4661 3655 4743 ὑπὲρ

2085 4738 2257 4808 ὑμῶν.
2294 4737 2351 4788 '0
2380 4736 2616 4805 Χριστδς
2659 4736 2830 4805 λέγει·
2867 4738 3077 4809 Πὰτερ,
3128 4740 3280 4808 ἄφες
3312 4741 3517 4808 αὐτοῖς
3541 4741 3654 4809 τὴν

2084 4823 2374 4893 ἁμαρτίαν
2396 4834 2409 4846 ·
2443 4821 2515 4873 οὺ
2530 4819 2863 4890 γὰροίδασι
2886 4824 2940 4875 τί
2962 4821 3263 4878 ποιοῦσιν.
3302 4824 3360 4878 '0
3383 4823 3655 4894 Στέφανος

2084 4904 2250 4972 λέγει·
2272 4903 2468 4970 Κύριε,
2482 4903 2570 4972 μὴ
2591 4904 2829 4973 στήσῃς
2847 4905 3051 4970 αὐτοῖς
3067 4904 3183 4974 τὴν
3201 4906 3497 4975 ἁμαρτίαν
3516 4912 3657 4964 ταύ-

2085 5002 2213 5053 την.
2269 4985 2326 5037 '0
2361 4985 2577 5050 Παῦλος
2623 4987 2772 5055 λέγει
2797 5004 2811 5017 ·
2846 4988 3136 5057 Ηύχόμην
3189 4989 3457 5060 ἀνάθεμα
3504 4987 3657 5047 εἶναι

2083 5068 2233 5135 ὑπὲρ
2267 5067 2386 5120 τῶν
2412 5068 2691 5139 ἀδελφῶν
2711 5086 2852 5138 μου,
2874 5069 2991 5123 τῶν
3014 5072 3331 5141 συγγενῶν
3354 5073 3505 5128 κατὰ
3520 5075 3657 5142 σάρ-

2085 5168 2179 5206 κα.
2232 5151 2291 5204 '0
2342 5152 2584 5223 Μωῦσῆς
2611 5152 2778 5220 λέγει·
2827 5154 2896 5205 Εί
2922 5153 3036 5221 μὲν
3083 5155 3269 5233 ἀφίης
3308 5156 3514 5224 αὐτοῖς
3542 5158 3657 5233 τὴν

2084 5234 2395 5307 ἁμαρτίαν,
2418 5236 2596 5305 ἀφες·
2642 5235 2781 5289 ειδέ
2796 5237 2906 5305 μὴ,
2932 5238 3085 5307 κάμὲ
3103 5230 3432 5308 ἐξάλειψον
3456 5239 3525 5293 ἐκ
3544 5230 3656 5309 τῆς

2080 5321 2303 5385 ,βίϐλου
2338 5314 2416 5389 ἧς
2458 5319 2743 5388 ἔγραψας.
2784 5320 2842 5372 '0
2880 5320 3045 5375 Δαυῒδ
3090 5321 3257 5390 λέγει·
3306 5321 3588 5379 Γενέσθω
3616 5326 3654 5391 ἡ

2087 5402 2216 5472 χείρ
2261 5413 2378 5454 σου
2412 5401 2506 5454 ἐπ’
2534 5400 2639 5471 ἐμὲ
2690 5401 2788 5455 καί
2820 5401 2919 5457 ἐπὶ
2950 5402 3057 5457 τὸν
3082 5399 3251 5458 οἷκον
3298 5405 3409 5459 τοῦ
3432 5408 3659 5475 πατρός

2083 5503 2218 5557 μου.
2260 5484 2319 5539 '0
2339 5483 2588 5557 Σαμουὴλ
2615 5483 2793 5552 λέγει·
2831 5486 2982 5556 Ἐμοί
3012 5485 3081 5540 δὲ
3100 5486 3187 5556 μὴ
3220 5486 3450 5557 γένοιτο
3476 5489 3661 5559 ἁμαρ-

2087 5570 2213 5624 τεῖν
2243 5570 2349 5624 τοῦ
2373 5568 2670 5623 διαλιπεῖν
2697 5571 3188 5639 προσευχόμενον
3204 5570 3356 5641 ὑπὲρ
3390 5571 3555 5641 ὑμῶν
3579 5570 3661 5639 τῷ

2091 5654 2301 5721 Κυρίῳ.
2339 5654 2505 5715 Ποίας
2536 5646 2627 5704 οῦν
2677 5651 2933 5723 τύχωμεν
2966 5652 3299 5725 συγγνώμης
3323 5694 3337 5718 ,
3388 5655 3509 5709 είπέ
3544 5672 3655 5727 μοι,

2090 5736 2184 5790 τοῦ
2211 5735 2504 5799 Δεσπότου,
2530 5733 2641 5787 τῶν
2665 5734 2888 5797 δούλων,
2916 5734 3025 5790 τῶν
3047 5736 3155 5790 ἀπὸ
3177 5737 3276 5807 τῆς
3305 5737 3535 5808 Καινῆς,
3550 5738 3662 5790 τῶν

2093 5820 2201 5875 ἀπὸ
2231 5819 2331 5888 τῆς
2390 5818 2653 5881 Παλαιᾶς,
2706 5819 2925 5872 πάντων
2962 5820 3114 5889 ήμᾶς
3147 5820 3431 5877 ὠθούντων
3462 5821 3543 5885 εἰς
3566 5818 3664 5891 τὴν

2157 5906 2179 5933 θ
2205 5904 2351 5954 Forte
2377 5902 2518 5959 δεῖξαι
2540 5904 2843 5967 πειράσομαι.
2866 5902 3018 5956 Sui].
