4432 6724
365 491 467 549 407
1454 473 1542 531 DE
1569 473 1795 533 CRUCE
1834 473 1924 532 ΕΤ
1964 476 2304 534 LATRONE.
2349 477 2578 535 HOMIL.
2619 478 2686 533 11.

362 605 470 647 nos
489 602 520 641 e
538 585 801 643 contrario
817 595 1001 643 contra
1025 584 1267 641 Inimicos
1286 587 1601 653 precemur?
1627 586 1723 651 Ne,
1744 603 1948 656 qumso,

370 696 445 737 ne
465 678 518 734 id
554 691 791 748 agamus,
824 678 1033 733 fratres.
1066 676 1271 732 Etenim
1302 686 1499 746 quanto
1523 677 1671 746 plura
1692 679 1954 747 exempla,

370 778 525 827 tanto
552 769 741 839 majus,
764 770 808 823 si
834 783 930 823 eos
986 781 1093 821 non
1126 766 1410 832 imitemur,
1440 768 1780 837 supplicium.
1812 766 1957 823 Prae-

374 858 600 913 stantius
620 869 700 914 est
724 874 821 929 pro
848 856 1095 922 inimicis,
1122 872 1277 926 quam
1310 874 1405 927 pro
1431 859 1615 912 amicis
1640 873 1827 913 orare:
1852 874 1957 913 non

374 950 514 1005 enim
544 960 746 1005 tantum
794 950 939 1013 hinc,
964 956 1217 1018 quantum
1262 950 1388 1005 inde
1431 951 1570 1004 lucri
1618 947 1849 1004 refertis.
1898 950 1961 1005 Si

359 1043 511 1095 ienim
538 1042 833 1101 dilexeritis,
869 1040 1056 1109 inquit,
1087 1057 1189 1107 eos,
1218 1044 1304 1112 qui
1325 1059 1411 1096 vos
1433 1042 1670 1111 diligunt,
1699 1044 1826 1096 nihil
1847 1060 1960 1096 ma-

372 1134 457 1199 gni
472 1133 640 1201 facitis
656 1148 675 1184 :
693 1130 874 1184 etenim
890 1139 936 1182 et
951 1131 1205 1200 publicani
1222 1136 1315 1185 hoc
1336 1133 1530 1202 faciunt
1546 1130 1756 1200 (Matth.
1771 1133 1823 1188 5.
1842 1132 1958 1200 46).

382 1221 563 1291 Itaque
608 1222 653 1277 si
679 1235 773 1290 pro
801 1222 985 1276 amicis
1012 1238 1229 1278 oremus
1259 1232 1481 1284 tantum,
1513 1221 1737 1278 ethnicis
1762 1233 1816 1278 et
1857 1239 1957 1292 pu-

376 1310 594 1366 blicanis
641 1309 873 1364 nondum
916 1312 1163 1368 meliores
1205 1314 1327 1367 facti
1376 1326 1578 1367 sumus.
1612 1314 1819 1368 Aleum
1850 1312 1959 1367 ini-

3535 481 3641 541 ωε

2070 590 2235 645 micas
2264 588 2553 658 diligimus,
2602 588 2711 643 Deo
2760 602 2856 656 pro
2887 588 3114 643 humana
3170 587 3422 645 facultate
3447 592 3649 649 similes

2066 680 2348 742 efficimur,
2384 678 2485 746 Qui
2508 679 2663 733 solem
2693 695 2840 732 suum
2866 680 2987 732 oriri
3008 681 3131 752 facit
3149 697 3302 743 super
3322 681 3481 735 malos
3503 692 3546 734 et
3570 686 3651 734 bo-

2067 787 2181 836 nos,
2212 779 2257 824 et
2283 770 2410 840 pluit
2428 786 2580 840 super
2598 771 2765 839 justas
2793 779 2838 822 et
2859 770 3074 839 injustas
3104 768 3319 843 (Matth.
3345 771 3398 825 5.
3423 771 3537 839 45).
3565 770 3650 824 Si-

2070 879 2188 917 mus
2222 863 2378 932 igitur
2403 862 2605 917 similes
2637 862 2805 915 Patris
2837 880 2851 915 :
2882 877 2999 915 nam
3025 860 3222 926 Estote,
3254 863 3446 932 inquit,
3467 863 3654 916 similes

2073 951 2243 1007 Patris
2268 954 2434 1018 vestri,
2458 952 2545 1021 qui
2573 952 2624 1004 in
2656 950 2791 1005 caelis
2817 961 2905 1011 est.
2934 961 2991 1004 ut
3016 968 3234 1020 regnum
3253 953 3507 1006 cwlorum
3525 972 3541 1005 ι
3560 967 3654 1005 on-

2069 1043 2219 1111 sequi
2250 1058 2581 1104 mercamur,
2610 1042 2777 1110 gratia
2804 1052 2855 1096 et
2888 1042 3209 1111 benignitate
3243 1042 3447 1096 Domini
3475 1052 3531 1096 et
3563 1041 3655 1095 Dei

2070 1143 2122 1186 et
2148 1131 2439 1188 Salvatoris
2479 1132 2647 1187 nostri
2672 1131 2799 1185 Jesu
2842 1131 3058 1196 Christi,
3089 1133 3172 1187 cui
3199 1132 3368 1202 gloria
3394 1142 3448 1188 et
3478 1134 3649 1203 impc-

2070 1224 2205 1278 rium
2235 1225 2285 1278 in
2316 1225 2511 1280 smcnla
2535 1223 2870 1278 smeulorum.
2902 1224 3091 1276 Amen.

376 1557 610 1600 ORATIO
647 1558 705 1599 IN
751 1557 1001 1602 CRUCEM
1048 1560 1129 1602 ET
1173 1559 1233 1601 IN
1268 1558 1742 1601 CONFESSIONEM
1774 1551 2106 1603 ωτιιοςις,

1908 1551 2106 1603 ηοςις,
2141 1551 2449 1593 RECITATA
2496 1553 2556 1593 IN
2604 1554 2837 1596 SANCTA
2886 1555 2966 1596 ΕΤ
3012 1553 3229 1597 ΜΑΘΝΑ
3278 1554 3658 1611 ΡΑιιΑδρενε,

1379 1658 1459 1699 ΕΤ
1500 1657 1670 1710 QUOD
1699 1653 2031 1697 OPORTEAT
2078 1650 2197 1693 ΡΙὶο
2243 1651 2507 1693 INIMICIS
2549 1651 2785 1694 οιιΑιιε.

1685 1815 1943 1830 _

836 1864 1060 1905 HOIILIA
1080 1866 1141 1907 ll.

457 1942 506 1995 l.
537 1940 737 2004 Quanta
776 1940 917 1994 nobis
953 1941 1083 1993 bona
1107 1938 1247 1994 Crux
1273 1935 1477 2005 a/ferat.
1508 1966 1581 1976 —
1621 1935 1834 1991 Festum
1865 1934 1961 1988 ho-

378 2034 465 2089 die
490 2033 694 2101 agimus
718 2042 773 2087 et
799 2041 1118 2087 conventum
1140 2072 1155 2097 ,
1185 2032 1469 2096 carissimi,
1499 2030 1752 2100 quoniam
1786 2030 1965 2083 Domi-

380 2139 481 2180 nus
508 2132 687 2178 noster
707 2124 872 2178 clavis
899 2132 982 2177 est
1008 2123 1153 2177 cruci
1184 2121 1391 2176 affixus.
1418 2120 1601 2191 Neque
1626 2120 1963 2190 peregrinum

382 2216 475 2270 tibi
523 2213 765 2268 videatur
784 2252 799 2275 ,
842 2212 887 2267 si
912 2227 1033 2266 cum
1063 2226 1151 2267 res
1174 2211 1360 2267 odiosa
1386 2222 1440 2267 ct
1464 2211 1759 2267 aversanda
1788 2209 1965 2271 fuerit,

381 2323 478 2362 nos
522 2307 712 2362 fcstmn
755 2305 896 2359 diem
942 2303 1291 2359 celebremus.
1344 2301 1617 2372 Ejusmodi
1660 2302 1801 2355 enim
1845 2310 1971 2353 sunt

380 2399 558 2453 omnia
587 2397 879 2467 spiritualia
905 2436 920 2459 ,
966 2394 1232 2450 contraria
1272 2393 1517 2447 humana:
1557 2402 1778 2447 naturar.
1820 2391 1888 2446 Et
1914 2400 1970 2445 ut

385 2490 486 2545 hoc
534 2489 698 2558 probe
727 2500 1019 2558 cognoscas
1041 2526 1057 2550 ,
1101 2500 1230 2541 crux
1263 2501 1313 2554 pi
1329 2486 1407 2539 ius
1433 2485 1891 2540 condcmnationis
1916 2492 1971 2537 et

383 2579 628 2649 supplicii
673 2594 866 2634 nomen
904 2587 1052 2643 erat;
1093 2585 1148 2630 at
1186 2590 1328 2629 nunc
1359 2590 1443 2629 res
1470 2585 1553 2630 est
1577 2574 1894 2629 venerabilis
1919 2581 1971 2626 et

384 2670 769 2723 desiderabilis.
816 2669 960 2725 Crux
1003 2677 1160 2721 antea
1209 2665 1489 2721 dedecoris
1516 2674 1569 2720 et
1609 2679 1779 2734 panno
1805 2678 1969 2730 argu-

388 2769 625 2814 mentum
662 2770 809 2823 erat;
862 2773 1000 2812 nunc
1034 2757 1217 2827 glorizc
1246 2766 1300 2811 et
1347 2756 1570 2809 honoris
1596 2765 1680 2809 cst
1716 2754 1970 2808 occasio:

387 2848 632 2917 quodque
661 2863 785 2901 crus
818 2846 885 2901 sit
914 2848 1078 2917 gloria
1104 2886 1120 2906 .
1170 2845 1293 2899 audi
1341 2845 1615 2900 Christum
1662 2843 1928 2898 dicentem
1955 2860 1968 2896 :

402 2936 853 3005 l‘ater,clariﬁca
871 2949 948 2986 me
980 2934 1143 3003 gloria
1168 2972 1183 2996 ,
1218 2949 1369 3001 quam
1415 2932 1569 2985 habui
1605 2930 1746 2999 apud
1782 2941 1828 2983 te
1870 2942 1986 2983 ante

402 3027 579 3081 mundi
605 3026 1005 3079 constitutionem
1032 3023 1221 3090 (Joan.
1260 3024 1347 3080 17.
1372 3021 1478 3093 5);
1519 3022 1743 3092 gloriam
1772 3036 1982 3076 crucem

401 3120 703 3175 nominans.
734 3115 878 3171 Crux
915 3124 1071 3184 caput
1099 3124 1294 3168 nostra:
1321 3113 1506 3167 salutis
1533 3130 1547 3167 :
1578 3128 1706 3167 crux
1744 3112 1983 3167 infinito-

400 3227 517 3266 rum
542 3211 802 3263 honorum
842 3214 1230 3277 argumentum.
1278 3205 1500 3273 Propter
1544 3204 1681 3259 hanc
1717 3218 1849 3269 nos,
1891 3205 1981 3274 qui

402 3302 544 3372 prius
582 3300 788 3371 inglorii
828 3308 880 3353 et
906 3297 1088 3366 rcjccti
1132 3311 1359 3354 eramus.
1388 3295 1601 3350 nuncin
1632 3295 1858 3350 filiorum
1890 3310 1979 3349 or-

400 3395 575 3450 dinem
620 3392 818 3458 recepti
862 3404 1047 3445 sumus
1077 3406 1091 3442 :
1120 3397 1337 3457 propter
1374 3386 1510 3441 hanc
1538 3401 1643 3440 non
1673 3385 1982 3441 oberramus

399 3487 665 3558 amplius,
708 3484 801 3539 sed
842 3484 1119 3539 veritatem
1159 3481 1547 3549 cognovimus:
1587 3488 1806 3550 propter
1847 3478 1985 3533 hanc

400 3596 530 3646 nos,
576 3578 663 3648 qui
708 3576 851 3645 prius
886 3575 1026 3644 ligna
1068 3581 1123 3626 et
1168 3571 1373 3638 lapides
1412 3570 1804 3637 adorabamus,
1845 3585 1986 3627 nunc

397 3672 634 3727 omnium
654 3683 831 3724 rerum
849 3663 1160 3718 Creatorem
1172 3662 1522 3729 cognovimus
1545 3678 1559 3714 :
1582 3672 1800 3731 propter
1823 3662 1981 3729 hanc,

398 3764 486 3835 qui
538 3761 675 3817 servi
725 3757 925 3829 peccati
974 3767 1224 3816 eramus,
1265 3751 1331 3805 ad
1382 3751 1679 3806 libertatem
1710 3751 1727 3783 ί
1762 3752 1983 3822 justitire

398 3853 571 3912 evecti
600 3867 782 3907 sunms
810 3868 822 3899 :
855 3855 1069 3918 propter
1103 3844 1237 3896 hanc
1270 3851 1411 3897 terra
1437 3844 1627 3898 eazlum
1674 3843 1742 3899 de
1783 3855 1983 3898 cancro

401 3947 534 4003 facta
556 3957 656 4000 cst.
701 3944 824 3997 llaec
853 3942 921 3997 ab
948 3955 1132 3995 errore
1158 3955 1254 3993 nos
1284 3936 1552 4001 liberavit,
1588 3936 1699 3989 lucc
1727 3934 1793 3989 ad
1837 3934 1983 3988 veri-

396 4047 563 4096 tatem
593 4036 809 4094 adduxit
828 4077 844 4099 ,
867 4034 980 4088 hzec
1015 4030 1502 4087 reconciliationem
1530 4029 1625 4082 Dei
1652 4042 1771 4081 cum
1805 4026 1984 4081 homi-

396 4134 555 4187 nilms
580 4128 843 4195 instituit,
874 4126 991 4181 hinc
1009 4137 1109 4178 nos
1127 4138 1194 4177 ex
1212 4120 1473 4190 profundo
1500 4118 1718 4173 malitiae
1743 4127 1980 4187 ereptos,

394 4224 450 4279 in
477 4220 874 4292 ipsumvirtutis
896 4216 1159 4286 fastigium
1188 4212 1405 4276 eduxit;
1442 4211 1557 4265 haec
1584 4223 1823 4265 errorem
1867 4207 1982 4261 dm-

396 4330 614 4370 monum
639 4314 914 4377 esszinxit,
946 4311 1061 4363 haec
1085 4308 1457 4376 deceptionem
1482 4320 1514 4360 e
1540 4303 1718 4357 medio
1741 4301 1978 4357 sustulit.

397 4406 621 4474 Propter
639 4404 775 4457 hanc
791 4418 896 4454 non
916 4411 998 4457 est
1017 4400 1246 4468 amplius
1263 4400 1435 4451 futurus
1448 4407 1501 4453 et
1518 4396 1692 4460 nidor,
1712 4401 1767 4449 et
1782 4393 1982 4463 sangui-

395 4497 479 4552 nis
498 4494 637 4549 bruti
658 4492 879 4553 effusio;
906 4490 1000 4544 sed
1021 4489 1217 4557 ubique
1235 4488 1410 4542 cultus
1428 4486 1751 4555 spirituales,
1776 4484 1978 4557 hymni,

393 4587 611 4649 laudes,
639 4594 694 4640 et
737 4584 1073 4654 precationes
1112 4579 1397 4635 visuntur:
1430 4588 1651 4647 propter
1694 4578 1832 4632 hanc
1868 4578 1980 4629 dte-

394 4692 580 4732 mones
612 4675 836 4746 fugiunt,
865 4671 1216 4739 diabolusque
1247 4667 1555 4739 profligator
1575 4686 1587 4722 :
1610 4678 1824 4738 prepter
1844 4667 1982 4722 bane

395 4770 622 4822 humana
655 4778 842 4822 natura
869 4780 989 4820 cum
1008 4762 1241 4832 angelica
1277 4760 1489 4814 vivendi
1519 4761 1728 4815 ratione
1754 4768 1981 4815 conton-

402 4844 523 4900 dit:
556 4856 773 4915 prepter
820 4847 957 4903 hanc
988 4848 1264 4918 virginitas
1294 4849 1345 4903 in
1391 4849 1545 4904 terris
1592 4862 1857 4907 versatur.
1915 4852 1990 4906 Ex

403 4949 510 5006 quo
550 4935 693 4990 enim
737 4952 804 4993 ex
836 4938 1050 5011 \‘irginc
1082 4940 1167 4995 ille
1195 4940 1428 5009 prodiit,
1472 4942 1722 5011 cognovit
1758 4942 1990 4998 humana

408 5034 593 5080 natura
623 5026 835 5083 virtutis
875 5029 1034 5100 hujus
1074 5031 1237 5085 viam.
1285 5031 1410 5087 "ch
1440 5045 1539 5087 nos
1565 5032 1617 5085 in
1645 5032 1877 5086 tenebris
1906 5047 1991 5086 sc-

405 5116 593 5170 dentes
620 5116 973 5185 illuminavit;
1016 5121 1133 5177 haec
1163 5136 1261 5176 nos
1290 5133 1618 5195 expugnatos
1659 5132 1714 5178 et
1750 5122 1988 5177 debella-

409 5218 491 5263 tos
523 5209 798 5275 liberavit;
833 5212 950 5269 hate
977 5230 1093 5278 nos,
1124 5215 1213 5284 qui
1242 5217 1429 5285 procul
1453 5217 1755 5281 abcramus,
1788 5216 1991 5271 vicinos

408 5314 529 5356 esse
555 5297 710 5363 fecit;
744 5299 857 5356 lucc
879 5318 978 5358 nos
996 5305 1324 5359 abalienatos
1344 5305 1663 5363 domesticos
1689 5308 1844 5371 fecit;
1880 5307 1997 5363 lnec

411 5407 506 5448 nos
537 5392 844 5461 peregrinos
869 5393 1037 5451 factos
1065 5398 1179 5453 c.in
1210 5400 1352 5453 cives
1377 5400 1682 5465 constituit;
1710 5402 1822 5456 haec
1844 5401 1997 5455 nobis

410 5484 547 5541 bella
579 5482 825 5548 sustulit,
880 5486 1026 5552 pacis
1072 5490 1334 5543 securitas
1376 5488 1566 5544 effecta
1610 5499 1712 5545 est.
1774 5492 1998 5560 Pr0pter

382 5577 549 5632 'hanc
578 5591 679 5630 non
717 5573 1064 5634 formidamus
1091 5582 1318 5652 amplius
1348 5583 1506 5654 ignita
1546 5582 1743 5638 diaboli
1777 5583 1950 5653 jacula
1978 5601 1993 5649 ;

429 5679 533 5725 tam
564 5671 685 5725 vitae
731 5669 929 5726 fontem
967 5672 1265 5732 invenimus
1297 5695 1311 5733 :
1354 5687 1570 5749 propter
1606 5677 1743 5733 hanc
1767 5691 1873 5733 non
1903 5692 1994 5733 su-

477 5870 489 5898 ¹
527 5873 649 5921 Savit
692 5885 741 5923 tn
767 5872 1003 5938 margine.
1026 5877 1092 5924 tul
1112 5888 1369 5928 summum.

1914 1796 2104 1849 PWE

2108 1817 2341 1829 —-

2080 1952 2199 1991 mus
2226 1937 2277 1991 in
2305 1937 2561 1992 viduitate
2585 1954 2598 2001 ;
2632 1952 2888 2007 sponsum
2919 1938 3061 1992 enim
3089 1940 3385 2005 recepimus
3409 1956 3422 1990 :
3448 1948 3665 2008 pr0ptcr

2070 2029 2210 2085 hanc
2243 2046 2348 2085 non
2378 2032 2624 2085 timemus
2649 2032 2879 2099 amplius
2911 2031 3133 2099 lupum;
3182 2046 3303 2085 nam
3335 2031 3533 2085 bonum
3566 2046 3661 2099 pa.

2073 2129 2271 2175 storem
2298 2121 2605 2189 agnovimus
2628 2137 2643 2179 :
2676 2121 2802 2176 dicit
2826 2122 2969 2177 enim
2991 2163 3006 2181 .
3036 2120 3149 2193 Ego
3176 2139 3289 2175 sum
3319 2131 3491 2191 pastor
3507 2122 3669 2175 bonus

2077 2210 2254 2283 (Joan.
2288 2211 2373 2266 10.
2407 2212 2513 2273 11).
2562 2212 2785 2279 Propter
2822 2212 2959 2266 hanc
2986 2228 3090 2266 non
3131 2214 3411 2266 horremus
3439 2213 3669 2282 amplius

2078 2312 2395 2373 tyrannum;
2438 2300 2502 2354 ad
2538 2301 2735 2372 Regem
2758 2302 2898 2355 enim
2926 2302 3277 2356 aceurrinms.
3312 2301 3473 2356 \‘ides
3500 2317 3670 2370 quan—

2077 2403 2248 2447 torum
2292 2393 2551 2447 bonorum
2592 2408 2722 2447 crux
2772 2394 2841 2447 sit
2885 2394 3036 2447 nobis
3084 2394 3290 2449 causa?
3335 2393 3463 2449 Jure
3514 2394 3671 2462 igitur

2075 2484 2215 2537 diem
2243 2485 2432 2538 festum
2474 2482 2706 2552 agimus.
2755 2482 2845 2538 Sic
2866 2493 2920 2538 et
2950 2483 3142 2538 Paulus
3172 2493 3353 2539 monet
3386 2494 3441 2537 ut
3464 2482 3669 2538 festivi-

2078 2583 2239 2627 tatem
2280 2588 2500 2643 agamus
2546 2574 2628 2628 his
2664 2573 2885 2629 verbis:
2937 2573 3116 2643 Itaque
3165 2575 3433 2646 [crietnur,
3480 2591 3581 2628 non
3615 2574 3670 2628 in

2079 2666 2322 2733 [crinento
2344 2663 2522 2726 reteri,
2557 2680 2714 2733 neque
2750 2664 2801 2717 in
2841 2668 3086 2735 fermento
3115 2666 3321 2719 malitia:
3346 2675 3391 2719 et
3414 2665 3668 2732 nequitiar,

2077 2752 2166 2806 sed
2186 2753 2237 2805 in
2273 2754 2464 2821 azymis
2496 2754 2796 2807 sinceritatis
2831 2765 2877 2808 et
2905 2755 3125 2808 rcritatis
3164 2756 3239 2824 (I.
3263 2755 3381 2809 Cor.
3414 2756 3467 2811 5.
3492 2756 3572 2823 8).
3607 2756 3672 2810 Et

2077 2844 2227 2915 cujus
2252 2845 2420 2913 gratia
2453 2860 2550 2899 nos
2579 2845 2720 2899 dicm
2749 2845 2941 2900 festum
2973 2861 3132 2917 agere
3163 2848 3424 2917 prmcipis,
3456 2862 3489 2901 ο
3517 2848 3669 2903 beate

2081 2934 2278 2988 Paule?
2302 2935 2540 3005 Agedutn
2567 2951 2783 2990 causam
2814 2936 3007 2989 indica.
3051 2938 3181 3004 Quia
3210 2937 3409 2991 Pascha
3440 2948 3668 2992 nostrum

2078 3043 2171 3097 pro
2208 3027 2347 3082 nobis
2384 3028 2669 3082 immolatus
2741 3035 2820 3079 est
2870 3023 3115 3079 Christus
3169 3026 3309 3080 Deus
3357 3021 3658 3097 (lbid.7;.

2081 3118 2242 3173 \‘ides
2286 3120 2553 3188 quomodo
2595 3136 2726 3174 crux
2769 3121 2838 3174 sit
2877 3120 3031 3176 nobis
3080 3118 3314 3175 fesutm?
3361 3120 3669 3176 intellexisti

2078 3209 2218 3280 quod
2259 3220 2473 3280 propter
2493 3224 2707 3265 crucem
2738 3224 2836 3265 nos
2867 3209 3059 3264 festum
3086 3210 3361 3265 celebrare
3392 3210 3580 3280 jubet?
3608 3208 3664 3264 In
3708 3270 3711 3273 _

2077 3314 2237 3355 cruce
2264 3301 2408 3354 cnim
2448 3300 2662 3355 oblatus
2686 3312 2802 3361 est;
2834 3300 2923 3354 ubi
2955 3315 3083 3356 vero
3111 3300 3433 3355 sacrificium
3460 3342 3475 3366 ,
3523 3301 3596 3355 ibi
3616 3310 3672 3355 et

2078 3402 2414 3461 poet-alumni
2459 3390 2741 3453 remissio,
2789 3392 2856 3446 ibi
2907 3392 3275 3447 reconciliatio
3310 3391 3555 3455 Domini,
3600 3390 3671 3445 ibi

2082 3481 2272 3537 festum
2301 3490 2353 3535 ct
2375 3480 2649 3551 gaudium.
2685 3481 2884 3535 f’asrhn
2911 3494 3159 3545 nostrum,
3193 3482 3387 3552 inquit,
3420 3498 3510 3550 pro
3532 3482 3675 3535 nobis

2082 3573 2369 3627 immolatus
2396 3583 2465 3626 est
2491 3572 2742 3627 Christus.
2777 3572 2873 3628 libi
2907 3573 3209 3627 iunuolatus
3228 3573 3353 3627 cst?
3378 3571 3433 3625 ln
3460 3572 3674 3626 excelsa

2082 3679 2262 3719 cruce.
2308 3662 2511 3718 Novum
2538 3674 2591 3717 et
2628 3664 2962 3735 peregrinmn
2999 3664 3195 3729 altare,
3245 3678 3367 3719 cum
3401 3679 3595 3718 novum
3623 3674 3681 3718 et

2085 3755 2394 3810 inusitatum
2437 3755 2595 3810 fuerit
2630 3757 2973 3810 sacrificium.
3024 3756 3165 3811 Idem
3193 3766 3248 3812 et
3272 3756 3589 3812 sacrificium
3621 3763 3679 3811 et

2081 3846 2333 3901 sacerdos
2353 3856 2465 3901 erat
2485 3887 2501 3910 ,
2528 3846 2849 3901 sacrificium
2883 3846 3178 3901 secundum
3209 3861 3425 3902 carnem
3447 3889 3463 3913 ,
3496 3862 3677 3901 sacer-

2085 3938 2181 3993 dos
2206 3939 2497 3995 seeuudum
2527 3938 2808 4007 Spiritum;
2852 3938 2991 3994 idem
3023 3938 3318 3994 immolavit
3337 3948 3393 3993 et
3428 3938 3677 3993 immola-

2091 4030 2263 4085 batur.
2307 4030 2444 4085 Andi
2492 4030 2683 4083 iterum
2730 4030 2952 4084 Paultnu
2994 4029 3306 4084 dicentem:
3338 4028 3516 4083 Omnis
3545 4030 3676 4084 enim

2090 4123 2317 4190 pontifex
2342 4138 2403 4177 ea:
2428 4123 2714 4175 hominibus
2742 4132 3032 4189 assumptus
3049 4164 3064 4186 ,
3090 4136 3182 4189 pro
3227 4121 3510 4174 hominibus
3554 4136 3679 4173 con-

2087 4213 2310 4265 stituilttr
2343 4212 2394 4264 in
2422 4212 2501 4265 his
2525 4227 2639 4279 qua:
2662 4222 2779 4264 sunt
2802 4212 2872 4264 ad
2900 4212 3061 4264 Deum
3095 4209 3250 4282 (Ileb.
3278 4211 3331 4265 5.
3368 4212 3418 4265 1.
3442 4219 3490 4263 et
3514 4213 3568 4264 8.
3600 4209 3679 4278 3).

2090 4300 2242 4356 Unde
2285 4315 2505 4355 necesse
2531 4311 2612 4355 est
2646 4310 2701 4354 et
2729 4301 2868 4355 hunc
2912 4301 3110 4356 habere
3139 4301 3337 4370 aliquid
3376 4300 3521 4370 quod
3548 4300 3680 4355 offe-

2089 4400 2188 4445 rat.
2233 4392 2368 4447 Ecce
2397 4392 2633 4461 scipsmu
2663 4391 2839 4445 offert.
2884 4391 3023 4444 Alibi
3052 4405 3182 4445 vero
3212 4390 3405 4444 iterum
3443 4390 3518 4443 ait
3544 4409 3557 4444 :
3589 4390 3683 4445 Sic

2089 4494 2134 4537 ct
2156 4483 2384 4538 Christus
2421 4482 2575 4537 semel
2615 4482 2810 4537 oblatus
2835 4492 2905 4537 est
2931 4483 2998 4536 ad
3036 4482 3311 4537 multorum
3336 4482 3682 4537 exhauriendo

2092 4587 2297 4647 peccata
2329 4567 2522 4641 (Hebr.
2535 4576 2587 4631 9.
2600 4575 2713 4647 28).
2730 4575 2871 4634 Ecce
2883 4577 2971 4632 hic
2982 4576 3195 4632 oblatus
3209 4580 3311 4636 est,
3336 4572 3409 4628 ibi
3434 4574 3666 4644 seipsum

2092 4669 2303 4724 obtulit.
2327 4668 2532 4728 Vidisti,
2555 4666 2823 4736 quomodo
2841 4665 2980 4721 idem
3007 4665 3329 4720 sacrificium
3345 4680 3439 4719 seu
3463 4666 3677 4721 victima

2093 4770 2149 4815 et
2175 4759 2423 4813 saccrdos
2452 4756 2650 4810 fuerit:
2686 4762 2742 4809 et
2769 4771 2899 4810 crux
2941 4765 3058 4810 crat
3094 4756 3283 4809 altare.
3332 4754 3438 4810 Sed
3467 4755 3675 4825 disqui-

2096 4851 2317 4907 rendum
2349 4859 2450 4915 est,
2481 4866 2577 4903 cur
2606 4864 2713 4903 non
2747 4849 2797 4902 in
2823 4848 3023 4917 templo
3049 4847 3374 4902 sacrificium
3400 4848 3677 4915 offeratur,

2094 4946 2147 5000 in
2173 4944 2407 5013 templo,
2447 4943 2665 5013 inquam
2691 4983 2706 5007 ,
2753 4941 3006 5005 Judaico,
3055 4940 3149 4996 sed
3191 4948 3342 4995 extra
3388 4940 3676 5002 civitatem,

2093 5045 2243 5091 extra
2268 5035 2484 5091 muenia.
2516 5035 2677 5089 Extra
2704 5033 2972 5089 civitatem
2995 5031 3281 5088 crucifixus
3308 5040 3390 5087 est
3414 5041 3679 5100 tamquam

2094 5126 2377 5181 damnatus
2401 5125 2661 5197 quispiam
2688 5134 2741 5180 ct
2766 5138 2891 5179 rcus
2914 5166 2929 5189 ,
2958 5132 3015 5177 ut
3057 5122 3373 5193 impleretur
3399 5120 3524 5176 illud
3556 5136 3681 5188 pro-

2098 5219 2275 5289 pheta:
2320 5218 2520 5273 dictum
2552 5235 2565 5270 :
2596 5216 2666 5270 Et
2709 5232 2824 5270 cum
2870 5214 3059 5285 iniquis
3101 5221 3362 5283 reputatus
3408 5220 3481 5265 est
3514 5208 3678 5281 (Isat.

2098 5312 2186 5366 55.
2218 5308 2333 5379 te).

2171 5401 2339 5455 Extra
2381 5401 2630 5455 civitatem
2662 5416 2756 5453 cur
2801 5413 2978 5470 passus
3015 5395 3267 5449 Christus.
3316 5391 3587 5461 Templum
3614 5399 3687 5445 est

2090 5498 2203 5568 jam
2239 5504 2343 5548 tota
2383 5504 2537 5550 terra.
2576 5522 2648 5534 -—
2689 5493 2863 5558 Quare
2909 5488 3068 5558 igitur
3117 5492 3272 5542 extra
3316 5484 3587 5540 civitatem
3632 5483 3685 5536 in

2099 5590 2244 5645 edito
2274 5590 2412 5654 loco,
2441 5600 2496 5644 et
2520 5603 2625 5643 non
2652 5586 2750 5640 sub
2779 5592 2919 5640 tecto
2942 5582 3233 5652 quopiam?
3253 5580 3367 5636 Non
3392 5580 3508 5635 sine
3528 5591 3687 5632 causa

2101 5681 2205 5736 hoc
2252 5680 2509 5751 conligit,
2550 5677 2644 5733 sed
2683 5686 2740 5731 ut
2783 5676 2922 5730 acris
2964 5683 3212 5729 naturam
3243 5678 3536 5743 purgaret:
3567 5669 3689 5724 ideo

2101 5776 2152 5827 in
2182 5774 2396 5829 excelso
2415 5772 2534 5826 loco
2559 5770 2767 5824 oblatus
2799 5776 2883 5824 est
2906 5809 2921 5833 ,
2953 5768 3055 5823 sub
3083 5767 3225 5821 nullo
3251 5772 3412 5829 tecto.
3442 5760 3534 5817 sed
3570 5760 3691 5816 loco

2104 5867 2227 5921 terti
2255 5863 2387 5919 ca~lo
2416 5860 2854 5933 superimposito,
2901 5868 2955 5914 ut
2979 5858 3284 5914 universum
3314 5852 3503 5908 etclam
3535 5866 3691 5906 mun-
