4406 6700
750 450 848 506 409

749 556 965 608 daretur
989 567 1091 608 ove
1112 553 1164 607 in
1186 552 1400 607 sublimi
1419 552 1537 607 loco
1558 550 1849 605 immolata.
1878 549 2162 619 Purgatum
2183 550 2340 619 igitur

748 655 830 700 est
854 645 1080 704 caelum.
1124 655 1342 716 purgata
1382 652 1547 697 terra.
1590 641 1836 696 Stillabat
1862 643 2005 696 enim
2038 644 2251 710 sanguis
2275 658 2340 694 ex

746 737 913 790 latere
939 751 1103 803 super
1126 745 1337 798 terram,
1367 747 1661 799 omnesque
1687 732 1804 801 ejus
1827 733 2063 787 maculas
2084 742 2139 787 et
2165 731 2340 801 inqui-

746 837 995 881 namenta
1039 826 1186 881 eluit.
1235 825 1303 880 Et
1347 824 1503 893 hujus
1550 823 1765 893 quidem
1803 825 1970 893 gratia
2020 823 2339 879 sacriﬁcium

746 916 847 971 hoc
875 918 975 971 sub
1003 926 1140 971 tecto
1163 931 1267 969 non
1299 916 1589 985 peragitur,
1622 931 1789 985 quare
1819 931 1946 970 vero
1982 930 2083 968 non
2136 916 2186 967 in
2226 915 2341 981 ipso

746 1009 947 1076 templo
980 1006 1201 1061 Judaico
1224 1005 1247 1059 ?
1287 1004 1471 1074 Neque
1496 1005 1597 1059 hoc
1626 1015 1826 1061 temere
1850 1016 1902 1060 et
1928 1006 2045 1059 sine
2068 1019 2228 1059 causa
2252 1020 2341 1059 ac-

744 1100 874 1156 cidit
903 1117 915 1152 :
946 1100 1193 1154 videlicet
1223 1114 1291 1153 ne
1316 1098 1483 1153 Judmi
1512 1098 1616 1154 hoc
1653 1098 1972 1154 sacriﬁcium
2001 1098 2100 1152 sibi
2131 1105 2192 1151 ut
2222 1112 2344 1165 pro-

748 1192 918 1261 prium
952 1190 1317 1256 vindicarent,
1350 1205 1417 1244 ne
1440 1198 1656 1258 putares
1690 1206 1785 1260 pro
1813 1191 1925 1244 sola
1956 1190 2042 1243 illa
2065 1198 2223 1257 gente
2250 1203 2342 1242 sa-

745 1285 1003 1339 orificium
1059 1283 1163 1338 hoc
1214 1282 1453 1337 oblatum
1508 1298 1628 1339 esse
1675 1302 1689 1337 :
1737 1291 2019 1351 propterea
2076 1280 2134 1333 fit
2183 1289 2335 1333 extra

747 1377 965 1443 mania,
989 1385 1049 1430 ut
1072 1376 1270 1441 discas,
1294 1375 1545 1445 generale
1566 1389 1686 1429 esse
1715 1374 2059 1433 sacriﬁcium.
2091 1382 2149 1425 ut
2170 1372 2344 1425 discas

746 1484 845 1538 pro
888 1469 1138 1523 universa
1187 1478 1329 1522 terra
1375 1466 1697 1521 oblationem
1742 1480 1862 1518 esse
1906 1474 1962 1519 et
2000 1478 2341 1519 communem

747 1562 1104 1629 expiationem
1152 1560 1374 1613 institui.
1419 1558 1623 1613 Judceis
1660 1558 1805 1612 enim
1834 1558 1904 1612 ob
1946 1559 2046 1613 hoc
2092 1558 2342 1628 praecepit

748 1654 891 1709 Deus
913 1694 928 1717 ,
961 1662 1018 1706 ut
1047 1663 1154 1707 tota
1184 1662 1323 1706 terra
1360 1651 1545 1706 relicta
1573 1651 1626 1705 in
1652 1666 1759 1706 uno
1781 1651 1900 1705 loco
1931 1651 2261 1704 immolarent
2290 1658 2343 1701 et

747 1759 936 1813 preces
974 1744 1025 1796 in
1076 1757 1183 1797 uno
1215 1742 1335 1797 loco
1377 1741 1683 1797 funderent.
1732 1741 1864 1797 Nam
1891 1757 2012 1795 cum
2055 1750 2162 1793 tota
2204 1749 2341 1793 terra

748 1846 876 1890 tunc
899 1835 1256 1890 contaminata
1280 1844 1424 1890 esset
1450 1834 1595 1888 fumo
1618 1845 1672 1889 et
1702 1834 1886 1887 nidore
1924 1841 1979 1885 et
2006 1832 2340 1885 idololatrieo

747 1928 1026 1999 sanguine.
1051 1936 1108 1983 et
1143 1927 1266 1982 aliis
1291 1927 1568 1997 gentilium
1611 1924 2024 1995 inquinamentis
2045 1965 2059 1989 ,
2095 1924 2216 1977 ideo
2238 1924 2340 1976 illis

748 2036 916 2074 unum
945 2019 1121 2074 locum
1161 2018 1458 2088 imperavit.
1501 2016 1605 2071 Sed
1651 2031 1774 2070 cum
1800 2012 2045 2069 Christus
2070 2015 2253 2079 venit,
2288 2025 2344 2069 et

746 2119 896 2164 extra
922 2110 1191 2164 civitatem
1219 2115 1445 2163 mortem
1466 2107 1620 2175 obiit,
1644 2106 1948 2162 universam
1968 2116 2165 2161 terram
2192 2123 2347 2159 mun-

744 2202 931 2267 davit,
980 2215 1305 2272 onmemque
1352 2200 1531 2255 locum
1574 2200 1804 2255 orationi
1852 2199 2103 2253 idoneum
2144 2198 2341 2253 eﬁ‘ecit.

748 2292 842 2347 Vis
868 2291 1076 2347 discere
1100 2292 1372 2362 quomodo
1402 2300 1511 2346 tota
1537 2301 1681 2346 terra
1713 2292 1765 2345 in
1804 2300 2077 2360 posterum
2106 2291 2174 2343 sit
2204 2300 2343 2343 tem-

744 2385 892 2455 plum
930 2383 1116 2439 efl'ecta
1139 2425 1154 2448 ,
1202 2392 1259 2437 et
1294 2382 1562 2453 quomodo
1602 2382 1779 2436 omnis
1815 2382 1965 2435 locus
1999 2380 2229 2432 orationi
2271 2378 2342 2431 sit

744 2476 1081 2532 destinatus?
1110 2474 1248 2529 Audi
1281 2476 1472 2529 iterum
1510 2474 1723 2529 beatum
1769 2474 1991 2528 Paulum
2021 2472 2291 2526 dicentem
2322 2487 2336 2523 :

747 2568 772 2621 Ι
782 2587 812 2621 ιι
832 2569 970 2623 omni
1003 2568 1114 2622 loco
1139 2568 1356 2620 (nantes
1382 2582 1537 2636 puras
1569 2582 1750 2619 manus
1778 2565 1887 2619 sine
1912 2567 1993 2618 ira
2013 2575 2059 2619 et
2088 2565 2340 2633 discepta-

749 2662 883 2715 tione
903 2660 979 2729 (1.
1010 2659 1144 2713 Tim.
1166 2659 1224 2713 2.
1242 2660 1321 2725 8).
1354 2658 1542 2712 Vidisti
1569 2656 1838 2727 quomodo
1867 2666 2132 2711 terrarum
2155 2657 2343 2710 orbem

749 2752 1102 2821 expurgarit'!
1137 2750 1317 2805 vidisti
1342 2748 1611 2819 quomodo
1634 2748 1828 2817 ubique
1852 2762 2014 2817 puras
2046 2761 2235 2800 manus
2264 2746 2344 2800 le-

752 2857 881 2897 vare
921 2843 1224 2911 possimus?
1254 2840 1442 2895 Omnis
1468 2841 1612 2895 enim
1651 2849 1792 2893 terra
1821 2838 1888 2893 de
1922 2847 2119 2892 extero
2143 2837 2343 2890 sancti-

749 2934 901 2986 ﬁcata
936 2940 1021 2987 est
1045 2972 1061 2996 ,
1107 2933 1216 2985 imo
1254 2930 1491 2985 sanctior
1517 2938 1600 2983 est
1628 2928 1732 2981 illis
1765 2926 2076 2981 Judzeorum
2115 2927 2340 2979 sanctis.

748 3026 862 3090 Qua
909 3022 1157 3077 ratione?
1192 3022 1324 3090 Quia
1366 3021 1437 3075 ibi
1471 3018 1684 3089 quidem
1725 3018 1951 3073 rationis
1990 3031 2185 3087 expers
2208 3056 2224 3081 ,
2257 3015 2343 3070 hic

750 3128 882 3168 vero
922 3113 1128 3167 ratione
1168 3110 1393 3181 praedita
1418 3110 1534 3164 ovis
1560 3108 1737 3162 oblata
1777 3115 1881 3162 est.
1930 3107 2142 3174 Quanto
2185 3105 2348 3175 igitur

737 3203 1095 3273 ‘prmstantius
1125 3201 1176 3255 id
1204 3200 1350 3271 quod
1370 3200 1633 3255 rationem
1664 3198 1846 3265 habet,
1874 3211 1941 3252 eo
1969 3196 2110 3267 quod
2139 3200 2348 3250 ratione

747 3303 935 3360 caret,
984 3301 1132 3347 tanto
1171 3292 1401 3362 amplior
1435 3299 1491 3346 et
1532 3290 1620 3344 hic
1662 3287 2015 3343 sanctiﬁcatio
2057 3297 2159 3343 est.
2206 3286 2347 3342 Vere

752 3386 913 3455 igitur
935 3400 1066 3440 crux
1097 3384 1252 3439 nobis
1275 3383 1468 3438 festum
1490 3381 1630 3436 diem
1662 3382 1818 3451 parit.

819 3475 874 3530 2.
904 3474 971 3529 In
993 3473 1154 3530 Cruce
1177 3490 1269 3529 cur
1290 3473 1566 3543 promissus
1593 3470 1881 3541 paradisus.
1908 3499 1981 3510 --
2004 3469 2095 3525 Vis
2123 3478 2179 3525 et
2198 3469 2344 3524 aliud

749 3568 925 3622 crucis
957 3565 1153 3620 factum
1180 3563 1645 3634 pneelarissimum
1665 3600 1682 3626 ,
1727 3570 1782 3615 et
1820 3560 1961 3630 quod
2001 3575 2217 3616 omnem
2249 3559 2352 3613 hu-

752 3674 966 3713 manam
994 3655 1395 3727 intelligentiam
1422 3661 1639 3722 superat
1660 3692 1675 3715 ,
1708 3650 1994 3706 ediscere?
2034 3650 2346 3705 Paradisum

751 3753 992 3806 clausum
1022 3749 1231 3820 aperuit
1256 3747 1451 3802 hodie:
1480 3744 1637 3799 hodie
1667 3742 1809 3797 enim
1838 3743 2097 3798 latronem
2121 3743 2173 3796 in
2196 3742 2344 3797 illum

753 3843 1065 3900 introduxit.
1113 3842 1227 3895 Duo
1272 3836 1676 3910 prmclarissima
1726 3834 1959 3893 facinora
1993 3854 2008 3890 :
2042 3833 2345 3906 paradisum

751 3932 1049 3997 reseravit,
1079 3942 1134 3986 et
1162 3932 1422 3985 latronem
1465 3929 1781 3984 introduxit.
1830 3927 2081 3982 Reddidit
2105 3926 2178 3980 illi
2204 3924 2347 3979 anti-

752 4042 912 4097 quam
944 4027 1170 4097 patriam
1192 4064 1209 4087 ,
1240 4023 1449 4078 reduxit
1478 4022 1530 4075 in
1558 4032 1832 4091 paternam
1860 4021 2151 4074 civitatem.
2183 4016 2351 4070 Hodie

755 4134 951 4172 mecum
977 4117 1113 4181 eris,
1144 4114 1349 4185 inquit,
1390 4114 1444 4166 in
1478 4113 1716 4183 paradiso
1750 4110 1899 4179 (Luc.
1925 4112 2015 4166 25.
2051 4110 2168 4179 45).
2213 4108 2350 4175 Quid

755 4208 925 4265 dicis?
951 4207 1235 4264 crucifixus
1262 4213 1318 4260 et
1342 4206 1489 4260 cruci
1517 4204 1681 4258 clavis
1708 4203 1899 4257 afﬁxus
1927 4217 1988 4257 es
2010 4243 2024 4267 ,
2052 4212 2107 4258 et
2135 4200 2349 4273 paradi-

757 4317 878 4356 sum
910 4298 1219 4371 promittis?
1255 4296 1523 4368 quomodo
1563 4296 1677 4350 lucc
1704 4296 1825 4350 talia
1867 4296 2148 4366 largieris?
2191 4296 2351 4361 Atqui

762 4392 952 4447 Paulus
991 4390 1066 4445 ait
1096 4407 1111 4444 :
1139 4388 1427 4455 Cruci/bus
1472 4397 1544 4441 est
1589 4403 1651 4441 ex
1676 4387 1990 4454 inﬁrmitate.
2042 4385 2179 4439 Audi
2222 4399 2351 4437 vero

759 4502 889 4557 quae
940 4493 1287 4554 sequuntur:
1318 4481 1419 4537 Sed
1466 4482 1591 4535 vivit
1634 4496 1700 4535 ea:
1742 4481 1933 4535 virtute
1971 4479 2069 4532 Dei
2095 4479 2182 4549 (2.
2209 4477 2332 4533 Cor.

763 4579 853 4631 15.
887 4576 966 4646 4).
984 4576 1049 4628 ιι
1075 4590 1264 4629 rursus
1281 4573 1405 4626 alibi
1428 4590 1442 4624 :
1479 4572 1659 4626 Virtus
1674 4588 1791 4625 mea
1813 4572 1865 4624 in
1890 4571 2202 4639 inﬁrmitate
2218 4586 2339 4637 per-

758 4672 940 4741 ﬁcitur
969 4669 1046 4738 (2.
1076 4668 1203 4723 Car.
1224 4666 1314 4720 i2.
1340 4664 1418 4736 9).
1450 4664 1742 4734 Pmpterea
1782 4664 1836 4718 in
1867 4677 2030 4718 cruce
2050 4662 2342 4731 polliceor,

761 4765 902 4811 utet
945 4770 1041 4823 per
1078 4754 1217 4806 hanc
1259 4752 1437 4806 discas
1475 4766 1646 4804 meam
1693 4752 2004 4818 potentiam.
2045 4751 2177 4805 Cum
2208 4753 2352 4803 enim

761 4861 892 4901 crux
918 4846 988 4898 sit
1011 4856 1101 4897 res
1123 4839 1411 4911 injucunda
1434 4848 1489 4894 et
1518 4839 1742 4893 molesta
1759 4878 1774 4902 ,
1818 4854 1885 4893 ne
1909 4841 2108 4894 vultum
2134 4839 2354 4909 dejicias

764 4936 832 4990 ad
856 4934 1031 4990 crucis
1072 4941 1320 4988 naturam
1360 4929 1649 4986 attendens
1671 4970 1687 4993 ,
1716 4928 1810 4983 sed
1838 4938 1895 4981 ut
1920 4929 2070 4984 laetus
2095 4938 2149 4984 et
2175 4930 2355 4985 alacer

768 5024 1018 5083 efﬁciaris
1040 5064 1056 5090 ,
1103 5023 1170 5077 ad
1210 5022 1447 5077 cruciﬁxi
1497 5020 1790 5091 potentiam
1840 5019 2132 5089 respiciens
2154 5062 2169 5086 ,
2200 5036 2262 5076 ea
2288 5021 2355 5077 de

768 5134 927 5175 causa
956 5114 1047 5171 ille
1076 5114 1148 5169 ibi
1178 5128 1328 5167 suam
1359 5114 1449 5167 tibi
1480 5113 1728 5167 virtutem
1757 5111 2009 5166 ostendit.
2054 5110 2170 5166 Non
2215 5116 2354 5168 enim

772 5220 1036 5267 mortuum
1071 5205 1346 5269 excitans,
1378 5220 1481 5257 non
1520 5204 1651 5257 mari
1683 5204 1988 5273 imperans,
2020 5216 2123 5256 non
2152 5202 2356 5256 dtemo-

771 5318 866 5357 nes
892 5302 1194 5371 increpans,
1240 5296 1336 5352 sed
1361 5296 1668 5359 cruciﬁxus,
1708 5296 1872 5350 clavis
1901 5293 2093 5348 afﬁxus
2118 5335 2132 5359 ,
2168 5296 2357 5364 injuria

771 5392 1015 5457 aﬂectus,
1038 5392 1205 5461 sputis
1233 5388 1449 5449 oblitus,
1478 5385 1731 5441 cnuviciis
1759 5388 2049 5456 impetitus,
2096 5388 2270 5441 irrisui
2304 5397 2360 5443 et

774 5480 1005 5538 ludibrio
1032 5480 1170 5549 apud
1196 5494 1383 5535 omnes
1422 5478 1654 5545 habitus,
1688 5479 1855 5547 potuit
1879 5479 1945 5533 ad
1968 5493 2028 5533 se
2056 5479 2250 5533 malam
2277 5481 2358 5534 la-

777 5576 948 5630 tronis
987 5584 1222 5630 mentem
1260 5572 1547 5627 attrahere.
1600 5571 1733 5627 Vide
1776 5574 2041 5644 utrimque
2069 5577 2355 5643 potentiam

773 5666 918 5722 illius
960 5665 1414 5737 effulgescentem.
1469 5665 1780 5720 Creaturam
1824 5666 2126 5733 concussit,
2182 5682 2359 5737 petras

774 5759 1001 5827 disrupit
1022 5799 1038 5823 ,
1070 5758 1301 5811 animam
1334 5755 1552 5811 latronis
1587 5763 1734 5827 petra
1761 5756 2031 5813 duriorem
2065 5774 2187 5815 cera
2222 5761 2356 5814 mol-

777 5850 965 5907 liorem
1013 5850 1206 5909 cﬁ‘ecit.
1262 5848 1430 5912 Hodie
1476 5865 1664 5904 mecum
1709 5851 1806 5905 cris
1847 5849 1898 5903 in
1929 5852 2184 5921 paradiso.
2220 5851 2355 5923 Quid

1473 435 1530 490 S.
1572 434 1853 493 JOANNIS
1891 437 2362 496 CIIRYSOSTOMI
2406 441 2719 498 ARCHIEP.
2759 442 3293 502 CONSTANTINOP.

3934 462 4039 516 410

2449 552 2623 608 dicis?
2657 552 2949 610 Cherubim
2976 565 3030 612 et
3052 556 3331 613 flammeus
3368 557 3513 612 ensis
3548 563 3851 621 custodiunt
3878 582 4031 637 para-

2448 644 2645 710 disum,
2677 656 2732 702 et
2756 654 2812 699 tu
2837 646 3029 701 latroni
3061 649 3356 719 ingressum
3388 664 3452 703 eo
3482 651 3791 719 polliceris?
3821 657 4035 729 Utique,

2448 736 2541 788 ait.
2571 735 2703 790 Nam
2729 747 2782 791 et
2810 751 2910 806 ego
2934 736 3360 794 Cherubinorum
3395 741 3647 795 Dominus
3672 755 3791 796 sum
3813 785 3828 806 ,
3874 756 4037 816 atque

2449 826 2583 895 ignis
2608 836 2663 883 et
2684 828 2946 898 gehennze
2965 868 2981 893 ,
3022 828 3252 899 vitaeque
3278 842 3334 886 et
3371 834 3559 887 mortis
3588 841 3900 901 potestatem
3939 838 4037 890 ha.

2449 918 2585 984 beo;
2637 932 2920 989 propterea
2950 921 3076 975 dicit
3108 937 3120 971 :
3162 922 3333 977 Hodie
3360 942 3555 979 mecum
3580 926 3676 980 eris
3702 926 3753 977 in
3775 928 4032 995 paradiso.

2448 1012 2580 1065 Cum
2607 1013 2831 1069 virtutes
2857 1015 2959 1069 illte
3000 1014 3281 1068 Dominum
3310 1018 3576 1083 viderint,
3604 1018 3776 1073 statim
3821 1018 4035 1083 cedent,

2448 1104 2731 1173 locumque
2756 1105 2975 1159 dabunt.
3022 1105 3174 1173 Atqui
3215 1107 3392 1161 nullus
3413 1124 3507 1164 rex
3537 1125 3783 1179 umquam
3810 1109 4041 1178 patiatur

2448 1196 2726 1261 latronem,
2755 1208 2846 1251 aut
2865 1199 3025 1252 alium
3048 1198 3349 1267 quempiam
3375 1216 3440 1254 ex
3470 1200 3680 1257 famulis
3699 1218 3877 1257 secum
3904 1217 4037 1256 con—

2448 1287 2707 1343 sidentem
2756 1290 2809 1343 iu
2842 1290 3026 1345 urbem
3075 1289 3277 1358 ingredi
3324 1308 3336 1342 :
3380 1303 3436 1345 at
3479 1294 3579 1349 iste
3625 1296 4039 1349 humanissimus

2450 1380 2705 1434 Dominus
2734 1382 2834 1435 hoc
2862 1382 2983 1436 fecit
3013 1398 3026 1433 :
3067 1382 3118 1434 in
3144 1389 3382 1435 sanctam
3404 1397 3553 1437 suam
3583 1388 3803 1454 patriam
3836 1388 4040 1456 ingres—

2447 1483 2539 1522 sus
2582 1469 2841 1525 latrOuem
2868 1486 3045 1526 secum
3088 1470 3404 1537 introducit,
3439 1489 3543 1527 non
3586 1475 3915 1530 inhonorans
3942 1492 4037 1546 pa-

2448 1561 2702 1628 radisum,
2735 1566 2904 1629 absit,
2938 1563 3160 1632 pedibus
3189 1562 3411 1617 latronis
3432 1604 3448 1627 ,
3477 1565 3569 1617 sed
3605 1566 3704 1619 hoc
3728 1568 3844 1634 ipso
3872 1569 4039 1636 magis

2448 1652 2738 1708 honorans.
2796 1655 2975 1708 llonor
3025 1653 3166 1707 enim
3212 1652 3447 1722 paradisi
3496 1664 3576 1707 est
3629 1654 3826 1710 habere
3878 1658 4037 1709 talem

2448 1741 2730 1797 Dominum
2756 1785 2771 1809 ,
2809 1754 2913 1799 tam
2946 1753 3212 1814 potentem
3238 1753 3290 1798 et
3321 1744 3608 1796 humanum
3630 1786 3643 1804 ,
3694 1755 3749 1798 ιιι
3784 1757 3838 1800 et
3880 1748 4039 1800 latro-

2447 1849 2569 1887 nem
2598 1835 2768 1902 possit
2791 1835 3005 1889 efﬁcere
3032 1836 3247 1905 dignum
3283 1834 3508 1903 paradisi
3541 1834 3769 1887 deliciis.
3822 1836 4033 1889 Etenim

2446 1924 2661 1992 quando
2706 1924 3017 1993 publicanos
3045 1936 3098 1979 et
3127 1925 3435 1979 meretrices
3464 1924 3516 1978 in
3544 1940 3763 1993 regnum
3794 1927 4037 1989 vocabat,

2450 2033 2554 2071 non
2586 2018 2765 2087 utique
2793 2017 2844 2071 id
2886 2017 3011 2072 fecit
3039 2032 3159 2072 cum
3190 2019 3337 2088 regni
3367 2017 3447 2072 sui
3490 2017 3753 2072 dedecore
3774 2058 3789 2079 ,
3820 2017 3914 2069 sed
3945 2033 4030 2083 po-

2451 2111 2553 2163 tius
2581 2110 2781 2177 majore
2806 2124 2926 2162 cum
2958 2108 3163 2164 honore
3189 2125 3203 2174 ;
3241 2110 3472 2164 ostendit
3497 2109 3637 2162 enim
3664 2124 3722 2162 se
3748 2124 3867 2162 esse
3896 2108 4036 2175 ejus-

2453 2200 2594 2253 tuodi
2621 2200 2769 2269 regni
2794 2201 3046 2255 caelorum
3076 2201 3353 2255 Dominum
3369 2202 3457 2271 qui
3484 2202 3642 2255 etiam
3664 2201 3971 2255 meretrices
3986 2209 4040 2254 et

2452 2291 2761 2358 publicanos
2782 2301 2885 2345 tam
2910 2292 3158 2359 probatos
3183 2290 3356 2345 facere
3381 2300 3559 2360 queat,
3581 2301 3638 2345 ut
3654 2292 3794 2360 digni
3815 2292 4038 2345 videan-

2449 2392 2534 2437 tur
2558 2397 2621 2436 ea
2641 2423 2655 2445 ,
2686 2398 2803 2451 qure
2825 2382 2951 2436 inibi
2981 2390 3094 2446 est,
3122 2384 3289 2452 gloria
3318 2392 3370 2438 et
3401 2399 3640 2438 munere.
3668 2384 4033 2451 Quemadmoo

2447 2475 2573 2529 dum
2605 2475 2761 2544 igitur
2785 2474 3049 2528 medicum
3077 2483 3186 2527 tum
3214 2474 3543 2528 admiramur
3566 2516 3579 2537 ,
3623 2490 3742 2528 cum
3772 2476 4043 2528 intuemur

2448 2583 2570 2621 eum
2609 2566 2853 2621 homines
2898 2564 3277 2620 incurabilibus
3323 2564 3524 2620 morbis
3551 2563 3893 2629 laborantes,
3938 2564 4037 2619 de—

2450 2660 2597 2728 pulsa
2630 2658 2954 2723 inﬁrmitate,
2974 2658 3212 2727 pristime
3238 2665 3293 2712 et
3317 2673 3463 2727 pura:
3486 2657 3697 2712 sanitati
3720 2658 4035 2711 restituere:

2452 2751 2523 2803 ita
2552 2759 2604 2803 et
2628 2746 2897 2803 Christum
2929 2748 3197 2803 admirare
3220 2789 3234 2812 ,
3274 2749 3547 2803 carissime
3571 2790 3587 2816 ,
3619 2759 3671 2803 et
3697 2747 4037 2815 obstupesce,

2450 2839 2573 2908 quia
2596 2838 2841 2893 homines
2883 2838 3364 2893 immedicabilibus
3390 2840 3583 2893 anima:
3621 2839 3820 2892 morbis
3844 2839 4043 2892 obstri-

2448 2940 2565 2983 ctos
2608 2932 2775 2999 potuit
2799 2938 2906 2983 eta
2948 2930 3151 2984 malitia
3202 2930 3469 2996 liberare,
3519 2940 3571 2985 et
3599 2947 3762 3001 regno
3788 2932 4039 2985 cazlorum

2449 3021 2639 3091 dignos
2665 3021 2891 3076 reddere
2927 3036 3019 3075 eos
3042 3063 3058 3084 ,
3104 3021 3193 3090 qui
3231 3021 3297 3075 ad
3340 3037 3647 3090 supremum
3690 3023 4043 3089 improbitatis

2451 3112 2661 3165 culmen
2710 3113 3083 3167 ascenderant.
3141 3110 3309 3165 Hodie
3352 3128 3542 3165 mecum
3567 3112 3665 3165 eris
3694 3113 3745 3163 in
3774 3114 4035 3180 paradiso.

2453 3202 2681 3258 Grandis
2705 3202 2875 3257 honor
2899 3244 2915 3266 ,
2955 3202 3139 3271 ingens
3164 3201 3320 3271 hujus
3342 3202 3682 3257 humanitatis
3707 3202 4036 3270 magnitudo,

2454 3292 2838 3362 inexplicabilis
2887 3292 3044 3362 hujus
3089 3293 3341 3347 bonitatis
3392 3293 3739 3347 immensitas.
3795 3293 3923 3347 Nam
3972 3309 4043 3349 eo

2453 3386 2593 3454 quod
2625 3385 2929 3455 paradisum
2977 3384 3307 3454 ingreditur,
3359 3384 3531 3452 major
3572 3385 3737 3454 gloria
3769 3395 3851 3438 est
3896 3386 4038 3455 quod

2452 3494 2573 3531 eum
2604 3478 2829 3532 Domino
2852 3476 3160 3545 ingreditur.
3205 3474 3339 3541 Quid
3366 3516 3381 3541 ,
3411 3489 3622 3544 qumso,
3651 3476 3875 3529 accidit?
3912 3478 4039 3544 quid

2455 3569 2588 3622 latro
2612 3566 2874 3637 ejusmodi
2904 3568 3044 3634 egit,
3077 3574 3132 3618 ut
3157 3580 3221 3618 ex
3254 3564 3542 3633 improviso
3566 3564 3632 3618 de
3661 3580 3818 3618 cruce
3846 3564 4041 3635 dignus

2455 3662 2700 3732 paradiso
2718 3658 3089 3731 judicaretur?
3116 3659 3355 3713 Breviter
3373 3700 3389 3723 ,
3417 3658 3460 3712 si
3487 3658 3687 3726 placet,
3719 3657 3890 3711 dicam
3913 3701 3926 3722 ,
3958 3658 4038 3710 la-

2454 3753 2726 3822 tronisque
2756 3753 3043 3807 bonitatem
3076 3759 3130 3805 et
3150 3749 3467 3819 probitatem
3492 3748 3789 3802 ostendam.
3818 3748 4042 3815 Quando

2453 3848 2642 3902 Petrus
2666 3845 3047 3914 discipulorum
3081 3844 3327 3912 princeps
3356 3842 3585 3911 negabat
3610 3841 3767 3907 infra,
3802 3850 3925 3897 tunc
3954 3842 4043 3894 ille

2454 3953 2613 4006 supra
2643 3936 2780 3989 ﬁxus
2811 3936 2863 3988 in
2894 3948 3053 3989 cruce
3082 3932 3359 3987 confessus
3380 3941 3482 3987 est.
3538 3932 3607 3986 Et
3647 3932 3749 3987 hoc
3790 3948 3893 3985 non
3927 3931 4040 3985 dixi

2455 4028 2635 4081 animo
2657 4022 3083 4095 reprehendendi
3114 4022 3327 4077 Petrum
3348 4064 3364 4087 ,
3392 4022 3569 4087 absit;
3616 4023 3707 4076 sed
3736 4032 3793 4076 ut
3813 4038 4042 4091 magna.

2459 4118 2750 4172 nimitatem
2784 4114 3028 4179 latronis,
3052 4123 3107 4169 et
3132 4116 3480 4169 excellentem
3508 4113 3614 4167 illis
3635 4114 4041 4183 philosophandi

2459 4210 2715 4264 rationem
2741 4206 3185 4261 demonstrarem.
3210 4202 3303 4258 Ille
3323 4217 3428 4257 non
3452 4202 3568 4257 tulit
3582 4203 3832 4271 simplicis
3853 4204 4042 4272 puellze

2458 4302 2669 4363 minas;
2698 4297 2785 4352 hic
2812 4305 2979 4351 totum
3011 4294 3260 4365 populum
3299 4292 3674 4356 insanientem,
3707 4302 3761 4346 et
3788 4294 4041 4348 assisten-

2458 4402 2587 4456 tem,
2619 4399 2674 4443 et
2701 4387 3080 4443 vociferantem
3107 4427 3122 4452 ,
3167 4392 3223 4439 et
3249 4382 3453 4439 inﬁnita
3482 4382 3534 4436 in
3574 4381 3882 4436 cruciﬁxum
3906 4397 4029 4436 eon-

2457 4481 2591 4535 vicia
2634 4480 2924 4550 iactantem
2969 4476 3312 4545 conspicatus
3339 4516 3355 4541 ,
3406 4489 3515 4528 non
3556 4473 3713 4526 vertit
3753 4472 3933 4527 oculos
3972 4474 4041 4528 ad

2460 4572 2702 4639 injuriam
2750 4568 2987 4624 cruciﬁxi
3014 4584 3028 4633 ;
3078 4567 3173 4623 sed
3214 4566 3336 4621 ﬁdei
3364 4566 3532 4621 oculis
3561 4564 3738 4617 omnia
3768 4564 3880 4619 hvrc
3905 4581 4044 4634 pne-

2460 4673 2764 4715 tercurreus
2790 4700 2805 4726 ,
2851 4661 3103 4730 omnique
3148 4660 3358 4729 indigna
3381 4698 3400 4725 ,
3438 4667 3493 4713 et
3521 4673 3637 4727 qua:
3669 4657 4046 4725 impedimento

2462 4766 2580 4805 esse
2610 4760 2813 4820 poterat
2839 4791 2854 4813 ,
2883 4751 3232 4819 persuasione
3256 4750 3462 4818 ahjecta
3487 4789 3503 4815 ,
3540 4748 3753 4816 agnovit
3792 4749 4044 4802 ea~lorum

2461 4848 2767 4910 Dominum,
2800 4845 3019 4914 paucula
3051 4845 3135 4898 illa
3160 4844 3319 4898 verba
3341 4843 3725 4915 proloquutus,
3757 4857 3872 4911 qua:
3894 4843 4041 4895 illum

2459 4938 2708 5011 paradiso
2737 4936 2953 5005 dignum
2991 4936 3379 4990 ostenderunt:
3424 4933 3677 4987 Memento
3719 4936 3812 4987 mei
3860 4936 3909 4988 in
3957 4944 4044 4988 tuo

2460 5045 2614 5101 regno
2638 5026 2787 5099 (Lac.
2813 5026 2904 5081 25.
2930 5025 3046 5094 42).
3076 5026 3154 5080 Ne
3174 5025 3607 5096 prsetervolcmus
3628 5024 4047 5092 simplicitvrhoc

2461 5123 2662 5178 dictum
2688 5162 2702 5185 ,
2727 5133 2897 5188 neque
2935 5117 3129 5187 pudeat
3157 5133 3256 5172 nos
3284 5117 3595 5186 magistrum
3618 5115 3855 5185 accipere
3879 5118 4043 5170 latro-

2463 5221 2607 5270 nem,
2636 5204 2789 5273 cujus
2816 5202 3095 5256 Dominum
3127 5213 3369 5257 nostrum
3398 5213 3504 5253 non
3524 5199 3733 5269 puduit,
3765 5203 4046 5270 quominus

2465 5298 2692 5368 primum
2741 5294 2793 5348 in
2843 5292 3141 5363 paradisum
3190 5292 3517 5346 induceret:
3559 5306 3626 5345 ne
3672 5294 4050 5347 erubescamus

2466 5389 2775 5459 magistrum
2817 5386 3009 5442 habere
3056 5386 3327 5440 hominem
3358 5383 3507 5438 illum
3532 5426 3548 5451 ,
3594 5385 3683 5456 qui
3727 5391 3850 5440 ante
3874 5395 4046 5438 totum

2465 5482 2753 5536 humanum
2796 5494 2965 5548 genus
3012 5478 3207 5547 dignus
3250 5485 3330 5529 est
3382 5474 3589 5532 habitus
3638 5476 4049 5531 conversatione

2469 5574 2713 5644 paradisi.
2740 5572 2954 5641 Singula
2983 5571 3142 5640 igitur
3164 5566 3320 5621 verba
3344 5570 3702 5637 expendamus
3724 5612 3737 5631 ,
3768 5577 3825 5621 ιιι
3845 5576 3897 5621 et
3926 5567 4049 5622 hinc

2466 5668 2716 5721 virtutem
2748 5665 2919 5717 erucis
2947 5663 3235 5716 discamus.
3292 5658 3471 5729 Neque
3502 5662 3643 5715 enim
3673 5660 3737 5712 ad
3778 5659 3921 5711 illum
3945 5699 3959 5719 ,
3993 5670 4049 5712 ut

2467 5762 2531 5815 ad
2565 5760 2775 5816 Petrum
2816 5766 2871 5811 et
2910 5755 3175 5810 Andream
3199 5794 3215 5817 ,
3246 5752 3379 5807 dixit
3408 5769 3428 5809 :
3466 5753 3636 5808 Venite
3670 5762 3717 5805 et
3751 5752 3932 5813 {ariam
3964 5767 4050 5807 oo.-

2469 5866 2734 5923 salutatores
2785 5850 3038 5905 hominum
3085 5846 3305 5915 (Matth.
3339 5848 3391 5902 ι.
3424 5847 3523 5917 10)
3554 5864 3566 5899 :
3597 5857 3767 5914 neque
3812 5841 3942 5901 dixit
3982 5844 4048 5907 ad
