4406 6688
345 472 454 532 ιο9

342 591 441 649 οὖν
462 590 713 664 οὐρανὸς,
747 591 1027 663 ἐκαθάρθη
1056 591 1114 646 δὲ
1141 591 1234 645 καὶ
1258 592 1291 662 ὴ
1320 591 1414 663 γῆ.
1445 593 1674 660 Ἕσταξε
1717 596 1826 667 γάρ
1862 595 1924 649 τδ

348 670 491 749 αἷμα
518 676 629 733 ἀπὸ
654 678 755 749 τῆς
774 678 1013 749 πλευρᾶς
1045 677 1139 730 ἐπὶ⁵
1157 674 1257 746 τὴν
1271 674 1392 746 γῆν,
1420 677 1618 733 καὶτὸν
1650 677 1926 749 μολυσμὸν

348 762 521 834 αὐτῆς
574 762 793 817 ἅπαντα
847 759 1204 831 ἐξεκάθηρεν.
1249 759 1390 812 Ἀλλ’
1428 760 1533 815 ὑπὸ
1553 760 1771 831 ’στέγην
1827 758 1929 830 μὲν

348 844 555 917 ταύτης
584 846 772 900 ἐνεκεν
799 846 899 916 τῆς
946 842 1125 907 αἰτίας
1153 844 1217 897 οὐ
1269 846 1638 917 προσφέρεται
1671 845 1705 915 ἡ
1730 843 1891 897 θυσία
1910 861 1924 874 ’

349 928 495 994 τίνος
524 930 581 984 δὲ
613 931 799 984 ἕνεκεν
821 927 944 997 οὐχὶ
969 927 1029 980 ἐν
1056 925 1206 997 αὐτῷ
1236 927 1315 998 τῷ
1343 928 1457 1000 ναῷ
1491 928 1573 1000 τῷ
1617 924 1926 996 Ἰουδαϊκῶς

350 1013 462 1066 Καὶ
506 1013 664 1068 τοῦτο
710 1012 873 1066 πάλιν
901 1011 1002 1081 ούχ
1028 1008 1235 1075 ἁπλῶς,
1276 1012 1390 1066 ἀλλ’
1421 1013 1509 1067 ἵνα
1554 1010 1631 1082 μὴ
1656 1010 1929 1079 ηίδιοποιή-

354 1113 553 1152 σωνται
578 1099 677 1169 τὴν
707 1093 899 1150 θυσίαν
923 1094 973 1146 οί
1012 1092 1276 1158 Ἰουδαῖοι,
1306 1096 1391 1149 ἵνα
1415 1095 1490 1166 μὴ
1519 1092 1749 1165 νομίσῃς
1788 1092 1930 1163 ὑπὲρ

350 1178 445 1231 τοῦ
475 1179 662 1241 ἔθνους
692 1176 904 1229 ἐκείνου
935 1175 1100 1246 μόνου
1132 1177 1231 1249 τὴν
1277 1177 1470 1231 θυσίαν
1501 1173 1927 1249 προσφέρεσθαι,

351 1262 440 1314 διά
470 1260 630 1313 τοῦτο
655 1259 761 1323 ἔξω
790 1258 892 1328 τῆς
920 1257 1155 1324 πόλεως,
1190 1260 1293 1326 ἔξω
1312 1261 1420 1314 τῶν
1443 1259 1661 1330 τειχῶν,
1695 1258 1783 1312 ἵνα
1823 1258 1929 1329 μά-

354 1342 453 1414 θῃς
485 1344 566 1396 ὅτι
604 1340 867 1413 καθολική
892 1343 1040 1395 ἐστιν
1064 1345 1097 1414 ἡ
1126 1343 1307 1410 θυσία,
1328 1345 1416 1399 ἴνα
1458 1343 1655 1415 μάθῃς,
1678 1343 1759 1396 ὅτι
1789 1341 1930 1412 ὑπὲρ

352 1427 453 1495 τῆς
473 1427 576 1496 γῆς
602 1425 825 1495 ἀπάσης
852 1425 1053 1496 ἐστὶνὴ
1079 1428 1382 1499 προσφορὰ,
1405 1427 1499 1480 καὶ
1523 1428 1609 1480 ὅτι
1635 1424 1812 1484 κοινὸς
1830 1423 1932 1491 τῆς

353 1508 571 1577 φύσεως
600 1508 758 1577 ἡμῶν
787 1507 1006 1579 ἀπάσης
1042 1510 1190 1563 ἐστὶν
1214 1512 1244 1563 6
1279 1509 1638 1581 καθαρισμός.
1682 1508 1809 1568 Τοῖς
1835 1504 1933 1575 μέν

354 1591 466 1662 γὰρ
506 1589 780 1654 Ἰουδαίοις
810 1591 899 1645 διά
929 1590 1085 1647 τοῦτο
1104 1592 1389 1646 ἐκέλευσεν
1413 1594 1442 1645 ό
1474 1592 1607 1654 Θεὸς
1630 1591 1811 1643 πᾶσαν
1836 1586 1935 1658 τὴν

354 1676 463 1745 γῆν
495 1677 735 1746 ἀφιέναι,
755 1680 849 1733 καὶ
877 1680 956 1744 είς
982 1678 1080 1732 Eva
1111 1678 1273 1731 τόπον
1299 1675 1452 1747 [415]
1477 1672 1831 1745 προσφέρειν,
1856 1671 1937 1734 είς

359 1758 457 1813 ἕνα
482 1759 648 1813 τόπον
679 1760 963 1831 εὔχεσθαιο
1001 1760 1193 1829 ἐπειδὴ
1226 1760 1380 1811 πᾶσα
1402 1758 1438 1827 ἡ
1461 1756 1536 1825 γῆ
1556 1754 1679 1808 τότε
1700 1752 1938 1823 ἀκάθαρ-

356 1859 449 1905 τος
481 1838 550 1914 ἦν
595 1844 701 1898 ἀπὸ
732 1844 825 1899 τοῦ
859 1844 1089 1905 καπνοῦ,
1139 1844 1236 1896 καὶ
1278 1840 1380 1910 τῆς
1410 1840 1660 1910 κνίσσης,
1708 1837 1938 1891 καὶτῶν

359 1926 653 1981 είδωλικῶν
698 1929 967 1998 αἱμάτων,
1001 1927 1094 1979 κα)⁸
1130 1924 1240 1978 τῶν
1296 1922 1473 1977 ἄλλων
1510 1919 1802 1991 μολυσμῶν
1832 1919 1940 1971 τῶν

370 2009 731 2079 Ἑλληνικῶνο
779 2010 869 2063 διά
910 2009 1069 2062 τοῦτο
1102 2008 1289 2070 αὐτοῖς
1317 2007 1414 2060 Eva
1449 2006 1614 2059 τόπον
1656 2003 1937 2068 ἐπέταξεν.

372 2091 515 2144 Ἀλλ’
546 2092 715 2145 ἐλθὼν
750 2095 778 2147 6
819 2092 1073 2163 Χριστὸς,
1111 2092 1208 2145 καὶ
1236 2091 1336 2161 τῆς
1368 2090 1577 2153 πόλεως
1598 2089 1704 2155 ἐξω
1729 2085 1938 2150 παθὼν,

363 2175 544 2228 πᾶσαν
575 2176 674 2245 τὴν
694 2176 800 2246 γῆν
834 2174 1091 2245 ἐκάθηρε,
1121 2176 1299 2231 πάντα
1326 2174 1489 2228 τόπον
1514 2165 1802 2245 εὐκτῆριον
1830 2172 1943 2242 εἱρ-

358 2258 587 2327 γάοατο.
621 2258 808 2313 Βούλει
841 2259 1036 2331 μαθεῖν
1064 2259 1183 2322 πῶς
1218 2260 1367 2314 πάσα
1394 2260 1449 2331 .ὴ
1502 2258 1576 2330 γῆ
1603 2257 1790 2311 λοιπὸν
1817 2256 1945 2321 ναὸς

361 2342 597 2410 ἐγένετο,
652 2343 747 2397 καὶ
798 2344 915 2408 πῶς
966 2345 1075 2408 πᾶς
1105 2344 1271 2406 τόπος
1322 2342 1613 2413 εύκτήριος
1666 2340 1941 2411 κατέστης

366 2427 634 2481 Ἄκουσον
656 2428 817 2481 πάλιν
836 2428 932 2482 τοῦ
973 2427 1246 2499 μακαρίου
1282 2426 1496 2481 Παύλου
1531 2426 1813 2495 λέγοντος·
1845 2426 1945 2477 Ἐν

364 2512 541 2570 παντί
581 2515 741 2580 τόπῳ
771 2514 1121 2581 ἐπαίροντες
1158 2514 1371 2577 ὁσίους
1402 2511 1603 2581 χεῖρας
1633 2511 1813 2579 χωρὶς
1846 2511 1943 2577 ὀρ-

362 2593 475 2663 γῆς
494 2597 592 2650 καί
621 2596 1036 2666 διαλογισμοῦ.
1061 2593 1215 2659 Εἶδες
1240 2594 1358 2658 πῶς
1386 2594 1625 2665 ἐκάθηρε
1644 2596 1743 2665 τὴν
1768 2596 1948 2648 οἰκου-

369 2681 567 2750 μένην;
610 2679 745 2744 εἶδες
798 2681 913 2744 πῶς
948 2680 1226 2751 πανταχοῦ
1262 2678 1512 2749 ἐπαίρειν
1544 2678 1724 2741 ὁσίους
1758 2680 1948 2748 χεῖρας

366 2763 672 2832 δυνάμεθα;
709 2766 865 2817 Πᾶσα
892 2764 1002 2835 γάρ
1025 2768 1058 2836 ἡ
1081 2765 1153 2834 γῆ
1176 2763 1400 2832 γέγονεν
1423 2763 1554 2830 ἁγία
1579 2762 1784 2823 λοιπὸν,
1815 2760 1951 2831 μᾶλ-

370 2846 463 2898 λον
501 2846 557 2898 δέ
592 2848 684 2900 καὶ
736 2848 845 2902 τῶν
899 2847 1050 2918 παρά
1095 2846 1367 2908 Ἰουδαίοις
1416 2846 1589 2913 ἁγίων
1646 2843 1947 2915 άγιωτέρα.

374 2929 532 2995 Πῶς;
558 2930 686 2982 Ὀτε
711 2931 825 2981 ἐκεῖ
846 2930 941 2999 μὲν
964 2928 1176 2997 ἀλογον,
1203 2927 1435 2985 ἐνταῦθα
1455 2929 1512 2981 δέ
1540 2927 1756 2995 λογικὸν
1778 2944 1949 2998 προσ-

376 3012 518 3082 ήχθη
545 3010 835 3082 πρόϐατον.
876 3012 1026 3081 Ὀσῳ
1044 3011 1223 3064 τοίνυν
1252 3014 1496 3082 κρεῖττον
1527 3012 1587 3063 τὸ
1610 3010 1828 3078 λογικὸν
1855 3009 1949 3063 τοῦ

376 3096 594 3163 ἀλόγου,
645 3095 885 3165 τοσούτῳ
940 3093 1143 3147 πλείων
1193 3093 1425 3149 ἐνταῦθα
1466 3095 1561 3148 καὶ
1597 3096 1625 3147 6
1656 3094 1948 3166 άγιασμός.

374 3177 583 3231 Οὐκοῦν
620 3177 838 3249 ἀληθῶς
866 3176 1027 3249 ἑορτὴ
1056 3178 1084 3230 6
1115 3177 1365 3248 σταυρός.

445 3365 511 3437 β’.
549 3365 734 3419 Βούλει
763 3364 954 3435 μαθεῖν
982 3362 1149 3419 αὐτοῦ
1179 3363 1273 3415 καὶ
1291 3363 1477 3433 ἕτερον
1498 3361 1825 3433 κατόρθωμα
1857 3360 1952 3431 μέ·-

372 3464 581 3519 γιστον,
608 3450 788 3502 πᾶσαν
809 3448 1135 3519 ὐπερϐαῖνον
1162 3445 1510 3517 ἀνθρωπίνην
1545 3444 1784 3498 διάνοιαν
1806 3460 1821 3509 ;
1849 3444 1953 3496 Τὸν

376 3532 703 3604 παράδεισον
734 3530 1230 3599 ἀποκεκλεισμένον
1261 3530 1501 3598 σήμερον
1520 3526 1722 3597 ἀνέῳξε
1744 3544 1759 3558 ·
1785 3528 1957 3596 σήμε-

380 3636 473 3691 ρον
507 3616 615 3687 γάρ
634 3615 729 3669 τδν
751 3613 953 3685 λῃστὴν
981 3614 1276 3679 εισήγαγεν
1301 3611 1361 3662 ἐν
1388 3609 1553 3679 αὐτῷ.
1580 3610 1687 3663 Δύο
1708 3609 1776 3691 τά
1801 3611 1959 3679 μέγι-

379 3690 483 3757 στα
504 3696 923 3770 κατορθώματα,
963 3694 1058 3748 καὶ
1087 3694 1179 3746 τὸν
1225 3692 1552 3763 παράδεισον
1590 3690 1791 3760 ἀνέῳξε
1812 3732 1827 3753 ,
1861 3692 1957 3743 καὶ

377 3788 470 3841 τὸν
502 3783 705 3856 λῃστὴν
738 3780 1057 3849 εἰσήγαγεν·
1089 3775 1371 3829 ἀπέδωκεν
1397 3772 1544 3842 αὐτῷ
1586 3773 1684 3843 τὴν
1720 3774 1956 3842 ἀρχαίαν

382 3868 644 3941 πατρίδα,
668 3866 1012 3935 ἐπανήγαγεν
1044 3860 1207 3913 αὑτὸν
1229 3859 1322 3910 ἐπὶ
1350 3858 1449 3927 τὴν
1490 3856 1748 3941 πατρῴαν
1767 3857 1953 3941 πόλιν,

382 3939 653 4023 Σήμερον
673 3950 798 4018 μετ’
827 3944 971 4015 ἐμοῦ
991 3945 1130 4010 ἐστι.
1172 3941 1357 4014 φησιν,
1391 3942 1461 3993 ἐν
1489 3939 1570 4005 τῷ
1595 3940 1955 4008 παραδείσῳ.

382 4038 450 4090 Τί
480 4036 659 4104 λέγεις
680 4051 695 4100 ;
716 4032 1054 4103 ἐσταύρωσαι
1075 4028 1168 4081 καὶ
1188 4028 1539 4097 προσηλῶσαι
1562 4028 1620 4079 ἐν
1639 4025 1718 4096 τῷ
1739 4027 1959 4098 σταυρῷ

381 4118 557 4189 ἥλοις,
589 4117 685 4170 καὶ
718 4114 1045 4187 παράδεισον
1074 4110 1422 4180 ἐπαγγέλλῃ;
1467 4108 1583 4171 πῶς
1610 4105 1704 4162 οὖν
1733 4109 1958 4162 τοιαῦτα

382 4200 616 4276 χαρίζῃξ
659 4200 769 4254 Καὶ
802 4200 908 4270 μὴν
940 4201 966 4251 6
992 4195 1200 4259 Παῦλος
1226 4194 1371 4262 λέγει
1396 4232 1410 4254 ,
1450 4194 1536 4245 ὃτι
1582 4191 1956 4262 Ἐσταιφὼθη

383 4287 452 4349 ἐξ
479 4285 799 4348 ἀσθενείας
826 4300 840 4313 ·
870 4281 983 4335 ἀλλ’
1007 4281 1170 4334 ἄκουε
1204 4277 1313 4329 τῶν
1351 4276 1703 4345 ἐπαγομένων
1724 4292 1738 4305 ·
1782 4277 1958 4330 Ἀλλὰ

384 4368 473 4436 ζῇ,
497 4368 681 4437 φησιν,
719 4368 784 4419 ἐκ
817 4363 1125 4430 δυνάμεως
1158 4361 1325 4414 Θεοῦ.
1366 4362 1476 4414 Καὶ
1501 4359 1659 4411 πάλιν
1690 4358 1955 4431 ἀλλαχοῦ·

396 4454 466 4507 ‘ll
492 4452 601 4521 γὰρ
623 4447 880 4516 δύναμίς
909 4462 1022 4513 μου
1048 4446 1113 4497 ἐν
1147 4446 1432 4510 ἀσθενείᾳ
1476 4441 1822 4497 τελειοῦται.
1858 4442 1957 4495 Διά

384 4536 542 4591 τοῦτο
560 4536 619 4587 ἐν
644 4533 723 4603 τῷ
752 4528 969 4600 σταυρῷ
1012 4527 1128 4592 νῦν,
1174 4530 1361 4599 φησὶν,
1410 4528 1834 4599 ἐπαγγέλλομαι,
1871 4528 1958 4581 ῖνα

386 4619 482 4674 καὶ
511 4616 600 4670 διά
624 4614 816 4668 τούτου
844 4612 943 4682 τὴν
960 4610 1099 4681 ἐμὴν
1129 4610 1454 4682 καταμάθῃς
1471 4611 1719 4681 δύναμιν.
1743 4610 1957 4680 Ἐπειδὴ

386 4704 497 4775 γὰρ
524 4700 587 4755 τδ
636 4699 872 4771 πρᾶγμα
935 4692 1262 4775 σκυθρωπόν
1289 4694 1460 4754 ἐστιν,
1489 4694 1577 4747 ἴνα
1596 4688 1688 4763 ’μὴ
1713 4692 1959 4763 κατηφὴς

547 4786 615 4854 τῇ
646 4783 807 4851 φύσει
836 4776 932 4832 τοῦ
954 4774 1188 4845 σταυροῦ
1222 4775 1527 4845 προσέχων,
1552 4777 1691 4831 ἀλλά
1714 4776 1847 4845 πρὸς
1863 4775 1961 4859 την

386 4855 934 4937 ᾖς’σταυρουμένου
991 4859 1218 4929 δύναμιν
1252 4859 1590 4929 ἀποϐλέψας,
1644 4860 1863 4931 φαιδρὸς
1892 4855 1960 4929 ᾖς

390 4954 486 5010 καὶ
507 4946 911 5019 γεγανωμένος,
942 4943 1029 4997 διά
1051 4941 1208 4996 τοῦτο
1232 4941 1348 4995 ἐκεῖ
1373 4942 1707 4996 ἐπιδείκνυσι
1752 4959 1833 4999 σοι
1861 4942 1959 5011 τὴν

394 5036 546 5107 ισχῦν
575 5033 675 5103 τὴν
710 5028 925 5083 ἐαυτοῦ.
961 5026 1036 5079 Ού
1055 5025 1163 5095 γὰρ
1184 5022 1375 5094 νεκρὸν
1399 5024 1729 5096 ἀναστήσας,
1763 5026 1823 5077 ού
1863 5024 1959 5078 θα-

389 5121 559 5189 λάττῃ
589 5113 871 5176 ἐπιτάξας,
914 5111 977 5164 ού
1000 5109 1246 5179 δαίμοσιν
1273 5109 1625 5178 ἐπιτιμήσας,
1644 5110 1756 5162 ἀλλ’
1774 5110 1964 5161 ἐσταυ-

397 5188 658 5281 ρωμένος,
695 5194 1137 5281 προσηλωμένος,
1162 5188 1548 5281 ὑϐριζόμενος,
1568 5192 1963 5281 ἐμπυόμενος.

392 5269 817 5354 λοιδορούμενος.
852 5276 1266 5346 χλευαζόμενος,
1303 5269 1452 5340 παρὰ
1477 5272 1697 5354 πάντων
1717 5274 1965 5344 διασυρό.

400 5352 557 5443 μενοξ
608 5364 795 5430 ῖσχυσε
822 5359 922 5429 τήν
950 5359 1196 5430 πονηρὰν
1223 5354 1317 5443 τοῦ
1348 5352 1562 5443 λῃσειτοῦ⁸
1594 5356 1839 5443 διάνοιαν
1881 5358 1967 5427 ἐφ’

396 5437 587 5508 ἐαυτὸν
633 5443 1059 5500 ἐπισπάσασθαι.
1111 5445 1253 5513 Ὅρα
1295 5437 1631 5508 ἑκατέρωθεν
1677 5440 1843 5493 αὑτοῦ
1872 5443 1970 5513 τὴν

394 5539 621 5606 δύναμιν
663 5525 1095 5595 διαλάμπουσαν.
1142 5526 1253 5596 Τὴν
1305 5522 1480 5577 κτίσιν
1521 5519 1816 5606 ἐκλόνησε,
1870 5524 1971 5587 τάς

397 5604 604 5691 πέτρας
629 5609 877 5684 διέρρηξε
898 5648 911 5669 .
963 5607 1060 5691 τὴν
1104 5609 1311 5680 πέτρας
1361 5604 1821 5691 ἀναισθητοτέραν
1848 5609 1969 5691 ’τοῦ

397 5686 597 5776 λῃστοῦ
621 5695 795 5769 ψυχὴν
826 5689 997 5776 κηροῦ
1026 5690 1420 5776 μαλακωτέραν
1452 5686 1761 5776 εἰργάσατο,
1776 5686 1968 5776 ΣήμέΤ

391 5770 508 5856 ρὲν
527 5783 651 5852 μετ’
677 5776 821 5849 ἐμοῦ
838 5776 949 5841 ἐστι
966 5772 1034 5837 ἐν
1053 5771 1132 5837 τῷ
1153 5774 1516 5841 παραδείσῳ.
1547 5770 1610 5825 Τί
1641 5770 1819 5856 λέγεις
1843 5787 1857 5856 ;
1887 5771 1970 5825 Τά

400 5854 667 5943 χερουϐὶμ
701 5863 855 5935 τηρεῖ
886 5857 975 5912 τὸν
1006 5856 1329 5927 παράδεισον
1364 5860 1454 5912 καὶ
1496 5860 1527 5929 ἡ
1573 5854 1793 5928 φλογίνη
1828 5855 1963 5929 ῥομ-

1270 474 1360 529 DE
1404 473 1637 532 CRUCE
1677 474 1765 532 ET
1798 474 2144 537 LATRONE.
2192 482 2429 545 HOMIL.
2470 488 2538 547 Il.

3498 506 3601 560 “0

2036 603 2200 690 ξραία,
2232 606 2411 660 καὶσὺ
2440 607 2517 678 τῷ
2544 606 2713 680 λῃστῇ
2752 608 2851 680 τὴν
2879 611 2995 664 ἐκεῖ
3022 612 3224 667 εῖσοδον
3254 614 3554 690 ἐπαγγέλλῃ
3583 624 3599 669 ξ

2038 688 2169 753 Ναὶ,
2204 691 2392 761 φησίν.
2436 690 2577 760 Ἐγὼ
2600 692 2707 763 γὰρ
2740 695 2836 746 καὶ
2852 694 2962 746 τῶν
2994 696 3259 767 χερουϐίμ
3278 698 3392 767 είμι
3412 688 3604 753 δεσπό-

2031 789 2151 841 της,
2184 775 2277 828 καὶ
2303 774 2500 844 φλογὸς
2540 775 2633 831 καὶ
2661 776 2887 847 γεέννης
2925 779 3020 832 καὶ
3062 780 3207 851 ζωῆς
3250 780 3345 834 καὶ
3376 782 3606 836 θανάτου

2035 856 2137 927 τὴν
2168 856 2418 922 ἐξουσίαν
2443 856 2552 928 εχω
2571 875 2585 890 ⁸
2610 859 2691 913 διὸ
2719 861 2813 913 καὶ
2832 860 2999 929 λέγει’
3022 862 3291 932 Σήμερον
3302 865 3433 927 μετ’
3456 864 3606 933 ἐμοῦ

2032 937 2148 1006 ἔσῃ
2176 939 2248 993 ἐν
2278 937 2359 1005 τῷ
2408 940 2772 1008 παραδείσῳ.
2824 944 2921 997 Ἂν
2950 943 3097 998 ῖδωσι
3124 945 3215 998 τὸν
3246 946 3525 1017 Δεσπότην
3550 948 3610 1000 al

2032 1018 2292 1091 δυνάμεις
2307 1024 2532 1086 ἐκεῖναι,
2553 1023 2755 1088 εὐθέως
2782 1026 3169 1098 παραχωροῦσι
3187 1028 3281 1081 καὶ
3297 1029 3614 1093 ύπεξίσταν-

2033 1117 2142 1154 ται.
2168 1104 2360 1157 Καίτοι
2388 1122 2452 1173 γε
2483 1104 2738 1176 βασιλεὺς
2766 1107 2939 1171 οὐδεὶς
2967 1107 3032 1161 ἄν
3050 1126 3176 1163 ποτε
3204 1111 3495 1181 ἀνάσχοιτο
3521 1111 3612 1181 λη-

2039 1182 2184 1264 στὴνῗ
2222 1185 2526 1256 ἄνθρωπον,
2557 1187 2591 1259 ἢ
2623 1187 2808 1262 ἕτερόν
2852 1206 2975 1243 τινα
3006 1192 3112 1243 τῶν
3154 1193 3457 1263 ὁμοδούλων
3487 1193 3610 1264 μεθ’

2038 1262 2192 1337 [414]
2208 1266 2399 1321 ἐαυτοῦ
2424 1269 2762 1335 είσκαθίσας,
2783 1270 2955 1335 οὕτως
2972 1275 3050 1336 είς
3070 1274 3168 1344 τὴν
3193 1275 3343 1328 πόλιν
3360 1262 3612 1329 είσελαύ-

2036 1368 2149 1405 νειν
2164 1368 2178 1382 ·
2210 1353 2237 1404 6
2259 1353 2314 1406 δὲ
2337 1356 2710 1427 φιλάνθρωπος
2734 1358 3013 1430 Δεσπότης
3042 1358 3135 1411 τοῦ
3146 1376 3199 1411 το
3221 1360 3493 1429 ἐποίησεν.
3519 1360 3614 1423 Et;

2036 1435 2138 1506 τὴν
2171 1434 2322 1506 ἱεράν
2350 1438 2458 1509 γαρ
2486 1438 2667 1492 εἰσιὼν
2696 1442 2947 1513 πατρίδα,
2974 1442 3066 1495 τὸν
3105 1442 3308 1512 λῃστὴν
3340 1442 3457 1512 μεθ’
3490 1444 3614 1495 ἐαυ-

2036 1516 2133 1571 τοῦ
2168 1518 2446 1589 εἰσφέρει,
2503 1520 2623 1589 οὐχὶ
2676 1523 2957 1593 ἀτιμάζων
3014 1524 3107 1578 τὸν
3142 1524 3489 1595 παράδεισον,
3539 1523 3616 1595 μὴ

2037 1602 2271 1671 γένοιτο,
2330 1604 2445 1665 τοῖς
2479 1606 2604 1657 ποσὶ
2650 1604 2742 1657 τοῦ
2775 1606 2994 1676 λῃστοῦ,
3027 1607 3165 1662 ἀλλὰ
3195 1606 3366 1678 ταύτῃ
3417 1606 3616 1677 μᾶλλον

2038 1684 2237 1755 τιμῶν.
2262 1685 2408 1757 Τιμὴ
2445 1685 2555 1758 γάρ
2584 1687 2937 1757 παραδείσου,
2974 1690 3033 1742 τὸ
3072 1690 3312 1743 τοιοῦτον
3345 1692 3491 1761 ἐχειν
3523 1692 3620 1741 Δε-

2043 1767 2268 1839 σπότην,
2297 1767 2443 1822 οὓτω
2469 1768 2692 1822 δυνατὸν
2723 1770 2817 1823 καὶ
2839 1770 3216 1841 φιλάνθρωπον
3240 1812 3255 1835 ,
3290 1772 3366 1836 ὡς
3406 1774 3503 1827 καὶ
3524 1772 3621 1841 λῃσ

2043 1850 2175 1921 στὴν
2220 1850 2479 1905 δύνασθαι
2512 1853 2737 1923 ποιῆσαι
2767 1854 2916 1918 ἄξιον
2944 1853 3043 1922 τῆς
3075 1856 3284 1925 τρυφῆς
3320 1856 3418 1926 τῆς
3448 1858 3507 1908 ἐν
3538 1853 3619 1925 τῷ

2044 1933 2379 2005 παραδείσῳ.
2408 1934 2518 1987 Καὶ
2545 1934 2654 2005 γάρ
2679 1937 2767 1988 ὅτε
2807 1934 3047 1999 τελώνας
3074 1937 3167 1989 καὶ
3194 1938 3395 2007 πόρνας
3419 1941 3497 2000 είς
3520 1936 3622 2006 τὴν

2050 2014 2328 2083 βασιλείαν
2343 2016 2625 2080 ἐκάλει,ού
2648 2020 3025 2089 καταισχύνων
3046 2020 3147 2089 τὴν
3166 2018 3443 2090 βασιλείαν
3467 2020 3626 2073 τοῦτο

2049 2098 2395 2164 ἐποίει,ἀλλά
2409 2100 2585 2171 τιμῶν
2610 2101 2863 2170 μάλιστα,
2893 2104 2988 2156 καὶ
3015 2103 3229 2167 δεικνὺς
3267 2103 3351 2157 ὅτι
3383 2102 3625 2167 τοιοῦτός

2049 2180 2197 2233 ἐστιν
2223 2182 2253 2235 6
2278 2180 2484 2254 Κύριος
2519 2182 2619 2253 τῆς
2657 2183 2768 2236 τῶν
2796 2185 3041 2255 οὐρανῶν
3073 2184 3347 2254 βασιλείας
3370 2227 3386 2250 ,
3418 2185 3493 2249 ώς
3530 2186 3627 2239 καὶ

2049 2262 2257 2333 πόρνας
2290 2266 2384 2317 καὶ
2409 2264 2649 2330 τελώνας
2687 2266 2859 2329 οὕτως
2886 2266 3220 2336 ἐργάσασθαι
3243 2266 3520 2337 δοκίμους,
3550 2266 3628 2331 ὡς

2048 2348 2233 2413 ἀξίους
2259 2350 2491 2420 φανῆναι
2520 2350 2621 2419 τῆς
2650 2351 2770 2403 ἐκεῖ
2804 2351 2970 2421 τιμῆς
2998 2352 3091 2404 καὶ
3108 2350 3336 2421 δωρεᾶς.
3359 2350 3627 2421 Καθάπερ

2044 2428 2139 2485 οὖν
2164 2432 2346 2502 ίατρόν
2375 2432 2495 2485 τότε
2523 2431 2895 2504 θαυμάζομεν,
2922 2434 3053 2488 ὅταν
3079 2434 3277 2505 ἴδωμεν
3301 2435 3382 2487 ὅτι
3414 2432 3629 2503 ἀνθρώ-

2046 2530 2183 2577 πους
2212 2514 2406 2567 ἀνίατα
2445 2516 2729 2586 νοσήματα
2762 2518 2981 2587 ἔχοντας
3026 2516 3340 2581 ἀπαλλάξας
3376 2516 3476 2585 τῆς
3523 2516 3632 2587 ap-

2051 2596 2308 2667 ρωστίας,
2366 2597 2503 2667 πρὸς
2542 2597 2789 2669 καθαράν
2819 2599 3029 2667 ὑγίειαν
3072 2601 3450 2669 ἐπανήγαγεν·
3486 2598 3631 2651 οὕτω

2049 2679 2145 2731 καὶ
2174 2678 2265 2731 τὸν
2292 2680 2526 2751 Χριστὸν
2548 2681 2850 2750 θαύμασον,
2875 2682 3151 2753 ἀγαπητέ,
3180 2683 3276 2735 καὶ
3301 2681 3630 2751 ἐκπλάγηθι,

2049 2762 2131 2814 ὅτι
2170 2761 2352 2815 λαϐὼν
2388 2763 2583 2817 ἀνίατα
2620 2766 2901 2835 νοσήματα
2939 2764 3115 2834 ψυχῆς
3162 2765 3383 2835 ἔχοντας
3421 2763 3633 2835 ἀνθρώ-

2050 2861 2224 2910 πους,
2273 2844 2459 2915 ῖσχυσε
2510 2848 2603 2900 καὶ
2649 2848 2748 2918 τῆς
2795 2848 2995 2912 κακίας
3043 2847 3371 2917 ἀπαλλάξαι,
3410 2849 3504 2901 καὶ
3530 2847 3631 2916 τῆς

2048 2929 2159 2983 τῶν
2184 2930 2431 3001 οὐρανῶν
2460 2930 2739 3001 βασιλείας
2774 2931 2960 2997 ἀξίους
2992 2932 3269 3001 ἀποφῆναι
3326 2932 3453 2995 τοὺς
3493 2931 3631 3002 πρὸς

2049 3012 2151 3083 τὴν
2203 3012 2441 3083 ἐσχάτην
2489 3014 2757 3085 πονηρίαν
2811 3013 3166 3085 ἐληλακότας.
3208 3014 3480 3083 Σήμερον
3502 3014 3632 3083 μετ’

2050 3093 2199 3163 ἐμοῦ
2230 3096 2345 3163 ἔσῃ
2366 3096 2437 3148 ἐν
2456 3093 2536 3161 τῷ
2565 3097 2929 3164 παραδείσῳ.
2952 3097 3183 3167 Μεγάλη
3208 3097 3365 3168 τιμὴ,
3381 3096 3516 3150 πολὺ
3536 3099 3635 3167 τῆς

2055 3178 2469 3248 φιλανθρωπίας
2516 3178 2577 3232 τὸ
2608 3179 2862 3249 μέγεθος,
2901 3180 3107 3250 ἀφατος
3159 3182 3193 3251 ἡ
3238 3178 3513 3251 ὑπερϐολὴ
3539 3179 3637 3250 τῆς

2052 3261 2409 3328 ἁγαθότητος’
2445 3260 2539 3314 τοῦ
2584 3263 2694 3333 γὰρ
2738 3264 2817 3327 είς
2867 3262 2961 3315 τὸν
3015 3263 3343 3334 παράδεισον
3376 3262 3638 3316 εἰσελθεῖν
3678 3262 3681 3263 ⁷

2056 3342 2263 3412 μείζων
2289 3343 2424 3413 τιμὴ
2448 3343 2508 3396 τὸ
2547 3346 2687 3415 μετά
2713 3344 2808 3398 τοῦ
2838 3345 3111 3398 Δεσπότου
3144 3345 3426 3398 εἰσελθεῖν.
3451 3345 3516 3397 Τί
3543 3345 3635 3410 γέ-

2053 3441 2233 3493 γονεν,
2278 3426 2400 3478 είπέ
2432 3444 2559 3496 μοι;
2616 3427 2671 3480 τί
2721 3427 2963 3480 τοιοῦτον
2995 3428 3023 3480 6
3056 3428 3259 3499 λῃστὴς
3301 3428 3635 3494 ἐπεδείξατο,

2056 3508 2147 3561 ἵνα
2165 3506 2361 3578 ἀθρόον
2385 3510 2712 3580 παραδείσου
2742 3509 2892 3574 ἄξιος
2930 3513 3070 3582 φανῇ
3100 3511 3208 3564 ἀπὸ
3238 3510 3332 3564 τοῦ
3364 3510 3635 3581 σταυροῦ;

2060 3589 2247 3645 Βούλει
2275 3592 2555 3662 συντόμως
2583 3593 2740 3655 εῖπω,
2773 3596 2868 3647 καὶ
2889 3594 3047 3658 δείξω
3076 3593 3170 3648 τοῦ
3191 3593 3388 3666 λῃστοῦ
3413 3593 3511 3665 τὴν
3544 3594 3639 3646 εὑ-

2056 3674 2443 3744 γνωμοσύνην;
2462 3676 2590 3728 Ὅτε
2621 3676 2825 3748 Πιὲτρος
2845 3678 3062 3747 ἠρνεῖτο
3098 3678 3248 3731 κάτω
3271 3680 3299 3730 6
3326 3677 3433 3730 τῶν
3464 3675 3641 3747 μαθη-

2054 3760 2164 3813 τῶν
2208 3765 2536 3831 κορυφαῖος,
2569 3764 2690 3815 τότε
2744 3766 2953 3827 ἐκεῖνος
2996 3764 3110 3818 ἄνω
3139 3765 3231 3817 ἐπὶ
3273 3764 3367 3818 τοῦ
3401 3762 3640 3833 σταυροῦ

2056 3848 2341 3916 τυγχάνων
2371 3848 2711 3921 ὡμολόγησε.
2733 3851 2843 3903 Καὶ
2868 3850 3025 3904 τοῦτο
3054 3851 3115 3904 οὐ
3141 3849 3235 3903 τοῦ
3265 3851 3473 3921 Πέτρου
3502 3867 3638 3903 κατ-

2055 3935 2271 4005 ηγορῶν
2316 3931 2489 3999 εἷπον,
2522 3936 2598 4007 μὴ
2627 3938 2857 4005 γένοιτο,
2885 3937 3021 3991 ἀλλά
3044 3938 3142 3992 τοῦ
3174 3937 3375 4011 λῃστοῦ
3404 3938 3503 4006 τὴν
3538 3955 3637 4007 με-

2058 4022 2397 4092 γαλοψυχίαν
2426 4024 2594 4090 δεῖξαι
2620 4024 2964 4095 βουλόμενος,
2996 4026 3088 4078 καὶ
3120 4026 3221 4095 τὴν
3259 4023 3637 4095 ὑπερϐάλλου-

2063 4127 2163 4162 σαν
2198 4109 2537 4179 φιλοσοφίαν.
2580 4112 2817 4174 Ἐκεῖνος
2864 4113 2964 4166 οὑκ
2989 4113 3187 4183 ἧνεγκε
3210 4112 3379 4182 κόρης
3410 4111 3642 4180 ἀπειλὴν

2061 4196 2337 4261 εὐτελοῦςο
2372 4193 2527 4260 οὗτος
2551 4198 2607 4251 δὲ
2644 4198 2786 4269 όρῶν
2823 4199 2994 4269 δῆμον
3026 4199 3320 4270 ὀλόκληρον
3355 4199 3638 4269 μεμηνότα

2060 4284 2155 4337 καὶ
2187 4284 2522 4355 περιεστῶτα
2550 4286 2643 4337 καὶ
2672 4285 2878 4353 βοῶντα
2904 4286 2996 4337 καὶ
3022 4285 3193 4357 μυρία
3222 4288 3301 4348 είς
3334 4285 3427 4338 τὸν
3449 4287 3641 4338 ἐσταυ-

2062 4373 2309 4441 ρωμένον
2339 4371 2764 4441 λοιδορούμενον,
2799 4373 2899 4424 οὐκ
2928 4368 3035 4424 εἶδε
3064 4372 3204 4442 πρὸς
3239 4372 3339 4443 τὴν
3369 4372 3526 4443 ῦϐριν
3547 4372 3641 4426 τοῦ

2059 4459 2508 4530 ἐσταυρωμένου,
2557 4457 2694 4511 άλλὰ
2741 4461 2854 4522 τοῖς
2903 4459 3004 4528 τῆς
3051 4458 3286 4522 πίστεως
3334 4458 3636 4529 ὀφθαλμοῖς

2059 4546 2276 4601 ᾶπαντα
2299 4545 2469 4600 ταῦτα
2497 4544 2895 4617 παραδραμὼν,
2942 4548 3038 4600 καῖ¹
3082 4546 3150 4600 τά
3192 4546 3423 4601 ταπεινά
3448 4548 3543 4601 καὶ
3577 4546 3643 4601 τά

2058 4632 2360 4704 κωλύματα
2393 4634 2541 4685 κάτω
2565 4634 2747 4700 ἀφεὶς,
2772 4634 2989 4701 ἐπέγνω
3018 4634 3110 4688 τὸν
3138 4633 3247 4687 τῶν
3274 4634 3518 4703 οὐρανῶν
3550 4637 3644 4687 Δε-

2062 4720 2287 4790 σπότην,
2313 4716 2484 4773 εἰπὼν
2504 4718 2573 4771 τὰ
2600 4718 2811 4791 βραχέα
2831 4722 3016 4775 ἐκεῖνα
3043 4723 3261 4793 ῥήματα
3288 4723 3381 4775 καὶ
3409 4720 3503 4774 τοῦ
3533 4738 3640 4772 πα-

2065 4805 2312 4875 ραδείσου
2339 4805 2489 4871 ἄξιον
2512 4807 2678 4859 αὐτὸν
2702 4808 3078 4879 ἀποφήνανταο
3097 4808 3414 4877 Μνήσθητί
3429 4827 3548 4878 μου
3572 4809 3642 4861 ἐν

2059 4891 2137 4961 τῇ
2156 4892 2447 4960 βασιλείᾳ
2469 4908 2608 4948 σου.
2630 4894 2720 4966 Μὴ
2743 4896 3189 4966 παραδράμωμεν
3208 4895 3395 4958 άπλῶς
3416 4896 3477 4948 τὸ
3500 4897 3644 4967 είρη-

2067 4980 2248 5050 μένον,
2287 4982 2424 5052 μηδὲ
2477 4982 2924 5051 ἐπαισχυνθῶμεν
2967 4982 3288 5037 διδάσκαλον
3336 4984 3522 5037 λαϐεῖν
3549 4986 3642 5037 τὸν

2065 5068 2288 5139 λῃστὴν,
2323 5069 2381 5121 ὃν
2432 5070 2531 5121 οὐκ
2566 5068 2875 5139 ἐπῃσχύνθη
2910 5070 2938 5119 6
2992 5072 3270 5139 Δεσπότης
3302 5074 3331 5124 6
3376 5072 3644 5141 ἡμέτερος

2068 5156 2281 5227 πρῶτον
2307 5159 2387 5219 είς
2406 5158 2496 5209 τὸν
2523 5157 2852 5225 παράδεισον
2882 5159 3218 5226 εἰσαγαγεῖν·
3248 5159 3322 5229 μὴ
3352 5161 3640 5229 ἐπαισχυνο

2069 5244 2248 5311 θῶμεν
2279 5241 2595 5297 διδάσκαλον
2626 5240 2812 5295 λαϐεῖν
2844 5243 3154 5315 ἄνθρωπον,
3189 5244 3295 5313 πρὸ
3324 5243 3522 5306 παντὸς
3546 5242 3642 5295 τοῦ

2067 5332 2176 5386 τῶν
2205 5329 2507 5400 ἀνθρώπων
2533 5330 2723 5398 γένους
2769 5332 2919 5398 ἀξιον
2953 5332 3187 5401 φανέντα
3234 5332 3333 5401 τῆς
3365 5331 3640 5396 πολιτείας

2066 5420 2166 5489 τῆς
2199 5418 2256 5471 ἐν
2289 5417 2368 5489 τῷ
2395 5418 2727 5489 παραδείσῳ.
2778 5420 2915 5472 Καθ’
2944 5420 3171 5472 ἕκαστον
3196 5420 3373 5472 τοίνυν
3404 5420 3515 5473 τῶν
3548 5422 3645 5491 ρη-

2075 5506 2259 5576 μάτων
2301 5507 2665 5574 ἐξετάσωμεν,
2702 5506 2788 5559 ἵνα
2820 5505 3079 5574 μάθωμεν
3134 5508 3230 5559 καὶ
3274 5508 3523 5562 ἐντεῦθεν
3549 5508 3642 5563 τοῦ

2073 5594 2306 5665 σταυροῦ
2335 5595 2433 5663 τὴν
2454 5595 2703 5663 δύναμιν.
2737 5592 2869 5645 Ούδέ
2893 5592 3001 5663 γάρ
3020 5586 3142 5646 εἷπε
3171 5595 3307 5667 πρὸς
3338 5595 3520 5661 αὐτὸν,
3544 5613 3645 5649 κα-

2071 5682 2251 5751 θάπερ
2274 5681 2409 5752 πρὸς
2433 5682 2637 5751 Πέτρον
2655 5684 2749 5735 καὶ
2777 5682 3050 5752 Ἀνδρέαν·
3072 5685 3272 5749 Δεῦτε,
3293 5686 3391 5738 καί
3407 5686 3645 5754 ποιήσω

2071 5767 2228 5837 ὑμᾶς
2254 5769 2445 5833 ἁλιεῖς
2471 5767 2813 5835 ἀνθρώπων
2835 5770 2956 5823 οὐδὲ
2976 5766 3095 5825 εἷπε
3116 5773 3249 5844 πρὸς
3268 5773 3449 5832 αὑτὸν,
3472 5773 3643 5827 καθά-

2078 5872 2180 5929 περ
2229 5855 2360 5927 πρὸς
2423 5856 2546 5918 τοὺς
2594 5854 2801 5914 δώδεκα
2862 5857 3129 5930 μαθητὰς,
3171 5860 3250 5911 ὅτι
3309 5856 3645 5913 Καθίσεσθε
