4432 6694
368 481 461 535 ιιι

374 596 523 651 illum
548 602 605 650 ut
622 593 687 651 ad
709 593 986 650 duodecim
1008 588 1295 659 discipulos
1315 626 1328 649 ,
1371 584 1616 640 Sedebitis
1643 600 1791 653 super
1817 582 1949 634 duo-

374 687 533 740 decim
559 687 703 742 sedes
721 729 737 754 ,
766 685 1051 755 iudicantes
1083 678 1349 732 duodecim
1380 677 1534 731 tribus
1557 675 1717 730 Israel
1738 672 1953 744 (Matth.

379 781 461 835 l9.
492 779 607 850 28).
658 779 820 834 Plane
847 791 976 830 vero
1002 786 1174 840 neque
1200 768 1360 825 verbo
1388 769 1533 824 illum
1562 769 1805 838 dignatus
1835 770 1951 817 est:

377 888 545 941 neque
572 870 825 926 miracula
868 866 1041 926 vidit,
1085 877 1189 915 non
1233 870 1471 916 mortuos
1508 860 1798 919 excitatos,
1850 869 1954 907 non

375 962 646 1017 daemones
671 959 944 1030 expulsos,
975 968 1078 1007 non
1112 968 1257 1008 mare
1282 952 1505 1023 imperio
1533 951 1649 1019 ejus
1677 947 1953 1015 obtempe-

378 1069 530 1121 rans,
581 1066 755 1123 neque
789 1050 855 1103 de
900 1060 1063 1114 regno
1108 1060 1228 1099 cum
1279 1046 1367 1100 illo
1410 1043 1571 1098 verba
1619 1040 1741 1096 fecit
1772 1056 1785 1093 :
1815 1038 1957 1092 unde

377 1158 553 1201 autem
595 1145 677 1199 vel
704 1142 850 1211 regni
880 1154 1074 1193 nomen
1110 1139 1290 1193 novit?
1340 1137 1625 1191 Videamus
1651 1141 1842 1203 quanta
1872 1132 1955 1185 in-

380 1238 667 1307 tclligcntia
698 1233 950 1303 prmditus
981 1231 1151 1285 fuerit.
1199 1229 1463 1286 Conviciis
1503 1226 1863 1280 insectabatur
1890 1223 1954 1276 il-

381 1330 489 1382 lum
514 1369 528 1392 ,
560 1328 761 1396 inquit,
795 1325 929 1378 alter
959 1324 1111 1378 latro.
1140 1324 1349 1379 Etenim
1377 1330 1430 1376 et
1458 1321 1591 1376 alter
1618 1320 1751 1373 latro
1781 1317 1957 1372 cruxi-

379 1419 515 1472 fixus
537 1424 670 1481 erat,
704 1426 761 1469 ut
790 1415 1097 1476 impleretur
1117 1414 1243 1469 illud
1274 1412 1547 1483 pr0phet:e
1567 1411 1799 1465 dictmn:
1825 1407 1958 1473 Quia

379 1524 492 1561 runt
520 1506 703 1573 iniquis
732 1517 988 1575 reputatus
1007 1516 1077 1560 est
1105 1505 1254 1577 (lsai.
1282 1506 1371 1561 55.
1394 1502 1502 1575 η).
1533 1501 1793 1557 Volebant
1816 1515 1968 1554 nam-

384 1613 483 1668 que
512 1598 819 1667 insipientes
847 1597 1015 1652 Judtei
1044 1598 1261 1667 gloriam
1293 1596 1455 1651 etiam
1485 1594 1601 1662 ejus
1634 1591 1913 1645 traducere
1941 1606 1954 1642 :

382 1697 436 1743 et
464 1688 811 1758 undequaque
836 1688 899 1741 iis
921 1729 934 1753 ,
958 1703 1076 1757 qua:
1100 1686 1439 1749 accidebant,
1472 1682 1793 1737 insultabant
1817 1695 1832 1745 ;
1866 1678 1959 1733 sed

384 1795 476 1848 per
504 1779 586 1832 illa
614 1780 788 1833 omnia
817 1780 1051 1834 excrevit
1077 1778 1273 1832 veritas
1297 1817 1311 1839 ,
1343 1786 1395 1829 et
1426 1790 1520 1844 per
1550 1774 1663 1843 ipsa
1688 1771 1958 1826 obstacula

385 1871 729 1942 splendidior,
751 1880 807 1927 et
830 1870 1157 1927 manifestior
1184 1869 1372 1925 evasit.
1404 1864 1816 1921 Conviciabatur
1835 1876 1962 1930 ergo

384 1963 432 2016 ei
452 1962 587 2015 alter
612 1961 742 2013 latro
770 1980 783 2016 :
808 1975 944 2015 unus
968 1975 1095 2014 vero
1124 1958 1568 2027 evangelistarum
1596 1955 1744 2018 dicit,
1774 1953 1960 2007 ambos

385 2052 435 2105 in
484 2051 661 2106 Jesum
712 2052 955 2105 convicia
999 2052 1191 2118 jecisse
1242 2049 1432 2121 (Marc.
1466 2048 1552 2103 15.
1581 2044 1717 2118 39.):
1755 2053 1811 2100 et
1859 2043 1964 2097 hoc

384 2159 563 2197 verum
595 2153 694 2206 est,
720 2154 773 2197 et
793 2144 1019 2197 maxime
1040 2142 1197 2211 lmjus
1220 2143 1533 2212 probitatem
1554 2138 1797 2194 intendit.
1830 2136 1962 2191 Nam

386 2234 656 2300 probabile
713 2244 792 2287 est
832 2233 1092 2303 principio
1135 2232 1347 2302 quidem
1393 2232 1561 2300 ipsum
1609 2230 1959 2285 convicialum

384 2325 565 2389 fuisse,
596 2324 882 2392 derepente
903 2333 1078 2377 autem
1108 2331 1305 2375 tantam
1331 2322 1674 2374 mutationem
1701 2318 1957 2375 subiisse:

381 2417 773 2471 conviciabatur
792 2432 937 2486 ergo,
960 2416 1145 2486 inquit,
1170 2416 1303 2470 alter
1325 2414 1478 2468 latro.
1503 2413 1663 2467 Vides
1678 2415 1959 2477 latronem,

380 2519 433 2561 et
473 2508 776 2562 latronem?
821 2508 979 2561 ambo
1005 2506 1055 2559 in
1084 2520 1241 2560 cruce
1267 2546 1282 2571 ,
1324 2505 1482 2558 ambo
1509 2504 1575 2558 ab
1607 2503 1960 2572 improbitate,

382 2598 535 2651 ambo
560 2613 588 2651 a
617 2598 719 2652 vita
744 2596 1054 2667 prtedatoria
1081 2596 1276 2665 arrepti
1303 2637 1317 2658 ,
1346 2594 1440 2649 sed
1478 2609 1580 2648 non
1607 2594 1764 2647 ambo
1790 2593 1841 2645 in
1870 2592 1963 2645 iis-

380 2686 498 2739 detu
530 2705 542 2740 :
574 2702 691 2740 nam
720 2688 853 2741 alter
880 2701 1102 2755 regnum
1132 2685 1286 2740 heres
1313 2685 1474 2749 adiit,
1508 2684 1646 2738 alter
1674 2685 1725 2738 in
1765 2683 1965 2753 gehen-

382 2793 501 2830 nam
530 2778 790 2832 dentissus
814 2788 911 2832 est.
943 2777 1015 2831 lta
1043 2785 1096 2831 et
1121 2778 1230 2830 heri
1263 2775 1557 2845 discipulus
1602 2785 1654 2830 et
1678 2774 1962 2843 discipuli:

380 2870 472 2921 sed
506 2869 593 2922 ille
619 2868 682 2921 ad
711 2868 1059 2937 proditionem
1088 2868 1481 2937 accingebatur,
1512 2866 1597 2921 isti
1625 2867 1690 2920 ad
1720 2867 1961 2919 ministe-

381 2959 517 3012 rium
544 2974 661 3014 sese
686 2960 1052 3030 prmparabant
1079 2976 1091 3013 :
1123 2960 1209 3015 ille
1230 2960 1511 3013 Pharisazis
1538 2960 1749 3013 dicebat
1779 2977 1790 3011 :
1826 2959 1961 3023 Quid

382 3051 529 3104 uultis
556 3052 677 3103 mihi
708 3052 830 3103 dare
849 3091 862 3114 ,
906 3059 952 3103 et
989 3066 1077 3120 ego
1099 3066 1209 3103 eum
1235 3052 1369 3104 vobis
1405 3051 1601 3102 tradam
1630 3048 1836 3119 (illatth.
1866 3049 1957 3104 26.

381 3141 468 3196 15.
501 3150 546 3194 et
570 3141 703 3212 i7)?
752 3142 838 3195 isti
878 3140 1201 3195 accedebant
1240 3141 1304 3194 ad
1342 3140 1522 3195 Jcsum
1550 3142 1829 3195 dicentes:
1862 3138 1962 3195 Ubi

379 3235 452 3288 vis
490 3244 720 3303 paremus
748 3233 837 3286 tibi
877 3236 1183 3287 manducare
1227 3231 1467 3286 Pascha?
1507 3231 1581 3286 Ita
1609 3241 1664 3287 et
1688 3232 1775 3285 hic
1798 3231 1954 3297 latro,

379 3336 434 3382 et
458 3328 592 3381 latro
623 3344 637 3382 :
668 3334 721 3379 at
750 3327 837 3381 ille
865 3326 1280 3391 conviciabatur,
1314 3324 1397 3379 hic
1424 3324 1744 3379 convicianti
1772 3339 1832 3378 os
1857 3323 1956 3378 ob-

379 3421 561 3485 struit;
610 3419 698 3473 ille
735 3419 1069 3488 blasphemat
1095 3459 1108 3479 ,
1152 3419 1237 3473 hic
1268 3431 1392 3472 vero
1420 3417 1694 3486 objurgat;
1728 3426 1781 3470 ct
1819 3415 1954 3481 haec,

378 3526 497 3565 cum
525 3511 784 3580 aspiceret
809 3510 957 3564 illum
988 3510 1308 3566 crucifixum
1337 3550 1352 3574 ,
1382 3508 1794 3562 condemnatum
1813 3548 1826 3571 ,
1857 3522 1954 3577 po—

381 3601 560 3669 pulum
592 3599 722 3655 infra
749 3599 1155 3663 eonviciantem,
1182 3600 1370 3668 grandi
1397 3614 1530 3653 voce
1558 3599 1956 3661 vociferantem,

377 3690 472 3745 sed
501 3700 673 3745 tamen
703 3690 833 3745 nihil
858 3690 1047 3744 hormn
1078 3689 1227 3743 illum
1252 3699 1614 3743 transversum
1643 3691 1782 3758 egit,
1818 3700 1908 3741 aut
1930 3704 1958 3742 a

376 3783 725 3837 conveniente
755 3782 1144 3837 existimatione
1191 3780 1454 3846 abduxit,
1502 3780 1595 3835 sed
1640 3793 1694 3835 et
1730 3782 1957 3835 alterum

378 3874 634 3928 latronem
664 3876 892 3944 graviter
917 3874 1180 3943 increpat,
1214 3872 1297 3927 his
1321 3872 1385 3927 ad
1412 3873 1557 3926 illutn
1584 3873 1763 3928 verbis
1797 3890 1954 3929 usus:

377 3962 556 4035 Neque
580 3975 631 4017 tu
660 3969 798 4018 times
823 3964 1023 4019 Deum?

446 4056 497 4108 5.
526 4055 718 4110 Vidisti
749 4057 1043 4111 libertatem
1075 4054 1338 4109 latronis?
1375 4053 1546 4107 vidisti
1573 4054 1841 4123 quomodo
1864 4071 1955 4108 nc-

375 4159 476 4212 que
504 4144 555 4197 in
594 4161 752 4201 cruce
796 4148 924 4201 artis
972 4162 1081 4200 suae
1123 4146 1448 4201 obliviscitur
1477 4185 1492 4209 ,
1534 4144 1626 4198 sed
1657 4160 1753 4214 per
1781 4145 1947 4213 ipsam

373 4233 760 4290 confessionem
780 4240 1044 4306 praedatur
1059 4254 1278 4308 regnum
1307 4236 1586 4307 ?Nequetu
1602 4238 1742 4292 times
1762 4236 1953 4290 Deum?

374 4326 561 4394 inquit.
597 4326 780 4382 Vidisti
826 4330 1121 4383 libertatem
1160 4331 1212 4385 in
1252 4344 1409 4384 cruce
1439 4371 1452 4392 ,
1494 4329 1670 4383 vidisti
1716 4328 1950 4397 philoso-

374 4416 545 4485 phiam
565 4458 579 4482 ,
610 4418 783 4471 vidisti
831 4421 1221 4475 reverentiam?
1251 4421 1399 4489 Quod
1425 4423 1566 4477 enim
1590 4421 1687 4475 sibi
1717 4435 1950 4491 praesens

372 4506 527 4560 fuerit
548 4508 685 4577 quod
719 4508 783 4563 de
806 4518 945 4561 statu
974 4511 1168 4564 mentis
1199 4527 1305 4565 non
1346 4512 1583 4581 dejectus
1614 4554 1627 4578 ,
1661 4512 1761 4567 etsi
1790 4512 1951 4565 clavis

371 4598 577 4663 aﬂixus,
597 4600 987 4667 immensosque
1012 4602 1278 4656 cruciatus
1300 4619 1363 4657 ex
1391 4605 1552 4657 clavis
1570 4616 1715 4656 ortos
1741 4617 1949 4671 perpes-

370 4703 458 4744 Sus
484 4705 579 4743 :an
610 4706 714 4743 non
744 4706 861 4743 cum
893 4691 1140 4743 admirari
1166 4708 1373 4761 arqumu
1398 4705 1475 4748 cst
1511 4737 1524 4756 ,
1556 4695 1627 4747 ob
1659 4707 1760 4747 tam
1792 4710 1951 4765 gene-

369 4795 541 4832 rosam
572 4781 735 4834 animi
776 4782 1174 4834 constantiam?
1217 4784 1331 4838 Non
1363 4787 1534 4840 solum
1567 4787 1775 4855 dignum
1799 4786 1949 4841 dixe-

370 4872 465 4925 tim
495 4885 650 4939 quem
681 4871 1128 4933 admiremumsed
1148 4888 1303 4941 quem
1335 4874 1548 4930 beatum
1579 4878 1944 4945 pra-dicemus.

372 4962 574 5018 Etenim
602 4980 707 5017 non
731 4967 900 5020 solum
933 4983 1033 5019 non
1056 4965 1364 5020 advertebat
1397 4980 1627 5023 mentem
1652 4970 1715 5023 ad
1744 4975 1949 5024 crucia-

370 5066 452 5109 tus
483 5096 496 5117 ,
528 5054 619 5109 sed
656 5058 904 5111 omnibus
934 5060 1043 5111 suis
1069 5056 1297 5120 relictis,
1330 5074 1416 5112 res
1445 5062 1664 5115 alterius
1691 5062 1942 5116 curabat:

367 5160 417 5200 et
462 5156 517 5199 ut
543 5146 688 5200 illum
715 5148 781 5201 ab
807 5164 991 5204 errore
1020 5150 1281 5217 eriperet,
1326 5158 1380 5201 et
1427 5154 1681 5221 magister
1725 5154 1840 5221 ejus
1890 5154 1941 5206 in

368 5256 521 5296 cruce
549 5243 719 5305 lieret,
750 5243 894 5295 omni
922 5258 1023 5313 ope
1053 5242 1314 5296 studebat.
1356 5239 1468 5294 Nec
1495 5254 1548 5295 tu
1570 5247 1713 5298 times
1744 5247 1945 5299 Deum?

369 5332 551 5400 inquit.
580 5328 804 5383 Tantum
829 5348 934 5385 non
964 5335 1028 5386 ad
1060 5334 1205 5388 illum
1231 5332 1355 5386 dicit
1380 5350 1392 5385 :
1417 5330 1492 5385 Ne
1510 5335 1680 5387 solum
1698 5337 1944 5391 attendas

364 5426 429 5480 ad
459 5424 506 5478 id
530 5421 667 5493 quod
687 5422 823 5490 apud
854 5423 1100 5480 homines
1128 5437 1208 5480 est
1237 5426 1481 5489 tribunal,
1520 5441 1587 5480 ne
1613 5444 1677 5481 ex
1707 5428 1793 5495 iis,
1824 5447 1944 5500 qua:

364 5518 512 5572 vides
540 5529 649 5570 rem
680 5513 951 5578 mSIitttes;
985 5534 1048 5570 nc
1077 5534 1136 5571 ea
1166 5535 1281 5587 quze
1314 5517 1443 5570 ﬁunt
1466 5520 1831 5573 tantummodo
1859 5522 1941 5575 in—

365 5610 591 5664 tncaris:
633 5614 714 5660 est
739 5605 872 5658 alios
912 5606 1069 5674 juder
1116 5611 1393 5664 invisibilis
1422 5652 1435 5674 ,
1478 5611 1838 5678 incorruptum
1887 5624 1942 5667 et

362 5696 846 5766 sincerumestejus
877 5697 1125 5767 tribunal,
1153 5718 1251 5758 nec
1283 5703 1454 5773 decipi
1490 5712 1579 5757 aut
1622 5714 1649 5756 a
1697 5716 1822 5757 vero
1842 5703 1937 5757 de-

362 5793 499 5847 flecti
530 5800 720 5864 potest.
751 5787 827 5843 Ne
849 5797 902 5842 te
932 5798 1151 5847 moveat
1171 5829 1187 5855 ,
1226 5794 1366 5863 quod
1396 5793 1527 5849 infra
1550 5792 1934 5850 condemnatus

360 5894 440 5938 est
462 5922 477 5947 .
500 5884 725 5954 sedqua:
746 5894 900 5950 supra
926 5890 1064 5944 sunt,
1101 5898 1158 5934 cu
1194 5885 1314 5940 talia
1345 5902 1448 5943 non
1478 5897 1619 5943 sunt.
1662 5887 1715 5943 lu
1734 5886 1933 5958 judicio

1407 480 1493 530 DE
1532 478 1754 534 CBUCE
1795 477 1882 533 ET
1921 473 2263 531 LATRONE.
2308 475 2535 533 "OM-1..
2584 475 2644 532 ll.

3538 481 3641 535 4ιῖ

2064 581 2206 636 enim
2244 584 2385 654 quod
2426 584 2513 642 hic
2547 587 2754 655 agitur,
2787 602 2927 658 sepe
2972 590 3130 645 etiam
3166 592 3475 647 innocentes
3510 605 3643 647 cono

2063 674 2398 742 demnantur,
2429 691 2483 735 et
2512 690 2769 735 nocentes
2791 680 3129 740 dimittuntur
3150 726 3166 749 ,
3189 686 3318 755 justi
3349 687 3520 755 pomis
3545 684 3643 740 ad-

2062 767 2314 824 dicuntur
2338 812 2353 835 ,
2381 781 2433 827 et
2456 773 2634 844 injusti
2671 774 2946 844 eﬁ'ugiunt.
2979 777 3043 832 Et
3073 779 3311 850 plerique
3338 780 3643 833 mortalium

2057 858 2251 928 judicia
2278 871 2624 932 corrumpunt
2653 866 3118 934 partimlubentes.
3149 870 3338 938 partim
3379 870 3643 923 nolentes.

2069 949 2159 1005 Vel
2187 952 2325 1006 enim
2344 952 2434 1024 jus
2459 966 2511 1009 et
2542 955 2619 1008 fas
2651 955 2971 1025 ignorantes,
3002 967 3055 1011 et
3078 958 3318 1028 decepti,
3346 961 3427 1015 vel
3459 960 3647 1015 viden-

2065 1048 2145 1095 tes
2170 1043 2404 1111 quidem,
2437 1045 2678 1115 pecuniis
2704 1062 2829 1101 vero
2855 1049 3089 1119 corrupti
3128 1050 3475 1119 prodiderunt
3501 1051 3644 1106 veri-

2064 1143 2225 1189 tatem
2256 1177 2269 1201 ,
2317 1147 2367 1190 et
2392 1146 2576 1191 contra
2604 1138 2912 1193 innocentes
2939 1142 3257 1195 sententiam
3295 1143 3547 1197 tulerunt.
3576 1144 3647 1196 At

2063 1238 2223 1295 supra
2252 1226 2379 1281 nihil
2412 1227 2602 1282 horum
2633 1228 2803 1282 locum
2833 1229 3009 1284 habet.
3033 1230 3165 1286 Nam
3195 1231 3511 1301 Deusjudex
3554 1231 3645 1301 ju-

2063 1324 2176 1369 stus
2203 1324 2303 1379 est,
2335 1326 2385 1371 ct
2412 1317 2666 1387 judicium
2694 1318 2811 1388 ejus
2847 1327 2902 1372 ut
2926 1318 3101 1374 lumen
3129 1320 3433 1389 egredietur
3459 1340 3474 1376 :
3498 1332 3649 1377 tene-

2066 1405 2177 1459 bris
2198 1416 2363 1473 caret,
2386 1409 2555 1462 nullas
2588 1409 2746 1463 habet
2778 1410 3009 1464 latebras
3034 1449 3051 1475 ,
3107 1426 3206 1465 nec
3245 1414 3352 1467 ullo
3394 1414 3551 1468 tnodo
3579 1414 3647 1468 de

2065 1506 2206 1551 recta
2238 1498 2425 1552 semita
2456 1498 2612 1567 dejici
2640 1509 2834 1569 potest.
2866 1500 2944 1556 Ne
2969 1501 3111 1556 enim
3142 1502 3233 1556 ille
3258 1502 3646 1575 diceret,Apud

2065 1586 2310 1641 homines
2338 1588 2444 1658 jam
2474 1590 2859 1646 condemnatus
2883 1600 2985 1653 est,
3018 1591 3146 1661 quid
3177 1592 3225 1646 ei
3254 1593 3645 1661 patrocinaris?

2064 1678 2212 1731 duxit
2235 1695 2356 1733 eum
2388 1680 2452 1733 ad
2480 1696 2769 1749 supernum
2791 1682 3048 1751 judicium
3082 1723 3097 1749 ,
3129 1682 3195 1736 ad
3243 1682 3480 1737 terribile
3521 1683 3649 1737 illud

2066 1770 2290 1823 tribunal
2315 1811 2329 1834 ,
2358 1772 2421 1824 ad
2466 1771 2636 1825 forum
2685 1772 2813 1825 illud
2844 1773 3207 1842 incorruptum
3231 1815 3245 1838 ,
3278 1773 3345 1827 ad
3368 1772 3600 1842 judicetn
3632 1815 3647 1839 ,

2064 1873 2222 1927 quem
2251 1861 2409 1913 nullis
2428 1860 2721 1915 rationibus
2749 1862 2801 1915 in
2827 1877 3063 1917 errorem
3086 1863 3339 1917 inducere
3368 1863 3522 1917 licet:
3555 1879 3648 1918 re-

2067 1950 2277 2002 vocavit
2318 1950 2367 2003 ei
2416 1950 2467 2003 in
2513 1953 2823 2005 memoriam
2858 1953 3192 2007 tremendum
3219 1953 3345 2007 illud
3366 1952 3648 2023 judicium.

2070 2038 2149 2093 Eo
2178 2081 2192 2102 ,
2225 2040 2393 2109 inquit
2424 2081 2438 2105 ,
2468 2040 2674 2109 respice
2705 2082 2720 2104 ,
2763 2052 2817 2095 et
2856 2057 2963 2096 non
3005 2044 3145 2096 feres
3191 2042 3655 2097 condcnmationis

2067 2130 2386 2183 sententiam
2408 2170 2423 2191 ,
2464 2144 2636 2198 neque
2682 2130 2816 2184 infra
2842 2146 2962 2183 cum
2986 2131 3263 2184 hominum
3291 2131 3444 2185 turba
3473 2132 3653 2185 consi-

2066 2232 2196 2286 stes,
2225 2222 2319 2278 sed
2346 2223 2699 2278 admiraberis
2724 2234 2778 2277 et
2797 2223 3116 2294 approbabis
3140 2223 3396 2293 judicium
3416 2224 3652 2280 cteleste.

2068 2316 2247 2383 Neque
2287 2328 2340 2371 tu
2380 2320 2521 2372 times
2562 2317 2770 2373 Deum?
2810 2318 2999 2388 inquit.
3043 2318 3230 2372 Vidisti
3261 2316 3651 2388 philosophiam

2067 2409 2320 2472 latronis,
2350 2410 2522 2463 vidisti
2551 2410 2878 2464 intellectum
2910 2450 2925 2473 ,
2958 2409 3133 2462 vidisti
3159 2406 3495 2462 doctrinam?
3521 2422 3655 2460 cou-

2070 2498 2245 2553 fcstim
2299 2514 2329 2553 a
2382 2514 2540 2553 cruce
2590 2500 2656 2553 ad
2707 2501 2893 2553 cazlum
2926 2499 3167 2553 tetendit.
3202 2498 3336 2554 Vide
3383 2497 3656 2569 quomodo

2069 2589 2412 2658 apostolicam
2433 2590 2601 2659 legem
2626 2589 2864 2658 impleat,
2893 2605 2991 2643 nec
3016 2605 3109 2643 sua
3139 2600 3338 2643 tantum
3362 2598 3533 2654 curet,
3559 2589 3653 2643 sed

2069 2681 2246 2732 omnia
2276 2678 2435 2734 faciat
2459 2691 2514 2734 et
2543 2681 2811 2743 moliatur,
2842 2690 2896 2734 ut
2921 2681 3146 2734 alterum
3174 2681 3241 2735 ab
3267 2694 3451 2735 errore
3478 2682 3656 2739 cxsol-

2068 2781 2152 2825 vat
2176 2780 2227 2825 et
2246 2772 2312 2826 ad
2343 2773 2619 2826 veritatem
2648 2772 2908 2826 traducat.
2937 2771 3070 2825 Cum
3093 2772 3235 2825 enim
3267 2771 3525 2836 dixisset,
3551 2770 3661 2827 Ne-

2064 2880 2159 2931 que
2179 2874 2232 2917 tu
2262 2865 2408 2917 times
2429 2863 2635 2918 Deum?
2658 2863 2862 2918 addidit
2884 2883 2899 2919 :
2920 2864 3053 2929 Quia
3070 2866 3120 2917 in
3138 2864 3311 2917 eadem
3336 2864 3657 2919 damnatione

2068 2970 2253 3009 sumus
2285 2954 2437 3026 (Luc.
2470 2955 2560 3010 25.
2590 2955 2701 3024 40).
2745 2955 3034 3009 Considera
3060 2953 3457 3009 confessionem
3486 2955 3650 3009 abso-

2066 3048 2252 3101 lutam.
2271 3047 2407 3114 Quid
2434 3056 2533 3111 est,
2565 3047 2628 3101 In
2652 3048 2827 3102 eadem
2859 3048 3186 3125 damnatione
3209 3049 3434 3101 sumus?
3466 3046 3521 3100 lu
3552 3062 3652 3102 ea-

2064 3139 2187 3194 dem
2221 3181 2235 3205 ,
2269 3141 2684 3210 inquit,poena;
2717 3156 2839 3193 nam
2889 3148 2944 3194 et
2989 3155 3087 3194 nos
3136 3141 3188 3194 in
3239 3155 3399 3194 cruce
3449 3155 3652 3195 sumus.

2067 3230 2208 3299 Ergo
2250 3246 2370 3284 cunt
2401 3232 2546 3285 illum
2592 3232 2897 3301 opprobriis
2939 3231 3146 3301 appetis
3179 3274 3195 3298 ,
3236 3232 3462 3301 teipsum
3509 3234 3672 3302 prius

2061 3322 2314 3376 conviciis
2347 3323 2587 3377 incessis.
2609 3323 3067 3389 Quemadmodum
3102 3324 3258 3393 igitur
3306 3325 3379 3388 is,
3421 3326 3509 3396 qui
3536 3340 3657 3394 pec-

2061 3413 2195 3467 catis
2233 3413 2523 3467 obstrictus
2561 3415 2788 3467 alterum
2837 3414 3201 3479 condemnat,
3256 3430 3317 3469 se
3353 3427 3475 3468 ante
3505 3416 3653 3469 illmn

2062 3505 2415 3559 condemnat:
2448 3505 2525 3558 sic
2577 3514 2630 3559 et
2682 3504 2726 3559 is
2774 3506 2862 3573 qtti
2905 3505 3207 3560 calamitate
3254 3521 3473 3576 pressus
3501 3506 3652 3560 alteri

2063 3595 2419 3649 calamitatem
2448 3595 2767 3663 exprobrat,
2786 3596 2887 3648 sibi
2909 3596 3005 3665 ipsi
3031 3597 3177 3666 prius
3201 3612 3359 3665 quam
3380 3596 3533 3650 alb-ri
3553 3611 3645 3651 ca-

2066 3686 2352 3739 lamitatem
2376 3688 2682 3755 exprobrat.
2712 3685 2775 3740 In
2800 3688 2975 3741 cadent
3004 3730 3018 3752 ,
3068 3687 3238 3757 inquit
3265 3728 3279 3752 ,
3327 3689 3655 3742 damnatione

2063 3792 2265 3831 sunms.
2306 3779 2659 3847 Apostolicam
2688 3780 2784 3849 ipsi
2816 3779 2981 3848 legem
3007 3780 3326 3849 evangelica:
3353 3795 3646 3835 construant

2062 3872 2283 3933 recitat;
2317 3869 2489 3924 Nolite
2502 3872 2739 3942 judicare
2763 3912 2778 3937 ,
2823 3884 2997 3924 utnon
3018 3871 3324 3939 judicemini
3352 3870 3569 3940 (Matth.
3592 3873 3647 3927 7.

2065 3960 2141 4028 l).
2177 3960 2307 4022 Quia
2327 3962 2379 4015 in
2406 3962 2579 4015 eadem
2608 3962 2932 4015 damnatione
2961 3976 3164 4015 sumus.
3212 3960 3347 4029 Quid
3393 3962 3523 4017 facis
3547 4004 3562 4026 ,
3616 3982 3653 4018 ο

2063 4052 2235 4106 latro?
2264 4070 2385 4106 num
2430 4055 2591 4108 vestri
2641 4054 2950 4123 participem
2995 4053 3143 4107 illum
3174 4052 3305 4108 facis
3335 4096 3350 4120 ,
3382 4070 3503 4109 cum
3533 4058 3613 4109 ais
3633 4096 3652 4120 ,

2060 4144 2129 4199 In
2158 4146 2336 4200 cadent
2380 4146 2713 4201 damnatione
2754 4148 2976 4201 sumus?
3014 4147 3401 4220 Nequaquam,
3449 4152 3651 4221 inquit:

2057 4238 2271 4306 corrigo
2293 4239 2492 4292 dictum
2528 4256 2623 4307 per
2655 4254 2714 4292 ea
2742 4280 2756 4302 ,
2785 4255 2903 4307 qua:
2942 4255 3068 4292 mox
3100 4250 3428 4309 sequuntur:
3463 4242 3525 4294 Et
3557 4260 3653 4296 nos

2055 4330 2278 4397 quidem,
2312 4330 2493 4400 inquit,
2520 4331 2661 4400 juste
2691 4330 2846 4398 digna
2872 4330 3004 4382 enim
3018 4331 3166 4400 factis
3193 4332 3461 4401 recipimus
3490 4332 3643 4401 (Luc.

2054 4422 2145 4475 25.
2176 4422 2289 4493 Η).
2324 4422 2400 4478 Ne
2426 4424 2566 4477 enim
2598 4422 2802 4487 audito,
2833 4422 2973 4491 quod
2996 4422 3131 4478 dixit
3158 4465 3173 4489 ,
3202 4422 3271 4477 In
3293 4425 3467 4479 eadem
3495 4426 3647 4479 dum.

2056 4515 2255 4567 natione
2279 4529 2480 4573 sumus,
2506 4523 2739 4580 putares,
2764 4514 2903 4583 quod
2931 4514 3198 4569 Christum
3226 4515 3490 4572 scelerum
3521 4535 3647 4584 par-

2062 4605 2275 4673 ticipem
2324 4604 2571 4668 fecisset;
2607 4604 2727 4658 ideo
2753 4608 2989 4674 scipsum
3016 4606 3165 4675 quasi
3198 4608 3474 4678 corrigens
3496 4610 3644 4677 adje-

2055 4691 2125 4743 cit
2156 4707 2167 4742 :
2218 4687 2329 4742 Nos
2371 4689 2574 4757 quidem
2597 4700 2776 4760 Juste:
2803 4707 2921 4743 nam
2955 4690 3111 4760 digna
3156 4691 3302 4761 {actis
3348 4694 3643 4760 recipimus.

2054 4781 2215 4835 Vides
2240 4781 2634 4836 confessionem
2669 4781 2958 4851 perfectam
2997 4782 3048 4834 itt
3092 4782 3295 4836 cruce?
3331 4782 3480 4838 vides
3509 4800 3644 4854 quo-

2056 4875 2213 4929 modo
2240 4875 2323 4930 his
2347 4876 2521 4930 verbis
2556 4884 2765 4941 peceata
2804 4890 2898 4927 sua
2930 4874 3157 4927 eluerit?
3186 4873 3339 4928 vides
3369 4878 3643 4945 quomodo

2056 4969 2422 5037 propheticum
2472 4966 2600 5019 illud
2635 4964 2895 5017 monitum
2940 4964 3281 5033 impleverit:
3313 4964 3411 5020 Dic
3449 4968 3643 5036 primus

2054 5069 2165 5113 tuas
2191 5059 2472 5129 iniquitates
2496 5095 2512 5120 ,
2541 5064 2593 5107 ut
2613 5054 2911 5124 justiﬁceris
2944 5056 2961 5125 (
2993 5052 3118 5108 Isai.
3152 5055 3245 5111 4'5.
3271 5055 3343 5110 26
3372 5056 3437 5126 )?
3464 5056 3635 5112 Nemo

2056 5149 2198 5202 illum
2226 5147 2414 5214 coegit,
2446 5159 2607 5198 nemo
2637 5145 2944 5209 accusavit,
2989 5161 3147 5199 nemo
3172 5145 3396 5201 institit:
3424 5147 3536 5214 ipse
3557 5150 3642 5201 sui

2053 5240 2216 5309 ipsius
2248 5241 2305 5292 lit
2333 5247 2644 5294 accusator:
2682 5255 2781 5306 qua
2816 5237 2882 5292 de
2910 5253 3067 5291 causa
3099 5237 3151 5290 in
3196 5248 3468 5305 posterum
3492 5240 3638 5292 omni

2051 5344 2359 5388 accusatore
2383 5333 2575 5387 caruit.
2616 5334 2969 5387 Antevertens
2990 5330 3128 5383 enim
3157 5338 3337 5399 partes
3357 5340 3638 5384 accusato-

2053 5428 2124 5480 ris
2150 5426 2250 5480 sibi
2282 5425 2527 5495 sumpsit,
2548 5434 2611 5478 et
2639 5425 2895 5494 scipsum,
2927 5421 3047 5489 quis
3077 5430 3240 5485 esset,
3272 5421 3481 5490 publice
3511 5435 3639 5491 pro-

2050 5518 2181 5571 didit
2210 5518 2291 5571 his
2320 5517 2497 5571 verbis
2517 5515 2626 5569 Nos
2640 5516 2781 5584 juste
2797 5530 2815 5576 ;
2842 5528 2957 5564 nam
2988 5512 3143 5583 digna
3171 5514 3320 5583 factis
3347 5514 3644 5582 recipimus:

2050 5611 2129 5662 hic
2158 5626 2271 5662 vero
2301 5607 2430 5661 nihil
2451 5609 2570 5659 mali
2595 5607 2709 5676 egit.
2739 5603 2901 5657 Vides
2934 5606 3289 5659 reverentiam
3316 5604 3470 5673 longe
3496 5603 3633 5658 late-

2047 5716 2149 5767 qne
2190 5698 2473 5752 diffusam?
2515 5695 2739 5762 Quando
2782 5694 3018 5763 scipsum
3062 5702 3375 5759 accusarat,
3421 5692 3639 5763 quando

2046 5810 2237 5848 arcana
2269 5791 2498 5861 pectoris
2514 5790 2593 5844 sui
2622 5787 3273 5859 exprompserat,quamlo
3290 5802 3386 5856 pro
3410 5786 3638 5841 Domino

2049 5885 2415 5941 defensionem
2465 5882 2801 5936 instituerat:
2838 5881 2945 5935 Nos
2981 5879 3176 5949 quidem
3211 5879 3349 5947 juste
3377 5921 3392 5947 ,
3420 5876 3501 5933 hic
3524 5893 3638 5933 vero
