4406 6702
790 458 893 511 413

786 570 915 623 nihil
945 569 1066 624 ntali
1093 570 1193 641 egit
1214 607 1228 623 .
1273 576 1398 622 tunc
1432 576 1488 621 et
1513 566 1954 636 supplicationem
1980 565 2175 624 offerre
2204 580 2365 622 ausus

789 659 887 715 fuit
914 660 996 715 his
1014 661 1187 715 verbis
1211 677 1224 711 :
1254 658 1502 712 Memento
1531 658 1648 725 mei,
1678 655 1927 721 Domine,
1966 673 2081 710 cum
2101 657 2294 711 veneris
2315 657 2371 712 in

787 767 996 822 regnum
1037 761 1193 803 tuum.
1220 746 1336 802 Non
1365 762 1524 802 ausus
1555 747 1653 801 fuit
1683 748 1829 817 prius
1862 745 2069 813 dicere,
2114 744 2370 801 Memento

788 846 886 897 mei
917 886 930 907 ,
962 842 1306 913 quoadusque
1333 857 1426 911 per
1464 839 1857 895 confessionem
1894 853 2013 896 sese
2056 852 2087 892 a
2124 837 2371 893 sordibus

788 942 1120 1003 peccatorum
1142 933 1450 1001 expurgavit
1468 946 1484 996 ;
1502 930 1852 1001 quoadusque
1870 932 2101 1001 scipsum
2118 927 2372 985 condem-

790 1039 952 1090 nans,
967 1024 1171 1092 justum
1214 1034 1269 1079 et
1318 1025 1655 1078 innocentem
1680 1022 1887 1090 effecit;
1914 1022 2256 1094 quoadusque
2276 1036 2370 1091 per

790 1116 1183 1170 accusationem
1211 1116 1409 1170 scelera
1439 1113 1709 1184 deposuit.

858 1205 1117 1277 Confessio
1145 1215 1482 1277 peccatorum.
1498 1205 1749 1261 —Vides
1770 1216 2023 1276 quantum
2052 1205 2220 1277 possit
2243 1219 2371 1259 con-

789 1297 949 1351 fessio
979 1299 1139 1352 etiam
1168 1298 1221 1351 in
1243 1297 1359 1368 ipsa
1384 1297 1584 1353 cruce?
1609 1297 1730 1351 litae
1758 1296 1979 1351 audiens
2004 1337 2019 1362 ,
2049 1297 2323 1353 carissime
2350 1335 2368 1362 ,

789 1404 855 1443 ne
879 1389 1131 1459 desperes
1162 1391 1427 1460 teipsum:
1456 1390 1550 1446 sed
1586 1389 1842 1444 infinitam
1870 1388 2215 1460 benignitatis
2235 1389 2368 1445 divi-

790 1496 871 1535 me
893 1481 1315 1551 magnitudinem
1339 1489 1509 1536 tecum
1528 1488 1795 1549 reputans,
1824 1493 2079 1549 properes
2094 1480 2162 1534 ad
2188 1495 2374 1535 emen-

788 1571 1057 1627 dationem
1100 1582 1459 1642 peccatorum.
1505 1570 1563 1626 Si
1607 1570 1753 1625 enim
1802 1570 2067 1624 latronem
2116 1570 2168 1623 in
2212 1585 2373 1625 cruce

791 1671 939 1716 tanto
967 1664 1167 1717 honore
1182 1662 1425 1731 dignatus
1450 1667 1553 1726 est,
1582 1659 1750 1714 multo
1774 1659 1941 1730 magis
1967 1674 2068 1715 nos
2094 1658 2251 1712 insita
2274 1673 2369 1712 sua

790 1752 1114 1823 benignitate
1155 1751 1461 1822 dignabitur
1489 1790 1507 1817 ,
1555 1751 1601 1806 si
1651 1751 1976 1806 voluerimus
2029 1759 2370 1820 peccatorum

786 1843 1175 1897 confessionem
1204 1842 1502 1897 instituere.
1534 1840 1606 1897 Ut
1650 1841 1809 1912 igitur
1833 1852 1888 1896 et
1913 1855 2012 1895 nos
2040 1840 2370 1910 benignitate

789 1935 929 1988 illius
956 1934 1290 2005 perfruamur
1310 1973 1327 2001 ,
1361 1941 1576 2004 peccata
1596 1934 1813 2003 propria
1846 1933 2091 1989 confiteri
2136 1949 2205 1988 ne
2244 1948 2372 1989 eru-

788 2027 1100 2081 bescamus:
1132 2039 1321 2095 magna
1347 2025 1493 2080 enim
1517 2024 1874 2081 conlbssionis
1898 2024 1981 2080 vis
2006 2033 2109 2089 est,
2130 2032 2186 2080 et
2208 2024 2371 2079 multa

788 2118 904 2186 ejus
936 2118 1191 2188 potentia.
1220 2117 1360 2172 Ecce
1388 2117 1599 2172 enimet
1625 2118 1725 2172 iste
1750 2116 2028 2172 confessus
2054 2125 2172 2182 est,
2204 2125 2259 2172 et
2280 2130 2372 2185 pa-

790 2208 1024 2264 radisum
1051 2208 1253 2280 reperit
1277 2219 1522 2277 apertum
1548 2226 1562 2262 :
1592 2208 1865 2262 confessus
1893 2216 1974 2261 est
1999 2248 2015 2273 ,
2045 2207 2372 2261 libertatem—

787 2315 893 2368 que
935 2300 1185 2370 loquendi
1224 2315 1288 2354 ac
1328 2315 1545 2369 regnum
1578 2298 1792 2368 petendi
1819 2297 2044 2366 adeptus
2074 2307 2157 2351 est
2193 2298 2239 2351 is
2278 2296 2369 2366 qui

789 2392 926 2444 latro
957 2391 1145 2445 fuerat.
1186 2391 1267 2445 Ad
1314 2391 1365 2445 id
1407 2391 1547 2444 enim
1590 2404 1757 2458 usque
1796 2398 2007 2457 tempus
2034 2403 2143 2443 non
2184 2387 2371 2458 petivit

787 2497 1006 2551 regnum
1030 2481 1303 2536 ctelorum.
1334 2479 1486 2536 Unde
1514 2522 1530 2547 ,
1559 2480 1647 2535 dic
1665 2480 1816 2547 mihi,
1839 2495 1872 2535 ο
1896 2481 2035 2535 latro
2064 2522 2080 2547 ,
2112 2479 2262 2550 regni
2286 2495 2371 2536 re-

787 2571 1034 2625 cordatus
1053 2586 1113 2626 es
1133 2572 1157 2624 ἲ
1185 2569 1313 2640 quid
1327 2571 1443 2640 ejus
1465 2570 1638 2626 simile
1654 2586 1796 2625 nunc
1811 2571 2026 2626 vidisti?
2053 2571 2183 2639 Quae
2198 2571 2370 2639 vides,

787 2665 923 2717 clavi
964 2673 1088 2718 sunt
1127 2672 1182 2718 et
1215 2679 1347 2718 crux
1394 2672 1449 2718 et
1493 2663 1861 2718 accusationes
1905 2673 1961 2718 et
2001 2672 2293 2718 scommata
2319 2670 2375 2717 et

787 2755 1046 2810 ocnvicia.
1083 2754 1276 2824 Utique
1302 2795 1319 2822 ,
1352 2754 1552 2824 inquit:
1586 2770 1706 2808 nam
1747 2754 1859 2824 ipsa
1895 2769 2027 2808 crux
2062 2753 2213 2823 regni
2243 2752 2373 2807 mihi

786 2846 996 2902 videtur
1013 2847 1313 2918 symbolum
1326 2862 1466 2902 esse.
1490 2846 1777 2915 Propterea
1802 2847 1971 2915 ipsum
1987 2845 2187 2916 Regem
2214 2859 2369 2912 voco,

785 2936 908 3006 quia
956 2936 1127 3006 ipsum
1154 2935 1311 2991 video
1336 2935 1644 2991 crucifixum
1675 2953 1690 2991 :
1719 2936 1858 3006 regis
1904 2936 2045 2990 enim
2090 2945 2174 2990 est
2204 2975 2222 3002 ,
2271 2949 2371 3005 pro

786 3027 1010 3082 subditis
1059 3027 1214 3082 mori.
1268 3026 1497 3096 lpsemet
1523 3025 1685 3081 dixit:
1719 3025 1892 3080 Bonus
1935 3036 2109 3094 pastor
2148 3027 2371 3079 animam

785 3132 931 3169 suam
958 3118 1098 3186 ponit
1124 3133 1216 3186 pro
1240 3116 1409 3170 auibus
1443 3114 1629 3186 (Joan.
1656 3114 1743 3170 10.
1773 3115 1835 3169 11
1859 3116 1900 3185 ).
1928 3113 2091 3184 Igitur
2117 3125 2171 3169 et
2200 3113 2372 3170 bonus

774 3218 885 3263 rex
911 3212 1142 3263 animam
1169 3223 1319 3263 suam
1346 3208 1496 3279 ponit
1519 3223 1615 3277 pro
1644 3207 1888 3263 subditis.
1924 3204 2058 3261 Cum
2097 3221 2225 3276 ergo
2253 3206 2372 3260 ani-

789 3315 929 3355 mam
986 3313 1134 3353 suam
1188 3299 1464 3368 posuerit,
1513 3308 1797 3370 eapropter
1863 3297 2062 3367 Regem
2134 3296 2372 3350 nomino.

788 3388 1040 3442 Memento
1062 3389 1177 3454 mei,
1196 3387 1433 3455 Domine,
1464 3404 1579 3441 cuni
1606 3388 1798 3441 veneris
1824 3388 1875 3441 in
1904 3403 2111 3457 regnum
2138 3395 2299 3440 tuum.

856 3480 911 3533 4.
944 3479 1032 3534 Vis
1044 3479 1252 3534 discere
1271 3478 1539 3549 quomodo
1563 3493 1694 3534 crux
1722 3478 1792 3533 sit
1816 3478 1964 3546 regni
1997 3486 2121 3531 nota
2144 3486 2197 3530 et
2226 3492 2373 3547 sym-

786 3574 967 3630 bolum
990 3581 1043 3629 et
1067 3588 1226 3643 quam
1250 3572 1445 3644 inclyta
1469 3587 1555 3627 res
1580 3572 1690 3626 sit?
1720 3571 1835 3625 Non
1867 3571 2083 3640 reliquit
2108 3569 2277 3639 ipsam
2310 3568 2362 3623 in

787 3674 952 3729 terra,
976 3662 1071 3718 sed
1085 3663 1237 3718 duxit
1254 3678 1372 3717 eam
1397 3662 1449 3717 in
1469 3661 1676 3716 caelum.
1699 3660 1849 3717 Unde
1875 3659 1977 3714 hoc
1997 3660 2159 3730 liquet
2184 3659 2207 3713 ?
2233 3658 2373 3713 Cum

786 3753 903 3823 ipso
929 3761 1146 3807 ventura
1177 3759 1261 3807 est
1280 3751 1333 3807 in
1363 3750 1599 3806 secundo
1625 3750 1743 3820 ejus
1769 3758 1824 3805 et
1848 3749 2084 3819 glorioso
2112 3747 2368 3803 adventu.

786 3844 894 3901 Sed
935 3842 1209 3898 videamus
1249 3839 1463 3912 quando
1490 3854 1611 3895 cum
1652 3840 1771 3910 ipso
1826 3839 1897 3893 sit
1943 3848 2188 3893 ventura.
2229 3837 2369 3892 Audi

786 3936 959 4004 ipsum
984 3932 1253 3987 Christum
1283 3930 1553 3986 dicentem
1581 3946 1595 3984 :
1622 3928 1681 3983 Si
1707 3928 1924 3981 dixerint
1946 3928 2107 3994 vobis,
2154 3926 2289 3980 Ecce
2318 3928 2373 3980 in

786 4022 1123 4096 penetralibus
1150 4031 1223 4076 est
1249 4021 1499 4085 Christus,
1529 4035 1642 4074 ecce
1670 4020 1724 4072 in
1761 4018 2034 4072 solitudine
2054 4058 2070 4082 ,
2100 4032 2164 4070 ne
2188 4016 2376 4070 exeatis

791 4126 807 4185 (
839 4115 1023 4169 Matth.
1054 4113 1142 4169 24.
1168 4114 1239 4168 ‘26
1264 4112 1307 4181 ).
1343 4113 1418 4167 De
1443 4110 1678 4166 secundo
1703 4125 1799 4164 suo
1821 4109 2052 4163 adventu
2079 4109 2193 4163 haec
2217 4109 2373 4175 dicit,

792 4215 1008 4275 propter
1032 4204 1193 4259 falsos
1217 4202 1481 4267 Christos,
1506 4212 1559 4255 et
1584 4209 1801 4271 prapter
1828 4197 2323 4268 pseudoprophetas
2357 4238 2372 4263 ,

788 4310 843 4353 et
872 4306 1088 4368 propter
1124 4293 1509 4349 Antichristum
1530 4333 1545 4359 ,
1571 4307 1639 4346 ne
1665 4290 1786 4361 quis
1814 4291 2209 4344 circumventus
2234 4290 2284 4341 in
2310 4288 2374 4340 il-

791 4390 900 4443 lmn
948 4387 1164 4442 incidat.
1203 4384 1336 4439 Cum
1365 4385 1507 4439 enim
1549 4380 1910 4437 Antichristus
1938 4389 2064 4435 ante
2105 4377 2374 4433 Christum

790 4490 1044 4537 venturus
1072 4480 1160 4541 sit,
1182 4477 1280 4542 Ne,
1305 4477 1502 4545 inquit,
1533 4484 1797 4545 pastorem
1826 4482 2129 4544 quaerentes
2170 4470 2373 4525 incida-

792 4576 862 4630 tis
886 4572 942 4627 in
969 4572 1147 4640 lupum
1168 4608 1186 4635 ,
1218 4568 1287 4621 ob
1314 4566 1367 4621 id
1402 4565 1584 4621 indico
1623 4563 1775 4619 vobis
1801 4574 2005 4620 eertum
2037 4562 2289 4618 indicium
2320 4569 2375 4615 et

789 4670 1159 4736 argumentum
1200 4656 1432 4730 pastoris
1485 4654 1761 4725 prmsentis
1802 4654 2001 4724 :cujus
2044 4655 2248 4724 primus
2274 4651 2374 4705 ad-

789 4763 982 4811 ventus
1019 4751 1145 4806 licet
1177 4746 1421 4803 occultus
1447 4744 1635 4809 fuerit;
1669 4758 1736 4797 ne
1760 4750 1937 4796 tamen
1961 4743 2276 4797 existimetis
2304 4748 2376 4794 ta-

793 4848 898 4903 lem
939 4844 1098 4899 etiam
1127 4839 1242 4895 fore
1270 4836 1583 4893 secundum.
1614 4833 1749 4889 Nam
1785 4833 1874 4887 ille
1907 4834 2097 4887 merito
2139 4833 2376 4887 occultus

793 4936 892 4992 fuit
914 4954 927 4989 :
959 4932 1106 4988 venit
1129 4932 1273 4986 enim
1295 4942 1536 4998 quaerere
1555 4925 1696 4997 quod
1714 4924 1981 4996 perierat;
2012 4923 2114 4977 iste
2130 4937 2258 4977 vero
2270 4938 2375 4977 non

795 5032 865 5084 ita
895 5026 1029 5093 erit,
1054 5033 1111 5079 at
1134 5019 1439 5093 quomodo?
1468 5020 1555 5075 dic
1578 5028 1633 5075 et
1661 5018 1811 5074 doce.
1844 5017 2013 5083 Sicut,
2046 5015 2247 5084 inquit,
2277 5015 2379 5068 exit

796 5122 971 5191 fulgur
994 5116 1057 5171 ab
1085 5115 1291 5170 Oriente
1324 5123 1370 5166 et
1399 5122 1606 5182 apparet
1644 5128 1798 5180 usque
1824 5112 1877 5164 in
1908 5110 2228 5164 Occidentem
2246 5123 2266 5160 :
2309 5108 2381 5160 ita

794 5215 884 5268 erit
926 5220 976 5266 et
1015 5209 1259 5263 adventus
1284 5203 1408 5258 Filii
1428 5204 1642 5256 hominis
1675 5202 1832 5274 (Ibid.
1875 5220 1922 5257 ι’.
1953 5202 2068 5273 27).
2112 5202 2381 5271 Derepen-

796 5317 848 5360 te
874 5302 1121 5358 omnibus
1150 5297 1429 5371 apparebit
1453 5314 1466 5351 :
1496 5311 1602 5350 non
1622 5309 1841 5349 necesse
1864 5295 1987 5362 erit,
2016 5304 2072 5348 ut
2097 5296 2377 5365 quisquam

800 5399 1109 5463 interroget.
1145 5386 1604 5459 Quemadmodum
1651 5384 1794 5440 enim
1840 5383 1980 5439 facto
2025 5384 2228 5455 fulgure
2269 5401 2377 5440 non

798 5499 932 5556 opus
954 5483 1210 5537 habemus
1240 5480 1528 5550 inquirere,
1561 5491 1683 5531 num
1706 5475 1881 5546 fulgur
1909 5476 2205 5530 exstiterit:
2234 5476 2303 5529 ita
2326 5477 2377 5529 iu

799 5574 1033 5631 secundo
1061 5572 1154 5626 illo
1171 5570 1399 5624 adventu
1428 5583 1644 5623 necesse
1673 5583 1778 5621 non
1815 5566 1917 5620 erit
1945 5580 2183 5635 qumrere
2206 5606 2220 5628 ,
2252 5582 2376 5619 num

799 5668 1044 5724 Christus
1071 5663 1300 5719 venerit.
1329 5664 1396 5715 At
1425 5677 1550 5716 vero
1594 5659 1820 5715 necdum
1854 5658 1905 5712 id
1932 5658 2071 5728 quod
2099 5658 2379 5727 quaereba-

801 5769 889 5816 tur
909 5799 927 5825 ,
955 5758 1220 5824 diximus,
1243 5771 1369 5810 num
1399 5753 1642 5809 videlicet
1675 5767 1796 5808 cum
1827 5766 1985 5806 cruce
2003 5755 2074 5804 sit
2102 5760 2372 5806 venturus.

806 5851 942 5910 Audi
994 5852 1151 5921 igitur
1179 5891 1194 5914 ,
1249 5845 1516 5919 quomodo
1562 5854 1617 5902 et
1665 5845 1765 5900 hoc
1805 5843 2082 5898 manifeste
2126 5843 2372 5913 explicet.

1508 462 1565 518 S.
1605 457 1882 516 JOANNIS
1916 446 2391 512 CHRYSOSTOMI
2431 448 2749 505 ARClllEP.
2790 450 3331 509 CONSTANTINOP.

3946 460 4048 521 ιη

2480 562 2641 627 Tunc,
2673 563 2863 633 inquit,
2898 567 3000 623 hoc
3019 576 3103 624 est
3120 610 3138 635 ,
3162 583 3285 626 cum
3311 583 3536 635 venero,
3560 570 3639 623 sol
3663 570 4014 633 obscurabitur
4035 618 4055 641 ,

2477 665 2523 710 et
2537 656 2657 710 luna
2682 670 2783 708 non
2805 654 2945 709 dabit
2971 658 3141 715 lumen
3165 677 3315 715 suum
3361 660 3382 731 (
3405 659 3592 714 Matth.
3617 658 3710 716 24.
3737 660 3855 731 9.9).
3884 665 4055 722 Tanta

2475 746 2617 801 enim
2644 754 2768 799 tunc
2790 745 2892 799 erit
2918 746 3054 801 lucis
3065 752 3220 820 copia
3241 794 3258 818 ,
3286 760 3346 806 ut
3372 752 3532 808 etiam
3559 751 3886 808 lucidissima
3914 758 4060 813 side-

2474 850 2532 889 ra
2557 836 2664 890 sint
2681 834 3054 890 abscondenda
3078 856 3093 892 :
3126 839 3269 895 Nam
3296 852 3343 896 et
3365 844 3525 898 stella
3551 884 3568 911 ,
3592 843 3800 914 inquit,
3830 848 4014 902 cadent
4042 891 4060 916 ,

2472 936 2523 980 et
2548 926 2621 980 sic
2660 927 2859 999 signum
2910 925 3035 981 Filii
3073 928 3293 986 hominis
3339 935 3602 1004 apparebit
3635 936 3689 989 in
3725 937 3869 991 caelo.
3901 938 4063 996 Vides

2473 1027 2668 1085 quanta
2692 1020 2761 1073 sit
2784 1018 3094 1075 excellentia
3130 1019 3292 1091 hujus
3329 1025 3500 1094 signi,
3546 1036 3739 1095 quanta
3788 1027 4009 1083 claritas
4035 1069 4054 1096 ,

2472 1117 2702 1174 quantus
2729 1108 2942 1180 fulgor?
2968 1110 3058 1164 Sol
3086 1109 3469 1169 obtenebratur
3488 1157 3505 1184 ,
3531 1127 3586 1173 et
3605 1117 3728 1173 luna
3755 1133 3862 1174 non
3878 1120 4063 1190 splen—

2472 1194 2587 1259 det,
2613 1205 2755 1249 astra
2781 1197 2977 1253 cadunt
2999 1216 3014 1254 :
3038 1197 3167 1253 illud
3198 1213 3325 1254 vero
3342 1202 3516 1258 solum
3541 1216 3783 1277 apparet,
3807 1218 3863 1263 ut
3892 1208 4059 1264 intel-

2472 1284 2603 1356 ligas
2627 1285 2756 1341 illud
2781 1296 2836 1342 et
2857 1289 2978 1344 luna
3006 1288 3357 1357 splendidius,
3396 1301 3451 1346 et
3466 1295 3582 1349 sole
3605 1298 3888 1370 fulgentius
3915 1316 4060 1357 esse.

2472 1379 2931 1446 Quemadmodum
2971 1382 3114 1438 enim
3179 1397 3305 1453 rege
3378 1382 3713 1454 ingrediente
3739 1431 3755 1458 ,
3796 1395 4063 1450 exercitus

2476 1481 2772 1541 praeeuntes
2800 1472 2951 1543 signa
2991 1472 3229 1529 humeris
3248 1473 3426 1529 ferunt
3445 1514 3461 1540 ,
3487 1478 3735 1549 regisque
3759 1484 4061 1554 ingressum

2474 1561 2822 1616 annuntiant:
2856 1562 2935 1618 sic
2970 1569 3025 1617 et
3068 1562 3299 1617 Domino
3323 1564 3500 1618 omnis
3527 1577 3788 1625 creatura:
3814 1574 3883 1628 de
3914 1576 4063 1631 caelis

2474 1655 2835 1713 descendente
2867 1700 2883 1724 ,
2907 1660 3171 1715 exercitus
3194 1660 3507 1730 angelorum
3535 1671 3590 1716 et
3618 1664 4063 1735 archangelorum

2474 1744 2683 1815 signum
2710 1747 2839 1802 illud
2866 1747 3083 1816 ferunt,
3136 1759 3191 1805 et
3216 1749 3420 1819 regium
3446 1750 3744 1822 ingressum
3767 1755 3924 1810 nobis
3957 1772 4059 1811 an-

2474 1836 2736 1891 nuntiant.
2762 1837 2927 1904 Tunc,
2960 1841 3151 1911 inquit,
3180 1850 3225 1897 et
3262 1840 3477 1897 Virtutes
3506 1845 3746 1898 cwlorum
3778 1861 4064 1903 commoue-

2474 1923 2660 1978 buntur
2691 1924 2876 1999 (lbid.)
2902 1970 2919 1995 ,
2952 1931 3170 2000 angelos
3195 1941 3251 1987 et
3277 1932 3623 2003 archangelos
3651 1944 3707 1988 et
3729 1948 3921 1990 omnes
3938 1937 4060 1991 illas

2477 2015 2885 2085 inaspectabiles
2928 2018 3227 2077 Potestates
3276 2022 3624 2094 intelligens:
3664 2031 3865 2079 tremor
3913 2027 4060 2081 enim

2478 2105 2600 2160 illos
2620 2108 2991 2176 apprehendet
3029 2111 3334 2181 multusque
3362 2112 3524 2169 timor
3551 2122 3607 2169 et
3631 2113 3840 2168 horror.
3872 2114 3942 2169 At
3965 2129 4061 2171 cuo

2469 2195 2558 2264 jus
2586 2199 2777 2265 gratia,
2808 2198 2914 2265 dic,
2945 2216 3147 2270 quaeso,
3184 2202 3422 2258 Virtutes
3437 2204 3599 2259 etiam
3620 2206 3725 2259 illae
3750 2206 4058 2274 percellen-

2474 2287 2597 2338 tur?
2616 2286 2827 2341 Merito.
2853 2289 3114 2344 Terribile
3138 2292 3244 2346 erit
3286 2294 3415 2347 illud
3442 2294 3693 2360 tribunal,
3712 2295 3779 2349 de
3806 2296 4057 2351 universa

2472 2374 2744 2432 hominum
2772 2386 2956 2433 natura
2986 2388 3109 2435 tunc
3125 2380 3537 2450 judicabitur,et
3557 2386 3815 2439 rationem
3835 2388 3922 2440 illa
3936 2388 4055 2442 red-

2472 2465 2582 2533 det,
2614 2475 2669 2522 et
2707 2470 2927 2525 terribili
2973 2472 3222 2526 tribunali
3252 2472 3494 2529 adsistet.
3523 2472 3632 2530 Cur
3668 2486 3845 2532 autem
3873 2480 4054 2548 angeli

2475 2568 2601 2614 tunc
2627 2568 2883 2625 tremunt,
2907 2572 2962 2616 et
2988 2563 3318 2633 incorporea:
3342 2566 3447 2620 illa:
3471 2565 3709 2622 Virtutes
3739 2567 4055 2623 formidant?

2477 2665 2654 2721 neque
2681 2654 2824 2707 enim
2855 2653 2925 2708 de
2950 2654 3056 2710 illis
3079 2654 3420 2725 judicabitur.
3439 2657 3896 2726 Quemadmodum
3911 2662 4061 2731 judi-

2477 2760 2540 2799 ce
2568 2754 2825 2801 nocentes
2844 2747 3235 2804 condemnante
3256 2791 3272 2814 ,
3311 2758 3367 2804 et
3400 2751 3454 2805 in
3474 2751 3611 2807 solio
3636 2754 3851 2808 excelso
3874 2756 4063 2811 consi-

2475 2836 2657 2903 dente,
2683 2852 2789 2891 non
2819 2839 2993 2893 solum
3020 2850 3231 2905 sontes,
3255 2840 3349 2896 sed
3368 2851 3424 2897 et
3446 2842 3535 2912 qui
3561 2859 3629 2898 ex
3656 2845 3844 2900 eodem
3871 2846 4062 2901 ordine

2473 2929 2824 2983 circumstant
2846 2970 2860 2993 ,
2883 2943 2984 2984 nec
3004 2932 3317 3001 cujusquam
3344 2933 3471 2987 mali
3516 2933 3619 2989 sibi
3671 2936 3868 2991 conscii
3892 2946 4057 3003 sunt,

2474 3019 2820 3074 nihilominus
2847 3020 3037 3075 timent
3062 3030 3119 3075 et
3162 3020 3485 3077 horrescunt
3521 3023 3803 3079 formidine
3820 3024 4049 3093 judicis:

2476 3109 2546 3163 ita
2574 3118 2628 3163 et
2640 3118 2783 3173 tunc,
2814 3124 2938 3164 cum
2968 3109 3038 3165 de
3066 3119 3258 3164 natura
3276 3109 3622 3180 judicabitur,
3645 3123 3700 3167 et
3726 3114 3958 3171 rationes
3986 3116 4057 3170 ob

2475 3202 2758 3257 ccmmissa
2785 3202 2990 3272 piacula
3018 3212 3371 3273 reposcentur
3396 3243 3415 3269 ,
3466 3204 3625 3258 etiam
3650 3205 3723 3259 illi
3756 3246 3772 3271 ,
3801 3206 3890 3277 qui
3926 3205 4063 3261 nihil

2477 3294 2577 3348 sibi
2607 3294 2884 3348 consciunt
2906 3294 3078 3365 angeli
3103 3337 3118 3360 ,
3149 3302 3207 3350 et
3235 3296 3455 3367 reliqua:
3487 3297 3720 3353 Virtutes
3744 3308 4065 3355 metuuutet

2478 3392 2711 3437 tremunt
2745 3393 2961 3453 propter
2997 3385 3170 3439 minas
3206 3385 3429 3440 Iudicis.
3471 3387 3535 3441 Et
3579 3386 3679 3441 hoc
3703 3389 3919 3458 quidem
3945 3390 4059 3457 jam

2480 3474 2870 3527 intelleximus:
2916 3474 3066 3543 cujus
3088 3490 3214 3529 vero
3240 3475 3409 3545 gratia
3437 3475 3515 3545 (a)
3532 3517 3547 3543 ,
3575 3484 3629 3531 et
3648 3492 3813 3547 quare
3838 3492 4058 3533 crucem

2478 3563 2681 3619 hahens
2711 3574 2967 3619 venturus
2992 3566 3111 3620 est?
3151 3566 3307 3620 Disce
3331 3573 3388 3621 et
3420 3564 3581 3636 hujus
3613 3567 3689 3622 rei
3720 3581 3959 3621 causam.
3990 3565 4061 3621 Ut

2476 3656 2619 3712 enim
2641 3672 2707 3711 ex
2738 3657 2866 3726 ipsis
2896 3657 3150 3726 operibus
3180 3658 3255 3712 illi
3280 3698 3295 3721 ,
3340 3657 3432 3727 qui
3474 3673 3599 3714 eum
3628 3659 4011 3714 crucifixerunt
4040 3700 4060 3724 ,

2482 3748 2756 3817 propriam
2776 3747 3137 3819 insipientiam
3163 3758 3518 3818 cognoscant,
3545 3749 3714 3819 ipsam
3742 3749 3848 3804 illis
3872 3759 4061 3805 osten-

2475 3839 2552 3893 dit
2571 3854 2805 3906 crucem,
2838 3855 2940 3910 qua
2970 3854 3155 3894 eorum
3186 3840 3537 3910 redarguatur
3561 3840 3787 3895 insania.
3816 3839 3884 3895 Et
3903 3849 3959 3894 ut
3981 3842 4063 3894 in-

2477 3932 2686 4000 telligas
2718 3973 2732 3994 ,
2768 3948 2889 3985 eum
2918 3942 3203 4002 propterea
3227 3946 3443 3987 crucem
3490 3931 3634 3987 ferre
3656 3972 3673 3998 ,
3705 3941 3763 3988 ut
3788 3932 3907 3986 illos
3932 3948 4063 3987 con-

2479 4022 2667 4076 fundat
2714 4030 2769 4075 et
2808 4022 3085 4091 increpet;
3131 4022 3256 4076 audi
3310 4022 3692 4093 evangelistam
3747 4023 4056 4078 dicentem.

2480 4110 2623 4164 Tunc
2651 4111 2912 4179 apparebit
2949 4112 3146 4181 signum
3180 4110 3304 4164 Filii
3333 4112 3581 4176 hominis,
3612 4121 3660 4166 et
3688 4113 3922 4183 plangent
3952 4131 4065 4167 omo

2481 4216 2567 4253 nes
2602 4201 2758 4253 tribus
2798 4210 2944 4253 terra:
2985 4198 3142 4271 (Ibid.
3185 4215 3233 4254 υ.
3264 4198 3377 4270 50),
3411 4199 3651 4255 videntes
3676 4212 4064 4267 accusatorem,

2481 4300 2535 4344 et
2564 4300 2912 4359 agnoscentes
2960 4298 3234 4359 peccatum
3285 4306 3461 4344 suutn.
3512 4290 3580 4344 Et
3627 4290 3753 4361 quid
3803 4290 4061 4357 miraris,

2478 4380 2616 4449 quod
2663 4394 2876 4433 crucem
2909 4378 3087 4434 ferens
3118 4379 3334 4433 veniat?
3375 4380 3487 4451 ipsa
3517 4379 3737 4435 vulnera
3761 4395 3945 4435 secum
3979 4379 4067 4435 fe-

2478 4489 2602 4528 rens
2622 4474 2818 4527 veniet.
2858 4472 2925 4527 Et
2952 4471 3219 4527 undenam
3250 4471 3417 4542 liquet
3442 4488 3565 4527 eum
3606 4489 3701 4529 sua
3722 4473 3944 4528 vulnera
3974 4488 4066 4528 sc-

2478 4579 2598 4620 cum
2639 4562 2898 4618 ferentem
2944 4570 3225 4617 venturum
3277 4577 3396 4617 esse
3432 4562 3591 4616 iAudi
3636 4564 3948 4633 prophetam
3984 4561 4067 4615 dic

2478 4664 2723 4709 ceulcm:
2759 4653 3004 4707 Videbunt
3032 4653 3083 4706 in
3113 4669 3259 4722 quem
3278 4654 3596 4723 conﬁxerunt
3617 4652 3799 4723 (Zach.
3828 4652 3917 4706 12.
3951 4650 4063 4722 10).

2478 4747 2627 4803 Sicut
2653 4746 2795 4801 enim
2823 4759 2945 4799 cum
2969 4744 3173 4798 Thoma
3208 4745 3360 4815 egit,
3400 4745 3586 4799 volens
3633 4744 4058 4799 incredulitatem

2479 4837 2727 4907 discipuli
2752 4834 3061 4899 emendare,
3095 4834 3438 4903 ostenditque
3464 4835 3512 4889 ei
3538 4836 3760 4889 fixuram
3791 4835 4065 4891 clavorum

2481 4939 2535 4983 et
2554 4930 2699 4997 ipsas
2735 4926 3017 4983 cicatrices
3038 4966 3052 4990 ,
3099 4931 3153 4979 et
3178 4924 3251 4977 ait
3283 4940 3298 4976 ε
3330 4925 3474 4978 Mitte
3494 4926 3705 4995 digitum
3733 4937 3874 4979 tuum
3914 4930 4014 4980 huc
4040 4966 4062 4993 ,

2484 5028 2529 5070 et
2548 5019 2680 5085 infer
2709 5033 2914 5069 manum
2941 5024 3080 5068 tuam
3107 5013 3286 5083 (Joan.
3312 5012 3402 5067 20.
3427 5014 3518 5081 27)
3537 5024 3603 5087 ,σε
3639 5017 3749 5067 vide
3767 5058 3781 5081 ,
3808 5018 3923 5086 quia
3952 5018 4061 5086 spi-

2484 5108 2606 5161 ritus
2632 5123 2830 5160 carnem
2860 5116 2906 5160 et
2926 5121 3040 5159 ossa
3086 5120 3187 5157 non
3213 5102 3358 5155 habet
3386 5102 3550 5170 (Luc.
3594 5104 3686 5159 24.
3717 5105 3827 5176 39)
3860 5147 3875 5171 ,
3906 5117 3962 5161 ut
3989 5107 4062 5161 illi

2486 5205 2831 5262 monstraret,
2855 5211 2913 5252 se
2929 5209 3054 5252 vere
3082 5192 3474 5248 resurrexisse:
3502 5194 3579 5249 sic
3602 5206 3655 5249 et
3676 5204 3796 5251 tunc
3823 5198 3921 5252 fert
3946 5200 4068 5251 vul-

2488 5304 2614 5344 nera
2636 5297 2690 5342 et
2717 5303 2952 5353 crucem,
2984 5296 3040 5340 ut
3065 5286 3146 5341 eis
3174 5284 3426 5339 ostendat
3444 5300 3503 5340 se
3521 5285 3669 5341 illum
3713 5302 3830 5343 esse
3856 5329 3873 5355 ,
3902 5303 4061 5358 quem

2486 5378 2879 5433 crucifixeruut.
2923 5376 3168 5446 Magnum
3202 5388 3332 5443 ergo
3383 5374 3578 5430 bonum
3624 5387 3677 5431 et
3718 5380 3983 5441 salutare,
4011 5383 4065 5430 et

2486 5468 2704 5525 evidens
2731 5478 3105 5537 argumentum
3135 5465 3329 5519 divina:
3358 5464 3763 5522 benevolentiae.

2556 5562 2609 5616 5.
2636 5562 2771 5628 Quin
2799 5561 2907 5614 imo
2932 5574 3038 5613 non
3070 5556 3241 5611 solum
3265 5571 3426 5622 crux,
3469 5558 3562 5612 sed
3599 5569 3652 5613 ct
3682 5560 3791 5628 ipsa
3823 5558 3873 5609 iu
3906 5568 4064 5608 crure

2486 5654 2687 5723 prolata
2708 5653 2867 5708 verba
2899 5647 3308 5706 inenarrabilem
3338 5649 3450 5718 ejus
3478 5649 3855 5704 humanitatem
3886 5646 4065 5699 decla-

2550 5785 2621 5847 (a)
2647 5792 2787 5847 nunc
2802 5781 2969 5847 locum
3009 5782 3138 5847 inter
3176 5776 3268 5825 alia
3306 5777 3459 5829 refert
3478 5786 3524 5828 s.
3550 5786 3645 5847 Leo
3667 5787 3786 5838 Papa
3807 5776 3865 5847 ad
3882 5775 4065 5847 calcem

2485 5841 2703 5909 Epistola‘.
2726 5843 2834 5902 A55,
2856 5846 2942 5895 ubi
2964 5841 3119 5905 magis
3152 5852 3348 5888 sensqu
3368 5854 3509 5903 quam
3526 5844 3676 5891 verba
3699 5851 3777 5900 ex;
3796 5841 3940 5888 riunt.
