4432 6746
816 441 922 496 “5

812 552 908 623 τὴν
941 553 1148 621 ἄφατον
1172 554 1725 626 φιλανθρωπίαν.1(αὶ¹
1755 561 1918 615 ἄκουε
1950 563 2129 618 αὐτῶν
2156 564 2263 617 τῶν
2294 567 2392 636 ρη-

814 636 1020 691 ιιάτων.
1052 636 1422 718 Παρεστώτων
1461 641 1569 711 γὰρ
1603 643 1782 696 αὐτῶν
1815 645 1923 698 τῶν
1966 648 2396 718 σταυρωσάντων

819 719 904 772 καὶ
933 719 1012 790 τῷ
1041 718 1196 789 θυμῷ
1234 717 1486 785 ζεόντων,
1529 723 1742 792 Πάτερ,
1786 730 1970 796 φησὶν,
2000 729 2153 798 ἄφες
2192 729 2396 796 αὐτοῖς

812 801 927 868 τὴν
949 801 1240 871 ἁμαρτίαν
1261 804 1486 871 ταύτην
1505 822 1518 836 ·
1542 808 1614 860 οὐ
1640 809 1753 877 γὰρ
1776 811 1977 867 οἴδασι
2008 812 2064 864 τί
2089 814 2394 867 ποιοῦσιν.

813 879 965 947 Εἶδες
1005 883 1412 956 φιλανθρωπίαν
1469 890 1774 957 Δεσπότου;
1815 893 2234 964 σταυρούμενος,
2260 897 2396 966 ὑπὲρ

810 967 916 1018 τῶν
951 965 1322 1036 σταυρούντων
1373 971 1676 1041 παρεκάλει
1696 992 1710 1005 ο
1742 975 1918 1030 καίτοι
1945 979 2142 1030 ἐκεῖνοι
2166 978 2395 1047 ἐχλεύα-

812 1049 901 1112 ζον
945 1047 1038 1100 καὶ
1083 1049 1327 1120 διέσυρον
1373 1052 1536 1107 αὑτὸν
1589 1055 1856 1125 λέγοντεςο
1911 1061 1978 1111 El
2023 1059 2156 1124 Υἱὸς
2191 1057 2251 1113 εἶ
2278 1061 2384 1115 τοῦ

814 1130 983 1194 Θεοῦ,
1043 1131 1327 1200 κατάϐηθι
1380 1136 1501 1190 άπὸ
1549 1139 1656 1194 τοῦ
1684 1143 1970 1208 σταυροῦ.
2007 1142 2116 1194 Καὶ
2175 1143 2280 1211 μὴν
2310 1142 2395 1194 διὰ

812 1213 966 1266 τοῦτο
994 1214 1056 1266 ού
1081 1216 1400 1270 καταϐαίνει
1452 1220 1562 1274 ἀπὸ
1588 1221 1679 1274 τοῦ
1730 1222 1987 1287 σταυροῦ,
2049 1224 2236 1294 ἐπειδὴ
2271 1225 2396 1286 Υἰός

811 1297 928 1348 ἐστι
961 1296 1056 1349 τοῦ
1099 1298 1269 1352 Θεοῦ·
1317 1301 1407 1355 διὰ
1435 1303 1593 1356 τοῦτο
1623 1307 1728 1374 γὰρ
1773 1300 1956 1376 ἦλθεν,
1987 1307 2073 1360 ἵνα
2107 1307 2391 1377 σταυρωθῇ

814 1379 954 1450 ὑπὲρ
999 1381 1176 1451 ἡμῶν.
1218 1385 1566 1448 Καταόάτω,
1593 1389 1778 1455 φησὶν,
1803 1389 1922 1443 ἀπὸ
1955 1389 2062 1444 τοῦ
2104 1390 2392 1458 σταυροῦ,

815 1461 916 1516 ἵνα
963 1462 1211 1532 ίόωμεν,
1261 1467 1358 1519 κιιί
1403 1470 1823 1538 πιστεύσωμεν
1861 1474 1948 1538 εἰς
2001 1473 2208 1526 αὐτόν.
2255 1473 2398 1542 Ὅρα

811 1543 1197 1614 ἀναισχυντίας
1223 1548 1447 1618 ῥήματα
1482 1549 1576 1602 καὶ
1627 1553 1936 1622 προφάσεις
1973 1554 2252 1618 ἀπιστίας.
2286 1552 2394 1607 Τοῦ

813 1628 1116 1698 καταϐῆναι
1141 1630 1248 1682 ἀπὸ
1276 1631 1370 1683 τοῦ
1407 1633 1642 1705 σταυροῦ
1682 1636 1868 1706 μῖίζον
1895 1638 2148 1707 ἐποίησε,
2172 1638 2268 1690 καὶ
2295 1638 2396 1690 ούκ

813 1710 1157 1774 ἐπίστευσαν,
1186 1714 1280 1766 καὶ
1310 1713 1406 1768 νῦν
1436 1715 1678 1785 λέγουσι·
1711 1719 1940 1772 Κατάϐα
1971 1720 2080 1772 ἀπὸ
2109 1719 2202 1771 τοῦ
2230 1737 2394 1772 σταυ-

813 1792 932 1862 ροῦ,
970 1795 1062 1846 καὶ
1115 1797 1485 1869 πιστεύσομέν
1533 1817 1636 1853 σοι.
1674 1801 1778 1852 Τοῦ
1812 1802 1917 1870 γάρ
1953 1799 2258 1870 καταϐῆναι
2286 1800 2394 1854 ἀπὸ

809 1875 906 1928 τοῦ
949 1879 1187 1950 σταυροῦ
1236 1881 1371 1935 πολὺ
1427 1883 1608 1952 μεῖζον
1647 1879 1713 1953 ἦν
1747 1883 1808 1936 τὸ
1854 1884 2044 1954 νεκρὸν
2073 1883 2392 1954 ἀναστῆναι,

811 1959 908 2013 τοῦ
940 1961 1090 2015 λίθου
1123 1965 1473 2035 ἐπικειμένου
1503 1966 1581 2036 τῷ
1605 1968 1759 2036 τάφῳ
1780 1983 1794 1996 ·
1829 1965 1924 2018 τοῦ
1954 1966 2258 2036 καταϐῆναι
2289 1967 2398 2019 ἀπὸ

809 2044 904 2097 τοῦ
943 2047 1179 2116 σταυροῦ
1220 2047 1354 2099 πολὺ
1396 2049 1581 2118 μεῖζον
1621 2045 1690 2120 ἦν
1731 2053 2107 2121 τετραημερον
2141 2051 2270 2102 ὅντα
2302 2051 2392 2102 τὸν

808 2128 1056 2198 Λάζαρον
1075 2130 1309 2202 κειρίαις
1332 2131 1510 2204 ἐνειλη
1520 2131 1795 2204 μ[μ]ένον,
1814 2136 1952 2204 μετά
1966 2134 2177 2188 τούτων
2197 2135 2396 2200 ἐξαγα-

811 2214 930 2276 γεῖν
957 2212 1022 2263 ἐκ
1055 2212 1150 2266 τοῦ
1201 2215 1491 2284 μνημείου.
1542 2213 1698 2280 Εἶδες
1745 2216 1933 2280 ἀνοίας
1974 2218 2228 2286 ῥήματα;
2260 2213 2398 2278 εἶδες

815 2293 1017 2362 μανίας
1048 2296 1392 2367 ὐπερϐολήν;
1423 2297 1556 2351 ἀλλά
1590 2299 1886 2370 προσέχετε
1919 2297 2058 2368 μετὰ
2088 2297 2392 2368 ἀκριϐείας,

811 2376 1136 2446 παρακαλῶ,
1176 2379 1262 2432 ἵνα
1301 2381 1478 2447 εἰδῆτε
1511 2381 1645 2432 Θεοῦ
1679 2379 2088 2449 φιλανθρωπίαν
2117 2378 2392 2450 ὑπερϐάλ-

812 2455 1033 2520 λουσαν,
1061 2461 1158 2511 καὶ
1190 2460 1306 2524 πῶς
1348 2461 1484 2532 αὐτῇ
1510 2465 1573 2532 τῇ
1626 2462 1783 2534 ἀνοίᾳ
1825 2461 2006 2516 αὐτῶν
2039 2463 2262 2533 ἀφορμῇ
2299 2461 2394 2514 κέ-

809 2558 1009 2612 χρηται
1046 2544 1128 2606 εἰς
1163 2544 1496 2615 συγγνώμην
1547 2548 1576 2598 ὁ
1614 2545 1868 2618 Χριστός.
1911 2545 2142 2616 Πάτερ,
2190 2545 2353 2614 φησὶν
2380 2585 2395 2610 ,

811 2624 962 2691 ἄφες
989 2625 1193 2691 αὐτοῖς
1213 2626 1327 2693 τὴν
1359 2628 1651 2698 ἁμαρτίαν
1669 2645 1683 2658 ·
1716 2631 1788 2682 οὺ
1814 2629 1925 2698 γὰρ
1956 2627 2157 2682 οἴδασι
2191 2628 2248 2678 τί
2274 2643 2400 2680 ποι-

811 2705 972 2761 οῦσι.
990 2707 1289 2778 Μονονουχὶ
1307 2709 1416 2779 γὰρ
1441 2709 1598 2763 τοῦτο
1619 2709 1785 2781 δηλοῖ,
1813 2710 1877 2764 δι’
1903 2704 1978 2764 ὧν
2000 2727 2184 2780 φησιν·
2215 2710 2398 2779 Ἀνόη-

811 2787 894 2839 τοι
928 2789 1064 2846 εἰσι.
1109 2791 1206 2841 καὶ
1256 2790 1541 2857 ἀγνοοῦσιν
1573 2791 1602 2843 ὂ
1636 2793 1955 2863 πράττουσι.
1990 2794 2249 2844 Κάκεῖνοι
2299 2789 2398 2859 μὲν

812 2868 1016 2937 ἔλεγον·
1054 2872 1122 2922 Et
1153 2872 1200 2924 Υ
1195 2869 1284 2936 ίύς
1299 2871 1356 2924 εἷ
1379 2871 1485 2926 τοῦ
1509 2873 1676 2938 Θεοῦ,
1696 2871 1906 2925 σῶσον
1925 2874 2188 2925 σεαυτόν
2204 2888 2218 2901 ·
2237 2871 2398 2934 αὐτὸς

812 2951 868 3006 δὲ
902 2950 1234 3016 ἐσπούδαζεν
1260 2954 1408 3018 ὅπως
1437 2956 1679 3018 ἐκείνους
1702 2955 1852 3027 σώσῃ
1874 2955 1999 3017 τοὺς
2037 2951 2396 3018 ὀνειδίζοντας

811 3035 962 3106 αὑτῷ
993 3036 1089 3088 καὶ
1133 3037 1534 3107 κωμῳδοῦντας
1579 3041 1675 3094 καὶ
1703 3039 2166 3110 λοιδορουμένους.
2212 3040 2396 3107 "Assa;

813 3119 1041 3184 αὐτοῖς,
1062 3119 1217 3188 φησὶ,
1246 3119 1361 3185 τὴν
1379 3121 1673 3190 ἁμαρτίαν
1691 3123 1943 3188 ταύτηνο
1967 3123 2039 3174 οὐ
2067 3122 2175 3190 γὰρ
2200 3121 2398 3175 οἴδασι

813 3203 874 3256 τί
909 3203 1172 3256 ποιοῦσι.
1209 3203 1276 3255 Τί
1315 3199 1444 3268 οὗν;
1479 3206 1691 3276 ἀφῆκεν
1721 3205 1908 3268 αὐτοῖς
1949 3207 2051 3274 τὴν
2087 3205 2394 3274 ἀμαρτίαν;

828 3285 1034 3355 Ἀφῆκε
1058 3289 1170 3349 τοῖς
1192 3285 1538 3356 βουλομένοις
1563 3287 1663 3357 τὴν
1693 3288 1981 3358 μετάνοιαν
2005 3288 2394 3352 ἐπιδείξασθαι.

816 3367 928 3420 Καὶ
947 3369 996 3420 εὶ
1031 3367 1106 3440 μὴ
1130 3369 1342 3438 ἀφῆκεν
1367 3371 1552 3432 αὐτοῖς
1577 3369 1676 3438 τὴν
1701 3371 2132 3441 ἀμαρτίαν,ούκ
2156 3372 2223 3424 ἀν
2251 3371 2393 3424 Παῦ-

811 3455 905 3514 λος
953 3450 1252 3513 ἀπόστολος
1297 3451 1548 3518 ἐγένετο*
1597 3452 1646 3504 εἰ
1688 3451 1763 3522 μὴ
1806 3453 2019 3522 ἀφῆκεν
2074 3451 2258 3513 αὐτοῖς
2302 3452 2400 3522 τὴν

821 3533 1117 3604 ἁμαρτίαν,
1149 3533 1250 3585 ούκ
1275 3532 1340 3585 ἂν
1375 3532 1577 3596 εὐθέως
1609 3533 1897 3604 τρισχίλιοι
1929 3535 2022 3586 καὶ
2053 3535 2403 3604 πεντακισχίο

817 3615 941 3680 λιοι,
973 3616 1074 3669 ούκ
1110 3615 1177 3669 ἀν
1205 3617 1263 3668 αἰ
1310 3615 1502 3668 πολλαὶ
1534 3616 1794 3686 μυριάδες
1831 3615 1940 3669 τῶν
1976 3617 2248 3671 Ἰουδαίων
2279 3619 2399 3671 ἐπί-

819 3715 1054 3751 στευσαν
1109 3698 1356 3769 ὕστερον.
1406 3699 1668 3751 Ἀκουσον
1701 3699 1810 3770 γάρ
1853 3699 1904 3752 τί
1950 3717 2084 3769 φησι
2121 3701 2256 3772 πρὸς
2307 3703 2399 3754 τὸν

817 3781 1028 3840 Παῦλον
1061 3780 1316 3844 Ἰάκωϐος
1343 3783 1399 3834 ἐν
1422 3781 1686 3852 Ἰεροσολύ
1695 3800 1814 3852 μοις
1831 3797 1845 3811 ·
1869 3785 2131 3853 Θεωρεῖς,
2150 3783 2396 3852 ἀδελφέ,

815 3867 1000 3922 πόσαι
1049 3863 1334 3936 μυριάδες
1393 3864 1512 3917 είσί
1558 3863 1679 3918 τῶν
1719 3869 2208 3920 πεπιστευκότων
2249 3869 2398 3920 Ἰου-

815 3949 1022 4003 δαίων.

887 4027 1276 4101 Μιμησώμεθα
1321 4027 1543 4086 τοίνυν,
1595 4028 1932 4098 παρακαλῶ,
1963 4030 2056 4082 καὶ
2103 4028 2262 4100 ἡμεῖς
2309 4029 2399 4082 τὸν

817 4112 1127 4181 Δεσπότην,
1170 4112 1264 4162 καὶ
1302 4110 1443 4180 ὑπὲρ
1483 4109 1591 4164 τῶν
1631 4111 1839 4181 ἐχθρῶν
1886 4111 2194 4182 εὐχώμεθα.
2223 4111 2400 4180 "Amp

819 4195 944 4265 χθὲς
976 4193 1282 4266 παρῄνεσα,
1311 4192 1484 4244 ταῦτα
1506 4195 1597 4246 καὶ⁵
1620 4193 1715 4246 νῦν
1742 4194 1902 4248 πάλιν
1930 4196 2179 4266 παραινῶ
2198 4211 2211 4224 °
2245 4195 2399 4258 εἰδὼς

819 4278 912 4334 τοῦ
947 4277 1373 4346 κατορθώματος
1400 4275 1460 4328 τὸ
1499 4275 1748 4346 μέγεθος,
1779 4278 2016 4349 μίμησαι
2050 4296 2142 4332 σου
2180 4277 2272 4332 τὸν
2299 4281 2396 4330 Δε-

822 4361 1026 4429 σπότην
1051 4375 1064 4389 ·
1101 4361 1308 4420 ἐκεῖνος
1334 4359 1678 4429 ἐσταυροῦτο,
1704 4363 1798 4413 καὶ
1817 4361 1958 4430 ὑπὲρ
1976 4361 2080 4414 τῶν
2107 4361 2399 4432 σταυρούν-

819 4460 929 4495 των
963 4441 1282 4512 παρεκάλει.
1313 4441 1420 4494 Καὶ
1448 4443 1564 4506 πῶς
1596 4442 1851 4512 δύναμαι,
1883 4445 2034 4514 φησὶ,
2069 4444 2161 4496 τὸν
2195 4445 2396 4496 Δεσπό-

819 4543 921 4596 την
948 4525 1322 4596 μιμήσασθαις
1367 4525 1465 4576 ‘Av
1497 4524 1706 4594 ἐθέλῃς,
1738 4525 1991 4578 δύνασαι·
2023 4530 2071 4580 εἰ
2111 4529 2186 4597 μὴ
2213 4523 2280 4597 ἦν
2309 4527 2398 4578 δυ-

821 4610 998 4673 νατὸν,
1044 4611 1144 4662 οὐκ
1187 4609 1252 4661 ἂν
1291 4608 1463 4674 έλεγε·
1511 4607 1740 4661 Μάθετε
1776 4609 1874 4662 ἀπ’
1906 4610 2050 4678 ἐμοῦ
2085 4611 2177 4662 ὅτι
2209 4610 2399 4677 πρᾶός

821 4695 934 4763 εἰμι
987 4693 1089 4747 καί
1121 4691 1403 4756 ταπεινὸς
1451 4689 1524 4757 τῇ
1569 4691 1816 4758 καρδίᾳ*
1869 4695 1915 4744 εἰ
1947 4693 2021 4765 μὴ
2052 4694 2276 4746 δυνατὸν
2330 4690 2399 4764 ἦν

823 4776 1090 4849 ἀνθρώπῳ
1117 4775 1480 4847 μιμήσασθαι,
1516 4775 1616 4826 οὐκ
1649 4773 1716 4826 ἂν
1745 4776 1772 4826 6
1799 4774 2006 4837 Παῦλος
2030 4773 2174 4828 εἷπε’
2212 4778 2398 4846 Ilum-

823 4861 918 4914 ταί
937 4878 1055 4929 μου
1072 4862 1331 4930 γίνεσθε,
1353 4857 1548 4923 καθὼς
1567 4857 1726 4927 κάγὼ
1740 4857 2016 4925 Χριστοῦ.
2039 4857 2182 4928 Πλὴν
2205 4859 2316 4912 ἀλλ’
2335 4861 2395 4914 ού

826 4943 1004 5014 βούλει
1042 4940 1386 5012 μιμήσασθαι
1431 4943 1522 4996 τὸν
1557 4943 1871 5010 Δεσπότην;
1906 4940 2146 5011 μίμησαί
2186 4957 2278 4993 σου
2310 4942 2398 4994 τὸν

822 5025 980 5100 1420]
1019 5025 1336 5086 σύνδουλον,
1377 5024 1468 5078 τὸν
1514 5026 1785 5093 Στέφανον
1814 5024 1992 5092 λέγω,
2045 5023 2136 5076 τὸν
2187 5023 2399 5092 πρῶτον

821 5112 1113 5177 ἀνοίξαντα
1160 5109 1261 5172 τὰς
1312 5108 1406 5160 τοῦ
1449 5109 1748 5180 μαρτυρίου
1802 5109 2008 5179 θύρας’
2062 5109 2273 5170 ἐκεῖνος
2309 5107 2400 5159 τὸν

822 5193 1098 5262 Δεσπότην
1129 5192 1462 5262 ἐμιμήσατο.
1500 5191 1765 5260 Καθάπερ
1799 5192 1907 5262 γὰρ
1935 5191 1964 5245 6
1994 5191 2271 5261 Δεσπότης
2307 5207 2401 5260 με·

823 5278 958 5343 ταξὺ
991 5277 1101 5329 τῶν
1131 5273 1510 5346 σταυρούντων
1557 5274 1718 5327 αὑτὸν
1751 5275 2096 5343 κρεμάμενος
2130 5273 2270 5342 ὑπὲρ
2290 5275 2398 5326 τῶν

825 5360 1200 5432 σταυρούντων
1233 5357 1567 5427 παρεκάλει.
1597 5355 1739 5410 οὕτω
1768 5356 1863 5410 καὶ
1904 5358 1932 5408 6
1977 5355 2158 5419 δοῦλος
2193 5357 2396 5427 μεταξῦ

822 5443 936 5497 τῶν
963 5441 1290 5506 λιθαζόντων
1315 5439 1414 5505 ῶν,
1443 5439 1768 5511 βαλλόμενος
1791 5439 1894 5492 ύπὸ
1924 5439 2158 5500 πάντων,
2185 5440 2398 5503 καὶτὰς

823 5525 1049 5596 νιφάδας
1066 5523 1173 5578 τῶν
1187 5523 1348 5576 λίθων
1363 5524 1666 5594 δεχόμενος,
1683 5523 1778 5584 τὰς
1795 5521 1985 5584 ὀδύνας
2005 5521 2100 5584 τὰς
2117 5523 2180 5575 ἐκ
2193 5523 2397 5576 τούτων

823 5610 1109 5680 γινομένας
1126 5608 1284 5676 ἀφεὶς
1302 5606 1470 5674 ἔλεγε·
1496 5609 1689 5675 Κύριε,
1709 5606 1792 5675 μὴ
1812 5605 2053 5673 στήσῃς
2066 5605 2268 5672 αὐτοῖς
2285 5607 2399 5674 τὴν

823 5695 1115 5762 ἁμαρτίαν
1161 5693 1404 5758 ταύτην.
1431 5687 1578 5754 Εἶδες
1627 5691 1741 5752 πῶς
1785 5689 1910 5754 Υἱὸς
1943 5689 2267 5757 διαλέγεται,
2303 5693 2397 5744 καὶ

827 5777 941 5840 πῶς
984 5776 1166 5839 δοῦλος
1211 5775 1458 5846 εὖχεταις
1507 5776 1713 5838 ἐκεῐνλς
1767 5773 1952 5842 λέγει·
1983 5773 2207 5843 Πάτερ,
2245 5777 2396 5845 ἄφες

831 5856 1029 5925 αὐτοῖς
1074 5859 1186 5928 τὴν
1237 5860 1525 5931 ἁμαρτίαν
1561 5860 1814 5926 ταύτην·
1851 5860 1922 5911 οὐ
1959 5857 2065 5926 γὰρ
2109 5857 2306 5912 οἴδασι
2340 5861 2397 5915 τι

1495 447 1552 503 S.
1586 445 1871 505 JOANNIS
1907 449 2401 508 CIIRYSOSTOMI
2441 451 2766 512 ARCHIEP.
2811 454 3352 515 CONSTANTINOP.

3959 458 4063 511 “6

2499 567 2809 620 ποιοῦσινο
2842 564 2996 635 οὗτος
3035 573 3201 639 λέγει’
3247 569 3442 638 Κύριε,
3474 569 3560 636 μὴ
3590 567 3829 637 στήσῃς
3871 577 4068 645 αὐτοῖς

2499 650 2613 716 τὴν
2636 651 2928 719 ἁμαρτίαν
2981 656 3226 720 ταύτην.
3269 652 3380 706 Καὶ
3418 652 3505 705 ἶνα
3545 650 3721 722 μάθῃς
3764 653 3846 706 ὅτι
3873 655 4075 713 tam-

2495 733 2776 804 δασμένως
2807 733 2968 786 τοῦτο
2988 739 3153 800 ποιεῖ,
3193 737 3294 806 οὐχ
3328 735 3516 798 ἁπλῶς
3547 732 3769 805 ηὔξατο,
3799 737 3918 791 οὐδὲ
3973 741 4077 810 ἀφο

2497 816 2851 886 ωσιωμένως,
2886 817 3006 869 οὐδὲ
3048 816 3243 879 ἑστὼς,
3276 819 3411 872 ἀλλά
3451 819 3562 882 θεὶς
3588 816 3657 870 τά
3678 819 3900 885 γόνατα,
3936 821 4077 888 μετά

2499 899 2862 965 κατανύξεως,
2904 898 3042 970 μετά
3075 899 3275 972 πολλῆς
3327 904 3424 973 τῆς
3467 900 3826 974 συμπαθείας.
3879 902 4074 958 Βούλει

2500 1007 2583 1042 σοι
2637 989 2796 1056 δείξω
2846 990 2939 1042 καὶ
2983 987 3141 1043 ἀλλον
3189 989 3474 1045 σύνδουλον
3520 992 3737 1063 μείζονα
3783 989 4073 1061 εὐχόμενον

2499 1077 2663 1147 εὐχὴν
2693 1077 2832 1149 ὑπὲρ
2859 1075 2964 1130 τῶν
2987 1074 3195 1147 ἐχθρῶν
3218 1091 3232 1139 ;
3262 1077 3427 1130 ἄκουε
3457 1079 3551 1132 τοῦ
3578 1077 3843 1150 μακαρίου
3863 1077 4073 1131 Παύλου

2497 1162 2780 1226 λέγοντοςο
2821 1162 2962 1233 μετά
2998 1162 3106 1233 γὰρ
3157 1161 3219 1214 τὸ
3267 1165 3439 1216 εἰπεῖν
3492 1166 3592 1218 ὅσα
3631 1166 3932 1227 πέπονθεν,
3988 1167 4071 1219 ὅτι

2495 1249 2784 1316 Πεντάκις
2828 1250 3284 1319 τεσσαράκοντα
3329 1252 3491 1318 παρὰ
3533 1255 3682 1322 μίαν
3731 1254 3889 1324 παρὰ
3930 1255 4074 1308 Ἰουο

2496 1337 2680 1390 δαίων
2696 1337 2938 1404 ἔλαϐον,
2953 1339 3079 1406 τρίς
3100 1337 3522 1405 ἑρῤαϐδίσθην,
3541 1340 3704 1406 ἅπαξ
3719 1341 4066 1409 ἐλιθάσθην,

2499 1426 2622 1494 τρὶς
2645 1425 3026 1496 ἐναυάγησαο
3063 1429 3155 1480 καὶ
3190 1424 3679 1498 ἀπαριθμήσασθαι
3721 1431 3811 1483 τὸν
3839 1429 4074 1502 ὀρμαθδν

2499 1513 2594 1567 καὶ
2619 1513 2716 1578 τὰς
2747 1512 3058 1579 ἐπιϐουλὰς,
3085 1514 3152 1577 ἃς
3187 1515 3314 1584 παρ’
3350 1511 3528 1566 αὐτῶν
3559 1515 3680 1566 καθ’
3709 1517 3946 1588 ἐκάστην
3977 1517 4078 1570 ὑπ·

2499 1601 2704 1670 έμεινε,
2748 1601 2881 1672 φησὶ
2921 1601 3016 1654 καὶ
3056 1600 3248 1662 αύτός·
3281 1601 3574 1668 Ηὺχόμην
3622 1600 3889 1671 ἀνάθεμα
3925 1599 4077 1656 εἶναι

2499 1689 2682 1754 αὐτὸς
2713 1688 2828 1758 ἐγὼ
2857 1688 2974 1742 ἀπὸ
3008 1688 3264 1757 Χριστοῦ
3288 1688 3440 1755 ὑπὲρ
3481 1685 3600 1740 τῶν
3632 1687 3912 1756 ἀδελφῶν
3935 1707 4074 1759 μου,

2499 1773 2616 1827 τῶν
2663 1776 2977 1846 συγγενῶν
3016 1794 3136 1845 μου
3187 1775 3336 1829 κατὰ
3379 1774 3577 1842 σάρκα
3603 1815 3615 1833 .
3667 1775 3884 1840 οἵτινές
3922 1780 4080 1829 εἰσιν

2511 1862 2887 1928 Ἰσραηλῖται.
2933 1863 3118 1926 Θέλεις
3143 1863 3237 1916 καὶ
3266 1861 3483 1932 ἐτέρους
3513 1862 3657 1918 ἰδεῖν,
3692 1861 3810 1931 οὐχὶ
3841 1862 3946 1914 ἀπδ
3975 1863 4075 1931 τῆς

2499 1949 2730 2018 Καινῆς,
2763 1948 2899 2002 ἀλλά
2943 1951 3038 2005 καὶ
3086 1949 3196 2003 ἀπὸ
3225 1950 3324 2018 τῆς
3364 1949 3626 2012 Παλαιᾶς,
3653 1948 3714 2001 τὸ
3762 1947 3893 2002 αὐτὸ
3925 1947 4078 2003 τοῦτο

2503 2036 2826 2101 ποιοῦντας;
2877 2037 3050 2091 Τοῦτο
3089 2039 3200 2110 γὰρ
3237 2037 3471 2108 μάλιστά
3499 2039 3616 2090 ἐστι
3658 2037 3720 2090 τδ
3747 2035 4076 2106 θαυμαστὸν,

2501 2125 2628 2177 ὅταν
2667 2126 2716 2178 οί
2754 2125 2828 2196 μὴ
2851 2125 3232 2190 κελευσθέντες
3279 2125 3405 2188 τοὺς
3452 2125 3679 2196 ἐχθροὺς
3725 2125 3917 2193 φιλεῖν,
3966 2123 4078 2178 ἀλλ’

2501 2212 2776 2280 ὀφθαλμὸν
2821 2213 2944 2265 ἀντὶ
2993 2213 3273 2282 ὀφθαλμοῦ
3296 2252 3310 2275 ,
3345 2213 3438 2264 καὶ
3466 2212 3652 2264 ὀδόντα
3701 2213 3823 2264 ἀντὶ
3865 2211 4076 2274 ὀδόντος

2498 2297 2802 2359 ἐκϐάλλειν,
2831 2300 2925 2351 καὶ
2952 2303 3064 2362 τοῖς
3101 2301 3238 2360 τσοις
3280 2297 3603 2368 ἀμύνεσθαι,
3637 2292 3782 2351 οὗτοι
3819 2297 3954 2368 πρὸς
3982 2298 4080 2368 τὴν

2496 2383 2860 2454 ἀποστολικην
2912 2384 3160 2452 φθάσωσι
3217 2385 3482 2453 κορυφήν.
3537 2385 3804 2437 ¹Ἄκουσον
3845 2383 3977 2451 γοῦν
4028 2383 4080 2438 τί

2499 2487 2630 2539 φησι
2682 2471 2927 2541 Μωῦσῆς
2981 2474 3010 2525 6
3061 2470 3450 2534 καταλευσθεὶς
3505 2471 3764 2534 πολλάκις
3816 2471 3921 2524 ὑπὸ
3972 2470 4080 2523 τῶν

2513 2554 2816 2608 Ἰουδαίων*
2867 2557 2936 2609 Ei
2986 2556 3105 2626 μὲν
3153 2555 3315 2625 ἁφῆς
3353 2556 3558 2622 αὐτοῖς
3599 2556 3714 2623 τὴν
3761 2556 4076 2624 ἁμαρτίαν.

2501 2643 2652 2711 ἇςςες
2678 2659 2692 2674 ο
2724 2645 2778 2696 εἰ
2802 2642 2870 2696 δὲ
2887 2641 2998 2712 μὴ,
3016 2643 3169 2712 κάμὲ
3196 2643 3523 2711 ἐξάλειψον
3542 2644 3611 2696 ἐκ
3630 2641 3742 2710 τῆς
3764 2641 3986 2706 βίϐλου
4005 2637 4082 2710 ἧς

2500 2729 2793 2798 ἕπραψας.
2827 2731 2991 2800 Ὁρᾷς
3016 2730 3244 2783 ἕκαστον
3271 2731 3377 2783 τῶν
3400 2729 3622 2783 δικαίων
3647 2729 3746 2800 τὴν
3771 2730 3878 2782 τῶν
3909 2728 4082 2782 ἀλλων

2501 2817 2806 2884 ἀσφάλειαν
2829 2816 2936 2886 πρὸ
2965 2816 3066 2885 τῆς
3099 2817 3305 2878 οἰκείας
3333 2817 3604 2887 σωτηρίας
3631 2816 3947 2886 τιθέμενον;
3977 2816 4082 2868 οὐ.

2503 2903 2591 2955 δὲν
2620 2903 2868 2972 ἥμαρτες
2888 2919 2900 2930 ·
2929 2902 3078 2964 τίνος
3111 2903 3298 2955 ἕνεκεν
3340 2903 3666 2972 κοινωνῆσαι
3701 2902 3877 2972 βούλει
3905 2901 4081 2955 αὐτῶν

2497 2991 2596 3059 τῆς
2623 2987 2925 3059 τιμωρίας;
2957 2988 3071 3041 Οὐκ
3093 2988 3444 3058 αἰσθάνομαι,
3463 2990 3618 3060 φησὶ,
3644 2993 3743 3060 τῆς
3760 2989 4080 3058 εὐπραγίας,

2500 3076 2702 3146 ἐτέρων
2732 3075 3052 3144 πασχόντων
3083 3075 3292 3137 κακῶς.
3331 3076 3486 3129 Ἔστι
3511 3075 3568 3129 δέ
3601 3077 3693 3128 κα)⁸
3734 3076 3921 3146 ἕτερον
3950 3075 4078 3128 ἰδεῖν

2502 3165 2760 3234 τοιαύτην
2788 3163 3110 3232 ποιούμενον
3139 3163 3330 3234 εὐχήν.
3350 3162 3531 3216 Πολλά
3549 3164 3656 3233 γὰρ
3673 3164 3922 3234 ἐπίτηδες
3946 3181 4085 3234 παρα

2501 3253 2618 3321 ἀγω
2638 3252 2706 3305 τὰ
2734 3251 3174 3322 παραδείγματα,
3193 3253 3281 3306 ἴνα
3307 3253 3412 3306 κᾶν
3439 3251 3612 3314 οὓτως
3623 3253 3846 3312 ἑαυτοὺς
3864 3249 4084 3322 διορθώ-

2503 3359 2705 3410 σωμεν,
2741 3341 2832 3393 καὶ
2860 3341 2921 3393 τὸ
2961 3339 3191 3411 χαλεπὸν
3220 3339 3379 3393 τοῦτο
3410 3340 3624 3410 νόσημα
3652 3340 3750 3409 τῆς
3777 3337 3954 3392 αὐτῶν
3979 3338 4083 3407 ψυο

2503 3429 2606 3498 χῆς
2644 3427 2998 3497 ἐξορίσωμεν,
3030 3427 3092 3479 τὸ
3141 3426 3502 3497 κατεύχεσθαι
3547 3427 3691 3492 λέγω
3715 3425 3819 3480 τῶν
3848 3425 4076 3496 ἐχθρῶν.

2507 3517 2706 3568 Ἄκουε
2765 3515 2857 3567 καὶ
2897 3513 2993 3566 τοῦ
3031 3514 3297 3584 μακαρίου
3349 3513 3546 3577 Δαυῖδ,
3604 3513 3766 3582 ἡνίκα
3804 3511 3895 3565 τοῦ
3945 3510 4079 3564 θεοῦ

2504 3603 2934 3674 παροξυνθέντος
2962 3604 3056 3655 καὶ
3085 3603 3311 3671 ἄγγελον
3341 3603 3760 3664 ἀποστείλαντος
3796 3601 3884 3653 τὸν
3910 3618 4080 3670 τιμωο

2507 3692 2811 3762 ρησόμενον
2836 3689 2897 3740 τὸ
2922 3687 3149 3757 πλῆθος,
3178 3690 3226 3741 τί
3255 3707 3439 3759 φησιν,
3479 3688 3622 3760 ὀρῶν
3651 3688 3835 3740 λοιπὸν
3867 3688 4079 3756 γυμνὴν

2499 3778 2597 3848 τὴν
2635 3776 2911 3847 ῥομφαίαν
2933 3775 3214 3828 δεικνύντα
3235 3777 3326 3828 τὸν
3354 3775 3584 3845 άγγελον
3617 3776 3710 3828 καὶ
3731 3776 3831 3844 τὴν
3864 3773 4076 3843 πληγὴν

2501 3868 2780 3936 ἐπιφέρειν
2807 3865 3101 3936 μέλλοντα*
3151 3863 3290 3934 Ἐγὼ
3325 3868 3357 3918 ό
3386 3863 3614 3932 ποιμὴν
3649 3863 4076 3927 ἐκακοποίησα,

2501 3954 2599 4008 καὶ
2647 3950 2813 4009 οὗτοι
2857 3951 2926 4004 τὸ
2957 3953 3237 4020 ποίμνιον
3278 3951 3338 4004 τί
3375 3951 3702 4014 ἐποίησαν;
3737 3948 4012 4002 Γενέσθω
4036 3947 4075 4012 ἡ

2502 4041 2628 4110 χείρ
2654 4056 2769 4094 σου
2799 4038 2892 4092 ἐπ’
2927 4037 3054 4107 ἐμὲ,
3093 4037 3191 4090 καὶ
3232 4037 3330 4089 ἐπὶ
3362 4036 3470 4088 τὸν
3509 4031 3677 4089 οἶκον
3714 4033 3820 4088 τοῦ
3855 4035 4076 4099 πατρός

2496 4143 2634 4194 μου.
2676 4127 2841 4196 Ὀρᾷς
2871 4124 3036 4179 πάλιν
3067 4122 3307 4191 συγγενῆ
3331 4121 3400 4174 τὰ
3427 4119 3856 4192 κατορθώματα;
3888 4119 4075 4172 Βούλει

2503 4231 2585 4266 σοι
2623 4213 2780 4279 δείξω
2831 4212 2926 4265 καὶ⁵
2981 4211 3172 4281 ἕτερον
3203 4208 3363 4262 τοῦτο
3409 4207 3700 4272 ποιοῦντας
3759 4207 4008 4278 Σαμουὴλ
4047 4209 4076 4260 6

2502 4301 2788 4370 προφήτης
2819 4297 3053 4369 ὑϐρίσθη
3087 4295 3240 4366 παρά
3267 4295 3375 4348 τῶν
3415 4294 3700 4361 Ἰουδαίων,
3731 4292 4071 4363 ἐξουθενήθη,

2498 4385 2747 4456 ἠτιμὼοη
2797 4385 2992 4447 οὕτως,
3023 4383 3099 4446 ὡς
3144 4381 3234 4434 τὸν
3276 4380 3408 4436 Θεὸν
3448 4381 3666 4452 θελῆσαι
3697 4381 3860 4434 αὐτὸν
3897 4395 4076 4450 παρα-

2503 4473 2867 4544 μυθήσασθαι.
2887 4469 3212 4541 Προσέχετε,
3243 4469 3567 4536 παρακαλῶ,
3596 4469 3733 4539 μετά
3767 4466 4072 4539 ἀκριϐείας.

2500 4557 2636 4612 Είπε
2663 4559 2770 4630 γὰρ
2800 4561 2938 4630 πρὸς
2977 4556 3140 4611 αὑτὸν
3169 4557 3198 4607 6
3240 4555 3402 4618 Θεόςο
3436 4558 3519 4610 Οὐ
3560 4556 3637 4609 σὲ
3673 4553 4071 4621 ἑξουθενήκιῑ-

2501 4664 2625 4710 σιν,
2650 4648 2789 4701 ἁλλ’
2819 4647 2944 4714 ἐμέ.
2986 4644 3052 4696 Τί
3086 4637 3180 4696 οὖν
3209 4643 3412 4707 ἐκεῖνος
3442 4645 3471 4696 6
3505 4641 3894 4713 ἐξουθενηθεὶς,
3921 4637 4073 4712 [421]

2500 4736 2530 4786 ὁ
2553 4733 2895 4802 ἀτιμασθεὶς,
2926 4732 2956 4782 ὁ
2993 4729 3444 4798 καταφρονηθεὶς,
3471 4731 3500 4782 ὁ
3533 4727 3844 4800 “pta-Oak;
3875 4728 4072 4779 Ἄκουε

2502 4823 2552 4875 τί
2582 4837 2746 4892 φησιν
2766 4835 2779 4849 ·
2823 4818 2985 4887 Ἐμοὶ
3028 4816 3097 4870 δὲ
3129 4816 3215 4884 μὴ
3250 4817 3478 4884 ⁸γένοιτο
3527 4815 3814 4886 ἁμαρτεῖν
3847 4815 3927 4880 τῷ
3960 4816 4076 4867 Κυ-

2492 4912 2604 4979 ρίῳ
2651 4909 2758 4963 τοῦ
2800 4907 3101 4962 διαλιπεῖν
3157 4907 3646 4974 προσευχόμενον
3686 4903 3838 4972 ὑπὲρ
3883 4902 4071 4972 ὑμῶν.

2512 4999 2808 5068 Ἀμαρτίαν
2846 4998 3097 5066 ἐνόμισεν
3130 4989 3268 5046 εἶναι
3300 4995 3359 5047 τὸ
3403 4995 3475 5064 μὴ
3507 4993 3903 5065 προσεύχεσθαι
3933 4991 4072 5060 ὑπὲρ

2499 5086 2606 5138 τῶν
2632 5085 2858 5156 ἐχθρῶν.
2880 5084 2972 5154 Μὴ
2999 5080 3210 5151 γένοιτό
3243 5097 3350 5150 μοι,
3374 5081 3557 5150 φησὶν,
3587 5082 3849 5152 ἁμαρτεῖν
3877 5077 4070 5138 οὕτως,

2499 5171 2573 5235 ὼς
2606 5173 2680 5243 μὴ
2710 5170 3115 5242 προσεύξασθαι
3145 5168 3284 5238 ὑπὲρ
3313 5169 3485 5238 ὑμῶν.
3523 5164 3675 5231 Εἶδες
3704 5169 3933 5220 ἕκαστον
3961 5161 4072 5215 τῶν

2501 5259 2744 5320 δικαίων,
2776 5260 2947 5329 πόσην
2973 5257 3164 5311 τούτου
3198 5253 3291 5307 τοῦ
3327 5255 3746 5326 κατορθώματος
3781 5253 4074 5320 ἐποιήσατο

2501 5346 2597 5414 τὴν
2617 5346 2957 5416 ἐπιμέλειαν,
2982 5343 3061 5414 τῷ
3089 5341 3336 5413 Δεσπότῃ
3363 5341 3812 5405 κατακολουθῶνς
3842 5338 4072 5404 Ἷδωμεν

2501 5433 2678 5485 τοίνυν
2707 5433 2911 5486 ἄνωθεν
2943 5431 3011 5484 τά
3037 5427 3320 5497 εἰρημένα.
3359 5429 3416 5481 Ὀ
3446 5430 3719 5499 Δεσπότης
3743 5427 3893 5492 λέγει
3913 5437 3925 5450 ⁸
3959 5418 4072 5472 Πά-

2501 5535 2619 5586 τερ,
2652 5518 2803 5587 ἄφες
2831 5517 3037 5582 αὐτοῖς
3062 5515 3176 5582 τὴν
3204 5514 3517 5584 ἁμαρτίαν·
3551 5518 3622 5570 οὺ
3646 5517 3758 5583 γὰρ
3787 5509 3986 5564 οῐδιισι
4013 5505 4072 5560 τί

2501 5607 2800 5660 ποιοῦσιν.
2833 5607 2890 5657 '0
2917 5604 3183 5670 Στέφανος
3209 5597 3328 5656 εἷπε
3349 5621 3361 5632 ”
3381 5605 3575 5671 Κύριε,
3598 5600 3685 5670 μὴ
3702 5596 3942 5661 στήσῃς
3966 5593 4067 5648 αὑ-

2499 5691 2622 5759 τοῖς
2655 5692 2771 5759 τὴν
2805 5689 3096 5760 ἁμαρτίαν
3129 5690 3373 5757 ταύτην.
3413 5690 3471 5742 Ὀ
3518 5686 3730 5746 Παῦλος
3759 5682 3924 5749 λέγει·
3951 5681 4068 5736 Ηύ-

2499 5781 2697 5848 χόμην
2725 5777 2991 5844 ἀνάθεμα
3017 5771 3167 5829 εἶναι
3194 5776 3376 5842 αὐτὸς
3403 5774 3518 5845 ἐγὼ
3545 5771 3663 5827 ἀπὸ
3690 5767 3795 5822 τοῦ
3815 5769 4068 5836 Χριστοῦ

2499 5867 2649 5935 13:217-1-
2687 5863 2804 5919 τῶν
2827 5861 3105 5932 ἁδελρὼν
3129 5881 3270 5934 μου,
3292 5861 3408 5916 τῶν
3444 5853 3758 5927 συγγενῶν
3780 5873 3894 5926 μου
3923 5855 4070 5913 κατὰ
