  <div class='ocr_page' id='page_1' title='image "/cluster/home/n/w/nwhite01/storage/ocr_20150623/49/hvd.32044025239823/410.png"; bbox 0 0 4406 6684; ppageno 0'>
   <div class='ocr_carea' id='block_1_1' title="bbox 335 459 439 512">
    <p class='ocr_par' dir='ltr' id='par_1_1' title="bbox 335 459 439 512">
     <span class='ocr_line' id='line_1_1' title="bbox 335 459 439 512; baseline -0.019 0"><span class='ocrx_word' id='word_1_1' title='bbox 335 459 439 512; x_wconf 75' lang='lat' dir='ltr'><strong>M5</strong></span> 
     </span>
    </p>
   </div>
   <div class='ocr_carea' id='block_1_2' title="bbox 335 557 1908 644">
    <p class='ocr_par' dir='ltr' id='par_1_2' title="bbox 335 557 1908 644">
     <span class='ocr_line' id='line_1_2' title="bbox 335 557 1908 644; baseline -0.014 -16"><span class='ocrx_word' id='word_1_2' title='bbox 335 583 472 628; x_wconf 86' lang='lat' dir='ltr'><strong>rant.</strong></span> <span class='ocrx_word' id='word_1_3' title='bbox 505 573 641 629; x_wconf 87' lang='lat' dir='ltr'><strong>Audi</strong></span> <span class='ocrx_word' id='word_1_4' title='bbox 685 573 793 644; x_wconf 83' lang='lat' dir='ltr'><strong>ipsa</strong></span> <span class='ocrx_word' id='word_1_5' title='bbox 827 572 988 626; x_wconf 87' lang='lat' dir='ltr'><strong>verba</strong></span> <span class='ocrx_word' id='word_1_6' title='bbox 1015 586 1028 623; x_wconf 91' lang='lat'><strong>:</strong></span> <span class='ocrx_word' id='word_1_7' title='bbox 1061 563 1520 622; x_wconf 68' lang='lat' dir='ltr'><strong>circumstantibus</strong></span> <span class='ocrx_word' id='word_1_8' title='bbox 1545 561 1686 615; x_wconf 91' lang='lat' dir='ltr'><strong>enim</strong></span> <span class='ocrx_word' id='word_1_9' title='bbox 1725 557 1850 624; x_wconf 84' lang='lat' dir='ltr'>ipsis</span> <span class='ocrx_word' id='word_1_10' title='bbox 1879 570 1908 607; x_wconf 91' lang='lat' dir='ltr'><strong>a</strong></span> 
     </span>
    </p>
   </div>
   <div class='ocr_carea' id='block_1_3' title="bbox 333 647 1907 732">
    <p class='ocr_par' dir='ltr' id='par_1_3' title="bbox 333 647 1907 732">
     <span class='ocr_line' id='line_1_3' title="bbox 333 647 1907 732; baseline -0.012 -14"><span class='ocrx_word' id='word_1_11' title='bbox 333 664 522 732; x_wconf 83' lang='lat' dir='ltr'><strong>quibus</strong></span> <span class='ocrx_word' id='word_1_12' title='bbox 548 665 828 720; x_wconf 85' lang='lat' dir='ltr'><strong>cruciﬁxus</strong></span> <span class='ocrx_word' id='word_1_13' title='bbox 851 663 1040 726; x_wconf 85' lang='lat' dir='ltr'><strong>fuerat,</strong></span> <span class='ocrx_word' id='word_1_14' title='bbox 1069 659 1250 727; x_wconf 88' lang='lat' dir='ltr'><strong>iraque</strong></span> <span class='ocrx_word' id='word_1_15' title='bbox 1271 664 1320 709; x_wconf 91' lang='lat' dir='ltr'><strong>et</strong></span> <span class='ocrx_word' id='word_1_16' title='bbox 1344 655 1521 708; x_wconf 89' lang='lat' dir='ltr'><strong>furore</strong></span> <span class='ocrx_word' id='word_1_17' title='bbox 1542 647 1907 708; x_wconf 74' lang='lat' dir='ltr'><strong>mstuantibus,</strong></span> 
     </span>
    </p>
   </div>
   <div class='ocr_carea' id='block_1_4' title="bbox 336 737 1910 824">
    <p class='ocr_par' dir='ltr' id='par_1_4' title="bbox 336 737 1910 824">
     <span class='ocr_line' id='line_1_4' title="bbox 336 737 1910 824; baseline -0.011 -18"><span class='ocrx_word' id='word_1_18' title='bbox 336 752 510 820; x_wconf 81' lang='lat' dir='ltr'><strong>Pater,</strong></span> <span class='ocrx_word' id='word_1_19' title='bbox 544 756 743 824; x_wconf 90' lang='lat' dir='ltr'><strong>inquit,</strong></span> <span class='ocrx_word' id='word_1_20' title='bbox 781 755 982 824; x_wconf 79' lang='lat' dir='ltr'><strong>ignosce</strong></span> <span class='ocrx_word' id='word_1_21' title='bbox 1019 750 1123 803; x_wconf 87' lang='lat' dir='ltr'><strong>illis</strong></span> <span class='ocrx_word' id='word_1_22' title='bbox 1162 755 1419 816; x_wconf 86' lang='lat' dir='ltr'><strong>peccatum</strong></span> <span class='ocrx_word' id='word_1_23' title='bbox 1460 745 1600 796; x_wconf 87' lang='lat' dir='ltr'><strong>hoc:</strong></span> <span class='ocrx_word' id='word_1_24' title='bbox 1641 756 1740 792; x_wconf 85' lang='lat' dir='ltr'><strong>non</strong></span> <span class='ocrx_word' id='word_1_25' title='bbox 1779 737 1910 790; x_wconf 88' lang='lat' dir='ltr'><strong>enim</strong></span> 
     </span>
    </p>
   </div>
   <div class='ocr_carea' id='block_1_5' title="bbox 333 830 1910 915">
    <p class='ocr_par' dir='ltr' id='par_1_5' title="bbox 333 830 1910 915">
     <span class='ocr_line' id='line_1_5' title="bbox 333 830 1910 915; baseline -0.01 -18"><span class='ocrx_word' id='word_1_26' title='bbox 333 847 529 912; x_wconf 86' lang='lat' dir='ltr'><strong>sciunt,</strong></span> <span class='ocrx_word' id='word_1_27' title='bbox 559 846 678 915; x_wconf 89' lang='lat' dir='ltr'><strong>quid</strong></span> <span class='ocrx_word' id='word_1_28' title='bbox 716 854 868 915; x_wconf 88' lang='lat' dir='ltr'><strong>agant</strong></span> <span class='ocrx_word' id='word_1_29' title='bbox 903 841 1060 911; x_wconf 90' lang='lat' dir='ltr'><strong>(Luc.</strong></span> <span class='ocrx_word' id='word_1_30' title='bbox 1082 839 1171 892; x_wconf 76' lang='lat'><strong>2&#39;5.</strong></span> <span class='ocrx_word' id='word_1_31' title='bbox 1201 836 1311 910; x_wconf 65' lang='grc'><strong>3-1).</strong></span> <span class='ocrx_word' id='word_1_32' title='bbox 1343 836 1502 890; x_wconf 92' lang='lat' dir='ltr'><strong>Vides</strong></span> <span class='ocrx_word' id='word_1_33' title='bbox 1535 830 1910 899; x_wconf 89' lang='lat' dir='ltr'><strong>benignitatem</strong></span> 
     </span>
    </p>
   </div>
   <div class='ocr_carea' id='block_1_6' title="bbox 338 920 1914 1001">
    <p class='ocr_par' dir='ltr' id='par_1_6' title="bbox 338 920 1914 1001">
     <span class='ocr_line' id='line_1_6' title="bbox 338 920 1914 1001; baseline -0.011 -14"><span class='ocrx_word' id='word_1_34' title='bbox 338 936 588 990; x_wconf 88' lang='lat' dir='ltr'><strong>Domini?</strong></span> <span class='ocrx_word' id='word_1_35' title='bbox 629 935 912 990; x_wconf 89' lang='lat' dir='ltr'><strong>cruciﬁxus</strong></span> <span class='ocrx_word' id='word_1_36' title='bbox 947 947 1041 1001; x_wconf 92' lang='lat' dir='ltr'><strong>pro</strong></span> <span class='ocrx_word' id='word_1_37' title='bbox 1083 927 1510 998; x_wconf 89' lang='lat' dir='ltr'><strong>cruciﬁgentibus</strong></span> <span class='ocrx_word' id='word_1_38' title='bbox 1562 921 1782 984; x_wconf 90' lang='lat' dir='ltr'><strong>orabat,</strong></span> <span class='ocrx_word' id='word_1_39' title='bbox 1812 920 1914 973; x_wconf 85' lang='lat' dir='ltr'><strong>etsi</strong></span> 
     </span>
    </p>
   </div>
   <div class='ocr_carea' id='block_1_7' title="bbox 337 1011 1912 1081">
    <p class='ocr_par' dir='ltr' id='par_1_7' title="bbox 337 1011 1912 1081">
     <span class='ocr_line' id='line_1_7' title="bbox 337 1011 1912 1081; baseline -0.01 -3"><span class='ocrx_word' id='word_1_40' title='bbox 337 1027 410 1079; x_wconf 84' lang='lat' dir='ltr'><strong>IIII</strong></span> <span class='ocrx_word' id='word_1_41' title='bbox 438 1025 834 1081; x_wconf 84' lang='lat' dir='ltr'><strong>subsannabant</strong></span> <span class='ocrx_word' id='word_1_42' title='bbox 856 1033 906 1077; x_wconf 90' lang='lat' dir='ltr'><strong>et</strong></span> <span class='ocrx_word' id='word_1_43' title='bbox 928 1020 1216 1075; x_wconf 87' lang='lat' dir='ltr'><strong>illudehant</strong></span> <span class='ocrx_word' id='word_1_44' title='bbox 1234 1034 1354 1073; x_wconf 91' lang='lat' dir='ltr'><strong>eum</strong></span> <span class='ocrx_word' id='word_1_45' title='bbox 1377 1018 1612 1071; x_wconf 91' lang='lat' dir='ltr'><strong>dicentes</strong></span> <span class='ocrx_word' id='word_1_46' title='bbox 1632 1031 1644 1065; x_wconf 90' lang='lat'>:</span> <span class='ocrx_word' id='word_1_47' title='bbox 1664 1012 1724 1066; x_wconf 90' lang='lat' dir='ltr'><strong>Si</strong></span> <span class='ocrx_word' id='word_1_48' title='bbox 1747 1011 1912 1064; x_wconf 84' lang='lat' dir='ltr'><strong>Filias</strong></span> 
     </span>
    </p>
   </div>
   <div class='ocr_carea' id='block_1_8' title="bbox 338 1104 1911 1182">
    <p class='ocr_par' dir='ltr' id='par_1_8' title="bbox 338 1104 1911 1182">
     <span class='ocr_line' id='line_1_8' title="bbox 338 1104 1911 1182; baseline -0.009 -13"><span class='ocrx_word' id='word_1_49' title='bbox 338 1115 431 1172; x_wconf 89' lang='lat' dir='ltr'><strong>Dei</strong></span> <span class='ocrx_word' id='word_1_50' title='bbox 454 1134 526 1182; x_wconf 88' lang='lat' dir='ltr'><strong>es,</strong></span> <span class='ocrx_word' id='word_1_51' title='bbox 555 1115 798 1169; x_wconf 84' lang='lat' dir='ltr'><strong>descende</strong></span> <span class='ocrx_word' id='word_1_52' title='bbox 819 1113 880 1165; x_wconf 91' lang='lat' dir='ltr'><strong>de</strong></span> <span class='ocrx_word' id='word_1_53' title='bbox 903 1127 1050 1164; x_wconf 84' lang='lat' dir='ltr'><strong>cruce</strong></span> <span class='ocrx_word' id='word_1_54' title='bbox 1075 1110 1280 1180; x_wconf 83' lang='lat' dir='ltr'><strong>(Matth.</strong></span> <span class='ocrx_word' id='word_1_55' title='bbox 1305 1109 1396 1162; x_wconf 89' lang='lat'><strong>27.</strong></span> <span class='ocrx_word' id='word_1_56' title='bbox 1425 1105 1539 1174; x_wconf 74' lang='grc'><strong>40).</strong></span> <span class='ocrx_word' id='word_1_57' title='bbox 1575 1104 1730 1172; x_wconf 81' lang='lat' dir='ltr'><strong>Atqui</strong></span> <span class='ocrx_word' id='word_1_58' title='bbox 1786 1117 1911 1170; x_wconf 88' lang='lat' dir='ltr'><strong>pro-</strong></span> 
     </span>
    </p>
   </div>
   <div class='ocr_carea' id='block_1_9' title="bbox 339 1194 1913 1275">
    <p class='ocr_par' dir='ltr' id='par_1_9' title="bbox 339 1194 1913 1275">
     <span class='ocr_line' id='line_1_9' title="bbox 339 1194 1913 1275; baseline -0.01 -15"><span class='ocrx_word' id='word_1_59' title='bbox 339 1219 460 1275; x_wconf 88' lang='lat' dir='ltr'><strong>pter</strong></span> <span class='ocrx_word' id='word_1_60' title='bbox 487 1207 587 1261; x_wconf 88' lang='lat' dir='ltr'><strong>boc</strong></span> <span class='ocrx_word' id='word_1_61' title='bbox 614 1207 784 1274; x_wconf 90' lang='lat' dir='ltr'><strong>ipsum</strong></span> <span class='ocrx_word' id='word_1_62' title='bbox 810 1218 915 1256; x_wconf 92' lang='lat' dir='ltr'><strong>non</strong></span> <span class='ocrx_word' id='word_1_63' title='bbox 945 1201 1216 1256; x_wconf 90' lang='lat' dir='ltr'><strong>descendit</strong></span> <span class='ocrx_word' id='word_1_64' title='bbox 1255 1199 1320 1253; x_wconf 89' lang='lat' dir='ltr'><strong>de</strong></span> <span class='ocrx_word' id='word_1_65' title='bbox 1348 1212 1502 1252; x_wconf 93' lang='lat' dir='ltr'><strong>cruce</strong></span> <span class='ocrx_word' id='word_1_66' title='bbox 1521 1237 1537 1260; x_wconf 94' lang='lat'><strong>,</strong></span> <span class='ocrx_word' id='word_1_67' title='bbox 1565 1195 1705 1264; x_wconf 93' lang='lat' dir='ltr'><strong>quod</strong></span> <span class='ocrx_word' id='word_1_68' title='bbox 1745 1194 1913 1247; x_wconf 84' lang='lat' dir='ltr'><strong>Filius</strong></span> 
     </span>
    </p>
   </div>
   <div class='ocr_carea' id='block_1_10' title="bbox 338 1283 1909 1357">
    <p class='ocr_par' dir='ltr' id='par_1_10' title="bbox 338 1283 1909 1357">
     <span class='ocr_line' id='line_1_10' title="bbox 338 1283 1909 1357; baseline -0.01 -7"><span class='ocrx_word' id='word_1_69' title='bbox 338 1298 437 1352; x_wconf 88' lang='lat' dir='ltr'><strong>Dei</strong></span> <span class='ocrx_word' id='word_1_70' title='bbox 467 1297 537 1351; x_wconf 85' lang='lat' dir='ltr'><strong>sit</strong></span> <span class='ocrx_word' id='word_1_71' title='bbox 570 1313 583 1348; x_wconf 89' lang='lat'><strong>:</strong></span> <span class='ocrx_word' id='word_1_72' title='bbox 611 1294 730 1348; x_wconf 90' lang='lat' dir='ltr'><strong>ideo</strong></span> <span class='ocrx_word' id='word_1_73' title='bbox 751 1292 892 1347; x_wconf 91' lang='lat' dir='ltr'><strong>enim</strong></span> <span class='ocrx_word' id='word_1_74' title='bbox 914 1293 1077 1355; x_wconf 87' lang='lat' dir='ltr'><strong>venit,</strong></span> <span class='ocrx_word' id='word_1_75' title='bbox 1107 1301 1165 1345; x_wconf 91' lang='lat' dir='ltr'><strong>ut</strong></span> <span class='ocrx_word' id='word_1_76' title='bbox 1189 1287 1584 1357; x_wconf 89' lang='lat' dir='ltr'><strong>cruciﬁgeretur</strong></span> <span class='ocrx_word' id='word_1_77' title='bbox 1612 1301 1705 1355; x_wconf 86' lang='lat' dir='ltr'><strong>pro</strong></span> <span class='ocrx_word' id='word_1_78' title='bbox 1736 1283 1909 1336; x_wconf 90' lang='lat' dir='ltr'><strong>nobis.</strong></span> 
     </span>
    </p>
   </div>
   <div class='ocr_carea' id='block_1_11' title="bbox 333 1375 1912 1449">
    <p class='ocr_par' dir='ltr' id='par_1_11' title="bbox 333 1375 1912 1449">
     <span class='ocr_line' id='line_1_11' title="bbox 333 1375 1912 1449; baseline -0.009 -9"><span class='ocrx_word' id='word_1_79' title='bbox 333 1386 650 1449; x_wconf 88' lang='lat' dir='ltr'><strong>Descendat,</strong></span> <span class='ocrx_word' id='word_1_80' title='bbox 683 1385 831 1438; x_wconf 91' lang='lat' dir='ltr'><strong>aiunt</strong></span> <span class='ocrx_word' id='word_1_81' title='bbox 851 1424 864 1446; x_wconf 93' lang='lat'><strong>,</strong></span> <span class='ocrx_word' id='word_1_82' title='bbox 894 1383 956 1436; x_wconf 88' lang='lat' dir='ltr'><strong>de</strong></span> <span class='ocrx_word' id='word_1_83' title='bbox 979 1397 1123 1436; x_wconf 83' lang='lat' dir='ltr'><strong>cruce</strong></span> <span class='ocrx_word' id='word_1_84' title='bbox 1143 1425 1155 1444; x_wconf 94' lang='lat'><strong>,</strong></span> <span class='ocrx_word' id='word_1_85' title='bbox 1184 1389 1240 1433; x_wconf 89' lang='lat' dir='ltr'><strong>ut</strong></span> <span class='ocrx_word' id='word_1_86' title='bbox 1269 1378 1522 1431; x_wconf 77' lang='lat' dir='ltr'><strong>videamus</strong></span> <span class='ocrx_word' id='word_1_87' title='bbox 1561 1387 1606 1430; x_wconf 87' lang='lat' dir='ltr'><strong>et</strong></span> <span class='ocrx_word' id='word_1_88' title='bbox 1648 1375 1912 1428; x_wconf 80' lang='lat' dir='ltr'><strong>credamus</strong></span> 
     </span>
    </p>
   </div>
   <div class='ocr_carea' id='block_1_12' title="bbox 334 1469 1914 1548">
    <p class='ocr_par' dir='ltr' id='par_1_12' title="bbox 334 1469 1914 1548">
     <span class='ocr_line' id='line_1_12' title="bbox 334 1469 1914 1548; baseline -0.009 -16"><span class='ocrx_word' id='word_1_89' title='bbox 334 1480 388 1532; x_wconf 88' lang='lat' dir='ltr'><strong>in</strong></span> <span class='ocrx_word' id='word_1_90' title='bbox 427 1495 540 1531; x_wconf 89' lang='lat' dir='ltr'><strong>eum</strong></span> <span class='ocrx_word' id='word_1_91' title='bbox 572 1476 744 1546; x_wconf 90' lang='lat' dir='ltr'><strong>(Ibid.</strong></span> <span class='ocrx_word' id='word_1_92' title='bbox 778 1485 824 1529; x_wconf 89' lang='lat' dir='ltr'><strong>et</strong></span> <span class='ocrx_word' id='word_1_93' title='bbox 850 1472 975 1548; x_wconf 65' lang='lat' dir='ltr'><strong>t2).</strong></span> <span class='ocrx_word' id='word_1_94' title='bbox 1003 1476 1218 1528; x_wconf 90' lang='lat' dir='ltr'><strong>Intuere</strong></span> <span class='ocrx_word' id='word_1_95' title='bbox 1263 1470 1600 1540; x_wconf 70' lang='lat' dir='ltr'><strong>impudenlim</strong></span> <span class='ocrx_word' id='word_1_96' title='bbox 1634 1469 1828 1526; x_wconf 79' lang='lat' dir='ltr'><strong>verba,</strong></span> <span class='ocrx_word' id='word_1_97' title='bbox 1861 1476 1914 1519; x_wconf 92' lang='lat' dir='ltr'><strong>et</strong></span> 
     </span>
    </p>
   </div>
   <div class='ocr_carea' id='block_1_13' title="bbox 335 1557 1917 1626">
    <p class='ocr_par' dir='ltr' id='par_1_13' title="bbox 335 1557 1917 1626">
     <span class='ocr_line' id='line_1_13' title="bbox 335 1557 1917 1626; baseline -0.009 -5"><span class='ocrx_word' id='word_1_98' title='bbox 335 1567 707 1621; x_wconf 79' lang='lat' dir='ltr'><strong>excusationes</strong></span> <span class='ocrx_word' id='word_1_99' title='bbox 737 1563 1144 1619; x_wconf 82' lang='lat' dir='ltr'><strong>incredulitatis.</strong></span> <span class='ocrx_word' id='word_1_100' title='bbox 1171 1561 1466 1616; x_wconf 87' lang='lat' dir='ltr'><strong>Grandiora</strong></span> <span class='ocrx_word' id='word_1_101' title='bbox 1492 1559 1633 1623; x_wconf 91' lang='lat' dir='ltr'><strong>fecit,</strong></span> <span class='ocrx_word' id='word_1_102' title='bbox 1661 1572 1818 1626; x_wconf 91' lang='lat' dir='ltr'><strong>quam</strong></span> <span class='ocrx_word' id='word_1_103' title='bbox 1848 1557 1917 1608; x_wconf 90' lang='lat' dir='ltr'><strong>sit</strong></span> 
     </span>
    </p>
   </div>
   <div class='ocr_carea' id='block_1_14' title="bbox 337 1645 1916 1719">
    <p class='ocr_par' dir='ltr' id='par_1_14' title="bbox 337 1645 1916 1719">
     <span class='ocr_line' id='line_1_14' title="bbox 337 1645 1916 1719; baseline -0.009 -7"><span class='ocrx_word' id='word_1_104' title='bbox 337 1658 627 1712; x_wconf 85' lang='lat' dir='ltr'><strong>descensus</strong></span> <span class='ocrx_word' id='word_1_105' title='bbox 657 1656 723 1711; x_wconf 91' lang='lat' dir='ltr'><strong>de</strong></span> <span class='ocrx_word' id='word_1_106' title='bbox 746 1670 922 1719; x_wconf 90' lang='lat' dir='ltr'><strong>cruce,</strong></span> <span class='ocrx_word' id='word_1_107' title='bbox 949 1664 1002 1709; x_wconf 91' lang='lat' dir='ltr'><strong>ct</strong></span> <span class='ocrx_word' id='word_1_108' title='bbox 1031 1668 1136 1706; x_wconf 93' lang='lat' dir='ltr'><strong>non</strong></span> <span class='ocrx_word' id='word_1_109' title='bbox 1166 1651 1508 1705; x_wconf 86' lang='lat' dir='ltr'><strong>crediderunt</strong></span> <span class='ocrx_word' id='word_1_110' title='bbox 1535 1667 1548 1702; x_wconf 89' lang='lat'><strong>:</strong></span> <span class='ocrx_word' id='word_1_111' title='bbox 1586 1658 1640 1701; x_wconf 93' lang='lat' dir='ltr'><strong>et</strong></span> <span class='ocrx_word' id='word_1_112' title='bbox 1671 1662 1810 1699; x_wconf 91' lang='lat' dir='ltr'><strong>nunc</strong></span> <span class='ocrx_word' id='word_1_113' title='bbox 1838 1645 1916 1698; x_wconf 82' lang='lat' dir='ltr'><strong>di-</strong></span> 
     </span>
    </p>
   </div>
   <div class='ocr_carea' id='block_1_15' title="bbox 336 1738 1915 1811">
    <p class='ocr_par' dir='ltr' id='par_1_15' title="bbox 336 1738 1915 1811">
     <span class='ocr_line' id='line_1_15' title="bbox 336 1738 1915 1811; baseline -0.006 -10"><span class='ocrx_word' id='word_1_114' title='bbox 336 1756 497 1811; x_wconf 89' lang='lat' dir='ltr'><strong>cunt,</strong></span> <span class='ocrx_word' id='word_1_115' title='bbox 529 1745 801 1801; x_wconf 88' lang='lat' dir='ltr'><strong>Descende</strong></span> <span class='ocrx_word' id='word_1_116' title='bbox 835 1745 903 1799; x_wconf 89' lang='lat' dir='ltr'><strong>de</strong></span> <span class='ocrx_word' id='word_1_117' title='bbox 942 1757 1136 1806; x_wconf 86' lang='lat' dir='ltr'><strong>cruce,</strong></span> <span class='ocrx_word' id='word_1_118' title='bbox 1172 1750 1226 1796; x_wconf 93' lang='lat' dir='ltr'><strong>et</strong></span> <span class='ocrx_word' id='word_1_119' title='bbox 1257 1741 1537 1795; x_wconf 88' lang='lat' dir='ltr'><strong>credemus</strong></span> <span class='ocrx_word' id='word_1_120' title='bbox 1567 1741 1616 1792; x_wconf 92' lang='lat' dir='ltr'><strong>in</strong></span> <span class='ocrx_word' id='word_1_121' title='bbox 1651 1747 1719 1792; x_wconf 89' lang='lat' dir='ltr'><strong>te.</strong></span> <span class='ocrx_word' id='word_1_122' title='bbox 1755 1738 1915 1791; x_wconf 81' lang='lat' dir='ltr'><strong>Multo</strong></span> 
     </span>
    </p>
   </div>
   <div class='ocr_carea' id='block_1_16' title="bbox 333 1827 1912 1906">
    <p class='ocr_par' dir='ltr' id='par_1_16' title="bbox 333 1827 1912 1906">
     <span class='ocr_line' id='line_1_16' title="bbox 333 1827 1912 1906; baseline -0.008 -14"><span class='ocrx_word' id='word_1_123' title='bbox 333 1837 506 1906; x_wconf 81' lang='lat' dir='ltr'><strong>majus</strong></span> <span class='ocrx_word' id='word_1_124' title='bbox 533 1845 645 1891; x_wconf 89' lang='lat' dir='ltr'><strong>erat</strong></span> <span class='ocrx_word' id='word_1_125' title='bbox 672 1844 938 1890; x_wconf 91' lang='lat' dir='ltr'><strong>mortuum</strong></span> <span class='ocrx_word' id='word_1_126' title='bbox 974 1848 1196 1901; x_wconf 82' lang='lat' dir='ltr'><strong>surgere</strong></span> <span class='ocrx_word' id='word_1_127' title='bbox 1217 1847 1282 1884; x_wconf 84' lang='lat' dir='ltr'><strong>ex</strong></span> <span class='ocrx_word' id='word_1_128' title='bbox 1309 1830 1574 1898; x_wconf 89' lang='lat' dir='ltr'><strong>sepulcro,</strong></span> <span class='ocrx_word' id='word_1_129' title='bbox 1610 1829 1782 1896; x_wconf 80' lang='lat' dir='ltr'><strong>lapide</strong></span> <span class='ocrx_word' id='word_1_130' title='bbox 1812 1827 1912 1879; x_wconf 91' lang='lat' dir='ltr'><strong>im-</strong></span> 
     </span>
    </p>
   </div>
   <div class='ocr_carea' id='block_1_17' title="bbox 335 1921 1920 1998">
    <p class='ocr_par' dir='ltr' id='par_1_17' title="bbox 335 1921 1920 1998">
     <span class='ocr_line' id='line_1_17' title="bbox 335 1921 1920 1998; baseline -0.008 -14"><span class='ocrx_word' id='word_1_131' title='bbox 335 1930 529 1998; x_wconf 92' lang='lat' dir='ltr'><strong>posito,</strong></span> <span class='ocrx_word' id='word_1_132' title='bbox 559 1943 716 1997; x_wconf 91' lang='lat' dir='ltr'><strong>quam</strong></span> <span class='ocrx_word' id='word_1_133' title='bbox 739 1924 1066 1982; x_wconf 87' lang='lat' dir='ltr'><strong>descendere</strong></span> <span class='ocrx_word' id='word_1_134' title='bbox 1090 1924 1156 1978; x_wconf 93' lang='lat' dir='ltr'><strong>de</strong></span> <span class='ocrx_word' id='word_1_135' title='bbox 1191 1937 1349 1977; x_wconf 91' lang='lat' dir='ltr'><strong>cruce</strong></span> <span class='ocrx_word' id='word_1_136' title='bbox 1379 1939 1391 1974; x_wconf 87' lang='lat'><strong>:</strong></span> <span class='ocrx_word' id='word_1_137' title='bbox 1421 1923 1588 1975; x_wconf 93' lang='lat' dir='ltr'><strong>multo</strong></span> <span class='ocrx_word' id='word_1_138' title='bbox 1610 1921 1780 1988; x_wconf 80' lang='lat' dir='ltr'><strong>majus</strong></span> <span class='ocrx_word' id='word_1_139' title='bbox 1803 1929 1920 1972; x_wconf 83' lang='lat' dir='ltr'><strong>erat</strong></span> 
     </span>
    </p>
   </div>
   <div class='ocr_carea' id='block_1_18' title="bbox 333 2013 1914 2088">
    <p class='ocr_par' dir='ltr' id='par_1_18' title="bbox 333 2013 1914 2088">
     <span class='ocr_line' id='line_1_18' title="bbox 333 2013 1914 2088; baseline -0.005 -16"><span class='ocrx_word' id='word_1_140' title='bbox 333 2018 745 2088; x_wconf 88' lang='lat' dir='ltr'><strong>quatriduanum</strong></span> <span class='ocrx_word' id='word_1_141' title='bbox 792 2016 1050 2070; x_wconf 78' lang='lat' dir='ltr'><strong>Lazarum</strong></span> <span class='ocrx_word' id='word_1_142' title='bbox 1090 2013 1269 2068; x_wconf 75' lang='lat' dir='ltr'><strong>fasciis</strong></span> <span class='ocrx_word' id='word_1_143' title='bbox 1305 2013 1638 2077; x_wconf 87' lang='lat' dir='ltr'><strong>involutum,</strong></span> <span class='ocrx_word' id='word_1_144' title='bbox 1673 2027 1772 2065; x_wconf 89' lang='lat' dir='ltr'><strong>una</strong></span> <span class='ocrx_word' id='word_1_145' title='bbox 1795 2027 1914 2065; x_wconf 91' lang='lat' dir='ltr'><strong>eum</strong></span> 
     </span>
    </p>
   </div>
   <div class='ocr_carea' id='block_1_19' title="bbox 337 2105 1915 2165">
    <p class='ocr_par' dir='ltr' id='par_1_19' title="bbox 337 2105 1915 2165">
     <span class='ocr_line' id='line_1_19' title="bbox 337 2105 1915 2165; baseline -0.004 -1"><span class='ocrx_word' id='word_1_146' title='bbox 337 2111 443 2164; x_wconf 86' lang='lat' dir='ltr'><strong>illis</strong></span> <span class='ocrx_word' id='word_1_147' title='bbox 468 2109 697 2165; x_wconf 90' lang='lat' dir='ltr'><strong>educere</strong></span> <span class='ocrx_word' id='word_1_148' title='bbox 725 2123 790 2163; x_wconf 87' lang='lat' dir='ltr'><strong>ex</strong></span> <span class='ocrx_word' id='word_1_149' title='bbox 821 2117 1184 2162; x_wconf 88' lang='lat' dir='ltr'><strong>monumento.</strong></span> <span class='ocrx_word' id='word_1_150' title='bbox 1229 2107 1413 2159; x_wconf 82' lang='lat' dir='ltr'><strong>Vidisti</strong></span> <span class='ocrx_word' id='word_1_151' title='bbox 1442 2106 1684 2159; x_wconf 69' lang='lat' dir='ltr'><strong>stultitia:</strong></span> <span class='ocrx_word' id='word_1_152' title='bbox 1714 2105 1915 2158; x_wconf 87' lang='lat' dir='ltr'><strong>verba?</strong></span> 
     </span>
    </p>
   </div>
   <div class='ocr_carea' id='block_1_20' title="bbox 334 2197 1916 2269">
    <p class='ocr_par' dir='ltr' id='par_1_20' title="bbox 334 2197 1916 2269">
     <span class='ocr_line' id='line_1_20' title="bbox 334 2197 1916 2269; baseline -0.006 -12"><span class='ocrx_word' id='word_1_153' title='bbox 334 2203 514 2258; x_wconf 83' lang='lat' dir='ltr'><strong>vidisti</strong></span> <span class='ocrx_word' id='word_1_154' title='bbox 545 2202 763 2256; x_wconf 74' lang='lat' dir='ltr'><strong>insania:</strong></span> <span class='ocrx_word' id='word_1_155' title='bbox 793 2197 1247 2269; x_wconf 88' lang='lat' dir='ltr'><strong>magnitudinem?</strong></span> <span class='ocrx_word' id='word_1_156' title='bbox 1275 2197 1366 2251; x_wconf 91' lang='lat' dir='ltr'><strong>sed</strong></span> <span class='ocrx_word' id='word_1_157' title='bbox 1389 2197 1664 2259; x_wconf 88' lang='lat' dir='ltr'><strong>attendite,</strong></span> <span class='ocrx_word' id='word_1_158' title='bbox 1704 2211 1916 2262; x_wconf 83' lang='lat' dir='ltr'><strong>moneo,</strong></span> 
     </span>
    </p>
   </div>
   <div class='ocr_carea' id='block_1_21' title="bbox 337 2288 1916 2362">
    <p class='ocr_par' dir='ltr' id='par_1_21' title="bbox 337 2288 1916 2362">
     <span class='ocr_line' id='line_1_21' title="bbox 337 2288 1916 2362; baseline -0.006 -14"><span class='ocrx_word' id='word_1_159' title='bbox 337 2294 642 2362; x_wconf 73' lang='lat' dir='ltr'><strong>diligenter,</strong></span> <span class='ocrx_word' id='word_1_160' title='bbox 667 2299 725 2344; x_wconf 94' lang='lat' dir='ltr'><strong>ut</strong></span> <span class='ocrx_word' id='word_1_161' title='bbox 743 2291 835 2345; x_wconf 86' lang='lat' dir='ltr'><strong>Dei</strong></span> <span class='ocrx_word' id='word_1_162' title='bbox 866 2292 1178 2344; x_wconf 84' lang='lat' dir='ltr'><strong>immensam</strong></span> <span class='ocrx_word' id='word_1_163' title='bbox 1219 2288 1596 2356; x_wconf 84' lang='lat' dir='ltr'><strong>benignitatem</strong></span> <span class='ocrx_word' id='word_1_164' title='bbox 1623 2301 1916 2356; x_wconf 88' lang='lat' dir='ltr'><strong>cognosca-</strong></span> 
     </span>
    </p>
   </div>
   <div class='ocr_carea' id='block_1_22' title="bbox 335 2377 1915 2450">
    <p class='ocr_par' dir='ltr' id='par_1_22' title="bbox 335 2377 1915 2450">
     <span class='ocr_line' id='line_1_22' title="bbox 335 2377 1915 2450; baseline -0.005 -12"><span class='ocrx_word' id='word_1_165' title='bbox 335 2383 404 2438; x_wconf 87' lang='lat' dir='ltr'><strong>tis</strong></span> <span class='ocrx_word' id='word_1_166' title='bbox 435 2401 449 2437; x_wconf 91' lang='lat'><strong>:</strong></span> <span class='ocrx_word' id='word_1_167' title='bbox 494 2391 550 2437; x_wconf 91' lang='lat' dir='ltr'><strong>et</strong></span> <span class='ocrx_word' id='word_1_168' title='bbox 590 2380 860 2450; x_wconf 91' lang='lat' dir='ltr'><strong>quomodo</strong></span> <span class='ocrx_word' id='word_1_169' title='bbox 885 2379 972 2432; x_wconf 89' lang='lat' dir='ltr'><strong>illa</strong></span> <span class='ocrx_word' id='word_1_170' title='bbox 1003 2379 1114 2448; x_wconf 87' lang='lat' dir='ltr'><strong>ipsa</strong></span> <span class='ocrx_word' id='word_1_171' title='bbox 1146 2394 1331 2432; x_wconf 90' lang='lat' dir='ltr'><strong>eorum</strong></span> <span class='ocrx_word' id='word_1_172' title='bbox 1358 2379 1572 2431; x_wconf 79' lang='lat' dir='ltr'><strong>vesania</strong></span> <span class='ocrx_word' id='word_1_173' title='bbox 1593 2419 1607 2442; x_wconf 96' lang='lat'><strong>,</strong></span> <span class='ocrx_word' id='word_1_174' title='bbox 1635 2377 1878 2431; x_wconf 86' lang='lat' dir='ltr'><strong>Christus</strong></span> <span class='ocrx_word' id='word_1_175' title='bbox 1899 2419 1915 2444; x_wconf 92' lang='lat'><strong>,</strong></span> 
     </span>
    </p>
   </div>
   <div class='ocr_carea' id='block_1_23' title="bbox 334 2470 1916 2548">
    <p class='ocr_par' dir='ltr' id='par_1_23' title="bbox 334 2470 1916 2548">
     <span class='ocr_line' id='line_1_23' title="bbox 334 2470 1916 2548; baseline -0.003 -18"><span class='ocrx_word' id='word_1_176' title='bbox 334 2476 480 2530; x_wconf 88' lang='lat' dir='ltr'><strong>velut</strong></span> <span class='ocrx_word' id='word_1_177' title='bbox 507 2477 788 2548; x_wconf 78' lang='lat' dir='ltr'><strong>occasione</strong></span> <span class='ocrx_word' id='word_1_178' title='bbox 815 2473 885 2528; x_wconf 88' lang='lat' dir='ltr'><strong>sit</strong></span> <span class='ocrx_word' id='word_1_179' title='bbox 922 2488 1048 2527; x_wconf 90' lang='lat' dir='ltr'><strong>usus</strong></span> <span class='ocrx_word' id='word_1_180' title='bbox 1097 2472 1162 2526; x_wconf 89' lang='lat' dir='ltr'><strong>ad</strong></span> <span class='ocrx_word' id='word_1_181' title='bbox 1203 2473 1433 2526; x_wconf 86' lang='lat' dir='ltr'><strong>veniam.</strong></span> <span class='ocrx_word' id='word_1_182' title='bbox 1487 2470 1676 2533; x_wconf 80' lang='lat' dir='ltr'><strong>Pater,</strong></span> <span class='ocrx_word' id='word_1_183' title='bbox 1715 2473 1916 2541; x_wconf 89' lang='lat' dir='ltr'><strong>inquit,</strong></span> 
     </span>
    </p>
   </div>
   <div class='ocr_carea' id='block_1_24' title="bbox 335 2563 1919 2637">
    <p class='ocr_par' dir='ltr' id='par_1_24' title="bbox 335 2563 1919 2637">
     <span class='ocr_line' id='line_1_24' title="bbox 335 2563 1919 2637; baseline -0.003 -17"><span class='ocrx_word' id='word_1_184' title='bbox 335 2569 537 2637; x_wconf 81' lang='lat' dir='ltr'><strong>ignosce</strong></span> <span class='ocrx_word' id='word_1_185' title='bbox 559 2567 663 2620; x_wconf 86' lang='lat' dir='ltr'><strong>illis</strong></span> <span class='ocrx_word' id='word_1_186' title='bbox 684 2567 779 2618; x_wconf 90' lang='lat' dir='ltr'><strong>hoc</strong></span> <span class='ocrx_word' id='word_1_187' title='bbox 801 2573 1057 2635; x_wconf 85' lang='lat' dir='ltr'><strong>peccatum</strong></span> <span class='ocrx_word' id='word_1_188' title='bbox 1081 2579 1099 2616; x_wconf 90' lang='lat'><strong><em>:</em></strong></span> <span class='ocrx_word' id='word_1_189' title='bbox 1121 2580 1221 2616; x_wconf 86' lang='lat' dir='ltr'><strong>non</strong></span> <span class='ocrx_word' id='word_1_190' title='bbox 1241 2563 1372 2616; x_wconf 88' lang='lat' dir='ltr'><strong>enim</strong></span> <span class='ocrx_word' id='word_1_191' title='bbox 1394 2565 1558 2616; x_wconf 87' lang='lat' dir='ltr'><strong>sciunt</strong></span> <span class='ocrx_word' id='word_1_192' title='bbox 1582 2563 1704 2634; x_wconf 80' lang='lat' dir='ltr'><strong>quid</strong></span> <span class='ocrx_word' id='word_1_193' title='bbox 1727 2564 1919 2633; x_wconf 87' lang='lat' dir='ltr'><strong>faciunt</strong></span> 
     </span>
    </p>
   </div>
   <div class='ocr_carea' id='block_1_25' title="bbox 340 2653 1921 2725">
    <p class='ocr_par' dir='ltr' id='par_1_25' title="bbox 340 2653 1921 2725">
     <span class='ocr_line' id='line_1_25' title="bbox 340 2653 1921 2725; baseline -0.001 -19"><span class='ocrx_word' id='word_1_194' title='bbox 340 2655 489 2722; x_wconf 85' lang='lat' dir='ltr'><strong>(Luc.</strong></span> <span class='ocrx_word' id='word_1_195' title='bbox 517 2654 609 2708; x_wconf 79' lang='lat'><strong>25.</strong></span> <span class='ocrx_word' id='word_1_196' title='bbox 633 2655 745 2725; x_wconf 71' lang='grc'><strong>54).</strong></span> <span class='ocrx_word' id='word_1_197' title='bbox 778 2654 1001 2707; x_wconf 89' lang='lat' dir='ltr'><strong>Tantum</strong></span> <span class='ocrx_word' id='word_1_198' title='bbox 1031 2669 1136 2707; x_wconf 90' lang='lat' dir='ltr'><strong>non</strong></span> <span class='ocrx_word' id='word_1_199' title='bbox 1160 2653 1258 2707; x_wconf 93' lang='lat' dir='ltr'><strong>hoc</strong></span> <span class='ocrx_word' id='word_1_200' title='bbox 1289 2653 1506 2717; x_wconf 88' lang='lat' dir='ltr'><strong>indicat,</strong></span> <span class='ocrx_word' id='word_1_201' title='bbox 1539 2653 1641 2708; x_wconf 82' lang='lat' dir='ltr'><strong>Per</strong></span> <span class='ocrx_word' id='word_1_202' title='bbox 1668 2669 1805 2722; x_wconf 73' lang='lat' dir='ltr'><strong>qum,</strong></span> <span class='ocrx_word' id='word_1_203' title='bbox 1836 2653 1921 2706; x_wconf 86' lang='lat' dir='ltr'><strong>in-</strong></span> 
     </span>
    </p>
   </div>
   <div class='ocr_carea' id='block_1_26' title="bbox 337 2743 1919 2814">
    <p class='ocr_par' dir='ltr' id='par_1_26' title="bbox 337 2743 1919 2814">
     <span class='ocr_line' id='line_1_26' title="bbox 337 2743 1919 2814; baseline -0.001 -16"><span class='ocrx_word' id='word_1_204' title='bbox 337 2746 471 2814; x_wconf 88' lang='lat' dir='ltr'><strong>quit,</strong></span> <span class='ocrx_word' id='word_1_205' title='bbox 506 2744 817 2812; x_wconf 87' lang='lat' dir='ltr'><strong>insipientes</strong></span> <span class='ocrx_word' id='word_1_206' title='bbox 837 2753 991 2806; x_wconf 91' lang='lat' dir='ltr'><strong>sunt,</strong></span> <span class='ocrx_word' id='word_1_207' title='bbox 1021 2759 1116 2811; x_wconf 91' lang='lat' dir='ltr'><strong>per</strong></span> <span class='ocrx_word' id='word_1_208' title='bbox 1137 2743 1322 2798; x_wconf 87' lang='lat' dir='ltr'><strong>eadem</strong></span> <span class='ocrx_word' id='word_1_209' title='bbox 1357 2745 1639 2812; x_wconf 88' lang='lat' dir='ltr'><strong>ignorant,</strong></span> <span class='ocrx_word' id='word_1_210' title='bbox 1670 2744 1810 2812; x_wconf 90' lang='lat' dir='ltr'><strong>quod</strong></span> <span class='ocrx_word' id='word_1_211' title='bbox 1839 2744 1919 2796; x_wconf 90' lang='lat' dir='ltr'><strong>fa-</strong></span> 
     </span>
    </p>
   </div>
   <div class='ocr_carea' id='block_1_27' title="bbox 340 2834 1918 2903">
    <p class='ocr_par' dir='ltr' id='par_1_27' title="bbox 340 2834 1918 2903">
     <span class='ocr_line' id='line_1_27' title="bbox 340 2834 1918 2903; baseline -0.001 -14"><span class='ocrx_word' id='word_1_212' title='bbox 340 2836 506 2889; x_wconf 87' lang='lat' dir='ltr'><strong>ciunt.</strong></span> <span class='ocrx_word' id='word_1_213' title='bbox 539 2836 604 2888; x_wconf 87' lang='lat' dir='ltr'><strong>Et</strong></span> <span class='ocrx_word' id='word_1_214' title='bbox 628 2835 700 2888; x_wconf 88' lang='lat' dir='ltr'><strong>illi</strong></span> <span class='ocrx_word' id='word_1_215' title='bbox 730 2835 941 2903; x_wconf 89' lang='lat' dir='ltr'><strong>quidem</strong></span> <span class='ocrx_word' id='word_1_216' title='bbox 974 2835 1236 2899; x_wconf 82' lang='lat' dir='ltr'><strong>dicebant,</strong></span> <span class='ocrx_word' id='word_1_217' title='bbox 1266 2834 1326 2888; x_wconf 91' lang='lat' dir='ltr'><strong>Si</strong></span> <span class='ocrx_word' id='word_1_218' title='bbox 1354 2834 1521 2888; x_wconf 84' lang='lat' dir='ltr'><strong>Filius</strong></span> <span class='ocrx_word' id='word_1_219' title='bbox 1548 2834 1646 2888; x_wconf 89' lang='lat' dir='ltr'><strong>Dei</strong></span> <span class='ocrx_word' id='word_1_220' title='bbox 1674 2853 1746 2900; x_wconf 79' lang='lat' dir='ltr'><strong>es,</strong></span> <span class='ocrx_word' id='word_1_221' title='bbox 1777 2838 1918 2888; x_wconf 74' lang='lat' dir='ltr'><strong>salvs</strong></span> 
     </span>
    </p>
   </div>
   <div class='ocr_carea' id='block_1_28' title="bbox 338 2923 1918 2995">
    <p class='ocr_par' dir='ltr' id='par_1_28' title="bbox 338 2923 1918 2995">
     <span class='ocr_line' id='line_1_28' title="bbox 338 2923 1918 2995; baseline 0 -17"><span class='ocrx_word' id='word_1_222' title='bbox 338 2927 550 2995; x_wconf 86' lang='lat' dir='ltr'><strong>teipsum</strong></span> <span class='ocrx_word' id='word_1_223' title='bbox 579 2924 790 2994; x_wconf 79' lang='lat' dir='ltr'><strong>(Matth.</strong></span> <span class='ocrx_word' id='word_1_224' title='bbox 819 2923 907 2977; x_wconf 92' lang='lat'><strong>27.</strong></span> <span class='ocrx_word' id='word_1_225' title='bbox 933 2924 1046 2992; x_wconf 70' lang='grc'><strong>40).</strong></span> <span class='ocrx_word' id='word_1_226' title='bbox 1079 2924 1193 2992; x_wconf 80' lang='lat' dir='ltr'><strong>Ipse</strong></span> <span class='ocrx_word' id='word_1_227' title='bbox 1221 2939 1349 2978; x_wconf 88' lang='lat' dir='ltr'><strong>vero</strong></span> <span class='ocrx_word' id='word_1_228' title='bbox 1376 2927 1630 2990; x_wconf 80' lang='lat' dir='ltr'><strong>elaborat,</strong></span> <span class='ocrx_word' id='word_1_229' title='bbox 1653 2925 1918 2994; x_wconf 84' lang='lat' dir='ltr'><strong>quomodo</strong></span> 
     </span>
    </p>
   </div>
   <div class='ocr_carea' id='block_1_29' title="bbox 345 3015 1917 3087">
    <p class='ocr_par' dir='ltr' id='par_1_29' title="bbox 345 3015 1917 3087">
     <span class='ocr_line' id='line_1_29' title="bbox 345 3015 1917 3087; baseline 0.001 -18"><span class='ocrx_word' id='word_1_230' title='bbox 345 3017 464 3070; x_wconf 86' lang='lat' dir='ltr'><strong>ilios</strong></span> <span class='ocrx_word' id='word_1_231' title='bbox 485 3016 710 3069; x_wconf 87' lang='lat' dir='ltr'><strong>salvaret</strong></span> <span class='ocrx_word' id='word_1_232' title='bbox 730 3055 743 3079; x_wconf 94' lang='lat'><strong>,</strong></span> <span class='ocrx_word' id='word_1_233' title='bbox 780 3015 897 3069; x_wconf 93' lang='lat' dir='ltr'><strong>illos</strong></span> <span class='ocrx_word' id='word_1_234' title='bbox 926 3017 1137 3084; x_wconf 89' lang='lat' dir='ltr'><strong>inquam</strong></span> <span class='ocrx_word' id='word_1_235' title='bbox 1159 3056 1173 3080; x_wconf 91' lang='lat'><strong>,</strong></span> <span class='ocrx_word' id='word_1_236' title='bbox 1205 3030 1232 3066; x_wconf 91' lang='lat' dir='ltr'><strong>a</strong></span> <span class='ocrx_word' id='word_1_237' title='bbox 1261 3016 1450 3084; x_wconf 90' lang='lat' dir='ltr'><strong>quibus</strong></span> <span class='ocrx_word' id='word_1_238' title='bbox 1478 3018 1762 3087; x_wconf 78' lang='lat' dir='ltr'><strong>opprobria</strong></span> <span class='ocrx_word' id='word_1_239' title='bbox 1793 3033 1917 3087; x_wconf 89' lang='lat' dir='ltr'><strong>per-</strong></span> 
     </span>
    </p>
   </div>
   <div class='ocr_carea' id='block_1_30' title="bbox 337 3105 1918 3179">
    <p class='ocr_par' dir='ltr' id='par_1_30' title="bbox 337 3105 1918 3179">
     <span class='ocr_line' id='line_1_30' title="bbox 337 3105 1918 3179; baseline -0.001 -18"><span class='ocrx_word' id='word_1_240' title='bbox 337 3108 667 3179; x_wconf 87' lang='lat' dir='ltr'><strong>petiebatur,</strong></span> <span class='ocrx_word' id='word_1_241' title='bbox 712 3105 1047 3169; x_wconf 89' lang='lat' dir='ltr'><strong>illudebatur,</strong></span> <span class='ocrx_word' id='word_1_242' title='bbox 1081 3116 1132 3159; x_wconf 92' lang='lat' dir='ltr'><strong>et</strong></span> <span class='ocrx_word' id='word_1_243' title='bbox 1167 3107 1420 3160; x_wconf 78' lang='lat' dir='ltr'><strong>conviciis</strong></span> <span class='ocrx_word' id='word_1_244' title='bbox 1457 3107 1918 3176; x_wconf 86' lang='lat' dir='ltr'><strong>proscindehatur.</strong></span> 
     </span>
    </p>
   </div>
   <div class='ocr_carea' id='block_1_31' title="bbox 337 3196 1918 3265">
    <p class='ocr_par' dir='ltr' id='par_1_31' title="bbox 337 3196 1918 3265">
     <span class='ocr_line' id='line_1_31' title="bbox 337 3196 1918 3265; baseline -0.001 -14"><span class='ocrx_word' id='word_1_245' title='bbox 337 3199 548 3251; x_wconf 79' lang='lat' dir='ltr'><strong>Dimitte</strong></span> <span class='ocrx_word' id='word_1_246' title='bbox 577 3198 700 3262; x_wconf 88' lang='lat' dir='ltr'><strong>illis,</strong></span> <span class='ocrx_word' id='word_1_247' title='bbox 730 3196 930 3265; x_wconf 91' lang='lat' dir='ltr'><strong>inquit,</strong></span> <span class='ocrx_word' id='word_1_248' title='bbox 965 3197 1058 3249; x_wconf 92' lang='lat' dir='ltr'><strong>hoc</strong></span> <span class='ocrx_word' id='word_1_249' title='bbox 1089 3207 1344 3265; x_wconf 89' lang='lat' dir='ltr'><strong>peccatum</strong></span> <span class='ocrx_word' id='word_1_250' title='bbox 1372 3212 1390 3250; x_wconf 92' lang='lat'><strong><em>:</em></strong></span> <span class='ocrx_word' id='word_1_251' title='bbox 1421 3214 1521 3250; x_wconf 87' lang='lat' dir='ltr'><strong>non</strong></span> <span class='ocrx_word' id='word_1_252' title='bbox 1560 3199 1692 3250; x_wconf 87' lang='lat' dir='ltr'><strong>enim</strong></span> <span class='ocrx_word' id='word_1_253' title='bbox 1754 3199 1918 3251; x_wconf 86' lang='lat' dir='ltr'><strong>sciunt</strong></span> 
     </span>
    </p>
   </div>
   <div class='ocr_carea' id='block_1_32' title="bbox 337 3285 1920 3357">
    <p class='ocr_par' dir='ltr' id='par_1_32' title="bbox 337 3285 1920 3357">
     <span class='ocr_line' id='line_1_32' title="bbox 337 3285 1920 3357; baseline 0.001 -16"><span class='ocrx_word' id='word_1_254' title='bbox 337 3288 459 3357; x_wconf 88' lang='lat' dir='ltr'><strong>quid</strong></span> <span class='ocrx_word' id='word_1_255' title='bbox 489 3289 700 3356; x_wconf 88' lang='lat' dir='ltr'><strong>faciunt.</strong></span> <span class='ocrx_word' id='word_1_256' title='bbox 731 3285 866 3354; x_wconf 86' lang='lat' dir='ltr'><strong>Quid</strong></span> <span class='ocrx_word' id='word_1_257' title='bbox 894 3286 1056 3356; x_wconf 88' lang='lat' dir='ltr'><strong>ergo?</strong></span> <span class='ocrx_word' id='word_1_258' title='bbox 1082 3303 1205 3339; x_wconf 92' lang='lat' dir='ltr'><strong>num</strong></span> <span class='ocrx_word' id='word_1_259' title='bbox 1241 3287 1435 3340; x_wconf 90' lang='lat' dir='ltr'><strong>dimisit</strong></span> <span class='ocrx_word' id='word_1_260' title='bbox 1470 3288 1572 3342; x_wconf 86' lang='lat' dir='ltr'><strong>illis</strong></span> <span class='ocrx_word' id='word_1_261' title='bbox 1601 3289 1920 3357; x_wconf 77' lang='lat' dir='ltr'><strong>peccatum?</strong></span> 
     </span>
    </p>
   </div>
   <div class='ocr_carea' id='block_1_33' title="bbox 343 3377 1920 3446">
    <p class='ocr_par' dir='ltr' id='par_1_33' title="bbox 343 3377 1920 3446">
     <span class='ocr_line' id='line_1_33' title="bbox 343 3377 1920 3446; baseline 0 -14"><span class='ocrx_word' id='word_1_262' title='bbox 343 3379 554 3432; x_wconf 91' lang='lat' dir='ltr'><strong>Dimisit</strong></span> <span class='ocrx_word' id='word_1_263' title='bbox 578 3378 676 3442; x_wconf 89' lang='lat' dir='ltr'><strong>eis,</strong></span> <span class='ocrx_word' id='word_1_264' title='bbox 700 3378 788 3446; x_wconf 89' lang='lat' dir='ltr'><strong>qui</strong></span> <span class='ocrx_word' id='word_1_265' title='bbox 817 3377 1182 3445; x_wconf 71' lang='lat' dir='ltr'><strong>pmnitentiam</strong></span> <span class='ocrx_word' id='word_1_266' title='bbox 1213 3377 1389 3430; x_wconf 89' lang='lat' dir='ltr'><strong>subire</strong></span> <span class='ocrx_word' id='word_1_267' title='bbox 1418 3379 1677 3433; x_wconf 79' lang='lat' dir='ltr'><strong>voluerint</strong></span> <span class='ocrx_word' id='word_1_268' title='bbox 1701 3396 1713 3430; x_wconf 88' lang='lat'><strong>:</strong></span> <span class='ocrx_word' id='word_1_269' title='bbox 1743 3380 1787 3432; x_wconf 90' lang='lat' dir='ltr'><strong>si</strong></span> <span class='ocrx_word' id='word_1_270' title='bbox 1815 3395 1920 3432; x_wconf 90' lang='lat' dir='ltr'><strong>non</strong></span> 
     </span>
    </p>
   </div>
   <div class='ocr_carea' id='block_1_34' title="bbox 339 3467 1924 3536">
    <p class='ocr_par' dir='ltr' id='par_1_34' title="bbox 339 3467 1924 3536">
     <span class='ocr_line' id='line_1_34' title="bbox 339 3467 1924 3536; baseline -0.001 -13"><span class='ocrx_word' id='word_1_271' title='bbox 339 3470 633 3524; x_wconf 86' lang='lat' dir='ltr'><strong>remisisset</strong></span> <span class='ocrx_word' id='word_1_272' title='bbox 661 3468 765 3521; x_wconf 91' lang='lat' dir='ltr'><strong>illis</strong></span> <span class='ocrx_word' id='word_1_273' title='bbox 799 3475 1104 3536; x_wconf 89' lang='lat' dir='ltr'><strong>peccatum,</strong></span> <span class='ocrx_word' id='word_1_274' title='bbox 1151 3467 1346 3519; x_wconf 76' lang='lat' dir='ltr'><strong>Paulus</strong></span> <span class='ocrx_word' id='word_1_275' title='bbox 1379 3485 1482 3520; x_wconf 87' lang='lat' dir='ltr'><strong>non</strong></span> <span class='ocrx_word' id='word_1_276' title='bbox 1524 3467 1711 3522; x_wconf 88' lang='lat' dir='ltr'><strong>fuisset</strong></span> <span class='ocrx_word' id='word_1_277' title='bbox 1753 3469 1924 3522; x_wconf 84' lang='lat' dir='ltr'><strong>factus</strong></span> 
     </span>
    </p>
   </div>
   <div class='ocr_carea' id='block_1_35' title="bbox 339 3557 1923 3630">
    <p class='ocr_par' dir='ltr' id='par_1_35' title="bbox 339 3557 1923 3630">
     <span class='ocr_line' id='line_1_35' title="bbox 339 3557 1923 3630; baseline -0.001 -16"><span class='ocrx_word' id='word_1_278' title='bbox 339 3561 612 3630; x_wconf 89' lang='lat' dir='ltr'><strong>apostolus</strong></span> <span class='ocrx_word' id='word_1_279' title='bbox 665 3577 678 3613; x_wconf 92' lang='lat'><strong>:</strong></span> <span class='ocrx_word' id='word_1_280' title='bbox 727 3559 769 3612; x_wconf 89' lang='lat' dir='ltr'><strong>si</strong></span> <span class='ocrx_word' id='word_1_281' title='bbox 817 3573 923 3610; x_wconf 92' lang='lat' dir='ltr'><strong>non</strong></span> <span class='ocrx_word' id='word_1_282' title='bbox 974 3557 1264 3610; x_wconf 88' lang='lat' dir='ltr'><strong>remisisset</strong></span> <span class='ocrx_word' id='word_1_283' title='bbox 1313 3558 1418 3611; x_wconf 75' lang='lat' dir='ltr'><strong>illis</strong></span> <span class='ocrx_word' id='word_1_284' title='bbox 1465 3569 1771 3626; x_wconf 88' lang='lat' dir='ltr'><strong>peccatum,</strong></span> <span class='ocrx_word' id='word_1_285' title='bbox 1818 3574 1923 3613; x_wconf 90' lang='lat' dir='ltr'><strong>non</strong></span> 
     </span>
    </p>
   </div>
   <div class='ocr_carea' id='block_1_36' title="bbox 341 3648 1925 3718">
    <p class='ocr_par' dir='ltr' id='par_1_36' title="bbox 341 3648 1925 3718">
     <span class='ocr_line' id='line_1_36' title="bbox 341 3648 1925 3718; baseline -0.003 -12"><span class='ocrx_word' id='word_1_286' title='bbox 341 3653 519 3706; x_wconf 89' lang='lat' dir='ltr'><strong>statim</strong></span> <span class='ocrx_word' id='word_1_287' title='bbox 551 3651 648 3705; x_wconf 87' lang='lat' dir='ltr'><strong>tria</strong></span> <span class='ocrx_word' id='word_1_288' title='bbox 677 3649 840 3702; x_wconf 91' lang='lat' dir='ltr'><strong>millia</strong></span> <span class='ocrx_word' id='word_1_289' title='bbox 869 3659 920 3702; x_wconf 91' lang='lat' dir='ltr'><strong>et</strong></span> <span class='ocrx_word' id='word_1_290' title='bbox 961 3649 1192 3718; x_wconf 89' lang='lat' dir='ltr'><strong>quinque</strong></span> <span class='ocrx_word' id='word_1_291' title='bbox 1223 3648 1382 3700; x_wconf 88' lang='lat' dir='ltr'><strong>millia</strong></span> <span class='ocrx_word' id='word_1_292' title='bbox 1415 3664 1586 3716; x_wconf 87' lang='lat' dir='ltr'><strong>neque</strong></span> <span class='ocrx_word' id='word_1_293' title='bbox 1617 3649 1796 3701; x_wconf 72' lang='lat' dir='ltr'><strong>multa)</strong></span> <span class='ocrx_word' id='word_1_294' title='bbox 1826 3649 1925 3702; x_wconf 85' lang='lat' dir='ltr'><strong>Ju-</strong></span> 
     </span>
    </p>
   </div>
   <div class='ocr_carea' id='block_1_37' title="bbox 340 3738 1924 3811">
    <p class='ocr_par' dir='ltr' id='par_1_37' title="bbox 340 3738 1924 3811">
     <span class='ocr_line' id='line_1_37' title="bbox 340 3738 1924 3811; baseline -0.003 -15"><span class='ocrx_word' id='word_1_295' title='bbox 340 3743 576 3796; x_wconf 68' lang='lat' dir='ltr'><strong>dmorum</strong></span> <span class='ocrx_word' id='word_1_296' title='bbox 594 3740 859 3811; x_wconf 83' lang='lat' dir='ltr'><strong>myriades</strong></span> <span class='ocrx_word' id='word_1_297' title='bbox 875 3747 1058 3810; x_wconf 88' lang='lat' dir='ltr'><strong>postea</strong></span> <span class='ocrx_word' id='word_1_298' title='bbox 1076 3738 1440 3792; x_wconf 76' lang='lat' dir='ltr'><strong>credidissent.</strong></span> <span class='ocrx_word' id='word_1_299' title='bbox 1475 3738 1610 3792; x_wconf 80' lang='lat' dir='ltr'><strong>Audi</strong></span> <span class='ocrx_word' id='word_1_300' title='bbox 1632 3739 1774 3791; x_wconf 88' lang='lat' dir='ltr'><strong>enim</strong></span> <span class='ocrx_word' id='word_1_301' title='bbox 1799 3738 1924 3806; x_wconf 90' lang='lat' dir='ltr'><strong>quid</strong></span> 
     </span>
    </p>
   </div>
   <div class='ocr_carea' id='block_1_38' title="bbox 342 3827 1923 3900">
    <p class='ocr_par' dir='ltr' id='par_1_38' title="bbox 342 3827 1923 3900">
     <span class='ocr_line' id='line_1_38' title="bbox 342 3827 1923 3900; baseline -0.004 -13"><span class='ocrx_word' id='word_1_302' title='bbox 342 3833 571 3887; x_wconf 85' lang='lat' dir='ltr'><strong>Jacobus</strong></span> <span class='ocrx_word' id='word_1_303' title='bbox 605 3830 954 3900; x_wconf 81' lang='lat' dir='ltr'><strong>Jerosolymis</strong></span> <span class='ocrx_word' id='word_1_304' title='bbox 997 3829 1140 3883; x_wconf 84' lang='lat' dir='ltr'><strong>dicat</strong></span> <span class='ocrx_word' id='word_1_305' title='bbox 1188 3829 1252 3882; x_wconf 93' lang='lat' dir='ltr'><strong>ad</strong></span> <span class='ocrx_word' id='word_1_306' title='bbox 1291 3829 1508 3882; x_wconf 84' lang='lat' dir='ltr'><strong>Paulum</strong></span> <span class='ocrx_word' id='word_1_307' title='bbox 1539 3848 1552 3881; x_wconf 91' lang='lat'><strong>:</strong></span> <span class='ocrx_word' id='word_1_308' title='bbox 1599 3827 1782 3893; x_wconf 85' lang='lat' dir='ltr'><strong>Vides,</strong></span> <span class='ocrx_word' id='word_1_309' title='bbox 1814 3833 1923 3897; x_wconf 85' lang='lat' dir='ltr'><strong>fra-</strong></span> 
     </span>
    </p>
   </div>
   <div class='ocr_carea' id='block_1_39' title="bbox 343 3918 1926 3992">
    <p class='ocr_par' dir='ltr' id='par_1_39' title="bbox 343 3918 1926 3992">
     <span class='ocr_line' id='line_1_39' title="bbox 343 3918 1926 3992; baseline -0.003 -17"><span class='ocrx_word' id='word_1_310' title='bbox 343 3934 450 3987; x_wconf 87' lang='lat' dir='ltr'><strong>ter,</strong></span> <span class='ocrx_word' id='word_1_311' title='bbox 522 3930 641 3992; x_wconf 89' lang='lat' dir='ltr'><strong>quot</strong></span> <span class='ocrx_word' id='word_1_312' title='bbox 704 3921 865 3974; x_wconf 86' lang='lat' dir='ltr'><strong>millia</strong></span> <span class='ocrx_word' id='word_1_313' title='bbox 925 3918 1227 3973; x_wconf 72' lang='lat' dir='ltr'><strong>Judworum</strong></span> <span class='ocrx_word' id='word_1_314' title='bbox 1270 3928 1422 3986; x_wconf 79' lang='lat' dir='ltr'><strong>sum,</strong></span> <span class='ocrx_word' id='word_1_315' title='bbox 1488 3921 1570 3990; x_wconf 86' lang='lat' dir='ltr'><strong>qui</strong></span> <span class='ocrx_word' id='word_1_316' title='bbox 1607 3919 1926 3973; x_wconf 85' lang='lat' dir='ltr'><strong>crediderunt</strong></span> 
     </span>
    </p>
   </div>
   <div class='ocr_carea' id='block_1_40' title="bbox 343 4011 744 4084">
    <p class='ocr_par' dir='ltr' id='par_1_40' title="bbox 343 4011 744 4084">
     <span class='ocr_line' id='line_1_40' title="bbox 343 4011 744 4084; baseline -0.007 -18"><span class='ocrx_word' id='word_1_317' title='bbox 343 4014 479 4084; x_wconf 81' lang='lat' dir='ltr'><strong>(Act.</strong></span> <span class='ocrx_word' id='word_1_318' title='bbox 508 4011 598 4066; x_wconf 76' lang='lat' dir='ltr'><strong>2i.</strong></span> <span class='ocrx_word' id='word_1_319' title='bbox 626 4011 744 4084; x_wconf 85' lang='lat'><strong>20).</strong></span> 
     </span>
    </p>
   </div>
   <div class='ocr_carea' id='block_1_41' title="bbox 415 4102 1931 4173">
    <p class='ocr_par' dir='ltr' id='par_1_41' title="bbox 415 4102 1931 4173">
     <span class='ocr_line' id='line_1_41' title="bbox 415 4102 1931 4173; baseline -0.003 -14"><span class='ocrx_word' id='word_1_320' title='bbox 415 4104 674 4173; x_wconf 83' lang='lat' dir='ltr'><strong>Frequens</strong></span> <span class='ocrx_word' id='word_1_321' title='bbox 699 4105 831 4157; x_wconf 91' lang='lat' dir='ltr'><strong>circa</strong></span> <span class='ocrx_word' id='word_1_322' title='bbox 853 4103 1126 4156; x_wconf 89' lang='lat' dir='ltr'><strong>orationem</strong></span> <span class='ocrx_word' id='word_1_323' title='bbox 1156 4119 1247 4173; x_wconf 86' lang='lat' dir='ltr'><strong>pro</strong></span> <span class='ocrx_word' id='word_1_324' title='bbox 1279 4102 1494 4156; x_wconf 88' lang='lat' dir='ltr'><strong>inimicis</strong></span> <span class='ocrx_word' id='word_1_325' title='bbox 1542 4104 1840 4158; x_wconf 87' lang='lat' dir='ltr'><strong>admonitio.</strong></span> <span class='ocrx_word' id='word_1_326' title='bbox 1860 4134 1931 4144; x_wconf 91' lang='lat'><strong>-—</strong></span> 
     </span>
    </p>
   </div>
   <div class='ocr_carea' id='block_1_42' title="bbox 350 4193 1928 4264">
    <p class='ocr_par' dir='ltr' id='par_1_42' title="bbox 350 4193 1928 4264">
     <span class='ocr_line' id='line_1_42' title="bbox 350 4193 1928 4264; baseline -0.002 -14"><span class='ocrx_word' id='word_1_327' title='bbox 350 4195 624 4250; x_wconf 89' lang='lat' dir='ltr'><strong>Imitemur</strong></span> <span class='ocrx_word' id='word_1_328' title='bbox 647 4195 805 4264; x_wconf 79' lang='lat' dir='ltr'><strong>igitur</strong></span> <span class='ocrx_word' id='word_1_329' title='bbox 827 4202 881 4248; x_wconf 89' lang='lat' dir='ltr'><strong>et</strong></span> <span class='ocrx_word' id='word_1_330' title='bbox 907 4209 1004 4246; x_wconf 94' lang='lat' dir='ltr'><strong>nos</strong></span> <span class='ocrx_word' id='word_1_331' title='bbox 1030 4193 1331 4256; x_wconf 90' lang='lat' dir='ltr'><strong>Dominum,</strong></span> <span class='ocrx_word' id='word_1_332' title='bbox 1358 4202 1412 4246; x_wconf 91' lang='lat' dir='ltr'><strong>et</strong></span> <span class='ocrx_word' id='word_1_333' title='bbox 1430 4208 1523 4261; x_wconf 92' lang='lat' dir='ltr'><strong>pro</strong></span> <span class='ocrx_word' id='word_1_334' title='bbox 1546 4194 1773 4247; x_wconf 90' lang='lat' dir='ltr'><strong>inimicis</strong></span> <span class='ocrx_word' id='word_1_335' title='bbox 1805 4209 1928 4261; x_wconf 86' lang='lat' dir='ltr'><strong>pre-</strong></span> 
     </span>
    </p>
   </div>
   <div class='ocr_carea' id='block_1_43' title="bbox 347 4281 1926 4351">
    <p class='ocr_par' dir='ltr' id='par_1_43' title="bbox 347 4281 1926 4351">
     <span class='ocr_line' id='line_1_43' title="bbox 347 4281 1926 4351; baseline -0.002 -12"><span class='ocrx_word' id='word_1_336' title='bbox 347 4300 550 4340; x_wconf 91' lang='lat' dir='ltr'><strong>cemur.</strong></span> <span class='ocrx_word' id='word_1_337' title='bbox 583 4283 712 4351; x_wconf 78' lang='lat' dir='ltr'><strong>Qua:</strong></span> <span class='ocrx_word' id='word_1_338' title='bbox 740 4282 853 4336; x_wconf 90' lang='lat' dir='ltr'><strong>heri</strong></span> <span class='ocrx_word' id='word_1_339' title='bbox 881 4283 1083 4346; x_wconf 91' lang='lat' dir='ltr'><strong>monui,</strong></span> <span class='ocrx_word' id='word_1_340' title='bbox 1107 4281 1415 4336; x_wconf 88' lang='lat' dir='ltr'><strong>eorumdem</strong></span> <span class='ocrx_word' id='word_1_341' title='bbox 1442 4289 1496 4336; x_wconf 91' lang='lat' dir='ltr'><strong>et</strong></span> <span class='ocrx_word' id='word_1_342' title='bbox 1521 4298 1663 4336; x_wconf 91' lang='lat' dir='ltr'><strong>nunc</strong></span> <span class='ocrx_word' id='word_1_343' title='bbox 1692 4299 1926 4336; x_wconf 81' lang='lat' dir='ltr'><strong>commo-</strong></span> 
     </span>
    </p>
   </div>
   <div class='ocr_carea' id='block_1_44' title="bbox 339 4370 1928 4440">
    <p class='ocr_par' dir='ltr' id='par_1_44' title="bbox 339 4370 1928 4440">
     <span class='ocr_line' id='line_1_44' title="bbox 339 4370 1928 4440; baseline -0.003 -10"><span class='ocrx_word' id='word_1_344' title='bbox 339 4374 576 4440; x_wconf 80' lang='lat' dir='ltr'><strong>nefacio,</strong></span> <span class='ocrx_word' id='word_1_345' title='bbox 608 4373 784 4427; x_wconf 90' lang='lat' dir='ltr'><strong>sciens</strong></span> <span class='ocrx_word' id='word_1_346' title='bbox 810 4372 1062 4440; x_wconf 56' lang='lat' dir='ltr'><strong>praeclare</strong></span> <span class='ocrx_word' id='word_1_347' title='bbox 1093 4370 1216 4424; x_wconf 91' lang='lat' dir='ltr'><strong>facti</strong></span> <span class='ocrx_word' id='word_1_348' title='bbox 1248 4371 1662 4440; x_wconf 78' lang='lat' dir='ltr'><strong>magnitudinem</strong></span> <span class='ocrx_word' id='word_1_349' title='bbox 1681 4413 1698 4438; x_wconf 91' lang='lat'><strong>,</strong></span> <span class='ocrx_word' id='word_1_350' title='bbox 1722 4373 1928 4427; x_wconf 87' lang='lat' dir='ltr'><strong>imitare</strong></span> 
     </span>
    </p>
   </div>
   <div class='ocr_carea' id='block_1_45' title="bbox 348 4460 1932 4532">
    <p class='ocr_par' dir='ltr' id='par_1_45' title="bbox 348 4460 1932 4532">
     <span class='ocr_line' id='line_1_45' title="bbox 348 4460 1932 4532; baseline -0.002 -13"><span class='ocrx_word' id='word_1_351' title='bbox 348 4475 497 4519; x_wconf 93' lang='lat' dir='ltr'><strong>tuum</strong></span> <span class='ocrx_word' id='word_1_352' title='bbox 528 4463 831 4517; x_wconf 91' lang='lat' dir='ltr'><strong>Dominum.</strong></span> <span class='ocrx_word' id='word_1_353' title='bbox 859 4461 951 4514; x_wconf 91' lang='lat' dir='ltr'><strong>Ille</strong></span> <span class='ocrx_word' id='word_1_354' title='bbox 972 4460 1397 4530; x_wconf 86' lang='lat' dir='ltr'><strong>cruciﬁgebatur,</strong></span> <span class='ocrx_word' id='word_1_355' title='bbox 1422 4471 1476 4517; x_wconf 91' lang='lat' dir='ltr'><strong>et</strong></span> <span class='ocrx_word' id='word_1_356' title='bbox 1499 4477 1594 4532; x_wconf 91' lang='lat' dir='ltr'><strong>pro</strong></span> <span class='ocrx_word' id='word_1_357' title='bbox 1614 4463 1932 4532; x_wconf 86' lang='lat' dir='ltr'><strong>cruciﬁgen-</strong></span> 
     </span>
    </p>
   </div>
   <div class='ocr_carea' id='block_1_46' title="bbox 351 4552 1930 4623">
    <p class='ocr_par' dir='ltr' id='par_1_46' title="bbox 351 4552 1930 4623">
     <span class='ocr_line' id='line_1_46' title="bbox 351 4552 1930 4623; baseline -0.001 -13"><span class='ocrx_word' id='word_1_358' title='bbox 351 4557 490 4612; x_wconf 90' lang='lat' dir='ltr'><strong>tibus</strong></span> <span class='ocrx_word' id='word_1_359' title='bbox 517 4556 718 4610; x_wconf 89' lang='lat' dir='ltr'><strong>orabat.</strong></span> <span class='ocrx_word' id='word_1_360' title='bbox 747 4555 814 4608; x_wconf 87' lang='lat' dir='ltr'><strong>Et</strong></span> <span class='ocrx_word' id='word_1_361' title='bbox 842 4552 1109 4622; x_wconf 93' lang='lat' dir='ltr'><strong>quomodo</strong></span> <span class='ocrx_word' id='word_1_362' title='bbox 1140 4568 1378 4622; x_wconf 91' lang='lat' dir='ltr'><strong>possum,</strong></span> <span class='ocrx_word' id='word_1_363' title='bbox 1412 4555 1618 4623; x_wconf 92' lang='lat' dir='ltr'><strong>inquis,</strong></span> <span class='ocrx_word' id='word_1_364' title='bbox 1654 4556 1930 4609; x_wconf 90' lang='lat' dir='ltr'><strong>Dominum</strong></span> 
     </span>
    </p>
   </div>
   <div class='ocr_carea' id='block_1_47' title="bbox 350 4644 1930 4714">
    <p class='ocr_par' dir='ltr' id='par_1_47' title="bbox 350 4644 1930 4714">
     <span class='ocr_line' id='line_1_47' title="bbox 350 4644 1930 4714; baseline -0.001 -14"><span class='ocrx_word' id='word_1_365' title='bbox 350 4648 581 4702; x_wconf 89' lang='lat' dir='ltr'><strong>imitari?</strong></span> <span class='ocrx_word' id='word_1_366' title='bbox 621 4646 676 4702; x_wconf 91' lang='lat' dir='ltr'><strong>Si</strong></span> <span class='ocrx_word' id='word_1_367' title='bbox 720 4646 851 4700; x_wconf 87' lang='lat' dir='ltr'><strong>velis</strong></span> <span class='ocrx_word' id='word_1_368' title='bbox 876 4686 890 4711; x_wconf 96' lang='lat'><strong>,</strong></span> <span class='ocrx_word' id='word_1_369' title='bbox 919 4655 1072 4714; x_wconf 88' lang='lat' dir='ltr'><strong>potes</strong></span> <span class='ocrx_word' id='word_1_370' title='bbox 1121 4662 1133 4697; x_wconf 93' lang='lat'><strong>:</strong></span> <span class='ocrx_word' id='word_1_371' title='bbox 1171 4645 1214 4697; x_wconf 93' lang='lat' dir='ltr'><strong>si</strong></span> <span class='ocrx_word' id='word_1_372' title='bbox 1261 4644 1374 4698; x_wconf 85' lang='lat' dir='ltr'><strong>fieri</strong></span> <span class='ocrx_word' id='word_1_373' title='bbox 1419 4660 1526 4698; x_wconf 92' lang='lat' dir='ltr'><strong>non</strong></span> <span class='ocrx_word' id='word_1_374' title='bbox 1557 4655 1772 4713; x_wconf 82' lang='lat' dir='ltr'><strong>posset,</strong></span> <span class='ocrx_word' id='word_1_375' title='bbox 1824 4663 1930 4699; x_wconf 88' lang='lat' dir='ltr'><strong>non</strong></span> 
     </span>
    </p>
   </div>
   <div class='ocr_carea' id='block_1_48' title="bbox 348 4735 1932 4803">
    <p class='ocr_par' dir='ltr' id='par_1_48' title="bbox 348 4735 1932 4803">
     <span class='ocr_line' id='line_1_48' title="bbox 348 4735 1932 4803; baseline -0.002 -12"><span class='ocrx_word' id='word_1_376' title='bbox 348 4737 594 4801; x_wconf 82' lang='lat' dir='ltr'><strong>dixisset,</strong></span> <span class='ocrx_word' id='word_1_377' title='bbox 626 4735 817 4790; x_wconf 82' lang='lat' dir='ltr'><strong>Discite</strong></span> <span class='ocrx_word' id='word_1_378' title='bbox 837 4751 868 4787; x_wconf 90' lang='lat' dir='ltr'><strong>a</strong></span> <span class='ocrx_word' id='word_1_379' title='bbox 906 4751 983 4786; x_wconf 91' lang='lat' dir='ltr'><strong>me</strong></span> <span class='ocrx_word' id='word_1_380' title='bbox 1011 4735 1132 4803; x_wconf 88' lang='lat' dir='ltr'><strong>quia</strong></span> <span class='ocrx_word' id='word_1_381' title='bbox 1162 4735 1294 4787; x_wconf 90' lang='lat' dir='ltr'><strong>mitis</strong></span> <span class='ocrx_word' id='word_1_382' title='bbox 1317 4751 1428 4787; x_wconf 90' lang='lat' dir='ltr'><strong>sum</strong></span> <span class='ocrx_word' id='word_1_383' title='bbox 1465 4745 1509 4788; x_wconf 90' lang='lat' dir='ltr'><strong>et</strong></span> <span class='ocrx_word' id='word_1_384' title='bbox 1548 4736 1748 4787; x_wconf 86' lang='lat' dir='ltr'><strong>humilis</strong></span> <span class='ocrx_word' id='word_1_385' title='bbox 1782 4737 1932 4788; x_wconf 89' lang='lat' dir='ltr'><strong>corde</strong></span> 
     </span>
    </p>
   </div>
   <div class='ocr_carea' id='block_1_49' title="bbox 351 4826 1930 4899">
    <p class='ocr_par' dir='ltr' id='par_1_49' title="bbox 351 4826 1930 4899">
     <span class='ocr_line' id='line_1_49' title="bbox 351 4826 1930 4899; baseline -0.002 -16"><span class='ocrx_word' id='word_1_386' title='bbox 351 4829 568 4899; x_wconf 72' lang='lat' dir='ltr'><strong>(Matth.</strong></span> <span class='ocrx_word' id='word_1_387' title='bbox 595 4831 680 4882; x_wconf 82' lang='grc'><strong>11.</strong></span> <span class='ocrx_word' id='word_1_388' title='bbox 711 4828 805 4899; x_wconf 87' lang='lat'><strong>29)</strong></span> <span class='ocrx_word' id='word_1_389' title='bbox 834 4845 846 4880; x_wconf 93' lang='lat'>:</span> <span class='ocrx_word' id='word_1_390' title='bbox 879 4826 924 4881; x_wconf 95' lang='lat' dir='ltr'><strong>si</strong></span> <span class='ocrx_word' id='word_1_391' title='bbox 956 4826 1115 4878; x_wconf 92' lang='lat' dir='ltr'><strong>homo</strong></span> <span class='ocrx_word' id='word_1_392' title='bbox 1142 4827 1336 4879; x_wconf 89' lang='lat' dir='ltr'><strong>imitari</strong></span> <span class='ocrx_word' id='word_1_393' title='bbox 1369 4841 1474 4880; x_wconf 90' lang='lat' dir='ltr'><strong>non</strong></span> <span class='ocrx_word' id='word_1_394' title='bbox 1504 4827 1792 4895; x_wconf 89' lang='lat' dir='ltr'><strong>potuisset,</strong></span> <span class='ocrx_word' id='word_1_395' title='bbox 1825 4841 1930 4880; x_wconf 90' lang='lat' dir='ltr'><strong>non</strong></span> 
     </span>
    </p>
   </div>
   <div class='ocr_carea' id='block_1_50' title="bbox 351 4917 1932 4988">
    <p class='ocr_par' dir='ltr' id='par_1_50' title="bbox 351 4917 1932 4988">
     <span class='ocr_line' id='line_1_50' title="bbox 351 4917 1932 4988; baseline -0.003 -12"><span class='ocrx_word' id='word_1_396' title='bbox 351 4921 571 4976; x_wconf 79' lang='lat' dir='ltr'><strong>dixisset</strong></span> <span class='ocrx_word' id='word_1_397' title='bbox 607 4920 843 4975; x_wconf 82' lang='lat' dir='ltr'><strong>I‘aulus:</strong></span> <span class='ocrx_word' id='word_1_398' title='bbox 886 4917 1175 4971; x_wconf 88' lang='lat' dir='ltr'><strong>Imitatores</strong></span> <span class='ocrx_word' id='word_1_399' title='bbox 1217 4919 1314 4970; x_wconf 88' lang='lat' dir='ltr'><strong>mei</strong></span> <span class='ocrx_word' id='word_1_400' title='bbox 1363 4927 1548 4984; x_wconf 87' lang='lat' dir='ltr'><strong>estote,</strong></span> <span class='ocrx_word' id='word_1_401' title='bbox 1592 4919 1720 4970; x_wconf 85' lang='lat' dir='ltr'><strong>sicut</strong></span> <span class='ocrx_word' id='word_1_402' title='bbox 1762 4929 1807 4971; x_wconf 91' lang='lat' dir='ltr'><strong>et</strong></span> <span class='ocrx_word' id='word_1_403' title='bbox 1845 4935 1932 4988; x_wconf 86' lang='lat' dir='ltr'><strong>ego</strong></span> 
     </span>
    </p>
   </div>
   <div class='ocr_carea' id='block_1_51' title="bbox 351 5009 1932 5082">
    <p class='ocr_par' dir='ltr' id='par_1_51' title="bbox 351 5009 1932 5082">
     <span class='ocr_line' id='line_1_51' title="bbox 351 5009 1932 5082; baseline -0.004 -13"><span class='ocrx_word' id='word_1_404' title='bbox 351 5011 541 5069; x_wconf 78' lang='lat' dir='ltr'><strong>Christi</strong></span> <span class='ocrx_word' id='word_1_405' title='bbox 569 5009 643 5082; x_wconf 87' lang='lat' dir='ltr'><strong>(I.</strong></span> <span class='ocrx_word' id='word_1_406' title='bbox 667 5009 787 5066; x_wconf 89' lang='lat' dir='ltr'><strong>Cor.</strong></span> <span class='ocrx_word' id='word_1_407' title='bbox 815 5013 900 5066; x_wconf 89' lang='grc'><strong>11.</strong></span> <span class='ocrx_word' id='word_1_408' title='bbox 933 5011 1008 5077; x_wconf 89' lang='grc'><strong>1).</strong></span> <span class='ocrx_word' id='word_1_409' title='bbox 1027 5010 1286 5064; x_wconf 69' lang='lat' dir='ltr'><strong>Ctnterum</strong></span> <span class='ocrx_word' id='word_1_410' title='bbox 1306 5011 1350 5064; x_wconf 89' lang='lat' dir='ltr'><strong>si</strong></span> <span class='ocrx_word' id='word_1_411' title='bbox 1383 5011 1518 5063; x_wconf 90' lang='lat' dir='ltr'><strong>nolis</strong></span> <span class='ocrx_word' id='word_1_412' title='bbox 1539 5011 1728 5062; x_wconf 91' lang='lat' dir='ltr'><strong>imitari</strong></span> <span class='ocrx_word' id='word_1_413' title='bbox 1752 5010 1932 5062; x_wconf 90' lang='lat' dir='ltr'><strong>Domi-</strong></span> 
     </span>
    </p>
   </div>
   <div class='ocr_carea' id='block_1_52' title="bbox 354 5100 1932 5170">
    <p class='ocr_par' dir='ltr' id='par_1_52' title="bbox 354 5100 1932 5170">
     <span class='ocr_line' id='line_1_52' title="bbox 354 5100 1932 5170; baseline -0.002 -13"><span class='ocrx_word' id='word_1_414' title='bbox 354 5119 500 5166; x_wconf 92' lang='lat' dir='ltr'><strong>num,</strong></span> <span class='ocrx_word' id='word_1_415' title='bbox 526 5102 733 5156; x_wconf 90' lang='lat' dir='ltr'><strong>imitare</strong></span> <span class='ocrx_word' id='word_1_416' title='bbox 747 5117 1086 5166; x_wconf 87' lang='lat' dir='ltr'><strong>conservum,</strong></span> <span class='ocrx_word' id='word_1_417' title='bbox 1110 5100 1436 5170; x_wconf 85' lang='lat' dir='ltr'><strong>Stephanum</strong></span> <span class='ocrx_word' id='word_1_418' title='bbox 1459 5101 1600 5167; x_wconf 90' lang='lat' dir='ltr'><strong>dico,</strong></span> <span class='ocrx_word' id='word_1_419' title='bbox 1625 5101 1710 5170; x_wconf 92' lang='lat' dir='ltr'><strong>qui</strong></span> <span class='ocrx_word' id='word_1_420' title='bbox 1733 5101 1932 5170; x_wconf 91' lang='lat' dir='ltr'><strong>primus</strong></span> 
     </span>
    </p>
   </div>
   <div class='ocr_carea' id='block_1_53' title="bbox 358 5191 1927 5265">
    <p class='ocr_par' dir='ltr' id='par_1_53' title="bbox 358 5191 1927 5265">
     <span class='ocr_line' id='line_1_53' title="bbox 358 5191 1927 5265; baseline -0.004 -16"><span class='ocrx_word' id='word_1_421' title='bbox 358 5193 596 5265; x_wconf 85' lang='lat' dir='ltr'><strong>martyrii</strong></span> <span class='ocrx_word' id='word_1_422' title='bbox 639 5191 780 5247; x_wconf 87' lang='lat' dir='ltr'><strong>fores</strong></span> <span class='ocrx_word' id='word_1_423' title='bbox 818 5195 1026 5262; x_wconf 86' lang='lat' dir='ltr'><strong>aperuit</strong></span> <span class='ocrx_word' id='word_1_424' title='bbox 1055 5211 1065 5244; x_wconf 94' lang='lat'>:</span> <span class='ocrx_word' id='word_1_425' title='bbox 1093 5193 1196 5262; x_wconf 76' lang='lat' dir='ltr'><strong>[ille</strong></span> <span class='ocrx_word' id='word_1_426' title='bbox 1229 5191 1508 5244; x_wconf 91' lang='lat' dir='ltr'><strong>Dominum</strong></span> <span class='ocrx_word' id='word_1_427' title='bbox 1551 5193 1786 5245; x_wconf 90' lang='lat' dir='ltr'><strong>imitatus</strong></span> <span class='ocrx_word' id='word_1_428' title='bbox 1828 5199 1927 5245; x_wconf 91' lang='lat' dir='ltr'><strong>est.</strong></span> 
     </span>
    </p>
   </div>
   <div class='ocr_carea' id='block_1_54' title="bbox 356 5281 1933 5353">
    <p class='ocr_par' dir='ltr' id='par_1_54' title="bbox 356 5281 1933 5353">
     <span class='ocr_line' id='line_1_54' title="bbox 356 5281 1933 5353; baseline -0.003 -13"><span class='ocrx_word' id='word_1_429' title='bbox 356 5283 813 5353; x_wconf 87' lang='lat' dir='ltr'><strong>Quemadmodum</strong></span> <span class='ocrx_word' id='word_1_430' title='bbox 862 5284 1004 5337; x_wconf 92' lang='lat' dir='ltr'><strong>enim</strong></span> <span class='ocrx_word' id='word_1_431' title='bbox 1047 5283 1300 5338; x_wconf 92' lang='lat' dir='ltr'><strong>Dominus</strong></span> <span class='ocrx_word' id='word_1_432' title='bbox 1340 5281 1477 5334; x_wconf 89' lang='lat' dir='ltr'><strong>inter</strong></span> <span class='ocrx_word' id='word_1_433' title='bbox 1505 5297 1629 5346; x_wconf 91' lang='lat' dir='ltr'><strong>eos,</strong></span> <span class='ocrx_word' id='word_1_434' title='bbox 1674 5298 1703 5335; x_wconf 90' lang='lat' dir='ltr'><strong>a</strong></span> <span class='ocrx_word' id='word_1_435' title='bbox 1744 5282 1933 5351; x_wconf 90' lang='lat' dir='ltr'><strong>quibus</strong></span> 
     </span>
    </p>
   </div>
   <div class='ocr_carea' id='block_1_55' title="bbox 353 5372 1930 5443">
    <p class='ocr_par' dir='ltr' id='par_1_55' title="bbox 353 5372 1930 5443">
     <span class='ocr_line' id='line_1_55' title="bbox 353 5372 1930 5443; baseline -0.006 -11"><span class='ocrx_word' id='word_1_436' title='bbox 353 5377 640 5432; x_wconf 88' lang='lat' dir='ltr'><strong>crucilixus</strong></span> <span class='ocrx_word' id='word_1_437' title='bbox 668 5372 868 5437; x_wconf 90' lang='lat' dir='ltr'><strong>fuerat,</strong></span> <span class='ocrx_word' id='word_1_438' title='bbox 911 5387 1201 5440; x_wconf 90' lang='lat' dir='ltr'><strong>suspensus</strong></span> <span class='ocrx_word' id='word_1_439' title='bbox 1233 5388 1326 5443; x_wconf 91' lang='lat' dir='ltr'><strong>pro</strong></span> <span class='ocrx_word' id='word_1_440' title='bbox 1351 5372 1780 5440; x_wconf 77' lang='lat' dir='ltr'><strong>crucifigentibus</strong></span> <span class='ocrx_word' id='word_1_441' title='bbox 1809 5386 1930 5424; x_wconf 89' lang='lat' dir='ltr'><strong>ora-</strong></span> 
     </span>
    </p>
   </div>
   <div class='ocr_carea' id='block_1_56' title="bbox 357 5461 1930 5532">
    <p class='ocr_par' dir='ltr' id='par_1_56' title="bbox 357 5461 1930 5532">
     <span class='ocr_line' id='line_1_56' title="bbox 357 5461 1930 5532; baseline -0.004 -12"><span class='ocrx_word' id='word_1_442' title='bbox 357 5467 477 5532; x_wconf 86' lang='lat' dir='ltr'><strong>bat;</strong></span> <span class='ocrx_word' id='word_1_443' title='bbox 509 5466 592 5520; x_wconf 92' lang='lat' dir='ltr'><strong>sic</strong></span> <span class='ocrx_word' id='word_1_444' title='bbox 629 5474 683 5520; x_wconf 91' lang='lat' dir='ltr'><strong>et</strong></span> <span class='ocrx_word' id='word_1_445' title='bbox 723 5479 908 5519; x_wconf 90' lang='lat' dir='ltr'><strong>servus</strong></span> <span class='ocrx_word' id='word_1_446' title='bbox 950 5463 1088 5517; x_wconf 88' lang='lat' dir='ltr'><strong>inter</strong></span> <span class='ocrx_word' id='word_1_447' title='bbox 1112 5479 1242 5528; x_wconf 91' lang='lat' dir='ltr'><strong>eos,</strong></span> <span class='ocrx_word' id='word_1_448' title='bbox 1287 5479 1318 5517; x_wconf 92' lang='lat' dir='ltr'><strong>a</strong></span> <span class='ocrx_word' id='word_1_449' title='bbox 1347 5462 1535 5532; x_wconf 93' lang='lat' dir='ltr'><strong>quibus</strong></span> <span class='ocrx_word' id='word_1_450' title='bbox 1579 5461 1930 5527; x_wconf 84' lang='lat' dir='ltr'><strong>lapidabatur,</strong></span> 
     </span>
    </p>
   </div>
   <div class='ocr_carea' id='block_1_57' title="bbox 355 5552 1934 5622">
    <p class='ocr_par' dir='ltr' id='par_1_57' title="bbox 355 5552 1934 5622">
     <span class='ocr_line' id='line_1_57' title="bbox 355 5552 1934 5622; baseline -0.004 -12"><span class='ocrx_word' id='word_1_451' title='bbox 355 5557 692 5622; x_wconf 90' lang='lat' dir='ltr'><strong>constitutus,</strong></span> <span class='ocrx_word' id='word_1_452' title='bbox 716 5565 768 5610; x_wconf 91' lang='lat' dir='ltr'><strong>et</strong></span> <span class='ocrx_word' id='word_1_453' title='bbox 800 5555 866 5608; x_wconf 89' lang='lat' dir='ltr'><strong>ab</strong></span> <span class='ocrx_word' id='word_1_454' title='bbox 885 5553 1030 5608; x_wconf 93' lang='lat' dir='ltr'><strong>omni</strong></span> <span class='ocrx_word' id='word_1_455' title='bbox 1062 5554 1215 5607; x_wconf 89' lang='lat' dir='ltr'><strong>turba</strong></span> <span class='ocrx_word' id='word_1_456' title='bbox 1245 5554 1504 5622; x_wconf 87' lang='lat' dir='ltr'><strong>lapidibus</strong></span> <span class='ocrx_word' id='word_1_457' title='bbox 1525 5554 1785 5620; x_wconf 89' lang='lat' dir='ltr'><strong>appetitus</strong></span> <span class='ocrx_word' id='word_1_458' title='bbox 1806 5592 1820 5616; x_wconf 95' lang='lat'><strong>,</strong></span> <span class='ocrx_word' id='word_1_459' title='bbox 1854 5552 1934 5605; x_wconf 85' lang='lat' dir='ltr'><strong>la-</strong></span> 
     </span>
    </p>
   </div>
   <div class='ocr_carea' id='block_1_58' title="bbox 357 5643 1935 5718">
    <p class='ocr_par' dir='ltr' id='par_1_58' title="bbox 357 5643 1935 5718">
     <span class='ocr_line' id='line_1_58' title="bbox 357 5643 1935 5718; baseline -0.001 -19"><span class='ocrx_word' id='word_1_460' title='bbox 357 5647 620 5718; x_wconf 88' lang='lat' dir='ltr'><strong>pidesque</strong></span> <span class='ocrx_word' id='word_1_461' title='bbox 683 5645 818 5699; x_wconf 89' lang='lat' dir='ltr'><strong>nivis</strong></span> <span class='ocrx_word' id='word_1_462' title='bbox 859 5645 1025 5699; x_wconf 90' lang='lat' dir='ltr'><strong>instar</strong></span> <span class='ocrx_word' id='word_1_463' title='bbox 1052 5643 1316 5698; x_wconf 91' lang='lat' dir='ltr'><strong>irruentes</strong></span> <span class='ocrx_word' id='word_1_464' title='bbox 1343 5645 1642 5712; x_wconf 85' lang='lat' dir='ltr'><strong>excipiens,</strong></span> <span class='ocrx_word' id='word_1_465' title='bbox 1683 5643 1935 5713; x_wconf 79' lang='lat' dir='ltr'><strong>neglectis</strong></span> 
     </span>
    </p>
   </div>
   <div class='ocr_carea' id='block_1_59' title="bbox 359 5735 1936 5806">
    <p class='ocr_par' dir='ltr' id='par_1_59' title="bbox 359 5735 1936 5806">
     <span class='ocr_line' id='line_1_59' title="bbox 359 5735 1936 5806; baseline 0 -16"><span class='ocrx_word' id='word_1_466' title='bbox 359 5737 447 5806; x_wconf 88' lang='lat' dir='ltr'><strong>qui</strong></span> <span class='ocrx_word' id='word_1_467' title='bbox 489 5737 612 5792; x_wconf 90' lang='lat' dir='ltr'><strong>inde</strong></span> <span class='ocrx_word' id='word_1_468' title='bbox 637 5738 946 5792; x_wconf 91' lang='lat' dir='ltr'><strong>oriebantur</strong></span> <span class='ocrx_word' id='word_1_469' title='bbox 969 5735 1270 5799; x_wconf 91' lang='lat' dir='ltr'><strong>doloribus,</strong></span> <span class='ocrx_word' id='word_1_470' title='bbox 1303 5735 1512 5790; x_wconf 91' lang='lat' dir='ltr'><strong>dicebat</strong></span> <span class='ocrx_word' id='word_1_471' title='bbox 1541 5753 1554 5787; x_wconf 90' lang='lat'><strong>:</strong></span> <span class='ocrx_word' id='word_1_472' title='bbox 1597 5735 1815 5789; x_wconf 87' lang='lat' dir='ltr'><strong>Domine</strong></span> <span class='ocrx_word' id='word_1_473' title='bbox 1837 5778 1850 5796; x_wconf 89' lang='lat'><strong>,</strong></span> <span class='ocrx_word' id='word_1_474' title='bbox 1874 5753 1936 5790; x_wconf 90' lang='lat' dir='ltr'><strong>ne</strong></span> 
     </span>
    </p>
   </div>
   <div class='ocr_carea' id='block_1_60' title="bbox 361 5828 1932 5898">
    <p class='ocr_par' dir='ltr' id='par_1_60' title="bbox 361 5828 1932 5898">
     <span class='ocr_line' id='line_1_60' title="bbox 361 5828 1932 5898; baseline 0.003 -18"><span class='ocrx_word' id='word_1_475' title='bbox 361 5836 550 5881; x_wconf 78' lang='lat' dir='ltr'><strong>statuas</strong></span> <span class='ocrx_word' id='word_1_476' title='bbox 575 5829 676 5883; x_wconf 88' lang='lat' dir='ltr'><strong>illis</strong></span> <span class='ocrx_word' id='word_1_477' title='bbox 703 5829 797 5882; x_wconf 89' lang='lat' dir='ltr'><strong>hoc</strong></span> <span class='ocrx_word' id='word_1_478' title='bbox 827 5838 1080 5896; x_wconf 80' lang='lat' dir='ltr'><strong>peccatum</strong></span> <span class='ocrx_word' id='word_1_479' title='bbox 1108 5828 1243 5896; x_wconf 82' lang='lat' dir='ltr'><strong>(Act.</strong></span> <span class='ocrx_word' id='word_1_480' title='bbox 1271 5828 1323 5880; x_wconf 89' lang='lat'><strong>7.</strong></span> <span class='ocrx_word' id='word_1_481' title='bbox 1354 5828 1470 5898; x_wconf 83' lang='lat'><strong>59).</strong></span> <span class='ocrx_word' id='word_1_482' title='bbox 1501 5828 1707 5896; x_wconf 81' lang='lat' dir='ltr'><strong>Vidisti,</strong></span> <span class='ocrx_word' id='word_1_483' title='bbox 1743 5830 1932 5897; x_wconf 86' lang='lat' dir='ltr'><strong>quibus</strong></span> 
     </span>
    </p>
   </div>
   <div class='ocr_carea' id='block_1_61' title="bbox 696 5920 1387 5981">
    <p class='ocr_par' dir='ltr' id='par_1_61' title="bbox 696 5920 1387 5981">
     <span class='ocr_line' id='line_1_61' title="bbox 696 5920 1387 5981; baseline 0.003 -3"><span class='ocrx_word' id='word_1_484' title='bbox 696 5921 956 5979; x_wconf 68' lang='lat' dir='ltr'><strong>Psrnoc.</strong></span> <span class='ocrx_word' id='word_1_485' title='bbox 1004 5920 1118 5980; x_wconf 78' lang='lat' dir='ltr'><strong>Gn.</strong></span> <span class='ocrx_word' id='word_1_486' title='bbox 1168 5921 1387 5981; x_wconf 74' lang='lat' dir='ltr'><strong>XLIX.</strong></span> 
     </span>
    </p>
   </div>
   <div class='ocr_carea' id='block_1_62' title="bbox 1367 443 2571 518">
    <p class='ocr_par' dir='ltr' id='par_1_62' title="bbox 1367 443 2571 518">
     <span class='ocr_line' id='line_1_62' title="bbox 1367 443 2571 518; baseline -0.018 0"><span class='ocrx_word' id='word_1_487' title='bbox 1367 465 1450 518; x_wconf 83' lang='lat' dir='ltr'><strong>DE</strong></span> <span class='ocrx_word' id='word_1_488' title='bbox 1487 461 1715 517; x_wconf 66' lang='lat' dir='ltr'><strong>CIIULE</strong></span> <span class='ocrx_word' id='word_1_489' title='bbox 1756 458 1840 512; x_wconf 69' lang='grc' dir='ltr'><strong>ΕΤ</strong></span> <span class='ocrx_word' id='word_1_490' title='bbox 1883 449 2199 508; x_wconf 68' lang='lat' dir='ltr'><strong>LATRONE</strong></span> <span class='ocrx_word' id='word_1_491' title='bbox 2239 444 2467 504; x_wconf 71' lang='lat' dir='ltr'><strong>IIOMIL.</strong></span> <span class='ocrx_word' id='word_1_492' title='bbox 2509 443 2571 497; x_wconf 93' lang='lat' dir='ltr'><strong>II.</strong></span> 
     </span>
    </p>
   </div>
   <div class='ocr_carea' id='block_1_63' title="bbox 3503 430 3605 486">
    <p class='ocr_par' dir='ltr' id='par_1_63' title="bbox 3503 430 3605 486">
     <span class='ocr_line' id='line_1_63' title="bbox 3503 430 3605 486; baseline -0.02 0"><span class='ocrx_word' id='word_1_493' title='bbox 3503 430 3605 486; x_wconf 75' lang='lat' dir='ltr'><strong>M6</strong></span> 
     </span>
    </p>
   </div>
   <div class='ocr_carea' id='block_1_64' title="bbox 2025 545 3609 618">
    <p class='ocr_par' dir='ltr' id='par_1_64' title="bbox 2025 545 3609 618">
     <span class='ocr_line' id='line_1_64' title="bbox 2025 545 3609 618; baseline -0.001 -16"><span class='ocrx_word' id='word_1_494' title='bbox 2025 551 2206 606; x_wconf 82' lang='lat' dir='ltr'><strong>verbis</strong></span> <span class='ocrx_word' id='word_1_495' title='bbox 2237 551 2399 605; x_wconf 88' lang='lat' dir='ltr'><strong>Filius</strong></span> <span class='ocrx_word' id='word_1_496' title='bbox 2446 559 2642 614; x_wconf 90' lang='lat' dir='ltr'><strong>utatur,</strong></span> <span class='ocrx_word' id='word_1_497' title='bbox 2693 559 2745 603; x_wconf 87' lang='lat' dir='ltr'><strong>et</strong></span> <span class='ocrx_word' id='word_1_498' title='bbox 2793 549 3057 618; x_wconf 77' lang='lat' dir='ltr'><strong>quomodo</strong></span> <span class='ocrx_word' id='word_1_499' title='bbox 3098 563 3285 604; x_wconf 87' lang='lat' dir='ltr'><strong>servus</strong></span> <span class='ocrx_word' id='word_1_500' title='bbox 3329 556 3488 601; x_wconf 90' lang='lat' dir='ltr'><strong>oret:</strong></span> <span class='ocrx_word' id='word_1_501' title='bbox 3523 545 3609 600; x_wconf 77' lang='lat' dir='ltr'><strong>ille</strong></span> 
     </span>
    </p>
   </div>
   <div class='ocr_carea' id='block_1_65' title="bbox 2019 636 3611 710">
    <p class='ocr_par' dir='ltr' id='par_1_65' title="bbox 2019 636 3611 710">
     <span class='ocr_line' id='line_1_65' title="bbox 2019 636 3611 710; baseline -0.004 -14"><span class='ocrx_word' id='word_1_502' title='bbox 2019 643 2166 707; x_wconf 87' lang='lat' dir='ltr'><strong>dicit,</strong></span> <span class='ocrx_word' id='word_1_503' title='bbox 2188 642 2364 705; x_wconf 83' lang='lat' dir='ltr'><strong>Pater,</strong></span> <span class='ocrx_word' id='word_1_504' title='bbox 2383 642 2574 694; x_wconf 89' lang='lat' dir='ltr'><strong>dimitte</strong></span> <span class='ocrx_word' id='word_1_505' title='bbox 2598 641 2701 695; x_wconf 84' lang='lat' dir='ltr'><strong>illis</strong></span> <span class='ocrx_word' id='word_1_506' title='bbox 2727 641 2820 693; x_wconf 88' lang='lat' dir='ltr'><strong>hoc</strong></span> <span class='ocrx_word' id='word_1_507' title='bbox 2846 650 3138 710; x_wconf 86' lang='lat' dir='ltr'><strong>peccatum;</strong></span> <span class='ocrx_word' id='word_1_508' title='bbox 3162 657 3260 693; x_wconf 88' lang='lat' dir='ltr'><strong>non</strong></span> <span class='ocrx_word' id='word_1_509' title='bbox 3284 639 3419 693; x_wconf 88' lang='lat' dir='ltr'><strong>enim</strong></span> <span class='ocrx_word' id='word_1_510' title='bbox 3447 636 3611 691; x_wconf 72' lang='lat' dir='ltr'><strong>sciunt</strong></span> 
     </span>
    </p>
   </div>
   <div class='ocr_carea' id='block_1_66' title="bbox 2017 727 3612 808">
    <p class='ocr_par' dir='ltr' id='par_1_66' title="bbox 2017 727 3612 808">
     <span class='ocr_line' id='line_1_66' title="bbox 2017 727 3612 808; baseline -0.008 -18"><span class='ocrx_word' id='word_1_511' title='bbox 2017 736 2140 801; x_wconf 89' lang='lat' dir='ltr'><strong>quid</strong></span> <span class='ocrx_word' id='word_1_512' title='bbox 2166 737 2360 808; x_wconf 80' lang='lat' dir='ltr'><strong>faciunt</strong></span> <span class='ocrx_word' id='word_1_513' title='bbox 2389 734 2539 806; x_wconf 90' lang='lat' dir='ltr'><strong>(Luc.</strong></span> <span class='ocrx_word' id='word_1_514' title='bbox 2581 734 2672 789; x_wconf 77' lang='lat'><strong>25.</strong></span> <span class='ocrx_word' id='word_1_515' title='bbox 2705 734 2794 802; x_wconf 74' lang='grc'><strong>54)</strong></span> <span class='ocrx_word' id='word_1_516' title='bbox 2829 751 2840 786; x_wconf 93' lang='lat'>:</span> <span class='ocrx_word' id='word_1_517' title='bbox 2871 733 2956 786; x_wconf 90' lang='lat' dir='ltr'><strong>hic</strong></span> <span class='ocrx_word' id='word_1_518' title='bbox 2985 732 3130 796; x_wconf 90' lang='lat' dir='ltr'><strong>dicit,</strong></span> <span class='ocrx_word' id='word_1_519' title='bbox 3164 731 3247 784; x_wconf 84' lang='lat' dir='ltr'><strong>Ne</strong></span> <span class='ocrx_word' id='word_1_520' title='bbox 3275 741 3467 784; x_wconf 88' lang='lat' dir='ltr'><strong>statuas</strong></span> <span class='ocrx_word' id='word_1_521' title='bbox 3508 727 3612 781; x_wconf 88' lang='lat' dir='ltr'><strong>illis</strong></span> 
     </span>
    </p>
   </div>
   <div class='ocr_carea' id='block_1_67' title="bbox 2021 826 3613 903">
    <p class='ocr_par' dir='ltr' id='par_1_67' title="bbox 2021 826 3613 903">
     <span class='ocr_line' id='line_1_67' title="bbox 2021 826 3613 903; baseline -0.008 -16"><span class='ocrx_word' id='word_1_522' title='bbox 2021 836 2116 888; x_wconf 86' lang='lat' dir='ltr'><strong>hoc</strong></span> <span class='ocrx_word' id='word_1_523' title='bbox 2143 845 2427 903; x_wconf 88' lang='lat' dir='ltr'><strong>peccatum.</strong></span> <span class='ocrx_word' id='word_1_524' title='bbox 2461 832 2528 886; x_wconf 85' lang='lat' dir='ltr'><strong>Et</strong></span> <span class='ocrx_word' id='word_1_525' title='bbox 2556 841 2614 887; x_wconf 95' lang='lat' dir='ltr'><strong>ut</strong></span> <span class='ocrx_word' id='word_1_526' title='bbox 2643 830 2906 897; x_wconf 86' lang='lat' dir='ltr'><strong>intelligas</strong></span> <span class='ocrx_word' id='word_1_527' title='bbox 2936 829 3047 882; x_wconf 73' lang='lat' dir='ltr'><strong>hme</strong></span> <span class='ocrx_word' id='word_1_528' title='bbox 3077 829 3225 882; x_wconf 88' lang='lat' dir='ltr'><strong>illum</strong></span> <span class='ocrx_word' id='word_1_529' title='bbox 3252 826 3530 895; x_wconf 87' lang='lat' dir='ltr'><strong>diligenter</strong></span> <span class='ocrx_word' id='word_1_530' title='bbox 3560 832 3613 876; x_wconf 90' lang='lat' dir='ltr'><strong>et</strong></span> 
     </span>
    </p>
   </div>
   <div class='ocr_carea' id='block_1_68' title="bbox 2020 917 3613 997">
    <p class='ocr_par' dir='ltr' id='par_1_68' title="bbox 2020 917 3613 997">
     <span class='ocr_line' id='line_1_68' title="bbox 2020 917 3613 997; baseline -0.008 -18"><span class='ocrx_word' id='word_1_531' title='bbox 2020 936 2264 982; x_wconf 89' lang='lat' dir='ltr'><strong>accurate</strong></span> <span class='ocrx_word' id='word_1_532' title='bbox 2289 942 2466 997; x_wconf 88' lang='lat' dir='ltr'><strong>agere,</strong></span> <span class='ocrx_word' id='word_1_533' title='bbox 2498 940 2603 978; x_wconf 92' lang='lat' dir='ltr'><strong>non</strong></span> <span class='ocrx_word' id='word_1_534' title='bbox 2649 923 2961 992; x_wconf 89' lang='lat' dir='ltr'><strong>simpliciter</strong></span> <span class='ocrx_word' id='word_1_535' title='bbox 2989 922 3192 985; x_wconf 88' lang='lat' dir='ltr'><strong>orabat,</strong></span> <span class='ocrx_word' id='word_1_536' title='bbox 3241 933 3415 988; x_wconf 90' lang='lat' dir='ltr'><strong>neque</strong></span> <span class='ocrx_word' id='word_1_537' title='bbox 3443 917 3613 970; x_wconf 90' lang='lat' dir='ltr'><strong>obiter</strong></span> 
     </span>
    </p>
   </div>
   <div class='ocr_carea' id='block_1_69' title="bbox 2024 1007 3614 1087">
    <p class='ocr_par' dir='ltr' id='par_1_69' title="bbox 2024 1007 3614 1087">
     <span class='ocr_line' id='line_1_69' title="bbox 2024 1007 3614 1087; baseline -0.006 -15"><span class='ocrx_word' id='word_1_538' title='bbox 2024 1029 2076 1073; x_wconf 93' lang='lat' dir='ltr'><strong>et</strong></span> <span class='ocrx_word' id='word_1_539' title='bbox 2098 1019 2311 1083; x_wconf 89' lang='lat' dir='ltr'><strong>leviter,</strong></span> <span class='ocrx_word' id='word_1_540' title='bbox 2356 1033 2528 1087; x_wconf 87' lang='lat' dir='ltr'><strong>neque</strong></span> <span class='ocrx_word' id='word_1_541' title='bbox 2557 1024 2725 1078; x_wconf 92' lang='lat' dir='ltr'><strong>stans,</strong></span> <span class='ocrx_word' id='word_1_542' title='bbox 2757 1015 2848 1068; x_wconf 91' lang='lat' dir='ltr'><strong>sed</strong></span> <span class='ocrx_word' id='word_1_543' title='bbox 2881 1013 3066 1082; x_wconf 88' lang='lat' dir='ltr'><strong>positis</strong></span> <span class='ocrx_word' id='word_1_544' title='bbox 3092 1011 3332 1080; x_wconf 85' lang='lat' dir='ltr'><strong>genibus,</strong></span> <span class='ocrx_word' id='word_1_545' title='bbox 3362 1024 3484 1064; x_wconf 92' lang='lat' dir='ltr'><strong>eum</strong></span> <span class='ocrx_word' id='word_1_546' title='bbox 3514 1007 3614 1062; x_wconf 84' lang='lat' dir='ltr'><strong>do—</strong></span> 
     </span>
    </p>
   </div>
   <div class='ocr_carea' id='block_1_70' title="bbox 2026 1102 3612 1180">
    <p class='ocr_par' dir='ltr' id='par_1_70' title="bbox 2026 1102 3612 1180">
     <span class='ocr_line' id='line_1_70' title="bbox 2026 1102 3612 1180; baseline -0.008 -16"><span class='ocrx_word' id='word_1_547' title='bbox 2026 1112 2142 1165; x_wconf 93' lang='lat' dir='ltr'><strong>lore</strong></span> <span class='ocrx_word' id='word_1_548' title='bbox 2172 1121 2226 1166; x_wconf 92' lang='lat' dir='ltr'><strong>et</strong></span> <span class='ocrx_word' id='word_1_549' title='bbox 2253 1109 2663 1180; x_wconf 91' lang='lat' dir='ltr'><strong>compunetione</strong></span> <span class='ocrx_word' id='word_1_550' title='bbox 2692 1117 2742 1160; x_wconf 91' lang='lat' dir='ltr'><strong>et</strong></span> <span class='ocrx_word' id='word_1_551' title='bbox 2783 1122 2902 1160; x_wconf 89' lang='lat' dir='ltr'><strong>eum</strong></span> <span class='ocrx_word' id='word_1_552' title='bbox 2932 1105 3094 1159; x_wconf 88' lang='lat' dir='ltr'><strong>multa</strong></span> <span class='ocrx_word' id='word_1_553' title='bbox 3124 1102 3612 1157; x_wconf 84' lang='lat' dir='ltr'><strong>commiseratione.</strong></span> 
     </span>
    </p>
   </div>
   <div class='ocr_carea' id='block_1_71' title="bbox 2025 1190 3617 1263">
    <p class='ocr_par' dir='ltr' id='par_1_71' title="bbox 2025 1190 3617 1263">
     <span class='ocr_line' id='line_1_71' title="bbox 2025 1190 3617 1263; baseline -0.005 -11"><span class='ocrx_word' id='word_1_554' title='bbox 2025 1201 2118 1256; x_wconf 86' lang='lat' dir='ltr'><strong>Vis</strong></span> <span class='ocrx_word' id='word_1_555' title='bbox 2149 1202 2240 1255; x_wconf 92' lang='lat' dir='ltr'><strong>tibi</strong></span> <span class='ocrx_word' id='word_1_556' title='bbox 2270 1201 2548 1255; x_wconf 88' lang='lat' dir='ltr'><strong>ostendam</strong></span> <span class='ocrx_word' id='word_1_557' title='bbox 2575 1207 2629 1254; x_wconf 91' lang='lat' dir='ltr'><strong>et</strong></span> <span class='ocrx_word' id='word_1_558' title='bbox 2655 1199 2814 1251; x_wconf 85' lang='lat' dir='ltr'><strong>alium</strong></span> <span class='ocrx_word' id='word_1_559' title='bbox 2843 1198 3093 1263; x_wconf 78' lang='lat' dir='ltr'><strong>majorem</strong></span> <span class='ocrx_word' id='word_1_560' title='bbox 3123 1208 3438 1248; x_wconf 86' lang='lat' dir='ltr'><strong>conservum</strong></span> <span class='ocrx_word' id='word_1_561' title='bbox 3469 1190 3617 1244; x_wconf 80' lang='lat' dir='ltr'><strong>simi-</strong></span> 
     </span>
    </p>
   </div>
   <div class='ocr_carea' id='block_1_72' title="bbox 2021 1284 3616 1362">
    <p class='ocr_par' dir='ltr' id='par_1_72' title="bbox 2021 1284 3616 1362">
     <span class='ocr_line' id='line_1_72' title="bbox 2021 1284 3616 1362; baseline -0.008 -14"><span class='ocrx_word' id='word_1_562' title='bbox 2021 1295 2146 1348; x_wconf 88' lang='lat' dir='ltr'><strong>liter</strong></span> <span class='ocrx_word' id='word_1_563' title='bbox 2190 1309 2378 1361; x_wconf 89' lang='lat' dir='ltr'><strong>preces</strong></span> <span class='ocrx_word' id='word_1_564' title='bbox 2430 1308 2526 1362; x_wconf 93' lang='lat' dir='ltr'><strong>pro</strong></span> <span class='ocrx_word' id='word_1_565' title='bbox 2573 1290 2800 1344; x_wconf 89' lang='lat' dir='ltr'><strong>inimicis</strong></span> <span class='ocrx_word' id='word_1_566' title='bbox 2847 1288 3191 1341; x_wconf 87' lang='lat' dir='ltr'><strong>fundentem?</strong></span> <span class='ocrx_word' id='word_1_567' title='bbox 3235 1285 3355 1340; x_wconf 90' lang='lat' dir='ltr'><strong>audi</strong></span> <span class='ocrx_word' id='word_1_568' title='bbox 3403 1284 3616 1338; x_wconf 85' lang='lat' dir='ltr'><strong>beatum</strong></span> 
     </span>
    </p>
   </div>
   <div class='ocr_carea' id='block_1_73' title="bbox 2020 1387 3616 1456">
    <p class='ocr_par' dir='ltr' id='par_1_73' title="bbox 2020 1387 3616 1456">
     <span class='ocr_line' id='line_1_73' title="bbox 2020 1387 3616 1456; baseline -0.008 -15"><span class='ocrx_word' id='word_1_569' title='bbox 2020 1387 2238 1442; x_wconf 83' lang='lat' dir='ltr'><strong>Paulum</strong></span> <span class='ocrx_word' id='word_1_570' title='bbox 2273 1403 2287 1440; x_wconf 90' lang='lat'><strong>:</strong></span> <span class='ocrx_word' id='word_1_571' title='bbox 2319 1395 2597 1456; x_wconf 88' lang='lat' dir='ltr'><strong>postquam</strong></span> <span class='ocrx_word' id='word_1_572' title='bbox 2645 1388 3035 1445; x_wconf 90' lang='lat' dir='ltr'><strong>enumerasset,</strong></span> <span class='ocrx_word' id='word_1_573' title='bbox 3086 1389 3282 1448; x_wconf 87' lang='lat' dir='ltr'><strong>quanta</strong></span> <span class='ocrx_word' id='word_1_574' title='bbox 3332 1389 3616 1447; x_wconf 85' lang='lat' dir='ltr'><strong>perpessus</strong></span> 
     </span>
    </p>
   </div>
   <div class='ocr_carea' id='block_1_74' title="bbox 2019 1470 3615 1544">
    <p class='ocr_par' dir='ltr' id='par_1_74' title="bbox 2019 1470 3615 1544">
     <span class='ocr_line' id='line_1_74' title="bbox 2019 1470 3615 1544; baseline -0.008 -11"><span class='ocrx_word' id='word_1_575' title='bbox 2019 1489 2196 1542; x_wconf 85' lang='lat' dir='ltr'><strong>esset;</strong></span> <span class='ocrx_word' id='word_1_576' title='bbox 2229 1494 2351 1532; x_wconf 86' lang='lat' dir='ltr'><strong>nam</strong></span> <span class='ocrx_word' id='word_1_577' title='bbox 2392 1479 2486 1541; x_wconf 88' lang='lat' dir='ltr'><strong>ait,</strong></span> <span class='ocrx_word' id='word_1_578' title='bbox 2521 1477 2794 1544; x_wconf 74' lang='lat' dir='ltr'><strong>Quinquies</strong></span> <span class='ocrx_word' id='word_1_579' title='bbox 2836 1473 3170 1544; x_wconf 83' lang='lat' dir='ltr'><strong>quadraginta</strong></span> <span class='ocrx_word' id='word_1_580' title='bbox 3200 1487 3302 1524; x_wconf 89' lang='lat' dir='ltr'><strong>una</strong></span> <span class='ocrx_word' id='word_1_581' title='bbox 3327 1470 3492 1522; x_wconf 89' lang='lat' dir='ltr'><strong>minus</strong></span> <span class='ocrx_word' id='word_1_582' title='bbox 3524 1485 3615 1520; x_wconf 85' lang='lat' dir='ltr'><strong>ac-</strong></span> 
     </span>
    </p>
   </div>
   <div class='ocr_carea' id='block_1_75' title="bbox 2021 1563 3618 1637">
    <p class='ocr_par' dir='ltr' id='par_1_75' title="bbox 2021 1563 3618 1637">
     <span class='ocr_line' id='line_1_75' title="bbox 2021 1563 3618 1637; baseline -0.006 -17"><span class='ocrx_word' id='word_1_583' title='bbox 2021 1569 2152 1636; x_wconf 86' lang='lat' dir='ltr'><strong>cepi,</strong></span> <span class='ocrx_word' id='word_1_584' title='bbox 2185 1577 2259 1621; x_wconf 88' lang='lat' dir='ltr'><strong>ter</strong></span> <span class='ocrx_word' id='word_1_585' title='bbox 2293 1569 2444 1637; x_wconf 79' lang='lat' dir='ltr'><strong>virgis</strong></span> <span class='ocrx_word' id='word_1_586' title='bbox 2488 1584 2645 1620; x_wconf 72' lang='lat' dir='ltr'><strong>avsus</strong></span> <span class='ocrx_word' id='word_1_587' title='bbox 2692 1583 2822 1630; x_wconf 85' lang='lat' dir='ltr'><strong>smn,</strong></span> <span class='ocrx_word' id='word_1_588' title='bbox 2876 1565 3027 1618; x_wconf 81' lang='lat' dir='ltr'><strong>semel</strong></span> <span class='ocrx_word' id='word_1_589' title='bbox 3058 1563 3314 1632; x_wconf 85' lang='lat' dir='ltr'><strong>lapidatus</strong></span> <span class='ocrx_word' id='word_1_590' title='bbox 3355 1577 3488 1624; x_wconf 89' lang='lat' dir='ltr'><strong>sum,</strong></span> <span class='ocrx_word' id='word_1_591' title='bbox 3545 1568 3618 1611; x_wconf 86' lang='lat' dir='ltr'><strong>ter</strong></span> 
     </span>
    </p>
   </div>
   <div class='ocr_carea' id='block_1_76' title="bbox 2029 1654 3620 1732">
    <p class='ocr_par' dir='ltr' id='par_1_76' title="bbox 2029 1654 3620 1732">
     <span class='ocr_line' id='line_1_76' title="bbox 2029 1654 3620 1732; baseline -0.006 -19"><span class='ocrx_word' id='word_1_592' title='bbox 2029 1661 2359 1732; x_wconf 79' lang='lat' dir='ltr'><strong>naufragium</strong></span> <span class='ocrx_word' id='word_1_593' title='bbox 2385 1659 2482 1727; x_wconf 87' lang='lat' dir='ltr'><strong>feci</strong></span> <span class='ocrx_word' id='word_1_594' title='bbox 2511 1659 2586 1725; x_wconf 94' lang='lat'><strong>(2.</strong></span> <span class='ocrx_word' id='word_1_595' title='bbox 2619 1657 2735 1710; x_wconf 89' lang='lat' dir='ltr'><strong>Cor.</strong></span> <span class='ocrx_word' id='word_1_596' title='bbox 2770 1657 2856 1710; x_wconf 89' lang='grc'><strong>11.</strong></span> <span class='ocrx_word' id='word_1_597' title='bbox 2888 1655 2976 1708; x_wconf 68' lang='grc'><strong>24.</strong></span> <span class='ocrx_word' id='word_1_598' title='bbox 3003 1654 3098 1722; x_wconf 74' lang='lat'><strong>25)</strong></span> <span class='ocrx_word' id='word_1_599' title='bbox 3129 1671 3143 1707; x_wconf 88' lang='lat'><strong>:</strong></span> <span class='ocrx_word' id='word_1_600' title='bbox 3174 1662 3226 1706; x_wconf 89' lang='lat' dir='ltr'><strong>et</strong></span> <span class='ocrx_word' id='word_1_601' title='bbox 3254 1667 3373 1706; x_wconf 89' lang='lat' dir='ltr'><strong>cum</strong></span> <span class='ocrx_word' id='word_1_602' title='bbox 3402 1665 3620 1720; x_wconf 90' lang='lat' dir='ltr'><strong>percen-</strong></span> 
     </span>
    </p>
   </div>
   <div class='ocr_carea' id='block_1_77' title="bbox 2022 1741 3618 1812">
    <p class='ocr_par' dir='ltr' id='par_1_77' title="bbox 2022 1741 3618 1812">
     <span class='ocr_line' id='line_1_77' title="bbox 2022 1741 3618 1812; baseline -0.006 -8"><span class='ocrx_word' id='word_1_603' title='bbox 2022 1752 2219 1804; x_wconf 85' lang='lat' dir='ltr'><strong>suisset</strong></span> <span class='ocrx_word' id='word_1_604' title='bbox 2262 1759 2426 1802; x_wconf 92' lang='lat' dir='ltr'><strong>totam</strong></span> <span class='ocrx_word' id='word_1_605' title='bbox 2475 1748 2617 1801; x_wconf 90' lang='lat' dir='ltr'><strong>illam</strong></span> <span class='ocrx_word' id='word_1_606' title='bbox 2661 1747 2873 1811; x_wconf 79' lang='lat' dir='ltr'><strong>seriem,</strong></span> <span class='ocrx_word' id='word_1_607' title='bbox 2917 1756 2970 1799; x_wconf 92' lang='lat' dir='ltr'><strong>et</strong></span> <span class='ocrx_word' id='word_1_608' title='bbox 2999 1744 3211 1798; x_wconf 90' lang='lat' dir='ltr'><strong>insidias</strong></span> <span class='ocrx_word' id='word_1_609' title='bbox 3240 1758 3371 1812; x_wconf 91' lang='lat' dir='ltr'><strong>quas</strong></span> <span class='ocrx_word' id='word_1_610' title='bbox 3399 1741 3465 1795; x_wconf 93' lang='lat' dir='ltr'><strong>ab</strong></span> <span class='ocrx_word' id='word_1_611' title='bbox 3492 1741 3618 1811; x_wconf 87' lang='lat' dir='ltr'><strong>ipsis</strong></span> 
     </span>
    </p>
   </div>
   <div class='ocr_carea' id='block_1_78' title="bbox 2023 1834 3619 1908">
    <p class='ocr_par' dir='ltr' id='par_1_78' title="bbox 2023 1834 3619 1908">
     <span class='ocr_line' id='line_1_78' title="bbox 2023 1834 3619 1908; baseline -0.006 -16"><span class='ocrx_word' id='word_1_612' title='bbox 2023 1838 2259 1908; x_wconf 88' lang='lat' dir='ltr'><strong>quotidie</strong></span> <span class='ocrx_word' id='word_1_613' title='bbox 2289 1839 2602 1902; x_wconf 91' lang='lat' dir='ltr'><strong>sustinebat,</strong></span> <span class='ocrx_word' id='word_1_614' title='bbox 2636 1836 2781 1890; x_wconf 92' lang='lat' dir='ltr'><strong>addit</strong></span> <span class='ocrx_word' id='word_1_615' title='bbox 2807 1846 2860 1890; x_wconf 90' lang='lat' dir='ltr'><strong>et</strong></span> <span class='ocrx_word' id='word_1_616' title='bbox 2889 1837 3002 1904; x_wconf 90' lang='lat' dir='ltr'><strong>ipse</strong></span> <span class='ocrx_word' id='word_1_617' title='bbox 3036 1853 3048 1888; x_wconf 90' lang='lat'><strong>:</strong></span> <span class='ocrx_word' id='word_1_618' title='bbox 3081 1834 3330 1902; x_wconf 80' lang='lat' dir='ltr'><strong>Optabam</strong></span> <span class='ocrx_word' id='word_1_619' title='bbox 3351 1835 3619 1885; x_wconf 74' lang='lat' dir='ltr'><strong>anathema</strong></span> 
     </span>
    </p>
   </div>
   <div class='ocr_carea' id='block_1_79' title="bbox 2022 1925 3622 1997">
    <p class='ocr_par' dir='ltr' id='par_1_79' title="bbox 2022 1925 3622 1997">
     <span class='ocr_line' id='line_1_79' title="bbox 2022 1925 3622 1997; baseline -0.006 -15"><span class='ocrx_word' id='word_1_620' title='bbox 2022 1945 2128 1982; x_wconf 78' lang='lat' dir='ltr'><strong>esse</strong></span> <span class='ocrx_word' id='word_1_621' title='bbox 2155 1945 2186 1981; x_wconf 84' lang='grc' dir='ltr'><strong>α</strong></span> <span class='ocrx_word' id='word_1_622' title='bbox 2212 1928 2408 1980; x_wconf 84' lang='lat' dir='ltr'><strong>Christo</strong></span> <span class='ocrx_word' id='word_1_623' title='bbox 2435 1945 2524 1996; x_wconf 85' lang='lat' dir='ltr'><strong>pro</strong></span> <span class='ocrx_word' id='word_1_624' title='bbox 2566 1927 2801 1997; x_wconf 73' lang='lat' dir='ltr'><strong>fratribus</strong></span> <span class='ocrx_word' id='word_1_625' title='bbox 2831 1927 2974 1989; x_wconf 83' lang='lat' dir='ltr'><strong>meis,</strong></span> <span class='ocrx_word' id='word_1_626' title='bbox 3020 1925 3243 1994; x_wconf 81' lang='lat' dir='ltr'><strong>cognatis</strong></span> <span class='ocrx_word' id='word_1_627' title='bbox 3281 1925 3402 1974; x_wconf 88' lang='lat' dir='ltr'><strong>meis</strong></span> <span class='ocrx_word' id='word_1_628' title='bbox 3445 1938 3622 1974; x_wconf 80' lang='lat' dir='ltr'><strong>secun-</strong></span> 
     </span>
    </p>
   </div>
   <div class='ocr_carea' id='block_1_80' title="bbox 2021 2012 3624 2087">
    <p class='ocr_par' dir='ltr' id='par_1_80' title="bbox 2021 2012 3624 2087">
     <span class='ocr_line' id='line_1_80' title="bbox 2021 2012 3624 2087; baseline -0.003 -17"><span class='ocrx_word' id='word_1_629' title='bbox 2021 2019 2142 2071; x_wconf 86' lang='lat' dir='ltr'><strong>dum</strong></span> <span class='ocrx_word' id='word_1_630' title='bbox 2185 2035 2419 2083; x_wconf 85' lang='lat' dir='ltr'><strong>carnem,</strong></span> <span class='ocrx_word' id='word_1_631' title='bbox 2460 2019 2544 2087; x_wconf 89' lang='lat' dir='ltr'><strong>qui</strong></span> <span class='ocrx_word' id='word_1_632' title='bbox 2575 2025 2688 2070; x_wconf 86' lang='lat' dir='ltr'><strong>sunt</strong></span> <span class='ocrx_word' id='word_1_633' title='bbox 2737 2015 2990 2068; x_wconf 74' lang='lat' dir='ltr'><strong>Israelita:</strong></span> <span class='ocrx_word' id='word_1_634' title='bbox 3025 2013 3198 2082; x_wconf 90' lang='lat' dir='ltr'><strong>(Rom.</strong></span> <span class='ocrx_word' id='word_1_635' title='bbox 3243 2013 3296 2067; x_wconf 88' lang='lat'><strong>9.</strong></span> <span class='ocrx_word' id='word_1_636' title='bbox 3329 2012 3404 2083; x_wconf 75' lang='lat'><strong>3).</strong></span> <span class='ocrx_word' id='word_1_637' title='bbox 3434 2012 3526 2066; x_wconf 90' lang='lat' dir='ltr'><strong>Vis</strong></span> <span class='ocrx_word' id='word_1_638' title='bbox 3568 2021 3624 2066; x_wconf 92' lang='lat' dir='ltr'><strong>et</strong></span> 
     </span>
    </p>
   </div>
   <div class='ocr_carea' id='block_1_81' title="bbox 2029 2103 3622 2173">
    <p class='ocr_par' dir='ltr' id='par_1_81' title="bbox 2029 2103 3622 2173">
     <span class='ocr_line' id='line_1_81' title="bbox 2029 2103 3622 2173; baseline -0.004 -11"><span class='ocrx_word' id='word_1_639' title='bbox 2029 2110 2162 2164; x_wconf 89' lang='lat' dir='ltr'><strong>alios</strong></span> <span class='ocrx_word' id='word_1_640' title='bbox 2193 2110 2372 2164; x_wconf 91' lang='lat' dir='ltr'><strong>videre</strong></span> <span class='ocrx_word' id='word_1_641' title='bbox 2402 2125 2507 2163; x_wconf 90' lang='lat' dir='ltr'><strong>non</strong></span> <span class='ocrx_word' id='word_1_642' title='bbox 2548 2124 2611 2162; x_wconf 82' lang='lat' dir='ltr'><strong>ex</strong></span> <span class='ocrx_word' id='word_1_643' title='bbox 2641 2122 2802 2172; x_wconf 76' lang='lat' dir='ltr'><strong>novo,</strong></span> <span class='ocrx_word' id='word_1_644' title='bbox 2831 2105 2923 2160; x_wconf 91' lang='lat' dir='ltr'><strong>sed</strong></span> <span class='ocrx_word' id='word_1_645' title='bbox 2962 2121 3027 2160; x_wconf 89' lang='lat' dir='ltr'><strong>ex</strong></span> <span class='ocrx_word' id='word_1_646' title='bbox 3072 2105 3234 2159; x_wconf 83' lang='lat' dir='ltr'><strong>veteri</strong></span> <span class='ocrx_word' id='word_1_647' title='bbox 3282 2119 3493 2173; x_wconf 87' lang='lat' dir='ltr'><strong>quoque</strong></span> <span class='ocrx_word' id='word_1_648' title='bbox 3520 2103 3622 2156; x_wconf 90' lang='lat' dir='ltr'><strong>Te-</strong></span> 
     </span>
    </p>
   </div>
   <div class='ocr_carea' id='block_1_82' title="bbox 2026 2196 3622 2270">
    <p class='ocr_par' dir='ltr' id='par_1_82' title="bbox 2026 2196 3622 2270">
     <span class='ocr_line' id='line_1_82' title="bbox 2026 2196 3622 2270; baseline -0.003 -15"><span class='ocrx_word' id='word_1_649' title='bbox 2026 2212 2326 2268; x_wconf 88' lang='lat' dir='ltr'><strong>stamento,</strong></span> <span class='ocrx_word' id='word_1_650' title='bbox 2370 2201 2459 2270; x_wconf 88' lang='lat' dir='ltr'><strong>qui</strong></span> <span class='ocrx_word' id='word_1_651' title='bbox 2507 2200 2646 2254; x_wconf 89' lang='lat' dir='ltr'><strong>idem</strong></span> <span class='ocrx_word' id='word_1_652' title='bbox 2691 2198 2973 2252; x_wconf 81' lang='lat' dir='ltr'><strong>factitant?</strong></span> <span class='ocrx_word' id='word_1_653' title='bbox 3015 2196 3162 2251; x_wconf 90' lang='lat' dir='ltr'><strong>Tunc</strong></span> <span class='ocrx_word' id='word_1_654' title='bbox 3202 2198 3344 2250; x_wconf 86' lang='lat' dir='ltr'><strong>enim</strong></span> <span class='ocrx_word' id='word_1_655' title='bbox 3390 2197 3622 2250; x_wconf 83' lang='lat' dir='ltr'><strong>maxime</strong></span> 
     </span>
    </p>
   </div>
   <div class='ocr_carea' id='block_1_83' title="bbox 2030 2287 3623 2358">
    <p class='ocr_par' dir='ltr' id='par_1_83' title="bbox 2030 2287 3623 2358">
     <span class='ocr_line' id='line_1_83' title="bbox 2030 2287 3623 2358; baseline -0.005 -11"><span class='ocrx_word' id='word_1_656' title='bbox 2030 2293 2399 2347; x_wconf 90' lang='lat' dir='ltr'><strong>admirandum</strong></span> <span class='ocrx_word' id='word_1_657' title='bbox 2427 2301 2528 2350; x_wconf 88' lang='lat' dir='ltr'><strong>est,</strong></span> <span class='ocrx_word' id='word_1_658' title='bbox 2562 2290 2772 2358; x_wconf 89' lang='lat' dir='ltr'><strong>quando</strong></span> <span class='ocrx_word' id='word_1_659' title='bbox 2800 2290 2896 2353; x_wconf 92' lang='lat' dir='ltr'><strong>illi,</strong></span> <span class='ocrx_word' id='word_1_660' title='bbox 2930 2289 3123 2357; x_wconf 91' lang='lat' dir='ltr'><strong>quibus</strong></span> <span class='ocrx_word' id='word_1_661' title='bbox 3149 2302 3253 2342; x_wconf 91' lang='lat' dir='ltr'><strong>non</strong></span> <span class='ocrx_word' id='word_1_662' title='bbox 3284 2297 3365 2340; x_wconf 91' lang='lat' dir='ltr'><strong>est</strong></span> <span class='ocrx_word' id='word_1_663' title='bbox 3392 2287 3623 2355; x_wconf 86' lang='lat' dir='ltr'><strong>impera-</strong></span> 
     </span>
    </p>
   </div>
   <div class='ocr_carea' id='block_1_84' title="bbox 2025 2377 3621 2446">
    <p class='ocr_par' dir='ltr' id='par_1_84' title="bbox 2025 2377 3621 2446">
     <span class='ocr_line' id='line_1_84' title="bbox 2025 2377 3621 2446; baseline -0.002 -11"><span class='ocrx_word' id='word_1_664' title='bbox 2025 2391 2138 2435; x_wconf 86' lang='lat' dir='ltr'><strong>tum</strong></span> <span class='ocrx_word' id='word_1_665' title='bbox 2169 2381 2413 2434; x_wconf 87' lang='lat' dir='ltr'><strong>inimicos</strong></span> <span class='ocrx_word' id='word_1_666' title='bbox 2438 2380 2678 2446; x_wconf 79' lang='lat' dir='ltr'><strong>diligere,</strong></span> <span class='ocrx_word' id='word_1_667' title='bbox 2710 2380 2802 2433; x_wconf 89' lang='lat' dir='ltr'><strong>sed</strong></span> <span class='ocrx_word' id='word_1_668' title='bbox 2841 2381 3055 2432; x_wconf 88' lang='lat' dir='ltr'><strong>oculum</strong></span> <span class='ocrx_word' id='word_1_669' title='bbox 3086 2394 3180 2446; x_wconf 88' lang='lat' dir='ltr'><strong>pro</strong></span> <span class='ocrx_word' id='word_1_670' title='bbox 3206 2378 3378 2442; x_wconf 92' lang='lat' dir='ltr'><strong>oculo,</strong></span> <span class='ocrx_word' id='word_1_671' title='bbox 3412 2386 3466 2432; x_wconf 93' lang='lat' dir='ltr'><strong>et</strong></span> <span class='ocrx_word' id='word_1_672' title='bbox 3490 2377 3621 2432; x_wconf 84' lang='lat' dir='ltr'><strong>den-</strong></span> 
     </span>
    </p>
   </div>
   <div class='ocr_carea' id='block_1_85' title="bbox 2024 2467 3626 2540">
    <p class='ocr_par' dir='ltr' id='par_1_85' title="bbox 2024 2467 3626 2540">
     <span class='ocr_line' id='line_1_85' title="bbox 2024 2467 3626 2540; baseline -0.004 -14"><span class='ocrx_word' id='word_1_673' title='bbox 2024 2482 2130 2526; x_wconf 92' lang='lat' dir='ltr'><strong>tcm</strong></span> <span class='ocrx_word' id='word_1_674' title='bbox 2158 2486 2254 2540; x_wconf 91' lang='lat' dir='ltr'><strong>pro</strong></span> <span class='ocrx_word' id='word_1_675' title='bbox 2282 2470 2439 2524; x_wconf 89' lang='lat' dir='ltr'><strong>dente</strong></span> <span class='ocrx_word' id='word_1_676' title='bbox 2473 2470 2665 2539; x_wconf 90' lang='lat' dir='ltr'><strong>ejicere</strong></span> <span class='ocrx_word' id='word_1_677' title='bbox 2692 2469 2885 2538; x_wconf 77' lang='lat' dir='ltr'><strong>(Exod.</strong></span> <span class='ocrx_word' id='word_1_678' title='bbox 2919 2469 3008 2522; x_wconf 86' lang='lat' dir='ltr'><strong>2t.</strong></span> <span class='ocrx_word' id='word_1_679' title='bbox 3041 2470 3128 2523; x_wconf 66' lang='lat' dir='ltr'><strong>2t.</strong></span> <span class='ocrx_word' id='word_1_680' title='bbox 3160 2467 3276 2539; x_wconf 86' lang='lat'><strong>25),</strong></span> <span class='ocrx_word' id='word_1_681' title='bbox 3305 2480 3359 2524; x_wconf 93' lang='lat' dir='ltr'><strong>et</strong></span> <span class='ocrx_word' id='word_1_682' title='bbox 3388 2485 3484 2539; x_wconf 89' lang='lat' dir='ltr'><strong>par</strong></span> <span class='ocrx_word' id='word_1_683' title='bbox 3506 2467 3626 2539; x_wconf 90' lang='lat' dir='ltr'><strong>pari</strong></span> 
     </span>
    </p>
   </div>
   <div class='ocr_carea' id='block_1_86' title="bbox 2025 2560 3622 2631">
    <p class='ocr_par' dir='ltr' id='par_1_86' title="bbox 2025 2560 3622 2631">
     <span class='ocr_line' id='line_1_86' title="bbox 2025 2560 3622 2631; baseline 0.001 -15"><span class='ocrx_word' id='word_1_684' title='bbox 2025 2561 2243 2626; x_wconf 84' lang='lat' dir='ltr'><strong>referre,</strong></span> <span class='ocrx_word' id='word_1_685' title='bbox 2295 2560 2362 2614; x_wconf 91' lang='lat' dir='ltr'><strong>ad</strong></span> <span class='ocrx_word' id='word_1_686' title='bbox 2400 2561 2704 2631; x_wconf 73' lang='lat' dir='ltr'><strong>apostolica:</strong></span> <span class='ocrx_word' id='word_1_687' title='bbox 2738 2560 3078 2629; x_wconf 82' lang='lat' dir='ltr'><strong>perfectionis</strong></span> <span class='ocrx_word' id='word_1_688' title='bbox 3106 2560 3319 2614; x_wconf 91' lang='lat' dir='ltr'><strong>culmen</strong></span> <span class='ocrx_word' id='word_1_689' title='bbox 3364 2560 3622 2619; x_wconf 85' lang='lat' dir='ltr'><strong>evadunt.</strong></span> 
     </span>
    </p>
   </div>
   <div class='ocr_carea' id='block_1_87' title="bbox 2034 2652 3622 2723">
    <p class='ocr_par' dir='ltr' id='par_1_87' title="bbox 2034 2652 3622 2723">
     <span class='ocr_line' id='line_1_87' title="bbox 2034 2652 3622 2723; baseline -0.001 -16"><span class='ocrx_word' id='word_1_690' title='bbox 2034 2653 2171 2707; x_wconf 84' lang='lat' dir='ltr'><strong>Audi</strong></span> <span class='ocrx_word' id='word_1_691' title='bbox 2204 2669 2352 2721; x_wconf 88' lang='lat' dir='ltr'><strong>ergo,</strong></span> <span class='ocrx_word' id='word_1_692' title='bbox 2381 2653 2503 2722; x_wconf 90' lang='lat' dir='ltr'><strong>quid</strong></span> <span class='ocrx_word' id='word_1_693' title='bbox 2535 2653 2676 2706; x_wconf 91' lang='lat' dir='ltr'><strong>dicat</strong></span> <span class='ocrx_word' id='word_1_694' title='bbox 2708 2653 2936 2723; x_wconf 77' lang='lat' dir='ltr'><strong>Moyses,</strong></span> <span class='ocrx_word' id='word_1_695' title='bbox 2965 2654 3122 2707; x_wconf 91' lang='lat' dir='ltr'><strong>toties</strong></span> <span class='ocrx_word' id='word_1_696' title='bbox 3151 2669 3180 2706; x_wconf 89' lang='lat' dir='ltr'><strong>a</strong></span> <span class='ocrx_word' id='word_1_697' title='bbox 3207 2652 3403 2708; x_wconf 72' lang='lat' dir='ltr'><strong>Judmis</strong></span> <span class='ocrx_word' id='word_1_698' title='bbox 3433 2653 3622 2723; x_wconf 87' lang='lat' dir='ltr'><strong>lapidi-</strong></span> 
     </span>
    </p>
   </div>
   <div class='ocr_carea' id='block_1_88' title="bbox 2028 2740 3624 2812">
    <p class='ocr_par' dir='ltr' id='par_1_88' title="bbox 2028 2740 3624 2812">
     <span class='ocr_line' id='line_1_88' title="bbox 2028 2740 3624 2812; baseline 0.001 -17"><span class='ocrx_word' id='word_1_699' title='bbox 2028 2743 2128 2797; x_wconf 87' lang='lat' dir='ltr'><strong>bus</strong></span> <span class='ocrx_word' id='word_1_700' title='bbox 2160 2743 2427 2812; x_wconf 87' lang='lat' dir='ltr'><strong>appetitus</strong></span> <span class='ocrx_word' id='word_1_701' title='bbox 2453 2761 2465 2794; x_wconf 85' lang='lat'><strong>:</strong></span> <span class='ocrx_word' id='word_1_702' title='bbox 2497 2740 2558 2796; x_wconf 88' lang='lat' dir='ltr'><strong>Si</strong></span> <span class='ocrx_word' id='word_1_703' title='bbox 2594 2743 2802 2795; x_wconf 89' lang='lat' dir='ltr'><strong>dimittis</strong></span> <span class='ocrx_word' id='word_1_704' title='bbox 2845 2742 2947 2795; x_wconf 89' lang='lat' dir='ltr'><strong>illis</strong></span> <span class='ocrx_word' id='word_1_705' title='bbox 2979 2751 3236 2812; x_wconf 82' lang='lat' dir='ltr'><strong>peccatum</strong></span> <span class='ocrx_word' id='word_1_706' title='bbox 3257 2785 3271 2808; x_wconf 94' lang='lat'><strong>,</strong></span> <span class='ocrx_word' id='word_1_707' title='bbox 3313 2743 3504 2796; x_wconf 88' lang='lat' dir='ltr'><strong>dimitte</strong></span> <span class='ocrx_word' id='word_1_708' title='bbox 3535 2759 3554 2797; x_wconf 89' lang='lat'><strong><em>:</em></strong></span> <span class='ocrx_word' id='word_1_709' title='bbox 3579 2745 3624 2797; x_wconf 87' lang='lat' dir='ltr'><strong>si</strong></span> 
     </span>
    </p>
   </div>
   <div class='ocr_carea' id='block_1_89' title="bbox 2024 2833 3620 2903">
    <p class='ocr_par' dir='ltr' id='par_1_89' title="bbox 2024 2833 3620 2903">
     <span class='ocr_line' id='line_1_89' title="bbox 2024 2833 3620 2903; baseline 0 -15"><span class='ocrx_word' id='word_1_710' title='bbox 2024 2852 2138 2889; x_wconf 85' lang='lat' dir='ltr'><strong>vero</strong></span> <span class='ocrx_word' id='word_1_711' title='bbox 2167 2852 2287 2900; x_wconf 86' lang='lat' dir='ltr'><strong>non,</strong></span> <span class='ocrx_word' id='word_1_712' title='bbox 2318 2834 2427 2888; x_wconf 87' lang='lat' dir='ltr'><strong>dele</strong></span> <span class='ocrx_word' id='word_1_713' title='bbox 2452 2843 2499 2887; x_wconf 86' lang='lat' dir='ltr'><strong>et</strong></span> <span class='ocrx_word' id='word_1_714' title='bbox 2537 2851 2616 2888; x_wconf 90' lang='lat' dir='ltr'><strong>me</strong></span> <span class='ocrx_word' id='word_1_715' title='bbox 2657 2834 2720 2887; x_wconf 91' lang='lat' dir='ltr'><strong>de</strong></span> <span class='ocrx_word' id='word_1_716' title='bbox 2762 2833 2910 2898; x_wconf 86' lang='lat' dir='ltr'><strong>libro,</strong></span> <span class='ocrx_word' id='word_1_717' title='bbox 2958 2850 3103 2902; x_wconf 89' lang='lat' dir='ltr'><strong>quem</strong></span> <span class='ocrx_word' id='word_1_718' title='bbox 3144 2834 3386 2903; x_wconf 86' lang='lat' dir='ltr'><strong>scripsisti</strong></span> <span class='ocrx_word' id='word_1_719' title='bbox 3427 2833 3620 2902; x_wconf 71' lang='lat' dir='ltr'><strong>(Exod.</strong></span> 
     </span>
    </p>
   </div>
   <div class='ocr_carea' id='block_1_90' title="bbox 2022 2925 3625 2996">
    <p class='ocr_par' dir='ltr' id='par_1_90' title="bbox 2022 2925 3625 2996">
     <span class='ocr_line' id='line_1_90' title="bbox 2022 2925 3625 2996; baseline -0.002 -15"><span class='ocrx_word' id='word_1_720' title='bbox 2022 2928 2115 2982; x_wconf 75' lang='lat'><strong>32.</strong></span> <span class='ocrx_word' id='word_1_721' title='bbox 2151 2929 2236 2981; x_wconf 79' lang='grc'><strong>51.</strong></span> <span class='ocrx_word' id='word_1_722' title='bbox 2266 2927 2376 2996; x_wconf 72' lang='lat'><strong>52).</strong></span> <span class='ocrx_word' id='word_1_723' title='bbox 2406 2925 2570 2979; x_wconf 84' lang='lat' dir='ltr'><strong>Vides</strong></span> <span class='ocrx_word' id='word_1_724' title='bbox 2593 2925 2885 2995; x_wconf 80' lang='lat' dir='ltr'><strong>quemlibet</strong></span> <span class='ocrx_word' id='word_1_725' title='bbox 2905 2940 2966 2977; x_wconf 83' lang='lat' dir='ltr'><strong>ex</strong></span> <span class='ocrx_word' id='word_1_726' title='bbox 2987 2925 3142 2992; x_wconf 89' lang='lat' dir='ltr'><strong>justis</strong></span> <span class='ocrx_word' id='word_1_727' title='bbox 3171 2925 3398 2978; x_wconf 90' lang='lat' dir='ltr'><strong>alienam</strong></span> <span class='ocrx_word' id='word_1_728' title='bbox 3423 2925 3625 2978; x_wconf 87' lang='lat' dir='ltr'><strong>securi-</strong></span> 
     </span>
    </p>
   </div>
   <div class='ocr_carea' id='block_1_91' title="bbox 2023 3017 3625 3088">
    <p class='ocr_par' dir='ltr' id='par_1_91' title="bbox 2023 3017 3625 3088">
     <span class='ocr_line' id='line_1_91' title="bbox 2023 3017 3625 3088; baseline -0.001 -16"><span class='ocrx_word' id='word_1_729' title='bbox 2023 3028 2186 3074; x_wconf 90' lang='lat' dir='ltr'><strong>tatem</strong></span> <span class='ocrx_word' id='word_1_730' title='bbox 2219 3019 2572 3088; x_wconf 56' lang='lat' dir='ltr'><strong>pra‘posuisse</strong></span> <span class='ocrx_word' id='word_1_731' title='bbox 2619 3018 2772 3070; x_wconf 71' lang='lat' dir='ltr'><strong>sum?</strong></span> <span class='ocrx_word' id='word_1_732' title='bbox 2812 3017 2948 3070; x_wconf 75' lang='lat' dir='ltr'><strong>Nihil</strong></span> <span class='ocrx_word' id='word_1_733' title='bbox 2978 3017 3205 3086; x_wconf 88' lang='lat' dir='ltr'><strong>peccasti</strong></span> <span class='ocrx_word' id='word_1_734' title='bbox 3235 3034 3249 3081; x_wconf 88' lang='lat'><strong>;</strong></span> <span class='ocrx_word' id='word_1_735' title='bbox 3281 3032 3375 3071; x_wconf 92' lang='lat' dir='ltr'><strong>cur</strong></span> <span class='ocrx_word' id='word_1_736' title='bbox 3400 3017 3480 3070; x_wconf 85' lang='lat' dir='ltr'><strong>vis</strong></span> <span class='ocrx_word' id='word_1_737' title='bbox 3505 3033 3625 3072; x_wconf 89' lang='lat' dir='ltr'><strong>esse</strong></span> 
     </span>
    </p>
   </div>
   <div class='ocr_carea' id='block_1_92' title="bbox 2027 3107 3624 3180">
    <p class='ocr_par' dir='ltr' id='par_1_92' title="bbox 2027 3107 3624 3180">
     <span class='ocr_line' id='line_1_92' title="bbox 2027 3107 3624 3180; baseline 0 -17"><span class='ocrx_word' id='word_1_738' title='bbox 2027 3110 2294 3180; x_wconf 89' lang='lat' dir='ltr'><strong>particeps</strong></span> <span class='ocrx_word' id='word_1_739' title='bbox 2317 3110 2609 3180; x_wconf 83' lang='lat' dir='ltr'><strong>supplicii?</strong></span> <span class='ocrx_word' id='word_1_740' title='bbox 2636 3109 2750 3164; x_wconf 82' lang='lat' dir='ltr'><strong>Non</strong></span> <span class='ocrx_word' id='word_1_741' title='bbox 2779 3110 2973 3174; x_wconf 84' lang='lat' dir='ltr'><strong>sentio,</strong></span> <span class='ocrx_word' id='word_1_742' title='bbox 3002 3110 3192 3178; x_wconf 89' lang='lat' dir='ltr'><strong>inquit,</strong></span> <span class='ocrx_word' id='word_1_743' title='bbox 3223 3107 3550 3176; x_wconf 85' lang='lat' dir='ltr'><strong>felicitatem,</strong></span> <span class='ocrx_word' id='word_1_744' title='bbox 3579 3111 3624 3164; x_wconf 88' lang='lat' dir='ltr'><strong>si</strong></span> 
     </span>
    </p>
   </div>
   <div class='ocr_carea' id='block_1_93' title="bbox 2026 3201 3618 3256">
    <p class='ocr_par' dir='ltr' id='par_1_93' title="bbox 2026 3201 3618 3256">
     <span class='ocr_line' id='line_1_93' title="bbox 2026 3201 3618 3256; baseline -0.001 -1"><span class='ocrx_word' id='word_1_745' title='bbox 2026 3201 2114 3256; x_wconf 85' lang='lat' dir='ltr'><strong>alii</strong></span> <span class='ocrx_word' id='word_1_746' title='bbox 2157 3202 2314 3255; x_wconf 89' lang='lat' dir='ltr'><strong>rebus</strong></span> <span class='ocrx_word' id='word_1_747' title='bbox 2342 3201 2579 3255; x_wconf 87' lang='lat' dir='ltr'><strong>adversis</strong></span> <span class='ocrx_word' id='word_1_748' title='bbox 2619 3202 3010 3255; x_wconf 79' lang='lat' dir='ltr'><strong>conﬂictentur.</strong></span> <span class='ocrx_word' id='word_1_749' title='bbox 3043 3201 3330 3254; x_wconf 89' lang='lat' dir='ltr'><strong>Possumus</strong></span> <span class='ocrx_word' id='word_1_750' title='bbox 3357 3213 3536 3255; x_wconf 87' lang='lat' dir='ltr'><strong>autem</strong></span> <span class='ocrx_word' id='word_1_751' title='bbox 3562 3210 3618 3254; x_wconf 89' lang='lat' dir='ltr'><strong>et</strong></span> 
     </span>
    </p>
   </div>
   <div class='ocr_carea' id='block_1_94' title="bbox 2026 3290 3620 3360">
    <p class='ocr_par' dir='ltr' id='par_1_94' title="bbox 2026 3290 3620 3360">
     <span class='ocr_line' id='line_1_94' title="bbox 2026 3290 3620 3360; baseline -0.002 -14"><span class='ocrx_word' id='word_1_752' title='bbox 2026 3294 2189 3346; x_wconf 87' lang='lat' dir='ltr'><strong>alium</strong></span> <span class='ocrx_word' id='word_1_753' title='bbox 2232 3291 2506 3360; x_wconf 88' lang='lat' dir='ltr'><strong>reperire,</strong></span> <span class='ocrx_word' id='word_1_754' title='bbox 2555 3292 2643 3360; x_wconf 92' lang='lat' dir='ltr'><strong>qni</strong></span> <span class='ocrx_word' id='word_1_755' title='bbox 2686 3291 2916 3345; x_wconf 90' lang='lat' dir='ltr'><strong>similem</strong></span> <span class='ocrx_word' id='word_1_756' title='bbox 2962 3291 3318 3359; x_wconf 85' lang='lat' dir='ltr'><strong>precationem</strong></span> <span class='ocrx_word' id='word_1_757' title='bbox 3362 3290 3620 3344; x_wconf 85' lang='lat' dir='ltr'><strong>instituat.</strong></span> 
     </span>
    </p>
   </div>
   <div class='ocr_carea' id='block_1_95' title="bbox 2027 3382 3625 3450">
    <p class='ocr_par' dir='ltr' id='par_1_95' title="bbox 2027 3382 3625 3450">
     <span class='ocr_line' id='line_1_95' title="bbox 2027 3382 3625 3450; baseline -0.003 -12"><span class='ocrx_word' id='word_1_758' title='bbox 2027 3385 2157 3438; x_wconf 86' lang='lat' dir='ltr'><strong>Data</strong></span> <span class='ocrx_word' id='word_1_759' title='bbox 2182 3383 2324 3437; x_wconf 88' lang='lat' dir='ltr'><strong>enim</strong></span> <span class='ocrx_word' id='word_1_760' title='bbox 2366 3397 2530 3450; x_wconf 86' lang='lat' dir='ltr'><strong>Opera</strong></span> <span class='ocrx_word' id='word_1_761' title='bbox 2560 3382 2724 3436; x_wconf 75' lang='lat' dir='ltr'><strong>affero</strong></span> <span class='ocrx_word' id='word_1_762' title='bbox 2754 3383 2914 3435; x_wconf 89' lang='lat' dir='ltr'><strong>multa</strong></span> <span class='ocrx_word' id='word_1_763' title='bbox 2942 3382 3203 3450; x_wconf 75' lang='lat' dir='ltr'><strong>exempla,</strong></span> <span class='ocrx_word' id='word_1_764' title='bbox 3233 3389 3292 3435; x_wconf 92' lang='lat' dir='ltr'><strong>ut</strong></span> <span class='ocrx_word' id='word_1_765' title='bbox 3319 3382 3402 3435; x_wconf 86' lang='lat' dir='ltr'><strong>vel</strong></span> <span class='ocrx_word' id='word_1_766' title='bbox 3431 3382 3506 3436; x_wconf 91' lang='lat' dir='ltr'><strong>sic</strong></span> <span class='ocrx_word' id='word_1_767' title='bbox 3529 3396 3625 3436; x_wconf 90' lang='lat' dir='ltr'><strong>nos</strong></span> 
     </span>
    </p>
   </div>
   <div class='ocr_carea' id='block_1_96' title="bbox 2031 3472 3623 3543">
    <p class='ocr_par' dir='ltr' id='par_1_96' title="bbox 2031 3472 3623 3543">
     <span class='ocr_line' id='line_1_96' title="bbox 2031 3472 3623 3543; baseline -0.002 -14"><span class='ocrx_word' id='word_1_768' title='bbox 2031 3476 2176 3543; x_wconf 92' lang='lat' dir='ltr'><strong>ipsos</strong></span> <span class='ocrx_word' id='word_1_769' title='bbox 2215 3476 2564 3543; x_wconf 86' lang='lat' dir='ltr'><strong>corrigamus,</strong></span> <span class='ocrx_word' id='word_1_770' title='bbox 2597 3475 2849 3543; x_wconf 87' lang='lat' dir='ltr'><strong>gravique</strong></span> <span class='ocrx_word' id='word_1_771' title='bbox 2881 3474 2980 3525; x_wconf 92' lang='lat' dir='ltr'><strong>hoc</strong></span> <span class='ocrx_word' id='word_1_772' title='bbox 3011 3473 3198 3526; x_wconf 84' lang='lat' dir='ltr'><strong>morbo</strong></span> <span class='ocrx_word' id='word_1_773' title='bbox 3229 3472 3460 3526; x_wconf 91' lang='lat' dir='ltr'><strong>animam</strong></span> <span class='ocrx_word' id='word_1_774' title='bbox 3493 3473 3623 3526; x_wconf 88' lang='lat' dir='ltr'><strong>libe-</strong></span> 
     </span>
    </p>
   </div>
   <div class='ocr_carea' id='block_1_97' title="bbox 2033 3564 3627 3634">
    <p class='ocr_par' dir='ltr' id='par_1_97' title="bbox 2033 3564 3627 3634">
     <span class='ocr_line' id='line_1_97' title="bbox 2033 3564 3627 3634; baseline -0.004 -13"><span class='ocrx_word' id='word_1_775' title='bbox 2033 3580 2235 3632; x_wconf 92' lang='lat' dir='ltr'><strong>remus,</strong></span> <span class='ocrx_word' id='word_1_776' title='bbox 2266 3581 2457 3634; x_wconf 87' lang='lat' dir='ltr'><strong>nempe</strong></span> <span class='ocrx_word' id='word_1_777' title='bbox 2485 3582 2549 3618; x_wconf 91' lang='lat' dir='ltr'><strong>ne</strong></span> <span class='ocrx_word' id='word_1_778' title='bbox 2577 3565 2714 3616; x_wconf 88' lang='lat' dir='ltr'><strong>mala</strong></span> <span class='ocrx_word' id='word_1_779' title='bbox 2743 3565 3096 3634; x_wconf 88' lang='lat' dir='ltr'><strong>imprecemur</strong></span> <span class='ocrx_word' id='word_1_780' title='bbox 3130 3565 3377 3618; x_wconf 90' lang='lat' dir='ltr'><strong>inimicis.</strong></span> <span class='ocrx_word' id='word_1_781' title='bbox 3409 3564 3543 3618; x_wconf 79' lang='lat' dir='ltr'><strong>Audi</strong></span> <span class='ocrx_word' id='word_1_782' title='bbox 3573 3571 3627 3616; x_wconf 88' lang='lat' dir='ltr'><strong>et</strong></span> 
     </span>
    </p>
   </div>
   <div class='ocr_carea' id='block_1_98' title="bbox 2032 3654 3624 3724">
    <p class='ocr_par' dir='ltr' id='par_1_98' title="bbox 2032 3654 3624 3724">
     <span class='ocr_line' id='line_1_98' title="bbox 2032 3654 3624 3724; baseline -0.003 -14"><span class='ocrx_word' id='word_1_783' title='bbox 2032 3657 2247 3710; x_wconf 90' lang='lat' dir='ltr'><strong>beatum</strong></span> <span class='ocrx_word' id='word_1_784' title='bbox 2275 3656 2549 3718; x_wconf 86' lang='lat' dir='ltr'><strong>Davidem,</strong></span> <span class='ocrx_word' id='word_1_785' title='bbox 2576 3655 2702 3724; x_wconf 86' lang='lat' dir='ltr'><strong>quid</strong></span> <span class='ocrx_word' id='word_1_786' title='bbox 2738 3655 2831 3718; x_wconf 89' lang='lat' dir='ltr'><strong>ait,</strong></span> <span class='ocrx_word' id='word_1_787' title='bbox 2858 3655 2965 3708; x_wconf 89' lang='lat' dir='ltr'><strong>Deo</strong></span> <span class='ocrx_word' id='word_1_788' title='bbox 2990 3656 3213 3719; x_wconf 89' lang='lat' dir='ltr'><strong>irritato,</strong></span> <span class='ocrx_word' id='word_1_789' title='bbox 3246 3663 3299 3706; x_wconf 91' lang='lat' dir='ltr'><strong>et</strong></span> <span class='ocrx_word' id='word_1_790' title='bbox 3321 3654 3428 3722; x_wconf 87' lang='lat' dir='ltr'><strong>jam</strong></span> <span class='ocrx_word' id='word_1_791' title='bbox 3462 3656 3624 3706; x_wconf 80' lang='lat' dir='ltr'><strong>misso</strong></span> 
     </span>
    </p>
   </div>
   <div class='ocr_carea' id='block_1_99' title="bbox 2030 3744 3626 3815">
    <p class='ocr_par' dir='ltr' id='par_1_99' title="bbox 2030 3744 3626 3815">
     <span class='ocr_line' id='line_1_99' title="bbox 2030 3744 3626 3815; baseline -0.003 -17"><span class='ocrx_word' id='word_1_792' title='bbox 2030 3747 2219 3815; x_wconf 87' lang='lat' dir='ltr'><strong>angelo</strong></span> <span class='ocrx_word' id='word_1_793' title='bbox 2247 3745 2336 3814; x_wconf 90' lang='lat' dir='ltr'><strong>qui</strong></span> <span class='ocrx_word' id='word_1_794' title='bbox 2359 3745 2744 3798; x_wconf 89' lang='lat' dir='ltr'><strong>multitudinem</strong></span> <span class='ocrx_word' id='word_1_795' title='bbox 2770 3746 2977 3812; x_wconf 77' lang='lat' dir='ltr'><strong>puniret</strong></span> <span class='ocrx_word' id='word_1_796' title='bbox 3001 3763 3013 3797; x_wconf 89' lang='lat'><strong><em>:</em></strong></span> <span class='ocrx_word' id='word_1_797' title='bbox 3037 3744 3218 3797; x_wconf 72' lang='lat' dir='ltr'><strong>videns</strong></span> <span class='ocrx_word' id='word_1_798' title='bbox 3238 3745 3478 3811; x_wconf 78' lang='lat' dir='ltr'><strong>angelum</strong></span> <span class='ocrx_word' id='word_1_799' title='bbox 3504 3747 3626 3795; x_wconf 58' lang='lat' dir='ltr'><strong>stri-</strong></span> 
     </span>
    </p>
   </div>
   <div class='ocr_carea' id='block_1_100' title="bbox 2031 3837 3622 3905">
    <p class='ocr_par' dir='ltr' id='par_1_100' title="bbox 2031 3837 3622 3905">
     <span class='ocr_line' id='line_1_100' title="bbox 2031 3837 3622 3905; baseline 0.001 -14"><span class='ocrx_word' id='word_1_800' title='bbox 2031 3847 2116 3891; x_wconf 88' lang='lat' dir='ltr'><strong>cto</strong></span> <span class='ocrx_word' id='word_1_801' title='bbox 2144 3837 2318 3905; x_wconf 88' lang='lat' dir='ltr'><strong>gladio</strong></span> <span class='ocrx_word' id='word_1_802' title='bbox 2342 3838 2677 3900; x_wconf 87' lang='lat' dir='ltr'><strong>instrttctum,</strong></span> <span class='ocrx_word' id='word_1_803' title='bbox 2706 3837 3207 3905; x_wconf 80' lang='lat' dir='ltr'><strong>ictumquejamjam</strong></span> <span class='ocrx_word' id='word_1_804' title='bbox 3233 3838 3576 3891; x_wconf 88' lang='lat' dir='ltr'><strong>intentantem</strong></span> <span class='ocrx_word' id='word_1_805' title='bbox 3607 3855 3622 3892; x_wconf 88' lang='lat'><strong>:</strong></span> 
     </span>
    </p>
   </div>
   <div class='ocr_carea' id='block_1_101' title="bbox 2031 3927 3624 3997">
    <p class='ocr_par' dir='ltr' id='par_1_101' title="bbox 2031 3927 3624 3997">
     <span class='ocr_line' id='line_1_101' title="bbox 2031 3927 3624 3997; baseline -0.001 -17"><span class='ocrx_word' id='word_1_806' title='bbox 2031 3927 2166 3997; x_wconf 88' lang='lat' dir='ltr'><strong>Ego,</strong></span> <span class='ocrx_word' id='word_1_807' title='bbox 2198 3927 2388 3996; x_wconf 91' lang='lat' dir='ltr'><strong>inquit,</strong></span> <span class='ocrx_word' id='word_1_808' title='bbox 2417 3927 2503 3996; x_wconf 88' lang='lat' dir='ltr'><strong>qui</strong></span> <span class='ocrx_word' id='word_1_809' title='bbox 2533 3937 2705 3995; x_wconf 84' lang='lat' dir='ltr'><strong>pastor</strong></span> <span class='ocrx_word' id='word_1_810' title='bbox 2728 3943 2860 3990; x_wconf 89' lang='lat' dir='ltr'><strong>sum,</strong></span> <span class='ocrx_word' id='word_1_811' title='bbox 2883 3927 3079 3996; x_wconf 82' lang='lat' dir='ltr'><strong>peccavi</strong></span> <span class='ocrx_word' id='word_1_812' title='bbox 3112 3943 3130 3980; x_wconf 92' lang='lat'><strong><em>:</em></strong></span> <span class='ocrx_word' id='word_1_813' title='bbox 3160 3927 3231 3992; x_wconf 89' lang='lat' dir='ltr'><strong>hi,</strong></span> <span class='ocrx_word' id='word_1_814' title='bbox 3259 3927 3343 3996; x_wconf 89' lang='lat' dir='ltr'><strong>qui</strong></span> <span class='ocrx_word' id='word_1_815' title='bbox 3363 3943 3474 3981; x_wconf 84' lang='lat' dir='ltr'><strong>oves</strong></span> <span class='ocrx_word' id='word_1_816' title='bbox 3490 3937 3624 3992; x_wconf 89' lang='lat' dir='ltr'><strong>sunt,</strong></span> 
     </span>
    </p>
   </div>
   <div class='ocr_carea' id='block_1_102' title="bbox 2032 4015 3628 4086">
    <p class='ocr_par' dir='ltr' id='par_1_102' title="bbox 2032 4015 3628 4086">
     <span class='ocr_line' id='line_1_102' title="bbox 2032 4015 3628 4086; baseline -0.001 -17"><span class='ocrx_word' id='word_1_817' title='bbox 2032 4016 2155 4084; x_wconf 88' lang='lat' dir='ltr'><strong>quid</strong></span> <span class='ocrx_word' id='word_1_818' title='bbox 2187 4016 2452 4084; x_wconf 80' lang='lat' dir='ltr'><strong>fecerunt?</strong></span> <span class='ocrx_word' id='word_1_819' title='bbox 2493 4015 2612 4068; x_wconf 83' lang='lat' dir='ltr'><strong>Fiat</strong></span> <span class='ocrx_word' id='word_1_820' title='bbox 2639 4034 2816 4069; x_wconf 87' lang='lat' dir='ltr'><strong>manus</strong></span> <span class='ocrx_word' id='word_1_821' title='bbox 2847 4027 2933 4068; x_wconf 85' lang='lat' dir='ltr'><strong>tua</strong></span> <span class='ocrx_word' id='word_1_822' title='bbox 2975 4034 3126 4086; x_wconf 84' lang='lat' dir='ltr'><strong>super</strong></span> <span class='ocrx_word' id='word_1_823' title='bbox 3160 4033 3252 4079; x_wconf 89' lang='lat' dir='ltr'><strong>me,</strong></span> <span class='ocrx_word' id='word_1_824' title='bbox 3284 4026 3330 4069; x_wconf 85' lang='lat' dir='ltr'><strong>et</strong></span> <span class='ocrx_word' id='word_1_825' title='bbox 3357 4034 3508 4086; x_wconf 79' lang='lat' dir='ltr'><strong>super</strong></span> <span class='ocrx_word' id='word_1_826' title='bbox 3536 4018 3628 4068; x_wconf 82' lang='lat' dir='ltr'><strong>do-</strong></span> 
     </span>
    </p>
   </div>
   <div class='ocr_carea' id='block_1_103' title="bbox 2035 4105 3625 4176">
    <p class='ocr_par' dir='ltr' id='par_1_103' title="bbox 2035 4105 3625 4176">
     <span class='ocr_line' id='line_1_103' title="bbox 2035 4105 3625 4176; baseline -0.001 -16"><span class='ocrx_word' id='word_1_827' title='bbox 2035 4124 2171 4160; x_wconf 89' lang='lat' dir='ltr'><strong>mum</strong></span> <span class='ocrx_word' id='word_1_828' title='bbox 2194 4108 2351 4176; x_wconf 86' lang='lat' dir='ltr'><strong>patris</strong></span> <span class='ocrx_word' id='word_1_829' title='bbox 2374 4107 2469 4160; x_wconf 84' lang='lat' dir='ltr'><strong>mei</strong></span> <span class='ocrx_word' id='word_1_830' title='bbox 2500 4107 2574 4175; x_wconf 90' lang='lat'><strong>(2.</strong></span> <span class='ocrx_word' id='word_1_831' title='bbox 2609 4107 2734 4176; x_wconf 89' lang='lat' dir='ltr'><strong>Reg.</strong></span> <span class='ocrx_word' id='word_1_832' title='bbox 2767 4107 2854 4160; x_wconf 64' lang='lat'><strong>24.</strong></span> <span class='ocrx_word' id='word_1_833' title='bbox 2888 4107 2996 4173; x_wconf 89' lang='grc'><strong>17).</strong></span> <span class='ocrx_word' id='word_1_834' title='bbox 3035 4106 3188 4159; x_wconf 88' lang='lat' dir='ltr'><strong>Vides</strong></span> <span class='ocrx_word' id='word_1_835' title='bbox 3217 4107 3410 4158; x_wconf 88' lang='lat' dir='ltr'><strong>iterum</strong></span> <span class='ocrx_word' id='word_1_836' title='bbox 3432 4105 3625 4159; x_wconf 83' lang='lat' dir='ltr'><strong>similia</strong></span> 
     </span>
    </p>
   </div>
   <div class='ocr_carea' id='block_1_104' title="bbox 2035 4196 3626 4267">
    <p class='ocr_par' dir='ltr' id='par_1_104' title="bbox 2035 4196 3626 4267">
     <span class='ocr_line' id='line_1_104' title="bbox 2035 4196 3626 4267; baseline -0.001 -17"><span class='ocrx_word' id='word_1_837' title='bbox 2035 4199 2296 4267; x_wconf 77' lang='lat' dir='ltr'><strong>prazclare</strong></span> <span class='ocrx_word' id='word_1_838' title='bbox 2341 4197 2476 4250; x_wconf 84' lang='lat' dir='ltr'><strong>facta</strong></span> <span class='ocrx_word' id='word_1_839' title='bbox 2497 4201 2520 4248; x_wconf 70' lang='grc' dir='ltr'>Υ</span> <span class='ocrx_word' id='word_1_840' title='bbox 2549 4198 2626 4249; x_wconf 80' lang='lat' dir='ltr'><strong>vis</strong></span> <span class='ocrx_word' id='word_1_841' title='bbox 2654 4207 2706 4250; x_wconf 92' lang='lat' dir='ltr'><strong>et</strong></span> <span class='ocrx_word' id='word_1_842' title='bbox 2733 4198 2894 4250; x_wconf 87' lang='lat' dir='ltr'><strong>alium</strong></span> <span class='ocrx_word' id='word_1_843' title='bbox 2943 4197 3035 4249; x_wconf 89' lang='lat' dir='ltr'><strong>tibi</strong></span> <span class='ocrx_word' id='word_1_844' title='bbox 3064 4197 3340 4250; x_wconf 87' lang='lat' dir='ltr'><strong>ostendam</strong></span> <span class='ocrx_word' id='word_1_845' title='bbox 3387 4197 3523 4250; x_wconf 89' lang='lat' dir='ltr'><strong>idem</strong></span> <span class='ocrx_word' id='word_1_846' title='bbox 3553 4196 3626 4249; x_wconf 88' lang='lat' dir='ltr'><strong>fa-</strong></span> 
     </span>
    </p>
   </div>
   <div class='ocr_carea' id='block_1_105' title="bbox 2033 4287 3623 4356">
    <p class='ocr_par' dir='ltr' id='par_1_105' title="bbox 2033 4287 3623 4356">
     <span class='ocr_line' id='line_1_105' title="bbox 2033 4287 3623 4356; baseline 0 -15"><span class='ocrx_word' id='word_1_847' title='bbox 2033 4288 2311 4342; x_wconf 88' lang='lat' dir='ltr'><strong>cientem?</strong></span> <span class='ocrx_word' id='word_1_848' title='bbox 2341 4287 2551 4339; x_wconf 83' lang='lat' dir='ltr'><strong>Samuel</strong></span> <span class='ocrx_word' id='word_1_849' title='bbox 2584 4287 2838 4354; x_wconf 82' lang='lat' dir='ltr'><strong>prOpheta</strong></span> <span class='ocrx_word' id='word_1_850' title='bbox 2872 4303 2901 4338; x_wconf 92' lang='lat' dir='ltr'><strong>a</strong></span> <span class='ocrx_word' id='word_1_851' title='bbox 2929 4287 3127 4340; x_wconf 69' lang='lat' dir='ltr'><strong>JUdiDIS</strong></span> <span class='ocrx_word' id='word_1_852' title='bbox 3157 4288 3347 4356; x_wconf 85' lang='lat' dir='ltr'><strong>injuria</strong></span> <span class='ocrx_word' id='word_1_853' title='bbox 3379 4289 3623 4354; x_wconf 82' lang='lat' dir='ltr'><strong>aﬂ‘ectus,</strong></span> 
     </span>
    </p>
   </div>
   <div class='ocr_carea' id='block_1_106' title="bbox 2035 4378 3622 4448">
    <p class='ocr_par' dir='ltr' id='par_1_106' title="bbox 2035 4378 3622 4448">
     <span class='ocr_line' id='line_1_106' title="bbox 2035 4378 3622 4448; baseline 0.001 -17"><span class='ocrx_word' id='word_1_854' title='bbox 2035 4386 2393 4446; x_wconf 86' lang='lat' dir='ltr'><strong>contemptus,</strong></span> <span class='ocrx_word' id='word_1_855' title='bbox 2425 4378 2679 4445; x_wconf 89' lang='lat' dir='ltr'><strong>rejectus,</strong></span> <span class='ocrx_word' id='word_1_856' title='bbox 2714 4387 2766 4431; x_wconf 92' lang='lat' dir='ltr'><strong>et</strong></span> <span class='ocrx_word' id='word_1_857' title='bbox 2796 4387 2939 4431; x_wconf 88' lang='lat' dir='ltr'><strong>tanta</strong></span> <span class='ocrx_word' id='word_1_858' title='bbox 2969 4379 3252 4448; x_wconf 87' lang='lat' dir='ltr'><strong>ignominia</strong></span> <span class='ocrx_word' id='word_1_859' title='bbox 3284 4391 3494 4433; x_wconf 89' lang='lat' dir='ltr'><strong>notatus</strong></span> <span class='ocrx_word' id='word_1_860' title='bbox 3521 4390 3622 4442; x_wconf 90' lang='lat' dir='ltr'><strong>est,</strong></span> 
     </span>
    </p>
   </div>
   <div class='ocr_carea' id='block_1_107' title="bbox 2035 4468 3622 4536">
    <p class='ocr_par' dir='ltr' id='par_1_107' title="bbox 2035 4468 3622 4536">
     <span class='ocr_line' id='line_1_107' title="bbox 2035 4468 3622 4536; baseline 0 -15"><span class='ocrx_word' id='word_1_861' title='bbox 2035 4478 2093 4521; x_wconf 90' lang='lat' dir='ltr'><strong>ut</strong></span> <span class='ocrx_word' id='word_1_862' title='bbox 2119 4468 2259 4521; x_wconf 85' lang='lat' dir='ltr'><strong>Dens</strong></span> <span class='ocrx_word' id='word_1_863' title='bbox 2289 4469 2402 4536; x_wconf 91' lang='lat' dir='ltr'><strong>ipse</strong></span> <span class='ocrx_word' id='word_1_864' title='bbox 2433 4468 2481 4522; x_wconf 92' lang='lat' dir='ltr'><strong>ei</strong></span> <span class='ocrx_word' id='word_1_865' title='bbox 2529 4468 2728 4536; x_wconf 89' lang='lat' dir='ltr'><strong>aliquid</strong></span> <span class='ocrx_word' id='word_1_866' title='bbox 2756 4469 3131 4521; x_wconf 88' lang='lat' dir='ltr'><strong>consolationis</strong></span> <span class='ocrx_word' id='word_1_867' title='bbox 3160 4468 3352 4522; x_wconf 78' lang='lat' dir='ltr'><strong>afferre</strong></span> <span class='ocrx_word' id='word_1_868' title='bbox 3378 4470 3622 4522; x_wconf 85' lang='lat' dir='ltr'><strong>voluerit.</strong></span> 
     </span>
    </p>
   </div>
   <div class='ocr_carea' id='block_1_108' title="bbox 2038 4559 3623 4627">
    <p class='ocr_par' dir='ltr' id='par_1_108' title="bbox 2038 4559 3623 4627">
     <span class='ocr_line' id='line_1_108' title="bbox 2038 4559 3623 4627; baseline -0.001 -12"><span class='ocrx_word' id='word_1_869' title='bbox 2038 4562 2352 4627; x_wconf 90' lang='lat' dir='ltr'><strong>Attendite,</strong></span> <span class='ocrx_word' id='word_1_870' title='bbox 2404 4577 2538 4623; x_wconf 89' lang='lat' dir='ltr'><strong>oro,</strong></span> <span class='ocrx_word' id='word_1_871' title='bbox 2591 4561 2887 4627; x_wconf 81' lang='lat' dir='ltr'><strong>diligenter.</strong></span> <span class='ocrx_word' id='word_1_872' title='bbox 2946 4559 3087 4613; x_wconf 79' lang='lat' dir='ltr'><strong>Dixit</strong></span> <span class='ocrx_word' id='word_1_873' title='bbox 3149 4559 3290 4613; x_wconf 91' lang='lat' dir='ltr'><strong>enim</strong></span> <span class='ocrx_word' id='word_1_874' title='bbox 3357 4560 3424 4615; x_wconf 89' lang='lat' dir='ltr'><strong>ad</strong></span> <span class='ocrx_word' id='word_1_875' title='bbox 3475 4561 3623 4614; x_wconf 92' lang='lat' dir='ltr'><strong>illum</strong></span> 
     </span>
    </p>
   </div>
   <div class='ocr_carea' id='block_1_109' title="bbox 2039 4648 3620 4720">
    <p class='ocr_par' dir='ltr' id='par_1_109' title="bbox 2039 4648 3620 4720">
     <span class='ocr_line' id='line_1_109' title="bbox 2039 4648 3620 4720; baseline 0 -17"><span class='ocrx_word' id='word_1_876' title='bbox 2039 4651 2177 4703; x_wconf 87' lang='lat' dir='ltr'><strong>Deus</strong></span> <span class='ocrx_word' id='word_1_877' title='bbox 2223 4667 2235 4701; x_wconf 90' lang='lat'>:</span> <span class='ocrx_word' id='word_1_878' title='bbox 2288 4649 2407 4701; x_wconf 85' lang='lat' dir='ltr'><strong>Non</strong></span> <span class='ocrx_word' id='word_1_879' title='bbox 2455 4659 2502 4700; x_wconf 87' lang='lat' dir='ltr'><strong>te</strong></span> <span class='ocrx_word' id='word_1_880' title='bbox 2547 4649 2852 4717; x_wconf 86' lang='lat' dir='ltr'><strong>abjecerunt,</strong></span> <span class='ocrx_word' id='word_1_881' title='bbox 2895 4648 2983 4700; x_wconf 88' lang='lat' dir='ltr'><strong>sed</strong></span> <span class='ocrx_word' id='word_1_882' title='bbox 3029 4665 3108 4702; x_wconf 88' lang='lat' dir='ltr'><strong>me</strong></span> <span class='ocrx_word' id='word_1_883' title='bbox 3155 4649 3230 4712; x_wconf 86' lang='grc'><strong>(1.</strong></span> <span class='ocrx_word' id='word_1_884' title='bbox 3278 4649 3406 4720; x_wconf 86' lang='lat' dir='ltr'><strong>Reg.</strong></span> <span class='ocrx_word' id='word_1_885' title='bbox 3439 4650 3492 4705; x_wconf 89' lang='lat'><strong>8.</strong></span> <span class='ocrx_word' id='word_1_886' title='bbox 3541 4651 3620 4718; x_wconf 87' lang='lat'><strong>7).</strong></span> 
     </span>
    </p>
   </div>
   <div class='ocr_carea' id='block_1_110' title="bbox 2037 4737 3622 4806">
    <p class='ocr_par' dir='ltr' id='par_1_110' title="bbox 2037 4737 3622 4806">
     <span class='ocr_line' id='line_1_110' title="bbox 2037 4737 3622 4806; baseline 0.003 -16"><span class='ocrx_word' id='word_1_887' title='bbox 2037 4739 2172 4804; x_wconf 78' lang='lat' dir='ltr'><strong>Quid</strong></span> <span class='ocrx_word' id='word_1_888' title='bbox 2228 4737 2386 4805; x_wconf 82' lang='lat' dir='ltr'><strong>igitur</strong></span> <span class='ocrx_word' id='word_1_889' title='bbox 2433 4737 2558 4802; x_wconf 92' lang='lat' dir='ltr'><strong>ille,</strong></span> <span class='ocrx_word' id='word_1_890' title='bbox 2613 4738 2736 4806; x_wconf 88' lang='lat' dir='ltr'><strong>quid</strong></span> <span class='ocrx_word' id='word_1_891' title='bbox 2789 4739 3020 4806; x_wconf 88' lang='lat' dir='ltr'><strong>rejectus</strong></span> <span class='ocrx_word' id='word_1_892' title='bbox 3066 4738 3271 4804; x_wconf 89' lang='lat' dir='ltr'><strong>fuerat,</strong></span> <span class='ocrx_word' id='word_1_893' title='bbox 3322 4739 3622 4806; x_wconf 88' lang='lat' dir='ltr'><strong>dedecore,</strong></span> 
     </span>
    </p>
   </div>
   <div class='ocr_carea' id='block_1_111' title="bbox 2037 4831 3620 4901">
    <p class='ocr_par' dir='ltr' id='par_1_111' title="bbox 2037 4831 3620 4901">
     <span class='ocr_line' id='line_1_111' title="bbox 2037 4831 3620 4901; baseline -0.001 -14"><span class='ocrx_word' id='word_1_894' title='bbox 2037 4842 2341 4901; x_wconf 71' lang='lat' dir='ltr'><strong>eontemptu</strong></span> <span class='ocrx_word' id='word_1_895' title='bbox 2369 4871 2384 4896; x_wconf 93' lang='lat'><strong>,</strong></span> <span class='ocrx_word' id='word_1_896' title='bbox 2431 4839 2485 4885; x_wconf 87' lang='lat' dir='ltr'><strong>et</strong></span> <span class='ocrx_word' id='word_1_897' title='bbox 2531 4831 2723 4899; x_wconf 85' lang='lat' dir='ltr'><strong>injuria</strong></span> <span class='ocrx_word' id='word_1_898' title='bbox 2775 4833 3033 4887; x_wconf 73' lang='lat' dir='ltr'><strong>allectus?</strong></span> <span class='ocrx_word' id='word_1_899' title='bbox 3081 4832 3216 4886; x_wconf 88' lang='lat' dir='ltr'><strong>Audi</strong></span> <span class='ocrx_word' id='word_1_900' title='bbox 3265 4833 3390 4900; x_wconf 90' lang='lat' dir='ltr'><strong>quid</strong></span> <span class='ocrx_word' id='word_1_901' title='bbox 3441 4833 3620 4886; x_wconf 82' lang='lat' dir='ltr'><strong>dicat:</strong></span> 
     </span>
    </p>
   </div>
   <div class='ocr_carea' id='block_1_112' title="bbox 2040 4920 3626 4990">
    <p class='ocr_par' dir='ltr' id='par_1_112' title="bbox 2040 4920 3626 4990">
     <span class='ocr_line' id='line_1_112' title="bbox 2040 4920 3626 4990; baseline -0.001 -14"><span class='ocrx_word' id='word_1_902' title='bbox 2040 4923 2180 4976; x_wconf 79' lang='lat' dir='ltr'><strong>Absit</strong></span> <span class='ocrx_word' id='word_1_903' title='bbox 2205 4931 2372 4973; x_wconf 89' lang='lat' dir='ltr'><strong>autent</strong></span> <span class='ocrx_word' id='word_1_904' title='bbox 2401 4937 2432 4972; x_wconf 91' lang='lat' dir='ltr'><strong>a</strong></span> <span class='ocrx_word' id='word_1_905' title='bbox 2452 4936 2530 4973; x_wconf 88' lang='lat' dir='ltr'><strong>me</strong></span> <span class='ocrx_word' id='word_1_906' title='bbox 2563 4922 2656 4973; x_wconf 90' lang='lat' dir='ltr'><strong>hoc</strong></span> <span class='ocrx_word' id='word_1_907' title='bbox 2689 4932 2944 4990; x_wconf 87' lang='lat' dir='ltr'><strong>peccatum</strong></span> <span class='ocrx_word' id='word_1_908' title='bbox 2967 4923 3018 4973; x_wconf 85' lang='lat' dir='ltr'><strong>in</strong></span> <span class='ocrx_word' id='word_1_909' title='bbox 3044 4920 3338 4984; x_wconf 88' lang='lat' dir='ltr'><strong>Dominum,</strong></span> <span class='ocrx_word' id='word_1_910' title='bbox 3372 4933 3422 4974; x_wconf 91' lang='lat' dir='ltr'><strong>ut</strong></span> <span class='ocrx_word' id='word_1_911' title='bbox 3443 4938 3626 4974; x_wconf 84' lang='lat' dir='ltr'><strong>cessent</strong></span> 
     </span>
    </p>
   </div>
   <div class='ocr_carea' id='block_1_113' title="bbox 2039 5011 3627 5081">
    <p class='ocr_par' dir='ltr' id='par_1_113' title="bbox 2039 5011 3627 5081">
     <span class='ocr_line' id='line_1_113' title="bbox 2039 5011 3627 5081; baseline 0.001 -16"><span class='ocrx_word' id='word_1_912' title='bbox 2039 5029 2186 5066; x_wconf 87' lang='lat' dir='ltr'><strong>orare</strong></span> <span class='ocrx_word' id='word_1_913' title='bbox 2212 5028 2302 5081; x_wconf 79' lang='lat' dir='ltr'><strong>pro</strong></span> <span class='ocrx_word' id='word_1_914' title='bbox 2327 5013 2460 5064; x_wconf 86' lang='lat' dir='ltr'><strong>vobis</strong></span> <span class='ocrx_word' id='word_1_915' title='bbox 2488 5013 2564 5079; x_wconf 86' lang='lat' dir='ltr'><strong>(l.</strong></span> <span class='ocrx_word' id='word_1_916' title='bbox 2602 5012 2728 5080; x_wconf 76' lang='lat' dir='ltr'><strong>Reg.</strong></span> <span class='ocrx_word' id='word_1_917' title='bbox 2754 5013 2838 5064; x_wconf 86' lang='lat' dir='ltr'><strong>l2.</strong></span> <span class='ocrx_word' id='word_1_918' title='bbox 2869 5011 2959 5080; x_wconf 76' lang='lat'><strong>23)</strong></span> <span class='ocrx_word' id='word_1_919' title='bbox 2989 5030 3002 5064; x_wconf 92' lang='lat'>:</span> <span class='ocrx_word' id='word_1_920' title='bbox 3035 5023 3309 5081; x_wconf 90' lang='lat' dir='ltr'><strong>peccatum</strong></span> <span class='ocrx_word' id='word_1_921' title='bbox 3337 5013 3627 5066; x_wconf 86' lang='lat' dir='ltr'><strong>arbitratus</strong></span> 
     </span>
    </p>
   </div>
   <div class='ocr_carea' id='block_1_114' title="bbox 2038 5103 3625 5172">
    <p class='ocr_par' dir='ltr' id='par_1_114' title="bbox 2038 5103 3625 5172">
     <span class='ocr_line' id='line_1_114' title="bbox 2038 5103 3625 5172; baseline -0.001 -14"><span class='ocrx_word' id='word_1_922' title='bbox 2038 5113 2120 5158; x_wconf 90' lang='lat' dir='ltr'><strong>est</strong></span> <span class='ocrx_word' id='word_1_923' title='bbox 2146 5119 2249 5157; x_wconf 91' lang='lat' dir='ltr'><strong>non</strong></span> <span class='ocrx_word' id='word_1_924' title='bbox 2281 5118 2434 5158; x_wconf 88' lang='lat' dir='ltr'><strong>orare</strong></span> <span class='ocrx_word' id='word_1_925' title='bbox 2464 5118 2558 5171; x_wconf 92' lang='lat' dir='ltr'><strong>pro</strong></span> <span class='ocrx_word' id='word_1_926' title='bbox 2585 5103 2830 5156; x_wconf 92' lang='lat' dir='ltr'><strong>inimicis.</strong></span> <span class='ocrx_word' id='word_1_927' title='bbox 2879 5103 3031 5157; x_wconf 86' lang='lat' dir='ltr'><strong>Absit</strong></span> <span class='ocrx_word' id='word_1_928' title='bbox 3057 5120 3085 5158; x_wconf 90' lang='lat' dir='ltr'><strong>a</strong></span> <span class='ocrx_word' id='word_1_929' title='bbox 3114 5121 3223 5166; x_wconf 89' lang='lat' dir='ltr'><strong>me,</strong></span> <span class='ocrx_word' id='word_1_930' title='bbox 3257 5105 3443 5172; x_wconf 89' lang='lat' dir='ltr'><strong>inquit,</strong></span> <span class='ocrx_word' id='word_1_931' title='bbox 3473 5114 3530 5157; x_wconf 93' lang='lat' dir='ltr'><strong>ut</strong></span> <span class='ocrx_word' id='word_1_932' title='bbox 3555 5105 3625 5157; x_wconf 83' lang='lat' dir='ltr'><strong>ita</strong></span> 
     </span>
    </p>
   </div>
   <div class='ocr_carea' id='block_1_115' title="bbox 2040 5193 3627 5265">
    <p class='ocr_par' dir='ltr' id='par_1_115' title="bbox 2040 5193 3627 5265">
     <span class='ocr_line' id='line_1_115' title="bbox 2040 5193 3627 5265; baseline -0.001 -16"><span class='ocrx_word' id='word_1_933' title='bbox 2040 5209 2253 5265; x_wconf 89' lang='lat' dir='ltr'><strong>peccem</strong></span> <span class='ocrx_word' id='word_1_934' title='bbox 2277 5236 2291 5258; x_wconf 93' lang='lat'><strong>,</strong></span> <span class='ocrx_word' id='word_1_935' title='bbox 2325 5203 2381 5247; x_wconf 93' lang='lat' dir='ltr'><strong>ut</strong></span> <span class='ocrx_word' id='word_1_936' title='bbox 2409 5193 2644 5247; x_wconf 90' lang='lat' dir='ltr'><strong>desinam</strong></span> <span class='ocrx_word' id='word_1_937' title='bbox 2675 5208 2771 5262; x_wconf 93' lang='lat' dir='ltr'><strong>pro</strong></span> <span class='ocrx_word' id='word_1_938' title='bbox 2796 5194 2948 5247; x_wconf 89' lang='lat' dir='ltr'><strong>vobis</strong></span> <span class='ocrx_word' id='word_1_939' title='bbox 2972 5210 3144 5248; x_wconf 87' lang='lat' dir='ltr'><strong>orare.</strong></span> <span class='ocrx_word' id='word_1_940' title='bbox 3176 5193 3334 5248; x_wconf 90' lang='lat' dir='ltr'><strong>Vides</strong></span> <span class='ocrx_word' id='word_1_941' title='bbox 3357 5195 3627 5263; x_wconf 91' lang='lat' dir='ltr'><strong>quomodo</strong></span> 
     </span>
    </p>
   </div>
   <div class='ocr_carea' id='block_1_116' title="bbox 2041 5283 3626 5356">
    <p class='ocr_par' dir='ltr' id='par_1_116' title="bbox 2041 5283 3626 5356">
     <span class='ocr_line' id='line_1_116' title="bbox 2041 5283 3626 5356; baseline -0.001 -16"><span class='ocrx_word' id='word_1_942' title='bbox 2041 5287 2266 5356; x_wconf 87' lang='lat' dir='ltr'><strong>quilibet</strong></span> <span class='ocrx_word' id='word_1_943' title='bbox 2288 5302 2351 5340; x_wconf 84' lang='lat' dir='ltr'><strong>ex</strong></span> <span class='ocrx_word' id='word_1_944' title='bbox 2377 5286 2535 5355; x_wconf 88' lang='lat' dir='ltr'><strong>justis</strong></span> <span class='ocrx_word' id='word_1_945' title='bbox 2561 5285 2716 5353; x_wconf 86' lang='lat' dir='ltr'><strong>hujus</strong></span> <span class='ocrx_word' id='word_1_946' title='bbox 2748 5286 3000 5355; x_wconf 74' lang='lat' dir='ltr'><strong>praeclare</strong></span> <span class='ocrx_word' id='word_1_947' title='bbox 3033 5283 3155 5337; x_wconf 80' lang='lat' dir='ltr'><strong>facti</strong></span> <span class='ocrx_word' id='word_1_948' title='bbox 3188 5285 3510 5354; x_wconf 79' lang='lat' dir='ltr'><strong>singularem</strong></span> <span class='ocrx_word' id='word_1_949' title='bbox 3535 5302 3626 5340; x_wconf 64' lang='lat' dir='ltr'><strong>eno</strong></span> 
     </span>
    </p>
   </div>
   <div class='ocr_carea' id='block_1_117' title="bbox 2043 5374 3625 5444">
    <p class='ocr_par' dir='ltr' id='par_1_117' title="bbox 2043 5374 3625 5444">
     <span class='ocr_line' id='line_1_117' title="bbox 2043 5374 3625 5444; baseline -0.002 -13"><span class='ocrx_word' id='word_1_950' title='bbox 2043 5394 2156 5431; x_wconf 84' lang='lat' dir='ltr'><strong>ram</strong></span> <span class='ocrx_word' id='word_1_951' title='bbox 2180 5377 2444 5442; x_wconf 84' lang='lat' dir='ltr'><strong>habuerit,</strong></span> <span class='ocrx_word' id='word_1_952' title='bbox 2476 5377 2680 5430; x_wconf 92' lang='lat' dir='ltr'><strong>Domini</strong></span> <span class='ocrx_word' id='word_1_953' title='bbox 2705 5376 2932 5444; x_wconf 88' lang='lat' dir='ltr'><strong>vestigiis</strong></span> <span class='ocrx_word' id='word_1_954' title='bbox 2955 5374 3246 5429; x_wconf 88' lang='lat' dir='ltr'><strong>insistens?</strong></span> <span class='ocrx_word' id='word_1_955' title='bbox 3275 5375 3625 5429; x_wconf 80' lang='lat' dir='ltr'><strong>Resumamus</strong></span> 
     </span>
    </p>
   </div>
   <div class='ocr_carea' id='block_1_118' title="bbox 2045 5467 3618 5538">
    <p class='ocr_par' dir='ltr' id='par_1_118' title="bbox 2045 5467 3618 5538">
     <span class='ocr_line' id='line_1_118' title="bbox 2045 5467 3618 5538; baseline -0.002 -16"><span class='ocrx_word' id='word_1_956' title='bbox 2045 5471 2200 5538; x_wconf 87' lang='lat' dir='ltr'><strong>igitur</strong></span> <span class='ocrx_word' id='word_1_957' title='bbox 2226 5468 2290 5521; x_wconf 93' lang='lat' dir='ltr'><strong>de</strong></span> <span class='ocrx_word' id='word_1_958' title='bbox 2319 5469 2522 5537; x_wconf 85' lang='lat' dir='ltr'><strong>integro</strong></span> <span class='ocrx_word' id='word_1_959' title='bbox 2547 5483 2665 5536; x_wconf 67' lang='lat' dir='ltr'><strong>quae</strong></span> <span class='ocrx_word' id='word_1_960' title='bbox 2695 5468 2833 5520; x_wconf 90' lang='lat' dir='ltr'><strong>dicta</strong></span> <span class='ocrx_word' id='word_1_961' title='bbox 2861 5475 3001 5519; x_wconf 91' lang='lat' dir='ltr'><strong>sunt.</strong></span> <span class='ocrx_word' id='word_1_962' title='bbox 3037 5467 3294 5522; x_wconf 91' lang='lat' dir='ltr'><strong>Dominus</strong></span> <span class='ocrx_word' id='word_1_963' title='bbox 3318 5469 3422 5520; x_wconf 89' lang='lat' dir='ltr'><strong>ait:</strong></span> <span class='ocrx_word' id='word_1_964' title='bbox 3446 5467 3618 5527; x_wconf 86' lang='lat' dir='ltr'><strong>Pater,</strong></span> 
     </span>
    </p>
   </div>
   <div class='ocr_carea' id='block_1_119' title="bbox 2046 5556 3625 5627">
    <p class='ocr_par' dir='ltr' id='par_1_119' title="bbox 2046 5556 3625 5627">
     <span class='ocr_line' id='line_1_119' title="bbox 2046 5556 3625 5627; baseline -0.002 -16"><span class='ocrx_word' id='word_1_965' title='bbox 2046 5560 2235 5611; x_wconf 87' lang='lat' dir='ltr'><strong>dimitte</strong></span> <span class='ocrx_word' id='word_1_966' title='bbox 2257 5559 2358 5611; x_wconf 90' lang='lat' dir='ltr'><strong>illis</strong></span> <span class='ocrx_word' id='word_1_967' title='bbox 2381 5559 2473 5610; x_wconf 91' lang='lat' dir='ltr'><strong>hoc</strong></span> <span class='ocrx_word' id='word_1_968' title='bbox 2499 5570 2790 5625; x_wconf 72' lang='lat' dir='ltr'><strong>peccatum:</strong></span> <span class='ocrx_word' id='word_1_969' title='bbox 2810 5571 2908 5609; x_wconf 89' lang='lat' dir='ltr'><strong>non</strong></span> <span class='ocrx_word' id='word_1_970' title='bbox 2930 5557 3062 5610; x_wconf 82' lang='lat' dir='ltr'><strong>enim</strong></span> <span class='ocrx_word' id='word_1_971' title='bbox 3082 5557 3261 5620; x_wconf 87' lang='lat' dir='ltr'><strong>sciunt,</strong></span> <span class='ocrx_word' id='word_1_972' title='bbox 3283 5556 3406 5626; x_wconf 81' lang='lat' dir='ltr'><strong>quid</strong></span> <span class='ocrx_word' id='word_1_973' title='bbox 3431 5557 3625 5627; x_wconf 86' lang='lat' dir='ltr'><strong>faciunt</strong></span> 
     </span>
    </p>
   </div>
   <div class='ocr_carea' id='block_1_120' title="bbox 2045 5646 3624 5718">
    <p class='ocr_par' dir='ltr' id='par_1_120' title="bbox 2045 5646 3624 5718">
     <span class='ocr_line' id='line_1_120' title="bbox 2045 5646 3624 5718; baseline -0.001 -17"><span class='ocrx_word' id='word_1_974' title='bbox 2045 5649 2196 5718; x_wconf 91' lang='lat' dir='ltr'><strong>(Luc.</strong></span> <span class='ocrx_word' id='word_1_975' title='bbox 2221 5647 2311 5702; x_wconf 74' lang='lat'><strong>23.</strong></span> <span class='ocrx_word' id='word_1_976' title='bbox 2344 5649 2455 5716; x_wconf 77' lang='grc'><strong>54).</strong></span> <span class='ocrx_word' id='word_1_977' title='bbox 2472 5646 2769 5715; x_wconf 87' lang='lat' dir='ltr'><strong>Stephanus</strong></span> <span class='ocrx_word' id='word_1_978' title='bbox 2796 5647 2960 5702; x_wconf 80' lang='lat' dir='ltr'><strong>dixit:</strong></span> <span class='ocrx_word' id='word_1_979' title='bbox 2987 5647 3215 5711; x_wconf 90' lang='lat' dir='ltr'><strong>Domine,</strong></span> <span class='ocrx_word' id='word_1_980' title='bbox 3235 5663 3297 5700; x_wconf 86' lang='lat' dir='ltr'><strong>ne</strong></span> <span class='ocrx_word' id='word_1_981' title='bbox 3312 5657 3502 5701; x_wconf 88' lang='lat' dir='ltr'><strong>statuas</strong></span> <span class='ocrx_word' id='word_1_982' title='bbox 3520 5647 3624 5701; x_wconf 86' lang='lat' dir='ltr'><strong>illis</strong></span> 
     </span>
    </p>
   </div>
   <div class='ocr_carea' id='block_1_121' title="bbox 2044 5738 3622 5810">
    <p class='ocr_par' dir='ltr' id='par_1_121' title="bbox 2044 5738 3622 5810">
     <span class='ocr_line' id='line_1_121' title="bbox 2044 5738 3622 5810; baseline 0 -18"><span class='ocrx_word' id='word_1_983' title='bbox 2044 5741 2136 5792; x_wconf 90' lang='lat' dir='ltr'><strong>hoc</strong></span> <span class='ocrx_word' id='word_1_984' title='bbox 2171 5750 2422 5807; x_wconf 86' lang='lat' dir='ltr'><strong>peccatum</strong></span> <span class='ocrx_word' id='word_1_985' title='bbox 2453 5738 2589 5808; x_wconf 82' lang='lat' dir='ltr'><strong>(Act.</strong></span> <span class='ocrx_word' id='word_1_986' title='bbox 2620 5740 2674 5793; x_wconf 92' lang='lat'><strong>7.</strong></span> <span class='ocrx_word' id='word_1_987' title='bbox 2703 5739 2819 5810; x_wconf 83' lang='lat'><strong>59).</strong></span> <span class='ocrx_word' id='word_1_988' title='bbox 2872 5741 3063 5794; x_wconf 89' lang='lat' dir='ltr'><strong>Paulus</strong></span> <span class='ocrx_word' id='word_1_989' title='bbox 3087 5741 3295 5795; x_wconf 91' lang='lat' dir='ltr'><strong>dicebat</strong></span> <span class='ocrx_word' id='word_1_990' title='bbox 3325 5740 3622 5810; x_wconf 87' lang='lat' dir='ltr'><strong>:-0ptabam</strong></span> 
     </span>
    </p>
   </div>
   <div class='ocr_carea' id='block_1_122' title="bbox 2045 5828 3622 5900">
    <p class='ocr_par' dir='ltr' id='par_1_122' title="bbox 2045 5828 3622 5900">
     <span class='ocr_line' id='line_1_122' title="bbox 2045 5828 3622 5900; baseline 0 -18"><span class='ocrx_word' id='word_1_991' title='bbox 2045 5829 2312 5882; x_wconf 88' lang='lat' dir='ltr'><strong>anathema</strong></span> <span class='ocrx_word' id='word_1_992' title='bbox 2359 5845 2462 5882; x_wconf 86' lang='lat' dir='ltr'><strong>esse</strong></span> <span class='ocrx_word' id='word_1_993' title='bbox 2504 5845 2534 5880; x_wconf 94' lang='lat' dir='ltr'><strong>a</strong></span> <span class='ocrx_word' id='word_1_994' title='bbox 2580 5828 2778 5885; x_wconf 88' lang='lat' dir='ltr'><strong>Christo</strong></span> <span class='ocrx_word' id='word_1_995' title='bbox 2820 5845 2910 5898; x_wconf 83' lang='lat' dir='ltr'><strong>pro</strong></span> <span class='ocrx_word' id='word_1_996' title='bbox 2946 5829 3184 5900; x_wconf 82' lang='lat' dir='ltr'><strong>fratribus</strong></span> <span class='ocrx_word' id='word_1_997' title='bbox 3228 5831 3370 5897; x_wconf 88' lang='lat' dir='ltr'><strong>meis,</strong></span> <span class='ocrx_word' id='word_1_998' title='bbox 3399 5829 3622 5899; x_wconf 80' lang='lat' dir='ltr'><strong>cognatis</strong></span> 
     </span>
    </p>
   </div>
   <div class='ocr_carea' id='block_1_123' title="bbox 3205 5922 3284 5982">
    <p class='ocr_par' dir='ltr' id='par_1_123' title="bbox 3205 5922 3284 5982">
     <span class='ocr_line' id='line_1_123' title="bbox 3205 5922 3284 5982; baseline -0.025 0"><span class='ocrx_word' id='word_1_999' title='bbox 3205 5922 3284 5982; x_wconf 85' lang='lat'><strong>26</strong></span> 
     </span>
    </p>
   </div>
  </div>
