4406 6730
798 466 901 524 H7
1336 466 1395 515 S.
1435 466 1712 517 JOANNIS
1750 466 2219 518 CIIRYSOSTOMI
2258 466 2345 514 DE

796 577 920 615 mets
942 566 1211 614 secundum
1238 572 1441 611 carnem
1463 556 1633 626 (Rom.
1663 554 1718 608 9.
1748 554 1824 623 5).
1853 552 2063 622 Moyses
2086 550 2329 604 similiter
2359 566 2372 602 :

795 652 859 706 Si
882 651 1086 704 dimittis
1114 651 1217 704 illis
1250 660 1534 719 peccatum,
1565 648 1759 700 dimitte
1785 662 1804 699 :
1825 646 1869 700 si
1897 660 2010 698 vero
2033 660 2131 697 non
2150 682 2163 705 ,
2197 641 2308 695 dele
2331 651 2377 694 et

794 759 874 796 tu
894 743 955 795 de
981 741 1130 809 libro,
1155 758 1300 812 quem
1324 740 1572 808 scripsisti
1599 738 1791 810 (Exod.
1822 736 1909 791 32.
1933 736 2047 806 52).
2080 732 2241 788 David
2264 732 2373 786 ait:

794 830 914 883 Fiat
946 846 1124 884 manus
1150 841 1262 883 tuas
1286 846 1437 898 super
1465 845 1558 893 me,
1584 839 1631 881 et
1664 844 1814 895 super
1850 826 2051 879 domum
2086 822 2244 892 patris
2282 822 2377 874 mei

794 919 872 988 (2.
903 920 1030 991 Reg.
1054 921 1144 974 ει.
1169 920 1281 990 17).
1320 920 1400 973 Ad
1442 919 1684 973 eumdem
1718 916 1930 970 modum
1955 913 2169 969 Samuel
2201 912 2378 965 :Absit

794 1028 823 1062 a
850 1028 927 1064 me
964 1011 1059 1063 hoc
1096 1020 1354 1079 peccatum
1388 1010 1442 1061 in
1482 1007 1782 1067 Dominum,
1826 1014 1877 1057 ut
1905 1020 2087 1057 cessem
2111 1020 2257 1057 orare
2286 1017 2375 1072 pro

796 1101 931 1155 vobis
958 1100 1033 1169 (1.
1068 1101 1199 1172 Reg.
1232 1100 1318 1155 12.
1347 1099 1457 1169 25).
1504 1098 1671 1164 Quam
1705 1098 1863 1166 igitur
1892 1097 2096 1150 veniam
2128 1110 2225 1148 nos
2250 1110 2378 1148 con-

793 1208 1084 1261 sequemur
1113 1193 1163 1246 in
1191 1203 1458 1261 posterum
1483 1231 1496 1255 ,
1529 1205 1649 1244 cum
1674 1190 1762 1258 qui
1787 1189 1853 1243 de
1879 1202 2014 1241 novo
2040 1194 2184 1253 sunt,
2210 1194 2263 1239 et
2290 1185 2379 1254 qui

795 1284 864 1339 de
890 1283 1055 1337 veteri
1086 1282 1450 1347 Testamento,
1480 1295 1667 1335 omnes
1718 1294 1816 1335 nos
1864 1278 2137 1349 impellant
2161 1278 2227 1332 ad
2253 1276 2376 1340 hoc,

796 1384 853 1429 ut
881 1388 1067 1443 preces
1094 1388 1194 1444 pro
1223 1375 1450 1428 inimicis
1484 1372 1787 1438 fundamus,
1820 1374 1863 1426 si
1894 1388 1999 1424 non
2033 1372 2177 1424 omni
2204 1370 2379 1425 studio

795 1474 849 1518 et
873 1464 1144 1535 diligentia
1168 1464 1269 1519 hoc
1294 1473 1543 1533 praastare
1564 1461 1858 1517 conemur?
1882 1461 1960 1515 Ne
1987 1462 2142 1529 igitur
2162 1470 2379 1514 cuncte-

798 1569 939 1619 mur,
967 1568 1124 1622 rogo;
1153 1568 1258 1623 quo
1284 1551 1425 1606 enim
1451 1552 1602 1620 plura
1632 1560 1917 1620 suppetunt
1937 1550 2199 1621 exempla,
2232 1560 2377 1604 tanto

797 1644 967 1712 major
1013 1642 1167 1697 nobis
1213 1642 1538 1712 impendebit
1584 1657 1763 1712 poena,
1800 1643 1842 1696 si
1888 1642 2081 1695 imitari
2130 1641 2375 1693 nolimus.

795 1732 956 1789 Multo
996 1735 1138 1787 enim
1182 1733 1356 1803 majus
1394 1742 1475 1788 est
1511 1749 1609 1802 pro
1640 1733 1863 1785 inimicis
1888 1747 2060 1795 orare,
2093 1744 2250 1800 quam
2281 1744 2377 1797 pro

792 1823 1012 1890 amicis;
1058 1838 1157 1878 nec
1196 1832 1393 1878 tantam
1434 1822 1587 1876 nobis
1628 1822 1730 1874 fert
1770 1821 2049 1874 utilitatem
2080 1820 2250 1875 oratio
2281 1833 2377 1887 pro

792 1912 1006 1978 amicis,
1040 1920 1286 1982 quantam
1312 1912 1482 1964 oratio
1508 1926 1603 1978 pro
1631 1910 1878 1963 inimicis.
1929 1909 2067 1963 Audi
2107 1909 2377 1963 Christum

792 2000 1060 2057 dicentem
1089 2017 1108 2051 ι
1142 2000 1200 2054 Si
1230 2000 1439 2070 diligitis
1485 2017 1599 2064 eos,
1639 2000 1722 2068 qui
1748 2014 1833 2052 vos
1862 1999 2079 2067 diligunt
2104 2015 2219 2068 qua:
2246 1998 2377 2051 vobis

795 2096 981 2134 merces
1004 2080 1137 2134 erit!
1162 2096 1328 2135 nonne
1354 2090 1399 2133 et
1428 2082 1682 2149 publicani
1718 2084 1812 2137 hoc
1847 2087 2042 2156 faciunt
2076 2088 2286 2155 (Matth.
2316 2088 2371 2144 5.

793 2171 916 2244 46)?
940 2170 995 2227 Si
1018 2171 1181 2241 igitur
1207 2188 1303 2241 pro
1334 2173 1515 2227 amicis
1539 2187 1754 2228 oremus
1775 2214 1790 2239 ,
1819 2176 2052 2229 nondum
2085 2176 2376 2245 publicanis

797 2262 1049 2317 meliores
1076 2276 1258 2316 sumus
1282 2261 1453 2316 effecti
1480 2280 1492 2314 :
1516 2269 1569 2315 at
1596 2276 1714 2316 cum
1743 2262 1983 2318 inimicos
2011 2265 2297 2335 diligimus,
2324 2277 2378 2322 et

795 2372 894 2427 pro
920 2357 1149 2411 inimicis
1177 2371 1411 2420 oramus,
1443 2356 1551 2411 Deo
1578 2356 1780 2411 similes
1801 2357 2062 2412 efficimur
2082 2400 2095 2423 ,
2122 2369 2376 2429 quantum

793 2450 1006 2520 quidem
1032 2449 1277 2503 humanae
1303 2457 1505 2503 natum
1543 2448 1625 2503 fas
1660 2460 1762 2503 est.
1806 2448 1967 2503 Eritis
1989 2452 2151 2511 enim,
2182 2451 2369 2519 inquit,

795 2539 984 2592 similes
1012 2536 1187 2591 Patris
1210 2539 1357 2591 vestri
1376 2580 1392 2603 ,
1422 2539 1506 2605 qui
1534 2537 1584 2589 in
1606 2537 1740 2590 ca'lis
1767 2547 1840 2591 est
1859 2580 1871 2601 ,
1903 2540 2021 2607 quia
2045 2540 2200 2592 solent
2228 2555 2375 2592 suum

796 2630 920 2683 oriri
946 2630 1066 2699 facit
1094 2644 1247 2697 super
1269 2628 1421 2681 bonos
1446 2638 1493 2680 et
1522 2627 1699 2691 malos,
1723 2637 1768 2680 et
1795 2628 1923 2696 pluit
1951 2644 2100 2698 super
2124 2630 2296 2698 justos
2331 2639 2378 2683 et

796 2721 1009 2790 injustas
1037 2717 1262 2790 (Matth.
1291 2718 1345 2773 5.
1377 2716 1506 2789 45).
1539 2717 1671 2773 Cum
1701 2718 1860 2787 igitur
1886 2726 1942 2774 et
1961 2733 1990 2772 a
2020 2719 2245 2774 Domino
2270 2729 2323 2774 et
2348 2736 2379 2774 a

796 2809 971 2864 servis
998 2808 1241 2877 exempla
1280 2808 1435 2862 nobis
1470 2807 1964 2877 subministrentur,
1992 2812 2303 2865 azmulemnr
2325 2820 2380 2865 et

796 2898 975 2966 reipsa
994 2898 1244 2952 virtutem
1271 2896 1410 2952 banc
1450 2908 1762 2967 prmstemus
1791 2916 1805 2953 :
1833 2909 1888 2953 ut
1914 2902 2073 2955 etiam
2103 2902 2247 2970 digni
2278 2901 2376 2955 lia-

796 2988 1019 3044 beamur
1054 2988 1304 3059 consequi
1342 3003 1565 3059 regnum
1594 2990 1827 3057 czeleste,
1858 2999 1911 3045 et
1944 2991 2011 3045 ad
2039 2992 2378 3046 metuendam

797 3079 937 3134 hanc
978 3094 1215 3134 mensam
1258 3081 1461 3149 majore
1489 3094 1611 3134 eum
1640 3081 1883 3137 libertate
1916 3083 2252 3150 accedamus,
2280 3100 2378 3138 ex-

797 3182 1017 3242 purgata
1047 3172 1259 3241 propria
1285 3172 1605 3226 conscientia
1625 3213 1639 3236 ,
1670 3174 2037 3243 promissaque
2081 3175 2220 3229 bona
2269 3175 2381 3228 adi-

796 3264 1086 3334 piscamur,
1129 3264 1298 3333 gratia
1345 3273 1400 3318 et
1440 3264 1760 3334 benignitate
1807 3265 2013 3319 Domini
2054 3266 2219 3320 nostri
2249 3266 2375 3321 Jesu

795 3351 1016 3417 Christi,
1045 3367 1164 3407 cum
1197 3367 1303 3422 quo
1326 3351 1468 3406 Patri
1499 3351 1657 3406 simul
1682 3394 1697 3418 ,
1729 3361 1782 3407 et
1805 3362 1990 3407 sancto
2013 3354 2233 3423 Spiritui
2263 3356 2375 3425 glo-

796 3451 899 3510 rta,
926 3445 1180 3510 potentia,
1213 3444 1407 3509 honor,
1434 3458 1575 3497 nunc
1617 3452 1672 3498 et
1711 3458 1956 3515 semper,
1991 3454 2044 3499 et
2086 3447 2140 3499 in
2185 3446 2377 3501 macula

800 3534 1136 3589 szeculorum.
1164 3536 1355 3591 Amen.

1336 459 1395 515 S.
1435 455 1712 517 JOANNIS
1750 459 2219 518 CIIRYSOSTOMI
2258 460 2345 514 DE
2384 460 2615 517 CRUCE
2651 460 2739 514 ET
2782 460 3104 518 LATRONE
3143 462 3418 519 IIOMILIA
3462 463 3523 520 ll.

3931 458 4034 515 H8

2467 547 2687 618 σάρκα.
2732 548 2790 599 '0
2824 548 3065 617 Μωῦσῆς
3109 548 3339 617 ὁμοίως·
3384 550 3455 601 El
3484 546 3603 615 μὲν
3638 548 3801 616 ἀφῇς
3848 551 4053 613 αὐτοις

2468 633 2582 700 τὴν
2604 632 2917 702 ἁμαρτίαν,
2948 632 3128 701 ἄφες·
3154 636 3207 687 εί
3230 632 3297 685 δὲ
3318 631 3428 703 μὴ,
3452 632 3605 701 κάμὲ
3628 633 3954 703 ἐξάλειψον
3982 636 4053 689 ἐκ

2469 714 2580 784 τῆς
2607 717 2827 780 ,βίϐλου
2851 710 2927 785 ἧς
2947 714 3238 785 ἔγραψας.
3274 716 3331 769 ὐ
3366 715 3527 770 Δαυῒδ
3564 716 3743 785 λέγει·
3774 719 4054 773 Γενέσθω

2468 802 2507 869 ἡ
2533 802 2663 869 χείρ
2687 817 2804 855 σου
2833 800 2923 853 ἐπ’
2950 799 3076 868 ἐμὲ,
3101 801 3201 853 καί
3226 801 3325 855 ἐπὶ
3365 801 3470 855 τὸν
3493 797 3664 855 οἷκον
3695 801 3801 854 τοῦ
3830 801 4054 868 πατρός

2464 902 2605 954 μου.
2662 884 2719 936 '0
2763 882 3014 955 Σαμουὴλ
3043 883 3340 949 ὡσαύτως·
3392 884 3552 955 Ἐμοὶ
3596 883 3665 938 δὲ
3698 883 3782 954 μὴ
3823 884 4055 953 γένοιτο

2471 966 2755 1036 ἁμαρτεῖν
2817 966 2925 1020 τοῦ
2992 965 3296 1020 διαλιπεῖν
3362 968 3850 1037 προσευχόμενον
3899 967 4054 1035 ὑπὲρ

2470 1050 2655 1119 ὑμῶν.
2682 1050 2850 1114 Ποίας
2878 1045 2971 1102 οῦν
3000 1049 3260 1120 τύχοιμεν
3290 1053 3453 1122 ἡμεῖς
3490 1049 3816 1120 συγγνώμης
3844 1048 4050 1113 λοιπὸν,

2471 1133 2579 1187 τῶν
2610 1134 2719 1187 ἀπὸ
2747 1134 2847 1204 τῆς
2876 1132 3105 1202 Καινῆς,
3136 1133 3246 1185 τῶν
3280 1135 3389 1188 ἀπὸ
3416 1136 3517 1206 τῆς
3558 1133 3821 1196 Παλαιᾶς,
3864 1131 4055 1202 ὥσπερ

2472 1215 2690 1269 πάντων
2732 1218 2882 1286 ἡμᾶς
2934 1214 3218 1269 ὠθούντων
3262 1219 3342 1279 εἰς
3374 1217 3473 1288 τὴν
3525 1217 3666 1289 ὑπὲρ
3703 1215 3812 1268 τῶν
3844 1214 4055 1285 ἐχθρῶν

2472 1299 2655 1370 εὐχὴν,
2689 1299 2737 1351 εί
2774 1300 2848 1370 μὴ
2896 1300 3035 1370 μετὰ
3065 1299 3248 1368 πάσης
3288 1300 3529 1369 σπουδῆς
3562 1300 3721 1354 τοῦτο
3756 1296 4056 1368 κατορθοῦν

2473 1382 2882 1452 σπουδάσομεν;
2944 1381 3032 1453 Μὴ
3076 1381 3255 1434 τοίνυν
3298 1381 3673 1453 ρᾳθυμῶμεν,
3732 1381 4053 1453 παρακαλῶ.

2474 1467 2626 1538 Ὀσῳ
2656 1466 2765 1538 γὰρ
2794 1465 3015 1520 πλείονα
3034 1466 3105 1519 τὰ
3129 1465 3568 1539 παραδείγματα,
3592 1466 3851 1536 τοσούτῳ,
3878 1466 3943 1519 ἂν
3980 1464 4054 1535 μὴ

2478 1549 2869 1622 μιμησώμεθα,
2927 1549 3127 1621 μείζων
3167 1552 3200 1619 η
3244 1550 3487 1611 κόλασις.
3540 1550 3683 1601 Πολὺ
3720 1550 3827 1620 γὰρ
3874 1549 4055 1619 μεῖζόν

2474 1635 2590 1685 ἐστι
2626 1634 2687 1685 τὸ
2724 1634 2864 1704 ὑπὲρ
2892 1632 3002 1686 τῶν
3032 1632 3244 1704 ἐχθρῶν
3271 1631 3545 1703 εὔχεσθαι,
3579 1631 3610 1699 ἢ
3647 1632 3785 1699 ὑπὲρ
3826 1632 3935 1683 τῶν
3966 1632 4056 1699 φί-

2472 1714 2607 1767 λων’
2652 1716 2750 1784 οὐχ
2794 1714 2967 1778 οὕτως
3022 1718 3171 1785 ἡμᾶς
3201 1716 3403 1783 ὠφελεῖ
3454 1714 3512 1766 τὺ
3542 1713 3681 1783 ὑπὲρ
3723 1712 3831 1764 τῶν
3888 1714 4054 1781 φίλων

2473 1796 2746 1867 εὔχεσθαι,
2774 1796 2848 1860 ὡς
2881 1797 2942 1849 τὸ
2971 1797 3113 1867 ὑπὲρ
3143 1796 3255 1849 τῶν
3295 1796 3526 1868 ἐχθρῶν.
3556 1797 3755 1847 ’Δκουε
3788 1794 3881 1846 τοῦ
3919 1794 4051 1864 Χρι-

2478 1881 2604 1933 στοῦ
2628 1881 2911 1950 λέγοντος·
2950 1881 3092 1934 Ἐὰν
3130 1880 3482 1948 ἀγαπήσητε
3521 1878 3661 1943 τοὺς
3699 1876 4052 1946 ἀγαπῶντας

2477 1961 2651 2031 ὑμᾶς,
2678 1964 2820 2016 ποία
2841 1963 2984 2032 ὑμῖν
3003 1962 3176 2032 χάρις
3202 1962 3404 2025 ἐστίν;
3429 1961 3565 2031 οὐχὶ
3598 1962 3693 2015 καί
3719 1965 3771 2014 ot
3802 1959 4052 2014 τελῶναι

2478 2044 2542 2099 τὸ
2568 2045 2718 2099 αὐτὸ
2763 2046 3083 2109 ποιοῦσιν;
3119 2046 3287 2101 Ὅταν
3328 2046 3505 2101 τοίνυν
3547 2046 3689 2116 ὑπὲρ
3742 2044 3850 2099 τῶν
3882 2044 4051 2112 φίλων

2469 2128 2777 2200 εύξώμεθα,
2808 2128 3023 2181 οὐδέπω
3049 2127 3159 2181 τῶν
3186 2130 3433 2183 τελωνῶν
3485 2133 3741 2201 γινόμεθα
3775 2133 4011 2202 βελτίους
4032 2148 4050 2165 ’

2483 2213 2581 2267 ἐὰν
2605 2214 2663 2267 δὲ
2682 2215 2809 2278 τοὺς
2833 2213 3063 2284 ἐχθροὺς
3082 2211 3416 2282 φιλήσωμεν,
3430 2216 3520 2267 καὶ
3547 2215 3687 2287 ὑπὲρ
3710 2216 3817 2269 τῶν
3843 2216 4052 2288 ἐχθρῶν

2470 2295 2777 2367 εὐξώμεθα,
2811 2298 2986 2366 ὅμοιοι
3033 2295 3294 2366 γινόμεθα
3342 2296 3419 2367 τῷ
3466 2297 3586 2368 Θεῷ
3632 2299 3772 2353 κατὰ
3822 2300 4050 2370 δύναμιν

2467 2379 2839 2451 ἀνθρωπίνην.
2867 2380 3122 2434 Ἔσεσθε
3168 2377 3300 2450 γὰρ,
3342 2380 3525 2449 φησὶν,
3556 2381 3744 2449 ὅμοιοι
3787 2383 3895 2437 τοῦ
3932 2388 4051 2438 Πα-

2467 2463 2606 2531 τρός
2634 2463 2800 2532 ὑμῶν
2818 2464 2925 2517 τοῦ
2952 2463 3023 2517 ἐν
3057 2462 3357 2530 οὐρανοῖς,
3385 2461 3474 2517 ὅτι
3508 2464 3613 2517 τὸν
3644 2465 3824 2532 ἥλιον
3860 2468 4050 2522 αὑτοῦ

2466 2545 2787 2601 ἀνατέλλει
2814 2545 2914 2599 ἐπὶ
2948 2545 3253 2613 πονηροὺς
3280 2546 3377 2599 καί
3406 2547 3685 2616 ἀγαθοὺς,
3714 2551 3811 2604 καὶ
3840 2550 4050 2619 ,βρέχει

2466 2628 2568 2682 ἐπὶ
2612 2629 2885 2694 δικαίους
2912 2629 3011 2681 καὶ
3037 2627 3306 2695 ἀδίκους.
3345 2628 3513 2683 Ὅταν
3544 2626 3635 2684 οὖν
3684 2633 3777 2685 καὶ
3816 2633 3923 2685 ἀπὸ
3951 2631 4047 2685 τοῦ

2469 2716 2763 2781 Δεσπότου,
2790 2718 2883 2769 καὶ
2912 2715 3020 2767 ἀπὸ
3051 2714 3160 2768 τῶν
3206 2715 3405 2769 δούλων
3431 2716 3642 2788 ἔχωμεν
3678 2718 3749 2771 τὰ
3784 2719 4047 2789 παραδεί-

2467 2821 2674 2875 γματα,
2713 2802 3068 2873 ζηλώσωμεν.
3108 2804 3543 2875 κατορθώσωμεν
3574 2806 3672 2877 τὴν
3700 2808 3899 2877 ἀρετήν
3919 2824 3931 2836 ·
3961 2808 4048 2861 ἵνα

2464 2887 2557 2939 καὶ
2603 2888 2702 2957 τῆς
2738 2884 3154 2956 βασιλείαςιτῶν
3184 2885 3427 2955 οὐρανῶν
3456 2888 3730 2957 ἐπιτυχεῖν
3777 2889 4044 2953 καταξιω-

2464 2970 2670 3042 θῶμεν,
2702 2970 2797 3024 καὶ
2823 2972 2889 3040 τῇ
2922 2972 3122 3041 φρικτῇ
3156 2969 3327 3040 ταύτῃ
3358 2971 3605 3043 τραπέζῃ
3638 2972 3775 3043 μετὰ
3801 2973 4043 3038 πλείονος

2463 3054 2564 3124 τῆς
2588 3053 2901 3125 παρρησίας
2927 3068 2978 3116 ιι,
3009 3053 3067 3105 τὸ
3110 3053 3349 3116 συνειδὸς
3378 3054 3587 3107 ἑαυτῶν
3616 3056 4039 3127 ἐκκαθάραντες,

2465 3135 2690 3189 καὶτῶν
2735 3136 3159 3214 ἐπηγγελμένων
3198 3135 3418 3203 ἀγαθῶν
3449 3137 3792 3208 ἐπιτύχωμεν
3815 3181 3829 3202 ,
3857 3140 4040 3211 χάριτι

2465 3218 2557 3270 καὶ
2584 3217 2966 3289 φιλανθρωπίᾳ
2991 3218 3086 3271 τοῦ
3129 3218 3329 3290 Κυρίου
3361 3220 3519 3289 ἡμῶν
3570 3221 3742 3291 Ἰησοῦ
3781 3223 4038 3293 Χριστοῦ,

2464 3302 2584 3371 μεθ’
2615 3295 2676 3354 οὗ
2719 3300 2799 3371 τῷ
2844 3301 3042 3371 Πατρὶ,
3078 3302 3194 3372 ἅμα
3250 3302 3328 3374 τῷ
3358 3303 3497 3373 ἁγίῳ
3544 3302 3840 3374 Πνεύματι,
3892 3305 4038 3370 δόξα,

2460 3384 2684 3453 κράτος,
2717 3383 2873 3453 τιμὴ,
2908 3384 3003 3438 νῦν
3038 3386 3131 3439 καὶ
3163 3386 3271 3453 ἀεὶ,
3305 3387 3397 3440 καὶ
3428 3389 3508 3451 είς
3535 3387 3663 3451 τοὺς
3708 3387 3909 3454 αἰῶνας
3930 3388 4040 3443 τῶν

2460 3465 2696 3520 αἰώνων.
2752 3467 2942 3537 ’Δμήν.

865 3636 891 3665 ⁸
920 3635 1035 3684 Post
1077 3634 1339 3697 παῤῥησίας
1371 3632 1647 3683 addendum
1674 3633 1869 3685 videtur
1903 3636 2266 3698 προσέλθωμεν,
2303 3635 2383 3684 vel
2417 3630 2533 3691 quid
2549 3627 2735 3675 simile-

1829 3968 2005 4026 τινες
2042 3970 2207 4026 ἹῸΜΙ
2253 3965 2772 4035 QUADRAGESIMI
2811 3973 2990 4031 ΝΟΝΙ.

3118 5910 3281 5957 Ιιηρτίηιέ
3296 5922 3359 5957 ραι
3375 5909 3521 5957 Brepols
3534 5910 3615 5947 SA.
3630 5931 3655 5938 —
3666 5910 3847 5948 Tumhout
3861 5910 4063 5958 (Belgique)
