4196 6316
250 399 310 456 ΙἹ
1239 398 1328 454 AD
1365 393 1692 452 Ρορυιωι
1732 393 2229 454 ΑΝΤΙΟΟΙΙΕΝῸΜ
2294 394 2527 454 ΗΟΜΙΙ...
2572 397 2609 453 Ι.
3486 398 3554 454 l8

248 516 326 569 cia
350 526 466 578 eos,
487 511 583 582 qui
612 521 852 568 mentem
877 511 1154 578 adhibent,
1175 508 1388 567 diabolo
1411 499 1847 573 inexpugnabiles

234 603 464 669 reddit;
488 611 548 659 et
570 611 847 674 tamquam
870 604 987 675 lyra
1016 618 1230 661 rursum
1257 599 1424 666 multa
1448 610 1571 651 cum
1598 590 1851 663 jucundi-

251 705 362 751 tate
385 695 681 757 delectans,
710 695 1062 750 absurdarum
1089 694 1308 749 morbos
1350 687 1732 759 cogitationum
1758 696 1850 736 so-

256 792 352 860 pit,
386 805 449 844 ac
475 789 699 843 multam
730 804 850 843 cum
892 788 1167 857 voluptate
1193 785 1348 841 nobis
1370 783 1526 837 aﬂ'ert
1550 778 1851 834 utilitatem.

253 880 495 938 Audistis
539 881 701 951 igitur
746 880 904 937 hodie
931 880 1000 936 de
1028 879 1213 935 multis
1246 887 1305 933 et
1348 872 1667 931 necessariis
1694 869 1857 924 rebus

256 972 545 1028 Timotheo
584 970 938 1028 disserentem
959 971 985 1025 τ
1013 971 1225 1042 Etenim
1251 968 1318 1022 de
1346 960 1768 1022 ordinationibus
1792 956 1859 1013 ad

252 1065 432 1133 ipsum
459 1062 697 1133 scripsit,
723 1062 909 1118 dicens
939 1079 955 1118 :
981 1060 1171 1115 Manus
1195 1060 1295 1115 cito
1323 1056 1511 1112 nemini
1534 1051 1856 1124 imposueris,

250 1172 416 1227 neque
438 1156 882 1211 commnnicaoeris
910 1154 1125 1225 peccatis
1144 1154 1323 1207 alienis
1354 1151 1427 1221 (1.
1473 1146 1607 1203 Tim.
1639 1143 1818 1211 5.32)
1842 1158 1857 1196 :

255 1258 313 1303 et
338 1247 679 1303 intolerabile
704 1248 825 1301 talis
870 1243 1324 1317 praevaricationis
1365 1238 1659 1310 periculum
1690 1247 1858 1303 expo-

258 1341 388 1403 suit,
424 1338 804 1403 demonstrans
822 1337 963 1404 quod
991 1336 1254 1391 malorum
1283 1332 1353 1388 ab
1376 1330 1495 1385 aliis
1524 1334 1860 1398 perpetrato-

255 1446 377 1485 rum
411 1430 732 1500 supplicium
775 1428 863 1483 alii
892 1442 1011 1481 cum
1039 1425 1146 1481 illis
1190 1424 1321 1494 ipsis
1350 1418 1709 1481 sustinebunt,
1740 1415 1863 1485 quia

252 1538 354 1593 per
403 1501 794 1576 ordinationem
841 1517 1167 1588 improbitati
1204 1514 1487 1571 conferunt
1520 1516 1860 1581 potestatem.

252 1611 395 1667 Mox!
415 1626 604 1666 rursus
649 1610 821 1679 inquit
847 1629 861 1662 :
894 1607 1025 1663 Vino
1049 1608 1248 1661 modico
1271 1619 1412 1660 suere
1442 1610 1646 1671 propter
1675 1610 1862 1653 stoma-

251 1703 411 1755 chum
438 1711 602 1761 tuum.
625 1709 673 1754 et
693 1700 974 1769 frequentes
996 1708 1108 1752 tuas
1132 1698 1452 1765 inﬁrmitates
1483 1691 1530 1763 (Ι
1538 1691 1641 1745 bid.
1670 1706 1723 1742 v.
1744 1688 1862 1757 23).

251 1794 324 1848 Et
350 1792 420 1847 de
448 1807 731 1847 servorum
760 1790 1112 1860 subiectione,
1142 1796 1197 1844 et
1224 1786 1293 1841 de
1319 1799 1601 1841 avarorum
1629 1779 1856 1843 insania,

251 1894 314 1939 et
336 1883 408 1938 de
432 1882 657 1938 divitum
686 1882 985 1951 arrogantia
1004 1922 1021 1948 ,
1049 1890 1103 1936 et
1132 1880 1199 1935 de
1225 1877 1406 1933 multis
1435 1876 1554 1929 aliis
1580 1873 1735 1927 nobis
1763 1870 1864 1925 ho-

253 1974 347 2030 die
370 1972 647 2029 disseruit.
675 1973 810 2029 Cum
851 1972 1012 2044 igitur
1046 1971 1227 2025 omnia
1260 1981 1570 2038 percurrere
1613 1977 1718 2018 non
1744 1975 1869 2030 pos-

256 2067 454 2131 simus,
482 2063 610 2132 quid
639 2063 803 2118 vultis
827 2062 1315 2121 ecommemoratis
1329 2056 1886 2131 pr0poueuteschari-

256 2158 355 2212 tati
385 2165 582 2212 vestrae
623 2155 906 2210 dicamus?
937 2154 1094 2210 Velut
1135 2153 1277 2208 enim
1318 2151 1371 2205 in
1398 2163 1552 2220 prato
1591 2146 1791 2203 multos
1814 2153 1870 2199 et

256 2248 440 2302 varios
482 2246 645 2301 video
692 2244 1138 2302 lectionisﬂores
1185 2253 1239 2299 et
1283 2242 1518 2312 amplum
1566 2240 1865 2302 rosarium,

259 2338 463 2392 multas
488 2353 623 2393 vero
651 2337 840 2402 violas,
870 2352 969 2390 nec
998 2336 1243 2404 pauciora
1292 2333 1397 2386 lilia
1423 2350 1439 2397 ;
1471 2330 1564 2386 sed
1591 2342 1647 2385 et.
1665 2330 1867 2383 varium

260 2430 465 2500 ubique
508 2438 565 2485 et
588 2431 863 2500 copiosum
894 2430 1114 2499 spiritus
1152 2426 1381 2482 fructum
1423 2425 1825 2479 disseminatum
1851 2463 1866 2488 ,

258 2530 321 2574 et
344 2520 568 2573 multam
596 2519 778 2573 odoris
804 2518 1119 2572 suavitatem
1152 2533 1167 2571 :
1200 2519 1307 2571 imo
1335 2532 1463 2569 vero
1501 2530 1604 2568 non
1638 2521 1871 2567 tantum-

260 2609 428 2664 modo
456 2618 688 2678 pratum,
718 2624 905 2663 verum
954 2607 1233 2677 paradisus
1272 2615 1355 2659 est
1378 2604 1675 2659 divinarum
1712 2603 1871 2656 lectio

260 2701 667 2768 Scripturarum
704 2718 717 2754 :
747 2716 853 2753 non
898 2700 1041 2753 enim
1074 2697 1416 2767 fragrantiam
1443 2696 1623 2768 solum
1675 2694 1870 2748 nudam

262 2785 477 2845 haben!
494 2792 614 2858 ejus
660 2789 840 2851 ﬂores,
871 2789 965 2844 sed
994 2798 1047 2843 et
1087 2788 1316 2842 fructum
1339 2830 1355 2853 ,
1383 2785 1473 2856 (pii
1503 2787 1736 2840 animam
1767 2801 1868 2838 nu-

264 2884 399 2937 trire
442 2884 633 2951 possit.
679 2881 815 2950 Quid
860 2882 1018 2950 igitur
1048 2880 1117 2935 de
1159 2879 1318 2934 dictis
1361 2878 1415 2932 in
1448 2876 1680 2931 medium
1712 2875 1872 2928 vultis

261 2988 487 3041 agamus
515 2973 718 3027 hodie?
760 2972 919 3025 vultis
957 2971 1096 3040 quod
1126 2971 1364 3025 omnium
1412 2968 1727 3023 vilissimum
1753 2981 1873 3021 esse

264 3063 503 3125 videtur,
552 3072 607 3117 et
642 3062 942 3132 quibusque
985 3061 1257 3115 intellectu
1304 3060 1636 3123 facillimum,
1686 3058 1870 3111 hocin

265 3156 522 3222 prmsenti
548 3151 883 3207 tractemus?
914 3152 1037 3206 Mihi
1068 3167 1259 3220 nempe
1280 3151 1472 3221 placet,
1501 3149 1594 3204 sed
1622 3158 1677 3204 et
1697 3148 1868 3212 vobis,

266 3243 373 3299 hoc
412 3245 549 3298 bene
600 3243 744 3306 novi,
797 3246 995 3318 pariter
1024 3242 1271 3311 placebit.
1320 3239 1458 3308 Quid
1498 3256 1625 3294 vero
1655 3239 1870 3295 tandem

264 3343 356 3387 est
394 3333 515 3387 aliis
568 3332 819 3387 facilius?
846 3332 971 3401 quid
1019 3340 1197 3385 autem
1242 3330 1383 3384 aliud
1424 3345 1584 3400 quam
1635 3328 1773 3398 quod
1819 3338 1875 3383 et

267 3420 492 3477 cuilibet
538 3423 690 3476 facile
740 3433 794 3477 et
824 3422 965 3475 dictu
995 3421 1438 3488 compendiosum
1469 3434 1588 3473 esse
1617 3418 1873 3472 videtur?

269 3515 441 3581 Quale
466 3513 684 3583 quidem
715 3512 898 3567 istud?
931 3511 1134 3565 Modico
1159 3513 1273 3564 vino
1298 3521 1437 3564 utere
1457 3519 1663 3580 propter
1682 3518 1872 3561 stoma—

266 3606 421 3658 rkam
471 3614 652 3670 tuum,
692 3614 738 3656 et
785 3603 984 3656 crebras
1035 3601 1357 3670 aegritudines
1399 3611 1530 3653 tuas.
1588 3594 1681 3653 Eia
1717 3598 1874 3666 igitur

267 3712 487 3751 omnem
538 3695 837 3749 orationem
912 3693 965 3749 in
1044 3693 1182 3747 hanc
1248 3692 1618 3762 impendamus
1682 3690 1873 3745 dictio-

268 3804 418 3842 rtem.

348 3899 633 3969 Scriptura:
656 3914 815 3951 sacra:
840 3898 918 3951 vel
940 3896 1164 3951 minima:
1186 3896 1441 3950 sententia
1466 3897 1699 3965 pretiosa:
1738 3901 1874 3946 stmt.

271 3991 475 4044 -—lloc
490 3999 669 4043 autem
704 3986 927 4045 facimus
958 4004 1063 4043 non
1085 3988 1392 4042 ambitionis
1411 3987 1599 4056 gratia,
1633 3998 1805 4054 neque
1825 3986 1875 4039 in

268 4080 506 4136 dicendo
531 4078 799 4134 facultatis
838 4079 1251 4139 ostentationem
1282 4078 1537 4137 exhibere
1567 4078 1877 4132 studentes:

276 4187 386 4225 non
414 4172 559 4226 enim
584 4186 704 4239 qua:
741 4170 988 4225 dicuntur
1007 4179 1189 4273 τινα-ει
1215 4177 1356 4230 sunt.
1386 4169 1479 4223 sed
1507 4185 1627 4236 qum
1654 4169 1881 4237 Spiritus

273 4264 446 4335 gratia
471 4262 739 4317 afﬂaverit
764 4279 778 4315 :
807 4262 902 4316 sed
937 4270 993 4316 ut
1029 4259 1300 4315 a'itditores
1328 4261 1408 4314 vel
1439 4260 1715 4329 segniores
1739 4259 1885 4314 exci-

279 4364 581 4427 temushet
628 4362 859 4423 quantus
905 4354 975 4407 sit
1018 4353 1412 4421 Scripturarum
1467 4352 1782 4411 thesaurus,
1829 4361 1884 4405 et

273 4446 422 4518 quod
446 4460 624 4516 neque
653 4444 882 4500 liberum
910 4444 979 4499 sit
1005 4456 1179 4514 neque
1224 4453 1397 4498 tutum
1439 4458 1533 4500 eas
1563 4454 1881 4513 prtetcrcur-

278 4552 423 4602 rere,
454 4536 899 4607 persuadeamus.
931 4527 988 4591 Si
1013 4535 1156 4591 enim
1190 4535 1365 4589 tenuis
1393 4534 1507 4589 hac
1534 4543 1588 4589 et
1629 4549 1886 4603 compen-

277 4633 432 4687 diosa
463 4630 649 4695 dictio,
677 4637 732 4684 et
756 4644 877 4699 qua:
917 4627 1052 4683 nihil
1082 4629 1442 4683 necessarium
1470 4628 1652 4681 multis
1690 4626 1886 4679 habere

279 4721 517 4786 videtur,
566 4721 855 4775 multarum
896 4734 1114 4775 causam
1161 4718 1467 4775 divitiarum
1513 4726 1567 4770 et
1611 4717 1886 4770 altissimte

280 4810 638 4881 philosophia:
683 4810 993 4865 occasiones
1042 4806 1197 4872 nobis
1232 4809 1471 4877 pra:hcre
1521 4808 1632 4861 visa
1681 4807 1884 4870 fuerit;

280 4903 452 4961 multo
476 4901 649 4971 magis
679 4902 789 4965 illa,
817 4917 936 4971 quae
981 4910 1037 4955 et
1064 4916 1131 4955 ex
1160 4915 1221 4956 se
1249 4898 1593 4955 domesticam
1620 4904 1891 4953 ostentant

282 4997 536 5067 copiam.
578 4994 803 5049 infinitis
851 4994 1115 5049 thesauris
1170 4992 1657 5069 animadvertentes
1701 4991 1892 5058 imple-

282 5088 440 5142 bunt.
488 5084 658 5156 Igitur
699 5100 800 5141 nec
829 5086 946 5145 illas
974 5086 1190 5154 quidem
1212 5127 1227 5150 ,
1275 5100 1394 5155 quae
1437 5095 1623 5138 tenues
1652 5098 1771 5138 esse
1798 5099 1893 5151 pu-

282 5190 489 5245 tantur,
513 5178 912 5246 Scripturarum
934 5161 1228 5232 sententias
1242 5185 1733 5247 pra-tercurramus.
1759 5172 1889 5227 Nam

281 5282 337 5329 et
362 5273 497 5343 ipsa:
518 5270 587 5326 de
610 5270 845 5341 Spiritus
884 5271 1053 5341 gratia
1079 5277 1207 5324 sunt
1234 5288 1247 5323 :
1277 5268 1507 5338 Spiritus
1529 5276 1704 5322 autem
1727 5268 1893 5338 gratia

285 5472 429 5514 nunc
456 5470 694 5525 [καίπερ
720 5461 917 5513 titulum
956 5463 1105 5525 habet
1136 5460 1339 5512 savilius
1372 5463 1487 5525 sine,
1504 5461 1803 5511 discrimine.
1829 5467 1893 5525 Ex

286 5523 534 5588 bimum
558 5527 718 5576 verbis
750 5526 867 5588 ιιτιιοΔ
888 5524 1031 5588 titulo
1068 5524 1521 5588 nostroiuscrenda
1553 5525 1799 5588 duximus,
1844 5523 1896 5572 in

286 5586 456 5639 ratio
476 5602 565 5637 seu
584 5589 744 5639 veteri
763 5586 992 5639 ecclesia.
1010 5586 1164 5637 Palma
1184 5599 1274 5635 seu
1315 5592 1475 5642 vetus,
1505 5587 1763 5634 vocabatur
1788 5597 1898 5645 pars

290 5651 541 5701 Antiochia:
566 5652 701 5701 urbis
723 5650 785 5699 ad
810 5656 1045 5698 Orontem
1067 5648 1267 5697 ﬂuvium
1285 5649 1406 5697 sita:
1431 5648 1479 5695 iu
1502 5660 1595 5709 qua
1616 5653 1725 5709 erat
1740 5646 1900 5709 eccle-

288 5715 357 5759 sia
380 5712 525 5762 t‘alzea
548 5715 665 5765 item
704 5714 858 5766 (licta.
890 5707 1646 5771 etiantqueiApostolica,quiaah
1668 5707 1901 5771 apostolis

291 5772 498 5891 fhumjalta.
526 5778 639 5828 \idu
663 5792 712 5841 ῳ
736 5790 781 5825 a3
809 5774 904 5822 hac
937 5771 1001 5822 de
1038 5770 1094 5821 re
1128 5770 1341 5823 diximus
1380 5772 1427 5820 iu
1461 5770 1581 5819 Edit.
1628 5770 1893 5829 Athanasii,

379 5863 423 5890 ll
461 5876 473 5891 ο

292 5848 339 5897 ν-
376 5848 473 5891 ῖῖΙ.

1958 517 2252 575 numquam
2295 518 2479 579 parva'
2502 516 2558 565 et
2583 509 2724 574 vilis,
2753 509 2849 564 sed
2878 524 3066 580 magna
3094 520 3150 567 et
3190 511 3473 577 mirabilis,
3503 523 3559 569 et

1958 598 2136 654 dantis
2158 600 2522 658 munificentia
2550 601 2731 673 digna.
2761 600 2839 657 Ne
2868 602 3029 673 igitur
3049 603 3225 661 otiose
3246 604 3557 672 audiamus,

1958 692 2208 760 quoniam
2226 692 2315 763 qui
2336 694 2672 750 metallorum
2696 705 2891 751 terram
2920 708 3244 769 excoquunt.
3277 709 3559 770 postquam

1963 784 2017 836 in
2039 784 2306 867 caminum
2335 786 2502 855 iptmm
2532 787 2829 855 injecerint.
2848 804 2954 843 non
2986 800 3189 865 tantum
3217 791 3331 845 auri
3354 806 3559 848 massas

1963 874 2176 938 tollunt,
2205 862 2298 929 sed
2338 891 2384 931 et
2432 892 2624 945 parvas
2655 878 2955 932 hracteotas
2981 862 3144 934 multa
3193 896 3314 934 cum
3359 880 3531 936 seduli

1967 974 2073 1021 law
2100 967 2377 1038 colligunt.
2420 968 2679 1036 Quoniam
2714 971 2872 1040 igitur
2913 979 2969 1025 et
2998 987 3098 1027 nos
3124 988 3314 1025 aurum
3341 988 3407 1026 ex
3434 988 3539 1040 apo

1964 1059 2167 1116 stolicis
2194 1061 2438 1116 haustum
2469 1061 2698 1117 metallis
2735 1064 3101 1135 excoquimus,
3134 1080 3238 1117 non
3288 1064 3338 1116 in
3384 1062 3533 1118 fortia

1965 1166 2083 1205 cem
2131 1150 2426 1221 iacientes,
2485 1151 2579 1207 sed
2630 1154 2683 1206 in
2738 1154 2929 1207 animae
2976 1151 3568 1223 vestrm.ctigitatititaes

1968 1242 2335 1302 immittentes.
2378 1259 2484 1298 non
2529 1243 2796 1298 ﬂammam
2844 1244 3216 1304 accenduntes.
3249 1244 3344 1299 scd
3392 1259 3566 1314 ignem

1968 1336 2188 1403 spiritus
2227 1336 2562 1418 excitantes;
2596 1352 2786 1406 parvas
2811 1338 3186 1392 etiaminieas
3230 1351 3420 1404 magna
3449 1337 3568 1392 dili~

1967 1430 2143 1496 gentia
2195 1428 2528 1496 colligamus.
2580 1427 2729 1482 Licet
2782 1429 2923 1482 enim
2976 1428 3138 1483 breve
3187 1429 3257 1482 sit
3302 1426 3569 1493 verbum,

1971 1517 2134 1571 multa
2168 1527 2343 1573 tamen
2374 1528 2479 1573 est.
2504 1520 2671 1575 virtus
2696 1536 2710 1584 ;
2740 1519 2990 1588 quoniam
3039 1527 3093 1573 et
3127 1534 3353 1587 gemmae
3381 1533 3485 1572 nou
3518 1518 3571 1573 in

1969 1610 2213 1681 Corporis
2258 1612 2420 1677 mole,
2466 1612 2560 1667 sed
2614 1612 2668 1665 in
2717 1621 2920 1666 natura;
2968 1612 3365 1681 pulchritudine
3414 1625 3570 1665 suum

1972 1704 2200 1772 pretium
2253 1704 2269 1736 ί
2317 1704 2533 1763 habent,
2593 1702 2670 1757 sic
2718 1714 2772 1757 et
2824 1702 3124 1757 divinarum
3175 1702 3571 1771 Scripturarum

1971 1793 2149 1847 lectio.
2184 1793 2418 1848 Externa
2441 1796 2638 1861 quippe
2663 1792 2903 1847 doctrina
2928 1793 3121 1847 multas
3146 1794 3358 1862 jactans
3382 1806 3571 1861 nugas,

1970 1897 2022 1942 et
2040 1885 2260 1941 multam
2280 1884 2565 1939 infundens
2580 1884 2909 1939 auditoribus
2936 1882 3259 1947 futilitatem,
3277 1897 3373 1936 eos
3393 1881 3576 1935 vacuis

1972 1977 2196 2033 remittit
2226 1977 2491 2041 manibus,
2537 1975 2740 2030 nullum
2774 1990 2947 2044 neque
2974 1986 3429 2043 magnumneque
3456 1986 3580 2039 par-

1970 2083 2095 2123 vum
2124 2069 2357 2122 lucratos
2390 2069 2832 2121 emolumentum.
2860 2065 3089 2134 Spiritus
3114 2078 3243 2117 vero
3269 2063 3440 2132 gratia
3467 2076 3579 2114 non

1974 2159 2280 2229 hujusmodi
2305 2200 2321 2224 ,
2364 2157 2461 2214 sed
2502 2158 2553 2211 in
2596 2155 2921 2211 contrarium
2967 2155 3188 2208 omnino
3234 2168 3328 2222 per
3366 2151 3575 2207 modica

1974 2249 2137 2305 verba
2165 2249 2414 2311 omnibus
2434 2246 2839 2301 adverteutihus
2864 2243 3260 2314 philosoiehiaan
3289 2242 3445 2296 affert
3477 2258 3490 2293 :
3520 2250 3577 2294 et

1976 2341 2157 2395 multis
2194 2356 2338 2409 smpe
2365 2338 2585 2400 verbum
2613 2354 2775 2391 unum
2807 2336 3005 2392 sufticit
3029 2336 3153 2390 hinc
3197 2334 3534 2404 excerpsisse
3558 2375 3573 2398 ,

1976 2445 2034 2489 ut
2063 2436 2225 2489 totius
2266 2435 2387 2487 vitm
2417 2434 2662 2489 viaticum
2691 2432 2941 2486 habeant.

2045 2528 2100 2581 2.
2147 2526 2409 2595 Quoniam
2460 2517 2619 2595 igitﬁr
2663 2532 2807 2578 tanta
2857 2522 3011 2577 adest
3055 2520 3229 2589 capia,
3283 2533 3382 2573 nos
3434 2517 3579 2587 ipsos

1976 2618 2291 2678 excitemus,
2326 2626 2379 2669 et
2411 2616 2551 2684 vigili
2580 2626 2761 2669 mente
2786 2628 2906 2681 qua:
2930 2613 3180 2666 dicuntur
3202 2609 3398 2677 suscipi
3422 2622 3576 2660 mus:

1977 2709 2043 2761 ad
2072 2721 2316 2775 magnam
2349 2705 2491 2759 enim
2520 2703 2932 2773 profunditatem
2962 2714 3267 2755 sermonem
3296 2697 3580 2752 demittere

1979 2815 2137 2870 paro.
2175 2798 2354 2854 Multis
2381 2797 2522 2852 enim
2550 2799 2710 2851 etiam
2757 2795 3021 2863 superﬂua
3054 2802 3108 2847 et
3134 2790 3580 2861 superabundans

1978 2905 2099 2962 esse
2139 2890 2252 2944 hate
2285 2889 2579 2943 admonitio
2604 2886 2999 2957 quodammodo
3026 2885 3252 2945 videtur,
3285 2883 3424 2951 iique
3454 2880 3579 2934 talia

1976 2982 2164 3037 dicunt
2191 2981 2352 3036 verba
2386 2979 2538 3034 :Non
2590 2994 2684 3048 per
2731 2980 2965 3045 seipsum
3015 2982 3225 3044 poterat
3264 2972 3581 3026 Tituutheus

1978 3074 2273 3144 conjicere,
2304 3088 2406 3141 qua
2438 3088 2497 3127 re
2520 3073 2591 3125 uti
2615 3070 2951 3141 oporteret’,
2979 3083 3166 3122 verum
3196 3080 3224 3119 a
3250 3072 3580 3133 pra-reptare

1977 3168 2184 3222 discere
2223 3163 2611 3236 exspectabat?
2638 3162 2772 3229 Quid
2802 3163 2943 3231 quod
2994 3172 3294 3228 pra-ceptor
3322 3171 3426 3211 non
3460 3167 3583 3209 tau-

1981 3269 2092 3314 tum
2112 3259 2411 3327 imperavit,
2430 3256 2523 3311 sed
2552 3264 2609 3309 et
2636 3254 2825 3308 litteris
2853 3253 3097 3315 inseruit,
3125 3262 3394 3318 tamquam
3425 3264 3583 3303 aerem

1980 3351 2262 3414 columnae,
2298 3349 2437 3403 datte
2478 3346 2546 3401 ad
2594 3348 2769 3410 ipsum
2818 3344 3057 3414 epistolae
3102 3344 3448 3411 insculpens;
3482 3355 3582 3395 nec

1980 3442 2190 3498 erubuit
2208 3438 2523 3510 'hujusmodi
2551 3453 2638 3493 res
2663 3438 2942 3505 scriptura:
2970 3434 3226 3510 mandare
3251 3444 3306 3489 et
3335 3432 3400 3487 ad
3432 3432 3586 3487 disci-

1982 3534 2163 3603 pulum
2192 3508 2400 3601 publice
2428 3528 2678 3600 legendas
2700 3527 2947 3582 mittere?
2970 3523 3037 3583 Ut
3063 3508 3221 3596 igitur
3242 3524 3419 3599 discas
3440 3522 3582 3592 quod

1982 3641 2089 3679 non
2132 3634 2336 3679 tantum
2371 3638 2475 3677 non
2502 3621 2762 3677 redundet
2793 3619 3105 3683 admonitio,
3153 3618 3245 3673 sed
3280 3617 3581 3672 necessaria

1980 3726 2035 3771 et
2062 3717 2343 3771 utilissima
2366 3717 2435 3769 sit
2459 3732 2472 3779 ;
2497 3724 2550 3769 et
2578 3730 2682 3768 non
2710 3728 2740 3766 a
2769 3712 2954 3776 Paulo,
2984 3710 3079 3766 sed
3107 3725 3137 3763 a
3164 3709 3395 3777 Spiritus
3414 3708 3585 3776 gratia

1984 3808 2180 3863 factum
2223 3809 2313 3871 sit,
2335 3817 2392 3862 ut
2420 3808 2520 3861 hoc
2546 3821 2652 3860 non
2673 3805 2835 3859 modo
2855 3805 3141 3865 diceretur,
3161 3799 3253 3855 sed
3265 3799 3429 3854 etiam
3445 3799 3570 3852 litto

1983 3904 2060 3959 ris
2089 3902 2391 3957 traderetur
2418 3910 2468 3955 et
2495 3899 2560 3953 ad
2596 3914 2783 3953 omnes
2815 3907 3061 3968 posteros
3095 3910 3188 3964 per
3219 3892 3354 3946 hanc
3380 3902 3586 3959 episto-

1985 3994 2088 4048 lam
2115 3993 2395 4048 devcniret
2413 4010 2425 4045 :
2445 3991 2510 4046 ad
2540 3991 2709 4061 ipsam
2741 4005 2863 4044 mox
2891 3987 3257 4058 probationem
3286 3969 3582 4038 veniemus.

1984 4087 2065 4143 Ad
2098 4087 2214 4141 haec
2250 4086 2392 4140 enim
2424 4084 2492 4139 de
2515 4084 2616 4147 alia
2658 4096 2872 4153 quoque
2902 4096 2961 4135 re
3005 4094 3113 4133 non
3142 4077 3318 4131 minus
3345 4076 3591 4130 dubitant

1985 4178 2200 4249 quidam
2250 4178 2387 4231 intra
2436 4193 2496 4231 se
2546 4156 3002 4244 qumt'entes,‘qua
3048 4172 3114 4225 de
3140 4187 3299 4226 causa
3345 4168 3591 4237 permisit

1986 4270 2130 4341 Deus
2161 4270 2330 4322 virum
2375 4278 2576 4322 tantam
2603 4265 2887 4319 habentem
2922 4271 3260 4333 potestatem,
3286 4261 3441 4328 cujus
3464 4270 3592 4337 933a

1986 4370 2041 4415 et
2084 4362 2323 4429 reliquiae
2348 4360 2622 4413 d:rtnones
2668 4357 3026 4425 expellerent,
3062 4357 3113 4409 in
3144 4362 3343 4409 tantam
3375 4352 3593 4421 a-gritu-

1988 4456 2167 4509 dinem
2211 4454 2466 4508 incidere.
2518 4451 2636 4506 Non
2691 4452 2832 4505 enim
2887 4450 3078 4504 leviter
3122 4446 3448 4517 aegrotabat.
3496 4444 3591 4499 sed

1988 4548 2273 4610 continue,
2302 4546 2395 4600 sed
2427 4545 2650 4599 alternis
2679 4553 2735 4599 et
2777 4542 2993 4612 jugihus
3042 4537 3459 4595 infirmitatibus,
3494 4552 3595 4591 nec

1990 4641 2269 4695 minimum
2287 4637 2500 4703 quidem
2521 4638 2692 4705 ipsum
2719 4636 2983 4702 respirare
3003 4629 3417 4699 tttdulgentihus.
3444 4626 3598 4683 Unde

1992 4732 2093 4786 hoc
2139 4727 2521 4784 manifestum?
2551 4726 2627 4780 Ex
2672 4727 2802 4795 ipsis
2844 4724 2990 4778 Pauli
3042 4722 3240 4776 verbis.
3287 4719 3403 4774 Non
3453 4720 3596 4773 enim

1991 4824 2127 4879 dixit
2155 4841 2168 4875 :
2201 4823 2427 4892 Propter
2452 4820 2845 4891 aegritudinem,
2869 4817 2962 4873 sed
2992 4816 3212 4882 Propter
3236 4814 3594 4886 aegritudines:

1994 4916 2168 4985 neque
2196 4914 2530 4984 simpliciter,
2579 4911 2804 4979 Propter
2834 4910 3201 4972 infirmitates,
3234 4906 3328 4961 sed
3359 4906 3595 4974 ipsarum

1993 5008 2449 5063 continuationem
2499 5006 2807 5075 significans
2853 5001 3082 5063 dicebat,
3135 4998 3444 5065 Frequenter
3483 5005 3598 5049 tuas

1994 5094 2336 5167 inﬁrmitates.
2389 5098 2621 5151 Audiant
2667 5090 2757 5165 qui
2802 5095 3055 5147 diuturno
3096 5091 3274 5146 traditi
3306 5089 3597 5159 languori,

1997 5207 2140 5263 aegre
2182 5195 2360 5247 ferunt
2397 5200 2450 5245 et
2479 5191 2657 5244 animo
2685 5188 2995 5243 concidunt.
3038 5186 3152 5241 Non
3195 5185 3367 5239 solum
3417 5193 3600 5238 autem

1998 5286 2103 5341 hoc
2150 5294 2234 5340 est
2277 5283 2419 5355 quod
2470 5282 2751 5352 qttwrilur,
2801 5280 2944 5349 quod
2987 5294 3108 5333 cum
3154 5287 3299 5332 8358!.
3345 5284 3601 5340 sanctus,

2000 5377 2311 5447 a‘grolabat,
2363 5384 2417 5429 et
2468 5376 2547 5429 sic
2596 5373 2905 5443 frequenter
2953 5369 3264 5441 aegrotabat,
3296 5366 3390 5422 sed
3438 5368 3602 5421 etiam

2001 5469 2141 5540 quod
2169 5470 2374 5538 publica
2399 5466 2581 5521 mundi
2605 5465 2815 5536 negotia
2847 5462 2944 5534 ipsi
2962 5470 3119 5517 erant
3137 5460 3359 5514 credita.
3378 5457 3433 5513 Si
3458 5460 3601 5512 enim

2005 5577 2143 5615 unus
2172 5567 2317 5615 esset
2344 5560 2576 5623 illorum,
2609 5558 2697 5626 qui
2731 5556 2783 5611 in
2816 5556 3079 5609 montium
3107 5552 3335 5607 vertices
3362 5563 3605 5603 δυρρεςθο

2005 5662 2148 5717 runt,
2195 5651 2332 5706 etin
2382 5650 2671 5705 solitudine
2717 5647 2938 5703 cellulas
2982 5650 3386 5714 compegerunt,
3442 5649 3495 5695 et
3538 5642 3607 5694 ab

2071 5766 2085 5796 ι
2125 5763 2208 5812 Alii
2235 5777 2248 5813 :
2281 5762 2488 5814 Pretium
2508 5770 2552 5812 et
2577 5762 2741 5812 decus.

2071 5829 2091 5860 '
2127 5825 2211 5875 alii
2238 5840 2249 5874 :
2278 5824 2542 5878 Timotheus
2566 5827 2805 5884 conjicere
2827 5823 2955 5884 quod
2981 5832 3088 5872 uno
3112 5816 3179 5868 uti
3199 5819 3401 5877 oportet.
