4196 6316
668 380 733 435 ii)
1372 376 1427 431 S.
1469 375 1745 431 JOANNIS
1781 369 2257 429 CllRYSOSTOMI
2299 366 2616 423 AitCiilEP.
2659 363 3191 421 CONSTANTINOP.
3876 359 3951 413 ‘20

664 488 969 558 hujusmodi
989 486 1214 556 negotiis
1233 486 1460 541 alienam
1486 488 1645 541 vitam
1664 487 1955 554 elegerunt,
1982 498 2085 536 non
2109 492 2253 537 esset

665 589 771 632 tam
798 578 1014 633 dubium
1042 576 1184 646 quod
1229 577 1486 645 quieritnr
1512 595 1525 631 :
1559 577 1610 628 in
1642 574 1873 629 medium
1906 589 2032 628 vero
2058 586 2249 642 prove-

663 681 830 735 ctum,
862 678 916 724 et
946 678 1023 721 tot
1053 667 1411 722 Ecclesiarum
1430 679 1583 719 curas
1606 664 1888 718 habentem
1918 662 2168 726 creditas,
2198 670 2254 716 et

667 761 825 813 nrbes
855 769 992 813 totas
1022 767 1076 812 et
1103 769 1292 829 gentes
1320 767 1372 812 et
1413 766 1580 809 totum
1610 766 1872 810 terrarum
1899 754 2081 807 orbem
2106 764 2251 806 tanta

664 865 787 904 cum
832 851 1116 904 sedulitate
1142 858 1195 903 et
1220 847 1392 902 studio
1419 847 1897 905 administrantem,
1930 844 2253 898 inﬁrmitatis

667 943 971 996 necessitati
1005 940 1253 995 traditum
1297 955 1438 1006 esse,
1471 938 1570 993 hoc
1596 950 1674 993 cst
1705 939 1846 1008 quod
1875 940 2102 991 maxime
2147 952 2253 990 non

665 1032 1175 1086 animadvertentem
1215 1032 1433 1084 omnino
1461 1030 1514 1083 in
1541 1039 1813 1099 stuporem
1859 1042 2015 1097 agere
2056 1035 2251 1095 potest.

670 1125 783 1177 Etsi
812 1125 952 1177 enim
983 1138 1087 1176 non
1118 1132 1335 1191 propter
1354 1136 1431 1184 se,
1460 1120 1649 1174 saltem
1678 1128 1892 1188 propter
1921 1118 2053 1172 alios
2082 1118 2254 1187 ipsum

671 1216 848 1269 valere
874 1216 1173 1284 Oportebat.
1204 1213 1494 1282 imperator
1519 1212 1885 1279 eratoptimns
1918 1230 1932 1263 :
1966 1210 2159 1264 bellum
2188 1211 2256 1263 ab

668 1321 733 1360 eo
786 1308 1075 1375 gerebatur
1120 1320 1224 1359 non
1273 1313 1455 1358 contra
1502 1303 1743 1357 inﬁdeles
1792 1312 2014 1367 tantum,
2065 1301 2157 1356 sed
2203 1308 2258 1355 et

668 1406 853 1448 contra
899 1395 1169 1449 dccmones
1209 1403 1263 1447 et
1299 1404 1482 1447 contra
1528 1394 1698 1461 ipsum
1748 1392 2059 1446 diabolum:
2092 1391 2257 1445 multa

669 1502 789 1540 cum
820 1486 1154 1540 vehementia
1185 1486 1367 1541 hostes
1385 1501 1571 1539 omnes
1597 1486 1961 1553 imminebant,
1988 1484 2256 1553 dissipan-

672 1588 751 1632 tes
777 1579 1070 1633 exercitum
1100 1588 1155 1634 et
1197 1582 1248 1632 in
1276 1580 1634 1649 captivitatem
1679 1579 1989 1644 trahentes;
2021 1578 2107 1631 hte
2131 1591 2259 1631 vero

642 1726 649 1731 _
671 1672 904 1729 inﬁnitos
930 1672 998 1726 ad
1025 1673 1305 1725 veritatem
1337 1670 1590 1726 reducere
1613 1680 1841 1739 poterat,
1868 1679 1921 1724 et
1946 1667 2255 1738 :rgrotabat.

676 1763 786 1817 Etsi
818 1764 983 1837 enim,
1031 1764 1217 1832 inquit,
1262 1763 1461 1840 nullum
1505 1771 1760 1832 prmterea
1788 1762 2037 1816 damnum
2064 1775 2124 1814 ex
2158 1759 2260 1814 hac

673 1853 983 1909 inﬁrmitate
1015 1854 1171 1908 rebus
1203 1853 1517 1918 inferretur,
1547 1869 1608 1907 ea
1657 1854 1769 1921 ipsa
1808 1852 1918 1905 sola
1964 1850 2148 1904 ﬁdeles
2176 1849 2257 1918 pi-

669 1945 877 2012 griores
901 1954 955 1999 et
985 1944 1300 2013 torpidiores
1335 1944 1559 1998 reddere
1586 1952 1812 2013 poterat.
1842 1941 1972 1995 Nam
1998 1940 2040 1994 si
2064 1940 2258 2011 milites

672 2037 865 2089 ducem
922 2051 1074 2089 suum
1126 2037 1262 2090 lecto
1315 2035 1587 2089 detentum
1637 2045 1940 2097 cernentes,
1986 2032 2258 2102 segniores

674 2126 808 2179 iitint
830 2135 888 2187 et
936 2126 1001 2179 ad
1042 2140 1270 2195 pugnam
1304 2125 1601 2189 tardiores;
1633 2129 1802 2178 multo
1830 2123 1997 2192 magis
2023 2139 2119 2194 par
2145 2132 2261 2179 erat

672 2226 727 2269 ct
757 2216 964 2279 ﬁdeles,
990 2227 1369 2286 praeceptorem
1393 2223 1513 2285 post
1538 2224 1617 2270 tot
1638 2215 1784 2284 signa
1801 2230 2025 2283 operum
2048 2214 2260 2268 intuen-

672 2316 755 2362 tes
779 2309 1029 2362 continue
1055 2316 1399 2377 :rgrotantetn
1427 2316 1480 2363 et
1505 2309 1745 2377 corporis
1784 2306 1971 2362 morbo
2009 2307 2260 2361 laboran-

674 2410 804 2465 tem,
837 2399 1124 2454 humanum
1172 2401 1421 2468 quiddam
1466 2415 1586 2454 esse
1629 2413 1931 2469 perpessos.
1981 2398 2090 2453 Nec
2132 2414 2261 2455 vero

674 2489 788 2544 lucc
832 2500 1055 2554 tantum,
1098 2490 1192 2545 sed
1224 2500 1277 2545 et
1304 2490 1446 2545 aliud
1476 2489 1725 2565 quiddam
1778 2489 2081 2544 dubitantes
2110 2505 2258 2558 quze-

675 2592 815 2645 runt,
841 2597 941 2651 qua
967 2582 1033 2636 de
1050 2598 1208 2637 causa
1228 2598 1437 2637 rursum
1461 2597 1636 2652 neque
1657 2583 1870 2651 seipse,
1899 2598 2071 2653 neque
2094 2582 2260 2651 ipsius

677 2685 969 2742 prmceptor
995 2674 1064 2727 ita
1092 2673 1392 2729 confectum
1419 2675 1653 2729 curavit:
1676 2674 1769 2729 sed
1792 2685 2030 2729 mortuos
2048 2674 2257 2743 quidem

674 2764 1025 2828 suscitabant,
1058 2773 1112 2819 et
1138 2764 1410 2819 dxemones
1452 2764 1816 2834 expellebant,
1848 2772 1902 2818 et
1930 2774 2155 2820 mortem
2184 2764 2261 2818 fa-

675 2855 775 2909 cile
806 2855 1108 2921 vincebant,
1153 2871 1316 2909 unum
1363 2870 1492 2933 vero
1519 2869 1713 2924 corpus
1760 2865 2016 2924 aegrotum
2046 2870 2152 2909 non
2182 2855 2262 2909 in-

677 2945 990 2998 staurabant
1020 2962 1032 2998 :
1064 2953 1119 2998 et
1143 2945 1232 3014 qui
1278 2946 1330 3000 in
1378 2934 1567 3001 alienis
1592 2946 1904 3014 corporibus
1946 2956 2000 3001 et
2023 2947 2262 3002 viventes
2324 2960 2333 2966 ‘

674 3042 730 3087 et
774 3035 965 3087 mortui
1018 3044 1215 3088 tantam
1262 3036 1552 3091 exhibuere
1591 3038 1837 3091 virtutem
1863 3079 1877 3102 ,
1930 3038 2261 3092 stomachum

676 3123 881 3193 lapsum
912 3141 1016 3178 non
1048 3125 1359 3179 relevabant
1384 3143 1397 3179 :
1423 3134 1477 3179 et
1502 3127 1643 3196 quod
1672 3127 1843 3196 majus
1885 3136 1988 3191 est,
2030 3142 2135 3181 non
2164 3142 2262 3181 ve-

678 3225 824 3267 rctur
850 3229 948 3268 nec
975 3215 1243 3269 erubescit
1270 3215 1465 3270 Paulus
1492 3225 1611 3284 post
1639 3222 1717 3270 tot
1745 3227 1797 3270 et
1824 3217 1946 3270 talia
1973 3216 2121 3287 signa
2143 3232 2261 3287 quae

676 3306 757 3359 vel
791 3306 931 3360 nudo
960 3307 1200 3375 praestitit
1243 3307 1427 3373 verbo,
1457 3307 1740 3362 Timotheo
1768 3308 2022 3372 scribere,
2049 3318 2107 3363 ut
2134 3324 2263 3363 con-

679 3396 843 3465 fugiat
868 3396 933 3449 ad
956 3397 1062 3451 vini
1088 3395 1370 3452 medelam.
1396 3398 1513 3453 Non
1539 3397 1681 3468 quod
1703 3398 1882 3452 vinum
1904 3399 2088 3454 bibere
2109 3408 2263 3470 turpe

677 3490 746 3542 sit
780 3506 793 3541 :
826 3489 982 3552 absit,
1029 3484 1141 3543 iniec
1186 3498 1312 3543 sunt
1357 3489 1501 3544 enim
1549 3488 1921 3545 hmreticorum
1962 3500 2260 3559 praecepta;

677 3577 768 3631 sed
796 3578 936 3647 quod
965 3578 1199 3633 dedecus
1227 3595 1348 3634 esse
1371 3596 1475 3635 non
1497 3587 1730 3651 putaret,
1754 3596 1859 3635 non
1888 3595 2044 3651 posse
2063 3581 2264 3651 absque

677 3668 819 3722 illius
865 3669 1071 3733 auxilio,
1092 3686 1255 3724 unum
1286 3670 1534 3726 laborans
1564 3672 1863 3726 membrum
1894 3673 2119 3747 erigere.
2158 3673 2262 3728 Ve-

679 3761 1077 3817 rnntenimvcro
1098 3770 1301 3815 tantum
1324 3762 1492 3817 abfuit
1518 3773 1569 3818 ut
1594 3764 1661 3818 de
1685 3764 1786 3819 hoc
1810 3766 2174 3831 erubesceret,
2204 3775 2264 3820 ut

678 3860 732 3907 et
760 3852 1006 3907 omnibus
1037 3854 1269 3922 posteris
1294 3853 1397 3909 hoc
1434 3854 1620 3909 fecerit
1658 3856 2017 3911 manifestum.
2060 3857 2264 3912 Videtis

677 3947 729 3997 in
759 3952 1010 4013 quantam
1050 3960 1353 4001 sermonem
1384 3948 1588 4017 egimus
1632 3947 2090 4016 profunditatem?
2134 3965 2265 4019 quo-

680 4035 838 4089 modo
869 4035 1008 4105 quod
1041 4050 1260 4104 parvum
1293 4053 1412 4092 esse
1444 4038 1669 4102 videtur,
1695 4039 1987 4095 innumeris
2014 4042 2266 4109 quaestio—

678 4126 834 4180 nibus
882 4126 1142 4181 scaturit?
1171 4127 1265 4181 Eia
1313 4128 1471 4198 igitur
1498 4139 1551 4182 et
1592 4129 1910 4184 solutionem
1954 4129 2261 4185 aii‘eramus.

678 4218 881 4272 idcirco
914 4218 1056 4272 enim
1084 4217 1151 4272 ad
1185 4218 1349 4272 imum
1389 4220 1780 4284 descendimus,
1811 4229 1872 4274 ut.
1912 4229 2145 4277 mentem
2172 4237 2264 4277 ve-

677 4320 841 4363 stram
888 4311 1201 4375 excitantes,
1234 4310 1284 4363 in
1318 4318 1431 4365 tuto
1458 4325 1648 4366 sensus
1671 4313 2012 4367 collocemus.

748 4402 801 4456 5.
829 4400 1146 4455 Concedatis
1174 4408 1351 4456 autem
1395 4401 1555 4468 mihi,
1583 4418 1789 4472 quaeso,
1823 4403 2131 4473 priusquam
2177 4403 2263 4460 his

676 4491 1057 4561 quaestionibus
1078 4491 1395 4547 solutionem
1424 4491 1661 4556 aﬁ'eram,
1684 4493 1880 4563 aliquid
1904 4492 1972 4548 de
2000 4494 2262 4551 Timothei

676 4584 871 4637 virtute
894 4591 948 4637 et
974 4598 1099 4636 cura
1126 4582 1275 4637 Pauli
1297 4583 1493 4639 dicere.
1518 4583 1654 4650 Quid
1676 4585 1817 4638 enim
1839 4585 1931 4639 illo
1956 4583 2055 4639 fuit
2081 4601 2265 4640 aman-

679 4674 803 4736 tiu<,
833 4672 921 4742 qui
953 4680 1099 4726 tanto
1124 4673 1317 4727 absens
1353 4674 1631 4729 intervallo
1670 4684 1723 4728 et
1766 4682 1843 4729 tot
1872 4675 2265 4730 circumventus

680 4764 927 4833 negotiis,
960 4778 1056 4832 pro
1084 4764 1344 4817 stomachi
1374 4764 1601 4818 sanitate
1632 4764 1875 4835 discipuli
1904 4775 2101 4820 tantam
2134 4782 2260 4835 pro-

683 4857 971 4911 videntiam
1000 4857 1253 4927 gerebat,
1282 4868 1336 4913 et
1365 4873 1484 4912 cum
1512 4857 1792 4914 sedulitate
1830 4858 1899 4914 de
1927 4860 2095 4914 morbi
2143 4875 2263 4915 cor-

678 4950 921 5001 rcctione
951 4947 1257 5003 scribebat?

754 5036 998 5091 Timothei
1049 5037 1230 5091 virtus.
1284 5067 1355 5077 —
1404 5036 1668 5092 Timothei
1725 5053 1853 5094 vero
1902 5040 2081 5094 virtuti
2136 5040 2262 5110 quid

678 5130 918 5200 a-quale?
945 5130 1031 5185 Sic
1052 5129 1273 5185 delicias
1296 5132 1695 5201 aspernabatur,
1720 5140 1775 5187 et
1800 5132 1995 5186 lautam
2023 5148 2261 5189 mensam

678 5222 973 5285 deridebat,
999 5230 1057 5276 ut
1083 5221 1137 5276 in
1162 5222 1405 5276 morbum
1428 5238 1493 5277 ex
1520 5224 1691 5278 victus
1711 5226 1996 5292 asperitate
2022 5234 2075 5279 et
2100 5225 2264 5280 nimio

678 5313 893 5367 caderet
914 5304 1138 5382 jejunio.
1160 5313 1311 5380 Quod
1340 5315 1480 5369 enim
1505 5326 1690 5369 natura
1713 5316 1830 5369 talis
1852 5331 1956 5369 non
1978 5327 2140 5383 esset,
2169 5317 2262 5372 sed

678 5407 878 5483 jejunio
902 5414 958 5462 et
981 5421 1129 5476 aqute
1156 5417 1282 5476 potu
1310 5407 1567 5463 stomachi
1593 5409 1697 5463 vim
1723 5418 2064 5477 prostraSset,
2091 5410 2262 5479 ipsum

687 5497 907 5552 Paulum
954 5495 1238 5567 diligenter
1283 5500 1386 5554 hoc
1434 5499 1856 5555 manifestantem
1899 5501 2097 5556 audite.
2145 5501 2262 5557 Non

681 5590 822 5644 enim
852 5590 1165 5660 simpliciter
1194 5591 1326 5647 dixit
1356 5591 1529 5648 :Vino
1554 5592 1764 5648 modico
1804 5602 1951 5650 utere
1976 5614 1987 5648 :
2017 5596 2108 5650 sed
2140 5610 2262 5652 cum

683 5684 823 5746 prius
849 5680 1091 5747 dixisset,
1139 5682 1266 5737 Noli
1294 5685 1460 5739 adhuc
1498 5702 1683 5756 aquam
1719 5685 1883 5742 bibere
1918 5688 1994 5758 (Ι.
2038 5686 2174 5744 Tim.
2205 5690 2259 5745 5.

678 5770 810 5839 ‘13),
846 5782 970 5829 tunc
994 5773 1208 5833 bibendi
1242 5777 1347 5833 vini
1373 5778 1655 5834 consilium
1686 5778 1881 5835 attulit.
1917 5779 2048 5836 illud
2078 5775 2255 5840 autem

2362 480 2550 543 adhuc,
2586 478 2803 532 verbum
2830 484 2913 530 est
2942 474 3310 545 signiﬁcantis,
3338 473 3480 543 quod
3504 488 3736 543 eousque
3758 489 3951 543 aquam

2361 570 2593 635 bibebat,
2618 579 2672 624 et
2697 577 2978 637 pr0pterea
3005 567 3286 621 imbecillis
3312 566 3400 618 sit.
3429 565 3558 630 Quis
3586 582 3690 617 non
3720 566 3954 619 admire-

2361 668 2447 713 tur
2496 661 2660 727 ipsius
2704 658 3091 728 philosophiam
3134 668 3187 711 et
3239 656 3609 725 diligentiam?
3638 656 3785 724 Ipsos
3826 656 3954 709 atti—

2360 762 2510 821 gelat
2548 754 2737 815 ca‘los,
2769 750 2833 803 ad
2862 751 3071 805 virtutis
3118 750 3327 804 culmen
3361 758 3674 818 pervenerat
3713 766 3724 800 :
3759 757 3812 800 et
3838 748 3958 802 luce

2363 844 2465 912 ipsi
2495 853 2789 911 praeceptor
2828 851 3114 896 attestatur
3152 841 3229 895 sic
3262 840 3450 894 dicens
3484 858 3495 891 :
3532 839 3651 892 Misi
3684 838 3817 890 vobis
3857 836 3955 890 Ti-

2362 934 2649 998 motheum,
2682 933 2768 1000 qui
2799 942 2872 985 est
2900 933 3037 1001 ﬁlius
3077 948 3217 984 meus
3239 931 3451 983 dilectus
3480 940 3524 982 et
3553 929 3719 997 ﬁdelis
3749 931 3801 981 in
3841 927 3958 979 Do-

2361 1025 2498 1077 mino
2529 1023 2603 1095 (1.
2655 1022 2773 1077 Cor.
2807 1024 2861 1077 4.
2908 1024 3017 1091 i7).
3061 1022 3283 1087 Quando
3322 1030 3497 1075 autem
3538 1018 3734 1073 Paulus
3782 1018 3959 1084 ipsum

2361 1126 2514 1174 vocat
2546 1116 2735 1182 ﬁlium,
2768 1126 2821 1170 ct
2848 1116 3013 1169 filium
3043 1114 3295 1169 dilectum
3326 1123 3379 1167 et
3400 1113 3633 1177 fidelem,
3658 1111 3772 1164 inec
3792 1110 3960 1163 verba

2363 1226 2577 1265 omnem
2607 1210 2771 1279 ipsius
2801 1210 3050 1263 virtutem
3083 1207 3451 1261 demonstrare
3487 1203 3777 1258 sufﬁciunt.
3817 1201 3958 1256 Sau-

2362 1312 2569 1356 ctorum
2595 1301 2736 1354 enim
2760 1299 2956 1368 judicia
2975 1312 3074 1352 nec
3094 1297 3159 1349 ad
3180 1296 3401 1366 gratiam
3425 1310 3522 1348 nec
3538 1293 3603 1347 ad
3626 1292 3961 1347 inimiCitiam

2364 1394 2517 1455 ﬁunt,
2549 1391 2645 1446 sed
2682 1393 2751 1446 ab
2781 1392 2925 1446 omni
2962 1399 3087 1445 sunt
3112 1396 3437 1459 prmsumpta
3465 1385 3721 1454 opinione
3761 1384 3958 1437 libera.

2362 1485 2479 1539 Non
2510 1484 2698 1538 fuisset
2744 1492 2851 1536 tam
2884 1482 3072 1535 beatus
3110 1478 3447 1542 Timotheus,
3497 1476 3540 1530 si
3571 1475 3716 1530 Pauli
3759 1474 3899 1527 ﬁlius
3928 1488 3963 1527 a

2365 1586 2551 1631 natura
2580 1576 2787 1639 fuisset,
2820 1589 2978 1642 quam
3016 1587 3160 1627 nunc
3188 1581 3270 1625 est
3294 1568 3628 1624 admirabilis
3656 1586 3670 1621 :
3704 1567 3961 1637 quoniam

2364 1667 2656 1723 secundum
2686 1681 2902 1723 carnem
2944 1663 3077 1719 nihil
3106 1663 3171 1716 ad
3218 1663 3392 1731 ipsum
3440 1662 3706 1727 attinens,
3743 1674 3838 1728 per
3865 1673 3965 1712 co-

2364 1761 2669 1830 gnationem
2699 1774 2818 1828 quae
2855 1766 2938 1812 est
2977 1755 3273 1811 secundum
3313 1752 3661 1821 religionem,
3694 1751 3745 1804 in
3792 1750 3965 1819 ipsius

2366 1870 2425 1908 se
2471 1853 2813 1923 adoptionem
2866 1849 3104 1910 induxit,
3161 1863 3281 1901 cum
3336 1846 3620 1900 sedulitate
3667 1842 3967 1910 disciplina:

2369 1942 2875 2000 illiusicharacteres
2905 1944 2957 1996 in
2985 1941 3236 1996 omnibus
3263 1953 3503 1993 servans.
3530 1937 3681 1991 Sicut
3707 1935 3849 1989 enim
3882 1934 3966 1986 vi-

2369 2038 2510 2092 tulus
2537 2047 2685 2090 tauro
2724 2034 3071 2105 conjugatus,
3098 2032 3176 2085 sie
3209 2031 3391 2100 jugum
3434 2044 3554 2082 cum
3594 2027 3686 2081 illo
3718 2024 3966 2079 trahebat

2369 2130 2561 2198 ubique
2592 2138 2875 2192 terrarum,
2901 2135 2955 2180 ct
2980 2125 3147 2179 nihilo
3178 2130 3397 2193 pr0pter
3419 2129 3630 2174 (etatem
3654 2118 3963 2183 deﬁciebat,

2367 2221 2461 2276 sed
2494 2221 2761 2285 studium,
2792 2228 2849 2274 ut
2888 2234 3010 2273 cum
3044 2214 3389 2286 pramepteris
3428 2211 3701 2266 laboribus
3736 2218 3966 2265 conten-

2365 2311 2535 2374 deret,
2571 2310 2877 2380 praestabat.
2910 2308 2979 2363 Et
3006 2307 3197 2361 horum
3227 2304 3380 2359 testis
3411 2319 3597 2358 rursus
3626 2302 3739 2371 ipse
3769 2301 3967 2354 Paulus

2366 2405 2443 2459 sic
2464 2404 2650 2458 dicens
2674 2420 2687 2455 :
2719 2403 2883 2456 Nemo
2914 2403 3077 2472 ipsum
3102 2408 3424 2462 contemnat;
3449 2413 3574 2466 opus
3600 2396 3731 2450 enim
3760 2394 3967 2447 Domini

2366 2509 2622 2563 operatur,
2658 2495 2785 2555 sicut
2814 2503 2860 2547 et
2895 2510 2985 2564 ego
3026 2491 3101 2561 (L
3128 2492 3245 2545 Cor.
3293 2491 3379 2544 16.
3416 2488 3502 2542 10.
3538 2486 3649 2557 Η).
3688 2486 3880 2541 Vidisti
3908 2495 3969 2540 ut

2366 2589 2584 2643 omnino
2609 2587 2814 2657 mquale
2853 2585 3086 2640 studium
3116 2585 3217 2655 ipsi
3253 2583 3571 2637 attestetur?
3610 2581 3729 2634 Mox
3756 2597 3823 2636 ne
3849 2580 3969 2634 hace

2366 2679 2431 2732 ad
2457 2678 2684 2748 gratiam
2727 2677 2908 2730 dicere
2933 2676 3203 2739 videatur,
3240 2675 3384 2742 ipsos
3417 2671 3688 2725 auditores
3732 2670 3825 2723 ﬁlii
3856 2672 3968 2723 vir-

2367 2772 2493 2825 tutis
2544 2779 2708 2824 testes
2748 2768 2896 2829 facit,
2940 2768 3016 2821 sic
3063 2767 3308 2835 inquiens
3350 2782 3362 2818 :
3401 2763 3759 2816 Probationem
3796 2772 3969 2814 autem

2365 2861 2527 2931 ipsius
2555 2860 2735 2923 nostis,
2754 2858 2890 2928 quod
2927 2867 3185 2927 tamquam
3209 2856 3340 2925 patri
3367 2854 3603 2923 ﬁlius,sic
3629 2868 3823 2905 mecum
3852 2868 3967 2905 ser-

2366 2956 2483 3007 vivit
2526 2955 2580 3007 in
2630 2953 2889 3023 evangelio
2926 2968 2945 3005 :
2989 2951 3350 3019 experientiam
3389 2966 3475 3002 ros
3516 2947 3723 3016 cepistis
3768 2946 3971 3000 virtutis

2366 3045 2530 3115 ipsius
2559 3054 2605 3096 et
2629 3046 2853 3113 probata:
2872 3042 3057 3095 animai
3086 3039 3340 3109 (Philipp.
3366 3038 3419 3091 Ξ.
3442 3039 3563 3106 2'2).
3587 3037 3970 3092 Verumtamen

2366 3152 2487 3192 cum
2526 3136 2593 3190 ad
2635 3145 2832 3189 tantam
2878 3134 3177 3188 ofﬁciorum
3220 3132 3553 3185 altitudinem
3598 3129 3967 3193 ascendisset,

2366 3244 2541 3299 neque
2557 3228 2635 3284 sic
2659 3227 2964 3283 conﬁdebat
2980 3266 2993 3290 ,
3026 3225 3119 3280 sed
3138 3226 3189 3278 in
3213 3226 3485 3278 anxietate
3502 3221 3664 3275 animi
3688 3230 3804 3275 crat
3828 3221 3968 3285 etin

2368 3321 2560 3375 timore
2586 3338 2599 3374 :
2632 3320 2859 3389 ideoque
2878 3333 3000 3372 cum
3028 3316 3282 3372 instantia
3301 3314 3601 3384 jejunabat,
3635 3326 3806 3381 neque
3833 3311 3969 3365 illud

2368 3426 2557 3482 passus
2582 3419 2665 3466 est
2694 3409 2836 3479 quod
2868 3408 3053 3472 multi,
3085 3408 3175 3477 qui
3203 3406 3386 3460 decem
3429 3413 3639 3459 tantum
3672 3403 3754 3457 vcl
3776 3402 3969 3472 viginti

2368 3515 2581 3557 menses
2616 3500 2820 3570 jejunio
2862 3514 2921 3553 se
2967 3497 3239 3552 tradentes
3278 3503 3504 3565 repente
3542 3494 3724 3549 omnia
3767 3490 3971 3547 dissol-

2368 3575 2515 3646 vunt.
2546 3591 2651 3647 Sed
2684 3591 2774 3645 ille
2813 3590 2946 3644 nihil
2976 3589 3079 3643 tale
3114 3603 3304 3657 passus
3328 3596 3430 3649 est,
3466 3601 3639 3655 neque
3669 3585 3776 3639 tale
3802 3582 3968 3653 quid—

2369 3684 2510 3754 piam
2541 3683 2679 3736 intra
2722 3681 2959 3750 seipsum
2989 3680 3159 3734 dixit:
3208 3678 3347 3745 Quid
3387 3678 3517 3732 mihi
3547 3675 3801 3745 deinceps
3827 3689 3968 3744 opus

2367 3785 2450 3830 est
2472 3774 2680 3845 jejunio
2702 3774 2724 3827 ?
2744 3774 2916 3827 victor
2932 3771 3097 3835 evasi,
3123 3770 3441 3839 cupiditates
3465 3767 3735 3837 superavi,
3764 3778 3968 3832 corpus

2367 3881 2544 3919 meum
2575 3862 2914 3929 mortiﬁcavi,
2943 3861 3217 3916 daemones
3242 3858 3428 3923 terrui,
3454 3856 3728 3911 diabolum
3756 3854 3961 3923 depuli,

2367 3965 2608 4009 mortuos
2628 3954 2962 4019 resuscitavi,
2988 3953 3231 4021 leprosos
3261 3949 3532 4015 mandavi,
3561 3947 3844 4002 contrariis
3865 3961 3967 4017 po-

2368 4046 2647 4100 testatibus
2684 4044 2940 4099 terribilis
2978 4058 3096 4097 sum
3135 4059 3149 4096 :
3196 4041 3323 4112 quid
3345 4056 3446 4112 ego
3490 4040 3723 4110 amplius
3753 4037 3965 4108 jejunio

2368 4137 2582 4208 indigeo
2607 4146 2661 4192 et
2688 4134 2992 4207 huiusmodi
3014 4134 3269 4191 cautela?

2441 4228 2618 4284 Sancti
2644 4238 2831 4295 quanto
2852 4226 3128 4297 majoribus
3155 4225 3374 4295 afﬂuunt
3400 4223 3610 4289 meritis,
3638 4231 3778 4275 tanta
3799 4221 3966 4290 magis

2366 4320 2560 4373 timent.
2590 4348 2665 4359 —
2687 4317 2829 4372 Nihil
2860 4318 2963 4371 tale
2999 4316 3133 4371 dixit
3159 4324 3251 4369 aut
3283 4314 3569 4385 cogitavit:
3618 4313 3715 4369 sed
3760 4321 3967 4382 quanto

2366 4409 2535 4480 magis
2562 4408 2858 4463 innumeris
2877 4406 3128 4461 afﬁnehat
3156 4405 3364 4460 meritis
3382 4445 3397 4467 ,
3429 4413 3576 4459 tanto
3600 4403 3769 4474 magis
3797 4402 3972 4458 time-

2367 4500 2457 4554 bat
2486 4508 2542 4555 et
2570 4499 2830 4555 tremebat
2863 4515 2877 4551 :
2906 4505 2962 4553 et
2988 4498 3127 4551 hanc
3153 4511 3183 4550 a
3208 4503 3537 4565 prteceptore
3566 4492 3963 4565 philosophiam

2366 4590 2625 4646 discebat.
2656 4590 2870 4645 Etenim
2901 4588 2990 4643 ille
3018 4587 3076 4642 in
3119 4587 3331 4641 tertium
3363 4594 3548 4654 raptus
3578 4584 3789 4647 cmlum,
3823 4592 3877 4637 et
3907 4583 3964 4638 in

2371 4682 2674 4751 paradisum
2697 4680 2937 4744 delatus,
2970 4689 3025 4733 et
3052 4678 3249 4733 auditis
3280 4676 3637 4732 ineffabilibus
3666 4674 3877 4741 verbis,
3906 4686 3965 4731 et

2368 4772 2743 4842 mysteriorum
2759 4769 2928 4824 factus
2943 4770 3126 4824 talium
3140 4768 3425 4839 particeps,
3444 4783 3565 4822 cum
3581 4767 3763 4822 orbem
3787 4775 3964 4822 totum

2369 4862 2723 4931 percurrisset
2749 4870 3017 4931 tamquam
3046 4859 3144 4913 alis
3173 4859 3491 4930 quibusdam
3523 4857 3720 4925 fultus,
3752 4857 3818 4911 ad
3850 4858 3962 4912 Co-
4006 4854 4009 4859 ⁴

2368 4953 2596 5009 rinthios
2634 4954 2876 5010 scribens
2916 4954 3157 5009 dicebat:
3198 4951 3382 5007 Vereor
3408 4968 3471 5005 ne
3512 4956 3642 5022 forte
3687 4966 3801 5004 cum
3843 4951 3966 5005 aliis

2368 5049 2733 5118 pradicavero,
2761 5049 2872 5117 ipse
2898 5048 3141 5119 reprobus
3172 5048 3362 5118 eﬂiciar
3406 5047 3481 5117 (i.
3518 5045 3640 5102 Cor.
3668 5045 3722 5103 9.
3748 5046 3867 5115 27).
3901 5044 3964 5100 Si

2367 5153 2497 5193 vero
2528 5139 2721 5193 Paulus
2750 5149 2869 5208 post
2899 5139 3024 5192 talia
3052 5147 3106 5193 et
3134 5148 3211 5192 tot
3254 5137 3430 5195 ofﬁcia
3458 5137 3631 5203 timet,
3663 5136 3753 5206 qui
3778 5135 3967 5191 dicere

2370 5231 2574 5300 potuit:
2628 5230 2761 5283 Mihi
2801 5231 3021 5283 mundus
3064 5230 3339 5299 cruciﬁxus
3388 5238 3493 5294 est,
3544 5238 3590 5282 et
3637 5244 3730 5300 ego
3768 5227 3967 5282 mundo

2368 5320 2513 5393 (Gal.
2556 5320 2610 5378 6.
2648 5322 2773 5391 it);
2827 5322 2995 5375 multo
3031 5323 3199 5391 magis
3237 5335 3337 5376 nos
3374 5321 3565 5376 timere
3608 5328 3853 5390 oportet,
3905 5330 3966 5373 et

2371 5420 2519 5466 tanto
2546 5415 2715 5482 magis
2753 5422 2953 5483 quanto
2994 5413 3197 5483 majora
3239 5413 3495 5469 fuerimus
3538 5413 3766 5483 Operati.
3810 5411 3967 5467 Tunc

2368 5506 2510 5559 enim
2546 5506 2795 5561 diabolus
2821 5508 3014 5562 sazvior
3042 5507 3304 5573 efﬁcitur,
3338 5518 3463 5563 tunc
3490 5509 3656 5579 magis
3681 5507 3959 5573 efferatur,

2367 5612 2488 5653 cum
2508 5599 2701 5654 viderit
2722 5614 2821 5653 nos
2841 5600 3113 5671 diligentia
3137 5604 3299 5657 vitam
3319 5611 3553 5657 nostram
3571 5598 3920 5669 disponentes
3940 5617 3959 5665 ;

2367 5707 2487 5748 cum
2514 5691 2706 5747 viderit
2724 5694 2935 5749 virtutis
2957 5710 3120 5751 onera
3147 5695 3461 5765 composita,
3486 5706 3539 5751 et
3564 5708 3785 5765 magnos
3806 5709 3961 5755 acer-

2371 5798 2488 5853 vos,
2534 5794 2657 5841 tunc
2699 5786 2921 5859 gravius,
2957 5787 3156 5844 inferre
3201 5787 3530 5859 naufragium
3576 5787 3767 5843 studet.
3821 5785 3958 5847 Vilis

3844 6006 3872 6049 ί
