4196 6316
265 388 322 440 ις)
1295 382 1383 435 AD
1423 383 1759 443 POPULUM
1794 388 2291 457 ANTIOCIIENUM
2354 390 2586 447 llOMlL.
2632 393 2665 448 ί.
3657 412 3726 466 9.0

258 495 469 542 πάντων
523 491 714 544 ἱκανὸν
761 492 1059 565 θορυϐῆσαι
1092 495 1182 547 τὸν
1218 498 1291 567 μὴ
1330 500 1682 571 προσέχοντα.
1720 504 1785 555 Εἰ
1833 505 1942 577 γάρ

256 578 343 629 καί
366 580 440 648 μὴ
466 580 539 632 δι’
572 581 789 645 ἑαυτὸν,
827 583 912 636 διὰ
948 584 1077 651 γοῦν
1108 589 1232 649 τοὺς
1258 587 1449 652 ἄλλους
1472 590 1736 658 ὑγιαίνειν
1780 594 1943 648 αὐτὸν

255 666 413 737 ἐχρῆν
467 669 791 739 Στρατηγὸς
812 667 878 743 ἦν
900 673 1122 743 ἄριστος
1141 691 1154 704 ·
1189 675 1423 745 πόλεμος
1454 678 1601 748 αὐτῷ
1642 682 1942 749 συγκεκρό-

254 771 411 825 τητο.
444 758 642 822 φησὶν,
686 760 811 829 οὐχὶ
841 761 977 831 πρὸς
1006 762 1131 823 τοὺς
1164 764 1426 827 ἀπίστους
1467 765 1645 835 μόνον,
1675 767 1808 820 ἀλλὰ
1848 770 1940 821 καὶ

254 840 381 910 πρὸς
403 844 536 905 τοὺς
560 844 830 915 δαίμονας
853 886 866 911 ,
908 847 1001 900 καὶ
1030 849 1165 917 πρὸς
1194 850 1357 903 αὐτὸν
1386 852 1477 904 τὸν
1503 852 1747 905 διάϐολον
1766 871 1779 884 ·
1804 858 1939 925 μετά

253 929 446 999 πολλῆς
463 932 569 999 τῆς
584 935 949 1007 σφοδρότητος
965 938 1013 988 οί
1032 936 1281 1007 πολέμιοι
1299 940 1500 1003 πάντες
1515 942 1815 1004 ἐπέκειντο,
1833 944 1939 996 δια-

253 1016 493 1082 σπῶντες
520 1018 687 1091 [κητδ
717 1023 1100 1089 στρατόπεδον,
1130 1024 1224 1075 καὶ
1246 1026 1759 1095 αἰχμαλωτίζοντες·
1788 1024 1942 1090 οὗτος

249 1104 291 1156 δ’
320 1105 556 1173 ἠδύνατο
592 1109 940 1177 μυρίουςέπί
968 1108 1065 1179 τὴν
1106 1110 1363 1179 ἀλήθειαν
1412 1114 1808 1180 ἐπαναγαγεῖν,
1847 1116 1941 1167 καὶ

248 1194 479 1263 ἠσθένει.
516 1198 582 1248 Εἰ
619 1198 731 1266 γάρ
780 1197 874 1251 καί
904 1198 1163 1268 μηδεμία,
1192 1201 1376 1270 φησιν,
1409 1202 1569 1271 ἑτέρα
1620 1201 1790 1272 βλάϐη
1829 1207 1941 1267 τοῖς

249 1286 573 1354 πράγμασιν
630 1286 742 1339 ἀπὸ
784 1286 886 1356 τῆς
919 1288 1234 1356 ἀρρωστίας
1277 1289 1486 1356 ἐγίνετο
1512 1302 1559 1351 θ,
1591 1290 1747 1341 τοῦτο
1781 1289 1938 1358 μόνον

251 1371 427 1424 ἰκανὸν
450 1369 520 1444 ἦν
554 1375 688 1437 τούς
716 1376 939 1436 πιστοὺς
964 1376 1359 1445 ὀκνηροτέρους
1404 1377 1499 1428 καὶ
1534 1376 1940 1448 ῥᾳθυμοτέρως

249 1458 490 1528 ποιῆσαι.
530 1462 600 1515 Εἰ
628 1461 740 1532 γὰρ
771 1462 1099 1533 στρατιῶται
1138 1462 1229 1513 τὸν
1264 1458 1567 1535 στρατηγὸν
1599 1464 1690 1518 τὸν
1732 1466 1936 1517 ἑαυτῶν

246 1547 477 1617 ὁρῶντες
511 1551 581 1619 τῇ
623 1550 781 1622 κλίνῃ
816 1549 1261 1619 προσδεδεμένοι),
1312 1551 1663 1622 ὀκνηρότεροι
1698 1552 1936 1619 γίνονται

248 1634 502 1705 καὶπρὸς
534 1636 641 1705 τὴν
673 1637 853 1707 μάχην
886 1634 1249 1707 ῥᾳθυμότερον.
1270 1655 1281 1666 ·
1317 1637 1496 1707 πολλῷ
1545 1638 1744 1705 μᾶλλον
1791 1637 1938 1701 εἰκὸς

244 1715 307 1789 ἦν
330 1762 344 1783 ,
373 1721 472 1773 καὶ
504 1724 639 1786 τοὺς
674 1723 899 1785 πιστοὺς
929 1723 1051 1775 τότε
1086 1722 1178 1775 τὸν
1220 1724 1541 1777 διδάσκαλον
1572 1724 1813 1793 ὁρῶντας
1844 1725 1936 1776 τὸν

245 1805 478 1859 τοσαῦτα
504 1812 715 1879 σημεῖα
737 1809 1113 1878 ἐργασάμενον
1138 1809 1376 1878 συνεχῶς
1402 1811 1809 1881 ἀρρωστοῦντα,
1841 1812 1936 1863 καὶ

245 1893 302 1944 τδ
350 1894 513 1963 σῶμα
554 1895 874 1963 κάμνοντα,
911 1893 1253 1964 ἀνθρώπινόν
1293 1912 1346 1947 τι
1377 1896 1589 1953 παθεῖν.
1636 1899 1711 1951 Οὐ
1762 1896 1935 1951 ταῦτα
1972 1925 1975 1927 ·

243 1977 297 2031 δὲ
324 1980 505 2049 μόνον,
539 1980 683 2033 ἀλλά
707 1982 799 2033 καὶ
822 1979 1006 2050 ἕτερόν
1038 1998 1091 2033 τι
1119 1982 1167 2033 οί
1190 1981 1576 2052 διαποροῦντες
1598 1984 1624 2023 ι)
1666 1984 1889 2053 ζητοῦσι
1917 2001 1931 2015 ⁶

244 2066 380 2129 τίνος
411 2068 523 2138 γὰρ
549 2066 742 2120 ἕνεκεν
773 2068 933 2121 πάλιν
964 2066 1087 2120 οὔτε
1114 2068 1275 2132 αὐτὸς
1324 2071 1547 2132 ἐαυτὸν,
1579 2070 1702 2124 οὔτε
1734 2076 1761 2124 ὁ
1792 2072 1936 2126 διδά-

246 2152 440 2219 σκαλος
466 2153 644 2207 αὐτοῦ
674 2154 816 2208 οὕτω
859 2154 1202 2225 διακείμενον
1242 2156 1637 2227 ἐθεράπευσεν;
1675 2158 1810 2212 ἀλλὰ
1849 2155 1935 2212 νε-

244 2242 402 2308 κροὺς
443 2242 545 2310 μὲν
582 2241 828 2311 ἤγειρον,
850 2242 945 2293 καὶ
979 2241 1241 2310 δαίμονας
1269 2243 1612 2311 ἀπήλαυνον,
1648 2246 1741 2298 καί
1771 2246 1935 2299 θανά·-

243 2344 332 2381 του
359 2328 498 2397 μετά
530 2329 859 2398 περιουσίας
881 2329 1168 2399 ἐκράτουν,
1204 2330 1365 2399 σῶμα
1386 2330 1443 2383 δέ
1468 2331 1526 2384 ἐν
1550 2332 1851 2402 ἠσθενηκδς
1870 2334 1933 2387 οὐ

242 2414 580 2485 διώρθωσαν,
612 2415 728 2468 ἀλλ’
762 2418 820 2468 ἐν
854 2415 1158 2486 ἀλλοτρίοις
1193 2416 1407 2487 σώμασι
1446 2420 1539 2472 καὶ
1580 2418 1782 2485 ζῶντες
1839 2422 1932 2474 καὶ

243 2503 692 2573 τετελευτηκότες
720 2503 987 2575 τοσαύτην
1032 2505 1456 2576 ἐπιδεδειγμένοι
1499 2506 1726 2579 δύναμιν
1750 2546 1766 2572 ,
1813 2510 1932 2562 στό-

224 2608 406 2659 μαχον
426 2592 819 2645 καταπεσόντα
842 2593 941 2645 οὐκ
971 2591 1276 2662 ἀνέστησαν
1292 2609 1305 2621 ·
1333 2593 1427 2646 καὶ
1452 2592 1512 2645 τὸ
1534 2593 1595 2665 δὴ
1621 2594 1822 2664 μεῖζον,
1850 2595 1931 2649 ὅτι

242 2678 335 2729 οὐκ
366 2677 692 2748 αἰσχύνεται
725 2677 938 2741 Παῦλος
990 2678 1111 2732 οὐδὲ
1144 2678 1373 2749 ἐρυθριᾷ
1409 2679 1547 2750 μετά
1578 2680 1815 2734 τοσαῦτα
1840 2684 1934 2736 καὶ

243 2764 542 2833 τηλικαῦτα
571 2768 798 2835 σημεῖα,
819 2766 855 2819 ἀ
879 2767 974 2818 καὶ
996 2765 1087 2818 διὰ
1114 2764 1271 2834 ψιλοῦ
1302 2767 1546 2836 ῥήματος
1564 2768 1928 2833 ἐπεδείκνυτο,

244 2854 487 2924 Τιμοθέῳ
522 2855 757 2926 γράφων
786 2852 879 2908 ἐπὶ
905 2852 1004 2925 τὴν
1037 2854 1147 2907 ἀπὸ
1182 2855 1282 2925 τῆς
1320 2854 1630 2919 οἰνοποσίας
1681 2873 1931 2925 καταφυ-

245 2944 352 3009 γεῖν
376 2940 703 3012 θεραπείαν.
733 2943 844 3012 Οὐχ
872 2942 955 2995 ὅτι
989 2941 1049 2994 τὸ
1074 2941 1251 2993 πίνειν
1277 2936 1418 2994 οἶνον
1447 2942 1671 3013 αἰσχρὸν
1691 2983 1705 3007 ,
1737 2944 1811 3014 μὴ
1841 2944 1931 3013 γέ-

244 3045 380 3081 νοιτο
402 3044 414 3055 ·
474 3029 775 3101 αίρετικῶν
812 3029 923 3098 γὰρ
953 3028 1126 3081 ταῦτα
1157 3029 1593 3099 παραγγέλματα
1618 3038 1641 3066 °
1662 3045 1675 3058 '
1711 3030 1826 3084 ἀλλ’
1850 3032 1931 3085 ὅτι

244 3117 336 3171 οὐκ
372 3117 633 3188 ἐνόμιζεν
675 3116 938 3189 αἰσχύνην
981 3111 1123 3170 εἶναι
1160 3117 1221 3171 τὸ
1254 3117 1327 3189 μὴ
1357 3118 1616 3173 δύνασθαι
1643 3121 1809 3193 χωρὶς
1832 3121 1932 3192 τῆς

246 3204 443 3258 ἐκείνου
470 3204 733 3275 βοηθείας
752 3204 1146 3274 διορθώσασθαι
1168 3205 1456 3275 νενοσηκὸς
1483 3205 1541 3258 ἓν
1570 3207 1752 3276 μέλος.
1789 3207 1930 3260 Ἀλλ’

244 3290 384 3360 ὅμως
411 3291 675 3346 τοσοῦτον
716 3292 963 3361 ἀπέσχεν
989 3290 1350 3362 αἰσχυνθῆναι
1383 3293 1477 3343 ἐπὶ
1508 3292 1704 3362 τούτῳ,
1724 3293 1807 3344 ὅτι
1838 3294 1932 3346 καὶ

243 3380 351 3440 τοῖς
378 3379 520 3447 μετὰ
550 3378 731 3433 ταῦτα
760 3379 894 3431 πᾶσι
940 3378 1098 3449 δῆλον
1125 3377 1259 3430 αὐτὸ
1288 3378 1562 3449 ἐποίησεν.
1599 3377 1764 3431 Ἴδετε
1796 3379 1931 3450 πρὸς

246 3466 399 3519 πόσον
432 3467 605 3537 βάθος
653 3466 1043 3538 κατηγάγομεν
1076 3466 1167 3519 τὸν
1204 3465 1394 3533 λόγον;
1436 3467 1553 3529 πῶς
1577 3466 1603 3505 ά
1654 3469 1714 3520 τὸ
1742 3467 1933 3521 δοκοῦν

249 3554 432 3625 μικρὸν
458 3552 625 3614 εἶναι,
653 3554 861 3629 μυρίων
880 3554 1043 3624 γέμει
1067 3552 1421 3624 ζητημάτων;
1440 3554 1580 3623 Φέρε
1601 3550 1693 3607 οὖν
1717 3556 1808 3608 καί
1834 3554 1933 3627 τὴν

246 3642 386 3697 λύσιν
410 3644 809 3714 ἐπαγάγωμεν.
843 3643 944 3696 Διά
965 3642 1075 3715 γάρ
1106 3642 1266 3696 τοῦτο
1289 3642 1426 3713 προς
1458 3642 1594 3697 πολὺ
1620 3642 1781 3713 βάθος
1811 3660 1935 3697 κατ-

247 3730 439 3802 έϐημεν
459 3774 475 3795 ,
519 3733 611 3786 ἵνα
640 3732 1013 3803 διεγείραντες
1042 3731 1197 3802 ὑμῶν
1224 3732 1325 3803 τὴν
1356 3731 1615 3797 διάνοιαν,
1649 3733 1705 3783 ἐν
1764 3733 1935 3801 ἀσφα-

246 3821 321 3874 λεῖ
344 3821 393 3860 ά·
427 3822 498 3876 τά
522 3824 779 3893 νοήματα
802 3820 1158 3892 ἀποθώμεθα.

309 3914 376 3977 γ’.
396 3908 871 3981 Συγχωρήσατεδέ
892 3925 1001 3979 μοι,
1025 3906 1313 3979 πρίνῆτὴν
1338 3906 1493 3961 λύσιν
1516 3910 1629 3972 τοῖς
1657 3906 1933 3980 ζητήμασι

246 3994 447 4059 τούτοις
480 3998 812 4065 ἐπαγαγεῖν,
845 3996 1023 4048 εἰπεῖν
1060 4012 1113 4048 τι
1140 3994 1271 4067 περί
1292 3995 1393 4065 τῆς
1415 3996 1617 4066 ἀρετῆς
1649 3994 1744 4048 τοῦ
1766 3996 1935 4067 Τιμο-

249 4082 383 4144 Θέου,
415 4085 517 4138 καὶ
553 4085 656 4155 τῆς
699 4082 796 4138 τοῦ
833 4083 1048 4139 Παύλου
1096 4082 1443 4155 κηδεμονίας.
1475 4084 1539 4136 Τί
1582 4083 1691 4156 γὰρ
1727 4084 1933 4137 ἐκείνου

250 4170 727 4244 φιλοστοργότερον
755 4182 780 4212 θ
803 4171 1052 4242 γέγονεν,
1077 4170 1136 4235 ὃς
1184 4172 1249 4224 ἐκ
1279 4170 1534 4224 τοσούτου
1564 4171 1935 4243 διαστήματος

249 4255 317 4309 ὢν
351 4260 444 4313 καὶ
495 4259 777 4323 τοσούτοις
824 4258 1195 4330 κυκλούμενος
1243 4258 1597 4329 πράγμασιν,
1646 4259 1787 4330 ὑπὲρ
1835 4258 1935 4322 τῆς

249 4344 423 4413 ὐγείας
475 4346 575 4400 τοῦ
632 4347 907 4419 στομάχου
961 4346 1055 4400 τοῦ
1098 4344 1341 4417 μαθητοῦ
1381 4344 1652 4417 τοσαύτην
1700 4346 1935 4398 ἐποιεῖτο

250 4433 520 4501 πρόνοιαν,
548 4434 644 4489 καί⁵
693 4434 833 4506 μετά
858 4433 1145 4506 ἀκριϐείας
1182 4431 1509 4485 ἐπέστελλεν
1550 4432 1690 4504 ὑπὲρ
1718 4432 1817 4501 τῆς
1839 4430 1933 4484 τοῦ

249 4522 550 4593 νοσήματος
610 4522 987 4595 διορθώσεως;
1024 4522 1114 4575 ⁷Τί
1151 4522 1207 4575 δέ
1262 4521 1359 4592 τῆς
1407 4520 1612 4591 ἀρετῆς
1676 4520 1792 4573 ἴσον
1835 4518 1936 4589 τῆς

250 4606 549 4679 Τιμοθέου;
614 4612 803 4677 Οὕτως
841 4609 1181 4684 ὑπερεώρατ
1244 4610 1481 4682 τρυφῆς,
1532 4610 1627 4663 καὶ
1658 4607 1934 4679 κατεγέλα

251 4696 571 4769 πολυτελοῦς
594 4699 898 4771 τραπέζης,
934 4699 1009 4764 ὡς
1032 4699 1126 4751 καί
1153 4699 1235 4761 είς
1265 4695 1552 4750 ἀσθένειαν
1577 4698 1837 4767 ἐμπεσεῖν
1871 4696 1937 4748 ἐκ

250 4787 340 4857 τῆς
385 4788 531 4858 ἀγαν
577 4787 1002 4862 σκληραγωγίας
1054 4787 1149 4841 καὶ
1202 4785 1602 4856 ἐπιτεταμένης
1662 4782 1933 4854 νηστείας.

254 4874 365 4929 Ὀτι
408 4878 521 4950 γὰρ
549 4879 611 4931 οὐ
663 4878 825 4948 φύσει
862 4876 1104 4940 τοιοῦτος
1133 4872 1224 4949 ἦν.
1269 4875 1384 4929 ἀλλ’
1415 4873 1519 4928 ὐπὸ
1548 4873 1804 4945 νηστείας
1842 4873 1939 4927 καὶ

256 4962 578 5033 ὐδροποσίας
618 4967 715 5020 τοῦ
758 4960 1035 5037 στομάχου
1092 4964 1359 5020 κατέϐαλε
1404 4963 1503 5035 τὴν
1544 4963 1727 5033 ἰσχὺν,
1770 4960 1937 5014 αὐτοῦ

253 5050 337 5104 τοῦ
362 5053 578 5108 Παύλου
606 5054 723 5125 μετ’
743 5054 1031 5125 ἀκριϐείας
1059 5052 1218 5107 τοῦτο
1244 5051 1529 5124 δηλοῦντος
1550 5048 1839 5104 ἀκούσατε.
1862 5049 1937 5102 Οὐ

253 5140 353 5210 γὰρ
384 5140 578 5204 ἁπλῶς
611 5137 789 5203 εἶπεν,
836 5141 977 5213 Οίνῳ
1002 5141 1169 5213 ὀλίγῳ
1205 5140 1324 5213 χρῶ
1345 5159 1357 5171 ·
1392 5139 1530 5193 άλλά
1563 5136 1829 5209 πρότερον
1859 5138 1938 5190 εἰ·

255 5224 382 5291 πίυν,
404 5228 634 5296 Μηκέτι
667 5228 1002 5297 ὑδροπότει,
1026 5229 1149 5283 τότε
1182 5228 1282 5300 τὴν
1312 5229 1410 5300 τῆς
1426 5225 1738 5289 οἰνοποσίας
1767 5241 1939 5296 προσο

314 5328 334 5407 :
356 5332 617 5407 Savjl.
643 5340 697 5407 ﬁt
718 5346 894 5407 gmnps
928 5332 1330 5407 fere‘mss;Eclili
1354 5334 1557 5407 ἐγένετο.
1587 5393 1609 5407 “
1785 5389 1810 5401 η

310 5392 339 5433 δ
355 5397 453 5461 gilii
474 5404 528 5445 el
550 5396 705 5461 Sa_vil._
716 5397 875 5461 ἔτερόν
894 5414 940 5446 τι
966 5396 1083 5459 πρὸς
1107 5395 1207 5452 τοῖς
1235 5392 1495 5461 εἰρημένοις
1516 5398 1560 5442 oi
1583 5392 1934 5461 διαποροῦντες.

311 5412 339 5433 -
355 5412 453 5444 am
474 5412 528 5445 ει
550 5412 701 5447 bam.
716 5412 875 5461 ετερον
894 5414 940 5446 τι
966 5412 1083 5459 προς
1107 5413 1207 5452 τοις
1235 5412 1274 5444 ει
1341 5412 1495 5456 μενοις
1516 5412 1560 5442 οι
1583 5412 1934 5454 οιαπορουντες.

258 5450 402 5505 Paulo
439 5464 554 5519 post
591 5457 745 5507 Savil.
790 5465 843 5507 el
885 5462 1074 5518 aliquot
1114 5471 1228 5506 mss.
1271 5412 1558 5519 ἕῖὶδάσκαλος
1602 5453 1745 5502 αὐτὸν
1789 5455 1935 5515 οὕτω,

256 5527 347 5587 1οῃ
366 5517 514 5587 Inalf.
542 5519 716 5587 llorgl.
743 5526 797 5568 et
820 5521 903 5570 a‘ii
925 5517 1211 5587 διδάσκαλος
1236 5517 1555 5587 αὐτ-οῦιοῦτω.
1595 5579 1604 5587 _

316 5581 340 5611 ⁸
356 5580 514 5644 ίὸαιὶἱ.
545 5589 599 5630 ει
622 5583 810 5644 aliquot
836 5595 952 5629 mss.
978 5579 1129 5644 ταῦτα
1151 5581 1211 5627 τὰ
1231 5597 1289 5644 π.
1311 5580 1411 5629 Sed
1422 5579 1681 5644 iarlicqluq
1693 5579 1939 5644 omittitur

256 5636 303 5691 in
324 5643 450 5707 giliis.
473 5653 525 5692 Pl
546 5636 751 5705 quider'n
776 5643 1059 5707 elegantius
1082 5640 1201 5706 (imo
1221 5639 1379 5692 minus
1401 5642 1611 5701 erce),
1634 5638 1685 5689 ni
1711 5640 1871 5691 fallor.

312 5702 340 5741 ἀ
363 5704 459 5753 Alii
485 5702 577 5754 καῖ’
590 5708 713 5762 πῶς.

315 5766 362 5831 ς·
382 5769 532 5831 εανὶΙ.
558 5768 700 5817 addit
720 5766 922 5831 ταμείῳ.

320 5829 552 5896 ξᾼῆῆλτίς
573 5832 733 5896 γόιρ...Δ
754 5829 1188 5896 φιλοστοργότερος.
1241 5890 1260 5896 _
1395 5891 1408 5896 _
1433 5889 1445 5896 Α
1576 5887 1597 5896 ο
1637 5887 1656 5896 _

322 5888 340 5927 ί
366 5891 511 5940 Βετὶἰ.
550 5887 609 5942 εὶ
643 5887 735 5943 ἀιιί
764 5887 967 5953 ὶιυίιίιιιιὶ
992 5887 1106 5953 iussi
1132 5892 1181 5947 ὃς
1206 5890 1358 5945 οὕτως
1390 5889 1531 5952 ἑώρα.
1576 5887 1701 5953 Infra
1728 5887 1938 5953 aliiﬁn’

261 5950 457 6020 ᾂτό-τῆς
476 5954 714 6020 νηστείας.
738 5950 1225 6020 ΡιὶιιίοροεεΜοιεί.
1254 5960 1308 6001 cl
1328 5950 1517 6020 aliqqm
1545 5964 1656 6000 mss.
1687 5950 1940 6011 δηλοῦντος

263 6013 500 6078 hirriant,
523 6018 677 6069 Savll.
708 6024 761 6069 el
790 6014 875 6069 alli
901 6013 1157 6075 δηλοῦντος
1183 6016 1307 6064 ἐστιν
1349 6013 1571 6062 ἀκοῦσαι.

2052 506 2215 575 έθηκε
2279 508 2611 577 συμϐουλήν.
2663 509 2735 561 Τὸ
2784 508 2875 569 δὲ,
2896 510 3131 579 μηκέτι,
3193 511 3477 581 δηλοῦντος
3517 509 3606 586 ἦν,
3645 517 3728 570 ὅτι

2054 592 2213 662 μέχρι
2245 594 2364 645 τότε
2412 594 2715 664 ὑδροπότει,
2751 596 2842 647 καὶ
2876 597 2961 648 διὰ
3002 598 3157 650 τοῦτο
3200 599 3422 666 γέγονεν
3472 601 3723 669 ἀσθενής.

2050 678 2145 740 Τίς
2170 674 2261 731 οὖν
2290 680 2389 731 οὐκ
2415 679 2481 733 ἂν
2508 680 2808 750 ἐκπλαγείη
2836 682 2931 751 τὴν
2962 684 3276 751 φιλοσοφίαν
3304 687 3467 740 αὐτοῦ
3499 688 3594 739 καλ.
3626 688 3726 756 τὴν

2047 766 2361 837 ἀκρίϐειανς
2387 768 2575 820 Αὐτῶν
2597 769 2892 822 ἐπελάϐετο
2915 779 2939 817 8
2964 771 3072 824 τῶν
3092 773 3354 843 οὐρανῶν,
3377 777 3469 827 καὶ
3494 775 3629 846 πρὸς
3664 776 3727 828 τὸ

2043 854 2141 921 τῆς
2188 854 2392 924 ἀρετῆς
2434 856 2603 925 ἄκρον
2635 856 2837 925 ἤλασε·
2878 860 2974 910 καὶ
3019 859 3191 913 ταῦτα
3230 861 3257 911 ὁ
3288 861 3605 925 διδάσκαλος

2042 938 2191 1007 αὐτῷ
2228 944 2494 1011 μαρτυρεῖ
2519 942 2660 994 οὕτω
2695 944 2887 1010 λέγων·
2934 946 3208 1013 Ἕπεμψα
3254 949 3396 1014 ὑμῖν
3423 952 3722 1016 Τιμόθεον,

2043 1022 2109 1087 ὅς
2148 1026 2279 1078 ἐστι
2305 1027 2522 1081 τέκνον
2535 1047 2655 1097 μου
2695 1031 3008 1098 ἀγαπητὸν
3026 1034 3123 1085 καί
3158 1032 3377 1085 πιστὸν
3401 1033 3471 1087 ἐν
3508 1039 3735 1103 Κυρίῳ.⁶

2044 1110 2211 1163 Ὅταν
2246 1112 2302 1164 δέ
2338 1114 2547 1177 Παῦλος
2594 1116 2755 1167 αὐτὸν
2783 1118 2939 1169 καλεῖ
2967 1118 3157 1169 τέκνον
3192 1118 3287 1171 καὶ
3312 1120 3504 1172 τέκνον
3534 1123 3723 1173 πιστὸν

2042 1200 2135 1250 καὶ
2178 1200 2480 1270 ἀγαπητὸν,
2516 1202 2675 1271 ἀρκεῖ
2721 1203 2788 1254 τὰ
2829 1206 3049 1274 ῥήματα
3091 1203 3263 1257 ταῦτα
3304 1205 3519 1258 ἃπασαν
3556 1206 3722 1259 αὐτοῦ

2039 1283 2208 1350 δεῖξαι
2241 1287 2337 1358 τὴν
2372 1288 2591 1359 ἀρετήν.
2632 1291 2695 1340 Αἱ
2730 1291 2839 1360 γὰρ
2872 1292 2979 1343 τῶν
3020 1291 3187 1358 ἁγίων
3222 1292 3431 1362 κρίσεις
3477 1291 3537 1342 οὐ
3589 1292 3723 1361 πρὸς

2041 1371 2220 1440 χάριν,
2250 1374 2371 1424 οὐδέ
2397 1375 2528 1443 πρὸς
2559 1376 2852 1444 ἀπέχθειαν
2894 1378 3155 1445 γίνονται,
3185 1378 3321 1431 ἀλλά
3371 1377 3552 1447 πάσης
3587 1378 3724 1430 εἰσὶν

2039 1458 2455 1527 ἀπηλλαγμέναι
2510 1462 2850 1531 προλήψεως.
2903 1463 3016 1515 Οὐκ
3058 1459 3125 1531 ἦν
3158 1463 3299 1515 οὓτω
3345 1464 3372 1501 ιι
3413 1461 3652 1532 ζηλωτὸς
3694 1461 3723 1511 ό

2040 1544 2323 1612 Τιμόθεος,
2375 1549 2423 1598 εἰ
2459 1549 2672 1600 Παύλου
2706 1548 2896 1599 τέκνον
2929 1545 2996 1618 ἦν
3030 1549 3210 1616 φύσει,
3241 1550 3315 1612 ὥς
3356 1550 3470 1601 ἐστι
3505 1549 3721 1619 θαυμα-

2041 1634 2163 1694 στὸς
2194 1631 2307 1696 νῦν,
2332 1634 2414 1686 ὅτι
2441 1634 2578 1687 κατά
2601 1635 2779 1705 σάρκα
2804 1635 2969 1704 μηδὲν
2995 1634 3143 1705 αὐτῷ
3168 1637 3481 1705 προσήκων,
3511 1634 3599 1686 διὰ
3624 1635 3722 1703 τῆς

2038 1718 2178 1770 κατὰ
2208 1719 2309 1787 τὴν
2345 1720 2632 1772 εὐλάϐειαν
2664 1721 2986 1788 συγγενείας
3028 1722 3109 1785 είς
3151 1722 3250 1791 τὴν
3292 1721 3566 1772 υἱοθεσίαν
3609 1722 3723 1771 είσ⁴

2037 1807 2244 1875 ήγαγεν
2268 1806 2457 1859 ἐαυτὸν
2479 1808 2578 1877 τὴν
2596 1807 2823 1869 ἐκείνου,
2848 1807 2985 1876 μετά
3008 1806 3292 1877 ἀκριϐείας
3310 1807 3431 1867 τοὺς
3455 1805 3723 1875 χαρακτῆ-

2038 1910 2136 1963 ρας
2180 1894 2279 1963 τῆς
2318 1895 2524 1947 ἐκείνου
2570 1894 2886 1964 φιλοσοφίας
2914 1894 3193 1958 διασώζων
3232 1896 3289 1947 ἐν
3341 1893 3456 1947 am
3522 1935 3533 1946 .
3574 1891 3722 1945 Καθ-

2035 1982 2179 2051 άπερ
2218 1982 2325 2049 γάρ
2365 1983 2563 2053 μόσχος
2594 1982 2781 2053 ταύρῳ
2836 1982 3304 2053 συμϐεϐλημένος,
3338 1981 3481 2035 οὕτω
3521 1980 3595 2033 τὸν
3624 1978 3720 2043 ζυ-

2035 2069 2129 2135 γὸν
2150 2064 2298 2122 εἷλκε
2334 2071 2450 2139 μετ’
2478 2071 2643 2123 αὐτοῦ
2673 2069 2949 2139 πανταχοῦ
2983 2074 3079 2139 τῆς
3120 2069 3464 2139 οἰκουμένης,
3524 2068 3595 2119 ταὶ
3624 2067 3720 2119 οὐ-

2034 2155 2123 2208 δὲν
2153 2157 2449 2227 ἠλαττοῦτο
2483 2157 2573 2211 διὰ
2607 2155 2706 2225 τὴν
2752 2156 2988 2227 ἡλικίαν,
3034 2156 3147 2209 ἀλλ’
3181 2160 3215 2227 ὴ
3252 2155 3462 2227 προθυιν
3499 2174 3531 2207 α
3560 2154 3721 2224 ἁμιλ-

2034 2244 2231 2298 λᾶσθαι
2260 2248 2372 2309 τοῖς
2404 2246 2499 2299 τοῦ
2529 2246 2852 2299 διδασκάλου
2888 2244 3073 2308 πόνοις
3112 2245 3274 2297 αὐτὸν
3316 2242 3717 2313 παρεσκεύαζε.

2035 2331 2145 2382 Καὶ
2172 2331 2376 2383 τούτων
2399 2333 2562 2385 πάλιν
2592 2332 2802 2402 μάρτυς
2826 2332 2987 2394 αὐτὸς
3011 2333 3039 2383 ὁ
3074 2330 3305 2393 Παῦλος,
3335 2331 3477 2383 οὓτω
3503 2329 3678 2397 λέγων
3700 2344 3714 2360 ’

2033 2415 2256 2482 Μηδεὶς
2281 2412 2396 2472 οὖν
2418 2420 2606 2471 αὐτὸν
2638 2416 3047 2485 ἐξουθενήσῃ·
3071 2418 3139 2471 τὸ
3164 2417 3273 2486 γὰρ
3299 2415 3475 2485 ἔργον
3496 2416 3716 2482 Κυρίου

2032 2503 2349 2574 ἐργάζεται,
2396 2509 2476 2572 ὠς
2522 2505 2702 2575 κάγώ.
2750 2501 2904 2569 Εἶδες
2943 2504 3062 2569 πῶς
3113 2504 3531 2575 ἀπαράλλακτον
3570 2501 3718 2572 αὐτῷ

2037 2595 2306 2665 μαρτυρεῖ
2330 2594 2595 2664 σπουδήν;
2615 2589 2749 2647 Εἶτα
2776 2594 2861 2646 ἵνα
2884 2593 2959 2664 μὴ
2984 2592 3210 2662 νομισθῇ
3238 2592 3419 2662 χάριτι
3441 2590 3613 2643 ταῦτα
3630 2590 3718 2641 λέ-

2032 2696 2171 2747 γειν,
2200 2683 2398 2747 αὐτοὺς
2425 2684 2552 2745 τοὺς
2581 2681 2855 2753 ἀκροατὰς
2887 2683 3125 2735 ποιεῖται
3172 2681 3456 2751 μάρτυρας
3485 2679 3582 2750 τῆς
3621 2676 3717 2730 τοῦ

2033 2768 2222 2832 παιδὸς
2256 2770 2480 2840 ἀρετῆς,
2518 2769 2661 2824 οὕτω
2705 2770 2910 2837 λέγων·
2950 2768 3069 2836 Τὴν
3110 2767 3178 2820 δὲ
3221 2767 3477 2836 δοκιμὴν
3530 2765 3718 2820 αὑτοῦ

2032 2856 2373 2923 πννώσκετε,
2408 2858 2499 2912 ὅτι
2544 2860 2623 2924 ὡς
2663 2859 2888 2925 πατέρα
2917 2857 3133 2911 τέκνον
3172 2858 3216 2920 ί,
3248 2856 3403 2910 οὕτω
3442 2855 3564 2909 σὺν
3587 2853 3721 2925 ἐμοὶ

2030 2942 2403 2999 ἐδούλευσεν
2435 2946 2505 2999 ὲν
2533 2945 2613 3011 τῷ
2656 2945 3022 3015 Εὺαγγελίῳ·
3074 2943 3289 3012 πεῖραν
3331 2942 3501 3012 ὑμεῖς
3552 2943 3717 3009 εἰλή-

2031 3049 2182 3100 φατε
2226 3032 2335 3102 τῆς
2369 3034 2589 3103 ἀρετῆς
2632 3033 2855 3097 αὐτοῦ,
2902 3034 3001 3088 καὶ
3058 3032 3169 3101 τῆς
3200 3032 3448 3101 δοκίμου
3484 3033 3715 3100 ψυχῆς.

2044 3118 2182 3173 Ἀλλ’
2207 3120 2355 3191 ὅμως
2385 3122 2520 3193 πρὸς
2547 3121 2803 3175 τοσοῦτον
2828 3119 2961 3189 ὕψος
2990 3118 3433 3190 κατορθωμάτων
3457 3117 3716 3177 ἀνελθὼν,

2032 3205 2152 3258 οὐδὲ
2181 3204 2355 3270 οὕτως
2393 3208 2634 3279 ἐθάρρει,
2670 3208 2783 3261 ἀλλ’
2802 3204 3095 3275 ἐναγώνιος
3123 3202 3191 3276 ἦν
3213 3206 3307 3259 καὶ
3329 3205 3583 3276 περιδεής
3600 3223 3611 3235 ·
3637 3205 3719 3258 διὸ

2046 3294 2142 3347 καὶ
2189 3296 2307 3364 μετ’
2338 3292 2625 3368 ἀκριϐείας
2675 3297 2955 3369 ἐνήστευε,
2997 3295 3091 3348 καὶ
3124 3297 3223 3348 οὐκ
3246 3294 3431 3348 ἔπαθε
3467 3294 3626 3347 τοῦτο
3657 3293 3720 3346 τὸ

2032 3380 2142 3443 τῶν
2184 3382 2417 3449 πολλῶν,
2456 3384 2505 3438 οἶ
2555 3385 2685 3439 δέκα
2724 3386 2905 3457 μόνον,
2959 3384 2992 3454 ἦ
3034 3384 3129 3437 καὶ
3170 3383 3342 3436 εἴκοσι
3398 3383 3571 3453 μῆνας
3622 3398 3723 3452 νη·-

2036 3468 2189 3540 στείᾳ
2221 3474 2633 3541 παρεσχηκότες
2666 3474 2913 3535 ἑαυτοὺς,
2950 3470 3155 3533 εὐθέως
3182 3470 3397 3523 ᾶπαντα
3426 3467 3723 3522 καταλύου-

2036 3571 2139 3608 σιν.
2185 3555 2324 3608 Ἀλλ’
2359 3558 2565 3621 ἐκεῖνος
2594 3558 2746 3611 οὐδὲν
2794 3556 3035 3610 τοιοῦτον
3086 3554 3309 3617 ἔπαθεν,
3342 3554 3462 3607 οὐδέ
3497 3550 3622 3606 εἶπέ
3664 3570 3719 3606 τι

2035 3641 2272 3695 τοιοῦτον
2312 3644 2448 3714 πρὸς
2479 3644 2689 3697 ἐαυτὸν·
2717 3644 2781 3697 Τί
2812 3661 2901 3714 μοι
2924 3640 3177 3712 νηστείας
3198 3640 3357 3711 χρεία
3382 3639 3599 3701 λοιπόν;
3625 3656 3723 3691 πε-

2035 3729 2383 3799 ριεγενόμην,
2417 3730 2701 3802 ἐκράτησα
2736 3730 2843 3782 τῶν
2874 3726 3199 3797 ἐπιθυμιῶν,
3227 3725 3509 3796 ὲνέκρωσά
3536 3742 3636 3795 μου
3660 3724 3721 3778 τὸ

2037 3814 2215 3885 σῶμα,
2233 3816 2495 3887 δαίμονας
2515 3818 2779 3887 ἐφόϐησα,
2797 3816 2887 3869 τὸν
2903 3813 3149 3867 διάϐολον
3172 3814 3451 3885 ἀπήλασα,
3491 3812 3721 3882 νεκροὺς

2035 3900 2331 3973 ἀνέστησα,
2360 3903 2597 3975 λεπροὺς
2624 3903 2890 3975 ἐκάθηρα,
2916 3904 3038 3965 ταῖς
3067 3900 3473 3971 ἀντικειμέναις
3495 3899 3722 3968 δυνάμε-

2038 3988 2120 4041 σίν
2148 3991 2262 4060 εἰμι
2287 3990 2517 4060 φοϐερός
2539 4008 2551 4020 ·
2583 3991 2635 4043 τί
2660 4008 2751 4061 μοι
2776 3990 3031 4062 νηστείας
3051 3988 3132 4042 δεῖ
3154 3988 3360 4055 λειπὸν,
3389 3986 3482 4041 καὶ
3501 3985 3601 4055 τῆς
3634 3986 3722 4037 ἐν·

2034 4076 2227 4129 τεῦθεν
2259 4077 2559 4147 ἀσφαλείας
2579 4096 2593 4144 ;

2108 4164 2273 4219 υύδέν
2298 4166 2537 4219 τοιοῦτον
2559 4167 2659 4219 οὐκ
2689 4161 2861 4232 εἶπεν,
2888 4166 2989 4219 οὐκ
3009 4166 3309 4236 ἐνενόησεν,
3342 4160 3459 4214 ἀλλ’
3481 4160 3591 4229 ὅσῳ
3620 4177 3723 4229 μυ-

2038 4250 2169 4321 ρίων
2204 4252 2369 4324 ἔγεμε
2400 4254 2861 4325 κατορθωμάτων,
2896 4251 3137 4322 τοσούτῳ
3174 4250 3375 4321 μᾶλλον
3400 4247 3587 4301 ἐδεδίει
3625 4247 3722 4299 καὶ

2038 4340 2234 4411 ἐτρεμε
2260 4357 2274 4371 ·
2311 4342 2406 4394 καὶ
2446 4341 2650 4412 ταύτην
2692 4340 2844 4412 παρὰ
2886 4340 2979 4392 τοῦ
3022 4338 3345 4393 διδασκάλου
3378 4335 3475 4405 τὴν
3508 4334 3725 4404 φιλοσοο

2039 4428 2166 4497 φίαν
2188 4428 2481 4499 ἐμάνθανε.
2505 4428 2615 4481 Καὶ
2644 4427 2755 4500 γάρ
2784 4430 2991 4490 ἐκεῖνος
3017 4429 3097 4489 εἰς
3118 4425 3302 4496 τρίτον
3326 4424 3599 4492 άρπαγεὶς
3627 4421 3723 4473 οὐ-

2042 4515 2222 4587 ρανὸν,
2257 4517 2351 4569 καὶ
2384 4518 2464 4578 είς
2503 4516 2833 4586 παράδεισον
2861 4512 3203 4584 ἀπενεχθεὶς,
3234 4512 3330 4563 καὶ
3358 4509 3599 4571 ἀκούσας
3631 4508 3724 4578 ρή-

2043 4620 2188 4674 ματα
2222 4603 2458 4675 ἄρρητα,
2492 4605 2585 4656 καὶ
2618 4602 2934 4674 μυστηρίων
2967 4602 3301 4669 κοινωνήσας
3324 4596 3598 4661 τοιούτων,
3629 4594 3722 4647 καὶ

2037 4691 2138 4761 τὴν
2165 4691 2492 4761 οἰκουμένην
2516 4690 2735 4744 ἀπασαν
2767 4688 3084 4761 ἐπιδραμών
3112 4686 3366 4757 καθάπερ
3387 4702 3470 4748 τις
3492 4684 3726 4735 ὑπόπτε-

2044 4793 2155 4847 ρος,
2206 4778 2516 4849 Κορινθίοις
2555 4777 2886 4830 ἐπιστέλλων
2919 4775 3103 4844 ἐλεγεο
3137 4772 3436 4842 Φοϐοῦμαι
3477 4771 3561 4840 μή
3599 4785 3727 4835 πως

2039 4863 2255 4931 ἄλλοις
2279 4866 2548 4946 κηρύξας
2572 4865 2758 4931 αὐτὸς
2781 4863 3072 4932 ἀδόκιμος
3101 4862 3379 4932 γένωμαι.
3408 4858 3473 4912 Εἰ
3500 4858 3557 4911 δέ
3586 4856 3728 4911 Παῦ-

2040 4950 2130 5016 λος
2151 4952 2396 5021 φοϐεῖται
2429 4951 2443 5002 i
2480 4953 2617 5022 μετά
2644 4951 2869 5006 τοιαῦτα
2900 4952 2993 5005 καὶ
3028 4947 3265 5003 τοσαῦτα
3299 4946 3723 5017 κατορθώματα,

2039 5041 2068 5093 ὁ
2088 5039 2337 5112 δυνηθεὶς
2358 5042 2554 5106 εἰπεῖν,
2575 5041 2656 5093 ὅτι
2702 5038 2859 5108 Ἐμοὶ
2893 5039 3120 5107 κόσμος
3149 5035 3534 5103 ἐσταύρωται,
3562 5031 3729 5101 κάγὼ

2039 5127 2121 5193 τῷ
2158 5130 2384 5199 κόσμῳ,
2413 5128 2592 5199 πολλῷ
2630 5128 2827 5199 μᾶλλον
2858 5128 3005 5199 ἡμᾶς
3042 5123 3338 5178 δεδοικέναι
3364 5122 3491 5192 χρὴ,
3526 5120 3621 5174 καὶ
3645 5137 3726 5173 το-

2042 5215 2219 5286 σούτῳ
2253 5216 2473 5288 μᾶλλον,
2492 5217 2711 5287 ὅσῳπερ
2729 5216 2794 5268 ἂν
2818 5208 2969 5285 ὦμεν
3001 5211 3172 5265 πολλὰ
3190 5208 3564 5279 συνειληχότες
3595 5225 3727 5261 κατ-

2040 5303 2357 5376 ορθώματα.
2397 5303 2502 5357 Καὶ
2529 5305 2639 5375 γάρ
2660 5306 2687 5356 ὁ
2721 5301 2966 5365 διάϐολος
2984 5298 3322 5372 ἀγριώτερος
3343 5297 3468 5359 τότε
3490 5295 3723 5363 γίνεται,

2039 5391 2160 5444 τότε
2191 5391 2541 5463 ἐκθηριοῦται
2582 5391 2764 5455 πλέον,
2807 5391 2933 5443 ὅταν
2967 5388 3051 5458 ἴδῃ
3085 5388 3201 5457 μετ’
3239 5382 3553 5453 ἐπιμελείας
3577 5385 3729 5453 ἡμᾶς

2039 5477 2131 5529 τὸν
2160 5477 2370 5531 ἑαυτῶν
2401 5478 2819 5548 οἱκονομοῦντας
2849 5476 2961 5545 βίον
2980 5491 2992 5503 ·
3026 5476 3153 5527 ὅταν
3192 5471 3277 5545 ίδῃ
3309 5469 3377 5523 τὰ
3402 5469 3599 5540 φορτία
3628 5470 3727 5539 τῆς

2039 5566 2241 5635 ἀρετῆς
2270 5566 2628 5637 συγκείμενα,
2646 5564 2740 5617 καὶ
2761 5563 2926 5616 πολὺν
2951 5562 3080 5614 ὄντα
3103 5559 3193 5611 τὸν
3213 5559 3396 5626 δγκον,
3415 5556 3536 5609 τότε
3564 5573 3728 5609 σπου·-

2040 5652 2192 5716 δάζει
2215 5652 2596 5725 χαλεπώτερον
2624 5650 2962 5723 ἐργάσασθαι
2988 5649 3048 5701 τὸ
3069 5647 3346 5715 ναυάγιον.
3381 5646 3441 5698 '0
3485 5645 3581 5715 μὲν
3611 5644 3721 5717 γὰρ

2108 5828 2133 5887 β
2160 5826 2311 5875 53V".
2342 5831 2396 5875 et
2418 5824 2567 5887 aliqui
2600 5824 2873 5885 ἐπελάϐετο,
2904 5820 3078 5872 Morel.
3102 5816 3382 5869 Weléaata.

2104 5885 2133 5951 ll
2162 5888 2297 5951 Unus
2322 5888 2411 5935 οὐκ
2428 5889 2485 5946 ἦν
2506 5885 2597 5951 γὰρ
2624 5889 2767 5936 οὕτω.

2108 5950 2122 5987 ί
2154 5950 2253 5997 ΛΗὶ
2276 5952 2339 6004 ὡς
2358 5952 2499 6011 πατρὶ
2522 5950 2699 5998 τέκνον.

2112 6012 2124 6062 ί
2157 6012 2255 6061 Alii
2286 6012 2517 6076 ἐςοϐιῖτο.
