4196 6316
252 372 307 427 at
1213 376 1305 433 AD
1345 378 1671 436 roruwn
1702 377 2193 440 ANTIOCIIENUM
2258 384 2485 443 IIOMIL
2531 388 2570 444 I.
2974 346 2977 347 ί
3496 394 3572 448 22

254 487 396 542 enim
417 499 473 541 et
504 487 752 558 abjcetus
781 489 996 545 etiamsi
1037 491 1411 561 supplantatus
1450 490 1614 548 fuerit
1638 500 1689 547 et
1719 491 1862 547 ceci-

256 581 419 643 derit.
450 597 561 635 non
593 591 798 636 tantam
847 583 1121 636 communi
1156 582 1281 640 vita:
1322 582 1529 638 cladem
1577 581 1775 637 infert:
1810 582 1864 637 in

259 673 367 727 alta
425 688 559 727 vero
611 673 844 743 quadam
897 678 1166 743 tamquam
1197 668 1411 738 virtutis
1466 676 1683 744 specula
1739 689 1863 729 cum

256 766 417 819 multa
437 764 690 819 claritate
706 767 1052 833 constitutus,
1080 776 1134 821 et
1157 768 1247 835 qui
1266 767 1519 821 omnibus
1545 766 1863 821 manifestus

250 864 309 912 et
334 856 593 924 cognitus
618 856 707 922 sit,
739 866 798 912 et
837 858 904 910 ab
925 858 1175 911 onmibus
1202 858 1252 910 in
1281 858 1638 913 admiratione
1665 858 1862 913 habea-

256 958 362 1012 tur,
404 950 635 1015 quando
675 957 914 1004 tentatus
950 950 1227 1013 ceciderit,
1263 965 1508 1019 magnam
1562 951 1768 1003 ruinam
1808 957 1864 1003 et

246 1039 517 1109 jacturam
548 1039 710 1095 facit:
745 1058 849 1095 non
879 1052 1083 1094 tantmn
1115 1043 1368 1110 quoniam
1400 1058 1465 1097 ex
1496 1042 1604 1095 alto
1631 1041 1859 1108 cecidit,

255 1131 352 1186 sed
374 1133 632 1202 quoniam
661 1141 718 1188 et
740 1133 876 1187 alios
901 1133 1100 1187 multos
1119 1134 1170 1186 in
1202 1135 1374 1203 ipsum
1398 1135 1749 1204 respicientes
1774 1147 1863 1187 se-

256 1226 479 1293 gniores
511 1224 768 1279 reddidit.
812 1224 882 1279 Et
918 1226 1058 1279 sicut
1094 1227 1146 1278 in
1188 1240 1448 1294 corpore,
1491 1225 1596 1279 alio
1644 1224 1860 1295 quidem

250 1315 503 1370 membro
554 1324 845 1384 corrupto,
898 1300 1022 1369 non
1051 1330 1301 1385 maguum
1350 1316 1643 1373 damnum:
1692 1314 1862 1369 oculis

251 1415 433 1457 autem
486 1407 791 1469 excmcatis,
838 1404 921 1458 vel
976 1404 1150 1473 capite
1190 1406 1425 1474 graviter
1477 1406 1637 1471 ltcso,
1688 1413 1860 1458 totum

251 1508 457 1564 corpus
501 1495 693 1549 inutile
736 1494 1019 1549 redditur:
1047 1496 1126 1549 sic
1152 1505 1206 1550 et
1246 1495 1300 1549 in
1342 1497 1546 1551 sanctis
1584 1506 1637 1549 ct
1671 1510 1861 1564 magna

254 1586 499 1640 emeritis
529 1585 818 1640 dicendum
848 1595 929 1641 est
955 1602 968 1639 :
994 1587 1310 1656 quandoilli
1352 1587 1607 1641 exstincti
1638 1587 1858 1651 fuerint,

257 1690 377 1728 cmn
418 1674 683 1729 maculam
716 1677 1022 1745 quampiam
1065 1675 1417 1737 admiserint,
1454 1686 1624 1729 totum
1653 1687 1707 1731 et
1737 1677 1863 1732 reli-

255 1780 418 1831 quum
444 1780 642 1835 corpus
666 1765 1001 1821 intolerabile
1022 1765 1402 1821 detrimentum
1428 1769 1641 1833 patitur.

324 1858 380 1912 4.
414 1858 542 1911 ll:cc
574 1858 735 1926 igitur
766 1858 945 1912 ontuia
986 1870 1107 1912 nota
1142 1858 1347 1913 habens
1379 1858 1726 1923 Timotheus,
1758 1874 1858 1912 uno

253 1949 414 2017 dique
441 1964 502 2004 se
530 1949 805 2003 muniebat
834 1967 847 2002 :
878 1951 1079 2005 sciebat
1107 1951 1250 2021 quod
1282 1950 1517 2005 diflicilis
1553 1966 1639 2006 res
1668 1951 1866 2022 estin-

252 2049 468 2099 ventus,
502 2040 644 2107 quod
673 2041 963 2108 jactabilis,
995 2041 1224 2112 decepto
1255 2040 1444 2101 facilis.
1480 2042 1654 2097 labilis
1674 2051 1778 2104 cst,
1806 2051 1861 2097 et

252 2130 653 2184 vehementiori
687 2130 888 2200 indiget
919 2132 1090 2185 Ira-no
1116 2151 1129 2186 :
1160 2147 1291 2202 pyra
1332 2133 1474 2185 enim
1503 2134 1745 2201 quindam
1777 2140 1860 2187 est

250 2225 520 2278 exteriora
550 2224 964 2293 apprehendens
982 2226 1189 2288 omnia,
1224 2224 1489 2294 facileque
1516 2240 1579 2280 ac
1607 2226 1860 2279 celeriter

251 2315 591 2393 succendens
616 2317 656 2370 ¹.
695 2316 898 2369 Idcirco
939 2316 1108 2384 ipsam
1137 2316 1372 2385 undique
1413 2317 1761 2378 obstruebat,
1802 2323 1862 2369 ut

250 2420 643 2479 compesceret,
675 2422 729 2466 et
768 2411 907 2466 hanc
949 2410 1220 2465 ﬂammam
1262 2410 1408 2464 omni
1456 2411 1618 2465 modo
1656 2410 1858 2463 exstin-

248 2516 415 2571 guere
444 2502 697 2556 studebat
722 2519 737 2556 :
761 2512 923 2571 atque
938 2518 1135 2571 equum
1161 2502 1431 2557 eth-mitem
1449 2513 1502 2556 et
1527 2504 1612 2556 vix
1637 2501 1860 2556 habenis

253 2603 535 2662 parentem
584 2582 755 2648 multa
806 2608 928 2647 cum
979 2592 1316 2647 vehementia
1370 2594 1636 2663 angebat,
1687 2593 1861 2647 donec

250 2683 421 2751 ipsius
450 2682 700 2738 lascivias
720 2682 1156 2748 circumcideret,
1178 2681 1352 2737 donec
1372 2683 1711 2737 obedientem
1738 2682 1861 2736 red-

252 2774 405 2829 deret
425 2813 441 2835 ,
471 2782 531 2828 et
557 2774 797 2828 traderet
827 2790 1017 2844 magna
1049 2790 1171 2829 cum
1216 2784 1486 2845 potestate
1526 2775 1752 2830 rationis
1781 2776 1861 2844 ip-

249 2878 368 2923 sum
400 2863 653 2919 ducentis
681 2865 932 2935 imperio.
967 2865 1293 2930 lnﬁrmetur,
1330 2866 1525 2933 inquit,
1553 2873 1861 2935 corpus,,et

250 2972 354 3010 non
400 2956 708 3011 inﬁrmetur
734 2957 946 3012 animus
975 2974 988 3010 :
1019 2958 1339 3012 refraenetur
1376 2972 1506 3011 caro
1525 2997 1541 3022 ,
1579 2967 1631 3010 et
1661 2958 1857 3011 anima:

248 3048 314 3101 ad
342 3050 536 3105 celum
576 3064 770 3104 cursus
797 3065 902 3103 non
933 3050 1275 3118 impediatur.
1319 3050 1401 3103 Ad
1439 3050 1554 3105 harc
1582 3060 1760 3105 autem
1802 3059 1857 3105 et

250 3141 376 3195 illud
400 3141 639 3196 maxime
665 3143 893 3211 quisque
918 3142 970 3195 iu
1005 3142 1121 3209 ipso
1154 3143 1337 3195 mirari
1367 3150 1566 3211 posset,
1594 3142 1736 3211 quod
1766 3143 1856 3196 tali

254 3232 509 3286 laborans
554 3232 900 3299 inﬁrmitate,
935 3244 989 3287 et
1031 3243 1177 3287 tanta
1220 3249 1342 3287 cum
1387 3234 1727 3304 :rgritudinc,
1765 3236 1857 3289 Dei

252 3323 462 3392 negotia
511 3337 618 3377 non
650 3323 972 3393 negligebat,
1022 3324 1117 3378 sed
1166 3325 1394 3394 amplius
1422 3341 1582 3395 quam
1616 3327 1858 3383 valentes

250 3421 305 3465 et
351 3428 594 3483 corpore
647 3416 891 3483 vigentes
936 3415 1351 3485 circumquaque
1409 3419 1698 3486 volitabat,
1746 3420 1855 3489 jam

250 3503 547 3571 Ephesum,
590 3505 702 3574 jam
742 3505 1089 3572 Corinthum,
1142 3510 1192 3562 in
1243 3508 1552 3565 Macedonia
1590 3527 1754 3580 sa-pe,
1802 3514 1855 3567 in

255 3592 426 3656 Italia,
457 3594 659 3662 ubique
692 3602 978 3661 terrarum,
1012 3598 1209 3667 ubique
1243 3602 1469 3654 marium
1500 3617 1621 3654 cum
1657 3619 1853 3671 prmce-

250 3692 405 3753 ptore
430 3698 735 3753 apparens;
759 3686 1008 3741 omnibus
1035 3688 1086 3740 iu
1111 3691 1492 3745 certaminibus
1517 3694 1855 3747 etcontinnis

252 3776 507 3842 periculis
535 3792 655 3829 cum
689 3776 806 3845 ipso
836 3780 1307 3846 communicabat;
1336 3798 1437 3835 nec
1478 3784 1643 3837 animi
1676 3784 1854 3852 philo-

248 3867 495 3936 mpbiam
543 3869 835 3936 prostravit
884 3872 1130 3939 corporis
1184 3871 1522 3928 imbecillitas
1578 3891 1591 3927 :
1647 3885 1854 3929 tantum

246 3960 392 4013 valet
421 3959 477 4011 in
502 3959 669 4013 Deum
696 3960 863 4025 zelus,
890 3968 995 4015 tam
1020 3963 1166 4016 leves
1189 3962 1355 4019 efﬁcit
1380 3966 1510 4020 alas.
1542 3966 1692 4021 Sicut
1710 3969 1855 4023 enim

247 4064 474 4117 corpora
504 4048 832 4105 habentibus
878 4052 1091 4121 pinguia
1118 4063 1174 4108 et
1203 4056 1379 4111 valida
1409 4058 1613 4111 nullum
1636 4060 1741 4113 erit
1765 4075 1857 4113 va-
1939 4067 1945 4078 '

248 4140 506 4193 letudiois
544 4140 1004 4206 emolumentum,
1038 4144 1082 4197 si
1132 4146 1345 4202 animus
1389 4147 1631 4217 dejectus
1673 4151 1851 4215 fuerit,

170 4294 171 4309 χ
250 4232 432 4302 segnis
460 4240 518 4285 et
543 4231 727 4287 tardus
754 4251 769 4285 :
802 4235 881 4288 sic
908 4243 964 4288 et
989 4234 1257 4291 confectis
1288 4239 1495 4293 nullum
1526 4243 1630 4296 erit
1655 4259 1719 4296 ex
1751 4244 1853 4296 im-

255 4323 551 4377 becillitate
579 4334 988 4389 nocumentum,
1016 4327 1064 4381 si
1110 4328 1322 4383 animus
1348 4346 1638 4400 generosus
1674 4342 1727 4387 et
1764 4349 1857 4388 ex-

250 4413 592 4483 pergefactus
642 4414 818 4471 fuerit.
875 4415 1103 4472 Videtur
1146 4428 1326 4474 autem
1369 4423 1685 4490 quibusdam
1741 4426 1856 4481 ha-c

250 4503 556 4559 admonitio
612 4514 667 4559 et
707 4506 991 4561 Consilium
1038 4508 1304 4564 liberioris
1355 4513 1462 4566 vini
1511 4524 1668 4581 potus
1708 4526 1857 4584 pote-

250 4607 449 4652 statem
496 4597 824 4669 indulgere:
865 4609 920 4653 at
966 4617 1073 4655 non
1114 4602 1186 4656 ita
1230 4612 1333 4658 est.
1376 4604 1480 4659 Sed
1522 4606 1568 4660 si
1615 4608 1735 4677 quis
1774 4609 1856 4663 di-

252 4692 491 4743 ctionem
514 4688 653 4744 hanc
679 4691 965 4760 diligenter
993 4694 1344 4763 exquirat,de
1368 4696 1659 4753 sobrietate
1686 4702 1856 4770 magis

253 4790 335 4834 est
358 4779 679 4835 admonitio.
711 4780 895 4851 Cogita
922 4784 1067 4837 enim
1093 4786 1364 4854 quomodo
1394 4802 1500 4842 non
1533 4804 1563 4843 a
1595 4791 1855 4860 principio

256 4887 438 4941 neque
461 4872 531 4925 ab
551 4872 793 4927 exordiis
822 4873 924 4930 hoc
949 4876 1235 4929 consilium
1268 4878 1465 4933 Paulus
1484 4879 1727 4948 dederit,
1757 4883 1852 4937 sed

251 4972 542 5033 postquam
572 4963 705 5017 vidit
740 4978 955 5018 onmem
978 4966 1232 5023 virtutem
1259 4967 1545 5036 deiectam,
1576 4978 1705 5026 tunc
1726 4986 1854 5026 con-

250 5053 459 5106 suluit:
504 5068 681 5122 neque
713 5055 815 5107 hoc
858 5055 1195 5126 simpliciter,
1224 5058 1319 5113 sed
1347 5075 1469 5114 cum
1500 5062 1855 5128 prmﬁuitione

250 5145 485 5198 nuadam
511 5161 527 5198 :
556 5159 664 5199 non
685 5146 830 5200 enim
860 5147 1173 5217 simpliciter
1193 5150 1350 5215 dixit,
1380 5151 1517 5206 Vino
1542 5164 1710 5218 utere,
1737 5156 1854 5219 sed,

261 5233 393 5289 Vino
417 5236 620 5290 modico
644 5252 663 5290 :
690 5252 799 5291 non
820 5238 960 5305 quod
1003 5239 1102 5293 hac
1144 5242 1511 5297 admonitione
1549 5253 1605 5298 et
1629 5246 1854 5301 consilio

254 5327 579 5383 Timotheus
606 5339 815 5399 egeret,
847 5330 940 5384 sed
968 5333 1108 5401 quod
1142 5347 1239 5385 nos
1266 5333 1619 5404 indigeamus.
1652 5336 1855 5394 Idcirco

252 5422 323 5474 ad
368 5422 515 5475 illum
541 5422 815 5487 scribens,
865 5421 1020 5476 nobis
1056 5423 1277 5480 bibendi
1315 5426 1423 5480 vini
1458 5443 1763 5483 mensuram
1798 5440 1854 5485 et

259 5516 519 5570 terminos
548 5516 766 5580 statuit;
793 5525 999 5569 tantum
1029 5516 1215 5572 bibere
1237 5502 1452 5587 jubens,
1476 5531 1731 5589 quantum
1763 5538 1855 5576 va-

258 5602 550 5661 letudinem
584 5607 832 5678 adjuvet,
864 5616 1123 5676 quantum
1160 5609 1370 5677 corpori
1406 5611 1689 5667 sanitatem
1719 5628 1855 5682 prte-

323 5743 356 5819 "
371 5747 561 5801 Qunlaln
586 5763 600 5798 :
629 5742 1011 5809 apprehendens
1025 5744 1188 5796 οιηιιὶα
1210 5743 1419 5809 {uiliter
1438 5752 1483 5798 et
1507 5745 1727 5800 celeriter
1750 5763 1857 5801 suc-

250 5815 449 5853 δίαινε-

1971 494 2119 560 beat,
2148 506 2204 551 et
2237 513 2342 552 oon
2384 499 2616 555 alterum
2647 501 2897 557 morbum
2930 519 2944 555 :
2977 508 3085 558 no‘n
3117 506 3396 573 pauciores
3424 508 3572 562 enim

1971 603 2131 657 quam
2163 590 2551 649 immoderatus
2578 610 2730 665 aqua:
2762 606 2940 666 potus,
2972 595 3068 652 scd
3111 596 3283 652 multo
3310 598 3490 669 plures
3517 613 3576 656 et

1972 680 2310 738 difﬁciliores
2336 687 2499 739 animi
2529 696 2584 741 et
2613 690 2859 760 corporis
2889 690 3109 746 morbos
3150 690 3434 747 immodica
3464 693 3576 749 viui

1972 774 2112 840 parit
2158 776 2384 845 potatio,
2430 778 2737 847 passionum
2780 780 3014 846 bellum,
3039 781 3395 838 absurdarum
3423 784 3573 856 cogi-

1971 868 2235 943 tationum
2267 872 2554 939 procellam
2584 875 2637 927 in
2662 886 2897 930 mentem
2928 876 3212 944 inducens,
3250 888 3304 933 et
3328 880 3574 948 corporis

1970 959 2077 1013 vim
2129 962 2430 1018 molliorem
2466 976 2521 1020 et
2557 968 2927 1023 sulubiliorem
2970 969 3234 1027 efﬁciens.
3275 971 3393 1027 Non
3428 973 3574 1026 enim

1970 1050 2044 1104 ita
2089 1061 2253 1108 terra:
2298 1066 2490 1113 natura
2534 1044 2725 1114 vexata
2765 1076 3024 1130 aquarum
3083 1064 3575 1132 superabundantia

1968 1144 2226 1201 continue
2266 1147 2611 1217 dissolvitur,
2666 1160 2726 1206 ut
2773 1154 3019 1222 corporis
3076 1154 3159 1208 vis
3199 1154 3471 1209 mollescit
3520 1164 3577 1208 et

1970 1235 2166 1292 difﬂuit
2189 1248 2244 1291 et
2271 1238 2590 1307 dissipatur,
2629 1239 2739 1295 viui
2771 1252 2898 1311 potu
2927 1244 3185 1298 continuo
3230 1244 3572 1315 ingurgitata.

1970 1329 2257 1400 Fugiamus
2304 1332 2354 1401 ig
2378 1340 2463 1385 tur
2491 1334 2739 1403 utrinque
2767 1337 3235 1403 intemperantiam
3261 1338 3278 1368 ³
3310 1347 3419 1390 tum
3450 1351 3575 1391 cor-

1970 1423 2115 1492 poris
2145 1423 2511 1479 valetudinem
2546 1426 2820 1490 curaudo,
2863 1438 2973 1481 tum
3003 1428 3169 1497 ipsius
3209 1428 3461 1482 lascivias
3487 1441 3575 1483 re-

1966 1513 2216 1568 citleudu.
2254 1513 2448 1568 Vinum
2486 1515 2630 1569 enim
2672 1535 2699 1568 a
2732 1517 2842 1571 Deo
2872 1516 3056 1571 datum
3085 1527 3191 1578 est.
3236 1535 3345 1571 non
3374 1526 3434 1571 ut
3462 1519 3571 1571 itte-

1972 1602 2232 1667 briemur,
2262 1605 2357 1658 sed
2388 1614 2445 1658 ut
2468 1605 2632 1659 sobrii
2657 1606 2864 1660 simus:
2897 1615 2957 1661 ut
2988 1607 3346 1674 delectemur,
3377 1622 3483 1661 non
3519 1617 3576 1661 ιιι

1965 1693 2265 1749 doleamus.
2330 1694 2515 1748 Vinum
2556 1697 2699 1750 enim
2748 1698 2996 1764 latiﬁcat,
3034 1698 3204 1767 inquit
3250 1699 3450 1763 David,
3486 1714 3576 1750 cor

1969 1788 2186 1841 houu'nis
2208 1786 2383 1856 (Psal.
2418 1788 2541 1843 I05.
2576 1790 2665 1859 15)
2693 1806 2707 1842 :
2744 1800 2797 1843 tu
2832 1806 2959 1844 vero
2990 1790 3164 1859 ipsum
3197 1790 3430 1844 tristitia:
3460 1805 3575 1842 ma-

1968 1880 2155 1933 teriam
2171 1878 2321 1934 facis.
2350 1880 2560 1935 Etenim
2584 1884 2765 1935 animo
2781 1892 3009 1949 gravato
3029 1890 3157 1937 sunt
3171 1896 3333 1951 supra
3352 1882 3574 1936 modum

1964 1973 2131 2035 ebrii,
2162 1974 2399 2027 tenebris
2429 1975 2614 2029 multis
2646 1975 2811 2029 menti
2838 1974 3045 2029 oﬂ‘usis.
3082 1974 3341 2030 Medicina
3372 1974 3573 2044 optima

1967 2072 2071 2123 est.
2102 2064 2315 2131 quando
2352 2064 2931 2119 commensurationem
2966 2065 3125 2120 habet
3170 2065 3450 2134 optimam.
3481 2065 3579 2118 llic

1967 2153 2118 2208 locus
2157 2164 2212 2208 et
2249 2168 2436 2209 contra
2485 2156 2767 2211 luereticos
2815 2157 2958 2210 utilis
2993 2168 3094 2219 est,
3137 2158 3230 2212 Dei
3273 2167 3573 2212 creaturam

1964 2257 2279 2298 accusantes
2310 2262 2324 2298 :
2356 2245 2400 2297 si
2429 2246 2577 2298 enini
2599 2246 2667 2300 de
2694 2246 2870 2300 vetitis
2895 2256 3073 2310 esset,
3109 2261 3214 2299 non
3244 2246 3577 2314 pertnisLst-t

1967 2334 2185 2400 Paulus,
2218 2349 2322 2388 nou
2352 2335 2477 2388 vino
2499 2336 2753 2389 utendum
2781 2335 3025 2389 dixisset.
3054 2335 3168 2389 Non
3195 2338 3367 2390 solum
3395 2350 3572 2389 autem

1964 2438 2152 2480 contra
2198 2427 2513 2489 luereticos,
2541 2425 2635 2481 sed
2681 2436 2734 2480 et
2773 2436 2959 2481 contra
3002 2426 3227 2482 fratrum
3258 2436 3571 2481 uostrormn

1965 2522 2340 2593 simpliciores,
2371 2522 2462 2592 qui
2492 2532 2772 2591 postquam
2814 2523 3024 2590 aliquos
3057 2534 3167 2590 prie
3212 2522 3477 2576 ebrietate
3516 2535 3572 2574 se

1964 2614 2317 2680 deturpantes
2360 2614 2622 2675 viderint,
2666 2615 2787 2667 illos
2833 2614 3139 2681 vituperare
3196 2613 3506 2666 omittemus
3529 2612 3572 2674 ³,

1967 2703 2197 2758 fructum
2230 2719 2259 2756 a
2294 2704 2401 2757 Deo
2427 2705 2607 2757 datum
2630 2703 3025 2758 calumniantur
3075 2701 3338 2765 dicentes,
3362 2701 3478 2755 Non
3506 2700 3583 2756 sit

1967 2797 2173 2851 vinum.
2204 2796 2338 2863 lysis
2361 2797 2537 2865 itaque
2565 2796 2831 2862 dicamus,
2862 2795 2975 2848 Non
3003 2795 3074 2847 sit
3098 2794 3348 2847 ebrietas.
3380 2791 3573 2845 Vinum

1965 2889 2108 2942 enim
2134 2889 2249 2954 Dei,
2282 2889 2514 2942 ebrietas
2540 2887 2735 2942 diaboli
2766 2902 2901 2955 opus
2922 2895 3034 2950 est;
3060 2901 3164 2939 non
3189 2886 3368 2938 vinum
3393 2884 3577 2939 ehrie-

1968 2989 2129 3033 tatem
2174 2979 2334 3041 facit,
2364 2980 2457 3033 sed
2506 2979 2914 3047 intemperantia
2947 2970 3277 3031 ebrietatem.
3304 2973 3430 3028 facit
3464 2991 3476 3027 :
3506 2989 3576 3027 ne

1966 3072 2059 3126 Dei
2091 3084 2394 3125 creaturam
2422 3086 2665 3137 accuses,
2686 3071 2778 3124 sed
2806 3071 3053 3123 conservi
3087 3068 3349 3121 insaniam
3378 3080 3565 3137 argue.

1964 3162 2044 3217 Tu
2067 3178 2199 3217 vero
2227 3170 2535 3231 peccantem
2571 3162 2760 3230 punire
2781 3168 2836 3214 et
2861 3144 3132 3229 corrigere
3158 3160 3439 3221 omitteos,
3468 3157 3570 3211 bc-

1963 3256 2290 3309 nefactorem
2319 3253 2490 3308 aflicis
2520 3253 2887 3308 contumelia?

1988 3370 1993 3374 δ
2036 3348 2089 3402 5.
2126 3347 2242 3400 Vini
2282 3348 2569 3399 moderatus
2610 3347 2734 3399 usus
2780 3345 3102 3413 permittitur.
3130 3373 3202 3383 —
3229 3342 3364 3396 Cum
3412 3341 3573 3411 igitur

1964 3439 2224 3507 quosdam
2272 3438 2389 3492 haec
2426 3437 2667 3492 dicentes
2695 3437 3054 3499 audierimus,
3090 3435 3465 3488 obmutescere
3495 3430 3575 3486 fa-

1962 3531 2168 3584 ciamus
2194 3546 2206 3581 :
2241 3544 2347 3582 non
2375 3536 2516 3582 enim
2552 3544 2700 3594 usus,
2725 3528 2819 3581 sed
2853 3527 3225 3579 immoderatio
3256 3526 3570 3579 ebrietatem

1964 3621 2086 3673 facit
2108 3637 2120 3673 :
2140 3619 2479 3685 ebrietatem,
2501 3620 2739 3687 inquam,
2764 3618 3026 3671 malorum
3049 3618 3286 3670 omnium
3307 3616 3563 3669 radicem.

1964 3710 2157 3763 Vinum
2186 3710 2371 3763 datum
2401 3720 2505 3773 est,
2548 3720 2605 3761 ut
2651 3707 2957 3777 languidum
3003 3722 3199 3775 corpus
3242 3708 3430 3775 erigat,
3462 3720 3569 3758 non

1962 3808 2021 3853 ut
2048 3802 2242 3853 anima:
2286 3800 2450 3853 robur
2488 3802 2791 3868 opprimat:
2828 3807 2885 3851 ut
2923 3798 3100 3851 carnis
3144 3797 3567 3851 imbecillitatem

1966 3893 2134 3956 tollat,
2164 3907 2269 3946 non
2298 3901 2356 3946 ut
2383 3894 2548 3946 animi
2566 3892 2850 3945 sanitatem
2873 3891 3214 3944 exterminet.
3237 3888 3355 3943 Noli
3388 3889 3568 3958 igitur,

1962 3984 2315 4039 immoderate
2340 3985 2430 4039 Dei
2455 4000 2675 4038 munere
2698 3992 2873 4046 utens,
2907 3983 3084 4036 stultis
3111 3992 3163 4036 et
3184 3982 3571 4051 imprudentio—

1962 4075 2112 4129 ribus
2135 4076 2441 4129 hominibus
2462 4076 2770 4129 occasiones
2786 4074 3050 4143 prmbere.
3070 4074 3206 4140 Quid
3229 4075 3370 4128 enim
3391 4072 3571 4127 ebrie-

1968 4174 2076 4220 tate
2121 4166 2522 4221 miserabilius?
2562 4175 2809 4221 mortuus
2853 4174 2938 4219 est
2982 4166 3277 4230 animatus,
3326 4165 3508 4219 ebrius
3551 4182 3566 4219 :

1962 4259 2172 4313 dtemon
2201 4268 2285 4313 est
2311 4260 2648 4313 voluntarius
2679 4276 2693 4311 :
2722 4257 2945 4311 morbus
2967 4258 3178 4311 veniam
3208 4273 3312 4310 non
3342 4257 3567 4321 habens,

1965 4352 2117 4403 ruina
2167 4350 2513 4404 excusatione
2553 4364 2764 4411 carens,
2811 4364 3096 4403 commune
3140 4348 3356 4417 generis
3398 4349 3569 4401 nostri

1970 4440 2336 4509 opprobrium.
2370 4439 2486 4494 Non
2518 4442 2660 4493 enim
2690 4440 2743 4493 in
2774 4440 3125 4493 conventibus
3148 4438 3571 4492 tantuminutilis

1963 4532 2164 4594 ebrius,
2193 4541 2283 4586 aut
2310 4532 2364 4585 in
2395 4532 2622 4601 privatis
2650 4541 2704 4586 et
2733 4531 2958 4599 publicis
2997 4529 3257 4599 negotiis,
3285 4528 3379 4583 sed
3406 4529 3566 4583 etiam

1962 4623 2078 4676 Solo
2121 4631 2205 4676 est
2246 4632 2466 4692 aspectu
2506 4623 2745 4676 omnium
2788 4622 3156 4691 gravissimus,
3208 4620 3430 4676 fictores
3473 4636 3565 4675 ex-

1962 4714 2150 4769 halans
2194 4716 2541 4769 teterrimos:
2589 4715 2952 4770 eructationes
2999 4724 3052 4768 et
3097 4714 3465 4780 oscitationes,
3516 4724 3568 4767 ct

1964 4823 2129 4863 voces
2158 4808 2428 4862 ebriorum
2454 4807 2703 4862 insuaves
2728 4816 2889 4877 atque
2918 4808 3159 4861 molesta:
3185 4822 3298 4872 eos,
3327 4806 3417 4876 qui
3443 4820 3569 4875 spe-

1963 4906 2110 4950 ctant
2137 4905 2191 4950 et
2224 4897 2385 4952 simul
2412 4896 2558 4964 sont,
2595 4907 2837 4952 extrema
2867 4897 3270 4951 abominatione
3301 4896 3565 4966 implent:

1962 4997 2017 5041 et
2041 4987 2184 5057 quod
2218 4989 2482 5042 malorum
2511 4997 2669 5058 caput
2690 4997 2793 5054 est,
2825 4988 3016 5042 coelum
3043 4988 3210 5043 ebriis
3232 4988 3568 5043 inaccessum

1964 5078 2051 5133 hic
2098 5079 2319 5134 morbus
2362 5079 2561 5144 efﬁcit,
2614 5094 2715 5135 nec
2761 5089 2963 5134 aeterna
3006 5079 3144 5133 bona
3187 5080 3399 5149 assequi
3442 5094 3569 5148 per-

1964 5172 2145 5233 mittit,
2176 5171 2268 5226 sed
2297 5180 2495 5240 praeter
2521 5172 2643 5225 vita:
2670 5171 2827 5239 hujus
2856 5171 3226 5240 opprobrium,
3250 5181 3306 5226 et
3333 5171 3443 5225 illic
3474 5172 3570 5225 tali

1965 5261 2157 5315 morbo
2208 5261 2516 5316 laborantes
2573 5277 2727 5329 poena
2781 5272 2963 5316 manet
3013 5263 3368 5317 intoleranda.
3422 5262 3571 5316 llanc

1966 5354 2125 5424 igitur
2142 5355 2441 5424 improbam
2465 5354 2907 5410 consuetudinem
2927 5356 3253 5423 recidamus,
3270 5366 3324 5411 et
3346 5356 3567 5411 Paulum

1965 5444 2243 5501 audiamus
2272 5447 2563 5513 dicentem,
2604 5444 2732 5499 Vino
2777 5449 2977 5499 modico
3022 5458 3201 5501 utere:
3244 5448 3417 5515 ipsum
3448 5457 3566 5501 ete-

1966 5540 2075 5593 nim
2120 5539 2387 5593 modicum
2436 5548 2655 5607 propter
2700 5538 3068 5592 inﬁrmitatem
3108 5539 3385 5608 permisit:
3418 5540 3561 5607 quod

2032 5629 2048 5659 ί
2084 5628 2317 5691 Quidam:
2346 5629 2605 5691 Fagiamus
2636 5626 2801 5689 igitur,
2827 5626 3041 5689 obsecro,
3076 5633 3274 5691 peccata
3318 5626 3565 5690 utrinque,

1966 5688 2258 5751 citatissimi.
2289 5699 2383 5738 etc.
2418 5688 2437 5691 ⁷
2668 5688 2671 5689 ν
2830 5750 2835 5751 γ
2948 5750 2951 5751 ν
3028 5688 3031 5689 ν
3076 5688 3084 5691 ’
3373 5749 3380 5751 μ
3412 5708 3419 5711 ⁷

2032 5755 2051 5813 2
2078 5749 2279 5809 Quidam
2307 5766 2318 5799 :
2354 5752 2635 5813 I’z‘tuperare
2660 5756 2713 5813 Act
2756 5750 3138 5813 animadvertere
3171 5766 3249 5802 eos
3286 5749 3565 5807 entitteulrs,

1968 5811 2253 5875 minimeque
2276 5826 2421 5875 super
2448 5811 2570 5871 ipsos
2587 5811 2780 5862 dolendi
2805 5826 3052 5863 inaniores.
